Poker Hand #HD1787822987: Hold'em No Limit ($0.05/$0.1) - 2024/05/26 01:20:23
Table 'NLHRed1' 6-max Seat #3 is the button
Seat 1: 47e75ded ($2.64 in chips)
Seat 2: Hero ($10 in chips)
Seat 3: 2cbd1b4b ($11.67 in chips)
Seat 5: 978ab1a2 ($11.65 in chips)
Seat 6: 4148f3c3 ($10 in chips)
978ab1a2: posts small blind $0.05
4148f3c3: posts big blind $0.1
*** HOLE CARDS ***
Dealt to 47e75ded 
Dealt to Hero [Ac 2s]
Dealt to 2cbd1b4b 
Dealt to 978ab1a2 
Dealt to 4148f3c3 
47e75ded: calls $0.1
Hero: folds
2cbd1b4b: folds
978ab1a2: folds
4148f3c3: checks
*** FLOP *** [Jd As Ts]
4148f3c3: checks
47e75ded: checks
*** TURN *** [Jd As Ts] [9h]
4148f3c3: checks
47e75ded: checks
*** RIVER *** [Jd As Ts 9h] [Js]
4148f3c3: checks
47e75ded: checks
4148f3c3: shows [6c 8d] (Pair of Jacks)
47e75ded: shows [4d Kd] (Pair of Jacks)
*** SHOWDOWN ***
47e75ded collected $0.24 from pot
*** SUMMARY ***
Total pot $0.25 | Rake $0.01 | Jackpot $0 | Bingo $0 | Fortune $0 | Tax $0
Board [Jd As Ts 9h Js]
Seat 1: 47e75ded showed [4d Kd] and won ($0.24) with Pair of Jacks
Seat 2: Hero folded before Flop (didn't bet)
Seat 3: 2cbd1b4b (button) folded before Flop (didn't bet)
Seat 5: 978ab1a2 (small blind) folded before Flop
Seat 6: 4148f3c3 (big blind) showed [6c 8d] and lost with Pair of Jacks


Poker Hand #HD1787822959: Hold'em No Limit ($0.05/$0.1) - 2024/05/26 01:20:09
Table 'NLHRed1' 6-max Seat #2 is the button
Seat 1: 47e75ded ($2.74 in chips)
Seat 2: Hero ($10 in chips)
Seat 3: 2cbd1b4b ($11.72 in chips)
Seat 5: 978ab1a2 ($11.5 in chips)
2cbd1b4b: posts small blind $0.05
978ab1a2: posts big blind $0.1
*** HOLE CARDS ***
Dealt to 47e75ded 
Dealt to Hero [8h Td]
Dealt to 2cbd1b4b 
Dealt to 978ab1a2 
47e75ded: calls $0.1
Hero: folds
2cbd1b4b: folds
978ab1a2: raises $0.13 to $0.23
47e75ded: folds
Uncalled bet ($0.13) returned to 978ab1a2
*** SHOWDOWN ***
978ab1a2 collected $0.25 from pot
*** SUMMARY ***
Total pot $0.25 | Rake $0 | Jackpot $0 | Bingo $0 | Fortune $0 | Tax $0
Seat 1: 47e75ded folded before Flop
Seat 2: Hero (button) folded before Flop (didn't bet)
Seat 3: 2cbd1b4b (small blind) folded before Flop
Seat 5: 978ab1a2 (big blind) collected ($0.25)


Poker Hand #HD1787822890: Hold'em No Limit ($0.05/$0.1) - 2024/05/26 01:19:27
Table 'NLHRed1' 6-max Seat #1 is the button
Seat 1: 47e75ded ($2.99 in chips)
Seat 2: Hero ($10.02 in chips)
Seat 3: 2cbd1b4b ($11.21 in chips)
Seat 5: 978ab1a2 ($11.75 in chips)
Hero: posts small blind $0.05
2cbd1b4b: posts big blind $0.1
*** HOLE CARDS ***
Dealt to 47e75ded 
Dealt to Hero [3d 5d]
Dealt to 2cbd1b4b 
Dealt to 978ab1a2 
978ab1a2: raises $0.15 to $0.25
47e75ded: calls $0.25
Hero: folds
2cbd1b4b: calls $0.15
*** FLOP *** [Ac 2s Ks]
2cbd1b4b: checks
978ab1a2: checks
47e75ded: checks
*** TURN *** [Ac 2s Ks] [4d]
2cbd1b4b: checks
978ab1a2: checks
47e75ded: checks
*** RIVER *** [Ac 2s Ks 4d] [Kd]
2cbd1b4b: checks
978ab1a2: checks
47e75ded: checks
2cbd1b4b: shows [8c 8d] (Pair of Kings and Pair of Eights)
978ab1a2: shows [7h 5h] (Pair of Kings)
47e75ded: shows [6h Jc] (Pair of Kings)
*** SHOWDOWN ***
2cbd1b4b collected $0.76 from pot
*** SUMMARY ***
Total pot $0.8 | Rake $0.04 | Jackpot $0 | Bingo $0 | Fortune $0 | Tax $0
Board [Ac 2s Ks 4d Kd]
Seat 1: 47e75ded (button) showed [6h Jc] and lost with Pair of Kings
Seat 2: Hero (small blind) folded before Flop
Seat 3: 2cbd1b4b (big blind) showed [8c 8d] and won ($0.76) with Pair of Kings and Pair of Eights
Seat 5: 978ab1a2 showed [7h 5h] and lost with Pair of Kings


Poker Hand #HD1787822828: Hold'em No Limit ($0.05/$0.1) - 2024/05/26 01:18:55
Table 'NLHRed1' 6-max Seat #5 is the button
Seat 1: 47e75ded ($2.9 in chips)
Seat 2: Hero ($10.12 in chips)
Seat 3: 2cbd1b4b ($11.21 in chips)
Seat 5: 978ab1a2 ($11.75 in chips)
47e75ded: posts small blind $0.05
Hero: posts big blind $0.1
*** HOLE CARDS ***
Dealt to 47e75ded 
Dealt to Hero [9c 4d]
Dealt to 2cbd1b4b 
Dealt to 978ab1a2 
2cbd1b4b: folds
978ab1a2: folds
47e75ded: calls $0.05
Hero: checks
*** FLOP *** [8h Qh 7s]
47e75ded: checks
Hero: checks
*** TURN *** [8h Qh 7s] [2c]
47e75ded: checks
Hero: checks
*** RIVER *** [8h Qh 7s 2c] [Tc]
47e75ded: bets $0.2
Hero: folds
Uncalled bet ($0.2) returned to 47e75ded
*** SHOWDOWN ***
47e75ded collected $0.19 from pot
*** SUMMARY ***
Total pot $0.2 | Rake $0.01 | Jackpot $0 | Bingo $0 | Fortune $0 | Tax $0
Board [8h Qh 7s 2c Tc]
Seat 1: 47e75ded (small blind) won ($0.19)
Seat 2: Hero (big blind) folded on the River
Seat 3: 2cbd1b4b folded before Flop (didn't bet)
Seat 5: 978ab1a2 (button) folded before Flop (didn't bet)


Poker Hand #HD1787822812: Hold'em No Limit ($0.05/$0.1) - 2024/05/26 01:18:46
Table 'NLHRed1' 6-max Seat #3 is the button
Seat 1: 47e75ded ($2.85 in chips)
Seat 2: Hero ($10.12 in chips)
Seat 3: 2cbd1b4b ($11.21 in chips)
Seat 5: 978ab1a2 ($11.8 in chips)
978ab1a2: posts small blind $0.05
47e75ded: posts big blind $0.1
*** HOLE CARDS ***
Dealt to 47e75ded 
Dealt to Hero [Jc 4c]
Dealt to 2cbd1b4b 
Dealt to 978ab1a2 
Hero: folds
2cbd1b4b: folds
978ab1a2: folds
Uncalled bet ($0.05) returned to 47e75ded
*** SHOWDOWN ***
47e75ded collected $0.1 from pot
*** SUMMARY ***
Total pot $0.1 | Rake $0 | Jackpot $0 | Bingo $0 | Fortune $0 | Tax $0
Seat 1: 47e75ded (big blind) collected ($0.1)
Seat 2: Hero folded before Flop (didn't bet)
Seat 3: 2cbd1b4b (button) folded before Flop (didn't bet)
Seat 5: 978ab1a2 (small blind) folded before Flop


Poker Hand #HD1787822707: Hold'em No Limit ($0.05/$0.1) - 2024/05/26 01:17:50
Table 'NLHRed1' 6-max Seat #2 is the button
Seat 1: 47e75ded ($4.1 in chips)
Seat 2: Hero ($10.12 in chips)
Seat 3: 2cbd1b4b ($11.26 in chips)
Seat 5: 978ab1a2 ($10.62 in chips)
2cbd1b4b: posts small blind $0.05
978ab1a2: posts big blind $0.1
*** HOLE CARDS ***
Dealt to 47e75ded 
Dealt to Hero [8h 5c]
Dealt to 2cbd1b4b 
Dealt to 978ab1a2 
47e75ded: calls $0.1
Hero: folds
2cbd1b4b: folds
978ab1a2: raises $0.13 to $0.23
47e75ded: calls $0.13
*** FLOP *** [9s 7s 7d]
978ab1a2: bets $0.17
47e75ded: calls $0.17
*** TURN *** [9s 7s 7d] [Js]
978ab1a2: checks
47e75ded: checks
*** RIVER *** [9s 7s 7d Js] [Th]
978ab1a2: checks
47e75ded: bets $0.85
978ab1a2: calls $0.85
47e75ded: shows [8c Ts] (Jacks-High Straight)
978ab1a2: shows [Qh Kd] (Kings-High Straight)
*** SHOWDOWN ***
978ab1a2 collected $2.43 from pot
*** SUMMARY ***
Total pot $2.55 | Rake $0.12 | Jackpot $0 | Bingo $0 | Fortune $0 | Tax $0
Board [9s 7s 7d Js Th]
Seat 1: 47e75ded showed [8c Ts] and lost with Jacks-High Straight
Seat 2: Hero (button) folded before Flop (didn't bet)
Seat 3: 2cbd1b4b (small blind) folded before Flop
Seat 5: 978ab1a2 (big blind) showed [Qh Kd] and won ($2.43) with Kings-High Straight


Poker Hand #HD1787822590: Hold'em No Limit ($0.05/$0.1) - 2024/05/26 01:16:48
Table 'NLHRed1' 6-max Seat #1 is the button
Seat 1: 47e75ded ($2.13 in chips)
Seat 2: Hero ($10.17 in chips)
Seat 3: 2cbd1b4b ($11.36 in chips)
Seat 4: 8b03a29e ($22.03 in chips)
Seat 5: 978ab1a2 ($10.62 in chips)
Hero: posts small blind $0.05
2cbd1b4b: posts big blind $0.1
*** HOLE CARDS ***
Dealt to 47e75ded 
Dealt to Hero [Kh 2s]
Dealt to 2cbd1b4b 
Dealt to 8b03a29e 
Dealt to 978ab1a2 
8b03a29e: raises $0.15 to $0.25
978ab1a2: folds
47e75ded: calls $0.25
Hero: folds
2cbd1b4b: folds
*** FLOP *** [Ad 6h 9c]
8b03a29e: bets $0.28
47e75ded: calls $0.28
*** TURN *** [Ad 6h 9c] [Ks]
8b03a29e: bets $1.7
47e75ded: calls $1.6 and is all-in
Uncalled bet ($0.1) returned to 8b03a29e
8b03a29e: shows [Jh Th] (Ace-High)
47e75ded: shows [8h 7d] (Ace-High)
*** RIVER *** [Ad 6h 9c Ks] [8s]
*** SHOWDOWN ***
47e75ded collected $4.1 from pot
*** SUMMARY ***
Total pot $4.41 | Rake $0.21 | Jackpot $0.1 | Bingo $0 | Fortune $0 | Tax $0
Board [Ad 6h 9c Ks 8s]
Seat 1: 47e75ded (button) showed [8h 7d] and won ($4.1) with Pair of Eights
Seat 2: Hero (small blind) folded before Flop
Seat 3: 2cbd1b4b (big blind) folded before Flop
Seat 4: 8b03a29e showed [Jh Th] and lost with Ace-High
Seat 5: 978ab1a2 folded before Flop (didn't bet)


Poker Hand #HD1787822534: Hold'em No Limit ($0.05/$0.1) - 2024/05/26 01:16:17
Table 'NLHRed1' 6-max Seat #5 is the button
Seat 1: 47e75ded ($2.38 in chips)
Seat 2: Hero ($10.27 in chips)
Seat 3: 2cbd1b4b ($11.36 in chips)
Seat 4: 8b03a29e ($21.71 in chips)
Seat 5: 978ab1a2 ($10.62 in chips)
47e75ded: posts small blind $0.05
Hero: posts big blind $0.1
*** HOLE CARDS ***
Dealt to 47e75ded 
Dealt to Hero [4h 8d]
Dealt to 2cbd1b4b 
Dealt to 8b03a29e 
Dealt to 978ab1a2 
2cbd1b4b: folds
8b03a29e: raises $0.15 to $0.25
978ab1a2: folds
47e75ded: calls $0.2
Hero: folds
*** FLOP *** [9d Qs 4s]
47e75ded: checks
8b03a29e: bets $0.42
47e75ded: folds
Uncalled bet ($0.42) returned to 8b03a29e
*** SHOWDOWN ***
8b03a29e collected $0.57 from pot
*** SUMMARY ***
Total pot $0.6 | Rake $0.03 | Jackpot $0 | Bingo $0 | Fortune $0 | Tax $0
Board [9d Qs 4s]
Seat 1: 47e75ded (small blind) folded on the Flop
Seat 2: Hero (big blind) folded before Flop
Seat 3: 2cbd1b4b folded before Flop (didn't bet)
Seat 4: 8b03a29e won ($0.57)
Seat 5: 978ab1a2 (button) folded before Flop (didn't bet)


Poker Hand #HD1787822445: Hold'em No Limit ($0.05/$0.1) - 2024/05/26 01:15:25
Table 'NLHRed1' 6-max Seat #4 is the button
Seat 1: 47e75ded ($2 in chips)
Seat 2: Hero ($10.27 in chips)
Seat 3: 2cbd1b4b ($11.36 in chips)
Seat 4: 8b03a29e ($22.08 in chips)
Seat 5: 978ab1a2 ($10.67 in chips)
978ab1a2: posts small blind $0.05
47e75ded: posts big blind $0.1
*** HOLE CARDS ***
Dealt to 47e75ded 
Dealt to Hero [6h Qc]
Dealt to 2cbd1b4b 
Dealt to 8b03a29e 
Dealt to 978ab1a2 
Hero: folds
2cbd1b4b: folds
8b03a29e: raises $0.15 to $0.25
978ab1a2: folds
47e75ded: calls $0.15
*** FLOP *** [Td 2d 5d]
47e75ded: checks
8b03a29e: bets $0.12
47e75ded: calls $0.12
*** TURN *** [Td 2d 5d] [Th]
47e75ded: checks
8b03a29e: checks
*** RIVER *** [Td 2d 5d Th] [As]
47e75ded: bets $0.1
8b03a29e: folds
Uncalled bet ($0.1) returned to 47e75ded
*** SHOWDOWN ***
47e75ded collected $0.75 from pot
*** SUMMARY ***
Total pot $0.79 | Rake $0.04 | Jackpot $0 | Bingo $0 | Fortune $0 | Tax $0
Board [Td 2d 5d Th As]
Seat 1: 47e75ded (big blind) won ($0.75)
Seat 2: Hero folded before Flop (didn't bet)
Seat 3: 2cbd1b4b folded before Flop (didn't bet)
Seat 4: 8b03a29e (button) folded on the River
Seat 5: 978ab1a2 (small blind) folded before Flop


Poker Hand #HD1787822422: Hold'em No Limit ($0.05/$0.1) - 2024/05/26 01:15:14
Table 'NLHRed1' 6-max Seat #3 is the button
Seat 2: Hero ($10.27 in chips)
Seat 3: 2cbd1b4b ($11.36 in chips)
Seat 4: 8b03a29e ($21.98 in chips)
Seat 5: 978ab1a2 ($10.77 in chips)
8b03a29e: posts small blind $0.05
978ab1a2: posts big blind $0.1
*** HOLE CARDS ***
Dealt to Hero [7c 3s]
Dealt to 2cbd1b4b 
Dealt to 8b03a29e 
Dealt to 978ab1a2 
Hero: folds
2cbd1b4b: folds
8b03a29e: raises $0.2 to $0.3
978ab1a2: folds
Uncalled bet ($0.2) returned to 8b03a29e
*** SHOWDOWN ***
8b03a29e collected $0.2 from pot
*** SUMMARY ***
Total pot $0.2 | Rake $0 | Jackpot $0 | Bingo $0 | Fortune $0 | Tax $0
Seat 2: Hero folded before Flop (didn't bet)
Seat 3: 2cbd1b4b (button) folded before Flop (didn't bet)
Seat 4: 8b03a29e (small blind) collected ($0.2)
Seat 5: 978ab1a2 (big blind) folded before Flop


Poker Hand #HD1787822346: Hold'em No Limit ($0.05/$0.1) - 2024/05/26 01:14:30
Table 'NLHRed1' 6-max Seat #2 is the button
Seat 2: Hero ($10.27 in chips)
Seat 3: 2cbd1b4b ($11.13 in chips)
Seat 4: 8b03a29e ($22.23 in chips)
Seat 5: 978ab1a2 ($10.77 in chips)
2cbd1b4b: posts small blind $0.05
8b03a29e: posts big blind $0.1
*** HOLE CARDS ***
Dealt to Hero [8h 3h]
Dealt to 2cbd1b4b 
Dealt to 8b03a29e 
Dealt to 978ab1a2 
978ab1a2: folds
Hero: folds
2cbd1b4b: raises $0.15 to $0.25
8b03a29e: calls $0.15
*** FLOP *** [8s Qd Kd]
2cbd1b4b: bets $0.17
8b03a29e: folds
Uncalled bet ($0.17) returned to 2cbd1b4b
*** SHOWDOWN ***
2cbd1b4b collected $0.48 from pot
*** SUMMARY ***
Total pot $0.5 | Rake $0.02 | Jackpot $0 | Bingo $0 | Fortune $0 | Tax $0
Board [8s Qd Kd]
Seat 2: Hero (button) folded before Flop (didn't bet)
Seat 3: 2cbd1b4b (small blind) won ($0.48)
Seat 4: 8b03a29e (big blind) folded on the Flop
Seat 5: 978ab1a2 folded before Flop (didn't bet)


Poker Hand #HD1787822279: Hold'em No Limit ($0.05/$0.1) - 2024/05/26 01:13:46
Table 'NLHRed1' 6-max Seat #5 is the button
Seat 2: Hero ($10 in chips)
Seat 3: 2cbd1b4b ($11.43 in chips)
Seat 4: 8b03a29e ($22.23 in chips)
Seat 5: 978ab1a2 ($10.77 in chips)
Hero: posts small blind $0.05
2cbd1b4b: posts big blind $0.1
*** HOLE CARDS ***
Dealt to Hero [As Kh]
Dealt to 2cbd1b4b 
Dealt to 8b03a29e 
Dealt to 978ab1a2 
8b03a29e: folds
978ab1a2: folds
Hero: raises $0.2 to $0.3
2cbd1b4b: calls $0.2
*** FLOP *** [Qs 9s 4c]
Hero: checks
2cbd1b4b: checks
*** TURN *** [Qs 9s 4c] [5c]
Hero: bets $0.2
2cbd1b4b: folds
Uncalled bet ($0.2) returned to Hero
*** SHOWDOWN ***
Hero collected $0.57 from pot
*** SUMMARY ***
Total pot $0.6 | Rake $0.03 | Jackpot $0 | Bingo $0 | Fortune $0 | Tax $0
Board [Qs 9s 4c 5c]
Seat 2: Hero (small blind) won ($0.57)
Seat 3: 2cbd1b4b (big blind) folded on the Turn
Seat 4: 8b03a29e folded before Flop (didn't bet)
Seat 5: 978ab1a2 (button) folded before Flop (didn't bet)


Poker Hand #HD1787822249: Hold'em No Limit ($0.05/$0.1) - 2024/05/26 01:13:33
Table 'NLHRed1' 6-max Seat #4 is the button
Seat 2: Hero ($10 in chips)
Seat 3: 2cbd1b4b ($11.43 in chips)
Seat 4: 8b03a29e ($22.08 in chips)
Seat 5: 978ab1a2 ($10.82 in chips)
978ab1a2: posts small blind $0.05
Hero: posts big blind $0.1
*** HOLE CARDS ***
Dealt to Hero [5d 2c]
Dealt to 2cbd1b4b 
Dealt to 8b03a29e 
Dealt to 978ab1a2 
2cbd1b4b: folds
8b03a29e: raises $0.15 to $0.25
978ab1a2: folds
Hero: folds
Uncalled bet ($0.15) returned to 8b03a29e
*** SHOWDOWN ***
8b03a29e collected $0.25 from pot
*** SUMMARY ***
Total pot $0.25 | Rake $0 | Jackpot $0 | Bingo $0 | Fortune $0 | Tax $0
Seat 2: Hero (big blind) folded before Flop
Seat 3: 2cbd1b4b folded before Flop (didn't bet)
Seat 4: 8b03a29e (button) collected ($0.25)
Seat 5: 978ab1a2 (small blind) folded before Flop


Poker Hand #HD1787822231: Hold'em No Limit ($0.05/$0.1) - 2024/05/26 01:13:23
Table 'NLHRed1' 6-max Seat #3 is the button
Seat 2: Hero ($10 in chips)
Seat 3: 2cbd1b4b ($11.43 in chips)
Seat 4: 8b03a29e ($22.13 in chips)
Seat 5: 978ab1a2 ($10.77 in chips)
8b03a29e: posts small blind $0.05
978ab1a2: posts big blind $0.1
*** HOLE CARDS ***
Dealt to Hero [5s 9c]
Dealt to 2cbd1b4b 
Dealt to 8b03a29e 
Dealt to 978ab1a2 
Hero: folds
2cbd1b4b: folds
8b03a29e: folds
Uncalled bet ($0.05) returned to 978ab1a2
*** SHOWDOWN ***
978ab1a2 collected $0.1 from pot
*** SUMMARY ***
Total pot $0.1 | Rake $0 | Jackpot $0 | Bingo $0 | Fortune $0 | Tax $0
Seat 2: Hero folded before Flop (didn't bet)
Seat 3: 2cbd1b4b (button) folded before Flop (didn't bet)
Seat 4: 8b03a29e (small blind) folded before Flop
Seat 5: 978ab1a2 (big blind) collected ($0.1)


Poker Hand #HD1787822207: Hold'em No Limit ($0.05/$0.1) - 2024/05/26 01:13:11
Table 'NLHRed1' 6-max Seat #2 is the button
Seat 2: Hero ($10 in chips)
Seat 3: 2cbd1b4b ($11.33 in chips)
Seat 4: 8b03a29e ($22.23 in chips)
Seat 5: 978ab1a2 ($10.77 in chips)
2cbd1b4b: posts small blind $0.05
8b03a29e: posts big blind $0.1
*** HOLE CARDS ***
Dealt to Hero [2s Ah]
Dealt to 2cbd1b4b 
Dealt to 8b03a29e 
Dealt to 978ab1a2 
978ab1a2: folds
Hero: folds
2cbd1b4b: raises $0.15 to $0.25
8b03a29e: folds
Uncalled bet ($0.15) returned to 2cbd1b4b
*** SHOWDOWN ***
2cbd1b4b collected $0.2 from pot
*** SUMMARY ***
Total pot $0.2 | Rake $0 | Jackpot $0 | Bingo $0 | Fortune $0 | Tax $0
Seat 2: Hero (button) folded before Flop (didn't bet)
Seat 3: 2cbd1b4b (small blind) collected ($0.2)
Seat 4: 8b03a29e (big blind) folded before Flop
Seat 5: 978ab1a2 folded before Flop (didn't bet)


Poker Hand #HD1787822185: Hold'em No Limit ($0.05/$0.1) - 2024/05/26 01:12:58
Table 'NLHRed1' 6-max Seat #5 is the button
Seat 2: Hero ($10.05 in chips)
Seat 3: 2cbd1b4b ($11.43 in chips)
Seat 4: 8b03a29e ($22.23 in chips)
Seat 5: 978ab1a2 ($10.62 in chips)
Hero: posts small blind $0.05
2cbd1b4b: posts big blind $0.1
*** HOLE CARDS ***
Dealt to Hero [6h 3s]
Dealt to 2cbd1b4b 
Dealt to 8b03a29e 
Dealt to 978ab1a2 
8b03a29e: folds
978ab1a2: raises $0.15 to $0.25
Hero: folds
2cbd1b4b: folds
Uncalled bet ($0.15) returned to 978ab1a2
*** SHOWDOWN ***
978ab1a2 collected $0.25 from pot
*** SUMMARY ***
Total pot $0.25 | Rake $0 | Jackpot $0 | Bingo $0 | Fortune $0 | Tax $0
Seat 2: Hero (small blind) folded before Flop
Seat 3: 2cbd1b4b (big blind) folded before Flop
Seat 4: 8b03a29e folded before Flop (didn't bet)
Seat 5: 978ab1a2 (button) collected ($0.25)


Poker Hand #HD1787822154: Hold'em No Limit ($0.05/$0.1) - 2024/05/26 01:12:41
Table 'NLHRed1' 6-max Seat #4 is the button
Seat 2: Hero ($10.15 in chips)
Seat 3: 2cbd1b4b ($11.43 in chips)
Seat 4: 8b03a29e ($22.23 in chips)
Seat 5: 978ab1a2 ($10.52 in chips)
978ab1a2: posts small blind $0.05
Hero: posts big blind $0.1
*** HOLE CARDS ***
Dealt to Hero [9c 2h]
Dealt to 2cbd1b4b 
Dealt to 8b03a29e 
Dealt to 978ab1a2 
2cbd1b4b: folds
8b03a29e: folds
978ab1a2: raises $0.2 to $0.3
Hero: folds
Uncalled bet ($0.2) returned to 978ab1a2
*** SHOWDOWN ***
978ab1a2 collected $0.2 from pot
*** SUMMARY ***
Total pot $0.2 | Rake $0 | Jackpot $0 | Bingo $0 | Fortune $0 | Tax $0
Seat 2: Hero (big blind) folded before Flop
Seat 3: 2cbd1b4b folded before Flop (didn't bet)
Seat 4: 8b03a29e (button) folded before Flop (didn't bet)
Seat 5: 978ab1a2 (small blind) collected ($0.2)


Poker Hand #HD1787822116: Hold'em No Limit ($0.05/$0.1) - 2024/05/26 01:12:16
Table 'NLHRed1' 6-max Seat #3 is the button
Seat 2: Hero ($10 in chips)
Seat 3: 2cbd1b4b ($11.43 in chips)
Seat 4: 8b03a29e ($22.28 in chips)
Seat 5: 978ab1a2 ($10.62 in chips)
8b03a29e: posts small blind $0.05
978ab1a2: posts big blind $0.1
*** HOLE CARDS ***
Dealt to Hero [Kc Qs]
Dealt to 2cbd1b4b 
Dealt to 8b03a29e 
Dealt to 978ab1a2 
Hero: raises $0.14 to $0.24
2cbd1b4b: folds
8b03a29e: folds
978ab1a2: folds
Uncalled bet ($0.14) returned to Hero
*** SHOWDOWN ***
Hero collected $0.25 from pot
*** SUMMARY ***
Total pot $0.25 | Rake $0 | Jackpot $0 | Bingo $0 | Fortune $0 | Tax $0
Seat 2: Hero collected ($0.25)
Seat 3: 2cbd1b4b (button) folded before Flop (didn't bet)
Seat 4: 8b03a29e (small blind) folded before Flop
Seat 5: 978ab1a2 (big blind) folded before Flop


Poker Hand #HD1787822097: Hold'em No Limit ($0.05/$0.1) - 2024/05/26 01:12:05
Table 'NLHRed1' 6-max Seat #2 is the button
Seat 2: Hero ($10 in chips)
Seat 3: 2cbd1b4b ($11.48 in chips)
Seat 4: 8b03a29e ($22.38 in chips)
Seat 5: 978ab1a2 ($10.47 in chips)
2cbd1b4b: posts small blind $0.05
8b03a29e: posts big blind $0.1
*** HOLE CARDS ***
Dealt to Hero [6c 4s]
Dealt to 2cbd1b4b 
Dealt to 8b03a29e 
Dealt to 978ab1a2 
978ab1a2: raises $0.15 to $0.25
Hero: folds
2cbd1b4b: folds
8b03a29e: folds
Uncalled bet ($0.15) returned to 978ab1a2
*** SHOWDOWN ***
978ab1a2 collected $0.25 from pot
*** SUMMARY ***
Total pot $0.25 | Rake $0 | Jackpot $0 | Bingo $0 | Fortune $0 | Tax $0
Seat 2: Hero (button) folded before Flop (didn't bet)
Seat 3: 2cbd1b4b (small blind) folded before Flop
Seat 4: 8b03a29e (big blind) folded before Flop
Seat 5: 978ab1a2 collected ($0.25)


Poker Hand #HD1787822002: Hold'em No Limit ($0.05/$0.1) - 2024/05/26 01:11:06
Table 'NLHRed1' 6-max Seat #5 is the button
Seat 2: Hero ($11.54 in chips)
Seat 3: 2cbd1b4b ($10 in chips)
Seat 4: 8b03a29e ($22.38 in chips)
Seat 5: 978ab1a2 ($10.47 in chips)
Hero: posts small blind $0.05
2cbd1b4b: posts big blind $0.1
*** HOLE CARDS ***
Dealt to Hero [9h 8c]
Dealt to 2cbd1b4b 
Dealt to 8b03a29e 
Dealt to 978ab1a2 
8b03a29e: folds
978ab1a2: folds
Hero: raises $0.2 to $0.3
2cbd1b4b: calls $0.2
*** FLOP *** [8s 3h 9d]
Hero: checks
2cbd1b4b: checks
*** TURN *** [8s 3h 9d] [4d]
Hero: bets $0.4
2cbd1b4b: raises $1.05 to $1.45
Hero: calls $1.05
*** RIVER *** [8s 3h 9d 4d] [Jd]
Hero: checks
2cbd1b4b: checks
Hero: shows [9h 8c] (Pair of Nines and Pair of Eights)
2cbd1b4b: shows [4s 4h] (Three Fours)
*** SHOWDOWN ***
2cbd1b4b collected $3.23 from pot
*** SUMMARY ***
Total pot $3.5 | Rake $0.17 | Jackpot $0.1 | Bingo $0 | Fortune $0 | Tax $0
Board [8s 3h 9d 4d Jd]
Seat 2: Hero (small blind) showed [9h 8c] and lost with Pair of Nines and Pair of Eights
Seat 3: 2cbd1b4b (big blind) showed [4s 4h] and won ($3.23) with Three Fours
Seat 4: 8b03a29e folded before Flop (didn't bet)
Seat 5: 978ab1a2 (button) folded before Flop (didn't bet)


Poker Hand #HD1787821958: Hold'em No Limit ($0.05/$0.1) - 2024/05/26 01:10:37
Table 'NLHRed1' 6-max Seat #4 is the button
Seat 2: Hero ($11.64 in chips)
Seat 3: 2cbd1b4b ($10 in chips)
Seat 4: 8b03a29e ($22.38 in chips)
Seat 5: 978ab1a2 ($10.37 in chips)
978ab1a2: posts small blind $0.05
Hero: posts big blind $0.1
*** HOLE CARDS ***
Dealt to Hero [2c Ad]
Dealt to 2cbd1b4b 
Dealt to 8b03a29e 
Dealt to 978ab1a2 
2cbd1b4b: folds
8b03a29e: folds
978ab1a2: raises $0.15 to $0.25
Hero: folds
Uncalled bet ($0.15) returned to 978ab1a2
*** SHOWDOWN ***
978ab1a2 collected $0.2 from pot
*** SUMMARY ***
Total pot $0.2 | Rake $0 | Jackpot $0 | Bingo $0 | Fortune $0 | Tax $0
Seat 2: Hero (big blind) folded before Flop
Seat 3: 2cbd1b4b folded before Flop (didn't bet)
Seat 4: 8b03a29e (button) folded before Flop (didn't bet)
Seat 5: 978ab1a2 (small blind) collected ($0.2)


Poker Hand #HD1787821914: Hold'em No Limit ($0.05/$0.1) - 2024/05/26 01:10:16
Table 'NLHRed1' 6-max Seat #3 is the button
Seat 2: Hero ($11.64 in chips)
Seat 3: 2cbd1b4b ($10 in chips)
Seat 4: 8b03a29e ($22.43 in chips)
Seat 5: 978ab1a2 ($10.32 in chips)
Seat 6: afbe599d ($11.02 in chips)
8b03a29e: posts small blind $0.05
978ab1a2: posts big blind $0.1
*** HOLE CARDS ***
Dealt to Hero [Kd 6s]
Dealt to 2cbd1b4b 
Dealt to 8b03a29e 
Dealt to 978ab1a2 
Dealt to afbe599d 
afbe599d: folds
Hero: folds
2cbd1b4b: folds
8b03a29e: folds
Uncalled bet ($0.05) returned to 978ab1a2
*** SHOWDOWN ***
978ab1a2 collected $0.1 from pot
*** SUMMARY ***
Total pot $0.1 | Rake $0 | Jackpot $0 | Bingo $0 | Fortune $0 | Tax $0
Seat 2: Hero folded before Flop (didn't bet)
Seat 3: 2cbd1b4b (button) folded before Flop (didn't bet)
Seat 4: 8b03a29e (small blind) folded before Flop
Seat 5: 978ab1a2 (big blind) collected ($0.1)
Seat 6: afbe599d folded before Flop (didn't bet)


Poker Hand #HD1787821891: Hold'em No Limit ($0.05/$0.1) - 2024/05/26 01:10:04
Table 'NLHRed1' 6-max Seat #2 is the button
Seat 2: Hero ($11.64 in chips)
Seat 3: 2cbd1b4b ($10 in chips)
Seat 4: 8b03a29e ($22.38 in chips)
Seat 5: 978ab1a2 ($10.32 in chips)
Seat 6: afbe599d ($11.02 in chips)
2cbd1b4b: posts small blind $0.05
8b03a29e: posts big blind $0.1
*** HOLE CARDS ***
Dealt to Hero [8s Jd]
Dealt to 2cbd1b4b 
Dealt to 8b03a29e 
Dealt to 978ab1a2 
Dealt to afbe599d 
978ab1a2: folds
afbe599d: folds
Hero: folds
2cbd1b4b: folds
Uncalled bet ($0.05) returned to 8b03a29e
*** SHOWDOWN ***
8b03a29e collected $0.1 from pot
*** SUMMARY ***
Total pot $0.1 | Rake $0 | Jackpot $0 | Bingo $0 | Fortune $0 | Tax $0
Seat 2: Hero (button) folded before Flop (didn't bet)
Seat 3: 2cbd1b4b (small blind) folded before Flop
Seat 4: 8b03a29e (big blind) collected ($0.1)
Seat 5: 978ab1a2 folded before Flop (didn't bet)
Seat 6: afbe599d folded before Flop (didn't bet)


Poker Hand #HD1787821854: Hold'em No Limit ($0.05/$0.1) - 2024/05/26 01:09:42
Table 'NLHRed1' 6-max Seat #6 is the button
Seat 2: Hero ($11.69 in chips)
Seat 3: 2cbd1b4b ($10 in chips)
Seat 4: 8b03a29e ($22.38 in chips)
Seat 5: 978ab1a2 ($10.32 in chips)
Seat 6: afbe599d ($10.87 in chips)
Hero: posts small blind $0.05
2cbd1b4b: posts big blind $0.1
*** HOLE CARDS ***
Dealt to Hero [Th Kd]
Dealt to 2cbd1b4b 
Dealt to 8b03a29e 
Dealt to 978ab1a2 
Dealt to afbe599d 
8b03a29e: folds
978ab1a2: folds
afbe599d: raises $0.15 to $0.25
Hero: folds
2cbd1b4b: folds
Uncalled bet ($0.15) returned to afbe599d
*** SHOWDOWN ***
afbe599d collected $0.25 from pot
*** SUMMARY ***
Total pot $0.25 | Rake $0 | Jackpot $0 | Bingo $0 | Fortune $0 | Tax $0
Seat 2: Hero (small blind) folded before Flop
Seat 3: 2cbd1b4b (big blind) folded before Flop
Seat 4: 8b03a29e folded before Flop (didn't bet)
Seat 5: 978ab1a2 folded before Flop (didn't bet)
Seat 6: afbe599d (button) collected ($0.25)


Poker Hand #HD1787821801: Hold'em No Limit ($0.05/$0.1) - 2024/05/26 01:09:10
Table 'NLHRed1' 6-max Seat #5 is the button
Seat 2: Hero ($11.79 in chips)
Seat 3: 2cbd1b4b ($10.1 in chips)
Seat 4: 8b03a29e ($22.01 in chips)
Seat 5: 978ab1a2 ($10.32 in chips)
Seat 6: afbe599d ($10.92 in chips)
afbe599d: posts small blind $0.05
Hero: posts big blind $0.1
*** HOLE CARDS ***
Dealt to Hero [7s 3d]
Dealt to 2cbd1b4b 
Dealt to 8b03a29e 
Dealt to 978ab1a2 
Dealt to afbe599d 
2cbd1b4b: raises $0.15 to $0.25
8b03a29e: raises $0.65 to $0.9
978ab1a2: folds
afbe599d: folds
Hero: folds
2cbd1b4b: folds
Uncalled bet ($0.65) returned to 8b03a29e
*** SHOWDOWN ***
8b03a29e collected $0.62 from pot
*** SUMMARY ***
Total pot $0.65 | Rake $0.03 | Jackpot $0 | Bingo $0 | Fortune $0 | Tax $0
Seat 2: Hero (big blind) folded before Flop
Seat 3: 2cbd1b4b folded before Flop
Seat 4: 8b03a29e collected ($0.62)
Seat 5: 978ab1a2 (button) folded before Flop (didn't bet)
Seat 6: afbe599d (small blind) folded before Flop


Poker Hand #HD1787821759: Hold'em No Limit ($0.05/$0.1) - 2024/05/26 01:08:47
Table 'NLHRed1' 6-max Seat #4 is the button
Seat 2: Hero ($11.79 in chips)
Seat 3: 2cbd1b4b ($10.1 in chips)
Seat 4: 8b03a29e ($22.26 in chips)
Seat 5: 978ab1a2 ($10 in chips)
Seat 6: afbe599d ($11.02 in chips)
978ab1a2: posts small blind $0.05
afbe599d: posts big blind $0.1
*** HOLE CARDS ***
Dealt to Hero [8c 9h]
Dealt to 2cbd1b4b 
Dealt to 8b03a29e 
Dealt to 978ab1a2 
Dealt to afbe599d 
Hero: folds
2cbd1b4b: folds
8b03a29e: raises $0.15 to $0.25
978ab1a2: raises $0.8 to $1.05
afbe599d: folds
8b03a29e: folds
Uncalled bet ($0.8) returned to 978ab1a2
*** SHOWDOWN ***
978ab1a2 collected $0.57 from pot
*** SUMMARY ***
Total pot $0.6 | Rake $0.03 | Jackpot $0 | Bingo $0 | Fortune $0 | Tax $0
Seat 2: Hero folded before Flop (didn't bet)
Seat 3: 2cbd1b4b folded before Flop (didn't bet)
Seat 4: 8b03a29e (button) folded before Flop
Seat 5: 978ab1a2 (small blind) collected ($0.57)
Seat 6: afbe599d (big blind) folded before Flop


Poker Hand #HD1787821634: Hold'em No Limit ($0.05/$0.1) - 2024/05/26 01:07:34
Table 'NLHRed1' 6-max Seat #3 is the button
Seat 2: Hero ($11.79 in chips)
Seat 3: 2cbd1b4b ($10.1 in chips)
Seat 4: 8b03a29e ($21.14 in chips)
Seat 5: 978ab1a2 ($10.15 in chips)
Seat 6: afbe599d ($11.02 in chips)
8b03a29e: posts small blind $0.05
978ab1a2: posts big blind $0.1
*** HOLE CARDS ***
Dealt to Hero [2c 4h]
Dealt to 2cbd1b4b 
Dealt to 8b03a29e 
Dealt to 978ab1a2 
Dealt to afbe599d 
afbe599d: folds
Hero: folds
2cbd1b4b: folds
8b03a29e: raises $0.2 to $0.3
978ab1a2: calls $0.2
*** FLOP *** [3h Js 3d]
8b03a29e: bets $0.22
978ab1a2: calls $0.22
*** TURN *** [3h Js 3d] [Kc]
8b03a29e: bets $0.72
978ab1a2: calls $0.72
*** RIVER *** [3h Js 3d Kc] [9c]
8b03a29e: bets $1.82
978ab1a2: folds
Uncalled bet ($1.82) returned to 8b03a29e
*** SHOWDOWN ***
8b03a29e collected $2.36 from pot
*** SUMMARY ***
Total pot $2.48 | Rake $0.12 | Jackpot $0 | Bingo $0 | Fortune $0 | Tax $0
Board [3h Js 3d Kc 9c]
Seat 2: Hero folded before Flop (didn't bet)
Seat 3: 2cbd1b4b (button) folded before Flop (didn't bet)
Seat 4: 8b03a29e (small blind) won ($2.36)
Seat 5: 978ab1a2 (big blind) folded on the River
Seat 6: afbe599d folded before Flop (didn't bet)


Poker Hand #HD1787821611: Hold'em No Limit ($0.05/$0.1) - 2024/05/26 01:07:20
Table 'NLHRed1' 6-max Seat #2 is the button
Seat 2: Hero ($11.79 in chips)
Seat 3: 2cbd1b4b ($10 in chips)
Seat 4: 8b03a29e ($21.24 in chips)
Seat 5: 978ab1a2 ($10.15 in chips)
Seat 6: afbe599d ($11.02 in chips)
2cbd1b4b: posts small blind $0.05
8b03a29e: posts big blind $0.1
*** HOLE CARDS ***
Dealt to Hero [8d Ks]
Dealt to 2cbd1b4b 
Dealt to 8b03a29e 
Dealt to 978ab1a2 
Dealt to afbe599d 
978ab1a2: folds
afbe599d: folds
Hero: folds
2cbd1b4b: raises $0.15 to $0.25
8b03a29e: folds
Uncalled bet ($0.15) returned to 2cbd1b4b
*** SHOWDOWN ***
2cbd1b4b collected $0.2 from pot
*** SUMMARY ***
Total pot $0.2 | Rake $0 | Jackpot $0 | Bingo $0 | Fortune $0 | Tax $0
Seat 2: Hero (button) folded before Flop (didn't bet)
Seat 3: 2cbd1b4b (small blind) collected ($0.2)
Seat 4: 8b03a29e (big blind) folded before Flop
Seat 5: 978ab1a2 folded before Flop (didn't bet)
Seat 6: afbe599d folded before Flop (didn't bet)


Poker Hand #HD1787821584: Hold'em No Limit ($0.05/$0.1) - 2024/05/26 01:07:06
Table 'NLHRed1' 6-max Seat #6 is the button
Seat 2: Hero ($11.69 in chips)
Seat 3: 2cbd1b4b ($10 in chips)
Seat 4: 8b03a29e ($21.24 in chips)
Seat 5: 978ab1a2 ($10.15 in chips)
Seat 6: afbe599d ($11.02 in chips)
Hero: posts small blind $0.05
2cbd1b4b: posts big blind $0.1
*** HOLE CARDS ***
Dealt to Hero [Kh Qs]
Dealt to 2cbd1b4b 
Dealt to 8b03a29e 
Dealt to 978ab1a2 
Dealt to afbe599d 
8b03a29e: folds
978ab1a2: folds
afbe599d: folds
Hero: raises $0.2 to $0.3
2cbd1b4b: folds
Uncalled bet ($0.2) returned to Hero
*** SHOWDOWN ***
Hero collected $0.2 from pot
*** SUMMARY ***
Total pot $0.2 | Rake $0 | Jackpot $0 | Bingo $0 | Fortune $0 | Tax $0
Seat 2: Hero (small blind) collected ($0.2)
Seat 3: 2cbd1b4b (big blind) folded before Flop
Seat 4: 8b03a29e folded before Flop (didn't bet)
Seat 5: 978ab1a2 folded before Flop (didn't bet)
Seat 6: afbe599d (button) folded before Flop (didn't bet)


Poker Hand #HD1787821563: Hold'em No Limit ($0.05/$0.1) - 2024/05/26 01:06:54
Table 'NLHRed1' 6-max Seat #5 is the button
Seat 2: Hero ($11.79 in chips)
Seat 3: 2cbd1b4b ($10 in chips)
Seat 4: 8b03a29e ($21.24 in chips)
Seat 5: 978ab1a2 ($10 in chips)
Seat 6: afbe599d ($11.07 in chips)
afbe599d: posts small blind $0.05
Hero: posts big blind $0.1
*** HOLE CARDS ***
Dealt to Hero [Kh 7s]
Dealt to 2cbd1b4b 
Dealt to 8b03a29e 
Dealt to 978ab1a2 
Dealt to afbe599d 
2cbd1b4b: folds
8b03a29e: folds
978ab1a2: raises $0.15 to $0.25
afbe599d: folds
Hero: folds
Uncalled bet ($0.15) returned to 978ab1a2
*** SHOWDOWN ***
978ab1a2 collected $0.25 from pot
*** SUMMARY ***
Total pot $0.25 | Rake $0 | Jackpot $0 | Bingo $0 | Fortune $0 | Tax $0
Seat 2: Hero (big blind) folded before Flop
Seat 3: 2cbd1b4b folded before Flop (didn't bet)
Seat 4: 8b03a29e folded before Flop (didn't bet)
Seat 5: 978ab1a2 (button) collected ($0.25)
Seat 6: afbe599d (small blind) folded before Flop


Poker Hand #HD1787821489: Hold'em No Limit ($0.05/$0.1) - 2024/05/26 01:06:10
Table 'NLHRed1' 6-max Seat #4 is the button
Seat 2: Hero ($11.79 in chips)
Seat 3: 2cbd1b4b ($10 in chips)
Seat 4: 8b03a29e ($21.24 in chips)
Seat 5: 978ab1a2 ($10 in chips)
Seat 6: afbe599d ($10.8 in chips)
978ab1a2: posts small blind $0.05
afbe599d: posts big blind $0.1
*** HOLE CARDS ***
Dealt to Hero [Ac 3d]
Dealt to 2cbd1b4b 
Dealt to 8b03a29e 
Dealt to 978ab1a2 
Dealt to afbe599d 
Hero: folds
2cbd1b4b: folds
8b03a29e: folds
978ab1a2: raises $0.2 to $0.3
afbe599d: calls $0.2
*** FLOP *** [4d 5h 3c]
978ab1a2: checks
afbe599d: bets $0.45
978ab1a2: folds
Uncalled bet ($0.45) returned to afbe599d
*** SHOWDOWN ***
afbe599d collected $0.57 from pot
*** SUMMARY ***
Total pot $0.6 | Rake $0.03 | Jackpot $0 | Bingo $0 | Fortune $0 | Tax $0
Board [4d 5h 3c]
Seat 2: Hero folded before Flop (didn't bet)
Seat 3: 2cbd1b4b folded before Flop (didn't bet)
Seat 4: 8b03a29e (button) folded before Flop (didn't bet)
Seat 5: 978ab1a2 (small blind) folded on the Flop
Seat 6: afbe599d (big blind) won ($0.57)


Poker Hand #HD1787821453: Hold'em No Limit ($0.05/$0.1) - 2024/05/26 01:05:47
Table 'NLHRed1' 6-max Seat #3 is the button
Seat 2: Hero ($11.64 in chips)
Seat 3: 2cbd1b4b ($10 in chips)
Seat 4: 8b03a29e ($21.29 in chips)
Seat 5: 978ab1a2 ($10.1 in chips)
Seat 6: afbe599d ($10.8 in chips)
8b03a29e: posts small blind $0.05
978ab1a2: posts big blind $0.1
*** HOLE CARDS ***
Dealt to Hero [Tc Ah]
Dealt to 2cbd1b4b 
Dealt to 8b03a29e 
Dealt to 978ab1a2 
Dealt to afbe599d 
afbe599d: folds
Hero: raises $0.14 to $0.24
2cbd1b4b: folds
8b03a29e: folds
978ab1a2: folds
Uncalled bet ($0.14) returned to Hero
*** SHOWDOWN ***
Hero collected $0.25 from pot
*** SUMMARY ***
Total pot $0.25 | Rake $0 | Jackpot $0 | Bingo $0 | Fortune $0 | Tax $0
Seat 2: Hero collected ($0.25)
Seat 3: 2cbd1b4b (button) folded before Flop (didn't bet)
Seat 4: 8b03a29e (small blind) folded before Flop
Seat 5: 978ab1a2 (big blind) folded before Flop
Seat 6: afbe599d folded before Flop (didn't bet)


Poker Hand #HD1787821431: Hold'em No Limit ($0.05/$0.1) - 2024/05/26 01:05:33
Table 'NLHRed1' 6-max Seat #2 is the button
Seat 2: Hero ($11.64 in chips)
Seat 3: 2cbd1b4b ($10 in chips)
Seat 4: 8b03a29e ($21.24 in chips)
Seat 5: 978ab1a2 ($10.1 in chips)
Seat 6: afbe599d ($10.8 in chips)
2cbd1b4b: posts small blind $0.05
8b03a29e: posts big blind $0.1
*** HOLE CARDS ***
Dealt to Hero [Jh 5s]
Dealt to 2cbd1b4b 
Dealt to 8b03a29e 
Dealt to 978ab1a2 
Dealt to afbe599d 
978ab1a2: folds
afbe599d: folds
Hero: folds
2cbd1b4b: folds
Uncalled bet ($0.05) returned to 8b03a29e
*** SHOWDOWN ***
8b03a29e collected $0.1 from pot
*** SUMMARY ***
Total pot $0.1 | Rake $0 | Jackpot $0 | Bingo $0 | Fortune $0 | Tax $0
Seat 2: Hero (button) folded before Flop (didn't bet)
Seat 3: 2cbd1b4b (small blind) folded before Flop
Seat 4: 8b03a29e (big blind) collected ($0.1)
Seat 5: 978ab1a2 folded before Flop (didn't bet)
Seat 6: afbe599d folded before Flop (didn't bet)


Poker Hand #HD1787821289: Hold'em No Limit ($0.05/$0.1) - 2024/05/26 01:04:02
Table 'NLHRed1' 6-max Seat #6 is the button
Seat 2: Hero ($11.69 in chips)
Seat 3: 2cbd1b4b ($10 in chips)
Seat 4: 8b03a29e ($21.24 in chips)
Seat 5: 978ab1a2 ($10.1 in chips)
Seat 6: afbe599d ($10.92 in chips)
Hero: posts small blind $0.05
2cbd1b4b: posts big blind $0.1
*** HOLE CARDS ***
Dealt to Hero [6c 4c]
Dealt to 2cbd1b4b 
Dealt to 8b03a29e 
Dealt to 978ab1a2 
Dealt to afbe599d 
8b03a29e: folds
978ab1a2: folds
afbe599d: raises $0.15 to $0.25
Hero: folds
2cbd1b4b: calls $0.15
*** FLOP *** [Th 5d Ks]
2cbd1b4b: checks
afbe599d: bets $0.19
2cbd1b4b: raises $0.47 to $0.66
afbe599d: calls $0.47
*** TURN *** [Th 5d Ks] [Jc]
2cbd1b4b: bets $0.94
afbe599d: calls $0.94
*** RIVER *** [Th 5d Ks Jc] [8s]
2cbd1b4b: checks
afbe599d: checks
2cbd1b4b: shows [Jh As] (Pair of Jacks)
afbe599d: shows [Ah Js] (Pair of Jacks)
*** SHOWDOWN ***
2cbd1b4b collected $1.74 from pot
afbe599d collected $1.73 from pot
*** SUMMARY ***
Total pot $3.75 | Rake $0.18 | Jackpot $0.1 | Bingo $0 | Fortune $0 | Tax $0
Board [Th 5d Ks Jc 8s]
Seat 2: Hero (small blind) folded before Flop
Seat 3: 2cbd1b4b (big blind) showed [Jh As] and won ($1.74) with Pair of Jacks
Seat 4: 8b03a29e folded before Flop (didn't bet)
Seat 5: 978ab1a2 folded before Flop (didn't bet)
Seat 6: afbe599d (button) showed [Ah Js] and won ($1.73) with Pair of Jacks


Poker Hand #HD1787821230: Hold'em No Limit ($0.05/$0.1) - 2024/05/26 01:03:32
Table 'NLHRed1' 6-max Seat #5 is the button
Seat 2: Hero ($11.79 in chips)
Seat 3: 2cbd1b4b ($10 in chips)
Seat 4: 8b03a29e ($20.87 in chips)
Seat 5: 978ab1a2 ($10.1 in chips)
Seat 6: afbe599d ($10.97 in chips)
afbe599d: posts small blind $0.05
Hero: posts big blind $0.1
*** HOLE CARDS ***
Dealt to Hero [2d 6s]
Dealt to 2cbd1b4b 
Dealt to 8b03a29e 
Dealt to 978ab1a2 
Dealt to afbe599d 
2cbd1b4b: raises $0.15 to $0.25
8b03a29e: raises $0.65 to $0.9
978ab1a2: folds
afbe599d: folds
Hero: folds
2cbd1b4b: folds
Uncalled bet ($0.65) returned to 8b03a29e
*** SHOWDOWN ***
8b03a29e collected $0.62 from pot
*** SUMMARY ***
Total pot $0.65 | Rake $0.03 | Jackpot $0 | Bingo $0 | Fortune $0 | Tax $0
Seat 2: Hero (big blind) folded before Flop
Seat 3: 2cbd1b4b folded before Flop
Seat 4: 8b03a29e collected ($0.62)
Seat 5: 978ab1a2 (button) folded before Flop (didn't bet)
Seat 6: afbe599d (small blind) folded before Flop


Poker Hand #HD1787821202: Hold'em No Limit ($0.05/$0.1) - 2024/05/26 01:03:12
Table 'NLHRed1' 6-max Seat #4 is the button
Seat 2: Hero ($11.79 in chips)
Seat 3: 2cbd1b4b ($10 in chips)
Seat 4: 8b03a29e ($20.87 in chips)
Seat 5: 978ab1a2 ($10 in chips)
Seat 6: afbe599d ($11.07 in chips)
978ab1a2: posts small blind $0.05
afbe599d: posts big blind $0.1
*** HOLE CARDS ***
Dealt to Hero [Qd 8d]
Dealt to 2cbd1b4b 
Dealt to 8b03a29e 
Dealt to 978ab1a2 
Dealt to afbe599d 
Hero: folds
2cbd1b4b: folds
8b03a29e: folds
978ab1a2: raises $0.2 to $0.3
afbe599d: folds
Uncalled bet ($0.2) returned to 978ab1a2
*** SHOWDOWN ***
978ab1a2 collected $0.2 from pot
*** SUMMARY ***
Total pot $0.2 | Rake $0 | Jackpot $0 | Bingo $0 | Fortune $0 | Tax $0
Seat 2: Hero folded before Flop (didn't bet)
Seat 3: 2cbd1b4b folded before Flop (didn't bet)
Seat 4: 8b03a29e (button) folded before Flop (didn't bet)
Seat 5: 978ab1a2 (small blind) collected ($0.2)
Seat 6: afbe599d (big blind) folded before Flop


Poker Hand #HD1787821151: Hold'em No Limit ($0.05/$0.1) - 2024/05/26 01:02:48
Table 'NLHRed1' 6-max Seat #3 is the button
Seat 2: Hero ($11.79 in chips)
Seat 3: 2cbd1b4b ($10 in chips)
Seat 4: 8b03a29e ($20.92 in chips)
Seat 5: 978ab1a2 ($10 in chips)
Seat 6: afbe599d ($10.92 in chips)
8b03a29e: posts small blind $0.05
978ab1a2: posts big blind $0.1
*** HOLE CARDS ***
Dealt to Hero [Jc 8d]
Dealt to 2cbd1b4b 
Dealt to 8b03a29e 
Dealt to 978ab1a2 
Dealt to afbe599d 
afbe599d: raises $0.15 to $0.25
Hero: folds
2cbd1b4b: folds
8b03a29e: folds
978ab1a2: folds
Uncalled bet ($0.15) returned to afbe599d
*** SHOWDOWN ***
afbe599d collected $0.25 from pot
*** SUMMARY ***
Total pot $0.25 | Rake $0 | Jackpot $0 | Bingo $0 | Fortune $0 | Tax $0
Seat 2: Hero folded before Flop (didn't bet)
Seat 3: 2cbd1b4b (button) folded before Flop (didn't bet)
Seat 4: 8b03a29e (small blind) folded before Flop
Seat 5: 978ab1a2 (big blind) folded before Flop
Seat 6: afbe599d collected ($0.25)


Poker Hand #HD1787821124: Hold'em No Limit ($0.05/$0.1) - 2024/05/26 01:02:31
Table 'NLHRed1' 6-max Seat #2 is the button
Seat 2: Hero ($11.64 in chips)
Seat 3: 2cbd1b4b ($10 in chips)
Seat 4: 8b03a29e ($21.02 in chips)
Seat 5: 978ab1a2 ($10 in chips)
Seat 6: afbe599d ($10.92 in chips)
2cbd1b4b: posts small blind $0.05
8b03a29e: posts big blind $0.1
*** HOLE CARDS ***
Dealt to Hero [6c Qc]
Dealt to 2cbd1b4b 
Dealt to 8b03a29e 
Dealt to 978ab1a2 
Dealt to afbe599d 
978ab1a2: folds
afbe599d: folds
Hero: raises $0.14 to $0.24
2cbd1b4b: folds
8b03a29e: folds
Uncalled bet ($0.14) returned to Hero
*** SHOWDOWN ***
Hero collected $0.25 from pot
*** SUMMARY ***
Total pot $0.25 | Rake $0 | Jackpot $0 | Bingo $0 | Fortune $0 | Tax $0
Seat 2: Hero (button) collected ($0.25)
Seat 3: 2cbd1b4b (small blind) folded before Flop
Seat 4: 8b03a29e (big blind) folded before Flop
Seat 5: 978ab1a2 folded before Flop (didn't bet)
Seat 6: afbe599d folded before Flop (didn't bet)


Poker Hand #HD1787821031: Hold'em No Limit ($0.05/$0.1) - 2024/05/26 01:01:41
Table 'NLHRed1' 6-max Seat #6 is the button
Seat 2: Hero ($11.69 in chips)
Seat 3: 2cbd1b4b ($10.15 in chips)
Seat 4: 8b03a29e ($21.02 in chips)
Seat 5: 978ab1a2 ($10 in chips)
Seat 6: afbe599d ($10.64 in chips)
Hero: posts small blind $0.05
2cbd1b4b: posts big blind $0.1
*** HOLE CARDS ***
Dealt to Hero [Qs Th]
Dealt to 2cbd1b4b 
Dealt to 8b03a29e 
Dealt to 978ab1a2 
Dealt to afbe599d 
8b03a29e: folds
978ab1a2: folds
afbe599d: raises $0.15 to $0.25
Hero: folds
2cbd1b4b: calls $0.15
*** FLOP *** [6c 4d 5h]
2cbd1b4b: checks
afbe599d: bets $0.42
2cbd1b4b: folds
Uncalled bet ($0.42) returned to afbe599d
*** SHOWDOWN ***
afbe599d collected $0.53 from pot
*** SUMMARY ***
Total pot $0.55 | Rake $0.02 | Jackpot $0 | Bingo $0 | Fortune $0 | Tax $0
Board [6c 4d 5h]
Seat 2: Hero (small blind) folded before Flop
Seat 3: 2cbd1b4b (big blind) folded on the Flop
Seat 4: 8b03a29e folded before Flop (didn't bet)
Seat 5: 978ab1a2 folded before Flop (didn't bet)
Seat 6: afbe599d (button) won ($0.53)


Poker Hand #HD1787820962: Hold'em No Limit ($0.05/$0.1) - 2024/05/26 01:01:02
Table 'NLHRed1' 6-max Seat #5 is the button
Seat 2: Hero ($11.41 in chips)
Seat 3: 2cbd1b4b ($10.15 in chips)
Seat 4: 8b03a29e ($21.27 in chips)
Seat 5: 978ab1a2 ($10 in chips)
Seat 6: afbe599d ($10.69 in chips)
afbe599d: posts small blind $0.05
Hero: posts big blind $0.1
*** HOLE CARDS ***
Dealt to Hero [4s 5s]
Dealt to 2cbd1b4b 
Dealt to 8b03a29e 
Dealt to 978ab1a2 
Dealt to afbe599d 
2cbd1b4b: folds
8b03a29e: raises $0.15 to $0.25
978ab1a2: folds
afbe599d: folds
Hero: calls $0.15
*** FLOP *** [9h 2d 3d]
Hero: checks
8b03a29e: checks
*** TURN *** [9h 2d 3d] [2h]
Hero: bets $0.4
8b03a29e: folds
Uncalled bet ($0.4) returned to Hero
*** SHOWDOWN ***
Hero collected $0.53 from pot
*** SUMMARY ***
Total pot $0.55 | Rake $0.02 | Jackpot $0 | Bingo $0 | Fortune $0 | Tax $0
Board [9h 2d 3d 2h]
Seat 2: Hero (big blind) won ($0.53)
Seat 3: 2cbd1b4b folded before Flop (didn't bet)
Seat 4: 8b03a29e folded on the Turn
Seat 5: 978ab1a2 (button) folded before Flop (didn't bet)
Seat 6: afbe599d (small blind) folded before Flop


Poker Hand #HD1787820866: Hold'em No Limit ($0.05/$0.1) - 2024/05/26 01:00:10
Table 'NLHRed1' 6-max Seat #4 is the button
Seat 2: Hero ($11.41 in chips)
Seat 3: 2cbd1b4b ($10.15 in chips)
Seat 4: 8b03a29e ($19.96 in chips)
Seat 5: 978ab1a2 ($10 in chips)
Seat 6: afbe599d ($10.79 in chips)
978ab1a2: posts small blind $0.05
afbe599d: posts big blind $0.1
*** HOLE CARDS ***
Dealt to Hero [Kc Th]
Dealt to 2cbd1b4b 
Dealt to 8b03a29e 
Dealt to 978ab1a2 
Dealt to afbe599d 
Hero: folds
2cbd1b4b: folds
8b03a29e: raises $0.15 to $0.25
978ab1a2: raises $0.6 to $0.85
afbe599d: folds
8b03a29e: calls $0.6
*** FLOP *** [8c 5d 4s]
978ab1a2: bets $0.6
8b03a29e: raises $1.56 to $2.16
978ab1a2: folds
Uncalled bet ($1.56) returned to 8b03a29e
*** SHOWDOWN ***
8b03a29e collected $2.76 from pot
*** SUMMARY ***
Total pot $3 | Rake $0.14 | Jackpot $0.1 | Bingo $0 | Fortune $0 | Tax $0
Board [8c 5d 4s]
Seat 2: Hero folded before Flop (didn't bet)
Seat 3: 2cbd1b4b folded before Flop (didn't bet)
Seat 4: 8b03a29e (button) won ($2.76)
Seat 5: 978ab1a2 (small blind) folded on the Flop
Seat 6: afbe599d (big blind) folded before Flop


Poker Hand #HD1787820840: Hold'em No Limit ($0.05/$0.1) - 2024/05/26 00:59:56
Table 'NLHRed1' 6-max Seat #3 is the button
Seat 2: Hero ($11.41 in chips)
Seat 3: 2cbd1b4b ($10 in chips)
Seat 4: 8b03a29e ($20.01 in chips)
Seat 5: 978ab1a2 ($10 in chips)
Seat 6: afbe599d ($10.79 in chips)
8b03a29e: posts small blind $0.05
978ab1a2: posts big blind $0.1
*** HOLE CARDS ***
Dealt to Hero [3s 2h]
Dealt to 2cbd1b4b 
Dealt to 8b03a29e 
Dealt to 978ab1a2 
Dealt to afbe599d 
afbe599d: folds
Hero: folds
2cbd1b4b: raises $0.12 to $0.22
8b03a29e: folds
978ab1a2: folds
Uncalled bet ($0.12) returned to 2cbd1b4b
*** SHOWDOWN ***
2cbd1b4b collected $0.25 from pot
*** SUMMARY ***
Total pot $0.25 | Rake $0 | Jackpot $0 | Bingo $0 | Fortune $0 | Tax $0
Seat 2: Hero folded before Flop (didn't bet)
Seat 3: 2cbd1b4b (button) collected ($0.25)
Seat 4: 8b03a29e (small blind) folded before Flop
Seat 5: 978ab1a2 (big blind) folded before Flop
Seat 6: afbe599d folded before Flop (didn't bet)


Poker Hand #HD1787820751: Hold'em No Limit ($0.05/$0.1) - 2024/05/26 00:59:04
Table 'NLHRed1' 6-max Seat #2 is the button
Seat 1: a5fe8fb6 ($1.36 in chips)
Seat 2: Hero ($10.04 in chips)
Seat 3: 2cbd1b4b ($9.9 in chips)
Seat 4: 8b03a29e ($20.11 in chips)
Seat 5: 978ab1a2 ($10 in chips)
Seat 6: afbe599d ($10.79 in chips)
2cbd1b4b: posts small blind $0.05
8b03a29e: posts big blind $0.1
*** HOLE CARDS ***
Dealt to a5fe8fb6 
Dealt to Hero [As Kc]
Dealt to 2cbd1b4b 
Dealt to 8b03a29e 
Dealt to 978ab1a2 
Dealt to afbe599d 
978ab1a2: folds
afbe599d: folds
a5fe8fb6: calls $0.1
Hero: raises $0.3 to $0.4
2cbd1b4b: folds
8b03a29e: folds
a5fe8fb6: raises $0.96 to $1.36 and is all-in
Hero: calls $0.96
a5fe8fb6: shows [4d 3c]
Hero: shows [As Kc]
*** FLOP *** [3h Ah Ac]
*** TURN *** [3h Ah Ac] [Ts]
*** RIVER *** [3h Ah Ac Ts] [9s]
*** SHOWDOWN ***
Hero collected $2.73 from pot
*** SUMMARY ***
Total pot $2.87 | Rake $0.14 | Jackpot $0 | Bingo $0 | Fortune $0 | Tax $0
Board [3h Ah Ac Ts 9s]
Seat 1: a5fe8fb6 showed [4d 3c] and lost with Pair of Aces and Pair of Treys
Seat 2: Hero (button) showed [As Kc] and won ($2.73) with Three Aces
Seat 3: 2cbd1b4b (small blind) folded before Flop
Seat 4: 8b03a29e (big blind) folded before Flop
Seat 5: 978ab1a2 folded before Flop (didn't bet)
Seat 6: afbe599d folded before Flop (didn't bet)


Poker Hand #HD1787820717: Hold'em No Limit ($0.05/$0.1) - 2024/05/26 00:58:41
Table 'NLHRed1' 6-max Seat #1 is the button
Seat 1: a5fe8fb6 ($1.36 in chips)
Seat 2: Hero ($10.09 in chips)
Seat 3: 2cbd1b4b ($10 in chips)
Seat 4: 8b03a29e ($20.11 in chips)
Seat 5: 978ab1a2 ($10 in chips)
Seat 6: afbe599d ($10.64 in chips)
Hero: posts small blind $0.05
2cbd1b4b: posts big blind $0.1
*** HOLE CARDS ***
Dealt to a5fe8fb6 
Dealt to Hero [4h 4c]
Dealt to 2cbd1b4b 
Dealt to 8b03a29e 
Dealt to 978ab1a2 
Dealt to afbe599d 
8b03a29e: folds
978ab1a2: folds
afbe599d: raises $0.15 to $0.25
a5fe8fb6: folds
Hero: folds
2cbd1b4b: folds
Uncalled bet ($0.15) returned to afbe599d
*** SHOWDOWN ***
afbe599d collected $0.25 from pot
*** SUMMARY ***
Total pot $0.25 | Rake $0 | Jackpot $0 | Bingo $0 | Fortune $0 | Tax $0
Seat 1: a5fe8fb6 (button) folded before Flop (didn't bet)
Seat 2: Hero (small blind) folded before Flop
Seat 3: 2cbd1b4b (big blind) folded before Flop
Seat 4: 8b03a29e folded before Flop (didn't bet)
Seat 5: 978ab1a2 folded before Flop (didn't bet)
Seat 6: afbe599d collected ($0.25)


Poker Hand #HD1787820626: Hold'em No Limit ($0.05/$0.1) - 2024/05/26 00:57:52
Table 'NLHRed1' 6-max Seat #6 is the button
Seat 1: a5fe8fb6 ($1.41 in chips)
Seat 2: Hero ($10.19 in chips)
Seat 3: 2cbd1b4b ($10 in chips)
Seat 4: 8b03a29e ($17.75 in chips)
Seat 5: 978ab1a2 ($10 in chips)
Seat 6: afbe599d ($10.64 in chips)
a5fe8fb6: posts small blind $0.05
Hero: posts big blind $0.1
*** HOLE CARDS ***
Dealt to a5fe8fb6 
Dealt to Hero [5h 6c]
Dealt to 2cbd1b4b 
Dealt to 8b03a29e 
Dealt to 978ab1a2 
Dealt to afbe599d 
2cbd1b4b: raises $0.15 to $0.25
8b03a29e: raises $0.65 to $0.9
978ab1a2: folds
afbe599d: folds
a5fe8fb6: folds
Hero: folds
2cbd1b4b: raises $1.67 to $2.57
8b03a29e: raises $15.18 to $17.75 and is all-in
2cbd1b4b: folds
Uncalled bet ($15.18) returned to 8b03a29e
*** SHOWDOWN ***
8b03a29e collected $4.93 from pot
*** SUMMARY ***
Total pot $5.29 | Rake $0.26 | Jackpot $0.1 | Bingo $0 | Fortune $0 | Tax $0
Seat 1: a5fe8fb6 (small blind) folded before Flop
Seat 2: Hero (big blind) folded before Flop
Seat 3: 2cbd1b4b folded before Flop
Seat 4: 8b03a29e collected ($4.93)
Seat 5: 978ab1a2 folded before Flop (didn't bet)
Seat 6: afbe599d (button) folded before Flop (didn't bet)


Poker Hand #HD1787820600: Hold'em No Limit ($0.05/$0.1) - 2024/05/26 00:57:37
Table 'NLHRed1' 6-max Seat #5 is the button
Seat 1: a5fe8fb6 ($1.51 in chips)
Seat 2: Hero ($10.19 in chips)
Seat 3: 2cbd1b4b ($10 in chips)
Seat 4: 8b03a29e ($17.75 in chips)
Seat 5: 978ab1a2 ($10 in chips)
Seat 6: afbe599d ($10.54 in chips)
afbe599d: posts small blind $0.05
a5fe8fb6: posts big blind $0.1
*** HOLE CARDS ***
Dealt to a5fe8fb6 
Dealt to Hero [8h 4c]
Dealt to 2cbd1b4b 
Dealt to 8b03a29e 
Dealt to 978ab1a2 
Dealt to afbe599d 
Hero: folds
2cbd1b4b: folds
8b03a29e: folds
978ab1a2: folds
afbe599d: raises $0.2 to $0.3
a5fe8fb6: folds
Uncalled bet ($0.2) returned to afbe599d
*** SHOWDOWN ***
afbe599d collected $0.2 from pot
*** SUMMARY ***
Total pot $0.2 | Rake $0 | Jackpot $0 | Bingo $0 | Fortune $0 | Tax $0
Seat 1: a5fe8fb6 (big blind) folded before Flop
Seat 2: Hero folded before Flop (didn't bet)
Seat 3: 2cbd1b4b folded before Flop (didn't bet)
Seat 4: 8b03a29e folded before Flop (didn't bet)
Seat 5: 978ab1a2 (button) folded before Flop (didn't bet)
Seat 6: afbe599d (small blind) collected ($0.2)


Poker Hand #HD1787820536: Hold'em No Limit ($0.05/$0.1) - 2024/05/26 00:57:00
Table 'NLHRed1' 6-max Seat #4 is the button
Seat 1: a5fe8fb6 ($1.23 in chips)
Seat 2: Hero ($10.19 in chips)
Seat 3: 2cbd1b4b ($10 in chips)
Seat 4: 8b03a29e ($17.75 in chips)
Seat 5: 978ab1a2 ($10 in chips)
Seat 6: afbe599d ($10.64 in chips)
978ab1a2: posts small blind $0.05
afbe599d: posts big blind $0.1
*** HOLE CARDS ***
Dealt to a5fe8fb6 
Dealt to Hero [2s 3c]
Dealt to 2cbd1b4b 
Dealt to 8b03a29e 
Dealt to 978ab1a2 
Dealt to afbe599d 
a5fe8fb6: calls $0.1
Hero: folds
2cbd1b4b: folds
8b03a29e: folds
978ab1a2: raises $0.1 to $0.2
afbe599d: folds
a5fe8fb6: raises $1.03 to $1.23 and is all-in
978ab1a2: folds
Uncalled bet ($1.03) returned to a5fe8fb6
*** SHOWDOWN ***
a5fe8fb6 collected $0.48 from pot
*** SUMMARY ***
Total pot $0.5 | Rake $0.02 | Jackpot $0 | Bingo $0 | Fortune $0 | Tax $0
Seat 1: a5fe8fb6 collected ($0.48)
Seat 2: Hero folded before Flop (didn't bet)
Seat 3: 2cbd1b4b folded before Flop (didn't bet)
Seat 4: 8b03a29e (button) folded before Flop (didn't bet)
Seat 5: 978ab1a2 (small blind) folded before Flop
Seat 6: afbe599d (big blind) folded before Flop


Poker Hand #HD1787820497: Hold'em No Limit ($0.05/$0.1) - 2024/05/26 00:56:34
Table 'NLHRed1' 6-max Seat #3 is the button
Seat 1: a5fe8fb6 ($1.08 in chips)
Seat 2: Hero ($10.19 in chips)
Seat 3: 2cbd1b4b ($10 in chips)
Seat 4: 8b03a29e ($17.8 in chips)
Seat 5: 978ab1a2 ($10 in chips)
Seat 6: afbe599d ($10.64 in chips)
8b03a29e: posts small blind $0.05
978ab1a2: posts big blind $0.1
*** HOLE CARDS ***
Dealt to a5fe8fb6 
Dealt to Hero [Kd 2h]
Dealt to 2cbd1b4b 
Dealt to 8b03a29e 
Dealt to 978ab1a2 
Dealt to afbe599d 
afbe599d: folds
a5fe8fb6: raises $0.3 to $0.4
Hero: folds
2cbd1b4b: folds
8b03a29e: folds
978ab1a2: folds
Uncalled bet ($0.3) returned to a5fe8fb6
*** SHOWDOWN ***
a5fe8fb6 collected $0.25 from pot
*** SUMMARY ***
Total pot $0.25 | Rake $0 | Jackpot $0 | Bingo $0 | Fortune $0 | Tax $0
Seat 1: a5fe8fb6 collected ($0.25)
Seat 2: Hero folded before Flop (didn't bet)
Seat 3: 2cbd1b4b (button) folded before Flop (didn't bet)
Seat 4: 8b03a29e (small blind) folded before Flop
Seat 5: 978ab1a2 (big blind) folded before Flop
Seat 6: afbe599d folded before Flop (didn't bet)


Poker Hand #HD1787820426: Hold'em No Limit ($0.05/$0.1) - 2024/05/26 00:55:56
Table 'NLHRed1' 6-max Seat #2 is the button
Seat 1: a5fe8fb6 ($1.33 in chips)
Seat 2: Hero ($10.19 in chips)
Seat 3: 2cbd1b4b ($10 in chips)
Seat 4: 8b03a29e ($17.9 in chips)
Seat 5: 978ab1a2 ($10 in chips)
Seat 6: afbe599d ($10.27 in chips)
2cbd1b4b: posts small blind $0.05
8b03a29e: posts big blind $0.1
*** HOLE CARDS ***
Dealt to a5fe8fb6 
Dealt to Hero [Kh 8c]
Dealt to 2cbd1b4b 
Dealt to 8b03a29e 
Dealt to 978ab1a2 
Dealt to afbe599d 
978ab1a2: folds
afbe599d: raises $0.15 to $0.25
a5fe8fb6: calls $0.25
Hero: folds
2cbd1b4b: folds
8b03a29e: folds
*** FLOP *** [Ks As 8h]
afbe599d: checks
a5fe8fb6: checks
*** TURN *** [Ks As 8h] [Ts]
afbe599d: checks
a5fe8fb6: checks
*** RIVER *** [Ks As 8h Ts] [6c]
afbe599d: checks
a5fe8fb6: checks
afbe599d: shows [9d 9c] (Pair of Nines)
a5fe8fb6: shows [Jc 4c] (Ace-High)
*** SHOWDOWN ***
afbe599d collected $0.62 from pot
*** SUMMARY ***
Total pot $0.65 | Rake $0.03 | Jackpot $0 | Bingo $0 | Fortune $0 | Tax $0
Board [Ks As 8h Ts 6c]
Seat 1: a5fe8fb6 showed [Jc 4c] and lost with Ace-High
Seat 2: Hero (button) folded before Flop (didn't bet)
Seat 3: 2cbd1b4b (small blind) folded before Flop
Seat 4: 8b03a29e (big blind) folded before Flop
Seat 5: 978ab1a2 folded before Flop (didn't bet)
Seat 6: afbe599d showed [9d 9c] and won ($0.62) with Pair of Nines


Poker Hand #HD1787820340: Hold'em No Limit ($0.05/$0.1) - 2024/05/26 00:55:06
Table 'NLHRed1' 6-max Seat #1 is the button
Seat 1: a5fe8fb6 ($1.35 in chips)
Seat 2: Hero ($10.21 in chips)
Seat 3: 2cbd1b4b ($10 in chips)
Seat 4: 8b03a29e ($17.9 in chips)
Seat 5: 978ab1a2 ($10 in chips)
Seat 6: afbe599d ($10.27 in chips)
Hero: posts small blind $0.05
2cbd1b4b: posts big blind $0.1
*** HOLE CARDS ***
Dealt to a5fe8fb6 
Dealt to Hero [Ac 8c]
Dealt to 2cbd1b4b 
Dealt to 8b03a29e 
Dealt to 978ab1a2 
Dealt to afbe599d 
8b03a29e: folds
978ab1a2: folds
afbe599d: folds
a5fe8fb6: raises $0.2 to $0.3
Hero: raises $0.9 to $1.2
2cbd1b4b: folds
a5fe8fb6: raises $0.15 to $1.35 and is all-in
Hero: calls $0.15
a5fe8fb6: shows [9h Qc]
Hero: shows [Ac 8c]
*** FLOP *** [Td Tc 4s]
*** TURN *** [Td Tc 4s] [4c]
*** RIVER *** [Td Tc 4s 4c] [4d]
*** SHOWDOWN ***
a5fe8fb6 collected $1.33 from pot
Hero collected $1.33 from pot
*** SUMMARY ***
Total pot $2.8 | Rake $0.14 | Jackpot $0 | Bingo $0 | Fortune $0 | Tax $0
Board [Td Tc 4s 4c 4d]
Seat 1: a5fe8fb6 (button) showed [9h Qc] and won ($1.33) with Fours Full over Tens
Seat 2: Hero (small blind) showed [Ac 8c] and won ($1.33) with Fours Full over Tens
Seat 3: 2cbd1b4b (big blind) folded before Flop
Seat 4: 8b03a29e folded before Flop (didn't bet)
Seat 5: 978ab1a2 folded before Flop (didn't bet)
Seat 6: afbe599d folded before Flop (didn't bet)


Poker Hand #HD1787820313: Hold'em No Limit ($0.05/$0.1) - 2024/05/26 00:54:52
Table 'NLHRed1' 6-max Seat #6 is the button
Seat 1: a5fe8fb6 ($1.4 in chips)
Seat 2: Hero ($10.31 in chips)
Seat 3: 2cbd1b4b ($10 in chips)
Seat 4: 8b03a29e ($17.75 in chips)
Seat 5: 978ab1a2 ($10 in chips)
Seat 6: afbe599d ($10.27 in chips)
a5fe8fb6: posts small blind $0.05
Hero: posts big blind $0.1
*** HOLE CARDS ***
Dealt to a5fe8fb6 
Dealt to Hero [7c Th]
Dealt to 2cbd1b4b 
Dealt to 8b03a29e 
Dealt to 978ab1a2 
Dealt to afbe599d 
2cbd1b4b: folds
8b03a29e: raises $0.15 to $0.25
978ab1a2: folds
afbe599d: folds
a5fe8fb6: folds
Hero: folds
Uncalled bet ($0.15) returned to 8b03a29e
*** SHOWDOWN ***
8b03a29e collected $0.25 from pot
*** SUMMARY ***
Total pot $0.25 | Rake $0 | Jackpot $0 | Bingo $0 | Fortune $0 | Tax $0
Seat 1: a5fe8fb6 (small blind) folded before Flop
Seat 2: Hero (big blind) folded before Flop
Seat 3: 2cbd1b4b folded before Flop (didn't bet)
Seat 4: 8b03a29e collected ($0.25)
Seat 5: 978ab1a2 folded before Flop (didn't bet)
Seat 6: afbe599d (button) folded before Flop (didn't bet)


Poker Hand #HD1787820264: Hold'em No Limit ($0.05/$0.1) - 2024/05/26 00:54:25
Table 'NLHRed1' 6-max Seat #5 is the button
Seat 1: a5fe8fb6 ($1.7 in chips)
Seat 2: Hero ($10.31 in chips)
Seat 3: 2cbd1b4b ($10 in chips)
Seat 4: 8b03a29e ($17.75 in chips)
Seat 5: 978ab1a2 ($10 in chips)
Seat 6: afbe599d ($10 in chips)
afbe599d: posts small blind $0.05
a5fe8fb6: posts big blind $0.1
*** HOLE CARDS ***
Dealt to a5fe8fb6 
Dealt to Hero [4d Jc]
Dealt to 2cbd1b4b 
Dealt to 8b03a29e 
Dealt to 978ab1a2 
Dealt to afbe599d 
Hero: folds
2cbd1b4b: folds
8b03a29e: folds
978ab1a2: folds
afbe599d: raises $0.2 to $0.3
a5fe8fb6: calls $0.2
*** FLOP *** [Th 2c 7c]
afbe599d: bets $0.45
a5fe8fb6: folds
Uncalled bet ($0.45) returned to afbe599d
*** SHOWDOWN ***
afbe599d collected $0.57 from pot
*** SUMMARY ***
Total pot $0.6 | Rake $0.03 | Jackpot $0 | Bingo $0 | Fortune $0 | Tax $0
Board [Th 2c 7c]
Seat 1: a5fe8fb6 (big blind) folded on the Flop
Seat 2: Hero folded before Flop (didn't bet)
Seat 3: 2cbd1b4b folded before Flop (didn't bet)
Seat 4: 8b03a29e folded before Flop (didn't bet)
Seat 5: 978ab1a2 (button) folded before Flop (didn't bet)
Seat 6: afbe599d (small blind) won ($0.57)


Poker Hand #HD1787820213: Hold'em No Limit ($0.05/$0.1) - 2024/05/26 00:53:59
Table 'NLHRed1' 6-max Seat #4 is the button
Seat 1: a5fe8fb6 ($1.7 in chips)
Seat 2: Hero ($10.31 in chips)
Seat 3: 2cbd1b4b ($10 in chips)
Seat 4: 8b03a29e ($17.6 in chips)
Seat 5: 978ab1a2 ($10 in chips)
Seat 6: afbe599d ($10.1 in chips)
978ab1a2: posts small blind $0.05
afbe599d: posts big blind $0.1
*** HOLE CARDS ***
Dealt to a5fe8fb6 
Dealt to Hero [7s Qd]
Dealt to 2cbd1b4b 
Dealt to 8b03a29e 
Dealt to 978ab1a2 
Dealt to afbe599d 
a5fe8fb6: folds
Hero: folds
2cbd1b4b: folds
8b03a29e: raises $0.15 to $0.25
978ab1a2: folds
afbe599d: folds
Uncalled bet ($0.15) returned to 8b03a29e
*** SHOWDOWN ***
8b03a29e collected $0.25 from pot
*** SUMMARY ***
Total pot $0.25 | Rake $0 | Jackpot $0 | Bingo $0 | Fortune $0 | Tax $0
Seat 1: a5fe8fb6 folded before Flop (didn't bet)
Seat 2: Hero folded before Flop (didn't bet)
Seat 3: 2cbd1b4b folded before Flop (didn't bet)
Seat 4: 8b03a29e (button) collected ($0.25)
Seat 5: 978ab1a2 (small blind) folded before Flop
Seat 6: afbe599d (big blind) folded before Flop


Poker Hand #HD1787820173: Hold'em No Limit ($0.05/$0.1) - 2024/05/26 00:53:36
Table 'NLHRed1' 6-max Seat #3 is the button
Seat 1: a5fe8fb6 ($1.7 in chips)
Seat 2: Hero ($10.16 in chips)
Seat 3: 2cbd1b4b ($10 in chips)
Seat 4: 8b03a29e ($17.65 in chips)
Seat 5: 978ab1a2 ($10 in chips)
Seat 6: afbe599d ($10.1 in chips)
8b03a29e: posts small blind $0.05
978ab1a2: posts big blind $0.1
*** HOLE CARDS ***
Dealt to a5fe8fb6 
Dealt to Hero [4s As]
Dealt to 2cbd1b4b 
Dealt to 8b03a29e 
Dealt to 978ab1a2 
Dealt to afbe599d 
afbe599d: folds
a5fe8fb6: folds
Hero: raises $0.14 to $0.24
2cbd1b4b: folds
8b03a29e: folds
978ab1a2: folds
Uncalled bet ($0.14) returned to Hero
*** SHOWDOWN ***
Hero collected $0.25 from pot
*** SUMMARY ***
Total pot $0.25 | Rake $0 | Jackpot $0 | Bingo $0 | Fortune $0 | Tax $0
Seat 1: a5fe8fb6 folded before Flop (didn't bet)
Seat 2: Hero collected ($0.25)
Seat 3: 2cbd1b4b (button) folded before Flop (didn't bet)
Seat 4: 8b03a29e (small blind) folded before Flop
Seat 5: 978ab1a2 (big blind) folded before Flop
Seat 6: afbe599d folded before Flop (didn't bet)


Poker Hand #HD1787820055: Hold'em No Limit ($0.05/$0.1) - 2024/05/26 00:52:33
Table 'NLHRed1' 6-max Seat #2 is the button
Seat 1: a5fe8fb6 ($2.73 in chips)
Seat 2: Hero ($10.16 in chips)
Seat 3: 2cbd1b4b ($10 in chips)
Seat 4: 8b03a29e ($16.67 in chips)
Seat 6: afbe599d ($10.1 in chips)
2cbd1b4b: posts small blind $0.05
8b03a29e: posts big blind $0.1
*** HOLE CARDS ***
Dealt to a5fe8fb6 
Dealt to Hero [3d 9d]
Dealt to 2cbd1b4b 
Dealt to 8b03a29e 
Dealt to afbe599d 
afbe599d: folds
a5fe8fb6: calls $0.1
Hero: folds
2cbd1b4b: folds
8b03a29e: checks
*** FLOP *** [Td Ac 8s]
8b03a29e: checks
a5fe8fb6: bets $0.19
8b03a29e: calls $0.19
*** TURN *** [Td Ac 8s] [Tc]
8b03a29e: checks
a5fe8fb6: bets $0.21
8b03a29e: calls $0.21
*** RIVER *** [Td Ac 8s Tc] [4d]
8b03a29e: checks
a5fe8fb6: bets $0.53
8b03a29e: calls $0.53
a5fe8fb6: shows [9c Qh] (Pair of Tens)
8b03a29e: shows [6h As] (Pair of Aces and Pair of Tens)
*** SHOWDOWN ***
8b03a29e collected $2.01 from pot
*** SUMMARY ***
Total pot $2.11 | Rake $0.1 | Jackpot $0 | Bingo $0 | Fortune $0 | Tax $0
Board [Td Ac 8s Tc 4d]
Seat 1: a5fe8fb6 showed [9c Qh] and lost with Pair of Tens
Seat 2: Hero (button) folded before Flop (didn't bet)
Seat 3: 2cbd1b4b (small blind) folded before Flop
Seat 4: 8b03a29e (big blind) showed [6h As] and won ($2.01) with Pair of Aces and Pair of Tens
Seat 6: afbe599d folded before Flop (didn't bet)


Poker Hand #HD1787819898: Hold'em No Limit ($0.05/$0.1) - 2024/05/26 00:51:09
Table 'NLHRed1' 6-max Seat #1 is the button
Seat 1: a5fe8fb6 ($2.98 in chips)
Seat 2: Hero ($10.05 in chips)
Seat 3: 2cbd1b4b ($10 in chips)
Seat 4: 8b03a29e ($16.67 in chips)
Seat 6: afbe599d ($10 in chips)
Hero: posts small blind $0.05
2cbd1b4b: posts big blind $0.1
*** HOLE CARDS ***
Dealt to a5fe8fb6 
Dealt to Hero [Jd As]
Dealt to 2cbd1b4b 
Dealt to 8b03a29e 
Dealt to afbe599d 
8b03a29e: folds
afbe599d: raises $0.15 to $0.25
a5fe8fb6: calls $0.25
Hero: raises $1.05 to $1.3
2cbd1b4b: folds
afbe599d: calls $1.05
a5fe8fb6: folds
*** FLOP *** [7d 9s 4h]
Hero: checks
afbe599d: checks
*** TURN *** [7d 9s 4h] [5d]
Hero: checks
afbe599d: checks
*** RIVER *** [7d 9s 4h 5d] [3s]
Hero: checks
afbe599d: checks
Hero: shows [Jd As] (Ace-High)
afbe599d: shows [Ah Jh] (Ace-High)
*** SHOWDOWN ***
Hero collected $1.41 from pot
afbe599d collected $1.4 from pot
*** SUMMARY ***
Total pot $2.95 | Rake $0.14 | Jackpot $0 | Bingo $0 | Fortune $0 | Tax $0
Board [7d 9s 4h 5d 3s]
Seat 1: a5fe8fb6 (button) folded before Flop
Seat 2: Hero (small blind) showed [Jd As] and won ($1.41) with Ace-High
Seat 3: 2cbd1b4b (big blind) folded before Flop
Seat 4: 8b03a29e folded before Flop (didn't bet)
Seat 6: afbe599d showed [Ah Jh] and won ($1.4) with Ace-High


Poker Hand #HD1787819880: Hold'em No Limit ($0.05/$0.1) - 2024/05/26 00:50:58
Table 'NLHRed1' 6-max Seat #6 is the button
Seat 1: a5fe8fb6 ($2.88 in chips)
Seat 2: Hero ($10.15 in chips)
Seat 3: 2cbd1b4b ($10 in chips)
Seat 4: 8b03a29e ($16.67 in chips)
Seat 6: afbe599d ($10 in chips)
a5fe8fb6: posts small blind $0.05
Hero: posts big blind $0.1
*** HOLE CARDS ***
Dealt to a5fe8fb6 
Dealt to Hero [7h 2s]
Dealt to 2cbd1b4b 
Dealt to 8b03a29e 
Dealt to afbe599d 
2cbd1b4b: folds
8b03a29e: folds
afbe599d: folds
a5fe8fb6: raises $0.3 to $0.4
Hero: folds
Uncalled bet ($0.3) returned to a5fe8fb6
*** SHOWDOWN ***
a5fe8fb6 collected $0.2 from pot
*** SUMMARY ***
Total pot $0.2 | Rake $0 | Jackpot $0 | Bingo $0 | Fortune $0 | Tax $0
Seat 1: a5fe8fb6 (small blind) collected ($0.2)
Seat 2: Hero (big blind) folded before Flop
Seat 3: 2cbd1b4b folded before Flop (didn't bet)
Seat 4: 8b03a29e folded before Flop (didn't bet)
Seat 6: afbe599d (button) folded before Flop (didn't bet)


Poker Hand #HD1787819838: Hold'em No Limit ($0.05/$0.1) - 2024/05/26 00:50:33
Table 'NLHRed1' 6-max Seat #4 is the button
Seat 1: a5fe8fb6 ($2.98 in chips)
Seat 2: Hero ($10.15 in chips)
Seat 3: 2cbd1b4b ($10 in chips)
Seat 4: 8b03a29e ($16.3 in chips)
Seat 6: afbe599d ($10 in chips)
afbe599d: posts small blind $0.05
a5fe8fb6: posts big blind $0.1
*** HOLE CARDS ***
Dealt to a5fe8fb6 
Dealt to Hero [5h 2s]
Dealt to 2cbd1b4b 
Dealt to 8b03a29e 
Dealt to afbe599d 
Hero: folds
2cbd1b4b: raises $0.15 to $0.25
8b03a29e: raises $0.65 to $0.9
afbe599d: folds
a5fe8fb6: folds
2cbd1b4b: folds
Uncalled bet ($0.65) returned to 8b03a29e
*** SHOWDOWN ***
8b03a29e collected $0.62 from pot
*** SUMMARY ***
Total pot $0.65 | Rake $0.03 | Jackpot $0 | Bingo $0 | Fortune $0 | Tax $0
Seat 1: a5fe8fb6 (big blind) folded before Flop
Seat 2: Hero folded before Flop (didn't bet)
Seat 3: 2cbd1b4b folded before Flop
Seat 4: 8b03a29e (button) collected ($0.62)
Seat 6: afbe599d (small blind) folded before Flop


Poker Hand #HD1787819808: Hold'em No Limit ($0.05/$0.1) - 2024/05/26 00:50:18
Table 'NLHRed1' 6-max Seat #3 is the button
Seat 2: Hero ($10 in chips)
Seat 3: 2cbd1b4b ($10 in chips)
Seat 4: 8b03a29e ($16.35 in chips)
Seat 6: afbe599d ($10 in chips)
8b03a29e: posts small blind $0.05
afbe599d: posts big blind $0.1
*** HOLE CARDS ***
Dealt to Hero [5s 6s]
Dealt to 2cbd1b4b 
Dealt to 8b03a29e 
Dealt to afbe599d 
Hero: raises $0.14 to $0.24
2cbd1b4b: folds
8b03a29e: folds
afbe599d: folds
Uncalled bet ($0.14) returned to Hero
*** SHOWDOWN ***
Hero collected $0.25 from pot
*** SUMMARY ***
Total pot $0.25 | Rake $0 | Jackpot $0 | Bingo $0 | Fortune $0 | Tax $0
Seat 2: Hero collected ($0.25)
Seat 3: 2cbd1b4b (button) folded before Flop (didn't bet)
Seat 4: 8b03a29e (small blind) folded before Flop
Seat 6: afbe599d (big blind) folded before Flop


Poker Hand #HD1787819781: Hold'em No Limit ($0.05/$0.1) - 2024/05/26 00:50:04
Table 'NLHRed1' 6-max Seat #2 is the button
Seat 2: Hero ($10 in chips)
Seat 3: 2cbd1b4b ($10.05 in chips)
Seat 4: 8b03a29e ($16.3 in chips)
Seat 5: f800a47f ($21.92 in chips)
Seat 6: afbe599d ($10 in chips)
2cbd1b4b: posts small blind $0.05
8b03a29e: posts big blind $0.1
*** HOLE CARDS ***
Dealt to Hero [3c 6s]
Dealt to 2cbd1b4b 
Dealt to 8b03a29e 
Dealt to f800a47f 
Dealt to afbe599d 
f800a47f: folds
afbe599d: folds
Hero: folds
2cbd1b4b: folds
Uncalled bet ($0.05) returned to 8b03a29e
*** SHOWDOWN ***
8b03a29e collected $0.1 from pot
*** SUMMARY ***
Total pot $0.1 | Rake $0 | Jackpot $0 | Bingo $0 | Fortune $0 | Tax $0
Seat 2: Hero (button) folded before Flop (didn't bet)
Seat 3: 2cbd1b4b (small blind) folded before Flop
Seat 4: 8b03a29e (big blind) collected ($0.1)
Seat 5: f800a47f folded before Flop (didn't bet)
Seat 6: afbe599d folded before Flop (didn't bet)


Poker Hand #HD1787819761: Hold'em No Limit ($0.05/$0.1) - 2024/05/26 00:49:50
Table 'NLHRed1' 6-max Seat #6 is the button
Seat 2: Hero ($10 in chips)
Seat 3: 2cbd1b4b ($10 in chips)
Seat 4: 8b03a29e ($16.3 in chips)
Seat 5: f800a47f ($21.92 in chips)
Seat 6: afbe599d ($10 in chips)
Hero: posts small blind $0.05
2cbd1b4b: posts big blind $0.1
*** HOLE CARDS ***
Dealt to Hero [4c 8d]
Dealt to 2cbd1b4b 
Dealt to 8b03a29e 
Dealt to f800a47f 
Dealt to afbe599d 
8b03a29e: folds
f800a47f: folds
afbe599d: folds
Hero: folds
Uncalled bet ($0.05) returned to 2cbd1b4b
*** SHOWDOWN ***
2cbd1b4b collected $0.1 from pot
*** SUMMARY ***
Total pot $0.1 | Rake $0 | Jackpot $0 | Bingo $0 | Fortune $0 | Tax $0
Seat 2: Hero (small blind) folded before Flop
Seat 3: 2cbd1b4b (big blind) collected ($0.1)
Seat 4: 8b03a29e folded before Flop (didn't bet)
Seat 5: f800a47f folded before Flop (didn't bet)
Seat 6: afbe599d (button) folded before Flop (didn't bet)


Poker Hand #HD1787819545: Hold'em No Limit ($0.05/$0.1) - 2024/05/26 00:47:54
Table 'NLHRed1' 6-max Seat #5 is the button
Seat 2: Hero ($11.34 in chips)
Seat 4: 8b03a29e ($16.3 in chips)
Seat 5: f800a47f ($11.38 in chips)
Seat 6: afbe599d ($10 in chips)
afbe599d: posts small blind $0.05
Hero: posts big blind $0.1
*** HOLE CARDS ***
Dealt to Hero [8h 6h]
Dealt to 8b03a29e 
Dealt to f800a47f 
Dealt to afbe599d 
8b03a29e: folds
f800a47f: raises $0.15 to $0.25
afbe599d: folds
Hero: calls $0.15
*** FLOP *** [9s Th 6s]
Hero: checks
f800a47f: checks
*** TURN *** [9s Th 6s] [6c]
Hero: checks
f800a47f: bets $0.28
Hero: raises $0.52 to $0.8
f800a47f: calls $0.52
*** RIVER *** [9s Th 6s 6c] [Ad]
Hero: checks
f800a47f: bets $3.06
Hero: raises $7.23 to $10.29 and is all-in
f800a47f: calls $7.23
Hero: shows [8h 6h] (Three Sixes)
f800a47f: shows [8s 7s] (Tens-High Straight)
*** SHOWDOWN ***
f800a47f collected $21.88 from pot
*** SUMMARY ***
Total pot $22.73 | Rake $0.75 | Jackpot $0.1 | Bingo $0 | Fortune $0 | Tax $0
Board [9s Th 6s 6c Ad]
Seat 2: Hero (big blind) showed [8h 6h] and lost with Three Sixes
Seat 4: 8b03a29e folded before Flop (didn't bet)
Seat 5: f800a47f (button) showed [8s 7s] and won ($21.88) with Tens-High Straight
Seat 6: afbe599d (small blind) folded before Flop


Poker Hand #HD1787819512: Hold'em No Limit ($0.05/$0.1) - 2024/05/26 00:47:32
Table 'NLHRed1' 6-max Seat #4 is the button
Seat 2: Hero ($11.34 in chips)
Seat 4: 8b03a29e ($16.02 in chips)
Seat 5: f800a47f ($11.43 in chips)
Seat 6: afbe599d ($10 in chips)
f800a47f: posts small blind $0.05
afbe599d: posts big blind $0.1
*** HOLE CARDS ***
Dealt to Hero [Ac 5h]
Dealt to 8b03a29e 
Dealt to f800a47f 
Dealt to afbe599d 
Hero: folds
8b03a29e: raises $0.15 to $0.25
f800a47f: folds
afbe599d: calls $0.15
*** FLOP *** [9h 9c 7s]
afbe599d: checks
8b03a29e: bets $0.2
afbe599d: folds
Uncalled bet ($0.2) returned to 8b03a29e
*** SHOWDOWN ***
8b03a29e collected $0.53 from pot
*** SUMMARY ***
Total pot $0.55 | Rake $0.02 | Jackpot $0 | Bingo $0 | Fortune $0 | Tax $0
Board [9h 9c 7s]
Seat 2: Hero folded before Flop (didn't bet)
Seat 4: 8b03a29e (button) won ($0.53)
Seat 5: f800a47f (small blind) folded before Flop
Seat 6: afbe599d (big blind) folded on the Flop


Poker Hand #HD1787819433: Hold'em No Limit ($0.05/$0.1) - 2024/05/26 00:46:52
Table 'NLHRed1' 6-max Seat #3 is the button
Seat 2: Hero ($10.68 in chips)
Seat 3: bd17c638 ($0.57 in chips)
Seat 4: 8b03a29e ($16.07 in chips)
Seat 5: f800a47f ($11.53 in chips)
Seat 6: afbe599d ($10 in chips)
8b03a29e: posts small blind $0.05
f800a47f: posts big blind $0.1
*** HOLE CARDS ***
Dealt to Hero [Ah 9s]
Dealt to bd17c638 
Dealt to 8b03a29e 
Dealt to f800a47f 
Dealt to afbe599d 
afbe599d: folds
Hero: raises $0.14 to $0.24
bd17c638: calls $0.24
8b03a29e: folds
f800a47f: folds
*** FLOP *** [2h 5d As]
Hero: checks
bd17c638: checks
*** TURN *** [2h 5d As] [Jc]
Hero: checks
bd17c638: bets $0.21
Hero: raises $0.35 to $0.56
bd17c638: calls $0.12 and is all-in
Uncalled bet ($0.23) returned to Hero
Hero: shows [Ah 9s] (Pair of Aces)
bd17c638: shows [Qc Jd] (Pair of Jacks)
*** RIVER *** [2h 5d As Jc] [3d]
*** SHOWDOWN ***
Hero collected $1.23 from pot
*** SUMMARY ***
Total pot $1.29 | Rake $0.06 | Jackpot $0 | Bingo $0 | Fortune $0 | Tax $0
Board [2h 5d As Jc 3d]
Seat 2: Hero showed [Ah 9s] and won ($1.23) with Pair of Aces
Seat 3: bd17c638 (button) showed [Qc Jd] and lost with Pair of Jacks
Seat 4: 8b03a29e (small blind) folded before Flop
Seat 5: f800a47f (big blind) folded before Flop
Seat 6: afbe599d folded before Flop (didn't bet)


Poker Hand #HD1787819419: Hold'em No Limit ($0.05/$0.1) - 2024/05/26 00:46:39
Table 'NLHRed1' 6-max Seat #2 is the button
Seat 2: Hero ($10.68 in chips)
Seat 3: bd17c638 ($0.62 in chips)
Seat 4: 8b03a29e ($16.17 in chips)
Seat 5: f800a47f ($11.38 in chips)
Seat 6: afbe599d ($10 in chips)
bd17c638: posts small blind $0.05
8b03a29e: posts big blind $0.1
*** HOLE CARDS ***
Dealt to Hero [4d 6s]
Dealt to bd17c638 
Dealt to 8b03a29e 
Dealt to f800a47f 
Dealt to afbe599d 
f800a47f: raises $0.15 to $0.25
afbe599d: folds
Hero: folds
bd17c638: folds
8b03a29e: folds
Uncalled bet ($0.15) returned to f800a47f
*** SHOWDOWN ***
f800a47f collected $0.25 from pot
*** SUMMARY ***
Total pot $0.25 | Rake $0 | Jackpot $0 | Bingo $0 | Fortune $0 | Tax $0
Seat 2: Hero (button) folded before Flop (didn't bet)
Seat 3: bd17c638 (small blind) folded before Flop
Seat 4: 8b03a29e (big blind) folded before Flop
Seat 5: f800a47f collected ($0.25)
Seat 6: afbe599d folded before Flop (didn't bet)


Poker Hand #HD1787819375: Hold'em No Limit ($0.05/$0.1) - 2024/05/26 00:46:15
Table 'NLHRed1' 6-max Seat #6 is the button
Seat 2: Hero ($10.41 in chips)
Seat 3: bd17c638 ($0.92 in chips)
Seat 4: 8b03a29e ($16.17 in chips)
Seat 5: f800a47f ($11.38 in chips)
Seat 6: afbe599d ($10 in chips)
Hero: posts small blind $0.05
bd17c638: posts big blind $0.1
*** HOLE CARDS ***
Dealt to Hero [Kd Th]
Dealt to bd17c638 
Dealt to 8b03a29e 
Dealt to f800a47f 
Dealt to afbe599d 
8b03a29e: folds
f800a47f: folds
afbe599d: folds
Hero: raises $0.2 to $0.3
bd17c638: calls $0.2
*** FLOP *** [Js Kc Qc]
Hero: bets $0.7
bd17c638: folds
Uncalled bet ($0.7) returned to Hero
*** SHOWDOWN ***
Hero collected $0.57 from pot
*** SUMMARY ***
Total pot $0.6 | Rake $0.03 | Jackpot $0 | Bingo $0 | Fortune $0 | Tax $0
Board [Js Kc Qc]
Seat 2: Hero (small blind) won ($0.57)
Seat 3: bd17c638 (big blind) folded on the Flop
Seat 4: 8b03a29e folded before Flop (didn't bet)
Seat 5: f800a47f folded before Flop (didn't bet)
Seat 6: afbe599d (button) folded before Flop (didn't bet)


Poker Hand #HD1787819290: Hold'em No Limit ($0.05/$0.1) - 2024/05/26 00:45:29
Table 'NLHRed1' 6-max Seat #5 is the button
Seat 2: Hero ($10 in chips)
Seat 3: bd17c638 ($1.32 in chips)
Seat 4: 8b03a29e ($16.17 in chips)
Seat 5: f800a47f ($11.38 in chips)
Seat 6: afbe599d ($10 in chips)
afbe599d: posts small blind $0.05
Hero: posts big blind $0.1
*** HOLE CARDS ***
Dealt to Hero [6s Ts]
Dealt to bd17c638 
Dealt to 8b03a29e 
Dealt to f800a47f 
Dealt to afbe599d 
bd17c638: calls $0.1
8b03a29e: folds
f800a47f: folds
afbe599d: folds
Hero: checks
*** FLOP *** [2s 6c Ad]
Hero: checks
bd17c638: bets $0.13
Hero: calls $0.13
*** TURN *** [2s 6c Ad] [4s]
Hero: checks
bd17c638: bets $0.17
Hero: calls $0.17
*** RIVER *** [2s 6c Ad 4s] [As]
Hero: checks
bd17c638: checks
Hero: shows [6s Ts] (Ace High Flush)
bd17c638: shows [2c Jc] (Pair of Aces and Pair of Twos)
*** SHOWDOWN ***
Hero collected $0.81 from pot
*** SUMMARY ***
Total pot $0.85 | Rake $0.04 | Jackpot $0 | Bingo $0 | Fortune $0 | Tax $0
Board [2s 6c Ad 4s As]
Seat 2: Hero (big blind) showed [6s Ts] and won ($0.81) with Ace High Flush
Seat 3: bd17c638 showed [2c Jc] and lost with Pair of Aces and Pair of Twos
Seat 4: 8b03a29e folded before Flop (didn't bet)
Seat 5: f800a47f (button) folded before Flop (didn't bet)
Seat 6: afbe599d (small blind) folded before Flop


