Poker Hand #HD1715321606: Hold'em No Limit ($0.02/$0.05) - 2024/04/04 15:06:34
Table 'NLHBlue1' 6-max Seat #5 is the button
Seat 2: 37f132ed ($0.85 in chips)
Seat 3: Hero ($7.19 in chips)
Seat 4: d0bd3c2 ($5.8 in chips)
Seat 5: dc21c944 ($5.93 in chips)
Seat 6: 9cce01d5 ($0.95 in chips)
9cce01d5: posts small blind $0.02
37f132ed: posts big blind $0.05
*** HOLE CARDS ***
Dealt to 37f132ed 
Dealt to Hero [5c Jh]
Dealt to d0bd3c2 
Dealt to dc21c944 
Dealt to 9cce01d5 
Hero: folds
d0bd3c2: folds
dc21c944: raises $0.1 to $0.15
9cce01d5: folds
37f132ed: calls $0.1
*** FLOP *** [Kc 6s 3d]
37f132ed: bets $0.11
dc21c944: calls $0.11
*** TURN *** [Kc 6s 3d] [Qd]
37f132ed: bets $0.18
dc21c944: raises $0.68 to $0.86
37f132ed: calls $0.41 and is all-in
Uncalled bet ($0.27) returned to dc21c944
dc21c944: shows [Ks Qs] (Pair of Kings and Pair of Queens)
37f132ed: shows [Ac Jd] (Ace-High)
*** RIVER *** [Kc 6s 3d Qd] [3c]
*** SHOWDOWN ***
dc21c944 collected $1.59 from pot
*** SUMMARY ***
Total pot $1.72 | Rake $0.08 | Jackpot $0.05 | Bingo $0 | Fortune $0 | Tax $0
Board [Kc 6s 3d Qd 3c]
Seat 2: 37f132ed (big blind) showed [Ac Jd] and lost with Pair of Treys
Seat 3: Hero folded before Flop (didn't bet)
Seat 4: d0bd3c2 folded before Flop (didn't bet)
Seat 5: dc21c944 (button) showed [Ks Qs] and won ($1.59) with Pair of Kings and Pair of Queens
Seat 6: 9cce01d5 (small blind) folded before Flop


Poker Hand #HD1715321564: Hold'em No Limit ($0.02/$0.05) - 2024/04/04 15:06:17
Table 'NLHBlue1' 6-max Seat #4 is the button
Seat 2: 37f132ed ($0.78 in chips)
Seat 3: Hero ($7.19 in chips)
Seat 4: d0bd3c2 ($5.8 in chips)
Seat 5: dc21c944 ($5.95 in chips)
Seat 6: 9cce01d5 ($1 in chips)
dc21c944: posts small blind $0.02
9cce01d5: posts big blind $0.05
*** HOLE CARDS ***
Dealt to 37f132ed 
Dealt to Hero [4d 9d]
Dealt to d0bd3c2 
Dealt to dc21c944 
Dealt to 9cce01d5 
37f132ed: raises $0.05 to $0.1
Hero: folds
d0bd3c2: folds
dc21c944: folds
9cce01d5: folds
Uncalled bet ($0.05) returned to 37f132ed
*** SHOWDOWN ***
37f132ed collected $0.12 from pot
*** SUMMARY ***
Total pot $0.12 | Rake $0 | Jackpot $0 | Bingo $0 | Fortune $0 | Tax $0
Seat 2: 37f132ed collected ($0.12)
Seat 3: Hero folded before Flop (didn't bet)
Seat 4: d0bd3c2 (button) folded before Flop (didn't bet)
Seat 5: dc21c944 (small blind) folded before Flop
Seat 6: 9cce01d5 (big blind) folded before Flop


Poker Hand #HD1715321523: Hold'em No Limit ($0.02/$0.05) - 2024/04/04 15:05:56
Table 'NLHBlue1' 6-max Seat #3 is the button
Seat 2: 37f132ed ($0.78 in chips)
Seat 3: Hero ($7.12 in chips)
Seat 4: d0bd3c2 ($5.82 in chips)
Seat 5: dc21c944 ($6 in chips)
d0bd3c2: posts small blind $0.02
dc21c944: posts big blind $0.05
*** HOLE CARDS ***
Dealt to 37f132ed 
Dealt to Hero [Ah 3h]
Dealt to d0bd3c2 
Dealt to dc21c944 
37f132ed: folds
Hero: raises $0.08 to $0.13
d0bd3c2: folds
dc21c944: folds
Uncalled bet ($0.08) returned to Hero
*** SHOWDOWN ***
Hero collected $0.12 from pot
*** SUMMARY ***
Total pot $0.12 | Rake $0 | Jackpot $0 | Bingo $0 | Fortune $0 | Tax $0
Seat 2: 37f132ed folded before Flop (didn't bet)
Seat 3: Hero (button) collected ($0.12)
Seat 4: d0bd3c2 (small blind) folded before Flop
Seat 5: dc21c944 (big blind) folded before Flop


Poker Hand #HD1715321486: Hold'em No Limit ($0.02/$0.05) - 2024/04/04 15:05:42
Table 'NLHBlue1' 6-max Seat #2 is the button
Seat 1: d157bca9 ($6.7 in chips)
Seat 2: 37f132ed ($0.78 in chips)
Seat 3: Hero ($7.07 in chips)
Seat 4: d0bd3c2 ($5.87 in chips)
Seat 5: dc21c944 ($6 in chips)
Hero: posts small blind $0.02
d0bd3c2: posts big blind $0.05
*** HOLE CARDS ***
Dealt to d157bca9 
Dealt to 37f132ed 
Dealt to Hero [9s 9d]
Dealt to d0bd3c2 
Dealt to dc21c944 
dc21c944: folds
d157bca9: folds
37f132ed: folds
Hero: raises $0.1 to $0.15
d0bd3c2: folds
Uncalled bet ($0.1) returned to Hero
*** SHOWDOWN ***
Hero collected $0.1 from pot
*** SUMMARY ***
Total pot $0.1 | Rake $0 | Jackpot $0 | Bingo $0 | Fortune $0 | Tax $0
Seat 1: d157bca9 folded before Flop (didn't bet)
Seat 2: 37f132ed (button) folded before Flop (didn't bet)
Seat 3: Hero (small blind) collected ($0.1)
Seat 4: d0bd3c2 (big blind) folded before Flop
Seat 5: dc21c944 folded before Flop (didn't bet)


Poker Hand #HD1715321406: Hold'em No Limit ($0.02/$0.05) - 2024/04/04 15:05:05
Table 'NLHBlue1' 6-max Seat #1 is the button
Seat 1: d157bca9 ($6.63 in chips)
Seat 2: 37f132ed ($0.8 in chips)
Seat 3: Hero ($7.12 in chips)
Seat 4: d0bd3c2 ($5.87 in chips)
Seat 5: dc21c944 ($6 in chips)
37f132ed: posts small blind $0.02
Hero: posts big blind $0.05
*** HOLE CARDS ***
Dealt to d157bca9 
Dealt to 37f132ed 
Dealt to Hero [4d Js]
Dealt to d0bd3c2 
Dealt to dc21c944 
d0bd3c2: folds
dc21c944: folds
d157bca9: raises $0.08 to $0.13
37f132ed: folds
Hero: folds
Uncalled bet ($0.08) returned to d157bca9
*** SHOWDOWN ***
d157bca9 collected $0.12 from pot
*** SUMMARY ***
Total pot $0.12 | Rake $0 | Jackpot $0 | Bingo $0 | Fortune $0 | Tax $0
Seat 1: d157bca9 (button) collected ($0.12)
Seat 2: 37f132ed (small blind) folded before Flop
Seat 3: Hero (big blind) folded before Flop
Seat 4: d0bd3c2 folded before Flop (didn't bet)
Seat 5: dc21c944 folded before Flop (didn't bet)


Poker Hand #HD1715321265: Hold'em No Limit ($0.02/$0.05) - 2024/04/04 15:03:52
Table 'NLHBlue1' 6-max Seat #5 is the button
Seat 1: d157bca9 ($6 in chips)
Seat 2: 37f132ed ($1.5 in chips)
Seat 3: Hero ($7.12 in chips)
Seat 4: d0bd3c2 ($5.87 in chips)
Seat 5: dc21c944 ($6 in chips)
d157bca9: posts small blind $0.02
37f132ed: posts big blind $0.05
*** HOLE CARDS ***
Dealt to d157bca9 
Dealt to 37f132ed 
Dealt to Hero [9s Td]
Dealt to d0bd3c2 
Dealt to dc21c944 
Hero: folds
d0bd3c2: folds
dc21c944: folds
d157bca9: raises $0.1 to $0.15
37f132ed: calls $0.1
*** FLOP *** [As Kh 3d]
d157bca9: checks
37f132ed: bets $0.1
d157bca9: calls $0.1
*** TURN *** [As Kh 3d] [5d]
d157bca9: checks
37f132ed: bets $0.17
d157bca9: calls $0.17
*** RIVER *** [As Kh 3d 5d] [7h]
d157bca9: checks
37f132ed: bets $0.28
d157bca9: calls $0.28
37f132ed: shows [Qd Js] (Ace-High)
d157bca9: shows [Tc Ad] (Pair of Aces)
*** SHOWDOWN ***
d157bca9 collected $1.33 from pot
*** SUMMARY ***
Total pot $1.4 | Rake $0.07 | Jackpot $0 | Bingo $0 | Fortune $0 | Tax $0
Board [As Kh 3d 5d 7h]
Seat 1: d157bca9 (small blind) showed [Tc Ad] and won ($1.33) with Pair of Aces
Seat 2: 37f132ed (big blind) showed [Qd Js] and lost with Ace-High
Seat 3: Hero folded before Flop (didn't bet)
Seat 4: d0bd3c2 folded before Flop (didn't bet)
Seat 5: dc21c944 (button) folded before Flop (didn't bet)


Poker Hand #HD1715321113: Hold'em No Limit ($0.02/$0.05) - 2024/04/04 15:02:33
Table 'NLHBlue1' 6-max Seat #4 is the button
Seat 1: d157bca9 ($6 in chips)
Seat 3: Hero ($5.14 in chips)
Seat 4: d0bd3c2 ($5.87 in chips)
Seat 5: dc21c944 ($6.02 in chips)
Seat 6: f8211039 ($2.23 in chips)
dc21c944: posts small blind $0.02
f8211039: posts big blind $0.05
*** HOLE CARDS ***
Dealt to d157bca9 
Dealt to Hero [Kh Ad]
Dealt to d0bd3c2 
Dealt to dc21c944 
Dealt to f8211039 
d157bca9: folds
Hero: raises $0.08 to $0.13
d0bd3c2: folds
dc21c944: folds
f8211039: calls $0.08
*** FLOP *** [Jh Kd Ts]
f8211039: checks
Hero: bets $0.15
f8211039: raises $0.58 to $0.73
Hero: calls $0.58
*** TURN *** [Jh Kd Ts] [Kc]
f8211039: checks
Hero: bets $0.55
f8211039: calls $0.55
*** RIVER *** [Jh Kd Ts Kc] [3h]
f8211039: checks
Hero: bets $0.94
f8211039: calls $0.82 and is all-in
Uncalled bet ($0.12) returned to Hero
Hero: shows [Kh Ad] (Three Kings)
f8211039: shows [Jc Qd] (Pair of Kings and Pair of Jacks)
*** SHOWDOWN ***
Hero collected $4.21 from pot
*** SUMMARY ***
Total pot $4.48 | Rake $0.22 | Jackpot $0.05 | Bingo $0 | Fortune $0 | Tax $0
Board [Jh Kd Ts Kc 3h]
Seat 1: d157bca9 folded before Flop (didn't bet)
Seat 3: Hero showed [Kh Ad] and won ($4.21) with Three Kings
Seat 4: d0bd3c2 (button) folded before Flop (didn't bet)
Seat 5: dc21c944 (small blind) folded before Flop
Seat 6: f8211039 (big blind) showed [Jc Qd] and lost with Pair of Kings and Pair of Jacks


Poker Hand #HD1715321091: Hold'em No Limit ($0.02/$0.05) - 2024/04/04 15:02:25
Table 'NLHBlue1' 6-max Seat #3 is the button
Seat 1: d157bca9 ($6 in chips)
Seat 3: Hero ($5.14 in chips)
Seat 4: d0bd3c2 ($5.89 in chips)
Seat 5: dc21c944 ($6 in chips)
Seat 6: f8211039 ($2.23 in chips)
d0bd3c2: posts small blind $0.02
dc21c944: posts big blind $0.05
*** HOLE CARDS ***
Dealt to d157bca9 
Dealt to Hero [4c Ks]
Dealt to d0bd3c2 
Dealt to dc21c944 
Dealt to f8211039 
f8211039: folds
d157bca9: folds
Hero: folds
d0bd3c2: folds
Uncalled bet ($0.03) returned to dc21c944
*** SHOWDOWN ***
dc21c944 collected $0.04 from pot
*** SUMMARY ***
Total pot $0.04 | Rake $0 | Jackpot $0 | Bingo $0 | Fortune $0 | Tax $0
Seat 1: d157bca9 folded before Flop (didn't bet)
Seat 3: Hero (button) folded before Flop (didn't bet)
Seat 4: d0bd3c2 (small blind) folded before Flop
Seat 5: dc21c944 (big blind) collected ($0.04)
Seat 6: f8211039 folded before Flop (didn't bet)


Poker Hand #HD1715320901: Hold'em No Limit ($0.02/$0.05) - 2024/04/04 15:00:50
Table 'NLHBlue1' 6-max Seat #1 is the button
Seat 1: d157bca9 ($6.79 in chips)
Seat 3: Hero ($5.16 in chips)
Seat 4: d0bd3c2 ($5.22 in chips)
Seat 5: dc21c944 ($6 in chips)
Seat 6: f8211039 ($2.23 in chips)
Hero: posts small blind $0.02
d0bd3c2: posts big blind $0.05
*** HOLE CARDS ***
Dealt to d157bca9 
Dealt to Hero [Qs 5d]
Dealt to d0bd3c2 
Dealt to dc21c944 
Dealt to f8211039 
dc21c944: folds
f8211039: folds
d157bca9: raises $0.08 to $0.13
Hero: folds
d0bd3c2: raises $0.26 to $0.39
d157bca9: calls $0.26
*** FLOP *** [9c 6s Ts]
d0bd3c2: checks
d157bca9: checks
*** TURN *** [9c 6s Ts] [Th]
d0bd3c2: checks
d157bca9: bets $0.4
d0bd3c2: raises $0.53 to $0.93
d157bca9: folds
Uncalled bet ($0.53) returned to d0bd3c2
*** SHOWDOWN ***
d0bd3c2 collected $1.46 from pot
*** SUMMARY ***
Total pot $1.6 | Rake $0.09 | Jackpot $0.05 | Bingo $0 | Fortune $0 | Tax $0
Board [9c 6s Ts Th]
Seat 1: d157bca9 (button) folded on the Turn
Seat 3: Hero (small blind) folded before Flop
Seat 4: d0bd3c2 (big blind) won ($1.46)
Seat 5: dc21c944 folded before Flop (didn't bet)
Seat 6: f8211039 folded before Flop (didn't bet)


Poker Hand #HD1715320877: Hold'em No Limit ($0.02/$0.05) - 2024/04/04 15:00:36
Table 'NLHBlue1' 6-max Seat #6 is the button
Seat 1: d157bca9 ($6.81 in chips)
Seat 3: Hero ($5.14 in chips)
Seat 4: d0bd3c2 ($5.22 in chips)
Seat 5: dc21c944 ($6 in chips)
Seat 6: f8211039 ($2.23 in chips)
d157bca9: posts small blind $0.02
Hero: posts big blind $0.05
*** HOLE CARDS ***
Dealt to d157bca9 
Dealt to Hero [6s 8s]
Dealt to d0bd3c2 
Dealt to dc21c944 
Dealt to f8211039 
d0bd3c2: folds
dc21c944: folds
f8211039: folds
d157bca9: folds
Uncalled bet ($0.03) returned to Hero
*** SHOWDOWN ***
Hero collected $0.04 from pot
*** SUMMARY ***
Total pot $0.04 | Rake $0 | Jackpot $0 | Bingo $0 | Fortune $0 | Tax $0
Seat 1: d157bca9 (small blind) folded before Flop
Seat 3: Hero (big blind) collected ($0.04)
Seat 4: d0bd3c2 folded before Flop (didn't bet)
Seat 5: dc21c944 folded before Flop (didn't bet)
Seat 6: f8211039 (button) folded before Flop (didn't bet)


Poker Hand #HD1715320712: Hold'em No Limit ($0.02/$0.05) - 2024/04/04 14:59:21
Table 'NLHBlue1' 6-max Seat #5 is the button
Seat 1: d157bca9 ($6.27 in chips)
Seat 3: Hero ($5.14 in chips)
Seat 4: d0bd3c2 ($5.22 in chips)
Seat 5: dc21c944 ($6 in chips)
Seat 6: f8211039 ($2.83 in chips)
f8211039: posts small blind $0.02
d157bca9: posts big blind $0.05
*** HOLE CARDS ***
Dealt to d157bca9 
Dealt to Hero [3c Ts]
Dealt to d0bd3c2 
Dealt to dc21c944 
Dealt to f8211039 
Hero: folds
d0bd3c2: folds
dc21c944: folds
f8211039: raises $0.1 to $0.15
d157bca9: calls $0.1
*** FLOP *** [8c Qs 9s]
f8211039: bets $0.15
d157bca9: calls $0.15
*** TURN *** [8c Qs 9s] [Ac]
f8211039: checks
d157bca9: bets $0.3
f8211039: calls $0.3
*** RIVER *** [8c Qs 9s Ac] [9h]
f8211039: checks
d157bca9: bets $0.6
f8211039: folds
Uncalled bet ($0.6) returned to d157bca9
f8211039: shows [Kd] (Pair of Nines)
*** SHOWDOWN ***
d157bca9 collected $1.14 from pot
*** SUMMARY ***
Total pot $1.2 | Rake $0.06 | Jackpot $0 | Bingo $0 | Fortune $0 | Tax $0
Board [8c Qs 9s Ac 9h]
Seat 1: d157bca9 (big blind) won ($1.14)
Seat 3: Hero folded before Flop (didn't bet)
Seat 4: d0bd3c2 folded before Flop (didn't bet)
Seat 5: dc21c944 (button) folded before Flop (didn't bet)
Seat 6: f8211039 (small blind) folded on the River


Poker Hand #HD1715320653: Hold'em No Limit ($0.02/$0.05) - 2024/04/04 14:58:51
Table 'NLHBlue1' 6-max Seat #4 is the button
Seat 1: d157bca9 ($6.27 in chips)
Seat 3: Hero ($5.27 in chips)
Seat 4: d0bd3c2 ($5.04 in chips)
Seat 5: dc21c944 ($6.02 in chips)
Seat 6: f8211039 ($2.88 in chips)
dc21c944: posts small blind $0.02
f8211039: posts big blind $0.05
*** HOLE CARDS ***
Dealt to d157bca9 
Dealt to Hero [Jh Tc]
Dealt to d0bd3c2 
Dealt to dc21c944 
Dealt to f8211039 
d157bca9: folds
Hero: raises $0.08 to $0.13
d0bd3c2: raises $0.27 to $0.4
dc21c944: folds
f8211039: folds
Hero: folds
Uncalled bet ($0.27) returned to d0bd3c2
*** SHOWDOWN ***
d0bd3c2 collected $0.31 from pot
*** SUMMARY ***
Total pot $0.33 | Rake $0.02 | Jackpot $0 | Bingo $0 | Fortune $0 | Tax $0
Seat 1: d157bca9 folded before Flop (didn't bet)
Seat 3: Hero folded before Flop
Seat 4: d0bd3c2 (button) collected ($0.31)
Seat 5: dc21c944 (small blind) folded before Flop
Seat 6: f8211039 (big blind) folded before Flop


Poker Hand #HD1715320602: Hold'em No Limit ($0.02/$0.05) - 2024/04/04 14:58:30
Table 'NLHBlue1' 6-max Seat #3 is the button
Seat 1: d157bca9 ($6.2 in chips)
Seat 3: Hero ($5.27 in chips)
Seat 4: d0bd3c2 ($5.06 in chips)
Seat 5: dc21c944 ($6.07 in chips)
Seat 6: f8211039 ($2.88 in chips)
d0bd3c2: posts small blind $0.02
dc21c944: posts big blind $0.05
*** HOLE CARDS ***
Dealt to d157bca9 
Dealt to Hero [Ks 2s]
Dealt to d0bd3c2 
Dealt to dc21c944 
Dealt to f8211039 
f8211039: folds
d157bca9: raises $0.08 to $0.13
Hero: folds
d0bd3c2: folds
dc21c944: folds
Uncalled bet ($0.08) returned to d157bca9
*** SHOWDOWN ***
d157bca9 collected $0.12 from pot
*** SUMMARY ***
Total pot $0.12 | Rake $0 | Jackpot $0 | Bingo $0 | Fortune $0 | Tax $0
Seat 1: d157bca9 collected ($0.12)
Seat 3: Hero (button) folded before Flop (didn't bet)
Seat 4: d0bd3c2 (small blind) folded before Flop
Seat 5: dc21c944 (big blind) folded before Flop
Seat 6: f8211039 folded before Flop (didn't bet)


Poker Hand #HD1715320503: Hold'em No Limit ($0.02/$0.05) - 2024/04/04 14:57:47
Table 'NLHBlue1' 6-max Seat #2 is the button
Seat 1: d157bca9 ($6.33 in chips)
Seat 2: 942e2c06 ($5.11 in chips)
Seat 3: Hero ($5.29 in chips)
Seat 4: d0bd3c2 ($5.11 in chips)
Seat 5: dc21c944 ($5.88 in chips)
Seat 6: f8211039 ($2.88 in chips)
Hero: posts small blind $0.02
d0bd3c2: posts big blind $0.05
*** HOLE CARDS ***
Dealt to d157bca9 
Dealt to 942e2c06 
Dealt to Hero [Qc 5s]
Dealt to d0bd3c2 
Dealt to dc21c944 
Dealt to f8211039 
dc21c944: raises $0.08 to $0.13
f8211039: folds
d157bca9: calls $0.13
942e2c06: folds
Hero: folds
d0bd3c2: folds
*** FLOP *** [9h Kc Js]
dc21c944: bets $0.17
d157bca9: folds
Uncalled bet ($0.17) returned to dc21c944
*** SHOWDOWN ***
dc21c944 collected $0.32 from pot
*** SUMMARY ***
Total pot $0.33 | Rake $0.01 | Jackpot $0 | Bingo $0 | Fortune $0 | Tax $0
Board [9h Kc Js]
Seat 1: d157bca9 folded on the Flop
Seat 2: 942e2c06 (button) folded before Flop (didn't bet)
Seat 3: Hero (small blind) folded before Flop
Seat 4: d0bd3c2 (big blind) folded before Flop
Seat 5: dc21c944 won ($0.32)
Seat 6: f8211039 folded before Flop (didn't bet)


Poker Hand #HD1715320351: Hold'em No Limit ($0.02/$0.05) - 2024/04/04 14:56:33
Table 'NLHBlue1' 6-max Seat #1 is the button
Seat 1: d157bca9 ($6.33 in chips)
Seat 2: 942e2c06 ($5.13 in chips)
Seat 3: Hero ($5 in chips)
Seat 4: d0bd3c2 ($5.41 in chips)
Seat 5: dc21c944 ($5.88 in chips)
Seat 6: f8211039 ($2.88 in chips)
942e2c06: posts small blind $0.02
Hero: posts big blind $0.05
*** HOLE CARDS ***
Dealt to d157bca9 
Dealt to 942e2c06 
Dealt to Hero [Kh Qc]
Dealt to d0bd3c2 
Dealt to dc21c944 
Dealt to f8211039 
d0bd3c2: raises $0.1 to $0.15
dc21c944: folds
f8211039: folds
d157bca9: folds
942e2c06: folds
Hero: calls $0.1
*** FLOP *** [Kd 5d 4c]
Hero: checks
d0bd3c2: checks
*** TURN *** [Kd 5d 4c] [Th]
Hero: bets $0.15
d0bd3c2: calls $0.15
*** RIVER *** [Kd 5d 4c Th] [7c]
Hero: bets $0.3
d0bd3c2: folds
Uncalled bet ($0.3) returned to Hero
*** SHOWDOWN ***
Hero collected $0.59 from pot
*** SUMMARY ***
Total pot $0.62 | Rake $0.03 | Jackpot $0 | Bingo $0 | Fortune $0 | Tax $0
Board [Kd 5d 4c Th 7c]
Seat 1: d157bca9 (button) folded before Flop (didn't bet)
Seat 2: 942e2c06 (small blind) folded before Flop
Seat 3: Hero (big blind) won ($0.59)
Seat 4: d0bd3c2 folded on the River
Seat 5: dc21c944 folded before Flop (didn't bet)
Seat 6: f8211039 folded before Flop (didn't bet)


