Poker Hand #HD1755869468: Hold'em No Limit ($0.05/$0.1) - 2024/05/02 19:55:11
Table 'NLHRed81' 6-max Seat #2 is the button
Seat 1: 50d9098a ($19.03 in chips)
Seat 2: 5b7d1e73 ($16.41 in chips)
Seat 3: bbdc6aa3 ($16.13 in chips)
Seat 4: e2fd0bf3 ($15.64 in chips)
Seat 5: 8f52a73e ($10 in chips)
Seat 6: Hero ($10.02 in chips)
bbdc6aa3: posts small blind $0.05
e2fd0bf3: posts big blind $0.1
*** HOLE CARDS ***
Dealt to 50d9098a 
Dealt to 5b7d1e73 
Dealt to bbdc6aa3 
Dealt to e2fd0bf3 
Dealt to 8f52a73e 
Dealt to Hero [4s Kc]
8f52a73e: folds
Hero: folds
50d9098a: raises $0.13 to $0.23
5b7d1e73: folds
bbdc6aa3: folds
e2fd0bf3: folds
Uncalled bet ($0.13) returned to 50d9098a
*** SHOWDOWN ***
50d9098a collected $0.25 from pot
*** SUMMARY ***
Total pot $0.25 | Rake $0 | Jackpot $0 | Bingo $0 | Fortune $0 | Tax $0
Seat 1: 50d9098a collected ($0.25)
Seat 2: 5b7d1e73 (button) folded before Flop (didn't bet)
Seat 3: bbdc6aa3 (small blind) folded before Flop
Seat 4: e2fd0bf3 (big blind) folded before Flop
Seat 5: 8f52a73e folded before Flop (didn't bet)
Seat 6: Hero folded before Flop (didn't bet)


Poker Hand #HD1755869424: Hold'em No Limit ($0.05/$0.1) - 2024/05/02 19:54:52
Table 'NLHRed81' 6-max Seat #1 is the button
Seat 1: 50d9098a ($19.03 in chips)
Seat 2: 5b7d1e73 ($16.46 in chips)
Seat 3: bbdc6aa3 ($16.08 in chips)
Seat 4: e2fd0bf3 ($15.64 in chips)
Seat 5: 8f52a73e ($10 in chips)
Seat 6: Hero ($10.02 in chips)
5b7d1e73: posts small blind $0.05
bbdc6aa3: posts big blind $0.1
*** HOLE CARDS ***
Dealt to 50d9098a 
Dealt to 5b7d1e73 
Dealt to bbdc6aa3 
Dealt to e2fd0bf3 
Dealt to 8f52a73e 
Dealt to Hero [4c 6h]
e2fd0bf3: folds
8f52a73e: folds
Hero: folds
50d9098a: folds
5b7d1e73: folds
Uncalled bet ($0.05) returned to bbdc6aa3
*** SHOWDOWN ***
bbdc6aa3 collected $0.1 from pot
*** SUMMARY ***
Total pot $0.1 | Rake $0 | Jackpot $0 | Bingo $0 | Fortune $0 | Tax $0
Seat 1: 50d9098a (button) folded before Flop (didn't bet)
Seat 2: 5b7d1e73 (small blind) folded before Flop
Seat 3: bbdc6aa3 (big blind) collected ($0.1)
Seat 4: e2fd0bf3 folded before Flop (didn't bet)
Seat 5: 8f52a73e folded before Flop (didn't bet)
Seat 6: Hero folded before Flop (didn't bet)


Poker Hand #HD1755869250: Hold'em No Limit ($0.05/$0.1) - 2024/05/02 19:53:17
Table 'NLHRed81' 6-max Seat #6 is the button
Seat 1: 50d9098a ($15.98 in chips)
Seat 2: 5b7d1e73 ($19.95 in chips)
Seat 3: bbdc6aa3 ($16.08 in chips)
Seat 4: e2fd0bf3 ($15.64 in chips)
Seat 5: 8f52a73e ($10 in chips)
Seat 6: Hero ($10.02 in chips)
50d9098a: posts small blind $0.05
5b7d1e73: posts big blind $0.1
*** HOLE CARDS ***
Dealt to 50d9098a 
Dealt to 5b7d1e73 
Dealt to bbdc6aa3 
Dealt to e2fd0bf3 
Dealt to 8f52a73e 
Dealt to Hero [7d 5s]
bbdc6aa3: folds
e2fd0bf3: folds
8f52a73e: folds
Hero: folds
50d9098a: raises $0.2 to $0.3
5b7d1e73: raises $0.7 to $1
50d9098a: raises $1.1 to $2.1
5b7d1e73: calls $1.1
*** FLOP *** [Td 5c 8s]
50d9098a: bets $1.39
5b7d1e73: calls $1.39
*** TURN *** [Td 5c 8s] [7s]
50d9098a: bets $2.31
5b7d1e73: folds
Uncalled bet ($2.31) returned to 50d9098a
*** SHOWDOWN ***
50d9098a collected $6.54 from pot
*** SUMMARY ***
Total pot $6.98 | Rake $0.34 | Jackpot $0.1 | Bingo $0 | Fortune $0 | Tax $0
Board [Td 5c 8s 7s]
Seat 1: 50d9098a (small blind) won ($6.54)
Seat 2: 5b7d1e73 (big blind) folded on the Turn
Seat 3: bbdc6aa3 folded before Flop (didn't bet)
Seat 4: e2fd0bf3 folded before Flop (didn't bet)
Seat 5: 8f52a73e folded before Flop (didn't bet)
Seat 6: Hero (button) folded before Flop (didn't bet)


Poker Hand #HD1755869188: Hold'em No Limit ($0.05/$0.1) - 2024/05/02 19:52:51
Table 'NLHRed81' 6-max Seat #5 is the button
Seat 1: 50d9098a ($16.08 in chips)
Seat 2: 5b7d1e73 ($19.95 in chips)
Seat 3: bbdc6aa3 ($16.08 in chips)
Seat 4: e2fd0bf3 ($15.49 in chips)
Seat 5: 8f52a73e ($10 in chips)
Seat 6: Hero ($10.07 in chips)
Hero: posts small blind $0.05
50d9098a: posts big blind $0.1
*** HOLE CARDS ***
Dealt to 50d9098a 
Dealt to 5b7d1e73 
Dealt to bbdc6aa3 
Dealt to e2fd0bf3 
Dealt to 8f52a73e 
Dealt to Hero [Kh 9d]
5b7d1e73: folds
bbdc6aa3: folds
e2fd0bf3: raises $0.1 to $0.2
8f52a73e: folds
Hero: folds
50d9098a: folds
Uncalled bet ($0.1) returned to e2fd0bf3
*** SHOWDOWN ***
e2fd0bf3 collected $0.25 from pot
*** SUMMARY ***
Total pot $0.25 | Rake $0 | Jackpot $0 | Bingo $0 | Fortune $0 | Tax $0
Seat 1: 50d9098a (big blind) folded before Flop
Seat 2: 5b7d1e73 folded before Flop (didn't bet)
Seat 3: bbdc6aa3 folded before Flop (didn't bet)
Seat 4: e2fd0bf3 collected ($0.25)
Seat 5: 8f52a73e (button) folded before Flop (didn't bet)
Seat 6: Hero (small blind) folded before Flop


Poker Hand #HD1755869062: Hold'em No Limit ($0.05/$0.1) - 2024/05/02 19:51:47
Table 'NLHRed81' 6-max Seat #4 is the button
Seat 1: 50d9098a ($16.08 in chips)
Seat 2: 5b7d1e73 ($19.95 in chips)
Seat 3: bbdc6aa3 ($16.08 in chips)
Seat 4: e2fd0bf3 ($15.17 in chips)
Seat 5: 8f52a73e ($10 in chips)
Seat 6: Hero ($10.37 in chips)
8f52a73e: posts small blind $0.05
Hero: posts big blind $0.1
*** HOLE CARDS ***
Dealt to 50d9098a 
Dealt to 5b7d1e73 
Dealt to bbdc6aa3 
Dealt to e2fd0bf3 
Dealt to 8f52a73e 
Dealt to Hero [Ks Td]
50d9098a: folds
5b7d1e73: folds
bbdc6aa3: folds
e2fd0bf3: raises $0.2 to $0.3
8f52a73e: folds
Hero: calls $0.2
*** FLOP *** [2d 4s Ad]
Hero: checks
e2fd0bf3: checks
*** TURN *** [2d 4s Ad] [Qh]
Hero: checks
e2fd0bf3: bets $0.45
Hero: folds
Uncalled bet ($0.45) returned to e2fd0bf3
*** SHOWDOWN ***
e2fd0bf3 collected $0.62 from pot
*** SUMMARY ***
Total pot $0.65 | Rake $0.03 | Jackpot $0 | Bingo $0 | Fortune $0 | Tax $0
Board [2d 4s Ad Qh]
Seat 1: 50d9098a folded before Flop (didn't bet)
Seat 2: 5b7d1e73 folded before Flop (didn't bet)
Seat 3: bbdc6aa3 folded before Flop (didn't bet)
Seat 4: e2fd0bf3 (button) won ($0.62)
Seat 5: 8f52a73e (small blind) folded before Flop
Seat 6: Hero (big blind) folded on the Turn


Poker Hand #HD1755869034: Hold'em No Limit ($0.05/$0.1) - 2024/05/02 19:51:29
Table 'NLHRed81' 6-max Seat #3 is the button
Seat 1: 50d9098a ($16.08 in chips)
Seat 2: 5b7d1e73 ($19.95 in chips)
Seat 3: bbdc6aa3 ($15.93 in chips)
Seat 4: e2fd0bf3 ($15.22 in chips)
Seat 5: 8f52a73e ($10 in chips)
Seat 6: Hero ($10.37 in chips)
e2fd0bf3: posts small blind $0.05
8f52a73e: posts big blind $0.1
*** HOLE CARDS ***
Dealt to 50d9098a 
Dealt to 5b7d1e73 
Dealt to bbdc6aa3 
Dealt to e2fd0bf3 
Dealt to 8f52a73e 
Dealt to Hero [3c Td]
Hero: folds
50d9098a: folds
5b7d1e73: folds
bbdc6aa3: raises $0.2 to $0.3
e2fd0bf3: folds
8f52a73e: folds
Uncalled bet ($0.2) returned to bbdc6aa3
*** SHOWDOWN ***
bbdc6aa3 collected $0.25 from pot
*** SUMMARY ***
Total pot $0.25 | Rake $0 | Jackpot $0 | Bingo $0 | Fortune $0 | Tax $0
Seat 1: 50d9098a folded before Flop (didn't bet)
Seat 2: 5b7d1e73 folded before Flop (didn't bet)
Seat 3: bbdc6aa3 (button) collected ($0.25)
Seat 4: e2fd0bf3 (small blind) folded before Flop
Seat 5: 8f52a73e (big blind) folded before Flop
Seat 6: Hero folded before Flop (didn't bet)


Poker Hand #HD1755868996: Hold'em No Limit ($0.05/$0.1) - 2024/05/02 19:51:12
Table 'NLHRed81' 6-max Seat #2 is the button
Seat 1: 50d9098a ($15.93 in chips)
Seat 2: 5b7d1e73 ($19.95 in chips)
Seat 3: bbdc6aa3 ($15.98 in chips)
Seat 4: e2fd0bf3 ($15.32 in chips)
Seat 6: Hero ($10.37 in chips)
bbdc6aa3: posts small blind $0.05
e2fd0bf3: posts big blind $0.1
*** HOLE CARDS ***
Dealt to 50d9098a 
Dealt to 5b7d1e73 
Dealt to bbdc6aa3 
Dealt to e2fd0bf3 
Dealt to Hero [3d Kh]
Hero: folds
50d9098a: raises $0.13 to $0.23
5b7d1e73: folds
bbdc6aa3: folds
e2fd0bf3: folds
Uncalled bet ($0.13) returned to 50d9098a
*** SHOWDOWN ***
50d9098a collected $0.25 from pot
*** SUMMARY ***
Total pot $0.25 | Rake $0 | Jackpot $0 | Bingo $0 | Fortune $0 | Tax $0
Seat 1: 50d9098a collected ($0.25)
Seat 2: 5b7d1e73 (button) folded before Flop (didn't bet)
Seat 3: bbdc6aa3 (small blind) folded before Flop
Seat 4: e2fd0bf3 (big blind) folded before Flop
Seat 6: Hero folded before Flop (didn't bet)


Poker Hand #HD1755868918: Hold'em No Limit ($0.05/$0.1) - 2024/05/02 19:50:25
Table 'NLHRed81' 6-max Seat #1 is the button
Seat 1: 50d9098a ($15.65 in chips)
Seat 2: 5b7d1e73 ($20 in chips)
Seat 3: bbdc6aa3 ($16.23 in chips)
Seat 4: e2fd0bf3 ($15.32 in chips)
Seat 6: Hero ($10.37 in chips)
5b7d1e73: posts small blind $0.05
bbdc6aa3: posts big blind $0.1
*** HOLE CARDS ***
Dealt to 50d9098a 
Dealt to 5b7d1e73 
Dealt to bbdc6aa3 
Dealt to e2fd0bf3 
Dealt to Hero [2c 6s]
e2fd0bf3: folds
Hero: folds
50d9098a: raises $0.15 to $0.25
5b7d1e73: folds
bbdc6aa3: calls $0.15
*** FLOP *** [2h Qs Ad]
bbdc6aa3: checks
50d9098a: bets $0.77
bbdc6aa3: folds
Uncalled bet ($0.77) returned to 50d9098a
*** SHOWDOWN ***
50d9098a collected $0.53 from pot
*** SUMMARY ***
Total pot $0.55 | Rake $0.02 | Jackpot $0 | Bingo $0 | Fortune $0 | Tax $0
Board [2h Qs Ad]
Seat 1: 50d9098a (button) won ($0.53)
Seat 2: 5b7d1e73 (small blind) folded before Flop
Seat 3: bbdc6aa3 (big blind) folded on the Flop
Seat 4: e2fd0bf3 folded before Flop (didn't bet)
Seat 6: Hero folded before Flop (didn't bet)


Poker Hand #HD1755868872: Hold'em No Limit ($0.05/$0.1) - 2024/05/02 19:50:04
Table 'NLHRed81' 6-max Seat #6 is the button
Seat 1: 50d9098a ($15.7 in chips)
Seat 2: 5b7d1e73 ($20.1 in chips)
Seat 3: bbdc6aa3 ($16.23 in chips)
Seat 4: e2fd0bf3 ($15.17 in chips)
Seat 6: Hero ($10.37 in chips)
50d9098a: posts small blind $0.05
5b7d1e73: posts big blind $0.1
*** HOLE CARDS ***
Dealt to 50d9098a 
Dealt to 5b7d1e73 
Dealt to bbdc6aa3 
Dealt to e2fd0bf3 
Dealt to Hero [6h As]
bbdc6aa3: folds
e2fd0bf3: raises $0.1 to $0.2
Hero: folds
50d9098a: folds
5b7d1e73: folds
Uncalled bet ($0.1) returned to e2fd0bf3
*** SHOWDOWN ***
e2fd0bf3 collected $0.25 from pot
*** SUMMARY ***
Total pot $0.25 | Rake $0 | Jackpot $0 | Bingo $0 | Fortune $0 | Tax $0
Seat 1: 50d9098a (small blind) folded before Flop
Seat 2: 5b7d1e73 (big blind) folded before Flop
Seat 3: bbdc6aa3 folded before Flop (didn't bet)
Seat 4: e2fd0bf3 collected ($0.25)
Seat 6: Hero (button) folded before Flop (didn't bet)


Poker Hand #HD1755868829: Hold'em No Limit ($0.05/$0.1) - 2024/05/02 19:49:40
Table 'NLHRed81' 6-max Seat #4 is the button
Seat 1: 50d9098a ($15.8 in chips)
Seat 2: 5b7d1e73 ($20.1 in chips)
Seat 3: bbdc6aa3 ($16.23 in chips)
Seat 4: e2fd0bf3 ($15.47 in chips)
Seat 6: Hero ($10 in chips)
Hero: posts small blind $0.05
50d9098a: posts big blind $0.1
*** HOLE CARDS ***
Dealt to 50d9098a 
Dealt to 5b7d1e73 
Dealt to bbdc6aa3 
Dealt to e2fd0bf3 
Dealt to Hero [Th Ah]
5b7d1e73: folds
bbdc6aa3: folds
e2fd0bf3: raises $0.2 to $0.3
Hero: raises $0.9 to $1.2
50d9098a: folds
e2fd0bf3: folds
Uncalled bet ($0.9) returned to Hero
*** SHOWDOWN ***
Hero collected $0.67 from pot
*** SUMMARY ***
Total pot $0.7 | Rake $0.03 | Jackpot $0 | Bingo $0 | Fortune $0 | Tax $0
Seat 1: 50d9098a (big blind) folded before Flop
Seat 2: 5b7d1e73 folded before Flop (didn't bet)
Seat 3: bbdc6aa3 folded before Flop (didn't bet)
Seat 4: e2fd0bf3 (button) folded before Flop
Seat 6: Hero (small blind) collected ($0.67)


Poker Hand #HD1755868793: Hold'em No Limit ($0.05/$0.1) - 2024/05/02 19:49:21
Table 'NLHRed81' 6-max Seat #3 is the button
Seat 1: 50d9098a ($15.8 in chips)
Seat 2: 5b7d1e73 ($20.1 in chips)
Seat 3: bbdc6aa3 ($16.08 in chips)
Seat 4: e2fd0bf3 ($15.52 in chips)
Seat 6: Hero ($10 in chips)
e2fd0bf3: posts small blind $0.05
Hero: posts big blind $0.1
*** HOLE CARDS ***
Dealt to 50d9098a 
Dealt to 5b7d1e73 
Dealt to bbdc6aa3 
Dealt to e2fd0bf3 
Dealt to Hero [Jc 9h]
50d9098a: folds
5b7d1e73: folds
bbdc6aa3: raises $0.2 to $0.3
e2fd0bf3: folds
Hero: folds
Uncalled bet ($0.2) returned to bbdc6aa3
*** SHOWDOWN ***
bbdc6aa3 collected $0.25 from pot
*** SUMMARY ***
Total pot $0.25 | Rake $0 | Jackpot $0 | Bingo $0 | Fortune $0 | Tax $0
Seat 1: 50d9098a folded before Flop (didn't bet)
Seat 2: 5b7d1e73 folded before Flop (didn't bet)
Seat 3: bbdc6aa3 (button) collected ($0.25)
Seat 4: e2fd0bf3 (small blind) folded before Flop
Seat 6: Hero (big blind) folded before Flop


