Poker Hand #HD1730412807: Hold'em No Limit ($0.02/$0.05) - 2024/04/14 21:27:35
Table 'NLHBlue44' 6-max Seat #2 is the button
Seat 1: f4d92329 ($5.8 in chips)
Seat 2: b66b5cfd ($5.69 in chips)
Seat 3: 3cc76949 ($5.93 in chips)
Seat 5: Hero ($8.07 in chips)
Seat 6: 6ff4e819 ($5 in chips)
3cc76949: posts small blind $0.02
Hero: posts big blind $0.05
*** HOLE CARDS ***
Dealt to f4d92329 
Dealt to b66b5cfd 
Dealt to 3cc76949 
Dealt to Hero [Jc 4d]
Dealt to 6ff4e819 
6ff4e819: folds
f4d92329: folds
b66b5cfd: raises $0.07 to $0.12
3cc76949: raises $0.1 to $0.22
Hero: folds
b66b5cfd: raises $0.74 to $0.96
3cc76949: folds
Uncalled bet ($0.74) returned to b66b5cfd
*** SHOWDOWN ***
b66b5cfd collected $0.47 from pot
*** SUMMARY ***
Total pot $0.49 | Rake $0.02 | Jackpot $0 | Bingo $0 | Fortune $0 | Tax $0
Seat 1: f4d92329 folded before Flop (didn't bet)
Seat 2: b66b5cfd (button) collected ($0.47)
Seat 3: 3cc76949 (small blind) folded before Flop
Seat 5: Hero (big blind) folded before Flop
Seat 6: 6ff4e819 folded before Flop (didn't bet)


Poker Hand #HD1730412779: Hold'em No Limit ($0.02/$0.05) - 2024/04/14 21:27:16
Table 'NLHBlue44' 6-max Seat #1 is the button
Seat 1: f4d92329 ($5.8 in chips)
Seat 2: b66b5cfd ($5.71 in chips)
Seat 3: 3cc76949 ($5.91 in chips)
Seat 4: 9b656c1a ($6.45 in chips)
Seat 5: Hero ($8.07 in chips)
Seat 6: 6ff4e819 ($5 in chips)
b66b5cfd: posts small blind $0.02
3cc76949: posts big blind $0.05
*** HOLE CARDS ***
Dealt to f4d92329 
Dealt to b66b5cfd 
Dealt to 3cc76949 
Dealt to 9b656c1a 
Dealt to Hero [8c 3d]
Dealt to 6ff4e819 
9b656c1a: folds
Hero: folds
6ff4e819: folds
f4d92329: folds
b66b5cfd: folds
Uncalled bet ($0.03) returned to 3cc76949
*** SHOWDOWN ***
3cc76949 collected $0.04 from pot
*** SUMMARY ***
Total pot $0.04 | Rake $0 | Jackpot $0 | Bingo $0 | Fortune $0 | Tax $0
Seat 1: f4d92329 (button) folded before Flop (didn't bet)
Seat 2: b66b5cfd (small blind) folded before Flop
Seat 3: 3cc76949 (big blind) collected ($0.04)
Seat 4: 9b656c1a folded before Flop (didn't bet)
Seat 5: Hero folded before Flop (didn't bet)
Seat 6: 6ff4e819 folded before Flop (didn't bet)


Poker Hand #HD1730412708: Hold'em No Limit ($0.02/$0.05) - 2024/04/14 21:26:35
Table 'NLHBlue44' 6-max Seat #6 is the button
Seat 1: f4d92329 ($5.82 in chips)
Seat 2: b66b5cfd ($5.76 in chips)
Seat 3: 3cc76949 ($7.21 in chips)
Seat 4: 9b656c1a ($5.26 in chips)
Seat 5: Hero ($8.07 in chips)
Seat 6: 6ff4e819 ($5 in chips)
f4d92329: posts small blind $0.02
b66b5cfd: posts big blind $0.05
*** HOLE CARDS ***
Dealt to f4d92329 
Dealt to b66b5cfd 
Dealt to 3cc76949 
Dealt to 9b656c1a 
Dealt to Hero [6h 7d]
Dealt to 6ff4e819 
3cc76949: raises $0.05 to $0.1
9b656c1a: raises $0.26 to $0.36
Hero: folds
6ff4e819: folds
f4d92329: folds
b66b5cfd: folds
3cc76949: calls $0.26
*** FLOP *** [Js 8d Kd]
3cc76949: checks
9b656c1a: bets $0.27
3cc76949: calls $0.27
*** TURN *** [Js 8d Kd] [8h]
3cc76949: checks
9b656c1a: checks
*** RIVER *** [Js 8d Kd 8h] [Qh]
3cc76949: bets $0.67
9b656c1a: raises $3.96 to $4.63 and is all-in
3cc76949: folds
Uncalled bet ($3.96) returned to 9b656c1a
*** SHOWDOWN ***
9b656c1a collected $2.49 from pot
*** SUMMARY ***
Total pot $2.67 | Rake $0.13 | Jackpot $0.05 | Bingo $0 | Fortune $0 | Tax $0
Board [Js 8d Kd 8h Qh]
Seat 1: f4d92329 (small blind) folded before Flop
Seat 2: b66b5cfd (big blind) folded before Flop
Seat 3: 3cc76949 folded on the River
Seat 4: 9b656c1a won ($2.49)
Seat 5: Hero folded before Flop (didn't bet)
Seat 6: 6ff4e819 (button) folded before Flop (didn't bet)


Poker Hand #HD1730412693: Hold'em No Limit ($0.02/$0.05) - 2024/04/14 21:26:22
Table 'NLHBlue44' 6-max Seat #5 is the button
Seat 1: f4d92329 ($5.87 in chips)
Seat 2: b66b5cfd ($5.76 in chips)
Seat 3: 3cc76949 ($7.21 in chips)
Seat 4: 9b656c1a ($5.19 in chips)
Seat 5: Hero ($8.07 in chips)
Seat 6: 6ff4e819 ($5 in chips)
6ff4e819: posts small blind $0.02
f4d92329: posts big blind $0.05
*** HOLE CARDS ***
Dealt to f4d92329 
Dealt to b66b5cfd 
Dealt to 3cc76949 
Dealt to 9b656c1a 
Dealt to Hero [Td 7d]
Dealt to 6ff4e819 
b66b5cfd: folds
3cc76949: folds
9b656c1a: raises $0.07 to $0.12
Hero: folds
6ff4e819: folds
f4d92329: folds
Uncalled bet ($0.07) returned to 9b656c1a
*** SHOWDOWN ***
9b656c1a collected $0.12 from pot
*** SUMMARY ***
Total pot $0.12 | Rake $0 | Jackpot $0 | Bingo $0 | Fortune $0 | Tax $0
Seat 1: f4d92329 (big blind) folded before Flop
Seat 2: b66b5cfd folded before Flop (didn't bet)
Seat 3: 3cc76949 folded before Flop (didn't bet)
Seat 4: 9b656c1a collected ($0.12)
Seat 5: Hero (button) folded before Flop (didn't bet)
Seat 6: 6ff4e819 (small blind) folded before Flop


Poker Hand #HD1730412646: Hold'em No Limit ($0.02/$0.05) - 2024/04/14 21:25:52
Table 'NLHBlue44' 6-max Seat #4 is the button
Seat 1: f4d92329 ($5.87 in chips)
Seat 2: b66b5cfd ($5.76 in chips)
Seat 3: 3cc76949 ($7.05 in chips)
Seat 4: 9b656c1a ($5.19 in chips)
Seat 5: Hero ($8.09 in chips)
Seat 6: 6ff4e819 ($5.11 in chips)
Hero: posts small blind $0.02
6ff4e819: posts big blind $0.05
*** HOLE CARDS ***
Dealt to f4d92329 
Dealt to b66b5cfd 
Dealt to 3cc76949 
Dealt to 9b656c1a 
Dealt to Hero [6d Qc]
Dealt to 6ff4e819 
f4d92329: folds
b66b5cfd: folds
3cc76949: raises $0.1 to $0.15
9b656c1a: folds
Hero: folds
6ff4e819: calls $0.1
*** FLOP *** [Kh Kd As]
6ff4e819: checks
3cc76949: checks
*** TURN *** [Kh Kd As] [Tc]
6ff4e819: checks
3cc76949: bets $0.16
6ff4e819: folds
Uncalled bet ($0.16) returned to 3cc76949
*** SHOWDOWN ***
3cc76949 collected $0.31 from pot
*** SUMMARY ***
Total pot $0.32 | Rake $0.01 | Jackpot $0 | Bingo $0 | Fortune $0 | Tax $0
Board [Kh Kd As Tc]
Seat 1: f4d92329 folded before Flop (didn't bet)
Seat 2: b66b5cfd folded before Flop (didn't bet)
Seat 3: 3cc76949 won ($0.31)
Seat 4: 9b656c1a (button) folded before Flop (didn't bet)
Seat 5: Hero (small blind) folded before Flop
Seat 6: 6ff4e819 (big blind) folded on the Turn


Poker Hand #HD1730412537: Hold'em No Limit ($0.02/$0.05) - 2024/04/14 21:24:44
Table 'NLHBlue44' 6-max Seat #3 is the button
Seat 1: f4d92329 ($6.69 in chips)
Seat 2: b66b5cfd ($5 in chips)
Seat 3: 3cc76949 ($7.05 in chips)
Seat 4: 9b656c1a ($5.21 in chips)
Seat 5: Hero ($8.14 in chips)
Seat 6: 6ff4e819 ($5.11 in chips)
9b656c1a: posts small blind $0.02
Hero: posts big blind $0.05
*** HOLE CARDS ***
Dealt to f4d92329 
Dealt to b66b5cfd 
Dealt to 3cc76949 
Dealt to 9b656c1a 
Dealt to Hero [9h Kd]
Dealt to 6ff4e819 
6ff4e819: folds
f4d92329: raises $0.05 to $0.1
b66b5cfd: raises $0.25 to $0.35
3cc76949: folds
9b656c1a: folds
Hero: folds
f4d92329: calls $0.25
*** FLOP *** [4s 3h Tc]
f4d92329: checks
b66b5cfd: bets $0.47
f4d92329: calls $0.47
*** TURN *** [4s 3h Tc] [Ah]
f4d92329: checks
b66b5cfd: bets $0.57
f4d92329: folds
Uncalled bet ($0.57) returned to b66b5cfd
*** SHOWDOWN ***
b66b5cfd collected $1.58 from pot
*** SUMMARY ***
Total pot $1.71 | Rake $0.08 | Jackpot $0.05 | Bingo $0 | Fortune $0 | Tax $0
Board [4s 3h Tc Ah]
Seat 1: f4d92329 folded on the Turn
Seat 2: b66b5cfd won ($1.58)
Seat 3: 3cc76949 (button) folded before Flop (didn't bet)
Seat 4: 9b656c1a (small blind) folded before Flop
Seat 5: Hero (big blind) folded before Flop
Seat 6: 6ff4e819 folded before Flop (didn't bet)


Poker Hand #HD1730412511: Hold'em No Limit ($0.02/$0.05) - 2024/04/14 21:24:28
Table 'NLHBlue44' 6-max Seat #2 is the button
Seat 1: f4d92329 ($6.69 in chips)
Seat 2: b66b5cfd ($5 in chips)
Seat 3: 3cc76949 ($7 in chips)
Seat 4: 9b656c1a ($5.26 in chips)
Seat 5: Hero ($8.14 in chips)
Seat 6: 6ff4e819 ($5.11 in chips)
3cc76949: posts small blind $0.02
9b656c1a: posts big blind $0.05
*** HOLE CARDS ***
Dealt to f4d92329 
Dealt to b66b5cfd 
Dealt to 3cc76949 
Dealt to 9b656c1a 
Dealt to Hero [Jd 4h]
Dealt to 6ff4e819 
Hero: folds
6ff4e819: folds
f4d92329: folds
b66b5cfd: folds
3cc76949: raises $0.1 to $0.15
9b656c1a: folds
Uncalled bet ($0.1) returned to 3cc76949
*** SHOWDOWN ***
3cc76949 collected $0.1 from pot
*** SUMMARY ***
Total pot $0.1 | Rake $0 | Jackpot $0 | Bingo $0 | Fortune $0 | Tax $0
Seat 1: f4d92329 folded before Flop (didn't bet)
Seat 2: b66b5cfd (button) folded before Flop (didn't bet)
Seat 3: 3cc76949 (small blind) collected ($0.1)
Seat 4: 9b656c1a (big blind) folded before Flop
Seat 5: Hero folded before Flop (didn't bet)
Seat 6: 6ff4e819 folded before Flop (didn't bet)


Poker Hand #HD1730412494: Hold'em No Limit ($0.02/$0.05) - 2024/04/14 21:24:16
Table 'NLHBlue44' 6-max Seat #1 is the button
Seat 1: f4d92329 ($6.69 in chips)
Seat 2: b66b5cfd ($5 in chips)
Seat 3: 3cc76949 ($6.98 in chips)
Seat 4: 9b656c1a ($5.26 in chips)
Seat 5: Hero ($8.14 in chips)
Seat 6: 6ff4e819 ($5.11 in chips)
b66b5cfd: posts small blind $0.02
3cc76949: posts big blind $0.05
*** HOLE CARDS ***
Dealt to f4d92329 
Dealt to b66b5cfd 
Dealt to 3cc76949 
Dealt to 9b656c1a 
Dealt to Hero [9c 7h]
Dealt to 6ff4e819 
9b656c1a: folds
Hero: folds
6ff4e819: folds
f4d92329: folds
b66b5cfd: folds
Uncalled bet ($0.03) returned to 3cc76949
*** SHOWDOWN ***
3cc76949 collected $0.04 from pot
*** SUMMARY ***
Total pot $0.04 | Rake $0 | Jackpot $0 | Bingo $0 | Fortune $0 | Tax $0
Seat 1: f4d92329 (button) folded before Flop (didn't bet)
Seat 2: b66b5cfd (small blind) folded before Flop
Seat 3: 3cc76949 (big blind) collected ($0.04)
Seat 4: 9b656c1a folded before Flop (didn't bet)
Seat 5: Hero folded before Flop (didn't bet)
Seat 6: 6ff4e819 folded before Flop (didn't bet)


Poker Hand #HD1730412467: Hold'em No Limit ($0.02/$0.05) - 2024/04/14 21:24:01
Table 'NLHBlue44' 6-max Seat #6 is the button
Seat 1: f4d92329 ($6.71 in chips)
Seat 2: b66b5cfd ($5 in chips)
Seat 3: 3cc76949 ($6.98 in chips)
Seat 4: 9b656c1a ($5.19 in chips)
Seat 5: Hero ($8.14 in chips)
Seat 6: 6ff4e819 ($5.11 in chips)
f4d92329: posts small blind $0.02
b66b5cfd: posts big blind $0.05
*** HOLE CARDS ***
Dealt to f4d92329 
Dealt to b66b5cfd 
Dealt to 3cc76949 
Dealt to 9b656c1a 
Dealt to Hero [Ts 7d]
Dealt to 6ff4e819 
3cc76949: folds
9b656c1a: raises $0.05 to $0.1
Hero: folds
6ff4e819: folds
f4d92329: folds
b66b5cfd: folds
Uncalled bet ($0.05) returned to 9b656c1a
*** SHOWDOWN ***
9b656c1a collected $0.12 from pot
*** SUMMARY ***
Total pot $0.12 | Rake $0 | Jackpot $0 | Bingo $0 | Fortune $0 | Tax $0
Seat 1: f4d92329 (small blind) folded before Flop
Seat 2: b66b5cfd (big blind) folded before Flop
Seat 3: 3cc76949 folded before Flop (didn't bet)
Seat 4: 9b656c1a collected ($0.12)
Seat 5: Hero folded before Flop (didn't bet)
Seat 6: 6ff4e819 (button) folded before Flop (didn't bet)


Poker Hand #HD1730412438: Hold'em No Limit ($0.02/$0.05) - 2024/04/14 21:23:42
Table 'NLHBlue44' 6-max Seat #5 is the button
Seat 1: f4d92329 ($6.69 in chips)
Seat 2: b66b5cfd ($5 in chips)
Seat 3: 3cc76949 ($6.98 in chips)
Seat 4: 9b656c1a ($5.19 in chips)
Seat 5: Hero ($8.14 in chips)
Seat 6: 6ff4e819 ($5.13 in chips)
6ff4e819: posts small blind $0.02
f4d92329: posts big blind $0.05
*** HOLE CARDS ***
Dealt to f4d92329 
Dealt to b66b5cfd 
Dealt to 3cc76949 
Dealt to 9b656c1a 
Dealt to Hero [3h Ad]
Dealt to 6ff4e819 
b66b5cfd: folds
3cc76949: folds
9b656c1a: folds
Hero: folds
6ff4e819: folds
Uncalled bet ($0.03) returned to f4d92329
*** SHOWDOWN ***
f4d92329 collected $0.04 from pot
*** SUMMARY ***
Total pot $0.04 | Rake $0 | Jackpot $0 | Bingo $0 | Fortune $0 | Tax $0
Seat 1: f4d92329 (big blind) collected ($0.04)
Seat 2: b66b5cfd folded before Flop (didn't bet)
Seat 3: 3cc76949 folded before Flop (didn't bet)
Seat 4: 9b656c1a folded before Flop (didn't bet)
Seat 5: Hero (button) folded before Flop (didn't bet)
Seat 6: 6ff4e819 (small blind) folded before Flop


Poker Hand #HD1730412417: Hold'em No Limit ($0.02/$0.05) - 2024/04/14 21:23:27
Table 'NLHBlue44' 6-max Seat #4 is the button
Seat 1: f4d92329 ($6.62 in chips)
Seat 2: b66b5cfd ($5 in chips)
Seat 3: 3cc76949 ($6.98 in chips)
Seat 4: 9b656c1a ($5.19 in chips)
Seat 5: Hero ($8.16 in chips)
Seat 6: 6ff4e819 ($5.18 in chips)
Hero: posts small blind $0.02
6ff4e819: posts big blind $0.05
*** HOLE CARDS ***
Dealt to f4d92329 
Dealt to b66b5cfd 
Dealt to 3cc76949 
Dealt to 9b656c1a 
Dealt to Hero [5d As]
Dealt to 6ff4e819 
f4d92329: raises $0.05 to $0.1
b66b5cfd: folds
3cc76949: folds
9b656c1a: folds
Hero: folds
6ff4e819: folds
Uncalled bet ($0.05) returned to f4d92329
*** SHOWDOWN ***
f4d92329 collected $0.12 from pot
*** SUMMARY ***
Total pot $0.12 | Rake $0 | Jackpot $0 | Bingo $0 | Fortune $0 | Tax $0
Seat 1: f4d92329 collected ($0.12)
Seat 2: b66b5cfd folded before Flop (didn't bet)
Seat 3: 3cc76949 folded before Flop (didn't bet)
Seat 4: 9b656c1a (button) folded before Flop (didn't bet)
Seat 5: Hero (small blind) folded before Flop
Seat 6: 6ff4e819 (big blind) folded before Flop


Poker Hand #HD1730412315: Hold'em No Limit ($0.02/$0.05) - 2024/04/14 21:22:27
Table 'NLHBlue44' 6-max Seat #3 is the button
Seat 1: f4d92329 ($6.59 in chips)
Seat 2: b66b5cfd ($5 in chips)
Seat 3: 3cc76949 ($6.96 in chips)
Seat 4: 9b656c1a ($5.21 in chips)
Seat 5: Hero ($8.21 in chips)
Seat 6: 6ff4e819 ($5.18 in chips)
9b656c1a: posts small blind $0.02
Hero: posts big blind $0.05
*** HOLE CARDS ***
Dealt to f4d92329 
Dealt to b66b5cfd 
Dealt to 3cc76949 
Dealt to 9b656c1a 
Dealt to Hero [Tc 2h]
Dealt to 6ff4e819 
6ff4e819: folds
f4d92329: raises $0.05 to $0.1
b66b5cfd: folds
3cc76949: raises $0.09 to $0.19
9b656c1a: folds
Hero: folds
f4d92329: calls $0.09
*** FLOP *** [9d Jh 5h]
f4d92329: checks
3cc76949: checks
*** TURN *** [9d Jh 5h] [6s]
f4d92329: checks
3cc76949: bets $0.15
f4d92329: calls $0.15
*** RIVER *** [9d Jh 5h 6s] [2d]
f4d92329: checks
3cc76949: checks
f4d92329: shows [8d Ad] (Ace-High)
3cc76949: shows [8s Ah] (Ace-High)
*** SHOWDOWN ***
f4d92329 collected $0.37 from pot
3cc76949 collected $0.36 from pot
*** SUMMARY ***
Total pot $0.75 | Rake $0.02 | Jackpot $0 | Bingo $0 | Fortune $0 | Tax $0
Board [9d Jh 5h 6s 2d]
Seat 1: f4d92329 showed [8d Ad] and won ($0.37) with Ace-High
Seat 2: b66b5cfd folded before Flop (didn't bet)
Seat 3: 3cc76949 (button) showed [8s Ah] and won ($0.36) with Ace-High
Seat 4: 9b656c1a (small blind) folded before Flop
Seat 5: Hero (big blind) folded before Flop
Seat 6: 6ff4e819 folded before Flop (didn't bet)


Poker Hand #HD1730412136: Hold'em No Limit ($0.02/$0.05) - 2024/04/14 21:20:39
Table 'NLHBlue44' 6-max Seat #2 is the button
Seat 1: f4d92329 ($5.98 in chips)
Seat 2: b66b5cfd ($5 in chips)
Seat 3: 3cc76949 ($7.58 in chips)
Seat 4: 9b656c1a ($5.26 in chips)
Seat 5: Hero ($8.21 in chips)
Seat 6: 6ff4e819 ($5.18 in chips)
3cc76949: posts small blind $0.02
9b656c1a: posts big blind $0.05
*** HOLE CARDS ***
Dealt to f4d92329 
Dealt to b66b5cfd 
Dealt to 3cc76949 
Dealt to 9b656c1a 
Dealt to Hero [2d 8h]
Dealt to 6ff4e819 
Hero: folds
6ff4e819: folds
f4d92329: raises $0.05 to $0.1
b66b5cfd: folds
3cc76949: calls $0.08
9b656c1a: folds
*** FLOP *** [Qd Ks 4c]
3cc76949: checks
f4d92329: bets $0.13
3cc76949: calls $0.13
*** TURN *** [Qd Ks 4c] [2h]
3cc76949: checks
f4d92329: bets $0.39
3cc76949: calls $0.39
*** RIVER *** [Qd Ks 4c 2h] [2s]
3cc76949: checks
f4d92329: bets $1.29
3cc76949: folds
Uncalled bet ($1.29) returned to f4d92329
*** SHOWDOWN ***
f4d92329 collected $1.23 from pot
*** SUMMARY ***
Total pot $1.29 | Rake $0.06 | Jackpot $0 | Bingo $0 | Fortune $0 | Tax $0
Board [Qd Ks 4c 2h 2s]
Seat 1: f4d92329 won ($1.23)
Seat 2: b66b5cfd (button) folded before Flop (didn't bet)
Seat 3: 3cc76949 (small blind) folded on the River
Seat 4: 9b656c1a (big blind) folded before Flop
Seat 5: Hero folded before Flop (didn't bet)
Seat 6: 6ff4e819 folded before Flop (didn't bet)


Poker Hand #HD1730412055: Hold'em No Limit ($0.02/$0.05) - 2024/04/14 21:19:42
Table 'NLHBlue44' 6-max Seat #1 is the button
Seat 1: f4d92329 ($5.98 in chips)
Seat 2: b66b5cfd ($5 in chips)
Seat 3: 3cc76949 ($8.01 in chips)
Seat 4: 9b656c1a ($5.26 in chips)
Seat 5: Hero ($7.8 in chips)
Seat 6: 6ff4e819 ($5.18 in chips)
b66b5cfd: posts small blind $0.02
3cc76949: posts big blind $0.05
*** HOLE CARDS ***
Dealt to f4d92329 
Dealt to b66b5cfd 
Dealt to 3cc76949 
Dealt to 9b656c1a 
Dealt to Hero [Ts Td]
Dealt to 6ff4e819 
9b656c1a: folds
Hero: raises $0.05 to $0.1
6ff4e819: folds
f4d92329: folds
b66b5cfd: folds
3cc76949: raises $0.11 to $0.21
Hero: calls $0.11
*** FLOP *** [Qc Qd 7d]
3cc76949: bets $0.22
Hero: calls $0.22
*** TURN *** [Qc Qd 7d] [8d]
3cc76949: checks
Hero: checks
*** RIVER *** [Qc Qd 7d 8d] [Jd]
3cc76949: checks
Hero: bets $0.25
3cc76949: folds
Uncalled bet ($0.25) returned to Hero
*** SHOWDOWN ***
Hero collected $0.84 from pot
*** SUMMARY ***
Total pot $0.88 | Rake $0.04 | Jackpot $0 | Bingo $0 | Fortune $0 | Tax $0
Board [Qc Qd 7d 8d Jd]
Seat 1: f4d92329 (button) folded before Flop (didn't bet)
Seat 2: b66b5cfd (small blind) folded before Flop
Seat 3: 3cc76949 (big blind) folded on the River
Seat 4: 9b656c1a folded before Flop (didn't bet)
Seat 5: Hero won ($0.84)
Seat 6: 6ff4e819 folded before Flop (didn't bet)


Poker Hand #HD1730412025: Hold'em No Limit ($0.02/$0.05) - 2024/04/14 21:19:20
Table 'NLHBlue44' 6-max Seat #6 is the button
Seat 1: f4d92329 ($6 in chips)
Seat 2: b66b5cfd ($5 in chips)
Seat 3: 3cc76949 ($8.01 in chips)
Seat 4: 9b656c1a ($5.26 in chips)
Seat 5: Hero ($7.92 in chips)
Seat 6: 6ff4e819 ($5 in chips)
f4d92329: posts small blind $0.02
b66b5cfd: posts big blind $0.05
*** HOLE CARDS ***
Dealt to f4d92329 
Dealt to b66b5cfd 
Dealt to 3cc76949 
Dealt to 9b656c1a 
Dealt to Hero [4s 4d]
Dealt to 6ff4e819 
3cc76949: folds
9b656c1a: folds
Hero: raises $0.07 to $0.12
6ff4e819: raises $0.33 to $0.45
f4d92329: folds
b66b5cfd: folds
Hero: folds
Uncalled bet ($0.33) returned to 6ff4e819
*** SHOWDOWN ***
6ff4e819 collected $0.3 from pot
*** SUMMARY ***
Total pot $0.31 | Rake $0.01 | Jackpot $0 | Bingo $0 | Fortune $0 | Tax $0
Seat 1: f4d92329 (small blind) folded before Flop
Seat 2: b66b5cfd (big blind) folded before Flop
Seat 3: 3cc76949 folded before Flop (didn't bet)
Seat 4: 9b656c1a folded before Flop (didn't bet)
Seat 5: Hero folded before Flop
Seat 6: 6ff4e819 (button) collected ($0.3)


Poker Hand #HD1730411954: Hold'em No Limit ($0.02/$0.05) - 2024/04/14 21:18:38
Table 'NLHBlue44' 6-max Seat #5 is the button
Seat 1: f4d92329 ($6.26 in chips)
Seat 2: b66b5cfd ($5 in chips)
Seat 3: 3cc76949 ($8.01 in chips)
Seat 4: 9b656c1a ($5 in chips)
Seat 5: Hero ($7.92 in chips)
Seat 6: 6ff4e819 ($5.02 in chips)
6ff4e819: posts small blind $0.02
f4d92329: posts big blind $0.05
*** HOLE CARDS ***
Dealt to f4d92329 
Dealt to b66b5cfd 
Dealt to 3cc76949 
Dealt to 9b656c1a 
Dealt to Hero [6c 3h]
Dealt to 6ff4e819 
b66b5cfd: folds
3cc76949: folds
9b656c1a: raises $0.07 to $0.12
Hero: folds
6ff4e819: folds
f4d92329: calls $0.07
*** FLOP *** [Td 9h 2c]
f4d92329: checks
9b656c1a: checks
*** TURN *** [Td 9h 2c] [6d]
f4d92329: checks
9b656c1a: bets $0.14
f4d92329: calls $0.14
*** RIVER *** [Td 9h 2c 6d] [Qh]
f4d92329: checks
9b656c1a: checks
f4d92329: shows [7c 9c] (Pair of Nines)
9b656c1a: shows [Jc Th] (Pair of Tens)
*** SHOWDOWN ***
9b656c1a collected $0.52 from pot
*** SUMMARY ***
Total pot $0.54 | Rake $0.02 | Jackpot $0 | Bingo $0 | Fortune $0 | Tax $0
Board [Td 9h 2c 6d Qh]
Seat 1: f4d92329 (big blind) showed [7c 9c] and lost with Pair of Nines
Seat 2: b66b5cfd folded before Flop (didn't bet)
Seat 3: 3cc76949 folded before Flop (didn't bet)
Seat 4: 9b656c1a showed [Jc Th] and won ($0.52) with Pair of Tens
Seat 5: Hero (button) folded before Flop (didn't bet)
Seat 6: 6ff4e819 (small blind) folded before Flop


Poker Hand #HD1730411919: Hold'em No Limit ($0.02/$0.05) - 2024/04/14 21:18:19
Table 'NLHBlue44' 6-max Seat #4 is the button
Seat 1: f4d92329 ($6.26 in chips)
Seat 2: b66b5cfd ($5 in chips)
Seat 3: 3cc76949 ($7.94 in chips)
Seat 4: 9b656c1a ($5 in chips)
Seat 5: Hero ($7.94 in chips)
Seat 6: 6ff4e819 ($5.07 in chips)
Hero: posts small blind $0.02
6ff4e819: posts big blind $0.05
*** HOLE CARDS ***
Dealt to f4d92329 
Dealt to b66b5cfd 
Dealt to 3cc76949 
Dealt to 9b656c1a 
Dealt to Hero [7h 4d]
Dealt to 6ff4e819 
f4d92329: folds
b66b5cfd: folds
3cc76949: raises $0.1 to $0.15
9b656c1a: folds
Hero: folds
6ff4e819: folds
Uncalled bet ($0.1) returned to 3cc76949
*** SHOWDOWN ***
3cc76949 collected $0.12 from pot
*** SUMMARY ***
Total pot $0.12 | Rake $0 | Jackpot $0 | Bingo $0 | Fortune $0 | Tax $0
Seat 1: f4d92329 folded before Flop (didn't bet)
Seat 2: b66b5cfd folded before Flop (didn't bet)
Seat 3: 3cc76949 collected ($0.12)
Seat 4: 9b656c1a (button) folded before Flop (didn't bet)
Seat 5: Hero (small blind) folded before Flop
Seat 6: 6ff4e819 (big blind) folded before Flop


Poker Hand #HD1730411870: Hold'em No Limit ($0.02/$0.05) - 2024/04/14 21:17:40
Table 'NLHBlue44' 6-max Seat #3 is the button
Seat 1: f4d92329 ($6.26 in chips)
Seat 2: b66b5cfd ($5 in chips)
Seat 3: 3cc76949 ($8.12 in chips)
Seat 4: 9b656c1a ($5 in chips)
Seat 5: Hero ($7.75 in chips)
Seat 6: 6ff4e819 ($5.07 in chips)
9b656c1a: posts small blind $0.02
Hero: posts big blind $0.05
*** HOLE CARDS ***
Dealt to f4d92329 
Dealt to b66b5cfd 
Dealt to 3cc76949 
Dealt to 9b656c1a 
Dealt to Hero [5s As]
Dealt to 6ff4e819 
6ff4e819: folds
f4d92329: folds
b66b5cfd: folds
3cc76949: raises $0.05 to $0.1
9b656c1a: folds
Hero: calls $0.05
*** FLOP *** [7d 8h Qc]
Hero: checks
3cc76949: checks
*** TURN *** [7d 8h Qc] [Ac]
Hero: checks
3cc76949: bets $0.08
Hero: calls $0.08
*** RIVER *** [7d 8h Qc Ac] [5h]
Hero: bets $0.38
3cc76949: folds
Uncalled bet ($0.38) returned to Hero
*** SHOWDOWN ***
Hero collected $0.37 from pot
*** SUMMARY ***
Total pot $0.38 | Rake $0.01 | Jackpot $0 | Bingo $0 | Fortune $0 | Tax $0
Board [7d 8h Qc Ac 5h]
Seat 1: f4d92329 folded before Flop (didn't bet)
Seat 2: b66b5cfd folded before Flop (didn't bet)
Seat 3: 3cc76949 (button) folded on the River
Seat 4: 9b656c1a (small blind) folded before Flop
Seat 5: Hero (big blind) won ($0.37)
Seat 6: 6ff4e819 folded before Flop (didn't bet)


Poker Hand #HD1730411727: Hold'em No Limit ($0.02/$0.05) - 2024/04/14 21:16:18
Table 'NLHBlue44' 6-max Seat #2 is the button
Seat 1: f4d92329 ($6.26 in chips)
Seat 2: b66b5cfd ($5.18 in chips)
Seat 3: 3cc76949 ($4.27 in chips)
Seat 4: 9b656c1a ($5 in chips)
Seat 5: Hero ($7.75 in chips)
Seat 6: 6ff4e819 ($5.07 in chips)
3cc76949: posts small blind $0.02
9b656c1a: posts big blind $0.05
*** HOLE CARDS ***
Dealt to f4d92329 
Dealt to b66b5cfd 
Dealt to 3cc76949 
Dealt to 9b656c1a 
Dealt to Hero [5c 7d]
Dealt to 6ff4e819 
Hero: folds
6ff4e819: folds
f4d92329: folds
b66b5cfd: raises $0.07 to $0.12
3cc76949: raises $0.15 to $0.27
9b656c1a: folds
b66b5cfd: raises $0.45 to $0.72
3cc76949: raises $0.5 to $1.22
b66b5cfd: calls $0.5
*** FLOP *** [5d 8s 3h]
3cc76949: bets $1.25
b66b5cfd: calls $1.25
*** TURN *** [5d 8s 3h] [Th]
3cc76949: checks
b66b5cfd: bets $1.8
3cc76949: calls $1.8 and is all-in
b66b5cfd: shows [9d 9h] (Pair of Nines)
3cc76949: shows [Tc Td] (Three Tens)
*** RIVER *** [5d 8s 3h Th] [Ks]
*** SHOWDOWN ***
3cc76949 collected $8.12 from pot
*** SUMMARY ***
Total pot $8.59 | Rake $0.42 | Jackpot $0.05 | Bingo $0 | Fortune $0 | Tax $0
Board [5d 8s 3h Th Ks]
Seat 1: f4d92329 folded before Flop (didn't bet)
Seat 2: b66b5cfd (button) showed [9d 9h] and lost with Pair of Nines
Seat 3: 3cc76949 (small blind) showed [Tc Td] and won ($8.12) with Three Tens
Seat 4: 9b656c1a (big blind) folded before Flop
Seat 5: Hero folded before Flop (didn't bet)
Seat 6: 6ff4e819 folded before Flop (didn't bet)


Poker Hand #HD1730411687: Hold'em No Limit ($0.02/$0.05) - 2024/04/14 21:15:55
Table 'NLHBlue44' 6-max Seat #1 is the button
Seat 1: f4d92329 ($6.26 in chips)
Seat 2: b66b5cfd ($5.2 in chips)
Seat 3: 3cc76949 ($4.25 in chips)
Seat 4: 9b656c1a ($5 in chips)
Seat 5: Hero ($7.75 in chips)
Seat 6: 6ff4e819 ($5.07 in chips)
b66b5cfd: posts small blind $0.02
3cc76949: posts big blind $0.05
*** HOLE CARDS ***
Dealt to f4d92329 
Dealt to b66b5cfd 
Dealt to 3cc76949 
Dealt to 9b656c1a 
Dealt to Hero [7c Qc]
Dealt to 6ff4e819 
9b656c1a: folds
Hero: folds
6ff4e819: folds
f4d92329: folds
b66b5cfd: folds
Uncalled bet ($0.03) returned to 3cc76949
*** SHOWDOWN ***
3cc76949 collected $0.04 from pot
*** SUMMARY ***
Total pot $0.04 | Rake $0 | Jackpot $0 | Bingo $0 | Fortune $0 | Tax $0
Seat 1: f4d92329 (button) folded before Flop (didn't bet)
Seat 2: b66b5cfd (small blind) folded before Flop
Seat 3: 3cc76949 (big blind) collected ($0.04)
Seat 4: 9b656c1a folded before Flop (didn't bet)
Seat 5: Hero folded before Flop (didn't bet)
Seat 6: 6ff4e819 folded before Flop (didn't bet)


Poker Hand #HD1730411657: Hold'em No Limit ($0.02/$0.05) - 2024/04/14 21:15:36
Table 'NLHBlue44' 6-max Seat #6 is the button
Seat 1: f4d92329 ($6.28 in chips)
Seat 2: b66b5cfd ($5.25 in chips)
Seat 3: 3cc76949 ($4.25 in chips)
Seat 4: 9b656c1a ($5 in chips)
Seat 5: Hero ($7.75 in chips)
Seat 6: 6ff4e819 ($5 in chips)
f4d92329: posts small blind $0.02
b66b5cfd: posts big blind $0.05
*** HOLE CARDS ***
Dealt to f4d92329 
Dealt to b66b5cfd 
Dealt to 3cc76949 
Dealt to 9b656c1a 
Dealt to Hero [2c Qc]
Dealt to 6ff4e819 
3cc76949: folds
9b656c1a: folds
Hero: folds
6ff4e819: raises $0.08 to $0.13
f4d92329: folds
b66b5cfd: folds
Uncalled bet ($0.08) returned to 6ff4e819
*** SHOWDOWN ***
6ff4e819 collected $0.12 from pot
*** SUMMARY ***
Total pot $0.12 | Rake $0 | Jackpot $0 | Bingo $0 | Fortune $0 | Tax $0
Seat 1: f4d92329 (small blind) folded before Flop
Seat 2: b66b5cfd (big blind) folded before Flop
Seat 3: 3cc76949 folded before Flop (didn't bet)
Seat 4: 9b656c1a folded before Flop (didn't bet)
Seat 5: Hero folded before Flop (didn't bet)
Seat 6: 6ff4e819 (button) collected ($0.12)


Poker Hand #HD1730411550: Hold'em No Limit ($0.02/$0.05) - 2024/04/14 21:14:29
Table 'NLHBlue44' 6-max Seat #5 is the button
Seat 1: f4d92329 ($5.92 in chips)
Seat 2: b66b5cfd ($5.25 in chips)
Seat 3: 3cc76949 ($4.62 in chips)
Seat 4: 9b656c1a ($5 in chips)
Seat 5: Hero ($7.75 in chips)
Seat 6: 6ff4e819 ($5 in chips)
6ff4e819: posts small blind $0.02
f4d92329: posts big blind $0.05
*** HOLE CARDS ***
Dealt to f4d92329 
Dealt to b66b5cfd 
Dealt to 3cc76949 
Dealt to 9b656c1a 
Dealt to Hero [9c 2c]
Dealt to 6ff4e819 
b66b5cfd: folds
3cc76949: calls $0.05
9b656c1a: folds
Hero: folds
6ff4e819: folds
f4d92329: checks
*** FLOP *** [Th 7c Js]
f4d92329: checks
3cc76949: checks
*** TURN *** [Th 7c Js] [2s]
f4d92329: bets $0.09
3cc76949: calls $0.09
*** RIVER *** [Th 7c Js 2s] [Ts]
f4d92329: bets $0.23
3cc76949: calls $0.23
f4d92329: shows [7s Jh] (Pair of Jacks and Pair of Tens)
3cc76949: shows [2h Kh] (Pair of Tens and Pair of Twos)
*** SHOWDOWN ***
f4d92329 collected $0.73 from pot
*** SUMMARY ***
Total pot $0.76 | Rake $0.03 | Jackpot $0 | Bingo $0 | Fortune $0 | Tax $0
Board [Th 7c Js 2s Ts]
Seat 1: f4d92329 (big blind) showed [7s Jh] and won ($0.73) with Pair of Jacks and Pair of Tens
Seat 2: b66b5cfd folded before Flop (didn't bet)
Seat 3: 3cc76949 showed [2h Kh] and lost with Pair of Tens and Pair of Twos
Seat 4: 9b656c1a folded before Flop (didn't bet)
Seat 5: Hero (button) folded before Flop (didn't bet)
Seat 6: 6ff4e819 (small blind) folded before Flop


Poker Hand #HD1730411459: Hold'em No Limit ($0.02/$0.05) - 2024/04/14 21:13:33
Table 'NLHBlue44' 6-max Seat #4 is the button
Seat 1: f4d92329 ($5.23 in chips)
Seat 2: b66b5cfd ($5.25 in chips)
Seat 3: 3cc76949 ($5.36 in chips)
Seat 4: 9b656c1a ($5 in chips)
Seat 5: Hero ($7.77 in chips)
Seat 6: 6ff4e819 ($5.01 in chips)
Hero: posts small blind $0.02
6ff4e819: posts big blind $0.05
*** HOLE CARDS ***
Dealt to f4d92329 
Dealt to b66b5cfd 
Dealt to 3cc76949 
Dealt to 9b656c1a 
Dealt to Hero [9s 3d]
Dealt to 6ff4e819 
f4d92329: raises $0.05 to $0.1
b66b5cfd: folds
3cc76949: raises $0.14 to $0.24
9b656c1a: folds
Hero: folds
6ff4e819: folds
f4d92329: calls $0.14
*** FLOP *** [5s 6h 7d]
f4d92329: checks
3cc76949: bets $0.19
f4d92329: raises $0.31 to $0.5
3cc76949: calls $0.31
*** TURN *** [5s 6h 7d] [9d]
f4d92329: bets $0.78
3cc76949: folds
Uncalled bet ($0.78) returned to f4d92329
*** SHOWDOWN ***
f4d92329 collected $1.43 from pot
*** SUMMARY ***
Total pot $1.55 | Rake $0.07 | Jackpot $0.05 | Bingo $0 | Fortune $0 | Tax $0
Board [5s 6h 7d 9d]
Seat 1: f4d92329 won ($1.43)
Seat 2: b66b5cfd folded before Flop (didn't bet)
Seat 3: 3cc76949 folded on the Turn
Seat 4: 9b656c1a (button) folded before Flop (didn't bet)
Seat 5: Hero (small blind) folded before Flop
Seat 6: 6ff4e819 (big blind) folded before Flop


Poker Hand #HD1730411398: Hold'em No Limit ($0.02/$0.05) - 2024/04/14 21:12:49
Table 'NLHBlue44' 6-max Seat #3 is the button
Seat 1: f4d92329 ($5.23 in chips)
Seat 2: b66b5cfd ($5.48 in chips)
Seat 3: 3cc76949 ($5.08 in chips)
Seat 4: 9b656c1a ($5 in chips)
Seat 5: Hero ($7.82 in chips)
Seat 6: 6ff4e819 ($5.01 in chips)
9b656c1a: posts small blind $0.02
Hero: posts big blind $0.05
*** HOLE CARDS ***
Dealt to f4d92329 
Dealt to b66b5cfd 
Dealt to 3cc76949 
Dealt to 9b656c1a 
Dealt to Hero [4s Ah]
Dealt to 6ff4e819 
6ff4e819: folds
f4d92329: folds
b66b5cfd: raises $0.07 to $0.12
3cc76949: raises $0.11 to $0.23
9b656c1a: folds
Hero: folds
b66b5cfd: calls $0.11
*** FLOP *** [Qs 2d 4c]
b66b5cfd: checks
3cc76949: bets $0.18
b66b5cfd: folds
Uncalled bet ($0.18) returned to 3cc76949
*** SHOWDOWN ***
3cc76949 collected $0.51 from pot
*** SUMMARY ***
Total pot $0.53 | Rake $0.02 | Jackpot $0 | Bingo $0 | Fortune $0 | Tax $0
Board [Qs 2d 4c]
Seat 1: f4d92329 folded before Flop (didn't bet)
Seat 2: b66b5cfd folded on the Flop
Seat 3: 3cc76949 (button) won ($0.51)
Seat 4: 9b656c1a (small blind) folded before Flop
Seat 5: Hero (big blind) folded before Flop
Seat 6: 6ff4e819 folded before Flop (didn't bet)


Poker Hand #HD1730411332: Hold'em No Limit ($0.02/$0.05) - 2024/04/14 21:12:09
Table 'NLHBlue44' 6-max Seat #2 is the button
Seat 1: f4d92329 ($5.23 in chips)
Seat 2: b66b5cfd ($5.79 in chips)
Seat 3: 3cc76949 ($5.39 in chips)
Seat 4: 9b656c1a ($5 in chips)
Seat 5: Hero ($7.19 in chips)
Seat 6: 6ff4e819 ($5.01 in chips)
3cc76949: posts small blind $0.02
9b656c1a: posts big blind $0.05
*** HOLE CARDS ***
Dealt to f4d92329 
Dealt to b66b5cfd 
Dealt to 3cc76949 
Dealt to 9b656c1a 
Dealt to Hero [Qs Js]
Dealt to 6ff4e819 
Hero: raises $0.05 to $0.1
6ff4e819: folds
f4d92329: folds
b66b5cfd: raises $0.21 to $0.31
3cc76949: calls $0.29
9b656c1a: folds
Hero: calls $0.21
*** FLOP *** [As 5d 6s]
3cc76949: checks
Hero: bets $0.3
b66b5cfd: folds
3cc76949: folds
Uncalled bet ($0.3) returned to Hero
*** SHOWDOWN ***
Hero collected $0.94 from pot
*** SUMMARY ***
Total pot $0.98 | Rake $0.04 | Jackpot $0 | Bingo $0 | Fortune $0 | Tax $0
Board [As 5d 6s]
Seat 1: f4d92329 folded before Flop (didn't bet)
Seat 2: b66b5cfd (button) folded on the Flop
Seat 3: 3cc76949 (small blind) folded on the Flop
Seat 4: 9b656c1a (big blind) folded before Flop
Seat 5: Hero won ($0.94)
Seat 6: 6ff4e819 folded before Flop (didn't bet)


Poker Hand #HD1730411314: Hold'em No Limit ($0.02/$0.05) - 2024/04/14 21:11:59
Table 'NLHBlue44' 6-max Seat #1 is the button
Seat 1: f4d92329 ($5.23 in chips)
Seat 2: b66b5cfd ($5.81 in chips)
Seat 3: 3cc76949 ($5.37 in chips)
Seat 4: 9b656c1a ($5 in chips)
Seat 5: Hero ($7.19 in chips)
Seat 6: 6ff4e819 ($5.01 in chips)
b66b5cfd: posts small blind $0.02
3cc76949: posts big blind $0.05
*** HOLE CARDS ***
Dealt to f4d92329 
Dealt to b66b5cfd 
Dealt to 3cc76949 
Dealt to 9b656c1a 
Dealt to Hero [Jh 3c]
Dealt to 6ff4e819 
9b656c1a: folds
Hero: folds
6ff4e819: folds
f4d92329: folds
b66b5cfd: folds
Uncalled bet ($0.03) returned to 3cc76949
*** SHOWDOWN ***
3cc76949 collected $0.04 from pot
*** SUMMARY ***
Total pot $0.04 | Rake $0 | Jackpot $0 | Bingo $0 | Fortune $0 | Tax $0
Seat 1: f4d92329 (button) folded before Flop (didn't bet)
Seat 2: b66b5cfd (small blind) folded before Flop
Seat 3: 3cc76949 (big blind) collected ($0.04)
Seat 4: 9b656c1a folded before Flop (didn't bet)
Seat 5: Hero folded before Flop (didn't bet)
Seat 6: 6ff4e819 folded before Flop (didn't bet)


Poker Hand #HD1730411274: Hold'em No Limit ($0.02/$0.05) - 2024/04/14 21:11:38
Table 'NLHBlue44' 6-max Seat #6 is the button
Seat 1: f4d92329 ($5.25 in chips)
Seat 2: b66b5cfd ($5.86 in chips)
Seat 3: 3cc76949 ($5.37 in chips)
Seat 4: 9b656c1a ($5 in chips)
Seat 5: Hero ($7.12 in chips)
Seat 6: 6ff4e819 ($5.01 in chips)
f4d92329: posts small blind $0.02
b66b5cfd: posts big blind $0.05
*** HOLE CARDS ***
Dealt to f4d92329 
Dealt to b66b5cfd 
Dealt to 3cc76949 
Dealt to 9b656c1a 
Dealt to Hero [7d Ah]
Dealt to 6ff4e819 
3cc76949: folds
9b656c1a: folds
Hero: raises $0.07 to $0.12
6ff4e819: folds
f4d92329: folds
b66b5cfd: folds
Uncalled bet ($0.07) returned to Hero
*** SHOWDOWN ***
Hero collected $0.12 from pot
*** SUMMARY ***
Total pot $0.12 | Rake $0 | Jackpot $0 | Bingo $0 | Fortune $0 | Tax $0
Seat 1: f4d92329 (small blind) folded before Flop
Seat 2: b66b5cfd (big blind) folded before Flop
Seat 3: 3cc76949 folded before Flop (didn't bet)
Seat 4: 9b656c1a folded before Flop (didn't bet)
Seat 5: Hero collected ($0.12)
Seat 6: 6ff4e819 (button) folded before Flop (didn't bet)


Poker Hand #HD1730411223: Hold'em No Limit ($0.02/$0.05) - 2024/04/14 21:11:09
Table 'NLHBlue44' 6-max Seat #5 is the button
Seat 1: f4d92329 ($5 in chips)
Seat 2: b66b5cfd ($5.86 in chips)
Seat 3: 3cc76949 ($5.37 in chips)
Seat 4: 9b656c1a ($5 in chips)
Seat 5: Hero ($7.12 in chips)
Seat 6: 6ff4e819 ($5.03 in chips)
6ff4e819: posts small blind $0.02
f4d92329: posts big blind $0.05
*** HOLE CARDS ***
Dealt to f4d92329 
Dealt to b66b5cfd 
Dealt to 3cc76949 
Dealt to 9b656c1a 
Dealt to Hero [6s 4d]
Dealt to 6ff4e819 
b66b5cfd: folds
3cc76949: folds
9b656c1a: raises $0.07 to $0.12
Hero: folds
6ff4e819: folds
f4d92329: calls $0.07
*** FLOP *** [Qs Td 8s]
f4d92329: checks
9b656c1a: checks
*** TURN *** [Qs Td 8s] [Jh]
f4d92329: bets $0.13
9b656c1a: calls $0.13
*** RIVER *** [Qs Td 8s Jh] [Jd]
f4d92329: bets $0.52
9b656c1a: folds
Uncalled bet ($0.52) returned to f4d92329
*** SHOWDOWN ***
f4d92329 collected $0.5 from pot
*** SUMMARY ***
Total pot $0.52 | Rake $0.02 | Jackpot $0 | Bingo $0 | Fortune $0 | Tax $0
Board [Qs Td 8s Jh Jd]
Seat 1: f4d92329 (big blind) won ($0.5)
Seat 2: b66b5cfd folded before Flop (didn't bet)
Seat 3: 3cc76949 folded before Flop (didn't bet)
Seat 4: 9b656c1a folded on the River
Seat 5: Hero (button) folded before Flop (didn't bet)
Seat 6: 6ff4e819 (small blind) folded before Flop


Poker Hand #HD1730411194: Hold'em No Limit ($0.02/$0.05) - 2024/04/14 21:10:48
Table 'NLHBlue44' 6-max Seat #4 is the button
Seat 1: f4d92329 ($5 in chips)
Seat 2: b66b5cfd ($5.79 in chips)
Seat 3: 3cc76949 ($5.37 in chips)
Seat 4: 9b656c1a ($5 in chips)
Seat 5: Hero ($7.14 in chips)
Seat 6: 6ff4e819 ($5.08 in chips)
Hero: posts small blind $0.02
6ff4e819: posts big blind $0.05
*** HOLE CARDS ***
Dealt to f4d92329 
Dealt to b66b5cfd 
Dealt to 3cc76949 
Dealt to 9b656c1a 
Dealt to Hero [5s Ks]
Dealt to 6ff4e819 
f4d92329: folds
b66b5cfd: raises $0.07 to $0.12
3cc76949: folds
9b656c1a: folds
Hero: folds
6ff4e819: folds
Uncalled bet ($0.07) returned to b66b5cfd
*** SHOWDOWN ***
b66b5cfd collected $0.12 from pot
*** SUMMARY ***
Total pot $0.12 | Rake $0 | Jackpot $0 | Bingo $0 | Fortune $0 | Tax $0
Seat 1: f4d92329 folded before Flop (didn't bet)
Seat 2: b66b5cfd collected ($0.12)
Seat 3: 3cc76949 folded before Flop (didn't bet)
Seat 4: 9b656c1a (button) folded before Flop (didn't bet)
Seat 5: Hero (small blind) folded before Flop
Seat 6: 6ff4e819 (big blind) folded before Flop


Poker Hand #HD1730411132: Hold'em No Limit ($0.02/$0.05) - 2024/04/14 21:10:11
Table 'NLHBlue44' 6-max Seat #3 is the button
Seat 1: f4d92329 ($5 in chips)
Seat 2: b66b5cfd ($5.35 in chips)
Seat 3: 3cc76949 ($5.78 in chips)
Seat 4: 9b656c1a ($5 in chips)
Seat 5: Hero ($7.19 in chips)
Seat 6: 6ff4e819 ($5.08 in chips)
9b656c1a: posts small blind $0.02
Hero: posts big blind $0.05
*** HOLE CARDS ***
Dealt to f4d92329 
Dealt to b66b5cfd 
Dealt to 3cc76949 
Dealt to 9b656c1a 
Dealt to Hero [4h 6c]
Dealt to 6ff4e819 
6ff4e819: folds
f4d92329: folds
b66b5cfd: raises $0.07 to $0.12
3cc76949: calls $0.12
9b656c1a: folds
Hero: folds
*** FLOP *** [Jd Ks 5h]
b66b5cfd: bets $0.11
3cc76949: calls $0.11
*** TURN *** [Jd Ks 5h] [8s]
b66b5cfd: checks
3cc76949: checks
*** RIVER *** [Jd Ks 5h 8s] [Kc]
b66b5cfd: bets $0.18
3cc76949: calls $0.18
b66b5cfd: shows [Qs Js] (Pair of Kings and Pair of Jacks)
3cc76949: shows [Tc 8h] (Pair of Kings and Pair of Eights)
*** SHOWDOWN ***
b66b5cfd collected $0.85 from pot
*** SUMMARY ***
Total pot $0.89 | Rake $0.04 | Jackpot $0 | Bingo $0 | Fortune $0 | Tax $0
Board [Jd Ks 5h 8s Kc]
Seat 1: f4d92329 folded before Flop (didn't bet)
Seat 2: b66b5cfd showed [Qs Js] and won ($0.85) with Pair of Kings and Pair of Jacks
Seat 3: 3cc76949 (button) showed [Tc 8h] and lost with Pair of Kings and Pair of Eights
Seat 4: 9b656c1a (small blind) folded before Flop
Seat 5: Hero (big blind) folded before Flop
Seat 6: 6ff4e819 folded before Flop (didn't bet)


Poker Hand #HD1730411101: Hold'em No Limit ($0.02/$0.05) - 2024/04/14 21:09:52
Table 'NLHBlue44' 6-max Seat #2 is the button
Seat 1: f4d92329 ($5 in chips)
Seat 2: b66b5cfd ($5.28 in chips)
Seat 3: 3cc76949 ($5.8 in chips)
Seat 4: 9b656c1a ($5 in chips)
Seat 5: Hero ($7.19 in chips)
Seat 6: 6ff4e819 ($5.08 in chips)
3cc76949: posts small blind $0.02
9b656c1a: posts big blind $0.05
*** HOLE CARDS ***
Dealt to f4d92329 
Dealt to b66b5cfd 
Dealt to 3cc76949 
Dealt to 9b656c1a 
Dealt to Hero [4d 3d]
Dealt to 6ff4e819 
Hero: folds
6ff4e819: folds
f4d92329: folds
b66b5cfd: raises $0.07 to $0.12
3cc76949: folds
9b656c1a: folds
Uncalled bet ($0.07) returned to b66b5cfd
*** SHOWDOWN ***
b66b5cfd collected $0.12 from pot
*** SUMMARY ***
Total pot $0.12 | Rake $0 | Jackpot $0 | Bingo $0 | Fortune $0 | Tax $0
Seat 1: f4d92329 folded before Flop (didn't bet)
Seat 2: b66b5cfd (button) collected ($0.12)
Seat 3: 3cc76949 (small blind) folded before Flop
Seat 4: 9b656c1a (big blind) folded before Flop
Seat 5: Hero folded before Flop (didn't bet)
Seat 6: 6ff4e819 folded before Flop (didn't bet)


Poker Hand #HD1730411056: Hold'em No Limit ($0.02/$0.05) - 2024/04/14 21:09:27
Table 'NLHBlue44' 6-max Seat #1 is the button
Seat 1: f4d92329 ($5 in chips)
Seat 2: b66b5cfd ($5.12 in chips)
Seat 3: 3cc76949 ($5.85 in chips)
Seat 4: 9b656c1a ($5 in chips)
Seat 5: Hero ($7.31 in chips)
Seat 6: 6ff4e819 ($5.08 in chips)
b66b5cfd: posts small blind $0.02
3cc76949: posts big blind $0.05
*** HOLE CARDS ***
Dealt to f4d92329 
Dealt to b66b5cfd 
Dealt to 3cc76949 
Dealt to 9b656c1a 
Dealt to Hero [Ts Ac]
Dealt to 6ff4e819 
9b656c1a: folds
Hero: raises $0.07 to $0.12
6ff4e819: folds
f4d92329: folds
b66b5cfd: raises $0.44 to $0.56
3cc76949: folds
Hero: folds
Uncalled bet ($0.44) returned to b66b5cfd
*** SHOWDOWN ***
b66b5cfd collected $0.28 from pot
*** SUMMARY ***
Total pot $0.29 | Rake $0.01 | Jackpot $0 | Bingo $0 | Fortune $0 | Tax $0
Seat 1: f4d92329 (button) folded before Flop (didn't bet)
Seat 2: b66b5cfd (small blind) collected ($0.28)
Seat 3: 3cc76949 (big blind) folded before Flop
Seat 4: 9b656c1a folded before Flop (didn't bet)
Seat 5: Hero folded before Flop
Seat 6: 6ff4e819 folded before Flop (didn't bet)


Poker Hand #HD1730410955: Hold'em No Limit ($0.02/$0.05) - 2024/04/14 21:08:26
Table 'NLHBlue44' 6-max Seat #6 is the button
Seat 1: f4d92329 ($5 in chips)
Seat 2: b66b5cfd ($5.17 in chips)
Seat 3: 3cc76949 ($5.18 in chips)
Seat 4: 9b656c1a ($5 in chips)
Seat 5: Hero ($7.31 in chips)
Seat 6: 6ff4e819 ($5.8 in chips)
f4d92329: posts small blind $0.02
b66b5cfd: posts big blind $0.05
*** HOLE CARDS ***
Dealt to f4d92329 
Dealt to b66b5cfd 
Dealt to 3cc76949 
Dealt to 9b656c1a 
Dealt to Hero [Ad Th]
Dealt to 6ff4e819 
3cc76949: raises $0.1 to $0.15
9b656c1a: folds
Hero: folds
6ff4e819: calls $0.15
f4d92329: folds
b66b5cfd: folds
*** FLOP *** [9c 8h 7d]
3cc76949: checks
6ff4e819: bets $0.19
3cc76949: calls $0.19
*** TURN *** [9c 8h 7d] [Tc]
3cc76949: checks
6ff4e819: checks
*** RIVER *** [9c 8h 7d Tc] [4c]
3cc76949: bets $0.38
6ff4e819: calls $0.38
3cc76949: shows [Kd Jd] (Jacks-High Straight)
6ff4e819: shows [8c 9h] (Pair of Nines and Pair of Eights)
*** SHOWDOWN ***
3cc76949 collected $1.39 from pot
*** SUMMARY ***
Total pot $1.51 | Rake $0.07 | Jackpot $0.05 | Bingo $0 | Fortune $0 | Tax $0
Board [9c 8h 7d Tc 4c]
Seat 1: f4d92329 (small blind) folded before Flop
Seat 2: b66b5cfd (big blind) folded before Flop
Seat 3: 3cc76949 showed [Kd Jd] and won ($1.39) with Jacks-High Straight
Seat 4: 9b656c1a folded before Flop (didn't bet)
Seat 5: Hero folded before Flop (didn't bet)
Seat 6: 6ff4e819 (button) showed [8c 9h] and lost with Pair of Nines and Pair of Eights


Poker Hand #HD1730410932: Hold'em No Limit ($0.02/$0.05) - 2024/04/14 21:08:13
Table 'NLHBlue44' 6-max Seat #5 is the button
Seat 1: f4d92329 ($5 in chips)
Seat 2: b66b5cfd ($5.17 in chips)
Seat 3: 3cc76949 ($5.11 in chips)
Seat 4: 9b656c1a ($5 in chips)
Seat 5: Hero ($7.31 in chips)
Seat 6: 6ff4e819 ($5.82 in chips)
6ff4e819: posts small blind $0.02
f4d92329: posts big blind $0.05
*** HOLE CARDS ***
Dealt to f4d92329 
Dealt to b66b5cfd 
Dealt to 3cc76949 
Dealt to 9b656c1a 
Dealt to Hero [4h As]
Dealt to 6ff4e819 
b66b5cfd: folds
3cc76949: raises $0.1 to $0.15
9b656c1a: folds
Hero: folds
6ff4e819: folds
f4d92329: folds
Uncalled bet ($0.1) returned to 3cc76949
*** SHOWDOWN ***
3cc76949 collected $0.12 from pot
*** SUMMARY ***
Total pot $0.12 | Rake $0 | Jackpot $0 | Bingo $0 | Fortune $0 | Tax $0
Seat 1: f4d92329 (big blind) folded before Flop
Seat 2: b66b5cfd folded before Flop (didn't bet)
Seat 3: 3cc76949 collected ($0.12)
Seat 4: 9b656c1a folded before Flop (didn't bet)
Seat 5: Hero (button) folded before Flop (didn't bet)
Seat 6: 6ff4e819 (small blind) folded before Flop


Poker Hand #HD1730410895: Hold'em No Limit ($0.02/$0.05) - 2024/04/14 21:07:50
Table 'NLHBlue44' 6-max Seat #4 is the button
Seat 1: f4d92329 ($5 in chips)
Seat 2: b66b5cfd ($5.17 in chips)
Seat 3: 3cc76949 ($5.11 in chips)
Seat 4: 9b656c1a ($5 in chips)
Seat 5: Hero ($7.26 in chips)
Seat 6: 6ff4e819 ($5.87 in chips)
Hero: posts small blind $0.02
6ff4e819: posts big blind $0.05
*** HOLE CARDS ***
Dealt to f4d92329 
Dealt to b66b5cfd 
Dealt to 3cc76949 
Dealt to 9b656c1a 
Dealt to Hero [7c Ac]
Dealt to 6ff4e819 
f4d92329: folds
b66b5cfd: folds
3cc76949: folds
9b656c1a: folds
Hero: raises $0.1 to $0.15
6ff4e819: folds
Uncalled bet ($0.1) returned to Hero
*** SHOWDOWN ***
Hero collected $0.1 from pot
*** SUMMARY ***
Total pot $0.1 | Rake $0 | Jackpot $0 | Bingo $0 | Fortune $0 | Tax $0
Seat 1: f4d92329 folded before Flop (didn't bet)
Seat 2: b66b5cfd folded before Flop (didn't bet)
Seat 3: 3cc76949 folded before Flop (didn't bet)
Seat 4: 9b656c1a (button) folded before Flop (didn't bet)
Seat 5: Hero (small blind) collected ($0.1)
Seat 6: 6ff4e819 (big blind) folded before Flop


Poker Hand #HD1730410870: Hold'em No Limit ($0.02/$0.05) - 2024/04/14 21:07:35
Table 'NLHBlue44' 6-max Seat #3 is the button
Seat 1: f4d92329 ($5 in chips)
Seat 2: b66b5cfd ($5.17 in chips)
Seat 3: 3cc76949 ($5.04 in chips)
Seat 4: 9b656c1a ($5 in chips)
Seat 5: Hero ($7.31 in chips)
Seat 6: 6ff4e819 ($5.87 in chips)
9b656c1a: posts small blind $0.02
Hero: posts big blind $0.05
*** HOLE CARDS ***
Dealt to f4d92329 
Dealt to b66b5cfd 
Dealt to 3cc76949 
Dealt to 9b656c1a 
Dealt to Hero [Ac 3s]
Dealt to 6ff4e819 
6ff4e819: folds
f4d92329: folds
b66b5cfd: folds
3cc76949: raises $0.05 to $0.1
9b656c1a: folds
Hero: folds
Uncalled bet ($0.05) returned to 3cc76949
*** SHOWDOWN ***
3cc76949 collected $0.12 from pot
*** SUMMARY ***
Total pot $0.12 | Rake $0 | Jackpot $0 | Bingo $0 | Fortune $0 | Tax $0
Seat 1: f4d92329 folded before Flop (didn't bet)
Seat 2: b66b5cfd folded before Flop (didn't bet)
Seat 3: 3cc76949 (button) collected ($0.12)
Seat 4: 9b656c1a (small blind) folded before Flop
Seat 5: Hero (big blind) folded before Flop
Seat 6: 6ff4e819 folded before Flop (didn't bet)


Poker Hand #HD1730410805: Hold'em No Limit ($0.02/$0.05) - 2024/04/14 21:06:54
Table 'NLHBlue44' 6-max Seat #2 is the button
Seat 1: f4d92329 ($5 in chips)
Seat 2: b66b5cfd ($5.17 in chips)
Seat 3: 3cc76949 ($4.99 in chips)
Seat 4: 9b656c1a ($5 in chips)
Seat 5: Hero ($7.31 in chips)
Seat 6: 6ff4e819 ($5.87 in chips)
3cc76949: posts small blind $0.02
9b656c1a: posts big blind $0.05
*** HOLE CARDS ***
Dealt to f4d92329 
Dealt to b66b5cfd 
Dealt to 3cc76949 
Dealt to 9b656c1a 
Dealt to Hero [8s Td]
Dealt to 6ff4e819 
Hero: folds
6ff4e819: folds
f4d92329: folds
b66b5cfd: folds
3cc76949: calls $0.03
9b656c1a: checks
*** FLOP *** [8c Jh 6s]
3cc76949: checks
9b656c1a: checks
*** TURN *** [8c Jh 6s] [Qc]
3cc76949: checks
9b656c1a: checks
*** RIVER *** [8c Jh 6s Qc] [As]
3cc76949: bets $0.08
9b656c1a: folds
Uncalled bet ($0.08) returned to 3cc76949
*** SHOWDOWN ***
3cc76949 collected $0.1 from pot
*** SUMMARY ***
Total pot $0.1 | Rake $0 | Jackpot $0 | Bingo $0 | Fortune $0 | Tax $0
Board [8c Jh 6s Qc As]
Seat 1: f4d92329 folded before Flop (didn't bet)
Seat 2: b66b5cfd (button) folded before Flop (didn't bet)
Seat 3: 3cc76949 (small blind) won ($0.1)
Seat 4: 9b656c1a (big blind) folded on the River
Seat 5: Hero folded before Flop (didn't bet)
Seat 6: 6ff4e819 folded before Flop (didn't bet)


Poker Hand #HD1730410761: Hold'em No Limit ($0.02/$0.05) - 2024/04/14 21:06:22
Table 'NLHBlue44' 6-max Seat #1 is the button
Seat 1: f4d92329 ($5 in chips)
Seat 2: b66b5cfd ($5.19 in chips)
Seat 3: 3cc76949 ($5.26 in chips)
Seat 5: Hero ($7.31 in chips)
Seat 6: 6ff4e819 ($5.6 in chips)
b66b5cfd: posts small blind $0.02
3cc76949: posts big blind $0.05
*** HOLE CARDS ***
Dealt to f4d92329 
Dealt to b66b5cfd 
Dealt to 3cc76949 
Dealt to Hero [7c 4s]
Dealt to 6ff4e819 
Hero: folds
6ff4e819: raises $0.08 to $0.13
f4d92329: folds
b66b5cfd: folds
3cc76949: calls $0.08
*** FLOP *** [3d 2s 3c]
3cc76949: checks
6ff4e819: checks
*** TURN *** [3d 2s 3c] [Ks]
3cc76949: bets $0.14
6ff4e819: calls $0.14
*** RIVER *** [3d 2s 3c Ks] [6c]
3cc76949: checks
6ff4e819: checks
3cc76949: shows [2h Js] (Pair of Treys and Pair of Twos)
6ff4e819: shows [Kc Jh] (Pair of Kings and Pair of Treys)
*** SHOWDOWN ***
6ff4e819 collected $0.54 from pot
*** SUMMARY ***
Total pot $0.56 | Rake $0.02 | Jackpot $0 | Bingo $0 | Fortune $0 | Tax $0
Board [3d 2s 3c Ks 6c]
Seat 1: f4d92329 (button) folded before Flop (didn't bet)
Seat 2: b66b5cfd (small blind) folded before Flop
Seat 3: 3cc76949 (big blind) showed [2h Js] and lost with Pair of Treys and Pair of Twos
Seat 5: Hero folded before Flop (didn't bet)
Seat 6: 6ff4e819 showed [Kc Jh] and won ($0.54) with Pair of Kings and Pair of Treys


Poker Hand #HD1730410705: Hold'em No Limit ($0.02/$0.05) - 2024/04/14 21:05:46
Table 'NLHBlue44' 6-max Seat #6 is the button
Seat 1: f4d92329 ($5 in chips)
Seat 2: b66b5cfd ($5.24 in chips)
Seat 3: 3cc76949 ($5.45 in chips)
Seat 5: Hero ($7.31 in chips)
Seat 6: 6ff4e819 ($5.36 in chips)
f4d92329: posts small blind $0.02
b66b5cfd: posts big blind $0.05
*** HOLE CARDS ***
Dealt to f4d92329 
Dealt to b66b5cfd 
Dealt to 3cc76949 
Dealt to Hero [4h 3c]
Dealt to 6ff4e819 
3cc76949: raises $0.05 to $0.1
Hero: folds
6ff4e819: calls $0.1
f4d92329: folds
b66b5cfd: folds
*** FLOP *** [3d Kc Tc]
3cc76949: bets $0.09
6ff4e819: calls $0.09
*** TURN *** [3d Kc Tc] [Ac]
3cc76949: checks
6ff4e819: bets $0.23
3cc76949: folds
Uncalled bet ($0.23) returned to 6ff4e819
*** SHOWDOWN ***
6ff4e819 collected $0.43 from pot
*** SUMMARY ***
Total pot $0.45 | Rake $0.02 | Jackpot $0 | Bingo $0 | Fortune $0 | Tax $0
Board [3d Kc Tc Ac]
Seat 1: f4d92329 (small blind) folded before Flop
Seat 2: b66b5cfd (big blind) folded before Flop
Seat 3: 3cc76949 folded on the Turn
Seat 5: Hero folded before Flop (didn't bet)
Seat 6: 6ff4e819 (button) won ($0.43)


Poker Hand #HD1730410683: Hold'em No Limit ($0.02/$0.05) - 2024/04/14 21:05:33
Table 'NLHBlue44' 6-max Seat #5 is the button
Seat 1: f4d92329 ($5.02 in chips)
Seat 2: b66b5cfd ($5.17 in chips)
Seat 3: 3cc76949 ($5.45 in chips)
Seat 5: Hero ($7.31 in chips)
Seat 6: 6ff4e819 ($5.38 in chips)
6ff4e819: posts small blind $0.02
f4d92329: posts big blind $0.05
*** HOLE CARDS ***
Dealt to f4d92329 
Dealt to b66b5cfd 
Dealt to 3cc76949 
Dealt to Hero [5c Kc]
Dealt to 6ff4e819 
b66b5cfd: raises $0.07 to $0.12
3cc76949: folds
Hero: folds
6ff4e819: folds
f4d92329: folds
Uncalled bet ($0.07) returned to b66b5cfd
*** SHOWDOWN ***
b66b5cfd collected $0.12 from pot
*** SUMMARY ***
Total pot $0.12 | Rake $0 | Jackpot $0 | Bingo $0 | Fortune $0 | Tax $0
Seat 1: f4d92329 (big blind) folded before Flop
Seat 2: b66b5cfd collected ($0.12)
Seat 3: 3cc76949 folded before Flop (didn't bet)
Seat 5: Hero (button) folded before Flop (didn't bet)
Seat 6: 6ff4e819 (small blind) folded before Flop


Poker Hand #HD1730410577: Hold'em No Limit ($0.02/$0.05) - 2024/04/14 21:04:27
Table 'NLHBlue44' 6-max Seat #3 is the button
Seat 1: f4d92329 ($5.02 in chips)
Seat 2: b66b5cfd ($5.17 in chips)
Seat 3: 3cc76949 ($5.44 in chips)
Seat 5: Hero ($7.33 in chips)
Seat 6: 6ff4e819 ($5.37 in chips)
Hero: posts small blind $0.02
6ff4e819: posts big blind $0.05
*** HOLE CARDS ***
Dealt to f4d92329 
Dealt to b66b5cfd 
Dealt to 3cc76949 
Dealt to Hero [3c Ah]
Dealt to 6ff4e819 
f4d92329: folds
b66b5cfd: folds
3cc76949: calls $0.05
Hero: folds
6ff4e819: checks
*** FLOP *** [5s Kh 9c]
6ff4e819: checks
3cc76949: checks
*** TURN *** [5s Kh 9c] [Jc]
6ff4e819: checks
3cc76949: checks
*** RIVER *** [5s Kh 9c Jc] [6d]
6ff4e819: checks
3cc76949: checks
6ff4e819: shows [7d 2c] (King-High)
3cc76949: shows [3s 7s] (King-High)
*** SHOWDOWN ***
6ff4e819 collected $0.06 from pot
3cc76949 collected $0.06 from pot
*** SUMMARY ***
Total pot $0.12 | Rake $0 | Jackpot $0 | Bingo $0 | Fortune $0 | Tax $0
Board [5s Kh 9c Jc 6d]
Seat 1: f4d92329 folded before Flop (didn't bet)
Seat 2: b66b5cfd folded before Flop (didn't bet)
Seat 3: 3cc76949 (button) showed [3s 7s] and won ($0.06) with King-High
Seat 5: Hero (small blind) folded before Flop
Seat 6: 6ff4e819 (big blind) showed [7d 2c] and won ($0.06) with King-High


Poker Hand #HD1730410492: Hold'em No Limit ($0.02/$0.05) - 2024/04/14 21:03:41
Table 'NLHBlue44' 6-max Seat #2 is the button
Seat 1: f4d92329 ($5 in chips)
Seat 2: b66b5cfd ($5.16 in chips)
Seat 3: 3cc76949 ($5.46 in chips)
Seat 5: Hero ($7.38 in chips)
Seat 6: 6ff4e819 ($5.37 in chips)
3cc76949: posts small blind $0.02
Hero: posts big blind $0.05
*** HOLE CARDS ***
Dealt to f4d92329 
Dealt to b66b5cfd 
Dealt to 3cc76949 
Dealt to Hero [9h 4d]
Dealt to 6ff4e819 
6ff4e819: folds
f4d92329: raises $0.05 to $0.1
b66b5cfd: raises $0.21 to $0.31
3cc76949: folds
Hero: folds
f4d92329: calls $0.21
*** FLOP *** [As 4c 7s]
f4d92329: checks
b66b5cfd: bets $0.23
f4d92329: calls $0.23
*** TURN *** [As 4c 7s] [Js]
f4d92329: checks
b66b5cfd: checks
*** RIVER *** [As 4c 7s Js] [6h]
f4d92329: checks
b66b5cfd: checks
f4d92329: shows [2d Ad] (Pair of Aces)
b66b5cfd: shows [2c Ac] (Pair of Aces)
*** SHOWDOWN ***
f4d92329 collected $0.56 from pot
b66b5cfd collected $0.55 from pot
*** SUMMARY ***
Total pot $1.15 | Rake $0.04 | Jackpot $0 | Bingo $0 | Fortune $0 | Tax $0
Board [As 4c 7s Js 6h]
Seat 1: f4d92329 showed [2d Ad] and won ($0.56) with Pair of Aces
Seat 2: b66b5cfd (button) showed [2c Ac] and won ($0.55) with Pair of Aces
Seat 3: 3cc76949 (small blind) folded before Flop
Seat 5: Hero (big blind) folded before Flop
Seat 6: 6ff4e819 folded before Flop (didn't bet)


Poker Hand #HD1730410432: Hold'em No Limit ($0.02/$0.05) - 2024/04/14 21:03:04
Table 'NLHBlue44' 6-max Seat #1 is the button
Seat 1: f4d92329 ($5 in chips)
Seat 2: b66b5cfd ($5.18 in chips)
Seat 3: 3cc76949 ($5.44 in chips)
Seat 4: e5c3243 ($8.17 in chips)
Seat 5: Hero ($7.38 in chips)
Seat 6: 6ff4e819 ($5.37 in chips)
b66b5cfd: posts small blind $0.02
3cc76949: posts big blind $0.05
*** HOLE CARDS ***
Dealt to f4d92329 
Dealt to b66b5cfd 
Dealt to 3cc76949 
Dealt to e5c3243 
Dealt to Hero [2h Kc]
Dealt to 6ff4e819 
e5c3243: folds
Hero: folds
6ff4e819: folds
f4d92329: folds
b66b5cfd: folds
Uncalled bet ($0.03) returned to 3cc76949
*** SHOWDOWN ***
3cc76949 collected $0.04 from pot
*** SUMMARY ***
Total pot $0.04 | Rake $0 | Jackpot $0 | Bingo $0 | Fortune $0 | Tax $0
Seat 1: f4d92329 (button) folded before Flop (didn't bet)
Seat 2: b66b5cfd (small blind) folded before Flop
Seat 3: 3cc76949 (big blind) collected ($0.04)
Seat 4: e5c3243 folded before Flop (didn't bet)
Seat 5: Hero folded before Flop (didn't bet)
Seat 6: 6ff4e819 folded before Flop (didn't bet)


Poker Hand #HD1730410408: Hold'em No Limit ($0.02/$0.05) - 2024/04/14 21:02:48
Table 'NLHBlue44' 6-max Seat #6 is the button
Seat 1: f4d92329 ($5 in chips)
Seat 2: b66b5cfd ($5.23 in chips)
Seat 3: 3cc76949 ($5.44 in chips)
Seat 4: e5c3243 ($8.17 in chips)
Seat 5: Hero ($7.31 in chips)
Seat 6: 6ff4e819 ($5.37 in chips)
f4d92329: posts small blind $0.02
b66b5cfd: posts big blind $0.05
*** HOLE CARDS ***
Dealt to f4d92329 
Dealt to b66b5cfd 
Dealt to 3cc76949 
Dealt to e5c3243 
Dealt to Hero [9h As]
Dealt to 6ff4e819 
3cc76949: folds
e5c3243: folds
Hero: raises $0.07 to $0.12
6ff4e819: folds
f4d92329: folds
b66b5cfd: folds
Uncalled bet ($0.07) returned to Hero
*** SHOWDOWN ***
Hero collected $0.12 from pot
*** SUMMARY ***
Total pot $0.12 | Rake $0 | Jackpot $0 | Bingo $0 | Fortune $0 | Tax $0
Seat 1: f4d92329 (small blind) folded before Flop
Seat 2: b66b5cfd (big blind) folded before Flop
Seat 3: 3cc76949 folded before Flop (didn't bet)
Seat 4: e5c3243 folded before Flop (didn't bet)
Seat 5: Hero collected ($0.12)
Seat 6: 6ff4e819 (button) folded before Flop (didn't bet)


Poker Hand #HD1730410334: Hold'em No Limit ($0.02/$0.05) - 2024/04/14 21:02:09
Table 'NLHBlue44' 6-max Seat #5 is the button
Seat 1: f4d92329 ($5 in chips)
Seat 2: b66b5cfd ($5.23 in chips)
Seat 3: 3cc76949 ($5.44 in chips)
Seat 4: e5c3243 ($8.17 in chips)
Seat 5: Hero ($7.18 in chips)
Seat 6: 6ff4e819 ($5.39 in chips)
6ff4e819: posts small blind $0.02
f4d92329: posts big blind $0.05
*** HOLE CARDS ***
Dealt to f4d92329 
Dealt to b66b5cfd 
Dealt to 3cc76949 
Dealt to e5c3243 
Dealt to Hero [5c As]
Dealt to 6ff4e819 
b66b5cfd: folds
3cc76949: folds
e5c3243: folds
Hero: raises $0.07 to $0.12
6ff4e819: folds
f4d92329: calls $0.07
*** FLOP *** [Td 9s 2c]
f4d92329: checks
Hero: bets $0.15
f4d92329: folds
Uncalled bet ($0.15) returned to Hero
*** SHOWDOWN ***
Hero collected $0.25 from pot
*** SUMMARY ***
Total pot $0.26 | Rake $0.01 | Jackpot $0 | Bingo $0 | Fortune $0 | Tax $0
Board [Td 9s 2c]
Seat 1: f4d92329 (big blind) folded on the Flop
Seat 2: b66b5cfd folded before Flop (didn't bet)
Seat 3: 3cc76949 folded before Flop (didn't bet)
Seat 4: e5c3243 folded before Flop (didn't bet)
Seat 5: Hero (button) won ($0.25)
Seat 6: 6ff4e819 (small blind) folded before Flop


Poker Hand #HD1730410257: Hold'em No Limit ($0.02/$0.05) - 2024/04/14 21:01:28
Table 'NLHBlue44' 6-max Seat #4 is the button
Seat 1: f4d92329 ($5 in chips)
Seat 2: b66b5cfd ($5.23 in chips)
Seat 3: 3cc76949 ($5.44 in chips)
Seat 4: e5c3243 ($8.17 in chips)
Seat 5: Hero ($7.33 in chips)
Seat 6: 6ff4e819 ($5.25 in chips)
Hero: posts small blind $0.02
6ff4e819: posts big blind $0.05
*** HOLE CARDS ***
Dealt to f4d92329 
Dealt to b66b5cfd 
Dealt to 3cc76949 
Dealt to e5c3243 
Dealt to Hero [8h 4h]
Dealt to 6ff4e819 
f4d92329: folds
b66b5cfd: folds
3cc76949: folds
e5c3243: folds
Hero: raises $0.1 to $0.15
6ff4e819: raises $0.3 to $0.45
Hero: folds
Uncalled bet ($0.3) returned to 6ff4e819
*** SHOWDOWN ***
6ff4e819 collected $0.29 from pot
*** SUMMARY ***
Total pot $0.3 | Rake $0.01 | Jackpot $0 | Bingo $0 | Fortune $0 | Tax $0
Seat 1: f4d92329 folded before Flop (didn't bet)
Seat 2: b66b5cfd folded before Flop (didn't bet)
Seat 3: 3cc76949 folded before Flop (didn't bet)
Seat 4: e5c3243 (button) folded before Flop (didn't bet)
Seat 5: Hero (small blind) folded before Flop
Seat 6: 6ff4e819 (big blind) collected ($0.29)


Poker Hand #HD1730410231: Hold'em No Limit ($0.02/$0.05) - 2024/04/14 21:01:13
Table 'NLHBlue44' 6-max Seat #3 is the button
Seat 1: f4d92329 ($5 in chips)
Seat 2: b66b5cfd ($5.23 in chips)
Seat 3: 3cc76949 ($5.37 in chips)
Seat 4: e5c3243 ($8.19 in chips)
Seat 5: Hero ($7.38 in chips)
Seat 6: 6ff4e819 ($5.25 in chips)
e5c3243: posts small blind $0.02
Hero: posts big blind $0.05
*** HOLE CARDS ***
Dealt to f4d92329 
Dealt to b66b5cfd 
Dealt to 3cc76949 
Dealt to e5c3243 
Dealt to Hero [7s 3c]
Dealt to 6ff4e819 
6ff4e819: folds
f4d92329: folds
b66b5cfd: folds
3cc76949: raises $0.05 to $0.1
e5c3243: folds
Hero: folds
Uncalled bet ($0.05) returned to 3cc76949
*** SHOWDOWN ***
3cc76949 collected $0.12 from pot
*** SUMMARY ***
Total pot $0.12 | Rake $0 | Jackpot $0 | Bingo $0 | Fortune $0 | Tax $0
Seat 1: f4d92329 folded before Flop (didn't bet)
Seat 2: b66b5cfd folded before Flop (didn't bet)
Seat 3: 3cc76949 (button) collected ($0.12)
Seat 4: e5c3243 (small blind) folded before Flop
Seat 5: Hero (big blind) folded before Flop
Seat 6: 6ff4e819 folded before Flop (didn't bet)


Poker Hand #HD1730410201: Hold'em No Limit ($0.02/$0.05) - 2024/04/14 21:00:57
Table 'NLHBlue44' 6-max Seat #2 is the button
Seat 1: f4d92329 ($5 in chips)
Seat 2: b66b5cfd ($5.23 in chips)
Seat 3: 3cc76949 ($5.39 in chips)
Seat 4: e5c3243 ($8.17 in chips)
Seat 5: Hero ($7.38 in chips)
Seat 6: 6ff4e819 ($5.25 in chips)
3cc76949: posts small blind $0.02
e5c3243: posts big blind $0.05
*** HOLE CARDS ***
Dealt to f4d92329 
Dealt to b66b5cfd 
Dealt to 3cc76949 
Dealt to e5c3243 
Dealt to Hero [Qc 8c]
Dealt to 6ff4e819 
Hero: folds
6ff4e819: folds
f4d92329: folds
b66b5cfd: folds
3cc76949: folds
Uncalled bet ($0.03) returned to e5c3243
*** SHOWDOWN ***
e5c3243 collected $0.04 from pot
*** SUMMARY ***
Total pot $0.04 | Rake $0 | Jackpot $0 | Bingo $0 | Fortune $0 | Tax $0
Seat 1: f4d92329 folded before Flop (didn't bet)
Seat 2: b66b5cfd (button) folded before Flop (didn't bet)
Seat 3: 3cc76949 (small blind) folded before Flop
Seat 4: e5c3243 (big blind) collected ($0.04)
Seat 5: Hero folded before Flop (didn't bet)
Seat 6: 6ff4e819 folded before Flop (didn't bet)


Poker Hand #HD1730410077: Hold'em No Limit ($0.02/$0.05) - 2024/04/14 20:59:34
Table 'NLHBlue44' 6-max Seat #1 is the button
Seat 1: f4d92329 ($5 in chips)
Seat 2: b66b5cfd ($5.25 in chips)
Seat 3: 3cc76949 ($5.02 in chips)
Seat 4: e5c3243 ($8.55 in chips)
Seat 5: Hero ($7.38 in chips)
Seat 6: 6ff4e819 ($5.25 in chips)
b66b5cfd: posts small blind $0.02
3cc76949: posts big blind $0.05
*** HOLE CARDS ***
Dealt to f4d92329 
Dealt to b66b5cfd 
Dealt to 3cc76949 
Dealt to e5c3243 
Dealt to Hero [Tc 9d]
Dealt to 6ff4e819 
e5c3243: raises $0.05 to $0.1
Hero: folds
6ff4e819: folds
f4d92329: folds
b66b5cfd: folds
3cc76949: calls $0.05
*** FLOP *** [Qd Kh Ks]
3cc76949: checks
e5c3243: bets $0.06
3cc76949: calls $0.06
*** TURN *** [Qd Kh Ks] [3d]
3cc76949: checks
e5c3243: bets $0.06
3cc76949: raises $0.16 to $0.22
e5c3243: calls $0.16
*** RIVER *** [Qd Kh Ks 3d] [6s]
3cc76949: bets $0.59
e5c3243: folds
Uncalled bet ($0.59) returned to 3cc76949
*** SHOWDOWN ***
3cc76949 collected $0.75 from pot
*** SUMMARY ***
Total pot $0.78 | Rake $0.03 | Jackpot $0 | Bingo $0 | Fortune $0 | Tax $0
Board [Qd Kh Ks 3d 6s]
Seat 1: f4d92329 (button) folded before Flop (didn't bet)
Seat 2: b66b5cfd (small blind) folded before Flop
Seat 3: 3cc76949 (big blind) won ($0.75)
Seat 4: e5c3243 folded on the River
Seat 5: Hero folded before Flop (didn't bet)
Seat 6: 6ff4e819 folded before Flop (didn't bet)


Poker Hand #HD1730410027: Hold'em No Limit ($0.02/$0.05) - 2024/04/14 20:59:07
Table 'NLHBlue44' 6-max Seat #6 is the button
Seat 1: f4d92329 ($5 in chips)
Seat 2: b66b5cfd ($5.3 in chips)
Seat 3: 3cc76949 ($5.07 in chips)
Seat 4: e5c3243 ($8.43 in chips)
Seat 5: Hero ($7.38 in chips)
Seat 6: 6ff4e819 ($5.25 in chips)
f4d92329: posts small blind $0.02
b66b5cfd: posts big blind $0.05
*** HOLE CARDS ***
Dealt to f4d92329 
Dealt to b66b5cfd 
Dealt to 3cc76949 
Dealt to e5c3243 
Dealt to Hero [3s 7s]
Dealt to 6ff4e819 
3cc76949: calls $0.05
e5c3243: raises $0.15 to $0.2
Hero: folds
6ff4e819: folds
f4d92329: folds
b66b5cfd: folds
3cc76949: folds
Uncalled bet ($0.15) returned to e5c3243
*** SHOWDOWN ***
e5c3243 collected $0.17 from pot
*** SUMMARY ***
Total pot $0.17 | Rake $0 | Jackpot $0 | Bingo $0 | Fortune $0 | Tax $0
Seat 1: f4d92329 (small blind) folded before Flop
Seat 2: b66b5cfd (big blind) folded before Flop
Seat 3: 3cc76949 folded before Flop
Seat 4: e5c3243 collected ($0.17)
Seat 5: Hero folded before Flop (didn't bet)
Seat 6: 6ff4e819 (button) folded before Flop (didn't bet)


Poker Hand #HD1730409952: Hold'em No Limit ($0.02/$0.05) - 2024/04/14 20:58:23
Table 'NLHBlue44' 6-max Seat #5 is the button
Seat 1: f4d92329 ($5.14 in chips)
Seat 2: b66b5cfd ($5.3 in chips)
Seat 3: 3cc76949 ($5.07 in chips)
Seat 4: e5c3243 ($8.26 in chips)
Seat 5: Hero ($7.38 in chips)
Seat 6: 6ff4e819 ($5.27 in chips)
6ff4e819: posts small blind $0.02
f4d92329: posts big blind $0.05
*** HOLE CARDS ***
Dealt to f4d92329 
Dealt to b66b5cfd 
Dealt to 3cc76949 
Dealt to e5c3243 
Dealt to Hero [Qs 6h]
Dealt to 6ff4e819 
b66b5cfd: folds
3cc76949: folds
e5c3243: raises $0.05 to $0.1
Hero: folds
6ff4e819: folds
f4d92329: calls $0.05
*** FLOP *** [2s As 8c]
f4d92329: checks
e5c3243: bets $0.06
f4d92329: calls $0.06
*** TURN *** [2s As 8c] [Kh]
f4d92329: checks
e5c3243: bets $0.35
f4d92329: folds
Uncalled bet ($0.35) returned to e5c3243
*** SHOWDOWN ***
e5c3243 collected $0.33 from pot
*** SUMMARY ***
Total pot $0.34 | Rake $0.01 | Jackpot $0 | Bingo $0 | Fortune $0 | Tax $0
Board [2s As 8c Kh]
Seat 1: f4d92329 (big blind) folded on the Turn
Seat 2: b66b5cfd folded before Flop (didn't bet)
Seat 3: 3cc76949 folded before Flop (didn't bet)
Seat 4: e5c3243 won ($0.33)
Seat 5: Hero (button) folded before Flop (didn't bet)
Seat 6: 6ff4e819 (small blind) folded before Flop


Poker Hand #HD1730409829: Hold'em No Limit ($0.02/$0.05) - 2024/04/14 20:57:17
Table 'NLHBlue44' 6-max Seat #4 is the button
Seat 1: f4d92329 ($5.14 in chips)
Seat 2: b66b5cfd ($5.3 in chips)
Seat 3: 3cc76949 ($5.07 in chips)
Seat 4: e5c3243 ($8.26 in chips)
Seat 5: Hero ($7.68 in chips)
Seat 6: 6ff4e819 ($5 in chips)
Hero: posts small blind $0.02
6ff4e819: posts big blind $0.05
*** HOLE CARDS ***
Dealt to f4d92329 
Dealt to b66b5cfd 
Dealt to 3cc76949 
Dealt to e5c3243 
Dealt to Hero [4s As]
Dealt to 6ff4e819 
f4d92329: folds
b66b5cfd: folds
3cc76949: folds
e5c3243: folds
Hero: raises $0.1 to $0.15
6ff4e819: calls $0.1
*** FLOP *** [Qh 2s 8c]
Hero: bets $0.15
6ff4e819: calls $0.15
*** TURN *** [Qh 2s 8c] [9d]
Hero: checks
6ff4e819: checks
*** RIVER *** [Qh 2s 8c 9d] [3h]
Hero: checks
6ff4e819: checks
Hero: shows [4s As] (Ace-High)
6ff4e819: shows [Th 8h] (Pair of Eights)
*** SHOWDOWN ***
6ff4e819 collected $0.57 from pot
*** SUMMARY ***
Total pot $0.6 | Rake $0.03 | Jackpot $0 | Bingo $0 | Fortune $0 | Tax $0
Board [Qh 2s 8c 9d 3h]
Seat 1: f4d92329 folded before Flop (didn't bet)
Seat 2: b66b5cfd folded before Flop (didn't bet)
Seat 3: 3cc76949 folded before Flop (didn't bet)
Seat 4: e5c3243 (button) folded before Flop (didn't bet)
Seat 5: Hero (small blind) showed [4s As] and lost with Ace-High
Seat 6: 6ff4e819 (big blind) showed [Th 8h] and won ($0.57) with Pair of Eights


Poker Hand #HD1730409806: Hold'em No Limit ($0.02/$0.05) - 2024/04/14 20:57:01
Table 'NLHBlue44' 6-max Seat #3 is the button
Seat 1: f4d92329 ($5.14 in chips)
Seat 2: b66b5cfd ($5.3 in chips)
Seat 3: 3cc76949 ($5 in chips)
Seat 4: e5c3243 ($8.28 in chips)
Seat 5: Hero ($7.73 in chips)
e5c3243: posts small blind $0.02
Hero: posts big blind $0.05
*** HOLE CARDS ***
Dealt to f4d92329 
Dealt to b66b5cfd 
Dealt to 3cc76949 
Dealt to e5c3243 
Dealt to Hero [3c 4d]
f4d92329: folds
b66b5cfd: folds
3cc76949: raises $0.1 to $0.15
e5c3243: folds
Hero: folds
Uncalled bet ($0.1) returned to 3cc76949
*** SHOWDOWN ***
3cc76949 collected $0.12 from pot
*** SUMMARY ***
Total pot $0.12 | Rake $0 | Jackpot $0 | Bingo $0 | Fortune $0 | Tax $0
Seat 1: f4d92329 folded before Flop (didn't bet)
Seat 2: b66b5cfd folded before Flop (didn't bet)
Seat 3: 3cc76949 (button) collected ($0.12)
Seat 4: e5c3243 (small blind) folded before Flop
Seat 5: Hero (big blind) folded before Flop


Poker Hand #HD1730409675: Hold'em No Limit ($0.02/$0.05) - 2024/04/14 20:55:43
Table 'NLHBlue44' 6-max Seat #2 is the button
Seat 1: f4d92329 ($5.14 in chips)
Seat 2: b66b5cfd ($5.3 in chips)
Seat 3: 3cc76949 ($4.67 in chips)
Seat 4: e5c3243 ($7.59 in chips)
Seat 5: Hero ($7.73 in chips)
3cc76949: posts small blind $0.02
e5c3243: posts big blind $0.05
*** HOLE CARDS ***
Dealt to f4d92329 
Dealt to b66b5cfd 
Dealt to 3cc76949 
Dealt to e5c3243 
Dealt to Hero [7h 9d]
Hero: folds
f4d92329: folds
b66b5cfd: folds
3cc76949: raises $0.05 to $0.1
e5c3243: calls $0.05
*** FLOP *** [6d Ad 3d]
3cc76949: checks
e5c3243: checks
*** TURN *** [6d Ad 3d] [4h]
3cc76949: bets $0.1
e5c3243: raises $0.21 to $0.31
3cc76949: calls $0.21
*** RIVER *** [6d Ad 3d 4h] [2s]
3cc76949: bets $0.41
e5c3243: calls $0.41
3cc76949: shows [Th Jd] (Ace-High)
e5c3243: shows [Ah 6h] (Pair of Aces and Pair of Sixes)
*** SHOWDOWN ***
e5c3243 collected $1.51 from pot
*** SUMMARY ***
Total pot $1.64 | Rake $0.08 | Jackpot $0.05 | Bingo $0 | Fortune $0 | Tax $0
Board [6d Ad 3d 4h 2s]
Seat 1: f4d92329 folded before Flop (didn't bet)
Seat 2: b66b5cfd (button) folded before Flop (didn't bet)
Seat 3: 3cc76949 (small blind) showed [Th Jd] and lost with Ace-High
Seat 4: e5c3243 (big blind) showed [Ah 6h] and won ($1.51) with Pair of Aces and Pair of Sixes
Seat 5: Hero folded before Flop (didn't bet)


Poker Hand #HD1730409598: Hold'em No Limit ($0.02/$0.05) - 2024/04/14 20:54:59
Table 'NLHBlue44' 6-max Seat #1 is the button
Seat 1: f4d92329 ($5.14 in chips)
Seat 2: b66b5cfd ($5 in chips)
Seat 3: 3cc76949 ($5 in chips)
Seat 4: e5c3243 ($7.59 in chips)
Seat 5: Hero ($7.73 in chips)
b66b5cfd: posts small blind $0.02
3cc76949: posts big blind $0.05
*** HOLE CARDS ***
Dealt to f4d92329 
Dealt to b66b5cfd 
Dealt to 3cc76949 
Dealt to e5c3243 
Dealt to Hero [3h Ad]
e5c3243: folds
Hero: folds
f4d92329: folds
b66b5cfd: raises $0.09 to $0.14
3cc76949: calls $0.09
*** FLOP *** [7h 5c 9h]
b66b5cfd: bets $0.19
3cc76949: calls $0.19
*** TURN *** [7h 5c 9h] [6c]
b66b5cfd: bets $0.5
3cc76949: folds
Uncalled bet ($0.5) returned to b66b5cfd
*** SHOWDOWN ***
b66b5cfd collected $0.63 from pot
*** SUMMARY ***
Total pot $0.66 | Rake $0.03 | Jackpot $0 | Bingo $0 | Fortune $0 | Tax $0
Board [7h 5c 9h 6c]
Seat 1: f4d92329 (button) folded before Flop (didn't bet)
Seat 2: b66b5cfd (small blind) won ($0.63)
Seat 3: 3cc76949 (big blind) folded on the Turn
Seat 4: e5c3243 folded before Flop (didn't bet)
Seat 5: Hero folded before Flop (didn't bet)


Poker Hand #HD1730409502: Hold'em No Limit ($0.02/$0.05) - 2024/04/14 20:54:03
Table 'NLHBlue44' 6-max Seat #6 is the button
Seat 1: f4d92329 ($5.16 in chips)
Seat 2: b66b5cfd ($5 in chips)
Seat 3: 3cc76949 ($5.07 in chips)
Seat 4: e5c3243 ($6.48 in chips)
Seat 5: Hero ($7.73 in chips)
Seat 6: 6cfcf17d ($0.33 in chips)
f4d92329: posts small blind $0.02
b66b5cfd: posts big blind $0.05
*** HOLE CARDS ***
Dealt to f4d92329 
Dealt to b66b5cfd 
Dealt to 3cc76949 
Dealt to e5c3243 
Dealt to Hero [Qh 4s]
Dealt to 6cfcf17d 
3cc76949: raises $0.05 to $0.1
e5c3243: calls $0.1
Hero: folds
6cfcf17d: raises $0.23 to $0.33 and is all-in
f4d92329: folds
b66b5cfd: folds
3cc76949: calls $0.23
e5c3243: calls $0.23
*** FLOP *** [9h 7d Ah]
3cc76949: bets $0.53
e5c3243: calls $0.53
*** TURN *** [9h 7d Ah] [2c]
3cc76949: checks
e5c3243: checks
*** RIVER *** [9h 7d Ah 2c] [3h]
3cc76949: checks
e5c3243: bets $0.56
3cc76949: folds
Uncalled bet ($0.56) returned to e5c3243
e5c3243: shows [As 3s] (Pair of Aces and Pair of Treys)
6cfcf17d: shows [8d 8s] (Pair of Eights)
*** SHOWDOWN ***
e5c3243 collected $0.98 from pot
e5c3243 collected $0.99 from pot
*** SUMMARY ***
Total pot $2.12 | Rake $0.1 | Jackpot $0.05 | Bingo $0 | Fortune $0 | Tax $0
Board [9h 7d Ah 2c 3h]
Seat 1: f4d92329 (small blind) folded before Flop
Seat 2: b66b5cfd (big blind) folded before Flop
Seat 3: 3cc76949 folded on the River
Seat 4: e5c3243 showed [As 3s] and won ($1.97) with Pair of Aces and Pair of Treys
Seat 5: Hero folded before Flop (didn't bet)
Seat 6: 6cfcf17d (button) showed [8d 8s] and lost with Pair of Eights


Poker Hand #HD1730409460: Hold'em No Limit ($0.02/$0.05) - 2024/04/14 20:53:41
Table 'NLHBlue44' 6-max Seat #5 is the button
Seat 1: f4d92329 ($5.14 in chips)
Seat 2: b66b5cfd ($5 in chips)
Seat 3: 3cc76949 ($5.07 in chips)
Seat 4: e5c3243 ($6.48 in chips)
Seat 5: Hero ($7.73 in chips)
Seat 6: 6cfcf17d ($0.35 in chips)
6cfcf17d: posts small blind $0.02
f4d92329: posts big blind $0.05
*** HOLE CARDS ***
Dealt to f4d92329 
Dealt to b66b5cfd 
Dealt to 3cc76949 
Dealt to e5c3243 
Dealt to Hero [5c 8d]
Dealt to 6cfcf17d 
b66b5cfd: folds
3cc76949: folds
e5c3243: folds
Hero: folds
6cfcf17d: folds
Uncalled bet ($0.03) returned to f4d92329
*** SHOWDOWN ***
f4d92329 collected $0.04 from pot
*** SUMMARY ***
Total pot $0.04 | Rake $0 | Jackpot $0 | Bingo $0 | Fortune $0 | Tax $0
Seat 1: f4d92329 (big blind) collected ($0.04)
Seat 2: b66b5cfd folded before Flop (didn't bet)
Seat 3: 3cc76949 folded before Flop (didn't bet)
Seat 4: e5c3243 folded before Flop (didn't bet)
Seat 5: Hero (button) folded before Flop (didn't bet)
Seat 6: 6cfcf17d (small blind) folded before Flop


Poker Hand #HD1730409412: Hold'em No Limit ($0.02/$0.05) - 2024/04/14 20:53:10
Table 'NLHBlue44' 6-max Seat #4 is the button
Seat 1: f4d92329 ($5.14 in chips)
Seat 2: b66b5cfd ($5 in chips)
Seat 3: 3cc76949 ($5 in chips)
Seat 4: e5c3243 ($6.48 in chips)
Seat 5: Hero ($7.75 in chips)
Seat 6: 6cfcf17d ($0.4 in chips)
Hero: posts small blind $0.02
6cfcf17d: posts big blind $0.05
3cc76949: posts big blind $0.05
*** HOLE CARDS ***
Dealt to f4d92329 
Dealt to b66b5cfd 
Dealt to 3cc76949 
Dealt to e5c3243 
Dealt to Hero [2s Qh]
Dealt to 6cfcf17d 
f4d92329: folds
b66b5cfd: folds
3cc76949: checks
e5c3243: folds
Hero: folds
6cfcf17d: checks
*** FLOP *** [Ad Qd 6s]
6cfcf17d: checks
3cc76949: bets $0.06
6cfcf17d: folds
Uncalled bet ($0.06) returned to 3cc76949
*** SHOWDOWN ***
3cc76949 collected $0.12 from pot
*** SUMMARY ***
Total pot $0.12 | Rake $0 | Jackpot $0 | Bingo $0 | Fortune $0 | Tax $0
Board [Ad Qd 6s]
Seat 1: f4d92329 folded before Flop (didn't bet)
Seat 2: b66b5cfd folded before Flop (didn't bet)
Seat 3: 3cc76949 won ($0.12)
Seat 4: e5c3243 (button) folded before Flop (didn't bet)
Seat 5: Hero (small blind) folded before Flop
Seat 6: 6cfcf17d (big blind) folded on the Flop


Poker Hand #HD1730409395: Hold'em No Limit ($0.02/$0.05) - 2024/04/14 20:52:56
Table 'NLHBlue44' 6-max Seat #2 is the button
Seat 1: f4d92329 ($5.14 in chips)
Seat 2: b66b5cfd ($5 in chips)
Seat 4: e5c3243 ($6.5 in chips)
Seat 5: Hero ($7.73 in chips)
Seat 6: 6cfcf17d ($0.4 in chips)
e5c3243: posts small blind $0.02
Hero: posts big blind $0.05
*** HOLE CARDS ***
Dealt to f4d92329 
Dealt to b66b5cfd 
Dealt to e5c3243 
Dealt to Hero [Qc 5h]
Dealt to 6cfcf17d 
6cfcf17d: folds
f4d92329: folds
b66b5cfd: folds
e5c3243: folds
Uncalled bet ($0.03) returned to Hero
*** SHOWDOWN ***
Hero collected $0.04 from pot
*** SUMMARY ***
Total pot $0.04 | Rake $0 | Jackpot $0 | Bingo $0 | Fortune $0 | Tax $0
Seat 1: f4d92329 folded before Flop (didn't bet)
Seat 2: b66b5cfd (button) folded before Flop (didn't bet)
Seat 4: e5c3243 (small blind) folded before Flop
Seat 5: Hero (big blind) collected ($0.04)
Seat 6: 6cfcf17d folded before Flop (didn't bet)


Poker Hand #HD1730409371: Hold'em No Limit ($0.02/$0.05) - 2024/04/14 20:52:43
Table 'NLHBlue44' 6-max Seat #1 is the button
Seat 1: f4d92329 ($5.14 in chips)
Seat 2: b66b5cfd ($5 in chips)
Seat 4: e5c3243 ($6.48 in chips)
Seat 5: Hero ($7.73 in chips)
Seat 6: 6cfcf17d ($0.4 in chips)
b66b5cfd: posts small blind $0.02
e5c3243: posts big blind $0.05
*** HOLE CARDS ***
Dealt to f4d92329 
Dealt to b66b5cfd 
Dealt to e5c3243 
Dealt to Hero [2h Js]
Dealt to 6cfcf17d 
Hero: folds
6cfcf17d: folds
f4d92329: folds
b66b5cfd: folds
Uncalled bet ($0.03) returned to e5c3243
*** SHOWDOWN ***
e5c3243 collected $0.04 from pot
*** SUMMARY ***
Total pot $0.04 | Rake $0 | Jackpot $0 | Bingo $0 | Fortune $0 | Tax $0
Seat 1: f4d92329 (button) folded before Flop (didn't bet)
Seat 2: b66b5cfd (small blind) folded before Flop
Seat 4: e5c3243 (big blind) collected ($0.04)
Seat 5: Hero folded before Flop (didn't bet)
Seat 6: 6cfcf17d folded before Flop (didn't bet)


Poker Hand #HD1730409314: Hold'em No Limit ($0.02/$0.05) - 2024/04/14 20:52:09
Table 'NLHBlue44' 6-max Seat #6 is the button
Seat 1: f4d92329 ($5 in chips)
Seat 2: b66b5cfd ($5 in chips)
Seat 3: 7ff3682a ($5.37 in chips)
Seat 4: e5c3243 ($6.48 in chips)
Seat 5: Hero ($7.73 in chips)
Seat 6: 6cfcf17d ($0.4 in chips)
f4d92329: posts small blind $0.02
b66b5cfd: posts big blind $0.05
*** HOLE CARDS ***
Dealt to f4d92329 
Dealt to b66b5cfd 
Dealt to 7ff3682a 
Dealt to e5c3243 
Dealt to Hero [2c 6h]
Dealt to 6cfcf17d 
7ff3682a: folds
e5c3243: folds
Hero: folds
6cfcf17d: folds
f4d92329: raises $0.1 to $0.15
b66b5cfd: calls $0.1
*** FLOP *** [8h Qd 7s]
f4d92329: bets $0.23
b66b5cfd: folds
Uncalled bet ($0.23) returned to f4d92329
*** SHOWDOWN ***
f4d92329 collected $0.29 from pot
*** SUMMARY ***
Total pot $0.3 | Rake $0.01 | Jackpot $0 | Bingo $0 | Fortune $0 | Tax $0
Board [8h Qd 7s]
Seat 1: f4d92329 (small blind) won ($0.29)
Seat 2: b66b5cfd (big blind) folded on the Flop
Seat 3: 7ff3682a folded before Flop (didn't bet)
Seat 4: e5c3243 folded before Flop (didn't bet)
Seat 5: Hero folded before Flop (didn't bet)
Seat 6: 6cfcf17d (button) folded before Flop (didn't bet)


Poker Hand #HD1730409255: Hold'em No Limit ($0.02/$0.05) - 2024/04/14 20:51:34
Table 'NLHBlue44' 6-max Seat #5 is the button
Seat 1: f4d92329 ($5.09 in chips)
Seat 2: b66b5cfd ($5 in chips)
Seat 3: 7ff3682a ($5.21 in chips)
Seat 4: e5c3243 ($6.48 in chips)
Seat 5: Hero ($7.73 in chips)
Seat 6: 6cfcf17d ($0.42 in chips)
6cfcf17d: posts small blind $0.02
f4d92329: posts big blind $0.05
*** HOLE CARDS ***
Dealt to f4d92329 
Dealt to b66b5cfd 
Dealt to 7ff3682a 
Dealt to e5c3243 
Dealt to Hero [3h Jc]
Dealt to 6cfcf17d 
b66b5cfd: folds
7ff3682a: raises $0.1 to $0.15
e5c3243: folds
Hero: folds
6cfcf17d: folds
f4d92329: calls $0.1
*** FLOP *** [4c 5c 5d]
f4d92329: checks
7ff3682a: bets $0.11
f4d92329: folds
Uncalled bet ($0.11) returned to 7ff3682a
*** SHOWDOWN ***
7ff3682a collected $0.31 from pot
*** SUMMARY ***
Total pot $0.32 | Rake $0.01 | Jackpot $0 | Bingo $0 | Fortune $0 | Tax $0
Board [4c 5c 5d]
Seat 1: f4d92329 (big blind) folded on the Flop
Seat 2: b66b5cfd folded before Flop (didn't bet)
Seat 3: 7ff3682a won ($0.31)
Seat 4: e5c3243 folded before Flop (didn't bet)
Seat 5: Hero (button) folded before Flop (didn't bet)
Seat 6: 6cfcf17d (small blind) folded before Flop


Poker Hand #HD1730409213: Hold'em No Limit ($0.02/$0.05) - 2024/04/14 20:51:10
Table 'NLHBlue44' 6-max Seat #4 is the button
Seat 1: f4d92329 ($5.09 in chips)
Seat 2: b66b5cfd ($5 in chips)
Seat 3: 7ff3682a ($5.21 in chips)
Seat 4: e5c3243 ($6.41 in chips)
Seat 5: Hero ($7.75 in chips)
Seat 6: 6cfcf17d ($0.47 in chips)
Hero: posts small blind $0.02
6cfcf17d: posts big blind $0.05
*** HOLE CARDS ***
Dealt to f4d92329 
Dealt to b66b5cfd 
Dealt to 7ff3682a 
Dealt to e5c3243 
Dealt to Hero [5d 2d]
Dealt to 6cfcf17d 
f4d92329: folds
b66b5cfd: folds
7ff3682a: folds
e5c3243: raises $0.09 to $0.14
Hero: folds
6cfcf17d: folds
Uncalled bet ($0.09) returned to e5c3243
*** SHOWDOWN ***
e5c3243 collected $0.12 from pot
*** SUMMARY ***
Total pot $0.12 | Rake $0 | Jackpot $0 | Bingo $0 | Fortune $0 | Tax $0
Seat 1: f4d92329 folded before Flop (didn't bet)
Seat 2: b66b5cfd folded before Flop (didn't bet)
Seat 3: 7ff3682a folded before Flop (didn't bet)
Seat 4: e5c3243 (button) collected ($0.12)
Seat 5: Hero (small blind) folded before Flop
Seat 6: 6cfcf17d (big blind) folded before Flop


Poker Hand #HD1730409115: Hold'em No Limit ($0.02/$0.05) - 2024/04/14 20:50:13
Table 'NLHBlue44' 6-max Seat #3 is the button
Seat 1: f4d92329 ($5.09 in chips)
Seat 2: b66b5cfd ($5.01 in chips)
Seat 3: 7ff3682a ($5.21 in chips)
Seat 4: e5c3243 ($6.43 in chips)
Seat 5: Hero ($7.62 in chips)
Seat 6: 6cfcf17d ($0.47 in chips)
e5c3243: posts small blind $0.02
Hero: posts big blind $0.05
*** HOLE CARDS ***
Dealt to f4d92329 
Dealt to b66b5cfd 
Dealt to 7ff3682a 
Dealt to e5c3243 
Dealt to Hero [Ac Td]
Dealt to 6cfcf17d 
6cfcf17d: folds
f4d92329: folds
b66b5cfd: raises $0.07 to $0.12
7ff3682a: folds
e5c3243: folds
Hero: calls $0.07
*** FLOP *** [3d 3h Qs]
Hero: checks
b66b5cfd: checks
*** TURN *** [3d 3h Qs] [5h]
Hero: checks
b66b5cfd: checks
*** RIVER *** [3d 3h Qs 5h] [6d]
Hero: checks
b66b5cfd: checks
Hero: shows [Ac Td] (Pair of Treys)
b66b5cfd: shows [Ad 7d] (Pair of Treys)
*** SHOWDOWN ***
Hero collected $0.25 from pot
*** SUMMARY ***
Total pot $0.26 | Rake $0.01 | Jackpot $0 | Bingo $0 | Fortune $0 | Tax $0
Board [3d 3h Qs 5h 6d]
Seat 1: f4d92329 folded before Flop (didn't bet)
Seat 2: b66b5cfd showed [Ad 7d] and lost with Pair of Treys
Seat 3: 7ff3682a (button) folded before Flop (didn't bet)
Seat 4: e5c3243 (small blind) folded before Flop
Seat 5: Hero (big blind) showed [Ac Td] and won ($0.25) with Pair of Treys
Seat 6: 6cfcf17d folded before Flop (didn't bet)


Poker Hand #HD1730408981: Hold'em No Limit ($0.02/$0.05) - 2024/04/14 20:48:57
Table 'NLHBlue44' 6-max Seat #2 is the button
Seat 1: f4d92329 ($5.09 in chips)
Seat 2: b66b5cfd ($5 in chips)
Seat 3: 7ff3682a ($5.23 in chips)
Seat 4: e5c3243 ($6.42 in chips)
Seat 5: Hero ($7.62 in chips)
Seat 6: 6cfcf17d ($0.47 in chips)
7ff3682a: posts small blind $0.02
e5c3243: posts big blind $0.05
*** HOLE CARDS ***
Dealt to f4d92329 
Dealt to b66b5cfd 
Dealt to 7ff3682a 
Dealt to e5c3243 
Dealt to Hero [8h Qc]
Dealt to 6cfcf17d 
Hero: folds
6cfcf17d: folds
f4d92329: folds
b66b5cfd: calls $0.05
7ff3682a: folds
e5c3243: checks
*** FLOP *** [Ac Jc Kc]
e5c3243: checks
b66b5cfd: checks
*** TURN *** [Ac Jc Kc] [7c]
e5c3243: checks
b66b5cfd: checks
*** RIVER *** [Ac Jc Kc 7c] [9c]
e5c3243: checks
b66b5cfd: checks
e5c3243: shows [3s 6s] (Ace High Flush)
b66b5cfd: shows [5d Qd] (Ace High Flush)
*** SHOWDOWN ***
e5c3243 collected $0.06 from pot
b66b5cfd collected $0.06 from pot
*** SUMMARY ***
Total pot $0.12 | Rake $0 | Jackpot $0 | Bingo $0 | Fortune $0 | Tax $0
Board [Ac Jc Kc 7c 9c]
Seat 1: f4d92329 folded before Flop (didn't bet)
Seat 2: b66b5cfd (button) showed [5d Qd] and won ($0.06) with Ace High Flush
Seat 3: 7ff3682a (small blind) folded before Flop
Seat 4: e5c3243 (big blind) showed [3s 6s] and won ($0.06) with Ace High Flush
Seat 5: Hero folded before Flop (didn't bet)
Seat 6: 6cfcf17d folded before Flop (didn't bet)


Poker Hand #HD1730408836: Hold'em No Limit ($0.02/$0.05) - 2024/04/14 20:47:32
Table 'NLHBlue44' 6-max Seat #1 is the button
Seat 1: f4d92329 ($5.09 in chips)
Seat 2: b66b5cfd ($5 in chips)
Seat 3: 7ff3682a ($5.48 in chips)
Seat 4: e5c3243 ($6.42 in chips)
Seat 5: Hero ($7.37 in chips)
Seat 6: 6cfcf17d ($0.47 in chips)
b66b5cfd: posts small blind $0.02
7ff3682a: posts big blind $0.05
*** HOLE CARDS ***
Dealt to f4d92329 
Dealt to b66b5cfd 
Dealt to 7ff3682a 
Dealt to e5c3243 
Dealt to Hero [Kd Qh]
Dealt to 6cfcf17d 
e5c3243: folds
Hero: raises $0.05 to $0.1
6cfcf17d: folds
f4d92329: folds
b66b5cfd: folds
7ff3682a: calls $0.05
*** FLOP *** [7s 6c 7c]
7ff3682a: checks
Hero: checks
*** TURN *** [7s 6c 7c] [4c]
7ff3682a: checks
Hero: bets $0.15
7ff3682a: calls $0.15
*** RIVER *** [7s 6c 7c 4c] [Qd]
7ff3682a: checks
Hero: checks
7ff3682a: shows [4s Ah] (Pair of Sevens and Pair of Fours)
Hero: shows [Kd Qh] (Pair of Queens and Pair of Sevens)
*** SHOWDOWN ***
Hero collected $0.5 from pot
*** SUMMARY ***
Total pot $0.52 | Rake $0.02 | Jackpot $0 | Bingo $0 | Fortune $0 | Tax $0
Board [7s 6c 7c 4c Qd]
Seat 1: f4d92329 (button) folded before Flop (didn't bet)
Seat 2: b66b5cfd (small blind) folded before Flop
Seat 3: 7ff3682a (big blind) showed [4s Ah] and lost with Pair of Sevens and Pair of Fours
Seat 4: e5c3243 folded before Flop (didn't bet)
Seat 5: Hero showed [Kd Qh] and won ($0.5) with Pair of Queens and Pair of Sevens
Seat 6: 6cfcf17d folded before Flop (didn't bet)


Poker Hand #HD1730408763: Hold'em No Limit ($0.02/$0.05) - 2024/04/14 20:46:52
Table 'NLHBlue44' 6-max Seat #6 is the button
Seat 1: f4d92329 ($5 in chips)
Seat 2: b66b5cfd ($5 in chips)
Seat 3: 7ff3682a ($5.48 in chips)
Seat 4: e5c3243 ($6.42 in chips)
Seat 5: Hero ($7.37 in chips)
Seat 6: 6cfcf17d ($0.47 in chips)
f4d92329: posts small blind $0.02
b66b5cfd: posts big blind $0.05
*** HOLE CARDS ***
Dealt to f4d92329 
Dealt to b66b5cfd 
Dealt to 7ff3682a 
Dealt to e5c3243 
Dealt to Hero [4h 7d]
Dealt to 6cfcf17d 
7ff3682a: folds
e5c3243: folds
Hero: folds
6cfcf17d: folds
f4d92329: raises $0.05 to $0.1
b66b5cfd: calls $0.05
*** FLOP *** [Js Kc 6d]
f4d92329: bets $0.1
b66b5cfd: folds
Uncalled bet ($0.1) returned to f4d92329
*** SHOWDOWN ***
f4d92329 collected $0.19 from pot
*** SUMMARY ***
Total pot $0.2 | Rake $0.01 | Jackpot $0 | Bingo $0 | Fortune $0 | Tax $0
Board [Js Kc 6d]
Seat 1: f4d92329 (small blind) won ($0.19)
Seat 2: b66b5cfd (big blind) folded on the Flop
Seat 3: 7ff3682a folded before Flop (didn't bet)
Seat 4: e5c3243 folded before Flop (didn't bet)
Seat 5: Hero folded before Flop (didn't bet)
Seat 6: 6cfcf17d (button) folded before Flop (didn't bet)


Poker Hand #HD1730408732: Hold'em No Limit ($0.02/$0.05) - 2024/04/14 20:46:37
Table 'NLHBlue44' 6-max Seat #5 is the button
Seat 1: f4d92329 ($5 in chips)
Seat 2: b66b5cfd ($5 in chips)
Seat 3: 7ff3682a ($5.48 in chips)
Seat 4: e5c3243 ($6.42 in chips)
Seat 5: Hero ($7.3 in chips)
Seat 6: 6cfcf17d ($0.49 in chips)
6cfcf17d: posts small blind $0.02
f4d92329: posts big blind $0.05
*** HOLE CARDS ***
Dealt to f4d92329 
Dealt to b66b5cfd 
Dealt to 7ff3682a 
Dealt to e5c3243 
Dealt to Hero [9d Th]
Dealt to 6cfcf17d 
b66b5cfd: folds
7ff3682a: folds
e5c3243: folds
Hero: raises $0.07 to $0.12
6cfcf17d: folds
f4d92329: folds
Uncalled bet ($0.07) returned to Hero
*** SHOWDOWN ***
Hero collected $0.12 from pot
*** SUMMARY ***
Total pot $0.12 | Rake $0 | Jackpot $0 | Bingo $0 | Fortune $0 | Tax $0
Seat 1: f4d92329 (big blind) folded before Flop
Seat 2: b66b5cfd folded before Flop (didn't bet)
Seat 3: 7ff3682a folded before Flop (didn't bet)
Seat 4: e5c3243 folded before Flop (didn't bet)
Seat 5: Hero (button) collected ($0.12)
Seat 6: 6cfcf17d (small blind) folded before Flop


Poker Hand #HD1730408682: Hold'em No Limit ($0.02/$0.05) - 2024/04/14 20:46:08
Table 'NLHBlue44' 6-max Seat #4 is the button
Seat 2: b66b5cfd ($5 in chips)
Seat 3: 7ff3682a ($5.63 in chips)
Seat 4: e5c3243 ($6.21 in chips)
Seat 5: Hero ($7.32 in chips)
Seat 6: 6cfcf17d ($0.54 in chips)
Hero: posts small blind $0.02
6cfcf17d: posts big blind $0.05
*** HOLE CARDS ***
Dealt to b66b5cfd 
Dealt to 7ff3682a 
Dealt to e5c3243 
Dealt to Hero [3d Jh]
Dealt to 6cfcf17d 
b66b5cfd: folds
7ff3682a: raises $0.1 to $0.15
e5c3243: raises $0.25 to $0.4
Hero: folds
6cfcf17d: folds
7ff3682a: folds
Uncalled bet ($0.25) returned to e5c3243
*** SHOWDOWN ***
e5c3243 collected $0.36 from pot
*** SUMMARY ***
Total pot $0.37 | Rake $0.01 | Jackpot $0 | Bingo $0 | Fortune $0 | Tax $0
Seat 2: b66b5cfd folded before Flop (didn't bet)
Seat 3: 7ff3682a folded before Flop
Seat 4: e5c3243 (button) collected ($0.36)
Seat 5: Hero (small blind) folded before Flop
Seat 6: 6cfcf17d (big blind) folded before Flop


Poker Hand #HD1730408594: Hold'em No Limit ($0.02/$0.05) - 2024/04/14 20:45:16
Table 'NLHBlue44' 6-max Seat #3 is the button
Seat 2: b66b5cfd ($5 in chips)
Seat 3: 7ff3682a ($5.38 in chips)
Seat 4: e5c3243 ($6.23 in chips)
Seat 5: Hero ($7.37 in chips)
Seat 6: 6cfcf17d ($0.74 in chips)
e5c3243: posts small blind $0.02
Hero: posts big blind $0.05
*** HOLE CARDS ***
Dealt to b66b5cfd 
Dealt to 7ff3682a 
Dealt to e5c3243 
Dealt to Hero [Ts 6c]
Dealt to 6cfcf17d 
6cfcf17d: calls $0.05
b66b5cfd: folds
7ff3682a: raises $0.15 to $0.2
e5c3243: folds
Hero: folds
6cfcf17d: calls $0.15
*** FLOP *** [Qd 3c 6s]
6cfcf17d: checks
7ff3682a: bets $0.16
6cfcf17d: folds
Uncalled bet ($0.16) returned to 7ff3682a
*** SHOWDOWN ***
7ff3682a collected $0.45 from pot
*** SUMMARY ***
Total pot $0.47 | Rake $0.02 | Jackpot $0 | Bingo $0 | Fortune $0 | Tax $0
Board [Qd 3c 6s]
Seat 2: b66b5cfd folded before Flop (didn't bet)
Seat 3: 7ff3682a (button) won ($0.45)
Seat 4: e5c3243 (small blind) folded before Flop
Seat 5: Hero (big blind) folded before Flop
Seat 6: 6cfcf17d folded on the Flop


Poker Hand #HD1730408537: Hold'em No Limit ($0.02/$0.05) - 2024/04/14 20:44:44
Table 'NLHBlue44' 6-max Seat #2 is the button
Seat 2: b66b5cfd ($5 in chips)
Seat 3: 7ff3682a ($5.22 in chips)
Seat 4: e5c3243 ($6.28 in chips)
Seat 5: Hero ($7.37 in chips)
Seat 6: 6cfcf17d ($0.74 in chips)
7ff3682a: posts small blind $0.02
e5c3243: posts big blind $0.05
*** HOLE CARDS ***
Dealt to b66b5cfd 
Dealt to 7ff3682a 
Dealt to e5c3243 
Dealt to Hero [2d 8d]
Dealt to 6cfcf17d 
Hero: folds
6cfcf17d: folds
b66b5cfd: raises $0.07 to $0.12
7ff3682a: raises $0.43 to $0.55
e5c3243: folds
b66b5cfd: folds
Uncalled bet ($0.43) returned to 7ff3682a
*** SHOWDOWN ***
7ff3682a collected $0.28 from pot
*** SUMMARY ***
Total pot $0.29 | Rake $0.01 | Jackpot $0 | Bingo $0 | Fortune $0 | Tax $0
Seat 2: b66b5cfd (button) folded before Flop
Seat 3: 7ff3682a (small blind) collected ($0.28)
Seat 4: e5c3243 (big blind) folded before Flop
Seat 5: Hero folded before Flop (didn't bet)
Seat 6: 6cfcf17d folded before Flop (didn't bet)


Poker Hand #HD1730408454: Hold'em No Limit ($0.02/$0.05) - 2024/04/14 20:43:54
Table 'NLHBlue44' 6-max Seat #6 is the button
Seat 2: b66b5cfd ($5.02 in chips)
Seat 3: 7ff3682a ($5.07 in chips)
Seat 4: e5c3243 ($6.28 in chips)
Seat 5: Hero ($7.37 in chips)
Seat 6: 6cfcf17d ($0.88 in chips)
b66b5cfd: posts small blind $0.02
7ff3682a: posts big blind $0.05
*** HOLE CARDS ***
Dealt to b66b5cfd 
Dealt to 7ff3682a 
Dealt to e5c3243 
Dealt to Hero [Ac 2s]
Dealt to 6cfcf17d 
e5c3243: folds
Hero: folds
6cfcf17d: calls $0.05
b66b5cfd: folds
7ff3682a: checks
*** FLOP *** [6s 4c 9s]
7ff3682a: checks
6cfcf17d: checks
*** TURN *** [6s 4c 9s] [Qh]
7ff3682a: checks
6cfcf17d: bets $0.09
7ff3682a: calls $0.09
*** RIVER *** [6s 4c 9s Qh] [8d]
7ff3682a: bets $0.23
6cfcf17d: folds
Uncalled bet ($0.23) returned to 7ff3682a
*** SHOWDOWN ***
7ff3682a collected $0.29 from pot
*** SUMMARY ***
Total pot $0.3 | Rake $0.01 | Jackpot $0 | Bingo $0 | Fortune $0 | Tax $0
Board [6s 4c 9s Qh 8d]
Seat 2: b66b5cfd (small blind) folded before Flop
Seat 3: 7ff3682a (big blind) won ($0.29)
Seat 4: e5c3243 folded before Flop (didn't bet)
Seat 5: Hero folded before Flop (didn't bet)
Seat 6: 6cfcf17d (button) folded on the River


Poker Hand #HD1730408412: Hold'em No Limit ($0.02/$0.05) - 2024/04/14 20:43:29
Table 'NLHBlue44' 6-max Seat #5 is the button
Seat 2: b66b5cfd ($5 in chips)
Seat 3: 7ff3682a ($5.07 in chips)
Seat 4: e5c3243 ($6.28 in chips)
Seat 5: Hero ($7.37 in chips)
Seat 6: 6cfcf17d ($0.9 in chips)
6cfcf17d: posts small blind $0.02
b66b5cfd: posts big blind $0.05
*** HOLE CARDS ***
Dealt to b66b5cfd 
Dealt to 7ff3682a 
Dealt to e5c3243 
Dealt to Hero [7c Th]
Dealt to 6cfcf17d 
7ff3682a: folds
e5c3243: folds
Hero: folds
6cfcf17d: folds
Uncalled bet ($0.03) returned to b66b5cfd
*** SHOWDOWN ***
b66b5cfd collected $0.04 from pot
*** SUMMARY ***
Total pot $0.04 | Rake $0 | Jackpot $0 | Bingo $0 | Fortune $0 | Tax $0
Seat 2: b66b5cfd (big blind) collected ($0.04)
Seat 3: 7ff3682a folded before Flop (didn't bet)
Seat 4: e5c3243 folded before Flop (didn't bet)
Seat 5: Hero (button) folded before Flop (didn't bet)
Seat 6: 6cfcf17d (small blind) folded before Flop


Poker Hand #HD1730408387: Hold'em No Limit ($0.02/$0.05) - 2024/04/14 20:43:15
Table 'NLHBlue44' 6-max Seat #4 is the button
Seat 1: cc150064 ($6.86 in chips)
Seat 2: b66b5cfd ($5 in chips)
Seat 3: 7ff3682a ($5 in chips)
Seat 4: e5c3243 ($6.28 in chips)
Seat 5: Hero ($7.39 in chips)
Seat 6: 6cfcf17d ($0.95 in chips)
Hero: posts small blind $0.02
6cfcf17d: posts big blind $0.05
*** HOLE CARDS ***
Dealt to cc150064 
Dealt to b66b5cfd 
Dealt to 7ff3682a 
Dealt to e5c3243 
Dealt to Hero [5c Jd]
Dealt to 6cfcf17d 
cc150064: folds
b66b5cfd: folds
7ff3682a: raises $0.1 to $0.15
e5c3243: folds
Hero: folds
6cfcf17d: folds
Uncalled bet ($0.1) returned to 7ff3682a
*** SHOWDOWN ***
7ff3682a collected $0.12 from pot
*** SUMMARY ***
Total pot $0.12 | Rake $0 | Jackpot $0 | Bingo $0 | Fortune $0 | Tax $0
Seat 1: cc150064 folded before Flop (didn't bet)
Seat 2: b66b5cfd folded before Flop (didn't bet)
Seat 3: 7ff3682a collected ($0.12)
Seat 4: e5c3243 (button) folded before Flop (didn't bet)
Seat 5: Hero (small blind) folded before Flop
Seat 6: 6cfcf17d (big blind) folded before Flop


Poker Hand #HD1730408339: Hold'em No Limit ($0.02/$0.05) - 2024/04/14 20:42:47
Table 'NLHBlue44' 6-max Seat #3 is the button
Seat 1: cc150064 ($6.86 in chips)
Seat 2: b66b5cfd ($5 in chips)
Seat 3: 7ff3682a ($5 in chips)
Seat 4: e5c3243 ($6.23 in chips)
Seat 5: Hero ($7.44 in chips)
Seat 6: 6cfcf17d ($0.95 in chips)
e5c3243: posts small blind $0.02
Hero: posts big blind $0.05
*** HOLE CARDS ***
Dealt to cc150064 
Dealt to b66b5cfd 
Dealt to 7ff3682a 
Dealt to e5c3243 
Dealt to Hero [Jh 7c]
Dealt to 6cfcf17d 
6cfcf17d: folds
cc150064: folds
b66b5cfd: folds
7ff3682a: folds
e5c3243: raises $0.1 to $0.15
Hero: folds
Uncalled bet ($0.1) returned to e5c3243
*** SHOWDOWN ***
e5c3243 collected $0.1 from pot
*** SUMMARY ***
Total pot $0.1 | Rake $0 | Jackpot $0 | Bingo $0 | Fortune $0 | Tax $0
Seat 1: cc150064 folded before Flop (didn't bet)
Seat 2: b66b5cfd folded before Flop (didn't bet)
Seat 3: 7ff3682a (button) folded before Flop (didn't bet)
Seat 4: e5c3243 (small blind) collected ($0.1)
Seat 5: Hero (big blind) folded before Flop
Seat 6: 6cfcf17d folded before Flop (didn't bet)


Poker Hand #HD1730408326: Hold'em No Limit ($0.02/$0.05) - 2024/04/14 20:42:38
Table 'NLHBlue44' 6-max Seat #2 is the button
Seat 1: cc150064 ($6.86 in chips)
Seat 2: b66b5cfd ($5 in chips)
Seat 3: 7ff3682a ($5 in chips)
Seat 4: e5c3243 ($6.21 in chips)
Seat 5: Hero ($7.44 in chips)
Seat 6: 6cfcf17d ($0.95 in chips)
7ff3682a: posts small blind $0.02
e5c3243: posts big blind $0.05
*** HOLE CARDS ***
Dealt to cc150064 
Dealt to b66b5cfd 
Dealt to 7ff3682a 
Dealt to e5c3243 
Dealt to Hero [5s Ah]
Dealt to 6cfcf17d 
Hero: folds
6cfcf17d: folds
cc150064: folds
b66b5cfd: folds
7ff3682a: folds
Uncalled bet ($0.03) returned to e5c3243
*** SHOWDOWN ***
e5c3243 collected $0.04 from pot
*** SUMMARY ***
Total pot $0.04 | Rake $0 | Jackpot $0 | Bingo $0 | Fortune $0 | Tax $0
Seat 1: cc150064 folded before Flop (didn't bet)
Seat 2: b66b5cfd (button) folded before Flop (didn't bet)
Seat 3: 7ff3682a (small blind) folded before Flop
Seat 4: e5c3243 (big blind) collected ($0.04)
Seat 5: Hero folded before Flop (didn't bet)
Seat 6: 6cfcf17d folded before Flop (didn't bet)


Poker Hand #HD1730408216: Hold'em No Limit ($0.02/$0.05) - 2024/04/14 20:41:36
Table 'NLHBlue44' 6-max Seat #1 is the button
Seat 1: cc150064 ($6.86 in chips)
Seat 2: b66b5cfd ($5.02 in chips)
Seat 3: 7ff3682a ($5.24 in chips)
Seat 4: e5c3243 ($5.74 in chips)
Seat 5: Hero ($7.44 in chips)
Seat 6: 6cfcf17d ($1 in chips)
b66b5cfd: posts small blind $0.02
7ff3682a: posts big blind $0.05
6cfcf17d: posts big blind $0.05
*** HOLE CARDS ***
Dealt to cc150064 
Dealt to b66b5cfd 
Dealt to 7ff3682a 
Dealt to e5c3243 
Dealt to Hero [7s Qc]
Dealt to 6cfcf17d 
e5c3243: raises $0.2 to $0.25
Hero: folds
6cfcf17d: folds
cc150064: folds
b66b5cfd: folds
7ff3682a: calls $0.2
*** FLOP *** [7d 4d Ad]
7ff3682a: checks
e5c3243: checks
*** TURN *** [7d 4d Ad] [Kd]
7ff3682a: bets $0.19
e5c3243: raises $0.25 to $0.44
7ff3682a: folds
Uncalled bet ($0.25) returned to e5c3243
*** SHOWDOWN ***
e5c3243 collected $0.91 from pot
*** SUMMARY ***
Total pot $0.95 | Rake $0.04 | Jackpot $0 | Bingo $0 | Fortune $0 | Tax $0
Board [7d 4d Ad Kd]
Seat 1: cc150064 (button) folded before Flop (didn't bet)
Seat 2: b66b5cfd (small blind) folded before Flop
Seat 3: 7ff3682a (big blind) folded on the Turn
Seat 4: e5c3243 won ($0.91)
Seat 5: Hero folded before Flop (didn't bet)
Seat 6: 6cfcf17d folded before Flop


Poker Hand #HD1730408189: Hold'em No Limit ($0.02/$0.05) - 2024/04/14 20:41:20
Table 'NLHBlue44' 6-max Seat #5 is the button
Seat 1: cc150064 ($6.88 in chips)
Seat 2: b66b5cfd ($5 in chips)
Seat 3: 7ff3682a ($5.24 in chips)
Seat 4: e5c3243 ($5.74 in chips)
Seat 5: Hero ($7.44 in chips)
cc150064: posts small blind $0.02
b66b5cfd: posts big blind $0.05
*** HOLE CARDS ***
Dealt to cc150064 
Dealt to b66b5cfd 
Dealt to 7ff3682a 
Dealt to e5c3243 
Dealt to Hero [Td 5h]
7ff3682a: folds
e5c3243: folds
Hero: folds
cc150064: folds
Uncalled bet ($0.03) returned to b66b5cfd
*** SHOWDOWN ***
b66b5cfd collected $0.04 from pot
*** SUMMARY ***
Total pot $0.04 | Rake $0 | Jackpot $0 | Bingo $0 | Fortune $0 | Tax $0
Seat 1: cc150064 (small blind) folded before Flop
Seat 2: b66b5cfd (big blind) collected ($0.04)
Seat 3: 7ff3682a folded before Flop (didn't bet)
Seat 4: e5c3243 folded before Flop (didn't bet)
Seat 5: Hero (button) folded before Flop (didn't bet)


Poker Hand #HD1730408158: Hold'em No Limit ($0.02/$0.05) - 2024/04/14 20:41:03
Table 'NLHBlue44' 6-max Seat #4 is the button
Seat 1: cc150064 ($6.93 in chips)
Seat 2: b66b5cfd ($5 in chips)
Seat 3: 7ff3682a ($5.24 in chips)
Seat 4: e5c3243 ($5.67 in chips)
Seat 5: Hero ($7.46 in chips)
Hero: posts small blind $0.02
cc150064: posts big blind $0.05
*** HOLE CARDS ***
Dealt to cc150064 
Dealt to b66b5cfd 
Dealt to 7ff3682a 
Dealt to e5c3243 
Dealt to Hero [6h Ac]
b66b5cfd: folds
7ff3682a: folds
e5c3243: raises $0.1 to $0.15
Hero: folds
cc150064: folds
Uncalled bet ($0.1) returned to e5c3243
*** SHOWDOWN ***
e5c3243 collected $0.12 from pot
*** SUMMARY ***
Total pot $0.12 | Rake $0 | Jackpot $0 | Bingo $0 | Fortune $0 | Tax $0
Seat 1: cc150064 (big blind) folded before Flop
Seat 2: b66b5cfd folded before Flop (didn't bet)
Seat 3: 7ff3682a folded before Flop (didn't bet)
Seat 4: e5c3243 (button) collected ($0.12)
Seat 5: Hero (small blind) folded before Flop


Poker Hand #HD1730408126: Hold'em No Limit ($0.02/$0.05) - 2024/04/14 20:40:45
Table 'NLHBlue44' 6-max Seat #3 is the button
Seat 1: cc150064 ($6.93 in chips)
Seat 2: b66b5cfd ($5 in chips)
Seat 3: 7ff3682a ($5.17 in chips)
Seat 4: e5c3243 ($5.69 in chips)
Seat 5: Hero ($7.51 in chips)
Seat 6: 2039b3d4 ($5.07 in chips)
e5c3243: posts small blind $0.02
Hero: posts big blind $0.05
*** HOLE CARDS ***
Dealt to cc150064 
Dealt to b66b5cfd 
Dealt to 7ff3682a 
Dealt to e5c3243 
Dealt to Hero [7h 8c]
Dealt to 2039b3d4 
2039b3d4: folds
cc150064: folds
b66b5cfd: folds
7ff3682a: raises $0.08 to $0.13
e5c3243: folds
Hero: folds
Uncalled bet ($0.08) returned to 7ff3682a
*** SHOWDOWN ***
7ff3682a collected $0.12 from pot
*** SUMMARY ***
Total pot $0.12 | Rake $0 | Jackpot $0 | Bingo $0 | Fortune $0 | Tax $0
Seat 1: cc150064 folded before Flop (didn't bet)
Seat 2: b66b5cfd folded before Flop (didn't bet)
Seat 3: 7ff3682a (button) collected ($0.12)
Seat 4: e5c3243 (small blind) folded before Flop
Seat 5: Hero (big blind) folded before Flop
Seat 6: 2039b3d4 folded before Flop (didn't bet)


Poker Hand #HD1730408055: Hold'em No Limit ($0.02/$0.05) - 2024/04/14 20:40:04
Table 'NLHBlue44' 6-max Seat #2 is the button
Seat 1: cc150064 ($6.93 in chips)
Seat 2: b66b5cfd ($5 in chips)
Seat 3: 7ff3682a ($5.19 in chips)
Seat 4: e5c3243 ($5.74 in chips)
Seat 5: Hero ($7.44 in chips)
Seat 6: 2039b3d4 ($5.07 in chips)
7ff3682a: posts small blind $0.02
e5c3243: posts big blind $0.05
*** HOLE CARDS ***
Dealt to cc150064 
Dealt to b66b5cfd 
Dealt to 7ff3682a 
Dealt to e5c3243 
Dealt to Hero [Kc Qd]
Dealt to 2039b3d4 
Hero: raises $0.05 to $0.1
2039b3d4: folds
cc150064: folds
b66b5cfd: folds
7ff3682a: folds
e5c3243: folds
Uncalled bet ($0.05) returned to Hero
*** SHOWDOWN ***
Hero collected $0.12 from pot
*** SUMMARY ***
Total pot $0.12 | Rake $0 | Jackpot $0 | Bingo $0 | Fortune $0 | Tax $0
Seat 1: cc150064 folded before Flop (didn't bet)
Seat 2: b66b5cfd (button) folded before Flop (didn't bet)
Seat 3: 7ff3682a (small blind) folded before Flop
Seat 4: e5c3243 (big blind) folded before Flop
Seat 5: Hero collected ($0.12)
Seat 6: 2039b3d4 folded before Flop (didn't bet)


Poker Hand #HD1730408014: Hold'em No Limit ($0.02/$0.05) - 2024/04/14 20:39:40
Table 'NLHBlue44' 6-max Seat #1 is the button
Seat 1: cc150064 ($6.93 in chips)
Seat 2: b66b5cfd ($5 in chips)
Seat 3: 7ff3682a ($5.24 in chips)
Seat 4: e5c3243 ($5.74 in chips)
Seat 5: Hero ($7.44 in chips)
Seat 6: 2039b3d4 ($5 in chips)
b66b5cfd: posts small blind $0.02
7ff3682a: posts big blind $0.05
*** HOLE CARDS ***
Dealt to cc150064 
Dealt to b66b5cfd 
Dealt to 7ff3682a 
Dealt to e5c3243 
Dealt to Hero [Js 3d]
Dealt to 2039b3d4 
e5c3243: folds
Hero: folds
2039b3d4: raises $0.08 to $0.13
cc150064: folds
b66b5cfd: folds
7ff3682a: folds
Uncalled bet ($0.08) returned to 2039b3d4
*** SHOWDOWN ***
2039b3d4 collected $0.12 from pot
*** SUMMARY ***
Total pot $0.12 | Rake $0 | Jackpot $0 | Bingo $0 | Fortune $0 | Tax $0
Seat 1: cc150064 (button) folded before Flop (didn't bet)
Seat 2: b66b5cfd (small blind) folded before Flop
Seat 3: 7ff3682a (big blind) folded before Flop
Seat 4: e5c3243 folded before Flop (didn't bet)
Seat 5: Hero folded before Flop (didn't bet)
Seat 6: 2039b3d4 collected ($0.12)


Poker Hand #HD1730407916: Hold'em No Limit ($0.02/$0.05) - 2024/04/14 20:38:50
Table 'NLHBlue44' 6-max Seat #6 is the button
Seat 1: cc150064 ($5.85 in chips)
Seat 2: b66b5cfd ($5 in chips)
Seat 3: 7ff3682a ($5.24 in chips)
Seat 4: e5c3243 ($5.74 in chips)
Seat 5: Hero ($7.44 in chips)
Seat 6: 2039b3d4 ($5 in chips)
cc150064: posts small blind $0.02
b66b5cfd: posts big blind $0.05
*** HOLE CARDS ***
Dealt to cc150064 
Dealt to b66b5cfd 
Dealt to 7ff3682a 
Dealt to e5c3243 
Dealt to Hero [Js 5h]
Dealt to 2039b3d4 
7ff3682a: folds
e5c3243: folds
Hero: folds
2039b3d4: raises $0.08 to $0.13
cc150064: raises $0.45 to $0.58
b66b5cfd: folds
2039b3d4: calls $0.45
*** FLOP *** [6c 6s 8d]
cc150064: bets $0.61
2039b3d4: calls $0.61
*** TURN *** [6c 6s 8d] [Qs]
cc150064: bets $1.61
2039b3d4: folds
Uncalled bet ($1.61) returned to cc150064
*** SHOWDOWN ***
cc150064 collected $2.27 from pot
*** SUMMARY ***
Total pot $2.43 | Rake $0.11 | Jackpot $0.05 | Bingo $0 | Fortune $0 | Tax $0
Board [6c 6s 8d Qs]
Seat 1: cc150064 (small blind) won ($2.27)
Seat 2: b66b5cfd (big blind) folded before Flop
Seat 3: 7ff3682a folded before Flop (didn't bet)
Seat 4: e5c3243 folded before Flop (didn't bet)
Seat 5: Hero folded before Flop (didn't bet)
Seat 6: 2039b3d4 (button) folded on the Turn


Poker Hand #HD1730407857: Hold'em No Limit ($0.02/$0.05) - 2024/04/14 20:38:21
Table 'NLHBlue44' 6-max Seat #5 is the button
Seat 1: cc150064 ($5.9 in chips)
Seat 3: 7ff3682a ($5.24 in chips)
Seat 4: e5c3243 ($5.84 in chips)
Seat 5: Hero ($7.28 in chips)
Seat 6: 2039b3d4 ($5 in chips)
2039b3d4: posts small blind $0.02
cc150064: posts big blind $0.05
*** HOLE CARDS ***
Dealt to cc150064 
Dealt to 7ff3682a 
Dealt to e5c3243 
Dealt to Hero [Ad As]
Dealt to 2039b3d4 
7ff3682a: folds
e5c3243: raises $0.05 to $0.1
Hero: raises $0.2 to $0.3
2039b3d4: folds
cc150064: folds
e5c3243: folds
Uncalled bet ($0.2) returned to Hero
*** SHOWDOWN ***
Hero collected $0.26 from pot
*** SUMMARY ***
Total pot $0.27 | Rake $0.01 | Jackpot $0 | Bingo $0 | Fortune $0 | Tax $0
Seat 1: cc150064 (big blind) folded before Flop
Seat 3: 7ff3682a folded before Flop (didn't bet)
Seat 4: e5c3243 folded before Flop
Seat 5: Hero (button) collected ($0.26)
Seat 6: 2039b3d4 (small blind) folded before Flop


Poker Hand #HD1730407788: Hold'em No Limit ($0.02/$0.05) - 2024/04/14 20:37:43
Table 'NLHBlue44' 6-max Seat #4 is the button
Seat 1: cc150064 ($5.9 in chips)
Seat 2: 282e3ddc ($8.46 in chips)
Seat 3: 7ff3682a ($5.24 in chips)
Seat 4: e5c3243 ($5.68 in chips)
Seat 5: Hero ($7.3 in chips)
Seat 6: 2039b3d4 ($5 in chips)
Hero: posts small blind $0.02
2039b3d4: posts big blind $0.05
*** HOLE CARDS ***
Dealt to cc150064 
Dealt to 282e3ddc 
Dealt to 7ff3682a 
Dealt to e5c3243 
Dealt to Hero [5c 8d]
Dealt to 2039b3d4 
cc150064: folds
282e3ddc: folds
7ff3682a: folds
e5c3243: raises $0.1 to $0.15
Hero: folds
2039b3d4: calls $0.1
*** FLOP *** [6h 3d 2h]
2039b3d4: checks
e5c3243: checks
*** TURN *** [6h 3d 2h] [4d]
2039b3d4: checks
e5c3243: bets $0.09
2039b3d4: folds
Uncalled bet ($0.09) returned to e5c3243
*** SHOWDOWN ***
e5c3243 collected $0.31 from pot
*** SUMMARY ***
Total pot $0.32 | Rake $0.01 | Jackpot $0 | Bingo $0 | Fortune $0 | Tax $0
Board [6h 3d 2h 4d]
Seat 1: cc150064 folded before Flop (didn't bet)
Seat 2: 282e3ddc folded before Flop (didn't bet)
Seat 3: 7ff3682a folded before Flop (didn't bet)
Seat 4: e5c3243 (button) won ($0.31)
Seat 5: Hero (small blind) folded before Flop
Seat 6: 2039b3d4 (big blind) folded on the Turn


Poker Hand #HD1730407712: Hold'em No Limit ($0.02/$0.05) - 2024/04/14 20:37:01
Table 'NLHBlue44' 6-max Seat #3 is the button
Seat 1: cc150064 ($5.9 in chips)
Seat 2: 282e3ddc ($8.93 in chips)
Seat 3: 7ff3682a ($5.24 in chips)
Seat 4: e5c3243 ($5.7 in chips)
Seat 5: Hero ($6.85 in chips)
e5c3243: posts small blind $0.02
Hero: posts big blind $0.05
*** HOLE CARDS ***
Dealt to cc150064 
Dealt to 282e3ddc 
Dealt to 7ff3682a 
Dealt to e5c3243 
Dealt to Hero [Tc Kc]
cc150064: folds
282e3ddc: raises $0.1 to $0.15
7ff3682a: folds
e5c3243: folds
Hero: calls $0.1
*** FLOP *** [7c 4d 5c]
Hero: checks
282e3ddc: bets $0.32
Hero: calls $0.32
*** TURN *** [7c 4d 5c] [9s]
Hero: checks
282e3ddc: checks
*** RIVER *** [7c 4d 5c 9s] [9c]
Hero: bets $0.96
282e3ddc: folds
Uncalled bet ($0.96) returned to Hero
*** SHOWDOWN ***
Hero collected $0.92 from pot
*** SUMMARY ***
Total pot $0.96 | Rake $0.04 | Jackpot $0 | Bingo $0 | Fortune $0 | Tax $0
Board [7c 4d 5c 9s 9c]
Seat 1: cc150064 folded before Flop (didn't bet)
Seat 2: 282e3ddc folded on the River
Seat 3: 7ff3682a (button) folded before Flop (didn't bet)
Seat 4: e5c3243 (small blind) folded before Flop
Seat 5: Hero (big blind) won ($0.92)


Poker Hand #HD1730407623: Hold'em No Limit ($0.02/$0.05) - 2024/04/14 20:36:11
Table 'NLHBlue44' 6-max Seat #2 is the button
Seat 1: cc150064 ($6.02 in chips)
Seat 2: 282e3ddc ($8.75 in chips)
Seat 3: 7ff3682a ($5.26 in chips)
Seat 4: e5c3243 ($5.75 in chips)
Seat 5: Hero ($6.85 in chips)
7ff3682a: posts small blind $0.02
e5c3243: posts big blind $0.05
*** HOLE CARDS ***
Dealt to cc150064 
Dealt to 282e3ddc 
Dealt to 7ff3682a 
Dealt to e5c3243 
Dealt to Hero [8s Qd]
Hero: folds
cc150064: raises $0.07 to $0.12
282e3ddc: calls $0.12
7ff3682a: folds
e5c3243: folds
*** FLOP *** [Kh 7h 7s]
cc150064: checks
282e3ddc: bets $0.31
cc150064: folds
Uncalled bet ($0.31) returned to 282e3ddc
*** SHOWDOWN ***
282e3ddc collected $0.3 from pot
*** SUMMARY ***
Total pot $0.31 | Rake $0.01 | Jackpot $0 | Bingo $0 | Fortune $0 | Tax $0
Board [Kh 7h 7s]
Seat 1: cc150064 folded on the Flop
Seat 2: 282e3ddc (button) won ($0.3)
Seat 3: 7ff3682a (small blind) folded before Flop
Seat 4: e5c3243 (big blind) folded before Flop
Seat 5: Hero folded before Flop (didn't bet)


Poker Hand #HD1730407551: Hold'em No Limit ($0.02/$0.05) - 2024/04/14 20:35:28
Table 'NLHBlue44' 6-max Seat #1 is the button
Seat 1: cc150064 ($6.02 in chips)
Seat 2: 282e3ddc ($9.05 in chips)
Seat 3: 7ff3682a ($5.31 in chips)
Seat 4: e5c3243 ($5.75 in chips)
Seat 5: Hero ($6.53 in chips)
282e3ddc: posts small blind $0.02
7ff3682a: posts big blind $0.05
*** HOLE CARDS ***
Dealt to cc150064 
Dealt to 282e3ddc 
Dealt to 7ff3682a 
Dealt to e5c3243 
Dealt to Hero [Ah 7s]
e5c3243: folds
Hero: raises $0.07 to $0.12
cc150064: folds
282e3ddc: calls $0.1
7ff3682a: folds
*** FLOP *** [8c 2d 7d]
282e3ddc: bets $0.1
Hero: calls $0.1
*** TURN *** [8c 2d 7d] [4s]
282e3ddc: bets $0.08
Hero: calls $0.08
*** RIVER *** [8c 2d 7d 4s] [6c]
282e3ddc: checks
Hero: checks
282e3ddc: shows [2c Kh] (Pair of Twos)
Hero: shows [Ah 7s] (Pair of Sevens)
*** SHOWDOWN ***
Hero collected $0.62 from pot
*** SUMMARY ***
Total pot $0.65 | Rake $0.03 | Jackpot $0 | Bingo $0 | Fortune $0 | Tax $0
Board [8c 2d 7d 4s 6c]
Seat 1: cc150064 (button) folded before Flop (didn't bet)
Seat 2: 282e3ddc (small blind) showed [2c Kh] and lost with Pair of Twos
Seat 3: 7ff3682a (big blind) folded before Flop
Seat 4: e5c3243 folded before Flop (didn't bet)
Seat 5: Hero showed [Ah 7s] and won ($0.62) with Pair of Sevens


Poker Hand #HD1730407479: Hold'em No Limit ($0.02/$0.05) - 2024/04/14 20:34:42
Table 'NLHBlue44' 6-max Seat #5 is the button
Seat 1: cc150064 ($6.04 in chips)
Seat 2: 282e3ddc ($8.63 in chips)
Seat 3: 7ff3682a ($5.75 in chips)
Seat 4: e5c3243 ($5.75 in chips)
Seat 5: Hero ($6.53 in chips)
cc150064: posts small blind $0.02
282e3ddc: posts big blind $0.05
*** HOLE CARDS ***
Dealt to cc150064 
Dealt to 282e3ddc 
Dealt to 7ff3682a 
Dealt to e5c3243 
Dealt to Hero [5c Jc]
7ff3682a: raises $0.1 to $0.15
e5c3243: folds
Hero: folds
cc150064: folds
282e3ddc: calls $0.1
*** FLOP *** [5s 2c 9s]
282e3ddc: bets $0.11
7ff3682a: calls $0.11
*** TURN *** [5s 2c 9s] [9c]
282e3ddc: bets $0.18
7ff3682a: calls $0.18
*** RIVER *** [5s 2c 9s 9c] [Ks]
282e3ddc: bets $0.9
7ff3682a: folds
Uncalled bet ($0.9) returned to 282e3ddc
*** SHOWDOWN ***
282e3ddc collected $0.86 from pot
*** SUMMARY ***
Total pot $0.9 | Rake $0.04 | Jackpot $0 | Bingo $0 | Fortune $0 | Tax $0
Board [5s 2c 9s 9c Ks]
Seat 1: cc150064 (small blind) folded before Flop
Seat 2: 282e3ddc (big blind) won ($0.86)
Seat 3: 7ff3682a folded on the River
Seat 4: e5c3243 folded before Flop (didn't bet)
Seat 5: Hero (button) folded before Flop (didn't bet)


Poker Hand #HD1730407447: Hold'em No Limit ($0.02/$0.05) - 2024/04/14 20:34:26
Table 'NLHBlue44' 6-max Seat #4 is the button
Seat 1: cc150064 ($6.09 in chips)
Seat 2: 282e3ddc ($8.56 in chips)
Seat 3: 7ff3682a ($5.75 in chips)
Seat 4: e5c3243 ($5.75 in chips)
Seat 5: Hero ($6.55 in chips)
Hero: posts small blind $0.02
cc150064: posts big blind $0.05
*** HOLE CARDS ***
Dealt to cc150064 
Dealt to 282e3ddc 
Dealt to 7ff3682a 
Dealt to e5c3243 
Dealt to Hero [3h 9h]
282e3ddc: raises $0.15 to $0.2
7ff3682a: folds
e5c3243: folds
Hero: folds
cc150064: folds
Uncalled bet ($0.15) returned to 282e3ddc
*** SHOWDOWN ***
282e3ddc collected $0.12 from pot
*** SUMMARY ***
Total pot $0.12 | Rake $0 | Jackpot $0 | Bingo $0 | Fortune $0 | Tax $0
Seat 1: cc150064 (big blind) folded before Flop
Seat 2: 282e3ddc collected ($0.12)
Seat 3: 7ff3682a folded before Flop (didn't bet)
Seat 4: e5c3243 (button) folded before Flop (didn't bet)
Seat 5: Hero (small blind) folded before Flop


Poker Hand #HD1730407388: Hold'em No Limit ($0.02/$0.05) - 2024/04/14 20:33:51
Table 'NLHBlue44' 6-max Seat #3 is the button
Seat 1: cc150064 ($6.09 in chips)
Seat 2: 282e3ddc ($8.49 in chips)
Seat 3: 7ff3682a ($5.75 in chips)
Seat 4: e5c3243 ($5.77 in chips)
Seat 5: Hero ($6.6 in chips)
Seat 6: e4d8eb0c ($5 in chips)
e5c3243: posts small blind $0.02
Hero: posts big blind $0.05
*** HOLE CARDS ***
Dealt to cc150064 
Dealt to 282e3ddc 
Dealt to 7ff3682a 
Dealt to e5c3243 
Dealt to Hero [Js 6d]
Dealt to e4d8eb0c 
e4d8eb0c: folds
cc150064: folds
282e3ddc: raises $0.12 to $0.17
7ff3682a: folds
e5c3243: folds
Hero: folds
Uncalled bet ($0.12) returned to 282e3ddc
*** SHOWDOWN ***
282e3ddc collected $0.12 from pot
*** SUMMARY ***
Total pot $0.12 | Rake $0 | Jackpot $0 | Bingo $0 | Fortune $0 | Tax $0
Seat 1: cc150064 folded before Flop (didn't bet)
Seat 2: 282e3ddc collected ($0.12)
Seat 3: 7ff3682a (button) folded before Flop (didn't bet)
Seat 4: e5c3243 (small blind) folded before Flop
Seat 5: Hero (big blind) folded before Flop
Seat 6: e4d8eb0c folded before Flop (didn't bet)


Poker Hand #HD1730407272: Hold'em No Limit ($0.02/$0.05) - 2024/04/14 20:32:42
Table 'NLHBlue44' 6-max Seat #2 is the button
Seat 1: cc150064 ($6.09 in chips)
Seat 2: 282e3ddc ($8.49 in chips)
Seat 3: 7ff3682a ($5.77 in chips)
Seat 4: e5c3243 ($5.08 in chips)
Seat 5: Hero ($6.6 in chips)
Seat 6: e4d8eb0c ($5 in chips)
7ff3682a: posts small blind $0.02
e5c3243: posts big blind $0.05
*** HOLE CARDS ***
Dealt to cc150064 
Dealt to 282e3ddc 
Dealt to 7ff3682a 
Dealt to e5c3243 
Dealt to Hero [6h 7s]
Dealt to e4d8eb0c 
Hero: folds
e4d8eb0c: raises $0.05 to $0.1
cc150064: folds
282e3ddc: folds
7ff3682a: folds
e5c3243: calls $0.05
*** FLOP *** [3c 9s Js]
e5c3243: checks
e4d8eb0c: bets $0.08
e5c3243: calls $0.08
*** TURN *** [3c 9s Js] [2c]
e5c3243: checks
e4d8eb0c: bets $0.61
e5c3243: raises $0.84 to $1.45
e4d8eb0c: folds
Uncalled bet ($0.84) returned to e5c3243
*** SHOWDOWN ***
e5c3243 collected $1.48 from pot
*** SUMMARY ***
Total pot $1.6 | Rake $0.07 | Jackpot $0.05 | Bingo $0 | Fortune $0 | Tax $0
Board [3c 9s Js 2c]
Seat 1: cc150064 folded before Flop (didn't bet)
Seat 2: 282e3ddc (button) folded before Flop (didn't bet)
Seat 3: 7ff3682a (small blind) folded before Flop
Seat 4: e5c3243 (big blind) won ($1.48)
Seat 5: Hero folded before Flop (didn't bet)
Seat 6: e4d8eb0c folded on the Turn


Poker Hand #HD1730407239: Hold'em No Limit ($0.02/$0.05) - 2024/04/14 20:32:22
Table 'NLHBlue44' 6-max Seat #1 is the button
Seat 1: cc150064 ($6.09 in chips)
Seat 2: 282e3ddc ($8.44 in chips)
Seat 3: 7ff3682a ($5.82 in chips)
Seat 4: e5c3243 ($5.08 in chips)
Seat 5: Hero ($6.6 in chips)
Seat 6: e4d8eb0c ($5 in chips)
282e3ddc: posts small blind $0.02
7ff3682a: posts big blind $0.05
*** HOLE CARDS ***
Dealt to cc150064 
Dealt to 282e3ddc 
Dealt to 7ff3682a 
Dealt to e5c3243 
Dealt to Hero [9c Ks]
Dealt to e4d8eb0c 
e5c3243: folds
Hero: folds
e4d8eb0c: folds
cc150064: folds
282e3ddc: calls $0.03
7ff3682a: checks
*** FLOP *** [Kh 5c Th]
282e3ddc: bets $0.1
7ff3682a: folds
Uncalled bet ($0.1) returned to 282e3ddc
*** SHOWDOWN ***
282e3ddc collected $0.1 from pot
*** SUMMARY ***
Total pot $0.1 | Rake $0 | Jackpot $0 | Bingo $0 | Fortune $0 | Tax $0
Board [Kh 5c Th]
Seat 1: cc150064 (button) folded before Flop (didn't bet)
Seat 2: 282e3ddc (small blind) won ($0.1)
Seat 3: 7ff3682a (big blind) folded on the Flop
Seat 4: e5c3243 folded before Flop (didn't bet)
Seat 5: Hero folded before Flop (didn't bet)
Seat 6: e4d8eb0c folded before Flop (didn't bet)


Poker Hand #HD1730407142: Hold'em No Limit ($0.02/$0.05) - 2024/04/14 20:31:26
Table 'NLHBlue44' 6-max Seat #6 is the button
Seat 1: cc150064 ($5 in chips)
Seat 2: 282e3ddc ($9.7 in chips)
Seat 3: 7ff3682a ($5.82 in chips)
Seat 4: e5c3243 ($5.08 in chips)
Seat 5: Hero ($6.6 in chips)
Seat 6: e4d8eb0c ($5 in chips)
cc150064: posts small blind $0.02
282e3ddc: posts big blind $0.05
*** HOLE CARDS ***
Dealt to cc150064 
Dealt to 282e3ddc 
Dealt to 7ff3682a 
Dealt to e5c3243 
Dealt to Hero [Qs 2d]
Dealt to e4d8eb0c 
7ff3682a: folds
e5c3243: folds
Hero: folds
e4d8eb0c: folds
cc150064: raises $0.1 to $0.15
282e3ddc: raises $0.1 to $0.25
cc150064: calls $0.1
*** FLOP *** [7c Ts 5s]
cc150064: checks
282e3ddc: bets $0.17
cc150064: calls $0.17
*** TURN *** [7c Ts 5s] [9s]
cc150064: checks
282e3ddc: bets $0.84
cc150064: calls $0.84
*** RIVER *** [7c Ts 5s 9s] [8h]
cc150064: bets $3.74 and is all-in
282e3ddc: folds
Uncalled bet ($3.74) returned to cc150064
*** SHOWDOWN ***
cc150064 collected $2.35 from pot
*** SUMMARY ***
Total pot $2.52 | Rake $0.12 | Jackpot $0.05 | Bingo $0 | Fortune $0 | Tax $0
Board [7c Ts 5s 9s 8h]
Seat 1: cc150064 (small blind) won ($2.35)
Seat 2: 282e3ddc (big blind) folded on the River
Seat 3: 7ff3682a folded before Flop (didn't bet)
Seat 4: e5c3243 folded before Flop (didn't bet)
Seat 5: Hero folded before Flop (didn't bet)
Seat 6: e4d8eb0c (button) folded before Flop (didn't bet)


Poker Hand #HD1730407044: Hold'em No Limit ($0.02/$0.05) - 2024/04/14 20:30:32
Table 'NLHBlue44' 6-max Seat #5 is the button
Seat 1: cc150064 ($5 in chips)
Seat 2: 282e3ddc ($9.48 in chips)
Seat 3: 7ff3682a ($5.82 in chips)
Seat 4: e5c3243 ($5.08 in chips)
Seat 5: Hero ($6.77 in chips)
Seat 6: e4d8eb0c ($5 in chips)
e4d8eb0c: posts small blind $0.02
cc150064: posts big blind $0.05
*** HOLE CARDS ***
Dealt to cc150064 
Dealt to 282e3ddc 
Dealt to 7ff3682a 
Dealt to e5c3243 
Dealt to Hero [Ac Jh]
Dealt to e4d8eb0c 
282e3ddc: calls $0.05
7ff3682a: folds
e5c3243: folds
Hero: raises $0.12 to $0.17
e4d8eb0c: folds
cc150064: folds
282e3ddc: calls $0.12
*** FLOP *** [Qh 6h 5s]
282e3ddc: bets $0.14
Hero: folds
Uncalled bet ($0.14) returned to 282e3ddc
*** SHOWDOWN ***
282e3ddc collected $0.39 from pot
*** SUMMARY ***
Total pot $0.41 | Rake $0.02 | Jackpot $0 | Bingo $0 | Fortune $0 | Tax $0
Board [Qh 6h 5s]
Seat 1: cc150064 (big blind) folded before Flop
Seat 2: 282e3ddc won ($0.39)
Seat 3: 7ff3682a folded before Flop (didn't bet)
Seat 4: e5c3243 folded before Flop (didn't bet)
Seat 5: Hero (button) folded on the Flop
Seat 6: e4d8eb0c (small blind) folded before Flop


Poker Hand #HD1730406985: Hold'em No Limit ($0.02/$0.05) - 2024/04/14 20:29:59
Table 'NLHBlue44' 6-max Seat #4 is the button
Seat 1: cc150064 ($5 in chips)
Seat 2: 282e3ddc ($9.84 in chips)
Seat 3: 7ff3682a ($5.43 in chips)
Seat 4: e5c3243 ($5.08 in chips)
Seat 5: Hero ($6.79 in chips)
Seat 6: e4d8eb0c ($5 in chips)
Hero: posts small blind $0.02
e4d8eb0c: posts big blind $0.05
*** HOLE CARDS ***
Dealt to cc150064 
Dealt to 282e3ddc 
Dealt to 7ff3682a 
Dealt to e5c3243 
Dealt to Hero [5d Kc]
Dealt to e4d8eb0c 
cc150064: folds
282e3ddc: calls $0.05
7ff3682a: raises $0.15 to $0.2
e5c3243: folds
Hero: folds
e4d8eb0c: folds
282e3ddc: calls $0.15
*** FLOP *** [Ks 3h Th]
282e3ddc: checks
7ff3682a: bets $0.16
282e3ddc: calls $0.16
*** TURN *** [Ks 3h Th] [Qs]
282e3ddc: checks
7ff3682a: bets $0.6
282e3ddc: folds
Uncalled bet ($0.6) returned to 7ff3682a
*** SHOWDOWN ***
7ff3682a collected $0.75 from pot
*** SUMMARY ***
Total pot $0.79 | Rake $0.04 | Jackpot $0 | Bingo $0 | Fortune $0 | Tax $0
Board [Ks 3h Th Qs]
Seat 1: cc150064 folded before Flop (didn't bet)
Seat 2: 282e3ddc folded on the Turn
Seat 3: 7ff3682a won ($0.75)
Seat 4: e5c3243 (button) folded before Flop (didn't bet)
Seat 5: Hero (small blind) folded before Flop
Seat 6: e4d8eb0c (big blind) folded before Flop


Poker Hand #HD1730406887: Hold'em No Limit ($0.02/$0.05) - 2024/04/14 20:29:03
Table 'NLHBlue44' 6-max Seat #3 is the button
Seat 1: cc150064 ($5 in chips)
Seat 2: 282e3ddc ($11.86 in chips)
Seat 3: 7ff3682a ($5.43 in chips)
Seat 4: e5c3243 ($5.1 in chips)
Seat 5: Hero ($5 in chips)
e5c3243: posts small blind $0.02
Hero: posts big blind $0.05
*** HOLE CARDS ***
Dealt to cc150064 
Dealt to 282e3ddc 
Dealt to 7ff3682a 
Dealt to e5c3243 
Dealt to Hero [As Js]
cc150064: folds
282e3ddc: raises $0.12 to $0.17
7ff3682a: folds
e5c3243: folds
Hero: raises $0.43 to $0.6
282e3ddc: calls $0.43
*** FLOP *** [4s 9d Ah]
Hero: checks
282e3ddc: bets $0.61
Hero: calls $0.61
*** TURN *** [4s 9d Ah] [4h]
Hero: checks
282e3ddc: bets $0.81
Hero: calls $0.81
*** RIVER *** [4s 9d Ah 4h] [6s]
Hero: checks
282e3ddc: checks
Hero: shows [As Js] (Pair of Aces and Pair of Fours)
282e3ddc: shows [Kh 5h] (Pair of Fours)
*** SHOWDOWN ***
Hero collected $3.81 from pot
*** SUMMARY ***
Total pot $4.06 | Rake $0.2 | Jackpot $0.05 | Bingo $0 | Fortune $0 | Tax $0
Board [4s 9d Ah 4h 6s]
Seat 1: cc150064 folded before Flop (didn't bet)
Seat 2: 282e3ddc showed [Kh 5h] and lost with Pair of Fours
Seat 3: 7ff3682a (button) folded before Flop (didn't bet)
Seat 4: e5c3243 (small blind) folded before Flop
Seat 5: Hero (big blind) showed [As Js] and won ($3.81) with Pair of Aces and Pair of Fours


