Poker Hand #HD1768497696: Hold'em No Limit ($0.05/$0.1) - 2024/05/11 20:35:21
Table 'NLHRed33' 6-max Seat #4 is the button
Seat 1: 3f50e5a9 ($20.13 in chips)
Seat 2: 44c5fab6 ($10 in chips)
Seat 3: 318b6d9b ($9.16 in chips)
Seat 4: dd54a8ee ($11.75 in chips)
Seat 5: c4544ea5 ($10 in chips)
Seat 6: Hero ($10.95 in chips)
c4544ea5: posts small blind $0.05
Hero: posts big blind $0.1
*** HOLE CARDS ***
Dealt to 3f50e5a9 
Dealt to 44c5fab6 
Dealt to 318b6d9b 
Dealt to dd54a8ee 
Dealt to c4544ea5 
Dealt to Hero [5d Kc]
3f50e5a9: folds
44c5fab6: folds
318b6d9b: folds
dd54a8ee: raises $0.15 to $0.25
c4544ea5: folds
Hero: folds
Uncalled bet ($0.15) returned to dd54a8ee
*** SHOWDOWN ***
dd54a8ee collected $0.25 from pot
*** SUMMARY ***
Total pot $0.25 | Rake $0 | Jackpot $0 | Bingo $0 | Fortune $0 | Tax $0
Seat 1: 3f50e5a9 folded before Flop (didn't bet)
Seat 2: 44c5fab6 folded before Flop (didn't bet)
Seat 3: 318b6d9b folded before Flop (didn't bet)
Seat 4: dd54a8ee (button) collected ($0.25)
Seat 5: c4544ea5 (small blind) folded before Flop
Seat 6: Hero (big blind) folded before Flop


Poker Hand #HD1768497606: Hold'em No Limit ($0.05/$0.1) - 2024/05/11 20:34:41
Table 'NLHRed33' 6-max Seat #3 is the button
Seat 1: 3f50e5a9 ($20.13 in chips)
Seat 3: 318b6d9b ($9.16 in chips)
Seat 4: dd54a8ee ($11.8 in chips)
Seat 5: c4544ea5 ($10 in chips)
Seat 6: Hero ($10 in chips)
dd54a8ee: posts small blind $0.05
c4544ea5: posts big blind $0.1
*** HOLE CARDS ***
Dealt to 3f50e5a9 
Dealt to 318b6d9b 
Dealt to dd54a8ee 
Dealt to c4544ea5 
Dealt to Hero [Kh Ah]
Hero: raises $0.1 to $0.2
3f50e5a9: folds
318b6d9b: folds
dd54a8ee: folds
c4544ea5: raises $0.8 to $1
Hero: raises $1.5 to $2.5
c4544ea5: folds
Uncalled bet ($1.5) returned to Hero
*** SHOWDOWN ***
Hero collected $1.95 from pot
*** SUMMARY ***
Total pot $2.05 | Rake $0.1 | Jackpot $0 | Bingo $0 | Fortune $0 | Tax $0
Seat 1: 3f50e5a9 folded before Flop (didn't bet)
Seat 3: 318b6d9b (button) folded before Flop (didn't bet)
Seat 4: dd54a8ee (small blind) folded before Flop
Seat 5: c4544ea5 (big blind) folded before Flop
Seat 6: Hero collected ($1.95)


Poker Hand #HD1768497471: Hold'em No Limit ($0.05/$0.1) - 2024/05/11 20:33:44
Table 'NLHRed33' 6-max Seat #1 is the button
Seat 1: 3f50e5a9 ($13.81 in chips)
Seat 2: 44c5fab6 ($6.76 in chips)
Seat 3: 318b6d9b ($9.26 in chips)
Seat 4: dd54a8ee ($11.8 in chips)
Seat 5: c4544ea5 ($10 in chips)
Seat 6: Hero ($10.18 in chips)
44c5fab6: posts small blind $0.05
318b6d9b: posts big blind $0.1
*** HOLE CARDS ***
Dealt to 3f50e5a9 
Dealt to 44c5fab6 
Dealt to 318b6d9b 
Dealt to dd54a8ee 
Dealt to c4544ea5 
Dealt to Hero [Kd Js]
dd54a8ee: folds
c4544ea5: folds
Hero: raises $0.14 to $0.24
3f50e5a9: raises $0.14 to $0.38
44c5fab6: raises $1.02 to $1.4
318b6d9b: folds
Hero: folds
3f50e5a9: calls $1.02
*** FLOP *** [4s 7s 8h]
44c5fab6: bets $1.57
3f50e5a9: raises $6.28 to $7.85
44c5fab6: calls $3.79 and is all-in
Uncalled bet ($2.49) returned to 3f50e5a9
3f50e5a9: shows [Tc 8c] (Pair of Eights)
44c5fab6: shows [Qd Ah] (Ace-High)
*** TURN *** [4s 7s 8h] [5d]
*** RIVER *** [4s 7s 8h 5d] [4h]
*** SHOWDOWN ***
3f50e5a9 collected $13.08 from pot
*** SUMMARY ***
Total pot $13.86 | Rake $0.68 | Jackpot $0.1 | Bingo $0 | Fortune $0 | Tax $0
Board [4s 7s 8h 5d 4h]
Seat 1: 3f50e5a9 (button) showed [Tc 8c] and won ($13.08) with Pair of Eights and Pair of Fours
Seat 2: 44c5fab6 (small blind) showed [Qd Ah] and lost with Pair of Fours
Seat 3: 318b6d9b (big blind) folded before Flop
Seat 4: dd54a8ee folded before Flop (didn't bet)
Seat 5: c4544ea5 folded before Flop (didn't bet)
Seat 6: Hero folded before Flop


Poker Hand #HD1768497454: Hold'em No Limit ($0.05/$0.1) - 2024/05/11 20:33:36
Table 'NLHRed33' 6-max Seat #6 is the button
Seat 1: 3f50e5a9 ($13.86 in chips)
Seat 2: 44c5fab6 ($6.71 in chips)
Seat 3: 318b6d9b ($9.26 in chips)
Seat 4: dd54a8ee ($11.8 in chips)
Seat 5: c4544ea5 ($10 in chips)
Seat 6: Hero ($10.18 in chips)
3f50e5a9: posts small blind $0.05
44c5fab6: posts big blind $0.1
*** HOLE CARDS ***
Dealt to 3f50e5a9 
Dealt to 44c5fab6 
Dealt to 318b6d9b 
Dealt to dd54a8ee 
Dealt to c4544ea5 
Dealt to Hero [4s Kd]
318b6d9b: folds
dd54a8ee: folds
c4544ea5: folds
Hero: folds
3f50e5a9: folds
Uncalled bet ($0.05) returned to 44c5fab6
*** SHOWDOWN ***
44c5fab6 collected $0.1 from pot
*** SUMMARY ***
Total pot $0.1 | Rake $0 | Jackpot $0 | Bingo $0 | Fortune $0 | Tax $0
Seat 1: 3f50e5a9 (small blind) folded before Flop
Seat 2: 44c5fab6 (big blind) collected ($0.1)
Seat 3: 318b6d9b folded before Flop (didn't bet)
Seat 4: dd54a8ee folded before Flop (didn't bet)
Seat 5: c4544ea5 folded before Flop (didn't bet)
Seat 6: Hero (button) folded before Flop (didn't bet)


Poker Hand #HD1768497435: Hold'em No Limit ($0.05/$0.1) - 2024/05/11 20:33:25
Table 'NLHRed33' 6-max Seat #5 is the button
Seat 1: 3f50e5a9 ($13.96 in chips)
Seat 2: 44c5fab6 ($6.71 in chips)
Seat 3: 318b6d9b ($9.26 in chips)
Seat 4: dd54a8ee ($11.65 in chips)
Seat 5: c4544ea5 ($10 in chips)
Seat 6: Hero ($10.23 in chips)
Hero: posts small blind $0.05
3f50e5a9: posts big blind $0.1
*** HOLE CARDS ***
Dealt to 3f50e5a9 
Dealt to 44c5fab6 
Dealt to 318b6d9b 
Dealt to dd54a8ee 
Dealt to c4544ea5 
Dealt to Hero [Ac 9h]
44c5fab6: folds
318b6d9b: folds
dd54a8ee: raises $0.12 to $0.22
c4544ea5: folds
Hero: folds
3f50e5a9: folds
Uncalled bet ($0.12) returned to dd54a8ee
*** SHOWDOWN ***
dd54a8ee collected $0.25 from pot
*** SUMMARY ***
Total pot $0.25 | Rake $0 | Jackpot $0 | Bingo $0 | Fortune $0 | Tax $0
Seat 1: 3f50e5a9 (big blind) folded before Flop
Seat 2: 44c5fab6 folded before Flop (didn't bet)
Seat 3: 318b6d9b folded before Flop (didn't bet)
Seat 4: dd54a8ee collected ($0.25)
Seat 5: c4544ea5 (button) folded before Flop (didn't bet)
Seat 6: Hero (small blind) folded before Flop


Poker Hand #HD1768497397: Hold'em No Limit ($0.05/$0.1) - 2024/05/11 20:33:09
Table 'NLHRed33' 6-max Seat #4 is the button
Seat 1: 3f50e5a9 ($13.81 in chips)
Seat 2: 44c5fab6 ($6.71 in chips)
Seat 3: 318b6d9b ($9.26 in chips)
Seat 4: dd54a8ee ($11.65 in chips)
Seat 5: c4544ea5 ($10 in chips)
Seat 6: Hero ($10.33 in chips)
c4544ea5: posts small blind $0.05
Hero: posts big blind $0.1
*** HOLE CARDS ***
Dealt to 3f50e5a9 
Dealt to 44c5fab6 
Dealt to 318b6d9b 
Dealt to dd54a8ee 
Dealt to c4544ea5 
Dealt to Hero [Qc 4h]
3f50e5a9: raises $0.2 to $0.3
44c5fab6: folds
318b6d9b: folds
dd54a8ee: folds
c4544ea5: folds
Hero: folds
Uncalled bet ($0.2) returned to 3f50e5a9
*** SHOWDOWN ***
3f50e5a9 collected $0.25 from pot
*** SUMMARY ***
Total pot $0.25 | Rake $0 | Jackpot $0 | Bingo $0 | Fortune $0 | Tax $0
Seat 1: 3f50e5a9 collected ($0.25)
Seat 2: 44c5fab6 folded before Flop (didn't bet)
Seat 3: 318b6d9b folded before Flop (didn't bet)
Seat 4: dd54a8ee (button) folded before Flop (didn't bet)
Seat 5: c4544ea5 (small blind) folded before Flop
Seat 6: Hero (big blind) folded before Flop


Poker Hand #HD1768497334: Hold'em No Limit ($0.05/$0.1) - 2024/05/11 20:32:40
Table 'NLHRed33' 6-max Seat #3 is the button
Seat 1: 3f50e5a9 ($13.66 in chips)
Seat 2: 44c5fab6 ($6.71 in chips)
Seat 3: 318b6d9b ($9.26 in chips)
Seat 4: dd54a8ee ($11.7 in chips)
Seat 5: c4544ea5 ($10 in chips)
Seat 6: Hero ($10.33 in chips)
dd54a8ee: posts small blind $0.05
c4544ea5: posts big blind $0.1
*** HOLE CARDS ***
Dealt to 3f50e5a9 
Dealt to 44c5fab6 
Dealt to 318b6d9b 
Dealt to dd54a8ee 
Dealt to c4544ea5 
Dealt to Hero [Ad 7h]
Hero: folds
3f50e5a9: raises $0.1 to $0.2
44c5fab6: folds
318b6d9b: folds
dd54a8ee: folds
c4544ea5: folds
Uncalled bet ($0.1) returned to 3f50e5a9
*** SHOWDOWN ***
3f50e5a9 collected $0.25 from pot
*** SUMMARY ***
Total pot $0.25 | Rake $0 | Jackpot $0 | Bingo $0 | Fortune $0 | Tax $0
Seat 1: 3f50e5a9 collected ($0.25)
Seat 2: 44c5fab6 folded before Flop (didn't bet)
Seat 3: 318b6d9b (button) folded before Flop (didn't bet)
Seat 4: dd54a8ee (small blind) folded before Flop
Seat 5: c4544ea5 (big blind) folded before Flop
Seat 6: Hero folded before Flop (didn't bet)


Poker Hand #HD1768497219: Hold'em No Limit ($0.05/$0.1) - 2024/05/11 20:31:51
Table 'NLHRed33' 6-max Seat #2 is the button
Seat 1: 3f50e5a9 ($13.66 in chips)
Seat 2: 44c5fab6 ($6.71 in chips)
Seat 3: 318b6d9b ($9.31 in chips)
Seat 4: dd54a8ee ($11.9 in chips)
Seat 5: c4544ea5 ($10 in chips)
Seat 6: Hero ($10.1 in chips)
318b6d9b: posts small blind $0.05
dd54a8ee: posts big blind $0.1
*** HOLE CARDS ***
Dealt to 3f50e5a9 
Dealt to 44c5fab6 
Dealt to 318b6d9b 
Dealt to dd54a8ee 
Dealt to c4544ea5 
Dealt to Hero [4h Ah]
c4544ea5: folds
Hero: raises $0.1 to $0.2
3f50e5a9: folds
44c5fab6: folds
318b6d9b: folds
dd54a8ee: calls $0.1
*** FLOP *** [Qc Tc As]
dd54a8ee: checks
Hero: checks
*** TURN *** [Qc Tc As] [8d]
dd54a8ee: checks
Hero: bets $0.2
dd54a8ee: folds
Uncalled bet ($0.2) returned to Hero
*** SHOWDOWN ***
Hero collected $0.43 from pot
*** SUMMARY ***
Total pot $0.45 | Rake $0.02 | Jackpot $0 | Bingo $0 | Fortune $0 | Tax $0
Board [Qc Tc As 8d]
Seat 1: 3f50e5a9 folded before Flop (didn't bet)
Seat 2: 44c5fab6 (button) folded before Flop (didn't bet)
Seat 3: 318b6d9b (small blind) folded before Flop
Seat 4: dd54a8ee (big blind) folded on the Turn
Seat 5: c4544ea5 folded before Flop (didn't bet)
Seat 6: Hero won ($0.43)


Poker Hand #HD1768497047: Hold'em No Limit ($0.05/$0.1) - 2024/05/11 20:30:35
Table 'NLHRed33' 6-max Seat #1 is the button
Seat 1: 3f50e5a9 ($12.46 in chips)
Seat 2: 44c5fab6 ($6.76 in chips)
Seat 3: 318b6d9b ($9.93 in chips)
Seat 4: dd54a8ee ($11.9 in chips)
Seat 5: c4544ea5 ($10.38 in chips)
Seat 6: Hero ($10.1 in chips)
44c5fab6: posts small blind $0.05
318b6d9b: posts big blind $0.1
*** HOLE CARDS ***
Dealt to 3f50e5a9 
Dealt to 44c5fab6 
Dealt to 318b6d9b 
Dealt to dd54a8ee 
Dealt to c4544ea5 
Dealt to Hero [4h Ac]
dd54a8ee: folds
c4544ea5: raises $0.1 to $0.2
Hero: folds
3f50e5a9: raises $0.1 to $0.3
44c5fab6: folds
318b6d9b: calls $0.2
c4544ea5: calls $0.1
*** FLOP *** [3c Jh 6s]
318b6d9b: checks
c4544ea5: checks
3f50e5a9: bets $0.32
318b6d9b: calls $0.32
c4544ea5: calls $0.32
*** TURN *** [3c Jh 6s] [Qs]
318b6d9b: checks
c4544ea5: checks
3f50e5a9: bets $0.96
318b6d9b: folds
c4544ea5: folds
Uncalled bet ($0.96) returned to 3f50e5a9
*** SHOWDOWN ***
3f50e5a9 collected $1.82 from pot
*** SUMMARY ***
Total pot $1.91 | Rake $0.09 | Jackpot $0 | Bingo $0 | Fortune $0 | Tax $0
Board [3c Jh 6s Qs]
Seat 1: 3f50e5a9 (button) won ($1.82)
Seat 2: 44c5fab6 (small blind) folded before Flop
Seat 3: 318b6d9b (big blind) folded on the Turn
Seat 4: dd54a8ee folded before Flop (didn't bet)
Seat 5: c4544ea5 folded on the Turn
Seat 6: Hero folded before Flop (didn't bet)


Poker Hand #HD1768497012: Hold'em No Limit ($0.05/$0.1) - 2024/05/11 20:30:22
Table 'NLHRed33' 6-max Seat #6 is the button
Seat 1: 3f50e5a9 ($12.36 in chips)
Seat 2: 44c5fab6 ($6.86 in chips)
Seat 3: 318b6d9b ($9.93 in chips)
Seat 4: dd54a8ee ($11.9 in chips)
Seat 5: c4544ea5 ($10.38 in chips)
Seat 6: Hero ($10.1 in chips)
3f50e5a9: posts small blind $0.05
44c5fab6: posts big blind $0.1
*** HOLE CARDS ***
Dealt to 3f50e5a9 
Dealt to 44c5fab6 
Dealt to 318b6d9b 
Dealt to dd54a8ee 
Dealt to c4544ea5 
Dealt to Hero [3h Th]
318b6d9b: folds
dd54a8ee: folds
c4544ea5: folds
Hero: folds
3f50e5a9: raises $0.1 to $0.2
44c5fab6: folds
Uncalled bet ($0.1) returned to 3f50e5a9
*** SHOWDOWN ***
3f50e5a9 collected $0.2 from pot
*** SUMMARY ***
Total pot $0.2 | Rake $0 | Jackpot $0 | Bingo $0 | Fortune $0 | Tax $0
Seat 1: 3f50e5a9 (small blind) collected ($0.2)
Seat 2: 44c5fab6 (big blind) folded before Flop
Seat 3: 318b6d9b folded before Flop (didn't bet)
Seat 4: dd54a8ee folded before Flop (didn't bet)
Seat 5: c4544ea5 folded before Flop (didn't bet)
Seat 6: Hero (button) folded before Flop (didn't bet)


Poker Hand #HD1768496980: Hold'em No Limit ($0.05/$0.1) - 2024/05/11 20:30:11
Table 'NLHRed33' 6-max Seat #5 is the button
Seat 1: 3f50e5a9 ($12.46 in chips)
Seat 2: 44c5fab6 ($6.86 in chips)
Seat 3: 318b6d9b ($9.93 in chips)
Seat 4: dd54a8ee ($11.9 in chips)
Seat 5: c4544ea5 ($10.38 in chips)
Seat 6: Hero ($10 in chips)
Hero: posts small blind $0.05
3f50e5a9: posts big blind $0.1
*** HOLE CARDS ***
Dealt to 3f50e5a9 
Dealt to 44c5fab6 
Dealt to 318b6d9b 
Dealt to dd54a8ee 
Dealt to c4544ea5 
Dealt to Hero [Qc As]
44c5fab6: folds
318b6d9b: folds
dd54a8ee: folds
c4544ea5: folds
Hero: raises $0.2 to $0.3
3f50e5a9: folds
Uncalled bet ($0.2) returned to Hero
*** SHOWDOWN ***
Hero collected $0.2 from pot
*** SUMMARY ***
Total pot $0.2 | Rake $0 | Jackpot $0 | Bingo $0 | Fortune $0 | Tax $0
Seat 1: 3f50e5a9 (big blind) folded before Flop
Seat 2: 44c5fab6 folded before Flop (didn't bet)
Seat 3: 318b6d9b folded before Flop (didn't bet)
Seat 4: dd54a8ee folded before Flop (didn't bet)
Seat 5: c4544ea5 (button) folded before Flop (didn't bet)
Seat 6: Hero (small blind) collected ($0.2)


Poker Hand #HD1768496954: Hold'em No Limit ($0.05/$0.1) - 2024/05/11 20:29:59
Table 'NLHRed33' 6-max Seat #4 is the button
Seat 1: 3f50e5a9 ($12.46 in chips)
Seat 2: 44c5fab6 ($6.86 in chips)
Seat 3: 318b6d9b ($9.93 in chips)
Seat 4: dd54a8ee ($11.75 in chips)
Seat 5: c4544ea5 ($10.43 in chips)
Seat 6: Hero ($10 in chips)
c4544ea5: posts small blind $0.05
Hero: posts big blind $0.1
*** HOLE CARDS ***
Dealt to 3f50e5a9 
Dealt to 44c5fab6 
Dealt to 318b6d9b 
Dealt to dd54a8ee 
Dealt to c4544ea5 
Dealt to Hero [9s 6d]
3f50e5a9: folds
44c5fab6: folds
318b6d9b: folds
dd54a8ee: raises $0.15 to $0.25
c4544ea5: folds
Hero: folds
Uncalled bet ($0.15) returned to dd54a8ee
*** SHOWDOWN ***
dd54a8ee collected $0.25 from pot
*** SUMMARY ***
Total pot $0.25 | Rake $0 | Jackpot $0 | Bingo $0 | Fortune $0 | Tax $0
Seat 1: 3f50e5a9 folded before Flop (didn't bet)
Seat 2: 44c5fab6 folded before Flop (didn't bet)
Seat 3: 318b6d9b folded before Flop (didn't bet)
Seat 4: dd54a8ee (button) collected ($0.25)
Seat 5: c4544ea5 (small blind) folded before Flop
Seat 6: Hero (big blind) folded before Flop


Poker Hand #HD1768496753: Hold'em No Limit ($0.05/$0.1) - 2024/05/11 20:28:29
Table 'NLHRed33' 6-max Seat #3 is the button
Seat 1: 3f50e5a9 ($12.46 in chips)
Seat 2: 44c5fab6 ($6.86 in chips)
Seat 3: 318b6d9b ($9.75 in chips)
Seat 4: dd54a8ee ($11.8 in chips)
Seat 5: c4544ea5 ($10.24 in chips)
Seat 6: Hero ($10.13 in chips)
dd54a8ee: posts small blind $0.05
c4544ea5: posts big blind $0.1
*** HOLE CARDS ***
Dealt to 3f50e5a9 
Dealt to 44c5fab6 
Dealt to 318b6d9b 
Dealt to dd54a8ee 
Dealt to c4544ea5 
Dealt to Hero [Qd Qs]
Hero: raises $0.1 to $0.2
3f50e5a9: folds
44c5fab6: folds
318b6d9b: calls $0.2
dd54a8ee: folds
c4544ea5: calls $0.1
*** FLOP *** [Tc As 8h]
c4544ea5: checks
Hero: checks
318b6d9b: bets $0.22
c4544ea5: calls $0.22
Hero: calls $0.22
*** TURN *** [Tc As 8h] [Ks]
c4544ea5: checks
Hero: checks
318b6d9b: checks
*** RIVER *** [Tc As 8h Ks] [Ah]
c4544ea5: bets $0.42
Hero: folds
318b6d9b: calls $0.42
c4544ea5: shows [Ad 4d] (Three Aces)
318b6d9b: shows [Ac 7s] (Three Aces)
*** SHOWDOWN ***
c4544ea5 collected $1.03 from pot
318b6d9b collected $1.02 from pot
*** SUMMARY ***
Total pot $2.15 | Rake $0.1 | Jackpot $0 | Bingo $0 | Fortune $0 | Tax $0
Board [Tc As 8h Ks Ah]
Seat 1: 3f50e5a9 folded before Flop (didn't bet)
Seat 2: 44c5fab6 folded before Flop (didn't bet)
Seat 3: 318b6d9b (button) showed [Ac 7s] and won ($1.02) with Three Aces
Seat 4: dd54a8ee (small blind) folded before Flop
Seat 5: c4544ea5 (big blind) showed [Ad 4d] and won ($1.03) with Three Aces
Seat 6: Hero folded on the River


Poker Hand #HD1768496717: Hold'em No Limit ($0.05/$0.1) - 2024/05/11 20:28:09
Table 'NLHRed33' 6-max Seat #2 is the button
Seat 1: 3f50e5a9 ($12.46 in chips)
Seat 2: 44c5fab6 ($6.71 in chips)
Seat 3: 318b6d9b ($9.8 in chips)
Seat 4: dd54a8ee ($11.9 in chips)
Seat 5: c4544ea5 ($10.24 in chips)
Seat 6: Hero ($10.13 in chips)
318b6d9b: posts small blind $0.05
dd54a8ee: posts big blind $0.1
*** HOLE CARDS ***
Dealt to 3f50e5a9 
Dealt to 44c5fab6 
Dealt to 318b6d9b 
Dealt to dd54a8ee 
Dealt to c4544ea5 
Dealt to Hero [8c 7h]
c4544ea5: folds
Hero: folds
3f50e5a9: folds
44c5fab6: raises $0.12 to $0.22
318b6d9b: folds
dd54a8ee: folds
Uncalled bet ($0.12) returned to 44c5fab6
*** SHOWDOWN ***
44c5fab6 collected $0.25 from pot
*** SUMMARY ***
Total pot $0.25 | Rake $0 | Jackpot $0 | Bingo $0 | Fortune $0 | Tax $0
Seat 1: 3f50e5a9 folded before Flop (didn't bet)
Seat 2: 44c5fab6 (button) collected ($0.25)
Seat 3: 318b6d9b (small blind) folded before Flop
Seat 4: dd54a8ee (big blind) folded before Flop
Seat 5: c4544ea5 folded before Flop (didn't bet)
Seat 6: Hero folded before Flop (didn't bet)


Poker Hand #HD1768496536: Hold'em No Limit ($0.05/$0.1) - 2024/05/11 20:26:51
Table 'NLHRed33' 6-max Seat #1 is the button
Seat 1: 3f50e5a9 ($10 in chips)
Seat 2: 44c5fab6 ($9.18 in chips)
Seat 3: 318b6d9b ($9.9 in chips)
Seat 4: dd54a8ee ($11.9 in chips)
Seat 5: c4544ea5 ($10.24 in chips)
Seat 6: Hero ($10.37 in chips)
44c5fab6: posts small blind $0.05
318b6d9b: posts big blind $0.1
*** HOLE CARDS ***
Dealt to 3f50e5a9 
Dealt to 44c5fab6 
Dealt to 318b6d9b 
Dealt to dd54a8ee 
Dealt to c4544ea5 
Dealt to Hero [Jd 9h]
dd54a8ee: folds
c4544ea5: folds
Hero: raises $0.14 to $0.24
3f50e5a9: calls $0.24
44c5fab6: raises $0.91 to $1.15
318b6d9b: folds
Hero: folds
3f50e5a9: calls $0.91
*** FLOP *** [3c 7d Kd]
44c5fab6: bets $1.32
3f50e5a9: raises $1.32 to $2.64
44c5fab6: folds
Uncalled bet ($1.32) returned to 3f50e5a9
*** SHOWDOWN ***
3f50e5a9 collected $4.93 from pot
*** SUMMARY ***
Total pot $5.28 | Rake $0.25 | Jackpot $0.1 | Bingo $0 | Fortune $0 | Tax $0
Board [3c 7d Kd]
Seat 1: 3f50e5a9 (button) won ($4.93)
Seat 2: 44c5fab6 (small blind) folded on the Flop
Seat 3: 318b6d9b (big blind) folded before Flop
Seat 4: dd54a8ee folded before Flop (didn't bet)
Seat 5: c4544ea5 folded before Flop (didn't bet)
Seat 6: Hero folded before Flop


Poker Hand #HD1768496496: Hold'em No Limit ($0.05/$0.1) - 2024/05/11 20:26:35
Table 'NLHRed33' 6-max Seat #6 is the button
Seat 1: 3f50e5a9 ($10.05 in chips)
Seat 2: 44c5fab6 ($9.28 in chips)
Seat 3: 318b6d9b ($10 in chips)
Seat 4: dd54a8ee ($11.9 in chips)
Seat 5: c4544ea5 ($10 in chips)
Seat 6: Hero ($10.37 in chips)
3f50e5a9: posts small blind $0.05
44c5fab6: posts big blind $0.1
318b6d9b: posts big blind $0.1
*** HOLE CARDS ***
Dealt to 3f50e5a9 
Dealt to 44c5fab6 
Dealt to 318b6d9b 
Dealt to dd54a8ee 
Dealt to c4544ea5 
Dealt to Hero [5s 9h]
318b6d9b: checks
dd54a8ee: folds
c4544ea5: raises $0.4 to $0.5
Hero: folds
3f50e5a9: folds
44c5fab6: folds
318b6d9b: folds
Uncalled bet ($0.4) returned to c4544ea5
*** SHOWDOWN ***
c4544ea5 collected $0.34 from pot
*** SUMMARY ***
Total pot $0.35 | Rake $0.01 | Jackpot $0 | Bingo $0 | Fortune $0 | Tax $0
Seat 1: 3f50e5a9 (small blind) folded before Flop
Seat 2: 44c5fab6 (big blind) folded before Flop
Seat 3: 318b6d9b folded before Flop
Seat 4: dd54a8ee folded before Flop (didn't bet)
Seat 5: c4544ea5 collected ($0.34)
Seat 6: Hero (button) folded before Flop (didn't bet)


Poker Hand #HD1768496416: Hold'em No Limit ($0.05/$0.1) - 2024/05/11 20:26:01
Table 'NLHRed33' 6-max Seat #5 is the button
Seat 1: 3f50e5a9 ($10.15 in chips)
Seat 2: 44c5fab6 ($9.28 in chips)
Seat 4: dd54a8ee ($11.9 in chips)
Seat 5: c4544ea5 ($10.2 in chips)
Seat 6: Hero ($10 in chips)
Hero: posts small blind $0.05
3f50e5a9: posts big blind $0.1
*** HOLE CARDS ***
Dealt to 3f50e5a9 
Dealt to 44c5fab6 
Dealt to dd54a8ee 
Dealt to c4544ea5 
Dealt to Hero [Qh Kc]
44c5fab6: folds
dd54a8ee: folds
c4544ea5: raises $0.2 to $0.3
Hero: raises $0.8 to $1.1
3f50e5a9: folds
c4544ea5: folds
Uncalled bet ($0.8) returned to Hero
*** SHOWDOWN ***
Hero collected $0.67 from pot
*** SUMMARY ***
Total pot $0.7 | Rake $0.03 | Jackpot $0 | Bingo $0 | Fortune $0 | Tax $0
Seat 1: 3f50e5a9 (big blind) folded before Flop
Seat 2: 44c5fab6 folded before Flop (didn't bet)
Seat 4: dd54a8ee folded before Flop (didn't bet)
Seat 5: c4544ea5 (button) folded before Flop
Seat 6: Hero (small blind) collected ($0.67)


Poker Hand #HD1768496382: Hold'em No Limit ($0.05/$0.1) - 2024/05/11 20:25:47
Table 'NLHRed33' 6-max Seat #4 is the button
Seat 1: 3f50e5a9 ($10 in chips)
Seat 2: 44c5fab6 ($9.28 in chips)
Seat 4: dd54a8ee ($11.9 in chips)
Seat 5: c4544ea5 ($10.25 in chips)
Seat 6: Hero ($10 in chips)
c4544ea5: posts small blind $0.05
Hero: posts big blind $0.1
3f50e5a9: posts big blind $0.1
*** HOLE CARDS ***
Dealt to 3f50e5a9 
Dealt to 44c5fab6 
Dealt to dd54a8ee 
Dealt to c4544ea5 
Dealt to Hero [6h Jc]
3f50e5a9: raises $0.13 to $0.23
44c5fab6: folds
dd54a8ee: folds
c4544ea5: folds
Hero: folds
Uncalled bet ($0.13) returned to 3f50e5a9
*** SHOWDOWN ***
3f50e5a9 collected $0.25 from pot
*** SUMMARY ***
Total pot $0.25 | Rake $0 | Jackpot $0 | Bingo $0 | Fortune $0 | Tax $0
Seat 1: 3f50e5a9 collected ($0.25)
Seat 2: 44c5fab6 folded before Flop (didn't bet)
Seat 4: dd54a8ee (button) folded before Flop (didn't bet)
Seat 5: c4544ea5 (small blind) folded before Flop
Seat 6: Hero (big blind) folded before Flop


