Poker Hand #HD1747347046: Hold'em No Limit ($0.02/$0.05) - 2024/04/26 13:56:45
Table 'NLHBlue12' 6-max Seat #2 is the button
Seat 1: 41a9cd07 ($5 in chips)
Seat 2: Hero ($6.19 in chips)
Seat 4: 92b04c3a ($5.95 in chips)
Seat 6: da3247e8 ($5.08 in chips)
92b04c3a: posts small blind $0.02
da3247e8: posts big blind $0.05
*** HOLE CARDS ***
Dealt to 41a9cd07 
Dealt to Hero [2s 5c]
Dealt to 92b04c3a 
Dealt to da3247e8 
41a9cd07: raises $0.08 to $0.13
Hero: folds
92b04c3a: raises $0.33 to $0.46
da3247e8: folds
41a9cd07: folds
Uncalled bet ($0.33) returned to 92b04c3a
*** SHOWDOWN ***
92b04c3a collected $0.3 from pot
*** SUMMARY ***
Total pot $0.31 | Rake $0.01 | Jackpot $0 | Bingo $0 | Fortune $0 | Tax $0
Seat 1: 41a9cd07 folded before Flop
Seat 2: Hero (button) folded before Flop (didn't bet)
Seat 4: 92b04c3a (small blind) collected ($0.3)
Seat 6: da3247e8 (big blind) folded before Flop


Poker Hand #HD1747347028: Hold'em No Limit ($0.02/$0.05) - 2024/04/26 13:56:30
Table 'NLHBlue12' 6-max Seat #1 is the button
Seat 1: 41a9cd07 ($5 in chips)
Seat 2: Hero ($6.14 in chips)
Seat 4: 92b04c3a ($6 in chips)
Seat 5: acbefc68 ($5.29 in chips)
Seat 6: da3247e8 ($5.08 in chips)
Hero: posts small blind $0.02
92b04c3a: posts big blind $0.05
*** HOLE CARDS ***
Dealt to 41a9cd07 
Dealt to Hero [Td Kc]
Dealt to 92b04c3a 
Dealt to acbefc68 
Dealt to da3247e8 
acbefc68: folds
da3247e8: folds
41a9cd07: folds
Hero: raises $0.1 to $0.15
92b04c3a: folds
Uncalled bet ($0.1) returned to Hero
*** SHOWDOWN ***
Hero collected $0.1 from pot
*** SUMMARY ***
Total pot $0.1 | Rake $0 | Jackpot $0 | Bingo $0 | Fortune $0 | Tax $0
Seat 1: 41a9cd07 (button) folded before Flop (didn't bet)
Seat 2: Hero (small blind) collected ($0.1)
Seat 4: 92b04c3a (big blind) folded before Flop
Seat 5: acbefc68 folded before Flop (didn't bet)
Seat 6: da3247e8 folded before Flop (didn't bet)


Poker Hand #HD1747346991: Hold'em No Limit ($0.02/$0.05) - 2024/04/26 13:56:09
Table 'NLHBlue12' 6-max Seat #6 is the button
Seat 1: 41a9cd07 ($5 in chips)
Seat 2: Hero ($6.19 in chips)
Seat 4: 92b04c3a ($5.93 in chips)
Seat 5: acbefc68 ($5.29 in chips)
Seat 6: da3247e8 ($5.08 in chips)
41a9cd07: posts small blind $0.02
Hero: posts big blind $0.05
*** HOLE CARDS ***
Dealt to 41a9cd07 
Dealt to Hero [Kc 9h]
Dealt to 92b04c3a 
Dealt to acbefc68 
Dealt to da3247e8 
92b04c3a: raises $0.07 to $0.12
acbefc68: folds
da3247e8: folds
41a9cd07: folds
Hero: folds
Uncalled bet ($0.07) returned to 92b04c3a
*** SHOWDOWN ***
92b04c3a collected $0.12 from pot
*** SUMMARY ***
Total pot $0.12 | Rake $0 | Jackpot $0 | Bingo $0 | Fortune $0 | Tax $0
Seat 1: 41a9cd07 (small blind) folded before Flop
Seat 2: Hero (big blind) folded before Flop
Seat 4: 92b04c3a collected ($0.12)
Seat 5: acbefc68 folded before Flop (didn't bet)
Seat 6: da3247e8 (button) folded before Flop (didn't bet)


Poker Hand #HD1747346936: Hold'em No Limit ($0.02/$0.05) - 2024/04/26 13:55:26
Table 'NLHBlue12' 6-max Seat #5 is the button
Seat 1: 41a9cd07 ($5 in chips)
Seat 2: Hero ($6.19 in chips)
Seat 4: 92b04c3a ($5.82 in chips)
Seat 5: acbefc68 ($5.29 in chips)
Seat 6: da3247e8 ($5.1 in chips)
da3247e8: posts small blind $0.02
41a9cd07: posts big blind $0.05
*** HOLE CARDS ***
Dealt to 41a9cd07 
Dealt to Hero [Ks 2d]
Dealt to 92b04c3a 
Dealt to acbefc68 
Dealt to da3247e8 
Hero: folds
92b04c3a: raises $0.05 to $0.1
acbefc68: folds
da3247e8: folds
41a9cd07: calls $0.05
*** FLOP *** [Jc 4c Ts]
41a9cd07: checks
92b04c3a: bets $0.1
41a9cd07: folds
Uncalled bet ($0.1) returned to 92b04c3a
*** SHOWDOWN ***
92b04c3a collected $0.21 from pot
*** SUMMARY ***
Total pot $0.22 | Rake $0.01 | Jackpot $0 | Bingo $0 | Fortune $0 | Tax $0
Board [Jc 4c Ts]
Seat 1: 41a9cd07 (big blind) folded on the Flop
Seat 2: Hero folded before Flop (didn't bet)
Seat 4: 92b04c3a won ($0.21)
Seat 5: acbefc68 (button) folded before Flop (didn't bet)
Seat 6: da3247e8 (small blind) folded before Flop


Poker Hand #HD1747346901: Hold'em No Limit ($0.02/$0.05) - 2024/04/26 13:55:02
Table 'NLHBlue12' 6-max Seat #4 is the button
Seat 1: 41a9cd07 ($5 in chips)
Seat 2: Hero ($6.19 in chips)
Seat 4: 92b04c3a ($5.82 in chips)
Seat 5: acbefc68 ($5.24 in chips)
Seat 6: da3247e8 ($5.15 in chips)
acbefc68: posts small blind $0.02
da3247e8: posts big blind $0.05
*** HOLE CARDS ***
Dealt to 41a9cd07 
Dealt to Hero [3h Kd]
Dealt to 92b04c3a 
Dealt to acbefc68 
Dealt to da3247e8 
41a9cd07: folds
Hero: folds
92b04c3a: folds
acbefc68: raises $0.1 to $0.15
da3247e8: folds
Uncalled bet ($0.1) returned to acbefc68
*** SHOWDOWN ***
acbefc68 collected $0.1 from pot
*** SUMMARY ***
Total pot $0.1 | Rake $0 | Jackpot $0 | Bingo $0 | Fortune $0 | Tax $0
Seat 1: 41a9cd07 folded before Flop (didn't bet)
Seat 2: Hero folded before Flop (didn't bet)
Seat 4: 92b04c3a (button) folded before Flop (didn't bet)
Seat 5: acbefc68 (small blind) collected ($0.1)
Seat 6: da3247e8 (big blind) folded before Flop


Poker Hand #HD1747346887: Hold'em No Limit ($0.02/$0.05) - 2024/04/26 13:54:52
Table 'NLHBlue12' 6-max Seat #2 is the button
Seat 1: 41a9cd07 ($5 in chips)
Seat 2: Hero ($6.19 in chips)
Seat 4: 92b04c3a ($5.84 in chips)
Seat 5: acbefc68 ($5.22 in chips)
Seat 6: da3247e8 ($5.15 in chips)
92b04c3a: posts small blind $0.02
acbefc68: posts big blind $0.05
*** HOLE CARDS ***
Dealt to 41a9cd07 
Dealt to Hero [4d Qc]
Dealt to 92b04c3a 
Dealt to acbefc68 
Dealt to da3247e8 
da3247e8: folds
41a9cd07: folds
Hero: folds
92b04c3a: folds
Uncalled bet ($0.03) returned to acbefc68
*** SHOWDOWN ***
acbefc68 collected $0.04 from pot
*** SUMMARY ***
Total pot $0.04 | Rake $0 | Jackpot $0 | Bingo $0 | Fortune $0 | Tax $0
Seat 1: 41a9cd07 folded before Flop (didn't bet)
Seat 2: Hero (button) folded before Flop (didn't bet)
Seat 4: 92b04c3a (small blind) folded before Flop
Seat 5: acbefc68 (big blind) collected ($0.04)
Seat 6: da3247e8 folded before Flop (didn't bet)


Poker Hand #HD1747346801: Hold'em No Limit ($0.02/$0.05) - 2024/04/26 13:53:45
Table 'NLHBlue12' 6-max Seat #1 is the button
Seat 1: 41a9cd07 ($5 in chips)
Seat 2: Hero ($6.21 in chips)
Seat 4: 92b04c3a ($5.61 in chips)
Seat 5: acbefc68 ($5.22 in chips)
Seat 6: da3247e8 ($5.15 in chips)
Hero: posts small blind $0.02
92b04c3a: posts big blind $0.05
*** HOLE CARDS ***
Dealt to 41a9cd07 
Dealt to Hero [Ts Qd]
Dealt to 92b04c3a 
Dealt to acbefc68 
Dealt to da3247e8 
acbefc68: folds
da3247e8: folds
41a9cd07: raises $0.08 to $0.13
Hero: folds
92b04c3a: calls $0.08
*** FLOP *** [4h 9h 5h]
92b04c3a: checks
41a9cd07: checks
*** TURN *** [4h 9h 5h] [Ah]
92b04c3a: checks
41a9cd07: checks
*** RIVER *** [4h 9h 5h Ah] [4d]
92b04c3a: checks
41a9cd07: bets $0.1
92b04c3a: calls $0.1
41a9cd07: shows [Ac Kd] (Pair of Aces and Pair of Fours)
92b04c3a: shows [7d 7h] (Ace High Flush)
*** SHOWDOWN ***
92b04c3a collected $0.46 from pot
*** SUMMARY ***
Total pot $0.48 | Rake $0.02 | Jackpot $0 | Bingo $0 | Fortune $0 | Tax $0
Board [4h 9h 5h Ah 4d]
Seat 1: 41a9cd07 (button) showed [Ac Kd] and lost with Pair of Aces and Pair of Fours
Seat 2: Hero (small blind) folded before Flop
Seat 4: 92b04c3a (big blind) showed [7d 7h] and won ($0.46) with Ace High Flush
Seat 5: acbefc68 folded before Flop (didn't bet)
Seat 6: da3247e8 folded before Flop (didn't bet)


Poker Hand #HD1747346776: Hold'em No Limit ($0.02/$0.05) - 2024/04/26 13:53:28
Table 'NLHBlue12' 6-max Seat #6 is the button
Seat 1: 41a9cd07 ($5 in chips)
Seat 2: Hero ($6.26 in chips)
Seat 4: 92b04c3a ($5.54 in chips)
Seat 5: acbefc68 ($5.22 in chips)
Seat 6: da3247e8 ($5.15 in chips)
41a9cd07: posts small blind $0.02
Hero: posts big blind $0.05
*** HOLE CARDS ***
Dealt to 41a9cd07 
Dealt to Hero [5d Jh]
Dealt to 92b04c3a 
Dealt to acbefc68 
Dealt to da3247e8 
92b04c3a: raises $0.07 to $0.12
acbefc68: folds
da3247e8: folds
41a9cd07: folds
Hero: folds
Uncalled bet ($0.07) returned to 92b04c3a
*** SHOWDOWN ***
92b04c3a collected $0.12 from pot
*** SUMMARY ***
Total pot $0.12 | Rake $0 | Jackpot $0 | Bingo $0 | Fortune $0 | Tax $0
Seat 1: 41a9cd07 (small blind) folded before Flop
Seat 2: Hero (big blind) folded before Flop
Seat 4: 92b04c3a collected ($0.12)
Seat 5: acbefc68 folded before Flop (didn't bet)
Seat 6: da3247e8 (button) folded before Flop (didn't bet)


Poker Hand #HD1747346741: Hold'em No Limit ($0.02/$0.05) - 2024/04/26 13:53:03
Table 'NLHBlue12' 6-max Seat #5 is the button
Seat 1: 41a9cd07 ($5 in chips)
Seat 2: Hero ($6.26 in chips)
Seat 4: 92b04c3a ($5.54 in chips)
Seat 5: acbefc68 ($5.33 in chips)
Seat 6: da3247e8 ($5 in chips)
da3247e8: posts small blind $0.02
41a9cd07: posts big blind $0.05
*** HOLE CARDS ***
Dealt to 41a9cd07 
Dealt to Hero [Td 9h]
Dealt to 92b04c3a 
Dealt to acbefc68 
Dealt to da3247e8 
Hero: folds
92b04c3a: folds
acbefc68: raises $0.06 to $0.11
da3247e8: raises $0.34 to $0.45
41a9cd07: folds
acbefc68: folds
Uncalled bet ($0.34) returned to da3247e8
*** SHOWDOWN ***
da3247e8 collected $0.26 from pot
*** SUMMARY ***
Total pot $0.27 | Rake $0.01 | Jackpot $0 | Bingo $0 | Fortune $0 | Tax $0
Seat 1: 41a9cd07 (big blind) folded before Flop
Seat 2: Hero folded before Flop (didn't bet)
Seat 4: 92b04c3a folded before Flop (didn't bet)
Seat 5: acbefc68 (button) folded before Flop
Seat 6: da3247e8 (small blind) collected ($0.26)


Poker Hand #HD1747346722: Hold'em No Limit ($0.02/$0.05) - 2024/04/26 13:52:51
Table 'NLHBlue12' 6-max Seat #4 is the button
Seat 1: 41a9cd07 ($5 in chips)
Seat 2: Hero ($6.26 in chips)
Seat 4: 92b04c3a ($5.54 in chips)
Seat 5: acbefc68 ($5.28 in chips)
Seat 6: da3247e8 ($5 in chips)
acbefc68: posts small blind $0.02
da3247e8: posts big blind $0.05
*** HOLE CARDS ***
Dealt to 41a9cd07 
Dealt to Hero [Kd 8c]
Dealt to 92b04c3a 
Dealt to acbefc68 
Dealt to da3247e8 
41a9cd07: folds
Hero: folds
92b04c3a: folds
acbefc68: raises $0.1 to $0.15
da3247e8: folds
Uncalled bet ($0.1) returned to acbefc68
*** SHOWDOWN ***
acbefc68 collected $0.1 from pot
*** SUMMARY ***
Total pot $0.1 | Rake $0 | Jackpot $0 | Bingo $0 | Fortune $0 | Tax $0
Seat 1: 41a9cd07 folded before Flop (didn't bet)
Seat 2: Hero folded before Flop (didn't bet)
Seat 4: 92b04c3a (button) folded before Flop (didn't bet)
Seat 5: acbefc68 (small blind) collected ($0.1)
Seat 6: da3247e8 (big blind) folded before Flop


Poker Hand #HD1747346659: Hold'em No Limit ($0.02/$0.05) - 2024/04/26 13:52:08
Table 'NLHBlue12' 6-max Seat #2 is the button
Seat 1: 41a9cd07 ($5.05 in chips)
Seat 2: Hero ($6.07 in chips)
Seat 3: 47620fec ($4.78 in chips)
Seat 4: 92b04c3a ($5.59 in chips)
Seat 5: acbefc68 ($5.28 in chips)
Seat 6: da3247e8 ($5 in chips)
47620fec: posts small blind $0.02
92b04c3a: posts big blind $0.05
*** HOLE CARDS ***
Dealt to 41a9cd07 
Dealt to Hero [Jd Kd]
Dealt to 47620fec 
Dealt to 92b04c3a 
Dealt to acbefc68 
Dealt to da3247e8 
acbefc68: folds
da3247e8: folds
41a9cd07: raises $0.08 to $0.13
Hero: raises $0.32 to $0.45
47620fec: folds
92b04c3a: folds
41a9cd07: folds
Uncalled bet ($0.32) returned to Hero
*** SHOWDOWN ***
Hero collected $0.32 from pot
*** SUMMARY ***
Total pot $0.33 | Rake $0.01 | Jackpot $0 | Bingo $0 | Fortune $0 | Tax $0
Seat 1: 41a9cd07 folded before Flop
Seat 2: Hero (button) collected ($0.32)
Seat 3: 47620fec (small blind) folded before Flop
Seat 4: 92b04c3a (big blind) folded before Flop
Seat 5: acbefc68 folded before Flop (didn't bet)
Seat 6: da3247e8 folded before Flop (didn't bet)


Poker Hand #HD1747346632: Hold'em No Limit ($0.02/$0.05) - 2024/04/26 13:51:52
Table 'NLHBlue12' 6-max Seat #1 is the button
Seat 1: 41a9cd07 ($5.05 in chips)
Seat 2: Hero ($6.09 in chips)
Seat 3: 47620fec ($4.83 in chips)
Seat 4: 92b04c3a ($5.59 in chips)
Seat 5: acbefc68 ($5.21 in chips)
Seat 6: da3247e8 ($5 in chips)
Hero: posts small blind $0.02
47620fec: posts big blind $0.05
*** HOLE CARDS ***
Dealt to 41a9cd07 
Dealt to Hero [5d Kc]
Dealt to 47620fec 
Dealt to 92b04c3a 
Dealt to acbefc68 
Dealt to da3247e8 
92b04c3a: folds
acbefc68: raises $0.08 to $0.13
da3247e8: folds
41a9cd07: folds
Hero: folds
47620fec: folds
Uncalled bet ($0.08) returned to acbefc68
*** SHOWDOWN ***
acbefc68 collected $0.12 from pot
*** SUMMARY ***
Total pot $0.12 | Rake $0 | Jackpot $0 | Bingo $0 | Fortune $0 | Tax $0
Seat 1: 41a9cd07 (button) folded before Flop (didn't bet)
Seat 2: Hero (small blind) folded before Flop
Seat 3: 47620fec (big blind) folded before Flop
Seat 4: 92b04c3a folded before Flop (didn't bet)
Seat 5: acbefc68 collected ($0.12)
Seat 6: da3247e8 folded before Flop (didn't bet)


Poker Hand #HD1747346611: Hold'em No Limit ($0.02/$0.05) - 2024/04/26 13:51:36
Table 'NLHBlue12' 6-max Seat #6 is the button
Seat 1: 41a9cd07 ($5 in chips)
Seat 2: Hero ($6.14 in chips)
Seat 3: 47620fec ($4.83 in chips)
Seat 4: 92b04c3a ($5.59 in chips)
Seat 5: acbefc68 ($5.21 in chips)
Seat 6: da3247e8 ($5 in chips)
41a9cd07: posts small blind $0.02
Hero: posts big blind $0.05
*** HOLE CARDS ***
Dealt to 41a9cd07 
Dealt to Hero [Th 2h]
Dealt to 47620fec 
Dealt to 92b04c3a 
Dealt to acbefc68 
Dealt to da3247e8 
47620fec: folds
92b04c3a: folds
acbefc68: folds
da3247e8: folds
41a9cd07: raises $0.1 to $0.15
Hero: folds
Uncalled bet ($0.1) returned to 41a9cd07
*** SHOWDOWN ***
41a9cd07 collected $0.1 from pot
*** SUMMARY ***
Total pot $0.1 | Rake $0 | Jackpot $0 | Bingo $0 | Fortune $0 | Tax $0
Seat 1: 41a9cd07 (small blind) collected ($0.1)
Seat 2: Hero (big blind) folded before Flop
Seat 3: 47620fec folded before Flop (didn't bet)
Seat 4: 92b04c3a folded before Flop (didn't bet)
Seat 5: acbefc68 folded before Flop (didn't bet)
Seat 6: da3247e8 (button) folded before Flop (didn't bet)


Poker Hand #HD1747346496: Hold'em No Limit ($0.02/$0.05) - 2024/04/26 13:50:15
Table 'NLHBlue12' 6-max Seat #5 is the button
Seat 1: 41a9cd07 ($5 in chips)
Seat 2: Hero ($6.14 in chips)
Seat 3: 47620fec ($4.83 in chips)
Seat 4: 92b04c3a ($5 in chips)
Seat 5: acbefc68 ($5.79 in chips)
Seat 6: da3247e8 ($5 in chips)
da3247e8: posts small blind $0.02
41a9cd07: posts big blind $0.05
*** HOLE CARDS ***
Dealt to 41a9cd07 
Dealt to Hero [2d Qd]
Dealt to 47620fec 
Dealt to 92b04c3a 
Dealt to acbefc68 
Dealt to da3247e8 
Hero: folds
47620fec: folds
92b04c3a: raises $0.06 to $0.11
acbefc68: raises $0.22 to $0.33
da3247e8: folds
41a9cd07: folds
92b04c3a: calls $0.22
*** FLOP *** [5d Js Td]
92b04c3a: checks
acbefc68: checks
*** TURN *** [5d Js Td] [2h]
92b04c3a: checks
acbefc68: bets $0.25
92b04c3a: raises $0.56 to $0.81
acbefc68: folds
Uncalled bet ($0.56) returned to 92b04c3a
*** SHOWDOWN ***
92b04c3a collected $1.17 from pot
*** SUMMARY ***
Total pot $1.23 | Rake $0.06 | Jackpot $0 | Bingo $0 | Fortune $0 | Tax $0
Board [5d Js Td 2h]
Seat 1: 41a9cd07 (big blind) folded before Flop
Seat 2: Hero folded before Flop (didn't bet)
Seat 3: 47620fec folded before Flop (didn't bet)
Seat 4: 92b04c3a won ($1.17)
Seat 5: acbefc68 (button) folded on the Turn
Seat 6: da3247e8 (small blind) folded before Flop


Poker Hand #HD1747346453: Hold'em No Limit ($0.02/$0.05) - 2024/04/26 13:49:47
Table 'NLHBlue12' 6-max Seat #4 is the button
Seat 1: 41a9cd07 ($5 in chips)
Seat 2: Hero ($6.14 in chips)
Seat 3: 47620fec ($4.76 in chips)
Seat 4: 92b04c3a ($5 in chips)
Seat 5: acbefc68 ($5.81 in chips)
Seat 6: da3247e8 ($5.04 in chips)
acbefc68: posts small blind $0.02
da3247e8: posts big blind $0.05
*** HOLE CARDS ***
Dealt to 41a9cd07 
Dealt to Hero [5h Ad]
Dealt to 47620fec 
Dealt to 92b04c3a 
Dealt to acbefc68 
Dealt to da3247e8 
41a9cd07: folds
Hero: folds
47620fec: raises $0.1 to $0.15
92b04c3a: folds
acbefc68: folds
da3247e8: folds
Uncalled bet ($0.1) returned to 47620fec
*** SHOWDOWN ***
47620fec collected $0.12 from pot
*** SUMMARY ***
Total pot $0.12 | Rake $0 | Jackpot $0 | Bingo $0 | Fortune $0 | Tax $0
Seat 1: 41a9cd07 folded before Flop (didn't bet)
Seat 2: Hero folded before Flop (didn't bet)
Seat 3: 47620fec collected ($0.12)
Seat 4: 92b04c3a (button) folded before Flop (didn't bet)
Seat 5: acbefc68 (small blind) folded before Flop
Seat 6: da3247e8 (big blind) folded before Flop


Poker Hand #HD1747346412: Hold'em No Limit ($0.02/$0.05) - 2024/04/26 13:49:19
Table 'NLHBlue12' 6-max Seat #3 is the button
Seat 1: 41a9cd07 ($5 in chips)
Seat 2: Hero ($6.07 in chips)
Seat 3: 47620fec ($4.76 in chips)
Seat 4: 92b04c3a ($5 in chips)
Seat 5: acbefc68 ($5.86 in chips)
Seat 6: da3247e8 ($5.04 in chips)
92b04c3a: posts small blind $0.02
acbefc68: posts big blind $0.05
*** HOLE CARDS ***
Dealt to 41a9cd07 
Dealt to Hero [7d 7c]
Dealt to 47620fec 
Dealt to 92b04c3a 
Dealt to acbefc68 
Dealt to da3247e8 
da3247e8: folds
41a9cd07: folds
Hero: raises $0.07 to $0.12
47620fec: folds
92b04c3a: folds
acbefc68: folds
Uncalled bet ($0.07) returned to Hero
*** SHOWDOWN ***
Hero collected $0.12 from pot
*** SUMMARY ***
Total pot $0.12 | Rake $0 | Jackpot $0 | Bingo $0 | Fortune $0 | Tax $0
Seat 1: 41a9cd07 folded before Flop (didn't bet)
Seat 2: Hero collected ($0.12)
Seat 3: 47620fec (button) folded before Flop (didn't bet)
Seat 4: 92b04c3a (small blind) folded before Flop
Seat 5: acbefc68 (big blind) folded before Flop
Seat 6: da3247e8 folded before Flop (didn't bet)


Poker Hand #HD1747346287: Hold'em No Limit ($0.02/$0.05) - 2024/04/26 13:47:52
Table 'NLHBlue12' 6-max Seat #2 is the button
Seat 1: 41a9cd07 ($5 in chips)
Seat 2: Hero ($5.11 in chips)
Seat 3: 47620fec ($5.82 in chips)
Seat 4: 92b04c3a ($5.02 in chips)
Seat 5: acbefc68 ($5.86 in chips)
Seat 6: da3247e8 ($5.04 in chips)
47620fec: posts small blind $0.02
92b04c3a: posts big blind $0.05
*** HOLE CARDS ***
Dealt to 41a9cd07 
Dealt to Hero [As Ts]
Dealt to 47620fec 
Dealt to 92b04c3a 
Dealt to acbefc68 
Dealt to da3247e8 
acbefc68: folds
da3247e8: folds
41a9cd07: folds
Hero: raises $0.07 to $0.12
47620fec: raises $0.24 to $0.36
92b04c3a: folds
Hero: calls $0.24
*** FLOP *** [Ac 3s 7c]
47620fec: bets $0.26
Hero: calls $0.26
*** TURN *** [Ac 3s 7c] [6c]
47620fec: checks
Hero: checks
*** RIVER *** [Ac 3s 7c 6c] [9d]
47620fec: bets $0.44
Hero: raises $0.97 to $1.41
47620fec: folds
Uncalled bet ($0.97) returned to Hero
*** SHOWDOWN ***
Hero collected $2.02 from pot
*** SUMMARY ***
Total pot $2.17 | Rake $0.1 | Jackpot $0.05 | Bingo $0 | Fortune $0 | Tax $0
Board [Ac 3s 7c 6c 9d]
Seat 1: 41a9cd07 folded before Flop (didn't bet)
Seat 2: Hero (button) won ($2.02)
Seat 3: 47620fec (small blind) folded on the River
Seat 4: 92b04c3a (big blind) folded before Flop
Seat 5: acbefc68 folded before Flop (didn't bet)
Seat 6: da3247e8 folded before Flop (didn't bet)


Poker Hand #HD1747346245: Hold'em No Limit ($0.02/$0.05) - 2024/04/26 13:47:30
Table 'NLHBlue12' 6-max Seat #1 is the button
Seat 1: 41a9cd07 ($5 in chips)
Seat 2: Hero ($5.06 in chips)
Seat 3: 47620fec ($5.87 in chips)
Seat 4: 92b04c3a ($5.02 in chips)
Seat 5: acbefc68 ($5.86 in chips)
Seat 6: da3247e8 ($5.04 in chips)
Hero: posts small blind $0.02
47620fec: posts big blind $0.05
*** HOLE CARDS ***
Dealt to 41a9cd07 
Dealt to Hero [Ts 6s]
Dealt to 47620fec 
Dealt to 92b04c3a 
Dealt to acbefc68 
Dealt to da3247e8 
92b04c3a: folds
acbefc68: folds
da3247e8: folds
41a9cd07: folds
Hero: raises $0.1 to $0.15
47620fec: folds
Uncalled bet ($0.1) returned to Hero
*** SHOWDOWN ***
Hero collected $0.1 from pot
*** SUMMARY ***
Total pot $0.1 | Rake $0 | Jackpot $0 | Bingo $0 | Fortune $0 | Tax $0
Seat 1: 41a9cd07 (button) folded before Flop (didn't bet)
Seat 2: Hero (small blind) collected ($0.1)
Seat 3: 47620fec (big blind) folded before Flop
Seat 4: 92b04c3a folded before Flop (didn't bet)
Seat 5: acbefc68 folded before Flop (didn't bet)
Seat 6: da3247e8 folded before Flop (didn't bet)


Poker Hand #HD1747346202: Hold'em No Limit ($0.02/$0.05) - 2024/04/26 13:47:07
Table 'NLHBlue12' 6-max Seat #6 is the button
Seat 1: 41a9cd07 ($5 in chips)
Seat 2: Hero ($5.11 in chips)
Seat 3: 47620fec ($5.87 in chips)
Seat 4: 92b04c3a ($5.02 in chips)
Seat 5: acbefc68 ($5.79 in chips)
Seat 6: da3247e8 ($5.04 in chips)
41a9cd07: posts small blind $0.02
Hero: posts big blind $0.05
*** HOLE CARDS ***
Dealt to 41a9cd07 
Dealt to Hero [Js 7d]
Dealt to 47620fec 
Dealt to 92b04c3a 
Dealt to acbefc68 
Dealt to da3247e8 
47620fec: folds
92b04c3a: folds
acbefc68: raises $0.06 to $0.11
da3247e8: folds
41a9cd07: folds
Hero: folds
Uncalled bet ($0.06) returned to acbefc68
*** SHOWDOWN ***
acbefc68 collected $0.12 from pot
*** SUMMARY ***
Total pot $0.12 | Rake $0 | Jackpot $0 | Bingo $0 | Fortune $0 | Tax $0
Seat 1: 41a9cd07 (small blind) folded before Flop
Seat 2: Hero (big blind) folded before Flop
Seat 3: 47620fec folded before Flop (didn't bet)
Seat 4: 92b04c3a folded before Flop (didn't bet)
Seat 5: acbefc68 collected ($0.12)
Seat 6: da3247e8 (button) folded before Flop (didn't bet)


Poker Hand #HD1747346183: Hold'em No Limit ($0.02/$0.05) - 2024/04/26 13:46:53
Table 'NLHBlue12' 6-max Seat #5 is the button
Seat 1: 41a9cd07 ($5 in chips)
Seat 2: Hero ($5.04 in chips)
Seat 3: 47620fec ($5.87 in chips)
Seat 4: 92b04c3a ($5.02 in chips)
Seat 5: acbefc68 ($5.79 in chips)
Seat 6: da3247e8 ($5.06 in chips)
da3247e8: posts small blind $0.02
41a9cd07: posts big blind $0.05
*** HOLE CARDS ***
Dealt to 41a9cd07 
Dealt to Hero [Qd Jc]
Dealt to 47620fec 
Dealt to 92b04c3a 
Dealt to acbefc68 
Dealt to da3247e8 
Hero: raises $0.05 to $0.1
47620fec: folds
92b04c3a: folds
acbefc68: folds
da3247e8: folds
41a9cd07: folds
Uncalled bet ($0.05) returned to Hero
*** SHOWDOWN ***
Hero collected $0.12 from pot
*** SUMMARY ***
Total pot $0.12 | Rake $0 | Jackpot $0 | Bingo $0 | Fortune $0 | Tax $0
Seat 1: 41a9cd07 (big blind) folded before Flop
Seat 2: Hero collected ($0.12)
Seat 3: 47620fec folded before Flop (didn't bet)
Seat 4: 92b04c3a folded before Flop (didn't bet)
Seat 5: acbefc68 (button) folded before Flop (didn't bet)
Seat 6: da3247e8 (small blind) folded before Flop


Poker Hand #HD1747346139: Hold'em No Limit ($0.02/$0.05) - 2024/04/26 13:46:25
Table 'NLHBlue12' 6-max Seat #4 is the button
Seat 2: Hero ($5.14 in chips)
Seat 3: 47620fec ($5.71 in chips)
Seat 4: 92b04c3a ($5.02 in chips)
Seat 5: acbefc68 ($5.81 in chips)
Seat 6: da3247e8 ($5.11 in chips)
acbefc68: posts small blind $0.02
da3247e8: posts big blind $0.05
*** HOLE CARDS ***
Dealt to Hero [Ah 8h]
Dealt to 47620fec 
Dealt to 92b04c3a 
Dealt to acbefc68 
Dealt to da3247e8 
Hero: raises $0.05 to $0.1
47620fec: raises $0.22 to $0.32
92b04c3a: folds
acbefc68: folds
da3247e8: folds
Hero: folds
Uncalled bet ($0.22) returned to 47620fec
*** SHOWDOWN ***
47620fec collected $0.26 from pot
*** SUMMARY ***
Total pot $0.27 | Rake $0.01 | Jackpot $0 | Bingo $0 | Fortune $0 | Tax $0
Seat 2: Hero folded before Flop
Seat 3: 47620fec collected ($0.26)
Seat 4: 92b04c3a (button) folded before Flop (didn't bet)
Seat 5: acbefc68 (small blind) folded before Flop
Seat 6: da3247e8 (big blind) folded before Flop


Poker Hand #HD1747346119: Hold'em No Limit ($0.02/$0.05) - 2024/04/26 13:46:11
Table 'NLHBlue12' 6-max Seat #3 is the button
Seat 2: Hero ($5.14 in chips)
Seat 3: 47620fec ($5.71 in chips)
Seat 4: 92b04c3a ($5 in chips)
Seat 5: acbefc68 ($5.79 in chips)
Seat 6: da3247e8 ($5.11 in chips)
92b04c3a: posts small blind $0.02
acbefc68: posts big blind $0.05
*** HOLE CARDS ***
Dealt to Hero [3h Tc]
Dealt to 47620fec 
Dealt to 92b04c3a 
Dealt to acbefc68 
Dealt to da3247e8 
da3247e8: folds
Hero: folds
47620fec: folds
92b04c3a: folds
Uncalled bet ($0.03) returned to acbefc68
*** SHOWDOWN ***
acbefc68 collected $0.04 from pot
*** SUMMARY ***
Total pot $0.04 | Rake $0 | Jackpot $0 | Bingo $0 | Fortune $0 | Tax $0
Seat 2: Hero folded before Flop (didn't bet)
Seat 3: 47620fec (button) folded before Flop (didn't bet)
Seat 4: 92b04c3a (small blind) folded before Flop
Seat 5: acbefc68 (big blind) collected ($0.04)
Seat 6: da3247e8 folded before Flop (didn't bet)


Poker Hand #HD1747346031: Hold'em No Limit ($0.02/$0.05) - 2024/04/26 13:45:15
Table 'NLHBlue12' 6-max Seat #2 is the button
Seat 2: Hero ($5.14 in chips)
Seat 3: 47620fec ($5.73 in chips)
Seat 4: 92b04c3a ($5 in chips)
Seat 5: acbefc68 ($5.79 in chips)
Seat 6: da3247e8 ($5.11 in chips)
47620fec: posts small blind $0.02
92b04c3a: posts big blind $0.05
*** HOLE CARDS ***
Dealt to Hero [9s 8c]
Dealt to 47620fec 
Dealt to 92b04c3a 
Dealt to acbefc68 
Dealt to da3247e8 
acbefc68: folds
da3247e8: folds
Hero: raises $0.07 to $0.12
47620fec: folds
92b04c3a: calls $0.07
*** FLOP *** [7d 9h Qc]
92b04c3a: checks
Hero: bets $0.1
92b04c3a: calls $0.1
*** TURN *** [7d 9h Qc] [4h]
92b04c3a: checks
Hero: checks
*** RIVER *** [7d 9h Qc 4h] [7c]
92b04c3a: checks
Hero: checks
92b04c3a: shows [Ts 9c] (Pair of Nines and Pair of Sevens)
Hero: shows [9s 8c] (Pair of Nines and Pair of Sevens)
*** SHOWDOWN ***
92b04c3a collected $0.22 from pot
Hero collected $0.22 from pot
*** SUMMARY ***
Total pot $0.46 | Rake $0.02 | Jackpot $0 | Bingo $0 | Fortune $0 | Tax $0
Board [7d 9h Qc 4h 7c]
Seat 2: Hero (button) showed [9s 8c] and won ($0.22) with Pair of Nines and Pair of Sevens
Seat 3: 47620fec (small blind) folded before Flop
Seat 4: 92b04c3a (big blind) showed [Ts 9c] and won ($0.22) with Pair of Nines and Pair of Sevens
Seat 5: acbefc68 folded before Flop (didn't bet)
Seat 6: da3247e8 folded before Flop (didn't bet)


Poker Hand #HD1747346016: Hold'em No Limit ($0.02/$0.05) - 2024/04/26 13:45:04
Table 'NLHBlue12' 6-max Seat #6 is the button
Seat 2: Hero ($5.16 in chips)
Seat 3: 47620fec ($5.71 in chips)
Seat 4: 92b04c3a ($5 in chips)
Seat 5: acbefc68 ($5.79 in chips)
Seat 6: da3247e8 ($5.11 in chips)
Hero: posts small blind $0.02
47620fec: posts big blind $0.05
*** HOLE CARDS ***
Dealt to Hero [6c 7s]
Dealt to 47620fec 
Dealt to 92b04c3a 
Dealt to acbefc68 
Dealt to da3247e8 
92b04c3a: folds
acbefc68: folds
da3247e8: folds
Hero: folds
Uncalled bet ($0.03) returned to 47620fec
*** SHOWDOWN ***
47620fec collected $0.04 from pot
*** SUMMARY ***
Total pot $0.04 | Rake $0 | Jackpot $0 | Bingo $0 | Fortune $0 | Tax $0
Seat 2: Hero (small blind) folded before Flop
Seat 3: 47620fec (big blind) collected ($0.04)
Seat 4: 92b04c3a folded before Flop (didn't bet)
Seat 5: acbefc68 folded before Flop (didn't bet)
Seat 6: da3247e8 (button) folded before Flop (didn't bet)


Poker Hand #HD1747345980: Hold'em No Limit ($0.02/$0.05) - 2024/04/26 13:44:46
Table 'NLHBlue12' 6-max Seat #5 is the button
Seat 2: Hero ($5.14 in chips)
Seat 3: 47620fec ($5.71 in chips)
Seat 4: 92b04c3a ($5 in chips)
Seat 5: acbefc68 ($5.79 in chips)
Seat 6: da3247e8 ($5.13 in chips)
da3247e8: posts small blind $0.02
Hero: posts big blind $0.05
*** HOLE CARDS ***
Dealt to Hero [7s Th]
Dealt to 47620fec 
Dealt to 92b04c3a 
Dealt to acbefc68 
Dealt to da3247e8 
47620fec: folds
92b04c3a: folds
acbefc68: folds
da3247e8: folds
Uncalled bet ($0.03) returned to Hero
*** SHOWDOWN ***
Hero collected $0.04 from pot
*** SUMMARY ***
Total pot $0.04 | Rake $0 | Jackpot $0 | Bingo $0 | Fortune $0 | Tax $0
Seat 2: Hero (big blind) collected ($0.04)
Seat 3: 47620fec folded before Flop (didn't bet)
Seat 4: 92b04c3a folded before Flop (didn't bet)
Seat 5: acbefc68 (button) folded before Flop (didn't bet)
Seat 6: da3247e8 (small blind) folded before Flop


Poker Hand #HD1747345947: Hold'em No Limit ($0.02/$0.05) - 2024/04/26 13:44:26
Table 'NLHBlue12' 6-max Seat #4 is the button
Seat 2: Hero ($5.07 in chips)
Seat 3: 47620fec ($5.71 in chips)
Seat 4: 92b04c3a ($5 in chips)
Seat 5: acbefc68 ($5.81 in chips)
Seat 6: da3247e8 ($5.18 in chips)
acbefc68: posts small blind $0.02
da3247e8: posts big blind $0.05
*** HOLE CARDS ***
Dealt to Hero [Jd Jh]
Dealt to 47620fec 
Dealt to 92b04c3a 
Dealt to acbefc68 
Dealt to da3247e8 
Hero: raises $0.05 to $0.1
47620fec: folds
92b04c3a: folds
acbefc68: folds
da3247e8: folds
Uncalled bet ($0.05) returned to Hero
*** SHOWDOWN ***
Hero collected $0.12 from pot
*** SUMMARY ***
Total pot $0.12 | Rake $0 | Jackpot $0 | Bingo $0 | Fortune $0 | Tax $0
Seat 2: Hero collected ($0.12)
Seat 3: 47620fec folded before Flop (didn't bet)
Seat 4: 92b04c3a (button) folded before Flop (didn't bet)
Seat 5: acbefc68 (small blind) folded before Flop
Seat 6: da3247e8 (big blind) folded before Flop


Poker Hand #HD1747345909: Hold'em No Limit ($0.02/$0.05) - 2024/04/26 13:44:01
Table 'NLHBlue12' 6-max Seat #3 is the button
Seat 2: Hero ($5.07 in chips)
Seat 3: 47620fec ($5.86 in chips)
Seat 4: 92b04c3a ($5 in chips)
Seat 5: acbefc68 ($5.65 in chips)
Seat 6: da3247e8 ($5.18 in chips)
92b04c3a: posts small blind $0.02
acbefc68: posts big blind $0.05
*** HOLE CARDS ***
Dealt to Hero [6h Jc]
Dealt to 47620fec 
Dealt to 92b04c3a 
Dealt to acbefc68 
Dealt to da3247e8 
da3247e8: folds
Hero: folds
47620fec: raises $0.1 to $0.15
92b04c3a: folds
acbefc68: raises $0.45 to $0.6
47620fec: folds
Uncalled bet ($0.45) returned to acbefc68
*** SHOWDOWN ***
acbefc68 collected $0.31 from pot
*** SUMMARY ***
Total pot $0.32 | Rake $0.01 | Jackpot $0 | Bingo $0 | Fortune $0 | Tax $0
Seat 2: Hero folded before Flop (didn't bet)
Seat 3: 47620fec (button) folded before Flop
Seat 4: 92b04c3a (small blind) folded before Flop
Seat 5: acbefc68 (big blind) collected ($0.31)
Seat 6: da3247e8 folded before Flop (didn't bet)


Poker Hand #HD1747345871: Hold'em No Limit ($0.02/$0.05) - 2024/04/26 13:43:37
Table 'NLHBlue12' 6-max Seat #2 is the button
Seat 2: Hero ($5.07 in chips)
Seat 3: 47620fec ($5.88 in chips)
Seat 4: 92b04c3a ($5 in chips)
Seat 5: acbefc68 ($5.78 in chips)
Seat 6: da3247e8 ($5 in chips)
47620fec: posts small blind $0.02
92b04c3a: posts big blind $0.05
*** HOLE CARDS ***
Dealt to Hero [5h 9s]
Dealt to 47620fec 
Dealt to 92b04c3a 
Dealt to acbefc68 
Dealt to da3247e8 
acbefc68: raises $0.08 to $0.13
da3247e8: raises $0.25 to $0.38
Hero: folds
47620fec: folds
92b04c3a: folds
acbefc68: folds
Uncalled bet ($0.25) returned to da3247e8
*** SHOWDOWN ***
da3247e8 collected $0.31 from pot
*** SUMMARY ***
Total pot $0.33 | Rake $0.02 | Jackpot $0 | Bingo $0 | Fortune $0 | Tax $0
Seat 2: Hero (button) folded before Flop (didn't bet)
Seat 3: 47620fec (small blind) folded before Flop
Seat 4: 92b04c3a (big blind) folded before Flop
Seat 5: acbefc68 folded before Flop
Seat 6: da3247e8 collected ($0.31)


Poker Hand #HD1747345784: Hold'em No Limit ($0.02/$0.05) - 2024/04/26 13:42:47
Table 'NLHBlue12' 6-max Seat #6 is the button
Seat 2: Hero ($5.09 in chips)
Seat 3: 47620fec ($5.48 in chips)
Seat 4: 92b04c3a ($5 in chips)
Seat 5: acbefc68 ($5.78 in chips)
Seat 6: da3247e8 ($5.24 in chips)
Hero: posts small blind $0.02
47620fec: posts big blind $0.05
*** HOLE CARDS ***
Dealt to Hero [6c Tc]
Dealt to 47620fec 
Dealt to 92b04c3a 
Dealt to acbefc68 
Dealt to da3247e8 
92b04c3a: folds
acbefc68: folds
da3247e8: raises $0.08 to $0.13
Hero: folds
47620fec: raises $0.29 to $0.42
da3247e8: calls $0.29
*** FLOP *** [4s Kh 6h]
47620fec: bets $0.3
da3247e8: folds
Uncalled bet ($0.3) returned to 47620fec
*** SHOWDOWN ***
47620fec collected $0.82 from pot
*** SUMMARY ***
Total pot $0.86 | Rake $0.04 | Jackpot $0 | Bingo $0 | Fortune $0 | Tax $0
Board [4s Kh 6h]
Seat 2: Hero (small blind) folded before Flop
Seat 3: 47620fec (big blind) won ($0.82)
Seat 4: 92b04c3a folded before Flop (didn't bet)
Seat 5: acbefc68 folded before Flop (didn't bet)
Seat 6: da3247e8 (button) folded on the Flop


Poker Hand #HD1747345755: Hold'em No Limit ($0.02/$0.05) - 2024/04/26 13:42:26
Table 'NLHBlue12' 6-max Seat #5 is the button
Seat 2: Hero ($5.07 in chips)
Seat 3: 47620fec ($5.48 in chips)
Seat 4: 92b04c3a ($5 in chips)
Seat 5: acbefc68 ($5.78 in chips)
Seat 6: da3247e8 ($5.26 in chips)
da3247e8: posts small blind $0.02
Hero: posts big blind $0.05
*** HOLE CARDS ***
Dealt to Hero [5d Td]
Dealt to 47620fec 
Dealt to 92b04c3a 
Dealt to acbefc68 
Dealt to da3247e8 
47620fec: folds
92b04c3a: folds
acbefc68: folds
da3247e8: folds
Uncalled bet ($0.03) returned to Hero
*** SHOWDOWN ***
Hero collected $0.04 from pot
*** SUMMARY ***
Total pot $0.04 | Rake $0 | Jackpot $0 | Bingo $0 | Fortune $0 | Tax $0
Seat 2: Hero (big blind) collected ($0.04)
Seat 3: 47620fec folded before Flop (didn't bet)
Seat 4: 92b04c3a folded before Flop (didn't bet)
Seat 5: acbefc68 (button) folded before Flop (didn't bet)
Seat 6: da3247e8 (small blind) folded before Flop


Poker Hand #HD1747345698: Hold'em No Limit ($0.02/$0.05) - 2024/04/26 13:41:56
Table 'NLHBlue12' 6-max Seat #4 is the button
Seat 2: Hero ($5.07 in chips)
Seat 3: 47620fec ($5.48 in chips)
Seat 4: 92b04c3a ($5 in chips)
Seat 5: acbefc68 ($5.64 in chips)
Seat 6: da3247e8 ($5.31 in chips)
acbefc68: posts small blind $0.02
da3247e8: posts big blind $0.05
*** HOLE CARDS ***
Dealt to Hero [7s Jc]
Dealt to 47620fec 
Dealt to 92b04c3a 
Dealt to acbefc68 
Dealt to da3247e8 
Hero: folds
47620fec: folds
92b04c3a: raises $0.05 to $0.1
acbefc68: raises $0.45 to $0.55
da3247e8: folds
92b04c3a: folds
Uncalled bet ($0.45) returned to acbefc68
*** SHOWDOWN ***
acbefc68 collected $0.24 from pot
*** SUMMARY ***
Total pot $0.25 | Rake $0.01 | Jackpot $0 | Bingo $0 | Fortune $0 | Tax $0
Seat 2: Hero folded before Flop (didn't bet)
Seat 3: 47620fec folded before Flop (didn't bet)
Seat 4: 92b04c3a (button) folded before Flop
Seat 5: acbefc68 (small blind) collected ($0.24)
Seat 6: da3247e8 (big blind) folded before Flop


Poker Hand #HD1747345665: Hold'em No Limit ($0.02/$0.05) - 2024/04/26 13:41:38
Table 'NLHBlue12' 6-max Seat #3 is the button
Seat 2: Hero ($5 in chips)
Seat 3: 47620fec ($5.48 in chips)
Seat 4: 92b04c3a ($5 in chips)
Seat 5: acbefc68 ($5.69 in chips)
Seat 6: da3247e8 ($5.31 in chips)
92b04c3a: posts small blind $0.02
acbefc68: posts big blind $0.05
*** HOLE CARDS ***
Dealt to Hero [2h Ah]
Dealt to 47620fec 
Dealt to 92b04c3a 
Dealt to acbefc68 
Dealt to da3247e8 
da3247e8: folds
Hero: raises $0.07 to $0.12
47620fec: folds
92b04c3a: folds
acbefc68: folds
Uncalled bet ($0.07) returned to Hero
*** SHOWDOWN ***
Hero collected $0.12 from pot
*** SUMMARY ***
Total pot $0.12 | Rake $0 | Jackpot $0 | Bingo $0 | Fortune $0 | Tax $0
Seat 2: Hero collected ($0.12)
Seat 3: 47620fec (button) folded before Flop (didn't bet)
Seat 4: 92b04c3a (small blind) folded before Flop
Seat 5: acbefc68 (big blind) folded before Flop
Seat 6: da3247e8 folded before Flop (didn't bet)


Poker Hand #HD1747175637: Hold'em No Limit ($0.02/$0.05) - 2024/04/26 13:41:22
Table 'NLHBlue12' 6-max Seat #2 is the button
Seat 2: Hero ($5 in chips)
Seat 3: 47620fec ($5.43 in chips)
Seat 4: 92b04c3a ($5 in chips)
Seat 5: acbefc68 ($5.69 in chips)
Seat 6: da3247e8 ($5.31 in chips)
47620fec: posts small blind $0.02
92b04c3a: posts big blind $0.05
*** HOLE CARDS ***
Dealt to Hero [9s 4s]
Dealt to 47620fec 
Dealt to 92b04c3a 
Dealt to acbefc68 
Dealt to da3247e8 
acbefc68: folds
da3247e8: folds
Hero: folds
47620fec: raises $0.15 to $0.2
92b04c3a: folds
Uncalled bet ($0.15) returned to 47620fec
*** SHOWDOWN ***
47620fec collected $0.1 from pot
*** SUMMARY ***
Total pot $0.1 | Rake $0 | Jackpot $0 | Bingo $0 | Fortune $0 | Tax $0
Seat 2: Hero (button) folded before Flop (didn't bet)
Seat 3: 47620fec (small blind) collected ($0.1)
Seat 4: 92b04c3a (big blind) folded before Flop
Seat 5: acbefc68 folded before Flop (didn't bet)
Seat 6: da3247e8 folded before Flop (didn't bet)


Poker Hand #HD1747175604: Hold'em No Limit ($0.02/$0.05) - 2024/04/26 13:41:01
Table 'NLHBlue12' 6-max Seat #6 is the button
Seat 2: Hero ($5.02 in chips)
Seat 3: 47620fec ($5.41 in chips)
Seat 4: 92b04c3a ($5 in chips)
Seat 5: acbefc68 ($5.69 in chips)
Seat 6: da3247e8 ($5.31 in chips)
Hero: posts small blind $0.02
47620fec: posts big blind $0.05
*** HOLE CARDS ***
Dealt to Hero [2h 9s]
Dealt to 47620fec 
Dealt to 92b04c3a 
Dealt to acbefc68 
Dealt to da3247e8 
92b04c3a: folds
acbefc68: folds
da3247e8: folds
Hero: folds
Uncalled bet ($0.03) returned to 47620fec
*** SHOWDOWN ***
47620fec collected $0.04 from pot
*** SUMMARY ***
Total pot $0.04 | Rake $0 | Jackpot $0 | Bingo $0 | Fortune $0 | Tax $0
Seat 2: Hero (small blind) folded before Flop
Seat 3: 47620fec (big blind) collected ($0.04)
Seat 4: 92b04c3a folded before Flop (didn't bet)
Seat 5: acbefc68 folded before Flop (didn't bet)
Seat 6: da3247e8 (button) folded before Flop (didn't bet)


Poker Hand #HD1747175579: Hold'em No Limit ($0.02/$0.05) - 2024/04/26 13:40:46
Table 'NLHBlue12' 6-max Seat #5 is the button
Seat 2: Hero ($5 in chips)
Seat 3: 47620fec ($5.41 in chips)
Seat 4: 92b04c3a ($5 in chips)
Seat 5: acbefc68 ($5.69 in chips)
Seat 6: da3247e8 ($5.33 in chips)
da3247e8: posts small blind $0.02
Hero: posts big blind $0.05
*** HOLE CARDS ***
Dealt to Hero [3h Ks]
Dealt to 47620fec 
Dealt to 92b04c3a 
Dealt to acbefc68 
Dealt to da3247e8 
47620fec: folds
92b04c3a: folds
acbefc68: folds
da3247e8: folds
Uncalled bet ($0.03) returned to Hero
*** SHOWDOWN ***
Hero collected $0.04 from pot
*** SUMMARY ***
Total pot $0.04 | Rake $0 | Jackpot $0 | Bingo $0 | Fortune $0 | Tax $0
Seat 2: Hero (big blind) collected ($0.04)
Seat 3: 47620fec folded before Flop (didn't bet)
Seat 4: 92b04c3a folded before Flop (didn't bet)
Seat 5: acbefc68 (button) folded before Flop (didn't bet)
Seat 6: da3247e8 (small blind) folded before Flop


Poker Hand #HD1747175538: Hold'em No Limit ($0.02/$0.05) - 2024/04/26 13:40:22
Table 'NLHBlue12' 6-max Seat #4 is the button
Seat 2: Hero ($5 in chips)
Seat 3: 47620fec ($5.41 in chips)
Seat 4: 92b04c3a ($5 in chips)
Seat 5: acbefc68 ($5.64 in chips)
Seat 6: da3247e8 ($5.38 in chips)
acbefc68: posts small blind $0.02
da3247e8: posts big blind $0.05
*** HOLE CARDS ***
Dealt to Hero [Jc 2c]
Dealt to 47620fec 
Dealt to 92b04c3a 
Dealt to acbefc68 
Dealt to da3247e8 
Hero: folds
47620fec: folds
92b04c3a: folds
acbefc68: raises $0.1 to $0.15
da3247e8: folds
Uncalled bet ($0.1) returned to acbefc68
*** SHOWDOWN ***
acbefc68 collected $0.1 from pot
*** SUMMARY ***
Total pot $0.1 | Rake $0 | Jackpot $0 | Bingo $0 | Fortune $0 | Tax $0
Seat 2: Hero folded before Flop (didn't bet)
Seat 3: 47620fec folded before Flop (didn't bet)
Seat 4: 92b04c3a (button) folded before Flop (didn't bet)
Seat 5: acbefc68 (small blind) collected ($0.1)
Seat 6: da3247e8 (big blind) folded before Flop


Poker Hand #HD1747175511: Hold'em No Limit ($0.02/$0.05) - 2024/04/26 13:40:05
Table 'NLHBlue12' 6-max Seat #3 is the button
Seat 2: Hero ($5 in chips)
Seat 3: 47620fec ($5.41 in chips)
Seat 4: 92b04c3a ($5.02 in chips)
Seat 5: acbefc68 ($5.69 in chips)
Seat 6: da3247e8 ($5.31 in chips)
92b04c3a: posts small blind $0.02
acbefc68: posts big blind $0.05
*** HOLE CARDS ***
Dealt to Hero [Kd 2c]
Dealt to 47620fec 
Dealt to 92b04c3a 
Dealt to acbefc68 
Dealt to da3247e8 
da3247e8: raises $0.06 to $0.11
Hero: folds
47620fec: folds
92b04c3a: folds
acbefc68: folds
Uncalled bet ($0.06) returned to da3247e8
*** SHOWDOWN ***
da3247e8 collected $0.12 from pot
*** SUMMARY ***
Total pot $0.12 | Rake $0 | Jackpot $0 | Bingo $0 | Fortune $0 | Tax $0
Seat 2: Hero folded before Flop (didn't bet)
Seat 3: 47620fec (button) folded before Flop (didn't bet)
Seat 4: 92b04c3a (small blind) folded before Flop
Seat 5: acbefc68 (big blind) folded before Flop
Seat 6: da3247e8 collected ($0.12)


Poker Hand #HD1747175404: Hold'em No Limit ($0.02/$0.05) - 2024/04/26 13:38:59
Table 'NLHBlue12' 6-max Seat #2 is the button
Seat 1: 38111966 ($5.57 in chips)
Seat 2: Hero ($5.26 in chips)
Seat 3: 47620fec ($4.86 in chips)
Seat 4: 92b04c3a ($5.07 in chips)
Seat 5: acbefc68 ($5.69 in chips)
Seat 6: da3247e8 ($5.31 in chips)
47620fec: posts small blind $0.02
92b04c3a: posts big blind $0.05
*** HOLE CARDS ***
Dealt to 38111966 
Dealt to Hero [Js Qs]
Dealt to 47620fec 
Dealt to 92b04c3a 
Dealt to acbefc68 
Dealt to da3247e8 
acbefc68: folds
da3247e8: folds
38111966: calls $0.05
Hero: raises $0.12 to $0.17
47620fec: calls $0.15
92b04c3a: folds
38111966: calls $0.12
*** FLOP *** [9d 8h 6h]
47620fec: bets $0.2
38111966: folds
Hero: calls $0.2
*** TURN *** [9d 8h 6h] [2d]
47620fec: bets $0.74
Hero: folds
Uncalled bet ($0.74) returned to 47620fec
*** SHOWDOWN ***
47620fec collected $0.92 from pot
*** SUMMARY ***
Total pot $0.96 | Rake $0.04 | Jackpot $0 | Bingo $0 | Fortune $0 | Tax $0
Board [9d 8h 6h 2d]
Seat 1: 38111966 folded on the Flop
Seat 2: Hero (button) folded on the Turn
Seat 3: 47620fec (small blind) won ($0.92)
Seat 4: 92b04c3a (big blind) folded before Flop
Seat 5: acbefc68 folded before Flop (didn't bet)
Seat 6: da3247e8 folded before Flop (didn't bet)


Poker Hand #HD1747175386: Hold'em No Limit ($0.02/$0.05) - 2024/04/26 13:38:47
Table 'NLHBlue12' 6-max Seat #1 is the button
Seat 1: 38111966 ($5.57 in chips)
Seat 2: Hero ($5.28 in chips)
Seat 3: 47620fec ($4.84 in chips)
Seat 4: 92b04c3a ($5.07 in chips)
Seat 5: acbefc68 ($5.69 in chips)
Seat 6: da3247e8 ($5.31 in chips)
Hero: posts small blind $0.02
47620fec: posts big blind $0.05
*** HOLE CARDS ***
Dealt to 38111966 
Dealt to Hero [3c 5c]
Dealt to 47620fec 
Dealt to 92b04c3a 
Dealt to acbefc68 
Dealt to da3247e8 
92b04c3a: folds
acbefc68: folds
da3247e8: folds
38111966: folds
Hero: folds
Uncalled bet ($0.03) returned to 47620fec
*** SHOWDOWN ***
47620fec collected $0.04 from pot
*** SUMMARY ***
Total pot $0.04 | Rake $0 | Jackpot $0 | Bingo $0 | Fortune $0 | Tax $0
Seat 1: 38111966 (button) folded before Flop (didn't bet)
Seat 2: Hero (small blind) folded before Flop
Seat 3: 47620fec (big blind) collected ($0.04)
Seat 4: 92b04c3a folded before Flop (didn't bet)
Seat 5: acbefc68 folded before Flop (didn't bet)
Seat 6: da3247e8 folded before Flop (didn't bet)


Poker Hand #HD1747175316: Hold'em No Limit ($0.02/$0.05) - 2024/04/26 13:37:59
Table 'NLHBlue12' 6-max Seat #6 is the button
Seat 1: 38111966 ($5.67 in chips)
Seat 2: Hero ($5 in chips)
Seat 3: 47620fec ($4.84 in chips)
Seat 4: 92b04c3a ($5.07 in chips)
Seat 5: acbefc68 ($5.89 in chips)
Seat 6: da3247e8 ($5.31 in chips)
38111966: posts small blind $0.02
Hero: posts big blind $0.05
*** HOLE CARDS ***
Dealt to 38111966 
Dealt to Hero [7c 9c]
Dealt to 47620fec 
Dealt to 92b04c3a 
Dealt to acbefc68 
Dealt to da3247e8 
47620fec: folds
92b04c3a: folds
acbefc68: raises $0.05 to $0.1
da3247e8: folds
38111966: calls $0.08
Hero: calls $0.05
*** FLOP *** [Tc Kc 7s]
38111966: checks
Hero: checks
acbefc68: bets $0.1
38111966: folds
Hero: raises $0.33 to $0.43
acbefc68: folds
Uncalled bet ($0.33) returned to Hero
*** SHOWDOWN ***
Hero collected $0.48 from pot
*** SUMMARY ***
Total pot $0.5 | Rake $0.02 | Jackpot $0 | Bingo $0 | Fortune $0 | Tax $0
Board [Tc Kc 7s]
Seat 1: 38111966 (small blind) folded on the Flop
Seat 2: Hero (big blind) won ($0.48)
Seat 3: 47620fec folded before Flop (didn't bet)
Seat 4: 92b04c3a folded before Flop (didn't bet)
Seat 5: acbefc68 folded on the Flop
Seat 6: da3247e8 (button) folded before Flop (didn't bet)


Poker Hand #HD1747175180: Hold'em No Limit ($0.02/$0.05) - 2024/04/26 13:36:43
Table 'NLHBlue12' 6-max Seat #5 is the button
Seat 1: 38111966 ($5.77 in chips)
Seat 2: Hero ($5 in chips)
Seat 3: 47620fec ($4.84 in chips)
Seat 4: 92b04c3a ($5.17 in chips)
Seat 5: acbefc68 ($5.89 in chips)
Seat 6: da3247e8 ($5.12 in chips)
da3247e8: posts small blind $0.02
38111966: posts big blind $0.05
*** HOLE CARDS ***
Dealt to 38111966 
Dealt to Hero [Ah Td]
Dealt to 47620fec 
Dealt to 92b04c3a 
Dealt to acbefc68 
Dealt to da3247e8 
Hero: folds
47620fec: folds
92b04c3a: raises $0.05 to $0.1
acbefc68: folds
da3247e8: calls $0.08
38111966: calls $0.05
*** FLOP *** [5s 2c Kh]
da3247e8: checks
38111966: checks
92b04c3a: checks
*** TURN *** [5s 2c Kh] [8h]
da3247e8: checks
38111966: checks
92b04c3a: checks
*** RIVER *** [5s 2c Kh 8h] [7s]
da3247e8: checks
38111966: checks
92b04c3a: checks
da3247e8: shows [4h 4c] (Pair of Fours)
38111966: shows [As Tc] (Ace-High)
92b04c3a: shows [2d Ac] (Pair of Twos)
*** SHOWDOWN ***
da3247e8 collected $0.29 from pot
*** SUMMARY ***
Total pot $0.3 | Rake $0.01 | Jackpot $0 | Bingo $0 | Fortune $0 | Tax $0
Board [5s 2c Kh 8h 7s]
Seat 1: 38111966 (big blind) showed [As Tc] and lost with Ace-High
Seat 2: Hero folded before Flop (didn't bet)
Seat 3: 47620fec folded before Flop (didn't bet)
Seat 4: 92b04c3a showed [2d Ac] and lost with Pair of Twos
Seat 5: acbefc68 (button) folded before Flop (didn't bet)
Seat 6: da3247e8 (small blind) showed [4h 4c] and won ($0.29) with Pair of Fours


Poker Hand #HD1747175154: Hold'em No Limit ($0.02/$0.05) - 2024/04/26 13:36:28
Table 'NLHBlue12' 6-max Seat #4 is the button
Seat 1: 38111966 ($5.77 in chips)
Seat 2: Hero ($5 in chips)
Seat 3: 47620fec ($4.84 in chips)
Seat 4: 92b04c3a ($5.1 in chips)
Seat 5: acbefc68 ($5.91 in chips)
Seat 6: da3247e8 ($5.17 in chips)
acbefc68: posts small blind $0.02
da3247e8: posts big blind $0.05
*** HOLE CARDS ***
Dealt to 38111966 
Dealt to Hero [4s 9s]
Dealt to 47620fec 
Dealt to 92b04c3a 
Dealt to acbefc68 
Dealt to da3247e8 
38111966: folds
Hero: folds
47620fec: folds
92b04c3a: raises $0.05 to $0.1
acbefc68: folds
da3247e8: folds
Uncalled bet ($0.05) returned to 92b04c3a
*** SHOWDOWN ***
92b04c3a collected $0.12 from pot
*** SUMMARY ***
Total pot $0.12 | Rake $0 | Jackpot $0 | Bingo $0 | Fortune $0 | Tax $0
Seat 1: 38111966 folded before Flop (didn't bet)
Seat 2: Hero folded before Flop (didn't bet)
Seat 3: 47620fec folded before Flop (didn't bet)
Seat 4: 92b04c3a (button) collected ($0.12)
Seat 5: acbefc68 (small blind) folded before Flop
Seat 6: da3247e8 (big blind) folded before Flop


Poker Hand #HD1747175122: Hold'em No Limit ($0.02/$0.05) - 2024/04/26 13:36:05
Table 'NLHBlue12' 6-max Seat #3 is the button
Seat 1: 38111966 ($5.77 in chips)
Seat 2: Hero ($5 in chips)
Seat 3: 47620fec ($4.84 in chips)
Seat 4: 92b04c3a ($5.12 in chips)
Seat 5: acbefc68 ($5.89 in chips)
Seat 6: da3247e8 ($5.17 in chips)
92b04c3a: posts small blind $0.02
acbefc68: posts big blind $0.05
*** HOLE CARDS ***
Dealt to 38111966 
Dealt to Hero [9c 5c]
Dealt to 47620fec 
Dealt to 92b04c3a 
Dealt to acbefc68 
Dealt to da3247e8 
da3247e8: folds
38111966: folds
Hero: folds
47620fec: folds
92b04c3a: folds
Uncalled bet ($0.03) returned to acbefc68
*** SHOWDOWN ***
acbefc68 collected $0.04 from pot
*** SUMMARY ***
Total pot $0.04 | Rake $0 | Jackpot $0 | Bingo $0 | Fortune $0 | Tax $0
Seat 1: 38111966 folded before Flop (didn't bet)
Seat 2: Hero folded before Flop (didn't bet)
Seat 3: 47620fec (button) folded before Flop (didn't bet)
Seat 4: 92b04c3a (small blind) folded before Flop
Seat 5: acbefc68 (big blind) collected ($0.04)
Seat 6: da3247e8 folded before Flop (didn't bet)


Poker Hand #HD1747175044: Hold'em No Limit ($0.02/$0.05) - 2024/04/26 13:35:18
Table 'NLHBlue12' 6-max Seat #2 is the button
Seat 1: 38111966 ($5.16 in chips)
Seat 2: Hero ($5 in chips)
Seat 3: 47620fec ($4.86 in chips)
Seat 4: 92b04c3a ($5.77 in chips)
Seat 5: acbefc68 ($5.89 in chips)
Seat 6: da3247e8 ($5.17 in chips)
47620fec: posts small blind $0.02
92b04c3a: posts big blind $0.05
*** HOLE CARDS ***
Dealt to 38111966 
Dealt to Hero [5s 3h]
Dealt to 47620fec 
Dealt to 92b04c3a 
Dealt to acbefc68 
Dealt to da3247e8 
acbefc68: folds
da3247e8: folds
38111966: calls $0.05
Hero: folds
47620fec: folds
92b04c3a: checks
*** FLOP *** [7s 7c 6c]
92b04c3a: checks
38111966: checks
*** TURN *** [7s 7c 6c] [8h]
92b04c3a: bets $0.05
38111966: raises $0.11 to $0.16
92b04c3a: calls $0.11
*** RIVER *** [7s 7c 6c 8h] [6s]
92b04c3a: checks
38111966: bets $0.44
92b04c3a: calls $0.44
38111966: shows [7d 8c] (Sevens Full over Eights)
92b04c3a: shows [Qh 6d] (Sixes Full over Sevens)
*** SHOWDOWN ***
38111966 collected $1.26 from pot
*** SUMMARY ***
Total pot $1.32 | Rake $0.06 | Jackpot $0 | Bingo $0 | Fortune $0 | Tax $0
Board [7s 7c 6c 8h 6s]
Seat 1: 38111966 showed [7d 8c] and won ($1.26) with Sevens Full over Eights
Seat 2: Hero (button) folded before Flop (didn't bet)
Seat 3: 47620fec (small blind) folded before Flop
Seat 4: 92b04c3a (big blind) showed [Qh 6d] and lost with Sixes Full over Sevens
Seat 5: acbefc68 folded before Flop (didn't bet)
Seat 6: da3247e8 folded before Flop (didn't bet)


Poker Hand #HD1747175020: Hold'em No Limit ($0.02/$0.05) - 2024/04/26 13:35:06
Table 'NLHBlue12' 6-max Seat #1 is the button
Seat 1: 38111966 ($5.16 in chips)
Seat 2: Hero ($5.02 in chips)
Seat 3: 47620fec ($4.84 in chips)
Seat 4: 92b04c3a ($5.77 in chips)
Seat 5: acbefc68 ($5.89 in chips)
Seat 6: da3247e8 ($5.17 in chips)
Hero: posts small blind $0.02
47620fec: posts big blind $0.05
*** HOLE CARDS ***
Dealt to 38111966 
Dealt to Hero [Ts Jh]
Dealt to 47620fec 
Dealt to 92b04c3a 
Dealt to acbefc68 
Dealt to da3247e8 
92b04c3a: folds
acbefc68: folds
da3247e8: folds
38111966: folds
Hero: folds
Uncalled bet ($0.03) returned to 47620fec
*** SHOWDOWN ***
47620fec collected $0.04 from pot
*** SUMMARY ***
Total pot $0.04 | Rake $0 | Jackpot $0 | Bingo $0 | Fortune $0 | Tax $0
Seat 1: 38111966 (button) folded before Flop (didn't bet)
Seat 2: Hero (small blind) folded before Flop
Seat 3: 47620fec (big blind) collected ($0.04)
Seat 4: 92b04c3a folded before Flop (didn't bet)
Seat 5: acbefc68 folded before Flop (didn't bet)
Seat 6: da3247e8 folded before Flop (didn't bet)


Poker Hand #HD1747174968: Hold'em No Limit ($0.02/$0.05) - 2024/04/26 13:34:28
Table 'NLHBlue12' 6-max Seat #6 is the button
Seat 1: 38111966 ($5.18 in chips)
Seat 2: Hero ($5.07 in chips)
Seat 3: 47620fec ($4.84 in chips)
Seat 4: 92b04c3a ($5.77 in chips)
Seat 5: acbefc68 ($6 in chips)
Seat 6: da3247e8 ($5 in chips)
38111966: posts small blind $0.02
Hero: posts big blind $0.05
*** HOLE CARDS ***
Dealt to 38111966 
Dealt to Hero [7d 2d]
Dealt to 47620fec 
Dealt to 92b04c3a 
Dealt to acbefc68 
Dealt to da3247e8 
47620fec: folds
92b04c3a: folds
acbefc68: raises $0.06 to $0.11
da3247e8: raises $0.22 to $0.33
38111966: folds
Hero: folds
acbefc68: folds
Uncalled bet ($0.22) returned to da3247e8
*** SHOWDOWN ***
da3247e8 collected $0.28 from pot
*** SUMMARY ***
Total pot $0.29 | Rake $0.01 | Jackpot $0 | Bingo $0 | Fortune $0 | Tax $0
Seat 1: 38111966 (small blind) folded before Flop
Seat 2: Hero (big blind) folded before Flop
Seat 3: 47620fec folded before Flop (didn't bet)
Seat 4: 92b04c3a folded before Flop (didn't bet)
Seat 5: acbefc68 folded before Flop
Seat 6: da3247e8 (button) collected ($0.28)


Poker Hand #HD1747174866: Hold'em No Limit ($0.02/$0.05) - 2024/04/26 13:33:29
Table 'NLHBlue12' 6-max Seat #5 is the button
Seat 1: 38111966 ($5.36 in chips)
Seat 2: Hero ($5.07 in chips)
Seat 3: 47620fec ($4.84 in chips)
Seat 5: acbefc68 ($5.81 in chips)
Seat 6: da3247e8 ($5 in chips)
da3247e8: posts small blind $0.02
38111966: posts big blind $0.05
*** HOLE CARDS ***
Dealt to 38111966 
Dealt to Hero [5c 5h]
Dealt to 47620fec 
Dealt to acbefc68 
Dealt to da3247e8 
Hero: folds
47620fec: folds
acbefc68: raises $0.05 to $0.1
da3247e8: folds
38111966: calls $0.05
*** FLOP *** [Js 4c Jd]
38111966: checks
acbefc68: bets $0.08
38111966: calls $0.08
*** TURN *** [Js 4c Jd] [9d]
38111966: checks
acbefc68: checks
*** RIVER *** [Js 4c Jd 9d] [2s]
38111966: checks
acbefc68: checks
38111966: shows [7h Kc] (Pair of Jacks)
acbefc68: shows [8h Ad] (Pair of Jacks)
*** SHOWDOWN ***
acbefc68 collected $0.37 from pot
*** SUMMARY ***
Total pot $0.38 | Rake $0.01 | Jackpot $0 | Bingo $0 | Fortune $0 | Tax $0
Board [Js 4c Jd 9d 2s]
Seat 1: 38111966 (big blind) showed [7h Kc] and lost with Pair of Jacks
Seat 2: Hero folded before Flop (didn't bet)
Seat 3: 47620fec folded before Flop (didn't bet)
Seat 5: acbefc68 (button) showed [8h Ad] and won ($0.37) with Pair of Jacks
Seat 6: da3247e8 (small blind) folded before Flop


Poker Hand #HD1747174801: Hold'em No Limit ($0.02/$0.05) - 2024/04/26 13:32:50
Table 'NLHBlue12' 6-max Seat #3 is the button
Seat 1: 38111966 ($5 in chips)
Seat 2: Hero ($5.07 in chips)
Seat 3: 47620fec ($4.84 in chips)
Seat 4: 92b04c3a ($5.79 in chips)
Seat 5: acbefc68 ($6.18 in chips)
Seat 6: da3247e8 ($5 in chips)
92b04c3a: posts small blind $0.02
acbefc68: posts big blind $0.05
38111966: posts big blind $0.05
*** HOLE CARDS ***
Dealt to 38111966 
Dealt to Hero [5c 9h]
Dealt to 47620fec 
Dealt to 92b04c3a 
Dealt to acbefc68 
Dealt to da3247e8 
da3247e8: folds
38111966: checks
Hero: folds
47620fec: folds
92b04c3a: folds
acbefc68: checks
*** FLOP *** [Jc Js 4c]
acbefc68: checks
38111966: checks
*** TURN *** [Jc Js 4c] [Ks]
acbefc68: bets $0.09
38111966: calls $0.09
*** RIVER *** [Jc Js 4c Ks] [4h]
acbefc68: bets $0.23
38111966: calls $0.23
acbefc68: shows [Qh 3d] (Pair of Jacks and Pair of Fours)
38111966: shows [6h Ac] (Pair of Jacks and Pair of Fours)
*** SHOWDOWN ***
38111966 collected $0.73 from pot
*** SUMMARY ***
Total pot $0.76 | Rake $0.03 | Jackpot $0 | Bingo $0 | Fortune $0 | Tax $0
Board [Jc Js 4c Ks 4h]
Seat 1: 38111966 showed [6h Ac] and won ($0.73) with Pair of Jacks and Pair of Fours
Seat 2: Hero folded before Flop (didn't bet)
Seat 3: 47620fec (button) folded before Flop (didn't bet)
Seat 4: 92b04c3a (small blind) folded before Flop
Seat 5: acbefc68 (big blind) showed [Qh 3d] and lost with Pair of Jacks and Pair of Fours
Seat 6: da3247e8 folded before Flop (didn't bet)


Poker Hand #HD1747174677: Hold'em No Limit ($0.02/$0.05) - 2024/04/26 13:31:34
Table 'NLHBlue12' 6-max Seat #2 is the button
Seat 1: 2bc7109c ($5 in chips)
Seat 2: Hero ($5.07 in chips)
Seat 3: 47620fec ($4.88 in chips)
Seat 4: 92b04c3a ($5.84 in chips)
Seat 5: acbefc68 ($6.18 in chips)
Seat 6: da3247e8 ($5 in chips)
47620fec: posts small blind $0.02
92b04c3a: posts big blind $0.05
*** HOLE CARDS ***
Dealt to 2bc7109c 
Dealt to Hero [8s 3c]
Dealt to 47620fec 
Dealt to 92b04c3a 
Dealt to acbefc68 
Dealt to da3247e8 
acbefc68: folds
da3247e8: raises $0.06 to $0.11
2bc7109c: folds
Hero: folds
47620fec: calls $0.09
92b04c3a: folds
*** FLOP *** [4c Qd Ks]
47620fec: checks
da3247e8: bets $0.1
47620fec: calls $0.1
*** TURN *** [4c Qd Ks] [Ah]
47620fec: checks
da3247e8: bets $0.36
47620fec: calls $0.36
*** RIVER *** [4c Qd Ks Ah] [Qs]
47620fec: checks
da3247e8: bets $0.35
47620fec: calls $0.35
da3247e8: shows [Ad Jc] (Pair of Aces and Pair of Queens)
47620fec: shows [As 7s] (Pair of Aces and Pair of Queens)
*** SHOWDOWN ***
47620fec collected $0.88 from pot
da3247e8 collected $0.87 from pot
*** SUMMARY ***
Total pot $1.89 | Rake $0.09 | Jackpot $0.05 | Bingo $0 | Fortune $0 | Tax $0
Board [4c Qd Ks Ah Qs]
Seat 1: 2bc7109c folded before Flop (didn't bet)
Seat 2: Hero (button) folded before Flop (didn't bet)
Seat 3: 47620fec (small blind) showed [As 7s] and won ($0.88) with Pair of Aces and Pair of Queens
Seat 4: 92b04c3a (big blind) folded before Flop
Seat 5: acbefc68 folded before Flop (didn't bet)
Seat 6: da3247e8 showed [Ad Jc] and won ($0.87) with Pair of Aces and Pair of Queens


Poker Hand #HD1747174614: Hold'em No Limit ($0.02/$0.05) - 2024/04/26 13:30:55
Table 'NLHBlue12' 6-max Seat #1 is the button
Seat 1: 2bc7109c ($5 in chips)
Seat 2: Hero ($5.09 in chips)
Seat 3: 47620fec ($4.93 in chips)
Seat 4: 92b04c3a ($5.84 in chips)
Seat 5: acbefc68 ($6.11 in chips)
Seat 6: da3247e8 ($5 in chips)
Hero: posts small blind $0.02
47620fec: posts big blind $0.05
*** HOLE CARDS ***
Dealt to 2bc7109c 
Dealt to Hero [3s 6d]
Dealt to 47620fec 
Dealt to 92b04c3a 
Dealt to acbefc68 
Dealt to da3247e8 
92b04c3a: folds
acbefc68: raises $0.07 to $0.12
da3247e8: folds
2bc7109c: folds
Hero: folds
47620fec: folds
Uncalled bet ($0.07) returned to acbefc68
*** SHOWDOWN ***
acbefc68 collected $0.12 from pot
*** SUMMARY ***
Total pot $0.12 | Rake $0 | Jackpot $0 | Bingo $0 | Fortune $0 | Tax $0
Seat 1: 2bc7109c (button) folded before Flop (didn't bet)
Seat 2: Hero (small blind) folded before Flop
Seat 3: 47620fec (big blind) folded before Flop
Seat 4: 92b04c3a folded before Flop (didn't bet)
Seat 5: acbefc68 collected ($0.12)
Seat 6: da3247e8 folded before Flop (didn't bet)


Poker Hand #HD1747174583: Hold'em No Limit ($0.02/$0.05) - 2024/04/26 13:30:35
Table 'NLHBlue12' 6-max Seat #6 is the button
Seat 1: 2bc7109c ($5 in chips)
Seat 2: Hero ($5.07 in chips)
Seat 3: 47620fec ($4.93 in chips)
Seat 4: 92b04c3a ($5.84 in chips)
Seat 5: acbefc68 ($6.11 in chips)
Seat 6: da3247e8 ($5 in chips)
2bc7109c: posts small blind $0.02
Hero: posts big blind $0.05
*** HOLE CARDS ***
Dealt to 2bc7109c 
Dealt to Hero [6d 7d]
Dealt to 47620fec 
Dealt to 92b04c3a 
Dealt to acbefc68 
Dealt to da3247e8 
47620fec: folds
92b04c3a: folds
acbefc68: folds
da3247e8: folds
2bc7109c: folds
Uncalled bet ($0.03) returned to Hero
*** SHOWDOWN ***
Hero collected $0.04 from pot
*** SUMMARY ***
Total pot $0.04 | Rake $0 | Jackpot $0 | Bingo $0 | Fortune $0 | Tax $0
Seat 1: 2bc7109c (small blind) folded before Flop
Seat 2: Hero (big blind) collected ($0.04)
Seat 3: 47620fec folded before Flop (didn't bet)
Seat 4: 92b04c3a folded before Flop (didn't bet)
Seat 5: acbefc68 folded before Flop (didn't bet)
Seat 6: da3247e8 (button) folded before Flop (didn't bet)


Poker Hand #HD1747174548: Hold'em No Limit ($0.02/$0.05) - 2024/04/26 13:30:16
Table 'NLHBlue12' 6-max Seat #5 is the button
Seat 1: 2bc7109c ($5 in chips)
Seat 2: Hero ($5.07 in chips)
Seat 3: 47620fec ($4.93 in chips)
Seat 4: 92b04c3a ($5.84 in chips)
Seat 5: acbefc68 ($6.04 in chips)
Seat 6: da3247e8 ($5.02 in chips)
da3247e8: posts small blind $0.02
2bc7109c: posts big blind $0.05
*** HOLE CARDS ***
Dealt to 2bc7109c 
Dealt to Hero [8d Js]
Dealt to 47620fec 
Dealt to 92b04c3a 
Dealt to acbefc68 
Dealt to da3247e8 
Hero: folds
47620fec: folds
92b04c3a: folds
acbefc68: raises $0.05 to $0.1
da3247e8: folds
2bc7109c: folds
Uncalled bet ($0.05) returned to acbefc68
*** SHOWDOWN ***
acbefc68 collected $0.12 from pot
*** SUMMARY ***
Total pot $0.12 | Rake $0 | Jackpot $0 | Bingo $0 | Fortune $0 | Tax $0
Seat 1: 2bc7109c (big blind) folded before Flop
Seat 2: Hero folded before Flop (didn't bet)
Seat 3: 47620fec folded before Flop (didn't bet)
Seat 4: 92b04c3a folded before Flop (didn't bet)
Seat 5: acbefc68 (button) collected ($0.12)
Seat 6: da3247e8 (small blind) folded before Flop


Poker Hand #HD1747174494: Hold'em No Limit ($0.02/$0.05) - 2024/04/26 13:29:43
Table 'NLHBlue12' 6-max Seat #4 is the button
Seat 1: 2bc7109c ($5 in chips)
Seat 2: Hero ($5.07 in chips)
Seat 3: 47620fec ($4.93 in chips)
Seat 4: 92b04c3a ($5.84 in chips)
Seat 5: acbefc68 ($6.06 in chips)
Seat 6: da3247e8 ($5 in chips)
acbefc68: posts small blind $0.02
da3247e8: posts big blind $0.05
*** HOLE CARDS ***
Dealt to 2bc7109c 
Dealt to Hero [5h Ks]
Dealt to 47620fec 
Dealt to 92b04c3a 
Dealt to acbefc68 
Dealt to da3247e8 
2bc7109c: folds
Hero: folds
47620fec: folds
92b04c3a: folds
acbefc68: folds
Uncalled bet ($0.03) returned to da3247e8
*** SHOWDOWN ***
da3247e8 collected $0.04 from pot
*** SUMMARY ***
Total pot $0.04 | Rake $0 | Jackpot $0 | Bingo $0 | Fortune $0 | Tax $0
Seat 1: 2bc7109c folded before Flop (didn't bet)
Seat 2: Hero folded before Flop (didn't bet)
Seat 3: 47620fec folded before Flop (didn't bet)
Seat 4: 92b04c3a (button) folded before Flop (didn't bet)
Seat 5: acbefc68 (small blind) folded before Flop
Seat 6: da3247e8 (big blind) collected ($0.04)


Poker Hand #HD1747174468: Hold'em No Limit ($0.02/$0.05) - 2024/04/26 13:29:27
Table 'NLHBlue12' 6-max Seat #3 is the button
Seat 1: 2bc7109c ($5 in chips)
Seat 2: Hero ($5.07 in chips)
Seat 3: 47620fec ($4.93 in chips)
Seat 4: 92b04c3a ($5.79 in chips)
Seat 5: acbefc68 ($6.11 in chips)
92b04c3a: posts small blind $0.02
acbefc68: posts big blind $0.05
*** HOLE CARDS ***
Dealt to 2bc7109c 
Dealt to Hero [Kc 2d]
Dealt to 47620fec 
Dealt to 92b04c3a 
Dealt to acbefc68 
2bc7109c: folds
Hero: folds
47620fec: folds
92b04c3a: raises $0.07 to $0.12
acbefc68: folds
Uncalled bet ($0.07) returned to 92b04c3a
*** SHOWDOWN ***
92b04c3a collected $0.1 from pot
*** SUMMARY ***
Total pot $0.1 | Rake $0 | Jackpot $0 | Bingo $0 | Fortune $0 | Tax $0
Seat 1: 2bc7109c folded before Flop (didn't bet)
Seat 2: Hero folded before Flop (didn't bet)
Seat 3: 47620fec (button) folded before Flop (didn't bet)
Seat 4: 92b04c3a (small blind) collected ($0.1)
Seat 5: acbefc68 (big blind) folded before Flop


Poker Hand #HD1747174436: Hold'em No Limit ($0.02/$0.05) - 2024/04/26 13:29:08
Table 'NLHBlue12' 6-max Seat #2 is the button
Seat 1: 2bc7109c ($5 in chips)
Seat 2: Hero ($5 in chips)
Seat 3: 47620fec ($4.95 in chips)
Seat 4: 92b04c3a ($5.84 in chips)
Seat 5: acbefc68 ($6.11 in chips)
47620fec: posts small blind $0.02
92b04c3a: posts big blind $0.05
*** HOLE CARDS ***
Dealt to 2bc7109c 
Dealt to Hero [Ac 5h]
Dealt to 47620fec 
Dealt to 92b04c3a 
Dealt to acbefc68 
acbefc68: folds
2bc7109c: folds
Hero: raises $0.07 to $0.12
47620fec: folds
92b04c3a: folds
Uncalled bet ($0.07) returned to Hero
*** SHOWDOWN ***
Hero collected $0.12 from pot
*** SUMMARY ***
Total pot $0.12 | Rake $0 | Jackpot $0 | Bingo $0 | Fortune $0 | Tax $0
Seat 1: 2bc7109c folded before Flop (didn't bet)
Seat 2: Hero (button) collected ($0.12)
Seat 3: 47620fec (small blind) folded before Flop
Seat 4: 92b04c3a (big blind) folded before Flop
Seat 5: acbefc68 folded before Flop (didn't bet)


Poker Hand #HD1747174415: Hold'em No Limit ($0.02/$0.05) - 2024/04/26 13:28:54
Table 'NLHBlue12' 6-max Seat #1 is the button
Seat 1: 2bc7109c ($5 in chips)
Seat 2: Hero ($5 in chips)
Seat 3: 47620fec ($5 in chips)
Seat 4: 92b04c3a ($5.84 in chips)
Seat 5: acbefc68 ($6.04 in chips)
Hero: posts small blind $0.02
47620fec: posts big blind $0.05
*** HOLE CARDS ***
Dealt to 2bc7109c 
Dealt to Hero [5c 8s]
Dealt to 47620fec 
Dealt to 92b04c3a 
Dealt to acbefc68 
92b04c3a: folds
acbefc68: raises $0.06 to $0.11
2bc7109c: folds
Hero: folds
47620fec: folds
Uncalled bet ($0.06) returned to acbefc68
*** SHOWDOWN ***
acbefc68 collected $0.12 from pot
*** SUMMARY ***
Total pot $0.12 | Rake $0 | Jackpot $0 | Bingo $0 | Fortune $0 | Tax $0
Seat 1: 2bc7109c (button) folded before Flop (didn't bet)
Seat 2: Hero (small blind) folded before Flop
Seat 3: 47620fec (big blind) folded before Flop
Seat 4: 92b04c3a folded before Flop (didn't bet)
Seat 5: acbefc68 collected ($0.12)


Poker Hand #HD1747174370: Hold'em No Limit ($0.02/$0.05) - 2024/04/26 13:28:28
Table 'NLHBlue12' 6-max Seat #5 is the button
Seat 1: 2bc7109c ($5 in chips)
Seat 2: Hero ($5 in chips)
Seat 4: 92b04c3a ($5.84 in chips)
Seat 5: acbefc68 ($5.93 in chips)
Seat 6: fa6896e4 ($6.53 in chips)
fa6896e4: posts small blind $0.02
2bc7109c: posts big blind $0.05
*** HOLE CARDS ***
Dealt to 2bc7109c 
Dealt to Hero [Jc 3h]
Dealt to 92b04c3a 
Dealt to acbefc68 
Dealt to fa6896e4 
Hero: folds
92b04c3a: folds
acbefc68: raises $0.05 to $0.1
fa6896e4: folds
2bc7109c: calls $0.05
*** FLOP *** [Qd 8s Jd]
2bc7109c: checks
acbefc68: bets $0.08
2bc7109c: folds
Uncalled bet ($0.08) returned to acbefc68
*** SHOWDOWN ***
acbefc68 collected $0.21 from pot
*** SUMMARY ***
Total pot $0.22 | Rake $0.01 | Jackpot $0 | Bingo $0 | Fortune $0 | Tax $0
Board [Qd 8s Jd]
Seat 1: 2bc7109c (big blind) folded on the Flop
Seat 2: Hero folded before Flop (didn't bet)
Seat 4: 92b04c3a folded before Flop (didn't bet)
Seat 5: acbefc68 (button) won ($0.21)
Seat 6: fa6896e4 (small blind) folded before Flop


Poker Hand #HD1747174272: Hold'em No Limit ($0.02/$0.05) - 2024/04/26 13:27:28
Table 'NLHBlue12' 6-max Seat #4 is the button
Seat 1: 2bc7109c ($5 in chips)
Seat 2: Hero ($5 in chips)
Seat 3: 32d57029 ($6.06 in chips)
Seat 4: 92b04c3a ($5.66 in chips)
Seat 5: acbefc68 ($5.95 in chips)
Seat 6: fa6896e4 ($6.7 in chips)
acbefc68: posts small blind $0.02
fa6896e4: posts big blind $0.05
*** HOLE CARDS ***
Dealt to 2bc7109c 
Dealt to Hero [9h Ad]
Dealt to 32d57029 
Dealt to 92b04c3a 
Dealt to acbefc68 
Dealt to fa6896e4 
2bc7109c: folds
Hero: folds
32d57029: folds
92b04c3a: raises $0.05 to $0.1
acbefc68: folds
fa6896e4: calls $0.05
*** FLOP *** [3s 6d 7d]
fa6896e4: checks
92b04c3a: bets $0.07
fa6896e4: calls $0.07
*** TURN *** [3s 6d 7d] [Ts]
fa6896e4: checks
92b04c3a: checks
*** RIVER *** [3s 6d 7d Ts] [3h]
fa6896e4: checks
92b04c3a: checks
fa6896e4: shows [Kc 4d] (Pair of Treys)
92b04c3a: shows [Ah 5h] (Pair of Treys)
*** SHOWDOWN ***
92b04c3a collected $0.35 from pot
*** SUMMARY ***
Total pot $0.36 | Rake $0.01 | Jackpot $0 | Bingo $0 | Fortune $0 | Tax $0
Board [3s 6d 7d Ts 3h]
Seat 1: 2bc7109c folded before Flop (didn't bet)
Seat 2: Hero folded before Flop (didn't bet)
Seat 3: 32d57029 folded before Flop (didn't bet)
Seat 4: 92b04c3a (button) showed [Ah 5h] and won ($0.35) with Pair of Treys
Seat 5: acbefc68 (small blind) folded before Flop
Seat 6: fa6896e4 (big blind) showed [Kc 4d] and lost with Pair of Treys


Poker Hand #HD1747174238: Hold'em No Limit ($0.02/$0.05) - 2024/04/26 13:27:10
Table 'NLHBlue12' 6-max Seat #3 is the button
Seat 1: 2bc7109c ($5 in chips)
Seat 2: Hero ($5 in chips)
Seat 3: 32d57029 ($6.06 in chips)
Seat 4: 92b04c3a ($5.61 in chips)
Seat 5: acbefc68 ($6 in chips)
Seat 6: fa6896e4 ($6.7 in chips)
92b04c3a: posts small blind $0.02
acbefc68: posts big blind $0.05
*** HOLE CARDS ***
Dealt to 2bc7109c 
Dealt to Hero [Kh 6d]
Dealt to 32d57029 
Dealt to 92b04c3a 
Dealt to acbefc68 
Dealt to fa6896e4 
fa6896e4: folds
2bc7109c: folds
Hero: folds
32d57029: folds
92b04c3a: raises $0.07 to $0.12
acbefc68: folds
Uncalled bet ($0.07) returned to 92b04c3a
*** SHOWDOWN ***
92b04c3a collected $0.1 from pot
*** SUMMARY ***
Total pot $0.1 | Rake $0 | Jackpot $0 | Bingo $0 | Fortune $0 | Tax $0
Seat 1: 2bc7109c folded before Flop (didn't bet)
Seat 2: Hero folded before Flop (didn't bet)
Seat 3: 32d57029 (button) folded before Flop (didn't bet)
Seat 4: 92b04c3a (small blind) collected ($0.1)
Seat 5: acbefc68 (big blind) folded before Flop
Seat 6: fa6896e4 folded before Flop (didn't bet)


Poker Hand #HD1747174210: Hold'em No Limit ($0.02/$0.05) - 2024/04/26 13:26:50
Table 'NLHBlue12' 6-max Seat #2 is the button
Seat 1: 2bc7109c ($5 in chips)
Seat 2: Hero ($5 in chips)
Seat 3: 32d57029 ($6.01 in chips)
Seat 4: 92b04c3a ($5.66 in chips)
Seat 5: acbefc68 ($6 in chips)
Seat 6: fa6896e4 ($6.7 in chips)
32d57029: posts small blind $0.02
92b04c3a: posts big blind $0.05
*** HOLE CARDS ***
Dealt to 2bc7109c 
Dealt to Hero [2h 9s]
Dealt to 32d57029 
Dealt to 92b04c3a 
Dealt to acbefc68 
Dealt to fa6896e4 
acbefc68: folds
fa6896e4: folds
2bc7109c: folds
Hero: folds
32d57029: raises $0.1 to $0.15
92b04c3a: folds
Uncalled bet ($0.1) returned to 32d57029
*** SHOWDOWN ***
32d57029 collected $0.1 from pot
*** SUMMARY ***
Total pot $0.1 | Rake $0 | Jackpot $0 | Bingo $0 | Fortune $0 | Tax $0
Seat 1: 2bc7109c folded before Flop (didn't bet)
Seat 2: Hero (button) folded before Flop (didn't bet)
Seat 3: 32d57029 (small blind) collected ($0.1)
Seat 4: 92b04c3a (big blind) folded before Flop
Seat 5: acbefc68 folded before Flop (didn't bet)
Seat 6: fa6896e4 folded before Flop (didn't bet)


Poker Hand #HD1747174100: Hold'em No Limit ($0.02/$0.05) - 2024/04/26 13:25:42
Table 'NLHBlue12' 6-max Seat #1 is the button
Seat 1: 2bc7109c ($5 in chips)
Seat 2: Hero ($5 in chips)
Seat 3: 32d57029 ($5.86 in chips)
Seat 4: 92b04c3a ($5.8 in chips)
Seat 5: acbefc68 ($6 in chips)
Seat 6: fa6896e4 ($6.7 in chips)
Hero: posts small blind $0.02
32d57029: posts big blind $0.05
*** HOLE CARDS ***
Dealt to 2bc7109c 
Dealt to Hero [5s 9h]
Dealt to 32d57029 
Dealt to 92b04c3a 
Dealt to acbefc68 
Dealt to fa6896e4 
92b04c3a: raises $0.09 to $0.14
acbefc68: folds
fa6896e4: folds
2bc7109c: folds
Hero: folds
32d57029: calls $0.09
*** FLOP *** [Ah 8h 2h]
32d57029: checks
92b04c3a: checks
*** TURN *** [Ah 8h 2h] [6c]
32d57029: checks
92b04c3a: checks
*** RIVER *** [Ah 8h 2h 6c] [6s]
32d57029: bets $0.16
92b04c3a: folds
Uncalled bet ($0.16) returned to 32d57029
32d57029: shows [Td] (Pair of Sixes)
*** SHOWDOWN ***
32d57029 collected $0.29 from pot
*** SUMMARY ***
Total pot $0.3 | Rake $0.01 | Jackpot $0 | Bingo $0 | Fortune $0 | Tax $0
Board [Ah 8h 2h 6c 6s]
Seat 1: 2bc7109c (button) folded before Flop (didn't bet)
Seat 2: Hero (small blind) folded before Flop
Seat 3: 32d57029 (big blind) showed [Td] and won ($0.29)
Seat 4: 92b04c3a folded on the River
Seat 5: acbefc68 folded before Flop (didn't bet)
Seat 6: fa6896e4 folded before Flop (didn't bet)


Poker Hand #HD1747174042: Hold'em No Limit ($0.02/$0.05) - 2024/04/26 13:25:12
Table 'NLHBlue12' 6-max Seat #6 is the button
Seat 1: 2bc7109c ($5 in chips)
Seat 2: Hero ($5 in chips)
Seat 3: 32d57029 ($5.99 in chips)
Seat 4: 92b04c3a ($5.8 in chips)
Seat 5: acbefc68 ($5.81 in chips)
Seat 6: fa6896e4 ($6.7 in chips)
2bc7109c: posts small blind $0.02
Hero: posts big blind $0.05
*** HOLE CARDS ***
Dealt to 2bc7109c 
Dealt to Hero [Ad 6c]
Dealt to 32d57029 
Dealt to 92b04c3a 
Dealt to acbefc68 
Dealt to fa6896e4 
32d57029: raises $0.08 to $0.13
92b04c3a: folds
acbefc68: raises $0.25 to $0.38
fa6896e4: folds
2bc7109c: folds
Hero: folds
32d57029: folds
Uncalled bet ($0.25) returned to acbefc68
*** SHOWDOWN ***
acbefc68 collected $0.32 from pot
*** SUMMARY ***
Total pot $0.33 | Rake $0.01 | Jackpot $0 | Bingo $0 | Fortune $0 | Tax $0
Seat 1: 2bc7109c (small blind) folded before Flop
Seat 2: Hero (big blind) folded before Flop
Seat 3: 32d57029 folded before Flop
Seat 4: 92b04c3a folded before Flop (didn't bet)
Seat 5: acbefc68 collected ($0.32)
Seat 6: fa6896e4 (button) folded before Flop (didn't bet)


