Poker Hand #HD1789255396: Hold'em No Limit ($0.05/$0.1) - 2024/05/27 02:55:28
Table 'NLHRed73' 6-max Seat #3 is the button
Seat 1: 9f92ad42 ($5.17 in chips)
Seat 2: 6173ed92 ($8.5 in chips)
Seat 3: Hero ($11.92 in chips)
Seat 4: 8cf958d0 ($10 in chips)
Seat 5: ebf9e875 ($14.74 in chips)
Seat 6: 39b09eb0 ($17.33 in chips)
8cf958d0: posts small blind $0.05
ebf9e875: posts big blind $0.1
*** HOLE CARDS ***
Dealt to 9f92ad42 
Dealt to 6173ed92 
Dealt to Hero [Td 8c]
Dealt to 8cf958d0 
Dealt to ebf9e875 
Dealt to 39b09eb0 
39b09eb0: raises $0.15 to $0.25
9f92ad42: folds
6173ed92: calls $0.25
Hero: folds
8cf958d0: folds
ebf9e875: calls $0.15
*** FLOP *** [3c 2c 8h]
ebf9e875: checks
39b09eb0: checks
6173ed92: checks
*** TURN *** [3c 2c 8h] [Ac]
ebf9e875: checks
39b09eb0: checks
6173ed92: checks
*** RIVER *** [3c 2c 8h Ac] [3d]
ebf9e875: checks
39b09eb0: bets $0.4
6173ed92: calls $0.4
ebf9e875: folds
39b09eb0: shows [Kd Th] (Pair of Treys)
6173ed92: shows [As Tc] (Pair of Aces and Pair of Treys)
*** SHOWDOWN ***
6173ed92 collected $1.52 from pot
*** SUMMARY ***
Total pot $1.6 | Rake $0.08 | Jackpot $0 | Bingo $0 | Fortune $0 | Tax $0
Board [3c 2c 8h Ac 3d]
Seat 1: 9f92ad42 folded before Flop (didn't bet)
Seat 2: 6173ed92 showed [As Tc] and won ($1.52) with Pair of Aces and Pair of Treys
Seat 3: Hero (button) folded before Flop (didn't bet)
Seat 4: 8cf958d0 (small blind) folded before Flop
Seat 5: ebf9e875 (big blind) folded on the River
Seat 6: 39b09eb0 showed [Kd Th] and lost with Pair of Treys


Poker Hand #HD1789255341: Hold'em No Limit ($0.05/$0.1) - 2024/05/27 02:55:00
Table 'NLHRed73' 6-max Seat #2 is the button
Seat 1: 9f92ad42 ($5.02 in chips)
Seat 2: 6173ed92 ($8.5 in chips)
Seat 3: Hero ($11.97 in chips)
Seat 4: 8cf958d0 ($10 in chips)
Seat 5: ebf9e875 ($14.74 in chips)
Seat 6: 39b09eb0 ($17.33 in chips)
Hero: posts small blind $0.05
8cf958d0: posts big blind $0.1
*** HOLE CARDS ***
Dealt to 9f92ad42 
Dealt to 6173ed92 
Dealt to Hero [7h Ad]
Dealt to 8cf958d0 
Dealt to ebf9e875 
Dealt to 39b09eb0 
ebf9e875: folds
39b09eb0: folds
9f92ad42: raises $0.2 to $0.3
6173ed92: folds
Hero: folds
8cf958d0: folds
Uncalled bet ($0.2) returned to 9f92ad42
*** SHOWDOWN ***
9f92ad42 collected $0.25 from pot
*** SUMMARY ***
Total pot $0.25 | Rake $0 | Jackpot $0 | Bingo $0 | Fortune $0 | Tax $0
Seat 1: 9f92ad42 collected ($0.25)
Seat 2: 6173ed92 (button) folded before Flop (didn't bet)
Seat 3: Hero (small blind) folded before Flop
Seat 4: 8cf958d0 (big blind) folded before Flop
Seat 5: ebf9e875 folded before Flop (didn't bet)
Seat 6: 39b09eb0 folded before Flop (didn't bet)


Poker Hand #HD1789255300: Hold'em No Limit ($0.05/$0.1) - 2024/05/27 02:54:39
Table 'NLHRed73' 6-max Seat #1 is the button
Seat 1: 9f92ad42 ($5.02 in chips)
Seat 2: 6173ed92 ($8.4 in chips)
Seat 3: Hero ($12.07 in chips)
Seat 4: 8cf958d0 ($10 in chips)
Seat 5: ebf9e875 ($14.74 in chips)
Seat 6: 39b09eb0 ($17.33 in chips)
6173ed92: posts small blind $0.05
Hero: posts big blind $0.1
*** HOLE CARDS ***
Dealt to 9f92ad42 
Dealt to 6173ed92 
Dealt to Hero [Ks 3h]
Dealt to 8cf958d0 
Dealt to ebf9e875 
Dealt to 39b09eb0 
8cf958d0: folds
ebf9e875: folds
39b09eb0: folds
9f92ad42: folds
6173ed92: raises $0.2 to $0.3
Hero: folds
Uncalled bet ($0.2) returned to 6173ed92
*** SHOWDOWN ***
6173ed92 collected $0.2 from pot
*** SUMMARY ***
Total pot $0.2 | Rake $0 | Jackpot $0 | Bingo $0 | Fortune $0 | Tax $0
Seat 1: 9f92ad42 (button) folded before Flop (didn't bet)
Seat 2: 6173ed92 (small blind) collected ($0.2)
Seat 3: Hero (big blind) folded before Flop
Seat 4: 8cf958d0 folded before Flop (didn't bet)
Seat 5: ebf9e875 folded before Flop (didn't bet)
Seat 6: 39b09eb0 folded before Flop (didn't bet)


Poker Hand #HD1789255230: Hold'em No Limit ($0.05/$0.1) - 2024/05/27 02:54:05
Table 'NLHRed73' 6-max Seat #6 is the button
Seat 1: 9f92ad42 ($5.07 in chips)
Seat 2: 6173ed92 ($8.6 in chips)
Seat 3: Hero ($12.07 in chips)
Seat 4: 8cf958d0 ($10 in chips)
Seat 5: ebf9e875 ($14.51 in chips)
Seat 6: 39b09eb0 ($17.33 in chips)
9f92ad42: posts small blind $0.05
6173ed92: posts big blind $0.1
*** HOLE CARDS ***
Dealt to 9f92ad42 
Dealt to 6173ed92 
Dealt to Hero [8c Qh]
Dealt to 8cf958d0 
Dealt to ebf9e875 
Dealt to 39b09eb0 
Hero: folds
8cf958d0: folds
ebf9e875: raises $0.1 to $0.2
39b09eb0: folds
9f92ad42: folds
6173ed92: calls $0.1
*** FLOP *** [3h 4c Tc]
6173ed92: checks
ebf9e875: bets $0.34
6173ed92: folds
Uncalled bet ($0.34) returned to ebf9e875
*** SHOWDOWN ***
ebf9e875 collected $0.43 from pot
*** SUMMARY ***
Total pot $0.45 | Rake $0.02 | Jackpot $0 | Bingo $0 | Fortune $0 | Tax $0
Board [3h 4c Tc]
Seat 1: 9f92ad42 (small blind) folded before Flop
Seat 2: 6173ed92 (big blind) folded on the Flop
Seat 3: Hero folded before Flop (didn't bet)
Seat 4: 8cf958d0 folded before Flop (didn't bet)
Seat 5: ebf9e875 won ($0.43)
Seat 6: 39b09eb0 (button) folded before Flop (didn't bet)


Poker Hand #HD1789255101: Hold'em No Limit ($0.05/$0.1) - 2024/05/27 02:53:00
Table 'NLHRed73' 6-max Seat #5 is the button
Seat 1: 9f92ad42 ($5.17 in chips)
Seat 2: 6173ed92 ($8.6 in chips)
Seat 3: Hero ($12.82 in chips)
Seat 4: 8cf958d0 ($10 in chips)
Seat 5: ebf9e875 ($13.69 in chips)
Seat 6: 39b09eb0 ($17.38 in chips)
39b09eb0: posts small blind $0.05
9f92ad42: posts big blind $0.1
*** HOLE CARDS ***
Dealt to 9f92ad42 
Dealt to 6173ed92 
Dealt to Hero [Kc Ah]
Dealt to 8cf958d0 
Dealt to ebf9e875 
Dealt to 39b09eb0 
6173ed92: folds
Hero: raises $0.1 to $0.2
8cf958d0: folds
ebf9e875: calls $0.2
39b09eb0: folds
9f92ad42: folds
*** FLOP *** [9d 5h 2h]
Hero: checks
ebf9e875: bets $0.55
Hero: calls $0.55
*** TURN *** [9d 5h 2h] [3c]
Hero: checks
ebf9e875: checks
*** RIVER *** [9d 5h 2h 3c] [8s]
Hero: checks
ebf9e875: bets $1.24
Hero: folds
Uncalled bet ($1.24) returned to ebf9e875
*** SHOWDOWN ***
ebf9e875 collected $1.57 from pot
*** SUMMARY ***
Total pot $1.65 | Rake $0.08 | Jackpot $0 | Bingo $0 | Fortune $0 | Tax $0
Board [9d 5h 2h 3c 8s]
Seat 1: 9f92ad42 (big blind) folded before Flop
Seat 2: 6173ed92 folded before Flop (didn't bet)
Seat 3: Hero folded on the River
Seat 4: 8cf958d0 folded before Flop (didn't bet)
Seat 5: ebf9e875 (button) won ($1.57)
Seat 6: 39b09eb0 (small blind) folded before Flop


Poker Hand #HD1789254976: Hold'em No Limit ($0.05/$0.1) - 2024/05/27 02:52:00
Table 'NLHRed73' 6-max Seat #4 is the button
Seat 1: 9f92ad42 ($5.17 in chips)
Seat 2: 6173ed92 ($18.44 in chips)
Seat 3: Hero ($12.82 in chips)
Seat 4: 8cf958d0 ($10 in chips)
Seat 5: ebf9e875 ($10.32 in chips)
Seat 6: 39b09eb0 ($17.48 in chips)
ebf9e875: posts small blind $0.05
39b09eb0: posts big blind $0.1
*** HOLE CARDS ***
Dealt to 9f92ad42 
Dealt to 6173ed92 
Dealt to Hero [5h Qs]
Dealt to 8cf958d0 
Dealt to ebf9e875 
Dealt to 39b09eb0 
9f92ad42: folds
6173ed92: raises $0.15 to $0.25
Hero: folds
8cf958d0: folds
ebf9e875: raises $0.45 to $0.7
39b09eb0: folds
6173ed92: calls $0.45
*** FLOP *** [Qd 3s 6d]
ebf9e875: checks
6173ed92: checks
*** TURN *** [Qd 3s 6d] [7c]
ebf9e875: bets $0.75
6173ed92: raises $1.68 to $2.43
ebf9e875: raises $7.19 to $9.62 and is all-in
6173ed92: calls $7.19
ebf9e875: shows [Qh Qc] (Three Queens)
6173ed92: shows [8d 9d] (Queen-High)
ebf9e875: Chooses to EV Cashout 
*** RIVER *** [Qd 3s 6d 7c] [3c]
ebf9e875: Pays Cashout Risk ($5.95)
*** SHOWDOWN ***
ebf9e875 collected $19.64 from pot
*** SUMMARY ***
Total pot $20.74 | Rake $1 | Jackpot $0.1 | Bingo $0 | Fortune $0 | Tax $0
Board [Qd 3s 6d 7c 3c]
Seat 1: 9f92ad42 folded before Flop (didn't bet)
Seat 2: 6173ed92 showed [8d 9d] and lost with Pair of Treys
Seat 3: Hero folded before Flop (didn't bet)
Seat 4: 8cf958d0 (button) folded before Flop (didn't bet)
Seat 5: ebf9e875 (small blind) showed [Qh Qc] and won ($19.64) with Queens Full over Treys, Cashout Risk ($5.95)
Seat 6: 39b09eb0 (big blind) folded before Flop


Poker Hand #HD1789254876: Hold'em No Limit ($0.05/$0.1) - 2024/05/27 02:51:18
Table 'NLHRed73' 6-max Seat #3 is the button
Seat 1: 9f92ad42 ($5.17 in chips)
Seat 2: 6173ed92 ($18.44 in chips)
Seat 3: Hero ($12.82 in chips)
Seat 4: 8cf958d0 ($10 in chips)
Seat 5: ebf9e875 ($10.14 in chips)
Seat 6: 39b09eb0 ($17.48 in chips)
8cf958d0: posts small blind $0.05
ebf9e875: posts big blind $0.1
*** HOLE CARDS ***
Dealt to 9f92ad42 
Dealt to 6173ed92 
Dealt to Hero [8h 5d]
Dealt to 8cf958d0 
Dealt to ebf9e875 
Dealt to 39b09eb0 
39b09eb0: folds
9f92ad42: folds
6173ed92: folds
Hero: folds
8cf958d0: raises $0.1 to $0.2
ebf9e875: calls $0.1
*** FLOP *** [3d 9h 9c]
8cf958d0: checks
ebf9e875: checks
*** TURN *** [3d 9h 9c] [4d]
8cf958d0: checks
ebf9e875: bets $0.2
8cf958d0: folds
Uncalled bet ($0.2) returned to ebf9e875
*** SHOWDOWN ***
ebf9e875 collected $0.38 from pot
*** SUMMARY ***
Total pot $0.4 | Rake $0.02 | Jackpot $0 | Bingo $0 | Fortune $0 | Tax $0
Board [3d 9h 9c 4d]
Seat 1: 9f92ad42 folded before Flop (didn't bet)
Seat 2: 6173ed92 folded before Flop (didn't bet)
Seat 3: Hero (button) folded before Flop (didn't bet)
Seat 4: 8cf958d0 (small blind) folded on the Turn
Seat 5: ebf9e875 (big blind) won ($0.38)
Seat 6: 39b09eb0 folded before Flop (didn't bet)


Poker Hand #HD1789254845: Hold'em No Limit ($0.05/$0.1) - 2024/05/27 02:51:02
Table 'NLHRed73' 6-max Seat #2 is the button
Seat 1: 9f92ad42 ($5.17 in chips)
Seat 2: 6173ed92 ($18.44 in chips)
Seat 3: Hero ($12.87 in chips)
Seat 4: 8cf958d0 ($10 in chips)
Seat 5: ebf9e875 ($10.14 in chips)
Seat 6: 39b09eb0 ($17.33 in chips)
Hero: posts small blind $0.05
8cf958d0: posts big blind $0.1
*** HOLE CARDS ***
Dealt to 9f92ad42 
Dealt to 6173ed92 
Dealt to Hero [8d Jc]
Dealt to 8cf958d0 
Dealt to ebf9e875 
Dealt to 39b09eb0 
ebf9e875: folds
39b09eb0: raises $0.15 to $0.25
9f92ad42: folds
6173ed92: folds
Hero: folds
8cf958d0: folds
Uncalled bet ($0.15) returned to 39b09eb0
*** SHOWDOWN ***
39b09eb0 collected $0.25 from pot
*** SUMMARY ***
Total pot $0.25 | Rake $0 | Jackpot $0 | Bingo $0 | Fortune $0 | Tax $0
Seat 1: 9f92ad42 folded before Flop (didn't bet)
Seat 2: 6173ed92 (button) folded before Flop (didn't bet)
Seat 3: Hero (small blind) folded before Flop
Seat 4: 8cf958d0 (big blind) folded before Flop
Seat 5: ebf9e875 folded before Flop (didn't bet)
Seat 6: 39b09eb0 collected ($0.25)


Poker Hand #HD1789254785: Hold'em No Limit ($0.05/$0.1) - 2024/05/27 02:50:34
Table 'NLHRed73' 6-max Seat #1 is the button
Seat 1: 9f92ad42 ($5.17 in chips)
Seat 2: 6173ed92 ($18.49 in chips)
Seat 3: Hero ($12.97 in chips)
Seat 4: 8cf958d0 ($10 in chips)
Seat 5: ebf9e875 ($10 in chips)
Seat 6: 39b09eb0 ($17.33 in chips)
6173ed92: posts small blind $0.05
Hero: posts big blind $0.1
*** HOLE CARDS ***
Dealt to 9f92ad42 
Dealt to 6173ed92 
Dealt to Hero [Qc 8c]
Dealt to 8cf958d0 
Dealt to ebf9e875 
Dealt to 39b09eb0 
8cf958d0: folds
ebf9e875: calls $0.1
39b09eb0: folds
9f92ad42: folds
6173ed92: folds
Hero: checks
*** FLOP *** [4h 5s Ks]
Hero: checks
ebf9e875: bets $0.13
Hero: folds
Uncalled bet ($0.13) returned to ebf9e875
*** SHOWDOWN ***
ebf9e875 collected $0.24 from pot
*** SUMMARY ***
Total pot $0.25 | Rake $0.01 | Jackpot $0 | Bingo $0 | Fortune $0 | Tax $0
Board [4h 5s Ks]
Seat 1: 9f92ad42 (button) folded before Flop (didn't bet)
Seat 2: 6173ed92 (small blind) folded before Flop
Seat 3: Hero (big blind) folded on the Flop
Seat 4: 8cf958d0 folded before Flop (didn't bet)
Seat 5: ebf9e875 won ($0.24)
Seat 6: 39b09eb0 folded before Flop (didn't bet)


Poker Hand #HD1789254634: Hold'em No Limit ($0.05/$0.1) - 2024/05/27 02:49:25
Table 'NLHRed73' 6-max Seat #6 is the button
Seat 1: 9f92ad42 ($5.22 in chips)
Seat 2: 6173ed92 ($16.79 in chips)
Seat 3: Hero ($12.97 in chips)
Seat 4: 8cf958d0 ($10 in chips)
Seat 5: ebf9e875 ($11.34 in chips)
Seat 6: 39b09eb0 ($17.33 in chips)
9f92ad42: posts small blind $0.05
6173ed92: posts big blind $0.1
*** HOLE CARDS ***
Dealt to 9f92ad42 
Dealt to 6173ed92 
Dealt to Hero [Jh 3h]
Dealt to 8cf958d0 
Dealt to ebf9e875 
Dealt to 39b09eb0 
Hero: folds
8cf958d0: folds
ebf9e875: raises $0.1 to $0.2
39b09eb0: folds
9f92ad42: folds
6173ed92: raises $0.7 to $0.9
ebf9e875: calls $0.7
*** FLOP *** [Js 9c 5c]
6173ed92: checks
ebf9e875: checks
*** TURN *** [Js 9c 5c] [Kh]
6173ed92: bets $1.04
ebf9e875: calls $1.04
*** RIVER *** [Js 9c 5c Kh] [7c]
6173ed92: bets $2.91
ebf9e875: folds
Uncalled bet ($2.91) returned to 6173ed92
*** SHOWDOWN ***
6173ed92 collected $3.64 from pot
*** SUMMARY ***
Total pot $3.93 | Rake $0.19 | Jackpot $0.1 | Bingo $0 | Fortune $0 | Tax $0
Board [Js 9c 5c Kh 7c]
Seat 1: 9f92ad42 (small blind) folded before Flop
Seat 2: 6173ed92 (big blind) won ($3.64)
Seat 3: Hero folded before Flop (didn't bet)
Seat 4: 8cf958d0 folded before Flop (didn't bet)
Seat 5: ebf9e875 folded on the River
Seat 6: 39b09eb0 (button) folded before Flop (didn't bet)


Poker Hand #HD1789254485: Hold'em No Limit ($0.05/$0.1) - 2024/05/27 02:48:16
Table 'NLHRed73' 6-max Seat #5 is the button
Seat 1: 9f92ad42 ($5.32 in chips)
Seat 2: 6173ed92 ($17.37 in chips)
Seat 3: Hero ($12.97 in chips)
Seat 4: 8cf958d0 ($10 in chips)
Seat 5: ebf9e875 ($10.67 in chips)
Seat 6: 39b09eb0 ($17.38 in chips)
39b09eb0: posts small blind $0.05
9f92ad42: posts big blind $0.1
*** HOLE CARDS ***
Dealt to 9f92ad42 
Dealt to 6173ed92 
Dealt to Hero [2h 4s]
Dealt to 8cf958d0 
Dealt to ebf9e875 
Dealt to 39b09eb0 
6173ed92: raises $0.15 to $0.25
Hero: folds
8cf958d0: folds
ebf9e875: raises $0.33 to $0.58
39b09eb0: folds
9f92ad42: folds
6173ed92: calls $0.33
*** FLOP *** [4c Td 8s]
6173ed92: checks
ebf9e875: bets $0.66
6173ed92: folds
Uncalled bet ($0.66) returned to ebf9e875
*** SHOWDOWN ***
ebf9e875 collected $1.25 from pot
*** SUMMARY ***
Total pot $1.31 | Rake $0.06 | Jackpot $0 | Bingo $0 | Fortune $0 | Tax $0
Board [4c Td 8s]
Seat 1: 9f92ad42 (big blind) folded before Flop
Seat 2: 6173ed92 folded on the Flop
Seat 3: Hero folded before Flop (didn't bet)
Seat 4: 8cf958d0 folded before Flop (didn't bet)
Seat 5: ebf9e875 (button) won ($1.25)
Seat 6: 39b09eb0 (small blind) folded before Flop


Poker Hand #HD1789254446: Hold'em No Limit ($0.05/$0.1) - 2024/05/27 02:48:00
Table 'NLHRed73' 6-max Seat #4 is the button
Seat 1: 9f92ad42 ($5.32 in chips)
Seat 2: 6173ed92 ($17.37 in chips)
Seat 3: Hero ($12.97 in chips)
Seat 4: 8cf958d0 ($10 in chips)
Seat 5: ebf9e875 ($10.72 in chips)
Seat 6: 39b09eb0 ($17.33 in chips)
ebf9e875: posts small blind $0.05
39b09eb0: posts big blind $0.1
*** HOLE CARDS ***
Dealt to 9f92ad42 
Dealt to 6173ed92 
Dealt to Hero [9c 4h]
Dealt to 8cf958d0 
Dealt to ebf9e875 
Dealt to 39b09eb0 
9f92ad42: folds
6173ed92: folds
Hero: folds
8cf958d0: folds
ebf9e875: folds
Uncalled bet ($0.05) returned to 39b09eb0
*** SHOWDOWN ***
39b09eb0 collected $0.1 from pot
*** SUMMARY ***
Total pot $0.1 | Rake $0 | Jackpot $0 | Bingo $0 | Fortune $0 | Tax $0
Seat 1: 9f92ad42 folded before Flop (didn't bet)
Seat 2: 6173ed92 folded before Flop (didn't bet)
Seat 3: Hero folded before Flop (didn't bet)
Seat 4: 8cf958d0 (button) folded before Flop (didn't bet)
Seat 5: ebf9e875 (small blind) folded before Flop
Seat 6: 39b09eb0 (big blind) collected ($0.1)


Poker Hand #HD1789254376: Hold'em No Limit ($0.05/$0.1) - 2024/05/27 02:47:25
Table 'NLHRed73' 6-max Seat #3 is the button
Seat 1: 9f92ad42 ($5.62 in chips)
Seat 2: 6173ed92 ($17.37 in chips)
Seat 3: Hero ($12.97 in chips)
Seat 4: 8cf958d0 ($10 in chips)
Seat 5: ebf9e875 ($10.4 in chips)
Seat 6: 39b09eb0 ($17.33 in chips)
8cf958d0: posts small blind $0.05
ebf9e875: posts big blind $0.1
*** HOLE CARDS ***
Dealt to 9f92ad42 
Dealt to 6173ed92 
Dealt to Hero [7c Js]
Dealt to 8cf958d0 
Dealt to ebf9e875 
Dealt to 39b09eb0 
39b09eb0: folds
9f92ad42: raises $0.2 to $0.3
6173ed92: folds
Hero: folds
8cf958d0: folds
ebf9e875: calls $0.2
*** FLOP *** [3d As Qs]
ebf9e875: bets $0.33
9f92ad42: folds
Uncalled bet ($0.33) returned to ebf9e875
*** SHOWDOWN ***
ebf9e875 collected $0.62 from pot
*** SUMMARY ***
Total pot $0.65 | Rake $0.03 | Jackpot $0 | Bingo $0 | Fortune $0 | Tax $0
Board [3d As Qs]
Seat 1: 9f92ad42 folded on the Flop
Seat 2: 6173ed92 folded before Flop (didn't bet)
Seat 3: Hero (button) folded before Flop (didn't bet)
Seat 4: 8cf958d0 (small blind) folded before Flop
Seat 5: ebf9e875 (big blind) won ($0.62)
Seat 6: 39b09eb0 folded before Flop (didn't bet)


Poker Hand #HD1789254288: Hold'em No Limit ($0.05/$0.1) - 2024/05/27 02:46:44
Table 'NLHRed73' 6-max Seat #2 is the button
Seat 1: 9f92ad42 ($5.9 in chips)
Seat 2: 6173ed92 ($17.37 in chips)
Seat 3: Hero ($13.02 in chips)
Seat 4: 8cf958d0 ($10 in chips)
Seat 5: ebf9e875 ($10 in chips)
Seat 6: 39b09eb0 ($17.33 in chips)
Hero: posts small blind $0.05
8cf958d0: posts big blind $0.1
*** HOLE CARDS ***
Dealt to 9f92ad42 
Dealt to 6173ed92 
Dealt to Hero [6d 8c]
Dealt to 8cf958d0 
Dealt to ebf9e875 
Dealt to 39b09eb0 
ebf9e875: calls $0.1
39b09eb0: folds
9f92ad42: calls $0.1
6173ed92: folds
Hero: folds
8cf958d0: checks
*** FLOP *** [8d Kh Ad]
8cf958d0: checks
ebf9e875: bets $0.18
9f92ad42: calls $0.18
8cf958d0: folds
*** TURN *** [8d Kh Ad] [9c]
ebf9e875: bets $0.54
9f92ad42: folds
Uncalled bet ($0.54) returned to ebf9e875
*** SHOWDOWN ***
ebf9e875 collected $0.68 from pot
*** SUMMARY ***
Total pot $0.71 | Rake $0.03 | Jackpot $0 | Bingo $0 | Fortune $0 | Tax $0
Board [8d Kh Ad 9c]
Seat 1: 9f92ad42 folded on the Turn
Seat 2: 6173ed92 (button) folded before Flop (didn't bet)
Seat 3: Hero (small blind) folded before Flop
Seat 4: 8cf958d0 (big blind) folded on the Flop
Seat 5: ebf9e875 won ($0.68)
Seat 6: 39b09eb0 folded before Flop (didn't bet)


Poker Hand #HD1789254149: Hold'em No Limit ($0.05/$0.1) - 2024/05/27 02:45:31
Table 'NLHRed73' 6-max Seat #1 is the button
Seat 1: 9f92ad42 ($4.87 in chips)
Seat 2: 6173ed92 ($17.42 in chips)
Seat 3: Hero ($13.55 in chips)
Seat 4: 8cf958d0 ($10 in chips)
Seat 5: ebf9e875 ($10 in chips)
Seat 6: 39b09eb0 ($17.33 in chips)
6173ed92: posts small blind $0.05
Hero: posts big blind $0.1
*** HOLE CARDS ***
Dealt to 9f92ad42 
Dealt to 6173ed92 
Dealt to Hero [Ac 7s]
Dealt to 8cf958d0 
Dealt to ebf9e875 
Dealt to 39b09eb0 
8cf958d0: folds
ebf9e875: raises $0.1 to $0.2
39b09eb0: folds
9f92ad42: calls $0.2
6173ed92: folds
Hero: calls $0.1
*** FLOP *** [4s 8h 6h]
Hero: checks
ebf9e875: bets $0.33
9f92ad42: calls $0.33
Hero: calls $0.33
*** TURN *** [4s 8h 6h] [8d]
Hero: checks
ebf9e875: checks
9f92ad42: bets $0.85
Hero: folds
ebf9e875: folds
Uncalled bet ($0.85) returned to 9f92ad42
*** SHOWDOWN ***
9f92ad42 collected $1.56 from pot
*** SUMMARY ***
Total pot $1.64 | Rake $0.08 | Jackpot $0 | Bingo $0 | Fortune $0 | Tax $0
Board [4s 8h 6h 8d]
Seat 1: 9f92ad42 (button) won ($1.56)
Seat 2: 6173ed92 (small blind) folded before Flop
Seat 3: Hero (big blind) folded on the Turn
Seat 4: 8cf958d0 folded before Flop (didn't bet)
Seat 5: ebf9e875 folded on the Turn
Seat 6: 39b09eb0 folded before Flop (didn't bet)


Poker Hand #HD1789253951: Hold'em No Limit ($0.05/$0.1) - 2024/05/27 02:43:44
Table 'NLHRed73' 6-max Seat #6 is the button
Seat 1: 9f92ad42 ($3.32 in chips)
Seat 2: 6173ed92 ($16.01 in chips)
Seat 3: Hero ($13.55 in chips)
Seat 4: 8cf958d0 ($10 in chips)
Seat 5: ebf9e875 ($10 in chips)
Seat 6: 39b09eb0 ($17.33 in chips)
9f92ad42: posts small blind $0.05
6173ed92: posts big blind $0.1
*** HOLE CARDS ***
Dealt to 9f92ad42 
Dealt to 6173ed92 
Dealt to Hero [Qs 2h]
Dealt to 8cf958d0 
Dealt to ebf9e875 
Dealt to 39b09eb0 
Hero: folds
8cf958d0: folds
ebf9e875: raises $0.2 to $0.3
39b09eb0: folds
9f92ad42: folds
6173ed92: calls $0.2
*** FLOP *** [4c Ac 3s]
6173ed92: checks
ebf9e875: checks
*** TURN *** [4c Ac 3s] [7h]
6173ed92: checks
ebf9e875: bets $0.33
6173ed92: calls $0.33
*** RIVER *** [4c Ac 3s 7h] [Ad]
6173ed92: checks
ebf9e875: bets $0.99
6173ed92: calls $0.99
ebf9e875: shows [Kd 5d] (Pair of Aces)
6173ed92: shows [2s 2d] (Pair of Aces and Pair of Twos)
*** SHOWDOWN ***
6173ed92 collected $3.03 from pot
*** SUMMARY ***
Total pot $3.29 | Rake $0.16 | Jackpot $0.1 | Bingo $0 | Fortune $0 | Tax $0
Board [4c Ac 3s 7h Ad]
Seat 1: 9f92ad42 (small blind) folded before Flop
Seat 2: 6173ed92 (big blind) showed [2s 2d] and won ($3.03) with Pair of Aces and Pair of Twos
Seat 3: Hero folded before Flop (didn't bet)
Seat 4: 8cf958d0 folded before Flop (didn't bet)
Seat 5: ebf9e875 showed [Kd 5d] and lost with Pair of Aces
Seat 6: 39b09eb0 (button) folded before Flop (didn't bet)


Poker Hand #HD1789253862: Hold'em No Limit ($0.05/$0.1) - 2024/05/27 02:43:00
Table 'NLHRed73' 6-max Seat #5 is the button
Seat 1: 9f92ad42 ($3.62 in chips)
Seat 2: 6173ed92 ($16.01 in chips)
Seat 3: Hero ($13.55 in chips)
Seat 4: 8cf958d0 ($10 in chips)
Seat 5: ebf9e875 ($10 in chips)
Seat 6: 39b09eb0 ($17.06 in chips)
39b09eb0: posts small blind $0.05
9f92ad42: posts big blind $0.1
*** HOLE CARDS ***
Dealt to 9f92ad42 
Dealt to 6173ed92 
Dealt to Hero [5h 8h]
Dealt to 8cf958d0 
Dealt to ebf9e875 
Dealt to 39b09eb0 
6173ed92: folds
Hero: folds
8cf958d0: folds
ebf9e875: folds
39b09eb0: raises $0.2 to $0.3
9f92ad42: calls $0.2
*** FLOP *** [4d Jd Th]
39b09eb0: bets $0.2
9f92ad42: folds
Uncalled bet ($0.2) returned to 39b09eb0
*** SHOWDOWN ***
39b09eb0 collected $0.57 from pot
*** SUMMARY ***
Total pot $0.6 | Rake $0.03 | Jackpot $0 | Bingo $0 | Fortune $0 | Tax $0
Board [4d Jd Th]
Seat 1: 9f92ad42 (big blind) folded on the Flop
Seat 2: 6173ed92 folded before Flop (didn't bet)
Seat 3: Hero folded before Flop (didn't bet)
Seat 4: 8cf958d0 folded before Flop (didn't bet)
Seat 5: ebf9e875 (button) folded before Flop (didn't bet)
Seat 6: 39b09eb0 (small blind) won ($0.57)


Poker Hand #HD1789253744: Hold'em No Limit ($0.05/$0.1) - 2024/05/27 02:42:01
Table 'NLHRed73' 6-max Seat #4 is the button
Seat 1: 9f92ad42 ($4.52 in chips)
Seat 2: 6173ed92 ($16.01 in chips)
Seat 3: Hero ($12.59 in chips)
Seat 4: 8cf958d0 ($10 in chips)
Seat 5: ebf9e875 ($10 in chips)
Seat 6: 39b09eb0 ($17.16 in chips)
ebf9e875: posts small blind $0.05
39b09eb0: posts big blind $0.1
*** HOLE CARDS ***
Dealt to 9f92ad42 
Dealt to 6173ed92 
Dealt to Hero [As Qd]
Dealt to 8cf958d0 
Dealt to ebf9e875 
Dealt to 39b09eb0 
9f92ad42: raises $0.2 to $0.3
6173ed92: folds
Hero: raises $0.6 to $0.9
8cf958d0: folds
ebf9e875: folds
39b09eb0: folds
9f92ad42: calls $0.6
*** FLOP *** [7d 9c 7c]
9f92ad42: checks
Hero: checks
*** TURN *** [7d 9c 7c] [6h]
9f92ad42: checks
Hero: checks
*** RIVER *** [7d 9c 7c 6h] [8h]
9f92ad42: checks
Hero: checks
9f92ad42: shows [Jd Ad] (Pair of Sevens)
Hero: shows [As Qd] (Pair of Sevens)
*** SHOWDOWN ***
Hero collected $1.86 from pot
*** SUMMARY ***
Total pot $1.95 | Rake $0.09 | Jackpot $0 | Bingo $0 | Fortune $0 | Tax $0
Board [7d 9c 7c 6h 8h]
Seat 1: 9f92ad42 showed [Jd Ad] and lost with Pair of Sevens
Seat 2: 6173ed92 folded before Flop (didn't bet)
Seat 3: Hero showed [As Qd] and won ($1.86) with Pair of Sevens
Seat 4: 8cf958d0 (button) folded before Flop (didn't bet)
Seat 5: ebf9e875 (small blind) folded before Flop
Seat 6: 39b09eb0 (big blind) folded before Flop


Poker Hand #HD1789253662: Hold'em No Limit ($0.05/$0.1) - 2024/05/27 02:41:15
Table 'NLHRed73' 6-max Seat #3 is the button
Seat 1: 9f92ad42 ($4.2 in chips)
Seat 2: 6173ed92 ($16.01 in chips)
Seat 3: Hero ($12.59 in chips)
Seat 4: 8cf958d0 ($10 in chips)
Seat 5: ebf9e875 ($10.3 in chips)
Seat 6: 39b09eb0 ($17.16 in chips)
8cf958d0: posts small blind $0.05
ebf9e875: posts big blind $0.1
*** HOLE CARDS ***
Dealt to 9f92ad42 
Dealt to 6173ed92 
Dealt to Hero [9d Qs]
Dealt to 8cf958d0 
Dealt to ebf9e875 
Dealt to 39b09eb0 
39b09eb0: folds
9f92ad42: raises $0.2 to $0.3
6173ed92: folds
Hero: folds
8cf958d0: folds
ebf9e875: calls $0.2
*** FLOP *** [Ts Td 5s]
ebf9e875: checks
9f92ad42: bets $0.5
ebf9e875: folds
Uncalled bet ($0.5) returned to 9f92ad42
*** SHOWDOWN ***
9f92ad42 collected $0.62 from pot
*** SUMMARY ***
Total pot $0.65 | Rake $0.03 | Jackpot $0 | Bingo $0 | Fortune $0 | Tax $0
Board [Ts Td 5s]
Seat 1: 9f92ad42 won ($0.62)
Seat 2: 6173ed92 folded before Flop (didn't bet)
Seat 3: Hero (button) folded before Flop (didn't bet)
Seat 4: 8cf958d0 (small blind) folded before Flop
Seat 5: ebf9e875 (big blind) folded on the Flop
Seat 6: 39b09eb0 folded before Flop (didn't bet)


Poker Hand #HD1789253633: Hold'em No Limit ($0.05/$0.1) - 2024/05/27 02:41:01
Table 'NLHRed73' 6-max Seat #2 is the button
Seat 1: 9f92ad42 ($4.2 in chips)
Seat 2: 6173ed92 ($16.01 in chips)
Seat 3: Hero ($12.64 in chips)
Seat 4: 8cf958d0 ($10 in chips)
Seat 5: ebf9e875 ($10.15 in chips)
Seat 6: 39b09eb0 ($17.16 in chips)
Hero: posts small blind $0.05
8cf958d0: posts big blind $0.1
*** HOLE CARDS ***
Dealt to 9f92ad42 
Dealt to 6173ed92 
Dealt to Hero [6h Ts]
Dealt to 8cf958d0 
Dealt to ebf9e875 
Dealt to 39b09eb0 
ebf9e875: raises $0.2 to $0.3
39b09eb0: folds
9f92ad42: folds
6173ed92: folds
Hero: folds
8cf958d0: folds
Uncalled bet ($0.2) returned to ebf9e875
*** SHOWDOWN ***
ebf9e875 collected $0.25 from pot
*** SUMMARY ***
Total pot $0.25 | Rake $0 | Jackpot $0 | Bingo $0 | Fortune $0 | Tax $0
Seat 1: 9f92ad42 folded before Flop (didn't bet)
Seat 2: 6173ed92 (button) folded before Flop (didn't bet)
Seat 3: Hero (small blind) folded before Flop
Seat 4: 8cf958d0 (big blind) folded before Flop
Seat 5: ebf9e875 collected ($0.25)
Seat 6: 39b09eb0 folded before Flop (didn't bet)


Poker Hand #HD1789253594: Hold'em No Limit ($0.05/$0.1) - 2024/05/27 02:40:41
Table 'NLHRed73' 6-max Seat #1 is the button
Seat 1: 9f92ad42 ($4.2 in chips)
Seat 2: 6173ed92 ($16.06 in chips)
Seat 3: Hero ($12.74 in chips)
Seat 4: 8cf958d0 ($10 in chips)
Seat 5: ebf9e875 ($10 in chips)
Seat 6: 39b09eb0 ($17.16 in chips)
6173ed92: posts small blind $0.05
Hero: posts big blind $0.1
*** HOLE CARDS ***
Dealt to 9f92ad42 
Dealt to 6173ed92 
Dealt to Hero [3c 9d]
Dealt to 8cf958d0 
Dealt to ebf9e875 
Dealt to 39b09eb0 
8cf958d0: folds
ebf9e875: raises $0.2 to $0.3
39b09eb0: folds
9f92ad42: folds
6173ed92: folds
Hero: folds
Uncalled bet ($0.2) returned to ebf9e875
*** SHOWDOWN ***
ebf9e875 collected $0.25 from pot
*** SUMMARY ***
Total pot $0.25 | Rake $0 | Jackpot $0 | Bingo $0 | Fortune $0 | Tax $0
Seat 1: 9f92ad42 (button) folded before Flop (didn't bet)
Seat 2: 6173ed92 (small blind) folded before Flop
Seat 3: Hero (big blind) folded before Flop
Seat 4: 8cf958d0 folded before Flop (didn't bet)
Seat 5: ebf9e875 collected ($0.25)
Seat 6: 39b09eb0 folded before Flop (didn't bet)


Poker Hand #HD1789253484: Hold'em No Limit ($0.05/$0.1) - 2024/05/27 02:39:46
Table 'NLHRed73' 6-max Seat #6 is the button
Seat 1: 9f92ad42 ($4.25 in chips)
Seat 2: 6173ed92 ($15.19 in chips)
Seat 3: Hero ($12.74 in chips)
Seat 4: 8cf958d0 ($10.26 in chips)
Seat 5: ebf9e875 ($10 in chips)
Seat 6: 39b09eb0 ($17.16 in chips)
9f92ad42: posts small blind $0.05
6173ed92: posts big blind $0.1
ebf9e875: posts big blind $0.1
*** HOLE CARDS ***
Dealt to 9f92ad42 
Dealt to 6173ed92 
Dealt to Hero [2c 2d]
Dealt to 8cf958d0 
Dealt to ebf9e875 
Dealt to 39b09eb0 
Hero: folds
8cf958d0: calls $0.1
ebf9e875: checks
39b09eb0: folds
9f92ad42: folds
6173ed92: raises $0.7 to $0.8
8cf958d0: calls $0.7
ebf9e875: folds
*** FLOP *** [3h Ts Kh]
6173ed92: bets $0.99
8cf958d0: folds
Uncalled bet ($0.99) returned to 6173ed92
*** SHOWDOWN ***
6173ed92 collected $1.67 from pot
*** SUMMARY ***
Total pot $1.75 | Rake $0.08 | Jackpot $0 | Bingo $0 | Fortune $0 | Tax $0
Board [3h Ts Kh]
Seat 1: 9f92ad42 (small blind) folded before Flop
Seat 2: 6173ed92 (big blind) won ($1.67)
Seat 3: Hero folded before Flop (didn't bet)
Seat 4: 8cf958d0 folded on the Flop
Seat 5: ebf9e875 folded before Flop
Seat 6: 39b09eb0 (button) folded before Flop (didn't bet)


Poker Hand #HD1789253374: Hold'em No Limit ($0.05/$0.1) - 2024/05/27 02:38:53
Table 'NLHRed73' 6-max Seat #5 is the button
Seat 1: 9f92ad42 ($4.9 in chips)
Seat 2: 6173ed92 ($15.19 in chips)
Seat 3: Hero ($12.1 in chips)
Seat 4: 8cf958d0 ($10.26 in chips)
Seat 5: 769564b2 ($12.26 in chips)
Seat 6: 39b09eb0 ($17.21 in chips)
39b09eb0: posts small blind $0.05
9f92ad42: posts big blind $0.1
*** HOLE CARDS ***
Dealt to 9f92ad42 
Dealt to 6173ed92 
Dealt to Hero [Ac Kh]
Dealt to 8cf958d0 
Dealt to 769564b2 
Dealt to 39b09eb0 
6173ed92: folds
Hero: raises $0.1 to $0.2
8cf958d0: folds
769564b2: folds
39b09eb0: folds
9f92ad42: raises $0.45 to $0.65
Hero: raises $1.25 to $1.9
9f92ad42: folds
Uncalled bet ($1.25) returned to Hero
*** SHOWDOWN ***
Hero collected $1.29 from pot
*** SUMMARY ***
Total pot $1.35 | Rake $0.06 | Jackpot $0 | Bingo $0 | Fortune $0 | Tax $0
Seat 1: 9f92ad42 (big blind) folded before Flop
Seat 2: 6173ed92 folded before Flop (didn't bet)
Seat 3: Hero collected ($1.29)
Seat 4: 8cf958d0 folded before Flop (didn't bet)
Seat 5: 769564b2 (button) folded before Flop (didn't bet)
Seat 6: 39b09eb0 (small blind) folded before Flop


Poker Hand #HD1789253281: Hold'em No Limit ($0.05/$0.1) - 2024/05/27 02:38:02
Table 'NLHRed73' 6-max Seat #4 is the button
Seat 1: 9f92ad42 ($4.9 in chips)
Seat 2: 6173ed92 ($15.19 in chips)
Seat 3: Hero ($12.1 in chips)
Seat 4: 8cf958d0 ($10.46 in chips)
Seat 5: 769564b2 ($12.31 in chips)
Seat 6: 39b09eb0 ($16.98 in chips)
769564b2: posts small blind $0.05
39b09eb0: posts big blind $0.1
*** HOLE CARDS ***
Dealt to 9f92ad42 
Dealt to 6173ed92 
Dealt to Hero [8c Ks]
Dealt to 8cf958d0 
Dealt to 769564b2 
Dealt to 39b09eb0 
9f92ad42: folds
6173ed92: folds
Hero: folds
8cf958d0: raises $0.1 to $0.2
769564b2: folds
39b09eb0: calls $0.1
*** FLOP *** [6h Td Ah]
39b09eb0: checks
8cf958d0: checks
*** TURN *** [6h Td Ah] [2c]
39b09eb0: bets $0.15
8cf958d0: folds
Uncalled bet ($0.15) returned to 39b09eb0
*** SHOWDOWN ***
39b09eb0 collected $0.43 from pot
*** SUMMARY ***
Total pot $0.45 | Rake $0.02 | Jackpot $0 | Bingo $0 | Fortune $0 | Tax $0
Board [6h Td Ah 2c]
Seat 1: 9f92ad42 folded before Flop (didn't bet)
Seat 2: 6173ed92 folded before Flop (didn't bet)
Seat 3: Hero folded before Flop (didn't bet)
Seat 4: 8cf958d0 (button) folded on the Turn
Seat 5: 769564b2 (small blind) folded before Flop
Seat 6: 39b09eb0 (big blind) won ($0.43)


Poker Hand #HD1789253113: Hold'em No Limit ($0.05/$0.1) - 2024/05/27 02:36:38
Table 'NLHRed73' 6-max Seat #3 is the button
Seat 1: 9f92ad42 ($4.9 in chips)
Seat 2: 6173ed92 ($10.68 in chips)
Seat 3: Hero ($12.1 in chips)
Seat 4: 8cf958d0 ($10.51 in chips)
Seat 5: 769564b2 ($12.41 in chips)
Seat 6: 39b09eb0 ($21.93 in chips)
8cf958d0: posts small blind $0.05
769564b2: posts big blind $0.1
*** HOLE CARDS ***
Dealt to 9f92ad42 
Dealt to 6173ed92 
Dealt to Hero [3d 4s]
Dealt to 8cf958d0 
Dealt to 769564b2 
Dealt to 39b09eb0 
39b09eb0: raises $0.15 to $0.25
9f92ad42: folds
6173ed92: raises $0.49 to $0.74
Hero: folds
8cf958d0: folds
769564b2: folds
39b09eb0: calls $0.49
*** FLOP *** [2c 2s 6s]
39b09eb0: checks
6173ed92: checks
*** TURN *** [2c 2s 6s] [Qc]
39b09eb0: checks
6173ed92: bets $1.21
39b09eb0: calls $1.21
*** RIVER *** [2c 2s 6s Qc] [8s]
39b09eb0: checks
6173ed92: bets $3
39b09eb0: calls $3
6173ed92: shows [Ac Qs] (Pair of Queens and Pair of Twos)
39b09eb0: shows [Js Qd] (Pair of Queens and Pair of Twos)
*** SHOWDOWN ***
6173ed92 collected $9.46 from pot
*** SUMMARY ***
Total pot $10.05 | Rake $0.49 | Jackpot $0.1 | Bingo $0 | Fortune $0 | Tax $0
Board [2c 2s 6s Qc 8s]
Seat 1: 9f92ad42 folded before Flop (didn't bet)
Seat 2: 6173ed92 showed [Ac Qs] and won ($9.46) with Pair of Queens and Pair of Twos
Seat 3: Hero (button) folded before Flop (didn't bet)
Seat 4: 8cf958d0 (small blind) folded before Flop
Seat 5: 769564b2 (big blind) folded before Flop
Seat 6: 39b09eb0 showed [Js Qd] and lost with Pair of Queens and Pair of Twos


Poker Hand #HD1789253068: Hold'em No Limit ($0.05/$0.1) - 2024/05/27 02:36:16
Table 'NLHRed73' 6-max Seat #2 is the button
Seat 1: 9f92ad42 ($4.9 in chips)
Seat 2: 6173ed92 ($10.53 in chips)
Seat 3: Hero ($12.15 in chips)
Seat 4: 8cf958d0 ($10.61 in chips)
Seat 5: 769564b2 ($12.41 in chips)
Seat 6: 39b09eb0 ($21.93 in chips)
Hero: posts small blind $0.05
8cf958d0: posts big blind $0.1
*** HOLE CARDS ***
Dealt to 9f92ad42 
Dealt to 6173ed92 
Dealt to Hero [2s Ac]
Dealt to 8cf958d0 
Dealt to 769564b2 
Dealt to 39b09eb0 
769564b2: folds
39b09eb0: folds
9f92ad42: folds
6173ed92: raises $0.15 to $0.25
Hero: folds
8cf958d0: folds
Uncalled bet ($0.15) returned to 6173ed92
*** SHOWDOWN ***
6173ed92 collected $0.25 from pot
*** SUMMARY ***
Total pot $0.25 | Rake $0 | Jackpot $0 | Bingo $0 | Fortune $0 | Tax $0
Seat 1: 9f92ad42 folded before Flop (didn't bet)
Seat 2: 6173ed92 (button) collected ($0.25)
Seat 3: Hero (small blind) folded before Flop
Seat 4: 8cf958d0 (big blind) folded before Flop
Seat 5: 769564b2 folded before Flop (didn't bet)
Seat 6: 39b09eb0 folded before Flop (didn't bet)


Poker Hand #HD1789253026: Hold'em No Limit ($0.05/$0.1) - 2024/05/27 02:35:55
Table 'NLHRed73' 6-max Seat #1 is the button
Seat 1: 9f92ad42 ($4.9 in chips)
Seat 2: 6173ed92 ($10.58 in chips)
Seat 3: Hero ($12.25 in chips)
Seat 4: 8cf958d0 ($10.46 in chips)
Seat 5: 769564b2 ($12.41 in chips)
Seat 6: 39b09eb0 ($21.93 in chips)
6173ed92: posts small blind $0.05
Hero: posts big blind $0.1
*** HOLE CARDS ***
Dealt to 9f92ad42 
Dealt to 6173ed92 
Dealt to Hero [7h 4c]
Dealt to 8cf958d0 
Dealt to 769564b2 
Dealt to 39b09eb0 
8cf958d0: raises $0.1 to $0.2
769564b2: folds
39b09eb0: folds
9f92ad42: folds
6173ed92: folds
Hero: folds
Uncalled bet ($0.1) returned to 8cf958d0
*** SHOWDOWN ***
8cf958d0 collected $0.25 from pot
*** SUMMARY ***
Total pot $0.25 | Rake $0 | Jackpot $0 | Bingo $0 | Fortune $0 | Tax $0
Seat 1: 9f92ad42 (button) folded before Flop (didn't bet)
Seat 2: 6173ed92 (small blind) folded before Flop
Seat 3: Hero (big blind) folded before Flop
Seat 4: 8cf958d0 collected ($0.25)
Seat 5: 769564b2 folded before Flop (didn't bet)
Seat 6: 39b09eb0 folded before Flop (didn't bet)


Poker Hand #HD1789252899: Hold'em No Limit ($0.05/$0.1) - 2024/05/27 02:34:56
Table 'NLHRed73' 6-max Seat #6 is the button
Seat 1: 9f92ad42 ($4.95 in chips)
Seat 2: 6173ed92 ($12.91 in chips)
Seat 3: Hero ($12.25 in chips)
Seat 4: 8cf958d0 ($10.46 in chips)
Seat 5: 769564b2 ($12.41 in chips)
Seat 6: 39b09eb0 ($19.88 in chips)
9f92ad42: posts small blind $0.05
6173ed92: posts big blind $0.1
*** HOLE CARDS ***
Dealt to 9f92ad42 
Dealt to 6173ed92 
Dealt to Hero [8h Ad]
Dealt to 8cf958d0 
Dealt to 769564b2 
Dealt to 39b09eb0 
Hero: folds
8cf958d0: folds
769564b2: folds
39b09eb0: raises $0.15 to $0.25
9f92ad42: folds
6173ed92: raises $0.9 to $1.15
39b09eb0: calls $0.9
*** FLOP *** [9s Jh 4d]
6173ed92: checks
39b09eb0: checks
*** TURN *** [9s Jh 4d] [5h]
6173ed92: checks
39b09eb0: checks
*** RIVER *** [9s Jh 4d 5h] [Ac]
6173ed92: checks
39b09eb0: bets $1.18
6173ed92: calls $1.18
39b09eb0: shows [As 9h] (Pair of Aces and Pair of Nines)
6173ed92: shows [Qc 9c] (Pair of Nines)
*** SHOWDOWN ***
39b09eb0 collected $4.38 from pot
*** SUMMARY ***
Total pot $4.71 | Rake $0.23 | Jackpot $0.1 | Bingo $0 | Fortune $0 | Tax $0
Board [9s Jh 4d 5h Ac]
Seat 1: 9f92ad42 (small blind) folded before Flop
Seat 2: 6173ed92 (big blind) showed [Qc 9c] and lost with Pair of Nines
Seat 3: Hero folded before Flop (didn't bet)
Seat 4: 8cf958d0 folded before Flop (didn't bet)
Seat 5: 769564b2 folded before Flop (didn't bet)
Seat 6: 39b09eb0 (button) showed [As 9h] and won ($4.38) with Pair of Aces and Pair of Nines


Poker Hand #HD1789252838: Hold'em No Limit ($0.05/$0.1) - 2024/05/27 02:34:32
Table 'NLHRed73' 6-max Seat #5 is the button
Seat 1: 9f92ad42 ($5.05 in chips)
Seat 2: 6173ed92 ($12.91 in chips)
Seat 3: Hero ($12.25 in chips)
Seat 4: 8cf958d0 ($10.46 in chips)
Seat 5: 769564b2 ($12.41 in chips)
Seat 6: 39b09eb0 ($19.78 in chips)
39b09eb0: posts small blind $0.05
9f92ad42: posts big blind $0.1
*** HOLE CARDS ***
Dealt to 9f92ad42 
Dealt to 6173ed92 
Dealt to Hero [4s 2d]
Dealt to 8cf958d0 
Dealt to 769564b2 
Dealt to 39b09eb0 
6173ed92: folds
Hero: folds
8cf958d0: folds
769564b2: folds
39b09eb0: raises $0.2 to $0.3
9f92ad42: folds
Uncalled bet ($0.2) returned to 39b09eb0
*** SHOWDOWN ***
39b09eb0 collected $0.2 from pot
*** SUMMARY ***
Total pot $0.2 | Rake $0 | Jackpot $0 | Bingo $0 | Fortune $0 | Tax $0
Seat 1: 9f92ad42 (big blind) folded before Flop
Seat 2: 6173ed92 folded before Flop (didn't bet)
Seat 3: Hero folded before Flop (didn't bet)
Seat 4: 8cf958d0 folded before Flop (didn't bet)
Seat 5: 769564b2 (button) folded before Flop (didn't bet)
Seat 6: 39b09eb0 (small blind) collected ($0.2)


Poker Hand #HD1789252729: Hold'em No Limit ($0.05/$0.1) - 2024/05/27 02:33:35
Table 'NLHRed73' 6-max Seat #4 is the button
Seat 1: 9f92ad42 ($5.05 in chips)
Seat 2: 6173ed92 ($12.59 in chips)
Seat 3: Hero ($12.25 in chips)
Seat 4: 8cf958d0 ($10.46 in chips)
Seat 5: 769564b2 ($12.66 in chips)
Seat 6: 39b09eb0 ($19.88 in chips)
769564b2: posts small blind $0.05
39b09eb0: posts big blind $0.1
*** HOLE CARDS ***
Dealt to 9f92ad42 
Dealt to 6173ed92 
Dealt to Hero [8d 3d]
Dealt to 8cf958d0 
Dealt to 769564b2 
Dealt to 39b09eb0 
9f92ad42: folds
6173ed92: raises $0.15 to $0.25
Hero: folds
8cf958d0: folds
769564b2: calls $0.2
39b09eb0: folds
*** FLOP *** [Th 4h Jc]
769564b2: checks
6173ed92: bets $0.34
769564b2: folds
Uncalled bet ($0.34) returned to 6173ed92
*** SHOWDOWN ***
6173ed92 collected $0.57 from pot
*** SUMMARY ***
Total pot $0.6 | Rake $0.03 | Jackpot $0 | Bingo $0 | Fortune $0 | Tax $0
Board [Th 4h Jc]
Seat 1: 9f92ad42 folded before Flop (didn't bet)
Seat 2: 6173ed92 won ($0.57)
Seat 3: Hero folded before Flop (didn't bet)
Seat 4: 8cf958d0 (button) folded before Flop (didn't bet)
Seat 5: 769564b2 (small blind) folded on the Flop
Seat 6: 39b09eb0 (big blind) folded before Flop


Poker Hand #HD1789252686: Hold'em No Limit ($0.05/$0.1) - 2024/05/27 02:33:14
Table 'NLHRed73' 6-max Seat #3 is the button
Seat 1: 9f92ad42 ($4.9 in chips)
Seat 2: 6173ed92 ($12.59 in chips)
Seat 3: Hero ($12.25 in chips)
Seat 4: 8cf958d0 ($10.51 in chips)
Seat 5: 769564b2 ($12.76 in chips)
Seat 6: 39b09eb0 ($19.88 in chips)
8cf958d0: posts small blind $0.05
769564b2: posts big blind $0.1
*** HOLE CARDS ***
Dealt to 9f92ad42 
Dealt to 6173ed92 
Dealt to Hero [2c 9h]
Dealt to 8cf958d0 
Dealt to 769564b2 
Dealt to 39b09eb0 
39b09eb0: folds
9f92ad42: raises $0.2 to $0.3
6173ed92: folds
Hero: folds
8cf958d0: folds
769564b2: folds
Uncalled bet ($0.2) returned to 9f92ad42
*** SHOWDOWN ***
9f92ad42 collected $0.25 from pot
*** SUMMARY ***
Total pot $0.25 | Rake $0 | Jackpot $0 | Bingo $0 | Fortune $0 | Tax $0
Seat 1: 9f92ad42 collected ($0.25)
Seat 2: 6173ed92 folded before Flop (didn't bet)
Seat 3: Hero (button) folded before Flop (didn't bet)
Seat 4: 8cf958d0 (small blind) folded before Flop
Seat 5: 769564b2 (big blind) folded before Flop
Seat 6: 39b09eb0 folded before Flop (didn't bet)


Poker Hand #HD1789252635: Hold'em No Limit ($0.05/$0.1) - 2024/05/27 02:32:53
Table 'NLHRed73' 6-max Seat #2 is the button
Seat 1: 9f92ad42 ($4.9 in chips)
Seat 2: 6173ed92 ($12.59 in chips)
Seat 3: Hero ($12.3 in chips)
Seat 4: 8cf958d0 ($10.61 in chips)
Seat 5: 769564b2 ($12.76 in chips)
Seat 6: 39b09eb0 ($19.73 in chips)
Hero: posts small blind $0.05
8cf958d0: posts big blind $0.1
*** HOLE CARDS ***
Dealt to 9f92ad42 
Dealt to 6173ed92 
Dealt to Hero [Ad 8h]
Dealt to 8cf958d0 
Dealt to 769564b2 
Dealt to 39b09eb0 
769564b2: folds
39b09eb0: raises $0.15 to $0.25
9f92ad42: folds
6173ed92: folds
Hero: folds
8cf958d0: folds
Uncalled bet ($0.15) returned to 39b09eb0
*** SHOWDOWN ***
39b09eb0 collected $0.25 from pot
*** SUMMARY ***
Total pot $0.25 | Rake $0 | Jackpot $0 | Bingo $0 | Fortune $0 | Tax $0
Seat 1: 9f92ad42 folded before Flop (didn't bet)
Seat 2: 6173ed92 (button) folded before Flop (didn't bet)
Seat 3: Hero (small blind) folded before Flop
Seat 4: 8cf958d0 (big blind) folded before Flop
Seat 5: 769564b2 folded before Flop (didn't bet)
Seat 6: 39b09eb0 collected ($0.25)


Poker Hand #HD1789252595: Hold'em No Limit ($0.05/$0.1) - 2024/05/27 02:32:34
Table 'NLHRed73' 6-max Seat #1 is the button
Seat 1: 9f92ad42 ($4.75 in chips)
Seat 2: 6173ed92 ($12.64 in chips)
Seat 3: Hero ($12.4 in chips)
Seat 4: 8cf958d0 ($10.61 in chips)
Seat 5: 769564b2 ($12.76 in chips)
Seat 6: 39b09eb0 ($19.73 in chips)
6173ed92: posts small blind $0.05
Hero: posts big blind $0.1
*** HOLE CARDS ***
Dealt to 9f92ad42 
Dealt to 6173ed92 
Dealt to Hero [Kd 5h]
Dealt to 8cf958d0 
Dealt to 769564b2 
Dealt to 39b09eb0 
8cf958d0: folds
769564b2: folds
39b09eb0: folds
9f92ad42: raises $0.2 to $0.3
6173ed92: folds
Hero: folds
Uncalled bet ($0.2) returned to 9f92ad42
*** SHOWDOWN ***
9f92ad42 collected $0.25 from pot
*** SUMMARY ***
Total pot $0.25 | Rake $0 | Jackpot $0 | Bingo $0 | Fortune $0 | Tax $0
Seat 1: 9f92ad42 (button) collected ($0.25)
Seat 2: 6173ed92 (small blind) folded before Flop
Seat 3: Hero (big blind) folded before Flop
Seat 4: 8cf958d0 folded before Flop (didn't bet)
Seat 5: 769564b2 folded before Flop (didn't bet)
Seat 6: 39b09eb0 folded before Flop (didn't bet)


Poker Hand #HD1789252431: Hold'em No Limit ($0.05/$0.1) - 2024/05/27 02:31:17
Table 'NLHRed73' 6-max Seat #6 is the button
Seat 1: 9f92ad42 ($4.8 in chips)
Seat 2: 6173ed92 ($12.84 in chips)
Seat 3: Hero ($13.32 in chips)
Seat 4: 8cf958d0 ($10.61 in chips)
Seat 5: 769564b2 ($12.76 in chips)
Seat 6: 39b09eb0 ($18.66 in chips)
9f92ad42: posts small blind $0.05
6173ed92: posts big blind $0.1
*** HOLE CARDS ***
Dealt to 9f92ad42 
Dealt to 6173ed92 
Dealt to Hero [9d Kd]
Dealt to 8cf958d0 
Dealt to 769564b2 
Dealt to 39b09eb0 
Hero: raises $0.1 to $0.2
8cf958d0: folds
769564b2: folds
39b09eb0: calls $0.2
9f92ad42: folds
6173ed92: calls $0.1
*** FLOP *** [3h 6s 2d]
6173ed92: checks
Hero: checks
39b09eb0: bets $0.22
6173ed92: folds
Hero: calls $0.22
*** TURN *** [3h 6s 2d] [8d]
Hero: checks
39b09eb0: checks
*** RIVER *** [3h 6s 2d 8d] [3s]
Hero: bets $0.5
39b09eb0: raises $0.99 to $1.49
Hero: folds
Uncalled bet ($0.99) returned to 39b09eb0
*** SHOWDOWN ***
39b09eb0 collected $1.99 from pot
*** SUMMARY ***
Total pot $2.09 | Rake $0.1 | Jackpot $0 | Bingo $0 | Fortune $0 | Tax $0
Board [3h 6s 2d 8d 3s]
Seat 1: 9f92ad42 (small blind) folded before Flop
Seat 2: 6173ed92 (big blind) folded on the Flop
Seat 3: Hero folded on the River
Seat 4: 8cf958d0 folded before Flop (didn't bet)
Seat 5: 769564b2 folded before Flop (didn't bet)
Seat 6: 39b09eb0 (button) won ($1.99)


Poker Hand #HD1789252350: Hold'em No Limit ($0.05/$0.1) - 2024/05/27 02:30:38
Table 'NLHRed73' 6-max Seat #5 is the button
Seat 1: 9f92ad42 ($4.9 in chips)
Seat 2: 6173ed92 ($12.84 in chips)
Seat 3: Hero ($13.32 in chips)
Seat 4: 8cf958d0 ($10.61 in chips)
Seat 5: 769564b2 ($13.01 in chips)
Seat 6: 39b09eb0 ($18.34 in chips)
39b09eb0: posts small blind $0.05
9f92ad42: posts big blind $0.1
*** HOLE CARDS ***
Dealt to 9f92ad42 
Dealt to 6173ed92 
Dealt to Hero [3h 5d]
Dealt to 8cf958d0 
Dealt to 769564b2 
Dealt to 39b09eb0 
6173ed92: folds
Hero: folds
8cf958d0: folds
769564b2: raises $0.15 to $0.25
39b09eb0: raises $0.65 to $0.9
9f92ad42: folds
769564b2: folds
Uncalled bet ($0.65) returned to 39b09eb0
*** SHOWDOWN ***
39b09eb0 collected $0.57 from pot
*** SUMMARY ***
Total pot $0.6 | Rake $0.03 | Jackpot $0 | Bingo $0 | Fortune $0 | Tax $0
Seat 1: 9f92ad42 (big blind) folded before Flop
Seat 2: 6173ed92 folded before Flop (didn't bet)
Seat 3: Hero folded before Flop (didn't bet)
Seat 4: 8cf958d0 folded before Flop (didn't bet)
Seat 5: 769564b2 (button) folded before Flop
Seat 6: 39b09eb0 (small blind) collected ($0.57)


Poker Hand #HD1789252313: Hold'em No Limit ($0.05/$0.1) - 2024/05/27 02:30:19
Table 'NLHRed73' 6-max Seat #4 is the button
Seat 1: 9f92ad42 ($4.9 in chips)
Seat 2: 6173ed92 ($12.84 in chips)
Seat 3: Hero ($13.32 in chips)
Seat 4: 8cf958d0 ($10.61 in chips)
Seat 5: 769564b2 ($12.91 in chips)
Seat 6: 39b09eb0 ($18.44 in chips)
769564b2: posts small blind $0.05
39b09eb0: posts big blind $0.1
*** HOLE CARDS ***
Dealt to 9f92ad42 
Dealt to 6173ed92 
Dealt to Hero [3d 6d]
Dealt to 8cf958d0 
Dealt to 769564b2 
Dealt to 39b09eb0 
9f92ad42: folds
6173ed92: folds
Hero: folds
8cf958d0: folds
769564b2: raises $0.2 to $0.3
39b09eb0: folds
Uncalled bet ($0.2) returned to 769564b2
*** SHOWDOWN ***
769564b2 collected $0.2 from pot
*** SUMMARY ***
Total pot $0.2 | Rake $0 | Jackpot $0 | Bingo $0 | Fortune $0 | Tax $0
Seat 1: 9f92ad42 folded before Flop (didn't bet)
Seat 2: 6173ed92 folded before Flop (didn't bet)
Seat 3: Hero folded before Flop (didn't bet)
Seat 4: 8cf958d0 (button) folded before Flop (didn't bet)
Seat 5: 769564b2 (small blind) collected ($0.2)
Seat 6: 39b09eb0 (big blind) folded before Flop


Poker Hand #HD1789252164: Hold'em No Limit ($0.05/$0.1) - 2024/05/27 02:29:02
Table 'NLHRed73' 6-max Seat #3 is the button
Seat 1: 9f92ad42 ($4.9 in chips)
Seat 2: 6173ed92 ($11.88 in chips)
Seat 3: Hero ($13.32 in chips)
Seat 4: 8cf958d0 ($10.66 in chips)
Seat 5: 769564b2 ($13.01 in chips)
Seat 6: 39b09eb0 ($19.34 in chips)
8cf958d0: posts small blind $0.05
769564b2: posts big blind $0.1
*** HOLE CARDS ***
Dealt to 9f92ad42 
Dealt to 6173ed92 
Dealt to Hero [8d 8s]
Dealt to 8cf958d0 
Dealt to 769564b2 
Dealt to 39b09eb0 
39b09eb0: raises $0.15 to $0.25
9f92ad42: folds
6173ed92: calls $0.25
Hero: folds
8cf958d0: folds
769564b2: folds
*** FLOP *** [5s 9d 2s]
39b09eb0: bets $0.22
6173ed92: raises $0.43 to $0.65
39b09eb0: calls $0.43
*** TURN *** [5s 9d 2s] [3s]
39b09eb0: checks
6173ed92: checks
*** RIVER *** [5s 9d 2s 3s] [4h]
39b09eb0: checks
6173ed92: bets $2.25
39b09eb0: folds
Uncalled bet ($2.25) returned to 6173ed92
*** SHOWDOWN ***
6173ed92 collected $1.86 from pot
*** SUMMARY ***
Total pot $1.95 | Rake $0.09 | Jackpot $0 | Bingo $0 | Fortune $0 | Tax $0
Board [5s 9d 2s 3s 4h]
Seat 1: 9f92ad42 folded before Flop (didn't bet)
Seat 2: 6173ed92 won ($1.86)
Seat 3: Hero (button) folded before Flop (didn't bet)
Seat 4: 8cf958d0 (small blind) folded before Flop
Seat 5: 769564b2 (big blind) folded before Flop
Seat 6: 39b09eb0 folded on the River


Poker Hand #HD1789252115: Hold'em No Limit ($0.05/$0.1) - 2024/05/27 02:28:43
Table 'NLHRed73' 6-max Seat #2 is the button
Seat 1: 9f92ad42 ($4.75 in chips)
Seat 2: 6173ed92 ($11.88 in chips)
Seat 3: Hero ($13.37 in chips)
Seat 4: 8cf958d0 ($10.76 in chips)
Seat 5: 769564b2 ($13.01 in chips)
Seat 6: 39b09eb0 ($19.34 in chips)
Hero: posts small blind $0.05
8cf958d0: posts big blind $0.1
*** HOLE CARDS ***
Dealt to 9f92ad42 
Dealt to 6173ed92 
Dealt to Hero [Qh Js]
Dealt to 8cf958d0 
Dealt to 769564b2 
Dealt to 39b09eb0 
769564b2: folds
39b09eb0: folds
9f92ad42: raises $0.2 to $0.3
6173ed92: folds
Hero: folds
8cf958d0: folds
Uncalled bet ($0.2) returned to 9f92ad42
*** SHOWDOWN ***
9f92ad42 collected $0.25 from pot
*** SUMMARY ***
Total pot $0.25 | Rake $0 | Jackpot $0 | Bingo $0 | Fortune $0 | Tax $0
Seat 1: 9f92ad42 collected ($0.25)
Seat 2: 6173ed92 (button) folded before Flop (didn't bet)
Seat 3: Hero (small blind) folded before Flop
Seat 4: 8cf958d0 (big blind) folded before Flop
Seat 5: 769564b2 folded before Flop (didn't bet)
Seat 6: 39b09eb0 folded before Flop (didn't bet)


Poker Hand #HD1789252045: Hold'em No Limit ($0.05/$0.1) - 2024/05/27 02:28:07
Table 'NLHRed73' 6-max Seat #1 is the button
Seat 1: 9f92ad42 ($4.75 in chips)
Seat 2: 6173ed92 ($11.93 in chips)
Seat 3: Hero ($13.47 in chips)
Seat 4: 8cf958d0 ($10.61 in chips)
Seat 5: 769564b2 ($13.01 in chips)
Seat 6: 39b09eb0 ($19.34 in chips)
6173ed92: posts small blind $0.05
Hero: posts big blind $0.1
*** HOLE CARDS ***
Dealt to 9f92ad42 
Dealt to 6173ed92 
Dealt to Hero [4s 6d]
Dealt to 8cf958d0 
Dealt to 769564b2 
Dealt to 39b09eb0 
8cf958d0: raises $0.13 to $0.23
769564b2: folds
39b09eb0: folds
9f92ad42: folds
6173ed92: folds
Hero: folds
Uncalled bet ($0.13) returned to 8cf958d0
*** SHOWDOWN ***
8cf958d0 collected $0.25 from pot
*** SUMMARY ***
Total pot $0.25 | Rake $0 | Jackpot $0 | Bingo $0 | Fortune $0 | Tax $0
Seat 1: 9f92ad42 (button) folded before Flop (didn't bet)
Seat 2: 6173ed92 (small blind) folded before Flop
Seat 3: Hero (big blind) folded before Flop
Seat 4: 8cf958d0 collected ($0.25)
Seat 5: 769564b2 folded before Flop (didn't bet)
Seat 6: 39b09eb0 folded before Flop (didn't bet)


Poker Hand #HD1789251999: Hold'em No Limit ($0.05/$0.1) - 2024/05/27 02:27:43
Table 'NLHRed73' 6-max Seat #6 is the button
Seat 1: 9f92ad42 ($4.8 in chips)
Seat 2: 6173ed92 ($11.88 in chips)
Seat 3: Hero ($13.47 in chips)
Seat 4: 8cf958d0 ($10.61 in chips)
Seat 5: 769564b2 ($13.01 in chips)
Seat 6: 39b09eb0 ($19.34 in chips)
9f92ad42: posts small blind $0.05
6173ed92: posts big blind $0.1
*** HOLE CARDS ***
Dealt to 9f92ad42 
Dealt to 6173ed92 
Dealt to Hero [6c Qd]
Dealt to 8cf958d0 
Dealt to 769564b2 
Dealt to 39b09eb0 
Hero: folds
8cf958d0: folds
769564b2: folds
39b09eb0: folds
9f92ad42: folds
Uncalled bet ($0.05) returned to 6173ed92
*** SHOWDOWN ***
6173ed92 collected $0.1 from pot
*** SUMMARY ***
Total pot $0.1 | Rake $0 | Jackpot $0 | Bingo $0 | Fortune $0 | Tax $0
Seat 1: 9f92ad42 (small blind) folded before Flop
Seat 2: 6173ed92 (big blind) collected ($0.1)
Seat 3: Hero folded before Flop (didn't bet)
Seat 4: 8cf958d0 folded before Flop (didn't bet)
Seat 5: 769564b2 folded before Flop (didn't bet)
Seat 6: 39b09eb0 (button) folded before Flop (didn't bet)


Poker Hand #HD1789251825: Hold'em No Limit ($0.05/$0.1) - 2024/05/27 02:26:17
Table 'NLHRed73' 6-max Seat #5 is the button
Seat 1: 9f92ad42 ($4.9 in chips)
Seat 2: 6173ed92 ($11.88 in chips)
Seat 3: Hero ($13.47 in chips)
Seat 4: 8cf958d0 ($10.61 in chips)
Seat 5: 769564b2 ($10.27 in chips)
Seat 6: 39b09eb0 ($22.38 in chips)
39b09eb0: posts small blind $0.05
9f92ad42: posts big blind $0.1
*** HOLE CARDS ***
Dealt to 9f92ad42 
Dealt to 6173ed92 
Dealt to Hero [Qh 2h]
Dealt to 8cf958d0 
Dealt to 769564b2 
Dealt to 39b09eb0 
6173ed92: folds
Hero: folds
8cf958d0: folds
769564b2: raises $0.15 to $0.25
39b09eb0: calls $0.2
9f92ad42: folds
*** FLOP *** [8d 7s 4h]
39b09eb0: checks
769564b2: bets $0.2
39b09eb0: raises $0.43 to $0.63
769564b2: calls $0.43
*** TURN *** [8d 7s 4h] [Th]
39b09eb0: bets $0.93
769564b2: calls $0.93
*** RIVER *** [8d 7s 4h Th] [Qd]
39b09eb0: bets $1.23
769564b2: calls $1.23
39b09eb0: shows [6h 7h] (Pair of Sevens)
769564b2: shows [4d 4c] (Three Fours)
*** SHOWDOWN ***
769564b2 collected $5.78 from pot
*** SUMMARY ***
Total pot $6.18 | Rake $0.3 | Jackpot $0.1 | Bingo $0 | Fortune $0 | Tax $0
Board [8d 7s 4h Th Qd]
Seat 1: 9f92ad42 (big blind) folded before Flop
Seat 2: 6173ed92 folded before Flop (didn't bet)
Seat 3: Hero folded before Flop (didn't bet)
Seat 4: 8cf958d0 folded before Flop (didn't bet)
Seat 5: 769564b2 (button) showed [4d 4c] and won ($5.78) with Three Fours
Seat 6: 39b09eb0 (small blind) showed [6h 7h] and lost with Pair of Sevens


Poker Hand #HD1789251756: Hold'em No Limit ($0.05/$0.1) - 2024/05/27 02:25:41
Table 'NLHRed73' 6-max Seat #4 is the button
Seat 1: 9f92ad42 ($4.9 in chips)
Seat 2: 6173ed92 ($11.88 in chips)
Seat 3: Hero ($13.47 in chips)
Seat 4: 8cf958d0 ($10.61 in chips)
Seat 5: 769564b2 ($10 in chips)
Seat 6: 39b09eb0 ($22.68 in chips)
769564b2: posts small blind $0.05
39b09eb0: posts big blind $0.1
*** HOLE CARDS ***
Dealt to 9f92ad42 
Dealt to 6173ed92 
Dealt to Hero [Ts 8s]
Dealt to 8cf958d0 
Dealt to 769564b2 
Dealt to 39b09eb0 
9f92ad42: folds
6173ed92: folds
Hero: folds
8cf958d0: folds
769564b2: raises $0.2 to $0.3
39b09eb0: calls $0.2
*** FLOP *** [As 2c Kh]
769564b2: bets $0.2
39b09eb0: folds
Uncalled bet ($0.2) returned to 769564b2
*** SHOWDOWN ***
769564b2 collected $0.57 from pot
*** SUMMARY ***
Total pot $0.6 | Rake $0.03 | Jackpot $0 | Bingo $0 | Fortune $0 | Tax $0
Board [As 2c Kh]
Seat 1: 9f92ad42 folded before Flop (didn't bet)
Seat 2: 6173ed92 folded before Flop (didn't bet)
Seat 3: Hero folded before Flop (didn't bet)
Seat 4: 8cf958d0 (button) folded before Flop (didn't bet)
Seat 5: 769564b2 (small blind) won ($0.57)
Seat 6: 39b09eb0 (big blind) folded on the Flop


Poker Hand #HD1789251718: Hold'em No Limit ($0.05/$0.1) - 2024/05/27 02:25:17
Table 'NLHRed73' 6-max Seat #3 is the button
Seat 1: 9f92ad42 ($4.9 in chips)
Seat 2: 6173ed92 ($11.88 in chips)
Seat 3: Hero ($13.47 in chips)
Seat 4: 8cf958d0 ($10.66 in chips)
Seat 5: 769564b2 ($10 in chips)
Seat 6: 39b09eb0 ($22.53 in chips)
8cf958d0: posts small blind $0.05
769564b2: posts big blind $0.1
*** HOLE CARDS ***
Dealt to 9f92ad42 
Dealt to 6173ed92 
Dealt to Hero [2c 6s]
Dealt to 8cf958d0 
Dealt to 769564b2 
Dealt to 39b09eb0 
39b09eb0: raises $0.15 to $0.25
9f92ad42: folds
6173ed92: folds
Hero: folds
8cf958d0: folds
769564b2: folds
Uncalled bet ($0.15) returned to 39b09eb0
*** SHOWDOWN ***
39b09eb0 collected $0.25 from pot
*** SUMMARY ***
Total pot $0.25 | Rake $0 | Jackpot $0 | Bingo $0 | Fortune $0 | Tax $0
Seat 1: 9f92ad42 folded before Flop (didn't bet)
Seat 2: 6173ed92 folded before Flop (didn't bet)
Seat 3: Hero (button) folded before Flop (didn't bet)
Seat 4: 8cf958d0 (small blind) folded before Flop
Seat 5: 769564b2 (big blind) folded before Flop
Seat 6: 39b09eb0 collected ($0.25)


Poker Hand #HD1789251668: Hold'em No Limit ($0.05/$0.1) - 2024/05/27 02:24:55
Table 'NLHRed73' 6-max Seat #2 is the button
Seat 1: 9f92ad42 ($4.9 in chips)
Seat 2: 6173ed92 ($11.88 in chips)
Seat 3: Hero ($13.52 in chips)
Seat 4: 8cf958d0 ($10.76 in chips)
Seat 6: 39b09eb0 ($22.38 in chips)
Hero: posts small blind $0.05
8cf958d0: posts big blind $0.1
*** HOLE CARDS ***
Dealt to 9f92ad42 
Dealt to 6173ed92 
Dealt to Hero [5s 6s]
Dealt to 8cf958d0 
Dealt to 39b09eb0 
39b09eb0: raises $0.15 to $0.25
9f92ad42: folds
6173ed92: folds
Hero: folds
8cf958d0: folds
Uncalled bet ($0.15) returned to 39b09eb0
*** SHOWDOWN ***
39b09eb0 collected $0.25 from pot
*** SUMMARY ***
Total pot $0.25 | Rake $0 | Jackpot $0 | Bingo $0 | Fortune $0 | Tax $0
Seat 1: 9f92ad42 folded before Flop (didn't bet)
Seat 2: 6173ed92 (button) folded before Flop (didn't bet)
Seat 3: Hero (small blind) folded before Flop
Seat 4: 8cf958d0 (big blind) folded before Flop
Seat 6: 39b09eb0 collected ($0.25)


Poker Hand #HD1789251603: Hold'em No Limit ($0.05/$0.1) - 2024/05/27 02:24:21
Table 'NLHRed73' 6-max Seat #1 is the button
Seat 1: 9f92ad42 ($4.9 in chips)
Seat 2: 6173ed92 ($11.93 in chips)
Seat 3: Hero ($13.62 in chips)
Seat 4: 8cf958d0 ($10.76 in chips)
Seat 6: 39b09eb0 ($22.23 in chips)
6173ed92: posts small blind $0.05
Hero: posts big blind $0.1
*** HOLE CARDS ***
Dealt to 9f92ad42 
Dealt to 6173ed92 
Dealt to Hero [5d 7s]
Dealt to 8cf958d0 
Dealt to 39b09eb0 
8cf958d0: folds
39b09eb0: raises $0.15 to $0.25
9f92ad42: folds
6173ed92: folds
Hero: folds
Uncalled bet ($0.15) returned to 39b09eb0
*** SHOWDOWN ***
39b09eb0 collected $0.25 from pot
*** SUMMARY ***
Total pot $0.25 | Rake $0 | Jackpot $0 | Bingo $0 | Fortune $0 | Tax $0
Seat 1: 9f92ad42 (button) folded before Flop (didn't bet)
Seat 2: 6173ed92 (small blind) folded before Flop
Seat 3: Hero (big blind) folded before Flop
Seat 4: 8cf958d0 folded before Flop (didn't bet)
Seat 6: 39b09eb0 collected ($0.25)


Poker Hand #HD1789251486: Hold'em No Limit ($0.05/$0.1) - 2024/05/27 02:23:24
Table 'NLHRed73' 6-max Seat #6 is the button
Seat 1: 9f92ad42 ($4.95 in chips)
Seat 2: 6173ed92 ($12.03 in chips)
Seat 3: Hero ($13.82 in chips)
Seat 4: 8cf958d0 ($10.76 in chips)
Seat 5: b55ba4e5 ($10 in chips)
Seat 6: 39b09eb0 ($12.98 in chips)
9f92ad42: posts small blind $0.05
6173ed92: posts big blind $0.1
*** HOLE CARDS ***
Dealt to 9f92ad42 
Dealt to 6173ed92 
Dealt to Hero [Qd As]
Dealt to 8cf958d0 
Dealt to b55ba4e5 
Dealt to 39b09eb0 
Hero: raises $0.1 to $0.2
8cf958d0: folds
b55ba4e5: raises $0.6 to $0.8
39b09eb0: raises $1.67 to $2.47
9f92ad42: folds
6173ed92: folds
Hero: folds
b55ba4e5: raises $7.53 to $10 and is all-in
39b09eb0: calls $7.53
b55ba4e5: shows [Ac Jc]
39b09eb0: shows [Kc Ks]
*** FIRST FLOP *** [Qs Qc Kd]
*** FIRST TURN *** [Qs Qc Kd] [Qh]
*** FIRST RIVER *** [Qs Qc Kd Qh] [9s]
*** SECOND FLOP *** [Kh 5c 3c]
*** SECOND TURN *** [Kh 5c 3c] [7s]
*** SECOND RIVER *** [Kh 5c 3c 7s] [Jh]
*** FIRST SHOWDOWN ***
39b09eb0 collected $9.63 from pot
*** SECOND SHOWDOWN ***
39b09eb0 collected $9.62 from pot
*** SUMMARY ***
Total pot $20.35 | Rake $1 | Jackpot $0.1 | Bingo $0 | Fortune $0 | Tax $0
Hand was run two times
FIRST Board [Qs Qc Kd Qh 9s]
SECOND Board [Kh 5c 3c 7s Jh]
Seat 1: 9f92ad42 (small blind) folded before Flop
Seat 2: 6173ed92 (big blind) folded before Flop
Seat 3: Hero folded before Flop
Seat 4: 8cf958d0 folded before Flop (didn't bet)
Seat 5: b55ba4e5 showed [Ac Jc] and lost with Three Queens, and lost with Pair of Jacks
Seat 6: 39b09eb0 (button) showed [Kc Ks] and won ($9.63) with Kings Full over Queens, and won ($9.62) with Three Kings


Poker Hand #HD1789251445: Hold'em No Limit ($0.05/$0.1) - 2024/05/27 02:23:07
Table 'NLHRed73' 6-max Seat #5 is the button
Seat 1: 9f92ad42 ($5.05 in chips)
Seat 2: 6173ed92 ($11.88 in chips)
Seat 3: Hero ($13.82 in chips)
Seat 4: 8cf958d0 ($10.76 in chips)
Seat 5: b55ba4e5 ($10 in chips)
Seat 6: 39b09eb0 ($13.03 in chips)
39b09eb0: posts small blind $0.05
9f92ad42: posts big blind $0.1
*** HOLE CARDS ***
Dealt to 9f92ad42 
Dealt to 6173ed92 
Dealt to Hero [2d 5s]
Dealt to 8cf958d0 
Dealt to b55ba4e5 
Dealt to 39b09eb0 
6173ed92: raises $0.15 to $0.25
Hero: folds
8cf958d0: folds
b55ba4e5: folds
39b09eb0: folds
9f92ad42: folds
Uncalled bet ($0.15) returned to 6173ed92
*** SHOWDOWN ***
6173ed92 collected $0.25 from pot
*** SUMMARY ***
Total pot $0.25 | Rake $0 | Jackpot $0 | Bingo $0 | Fortune $0 | Tax $0
Seat 1: 9f92ad42 (big blind) folded before Flop
Seat 2: 6173ed92 collected ($0.25)
Seat 3: Hero folded before Flop (didn't bet)
Seat 4: 8cf958d0 folded before Flop (didn't bet)
Seat 5: b55ba4e5 (button) folded before Flop (didn't bet)
Seat 6: 39b09eb0 (small blind) folded before Flop


Poker Hand #HD1789251332: Hold'em No Limit ($0.05/$0.1) - 2024/05/27 02:22:16
Table 'NLHRed73' 6-max Seat #4 is the button
Seat 1: 9f92ad42 ($5.05 in chips)
Seat 2: 6173ed92 ($11.88 in chips)
Seat 3: Hero ($13.82 in chips)
Seat 4: 8cf958d0 ($10.76 in chips)
Seat 5: b55ba4e5 ($10 in chips)
Seat 6: 39b09eb0 ($13.06 in chips)
b55ba4e5: posts small blind $0.05
39b09eb0: posts big blind $0.1
*** HOLE CARDS ***
Dealt to 9f92ad42 
Dealt to 6173ed92 
Dealt to Hero [6s 2d]
Dealt to 8cf958d0 
Dealt to b55ba4e5 
Dealt to 39b09eb0 
9f92ad42: folds
6173ed92: folds
Hero: folds
8cf958d0: folds
b55ba4e5: raises $0.2 to $0.3
39b09eb0: calls $0.2
*** FLOP *** [6h 3c 5h]
b55ba4e5: checks
39b09eb0: checks
*** TURN *** [6h 3c 5h] [4s]
b55ba4e5: checks
39b09eb0: checks
*** RIVER *** [6h 3c 5h 4s] [2c]
b55ba4e5: checks
39b09eb0: bets $0.3
b55ba4e5: calls $0.3
39b09eb0: shows [Ah Ts] (Sixes-High Straight)
b55ba4e5: shows [Qh Ad] (Sixes-High Straight)
*** SHOWDOWN ***
b55ba4e5 collected $0.57 from pot
39b09eb0 collected $0.57 from pot
*** SUMMARY ***
Total pot $1.2 | Rake $0.06 | Jackpot $0 | Bingo $0 | Fortune $0 | Tax $0
Board [6h 3c 5h 4s 2c]
Seat 1: 9f92ad42 folded before Flop (didn't bet)
Seat 2: 6173ed92 folded before Flop (didn't bet)
Seat 3: Hero folded before Flop (didn't bet)
Seat 4: 8cf958d0 (button) folded before Flop (didn't bet)
Seat 5: b55ba4e5 (small blind) showed [Qh Ad] and won ($0.57) with Sixes-High Straight
Seat 6: 39b09eb0 (big blind) showed [Ah Ts] and won ($0.57) with Sixes-High Straight


Poker Hand #HD1789251291: Hold'em No Limit ($0.05/$0.1) - 2024/05/27 02:21:55
Table 'NLHRed73' 6-max Seat #3 is the button
Seat 1: 9f92ad42 ($5.05 in chips)
Seat 2: 6173ed92 ($11.88 in chips)
Seat 3: Hero ($13.82 in chips)
Seat 4: 8cf958d0 ($10.66 in chips)
Seat 5: b55ba4e5 ($10 in chips)
Seat 6: 39b09eb0 ($13.06 in chips)
8cf958d0: posts small blind $0.05
b55ba4e5: posts big blind $0.1
*** HOLE CARDS ***
Dealt to 9f92ad42 
Dealt to 6173ed92 
Dealt to Hero [4h Kd]
Dealt to 8cf958d0 
Dealt to b55ba4e5 
Dealt to 39b09eb0 
39b09eb0: folds
9f92ad42: folds
6173ed92: folds
Hero: folds
8cf958d0: raises $0.1 to $0.2
b55ba4e5: folds
Uncalled bet ($0.1) returned to 8cf958d0
*** SHOWDOWN ***
8cf958d0 collected $0.2 from pot
*** SUMMARY ***
Total pot $0.2 | Rake $0 | Jackpot $0 | Bingo $0 | Fortune $0 | Tax $0
Seat 1: 9f92ad42 folded before Flop (didn't bet)
Seat 2: 6173ed92 folded before Flop (didn't bet)
Seat 3: Hero (button) folded before Flop (didn't bet)
Seat 4: 8cf958d0 (small blind) collected ($0.2)
Seat 5: b55ba4e5 (big blind) folded before Flop
Seat 6: 39b09eb0 folded before Flop (didn't bet)


Poker Hand #HD1789251265: Hold'em No Limit ($0.05/$0.1) - 2024/05/27 02:21:42
Table 'NLHRed73' 6-max Seat #2 is the button
Seat 1: 9f92ad42 ($5.05 in chips)
Seat 2: 6173ed92 ($11.88 in chips)
Seat 3: Hero ($13.87 in chips)
Seat 4: 8cf958d0 ($10.61 in chips)
Seat 6: 39b09eb0 ($13.06 in chips)
Hero: posts small blind $0.05
8cf958d0: posts big blind $0.1
*** HOLE CARDS ***
Dealt to 9f92ad42 
Dealt to 6173ed92 
Dealt to Hero [5h 4d]
Dealt to 8cf958d0 
Dealt to 39b09eb0 
39b09eb0: folds
9f92ad42: folds
6173ed92: folds
Hero: folds
Uncalled bet ($0.05) returned to 8cf958d0
*** SHOWDOWN ***
8cf958d0 collected $0.1 from pot
*** SUMMARY ***
Total pot $0.1 | Rake $0 | Jackpot $0 | Bingo $0 | Fortune $0 | Tax $0
Seat 1: 9f92ad42 folded before Flop (didn't bet)
Seat 2: 6173ed92 (button) folded before Flop (didn't bet)
Seat 3: Hero (small blind) folded before Flop
Seat 4: 8cf958d0 (big blind) collected ($0.1)
Seat 6: 39b09eb0 folded before Flop (didn't bet)


Poker Hand #HD1789251205: Hold'em No Limit ($0.05/$0.1) - 2024/05/27 02:21:16
Table 'NLHRed73' 6-max Seat #1 is the button
Seat 1: 9f92ad42 ($3.55 in chips)
Seat 2: 6173ed92 ($11.93 in chips)
Seat 3: Hero ($14.07 in chips)
Seat 4: 8cf958d0 ($10.38 in chips)
Seat 6: 39b09eb0 ($13.06 in chips)
6173ed92: posts small blind $0.05
Hero: posts big blind $0.1
*** HOLE CARDS ***
Dealt to 9f92ad42 
Dealt to 6173ed92 
Dealt to Hero [2c 2h]
Dealt to 8cf958d0 
Dealt to 39b09eb0 
8cf958d0: raises $0.1 to $0.2
39b09eb0: folds
9f92ad42: folds
6173ed92: folds
Hero: calls $0.1
*** FLOP *** [7c Th 5h]
Hero: checks
8cf958d0: bets $0.25
Hero: folds
Uncalled bet ($0.25) returned to 8cf958d0
*** SHOWDOWN ***
8cf958d0 collected $0.43 from pot
*** SUMMARY ***
Total pot $0.45 | Rake $0.02 | Jackpot $0 | Bingo $0 | Fortune $0 | Tax $0
Board [7c Th 5h]
Seat 1: 9f92ad42 (button) folded before Flop (didn't bet)
Seat 2: 6173ed92 (small blind) folded before Flop
Seat 3: Hero (big blind) folded on the Flop
Seat 4: 8cf958d0 won ($0.43)
Seat 6: 39b09eb0 folded before Flop (didn't bet)


Poker Hand #HD1789251151: Hold'em No Limit ($0.05/$0.1) - 2024/05/27 02:20:54
Table 'NLHRed73' 6-max Seat #6 is the button
Seat 1: 9f92ad42 ($3.45 in chips)
Seat 2: 6173ed92 ($12.03 in chips)
Seat 3: Hero ($14.07 in chips)
Seat 4: 8cf958d0 ($10.38 in chips)
Seat 6: 39b09eb0 ($13.06 in chips)
9f92ad42: posts small blind $0.05
6173ed92: posts big blind $0.1
*** HOLE CARDS ***
Dealt to 9f92ad42 
Dealt to 6173ed92 
Dealt to Hero [Td 8d]
Dealt to 8cf958d0 
Dealt to 39b09eb0 
Hero: folds
8cf958d0: folds
39b09eb0: folds
9f92ad42: raises $0.2 to $0.3
6173ed92: folds
Uncalled bet ($0.2) returned to 9f92ad42
*** SHOWDOWN ***
9f92ad42 collected $0.2 from pot
*** SUMMARY ***
Total pot $0.2 | Rake $0 | Jackpot $0 | Bingo $0 | Fortune $0 | Tax $0
Seat 1: 9f92ad42 (small blind) collected ($0.2)
Seat 2: 6173ed92 (big blind) folded before Flop
Seat 3: Hero folded before Flop (didn't bet)
Seat 4: 8cf958d0 folded before Flop (didn't bet)
Seat 6: 39b09eb0 (button) folded before Flop (didn't bet)


Poker Hand #HD1789251053: Hold'em No Limit ($0.05/$0.1) - 2024/05/27 02:20:04
Table 'NLHRed73' 6-max Seat #4 is the button
Seat 1: 9f92ad42 ($4.35 in chips)
Seat 2: 6173ed92 ($12.03 in chips)
Seat 3: Hero ($13.11 in chips)
Seat 4: 8cf958d0 ($10.38 in chips)
Seat 5: f525e074 ($3.5 in chips)
Seat 6: 39b09eb0 ($13.16 in chips)
f525e074: posts small blind $0.05
39b09eb0: posts big blind $0.1
*** HOLE CARDS ***
Dealt to 9f92ad42 
Dealt to 6173ed92 
Dealt to Hero [Ks Qs]
Dealt to 8cf958d0 
Dealt to f525e074 
Dealt to 39b09eb0 
9f92ad42: raises $0.2 to $0.3
6173ed92: folds
Hero: raises $0.6 to $0.9
8cf958d0: folds
f525e074: folds
39b09eb0: folds
9f92ad42: calls $0.6
*** FLOP *** [Jh 5h 9c]
9f92ad42: checks
Hero: bets $0.9
9f92ad42: folds
Uncalled bet ($0.9) returned to Hero
*** SHOWDOWN ***
Hero collected $1.86 from pot
*** SUMMARY ***
Total pot $1.95 | Rake $0.09 | Jackpot $0 | Bingo $0 | Fortune $0 | Tax $0
Board [Jh 5h 9c]
Seat 1: 9f92ad42 folded on the Flop
Seat 2: 6173ed92 folded before Flop (didn't bet)
Seat 3: Hero won ($1.86)
Seat 4: 8cf958d0 (button) folded before Flop (didn't bet)
Seat 5: f525e074 (small blind) folded before Flop
Seat 6: 39b09eb0 (big blind) folded before Flop


Poker Hand #HD1789251014: Hold'em No Limit ($0.05/$0.1) - 2024/05/27 02:19:43
Table 'NLHRed73' 6-max Seat #3 is the button
Seat 1: 9f92ad42 ($4.35 in chips)
Seat 2: 6173ed92 ($12.03 in chips)
Seat 3: Hero ($13.11 in chips)
Seat 4: 8cf958d0 ($10.28 in chips)
Seat 5: f525e074 ($3.6 in chips)
Seat 6: 39b09eb0 ($13.16 in chips)
8cf958d0: posts small blind $0.05
f525e074: posts big blind $0.1
*** HOLE CARDS ***
Dealt to 9f92ad42 
Dealt to 6173ed92 
Dealt to Hero [Qh 3d]
Dealt to 8cf958d0 
Dealt to f525e074 
Dealt to 39b09eb0 
39b09eb0: folds
9f92ad42: folds
6173ed92: folds
Hero: folds
8cf958d0: raises $0.1 to $0.2
f525e074: folds
Uncalled bet ($0.1) returned to 8cf958d0
*** SHOWDOWN ***
8cf958d0 collected $0.2 from pot
*** SUMMARY ***
Total pot $0.2 | Rake $0 | Jackpot $0 | Bingo $0 | Fortune $0 | Tax $0
Seat 1: 9f92ad42 folded before Flop (didn't bet)
Seat 2: 6173ed92 folded before Flop (didn't bet)
Seat 3: Hero (button) folded before Flop (didn't bet)
Seat 4: 8cf958d0 (small blind) collected ($0.2)
Seat 5: f525e074 (big blind) folded before Flop
Seat 6: 39b09eb0 folded before Flop (didn't bet)


Poker Hand #HD1789250963: Hold'em No Limit ($0.05/$0.1) - 2024/05/27 02:19:13
Table 'NLHRed73' 6-max Seat #2 is the button
Seat 1: 9f92ad42 ($4.35 in chips)
Seat 2: 6173ed92 ($12.03 in chips)
Seat 3: Hero ($13.16 in chips)
Seat 4: 8cf958d0 ($10 in chips)
Seat 5: f525e074 ($3.6 in chips)
Seat 6: 39b09eb0 ($13.41 in chips)
Hero: posts small blind $0.05
8cf958d0: posts big blind $0.1
*** HOLE CARDS ***
Dealt to 9f92ad42 
Dealt to 6173ed92 
Dealt to Hero [Th Ac]
Dealt to 8cf958d0 
Dealt to f525e074 
Dealt to 39b09eb0 
f525e074: folds
39b09eb0: raises $0.15 to $0.25
9f92ad42: folds
6173ed92: folds
Hero: folds
8cf958d0: raises $0.9 to $1.15
39b09eb0: folds
Uncalled bet ($0.9) returned to 8cf958d0
*** SHOWDOWN ***
8cf958d0 collected $0.53 from pot
*** SUMMARY ***
Total pot $0.55 | Rake $0.02 | Jackpot $0 | Bingo $0 | Fortune $0 | Tax $0
Seat 1: 9f92ad42 folded before Flop (didn't bet)
Seat 2: 6173ed92 (button) folded before Flop (didn't bet)
Seat 3: Hero (small blind) folded before Flop
Seat 4: 8cf958d0 (big blind) collected ($0.53)
Seat 5: f525e074 folded before Flop (didn't bet)
Seat 6: 39b09eb0 folded before Flop


Poker Hand #HD1789250812: Hold'em No Limit ($0.05/$0.1) - 2024/05/27 02:18:02
Table 'NLHRed73' 6-max Seat #1 is the button
Seat 1: 9f92ad42 ($4.35 in chips)
Seat 2: 6173ed92 ($16.4 in chips)
Seat 3: Hero ($13.26 in chips)
Seat 4: 8cf958d0 ($10 in chips)
Seat 5: f525e074 ($3.6 in chips)
Seat 6: 39b09eb0 ($9.47 in chips)
6173ed92: posts small blind $0.05
Hero: posts big blind $0.1
*** HOLE CARDS ***
Dealt to 9f92ad42 
Dealt to 6173ed92 
Dealt to Hero [Jd 6h]
Dealt to 8cf958d0 
Dealt to f525e074 
Dealt to 39b09eb0 
8cf958d0: folds
f525e074: folds
39b09eb0: raises $0.15 to $0.25
9f92ad42: folds
6173ed92: raises $1 to $1.25
Hero: folds
39b09eb0: calls $1
*** FLOP *** [7c 8c 2s]
6173ed92: bets $1.46
39b09eb0: calls $1.46
*** TURN *** [7c 8c 2s] [6c]
6173ed92: bets $1.66
39b09eb0: raises $5.1 to $6.76 and is all-in
6173ed92: folds
Uncalled bet ($5.1) returned to 39b09eb0
*** SHOWDOWN ***
39b09eb0 collected $8.31 from pot
*** SUMMARY ***
Total pot $8.84 | Rake $0.43 | Jackpot $0.1 | Bingo $0 | Fortune $0 | Tax $0
Board [7c 8c 2s 6c]
Seat 1: 9f92ad42 (button) folded before Flop (didn't bet)
Seat 2: 6173ed92 (small blind) folded on the Turn
Seat 3: Hero (big blind) folded before Flop
Seat 4: 8cf958d0 folded before Flop (didn't bet)
Seat 5: f525e074 folded before Flop (didn't bet)
Seat 6: 39b09eb0 won ($8.31)


Poker Hand #HD1789250773: Hold'em No Limit ($0.05/$0.1) - 2024/05/27 02:17:43
Table 'NLHRed73' 6-max Seat #6 is the button
Seat 1: 9f92ad42 ($4.4 in chips)
Seat 2: 6173ed92 ($16.35 in chips)
Seat 3: Hero ($13.26 in chips)
Seat 4: 8cf958d0 ($10 in chips)
Seat 5: f525e074 ($3.6 in chips)
Seat 6: 39b09eb0 ($9.47 in chips)
9f92ad42: posts small blind $0.05
6173ed92: posts big blind $0.1
*** HOLE CARDS ***
Dealt to 9f92ad42 
Dealt to 6173ed92 
Dealt to Hero [Ah 4d]
Dealt to 8cf958d0 
Dealt to f525e074 
Dealt to 39b09eb0 
Hero: folds
8cf958d0: folds
f525e074: folds
39b09eb0: folds
9f92ad42: folds
Uncalled bet ($0.05) returned to 6173ed92
*** SHOWDOWN ***
6173ed92 collected $0.1 from pot
*** SUMMARY ***
Total pot $0.1 | Rake $0 | Jackpot $0 | Bingo $0 | Fortune $0 | Tax $0
Seat 1: 9f92ad42 (small blind) folded before Flop
Seat 2: 6173ed92 (big blind) collected ($0.1)
Seat 3: Hero folded before Flop (didn't bet)
Seat 4: 8cf958d0 folded before Flop (didn't bet)
Seat 5: f525e074 folded before Flop (didn't bet)
Seat 6: 39b09eb0 (button) folded before Flop (didn't bet)


Poker Hand #HD1789250614: Hold'em No Limit ($0.05/$0.1) - 2024/05/27 02:16:23
Table 'NLHRed73' 6-max Seat #5 is the button
Seat 1: 9f92ad42 ($4.5 in chips)
Seat 2: 6173ed92 ($13.26 in chips)
Seat 3: Hero ($13.26 in chips)
Seat 4: 8cf958d0 ($10 in chips)
Seat 5: f525e074 ($3.85 in chips)
Seat 6: 39b09eb0 ($12.64 in chips)
39b09eb0: posts small blind $0.05
9f92ad42: posts big blind $0.1
*** HOLE CARDS ***
Dealt to 9f92ad42 
Dealt to 6173ed92 
Dealt to Hero [Td 2s]
Dealt to 8cf958d0 
Dealt to f525e074 
Dealt to 39b09eb0 
6173ed92: raises $0.15 to $0.25
Hero: folds
8cf958d0: folds
f525e074: calls $0.25
39b09eb0: raises $1.15 to $1.4
9f92ad42: folds
6173ed92: calls $1.15
f525e074: folds
*** FLOP *** [6s 5h 3s]
39b09eb0: checks
6173ed92: bets $1.77
39b09eb0: calls $1.77
*** TURN *** [6s 5h 3s] [Qc]
39b09eb0: checks
6173ed92: bets $2.01
39b09eb0: folds
Uncalled bet ($2.01) returned to 6173ed92
*** SHOWDOWN ***
6173ed92 collected $6.26 from pot
*** SUMMARY ***
Total pot $6.69 | Rake $0.33 | Jackpot $0.1 | Bingo $0 | Fortune $0 | Tax $0
Board [6s 5h 3s Qc]
Seat 1: 9f92ad42 (big blind) folded before Flop
Seat 2: 6173ed92 won ($6.26)
Seat 3: Hero folded before Flop (didn't bet)
Seat 4: 8cf958d0 folded before Flop (didn't bet)
Seat 5: f525e074 (button) folded before Flop
Seat 6: 39b09eb0 (small blind) folded on the Turn


Poker Hand #HD1789250569: Hold'em No Limit ($0.05/$0.1) - 2024/05/27 02:16:04
Table 'NLHRed73' 6-max Seat #4 is the button
Seat 1: 9f92ad42 ($4.5 in chips)
Seat 2: 6173ed92 ($13.11 in chips)
Seat 3: Hero ($13.26 in chips)
Seat 4: 8cf958d0 ($10 in chips)
Seat 5: f525e074 ($3.9 in chips)
Seat 6: 39b09eb0 ($12.74 in chips)
f525e074: posts small blind $0.05
39b09eb0: posts big blind $0.1
*** HOLE CARDS ***
Dealt to 9f92ad42 
Dealt to 6173ed92 
Dealt to Hero [6d 9d]
Dealt to 8cf958d0 
Dealt to f525e074 
Dealt to 39b09eb0 
9f92ad42: folds
6173ed92: raises $0.15 to $0.25
Hero: folds
8cf958d0: folds
f525e074: folds
39b09eb0: folds
Uncalled bet ($0.15) returned to 6173ed92
*** SHOWDOWN ***
6173ed92 collected $0.25 from pot
*** SUMMARY ***
Total pot $0.25 | Rake $0 | Jackpot $0 | Bingo $0 | Fortune $0 | Tax $0
Seat 1: 9f92ad42 folded before Flop (didn't bet)
Seat 2: 6173ed92 collected ($0.25)
Seat 3: Hero folded before Flop (didn't bet)
Seat 4: 8cf958d0 (button) folded before Flop (didn't bet)
Seat 5: f525e074 (small blind) folded before Flop
Seat 6: 39b09eb0 (big blind) folded before Flop


Poker Hand #HD1789250540: Hold'em No Limit ($0.05/$0.1) - 2024/05/27 02:15:46
Table 'NLHRed73' 6-max Seat #3 is the button
Seat 1: 9f92ad42 ($4.5 in chips)
Seat 2: 6173ed92 ($12.96 in chips)
Seat 3: Hero ($13.26 in chips)
Seat 4: 8cf958d0 ($10.05 in chips)
Seat 5: f525e074 ($4 in chips)
Seat 6: 39b09eb0 ($12.74 in chips)
8cf958d0: posts small blind $0.05
f525e074: posts big blind $0.1
*** HOLE CARDS ***
Dealt to 9f92ad42 
Dealt to 6173ed92 
Dealt to Hero [Qh 3s]
Dealt to 8cf958d0 
Dealt to f525e074 
Dealt to 39b09eb0 
39b09eb0: folds
9f92ad42: folds
6173ed92: raises $0.15 to $0.25
Hero: folds
8cf958d0: folds
f525e074: folds
Uncalled bet ($0.15) returned to 6173ed92
*** SHOWDOWN ***
6173ed92 collected $0.25 from pot
*** SUMMARY ***
Total pot $0.25 | Rake $0 | Jackpot $0 | Bingo $0 | Fortune $0 | Tax $0
Seat 1: 9f92ad42 folded before Flop (didn't bet)
Seat 2: 6173ed92 collected ($0.25)
Seat 3: Hero (button) folded before Flop (didn't bet)
Seat 4: 8cf958d0 (small blind) folded before Flop
Seat 5: f525e074 (big blind) folded before Flop
Seat 6: 39b09eb0 folded before Flop (didn't bet)


Poker Hand #HD1789250502: Hold'em No Limit ($0.05/$0.1) - 2024/05/27 02:15:27
Table 'NLHRed73' 6-max Seat #2 is the button
Seat 2: 6173ed92 ($12.81 in chips)
Seat 3: Hero ($13.31 in chips)
Seat 4: 8cf958d0 ($10.15 in chips)
Seat 5: f525e074 ($4 in chips)
Seat 6: 39b09eb0 ($12.74 in chips)
Hero: posts small blind $0.05
8cf958d0: posts big blind $0.1
*** HOLE CARDS ***
Dealt to 6173ed92 
Dealt to Hero [Th 3s]
Dealt to 8cf958d0 
Dealt to f525e074 
Dealt to 39b09eb0 
f525e074: folds
39b09eb0: folds
6173ed92: raises $0.15 to $0.25
Hero: folds
8cf958d0: folds
Uncalled bet ($0.15) returned to 6173ed92
*** SHOWDOWN ***
6173ed92 collected $0.25 from pot
*** SUMMARY ***
Total pot $0.25 | Rake $0 | Jackpot $0 | Bingo $0 | Fortune $0 | Tax $0
Seat 2: 6173ed92 (button) collected ($0.25)
Seat 3: Hero (small blind) folded before Flop
Seat 4: 8cf958d0 (big blind) folded before Flop
Seat 5: f525e074 folded before Flop (didn't bet)
Seat 6: 39b09eb0 folded before Flop (didn't bet)


Poker Hand #HD1789250374: Hold'em No Limit ($0.05/$0.1) - 2024/05/27 02:14:26
Table 'NLHRed73' 6-max Seat #1 is the button
Seat 1: 9f92ad42 ($3.37 in chips)
Seat 2: 6173ed92 ($12.86 in chips)
Seat 3: Hero ($10.32 in chips)
Seat 4: 8cf958d0 ($10.15 in chips)
Seat 5: f525e074 ($4 in chips)
Seat 6: 39b09eb0 ($12.74 in chips)
6173ed92: posts small blind $0.05
Hero: posts big blind $0.1
*** HOLE CARDS ***
Dealt to 9f92ad42 
Dealt to 6173ed92 
Dealt to Hero [Ad 3d]
Dealt to 8cf958d0 
Dealt to f525e074 
Dealt to 39b09eb0 
8cf958d0: folds
f525e074: folds
39b09eb0: folds
9f92ad42: raises $0.2 to $0.3
6173ed92: folds
Hero: calls $0.2
*** FLOP *** [Qd Kd 2d]
Hero: checks
9f92ad42: bets $0.35
Hero: calls $0.35
*** TURN *** [Qd Kd 2d] [5d]
Hero: checks
9f92ad42: bets $0.7
Hero: calls $0.7
*** RIVER *** [Qd Kd 2d 5d] [4s]
Hero: bets $8.97 and is all-in
9f92ad42: calls $2.02 and is all-in
Uncalled bet ($6.95) returned to Hero
Hero: shows [Ad 3d] (Ace High Flush)
9f92ad42: shows [Qc Jd] (King High Flush)
*** SHOWDOWN ***
Hero collected $6.36 from pot
*** SUMMARY ***
Total pot $6.79 | Rake $0.33 | Jackpot $0.1 | Bingo $0 | Fortune $0 | Tax $0
Board [Qd Kd 2d 5d 4s]
Seat 1: 9f92ad42 (button) showed [Qc Jd] and lost with King High Flush
Seat 2: 6173ed92 (small blind) folded before Flop
Seat 3: Hero (big blind) showed [Ad 3d] and won ($6.36) with Ace High Flush
Seat 4: 8cf958d0 folded before Flop (didn't bet)
Seat 5: f525e074 folded before Flop (didn't bet)
Seat 6: 39b09eb0 folded before Flop (didn't bet)


Poker Hand #HD1789250342: Hold'em No Limit ($0.05/$0.1) - 2024/05/27 02:14:12
Table 'NLHRed73' 6-max Seat #6 is the button
Seat 1: 9f92ad42 ($3.42 in chips)
Seat 2: 6173ed92 ($12.96 in chips)
Seat 3: Hero ($10.32 in chips)
Seat 4: 8cf958d0 ($10 in chips)
Seat 6: 39b09eb0 ($12.74 in chips)
9f92ad42: posts small blind $0.05
6173ed92: posts big blind $0.1
*** HOLE CARDS ***
Dealt to 9f92ad42 
Dealt to 6173ed92 
Dealt to Hero [6c 4h]
Dealt to 8cf958d0 
Dealt to 39b09eb0 
Hero: folds
8cf958d0: raises $0.1 to $0.2
39b09eb0: folds
9f92ad42: folds
6173ed92: folds
Uncalled bet ($0.1) returned to 8cf958d0
*** SHOWDOWN ***
8cf958d0 collected $0.25 from pot
*** SUMMARY ***
Total pot $0.25 | Rake $0 | Jackpot $0 | Bingo $0 | Fortune $0 | Tax $0
Seat 1: 9f92ad42 (small blind) folded before Flop
Seat 2: 6173ed92 (big blind) folded before Flop
Seat 3: Hero folded before Flop (didn't bet)
Seat 4: 8cf958d0 collected ($0.25)
Seat 6: 39b09eb0 (button) folded before Flop (didn't bet)


Poker Hand #HD1789250216: Hold'em No Limit ($0.05/$0.1) - 2024/05/27 02:13:10
Table 'NLHRed73' 6-max Seat #5 is the button
Seat 1: 9f92ad42 ($3.52 in chips)
Seat 2: 6173ed92 ($12.96 in chips)
Seat 3: Hero ($10.32 in chips)
Seat 4: 8cf958d0 ($10 in chips)
Seat 5: f525e074 ($2.33 in chips)
Seat 6: 39b09eb0 ($10.64 in chips)
39b09eb0: posts small blind $0.05
9f92ad42: posts big blind $0.1
*** HOLE CARDS ***
Dealt to 9f92ad42 
Dealt to 6173ed92 
Dealt to Hero [Td 4d]
Dealt to 8cf958d0 
Dealt to f525e074 
Dealt to 39b09eb0 
6173ed92: folds
Hero: folds
8cf958d0: folds
f525e074: raises $0.2 to $0.3
39b09eb0: raises $0.83 to $1.13
9f92ad42: folds
f525e074: raises $1.2 to $2.33 and is all-in
39b09eb0: calls $1.2
f525e074: shows [Qc Qs]
39b09eb0: shows [Ac Kd]
*** FLOP *** [Ks 3s Js]
*** TURN *** [Ks 3s Js] [8c]
*** RIVER *** [Ks 3s Js 8c] [Jh]
*** SHOWDOWN ***
39b09eb0 collected $4.43 from pot
*** SUMMARY ***
Total pot $4.76 | Rake $0.23 | Jackpot $0.1 | Bingo $0 | Fortune $0 | Tax $0
Board [Ks 3s Js 8c Jh]
Seat 1: 9f92ad42 (big blind) folded before Flop
Seat 2: 6173ed92 folded before Flop (didn't bet)
Seat 3: Hero folded before Flop (didn't bet)
Seat 4: 8cf958d0 folded before Flop (didn't bet)
Seat 5: f525e074 (button) showed [Qc Qs] and lost with Pair of Queens and Pair of Jacks
Seat 6: 39b09eb0 (small blind) showed [Ac Kd] and won ($4.43) with Pair of Kings and Pair of Jacks


Poker Hand #HD1789250144: Hold'em No Limit ($0.05/$0.1) - 2024/05/27 02:12:38
Table 'NLHRed73' 6-max Seat #4 is the button
Seat 1: 9f92ad42 ($3.52 in chips)
Seat 2: 6173ed92 ($12.96 in chips)
Seat 3: Hero ($10 in chips)
Seat 4: 8cf958d0 ($10 in chips)
Seat 5: f525e074 ($2.57 in chips)
Seat 6: 39b09eb0 ($10.74 in chips)
f525e074: posts small blind $0.05
39b09eb0: posts big blind $0.1
*** HOLE CARDS ***
Dealt to 9f92ad42 
Dealt to 6173ed92 
Dealt to Hero [5d 5s]
Dealt to 8cf958d0 
Dealt to f525e074 
Dealt to 39b09eb0 
9f92ad42: folds
6173ed92: folds
Hero: raises $0.14 to $0.24
8cf958d0: folds
f525e074: calls $0.19
39b09eb0: folds
*** FLOP *** [Td Ks 5h]
f525e074: checks
Hero: bets $0.3
f525e074: folds
Uncalled bet ($0.3) returned to Hero
*** SHOWDOWN ***
Hero collected $0.56 from pot
*** SUMMARY ***
Total pot $0.58 | Rake $0.02 | Jackpot $0 | Bingo $0 | Fortune $0 | Tax $0
Board [Td Ks 5h]
Seat 1: 9f92ad42 folded before Flop (didn't bet)
Seat 2: 6173ed92 folded before Flop (didn't bet)
Seat 3: Hero won ($0.56)
Seat 4: 8cf958d0 (button) folded before Flop (didn't bet)
Seat 5: f525e074 (small blind) folded on the Flop
Seat 6: 39b09eb0 (big blind) folded before Flop


Poker Hand #HD1789250031: Hold'em No Limit ($0.05/$0.1) - 2024/05/27 02:11:42
Table 'NLHRed73' 6-max Seat #3 is the button
Seat 1: 9f92ad42 ($3.52 in chips)
Seat 2: 6173ed92 ($10.75 in chips)
Seat 3: Hero ($10 in chips)
Seat 4: 8cf958d0 ($10.34 in chips)
Seat 5: f525e074 ($2.67 in chips)
Seat 6: 39b09eb0 ($10.74 in chips)
8cf958d0: posts small blind $0.05
f525e074: posts big blind $0.1
*** HOLE CARDS ***
Dealt to 9f92ad42 
Dealt to 6173ed92 
Dealt to Hero [Ad Ts]
Dealt to 8cf958d0 
Dealt to f525e074 
Dealt to 39b09eb0 
39b09eb0: folds
9f92ad42: folds
6173ed92: raises $0.15 to $0.25
Hero: folds
8cf958d0: raises $0.95 to $1.2
f525e074: folds
6173ed92: calls $0.95
*** FLOP *** [3c 8c Ah]
8cf958d0: bets $0.75
6173ed92: calls $0.75
*** TURN *** [3c 8c Ah] [6d]
8cf958d0: bets $0.5
6173ed92: raises $1.5 to $2
8cf958d0: folds
Uncalled bet ($1.5) returned to 6173ed92
*** SHOWDOWN ***
6173ed92 collected $4.66 from pot
*** SUMMARY ***
Total pot $5 | Rake $0.24 | Jackpot $0.1 | Bingo $0 | Fortune $0 | Tax $0
Board [3c 8c Ah 6d]
Seat 1: 9f92ad42 folded before Flop (didn't bet)
Seat 2: 6173ed92 won ($4.66)
Seat 3: Hero (button) folded before Flop (didn't bet)
Seat 4: 8cf958d0 (small blind) folded on the Turn
Seat 5: f525e074 (big blind) folded before Flop
Seat 6: 39b09eb0 folded before Flop (didn't bet)


Poker Hand #HD1789249955: Hold'em No Limit ($0.05/$0.1) - 2024/05/27 02:11:08
Table 'NLHRed73' 6-max Seat #2 is the button
Seat 1: 9f92ad42 ($3.52 in chips)
Seat 2: 6173ed92 ($10.47 in chips)
Seat 3: Hero ($10.05 in chips)
Seat 4: 8cf958d0 ($10.59 in chips)
Seat 5: f525e074 ($2.67 in chips)
Seat 6: 39b09eb0 ($10.74 in chips)
Hero: posts small blind $0.05
8cf958d0: posts big blind $0.1
*** HOLE CARDS ***
Dealt to 9f92ad42 
Dealt to 6173ed92 
Dealt to Hero [3d Th]
Dealt to 8cf958d0 
Dealt to f525e074 
Dealt to 39b09eb0 
f525e074: folds
39b09eb0: folds
9f92ad42: folds
6173ed92: raises $0.15 to $0.25
Hero: folds
8cf958d0: calls $0.15
*** FLOP *** [Qc Kh Ah]
8cf958d0: checks
6173ed92: bets $0.5
8cf958d0: folds
Uncalled bet ($0.5) returned to 6173ed92
*** SHOWDOWN ***
6173ed92 collected $0.53 from pot
*** SUMMARY ***
Total pot $0.55 | Rake $0.02 | Jackpot $0 | Bingo $0 | Fortune $0 | Tax $0
Board [Qc Kh Ah]
Seat 1: 9f92ad42 folded before Flop (didn't bet)
Seat 2: 6173ed92 (button) won ($0.53)
Seat 3: Hero (small blind) folded before Flop
Seat 4: 8cf958d0 (big blind) folded on the Flop
Seat 5: f525e074 folded before Flop (didn't bet)
Seat 6: 39b09eb0 folded before Flop (didn't bet)


Poker Hand #HD1789249905: Hold'em No Limit ($0.05/$0.1) - 2024/05/27 02:10:42
Table 'NLHRed73' 6-max Seat #1 is the button
Seat 1: 9f92ad42 ($3.52 in chips)
Seat 2: 6173ed92 ($10.52 in chips)
Seat 3: Hero ($10 in chips)
Seat 4: 8cf958d0 ($10.59 in chips)
Seat 5: f525e074 ($2.67 in chips)
Seat 6: 39b09eb0 ($10.74 in chips)
6173ed92: posts small blind $0.05
Hero: posts big blind $0.1
*** HOLE CARDS ***
Dealt to 9f92ad42 
Dealt to 6173ed92 
Dealt to Hero [3s 5d]
Dealt to 8cf958d0 
Dealt to f525e074 
Dealt to 39b09eb0 
8cf958d0: folds
f525e074: folds
39b09eb0: folds
9f92ad42: folds
6173ed92: folds
Uncalled bet ($0.05) returned to Hero
*** SHOWDOWN ***
Hero collected $0.1 from pot
*** SUMMARY ***
Total pot $0.1 | Rake $0 | Jackpot $0 | Bingo $0 | Fortune $0 | Tax $0
Seat 1: 9f92ad42 (button) folded before Flop (didn't bet)
Seat 2: 6173ed92 (small blind) folded before Flop
Seat 3: Hero (big blind) collected ($0.1)
Seat 4: 8cf958d0 folded before Flop (didn't bet)
Seat 5: f525e074 folded before Flop (didn't bet)
Seat 6: 39b09eb0 folded before Flop (didn't bet)


Poker Hand #HD1789249874: Hold'em No Limit ($0.05/$0.1) - 2024/05/27 02:10:27
Table 'NLHRed73' 6-max Seat #6 is the button
Seat 1: 9f92ad42 ($3.57 in chips)
Seat 2: 6173ed92 ($10.47 in chips)
Seat 3: Hero ($10 in chips)
Seat 4: 8cf958d0 ($10.59 in chips)
Seat 5: f525e074 ($2.67 in chips)
Seat 6: 39b09eb0 ($10.74 in chips)
9f92ad42: posts small blind $0.05
6173ed92: posts big blind $0.1
*** HOLE CARDS ***
Dealt to 9f92ad42 
Dealt to 6173ed92 
Dealt to Hero [Ad 7c]
Dealt to 8cf958d0 
Dealt to f525e074 
Dealt to 39b09eb0 
Hero: folds
8cf958d0: folds
f525e074: folds
39b09eb0: folds
9f92ad42: folds
Uncalled bet ($0.05) returned to 6173ed92
*** SHOWDOWN ***
6173ed92 collected $0.1 from pot
*** SUMMARY ***
Total pot $0.1 | Rake $0 | Jackpot $0 | Bingo $0 | Fortune $0 | Tax $0
Seat 1: 9f92ad42 (small blind) folded before Flop
Seat 2: 6173ed92 (big blind) collected ($0.1)
Seat 3: Hero folded before Flop (didn't bet)
Seat 4: 8cf958d0 folded before Flop (didn't bet)
Seat 5: f525e074 folded before Flop (didn't bet)
Seat 6: 39b09eb0 (button) folded before Flop (didn't bet)


Poker Hand #HD1789249738: Hold'em No Limit ($0.05/$0.1) - 2024/05/27 02:09:17
Table 'NLHRed73' 6-max Seat #5 is the button
Seat 1: 9f92ad42 ($4.5 in chips)
Seat 2: 6173ed92 ($10.47 in chips)
Seat 3: Hero ($10 in chips)
Seat 4: 8cf958d0 ($10.59 in chips)
Seat 5: f525e074 ($2.67 in chips)
Seat 6: 39b09eb0 ($9.9 in chips)
39b09eb0: posts small blind $0.05
9f92ad42: posts big blind $0.1
*** HOLE CARDS ***
Dealt to 9f92ad42 
Dealt to 6173ed92 
Dealt to Hero [5s 4d]
Dealt to 8cf958d0 
Dealt to f525e074 
Dealt to 39b09eb0 
6173ed92: folds
Hero: folds
8cf958d0: folds
f525e074: folds
39b09eb0: calls $0.05
9f92ad42: raises $0.15 to $0.25
39b09eb0: calls $0.15
*** FLOP *** [2d 6d 6c]
39b09eb0: checks
9f92ad42: checks
*** TURN *** [2d 6d 6c] [7s]
39b09eb0: checks
9f92ad42: bets $0.25
39b09eb0: raises $0.43 to $0.68
9f92ad42: calls $0.43
*** RIVER *** [2d 6d 6c 7s] [Tc]
39b09eb0: bets $0.93
9f92ad42: folds
Uncalled bet ($0.93) returned to 39b09eb0
*** SHOWDOWN ***
39b09eb0 collected $1.77 from pot
*** SUMMARY ***
Total pot $1.86 | Rake $0.09 | Jackpot $0 | Bingo $0 | Fortune $0 | Tax $0
Board [2d 6d 6c 7s Tc]
Seat 1: 9f92ad42 (big blind) folded on the River
Seat 2: 6173ed92 folded before Flop (didn't bet)
Seat 3: Hero folded before Flop (didn't bet)
Seat 4: 8cf958d0 folded before Flop (didn't bet)
Seat 5: f525e074 (button) folded before Flop (didn't bet)
Seat 6: 39b09eb0 (small blind) won ($1.77)


Poker Hand #HD1789249696: Hold'em No Limit ($0.05/$0.1) - 2024/05/27 02:08:52
Table 'NLHRed73' 6-max Seat #4 is the button
Seat 2: 6173ed92 ($10.47 in chips)
Seat 3: Hero ($10 in chips)
Seat 4: 8cf958d0 ($10.59 in chips)
Seat 5: f525e074 ($2.35 in chips)
Seat 6: 39b09eb0 ($10 in chips)
f525e074: posts small blind $0.05
39b09eb0: posts big blind $0.1
*** HOLE CARDS ***
Dealt to 6173ed92 
Dealt to Hero [7s 9s]
Dealt to 8cf958d0 
Dealt to f525e074 
Dealt to 39b09eb0 
6173ed92: folds
Hero: raises $0.14 to $0.24
8cf958d0: folds
f525e074: raises $0.58 to $0.82
39b09eb0: folds
Hero: folds
Uncalled bet ($0.58) returned to f525e074
*** SHOWDOWN ***
f525e074 collected $0.56 from pot
*** SUMMARY ***
Total pot $0.58 | Rake $0.02 | Jackpot $0 | Bingo $0 | Fortune $0 | Tax $0
Seat 2: 6173ed92 folded before Flop (didn't bet)
Seat 3: Hero folded before Flop
Seat 4: 8cf958d0 (button) folded before Flop (didn't bet)
Seat 5: f525e074 (small blind) collected ($0.56)
Seat 6: 39b09eb0 (big blind) folded before Flop


Poker Hand #HD1789249605: Hold'em No Limit ($0.05/$0.1) - 2024/05/27 02:08:11
Table 'NLHRed73' 6-max Seat #3 is the button
Seat 2: 6173ed92 ($10.47 in chips)
Seat 3: Hero ($10 in chips)
Seat 4: 8cf958d0 ($10 in chips)
Seat 5: f525e074 ($3 in chips)
8cf958d0: posts small blind $0.05
f525e074: posts big blind $0.1
*** HOLE CARDS ***
Dealt to 6173ed92 
Dealt to Hero [2h Th]
Dealt to 8cf958d0 
Dealt to f525e074 
6173ed92: folds
Hero: folds
8cf958d0: raises $0.13 to $0.23
f525e074: calls $0.13
*** FLOP *** [8c Js Jd]
8cf958d0: checks
f525e074: bets $0.16
8cf958d0: calls $0.16
*** TURN *** [8c Js Jd] [3h]
8cf958d0: checks
f525e074: bets $0.26
8cf958d0: calls $0.26
*** RIVER *** [8c Js Jd 3h] [8s]
8cf958d0: bets $1
f525e074: folds
Uncalled bet ($1) returned to 8cf958d0
*** SHOWDOWN ***
8cf958d0 collected $1.24 from pot
*** SUMMARY ***
Total pot $1.3 | Rake $0.06 | Jackpot $0 | Bingo $0 | Fortune $0 | Tax $0
Board [8c Js Jd 3h 8s]
Seat 2: 6173ed92 folded before Flop (didn't bet)
Seat 3: Hero (button) folded before Flop (didn't bet)
Seat 4: 8cf958d0 (small blind) won ($1.24)
Seat 5: f525e074 (big blind) folded on the River


Poker Hand #HD1789249542: Hold'em No Limit ($0.05/$0.1) - 2024/05/27 02:07:41
Table 'NLHRed73' 6-max Seat #2 is the button
Seat 2: 6173ed92 ($10.32 in chips)
Seat 3: Hero ($10 in chips)
Seat 4: 8cf958d0 ($10 in chips)
Hero: posts small blind $0.05
8cf958d0: posts big blind $0.1
*** HOLE CARDS ***
Dealt to 6173ed92 
Dealt to Hero [7h Ah]
Dealt to 8cf958d0 
6173ed92: raises $0.15 to $0.25
Hero: folds
8cf958d0: folds
Uncalled bet ($0.15) returned to 6173ed92
*** SHOWDOWN ***
6173ed92 collected $0.25 from pot
*** SUMMARY ***
Total pot $0.25 | Rake $0 | Jackpot $0 | Bingo $0 | Fortune $0 | Tax $0
Seat 2: 6173ed92 (button) collected ($0.25)
Seat 3: Hero (small blind) folded before Flop
Seat 4: 8cf958d0 (big blind) folded before Flop


Poker Hand #HD1789249458: Hold'em No Limit ($0.05/$0.1) - 2024/05/27 02:07:05
Table 'NLHRed73' 6-max Seat #3 is the button
Seat 2: 6173ed92 ($10.1 in chips)
Seat 3: Hero ($10 in chips)
Hero: posts small blind $0.05
6173ed92: posts big blind $0.1
*** HOLE CARDS ***
Dealt to 6173ed92 
Dealt to Hero [4d Ah]
Hero: raises $0.14 to $0.24
6173ed92: calls $0.14
*** FLOP *** [Jd 2s 9d]
6173ed92: checks
Hero: checks
*** TURN *** [Jd 2s 9d] [Td]
6173ed92: checks
Hero: checks
*** RIVER *** [Jd 2s 9d Td] [Jc]
6173ed92: bets $0.69
Hero: folds
Uncalled bet ($0.69) returned to 6173ed92
*** SHOWDOWN ***
6173ed92 collected $0.46 from pot
*** SUMMARY ***
Total pot $0.48 | Rake $0.02 | Jackpot $0 | Bingo $0 | Fortune $0 | Tax $0
Board [Jd 2s 9d Td Jc]
Seat 2: 6173ed92 (big blind) won ($0.46)
Seat 3: Hero (small blind) folded on the River


Poker Hand #HD1789249441: Hold'em No Limit ($0.05/$0.1) - 2024/05/27 02:06:56
Table 'NLHRed73' 6-max Seat #2 is the button
Seat 2: 6173ed92 ($10 in chips)
Seat 3: Hero ($10 in chips)
6173ed92: posts small blind $0.05
Hero: posts big blind $0.1
*** HOLE CARDS ***
Dealt to 6173ed92 
Dealt to Hero [6d 2d]
6173ed92: raises $0.15 to $0.25
Hero: folds
Uncalled bet ($0.15) returned to 6173ed92
*** SHOWDOWN ***
6173ed92 collected $0.2 from pot
*** SUMMARY ***
Total pot $0.2 | Rake $0 | Jackpot $0 | Bingo $0 | Fortune $0 | Tax $0
Seat 2: 6173ed92 (small blind) collected ($0.2)
Seat 3: Hero (big blind) folded before Flop


Poker Hand #HD1789249415: Hold'em No Limit ($0.05/$0.1) - 2024/05/27 02:06:46
Table 'NLHRed73' 6-max Seat #5 is the button
Seat 2: 6173ed92 ($10 in chips)
Seat 3: Hero ($10.07 in chips)
Seat 5: 5b0de102 ($11.75 in chips)
6173ed92: posts small blind $0.05
Hero: posts big blind $0.1
*** HOLE CARDS ***
Dealt to 6173ed92 
Dealt to Hero [9h 3d]
Dealt to 5b0de102 
5b0de102: raises $0.15 to $0.25
6173ed92: folds
Hero: folds
Uncalled bet ($0.15) returned to 5b0de102
*** SHOWDOWN ***
5b0de102 collected $0.25 from pot
*** SUMMARY ***
Total pot $0.25 | Rake $0 | Jackpot $0 | Bingo $0 | Fortune $0 | Tax $0
Seat 2: 6173ed92 (small blind) folded before Flop
Seat 3: Hero (big blind) folded before Flop
Seat 5: 5b0de102 (button) collected ($0.25)


Poker Hand #HD1789249338: Hold'em No Limit ($0.05/$0.1) - 2024/05/27 02:05:57
Table 'NLHRed73' 6-max Seat #3 is the button
Seat 2: 6173ed92 ($11.08 in chips)
Seat 3: Hero ($10.07 in chips)
Seat 5: 5b0de102 ($10.58 in chips)
5b0de102: posts small blind $0.05
6173ed92: posts big blind $0.1
*** HOLE CARDS ***
Dealt to 6173ed92 
Dealt to Hero [8c Kh]
Dealt to 5b0de102 
Hero: folds
5b0de102: raises $0.2 to $0.3
6173ed92: calls $0.2
*** FLOP *** [8s 5d 4c]
5b0de102: bets $0.3
6173ed92: calls $0.3
*** TURN *** [8s 5d 4c] [Js]
5b0de102: bets $0.7
6173ed92: calls $0.7
*** RIVER *** [8s 5d 4c Js] [Ks]
5b0de102: bets $0.84
6173ed92: folds
Uncalled bet ($0.84) returned to 5b0de102
*** SHOWDOWN ***
5b0de102 collected $2.47 from pot
*** SUMMARY ***
Total pot $2.6 | Rake $0.13 | Jackpot $0 | Bingo $0 | Fortune $0 | Tax $0
Board [8s 5d 4c Js Ks]
Seat 2: 6173ed92 (big blind) folded on the River
Seat 3: Hero (button) folded before Flop (didn't bet)
Seat 5: 5b0de102 (small blind) won ($2.47)


Poker Hand #HD1789249308: Hold'em No Limit ($0.05/$0.1) - 2024/05/27 02:05:42
Table 'NLHRed73' 6-max Seat #2 is the button
Seat 2: 6173ed92 ($10.93 in chips)
Seat 3: Hero ($10.12 in chips)
Seat 5: 5b0de102 ($10.68 in chips)
Hero: posts small blind $0.05
5b0de102: posts big blind $0.1
*** HOLE CARDS ***
Dealt to 6173ed92 
Dealt to Hero [Ks 2h]
Dealt to 5b0de102 
6173ed92: raises $0.15 to $0.25
Hero: folds
5b0de102: folds
Uncalled bet ($0.15) returned to 6173ed92
*** SHOWDOWN ***
6173ed92 collected $0.25 from pot
*** SUMMARY ***
Total pot $0.25 | Rake $0 | Jackpot $0 | Bingo $0 | Fortune $0 | Tax $0
Seat 2: 6173ed92 (button) collected ($0.25)
Seat 3: Hero (small blind) folded before Flop
Seat 5: 5b0de102 (big blind) folded before Flop


Poker Hand #HD1789249266: Hold'em No Limit ($0.05/$0.1) - 2024/05/27 02:05:20
Table 'NLHRed73' 6-max Seat #1 is the button
Seat 1: 5e20d354 ($10.24 in chips)
Seat 2: 6173ed92 ($10.83 in chips)
Seat 3: Hero ($10.22 in chips)
Seat 4: 1566bc3d ($10 in chips)
Seat 5: 5b0de102 ($10.68 in chips)
6173ed92: posts small blind $0.05
Hero: posts big blind $0.1
*** HOLE CARDS ***
Dealt to 5e20d354 
Dealt to 6173ed92 
Dealt to Hero [Kc 4d]
Dealt to 1566bc3d 
Dealt to 5b0de102 
1566bc3d: folds
5b0de102: folds
5e20d354: folds
6173ed92: raises $0.2 to $0.3
Hero: folds
Uncalled bet ($0.2) returned to 6173ed92
*** SHOWDOWN ***
6173ed92 collected $0.2 from pot
*** SUMMARY ***
Total pot $0.2 | Rake $0 | Jackpot $0 | Bingo $0 | Fortune $0 | Tax $0
Seat 1: 5e20d354 (button) folded before Flop (didn't bet)
Seat 2: 6173ed92 (small blind) collected ($0.2)
Seat 3: Hero (big blind) folded before Flop
Seat 4: 1566bc3d folded before Flop (didn't bet)
Seat 5: 5b0de102 folded before Flop (didn't bet)


Poker Hand #HD1789249247: Hold'em No Limit ($0.05/$0.1) - 2024/05/27 02:05:08
Table 'NLHRed73' 6-max Seat #6 is the button
Seat 1: 5e20d354 ($10.29 in chips)
Seat 2: 6173ed92 ($10.93 in chips)
Seat 3: Hero ($10.22 in chips)
Seat 4: 1566bc3d ($10 in chips)
Seat 5: 5b0de102 ($10.53 in chips)
Seat 6: 9f663cc6 ($12.45 in chips)
5e20d354: posts small blind $0.05
6173ed92: posts big blind $0.1
*** HOLE CARDS ***
Dealt to 5e20d354 
Dealt to 6173ed92 
Dealt to Hero [9h 8d]
Dealt to 1566bc3d 
Dealt to 5b0de102 
Dealt to 9f663cc6 
Hero: folds
1566bc3d: folds
5b0de102: raises $0.15 to $0.25
9f663cc6: folds
5e20d354: folds
6173ed92: folds
Uncalled bet ($0.15) returned to 5b0de102
*** SHOWDOWN ***
5b0de102 collected $0.25 from pot
*** SUMMARY ***
Total pot $0.25 | Rake $0 | Jackpot $0 | Bingo $0 | Fortune $0 | Tax $0
Seat 1: 5e20d354 (small blind) folded before Flop
Seat 2: 6173ed92 (big blind) folded before Flop
Seat 3: Hero folded before Flop (didn't bet)
Seat 4: 1566bc3d folded before Flop (didn't bet)
Seat 5: 5b0de102 collected ($0.25)
Seat 6: 9f663cc6 (button) folded before Flop (didn't bet)


Poker Hand #HD1789249219: Hold'em No Limit ($0.05/$0.1) - 2024/05/27 02:04:57
Table 'NLHRed73' 6-max Seat #5 is the button
Seat 1: 5e20d354 ($10.24 in chips)
Seat 2: 6173ed92 ($10.93 in chips)
Seat 3: Hero ($10.22 in chips)
Seat 4: 1566bc3d ($10 in chips)
Seat 5: 5b0de102 ($10.53 in chips)
Seat 6: 9f663cc6 ($12.5 in chips)
9f663cc6: posts small blind $0.05
5e20d354: posts big blind $0.1
*** HOLE CARDS ***
Dealt to 5e20d354 
Dealt to 6173ed92 
Dealt to Hero [Js 5d]
Dealt to 1566bc3d 
Dealt to 5b0de102 
Dealt to 9f663cc6 
6173ed92: folds
Hero: folds
1566bc3d: folds
5b0de102: folds
9f663cc6: folds
Uncalled bet ($0.05) returned to 5e20d354
*** SHOWDOWN ***
5e20d354 collected $0.1 from pot
*** SUMMARY ***
Total pot $0.1 | Rake $0 | Jackpot $0 | Bingo $0 | Fortune $0 | Tax $0
Seat 1: 5e20d354 (big blind) collected ($0.1)
Seat 2: 6173ed92 folded before Flop (didn't bet)
Seat 3: Hero folded before Flop (didn't bet)
Seat 4: 1566bc3d folded before Flop (didn't bet)
Seat 5: 5b0de102 (button) folded before Flop (didn't bet)
Seat 6: 9f663cc6 (small blind) folded before Flop


Poker Hand #HD1789249163: Hold'em No Limit ($0.05/$0.1) - 2024/05/27 02:04:27
Table 'NLHRed73' 6-max Seat #4 is the button
Seat 1: 5e20d354 ($10 in chips)
Seat 2: 6173ed92 ($10.93 in chips)
Seat 3: Hero ($10.22 in chips)
Seat 4: 1566bc3d ($10 in chips)
Seat 5: 5b0de102 ($10.58 in chips)
Seat 6: 9f663cc6 ($12.71 in chips)
5b0de102: posts small blind $0.05
9f663cc6: posts big blind $0.1
*** HOLE CARDS ***
Dealt to 5e20d354 
Dealt to 6173ed92 
Dealt to Hero [8d Jh]
Dealt to 1566bc3d 
Dealt to 5b0de102 
Dealt to 9f663cc6 
5e20d354: raises $0.11 to $0.21
6173ed92: folds
Hero: folds
1566bc3d: folds
5b0de102: folds
9f663cc6: calls $0.11
*** FLOP *** [Tc 2h 7s]
9f663cc6: checks
5e20d354: checks
*** TURN *** [Tc 2h 7s] [5s]
9f663cc6: checks
5e20d354: bets $0.2
9f663cc6: folds
Uncalled bet ($0.2) returned to 5e20d354
*** SHOWDOWN ***
5e20d354 collected $0.45 from pot
*** SUMMARY ***
Total pot $0.47 | Rake $0.02 | Jackpot $0 | Bingo $0 | Fortune $0 | Tax $0
Board [Tc 2h 7s 5s]
Seat 1: 5e20d354 won ($0.45)
Seat 2: 6173ed92 folded before Flop (didn't bet)
Seat 3: Hero folded before Flop (didn't bet)
Seat 4: 1566bc3d (button) folded before Flop (didn't bet)
Seat 5: 5b0de102 (small blind) folded before Flop
Seat 6: 9f663cc6 (big blind) folded on the Turn


Poker Hand #HD1789248973: Hold'em No Limit ($0.05/$0.1) - 2024/05/27 02:02:50
Table 'NLHRed73' 6-max Seat #3 is the button
Seat 1: 5e20d354 ($10 in chips)
Seat 2: 6173ed92 ($10 in chips)
Seat 3: Hero ($10.22 in chips)
Seat 4: 1566bc3d ($10 in chips)
Seat 5: 5b0de102 ($10.68 in chips)
Seat 6: 9f663cc6 ($13.16 in chips)
1566bc3d: posts small blind $0.05
5b0de102: posts big blind $0.1
*** HOLE CARDS ***
Dealt to 5e20d354 
Dealt to 6173ed92 
Dealt to Hero [As Jh]
Dealt to 1566bc3d 
Dealt to 5b0de102 
Dealt to 9f663cc6 
9f663cc6: calls $0.1
5e20d354: folds
6173ed92: raises $0.35 to $0.45
Hero: folds
1566bc3d: calls $0.4
5b0de102: folds
9f663cc6: calls $0.35
*** FLOP *** [9h Jc 3s]
1566bc3d: checks
9f663cc6: checks
6173ed92: checks
*** TURN *** [9h Jc 3s] [Td]
1566bc3d: checks
9f663cc6: checks
6173ed92: checks
*** RIVER *** [9h Jc 3s Td] [7s]
1566bc3d: checks
9f663cc6: checks
6173ed92: bets $1.45
1566bc3d: folds
9f663cc6: folds
Uncalled bet ($1.45) returned to 6173ed92
*** SHOWDOWN ***
6173ed92 collected $1.38 from pot
*** SUMMARY ***
Total pot $1.45 | Rake $0.07 | Jackpot $0 | Bingo $0 | Fortune $0 | Tax $0
Board [9h Jc 3s Td 7s]
Seat 1: 5e20d354 folded before Flop (didn't bet)
Seat 2: 6173ed92 won ($1.38)
Seat 3: Hero (button) folded before Flop (didn't bet)
Seat 4: 1566bc3d (small blind) folded on the River
Seat 5: 5b0de102 (big blind) folded before Flop
Seat 6: 9f663cc6 folded on the River


Poker Hand #HD1789248909: Hold'em No Limit ($0.05/$0.1) - 2024/05/27 02:02:14
Table 'NLHRed73' 6-max Seat #2 is the button
Seat 1: 5e20d354 ($10 in chips)
Seat 2: 6173ed92 ($10 in chips)
Seat 3: Hero ($10.27 in chips)
Seat 4: 1566bc3d ($10 in chips)
Seat 5: 5b0de102 ($10.68 in chips)
Seat 6: 9f663cc6 ($13.02 in chips)
Hero: posts small blind $0.05
1566bc3d: posts big blind $0.1
*** HOLE CARDS ***
Dealt to 5e20d354 
Dealt to 6173ed92 
Dealt to Hero [8d Ac]
Dealt to 1566bc3d 
Dealt to 5b0de102 
Dealt to 9f663cc6 
5b0de102: folds
9f663cc6: calls $0.1
5e20d354: folds
6173ed92: folds
Hero: folds
1566bc3d: checks
*** FLOP *** [2s 4d Ks]
1566bc3d: checks
9f663cc6: checks
*** TURN *** [2s 4d Ks] [6s]
1566bc3d: checks
9f663cc6: bets $0.13
1566bc3d: folds
Uncalled bet ($0.13) returned to 9f663cc6
*** SHOWDOWN ***
9f663cc6 collected $0.24 from pot
*** SUMMARY ***
Total pot $0.25 | Rake $0.01 | Jackpot $0 | Bingo $0 | Fortune $0 | Tax $0
Board [2s 4d Ks 6s]
Seat 1: 5e20d354 folded before Flop (didn't bet)
Seat 2: 6173ed92 (button) folded before Flop (didn't bet)
Seat 3: Hero (small blind) folded before Flop
Seat 4: 1566bc3d (big blind) folded on the Turn
Seat 5: 5b0de102 folded before Flop (didn't bet)
Seat 6: 9f663cc6 won ($0.24)


Poker Hand #HD1789248790: Hold'em No Limit ($0.05/$0.1) - 2024/05/27 02:01:17
Table 'NLHRed73' 6-max Seat #1 is the button
Seat 1: 5e20d354 ($10 in chips)
Seat 2: 6173ed92 ($10 in chips)
Seat 3: Hero ($10.47 in chips)
Seat 4: 1566bc3d ($10 in chips)
Seat 5: 5b0de102 ($10.68 in chips)
Seat 6: 9f663cc6 ($12.79 in chips)
6173ed92: posts small blind $0.05
Hero: posts big blind $0.1
*** HOLE CARDS ***
Dealt to 5e20d354 
Dealt to 6173ed92 
Dealt to Hero [6h Qc]
Dealt to 1566bc3d 
Dealt to 5b0de102 
Dealt to 9f663cc6 
1566bc3d: folds
5b0de102: folds
9f663cc6: calls $0.1
5e20d354: folds
6173ed92: folds
Hero: checks
*** FLOP *** [4h Ks 6s]
Hero: checks
9f663cc6: checks
*** TURN *** [4h Ks 6s] [2c]
Hero: checks
9f663cc6: checks
*** RIVER *** [4h Ks 6s 2c] [9c]
Hero: bets $0.1
9f663cc6: calls $0.1
Hero: shows [6h Qc] (Pair of Sixes)
9f663cc6: shows [9s Th] (Pair of Nines)
*** SHOWDOWN ***
9f663cc6 collected $0.43 from pot
*** SUMMARY ***
Total pot $0.45 | Rake $0.02 | Jackpot $0 | Bingo $0 | Fortune $0 | Tax $0
Board [4h Ks 6s 2c 9c]
Seat 1: 5e20d354 (button) folded before Flop (didn't bet)
Seat 2: 6173ed92 (small blind) folded before Flop
Seat 3: Hero (big blind) showed [6h Qc] and lost with Pair of Sixes
Seat 4: 1566bc3d folded before Flop (didn't bet)
Seat 5: 5b0de102 folded before Flop (didn't bet)
Seat 6: 9f663cc6 showed [9s Th] and won ($0.43) with Pair of Nines


Poker Hand #HD1789248667: Hold'em No Limit ($0.05/$0.1) - 2024/05/27 02:00:23
Table 'NLHRed73' 6-max Seat #6 is the button
Seat 1: 5e20d354 ($10 in chips)
Seat 2: 6173ed92 ($10 in chips)
Seat 3: Hero ($10 in chips)
Seat 4: 1566bc3d ($10 in chips)
Seat 5: 5b0de102 ($10.68 in chips)
Seat 6: 9f663cc6 ($12.99 in chips)
5e20d354: posts small blind $0.05
6173ed92: posts big blind $0.1
*** HOLE CARDS ***
Dealt to 5e20d354 
Dealt to 6173ed92 
Dealt to Hero [Ad Qh]
Dealt to 1566bc3d 
Dealt to 5b0de102 
Dealt to 9f663cc6 
Hero: raises $0.1 to $0.2
1566bc3d: folds
5b0de102: folds
9f663cc6: calls $0.2
5e20d354: calls $0.15
6173ed92: folds
*** FLOP *** [2c 4s 5c]
5e20d354: checks
Hero: checks
9f663cc6: checks
*** TURN *** [2c 4s 5c] [3d]
5e20d354: checks
Hero: bets $0.4
9f663cc6: folds
5e20d354: folds
Uncalled bet ($0.4) returned to Hero
*** SHOWDOWN ***
Hero collected $0.67 from pot
*** SUMMARY ***
Total pot $0.7 | Rake $0.03 | Jackpot $0 | Bingo $0 | Fortune $0 | Tax $0
Board [2c 4s 5c 3d]
Seat 1: 5e20d354 (small blind) folded on the Turn
Seat 2: 6173ed92 (big blind) folded before Flop
Seat 3: Hero won ($0.67)
Seat 4: 1566bc3d folded before Flop (didn't bet)
Seat 5: 5b0de102 folded before Flop (didn't bet)
Seat 6: 9f663cc6 (button) folded on the Turn


Poker Hand #HD1789248543: Hold'em No Limit ($0.05/$0.1) - 2024/05/27 01:59:26
Table 'NLHRed73' 6-max Seat #5 is the button
Seat 1: 5e20d354 ($10 in chips)
Seat 3: Hero ($10 in chips)
Seat 4: 1566bc3d ($10 in chips)
Seat 5: 5b0de102 ($10 in chips)
Seat 6: 9f663cc6 ($13.48 in chips)
9f663cc6: posts small blind $0.05
5e20d354: posts big blind $0.1
*** HOLE CARDS ***
Dealt to 5e20d354 
Dealt to Hero [9c Kh]
Dealt to 1566bc3d 
Dealt to 5b0de102 
Dealt to 9f663cc6 
Hero: folds
1566bc3d: folds
5b0de102: raises $0.15 to $0.25
9f663cc6: calls $0.2
5e20d354: calls $0.15
*** FLOP *** [6s 9s Ac]
9f663cc6: checks
5e20d354: checks
5b0de102: bets $0.24
9f663cc6: calls $0.24
5e20d354: folds
*** TURN *** [6s 9s Ac] [6d]
9f663cc6: checks
5b0de102: checks
*** RIVER *** [6s 9s Ac 6d] [2c]
9f663cc6: checks
5b0de102: checks
9f663cc6: shows [Ts 4s] (Pair of Sixes)
5b0de102: shows [7d 9d] (Pair of Nines and Pair of Sixes)
*** SHOWDOWN ***
5b0de102 collected $1.17 from pot
*** SUMMARY ***
Total pot $1.23 | Rake $0.06 | Jackpot $0 | Bingo $0 | Fortune $0 | Tax $0
Board [6s 9s Ac 6d 2c]
Seat 1: 5e20d354 (big blind) folded on the Flop
Seat 3: Hero folded before Flop (didn't bet)
Seat 4: 1566bc3d folded before Flop (didn't bet)
Seat 5: 5b0de102 (button) showed [7d 9d] and won ($1.17) with Pair of Nines and Pair of Sixes
Seat 6: 9f663cc6 (small blind) showed [Ts 4s] and lost with Pair of Sixes


Poker Hand #HD1789248462: Hold'em No Limit ($0.05/$0.1) - 2024/05/27 01:58:45
Table 'NLHRed73' 6-max Seat #4 is the button
Seat 1: 5e20d354 ($10 in chips)
Seat 3: Hero ($10 in chips)
Seat 4: 1566bc3d ($10 in chips)
Seat 5: 5b0de102 ($10 in chips)
Seat 6: 9f663cc6 ($13.39 in chips)
5b0de102: posts small blind $0.05
9f663cc6: posts big blind $0.1
*** HOLE CARDS ***
Dealt to 5e20d354 
Dealt to Hero [4s 3s]
Dealt to 1566bc3d 
Dealt to 5b0de102 
Dealt to 9f663cc6 
5e20d354: folds
Hero: folds
1566bc3d: folds
5b0de102: calls $0.05
9f663cc6: checks
*** FLOP *** [5h 6c Th]
5b0de102: checks
9f663cc6: bets $0.1
5b0de102: folds
Uncalled bet ($0.1) returned to 9f663cc6
*** SHOWDOWN ***
9f663cc6 collected $0.19 from pot
*** SUMMARY ***
Total pot $0.2 | Rake $0.01 | Jackpot $0 | Bingo $0 | Fortune $0 | Tax $0
Board [5h 6c Th]
Seat 1: 5e20d354 folded before Flop (didn't bet)
Seat 3: Hero folded before Flop (didn't bet)
Seat 4: 1566bc3d (button) folded before Flop (didn't bet)
Seat 5: 5b0de102 (small blind) folded on the Flop
Seat 6: 9f663cc6 (big blind) won ($0.19)


Poker Hand #HD1789248413: Hold'em No Limit ($0.05/$0.1) - 2024/05/27 01:58:16
Table 'NLHRed73' 6-max Seat #3 is the button
Seat 1: 5e20d354 ($10 in chips)
Seat 2: e7d2130c ($17 in chips)
Seat 3: Hero ($10 in chips)
Seat 4: 1566bc3d ($10 in chips)
Seat 5: 5b0de102 ($10 in chips)
Seat 6: 9f663cc6 ($13.25 in chips)
1566bc3d: posts small blind $0.05
5b0de102: posts big blind $0.1
*** HOLE CARDS ***
Dealt to 5e20d354 
Dealt to e7d2130c 
Dealt to Hero [Js Tc]
Dealt to 1566bc3d 
Dealt to 5b0de102 
Dealt to 9f663cc6 
9f663cc6: calls $0.1
5e20d354: folds
e7d2130c: folds
Hero: folds
1566bc3d: folds
5b0de102: checks
*** FLOP *** [8d Ad 6d]
5b0de102: checks
9f663cc6: bets $0.13
5b0de102: folds
Uncalled bet ($0.13) returned to 9f663cc6
*** SHOWDOWN ***
9f663cc6 collected $0.24 from pot
*** SUMMARY ***
Total pot $0.25 | Rake $0.01 | Jackpot $0 | Bingo $0 | Fortune $0 | Tax $0
Board [8d Ad 6d]
Seat 1: 5e20d354 folded before Flop (didn't bet)
Seat 2: e7d2130c folded before Flop (didn't bet)
Seat 3: Hero (button) folded before Flop (didn't bet)
Seat 4: 1566bc3d (small blind) folded before Flop
Seat 5: 5b0de102 (big blind) folded on the Flop
Seat 6: 9f663cc6 won ($0.24)


Poker Hand #HD1789248333: Hold'em No Limit ($0.05/$0.1) - 2024/05/27 01:57:40
Table 'NLHRed73' 6-max Seat #2 is the button
Seat 1: 5e20d354 ($10 in chips)
Seat 2: e7d2130c ($17.1 in chips)
Seat 3: Hero ($10.05 in chips)
Seat 4: 1566bc3d ($10 in chips)
Seat 5: 5b0de102 ($10 in chips)
Seat 6: 9f663cc6 ($13.01 in chips)
Hero: posts small blind $0.05
1566bc3d: posts big blind $0.1
*** HOLE CARDS ***
Dealt to 5e20d354 
Dealt to e7d2130c 
Dealt to Hero [3h 4c]
Dealt to 1566bc3d 
Dealt to 5b0de102 
Dealt to 9f663cc6 
5b0de102: folds
9f663cc6: calls $0.1
5e20d354: folds
e7d2130c: calls $0.1
Hero: folds
1566bc3d: checks
*** FLOP *** [Ah Ac 8c]
1566bc3d: checks
9f663cc6: bets $0.18
e7d2130c: folds
1566bc3d: folds
Uncalled bet ($0.18) returned to 9f663cc6
*** SHOWDOWN ***
9f663cc6 collected $0.34 from pot
*** SUMMARY ***
Total pot $0.35 | Rake $0.01 | Jackpot $0 | Bingo $0 | Fortune $0 | Tax $0
Board [Ah Ac 8c]
Seat 1: 5e20d354 folded before Flop (didn't bet)
Seat 2: e7d2130c (button) folded on the Flop
Seat 3: Hero (small blind) folded before Flop
Seat 4: 1566bc3d (big blind) folded on the Flop
Seat 5: 5b0de102 folded before Flop (didn't bet)
Seat 6: 9f663cc6 won ($0.34)


Poker Hand #HD1789248299: Hold'em No Limit ($0.05/$0.1) - 2024/05/27 01:57:24
Table 'NLHRed73' 6-max Seat #1 is the button
Seat 1: 5e20d354 ($10 in chips)
Seat 2: e7d2130c ($17.15 in chips)
Seat 3: Hero ($10 in chips)
Seat 5: 5b0de102 ($10 in chips)
Seat 6: 9f663cc6 ($13.01 in chips)
e7d2130c: posts small blind $0.05
Hero: posts big blind $0.1
*** HOLE CARDS ***
Dealt to 5e20d354 
Dealt to e7d2130c 
Dealt to Hero [5d Th]
Dealt to 5b0de102 
Dealt to 9f663cc6 
5b0de102: folds
9f663cc6: folds
5e20d354: folds
e7d2130c: folds
Uncalled bet ($0.05) returned to Hero
*** SHOWDOWN ***
Hero collected $0.1 from pot
*** SUMMARY ***
Total pot $0.1 | Rake $0 | Jackpot $0 | Bingo $0 | Fortune $0 | Tax $0
Seat 1: 5e20d354 (button) folded before Flop (didn't bet)
Seat 2: e7d2130c (small blind) folded before Flop
Seat 3: Hero (big blind) collected ($0.1)
Seat 5: 5b0de102 folded before Flop (didn't bet)
Seat 6: 9f663cc6 folded before Flop (didn't bet)


Poker Hand #HD1789248286: Hold'em No Limit ($0.05/$0.1) - 2024/05/27 01:57:13
Table 'NLHRed73' 6-max Seat #6 is the button
Seat 1: 5e20d354 ($10 in chips)
Seat 2: e7d2130c ($17.1 in chips)
Seat 3: Hero ($10 in chips)
Seat 5: 5b0de102 ($10 in chips)
Seat 6: 9f663cc6 ($13.01 in chips)
5e20d354: posts small blind $0.05
e7d2130c: posts big blind $0.1
*** HOLE CARDS ***
Dealt to 5e20d354 
Dealt to e7d2130c 
Dealt to Hero [7c Jd]
Dealt to 5b0de102 
Dealt to 9f663cc6 
Hero: folds
5b0de102: folds
9f663cc6: folds
5e20d354: folds
Uncalled bet ($0.05) returned to e7d2130c
*** SHOWDOWN ***
e7d2130c collected $0.1 from pot
*** SUMMARY ***
Total pot $0.1 | Rake $0 | Jackpot $0 | Bingo $0 | Fortune $0 | Tax $0
Seat 1: 5e20d354 (small blind) folded before Flop
Seat 2: e7d2130c (big blind) collected ($0.1)
Seat 3: Hero folded before Flop (didn't bet)
Seat 5: 5b0de102 folded before Flop (didn't bet)
Seat 6: 9f663cc6 (button) folded before Flop (didn't bet)


Poker Hand #HD1789248120: Hold'em No Limit ($0.05/$0.1) - 2024/05/27 01:55:49
Table 'NLHRed73' 6-max Seat #5 is the button
Seat 1: 5e20d354 ($10 in chips)
Seat 2: e7d2130c ($17.1 in chips)
Seat 3: Hero ($10 in chips)
Seat 5: 5b0de102 ($10 in chips)
Seat 6: 9f663cc6 ($9.37 in chips)
9f663cc6: posts small blind $0.05
5e20d354: posts big blind $0.1
*** HOLE CARDS ***
Dealt to 5e20d354 
Dealt to e7d2130c 
Dealt to Hero [Kd 9h]
Dealt to 5b0de102 
Dealt to 9f663cc6 
e7d2130c: folds
Hero: folds
5b0de102: raises $0.15 to $0.25
9f663cc6: calls $0.2
5e20d354: calls $0.15
*** FLOP *** [Qc 8h 6d]
9f663cc6: bets $0.38
5e20d354: calls $0.38
5b0de102: calls $0.38
*** TURN *** [Qc 8h 6d] [3c]
9f663cc6: bets $0.95
5e20d354: calls $0.95
5b0de102: folds
*** RIVER *** [Qc 8h 6d 3c] [2d]
9f663cc6: bets $1.9
5e20d354: calls $1.9
9f663cc6: shows [Qd 4c] (Pair of Queens)
5e20d354: shows [8d 7c] (Pair of Eights)
*** SHOWDOWN ***
9f663cc6 collected $7.12 from pot
*** SUMMARY ***
Total pot $7.59 | Rake $0.37 | Jackpot $0.1 | Bingo $0 | Fortune $0 | Tax $0
Board [Qc 8h 6d 3c 2d]
Seat 1: 5e20d354 (big blind) showed [8d 7c] and lost with Pair of Eights
Seat 2: e7d2130c folded before Flop (didn't bet)
Seat 3: Hero folded before Flop (didn't bet)
Seat 5: 5b0de102 (button) folded on the Turn
Seat 6: 9f663cc6 (small blind) showed [Qd 4c] and won ($7.12) with Pair of Queens


Poker Hand #HD1789248096: Hold'em No Limit ($0.05/$0.1) - 2024/05/27 01:55:40
Table 'NLHRed73' 6-max Seat #3 is the button
Seat 1: 5e20d354 ($10 in chips)
Seat 2: e7d2130c ($17.1 in chips)
Seat 3: Hero ($10 in chips)
Seat 5: 5b0de102 ($10 in chips)
Seat 6: 9f663cc6 ($9.32 in chips)
5b0de102: posts small blind $0.05
9f663cc6: posts big blind $0.1
*** HOLE CARDS ***
Dealt to 5e20d354 
Dealt to e7d2130c 
Dealt to Hero [3h Jd]
Dealt to 5b0de102 
Dealt to 9f663cc6 
5e20d354: folds
e7d2130c: folds
Hero: folds
5b0de102: folds
Uncalled bet ($0.05) returned to 9f663cc6
*** SHOWDOWN ***
9f663cc6 collected $0.1 from pot
*** SUMMARY ***
Total pot $0.1 | Rake $0 | Jackpot $0 | Bingo $0 | Fortune $0 | Tax $0
Seat 1: 5e20d354 folded before Flop (didn't bet)
Seat 2: e7d2130c folded before Flop (didn't bet)
Seat 3: Hero (button) folded before Flop (didn't bet)
Seat 5: 5b0de102 (small blind) folded before Flop
Seat 6: 9f663cc6 (big blind) collected ($0.1)


Poker Hand #HD1789247969: Hold'em No Limit ($0.05/$0.1) - 2024/05/27 01:54:36
Table 'NLHRed73' 6-max Seat #2 is the button
Seat 1: 5e20d354 ($10 in chips)
Seat 2: e7d2130c ($17.1 in chips)
Seat 3: Hero ($10 in chips)
Seat 5: 5b0de102 ($10 in chips)
Seat 6: 9f663cc6 ($8.59 in chips)
Hero: posts small blind $0.05
5b0de102: posts big blind $0.1
*** HOLE CARDS ***
Dealt to 5e20d354 
Dealt to e7d2130c 
Dealt to Hero [Kd 8d]
Dealt to 5b0de102 
Dealt to 9f663cc6 
9f663cc6: calls $0.1
5e20d354: folds
e7d2130c: folds
Hero: raises $0.3 to $0.4
5b0de102: folds
9f663cc6: calls $0.3
*** FLOP *** [8h 7d 6h]
Hero: bets $0.3
9f663cc6: calls $0.3
*** TURN *** [8h 7d 6h] [As]
Hero: checks
9f663cc6: checks
*** RIVER *** [8h 7d 6h As] [Th]
Hero: checks
9f663cc6: bets $0.75
Hero: folds
Uncalled bet ($0.75) returned to 9f663cc6
*** SHOWDOWN ***
9f663cc6 collected $1.43 from pot
*** SUMMARY ***
Total pot $1.5 | Rake $0.07 | Jackpot $0 | Bingo $0 | Fortune $0 | Tax $0
Board [8h 7d 6h As Th]
Seat 1: 5e20d354 folded before Flop (didn't bet)
Seat 2: e7d2130c (button) folded before Flop (didn't bet)
Seat 3: Hero (small blind) folded on the River
Seat 5: 5b0de102 (big blind) folded before Flop
Seat 6: 9f663cc6 won ($1.43)


Poker Hand #HD1789247893: Hold'em No Limit ($0.05/$0.1) - 2024/05/27 01:53:56
Table 'NLHRed73' 6-max Seat #1 is the button
Seat 1: 5e20d354 ($10 in chips)
Seat 2: e7d2130c ($17.15 in chips)
Seat 3: Hero ($10 in chips)
Seat 4: 9c6e25a2 ($11.78 in chips)
Seat 5: 5b0de102 ($10 in chips)
Seat 6: 9f663cc6 ($8.15 in chips)
e7d2130c: posts small blind $0.05
Hero: posts big blind $0.1
*** HOLE CARDS ***
Dealt to 5e20d354 
Dealt to e7d2130c 
Dealt to Hero [8h 9h]
Dealt to 9c6e25a2 
Dealt to 5b0de102 
Dealt to 9f663cc6 
9c6e25a2: raises $0.11 to $0.21
5b0de102: folds
9f663cc6: calls $0.21
5e20d354: folds
e7d2130c: folds
Hero: calls $0.11
*** FLOP *** [Qh 6d 4s]
Hero: checks
9c6e25a2: checks
9f663cc6: bets $0.34
Hero: folds
9c6e25a2: folds
Uncalled bet ($0.34) returned to 9f663cc6
*** SHOWDOWN ***
9f663cc6 collected $0.65 from pot
*** SUMMARY ***
Total pot $0.68 | Rake $0.03 | Jackpot $0 | Bingo $0 | Fortune $0 | Tax $0
Board [Qh 6d 4s]
Seat 1: 5e20d354 (button) folded before Flop (didn't bet)
Seat 2: e7d2130c (small blind) folded before Flop
Seat 3: Hero (big blind) folded on the Flop
Seat 4: 9c6e25a2 folded on the Flop
Seat 5: 5b0de102 folded before Flop (didn't bet)
Seat 6: 9f663cc6 won ($0.65)


