Poker Hand #HD1730130959: Hold'em No Limit ($0.02/$0.05) - 2024/04/14 17:09:59
Table 'NLHBlue44' 6-max Seat #6 is the button
Seat 1: a1dd827c ($5.79 in chips)
Seat 2: d8013ad8 ($4.9 in chips)
Seat 3: Hero ($5 in chips)
Seat 4: cee451b1 ($4.93 in chips)
Seat 5: 22a39726 ($9.41 in chips)
Seat 6: 3ffd035f ($11.47 in chips)
a1dd827c: posts small blind $0.02
d8013ad8: posts big blind $0.05
*** HOLE CARDS ***
Dealt to a1dd827c 
Dealt to d8013ad8 
Dealt to Hero [7d 5s]
Dealt to cee451b1 
Dealt to 22a39726 
Dealt to 3ffd035f 
Hero: folds
cee451b1: raises $0.05 to $0.1
22a39726: folds
3ffd035f: raises $0.14 to $0.24
a1dd827c: folds
d8013ad8: calls $0.19
cee451b1: calls $0.14
*** FLOP *** [9c 6d Ad]
d8013ad8: checks
cee451b1: checks
3ffd035f: bets $0.37
d8013ad8: calls $0.37
cee451b1: folds
*** TURN *** [9c 6d Ad] [5c]
d8013ad8: checks
3ffd035f: checks
*** RIVER *** [9c 6d Ad 5c] [Ks]
d8013ad8: bets $0.74
3ffd035f: folds
Uncalled bet ($0.74) returned to d8013ad8
3ffd035f: shows [Qh Qc] (Pair of Queens)
*** SHOWDOWN ***
d8013ad8 collected $1.41 from pot
*** SUMMARY ***
Total pot $1.48 | Rake $0.07 | Jackpot $0 | Bingo $0 | Fortune $0 | Tax $0
Board [9c 6d Ad 5c Ks]
Seat 1: a1dd827c (small blind) folded before Flop
Seat 2: d8013ad8 (big blind) won ($1.41)
Seat 3: Hero folded before Flop (didn't bet)
Seat 4: cee451b1 folded on the Flop
Seat 5: 22a39726 folded before Flop (didn't bet)
Seat 6: 3ffd035f (button) folded on the River


Poker Hand #HD1730130915: Hold'em No Limit ($0.02/$0.05) - 2024/04/14 17:09:37
Table 'NLHBlue44' 6-max Seat #5 is the button
Seat 1: a1dd827c ($5.84 in chips)
Seat 2: d8013ad8 ($4.9 in chips)
Seat 3: Hero ($5 in chips)
Seat 4: cee451b1 ($4.86 in chips)
Seat 5: 22a39726 ($9.41 in chips)
Seat 6: 3ffd035f ($11.49 in chips)
3ffd035f: posts small blind $0.02
a1dd827c: posts big blind $0.05
*** HOLE CARDS ***
Dealt to a1dd827c 
Dealt to d8013ad8 
Dealt to Hero [4s 9c]
Dealt to cee451b1 
Dealt to 22a39726 
Dealt to 3ffd035f 
d8013ad8: folds
Hero: folds
cee451b1: raises $0.05 to $0.1
22a39726: folds
3ffd035f: folds
a1dd827c: folds
Uncalled bet ($0.05) returned to cee451b1
*** SHOWDOWN ***
cee451b1 collected $0.12 from pot
*** SUMMARY ***
Total pot $0.12 | Rake $0 | Jackpot $0 | Bingo $0 | Fortune $0 | Tax $0
Seat 1: a1dd827c (big blind) folded before Flop
Seat 2: d8013ad8 folded before Flop (didn't bet)
Seat 3: Hero folded before Flop (didn't bet)
Seat 4: cee451b1 collected ($0.12)
Seat 5: 22a39726 (button) folded before Flop (didn't bet)
Seat 6: 3ffd035f (small blind) folded before Flop


Poker Hand #HD1730130859: Hold'em No Limit ($0.02/$0.05) - 2024/04/14 17:09:15
Table 'NLHBlue44' 6-max Seat #4 is the button
Seat 1: a1dd827c ($5.84 in chips)
Seat 2: d8013ad8 ($4.83 in chips)
Seat 3: Hero ($5 in chips)
Seat 4: cee451b1 ($4.86 in chips)
Seat 5: 22a39726 ($9.43 in chips)
Seat 6: 3ffd035f ($11.54 in chips)
22a39726: posts small blind $0.02
3ffd035f: posts big blind $0.05
*** HOLE CARDS ***
Dealt to a1dd827c 
Dealt to d8013ad8 
Dealt to Hero [7c 9s]
Dealt to cee451b1 
Dealt to 22a39726 
Dealt to 3ffd035f 
a1dd827c: folds
d8013ad8: raises $0.1 to $0.15
Hero: folds
cee451b1: folds
22a39726: folds
3ffd035f: folds
Uncalled bet ($0.1) returned to d8013ad8
*** SHOWDOWN ***
d8013ad8 collected $0.12 from pot
*** SUMMARY ***
Total pot $0.12 | Rake $0 | Jackpot $0 | Bingo $0 | Fortune $0 | Tax $0
Seat 1: a1dd827c folded before Flop (didn't bet)
Seat 2: d8013ad8 collected ($0.12)
Seat 3: Hero folded before Flop (didn't bet)
Seat 4: cee451b1 (button) folded before Flop (didn't bet)
Seat 5: 22a39726 (small blind) folded before Flop
Seat 6: 3ffd035f (big blind) folded before Flop


Poker Hand #HD1730130826: Hold'em No Limit ($0.02/$0.05) - 2024/04/14 17:08:58
Table 'NLHBlue44' 6-max Seat #3 is the button
Seat 1: a1dd827c ($5.84 in chips)
Seat 2: d8013ad8 ($4.83 in chips)
Seat 3: Hero ($5 in chips)
Seat 4: cee451b1 ($4.88 in chips)
Seat 5: 22a39726 ($9.48 in chips)
Seat 6: 3ffd035f ($11.47 in chips)
cee451b1: posts small blind $0.02
22a39726: posts big blind $0.05
*** HOLE CARDS ***
Dealt to a1dd827c 
Dealt to d8013ad8 
Dealt to Hero [4s Kh]
Dealt to cee451b1 
Dealt to 22a39726 
Dealt to 3ffd035f 
3ffd035f: raises $0.1 to $0.15
a1dd827c: folds
d8013ad8: folds
Hero: folds
cee451b1: folds
22a39726: folds
Uncalled bet ($0.1) returned to 3ffd035f
*** SHOWDOWN ***
3ffd035f collected $0.12 from pot
*** SUMMARY ***
Total pot $0.12 | Rake $0 | Jackpot $0 | Bingo $0 | Fortune $0 | Tax $0
Seat 1: a1dd827c folded before Flop (didn't bet)
Seat 2: d8013ad8 folded before Flop (didn't bet)
Seat 3: Hero (button) folded before Flop (didn't bet)
Seat 4: cee451b1 (small blind) folded before Flop
Seat 5: 22a39726 (big blind) folded before Flop
Seat 6: 3ffd035f collected ($0.12)


Poker Hand #HD1730130785: Hold'em No Limit ($0.02/$0.05) - 2024/04/14 17:08:42
Table 'NLHBlue44' 6-max Seat #2 is the button
Seat 1: a1dd827c ($5.77 in chips)
Seat 2: d8013ad8 ($4.83 in chips)
Seat 3: Hero ($5 in chips)
Seat 4: cee451b1 ($4.93 in chips)
Seat 5: 22a39726 ($9.48 in chips)
Seat 6: 3ffd035f ($11.47 in chips)
Hero: posts small blind $0.02
cee451b1: posts big blind $0.05
*** HOLE CARDS ***
Dealt to a1dd827c 
Dealt to d8013ad8 
Dealt to Hero [8h 6d]
Dealt to cee451b1 
Dealt to 22a39726 
Dealt to 3ffd035f 
22a39726: folds
3ffd035f: folds
a1dd827c: raises $0.1 to $0.15
d8013ad8: folds
Hero: folds
cee451b1: folds
Uncalled bet ($0.1) returned to a1dd827c
*** SHOWDOWN ***
a1dd827c collected $0.12 from pot
*** SUMMARY ***
Total pot $0.12 | Rake $0 | Jackpot $0 | Bingo $0 | Fortune $0 | Tax $0
Seat 1: a1dd827c collected ($0.12)
Seat 2: d8013ad8 (button) folded before Flop (didn't bet)
Seat 3: Hero (small blind) folded before Flop
Seat 4: cee451b1 (big blind) folded before Flop
Seat 5: 22a39726 folded before Flop (didn't bet)
Seat 6: 3ffd035f folded before Flop (didn't bet)


Poker Hand #HD1730130710: Hold'em No Limit ($0.02/$0.05) - 2024/04/14 17:08:11
Table 'NLHBlue44' 6-max Seat #1 is the button
Seat 1: a1dd827c ($5.77 in chips)
Seat 2: d8013ad8 ($4.88 in chips)
Seat 3: Hero ($5 in chips)
Seat 4: cee451b1 ($4.93 in chips)
Seat 5: 22a39726 ($9.48 in chips)
Seat 6: 3ffd035f ($11.37 in chips)
d8013ad8: posts small blind $0.02
Hero: posts big blind $0.05
*** HOLE CARDS ***
Dealt to a1dd827c 
Dealt to d8013ad8 
Dealt to Hero [3d 9s]
Dealt to cee451b1 
Dealt to 22a39726 
Dealt to 3ffd035f 
cee451b1: folds
22a39726: folds
3ffd035f: calls $0.05
a1dd827c: folds
d8013ad8: calls $0.03
Hero: checks
*** FLOP *** [Ah 3s 6c]
d8013ad8: checks
Hero: checks
3ffd035f: checks
*** TURN *** [Ah 3s 6c] [7c]
d8013ad8: checks
Hero: checks
3ffd035f: bets $0.08
d8013ad8: folds
Hero: folds
Uncalled bet ($0.08) returned to 3ffd035f
*** SHOWDOWN ***
3ffd035f collected $0.15 from pot
*** SUMMARY ***
Total pot $0.15 | Rake $0 | Jackpot $0 | Bingo $0 | Fortune $0 | Tax $0
Board [Ah 3s 6c 7c]
Seat 1: a1dd827c (button) folded before Flop (didn't bet)
Seat 2: d8013ad8 (small blind) folded on the Turn
Seat 3: Hero (big blind) folded on the Turn
Seat 4: cee451b1 folded before Flop (didn't bet)
Seat 5: 22a39726 folded before Flop (didn't bet)
Seat 6: 3ffd035f won ($0.15)


Poker Hand #HD1730130651: Hold'em No Limit ($0.02/$0.05) - 2024/04/14 17:07:46
Table 'NLHBlue44' 6-max Seat #6 is the button
Seat 1: a1dd827c ($5.54 in chips)
Seat 2: d8013ad8 ($4.93 in chips)
Seat 3: Hero ($5 in chips)
Seat 4: cee451b1 ($4.98 in chips)
Seat 5: 22a39726 ($9.48 in chips)
Seat 6: 3ffd035f ($11.52 in chips)
a1dd827c: posts small blind $0.02
d8013ad8: posts big blind $0.05
*** HOLE CARDS ***
Dealt to a1dd827c 
Dealt to d8013ad8 
Dealt to Hero [7c Qd]
Dealt to cee451b1 
Dealt to 22a39726 
Dealt to 3ffd035f 
Hero: folds
cee451b1: calls $0.05
22a39726: folds
3ffd035f: raises $0.1 to $0.15
a1dd827c: raises $0.48 to $0.63
d8013ad8: folds
cee451b1: folds
3ffd035f: folds
Uncalled bet ($0.48) returned to a1dd827c
*** SHOWDOWN ***
a1dd827c collected $0.38 from pot
*** SUMMARY ***
Total pot $0.4 | Rake $0.02 | Jackpot $0 | Bingo $0 | Fortune $0 | Tax $0
Seat 1: a1dd827c (small blind) collected ($0.38)
Seat 2: d8013ad8 (big blind) folded before Flop
Seat 3: Hero folded before Flop (didn't bet)
Seat 4: cee451b1 folded before Flop
Seat 5: 22a39726 folded before Flop (didn't bet)
Seat 6: 3ffd035f (button) folded before Flop


Poker Hand #HD1730130556: Hold'em No Limit ($0.02/$0.05) - 2024/04/14 17:07:01
Table 'NLHBlue44' 6-max Seat #5 is the button
Seat 1: a1dd827c ($5.59 in chips)
Seat 2: d8013ad8 ($4.98 in chips)
Seat 3: Hero ($5 in chips)
Seat 4: cee451b1 ($4.86 in chips)
Seat 5: 22a39726 ($9.48 in chips)
Seat 6: 3ffd035f ($11.54 in chips)
3ffd035f: posts small blind $0.02
a1dd827c: posts big blind $0.05
*** HOLE CARDS ***
Dealt to a1dd827c 
Dealt to d8013ad8 
Dealt to Hero [3c Ad]
Dealt to cee451b1 
Dealt to 22a39726 
Dealt to 3ffd035f 
d8013ad8: calls $0.05
Hero: folds
cee451b1: calls $0.05
22a39726: folds
3ffd035f: folds
a1dd827c: checks
*** FLOP *** [5h Kd 6c]
a1dd827c: checks
d8013ad8: checks
cee451b1: bets $0.06
a1dd827c: folds
d8013ad8: folds
Uncalled bet ($0.06) returned to cee451b1
*** SHOWDOWN ***
cee451b1 collected $0.17 from pot
*** SUMMARY ***
Total pot $0.17 | Rake $0 | Jackpot $0 | Bingo $0 | Fortune $0 | Tax $0
Board [5h Kd 6c]
Seat 1: a1dd827c (big blind) folded on the Flop
Seat 2: d8013ad8 folded on the Flop
Seat 3: Hero folded before Flop (didn't bet)
Seat 4: cee451b1 won ($0.17)
Seat 5: 22a39726 (button) folded before Flop (didn't bet)
Seat 6: 3ffd035f (small blind) folded before Flop


Poker Hand #HD1730130515: Hold'em No Limit ($0.02/$0.05) - 2024/04/14 17:06:45
Table 'NLHBlue44' 6-max Seat #4 is the button
Seat 1: a1dd827c ($5.52 in chips)
Seat 2: d8013ad8 ($4.98 in chips)
Seat 3: Hero ($5 in chips)
Seat 4: cee451b1 ($4.86 in chips)
Seat 5: 22a39726 ($9.5 in chips)
Seat 6: 3ffd035f ($11.59 in chips)
22a39726: posts small blind $0.02
3ffd035f: posts big blind $0.05
*** HOLE CARDS ***
Dealt to a1dd827c 
Dealt to d8013ad8 
Dealt to Hero [Qd 9h]
Dealt to cee451b1 
Dealt to 22a39726 
Dealt to 3ffd035f 
a1dd827c: raises $0.1 to $0.15
d8013ad8: folds
Hero: folds
cee451b1: folds
22a39726: folds
3ffd035f: folds
Uncalled bet ($0.1) returned to a1dd827c
*** SHOWDOWN ***
a1dd827c collected $0.12 from pot
*** SUMMARY ***
Total pot $0.12 | Rake $0 | Jackpot $0 | Bingo $0 | Fortune $0 | Tax $0
Seat 1: a1dd827c collected ($0.12)
Seat 2: d8013ad8 folded before Flop (didn't bet)
Seat 3: Hero folded before Flop (didn't bet)
Seat 4: cee451b1 (button) folded before Flop (didn't bet)
Seat 5: 22a39726 (small blind) folded before Flop
Seat 6: 3ffd035f (big blind) folded before Flop


Poker Hand #HD1730130427: Hold'em No Limit ($0.02/$0.05) - 2024/04/14 17:06:06
Table 'NLHBlue44' 6-max Seat #3 is the button
Seat 1: a1dd827c ($5.52 in chips)
Seat 2: d8013ad8 ($5 in chips)
Seat 3: Hero ($5 in chips)
Seat 4: cee451b1 ($4.91 in chips)
Seat 5: 22a39726 ($9.55 in chips)
Seat 6: 3ffd035f ($11.47 in chips)
cee451b1: posts small blind $0.02
22a39726: posts big blind $0.05
d8013ad8: posts missed blind $0.02
*** HOLE CARDS ***
Dealt to a1dd827c 
Dealt to d8013ad8 
Dealt to Hero [4c 5h]
Dealt to cee451b1 
Dealt to 22a39726 
Dealt to 3ffd035f 
3ffd035f: calls $0.05
a1dd827c: folds
d8013ad8: folds
Hero: folds
cee451b1: calls $0.03
22a39726: checks
*** FLOP *** [3s 2c 4d]
cee451b1: checks
22a39726: checks
3ffd035f: bets $0.09
cee451b1: folds
22a39726: folds
Uncalled bet ($0.09) returned to 3ffd035f
*** SHOWDOWN ***
3ffd035f collected $0.17 from pot
*** SUMMARY ***
Total pot $0.17 | Rake $0 | Jackpot $0 | Bingo $0 | Fortune $0 | Tax $0
Board [3s 2c 4d]
Seat 1: a1dd827c folded before Flop (didn't bet)
Seat 2: d8013ad8 folded before Flop
Seat 3: Hero (button) folded before Flop (didn't bet)
Seat 4: cee451b1 (small blind) folded on the Flop
Seat 5: 22a39726 (big blind) folded on the Flop
Seat 6: 3ffd035f won ($0.17)


Poker Hand #HD1730130314: Hold'em No Limit ($0.02/$0.05) - 2024/04/14 17:05:09
Table 'NLHBlue44' 6-max Seat #1 is the button
Seat 1: a1dd827c ($5.04 in chips)
Seat 3: Hero ($5 in chips)
Seat 4: cee451b1 ($4.96 in chips)
Seat 5: 22a39726 ($10 in chips)
Seat 6: 3ffd035f ($11.47 in chips)
Hero: posts small blind $0.02
cee451b1: posts big blind $0.05
*** HOLE CARDS ***
Dealt to a1dd827c 
Dealt to Hero [Td 7s]
Dealt to cee451b1 
Dealt to 22a39726 
Dealt to 3ffd035f 
22a39726: raises $0.1 to $0.15
3ffd035f: folds
a1dd827c: raises $0.3 to $0.45
Hero: folds
cee451b1: folds
22a39726: calls $0.3
*** FLOP *** [Ts 5c 7c]
22a39726: checks
a1dd827c: bets $0.49
22a39726: folds
Uncalled bet ($0.49) returned to a1dd827c
*** SHOWDOWN ***
a1dd827c collected $0.93 from pot
*** SUMMARY ***
Total pot $0.97 | Rake $0.04 | Jackpot $0 | Bingo $0 | Fortune $0 | Tax $0
Board [Ts 5c 7c]
Seat 1: a1dd827c (button) won ($0.93)
Seat 3: Hero (small blind) folded before Flop
Seat 4: cee451b1 (big blind) folded before Flop
Seat 5: 22a39726 folded on the Flop
Seat 6: 3ffd035f folded before Flop (didn't bet)


Poker Hand #HD1730130164: Hold'em No Limit ($0.02/$0.05) - 2024/04/14 17:03:52
Table 'NLHBlue44' 6-max Seat #6 is the button
Seat 1: a1dd827c ($5.06 in chips)
Seat 2: d8013ad8 ($4.68 in chips)
Seat 3: Hero ($5 in chips)
Seat 4: cee451b1 ($5.06 in chips)
Seat 5: 22a39726 ($10 in chips)
Seat 6: 3ffd035f ($7.57 in chips)
a1dd827c: posts small blind $0.02
d8013ad8: posts big blind $0.05
*** HOLE CARDS ***
Dealt to a1dd827c 
Dealt to d8013ad8 
Dealt to Hero [Kd Ts]
Dealt to cee451b1 
Dealt to 22a39726 
Dealt to 3ffd035f 
Hero: raises $0.05 to $0.1
cee451b1: calls $0.1
22a39726: folds
3ffd035f: calls $0.1
a1dd827c: folds
d8013ad8: raises $0.32 to $0.42
Hero: folds
cee451b1: folds
3ffd035f: calls $0.32
*** FLOP *** [2d 2s 2c]
d8013ad8: bets $0.74
3ffd035f: calls $0.74
*** TURN *** [2d 2s 2c] [8c]
d8013ad8: bets $3.52 and is all-in
3ffd035f: calls $3.52
d8013ad8: shows [Qd Qc] (Twos Full over Queens)
3ffd035f: shows [8s 8d] (Eights Full over Twos)
3ffd035f: Chooses to EV Cashout 
*** RIVER *** [2d 2s 2c 8c] [8h]
3ffd035f: Pays Cashout Risk ($0.48)
*** SHOWDOWN ***
3ffd035f collected $9.06 from pot
*** SUMMARY ***
Total pot $9.58 | Rake $0.47 | Jackpot $0.05 | Bingo $0 | Fortune $0 | Tax $0
Board [2d 2s 2c 8c 8h]
Seat 1: a1dd827c (small blind) folded before Flop
Seat 2: d8013ad8 (big blind) showed [Qd Qc] and lost with Twos Full over Queens
Seat 3: Hero folded before Flop
Seat 4: cee451b1 folded before Flop
Seat 5: 22a39726 folded before Flop (didn't bet)
Seat 6: 3ffd035f (button) showed [8s 8d] and won ($9.06) with Four Eights, Cashout Risk ($0.48)


Poker Hand #HD1730130076: Hold'em No Limit ($0.02/$0.05) - 2024/04/14 17:03:08
Table 'NLHBlue44' 6-max Seat #5 is the button
Seat 1: a1dd827c ($5.11 in chips)
Seat 2: d8013ad8 ($4.68 in chips)
Seat 3: Hero ($5 in chips)
Seat 4: cee451b1 ($5.06 in chips)
Seat 5: 22a39726 ($9.4 in chips)
Seat 6: 3ffd035f ($8.18 in chips)
3ffd035f: posts small blind $0.02
a1dd827c: posts big blind $0.05
*** HOLE CARDS ***
Dealt to a1dd827c 
Dealt to d8013ad8 
Dealt to Hero [4d 7s]
Dealt to cee451b1 
Dealt to 22a39726 
Dealt to 3ffd035f 
d8013ad8: folds
Hero: folds
cee451b1: folds
22a39726: raises $0.08 to $0.13
3ffd035f: calls $0.11
a1dd827c: folds
*** FLOP *** [3s Ts 4c]
3ffd035f: checks
22a39726: checks
*** TURN *** [3s Ts 4c] [9h]
3ffd035f: checks
22a39726: bets $0.16
3ffd035f: raises $0.32 to $0.48
22a39726: calls $0.32
*** RIVER *** [3s Ts 4c 9h] [4s]
3ffd035f: checks
22a39726: checks
3ffd035f: shows [9d Jd] (Pair of Nines and Pair of Fours)
22a39726: shows [Qc 9c] (Pair of Nines and Pair of Fours)
*** SHOWDOWN ***
22a39726 collected $1.21 from pot
*** SUMMARY ***
Total pot $1.27 | Rake $0.06 | Jackpot $0 | Bingo $0 | Fortune $0 | Tax $0
Board [3s Ts 4c 9h 4s]
Seat 1: a1dd827c (big blind) folded before Flop
Seat 2: d8013ad8 folded before Flop (didn't bet)
Seat 3: Hero folded before Flop (didn't bet)
Seat 4: cee451b1 folded before Flop (didn't bet)
Seat 5: 22a39726 (button) showed [Qc 9c] and won ($1.21) with Pair of Nines and Pair of Fours
Seat 6: 3ffd035f (small blind) showed [9d Jd] and lost with Pair of Nines and Pair of Fours


Poker Hand #HD1730130017: Hold'em No Limit ($0.02/$0.05) - 2024/04/14 17:02:40
Table 'NLHBlue44' 6-max Seat #4 is the button
Seat 1: a1dd827c ($5.21 in chips)
Seat 2: d8013ad8 ($4.68 in chips)
Seat 3: Hero ($5 in chips)
Seat 4: cee451b1 ($4.85 in chips)
Seat 5: 22a39726 ($9.42 in chips)
Seat 6: 3ffd035f ($8.28 in chips)
22a39726: posts small blind $0.02
3ffd035f: posts big blind $0.05
*** HOLE CARDS ***
Dealt to a1dd827c 
Dealt to d8013ad8 
Dealt to Hero [6d Qc]
Dealt to cee451b1 
Dealt to 22a39726 
Dealt to 3ffd035f 
a1dd827c: raises $0.05 to $0.1
d8013ad8: folds
Hero: folds
cee451b1: calls $0.1
22a39726: folds
3ffd035f: calls $0.05
*** FLOP *** [8s Kc Tc]
3ffd035f: checks
a1dd827c: checks
cee451b1: bets $0.11
3ffd035f: folds
a1dd827c: folds
Uncalled bet ($0.11) returned to cee451b1
*** SHOWDOWN ***
cee451b1 collected $0.31 from pot
*** SUMMARY ***
Total pot $0.32 | Rake $0.01 | Jackpot $0 | Bingo $0 | Fortune $0 | Tax $0
Board [8s Kc Tc]
Seat 1: a1dd827c folded on the Flop
Seat 2: d8013ad8 folded before Flop (didn't bet)
Seat 3: Hero folded before Flop (didn't bet)
Seat 4: cee451b1 (button) won ($0.31)
Seat 5: 22a39726 (small blind) folded before Flop
Seat 6: 3ffd035f (big blind) folded on the Flop


Poker Hand #HD1730129926: Hold'em No Limit ($0.02/$0.05) - 2024/04/14 17:01:56
Table 'NLHBlue44' 6-max Seat #3 is the button
Seat 1: a1dd827c ($5 in chips)
Seat 2: d8013ad8 ($4.68 in chips)
Seat 3: Hero ($5 in chips)
Seat 4: cee451b1 ($4.87 in chips)
Seat 5: 22a39726 ($9.47 in chips)
Seat 6: 3ffd035f ($8.43 in chips)
cee451b1: posts small blind $0.02
22a39726: posts big blind $0.05
*** HOLE CARDS ***
Dealt to a1dd827c 
Dealt to d8013ad8 
Dealt to Hero [As 9d]
Dealt to cee451b1 
Dealt to 22a39726 
Dealt to 3ffd035f 
3ffd035f: raises $0.1 to $0.15
a1dd827c: raises $0.45 to $0.6
d8013ad8: folds
Hero: folds
cee451b1: folds
22a39726: folds
3ffd035f: folds
Uncalled bet ($0.45) returned to a1dd827c
*** SHOWDOWN ***
a1dd827c collected $0.36 from pot
*** SUMMARY ***
Total pot $0.37 | Rake $0.01 | Jackpot $0 | Bingo $0 | Fortune $0 | Tax $0
Seat 1: a1dd827c collected ($0.36)
Seat 2: d8013ad8 folded before Flop (didn't bet)
Seat 3: Hero (button) folded before Flop (didn't bet)
Seat 4: cee451b1 (small blind) folded before Flop
Seat 5: 22a39726 (big blind) folded before Flop
Seat 6: 3ffd035f folded before Flop


Poker Hand #HD1730129884: Hold'em No Limit ($0.02/$0.05) - 2024/04/14 17:01:40
Table 'NLHBlue44' 6-max Seat #2 is the button
Seat 1: a1dd827c ($5 in chips)
Seat 2: d8013ad8 ($4.68 in chips)
Seat 3: Hero ($5 in chips)
Seat 4: cee451b1 ($4.85 in chips)
Seat 5: 22a39726 ($9.47 in chips)
Seat 6: 3ffd035f ($8.43 in chips)
Hero: posts small blind $0.02
cee451b1: posts big blind $0.05
*** HOLE CARDS ***
Dealt to a1dd827c 
Dealt to d8013ad8 
Dealt to Hero [4d 5c]
Dealt to cee451b1 
Dealt to 22a39726 
Dealt to 3ffd035f 
22a39726: folds
3ffd035f: folds
a1dd827c: folds
d8013ad8: folds
Hero: folds
Uncalled bet ($0.03) returned to cee451b1
*** SHOWDOWN ***
cee451b1 collected $0.04 from pot
*** SUMMARY ***
Total pot $0.04 | Rake $0 | Jackpot $0 | Bingo $0 | Fortune $0 | Tax $0
Seat 1: a1dd827c folded before Flop (didn't bet)
Seat 2: d8013ad8 (button) folded before Flop (didn't bet)
Seat 3: Hero (small blind) folded before Flop
Seat 4: cee451b1 (big blind) collected ($0.04)
Seat 5: 22a39726 folded before Flop (didn't bet)
Seat 6: 3ffd035f folded before Flop (didn't bet)


Poker Hand #HD1730129825: Hold'em No Limit ($0.02/$0.05) - 2024/04/14 17:01:12
Table 'NLHBlue44' 6-max Seat #1 is the button
Seat 1: a1dd827c ($5 in chips)
Seat 2: d8013ad8 ($4.49 in chips)
Seat 3: Hero ($5 in chips)
Seat 4: cee451b1 ($4.85 in chips)
Seat 5: 22a39726 ($9.47 in chips)
Seat 6: 3ffd035f ($8.43 in chips)
d8013ad8: posts small blind $0.02
Hero: posts big blind $0.05
*** HOLE CARDS ***
Dealt to a1dd827c 
Dealt to d8013ad8 
Dealt to Hero [2h 4h]
Dealt to cee451b1 
Dealt to 22a39726 
Dealt to 3ffd035f 
cee451b1: folds
22a39726: folds
3ffd035f: folds
a1dd827c: raises $0.1 to $0.15
d8013ad8: raises $0.35 to $0.5
Hero: folds
a1dd827c: folds
Uncalled bet ($0.35) returned to d8013ad8
*** SHOWDOWN ***
d8013ad8 collected $0.34 from pot
*** SUMMARY ***
Total pot $0.35 | Rake $0.01 | Jackpot $0 | Bingo $0 | Fortune $0 | Tax $0
Seat 1: a1dd827c (button) folded before Flop
Seat 2: d8013ad8 (small blind) collected ($0.34)
Seat 3: Hero (big blind) folded before Flop
Seat 4: cee451b1 folded before Flop (didn't bet)
Seat 5: 22a39726 folded before Flop (didn't bet)
Seat 6: 3ffd035f folded before Flop (didn't bet)


Poker Hand #HD1730129735: Hold'em No Limit ($0.02/$0.05) - 2024/04/14 17:00:31
Table 'NLHBlue44' 6-max Seat #6 is the button
Seat 1: a1dd827c ($5 in chips)
Seat 2: d8013ad8 ($5 in chips)
Seat 3: Hero ($5 in chips)
Seat 4: cee451b1 ($4.85 in chips)
Seat 5: 22a39726 ($9.47 in chips)
Seat 6: 3ffd035f ($7.71 in chips)
a1dd827c: posts small blind $0.02
d8013ad8: posts big blind $0.05
*** HOLE CARDS ***
Dealt to a1dd827c 
Dealt to d8013ad8 
Dealt to Hero [Th 2s]
Dealt to cee451b1 
Dealt to 22a39726 
Dealt to 3ffd035f 
Hero: raises $0.05 to $0.1
cee451b1: folds
22a39726: folds
3ffd035f: calls $0.1
a1dd827c: folds
d8013ad8: calls $0.05
*** FLOP *** [Kc 2d 5c]
d8013ad8: checks
Hero: bets $0.15
3ffd035f: calls $0.15
d8013ad8: calls $0.15
*** TURN *** [Kc 2d 5c] [Qh]
d8013ad8: checks
Hero: checks
3ffd035f: bets $0.26
d8013ad8: calls $0.26
Hero: folds
*** RIVER *** [Kc 2d 5c Qh] [7s]
d8013ad8: checks
3ffd035f: checks
d8013ad8: shows [2c 3c] (Pair of Twos)
3ffd035f: shows [8s Kd] (Pair of Kings)
*** SHOWDOWN ***
3ffd035f collected $1.23 from pot
*** SUMMARY ***
Total pot $1.29 | Rake $0.06 | Jackpot $0 | Bingo $0 | Fortune $0 | Tax $0
Board [Kc 2d 5c Qh 7s]
Seat 1: a1dd827c (small blind) folded before Flop
Seat 2: d8013ad8 (big blind) showed [2c 3c] and lost with Pair of Twos
Seat 3: Hero folded on the Turn
Seat 4: cee451b1 folded before Flop (didn't bet)
Seat 5: 22a39726 folded before Flop (didn't bet)
Seat 6: 3ffd035f (button) showed [8s Kd] and won ($1.23) with Pair of Kings


Poker Hand #HD1730129602: Hold'em No Limit ($0.02/$0.05) - 2024/04/14 16:59:27
Table 'NLHBlue44' 6-max Seat #5 is the button
Seat 1: a1dd827c ($5 in chips)
Seat 3: Hero ($5 in chips)
Seat 4: cee451b1 ($4.85 in chips)
Seat 5: 22a39726 ($8.95 in chips)
Seat 6: 3ffd035f ($7.73 in chips)
3ffd035f: posts small blind $0.02
a1dd827c: posts big blind $0.05
*** HOLE CARDS ***
Dealt to a1dd827c 
Dealt to Hero [Qd Ad]
Dealt to cee451b1 
Dealt to 22a39726 
Dealt to 3ffd035f 
Hero: raises $0.07 to $0.12
cee451b1: folds
22a39726: raises $0.38 to $0.5
3ffd035f: folds
a1dd827c: folds
Hero: calls $0.38
*** FLOP *** [3h 2d 2h]
Hero: checks
22a39726: bets $0.54
Hero: folds
Uncalled bet ($0.54) returned to 22a39726
*** SHOWDOWN ***
22a39726 collected $1.02 from pot
*** SUMMARY ***
Total pot $1.07 | Rake $0.05 | Jackpot $0 | Bingo $0 | Fortune $0 | Tax $0
Board [3h 2d 2h]
Seat 1: a1dd827c (big blind) folded before Flop
Seat 3: Hero folded on the Flop
Seat 4: cee451b1 folded before Flop (didn't bet)
Seat 5: 22a39726 (button) won ($1.02)
Seat 6: 3ffd035f (small blind) folded before Flop


Poker Hand #HD1730129519: Hold'em No Limit ($0.02/$0.05) - 2024/04/14 16:58:51
Table 'NLHBlue44' 6-max Seat #4 is the button
Seat 3: Hero ($5 in chips)
Seat 4: cee451b1 ($4.85 in chips)
Seat 5: 22a39726 ($9.08 in chips)
Seat 6: 3ffd035f ($7.61 in chips)
22a39726: posts small blind $0.02
3ffd035f: posts big blind $0.05
*** HOLE CARDS ***
Dealt to Hero [Qs 7d]
Dealt to cee451b1 
Dealt to 22a39726 
Dealt to 3ffd035f 
Hero: folds
cee451b1: folds
22a39726: raises $0.08 to $0.13
3ffd035f: calls $0.08
*** FLOP *** [4s 6s 2c]
22a39726: checks
3ffd035f: bets $0.13
22a39726: folds
Uncalled bet ($0.13) returned to 3ffd035f
*** SHOWDOWN ***
3ffd035f collected $0.25 from pot
*** SUMMARY ***
Total pot $0.26 | Rake $0.01 | Jackpot $0 | Bingo $0 | Fortune $0 | Tax $0
Board [4s 6s 2c]
Seat 3: Hero folded before Flop (didn't bet)
Seat 4: cee451b1 (button) folded before Flop (didn't bet)
Seat 5: 22a39726 (small blind) folded on the Flop
Seat 6: 3ffd035f (big blind) won ($0.25)


Poker Hand #HD1730129468: Hold'em No Limit ($0.02/$0.05) - 2024/04/14 16:58:28
Table 'NLHBlue44' 6-max Seat #3 is the button
Seat 3: Hero ($5 in chips)
Seat 4: cee451b1 ($4.9 in chips)
Seat 5: 22a39726 ($9.03 in chips)
Seat 6: 3ffd035f ($7.61 in chips)
cee451b1: posts small blind $0.02
22a39726: posts big blind $0.05
*** HOLE CARDS ***
Dealt to Hero [2d 5h]
Dealt to cee451b1 
Dealt to 22a39726 
Dealt to 3ffd035f 
3ffd035f: folds
Hero: folds
cee451b1: calls $0.03
22a39726: checks
*** FLOP *** [4c 3s 8s]
cee451b1: checks
22a39726: bets $0.08
cee451b1: folds
Uncalled bet ($0.08) returned to 22a39726
*** SHOWDOWN ***
22a39726 collected $0.1 from pot
*** SUMMARY ***
Total pot $0.1 | Rake $0 | Jackpot $0 | Bingo $0 | Fortune $0 | Tax $0
Board [4c 3s 8s]
Seat 3: Hero (button) folded before Flop (didn't bet)
Seat 4: cee451b1 (small blind) folded on the Flop
Seat 5: 22a39726 (big blind) won ($0.1)
Seat 6: 3ffd035f folded before Flop (didn't bet)


Poker Hand #HD1730129416: Hold'em No Limit ($0.02/$0.05) - 2024/04/14 16:58:03
Table 'NLHBlue44' 6-max Seat #6 is the button
Seat 1: 2480f402 ($0.45 in chips)
Seat 3: Hero ($5 in chips)
Seat 4: cee451b1 ($4.95 in chips)
Seat 5: 22a39726 ($8.91 in chips)
Seat 6: 3ffd035f ($7.61 in chips)
2480f402: posts small blind $0.02
Hero: posts big blind $0.05
*** HOLE CARDS ***
Dealt to 2480f402 
Dealt to Hero [Js Qd]
Dealt to cee451b1 
Dealt to 22a39726 
Dealt to 3ffd035f 
cee451b1: calls $0.05
22a39726: raises $0.2 to $0.25
3ffd035f: folds
2480f402: folds
Hero: folds
cee451b1: folds
Uncalled bet ($0.2) returned to 22a39726
*** SHOWDOWN ***
22a39726 collected $0.17 from pot
*** SUMMARY ***
Total pot $0.17 | Rake $0 | Jackpot $0 | Bingo $0 | Fortune $0 | Tax $0
Seat 1: 2480f402 (small blind) folded before Flop
Seat 3: Hero (big blind) folded before Flop
Seat 4: cee451b1 folded before Flop
Seat 5: 22a39726 collected ($0.17)
Seat 6: 3ffd035f (button) folded before Flop (didn't bet)


Poker Hand #HD1730129350: Hold'em No Limit ($0.02/$0.05) - 2024/04/14 16:57:32
Table 'NLHBlue44' 6-max Seat #5 is the button
Seat 1: 2480f402 ($0.38 in chips)
Seat 3: Hero ($5 in chips)
Seat 4: cee451b1 ($5 in chips)
Seat 5: 22a39726 ($8.91 in chips)
Seat 6: 3ffd035f ($7.63 in chips)
3ffd035f: posts small blind $0.02
2480f402: posts big blind $0.05
cee451b1: posts big blind $0.05
*** HOLE CARDS ***
Dealt to 2480f402 
Dealt to Hero [5d Td]
Dealt to cee451b1 
Dealt to 22a39726 
Dealt to 3ffd035f 
Hero: folds
cee451b1: checks
22a39726: folds
3ffd035f: folds
2480f402: raises $0.33 to $0.38 and is all-in
cee451b1: folds
Uncalled bet ($0.33) returned to 2480f402
*** SHOWDOWN ***
2480f402 collected $0.12 from pot
*** SUMMARY ***
Total pot $0.12 | Rake $0 | Jackpot $0 | Bingo $0 | Fortune $0 | Tax $0
Seat 1: 2480f402 (big blind) collected ($0.12)
Seat 3: Hero folded before Flop (didn't bet)
Seat 4: cee451b1 folded before Flop
Seat 5: 22a39726 (button) folded before Flop (didn't bet)
Seat 6: 3ffd035f (small blind) folded before Flop


Poker Hand #HD1730129235: Hold'em No Limit ($0.02/$0.05) - 2024/04/14 16:56:38
Table 'NLHBlue44' 6-max Seat #3 is the button
Seat 1: 2480f402 ($2.68 in chips)
Seat 3: Hero ($5 in chips)
Seat 5: 22a39726 ($6.84 in chips)
Seat 6: 3ffd035f ($7.68 in chips)
22a39726: posts small blind $0.02
3ffd035f: posts big blind $0.05
*** HOLE CARDS ***
Dealt to 2480f402 
Dealt to Hero [8s 4s]
Dealt to 22a39726 
Dealt to 3ffd035f 
2480f402: calls $0.05
Hero: folds
22a39726: raises $0.2 to $0.25
3ffd035f: folds
2480f402: calls $0.2
*** FLOP *** [7s 3c 4h]
22a39726: bets $0.28
2480f402: calls $0.28
*** TURN *** [7s 3c 4h] [2c]
22a39726: bets $0.84
2480f402: raises $0.93 to $1.77
22a39726: raises $2.33 to $4.1
2480f402: folds
Uncalled bet ($2.33) returned to 22a39726
*** SHOWDOWN ***
22a39726 collected $4.37 from pot
*** SUMMARY ***
Total pot $4.65 | Rake $0.23 | Jackpot $0.05 | Bingo $0 | Fortune $0 | Tax $0
Board [7s 3c 4h 2c]
Seat 1: 2480f402 folded on the Turn
Seat 3: Hero (button) folded before Flop (didn't bet)
Seat 5: 22a39726 (small blind) won ($4.37)
Seat 6: 3ffd035f (big blind) folded before Flop


Poker Hand #HD1730129165: Hold'em No Limit ($0.02/$0.05) - 2024/04/14 16:56:04
Table 'NLHBlue44' 6-max Seat #1 is the button
Seat 1: 2480f402 ($2.61 in chips)
Seat 3: Hero ($5 in chips)
Seat 5: 22a39726 ($6.89 in chips)
Seat 6: 3ffd035f ($7.68 in chips)
Hero: posts small blind $0.02
22a39726: posts big blind $0.05
*** HOLE CARDS ***
Dealt to 2480f402 
Dealt to Hero [3c 7d]
Dealt to 22a39726 
Dealt to 3ffd035f 
3ffd035f: folds
2480f402: calls $0.05
Hero: folds
22a39726: checks
*** FLOP *** [Qc 7h Td]
22a39726: checks
2480f402: bets $0.06
22a39726: folds
Uncalled bet ($0.06) returned to 2480f402
*** SHOWDOWN ***
2480f402 collected $0.12 from pot
*** SUMMARY ***
Total pot $0.12 | Rake $0 | Jackpot $0 | Bingo $0 | Fortune $0 | Tax $0
Board [Qc 7h Td]
Seat 1: 2480f402 (button) won ($0.12)
Seat 3: Hero (small blind) folded before Flop
Seat 5: 22a39726 (big blind) folded on the Flop
Seat 6: 3ffd035f folded before Flop (didn't bet)


Poker Hand #HD1730129092: Hold'em No Limit ($0.02/$0.05) - 2024/04/14 16:55:27
Table 'NLHBlue44' 6-max Seat #6 is the button
Seat 1: 2480f402 ($2.74 in chips)
Seat 3: Hero ($5 in chips)
Seat 4: f0e5f801 ($6.9 in chips)
Seat 5: 22a39726 ($6.89 in chips)
Seat 6: 3ffd035f ($7.29 in chips)
2480f402: posts small blind $0.02
Hero: posts big blind $0.05
*** HOLE CARDS ***
Dealt to 2480f402 
Dealt to Hero [4h Qs]
Dealt to f0e5f801 
Dealt to 22a39726 
Dealt to 3ffd035f 
f0e5f801: raises $0.08 to $0.13
22a39726: folds
3ffd035f: calls $0.13
2480f402: calls $0.11
Hero: folds
*** FLOP *** [As 7s Th]
2480f402: checks
f0e5f801: bets $0.11
3ffd035f: raises $0.22 to $0.33
2480f402: folds
f0e5f801: folds
Uncalled bet ($0.22) returned to 3ffd035f
*** SHOWDOWN ***
3ffd035f collected $0.63 from pot
*** SUMMARY ***
Total pot $0.66 | Rake $0.03 | Jackpot $0 | Bingo $0 | Fortune $0 | Tax $0
Board [As 7s Th]
Seat 1: 2480f402 (small blind) folded on the Flop
Seat 3: Hero (big blind) folded before Flop
Seat 4: f0e5f801 folded on the Flop
Seat 5: 22a39726 folded before Flop (didn't bet)
Seat 6: 3ffd035f (button) won ($0.63)


Poker Hand #HD1730129003: Hold'em No Limit ($0.02/$0.05) - 2024/04/14 16:54:47
Table 'NLHBlue44' 6-max Seat #5 is the button
Seat 1: 2480f402 ($2.79 in chips)
Seat 2: 3af6015a ($0.69 in chips)
Seat 3: Hero ($5 in chips)
Seat 4: f0e5f801 ($6.21 in chips)
Seat 5: 22a39726 ($6.89 in chips)
Seat 6: 3ffd035f ($7.31 in chips)
3ffd035f: posts small blind $0.02
2480f402: posts big blind $0.05
*** HOLE CARDS ***
Dealt to 2480f402 
Dealt to 3af6015a 
Dealt to Hero [Kc Jh]
Dealt to f0e5f801 
Dealt to 22a39726 
Dealt to 3ffd035f 
3af6015a: raises $0.64 to $0.69 and is all-in
Hero: folds
f0e5f801: calls $0.69
22a39726: folds
3ffd035f: folds
2480f402: folds
3af6015a: shows [Kh Ac]
f0e5f801: shows [8c 8d]
*** FLOP *** [Qs Th Qd]
*** TURN *** [Qs Th Qd] [5h]
*** RIVER *** [Qs Th Qd 5h] [5s]
*** SHOWDOWN ***
f0e5f801 collected $1.38 from pot
*** SUMMARY ***
Total pot $1.45 | Rake $0.07 | Jackpot $0 | Bingo $0 | Fortune $0 | Tax $0
Board [Qs Th Qd 5h 5s]
Seat 1: 2480f402 (big blind) folded before Flop
Seat 2: 3af6015a showed [Kh Ac] and lost with Pair of Queens and Pair of Fives
Seat 3: Hero folded before Flop (didn't bet)
Seat 4: f0e5f801 showed [8c 8d] and won ($1.38) with Pair of Queens and Pair of Eights
Seat 5: 22a39726 (button) folded before Flop (didn't bet)
Seat 6: 3ffd035f (small blind) folded before Flop


Poker Hand #HD1730128906: Hold'em No Limit ($0.02/$0.05) - 2024/04/14 16:54:02
Table 'NLHBlue44' 6-max Seat #4 is the button
Seat 1: 2480f402 ($2.79 in chips)
Seat 2: 3af6015a ($2.01 in chips)
Seat 3: Hero ($5 in chips)
Seat 4: f0e5f801 ($5 in chips)
Seat 5: 22a39726 ($6.91 in chips)
Seat 6: 3ffd035f ($7.36 in chips)
22a39726: posts small blind $0.02
3ffd035f: posts big blind $0.05
*** HOLE CARDS ***
Dealt to 2480f402 
Dealt to 3af6015a 
Dealt to Hero [9d Jh]
Dealt to f0e5f801 
Dealt to 22a39726 
Dealt to 3ffd035f 
2480f402: folds
3af6015a: raises $0.1 to $0.15
Hero: folds
f0e5f801: raises $0.22 to $0.37
22a39726: folds
3ffd035f: folds
3af6015a: calls $0.22
*** FLOP *** [Ks 9h Th]
3af6015a: checks
f0e5f801: bets $0.27
3af6015a: calls $0.27
*** TURN *** [Ks 9h Th] [2c]
3af6015a: checks
f0e5f801: checks
*** RIVER *** [Ks 9h Th 2c] [Qh]
3af6015a: bets $0.68
f0e5f801: calls $0.68
3af6015a: shows [9c 7c] (Pair of Nines)
f0e5f801: shows [Ac Js] (Aces-High Straight)
*** SHOWDOWN ***
f0e5f801 collected $2.53 from pot
*** SUMMARY ***
Total pot $2.71 | Rake $0.13 | Jackpot $0.05 | Bingo $0 | Fortune $0 | Tax $0
Board [Ks 9h Th 2c Qh]
Seat 1: 2480f402 folded before Flop (didn't bet)
Seat 2: 3af6015a showed [9c 7c] and lost with Pair of Nines
Seat 3: Hero folded before Flop (didn't bet)
Seat 4: f0e5f801 (button) showed [Ac Js] and won ($2.53) with Aces-High Straight
Seat 5: 22a39726 (small blind) folded before Flop
Seat 6: 3ffd035f (big blind) folded before Flop


Poker Hand #HD1730128811: Hold'em No Limit ($0.02/$0.05) - 2024/04/14 16:53:17
Table 'NLHBlue44' 6-max Seat #3 is the button
Seat 1: 2480f402 ($5.52 in chips)
Seat 2: 3af6015a ($2.34 in chips)
Seat 3: Hero ($5 in chips)
Seat 4: f0e5f801 ($5 in chips)
Seat 5: 22a39726 ($6.96 in chips)
Seat 6: 3ffd035f ($4.57 in chips)
f0e5f801: posts small blind $0.02
22a39726: posts big blind $0.05
*** HOLE CARDS ***
Dealt to 2480f402 
Dealt to 3af6015a 
Dealt to Hero [6c 7d]
Dealt to f0e5f801 
Dealt to 22a39726 
Dealt to 3ffd035f 
3ffd035f: raises $0.1 to $0.15
2480f402: calls $0.15
3af6015a: calls $0.15
Hero: folds
f0e5f801: folds
22a39726: folds
*** FLOP *** [Ad 2h Td]
3ffd035f: checks
2480f402: bets $0.18
3af6015a: calls $0.18
3ffd035f: calls $0.18
*** TURN *** [Ad 2h Td] [6d]
3ffd035f: checks
2480f402: bets $0.35
3af6015a: folds
3ffd035f: raises $0.88 to $1.23
2480f402: raises $1.17 to $2.4
3ffd035f: calls $1.17
*** RIVER *** [Ad 2h Td 6d] [5h]
3ffd035f: checks
2480f402: checks
3ffd035f: shows [4d 3d] (Ace High Flush)
2480f402: shows [Ah 5s] (Pair of Aces and Pair of Fives)
*** SHOWDOWN ***
3ffd035f collected $5.52 from pot
*** SUMMARY ***
Total pot $5.86 | Rake $0.29 | Jackpot $0.05 | Bingo $0 | Fortune $0 | Tax $0
Board [Ad 2h Td 6d 5h]
Seat 1: 2480f402 showed [Ah 5s] and lost with Pair of Aces and Pair of Fives
Seat 2: 3af6015a folded on the Turn
Seat 3: Hero (button) folded before Flop (didn't bet)
Seat 4: f0e5f801 (small blind) folded before Flop
Seat 5: 22a39726 (big blind) folded before Flop
Seat 6: 3ffd035f showed [4d 3d] and won ($5.52) with Ace High Flush


Poker Hand #HD1730128733: Hold'em No Limit ($0.02/$0.05) - 2024/04/14 16:52:34
Table 'NLHBlue44' 6-max Seat #2 is the button
Seat 1: 2480f402 ($5.15 in chips)
Seat 2: 3af6015a ($2.44 in chips)
Seat 3: Hero ($5 in chips)
Seat 4: f0e5f801 ($5 in chips)
Seat 5: 22a39726 ($6.96 in chips)
Seat 6: 3ffd035f ($4.8 in chips)
Hero: posts small blind $0.02
f0e5f801: posts big blind $0.05
*** HOLE CARDS ***
Dealt to 2480f402 
Dealt to 3af6015a 
Dealt to Hero [9h Jc]
Dealt to f0e5f801 
Dealt to 22a39726 
Dealt to 3ffd035f 
22a39726: folds
3ffd035f: calls $0.05
2480f402: raises $0.05 to $0.1
3af6015a: calls $0.1
Hero: folds
f0e5f801: folds
3ffd035f: calls $0.05
*** FLOP *** [5d Qd Qs]
3ffd035f: checks
2480f402: bets $0.13
3af6015a: folds
3ffd035f: calls $0.13
*** TURN *** [5d Qd Qs] [6h]
3ffd035f: checks
2480f402: bets $0.48
3ffd035f: folds
Uncalled bet ($0.48) returned to 2480f402
*** SHOWDOWN ***
2480f402 collected $0.6 from pot
*** SUMMARY ***
Total pot $0.63 | Rake $0.03 | Jackpot $0 | Bingo $0 | Fortune $0 | Tax $0
Board [5d Qd Qs 6h]
Seat 1: 2480f402 won ($0.6)
Seat 2: 3af6015a (button) folded on the Flop
Seat 3: Hero (small blind) folded before Flop
Seat 4: f0e5f801 (big blind) folded before Flop
Seat 5: 22a39726 folded before Flop (didn't bet)
Seat 6: 3ffd035f folded on the Turn


Poker Hand #HD1730128703: Hold'em No Limit ($0.02/$0.05) - 2024/04/14 16:52:22
Table 'NLHBlue44' 6-max Seat #1 is the button
Seat 1: 2480f402 ($5.08 in chips)
Seat 2: 3af6015a ($2.46 in chips)
Seat 3: Hero ($5 in chips)
Seat 4: f0e5f801 ($5 in chips)
Seat 5: 22a39726 ($6.96 in chips)
Seat 6: 3ffd035f ($4.8 in chips)
3af6015a: posts small blind $0.02
Hero: posts big blind $0.05
*** HOLE CARDS ***
Dealt to 2480f402 
Dealt to 3af6015a 
Dealt to Hero [Td 8c]
Dealt to f0e5f801 
Dealt to 22a39726 
Dealt to 3ffd035f 
f0e5f801: folds
22a39726: folds
3ffd035f: folds
2480f402: raises $0.05 to $0.1
3af6015a: folds
Hero: folds
Uncalled bet ($0.05) returned to 2480f402
*** SHOWDOWN ***
2480f402 collected $0.12 from pot
*** SUMMARY ***
Total pot $0.12 | Rake $0 | Jackpot $0 | Bingo $0 | Fortune $0 | Tax $0
Seat 1: 2480f402 (button) collected ($0.12)
Seat 2: 3af6015a (small blind) folded before Flop
Seat 3: Hero (big blind) folded before Flop
Seat 4: f0e5f801 folded before Flop (didn't bet)
Seat 5: 22a39726 folded before Flop (didn't bet)
Seat 6: 3ffd035f folded before Flop (didn't bet)


Poker Hand #HD1730128616: Hold'em No Limit ($0.02/$0.05) - 2024/04/14 16:51:40
Table 'NLHBlue44' 6-max Seat #6 is the button
Seat 1: 2480f402 ($5.39 in chips)
Seat 2: 3af6015a ($2.59 in chips)
Seat 3: Hero ($5 in chips)
Seat 4: f0e5f801 ($5 in chips)
Seat 5: 22a39726 ($6.96 in chips)
Seat 6: 3ffd035f ($4.27 in chips)
2480f402: posts small blind $0.02
3af6015a: posts big blind $0.05
*** HOLE CARDS ***
Dealt to 2480f402 
Dealt to 3af6015a 
Dealt to Hero [Ts 9c]
Dealt to f0e5f801 
Dealt to 22a39726 
Dealt to 3ffd035f 
Hero: folds
f0e5f801: raises $0.08 to $0.13
22a39726: folds
3ffd035f: calls $0.13
2480f402: calls $0.11
3af6015a: calls $0.08
*** FLOP *** [4h 8d Kd]
2480f402: checks
3af6015a: checks
f0e5f801: checks
3ffd035f: bets $0.18
2480f402: calls $0.18
3af6015a: folds
f0e5f801: folds
*** TURN *** [4h 8d Kd] [Qd]
2480f402: checks
3ffd035f: bets $0.44
2480f402: folds
Uncalled bet ($0.44) returned to 3ffd035f
*** SHOWDOWN ***
3ffd035f collected $0.84 from pot
*** SUMMARY ***
Total pot $0.88 | Rake $0.04 | Jackpot $0 | Bingo $0 | Fortune $0 | Tax $0
Board [4h 8d Kd Qd]
Seat 1: 2480f402 (small blind) folded on the Turn
Seat 2: 3af6015a (big blind) folded on the Flop
Seat 3: Hero folded before Flop (didn't bet)
Seat 4: f0e5f801 folded on the Flop
Seat 5: 22a39726 folded before Flop (didn't bet)
Seat 6: 3ffd035f (button) won ($0.84)


Poker Hand #HD1730128533: Hold'em No Limit ($0.02/$0.05) - 2024/04/14 16:51:02
Table 'NLHBlue44' 6-max Seat #5 is the button
Seat 1: 2480f402 ($5.59 in chips)
Seat 2: 3af6015a ($2.59 in chips)
Seat 3: Hero ($5 in chips)
Seat 4: f0e5f801 ($5 in chips)
Seat 5: 22a39726 ($6.96 in chips)
Seat 6: 3ffd035f ($3.99 in chips)
3ffd035f: posts small blind $0.02
2480f402: posts big blind $0.05
*** HOLE CARDS ***
Dealt to 2480f402 
Dealt to 3af6015a 
Dealt to Hero [8s 8h]
Dealt to f0e5f801 
Dealt to 22a39726 
Dealt to 3ffd035f 
3af6015a: folds
Hero: raises $0.05 to $0.1
f0e5f801: folds
22a39726: folds
3ffd035f: calls $0.08
2480f402: calls $0.05
*** FLOP *** [Js 4s 6d]
3ffd035f: checks
2480f402: checks
Hero: checks
*** TURN *** [Js 4s 6d] [9d]
3ffd035f: checks
2480f402: checks
Hero: checks
*** RIVER *** [Js 4s 6d 9d] [Ac]
3ffd035f: checks
2480f402: bets $0.1
Hero: folds
3ffd035f: calls $0.1
2480f402: shows [Ks 4h] (Pair of Fours)
3ffd035f: shows [6c 5s] (Pair of Sixes)
*** SHOWDOWN ***
3ffd035f collected $0.48 from pot
*** SUMMARY ***
Total pot $0.5 | Rake $0.02 | Jackpot $0 | Bingo $0 | Fortune $0 | Tax $0
Board [Js 4s 6d 9d Ac]
Seat 1: 2480f402 (big blind) showed [Ks 4h] and lost with Pair of Fours
Seat 2: 3af6015a folded before Flop (didn't bet)
Seat 3: Hero folded on the River
Seat 4: f0e5f801 folded before Flop (didn't bet)
Seat 5: 22a39726 (button) folded before Flop (didn't bet)
Seat 6: 3ffd035f (small blind) showed [6c 5s] and won ($0.48) with Pair of Sixes


Poker Hand #HD1730128441: Hold'em No Limit ($0.02/$0.05) - 2024/04/14 16:50:10
Table 'NLHBlue44' 6-max Seat #4 is the button
Seat 1: 2480f402 ($6.01 in chips)
Seat 2: 3af6015a ($2.59 in chips)
Seat 3: Hero ($5 in chips)
Seat 4: f0e5f801 ($5 in chips)
Seat 5: 22a39726 ($7.01 in chips)
Seat 6: 3ffd035f ($3.56 in chips)
22a39726: posts small blind $0.02
3ffd035f: posts big blind $0.05
*** HOLE CARDS ***
Dealt to 2480f402 
Dealt to 3af6015a 
Dealt to Hero [Qh 4h]
Dealt to f0e5f801 
Dealt to 22a39726 
Dealt to 3ffd035f 
2480f402: calls $0.05
3af6015a: folds
Hero: folds
f0e5f801: folds
22a39726: calls $0.03
3ffd035f: checks
*** FLOP *** [2d 4c Qc]
22a39726: checks
3ffd035f: checks
2480f402: checks
*** TURN *** [2d 4c Qc] [3d]
22a39726: checks
3ffd035f: bets $0.08
2480f402: raises $0.11 to $0.19
22a39726: folds
3ffd035f: calls $0.11
*** RIVER *** [2d 4c Qc 3d] [9c]
3ffd035f: checks
2480f402: bets $0.18
3ffd035f: calls $0.18
2480f402: shows [7h Kc] (King-High)
3ffd035f: shows [9d Jd] (Pair of Nines)
*** SHOWDOWN ***
3ffd035f collected $0.85 from pot
*** SUMMARY ***
Total pot $0.89 | Rake $0.04 | Jackpot $0 | Bingo $0 | Fortune $0 | Tax $0
Board [2d 4c Qc 3d 9c]
Seat 1: 2480f402 showed [7h Kc] and lost with King-High
Seat 2: 3af6015a folded before Flop (didn't bet)
Seat 3: Hero folded before Flop (didn't bet)
Seat 4: f0e5f801 (button) folded before Flop (didn't bet)
Seat 5: 22a39726 (small blind) folded on the Turn
Seat 6: 3ffd035f (big blind) showed [9d Jd] and won ($0.85) with Pair of Nines


Poker Hand #HD1730128368: Hold'em No Limit ($0.02/$0.05) - 2024/04/14 16:49:35
Table 'NLHBlue44' 6-max Seat #3 is the button
Seat 1: 2480f402 ($5.89 in chips)
Seat 2: 3af6015a ($2.64 in chips)
Seat 3: Hero ($5 in chips)
Seat 4: f0e5f801 ($5 in chips)
Seat 5: 22a39726 ($7.06 in chips)
Seat 6: 3ffd035f ($3.56 in chips)
f0e5f801: posts small blind $0.02
22a39726: posts big blind $0.05
3af6015a: posts big blind $0.05
*** HOLE CARDS ***
Dealt to 2480f402 
Dealt to 3af6015a 
Dealt to Hero [3h 5d]
Dealt to f0e5f801 
Dealt to 22a39726 
Dealt to 3ffd035f 
3ffd035f: folds
2480f402: calls $0.05
3af6015a: checks
Hero: folds
f0e5f801: folds
22a39726: checks
*** FLOP *** [7d Td Ts]
22a39726: checks
2480f402: checks
3af6015a: checks
*** TURN *** [7d Td Ts] [Jd]
22a39726: checks
2480f402: bets $0.06
3af6015a: folds
22a39726: folds
Uncalled bet ($0.06) returned to 2480f402
*** SHOWDOWN ***
2480f402 collected $0.17 from pot
*** SUMMARY ***
Total pot $0.17 | Rake $0 | Jackpot $0 | Bingo $0 | Fortune $0 | Tax $0
Board [7d Td Ts Jd]
Seat 1: 2480f402 won ($0.17)
Seat 2: 3af6015a folded on the Turn
Seat 3: Hero (button) folded before Flop (didn't bet)
Seat 4: f0e5f801 (small blind) folded before Flop
Seat 5: 22a39726 (big blind) folded on the Turn
Seat 6: 3ffd035f folded before Flop (didn't bet)


Poker Hand #HD1730128254: Hold'em No Limit ($0.02/$0.05) - 2024/04/14 16:48:32
Table 'NLHBlue44' 6-max Seat #2 is the button
Seat 1: 2480f402 ($5 in chips)
Seat 2: c5d52bbd ($6.25 in chips)
Seat 3: Hero ($5 in chips)
Seat 4: f0e5f801 ($5 in chips)
Seat 5: 22a39726 ($7.06 in chips)
Seat 6: 3ffd035f ($4.52 in chips)
Hero: posts small blind $0.02
f0e5f801: posts big blind $0.05
2480f402: posts big blind $0.05
*** HOLE CARDS ***
Dealt to 2480f402 
Dealt to c5d52bbd 
Dealt to Hero [8h Kc]
Dealt to f0e5f801 
Dealt to 22a39726 
Dealt to 3ffd035f 
22a39726: folds
3ffd035f: calls $0.05
2480f402: checks
c5d52bbd: folds
Hero: folds
f0e5f801: checks
*** FLOP *** [6h 7d Qs]
f0e5f801: checks
3ffd035f: bets $0.09
2480f402: raises $0.12 to $0.21
f0e5f801: folds
3ffd035f: calls $0.12
*** TURN *** [6h 7d Qs] [Jc]
3ffd035f: checks
2480f402: bets $0.2
3ffd035f: calls $0.2
*** RIVER *** [6h 7d Qs Jc] [Ad]
3ffd035f: bets $0.5
2480f402: calls $0.5
3ffd035f: shows [9d Td] (Ace-High)
2480f402: shows [Qh 2c] (Pair of Queens)
*** SHOWDOWN ***
2480f402 collected $1.85 from pot
*** SUMMARY ***
Total pot $1.99 | Rake $0.09 | Jackpot $0.05 | Bingo $0 | Fortune $0 | Tax $0
Board [6h 7d Qs Jc Ad]
Seat 1: 2480f402 showed [Qh 2c] and won ($1.85) with Pair of Queens
Seat 2: c5d52bbd (button) folded before Flop (didn't bet)
Seat 3: Hero (small blind) folded before Flop
Seat 4: f0e5f801 (big blind) folded on the Flop
Seat 5: 22a39726 folded before Flop (didn't bet)
Seat 6: 3ffd035f showed [9d Td] and lost with Ace-High


Poker Hand #HD1730128225: Hold'em No Limit ($0.02/$0.05) - 2024/04/14 16:48:19
Table 'NLHBlue44' 6-max Seat #6 is the button
Seat 2: c5d52bbd ($6.27 in chips)
Seat 3: Hero ($5 in chips)
Seat 4: f0e5f801 ($5 in chips)
Seat 5: 22a39726 ($7.06 in chips)
Seat 6: 3ffd035f ($4.45 in chips)
c5d52bbd: posts small blind $0.02
Hero: posts big blind $0.05
*** HOLE CARDS ***
Dealt to c5d52bbd 
Dealt to Hero [3c 8s]
Dealt to f0e5f801 
Dealt to 22a39726 
Dealt to 3ffd035f 
f0e5f801: folds
22a39726: folds
3ffd035f: raises $0.12 to $0.17
c5d52bbd: folds
Hero: folds
Uncalled bet ($0.12) returned to 3ffd035f
*** SHOWDOWN ***
3ffd035f collected $0.12 from pot
*** SUMMARY ***
Total pot $0.12 | Rake $0 | Jackpot $0 | Bingo $0 | Fortune $0 | Tax $0
Seat 2: c5d52bbd (small blind) folded before Flop
Seat 3: Hero (big blind) folded before Flop
Seat 4: f0e5f801 folded before Flop (didn't bet)
Seat 5: 22a39726 folded before Flop (didn't bet)
Seat 6: 3ffd035f (button) collected ($0.12)


Poker Hand #HD1730128194: Hold'em No Limit ($0.02/$0.05) - 2024/04/14 16:48:03
Table 'NLHBlue44' 6-max Seat #5 is the button
Seat 2: c5d52bbd ($6.32 in chips)
Seat 3: Hero ($5 in chips)
Seat 4: f0e5f801 ($5 in chips)
Seat 5: 22a39726 ($7.06 in chips)
Seat 6: 3ffd035f ($4.4 in chips)
3ffd035f: posts small blind $0.02
c5d52bbd: posts big blind $0.05
*** HOLE CARDS ***
Dealt to c5d52bbd 
Dealt to Hero [Ks 4s]
Dealt to f0e5f801 
Dealt to 22a39726 
Dealt to 3ffd035f 
Hero: folds
f0e5f801: folds
22a39726: folds
3ffd035f: raises $0.1 to $0.15
c5d52bbd: folds
Uncalled bet ($0.1) returned to 3ffd035f
*** SHOWDOWN ***
3ffd035f collected $0.1 from pot
*** SUMMARY ***
Total pot $0.1 | Rake $0 | Jackpot $0 | Bingo $0 | Fortune $0 | Tax $0
Seat 2: c5d52bbd (big blind) folded before Flop
Seat 3: Hero folded before Flop (didn't bet)
Seat 4: f0e5f801 folded before Flop (didn't bet)
Seat 5: 22a39726 (button) folded before Flop (didn't bet)
Seat 6: 3ffd035f (small blind) collected ($0.1)


Poker Hand #HD1730128106: Hold'em No Limit ($0.02/$0.05) - 2024/04/14 16:47:22
Table 'NLHBlue44' 6-max Seat #4 is the button
Seat 1: 1f42863d ($5 in chips)
Seat 2: c5d52bbd ($5.74 in chips)
Seat 3: Hero ($5 in chips)
Seat 4: f0e5f801 ($5 in chips)
Seat 5: 22a39726 ($7.08 in chips)
Seat 6: 3ffd035f ($4.7 in chips)
22a39726: posts small blind $0.02
3ffd035f: posts big blind $0.05
*** HOLE CARDS ***
Dealt to 1f42863d 
Dealt to c5d52bbd 
Dealt to Hero [8c Tc]
Dealt to f0e5f801 
Dealt to 22a39726 
Dealt to 3ffd035f 
1f42863d: folds
c5d52bbd: calls $0.05
Hero: raises $0.1 to $0.15
f0e5f801: folds
22a39726: folds
3ffd035f: calls $0.1
c5d52bbd: calls $0.1
*** FLOP *** [As Js 5d]
3ffd035f: checks
c5d52bbd: checks
Hero: bets $0.15
3ffd035f: calls $0.15
c5d52bbd: calls $0.15
*** TURN *** [As Js 5d] [8d]
3ffd035f: checks
c5d52bbd: bets $0.31
Hero: folds
3ffd035f: folds
Uncalled bet ($0.31) returned to c5d52bbd
c5d52bbd: shows [Ah Jc] (Pair of Aces and Pair of Jacks)
*** SHOWDOWN ***
c5d52bbd collected $0.88 from pot
*** SUMMARY ***
Total pot $0.92 | Rake $0.04 | Jackpot $0 | Bingo $0 | Fortune $0 | Tax $0
Board [As Js 5d 8d]
Seat 1: 1f42863d folded before Flop (didn't bet)
Seat 2: c5d52bbd showed [Ah Jc] and won ($0.88)
Seat 3: Hero folded on the Turn
Seat 4: f0e5f801 (button) folded before Flop (didn't bet)
Seat 5: 22a39726 (small blind) folded before Flop
Seat 6: 3ffd035f (big blind) folded on the Turn


Poker Hand #HD1730128041: Hold'em No Limit ($0.02/$0.05) - 2024/04/14 16:46:48
Table 'NLHBlue44' 6-max Seat #3 is the button
Seat 1: 1f42863d ($5 in chips)
Seat 2: c5d52bbd ($5.67 in chips)
Seat 3: Hero ($5 in chips)
Seat 4: f0e5f801 ($5 in chips)
Seat 5: 22a39726 ($7.13 in chips)
Seat 6: 3ffd035f ($4.7 in chips)
f0e5f801: posts small blind $0.02
22a39726: posts big blind $0.05
*** HOLE CARDS ***
Dealt to 1f42863d 
Dealt to c5d52bbd 
Dealt to Hero [8d 9s]
Dealt to f0e5f801 
Dealt to 22a39726 
Dealt to 3ffd035f 
3ffd035f: folds
1f42863d: folds
c5d52bbd: calls $0.05
Hero: folds
f0e5f801: folds
22a39726: checks
*** FLOP *** [Jh Qd 5d]
22a39726: checks
c5d52bbd: bets $0.06
22a39726: folds
Uncalled bet ($0.06) returned to c5d52bbd
*** SHOWDOWN ***
c5d52bbd collected $0.12 from pot
*** SUMMARY ***
Total pot $0.12 | Rake $0 | Jackpot $0 | Bingo $0 | Fortune $0 | Tax $0
Board [Jh Qd 5d]
Seat 1: 1f42863d folded before Flop (didn't bet)
Seat 2: c5d52bbd won ($0.12)
Seat 3: Hero (button) folded before Flop (didn't bet)
Seat 4: f0e5f801 (small blind) folded before Flop
Seat 5: 22a39726 (big blind) folded on the Flop
Seat 6: 3ffd035f folded before Flop (didn't bet)


Poker Hand #HD1730128011: Hold'em No Limit ($0.02/$0.05) - 2024/04/14 16:46:30
Table 'NLHBlue44' 6-max Seat #2 is the button
Seat 1: 1f42863d ($5 in chips)
Seat 2: c5d52bbd ($5.6 in chips)
Seat 3: Hero ($5 in chips)
Seat 4: f0e5f801 ($5 in chips)
Seat 5: 22a39726 ($7.13 in chips)
Seat 6: 3ffd035f ($4.7 in chips)
Hero: posts small blind $0.02
f0e5f801: posts big blind $0.05
*** HOLE CARDS ***
Dealt to 1f42863d 
Dealt to c5d52bbd 
Dealt to Hero [Th 7h]
Dealt to f0e5f801 
Dealt to 22a39726 
Dealt to 3ffd035f 
22a39726: folds
3ffd035f: folds
1f42863d: folds
c5d52bbd: raises $0.05 to $0.1
Hero: folds
f0e5f801: folds
Uncalled bet ($0.05) returned to c5d52bbd
*** SHOWDOWN ***
c5d52bbd collected $0.12 from pot
*** SUMMARY ***
Total pot $0.12 | Rake $0 | Jackpot $0 | Bingo $0 | Fortune $0 | Tax $0
Seat 1: 1f42863d folded before Flop (didn't bet)
Seat 2: c5d52bbd (button) collected ($0.12)
Seat 3: Hero (small blind) folded before Flop
Seat 4: f0e5f801 (big blind) folded before Flop
Seat 5: 22a39726 folded before Flop (didn't bet)
Seat 6: 3ffd035f folded before Flop (didn't bet)


Poker Hand #HD1730127937: Hold'em No Limit ($0.02/$0.05) - 2024/04/14 16:45:50
Table 'NLHBlue44' 6-max Seat #1 is the button
Seat 1: 1f42863d ($5 in chips)
Seat 2: c5d52bbd ($5.62 in chips)
Seat 3: Hero ($5 in chips)
Seat 4: f0e5f801 ($5 in chips)
Seat 5: 22a39726 ($6.87 in chips)
Seat 6: 3ffd035f ($4.7 in chips)
c5d52bbd: posts small blind $0.02
Hero: posts big blind $0.05
*** HOLE CARDS ***
Dealt to 1f42863d 
Dealt to c5d52bbd 
Dealt to Hero [8h 6h]
Dealt to f0e5f801 
Dealt to 22a39726 
Dealt to 3ffd035f 
f0e5f801: folds
22a39726: raises $0.1 to $0.15
3ffd035f: folds
1f42863d: folds
c5d52bbd: folds
Hero: calls $0.1
*** FLOP *** [Td 7d Kd]
Hero: checks
22a39726: bets $0.11
Hero: calls $0.11
*** TURN *** [Td 7d Kd] [Js]
Hero: checks
22a39726: bets $0.27
Hero: folds
Uncalled bet ($0.27) returned to 22a39726
*** SHOWDOWN ***
22a39726 collected $0.52 from pot
*** SUMMARY ***
Total pot $0.54 | Rake $0.02 | Jackpot $0 | Bingo $0 | Fortune $0 | Tax $0
Board [Td 7d Kd Js]
Seat 1: 1f42863d (button) folded before Flop (didn't bet)
Seat 2: c5d52bbd (small blind) folded before Flop
Seat 3: Hero (big blind) folded on the Turn
Seat 4: f0e5f801 folded before Flop (didn't bet)
Seat 5: 22a39726 won ($0.52)
Seat 6: 3ffd035f folded before Flop (didn't bet)


Poker Hand #HD1730127911: Hold'em No Limit ($0.02/$0.05) - 2024/04/14 16:45:35
Table 'NLHBlue44' 6-max Seat #6 is the button
Seat 1: 1f42863d ($5 in chips)
Seat 2: c5d52bbd ($5.67 in chips)
Seat 3: Hero ($5 in chips)
Seat 4: f0e5f801 ($5 in chips)
Seat 5: 22a39726 ($6.8 in chips)
Seat 6: 3ffd035f ($4.7 in chips)
1f42863d: posts small blind $0.02
c5d52bbd: posts big blind $0.05
*** HOLE CARDS ***
Dealt to 1f42863d 
Dealt to c5d52bbd 
Dealt to Hero [5c Ks]
Dealt to f0e5f801 
Dealt to 22a39726 
Dealt to 3ffd035f 
Hero: folds
f0e5f801: folds
22a39726: raises $0.08 to $0.13
3ffd035f: folds
1f42863d: folds
c5d52bbd: folds
Uncalled bet ($0.08) returned to 22a39726
*** SHOWDOWN ***
22a39726 collected $0.12 from pot
*** SUMMARY ***
Total pot $0.12 | Rake $0 | Jackpot $0 | Bingo $0 | Fortune $0 | Tax $0
Seat 1: 1f42863d (small blind) folded before Flop
Seat 2: c5d52bbd (big blind) folded before Flop
Seat 3: Hero folded before Flop (didn't bet)
Seat 4: f0e5f801 folded before Flop (didn't bet)
Seat 5: 22a39726 collected ($0.12)
Seat 6: 3ffd035f (button) folded before Flop (didn't bet)


Poker Hand #HD1730127761: Hold'em No Limit ($0.02/$0.05) - 2024/04/14 16:44:20
Table 'NLHBlue44' 6-max Seat #5 is the button
Seat 1: 1f42863d ($5.12 in chips)
Seat 2: c5d52bbd ($4.95 in chips)
Seat 3: Hero ($5 in chips)
Seat 4: f0e5f801 ($5 in chips)
Seat 5: 22a39726 ($7.31 in chips)
Seat 6: 3ffd035f ($4.72 in chips)
3ffd035f: posts small blind $0.02
1f42863d: posts big blind $0.05
*** HOLE CARDS ***
Dealt to 1f42863d 
Dealt to c5d52bbd 
Dealt to Hero [Qc 8c]
Dealt to f0e5f801 
Dealt to 22a39726 
Dealt to 3ffd035f 
c5d52bbd: calls $0.05
Hero: folds
f0e5f801: folds
22a39726: raises $0.2 to $0.25
3ffd035f: folds
1f42863d: calls $0.2
c5d52bbd: calls $0.2
*** FLOP *** [2s Qh 8s]
1f42863d: checks
c5d52bbd: checks
22a39726: checks
*** TURN *** [2s Qh 8s] [Ts]
1f42863d: checks
c5d52bbd: checks
22a39726: checks
*** RIVER *** [2s Qh 8s Ts] [5d]
1f42863d: checks
c5d52bbd: bets $0.26
22a39726: calls $0.26
1f42863d: folds
c5d52bbd: shows [Js 7s] (Jack High Flush)
22a39726: shows [Jd Jh] (Pair of Jacks)
*** SHOWDOWN ***
c5d52bbd collected $1.23 from pot
*** SUMMARY ***
Total pot $1.29 | Rake $0.06 | Jackpot $0 | Bingo $0 | Fortune $0 | Tax $0
Board [2s Qh 8s Ts 5d]
Seat 1: 1f42863d (big blind) folded on the River
Seat 2: c5d52bbd showed [Js 7s] and won ($1.23) with Jack High Flush
Seat 3: Hero folded before Flop (didn't bet)
Seat 4: f0e5f801 folded before Flop (didn't bet)
Seat 5: 22a39726 (button) showed [Jd Jh] and lost with Pair of Jacks
Seat 6: 3ffd035f (small blind) folded before Flop


Poker Hand #HD1730127700: Hold'em No Limit ($0.02/$0.05) - 2024/04/14 16:43:48
Table 'NLHBlue44' 6-max Seat #4 is the button
Seat 1: 1f42863d ($5.12 in chips)
Seat 2: c5d52bbd ($4.95 in chips)
Seat 3: Hero ($5 in chips)
Seat 4: f0e5f801 ($5 in chips)
Seat 5: 22a39726 ($7.33 in chips)
Seat 6: 3ffd035f ($4.45 in chips)
22a39726: posts small blind $0.02
3ffd035f: posts big blind $0.05
*** HOLE CARDS ***
Dealt to 1f42863d 
Dealt to c5d52bbd 
Dealt to Hero [2d 7h]
Dealt to f0e5f801 
Dealt to 22a39726 
Dealt to 3ffd035f 
1f42863d: folds
c5d52bbd: folds
Hero: folds
f0e5f801: raises $0.08 to $0.13
22a39726: folds
3ffd035f: calls $0.08
*** FLOP *** [Js As 8s]
3ffd035f: bets $0.14
f0e5f801: calls $0.14
*** TURN *** [Js As 8s] [9d]
3ffd035f: bets $0.28
f0e5f801: folds
Uncalled bet ($0.28) returned to 3ffd035f
*** SHOWDOWN ***
3ffd035f collected $0.54 from pot
*** SUMMARY ***
Total pot $0.56 | Rake $0.02 | Jackpot $0 | Bingo $0 | Fortune $0 | Tax $0
Board [Js As 8s 9d]
Seat 1: 1f42863d folded before Flop (didn't bet)
Seat 2: c5d52bbd folded before Flop (didn't bet)
Seat 3: Hero folded before Flop (didn't bet)
Seat 4: f0e5f801 (button) folded on the Turn
Seat 5: 22a39726 (small blind) folded before Flop
Seat 6: 3ffd035f (big blind) won ($0.54)


Poker Hand #HD1730127625: Hold'em No Limit ($0.02/$0.05) - 2024/04/14 16:43:09
Table 'NLHBlue44' 6-max Seat #3 is the button
Seat 1: 1f42863d ($5.12 in chips)
Seat 2: c5d52bbd ($5 in chips)
Seat 3: Hero ($5.15 in chips)
Seat 4: f0e5f801 ($5 in chips)
Seat 5: 22a39726 ($7.38 in chips)
Seat 6: 3ffd035f ($4.15 in chips)
f0e5f801: posts small blind $0.02
22a39726: posts big blind $0.05
c5d52bbd: posts big blind $0.05
*** HOLE CARDS ***
Dealt to 1f42863d 
Dealt to c5d52bbd 
Dealt to Hero [Qd Ad]
Dealt to f0e5f801 
Dealt to 22a39726 
Dealt to 3ffd035f 
3ffd035f: calls $0.05
1f42863d: folds
c5d52bbd: checks
Hero: raises $0.15 to $0.2
f0e5f801: folds
22a39726: folds
3ffd035f: calls $0.15
c5d52bbd: folds
*** FLOP *** [2d 4s 8c]
3ffd035f: checks
Hero: checks
*** TURN *** [2d 4s 8c] [2h]
3ffd035f: bets $0.26
Hero: folds
Uncalled bet ($0.26) returned to 3ffd035f
*** SHOWDOWN ***
3ffd035f collected $0.5 from pot
*** SUMMARY ***
Total pot $0.52 | Rake $0.02 | Jackpot $0 | Bingo $0 | Fortune $0 | Tax $0
Board [2d 4s 8c 2h]
Seat 1: 1f42863d folded before Flop (didn't bet)
Seat 2: c5d52bbd folded before Flop
Seat 3: Hero (button) folded on the Turn
Seat 4: f0e5f801 (small blind) folded before Flop
Seat 5: 22a39726 (big blind) folded before Flop
Seat 6: 3ffd035f won ($0.5)


Poker Hand #HD1730127581: Hold'em No Limit ($0.02/$0.05) - 2024/04/14 16:42:45
Table 'NLHBlue44' 6-max Seat #1 is the button
Seat 1: 1f42863d ($5.12 in chips)
Seat 3: Hero ($5.01 in chips)
Seat 4: f0e5f801 ($5 in chips)
Seat 5: 22a39726 ($7.38 in chips)
Seat 6: 3ffd035f ($4.25 in chips)
Hero: posts small blind $0.02
f0e5f801: posts big blind $0.05
*** HOLE CARDS ***
Dealt to 1f42863d 
Dealt to Hero [5s As]
Dealt to f0e5f801 
Dealt to 22a39726 
Dealt to 3ffd035f 
22a39726: folds
3ffd035f: raises $0.05 to $0.1
1f42863d: folds
Hero: raises $0.3 to $0.4
f0e5f801: folds
3ffd035f: folds
Uncalled bet ($0.3) returned to Hero
*** SHOWDOWN ***
Hero collected $0.24 from pot
*** SUMMARY ***
Total pot $0.25 | Rake $0.01 | Jackpot $0 | Bingo $0 | Fortune $0 | Tax $0
Seat 1: 1f42863d (button) folded before Flop (didn't bet)
Seat 3: Hero (small blind) collected ($0.24)
Seat 4: f0e5f801 (big blind) folded before Flop
Seat 5: 22a39726 folded before Flop (didn't bet)
Seat 6: 3ffd035f folded before Flop


Poker Hand #HD1730127529: Hold'em No Limit ($0.02/$0.05) - 2024/04/14 16:42:18
Table 'NLHBlue44' 6-max Seat #6 is the button
Seat 1: 1f42863d ($5.14 in chips)
Seat 2: 790ad9b3 ($3.58 in chips)
Seat 3: Hero ($5.01 in chips)
Seat 4: f0e5f801 ($5.05 in chips)
Seat 5: 22a39726 ($7.19 in chips)
Seat 6: 3ffd035f ($4.25 in chips)
1f42863d: posts small blind $0.02
790ad9b3: posts big blind $0.05
*** HOLE CARDS ***
Dealt to 1f42863d 
Dealt to 790ad9b3 
Dealt to Hero [8d 6s]
Dealt to f0e5f801 
Dealt to 22a39726 
Dealt to 3ffd035f 
Hero: folds
f0e5f801: raises $0.08 to $0.13
22a39726: raises $0.32 to $0.45
3ffd035f: folds
1f42863d: folds
790ad9b3: folds
f0e5f801: folds
Uncalled bet ($0.32) returned to 22a39726
*** SHOWDOWN ***
22a39726 collected $0.32 from pot
*** SUMMARY ***
Total pot $0.33 | Rake $0.01 | Jackpot $0 | Bingo $0 | Fortune $0 | Tax $0
Seat 1: 1f42863d (small blind) folded before Flop
Seat 2: 790ad9b3 (big blind) folded before Flop
Seat 3: Hero folded before Flop (didn't bet)
Seat 4: f0e5f801 folded before Flop
Seat 5: 22a39726 collected ($0.32)
Seat 6: 3ffd035f (button) folded before Flop (didn't bet)


Poker Hand #HD1730127447: Hold'em No Limit ($0.02/$0.05) - 2024/04/14 16:41:34
Table 'NLHBlue44' 6-max Seat #5 is the button
Seat 1: 1f42863d ($5.09 in chips)
Seat 2: 790ad9b3 ($3.58 in chips)
Seat 3: Hero ($5.01 in chips)
Seat 4: f0e5f801 ($5.05 in chips)
Seat 5: 22a39726 ($7.19 in chips)
Seat 6: 3ffd035f ($4.3 in chips)
3ffd035f: posts small blind $0.02
1f42863d: posts big blind $0.05
*** HOLE CARDS ***
Dealt to 1f42863d 
Dealt to 790ad9b3 
Dealt to Hero [8h 9s]
Dealt to f0e5f801 
Dealt to 22a39726 
Dealt to 3ffd035f 
790ad9b3: folds
Hero: folds
f0e5f801: folds
22a39726: folds
3ffd035f: calls $0.03
1f42863d: checks
*** FLOP *** [2s 9c 2c]
3ffd035f: checks
1f42863d: checks
*** TURN *** [2s 9c 2c] [3h]
3ffd035f: checks
1f42863d: checks
*** RIVER *** [2s 9c 2c 3h] [8c]
3ffd035f: checks
1f42863d: checks
3ffd035f: shows [4d Ac] (Pair of Twos)
1f42863d: shows [3d 7s] (Pair of Treys and Pair of Twos)
*** SHOWDOWN ***
1f42863d collected $0.1 from pot
*** SUMMARY ***
Total pot $0.1 | Rake $0 | Jackpot $0 | Bingo $0 | Fortune $0 | Tax $0
Board [2s 9c 2c 3h 8c]
Seat 1: 1f42863d (big blind) showed [3d 7s] and won ($0.1) with Pair of Treys and Pair of Twos
Seat 2: 790ad9b3 folded before Flop (didn't bet)
Seat 3: Hero folded before Flop (didn't bet)
Seat 4: f0e5f801 folded before Flop (didn't bet)
Seat 5: 22a39726 (button) folded before Flop (didn't bet)
Seat 6: 3ffd035f (small blind) showed [4d Ac] and lost with Pair of Twos


Poker Hand #HD1730127345: Hold'em No Limit ($0.02/$0.05) - 2024/04/14 16:40:42
Table 'NLHBlue44' 6-max Seat #4 is the button
Seat 1: 1f42863d ($5.09 in chips)
Seat 2: 790ad9b3 ($3.58 in chips)
Seat 3: Hero ($5.01 in chips)
Seat 4: f0e5f801 ($5.05 in chips)
Seat 5: 22a39726 ($6.84 in chips)
Seat 6: 3ffd035f ($4.68 in chips)
22a39726: posts small blind $0.02
3ffd035f: posts big blind $0.05
*** HOLE CARDS ***
Dealt to 1f42863d 
Dealt to 790ad9b3 
Dealt to Hero [Ac 5s]
Dealt to f0e5f801 
Dealt to 22a39726 
Dealt to 3ffd035f 
1f42863d: folds
790ad9b3: folds
Hero: folds
f0e5f801: folds
22a39726: raises $0.1 to $0.15
3ffd035f: calls $0.1
*** FLOP *** [9d 2s 6d]
22a39726: checks
3ffd035f: checks
*** TURN *** [9d 2s 6d] [4d]
22a39726: bets $0.23
3ffd035f: calls $0.23
*** RIVER *** [9d 2s 6d 4d] [As]
22a39726: bets $0.57
3ffd035f: folds
Uncalled bet ($0.57) returned to 22a39726
*** SHOWDOWN ***
22a39726 collected $0.73 from pot
*** SUMMARY ***
Total pot $0.76 | Rake $0.03 | Jackpot $0 | Bingo $0 | Fortune $0 | Tax $0
Board [9d 2s 6d 4d As]
Seat 1: 1f42863d folded before Flop (didn't bet)
Seat 2: 790ad9b3 folded before Flop (didn't bet)
Seat 3: Hero folded before Flop (didn't bet)
Seat 4: f0e5f801 (button) folded before Flop (didn't bet)
Seat 5: 22a39726 (small blind) won ($0.73)
Seat 6: 3ffd035f (big blind) folded on the River


Poker Hand #HD1730127309: Hold'em No Limit ($0.02/$0.05) - 2024/04/14 16:40:22
Table 'NLHBlue44' 6-max Seat #3 is the button
Seat 1: 1f42863d ($5.09 in chips)
Seat 2: 790ad9b3 ($3.58 in chips)
Seat 3: Hero ($5.01 in chips)
Seat 4: f0e5f801 ($5 in chips)
Seat 5: 22a39726 ($6.89 in chips)
Seat 6: 3ffd035f ($4.68 in chips)
f0e5f801: posts small blind $0.02
22a39726: posts big blind $0.05
*** HOLE CARDS ***
Dealt to 1f42863d 
Dealt to 790ad9b3 
Dealt to Hero [3h 4s]
Dealt to f0e5f801 
Dealt to 22a39726 
Dealt to 3ffd035f 
3ffd035f: folds
1f42863d: folds
790ad9b3: folds
Hero: folds
f0e5f801: raises $0.1 to $0.15
22a39726: folds
Uncalled bet ($0.1) returned to f0e5f801
*** SHOWDOWN ***
f0e5f801 collected $0.1 from pot
*** SUMMARY ***
Total pot $0.1 | Rake $0 | Jackpot $0 | Bingo $0 | Fortune $0 | Tax $0
Seat 1: 1f42863d folded before Flop (didn't bet)
Seat 2: 790ad9b3 folded before Flop (didn't bet)
Seat 3: Hero (button) folded before Flop (didn't bet)
Seat 4: f0e5f801 (small blind) collected ($0.1)
Seat 5: 22a39726 (big blind) folded before Flop
Seat 6: 3ffd035f folded before Flop (didn't bet)


Poker Hand #HD1730127232: Hold'em No Limit ($0.02/$0.05) - 2024/04/14 16:39:41
Table 'NLHBlue44' 6-max Seat #2 is the button
Seat 1: 1f42863d ($5.09 in chips)
Seat 2: 790ad9b3 ($3.58 in chips)
Seat 3: Hero ($5.61 in chips)
Seat 4: f0e5f801 ($5 in chips)
Seat 5: 22a39726 ($6.16 in chips)
Seat 6: 3ffd035f ($4.83 in chips)
Hero: posts small blind $0.02
f0e5f801: posts big blind $0.05
*** HOLE CARDS ***
Dealt to 1f42863d 
Dealt to 790ad9b3 
Dealt to Hero [Ah Qh]
Dealt to f0e5f801 
Dealt to 22a39726 
Dealt to 3ffd035f 
22a39726: raises $0.1 to $0.15
3ffd035f: calls $0.15
1f42863d: folds
790ad9b3: folds
Hero: raises $0.45 to $0.6
f0e5f801: folds
22a39726: raises $1.9 to $2.5
3ffd035f: folds
Hero: folds
Uncalled bet ($1.9) returned to 22a39726
*** SHOWDOWN ***
22a39726 collected $1.33 from pot
*** SUMMARY ***
Total pot $1.4 | Rake $0.07 | Jackpot $0 | Bingo $0 | Fortune $0 | Tax $0
Seat 1: 1f42863d folded before Flop (didn't bet)
Seat 2: 790ad9b3 (button) folded before Flop (didn't bet)
Seat 3: Hero (small blind) folded before Flop
Seat 4: f0e5f801 (big blind) folded before Flop
Seat 5: 22a39726 collected ($1.33)
Seat 6: 3ffd035f folded before Flop


Poker Hand #HD1730127194: Hold'em No Limit ($0.02/$0.05) - 2024/04/14 16:39:27
Table 'NLHBlue44' 6-max Seat #1 is the button
Seat 1: 1f42863d ($5.09 in chips)
Seat 2: 790ad9b3 ($3.6 in chips)
Seat 3: Hero ($5.66 in chips)
Seat 4: f0e5f801 ($5 in chips)
Seat 5: 22a39726 ($6.16 in chips)
Seat 6: 3ffd035f ($4.76 in chips)
790ad9b3: posts small blind $0.02
Hero: posts big blind $0.05
*** HOLE CARDS ***
Dealt to 1f42863d 
Dealt to 790ad9b3 
Dealt to Hero [8d Qs]
Dealt to f0e5f801 
Dealt to 22a39726 
Dealt to 3ffd035f 
f0e5f801: folds
22a39726: folds
3ffd035f: raises $0.1 to $0.15
1f42863d: folds
790ad9b3: folds
Hero: folds
Uncalled bet ($0.1) returned to 3ffd035f
*** SHOWDOWN ***
3ffd035f collected $0.12 from pot
*** SUMMARY ***
Total pot $0.12 | Rake $0 | Jackpot $0 | Bingo $0 | Fortune $0 | Tax $0
Seat 1: 1f42863d (button) folded before Flop (didn't bet)
Seat 2: 790ad9b3 (small blind) folded before Flop
Seat 3: Hero (big blind) folded before Flop
Seat 4: f0e5f801 folded before Flop (didn't bet)
Seat 5: 22a39726 folded before Flop (didn't bet)
Seat 6: 3ffd035f collected ($0.12)


Poker Hand #HD1730127162: Hold'em No Limit ($0.02/$0.05) - 2024/04/14 16:39:08
Table 'NLHBlue44' 6-max Seat #6 is the button
Seat 1: 1f42863d ($5.11 in chips)
Seat 2: 790ad9b3 ($3.58 in chips)
Seat 3: Hero ($5.66 in chips)
Seat 4: f0e5f801 ($5 in chips)
Seat 5: 22a39726 ($6.16 in chips)
Seat 6: 3ffd035f ($4.76 in chips)
1f42863d: posts small blind $0.02
790ad9b3: posts big blind $0.05
*** HOLE CARDS ***
Dealt to 1f42863d 
Dealt to 790ad9b3 
Dealt to Hero [Td 9s]
Dealt to f0e5f801 
Dealt to 22a39726 
Dealt to 3ffd035f 
Hero: folds
f0e5f801: folds
22a39726: folds
3ffd035f: folds
1f42863d: folds
Uncalled bet ($0.03) returned to 790ad9b3
*** SHOWDOWN ***
790ad9b3 collected $0.04 from pot
*** SUMMARY ***
Total pot $0.04 | Rake $0 | Jackpot $0 | Bingo $0 | Fortune $0 | Tax $0
Seat 1: 1f42863d (small blind) folded before Flop
Seat 2: 790ad9b3 (big blind) collected ($0.04)
Seat 3: Hero folded before Flop (didn't bet)
Seat 4: f0e5f801 folded before Flop (didn't bet)
Seat 5: 22a39726 folded before Flop (didn't bet)
Seat 6: 3ffd035f (button) folded before Flop (didn't bet)


Poker Hand #HD1730127070: Hold'em No Limit ($0.02/$0.05) - 2024/04/14 16:38:18
Table 'NLHBlue44' 6-max Seat #5 is the button
Seat 1: 1f42863d ($5 in chips)
Seat 2: 790ad9b3 ($3.58 in chips)
Seat 3: Hero ($5.76 in chips)
Seat 4: f0e5f801 ($5 in chips)
Seat 5: 22a39726 ($6.16 in chips)
Seat 6: 3ffd035f ($4.78 in chips)
3ffd035f: posts small blind $0.02
1f42863d: posts big blind $0.05
*** HOLE CARDS ***
Dealt to 1f42863d 
Dealt to 790ad9b3 
Dealt to Hero [Td Kh]
Dealt to f0e5f801 
Dealt to 22a39726 
Dealt to 3ffd035f 
790ad9b3: folds
Hero: raises $0.05 to $0.1
f0e5f801: folds
22a39726: folds
3ffd035f: folds
1f42863d: calls $0.05
*** FLOP *** [5s 7s 4s]
1f42863d: checks
Hero: checks
*** TURN *** [5s 7s 4s] [3s]
1f42863d: checks
Hero: checks
*** RIVER *** [5s 7s 4s 3s] [Jd]
1f42863d: checks
Hero: checks
1f42863d: shows [Ah 5c] (Pair of Fives)
Hero: shows [Td Kh] (King-High)
*** SHOWDOWN ***
1f42863d collected $0.21 from pot
*** SUMMARY ***
Total pot $0.22 | Rake $0.01 | Jackpot $0 | Bingo $0 | Fortune $0 | Tax $0
Board [5s 7s 4s 3s Jd]
Seat 1: 1f42863d (big blind) showed [Ah 5c] and won ($0.21) with Pair of Fives
Seat 2: 790ad9b3 folded before Flop (didn't bet)
Seat 3: Hero showed [Td Kh] and lost with King-High
Seat 4: f0e5f801 folded before Flop (didn't bet)
Seat 5: 22a39726 (button) folded before Flop (didn't bet)
Seat 6: 3ffd035f (small blind) folded before Flop


Poker Hand #HD1730127027: Hold'em No Limit ($0.02/$0.05) - 2024/04/14 16:37:56
Table 'NLHBlue44' 6-max Seat #4 is the button
Seat 1: 1687f36 ($9.73 in chips)
Seat 2: 790ad9b3 ($3.58 in chips)
Seat 3: Hero ($5.76 in chips)
Seat 4: f0e5f801 ($5 in chips)
Seat 5: 22a39726 ($5.99 in chips)
Seat 6: 3ffd035f ($4.83 in chips)
22a39726: posts small blind $0.02
3ffd035f: posts big blind $0.05
*** HOLE CARDS ***
Dealt to 1687f36 
Dealt to 790ad9b3 
Dealt to Hero [6s Jc]
Dealt to f0e5f801 
Dealt to 22a39726 
Dealt to 3ffd035f 
1687f36: folds
790ad9b3: folds
Hero: folds
f0e5f801: raises $0.08 to $0.13
22a39726: raises $0.37 to $0.5
3ffd035f: folds
f0e5f801: folds
Uncalled bet ($0.37) returned to 22a39726
*** SHOWDOWN ***
22a39726 collected $0.3 from pot
*** SUMMARY ***
Total pot $0.31 | Rake $0.01 | Jackpot $0 | Bingo $0 | Fortune $0 | Tax $0
Seat 1: 1687f36 folded before Flop (didn't bet)
Seat 2: 790ad9b3 folded before Flop (didn't bet)
Seat 3: Hero folded before Flop (didn't bet)
Seat 4: f0e5f801 (button) folded before Flop
Seat 5: 22a39726 (small blind) collected ($0.3)
Seat 6: 3ffd035f (big blind) folded before Flop


Poker Hand #HD1730126941: Hold'em No Limit ($0.02/$0.05) - 2024/04/14 16:37:06
Table 'NLHBlue44' 6-max Seat #3 is the button
Seat 1: 1687f36 ($9.73 in chips)
Seat 2: 790ad9b3 ($3.33 in chips)
Seat 3: Hero ($5.76 in chips)
Seat 4: f0e5f801 ($5 in chips)
Seat 5: 22a39726 ($6.24 in chips)
Seat 6: 3ffd035f ($4.83 in chips)
f0e5f801: posts small blind $0.02
22a39726: posts big blind $0.05
790ad9b3: posts big blind $0.05
*** HOLE CARDS ***
Dealt to 1687f36 
Dealt to 790ad9b3 
Dealt to Hero [Ks 6c]
Dealt to f0e5f801 
Dealt to 22a39726 
Dealt to 3ffd035f 
3ffd035f: folds
1687f36: folds
790ad9b3: checks
Hero: folds
f0e5f801: folds
22a39726: raises $0.2 to $0.25
790ad9b3: calls $0.2
*** FLOP *** [3d 2c Ah]
22a39726: checks
790ad9b3: bets $0.28
22a39726: folds
Uncalled bet ($0.28) returned to 790ad9b3
*** SHOWDOWN ***
790ad9b3 collected $0.5 from pot
*** SUMMARY ***
Total pot $0.52 | Rake $0.02 | Jackpot $0 | Bingo $0 | Fortune $0 | Tax $0
Board [3d 2c Ah]
Seat 1: 1687f36 folded before Flop (didn't bet)
Seat 2: 790ad9b3 won ($0.5)
Seat 3: Hero (button) folded before Flop (didn't bet)
Seat 4: f0e5f801 (small blind) folded before Flop
Seat 5: 22a39726 (big blind) folded on the Flop
Seat 6: 3ffd035f folded before Flop (didn't bet)


Poker Hand #HD1730126801: Hold'em No Limit ($0.02/$0.05) - 2024/04/14 16:35:49
Table 'NLHBlue44' 6-max Seat #1 is the button
Seat 1: 1687f36 ($10.64 in chips)
Seat 3: Hero ($5.78 in chips)
Seat 4: f0e5f801 ($5 in chips)
Seat 5: 22a39726 ($5.4 in chips)
Seat 6: 3ffd035f ($4.83 in chips)
Hero: posts small blind $0.02
f0e5f801: posts big blind $0.05
*** HOLE CARDS ***
Dealt to 1687f36 
Dealt to Hero [8h Ts]
Dealt to f0e5f801 
Dealt to 22a39726 
Dealt to 3ffd035f 
22a39726: raises $0.1 to $0.15
3ffd035f: folds
1687f36: calls $0.15
Hero: folds
f0e5f801: folds
*** FLOP *** [Qd 4d Jc]
22a39726: bets $0.19
1687f36: calls $0.19
*** TURN *** [Qd 4d Jc] [6c]
22a39726: bets $0.57
1687f36: calls $0.57
*** RIVER *** [Qd 4d Jc 6c] [Qh]
22a39726: bets $1.42
1687f36: folds
Uncalled bet ($1.42) returned to 22a39726
*** SHOWDOWN ***
22a39726 collected $1.75 from pot
*** SUMMARY ***
Total pot $1.89 | Rake $0.09 | Jackpot $0.05 | Bingo $0 | Fortune $0 | Tax $0
Board [Qd 4d Jc 6c Qh]
Seat 1: 1687f36 (button) folded on the River
Seat 3: Hero (small blind) folded before Flop
Seat 4: f0e5f801 (big blind) folded before Flop
Seat 5: 22a39726 won ($1.75)
Seat 6: 3ffd035f folded before Flop (didn't bet)


Poker Hand #HD1730126782: Hold'em No Limit ($0.02/$0.05) - 2024/04/14 16:35:39
Table 'NLHBlue44' 6-max Seat #6 is the button
Seat 1: 1687f36 ($10.66 in chips)
Seat 3: Hero ($5.83 in chips)
Seat 4: f0e5f801 ($5 in chips)
Seat 5: 22a39726 ($5.33 in chips)
Seat 6: 3ffd035f ($4.83 in chips)
1687f36: posts small blind $0.02
Hero: posts big blind $0.05
*** HOLE CARDS ***
Dealt to 1687f36 
Dealt to Hero [Qc 4c]
Dealt to f0e5f801 
Dealt to 22a39726 
Dealt to 3ffd035f 
f0e5f801: folds
22a39726: raises $0.08 to $0.13
3ffd035f: folds
1687f36: folds
Hero: folds
Uncalled bet ($0.08) returned to 22a39726
*** SHOWDOWN ***
22a39726 collected $0.12 from pot
*** SUMMARY ***
Total pot $0.12 | Rake $0 | Jackpot $0 | Bingo $0 | Fortune $0 | Tax $0
Seat 1: 1687f36 (small blind) folded before Flop
Seat 3: Hero (big blind) folded before Flop
Seat 4: f0e5f801 folded before Flop (didn't bet)
Seat 5: 22a39726 collected ($0.12)
Seat 6: 3ffd035f (button) folded before Flop (didn't bet)


Poker Hand #HD1730126662: Hold'em No Limit ($0.02/$0.05) - 2024/04/14 16:34:42
Table 'NLHBlue44' 6-max Seat #5 is the button
Seat 1: 1687f36 ($6.23 in chips)
Seat 2: 88579fdd ($4.95 in chips)
Seat 3: Hero ($5.83 in chips)
Seat 4: f0e5f801 ($5 in chips)
Seat 5: 22a39726 ($5.33 in chips)
Seat 6: 3ffd035f ($4.85 in chips)
3ffd035f: posts small blind $0.02
1687f36: posts big blind $0.05
*** HOLE CARDS ***
Dealt to 1687f36 
Dealt to 88579fdd 
Dealt to Hero [Js Ad]
Dealt to f0e5f801 
Dealt to 22a39726 
Dealt to 3ffd035f 
88579fdd: raises $0.07 to $0.12
Hero: folds
f0e5f801: folds
22a39726: folds
3ffd035f: folds
1687f36: raises $0.48 to $0.6
88579fdd: calls $0.48
*** FLOP *** [7c 8c 3d]
1687f36: bets $0.61
88579fdd: calls $0.61
*** TURN *** [7c 8c 3d] [Qd]
1687f36: bets $1.22
88579fdd: raises $2.52 to $3.74 and is all-in
1687f36: calls $2.52
88579fdd: shows [7d Kd] (Pair of Sevens)
1687f36: shows [As Ac] (Pair of Aces)
*** RIVER *** [7c 8c 3d Qd] [3h]
*** SHOWDOWN ***
1687f36 collected $9.38 from pot
*** SUMMARY ***
Total pot $9.92 | Rake $0.49 | Jackpot $0.05 | Bingo $0 | Fortune $0 | Tax $0
Board [7c 8c 3d Qd 3h]
Seat 1: 1687f36 (big blind) showed [As Ac] and won ($9.38) with Pair of Aces and Pair of Treys
Seat 2: 88579fdd showed [7d Kd] and lost with Pair of Sevens and Pair of Treys
Seat 3: Hero folded before Flop (didn't bet)
Seat 4: f0e5f801 folded before Flop (didn't bet)
Seat 5: 22a39726 (button) folded before Flop (didn't bet)
Seat 6: 3ffd035f (small blind) folded before Flop


Poker Hand #HD1730126620: Hold'em No Limit ($0.02/$0.05) - 2024/04/14 16:34:16
Table 'NLHBlue44' 6-max Seat #4 is the button
Seat 1: 1687f36 ($6.07 in chips)
Seat 2: 88579fdd ($4.95 in chips)
Seat 3: Hero ($5.83 in chips)
Seat 4: f0e5f801 ($5 in chips)
Seat 5: 22a39726 ($5.35 in chips)
Seat 6: 3ffd035f ($5 in chips)
22a39726: posts small blind $0.02
3ffd035f: posts big blind $0.05
*** HOLE CARDS ***
Dealt to 1687f36 
Dealt to 88579fdd 
Dealt to Hero [Ah 7d]
Dealt to f0e5f801 
Dealt to 22a39726 
Dealt to 3ffd035f 
1687f36: raises $0.1 to $0.15
88579fdd: folds
Hero: folds
f0e5f801: folds
22a39726: folds
3ffd035f: calls $0.1
*** FLOP *** [2d Jh 8d]
3ffd035f: checks
1687f36: bets $0.11
3ffd035f: folds
Uncalled bet ($0.11) returned to 1687f36
*** SHOWDOWN ***
1687f36 collected $0.31 from pot
*** SUMMARY ***
Total pot $0.32 | Rake $0.01 | Jackpot $0 | Bingo $0 | Fortune $0 | Tax $0
Board [2d Jh 8d]
Seat 1: 1687f36 won ($0.31)
Seat 2: 88579fdd folded before Flop (didn't bet)
Seat 3: Hero folded before Flop (didn't bet)
Seat 4: f0e5f801 (button) folded before Flop (didn't bet)
Seat 5: 22a39726 (small blind) folded before Flop
Seat 6: 3ffd035f (big blind) folded on the Flop


Poker Hand #HD1730126511: Hold'em No Limit ($0.02/$0.05) - 2024/04/14 16:33:18
Table 'NLHBlue44' 6-max Seat #3 is the button
Seat 1: 1687f36 ($6.07 in chips)
Seat 2: 88579fdd ($5 in chips)
Seat 3: Hero ($5.83 in chips)
Seat 4: f0e5f801 ($5.11 in chips)
Seat 5: 22a39726 ($5.07 in chips)
Seat 6: 5aac0c92 ($6.29 in chips)
f0e5f801: posts small blind $0.02
22a39726: posts big blind $0.05
88579fdd: posts big blind $0.05
*** HOLE CARDS ***
Dealt to 1687f36 
Dealt to 88579fdd 
Dealt to Hero [5h 6d]
Dealt to f0e5f801 
Dealt to 22a39726 
Dealt to 5aac0c92 
5aac0c92: folds
1687f36: folds
88579fdd: checks
Hero: folds
f0e5f801: raises $0.2 to $0.25
22a39726: calls $0.2
88579fdd: folds
*** FLOP *** [7s Jd 5s]
f0e5f801: checks
22a39726: checks
*** TURN *** [7s Jd 5s] [Ac]
f0e5f801: checks
22a39726: bets $0.19
f0e5f801: folds
Uncalled bet ($0.19) returned to 22a39726
*** SHOWDOWN ***
22a39726 collected $0.53 from pot
*** SUMMARY ***
Total pot $0.55 | Rake $0.02 | Jackpot $0 | Bingo $0 | Fortune $0 | Tax $0
Board [7s Jd 5s Ac]
Seat 1: 1687f36 folded before Flop (didn't bet)
Seat 2: 88579fdd folded before Flop
Seat 3: Hero (button) folded before Flop (didn't bet)
Seat 4: f0e5f801 (small blind) folded on the Turn
Seat 5: 22a39726 (big blind) won ($0.53)
Seat 6: 5aac0c92 folded before Flop (didn't bet)


Poker Hand #HD1730126496: Hold'em No Limit ($0.02/$0.05) - 2024/04/14 16:33:07
Table 'NLHBlue44' 6-max Seat #1 is the button
Seat 1: 1687f36 ($6.07 in chips)
Seat 3: Hero ($5.85 in chips)
Seat 4: f0e5f801 ($5.09 in chips)
Seat 5: 22a39726 ($5.07 in chips)
Seat 6: 5aac0c92 ($6.29 in chips)
Hero: posts small blind $0.02
f0e5f801: posts big blind $0.05
*** HOLE CARDS ***
Dealt to 1687f36 
Dealt to Hero [6h 5c]
Dealt to f0e5f801 
Dealt to 22a39726 
Dealt to 5aac0c92 
22a39726: folds
5aac0c92: folds
1687f36: folds
Hero: folds
Uncalled bet ($0.03) returned to f0e5f801
*** SHOWDOWN ***
f0e5f801 collected $0.04 from pot
*** SUMMARY ***
Total pot $0.04 | Rake $0 | Jackpot $0 | Bingo $0 | Fortune $0 | Tax $0
Seat 1: 1687f36 (button) folded before Flop (didn't bet)
Seat 3: Hero (small blind) folded before Flop
Seat 4: f0e5f801 (big blind) collected ($0.04)
Seat 5: 22a39726 folded before Flop (didn't bet)
Seat 6: 5aac0c92 folded before Flop (didn't bet)


Poker Hand #HD1730126477: Hold'em No Limit ($0.02/$0.05) - 2024/04/14 16:32:58
Table 'NLHBlue44' 6-max Seat #6 is the button
Seat 1: 1687f36 ($6.09 in chips)
Seat 3: Hero ($5.9 in chips)
Seat 4: f0e5f801 ($5.09 in chips)
Seat 5: 22a39726 ($5 in chips)
Seat 6: 5aac0c92 ($6.29 in chips)
1687f36: posts small blind $0.02
Hero: posts big blind $0.05
*** HOLE CARDS ***
Dealt to 1687f36 
Dealt to Hero [9s 7h]
Dealt to f0e5f801 
Dealt to 22a39726 
Dealt to 5aac0c92 
f0e5f801: folds
22a39726: raises $0.08 to $0.13
5aac0c92: folds
1687f36: folds
Hero: folds
Uncalled bet ($0.08) returned to 22a39726
*** SHOWDOWN ***
22a39726 collected $0.12 from pot
*** SUMMARY ***
Total pot $0.12 | Rake $0 | Jackpot $0 | Bingo $0 | Fortune $0 | Tax $0
Seat 1: 1687f36 (small blind) folded before Flop
Seat 3: Hero (big blind) folded before Flop
Seat 4: f0e5f801 folded before Flop (didn't bet)
Seat 5: 22a39726 collected ($0.12)
Seat 6: 5aac0c92 (button) folded before Flop (didn't bet)


Poker Hand #HD1730126441: Hold'em No Limit ($0.02/$0.05) - 2024/04/14 16:32:40
Table 'NLHBlue44' 6-max Seat #5 is the button
Seat 1: 1687f36 ($6.14 in chips)
Seat 2: d1800f87 ($6.45 in chips)
Seat 3: Hero ($6 in chips)
Seat 4: f0e5f801 ($5.09 in chips)
Seat 5: 22a39726 ($5 in chips)
Seat 6: 5aac0c92 ($6.15 in chips)
5aac0c92: posts small blind $0.02
1687f36: posts big blind $0.05
*** HOLE CARDS ***
Dealt to 1687f36 
Dealt to d1800f87 
Dealt to Hero [Th Ad]
Dealt to f0e5f801 
Dealt to 22a39726 
Dealt to 5aac0c92 
d1800f87: folds
Hero: raises $0.05 to $0.1
f0e5f801: folds
22a39726: folds
5aac0c92: raises $0.24 to $0.34
1687f36: folds
Hero: folds
Uncalled bet ($0.24) returned to 5aac0c92
*** SHOWDOWN ***
5aac0c92 collected $0.24 from pot
*** SUMMARY ***
Total pot $0.25 | Rake $0.01 | Jackpot $0 | Bingo $0 | Fortune $0 | Tax $0
Seat 1: 1687f36 (big blind) folded before Flop
Seat 2: d1800f87 folded before Flop (didn't bet)
Seat 3: Hero folded before Flop
Seat 4: f0e5f801 folded before Flop (didn't bet)
Seat 5: 22a39726 (button) folded before Flop (didn't bet)
Seat 6: 5aac0c92 (small blind) collected ($0.24)


Poker Hand #HD1730126323: Hold'em No Limit ($0.02/$0.05) - 2024/04/14 16:31:41
Table 'NLHBlue44' 6-max Seat #4 is the button
Seat 1: 1687f36 ($6.14 in chips)
Seat 2: d1800f87 ($5.39 in chips)
Seat 3: Hero ($7.15 in chips)
Seat 4: f0e5f801 ($5.09 in chips)
Seat 5: 22a39726 ($5 in chips)
Seat 6: 5aac0c92 ($6.2 in chips)
22a39726: posts small blind $0.02
5aac0c92: posts big blind $0.05
*** HOLE CARDS ***
Dealt to 1687f36 
Dealt to d1800f87 
Dealt to Hero [Ah Kd]
Dealt to f0e5f801 
Dealt to 22a39726 
Dealt to 5aac0c92 
1687f36: folds
d1800f87: raises $0.08 to $0.13
Hero: raises $0.27 to $0.4
f0e5f801: folds
22a39726: folds
5aac0c92: folds
d1800f87: raises $0.75 to $1.15
Hero: calls $0.75
*** FLOP *** [4s 7c Qd]
d1800f87: bets $0.7
Hero: folds
Uncalled bet ($0.7) returned to d1800f87
*** SHOWDOWN ***
d1800f87 collected $2.21 from pot
*** SUMMARY ***
Total pot $2.37 | Rake $0.11 | Jackpot $0.05 | Bingo $0 | Fortune $0 | Tax $0
Board [4s 7c Qd]
Seat 1: 1687f36 folded before Flop (didn't bet)
Seat 2: d1800f87 won ($2.21)
Seat 3: Hero folded on the Flop
Seat 4: f0e5f801 (button) folded before Flop (didn't bet)
Seat 5: 22a39726 (small blind) folded before Flop
Seat 6: 5aac0c92 (big blind) folded before Flop


Poker Hand #HD1730126276: Hold'em No Limit ($0.02/$0.05) - 2024/04/14 16:31:20
Table 'NLHBlue44' 6-max Seat #3 is the button
Seat 1: 1687f36 ($6.14 in chips)
Seat 2: d1800f87 ($5.39 in chips)
Seat 3: Hero ($7.08 in chips)
Seat 4: f0e5f801 ($5.11 in chips)
Seat 5: 22a39726 ($5 in chips)
Seat 6: 5aac0c92 ($6.2 in chips)
f0e5f801: posts small blind $0.02
22a39726: posts big blind $0.05
*** HOLE CARDS ***
Dealt to 1687f36 
Dealt to d1800f87 
Dealt to Hero [Js Ks]
Dealt to f0e5f801 
Dealt to 22a39726 
Dealt to 5aac0c92 
5aac0c92: folds
1687f36: folds
d1800f87: folds
Hero: raises $0.07 to $0.12
f0e5f801: folds
22a39726: folds
Uncalled bet ($0.07) returned to Hero
*** SHOWDOWN ***
Hero collected $0.12 from pot
*** SUMMARY ***
Total pot $0.12 | Rake $0 | Jackpot $0 | Bingo $0 | Fortune $0 | Tax $0
Seat 1: 1687f36 folded before Flop (didn't bet)
Seat 2: d1800f87 folded before Flop (didn't bet)
Seat 3: Hero (button) collected ($0.12)
Seat 4: f0e5f801 (small blind) folded before Flop
Seat 5: 22a39726 (big blind) folded before Flop
Seat 6: 5aac0c92 folded before Flop (didn't bet)


Poker Hand #HD1730126237: Hold'em No Limit ($0.02/$0.05) - 2024/04/14 16:30:58
Table 'NLHBlue44' 6-max Seat #2 is the button
Seat 1: 1687f36 ($6.14 in chips)
Seat 2: d1800f87 ($5.32 in chips)
Seat 3: Hero ($7.1 in chips)
Seat 4: f0e5f801 ($5.16 in chips)
Seat 5: 22a39726 ($5 in chips)
Seat 6: 5aac0c92 ($6.2 in chips)
Hero: posts small blind $0.02
f0e5f801: posts big blind $0.05
*** HOLE CARDS ***
Dealt to 1687f36 
Dealt to d1800f87 
Dealt to Hero [8d 2d]
Dealt to f0e5f801 
Dealt to 22a39726 
Dealt to 5aac0c92 
22a39726: folds
5aac0c92: folds
1687f36: folds
d1800f87: raises $0.08 to $0.13
Hero: folds
f0e5f801: folds
Uncalled bet ($0.08) returned to d1800f87
*** SHOWDOWN ***
d1800f87 collected $0.12 from pot
*** SUMMARY ***
Total pot $0.12 | Rake $0 | Jackpot $0 | Bingo $0 | Fortune $0 | Tax $0
Seat 1: 1687f36 folded before Flop (didn't bet)
Seat 2: d1800f87 (button) collected ($0.12)
Seat 3: Hero (small blind) folded before Flop
Seat 4: f0e5f801 (big blind) folded before Flop
Seat 5: 22a39726 folded before Flop (didn't bet)
Seat 6: 5aac0c92 folded before Flop (didn't bet)


Poker Hand #HD1730126191: Hold'em No Limit ($0.02/$0.05) - 2024/04/14 16:30:32
Table 'NLHBlue44' 6-max Seat #1 is the button
Seat 1: 1687f36 ($6.29 in chips)
Seat 2: d1800f87 ($5.13 in chips)
Seat 3: Hero ($7.15 in chips)
Seat 4: f0e5f801 ($5.16 in chips)
Seat 5: 22a39726 ($5 in chips)
Seat 6: 5aac0c92 ($6.2 in chips)
d1800f87: posts small blind $0.02
Hero: posts big blind $0.05
*** HOLE CARDS ***
Dealt to 1687f36 
Dealt to d1800f87 
Dealt to Hero [6d 4s]
Dealt to f0e5f801 
Dealt to 22a39726 
Dealt to 5aac0c92 
f0e5f801: folds
22a39726: folds
5aac0c92: folds
1687f36: raises $0.1 to $0.15
d1800f87: raises $0.4 to $0.55
Hero: folds
1687f36: folds
Uncalled bet ($0.4) returned to d1800f87
*** SHOWDOWN ***
d1800f87 collected $0.34 from pot
*** SUMMARY ***
Total pot $0.35 | Rake $0.01 | Jackpot $0 | Bingo $0 | Fortune $0 | Tax $0
Seat 1: 1687f36 (button) folded before Flop
Seat 2: d1800f87 (small blind) collected ($0.34)
Seat 3: Hero (big blind) folded before Flop
Seat 4: f0e5f801 folded before Flop (didn't bet)
Seat 5: 22a39726 folded before Flop (didn't bet)
Seat 6: 5aac0c92 folded before Flop (didn't bet)


Poker Hand #HD1730126146: Hold'em No Limit ($0.02/$0.05) - 2024/04/14 16:30:07
Table 'NLHBlue44' 6-max Seat #6 is the button
Seat 1: 1687f36 ($6.31 in chips)
Seat 2: d1800f87 ($5.18 in chips)
Seat 3: Hero ($7.25 in chips)
Seat 4: f0e5f801 ($5 in chips)
Seat 5: 22a39726 ($5 in chips)
Seat 6: 5aac0c92 ($6.2 in chips)
1687f36: posts small blind $0.02
d1800f87: posts big blind $0.05
*** HOLE CARDS ***
Dealt to 1687f36 
Dealt to d1800f87 
Dealt to Hero [5h 5d]
Dealt to f0e5f801 
Dealt to 22a39726 
Dealt to 5aac0c92 
Hero: raises $0.05 to $0.1
f0e5f801: raises $0.2 to $0.3
22a39726: folds
5aac0c92: folds
1687f36: folds
d1800f87: folds
Hero: folds
Uncalled bet ($0.2) returned to f0e5f801
*** SHOWDOWN ***
f0e5f801 collected $0.26 from pot
*** SUMMARY ***
Total pot $0.27 | Rake $0.01 | Jackpot $0 | Bingo $0 | Fortune $0 | Tax $0
Seat 1: 1687f36 (small blind) folded before Flop
Seat 2: d1800f87 (big blind) folded before Flop
Seat 3: Hero folded before Flop
Seat 4: f0e5f801 collected ($0.26)
Seat 5: 22a39726 folded before Flop (didn't bet)
Seat 6: 5aac0c92 (button) folded before Flop (didn't bet)


Poker Hand #HD1730125978: Hold'em No Limit ($0.02/$0.05) - 2024/04/14 16:28:42
Table 'NLHBlue44' 6-max Seat #5 is the button
Seat 1: 1687f36 ($5.28 in chips)
Seat 2: d1800f87 ($5.18 in chips)
Seat 3: Hero ($7.25 in chips)
Seat 4: f0e5f801 ($5 in chips)
Seat 5: 22a39726 ($5 in chips)
Seat 6: 5aac0c92 ($6.22 in chips)
5aac0c92: posts small blind $0.02
1687f36: posts big blind $0.05
*** HOLE CARDS ***
Dealt to 1687f36 
Dealt to d1800f87 
Dealt to Hero [5c Jh]
Dealt to f0e5f801 
Dealt to 22a39726 
Dealt to 5aac0c92 
d1800f87: folds
Hero: folds
f0e5f801: folds
22a39726: raises $0.08 to $0.13
5aac0c92: folds
1687f36: calls $0.08
*** FLOP *** [Jc 4c Kd]
1687f36: checks
22a39726: bets $0.14
1687f36: raises $0.31 to $0.45
22a39726: raises $0.59 to $1.04
1687f36: calls $0.59
*** TURN *** [Jc 4c Kd] [Ts]
1687f36: checks
22a39726: checks
*** RIVER *** [Jc 4c Kd Ts] [3c]
1687f36: bets $1.18
22a39726: folds
Uncalled bet ($1.18) returned to 1687f36
*** SHOWDOWN ***
1687f36 collected $2.2 from pot
*** SUMMARY ***
Total pot $2.36 | Rake $0.11 | Jackpot $0.05 | Bingo $0 | Fortune $0 | Tax $0
Board [Jc 4c Kd Ts 3c]
Seat 1: 1687f36 (big blind) won ($2.2)
Seat 2: d1800f87 folded before Flop (didn't bet)
Seat 3: Hero folded before Flop (didn't bet)
Seat 4: f0e5f801 folded before Flop (didn't bet)
Seat 5: 22a39726 (button) folded on the River
Seat 6: 5aac0c92 (small blind) folded before Flop


Poker Hand #HD1730125889: Hold'em No Limit ($0.02/$0.05) - 2024/04/14 16:27:58
Table 'NLHBlue44' 6-max Seat #4 is the button
Seat 1: 1687f36 ($5.28 in chips)
Seat 2: d1800f87 ($5.18 in chips)
Seat 3: Hero ($7.25 in chips)
Seat 4: f0e5f801 ($5 in chips)
Seat 5: 22a39726 ($5.02 in chips)
Seat 6: 5aac0c92 ($5.89 in chips)
22a39726: posts small blind $0.02
5aac0c92: posts big blind $0.05
*** HOLE CARDS ***
Dealt to 1687f36 
Dealt to d1800f87 
Dealt to Hero [Kh 7d]
Dealt to f0e5f801 
Dealt to 22a39726 
Dealt to 5aac0c92 
1687f36: folds
d1800f87: folds
Hero: folds
f0e5f801: raises $0.08 to $0.13
22a39726: folds
5aac0c92: calls $0.08
*** FLOP *** [3d 9d 6s]
5aac0c92: checks
f0e5f801: bets $0.21
5aac0c92: calls $0.21
*** TURN *** [3d 9d 6s] [Jd]
5aac0c92: checks
f0e5f801: checks
*** RIVER *** [3d 9d 6s Jd] [Jh]
5aac0c92: checks
f0e5f801: checks
5aac0c92: shows [9s Tc] (Pair of Jacks and Pair of Nines)
f0e5f801: shows [As Qs] (Pair of Jacks)
*** SHOWDOWN ***
5aac0c92 collected $0.67 from pot
*** SUMMARY ***
Total pot $0.7 | Rake $0.03 | Jackpot $0 | Bingo $0 | Fortune $0 | Tax $0
Board [3d 9d 6s Jd Jh]
Seat 1: 1687f36 folded before Flop (didn't bet)
Seat 2: d1800f87 folded before Flop (didn't bet)
Seat 3: Hero folded before Flop (didn't bet)
Seat 4: f0e5f801 (button) showed [As Qs] and lost with Pair of Jacks
Seat 5: 22a39726 (small blind) folded before Flop
Seat 6: 5aac0c92 (big blind) showed [9s Tc] and won ($0.67) with Pair of Jacks and Pair of Nines


Poker Hand #HD1730125878: Hold'em No Limit ($0.02/$0.05) - 2024/04/14 16:27:50
Table 'NLHBlue44' 6-max Seat #3 is the button
Seat 1: 1687f36 ($5.28 in chips)
Seat 2: d1800f87 ($5.18 in chips)
Seat 3: Hero ($7.25 in chips)
Seat 4: f0e5f801 ($5.02 in chips)
Seat 5: 22a39726 ($5 in chips)
Seat 6: 5aac0c92 ($5.89 in chips)
f0e5f801: posts small blind $0.02
22a39726: posts big blind $0.05
*** HOLE CARDS ***
Dealt to 1687f36 
Dealt to d1800f87 
Dealt to Hero [6d 8s]
Dealt to f0e5f801 
Dealt to 22a39726 
Dealt to 5aac0c92 
5aac0c92: folds
1687f36: folds
d1800f87: folds
Hero: folds
f0e5f801: folds
Uncalled bet ($0.03) returned to 22a39726
*** SHOWDOWN ***
22a39726 collected $0.04 from pot
*** SUMMARY ***
Total pot $0.04 | Rake $0 | Jackpot $0 | Bingo $0 | Fortune $0 | Tax $0
Seat 1: 1687f36 folded before Flop (didn't bet)
Seat 2: d1800f87 folded before Flop (didn't bet)
Seat 3: Hero (button) folded before Flop (didn't bet)
Seat 4: f0e5f801 (small blind) folded before Flop
Seat 5: 22a39726 (big blind) collected ($0.04)
Seat 6: 5aac0c92 folded before Flop (didn't bet)


Poker Hand #HD1730125849: Hold'em No Limit ($0.02/$0.05) - 2024/04/14 16:27:35
Table 'NLHBlue44' 6-max Seat #2 is the button
Seat 1: 1687f36 ($5.28 in chips)
Seat 2: d1800f87 ($5.18 in chips)
Seat 3: Hero ($7.27 in chips)
Seat 4: f0e5f801 ($5 in chips)
Seat 6: 5aac0c92 ($5.89 in chips)
Hero: posts small blind $0.02
f0e5f801: posts big blind $0.05
*** HOLE CARDS ***
Dealt to 1687f36 
Dealt to d1800f87 
Dealt to Hero [Jd 3s]
Dealt to f0e5f801 
Dealt to 5aac0c92 
5aac0c92: folds
1687f36: folds
d1800f87: folds
Hero: folds
Uncalled bet ($0.03) returned to f0e5f801
*** SHOWDOWN ***
f0e5f801 collected $0.04 from pot
*** SUMMARY ***
Total pot $0.04 | Rake $0 | Jackpot $0 | Bingo $0 | Fortune $0 | Tax $0
Seat 1: 1687f36 folded before Flop (didn't bet)
Seat 2: d1800f87 (button) folded before Flop (didn't bet)
Seat 3: Hero (small blind) folded before Flop
Seat 4: f0e5f801 (big blind) collected ($0.04)
Seat 6: 5aac0c92 folded before Flop (didn't bet)


Poker Hand #HD1730125832: Hold'em No Limit ($0.02/$0.05) - 2024/04/14 16:27:26
Table 'NLHBlue44' 6-max Seat #1 is the button
Seat 1: 1687f36 ($5.28 in chips)
Seat 2: d1800f87 ($5.2 in chips)
Seat 3: Hero ($7.32 in chips)
Seat 4: f0e5f801 ($5 in chips)
Seat 6: 5aac0c92 ($5.82 in chips)
d1800f87: posts small blind $0.02
Hero: posts big blind $0.05
*** HOLE CARDS ***
Dealt to 1687f36 
Dealt to d1800f87 
Dealt to Hero [6c 3h]
Dealt to f0e5f801 
Dealt to 5aac0c92 
f0e5f801: folds
5aac0c92: raises $0.08 to $0.13
1687f36: folds
d1800f87: folds
Hero: folds
Uncalled bet ($0.08) returned to 5aac0c92
*** SHOWDOWN ***
5aac0c92 collected $0.12 from pot
*** SUMMARY ***
Total pot $0.12 | Rake $0 | Jackpot $0 | Bingo $0 | Fortune $0 | Tax $0
Seat 1: 1687f36 (button) folded before Flop (didn't bet)
Seat 2: d1800f87 (small blind) folded before Flop
Seat 3: Hero (big blind) folded before Flop
Seat 4: f0e5f801 folded before Flop (didn't bet)
Seat 6: 5aac0c92 collected ($0.12)


Poker Hand #HD1730125801: Hold'em No Limit ($0.02/$0.05) - 2024/04/14 16:27:12
Table 'NLHBlue44' 6-max Seat #6 is the button
Seat 1: 1687f36 ($5.3 in chips)
Seat 2: d1800f87 ($5.25 in chips)
Seat 3: Hero ($7.32 in chips)
Seat 4: f0e5f801 ($5 in chips)
Seat 6: 5aac0c92 ($5.75 in chips)
1687f36: posts small blind $0.02
d1800f87: posts big blind $0.05
*** HOLE CARDS ***
Dealt to 1687f36 
Dealt to d1800f87 
Dealt to Hero [Tc 9d]
Dealt to f0e5f801 
Dealt to 5aac0c92 
Hero: folds
f0e5f801: folds
5aac0c92: raises $0.08 to $0.13
1687f36: folds
d1800f87: folds
Uncalled bet ($0.08) returned to 5aac0c92
*** SHOWDOWN ***
5aac0c92 collected $0.12 from pot
*** SUMMARY ***
Total pot $0.12 | Rake $0 | Jackpot $0 | Bingo $0 | Fortune $0 | Tax $0
Seat 1: 1687f36 (small blind) folded before Flop
Seat 2: d1800f87 (big blind) folded before Flop
Seat 3: Hero folded before Flop (didn't bet)
Seat 4: f0e5f801 folded before Flop (didn't bet)
Seat 6: 5aac0c92 (button) collected ($0.12)


Poker Hand #HD1730125685: Hold'em No Limit ($0.02/$0.05) - 2024/04/14 16:26:13
Table 'NLHBlue44' 6-max Seat #4 is the button
Seat 1: 1687f36 ($5.35 in chips)
Seat 2: d1800f87 ($5.25 in chips)
Seat 3: Hero ($5.86 in chips)
Seat 4: f0e5f801 ($5 in chips)
Seat 6: 5aac0c92 ($5.77 in chips)
5aac0c92: posts small blind $0.02
1687f36: posts big blind $0.05
*** HOLE CARDS ***
Dealt to 1687f36 
Dealt to d1800f87 
Dealt to Hero [Ac Kh]
Dealt to f0e5f801 
Dealt to 5aac0c92 
d1800f87: folds
Hero: raises $0.07 to $0.12
f0e5f801: raises $0.25 to $0.37
5aac0c92: folds
1687f36: folds
Hero: raises $0.73 to $1.1
f0e5f801: calls $0.73
*** FLOP *** [6d Td 8s]
Hero: bets $0.5
f0e5f801: calls $0.5
*** TURN *** [6d Td 8s] [Ah]
Hero: checks
f0e5f801: checks
*** RIVER *** [6d Td 8s Ah] [As]
Hero: bets $1.08
f0e5f801: folds
Uncalled bet ($1.08) returned to Hero
*** SHOWDOWN ***
Hero collected $3.06 from pot
*** SUMMARY ***
Total pot $3.27 | Rake $0.16 | Jackpot $0.05 | Bingo $0 | Fortune $0 | Tax $0
Board [6d Td 8s Ah As]
Seat 1: 1687f36 (big blind) folded before Flop
Seat 2: d1800f87 folded before Flop (didn't bet)
Seat 3: Hero won ($3.06)
Seat 4: f0e5f801 (button) folded on the River
Seat 6: 5aac0c92 (small blind) folded before Flop


Poker Hand #HD1730025604: Hold'em No Limit ($0.02/$0.05) - 2024/04/14 16:25:26
Table 'NLHBlue44' 6-max Seat #3 is the button
Seat 1: 1687f36 ($5.35 in chips)
Seat 2: d1800f87 ($5.25 in chips)
Seat 3: Hero ($5.59 in chips)
Seat 4: f0e5f801 ($5 in chips)
Seat 6: 5aac0c92 ($6.04 in chips)
f0e5f801: posts small blind $0.02
5aac0c92: posts big blind $0.05
*** HOLE CARDS ***
Dealt to 1687f36 
Dealt to d1800f87 
Dealt to Hero [Qh 7h]
Dealt to f0e5f801 
Dealt to 5aac0c92 
1687f36: folds
d1800f87: folds
Hero: raises $0.07 to $0.12
f0e5f801: folds
5aac0c92: calls $0.07
*** FLOP *** [Jc 6s Kd]
5aac0c92: checks
Hero: bets $0.15
5aac0c92: calls $0.15
*** TURN *** [Jc 6s Kd] [Ad]
5aac0c92: checks
Hero: bets $0.35
5aac0c92: folds
Uncalled bet ($0.35) returned to Hero
*** SHOWDOWN ***
Hero collected $0.54 from pot
*** SUMMARY ***
Total pot $0.56 | Rake $0.02 | Jackpot $0 | Bingo $0 | Fortune $0 | Tax $0
Board [Jc 6s Kd Ad]
Seat 1: 1687f36 folded before Flop (didn't bet)
Seat 2: d1800f87 folded before Flop (didn't bet)
Seat 3: Hero (button) won ($0.54)
Seat 4: f0e5f801 (small blind) folded before Flop
Seat 6: 5aac0c92 (big blind) folded on the Turn


Poker Hand #HD1730025562: Hold'em No Limit ($0.02/$0.05) - 2024/04/14 16:25:06
Table 'NLHBlue44' 6-max Seat #2 is the button
Seat 1: 1687f36 ($5.35 in chips)
Seat 2: d1800f87 ($5.38 in chips)
Seat 3: Hero ($5.42 in chips)
Seat 4: f0e5f801 ($5 in chips)
Seat 5: 39a6cf3 ($5.07 in chips)
Seat 6: 5aac0c92 ($6.04 in chips)
Hero: posts small blind $0.02
f0e5f801: posts big blind $0.05
*** HOLE CARDS ***
Dealt to 1687f36 
Dealt to d1800f87 
Dealt to Hero [Kd As]
Dealt to f0e5f801 
Dealt to 39a6cf3 
Dealt to 5aac0c92 
39a6cf3: folds
5aac0c92: folds
1687f36: folds
d1800f87: raises $0.08 to $0.13
Hero: raises $0.42 to $0.55
f0e5f801: folds
d1800f87: folds
Uncalled bet ($0.42) returned to Hero
*** SHOWDOWN ***
Hero collected $0.3 from pot
*** SUMMARY ***
Total pot $0.31 | Rake $0.01 | Jackpot $0 | Bingo $0 | Fortune $0 | Tax $0
Seat 1: 1687f36 folded before Flop (didn't bet)
Seat 2: d1800f87 (button) folded before Flop
Seat 3: Hero (small blind) collected ($0.3)
Seat 4: f0e5f801 (big blind) folded before Flop
Seat 5: 39a6cf3 folded before Flop (didn't bet)
Seat 6: 5aac0c92 folded before Flop (didn't bet)


Poker Hand #HD1730025545: Hold'em No Limit ($0.02/$0.05) - 2024/04/14 16:24:53
Table 'NLHBlue44' 6-max Seat #1 is the button
Seat 1: 1687f36 ($5.35 in chips)
Seat 2: d1800f87 ($5.4 in chips)
Seat 3: Hero ($5.47 in chips)
Seat 5: 39a6cf3 ($5 in chips)
Seat 6: 5aac0c92 ($6.04 in chips)
d1800f87: posts small blind $0.02
Hero: posts big blind $0.05
*** HOLE CARDS ***
Dealt to 1687f36 
Dealt to d1800f87 
Dealt to Hero [Jh 4s]
Dealt to 39a6cf3 
Dealt to 5aac0c92 
39a6cf3: raises $0.1 to $0.15
5aac0c92: folds
1687f36: folds
d1800f87: folds
Hero: folds
Uncalled bet ($0.1) returned to 39a6cf3
*** SHOWDOWN ***
39a6cf3 collected $0.12 from pot
*** SUMMARY ***
Total pot $0.12 | Rake $0 | Jackpot $0 | Bingo $0 | Fortune $0 | Tax $0
Seat 1: 1687f36 (button) folded before Flop (didn't bet)
Seat 2: d1800f87 (small blind) folded before Flop
Seat 3: Hero (big blind) folded before Flop
Seat 5: 39a6cf3 collected ($0.12)
Seat 6: 5aac0c92 folded before Flop (didn't bet)


Poker Hand #HD1730025398: Hold'em No Limit ($0.02/$0.05) - 2024/04/14 16:23:34
Table 'NLHBlue44' 6-max Seat #6 is the button
Seat 1: 1687f36 ($5.5 in chips)
Seat 2: d1800f87 ($5.45 in chips)
Seat 3: Hero ($5.47 in chips)
Seat 5: 39a6cf3 ($5 in chips)
Seat 6: 5aac0c92 ($5.71 in chips)
1687f36: posts small blind $0.02
d1800f87: posts big blind $0.05
*** HOLE CARDS ***
Dealt to 1687f36 
Dealt to d1800f87 
Dealt to Hero [3d Ts]
Dealt to 39a6cf3 
Dealt to 5aac0c92 
Hero: folds
39a6cf3: raises $0.1 to $0.15
5aac0c92: calls $0.15
1687f36: calls $0.13
d1800f87: folds
*** FLOP *** [3h 5c Ac]
1687f36: checks
39a6cf3: checks
5aac0c92: checks
*** TURN *** [3h 5c Ac] [As]
1687f36: checks
39a6cf3: checks
5aac0c92: checks
*** RIVER *** [3h 5c Ac As] [6h]
1687f36: checks
39a6cf3: checks
5aac0c92: bets $0.18
1687f36: folds
39a6cf3: folds
Uncalled bet ($0.18) returned to 5aac0c92
*** SHOWDOWN ***
5aac0c92 collected $0.48 from pot
*** SUMMARY ***
Total pot $0.5 | Rake $0.02 | Jackpot $0 | Bingo $0 | Fortune $0 | Tax $0
Board [3h 5c Ac As 6h]
Seat 1: 1687f36 (small blind) folded on the River
Seat 2: d1800f87 (big blind) folded before Flop
Seat 3: Hero folded before Flop (didn't bet)
Seat 5: 39a6cf3 folded on the River
Seat 6: 5aac0c92 (button) won ($0.48)


Poker Hand #HD1730025321: Hold'em No Limit ($0.02/$0.05) - 2024/04/14 16:22:55
Table 'NLHBlue44' 6-max Seat #5 is the button
Seat 1: 1687f36 ($5.7 in chips)
Seat 2: d1800f87 ($5.45 in chips)
Seat 3: Hero ($5.47 in chips)
Seat 5: 39a6cf3 ($5 in chips)
Seat 6: 5aac0c92 ($5.53 in chips)
5aac0c92: posts small blind $0.02
1687f36: posts big blind $0.05
*** HOLE CARDS ***
Dealt to 1687f36 
Dealt to d1800f87 
Dealt to Hero [Jd 6d]
Dealt to 39a6cf3 
Dealt to 5aac0c92 
d1800f87: folds
Hero: folds
39a6cf3: folds
5aac0c92: raises $0.09 to $0.14
1687f36: calls $0.09
*** FLOP *** [7c Kc 5c]
5aac0c92: bets $0.06
1687f36: calls $0.06
*** TURN *** [7c Kc 5c] [Ac]
5aac0c92: checks
1687f36: checks
*** RIVER *** [7c Kc 5c Ac] [Jh]
5aac0c92: checks
1687f36: checks
5aac0c92: shows [As Td] (Pair of Aces)
1687f36: shows [8s 8h] (Pair of Eights)
*** SHOWDOWN ***
5aac0c92 collected $0.38 from pot
*** SUMMARY ***
Total pot $0.4 | Rake $0.02 | Jackpot $0 | Bingo $0 | Fortune $0 | Tax $0
Board [7c Kc 5c Ac Jh]
Seat 1: 1687f36 (big blind) showed [8s 8h] and lost with Pair of Eights
Seat 2: d1800f87 folded before Flop (didn't bet)
Seat 3: Hero folded before Flop (didn't bet)
Seat 5: 39a6cf3 (button) folded before Flop (didn't bet)
Seat 6: 5aac0c92 (small blind) showed [As Td] and won ($0.38) with Pair of Aces


Poker Hand #HD1730025194: Hold'em No Limit ($0.02/$0.05) - 2024/04/14 16:21:53
Table 'NLHBlue44' 6-max Seat #3 is the button
Seat 1: 1687f36 ($5.7 in chips)
Seat 2: d1800f87 ($5 in chips)
Seat 3: Hero ($5.47 in chips)
Seat 5: 39a6cf3 ($5 in chips)
Seat 6: 5aac0c92 ($6 in chips)
39a6cf3: posts small blind $0.02
5aac0c92: posts big blind $0.05
*** HOLE CARDS ***
Dealt to 1687f36 
Dealt to d1800f87 
Dealt to Hero [8h 3h]
Dealt to 39a6cf3 
Dealt to 5aac0c92 
1687f36: folds
d1800f87: raises $0.08 to $0.13
Hero: folds
39a6cf3: folds
5aac0c92: calls $0.08
*** FLOP *** [Qc Js 8s]
5aac0c92: checks
d1800f87: checks
*** TURN *** [Qc Js 8s] [9c]
5aac0c92: bets $0.14
d1800f87: calls $0.14
*** RIVER *** [Qc Js 8s 9c] [4c]
5aac0c92: checks
d1800f87: bets $0.2
5aac0c92: calls $0.2
d1800f87: shows [Td Ts] (Queens-High Straight)
5aac0c92: shows [9s Jh] (Pair of Jacks and Pair of Nines)
*** SHOWDOWN ***
d1800f87 collected $0.92 from pot
*** SUMMARY ***
Total pot $0.96 | Rake $0.04 | Jackpot $0 | Bingo $0 | Fortune $0 | Tax $0
Board [Qc Js 8s 9c 4c]
Seat 1: 1687f36 folded before Flop (didn't bet)
Seat 2: d1800f87 showed [Td Ts] and won ($0.92) with Queens-High Straight
Seat 3: Hero (button) folded before Flop (didn't bet)
Seat 5: 39a6cf3 (small blind) folded before Flop
Seat 6: 5aac0c92 (big blind) showed [9s Jh] and lost with Pair of Jacks and Pair of Nines


Poker Hand #HD1730025113: Hold'em No Limit ($0.02/$0.05) - 2024/04/14 16:21:04
Table 'NLHBlue44' 6-max Seat #2 is the button
Seat 1: 1687f36 ($6.22 in chips)
Seat 2: d1800f87 ($5 in chips)
Seat 3: Hero ($5.49 in chips)
Seat 4: 38e5e2a4 ($7.37 in chips)
Seat 5: 39a6cf3 ($5 in chips)
Seat 6: 5aac0c92 ($5.46 in chips)
Hero: posts small blind $0.02
38e5e2a4: posts big blind $0.05
*** HOLE CARDS ***
Dealt to 1687f36 
Dealt to d1800f87 
Dealt to Hero [6d 7d]
Dealt to 38e5e2a4 
Dealt to 39a6cf3 
Dealt to 5aac0c92 
39a6cf3: folds
5aac0c92: raises $0.08 to $0.13
1687f36: calls $0.13
d1800f87: folds
Hero: folds
38e5e2a4: folds
*** FLOP *** [7h 7s As]
5aac0c92: checks
1687f36: bets $0.11
5aac0c92: calls $0.11
*** TURN *** [7h 7s As] [3h]
5aac0c92: checks
1687f36: bets $0.28
5aac0c92: calls $0.28
*** RIVER *** [7h 7s As 3h] [5s]
5aac0c92: checks
1687f36: checks
5aac0c92: shows [Ks Ad] (Pair of Aces and Pair of Sevens)
1687f36: shows [2c Ac] (Pair of Aces and Pair of Sevens)
*** SHOWDOWN ***
5aac0c92 collected $1.06 from pot
*** SUMMARY ***
Total pot $1.11 | Rake $0.05 | Jackpot $0 | Bingo $0 | Fortune $0 | Tax $0
Board [7h 7s As 3h 5s]
Seat 1: 1687f36 showed [2c Ac] and lost with Pair of Aces and Pair of Sevens
Seat 2: d1800f87 (button) folded before Flop (didn't bet)
Seat 3: Hero (small blind) folded before Flop
Seat 4: 38e5e2a4 (big blind) folded before Flop
Seat 5: 39a6cf3 folded before Flop (didn't bet)
Seat 6: 5aac0c92 showed [Ks Ad] and won ($1.06) with Pair of Aces and Pair of Sevens


Poker Hand #HD1730025035: Hold'em No Limit ($0.02/$0.05) - 2024/04/14 16:20:21
Table 'NLHBlue44' 6-max Seat #1 is the button
Seat 1: 1687f36 ($6.22 in chips)
Seat 2: d1800f87 ($5 in chips)
Seat 3: Hero ($5.54 in chips)
Seat 4: 38e5e2a4 ($7.42 in chips)
Seat 5: 39a6cf3 ($5 in chips)
Seat 6: 5aac0c92 ($5.07 in chips)
d1800f87: posts small blind $0.02
Hero: posts big blind $0.05
*** HOLE CARDS ***
Dealt to 1687f36 
Dealt to d1800f87 
Dealt to Hero [3d 7s]
Dealt to 38e5e2a4 
Dealt to 39a6cf3 
Dealt to 5aac0c92 
38e5e2a4: calls $0.05
39a6cf3: raises $0.25 to $0.3
5aac0c92: raises $0.6 to $0.9
1687f36: folds
d1800f87: folds
Hero: folds
38e5e2a4: folds
39a6cf3: folds
Uncalled bet ($0.6) returned to 5aac0c92
*** SHOWDOWN ***
5aac0c92 collected $0.69 from pot
*** SUMMARY ***
Total pot $0.72 | Rake $0.03 | Jackpot $0 | Bingo $0 | Fortune $0 | Tax $0
Seat 1: 1687f36 (button) folded before Flop (didn't bet)
Seat 2: d1800f87 (small blind) folded before Flop
Seat 3: Hero (big blind) folded before Flop
Seat 4: 38e5e2a4 folded before Flop
Seat 5: 39a6cf3 folded before Flop
Seat 6: 5aac0c92 collected ($0.69)


Poker Hand #HD1730025009: Hold'em No Limit ($0.02/$0.05) - 2024/04/14 16:20:08
Table 'NLHBlue44' 6-max Seat #6 is the button
Seat 1: 1687f36 ($6.24 in chips)
Seat 2: d1800f87 ($5.01 in chips)
Seat 3: Hero ($5.54 in chips)
Seat 4: 38e5e2a4 ($7.42 in chips)
Seat 5: 39a6cf3 ($5 in chips)
Seat 6: 5aac0c92 ($5 in chips)
1687f36: posts small blind $0.02
d1800f87: posts big blind $0.05
*** HOLE CARDS ***
Dealt to 1687f36 
Dealt to d1800f87 
Dealt to Hero [5h 6c]
Dealt to 38e5e2a4 
Dealt to 39a6cf3 
Dealt to 5aac0c92 
Hero: folds
38e5e2a4: folds
39a6cf3: folds
5aac0c92: raises $0.08 to $0.13
1687f36: folds
d1800f87: folds
Uncalled bet ($0.08) returned to 5aac0c92
*** SHOWDOWN ***
5aac0c92 collected $0.12 from pot
*** SUMMARY ***
Total pot $0.12 | Rake $0 | Jackpot $0 | Bingo $0 | Fortune $0 | Tax $0
Seat 1: 1687f36 (small blind) folded before Flop
Seat 2: d1800f87 (big blind) folded before Flop
Seat 3: Hero folded before Flop (didn't bet)
Seat 4: 38e5e2a4 folded before Flop (didn't bet)
Seat 5: 39a6cf3 folded before Flop (didn't bet)
Seat 6: 5aac0c92 (button) collected ($0.12)


Poker Hand #HD1730024937: Hold'em No Limit ($0.02/$0.05) - 2024/04/14 16:19:27
Table 'NLHBlue44' 6-max Seat #5 is the button
Seat 1: 1687f36 ($6.29 in chips)
Seat 2: d1800f87 ($5.01 in chips)
Seat 3: Hero ($5.54 in chips)
Seat 4: 38e5e2a4 ($7.32 in chips)
Seat 5: 39a6cf3 ($5 in chips)
Seat 6: 5aac0c92 ($5.05 in chips)
5aac0c92: posts small blind $0.02
1687f36: posts big blind $0.05
*** HOLE CARDS ***
Dealt to 1687f36 
Dealt to d1800f87 
Dealt to Hero [3d Qh]
Dealt to 38e5e2a4 
Dealt to 39a6cf3 
Dealt to 5aac0c92 
d1800f87: folds
Hero: folds
38e5e2a4: calls $0.05
39a6cf3: folds
5aac0c92: calls $0.03
1687f36: checks
*** FLOP *** [Tc 5c 4d]
5aac0c92: checks
1687f36: checks
38e5e2a4: checks
*** TURN *** [Tc 5c 4d] [5s]
5aac0c92: checks
1687f36: checks
38e5e2a4: bets $0.08
5aac0c92: folds
1687f36: folds
Uncalled bet ($0.08) returned to 38e5e2a4
*** SHOWDOWN ***
38e5e2a4 collected $0.15 from pot
*** SUMMARY ***
Total pot $0.15 | Rake $0 | Jackpot $0 | Bingo $0 | Fortune $0 | Tax $0
Board [Tc 5c 4d 5s]
Seat 1: 1687f36 (big blind) folded on the Turn
Seat 2: d1800f87 folded before Flop (didn't bet)
Seat 3: Hero folded before Flop (didn't bet)
Seat 4: 38e5e2a4 won ($0.15)
Seat 5: 39a6cf3 (button) folded before Flop (didn't bet)
Seat 6: 5aac0c92 (small blind) folded on the Turn


Poker Hand #HD1730024864: Hold'em No Limit ($0.02/$0.05) - 2024/04/14 16:18:46
Table 'NLHBlue44' 6-max Seat #4 is the button
Seat 1: 1687f36 ($6.29 in chips)
Seat 2: d1800f87 ($5.01 in chips)
Seat 3: Hero ($5.41 in chips)
Seat 4: 38e5e2a4 ($7.32 in chips)
Seat 5: 39a6cf3 ($5 in chips)
Seat 6: 5aac0c92 ($5.17 in chips)
39a6cf3: posts small blind $0.02
5aac0c92: posts big blind $0.05
*** HOLE CARDS ***
Dealt to 1687f36 
Dealt to d1800f87 
Dealt to Hero [Tc As]
Dealt to 38e5e2a4 
Dealt to 39a6cf3 
Dealt to 5aac0c92 
1687f36: folds
d1800f87: folds
Hero: raises $0.07 to $0.12
38e5e2a4: folds
39a6cf3: folds
5aac0c92: calls $0.07
*** FLOP *** [7d 3d Jd]
5aac0c92: checks
Hero: checks
*** TURN *** [7d 3d Jd] [Qh]
5aac0c92: checks
Hero: bets $0.15
5aac0c92: folds
Uncalled bet ($0.15) returned to Hero
*** SHOWDOWN ***
Hero collected $0.25 from pot
*** SUMMARY ***
Total pot $0.26 | Rake $0.01 | Jackpot $0 | Bingo $0 | Fortune $0 | Tax $0
Board [7d 3d Jd Qh]
Seat 1: 1687f36 folded before Flop (didn't bet)
Seat 2: d1800f87 folded before Flop (didn't bet)
Seat 3: Hero won ($0.25)
Seat 4: 38e5e2a4 (button) folded before Flop (didn't bet)
Seat 5: 39a6cf3 (small blind) folded before Flop
Seat 6: 5aac0c92 (big blind) folded on the Turn


Poker Hand #HD1730024825: Hold'em No Limit ($0.02/$0.05) - 2024/04/14 16:18:23
Table 'NLHBlue44' 6-max Seat #3 is the button
Seat 1: 1687f36 ($6.29 in chips)
Seat 2: d1800f87 ($5.01 in chips)
Seat 3: Hero ($5.41 in chips)
Seat 4: 38e5e2a4 ($7.45 in chips)
Seat 5: 39a6cf3 ($5 in chips)
Seat 6: 5aac0c92 ($5 in chips)
38e5e2a4: posts small blind $0.02
39a6cf3: posts big blind $0.05
*** HOLE CARDS ***
Dealt to 1687f36 
Dealt to d1800f87 
Dealt to Hero [Kc 3c]
Dealt to 38e5e2a4 
Dealt to 39a6cf3 
Dealt to 5aac0c92 
5aac0c92: raises $0.08 to $0.13
1687f36: folds
d1800f87: folds
Hero: folds
38e5e2a4: calls $0.11
39a6cf3: folds
*** FLOP *** [7h As Ts]
38e5e2a4: checks
5aac0c92: bets $0.16
38e5e2a4: folds
Uncalled bet ($0.16) returned to 5aac0c92
*** SHOWDOWN ***
5aac0c92 collected $0.3 from pot
*** SUMMARY ***
Total pot $0.31 | Rake $0.01 | Jackpot $0 | Bingo $0 | Fortune $0 | Tax $0
Board [7h As Ts]
Seat 1: 1687f36 folded before Flop (didn't bet)
Seat 2: d1800f87 folded before Flop (didn't bet)
Seat 3: Hero (button) folded before Flop (didn't bet)
Seat 4: 38e5e2a4 (small blind) folded on the Flop
Seat 5: 39a6cf3 (big blind) folded before Flop
Seat 6: 5aac0c92 won ($0.3)


Poker Hand #HD1730024815: Hold'em No Limit ($0.02/$0.05) - 2024/04/14 16:18:14
Table 'NLHBlue44' 6-max Seat #2 is the button
Seat 1: 1687f36 ($6.29 in chips)
Seat 2: d1800f87 ($5.01 in chips)
Seat 3: Hero ($5.43 in chips)
Seat 4: 38e5e2a4 ($7.43 in chips)
Seat 6: 5aac0c92 ($5 in chips)
Hero: posts small blind $0.02
38e5e2a4: posts big blind $0.05
*** HOLE CARDS ***
Dealt to 1687f36 
Dealt to d1800f87 
Dealt to Hero [Ac 6h]
Dealt to 38e5e2a4 
Dealt to 5aac0c92 
5aac0c92: folds
1687f36: folds
d1800f87: folds
Hero: folds
Uncalled bet ($0.03) returned to 38e5e2a4
*** SHOWDOWN ***
38e5e2a4 collected $0.04 from pot
*** SUMMARY ***
Total pot $0.04 | Rake $0 | Jackpot $0 | Bingo $0 | Fortune $0 | Tax $0
Seat 1: 1687f36 folded before Flop (didn't bet)
Seat 2: d1800f87 (button) folded before Flop (didn't bet)
Seat 3: Hero (small blind) folded before Flop
Seat 4: 38e5e2a4 (big blind) collected ($0.04)
Seat 6: 5aac0c92 folded before Flop (didn't bet)


Poker Hand #HD1730024716: Hold'em No Limit ($0.02/$0.05) - 2024/04/14 16:17:17
Table 'NLHBlue44' 6-max Seat #1 is the button
Seat 1: 1687f36 ($6.29 in chips)
Seat 2: d1800f87 ($5.03 in chips)
Seat 3: Hero ($5.48 in chips)
Seat 4: 38e5e2a4 ($7.11 in chips)
Seat 6: 5aac0c92 ($5 in chips)
d1800f87: posts small blind $0.02
Hero: posts big blind $0.05
*** HOLE CARDS ***
Dealt to 1687f36 
Dealt to d1800f87 
Dealt to Hero [Ah Ts]
Dealt to 38e5e2a4 
Dealt to 5aac0c92 
38e5e2a4: calls $0.05
5aac0c92: raises $0.11 to $0.16
1687f36: folds
d1800f87: folds
Hero: folds
38e5e2a4: calls $0.11
*** FLOP *** [8c 5c 7c]
38e5e2a4: checks
5aac0c92: bets $0.12
38e5e2a4: calls $0.12
*** TURN *** [8c 5c 7c] [2d]
38e5e2a4: checks
5aac0c92: checks
*** RIVER *** [8c 5c 7c 2d] [4h]
38e5e2a4: bets $0.63
5aac0c92: folds
Uncalled bet ($0.63) returned to 38e5e2a4
*** SHOWDOWN ***
38e5e2a4 collected $0.6 from pot
*** SUMMARY ***
Total pot $0.63 | Rake $0.03 | Jackpot $0 | Bingo $0 | Fortune $0 | Tax $0
Board [8c 5c 7c 2d 4h]
Seat 1: 1687f36 (button) folded before Flop (didn't bet)
Seat 2: d1800f87 (small blind) folded before Flop
Seat 3: Hero (big blind) folded before Flop
Seat 4: 38e5e2a4 won ($0.6)
Seat 6: 5aac0c92 folded on the River


Poker Hand #HD1730024702: Hold'em No Limit ($0.02/$0.05) - 2024/04/14 16:17:09
Table 'NLHBlue44' 6-max Seat #6 is the button
Seat 1: 1687f36 ($6.31 in chips)
Seat 2: d1800f87 ($5.01 in chips)
Seat 3: Hero ($5.48 in chips)
Seat 4: 38e5e2a4 ($7.11 in chips)
Seat 6: 5aac0c92 ($5 in chips)
1687f36: posts small blind $0.02
d1800f87: posts big blind $0.05
*** HOLE CARDS ***
Dealt to 1687f36 
Dealt to d1800f87 
Dealt to Hero [7c Kc]
Dealt to 38e5e2a4 
Dealt to 5aac0c92 
Hero: folds
38e5e2a4: folds
5aac0c92: folds
1687f36: folds
Uncalled bet ($0.03) returned to d1800f87
*** SHOWDOWN ***
d1800f87 collected $0.04 from pot
*** SUMMARY ***
Total pot $0.04 | Rake $0 | Jackpot $0 | Bingo $0 | Fortune $0 | Tax $0
Seat 1: 1687f36 (small blind) folded before Flop
Seat 2: d1800f87 (big blind) collected ($0.04)
Seat 3: Hero folded before Flop (didn't bet)
Seat 4: 38e5e2a4 folded before Flop (didn't bet)
Seat 6: 5aac0c92 (button) folded before Flop (didn't bet)


Poker Hand #HD1730024626: Hold'em No Limit ($0.02/$0.05) - 2024/04/14 16:16:26
Table 'NLHBlue44' 6-max Seat #4 is the button
Seat 1: 1687f36 ($6.36 in chips)
Seat 2: d1800f87 ($5.01 in chips)
Seat 3: Hero ($5.12 in chips)
Seat 4: 38e5e2a4 ($7.43 in chips)
Seat 6: 5aac0c92 ($5 in chips)
5aac0c92: posts small blind $0.02
1687f36: posts big blind $0.05
*** HOLE CARDS ***
Dealt to 1687f36 
Dealt to d1800f87 
Dealt to Hero [Ks Ah]
Dealt to 38e5e2a4 
Dealt to 5aac0c92 
d1800f87: folds
Hero: raises $0.07 to $0.12
38e5e2a4: calls $0.12
5aac0c92: folds
1687f36: folds
*** FLOP *** [5s 9c Ac]
Hero: bets $0.2
38e5e2a4: calls $0.2
*** TURN *** [5s 9c Ac] [3s]
Hero: bets $0.55
38e5e2a4: folds
Uncalled bet ($0.55) returned to Hero
*** SHOWDOWN ***
Hero collected $0.68 from pot
*** SUMMARY ***
Total pot $0.71 | Rake $0.03 | Jackpot $0 | Bingo $0 | Fortune $0 | Tax $0
Board [5s 9c Ac 3s]
Seat 1: 1687f36 (big blind) folded before Flop
Seat 2: d1800f87 folded before Flop (didn't bet)
Seat 3: Hero won ($0.68)
Seat 4: 38e5e2a4 (button) folded on the Turn
Seat 6: 5aac0c92 (small blind) folded before Flop


Poker Hand #HD1730024514: Hold'em No Limit ($0.02/$0.05) - 2024/04/14 16:15:25
Table 'NLHBlue44' 6-max Seat #3 is the button
Seat 1: 1687f36 ($5.18 in chips)
Seat 2: d1800f87 ($5.01 in chips)
Seat 3: Hero ($5.12 in chips)
Seat 4: 38e5e2a4 ($7.45 in chips)
Seat 6: 5aac0c92 ($5.45 in chips)
38e5e2a4: posts small blind $0.02
5aac0c92: posts big blind $0.05
*** HOLE CARDS ***
Dealt to 1687f36 
Dealt to d1800f87 
Dealt to Hero [Qc 4c]
Dealt to 38e5e2a4 
Dealt to 5aac0c92 
1687f36: raises $0.1 to $0.15
d1800f87: folds
Hero: folds
38e5e2a4: folds
5aac0c92: calls $0.1
*** FLOP *** [Qh Jd 7h]
5aac0c92: checks
1687f36: bets $0.11
5aac0c92: calls $0.11
*** TURN *** [Qh Jd 7h] [7c]
5aac0c92: checks
1687f36: bets $0.27
5aac0c92: calls $0.27
*** RIVER *** [Qh Jd 7h 7c] [7d]
5aac0c92: checks
1687f36: bets $0.81
5aac0c92: calls $0.81
1687f36: shows [Js Qd] (Sevens Full over Queens)
5aac0c92: shows [Jc 8s] (Sevens Full over Jacks)
*** SHOWDOWN ***
1687f36 collected $2.52 from pot
*** SUMMARY ***
Total pot $2.7 | Rake $0.13 | Jackpot $0.05 | Bingo $0 | Fortune $0 | Tax $0
Board [Qh Jd 7h 7c 7d]
Seat 1: 1687f36 showed [Js Qd] and won ($2.52) with Sevens Full over Queens
Seat 2: d1800f87 folded before Flop (didn't bet)
Seat 3: Hero (button) folded before Flop (didn't bet)
Seat 4: 38e5e2a4 (small blind) folded before Flop
Seat 6: 5aac0c92 (big blind) showed [Jc 8s] and lost with Sevens Full over Jacks


Poker Hand #HD1730024441: Hold'em No Limit ($0.02/$0.05) - 2024/04/14 16:14:47
Table 'NLHBlue44' 6-max Seat #2 is the button
Seat 1: 1687f36 ($5.44 in chips)
Seat 2: d1800f87 ($5.01 in chips)
Seat 3: Hero ($5.14 in chips)
Seat 4: 38e5e2a4 ($7.19 in chips)
Seat 6: 5aac0c92 ($5.45 in chips)
Hero: posts small blind $0.02
38e5e2a4: posts big blind $0.05
*** HOLE CARDS ***
Dealt to 1687f36 
Dealt to d1800f87 
Dealt to Hero [8s Th]
Dealt to 38e5e2a4 
Dealt to 5aac0c92 
5aac0c92: folds
1687f36: raises $0.1 to $0.15
d1800f87: folds
Hero: folds
38e5e2a4: calls $0.1
*** FLOP *** [Kh 7c Kd]
38e5e2a4: checks
1687f36: bets $0.11
38e5e2a4: calls $0.11
*** TURN *** [Kh 7c Kd] [2s]
38e5e2a4: checks
1687f36: checks
*** RIVER *** [Kh 7c Kd 2s] [As]
38e5e2a4: bets $0.27
1687f36: folds
Uncalled bet ($0.27) returned to 38e5e2a4
38e5e2a4: shows [8d 8c] (Pair of Kings and Pair of Eights)
*** SHOWDOWN ***
38e5e2a4 collected $0.52 from pot
*** SUMMARY ***
Total pot $0.54 | Rake $0.02 | Jackpot $0 | Bingo $0 | Fortune $0 | Tax $0
Board [Kh 7c Kd 2s As]
Seat 1: 1687f36 folded on the River
Seat 2: d1800f87 (button) folded before Flop (didn't bet)
Seat 3: Hero (small blind) folded before Flop
Seat 4: 38e5e2a4 (big blind) showed [8d 8c] and won ($0.52)
Seat 6: 5aac0c92 folded before Flop (didn't bet)


Poker Hand #HD1730024364: Hold'em No Limit ($0.02/$0.05) - 2024/04/14 16:13:58
Table 'NLHBlue44' 6-max Seat #1 is the button
Seat 1: 1687f36 ($5.44 in chips)
Seat 2: d1800f87 ($5.16 in chips)
Seat 3: Hero ($5 in chips)
Seat 4: 38e5e2a4 ($7.19 in chips)
Seat 6: 5aac0c92 ($5.45 in chips)
d1800f87: posts small blind $0.02
Hero: posts big blind $0.05
*** HOLE CARDS ***
Dealt to 1687f36 
Dealt to d1800f87 
Dealt to Hero [As 6d]
Dealt to 38e5e2a4 
Dealt to 5aac0c92 
38e5e2a4: folds
5aac0c92: folds
1687f36: folds
d1800f87: raises $0.1 to $0.15
Hero: calls $0.1
*** FLOP *** [7d 8s Jd]
d1800f87: checks
Hero: checks
*** TURN *** [7d 8s Jd] [2h]
d1800f87: checks
Hero: bets $0.15
d1800f87: folds
Uncalled bet ($0.15) returned to Hero
*** SHOWDOWN ***
Hero collected $0.29 from pot
*** SUMMARY ***
Total pot $0.3 | Rake $0.01 | Jackpot $0 | Bingo $0 | Fortune $0 | Tax $0
Board [7d 8s Jd 2h]
Seat 1: 1687f36 (button) folded before Flop (didn't bet)
Seat 2: d1800f87 (small blind) folded on the Turn
Seat 3: Hero (big blind) won ($0.29)
Seat 4: 38e5e2a4 folded before Flop (didn't bet)
Seat 6: 5aac0c92 folded before Flop (didn't bet)


