Poker Hand #HD1835985453: Hold'em No Limit ($0.05/$0.1) - 2024/06/29 17:08:58
Table 'NLHRed17' 6-max Seat #2 is the button
Seat 2: 670356ce ($12.22 in chips)
Seat 5: Hero ($10.1 in chips)
670356ce: posts small blind $0.05
Hero: posts big blind $0.1
*** HOLE CARDS ***
Dealt to 670356ce 
Dealt to Hero [6d 4s]
670356ce: folds
Uncalled bet ($0.05) returned to Hero
*** SHOWDOWN ***
Hero collected $0.1 from pot
*** SUMMARY ***
Total pot $0.1 | Rake $0 | Jackpot $0 | Bingo $0 | Fortune $0 | Tax $0
Seat 2: 670356ce (small blind) folded before Flop
Seat 5: Hero (big blind) collected ($0.1)


Poker Hand #HD1835985445: Hold'em No Limit ($0.05/$0.1) - 2024/06/29 17:08:51
Table 'NLHRed17' 6-max Seat #5 is the button
Seat 2: 670356ce ($12.32 in chips)
Seat 5: Hero ($10 in chips)
Hero: posts small blind $0.05
670356ce: posts big blind $0.1
*** HOLE CARDS ***
Dealt to 670356ce 
Dealt to Hero [Qd 8d]
Hero: raises $0.2 to $0.3
670356ce: folds
Uncalled bet ($0.2) returned to Hero
*** SHOWDOWN ***
Hero collected $0.2 from pot
*** SUMMARY ***
Total pot $0.2 | Rake $0 | Jackpot $0 | Bingo $0 | Fortune $0 | Tax $0
Seat 2: 670356ce (big blind) folded before Flop
Seat 5: Hero (small blind) collected ($0.2)


Poker Hand #HD1835985361: Hold'em No Limit ($0.05/$0.1) - 2024/06/29 17:08:11
Table 'NLHRed17' 6-max Seat #4 is the button
Seat 2: 670356ce ($12.42 in chips)
Seat 3: 13bab22e ($10 in chips)
Seat 4: 67cdc752 ($28.12 in chips)
Seat 5: Hero ($10.54 in chips)
Hero: posts small blind $0.05
670356ce: posts big blind $0.1
*** HOLE CARDS ***
Dealt to 670356ce 
Dealt to 13bab22e 
Dealt to 67cdc752 
Dealt to Hero [Qc Tc]
13bab22e: folds
67cdc752: raises $0.15 to $0.25
Hero: raises $0.75 to $1
670356ce: folds
67cdc752: raises $1 to $2
Hero: folds
Uncalled bet ($1) returned to 67cdc752
*** SHOWDOWN ***
67cdc752 collected $2 from pot
*** SUMMARY ***
Total pot $2.1 | Rake $0.1 | Jackpot $0 | Bingo $0 | Fortune $0 | Tax $0
Seat 2: 670356ce (big blind) folded before Flop
Seat 3: 13bab22e folded before Flop (didn't bet)
Seat 4: 67cdc752 (button) collected ($2)
Seat 5: Hero (small blind) folded before Flop


Poker Hand #HD1835985230: Hold'em No Limit ($0.05/$0.1) - 2024/06/29 17:07:03
Table 'NLHRed17' 6-max Seat #3 is the button
Seat 1: 45fc25e3 ($12.56 in chips)
Seat 2: 670356ce ($12.42 in chips)
Seat 3: 13bab22e ($10 in chips)
Seat 4: 67cdc752 ($28.72 in chips)
Seat 5: Hero ($10 in chips)
Seat 6: 1ca3502b ($10 in chips)
67cdc752: posts small blind $0.05
Hero: posts big blind $0.1
*** HOLE CARDS ***
Dealt to 45fc25e3 
Dealt to 670356ce 
Dealt to 13bab22e 
Dealt to 67cdc752 
Dealt to Hero [Td Jh]
Dealt to 1ca3502b 
1ca3502b: folds
45fc25e3: folds
670356ce: folds
13bab22e: folds
67cdc752: raises $0.2 to $0.3
Hero: calls $0.2
*** FLOP *** [4c 8s Jd]
67cdc752: bets $0.3
Hero: calls $0.3
*** TURN *** [4c 8s Jd] [2s]
67cdc752: checks
Hero: bets $0.7
67cdc752: folds
Uncalled bet ($0.7) returned to Hero
*** SHOWDOWN ***
Hero collected $1.14 from pot
*** SUMMARY ***
Total pot $1.2 | Rake $0.06 | Jackpot $0 | Bingo $0 | Fortune $0 | Tax $0
Board [4c 8s Jd 2s]
Seat 1: 45fc25e3 folded before Flop (didn't bet)
Seat 2: 670356ce folded before Flop (didn't bet)
Seat 3: 13bab22e (button) folded before Flop (didn't bet)
Seat 4: 67cdc752 (small blind) folded on the Turn
Seat 5: Hero (big blind) won ($1.14)
Seat 6: 1ca3502b folded before Flop (didn't bet)


