Poker Hand #HD1724760448: Hold'em No Limit ($0.02/$0.05) - 2024/04/10 22:04:04
Table 'NLHBlue23' 6-max Seat #6 is the button
Seat 3: 25cf46ca ($4.38 in chips)
Seat 5: 51a24beb ($10.53 in chips)
Seat 6: Hero ($11.2 in chips)
25cf46ca: posts small blind $0.02
51a24beb: posts big blind $0.05
*** HOLE CARDS ***
Dealt to 25cf46ca 
Dealt to 51a24beb 
Dealt to Hero [Qc Qs]
Hero: raises $0.08 to $0.13
25cf46ca: folds
51a24beb: calls $0.08
*** FLOP *** [Jd Ac Tc]
51a24beb: checks
Hero: checks
*** TURN *** [Jd Ac Tc] [Ks]
51a24beb: bets $0.1
Hero: raises $0.2 to $0.3
51a24beb: folds
Uncalled bet ($0.2) returned to Hero
*** SHOWDOWN ***
Hero collected $0.46 from pot
*** SUMMARY ***
Total pot $0.48 | Rake $0.02 | Jackpot $0 | Bingo $0 | Fortune $0 | Tax $0
Board [Jd Ac Tc Ks]
Seat 3: 25cf46ca (small blind) folded before Flop
Seat 5: 51a24beb (big blind) folded on the Turn
Seat 6: Hero (button) won ($0.46)


Poker Hand #HD1724760372: Hold'em No Limit ($0.02/$0.05) - 2024/04/10 22:03:30
Table 'NLHBlue23' 6-max Seat #5 is the button
Seat 3: 25cf46ca ($4.64 in chips)
Seat 5: 51a24beb ($10.27 in chips)
Seat 6: Hero ($11.22 in chips)
Hero: posts small blind $0.02
25cf46ca: posts big blind $0.05
*** HOLE CARDS ***
Dealt to 25cf46ca 
Dealt to 51a24beb 
Dealt to Hero [Jc 5d]
51a24beb: raises $0.1 to $0.15
Hero: folds
25cf46ca: calls $0.1
*** FLOP *** [3h 4h Qs]
25cf46ca: checks
51a24beb: bets $0.11
25cf46ca: calls $0.11
*** TURN *** [3h 4h Qs] [7d]
25cf46ca: checks
51a24beb: checks
*** RIVER *** [3h 4h Qs 7d] [Th]
25cf46ca: checks
51a24beb: checks
25cf46ca: shows [4d Ad] (Pair of Fours)
51a24beb: shows [Td Jd] (Pair of Tens)
*** SHOWDOWN ***
51a24beb collected $0.52 from pot
*** SUMMARY ***
Total pot $0.54 | Rake $0.02 | Jackpot $0 | Bingo $0 | Fortune $0 | Tax $0
Board [3h 4h Qs 7d Th]
Seat 3: 25cf46ca (big blind) showed [4d Ad] and lost with Pair of Fours
Seat 5: 51a24beb (button) showed [Td Jd] and won ($0.52) with Pair of Tens
Seat 6: Hero (small blind) folded before Flop


Poker Hand #HD1724760352: Hold'em No Limit ($0.02/$0.05) - 2024/04/10 22:03:19
Table 'NLHBlue23' 6-max Seat #3 is the button
Seat 3: 25cf46ca ($4.64 in chips)
Seat 5: 51a24beb ($10.29 in chips)
Seat 6: Hero ($11.2 in chips)
51a24beb: posts small blind $0.02
Hero: posts big blind $0.05
*** HOLE CARDS ***
Dealt to 25cf46ca 
Dealt to 51a24beb 
Dealt to Hero [As 4s]
25cf46ca: folds
51a24beb: folds
Uncalled bet ($0.03) returned to Hero
*** SHOWDOWN ***
Hero collected $0.04 from pot
*** SUMMARY ***
Total pot $0.04 | Rake $0 | Jackpot $0 | Bingo $0 | Fortune $0 | Tax $0
Seat 3: 25cf46ca (button) folded before Flop (didn't bet)
Seat 5: 51a24beb (small blind) folded before Flop
Seat 6: Hero (big blind) collected ($0.04)


Poker Hand #HD1724760215: Hold'em No Limit ($0.02/$0.05) - 2024/04/10 22:02:09
Table 'NLHBlue23' 6-max Seat #6 is the button
Seat 3: 25cf46ca ($4.69 in chips)
Seat 5: 51a24beb ($10.24 in chips)
Seat 6: Hero ($11.2 in chips)
25cf46ca: posts small blind $0.02
51a24beb: posts big blind $0.05
*** HOLE CARDS ***
Dealt to 25cf46ca 
Dealt to 51a24beb 
Dealt to Hero [9c 5h]
Hero: folds
25cf46ca: calls $0.03
51a24beb: checks
*** FLOP *** [Kh Kd Kc]
25cf46ca: checks
51a24beb: checks
*** TURN *** [Kh Kd Kc] [7s]
25cf46ca: checks
51a24beb: checks
*** RIVER *** [Kh Kd Kc 7s] [Qs]
25cf46ca: checks
51a24beb: checks
25cf46ca: shows [Th 8h] (Three Kings)
51a24beb: shows [7d Jc] (Kings Full over Sevens)
*** SHOWDOWN ***
51a24beb collected $0.1 from pot
*** SUMMARY ***
Total pot $0.1 | Rake $0 | Jackpot $0 | Bingo $0 | Fortune $0 | Tax $0
Board [Kh Kd Kc 7s Qs]
Seat 3: 25cf46ca (small blind) showed [Th 8h] and lost with Three Kings
Seat 5: 51a24beb (big blind) showed [7d Jc] and won ($0.1) with Kings Full over Sevens
Seat 6: Hero (button) folded before Flop (didn't bet)


Poker Hand #HD1724760175: Hold'em No Limit ($0.02/$0.05) - 2024/04/10 22:01:55
Table 'NLHBlue23' 6-max Seat #5 is the button
Seat 3: 25cf46ca ($4.74 in chips)
Seat 5: 51a24beb ($10.17 in chips)
Seat 6: Hero ($11.22 in chips)
Hero: posts small blind $0.02
25cf46ca: posts big blind $0.05
*** HOLE CARDS ***
Dealt to 25cf46ca 
Dealt to 51a24beb 
Dealt to Hero [8h 3h]
51a24beb: raises $0.1 to $0.15
Hero: folds
25cf46ca: folds
Uncalled bet ($0.1) returned to 51a24beb
*** SHOWDOWN ***
51a24beb collected $0.12 from pot
*** SUMMARY ***
Total pot $0.12 | Rake $0 | Jackpot $0 | Bingo $0 | Fortune $0 | Tax $0
Seat 3: 25cf46ca (big blind) folded before Flop
Seat 5: 51a24beb (button) collected ($0.12)
Seat 6: Hero (small blind) folded before Flop


Poker Hand #HD1724760156: Hold'em No Limit ($0.02/$0.05) - 2024/04/10 22:01:44
Table 'NLHBlue23' 6-max Seat #3 is the button
Seat 3: 25cf46ca ($4.74 in chips)
Seat 5: 51a24beb ($10.19 in chips)
Seat 6: Hero ($11.2 in chips)
51a24beb: posts small blind $0.02
Hero: posts big blind $0.05
*** HOLE CARDS ***
Dealt to 25cf46ca 
Dealt to 51a24beb 
Dealt to Hero [4h 2d]
25cf46ca: folds
51a24beb: folds
Uncalled bet ($0.03) returned to Hero
*** SHOWDOWN ***
Hero collected $0.04 from pot
*** SUMMARY ***
Total pot $0.04 | Rake $0 | Jackpot $0 | Bingo $0 | Fortune $0 | Tax $0
Seat 3: 25cf46ca (button) folded before Flop (didn't bet)
Seat 5: 51a24beb (small blind) folded before Flop
Seat 6: Hero (big blind) collected ($0.04)


Poker Hand #HD1724760138: Hold'em No Limit ($0.02/$0.05) - 2024/04/10 22:01:34
Table 'NLHBlue23' 6-max Seat #6 is the button
Seat 3: 25cf46ca ($4.76 in chips)
Seat 5: 51a24beb ($10.17 in chips)
Seat 6: Hero ($11.2 in chips)
25cf46ca: posts small blind $0.02
51a24beb: posts big blind $0.05
*** HOLE CARDS ***
Dealt to 25cf46ca 
Dealt to 51a24beb 
Dealt to Hero [5s Jd]
Hero: folds
25cf46ca: folds
Uncalled bet ($0.03) returned to 51a24beb
*** SHOWDOWN ***
51a24beb collected $0.04 from pot
*** SUMMARY ***
Total pot $0.04 | Rake $0 | Jackpot $0 | Bingo $0 | Fortune $0 | Tax $0
Seat 3: 25cf46ca (small blind) folded before Flop
Seat 5: 51a24beb (big blind) collected ($0.04)
Seat 6: Hero (button) folded before Flop (didn't bet)


Poker Hand #HD1724760088: Hold'em No Limit ($0.02/$0.05) - 2024/04/10 22:01:10
Table 'NLHBlue23' 6-max Seat #5 is the button
Seat 2: 342ad48b ($5.18 in chips)
Seat 3: 25cf46ca ($4.76 in chips)
Seat 5: 51a24beb ($10.1 in chips)
Seat 6: Hero ($11.22 in chips)
Hero: posts small blind $0.02
342ad48b: posts big blind $0.05
*** HOLE CARDS ***
Dealt to 342ad48b 
Dealt to 25cf46ca 
Dealt to 51a24beb 
Dealt to Hero [Js 3h]
25cf46ca: folds
51a24beb: raises $0.1 to $0.15
Hero: folds
342ad48b: folds
Uncalled bet ($0.1) returned to 51a24beb
*** SHOWDOWN ***
51a24beb collected $0.12 from pot
*** SUMMARY ***
Total pot $0.12 | Rake $0 | Jackpot $0 | Bingo $0 | Fortune $0 | Tax $0
Seat 2: 342ad48b (big blind) folded before Flop
Seat 3: 25cf46ca folded before Flop (didn't bet)
Seat 5: 51a24beb (button) collected ($0.12)
Seat 6: Hero (small blind) folded before Flop


Poker Hand #HD1724760073: Hold'em No Limit ($0.02/$0.05) - 2024/04/10 22:01:03
Table 'NLHBlue23' 6-max Seat #3 is the button
Seat 2: 342ad48b ($5.18 in chips)
Seat 3: 25cf46ca ($4.76 in chips)
Seat 5: 51a24beb ($10.12 in chips)
Seat 6: Hero ($11.2 in chips)
51a24beb: posts small blind $0.02
Hero: posts big blind $0.05
*** HOLE CARDS ***
Dealt to 342ad48b 
Dealt to 25cf46ca 
Dealt to 51a24beb 
Dealt to Hero [Js 9c]
342ad48b: folds
25cf46ca: folds
51a24beb: folds
Uncalled bet ($0.03) returned to Hero
*** SHOWDOWN ***
Hero collected $0.04 from pot
*** SUMMARY ***
Total pot $0.04 | Rake $0 | Jackpot $0 | Bingo $0 | Fortune $0 | Tax $0
Seat 2: 342ad48b folded before Flop (didn't bet)
Seat 3: 25cf46ca (button) folded before Flop (didn't bet)
Seat 5: 51a24beb (small blind) folded before Flop
Seat 6: Hero (big blind) collected ($0.04)


Poker Hand #HD1724760027: Hold'em No Limit ($0.02/$0.05) - 2024/04/10 22:00:40
Table 'NLHBlue23' 6-max Seat #2 is the button
Seat 2: 342ad48b ($5.11 in chips)
Seat 3: 25cf46ca ($4.78 in chips)
Seat 5: 51a24beb ($10.17 in chips)
Seat 6: Hero ($11.2 in chips)
25cf46ca: posts small blind $0.02
51a24beb: posts big blind $0.05
*** HOLE CARDS ***
Dealt to 342ad48b 
Dealt to 25cf46ca 
Dealt to 51a24beb 
Dealt to Hero [5c 6d]
Hero: folds
342ad48b: raises $0.1 to $0.15
25cf46ca: folds
51a24beb: folds
Uncalled bet ($0.1) returned to 342ad48b
*** SHOWDOWN ***
342ad48b collected $0.12 from pot
*** SUMMARY ***
Total pot $0.12 | Rake $0 | Jackpot $0 | Bingo $0 | Fortune $0 | Tax $0
Seat 2: 342ad48b (button) collected ($0.12)
Seat 3: 25cf46ca (small blind) folded before Flop
Seat 5: 51a24beb (big blind) folded before Flop
Seat 6: Hero folded before Flop (didn't bet)


Poker Hand #HD1724759953: Hold'em No Limit ($0.02/$0.05) - 2024/04/10 22:00:04
Table 'NLHBlue23' 6-max Seat #6 is the button
Seat 2: 342ad48b ($5.13 in chips)
Seat 3: 25cf46ca ($4.93 in chips)
Seat 5: 51a24beb ($10.01 in chips)
Seat 6: Hero ($11.2 in chips)
342ad48b: posts small blind $0.02
25cf46ca: posts big blind $0.05
*** HOLE CARDS ***
Dealt to 342ad48b 
Dealt to 25cf46ca 
Dealt to 51a24beb 
Dealt to Hero [2c Ac]
51a24beb: raises $0.1 to $0.15
Hero: folds
342ad48b: folds
25cf46ca: calls $0.1
*** FLOP *** [5c 9c 2s]
25cf46ca: checks
51a24beb: bets $0.11
25cf46ca: folds
Uncalled bet ($0.11) returned to 51a24beb
*** SHOWDOWN ***
51a24beb collected $0.31 from pot
*** SUMMARY ***
Total pot $0.32 | Rake $0.01 | Jackpot $0 | Bingo $0 | Fortune $0 | Tax $0
Board [5c 9c 2s]
Seat 2: 342ad48b (small blind) folded before Flop
Seat 3: 25cf46ca (big blind) folded on the Flop
Seat 5: 51a24beb won ($0.31)
Seat 6: Hero (button) folded before Flop (didn't bet)


Poker Hand #HD1724759938: Hold'em No Limit ($0.02/$0.05) - 2024/04/10 21:59:56
Table 'NLHBlue23' 6-max Seat #5 is the button
Seat 2: 342ad48b ($5.11 in chips)
Seat 3: 25cf46ca ($4.93 in chips)
Seat 5: 51a24beb ($10.01 in chips)
Seat 6: Hero ($11.22 in chips)
Hero: posts small blind $0.02
342ad48b: posts big blind $0.05
*** HOLE CARDS ***
Dealt to 342ad48b 
Dealt to 25cf46ca 
Dealt to 51a24beb 
Dealt to Hero [9h 5c]
25cf46ca: folds
51a24beb: folds
Hero: folds
Uncalled bet ($0.03) returned to 342ad48b
*** SHOWDOWN ***
342ad48b collected $0.04 from pot
*** SUMMARY ***
Total pot $0.04 | Rake $0 | Jackpot $0 | Bingo $0 | Fortune $0 | Tax $0
Seat 2: 342ad48b (big blind) collected ($0.04)
Seat 3: 25cf46ca folded before Flop (didn't bet)
Seat 5: 51a24beb (button) folded before Flop (didn't bet)
Seat 6: Hero (small blind) folded before Flop


Poker Hand #HD1724759919: Hold'em No Limit ($0.02/$0.05) - 2024/04/10 21:59:47
Table 'NLHBlue23' 6-max Seat #3 is the button
Seat 2: 342ad48b ($5.11 in chips)
Seat 3: 25cf46ca ($4.93 in chips)
Seat 5: 51a24beb ($10.03 in chips)
Seat 6: Hero ($11.2 in chips)
51a24beb: posts small blind $0.02
Hero: posts big blind $0.05
*** HOLE CARDS ***
Dealt to 342ad48b 
Dealt to 25cf46ca 
Dealt to 51a24beb 
Dealt to Hero [Jh Ah]
342ad48b: folds
25cf46ca: folds
51a24beb: folds
Uncalled bet ($0.03) returned to Hero
*** SHOWDOWN ***
Hero collected $0.04 from pot
*** SUMMARY ***
Total pot $0.04 | Rake $0 | Jackpot $0 | Bingo $0 | Fortune $0 | Tax $0
Seat 2: 342ad48b folded before Flop (didn't bet)
Seat 3: 25cf46ca (button) folded before Flop (didn't bet)
Seat 5: 51a24beb (small blind) folded before Flop
Seat 6: Hero (big blind) collected ($0.04)


Poker Hand #HD1724759887: Hold'em No Limit ($0.02/$0.05) - 2024/04/10 21:59:29
Table 'NLHBlue23' 6-max Seat #2 is the button
Seat 2: 342ad48b ($5.11 in chips)
Seat 3: 25cf46ca ($4.95 in chips)
Seat 5: 51a24beb ($10.01 in chips)
Seat 6: Hero ($11.2 in chips)
25cf46ca: posts small blind $0.02
51a24beb: posts big blind $0.05
*** HOLE CARDS ***
Dealt to 342ad48b 
Dealt to 25cf46ca 
Dealt to 51a24beb 
Dealt to Hero [8d 5d]
Hero: folds
342ad48b: folds
25cf46ca: folds
Uncalled bet ($0.03) returned to 51a24beb
*** SHOWDOWN ***
51a24beb collected $0.04 from pot
*** SUMMARY ***
Total pot $0.04 | Rake $0 | Jackpot $0 | Bingo $0 | Fortune $0 | Tax $0
Seat 2: 342ad48b (button) folded before Flop (didn't bet)
Seat 3: 25cf46ca (small blind) folded before Flop
Seat 5: 51a24beb (big blind) collected ($0.04)
Seat 6: Hero folded before Flop (didn't bet)


Poker Hand #HD1724759851: Hold'em No Limit ($0.02/$0.05) - 2024/04/10 21:59:12
Table 'NLHBlue23' 6-max Seat #1 is the button
Seat 1: 9f718b76 ($0.57 in chips)
Seat 2: 342ad48b ($5.13 in chips)
Seat 3: 25cf46ca ($5 in chips)
Seat 4: b113ce30 ($5.22 in chips)
Seat 5: 51a24beb ($10.01 in chips)
Seat 6: Hero ($11.13 in chips)
342ad48b: posts small blind $0.02
25cf46ca: posts big blind $0.05
*** HOLE CARDS ***
Dealt to 9f718b76 
Dealt to 342ad48b 
Dealt to 25cf46ca 
Dealt to b113ce30 
Dealt to 51a24beb 
Dealt to Hero [Kd Jh]
b113ce30: folds
51a24beb: folds
Hero: raises $0.08 to $0.13
9f718b76: folds
342ad48b: folds
25cf46ca: folds
Uncalled bet ($0.08) returned to Hero
*** SHOWDOWN ***
Hero collected $0.12 from pot
*** SUMMARY ***
Total pot $0.12 | Rake $0 | Jackpot $0 | Bingo $0 | Fortune $0 | Tax $0
Seat 1: 9f718b76 (button) folded before Flop (didn't bet)
Seat 2: 342ad48b (small blind) folded before Flop
Seat 3: 25cf46ca (big blind) folded before Flop
Seat 4: b113ce30 folded before Flop (didn't bet)
Seat 5: 51a24beb folded before Flop (didn't bet)
Seat 6: Hero collected ($0.12)


Poker Hand #HD1724759808: Hold'em No Limit ($0.02/$0.05) - 2024/04/10 21:58:53
Table 'NLHBlue23' 6-max Seat #6 is the button
Seat 1: 9f718b76 ($0.59 in chips)
Seat 2: 342ad48b ($5.11 in chips)
Seat 4: b113ce30 ($5.22 in chips)
Seat 5: 51a24beb ($10.01 in chips)
Seat 6: Hero ($11.13 in chips)
9f718b76: posts small blind $0.02
342ad48b: posts big blind $0.05
*** HOLE CARDS ***
Dealt to 9f718b76 
Dealt to 342ad48b 
Dealt to b113ce30 
Dealt to 51a24beb 
Dealt to Hero [Ac 2d]
b113ce30: folds
51a24beb: folds
Hero: folds
9f718b76: folds
Uncalled bet ($0.03) returned to 342ad48b
*** SHOWDOWN ***
342ad48b collected $0.04 from pot
*** SUMMARY ***
Total pot $0.04 | Rake $0 | Jackpot $0 | Bingo $0 | Fortune $0 | Tax $0
Seat 1: 9f718b76 (small blind) folded before Flop
Seat 2: 342ad48b (big blind) collected ($0.04)
Seat 4: b113ce30 folded before Flop (didn't bet)
Seat 5: 51a24beb folded before Flop (didn't bet)
Seat 6: Hero (button) folded before Flop (didn't bet)


Poker Hand #HD1724759741: Hold'em No Limit ($0.02/$0.05) - 2024/04/10 21:58:24
Table 'NLHBlue23' 6-max Seat #5 is the button
Seat 1: 9f718b76 ($0.57 in chips)
Seat 2: 342ad48b ($5.11 in chips)
Seat 4: b113ce30 ($5.22 in chips)
Seat 5: 51a24beb ($10.01 in chips)
Seat 6: Hero ($11.15 in chips)
Hero: posts small blind $0.02
9f718b76: posts big blind $0.05
*** HOLE CARDS ***
Dealt to 9f718b76 
Dealt to 342ad48b 
Dealt to b113ce30 
Dealt to 51a24beb 
Dealt to Hero [4d Jh]
342ad48b: folds
b113ce30: folds
51a24beb: folds
Hero: folds
Uncalled bet ($0.03) returned to 9f718b76
*** SHOWDOWN ***
9f718b76 collected $0.04 from pot
*** SUMMARY ***
Total pot $0.04 | Rake $0 | Jackpot $0 | Bingo $0 | Fortune $0 | Tax $0
Seat 1: 9f718b76 (big blind) collected ($0.04)
Seat 2: 342ad48b folded before Flop (didn't bet)
Seat 4: b113ce30 folded before Flop (didn't bet)
Seat 5: 51a24beb (button) folded before Flop (didn't bet)
Seat 6: Hero (small blind) folded before Flop


Poker Hand #HD1724759483: Hold'em No Limit ($0.02/$0.05) - 2024/04/10 21:56:11
Table 'NLHBlue23' 6-max Seat #4 is the button
Seat 1: 9f718b76 ($0.62 in chips)
Seat 2: 342ad48b ($5.11 in chips)
Seat 4: b113ce30 ($10.45 in chips)
Seat 5: 51a24beb ($5.23 in chips)
Seat 6: Hero ($11.2 in chips)
51a24beb: posts small blind $0.02
Hero: posts big blind $0.05
*** HOLE CARDS ***
Dealt to 9f718b76 
Dealt to 342ad48b 
Dealt to b113ce30 
Dealt to 51a24beb 
Dealt to Hero [Ks Td]
9f718b76: calls $0.05
342ad48b: folds
b113ce30: raises $0.55 to $0.6
51a24beb: raises $0.9 to $1.5
Hero: folds
9f718b76: folds
b113ce30: calls $0.9
*** FLOP *** [7s 9s 4c]
51a24beb: bets $1.03
b113ce30: raises $7.92 to $8.95 and is all-in
51a24beb: calls $2.7 and is all-in
Uncalled bet ($5.22) returned to b113ce30
b113ce30: shows [7h 7d] (Three Sevens)
51a24beb: shows [Ac Kc] (Ace-High)
*** TURN *** [7s 9s 4c] [Tc]
*** RIVER *** [7s 9s 4c Tc] [3c]
*** SHOWDOWN ***
51a24beb collected $10.01 from pot
*** SUMMARY ***
Total pot $10.56 | Rake $0.5 | Jackpot $0.05 | Bingo $0 | Fortune $0 | Tax $0
Board [7s 9s 4c Tc 3c]
Seat 1: 9f718b76 folded before Flop
Seat 2: 342ad48b folded before Flop (didn't bet)
Seat 4: b113ce30 (button) showed [7h 7d] and lost with Three Sevens
Seat 5: 51a24beb (small blind) showed [Ac Kc] and won ($10.01) with Ace High Flush
Seat 6: Hero (big blind) folded before Flop


Poker Hand #HD1724759451: Hold'em No Limit ($0.02/$0.05) - 2024/04/10 21:55:58
Table 'NLHBlue23' 6-max Seat #2 is the button
Seat 1: 9f718b76 ($0.62 in chips)
Seat 2: 342ad48b ($5.11 in chips)
Seat 4: b113ce30 ($10.47 in chips)
Seat 5: 51a24beb ($5.21 in chips)
Seat 6: Hero ($11.2 in chips)
b113ce30: posts small blind $0.02
51a24beb: posts big blind $0.05
*** HOLE CARDS ***
Dealt to 9f718b76 
Dealt to 342ad48b 
Dealt to b113ce30 
Dealt to 51a24beb 
Dealt to Hero [9c 7h]
Hero: folds
9f718b76: folds
342ad48b: folds
b113ce30: folds
Uncalled bet ($0.03) returned to 51a24beb
*** SHOWDOWN ***
51a24beb collected $0.04 from pot
*** SUMMARY ***
Total pot $0.04 | Rake $0 | Jackpot $0 | Bingo $0 | Fortune $0 | Tax $0
Seat 1: 9f718b76 folded before Flop (didn't bet)
Seat 2: 342ad48b (button) folded before Flop (didn't bet)
Seat 4: b113ce30 (small blind) folded before Flop
Seat 5: 51a24beb (big blind) collected ($0.04)
Seat 6: Hero folded before Flop (didn't bet)


Poker Hand #HD1724759370: Hold'em No Limit ($0.02/$0.05) - 2024/04/10 21:55:13
Table 'NLHBlue23' 6-max Seat #1 is the button
Seat 1: 9f718b76 ($0.75 in chips)
Seat 2: 342ad48b ($5.13 in chips)
Seat 3: 13ef94c1 ($9.57 in chips)
Seat 4: b113ce30 ($10.28 in chips)
Seat 5: 51a24beb ($5.21 in chips)
Seat 6: Hero ($11.2 in chips)
342ad48b: posts small blind $0.02
13ef94c1: posts big blind $0.05
*** HOLE CARDS ***
Dealt to 9f718b76 
Dealt to 342ad48b 
Dealt to 13ef94c1 
Dealt to b113ce30 
Dealt to 51a24beb 
Dealt to Hero [8s Ts]
b113ce30: raises $0.08 to $0.13
51a24beb: folds
Hero: folds
9f718b76: calls $0.13
342ad48b: folds
13ef94c1: folds
*** FLOP *** [4d 7c Ks]
b113ce30: bets $0.11
9f718b76: folds
Uncalled bet ($0.11) returned to b113ce30
*** SHOWDOWN ***
b113ce30 collected $0.32 from pot
*** SUMMARY ***
Total pot $0.33 | Rake $0.01 | Jackpot $0 | Bingo $0 | Fortune $0 | Tax $0
Board [4d 7c Ks]
Seat 1: 9f718b76 (button) folded on the Flop
Seat 2: 342ad48b (small blind) folded before Flop
Seat 3: 13ef94c1 (big blind) folded before Flop
Seat 4: b113ce30 won ($0.32)
Seat 5: 51a24beb folded before Flop (didn't bet)
Seat 6: Hero folded before Flop (didn't bet)


Poker Hand #HD1724759270: Hold'em No Limit ($0.02/$0.05) - 2024/04/10 21:54:26
Table 'NLHBlue23' 6-max Seat #6 is the button
Seat 1: 9f718b76 ($0.9 in chips)
Seat 2: 342ad48b ($5.18 in chips)
Seat 3: 13ef94c1 ($9.24 in chips)
Seat 4: b113ce30 ($10.28 in chips)
Seat 5: 51a24beb ($5.36 in chips)
Seat 6: Hero ($11.2 in chips)
9f718b76: posts small blind $0.02
342ad48b: posts big blind $0.05
*** HOLE CARDS ***
Dealt to 9f718b76 
Dealt to 342ad48b 
Dealt to 13ef94c1 
Dealt to b113ce30 
Dealt to 51a24beb 
Dealt to Hero [2h 2c]
13ef94c1: raises $0.1 to $0.15
b113ce30: folds
51a24beb: calls $0.15
Hero: folds
9f718b76: calls $0.13
342ad48b: folds
*** FLOP *** [8h Qs Qd]
9f718b76: checks
13ef94c1: bets $0.17
51a24beb: folds
9f718b76: folds
Uncalled bet ($0.17) returned to 13ef94c1
*** SHOWDOWN ***
13ef94c1 collected $0.48 from pot
*** SUMMARY ***
Total pot $0.5 | Rake $0.02 | Jackpot $0 | Bingo $0 | Fortune $0 | Tax $0
Board [8h Qs Qd]
Seat 1: 9f718b76 (small blind) folded on the Flop
Seat 2: 342ad48b (big blind) folded before Flop
Seat 3: 13ef94c1 won ($0.48)
Seat 4: b113ce30 folded before Flop (didn't bet)
Seat 5: 51a24beb folded on the Flop
Seat 6: Hero (button) folded before Flop (didn't bet)


Poker Hand #HD1724759213: Hold'em No Limit ($0.02/$0.05) - 2024/04/10 21:54:01
Table 'NLHBlue23' 6-max Seat #5 is the button
Seat 1: 9f718b76 ($1.07 in chips)
Seat 2: 342ad48b ($5 in chips)
Seat 3: 13ef94c1 ($9.24 in chips)
Seat 4: b113ce30 ($10.28 in chips)
Seat 5: 51a24beb ($5.36 in chips)
Seat 6: Hero ($11.22 in chips)
Hero: posts small blind $0.02
9f718b76: posts big blind $0.05
*** HOLE CARDS ***
Dealt to 9f718b76 
Dealt to 342ad48b 
Dealt to 13ef94c1 
Dealt to b113ce30 
Dealt to 51a24beb 
Dealt to Hero [4d 8s]
342ad48b: raises $0.07 to $0.12
13ef94c1: folds
b113ce30: folds
51a24beb: folds
Hero: folds
9f718b76: calls $0.07
*** FLOP *** [Jh Kd 9d]
9f718b76: bets $0.05
342ad48b: raises $0.29 to $0.34
9f718b76: folds
Uncalled bet ($0.29) returned to 342ad48b
*** SHOWDOWN ***
342ad48b collected $0.35 from pot
*** SUMMARY ***
Total pot $0.36 | Rake $0.01 | Jackpot $0 | Bingo $0 | Fortune $0 | Tax $0
Board [Jh Kd 9d]
Seat 1: 9f718b76 (big blind) folded on the Flop
Seat 2: 342ad48b won ($0.35)
Seat 3: 13ef94c1 folded before Flop (didn't bet)
Seat 4: b113ce30 folded before Flop (didn't bet)
Seat 5: 51a24beb (button) folded before Flop (didn't bet)
Seat 6: Hero (small blind) folded before Flop


Poker Hand #HD1724759008: Hold'em No Limit ($0.02/$0.05) - 2024/04/10 21:52:22
Table 'NLHBlue23' 6-max Seat #4 is the button
Seat 1: 9f718b76 ($1.07 in chips)
Seat 2: 342ad48b ($5 in chips)
Seat 3: 13ef94c1 ($9.24 in chips)
Seat 4: b113ce30 ($10.41 in chips)
Seat 5: 51a24beb ($5 in chips)
Seat 6: Hero ($11.48 in chips)
51a24beb: posts small blind $0.02
Hero: posts big blind $0.05
*** HOLE CARDS ***
Dealt to 9f718b76 
Dealt to 342ad48b 
Dealt to 13ef94c1 
Dealt to b113ce30 
Dealt to 51a24beb 
Dealt to Hero [6s Ad]
9f718b76: folds
342ad48b: folds
13ef94c1: folds
b113ce30: raises $0.08 to $0.13
51a24beb: calls $0.11
Hero: calls $0.08
*** FLOP *** [2h 7d 5d]
51a24beb: checks
Hero: checks
b113ce30: checks
*** TURN *** [2h 7d 5d] [Td]
51a24beb: bets $0.13
Hero: calls $0.13
b113ce30: folds
*** RIVER *** [2h 7d 5d Td] [2s]
51a24beb: checks
Hero: checks
51a24beb: shows [Ts Qs] (Pair of Tens and Pair of Twos)
Hero: shows [6s Ad] (Pair of Twos)
*** SHOWDOWN ***
51a24beb collected $0.62 from pot
*** SUMMARY ***
Total pot $0.65 | Rake $0.03 | Jackpot $0 | Bingo $0 | Fortune $0 | Tax $0
Board [2h 7d 5d Td 2s]
Seat 1: 9f718b76 folded before Flop (didn't bet)
Seat 2: 342ad48b folded before Flop (didn't bet)
Seat 3: 13ef94c1 folded before Flop (didn't bet)
Seat 4: b113ce30 (button) folded on the Turn
Seat 5: 51a24beb (small blind) showed [Ts Qs] and won ($0.62) with Pair of Tens and Pair of Twos
Seat 6: Hero (big blind) showed [6s Ad] and lost with Pair of Twos


Poker Hand #HD1724758900: Hold'em No Limit ($0.02/$0.05) - 2024/04/10 21:51:35
Table 'NLHBlue23' 6-max Seat #3 is the button
Seat 1: 9f718b76 ($1.07 in chips)
Seat 2: 342ad48b ($5 in chips)
Seat 3: 13ef94c1 ($9.24 in chips)
Seat 4: b113ce30 ($9.87 in chips)
Seat 5: 51a24beb ($5 in chips)
Seat 6: Hero ($11.48 in chips)
b113ce30: posts small blind $0.02
51a24beb: posts big blind $0.05
*** HOLE CARDS ***
Dealt to 9f718b76 
Dealt to 342ad48b 
Dealt to 13ef94c1 
Dealt to b113ce30 
Dealt to 51a24beb 
Dealt to Hero [Js 2c]
Hero: folds
9f718b76: folds
342ad48b: folds
13ef94c1: folds
b113ce30: raises $0.1 to $0.15
51a24beb: raises $0.45 to $0.6
b113ce30: raises $9.27 to $9.87 and is all-in
51a24beb: folds
Uncalled bet ($9.27) returned to b113ce30
*** SHOWDOWN ***
b113ce30 collected $1.14 from pot
*** SUMMARY ***
Total pot $1.2 | Rake $0.06 | Jackpot $0 | Bingo $0 | Fortune $0 | Tax $0
Seat 1: 9f718b76 folded before Flop (didn't bet)
Seat 2: 342ad48b folded before Flop (didn't bet)
Seat 3: 13ef94c1 (button) folded before Flop (didn't bet)
Seat 4: b113ce30 (small blind) collected ($1.14)
Seat 5: 51a24beb (big blind) folded before Flop
Seat 6: Hero folded before Flop (didn't bet)


Poker Hand #HD1724758719: Hold'em No Limit ($0.02/$0.05) - 2024/04/10 21:50:07
Table 'NLHBlue23' 6-max Seat #2 is the button
Seat 1: 9f718b76 ($1.07 in chips)
Seat 2: 342ad48b ($6.44 in chips)
Seat 3: 13ef94c1 ($9.26 in chips)
Seat 4: b113ce30 ($5.2 in chips)
Seat 5: 51a24beb ($5 in chips)
Seat 6: Hero ($11.48 in chips)
13ef94c1: posts small blind $0.02
b113ce30: posts big blind $0.05
*** HOLE CARDS ***
Dealt to 9f718b76 
Dealt to 342ad48b 
Dealt to 13ef94c1 
Dealt to b113ce30 
Dealt to 51a24beb 
Dealt to Hero [Jh 7s]
51a24beb: folds
Hero: folds
9f718b76: folds
342ad48b: raises $0.1 to $0.15
13ef94c1: folds
b113ce30: raises $0.41 to $0.56
342ad48b: calls $0.41
*** FLOP *** [4s 5h 4d]
b113ce30: bets $0.42
342ad48b: calls $0.42
*** TURN *** [4s 5h 4d] [Tc]
b113ce30: bets $1.59
342ad48b: raises $3.87 to $5.46 and is all-in
b113ce30: calls $2.63 and is all-in
Uncalled bet ($1.24) returned to 342ad48b
342ad48b: shows [Qc Qh] (Pair of Queens and Pair of Fours)
b113ce30: shows [Kc Kh] (Pair of Kings and Pair of Fours)
*** RIVER *** [4s 5h 4d Tc] [As]
*** SHOWDOWN ***
b113ce30 collected $9.87 from pot
*** SUMMARY ***
Total pot $10.42 | Rake $0.5 | Jackpot $0.05 | Bingo $0 | Fortune $0 | Tax $0
Board [4s 5h 4d Tc As]
Seat 1: 9f718b76 folded before Flop (didn't bet)
Seat 2: 342ad48b (button) showed [Qc Qh] and lost with Pair of Queens and Pair of Fours
Seat 3: 13ef94c1 (small blind) folded before Flop
Seat 4: b113ce30 (big blind) showed [Kc Kh] and won ($9.87) with Pair of Kings and Pair of Fours
Seat 5: 51a24beb folded before Flop (didn't bet)
Seat 6: Hero folded before Flop (didn't bet)


Poker Hand #HD1724758695: Hold'em No Limit ($0.02/$0.05) - 2024/04/10 21:49:55
Table 'NLHBlue23' 6-max Seat #1 is the button
Seat 1: 9f718b76 ($1.07 in chips)
Seat 2: 342ad48b ($6.46 in chips)
Seat 3: 13ef94c1 ($9.24 in chips)
Seat 4: b113ce30 ($5.2 in chips)
Seat 5: 51a24beb ($5 in chips)
Seat 6: Hero ($11.48 in chips)
342ad48b: posts small blind $0.02
13ef94c1: posts big blind $0.05
*** HOLE CARDS ***
Dealt to 9f718b76 
Dealt to 342ad48b 
Dealt to 13ef94c1 
Dealt to b113ce30 
Dealt to 51a24beb 
Dealt to Hero [5h 4h]
b113ce30: folds
51a24beb: folds
Hero: folds
9f718b76: folds
342ad48b: folds
Uncalled bet ($0.03) returned to 13ef94c1
*** SHOWDOWN ***
13ef94c1 collected $0.04 from pot
*** SUMMARY ***
Total pot $0.04 | Rake $0 | Jackpot $0 | Bingo $0 | Fortune $0 | Tax $0
Seat 1: 9f718b76 (button) folded before Flop (didn't bet)
Seat 2: 342ad48b (small blind) folded before Flop
Seat 3: 13ef94c1 (big blind) collected ($0.04)
Seat 4: b113ce30 folded before Flop (didn't bet)
Seat 5: 51a24beb folded before Flop (didn't bet)
Seat 6: Hero folded before Flop (didn't bet)


Poker Hand #HD1724758656: Hold'em No Limit ($0.02/$0.05) - 2024/04/10 21:49:43
Table 'NLHBlue23' 6-max Seat #6 is the button
Seat 1: 9f718b76 ($1.09 in chips)
Seat 2: 342ad48b ($6.44 in chips)
Seat 3: 13ef94c1 ($9.24 in chips)
Seat 4: b113ce30 ($5.2 in chips)
Seat 5: 51a24beb ($5 in chips)
Seat 6: Hero ($11.48 in chips)
9f718b76: posts small blind $0.02
342ad48b: posts big blind $0.05
*** HOLE CARDS ***
Dealt to 9f718b76 
Dealt to 342ad48b 
Dealt to 13ef94c1 
Dealt to b113ce30 
Dealt to 51a24beb 
Dealt to Hero [Qc 3s]
13ef94c1: folds
b113ce30: folds
51a24beb: folds
Hero: folds
9f718b76: folds
Uncalled bet ($0.03) returned to 342ad48b
*** SHOWDOWN ***
342ad48b collected $0.04 from pot
*** SUMMARY ***
Total pot $0.04 | Rake $0 | Jackpot $0 | Bingo $0 | Fortune $0 | Tax $0
Seat 1: 9f718b76 (small blind) folded before Flop
Seat 2: 342ad48b (big blind) collected ($0.04)
Seat 3: 13ef94c1 folded before Flop (didn't bet)
Seat 4: b113ce30 folded before Flop (didn't bet)
Seat 5: 51a24beb folded before Flop (didn't bet)
Seat 6: Hero (button) folded before Flop (didn't bet)


Poker Hand #HD1724758624: Hold'em No Limit ($0.02/$0.05) - 2024/04/10 21:49:27
Table 'NLHBlue23' 6-max Seat #5 is the button
Seat 1: 9f718b76 ($1.07 in chips)
Seat 2: 342ad48b ($6.44 in chips)
Seat 3: 13ef94c1 ($9.24 in chips)
Seat 4: b113ce30 ($5.2 in chips)
Seat 5: 51a24beb ($5 in chips)
Seat 6: Hero ($11.5 in chips)
Hero: posts small blind $0.02
9f718b76: posts big blind $0.05
*** HOLE CARDS ***
Dealt to 9f718b76 
Dealt to 342ad48b 
Dealt to 13ef94c1 
Dealt to b113ce30 
Dealt to 51a24beb 
Dealt to Hero [6d 7c]
342ad48b: folds
13ef94c1: folds
b113ce30: folds
51a24beb: folds
Hero: folds
Uncalled bet ($0.03) returned to 9f718b76
*** SHOWDOWN ***
9f718b76 collected $0.04 from pot
*** SUMMARY ***
Total pot $0.04 | Rake $0 | Jackpot $0 | Bingo $0 | Fortune $0 | Tax $0
Seat 1: 9f718b76 (big blind) collected ($0.04)
Seat 2: 342ad48b folded before Flop (didn't bet)
Seat 3: 13ef94c1 folded before Flop (didn't bet)
Seat 4: b113ce30 folded before Flop (didn't bet)
Seat 5: 51a24beb (button) folded before Flop (didn't bet)
Seat 6: Hero (small blind) folded before Flop


Poker Hand #HD1724758549: Hold'em No Limit ($0.02/$0.05) - 2024/04/10 21:48:53
Table 'NLHBlue23' 6-max Seat #4 is the button
Seat 1: 9f718b76 ($1.07 in chips)
Seat 2: 342ad48b ($6.44 in chips)
Seat 3: 13ef94c1 ($9.24 in chips)
Seat 4: b113ce30 ($5.2 in chips)
Seat 5: 51a24beb ($5 in chips)
Seat 6: Hero ($11.48 in chips)
51a24beb: posts small blind $0.02
Hero: posts big blind $0.05
*** HOLE CARDS ***
Dealt to 9f718b76 
Dealt to 342ad48b 
Dealt to 13ef94c1 
Dealt to b113ce30 
Dealt to 51a24beb 
Dealt to Hero [Jh Td]
9f718b76: folds
342ad48b: folds
13ef94c1: folds
b113ce30: folds
51a24beb: folds
Uncalled bet ($0.03) returned to Hero
*** SHOWDOWN ***
Hero collected $0.04 from pot
*** SUMMARY ***
Total pot $0.04 | Rake $0 | Jackpot $0 | Bingo $0 | Fortune $0 | Tax $0
Seat 1: 9f718b76 folded before Flop (didn't bet)
Seat 2: 342ad48b folded before Flop (didn't bet)
Seat 3: 13ef94c1 folded before Flop (didn't bet)
Seat 4: b113ce30 (button) folded before Flop (didn't bet)
Seat 5: 51a24beb (small blind) folded before Flop
Seat 6: Hero (big blind) collected ($0.04)


Poker Hand #HD1724758369: Hold'em No Limit ($0.02/$0.05) - 2024/04/10 21:47:31
Table 'NLHBlue23' 6-max Seat #3 is the button
Seat 1: 9f718b76 ($1.07 in chips)
Seat 2: 342ad48b ($6.44 in chips)
Seat 3: 13ef94c1 ($9.24 in chips)
Seat 4: b113ce30 ($5 in chips)
Seat 5: 51a24beb ($5 in chips)
Seat 6: Hero ($11.65 in chips)
b113ce30: posts small blind $0.02
51a24beb: posts big blind $0.05
*** HOLE CARDS ***
Dealt to 9f718b76 
Dealt to 342ad48b 
Dealt to 13ef94c1 
Dealt to b113ce30 
Dealt to 51a24beb 
Dealt to Hero [Qc Ah]
Hero: raises $0.05 to $0.1
9f718b76: folds
342ad48b: folds
13ef94c1: folds
b113ce30: calls $0.08
51a24beb: folds
*** FLOP *** [Ks 2s 3c]
b113ce30: checks
Hero: checks
*** TURN *** [Ks 2s 3c] [3s]
b113ce30: bets $0.07
Hero: calls $0.07
*** RIVER *** [Ks 2s 3c 3s] [8h]
b113ce30: checks
Hero: checks
b113ce30: shows [Kh Qs] (Pair of Kings and Pair of Treys)
Hero: shows [Qc Ah] (Pair of Treys)
*** SHOWDOWN ***
b113ce30 collected $0.37 from pot
*** SUMMARY ***
Total pot $0.39 | Rake $0.02 | Jackpot $0 | Bingo $0 | Fortune $0 | Tax $0
Board [Ks 2s 3c 3s 8h]
Seat 1: 9f718b76 folded before Flop (didn't bet)
Seat 2: 342ad48b folded before Flop (didn't bet)
Seat 3: 13ef94c1 (button) folded before Flop (didn't bet)
Seat 4: b113ce30 (small blind) showed [Kh Qs] and won ($0.37) with Pair of Kings and Pair of Treys
Seat 5: 51a24beb (big blind) folded before Flop
Seat 6: Hero showed [Qc Ah] and lost with Pair of Treys


Poker Hand #HD1724758271: Hold'em No Limit ($0.02/$0.05) - 2024/04/10 21:46:46
Table 'NLHBlue23' 6-max Seat #2 is the button
Seat 1: 9f718b76 ($1 in chips)
Seat 2: 342ad48b ($6.44 in chips)
Seat 3: 13ef94c1 ($9.26 in chips)
Seat 4: b113ce30 ($5 in chips)
Seat 5: 51a24beb ($5 in chips)
Seat 6: Hero ($11.65 in chips)
13ef94c1: posts small blind $0.02
b113ce30: posts big blind $0.05
9f718b76: posts big blind $0.05
*** HOLE CARDS ***
Dealt to 9f718b76 
Dealt to 342ad48b 
Dealt to 13ef94c1 
Dealt to b113ce30 
Dealt to 51a24beb 
Dealt to Hero [2d Tc]
51a24beb: folds
Hero: folds
9f718b76: checks
342ad48b: folds
13ef94c1: folds
b113ce30: checks
*** FLOP *** [6h Kd 4c]
b113ce30: checks
9f718b76: bets $0.05
b113ce30: folds
Uncalled bet ($0.05) returned to 9f718b76
*** SHOWDOWN ***
9f718b76 collected $0.12 from pot
*** SUMMARY ***
Total pot $0.12 | Rake $0 | Jackpot $0 | Bingo $0 | Fortune $0 | Tax $0
Board [6h Kd 4c]
Seat 1: 9f718b76 won ($0.12)
Seat 2: 342ad48b (button) folded before Flop (didn't bet)
Seat 3: 13ef94c1 (small blind) folded before Flop
Seat 4: b113ce30 (big blind) folded on the Flop
Seat 5: 51a24beb folded before Flop (didn't bet)
Seat 6: Hero folded before Flop (didn't bet)


Poker Hand #HD1724758242: Hold'em No Limit ($0.02/$0.05) - 2024/04/10 21:46:35
Table 'NLHBlue23' 6-max Seat #6 is the button
Seat 2: 342ad48b ($6.46 in chips)
Seat 3: 13ef94c1 ($9.24 in chips)
Seat 4: b113ce30 ($5 in chips)
Seat 5: 51a24beb ($5 in chips)
Seat 6: Hero ($11.65 in chips)
342ad48b: posts small blind $0.02
13ef94c1: posts big blind $0.05
*** HOLE CARDS ***
Dealt to 342ad48b 
Dealt to 13ef94c1 
Dealt to b113ce30 
Dealt to 51a24beb 
Dealt to Hero [9c 3d]
b113ce30: folds
51a24beb: folds
Hero: folds
342ad48b: folds
Uncalled bet ($0.03) returned to 13ef94c1
*** SHOWDOWN ***
13ef94c1 collected $0.04 from pot
*** SUMMARY ***
Total pot $0.04 | Rake $0 | Jackpot $0 | Bingo $0 | Fortune $0 | Tax $0
Seat 2: 342ad48b (small blind) folded before Flop
Seat 3: 13ef94c1 (big blind) collected ($0.04)
Seat 4: b113ce30 folded before Flop (didn't bet)
Seat 5: 51a24beb folded before Flop (didn't bet)
Seat 6: Hero (button) folded before Flop (didn't bet)


Poker Hand #HD1724757943: Hold'em No Limit ($0.02/$0.05) - 2024/04/10 21:44:22
Table 'NLHBlue23' 6-max Seat #5 is the button
Seat 1: 8ac0f528 ($2.68 in chips)
Seat 2: 342ad48b ($6.46 in chips)
Seat 3: 13ef94c1 ($9.24 in chips)
Seat 4: b113ce30 ($5 in chips)
Seat 5: 51a24beb ($5.04 in chips)
Seat 6: Hero ($10.81 in chips)
Hero: posts small blind $0.02
8ac0f528: posts big blind $0.05
*** HOLE CARDS ***
Dealt to 8ac0f528 
Dealt to 342ad48b 
Dealt to 13ef94c1 
Dealt to b113ce30 
Dealt to 51a24beb 
Dealt to Hero [Kd Kc]
342ad48b: folds
13ef94c1: folds
b113ce30: folds
51a24beb: raises $0.1 to $0.15
Hero: raises $0.4 to $0.55
8ac0f528: folds
51a24beb: calls $0.4
*** FLOP *** [5h 5s Ks]
Hero: checks
51a24beb: bets $0.38
Hero: calls $0.38
*** TURN *** [5h 5s Ks] [8c]
Hero: checks
51a24beb: checks
*** RIVER *** [5h 5s Ks 8c] [Qd]
Hero: bets $1.35
51a24beb: folds
Uncalled bet ($1.35) returned to Hero
*** SHOWDOWN ***
Hero collected $1.77 from pot
*** SUMMARY ***
Total pot $1.91 | Rake $0.09 | Jackpot $0.05 | Bingo $0 | Fortune $0 | Tax $0
Board [5h 5s Ks 8c Qd]
Seat 1: 8ac0f528 (big blind) folded before Flop
Seat 2: 342ad48b folded before Flop (didn't bet)
Seat 3: 13ef94c1 folded before Flop (didn't bet)
Seat 4: b113ce30 folded before Flop (didn't bet)
Seat 5: 51a24beb (button) folded on the River
Seat 6: Hero (small blind) won ($1.77)


Poker Hand #HD1724757854: Hold'em No Limit ($0.02/$0.05) - 2024/04/10 21:43:37
Table 'NLHBlue23' 6-max Seat #4 is the button
Seat 1: 8ac0f528 ($2.67 in chips)
Seat 2: 342ad48b ($6.46 in chips)
Seat 3: 13ef94c1 ($9.24 in chips)
Seat 4: b113ce30 ($5 in chips)
Seat 5: 51a24beb ($5.02 in chips)
Seat 6: Hero ($10.86 in chips)
51a24beb: posts small blind $0.02
Hero: posts big blind $0.05
*** HOLE CARDS ***
Dealt to 8ac0f528 
Dealt to 342ad48b 
Dealt to 13ef94c1 
Dealt to b113ce30 
Dealt to 51a24beb 
Dealt to Hero [Js 4s]
8ac0f528: raises $0.12 to $0.17
342ad48b: folds
13ef94c1: folds
b113ce30: folds
51a24beb: calls $0.15
Hero: folds
*** FLOP *** [Ah 6d 9d]
51a24beb: checks
8ac0f528: checks
*** TURN *** [Ah 6d 9d] [6c]
51a24beb: checks
8ac0f528: checks
*** RIVER *** [Ah 6d 9d 6c] [9c]
51a24beb: checks
8ac0f528: checks
51a24beb: shows [Jd Kh] (Pair of Nines and Pair of Sixes)
8ac0f528: shows [Jc Qd] (Pair of Nines and Pair of Sixes)
*** SHOWDOWN ***
51a24beb collected $0.19 from pot
8ac0f528 collected $0.18 from pot
*** SUMMARY ***
Total pot $0.39 | Rake $0.02 | Jackpot $0 | Bingo $0 | Fortune $0 | Tax $0
Board [Ah 6d 9d 6c 9c]
Seat 1: 8ac0f528 showed [Jc Qd] and won ($0.18) with Pair of Nines and Pair of Sixes
Seat 2: 342ad48b folded before Flop (didn't bet)
Seat 3: 13ef94c1 folded before Flop (didn't bet)
Seat 4: b113ce30 (button) folded before Flop (didn't bet)
Seat 5: 51a24beb (small blind) showed [Jd Kh] and won ($0.19) with Pair of Nines and Pair of Sixes
Seat 6: Hero (big blind) folded before Flop


Poker Hand #HD1724757817: Hold'em No Limit ($0.02/$0.05) - 2024/04/10 21:43:23
Table 'NLHBlue23' 6-max Seat #3 is the button
Seat 1: 8ac0f528 ($2.67 in chips)
Seat 2: 342ad48b ($6.46 in chips)
Seat 3: 13ef94c1 ($9.24 in chips)
Seat 4: b113ce30 ($5 in chips)
Seat 5: 51a24beb ($5 in chips)
Seat 6: Hero ($10.86 in chips)
b113ce30: posts small blind $0.02
51a24beb: posts big blind $0.05
*** HOLE CARDS ***
Dealt to 8ac0f528 
Dealt to 342ad48b 
Dealt to 13ef94c1 
Dealt to b113ce30 
Dealt to 51a24beb 
Dealt to Hero [6s 3d]
Hero: folds
8ac0f528: folds
342ad48b: folds
13ef94c1: folds
b113ce30: folds
Uncalled bet ($0.03) returned to 51a24beb
*** SHOWDOWN ***
51a24beb collected $0.04 from pot
*** SUMMARY ***
Total pot $0.04 | Rake $0 | Jackpot $0 | Bingo $0 | Fortune $0 | Tax $0
Seat 1: 8ac0f528 folded before Flop (didn't bet)
Seat 2: 342ad48b folded before Flop (didn't bet)
Seat 3: 13ef94c1 (button) folded before Flop (didn't bet)
Seat 4: b113ce30 (small blind) folded before Flop
Seat 5: 51a24beb (big blind) collected ($0.04)
Seat 6: Hero folded before Flop (didn't bet)


Poker Hand #HD1724757752: Hold'em No Limit ($0.02/$0.05) - 2024/04/10 21:42:55
Table 'NLHBlue23' 6-max Seat #2 is the button
Seat 1: 8ac0f528 ($2.67 in chips)
Seat 2: 342ad48b ($6.46 in chips)
Seat 3: 13ef94c1 ($9.19 in chips)
Seat 4: b113ce30 ($5 in chips)
Seat 6: Hero ($10.86 in chips)
13ef94c1: posts small blind $0.02
b113ce30: posts big blind $0.05
*** HOLE CARDS ***
Dealt to 8ac0f528 
Dealt to 342ad48b 
Dealt to 13ef94c1 
Dealt to b113ce30 
Dealt to Hero [6s 9h]
Hero: folds
8ac0f528: folds
342ad48b: folds
13ef94c1: raises $0.1 to $0.15
b113ce30: folds
Uncalled bet ($0.1) returned to 13ef94c1
*** SHOWDOWN ***
13ef94c1 collected $0.1 from pot
*** SUMMARY ***
Total pot $0.1 | Rake $0 | Jackpot $0 | Bingo $0 | Fortune $0 | Tax $0
Seat 1: 8ac0f528 folded before Flop (didn't bet)
Seat 2: 342ad48b (button) folded before Flop (didn't bet)
Seat 3: 13ef94c1 (small blind) collected ($0.1)
Seat 4: b113ce30 (big blind) folded before Flop
Seat 6: Hero folded before Flop (didn't bet)


Poker Hand #HD1724757614: Hold'em No Limit ($0.02/$0.05) - 2024/04/10 21:41:51
Table 'NLHBlue23' 6-max Seat #1 is the button
Seat 1: 8ac0f528 ($2.8 in chips)
Seat 2: 342ad48b ($6.09 in chips)
Seat 3: 13ef94c1 ($9.32 in chips)
Seat 4: b113ce30 ($5 in chips)
Seat 6: Hero ($10.99 in chips)
342ad48b: posts small blind $0.02
13ef94c1: posts big blind $0.05
*** HOLE CARDS ***
Dealt to 8ac0f528 
Dealt to 342ad48b 
Dealt to 13ef94c1 
Dealt to b113ce30 
Dealt to Hero [Kd Jh]
b113ce30: folds
Hero: raises $0.08 to $0.13
8ac0f528: calls $0.13
342ad48b: calls $0.11
13ef94c1: calls $0.08
*** FLOP *** [6d Td 4s]
342ad48b: checks
13ef94c1: checks
Hero: checks
8ac0f528: checks
*** TURN *** [6d Td 4s] [Th]
342ad48b: bets $0.42
13ef94c1: folds
Hero: folds
8ac0f528: folds
Uncalled bet ($0.42) returned to 342ad48b
*** SHOWDOWN ***
342ad48b collected $0.5 from pot
*** SUMMARY ***
Total pot $0.52 | Rake $0.02 | Jackpot $0 | Bingo $0 | Fortune $0 | Tax $0
Board [6d Td 4s Th]
Seat 1: 8ac0f528 (button) folded on the Turn
Seat 2: 342ad48b (small blind) won ($0.5)
Seat 3: 13ef94c1 (big blind) folded on the Turn
Seat 4: b113ce30 folded before Flop (didn't bet)
Seat 6: Hero folded on the Turn


Poker Hand #HD1724757534: Hold'em No Limit ($0.02/$0.05) - 2024/04/10 21:41:17
Table 'NLHBlue23' 6-max Seat #6 is the button
Seat 1: 8ac0f528 ($2.56 in chips)
Seat 2: 342ad48b ($6.22 in chips)
Seat 3: 13ef94c1 ($9.32 in chips)
Seat 4: b113ce30 ($5 in chips)
Seat 6: Hero ($11.12 in chips)
8ac0f528: posts small blind $0.02
342ad48b: posts big blind $0.05
*** HOLE CARDS ***
Dealt to 8ac0f528 
Dealt to 342ad48b 
Dealt to 13ef94c1 
Dealt to b113ce30 
Dealt to Hero [6c 6s]
13ef94c1: folds
b113ce30: folds
Hero: raises $0.08 to $0.13
8ac0f528: calls $0.11
342ad48b: calls $0.08
*** FLOP *** [As 5c 7d]
8ac0f528: checks
342ad48b: checks
Hero: checks
*** TURN *** [As 5c 7d] [Qc]
8ac0f528: bets $0.13
342ad48b: folds
Hero: folds
Uncalled bet ($0.13) returned to 8ac0f528
*** SHOWDOWN ***
8ac0f528 collected $0.37 from pot
*** SUMMARY ***
Total pot $0.39 | Rake $0.02 | Jackpot $0 | Bingo $0 | Fortune $0 | Tax $0
Board [As 5c 7d Qc]
Seat 1: 8ac0f528 (small blind) won ($0.37)
Seat 2: 342ad48b (big blind) folded on the Turn
Seat 3: 13ef94c1 folded before Flop (didn't bet)
Seat 4: b113ce30 folded before Flop (didn't bet)
Seat 6: Hero (button) folded on the Turn


Poker Hand #HD1724757426: Hold'em No Limit ($0.02/$0.05) - 2024/04/10 21:40:28
Table 'NLHBlue23' 6-max Seat #4 is the button
Seat 1: 8ac0f528 ($2.31 in chips)
Seat 2: 342ad48b ($6.22 in chips)
Seat 3: 13ef94c1 ($9.32 in chips)
Seat 4: b113ce30 ($5.07 in chips)
Seat 6: Hero ($11.14 in chips)
Hero: posts small blind $0.02
8ac0f528: posts big blind $0.05
*** HOLE CARDS ***
Dealt to 8ac0f528 
Dealt to 342ad48b 
Dealt to 13ef94c1 
Dealt to b113ce30 
Dealt to Hero [6h 4d]
342ad48b: folds
13ef94c1: folds
b113ce30: raises $0.08 to $0.13
Hero: folds
8ac0f528: calls $0.08
*** FLOP *** [Kh 5h 9c]
8ac0f528: checks
b113ce30: bets $0.12
8ac0f528: calls $0.12
*** TURN *** [Kh 5h 9c] [8d]
8ac0f528: checks
b113ce30: checks
*** RIVER *** [Kh 5h 9c 8d] [Jh]
8ac0f528: bets $0.39
b113ce30: folds
Uncalled bet ($0.39) returned to 8ac0f528
8ac0f528: shows [5s] (Pair of Fives)
*** SHOWDOWN ***
8ac0f528 collected $0.5 from pot
*** SUMMARY ***
Total pot $0.52 | Rake $0.02 | Jackpot $0 | Bingo $0 | Fortune $0 | Tax $0
Board [Kh 5h 9c 8d Jh]
Seat 1: 8ac0f528 (big blind) showed [5s] and won ($0.5)
Seat 2: 342ad48b folded before Flop (didn't bet)
Seat 3: 13ef94c1 folded before Flop (didn't bet)
Seat 4: b113ce30 (button) folded on the River
Seat 6: Hero (small blind) folded before Flop


Poker Hand #HD1724757344: Hold'em No Limit ($0.02/$0.05) - 2024/04/10 21:39:47
Table 'NLHBlue23' 6-max Seat #3 is the button
Seat 1: 8ac0f528 ($2.31 in chips)
Seat 2: 342ad48b ($6.22 in chips)
Seat 3: 13ef94c1 ($9.32 in chips)
Seat 4: b113ce30 ($5.09 in chips)
Seat 5: ffc32771 ($5.95 in chips)
Seat 6: Hero ($11.14 in chips)
b113ce30: posts small blind $0.02
ffc32771: posts big blind $0.05
*** HOLE CARDS ***
Dealt to 8ac0f528 
Dealt to 342ad48b 
Dealt to 13ef94c1 
Dealt to b113ce30 
Dealt to ffc32771 
Dealt to Hero [3c 3h]
Hero: folds
8ac0f528: folds
342ad48b: folds
13ef94c1: folds
b113ce30: folds
Uncalled bet ($0.03) returned to ffc32771
*** SHOWDOWN ***
ffc32771 collected $0.04 from pot
*** SUMMARY ***
Total pot $0.04 | Rake $0 | Jackpot $0 | Bingo $0 | Fortune $0 | Tax $0
Seat 1: 8ac0f528 folded before Flop (didn't bet)
Seat 2: 342ad48b folded before Flop (didn't bet)
Seat 3: 13ef94c1 (button) folded before Flop (didn't bet)
Seat 4: b113ce30 (small blind) folded before Flop
Seat 5: ffc32771 (big blind) collected ($0.04)
Seat 6: Hero folded before Flop (didn't bet)


Poker Hand #HD1724757270: Hold'em No Limit ($0.02/$0.05) - 2024/04/10 21:39:12
Table 'NLHBlue23' 6-max Seat #2 is the button
Seat 1: 8ac0f528 ($2.06 in chips)
Seat 2: 342ad48b ($6.42 in chips)
Seat 3: 13ef94c1 ($9.34 in chips)
Seat 4: b113ce30 ($5.14 in chips)
Seat 5: ffc32771 ($5.95 in chips)
Seat 6: Hero ($11.14 in chips)
13ef94c1: posts small blind $0.02
b113ce30: posts big blind $0.05
*** HOLE CARDS ***
Dealt to 8ac0f528 
Dealt to 342ad48b 
Dealt to 13ef94c1 
Dealt to b113ce30 
Dealt to ffc32771 
Dealt to Hero [3s Qh]
ffc32771: folds
Hero: folds
8ac0f528: calls $0.05
342ad48b: raises $0.15 to $0.2
13ef94c1: folds
b113ce30: folds
8ac0f528: calls $0.15
*** FLOP *** [As 9d 4h]
8ac0f528: bets $0.16
342ad48b: folds
Uncalled bet ($0.16) returned to 8ac0f528
*** SHOWDOWN ***
8ac0f528 collected $0.45 from pot
*** SUMMARY ***
Total pot $0.47 | Rake $0.02 | Jackpot $0 | Bingo $0 | Fortune $0 | Tax $0
Board [As 9d 4h]
Seat 1: 8ac0f528 won ($0.45)
Seat 2: 342ad48b (button) folded on the Flop
Seat 3: 13ef94c1 (small blind) folded before Flop
Seat 4: b113ce30 (big blind) folded before Flop
Seat 5: ffc32771 folded before Flop (didn't bet)
Seat 6: Hero folded before Flop (didn't bet)


Poker Hand #HD1724757076: Hold'em No Limit ($0.02/$0.05) - 2024/04/10 21:37:48
Table 'NLHBlue23' 6-max Seat #1 is the button
Seat 1: 8ac0f528 ($1.03 in chips)
Seat 2: 342ad48b ($6.44 in chips)
Seat 3: 13ef94c1 ($10.37 in chips)
Seat 4: b113ce30 ($5.14 in chips)
Seat 5: ffc32771 ($5.95 in chips)
Seat 6: Hero ($11.27 in chips)
342ad48b: posts small blind $0.02
13ef94c1: posts big blind $0.05
*** HOLE CARDS ***
Dealt to 8ac0f528 
Dealt to 342ad48b 
Dealt to 13ef94c1 
Dealt to b113ce30 
Dealt to ffc32771 
Dealt to Hero [Th Kd]
b113ce30: folds
ffc32771: folds
Hero: raises $0.08 to $0.13
8ac0f528: calls $0.13
342ad48b: folds
13ef94c1: raises $0.62 to $0.75
Hero: folds
8ac0f528: calls $0.62
*** FLOP *** [Qd 9h Td]
13ef94c1: bets $0.55
8ac0f528: calls $0.28 and is all-in
Uncalled bet ($0.27) returned to 13ef94c1
13ef94c1: shows [Kh As] (Ace-High)
8ac0f528: shows [Js Tc] (Pair of Tens)
*** FIRST TURN *** [Qd 9h Td] [2s]
*** FIRST RIVER *** [Qd 9h Td 2s] [9c]
*** SECOND TURN *** [Qd 9h Td] [6s]
*** SECOND RIVER *** [Qd 9h Td 6s] [6h]
*** FIRST SHOWDOWN ***
8ac0f528 collected $1.03 from pot
*** SECOND SHOWDOWN ***
8ac0f528 collected $1.03 from pot
*** SUMMARY ***
Total pot $2.21 | Rake $0.1 | Jackpot $0.05 | Bingo $0 | Fortune $0 | Tax $0
Hand was run two times
FIRST Board [Qd 9h Td 2s 9c]
SECOND Board [6s 6h]
Seat 1: 8ac0f528 (button) showed [Js Tc] and won ($1.03) with Pair of Tens and Pair of Nines, and won ($1.03)
Seat 2: 342ad48b (small blind) folded before Flop
Seat 3: 13ef94c1 (big blind) showed [Kh As] and lost with Pair of Nines, and lost
Seat 4: b113ce30 folded before Flop (didn't bet)
Seat 5: ffc32771 folded before Flop (didn't bet)
Seat 6: Hero folded before Flop


Poker Hand #HD1724757007: Hold'em No Limit ($0.02/$0.05) - 2024/04/10 21:37:19
Table 'NLHBlue23' 6-max Seat #6 is the button
Seat 1: 8ac0f528 ($1.05 in chips)
Seat 2: 342ad48b ($6.3 in chips)
Seat 3: 13ef94c1 ($10.37 in chips)
Seat 4: b113ce30 ($5.14 in chips)
Seat 5: ffc32771 ($5.95 in chips)
Seat 6: Hero ($11.4 in chips)
8ac0f528: posts small blind $0.02
342ad48b: posts big blind $0.05
*** HOLE CARDS ***
Dealt to 8ac0f528 
Dealt to 342ad48b 
Dealt to 13ef94c1 
Dealt to b113ce30 
Dealt to ffc32771 
Dealt to Hero [Ad Ts]
13ef94c1: folds
b113ce30: folds
ffc32771: folds
Hero: raises $0.08 to $0.13
8ac0f528: folds
342ad48b: raises $0.32 to $0.45
Hero: folds
Uncalled bet ($0.32) returned to 342ad48b
*** SHOWDOWN ***
342ad48b collected $0.27 from pot
*** SUMMARY ***
Total pot $0.28 | Rake $0.01 | Jackpot $0 | Bingo $0 | Fortune $0 | Tax $0
Seat 1: 8ac0f528 (small blind) folded before Flop
Seat 2: 342ad48b (big blind) collected ($0.27)
Seat 3: 13ef94c1 folded before Flop (didn't bet)
Seat 4: b113ce30 folded before Flop (didn't bet)
Seat 5: ffc32771 folded before Flop (didn't bet)
Seat 6: Hero (button) folded before Flop


Poker Hand #HD1724756951: Hold'em No Limit ($0.02/$0.05) - 2024/04/10 21:36:49
Table 'NLHBlue23' 6-max Seat #5 is the button
Seat 1: 8ac0f528 ($1.18 in chips)
Seat 2: 342ad48b ($6.3 in chips)
Seat 3: 13ef94c1 ($10.37 in chips)
Seat 4: b113ce30 ($5 in chips)
Seat 5: ffc32771 ($5.95 in chips)
Seat 6: Hero ($11.42 in chips)
Hero: posts small blind $0.02
8ac0f528: posts big blind $0.05
*** HOLE CARDS ***
Dealt to 8ac0f528 
Dealt to 342ad48b 
Dealt to 13ef94c1 
Dealt to b113ce30 
Dealt to ffc32771 
Dealt to Hero [Kc 3c]
342ad48b: folds
13ef94c1: folds
b113ce30: raises $0.08 to $0.13
ffc32771: folds
Hero: folds
8ac0f528: calls $0.08
*** FLOP *** [3s 2c Qh]
8ac0f528: checks
b113ce30: bets $0.1
8ac0f528: folds
Uncalled bet ($0.1) returned to b113ce30
*** SHOWDOWN ***
b113ce30 collected $0.27 from pot
*** SUMMARY ***
Total pot $0.28 | Rake $0.01 | Jackpot $0 | Bingo $0 | Fortune $0 | Tax $0
Board [3s 2c Qh]
Seat 1: 8ac0f528 (big blind) folded on the Flop
Seat 2: 342ad48b folded before Flop (didn't bet)
Seat 3: 13ef94c1 folded before Flop (didn't bet)
Seat 4: b113ce30 won ($0.27)
Seat 5: ffc32771 (button) folded before Flop (didn't bet)
Seat 6: Hero (small blind) folded before Flop


Poker Hand #HD1724756886: Hold'em No Limit ($0.02/$0.05) - 2024/04/10 21:36:18
Table 'NLHBlue23' 6-max Seat #4 is the button
Seat 1: 8ac0f528 ($1.18 in chips)
Seat 2: 342ad48b ($6.3 in chips)
Seat 3: 13ef94c1 ($10.16 in chips)
Seat 4: b113ce30 ($5 in chips)
Seat 5: ffc32771 ($5.97 in chips)
Seat 6: Hero ($11.47 in chips)
ffc32771: posts small blind $0.02
Hero: posts big blind $0.05
*** HOLE CARDS ***
Dealt to 8ac0f528 
Dealt to 342ad48b 
Dealt to 13ef94c1 
Dealt to b113ce30 
Dealt to ffc32771 
Dealt to Hero [Ac 8h]
8ac0f528: folds
342ad48b: folds
13ef94c1: raises $0.1 to $0.15
b113ce30: calls $0.15
ffc32771: folds
Hero: folds
*** FLOP *** [2h 6h 4h]
13ef94c1: bets $0.13
b113ce30: folds
Uncalled bet ($0.13) returned to 13ef94c1
*** SHOWDOWN ***
13ef94c1 collected $0.36 from pot
*** SUMMARY ***
Total pot $0.37 | Rake $0.01 | Jackpot $0 | Bingo $0 | Fortune $0 | Tax $0
Board [2h 6h 4h]
Seat 1: 8ac0f528 folded before Flop (didn't bet)
Seat 2: 342ad48b folded before Flop (didn't bet)
Seat 3: 13ef94c1 won ($0.36)
Seat 4: b113ce30 (button) folded on the Flop
Seat 5: ffc32771 (small blind) folded before Flop
Seat 6: Hero (big blind) folded before Flop


Poker Hand #HD1724756793: Hold'em No Limit ($0.02/$0.05) - 2024/04/10 21:35:30
Table 'NLHBlue23' 6-max Seat #3 is the button
Seat 1: 8ac0f528 ($1.53 in chips)
Seat 2: 342ad48b ($5.8 in chips)
Seat 3: 13ef94c1 ($10.16 in chips)
Seat 4: b113ce30 ($5 in chips)
Seat 5: ffc32771 ($6.14 in chips)
Seat 6: Hero ($11.47 in chips)
b113ce30: posts small blind $0.02
ffc32771: posts big blind $0.05
*** HOLE CARDS ***
Dealt to 8ac0f528 
Dealt to 342ad48b 
Dealt to 13ef94c1 
Dealt to b113ce30 
Dealt to ffc32771 
Dealt to Hero [9s 7h]
Hero: folds
8ac0f528: raises $0.12 to $0.17
342ad48b: calls $0.17
13ef94c1: folds
b113ce30: folds
ffc32771: calls $0.12
*** FLOP *** [4c 9d 8h]
ffc32771: checks
8ac0f528: checks
342ad48b: checks
*** TURN *** [4c 9d 8h] [5h]
ffc32771: checks
8ac0f528: checks
342ad48b: checks
*** RIVER *** [4c 9d 8h 5h] [As]
ffc32771: checks
8ac0f528: bets $0.18
342ad48b: calls $0.18
ffc32771: folds
8ac0f528: shows [Jc Qd] (Ace-High)
342ad48b: shows [Td Ah] (Pair of Aces)
*** SHOWDOWN ***
342ad48b collected $0.85 from pot
*** SUMMARY ***
Total pot $0.89 | Rake $0.04 | Jackpot $0 | Bingo $0 | Fortune $0 | Tax $0
Board [4c 9d 8h 5h As]
Seat 1: 8ac0f528 showed [Jc Qd] and lost with Ace-High
Seat 2: 342ad48b showed [Td Ah] and won ($0.85) with Pair of Aces
Seat 3: 13ef94c1 (button) folded before Flop (didn't bet)
Seat 4: b113ce30 (small blind) folded before Flop
Seat 5: ffc32771 (big blind) folded on the River
Seat 6: Hero folded before Flop (didn't bet)


Poker Hand #HD1724756700: Hold'em No Limit ($0.02/$0.05) - 2024/04/10 21:34:45
Table 'NLHBlue23' 6-max Seat #2 is the button
Seat 1: 8ac0f528 ($2.39 in chips)
Seat 2: 342ad48b ($5 in chips)
Seat 3: 13ef94c1 ($10.18 in chips)
Seat 4: b113ce30 ($5 in chips)
Seat 5: ffc32771 ($6.14 in chips)
Seat 6: Hero ($11.47 in chips)
13ef94c1: posts small blind $0.02
b113ce30: posts big blind $0.05
*** HOLE CARDS ***
Dealt to 8ac0f528 
Dealt to 342ad48b 
Dealt to 13ef94c1 
Dealt to b113ce30 
Dealt to ffc32771 
Dealt to Hero [6d 4s]
ffc32771: folds
Hero: folds
8ac0f528: raises $0.12 to $0.17
342ad48b: raises $0.33 to $0.5
13ef94c1: folds
b113ce30: folds
8ac0f528: calls $0.33
*** FLOP *** [5h 3h 4d]
8ac0f528: bets $0.36
342ad48b: raises $0.82 to $1.18
8ac0f528: folds
Uncalled bet ($0.82) returned to 342ad48b
*** SHOWDOWN ***
342ad48b collected $1.66 from pot
*** SUMMARY ***
Total pot $1.79 | Rake $0.08 | Jackpot $0.05 | Bingo $0 | Fortune $0 | Tax $0
Board [5h 3h 4d]
Seat 1: 8ac0f528 folded on the Flop
Seat 2: 342ad48b (button) won ($1.66)
Seat 3: 13ef94c1 (small blind) folded before Flop
Seat 4: b113ce30 (big blind) folded before Flop
Seat 5: ffc32771 folded before Flop (didn't bet)
Seat 6: Hero folded before Flop (didn't bet)


Poker Hand #HD1724756629: Hold'em No Limit ($0.02/$0.05) - 2024/04/10 21:34:13
Table 'NLHBlue23' 6-max Seat #1 is the button
Seat 1: 8ac0f528 ($2.39 in chips)
Seat 2: 342ad48b ($5 in chips)
Seat 3: 13ef94c1 ($10.04 in chips)
Seat 4: b113ce30 ($5 in chips)
Seat 5: ffc32771 ($6.14 in chips)
Seat 6: Hero ($11.47 in chips)
342ad48b: posts small blind $0.02
13ef94c1: posts big blind $0.05
*** HOLE CARDS ***
Dealt to 8ac0f528 
Dealt to 342ad48b 
Dealt to 13ef94c1 
Dealt to b113ce30 
Dealt to ffc32771 
Dealt to Hero [2h As]
b113ce30: folds
ffc32771: folds
Hero: folds
8ac0f528: folds
342ad48b: raises $0.1 to $0.15
13ef94c1: raises $0.3 to $0.45
342ad48b: folds
Uncalled bet ($0.3) returned to 13ef94c1
*** SHOWDOWN ***
13ef94c1 collected $0.29 from pot
*** SUMMARY ***
Total pot $0.3 | Rake $0.01 | Jackpot $0 | Bingo $0 | Fortune $0 | Tax $0
Seat 1: 8ac0f528 (button) folded before Flop (didn't bet)
Seat 2: 342ad48b (small blind) folded before Flop
Seat 3: 13ef94c1 (big blind) collected ($0.29)
Seat 4: b113ce30 folded before Flop (didn't bet)
Seat 5: ffc32771 folded before Flop (didn't bet)
Seat 6: Hero folded before Flop (didn't bet)


Poker Hand #HD1724756581: Hold'em No Limit ($0.02/$0.05) - 2024/04/10 21:33:48
Table 'NLHBlue23' 6-max Seat #6 is the button
Seat 1: 8ac0f528 ($2.41 in chips)
Seat 2: 342ad48b ($5 in chips)
Seat 3: 13ef94c1 ($9.88 in chips)
Seat 4: b113ce30 ($5 in chips)
Seat 5: ffc32771 ($6.14 in chips)
Seat 6: Hero ($11.47 in chips)
8ac0f528: posts small blind $0.02
342ad48b: posts big blind $0.05
*** HOLE CARDS ***
Dealt to 8ac0f528 
Dealt to 342ad48b 
Dealt to 13ef94c1 
Dealt to b113ce30 
Dealt to ffc32771 
Dealt to Hero [Kh 8s]
13ef94c1: raises $0.1 to $0.15
b113ce30: folds
ffc32771: folds
Hero: folds
8ac0f528: folds
342ad48b: calls $0.1
*** FLOP *** [6s 4s As]
342ad48b: checks
13ef94c1: bets $0.11
342ad48b: folds
Uncalled bet ($0.11) returned to 13ef94c1
*** SHOWDOWN ***
13ef94c1 collected $0.31 from pot
*** SUMMARY ***
Total pot $0.32 | Rake $0.01 | Jackpot $0 | Bingo $0 | Fortune $0 | Tax $0
Board [6s 4s As]
Seat 1: 8ac0f528 (small blind) folded before Flop
Seat 2: 342ad48b (big blind) folded on the Flop
Seat 3: 13ef94c1 won ($0.31)
Seat 4: b113ce30 folded before Flop (didn't bet)
Seat 5: ffc32771 folded before Flop (didn't bet)
Seat 6: Hero (button) folded before Flop (didn't bet)


Poker Hand #HD1724756530: Hold'em No Limit ($0.02/$0.05) - 2024/04/10 21:33:25
Table 'NLHBlue23' 6-max Seat #5 is the button
Seat 1: 8ac0f528 ($2.3 in chips)
Seat 3: 13ef94c1 ($9.88 in chips)
Seat 4: b113ce30 ($5 in chips)
Seat 5: ffc32771 ($6.14 in chips)
Seat 6: Hero ($11.49 in chips)
Hero: posts small blind $0.02
8ac0f528: posts big blind $0.05
*** HOLE CARDS ***
Dealt to 8ac0f528 
Dealt to 13ef94c1 
Dealt to b113ce30 
Dealt to ffc32771 
Dealt to Hero [8s 4d]
13ef94c1: folds
b113ce30: raises $0.05 to $0.1
ffc32771: folds
Hero: folds
8ac0f528: calls $0.05
*** FLOP *** [6s 9h Th]
8ac0f528: checks
b113ce30: checks
*** TURN *** [6s 9h Th] [Kh]
8ac0f528: bets $0.08
b113ce30: folds
Uncalled bet ($0.08) returned to 8ac0f528
*** SHOWDOWN ***
8ac0f528 collected $0.21 from pot
*** SUMMARY ***
Total pot $0.22 | Rake $0.01 | Jackpot $0 | Bingo $0 | Fortune $0 | Tax $0
Board [6s 9h Th Kh]
Seat 1: 8ac0f528 (big blind) won ($0.21)
Seat 3: 13ef94c1 folded before Flop (didn't bet)
Seat 4: b113ce30 folded on the Turn
Seat 5: ffc32771 (button) folded before Flop (didn't bet)
Seat 6: Hero (small blind) folded before Flop


Poker Hand #HD1724756343: Hold'em No Limit ($0.02/$0.05) - 2024/04/10 21:32:02
Table 'NLHBlue23' 6-max Seat #4 is the button
Seat 1: 8ac0f528 ($2.3 in chips)
Seat 3: 13ef94c1 ($8.65 in chips)
Seat 4: b113ce30 ($5 in chips)
Seat 5: ffc32771 ($6.16 in chips)
Seat 6: Hero ($11.54 in chips)
ffc32771: posts small blind $0.02
Hero: posts big blind $0.05
*** HOLE CARDS ***
Dealt to 8ac0f528 
Dealt to 13ef94c1 
Dealt to b113ce30 
Dealt to ffc32771 
Dealt to Hero [8h 2d]
8ac0f528: folds
13ef94c1: raises $0.05 to $0.1
b113ce30: raises $0.22 to $0.32
ffc32771: folds
Hero: folds
13ef94c1: raises $0.33 to $0.65
b113ce30: calls $0.33
*** FLOP *** [Jc 7d Td]
13ef94c1: bets $0.69
b113ce30: calls $0.69
*** TURN *** [Jc 7d Td] [5c]
13ef94c1: bets $1.38
b113ce30: folds
Uncalled bet ($1.38) returned to 13ef94c1
*** SHOWDOWN ***
13ef94c1 collected $2.57 from pot
*** SUMMARY ***
Total pot $2.75 | Rake $0.13 | Jackpot $0.05 | Bingo $0 | Fortune $0 | Tax $0
Board [Jc 7d Td 5c]
Seat 1: 8ac0f528 folded before Flop (didn't bet)
Seat 3: 13ef94c1 won ($2.57)
Seat 4: b113ce30 (button) folded on the Turn
Seat 5: ffc32771 (small blind) folded before Flop
Seat 6: Hero (big blind) folded before Flop


Poker Hand #HD1724756259: Hold'em No Limit ($0.02/$0.05) - 2024/04/10 21:31:14
Table 'NLHBlue23' 6-max Seat #3 is the button
Seat 1: 8ac0f528 ($2.48 in chips)
Seat 3: 13ef94c1 ($8.65 in chips)
Seat 4: b113ce30 ($5.02 in chips)
Seat 5: ffc32771 ($5.98 in chips)
Seat 6: Hero ($11.54 in chips)
b113ce30: posts small blind $0.02
ffc32771: posts big blind $0.05
*** HOLE CARDS ***
Dealt to 8ac0f528 
Dealt to 13ef94c1 
Dealt to b113ce30 
Dealt to ffc32771 
Dealt to Hero [5h Js]
Hero: folds
8ac0f528: raises $0.05 to $0.1
13ef94c1: folds
b113ce30: folds
ffc32771: calls $0.05
*** FLOP *** [7s 9s 7d]
ffc32771: checks
8ac0f528: bets $0.08
ffc32771: calls $0.08
*** TURN *** [7s 9s 7d] [5s]
ffc32771: checks
8ac0f528: checks
*** RIVER *** [7s 9s 7d 5s] [3s]
ffc32771: bets $0.38
8ac0f528: folds
Uncalled bet ($0.38) returned to ffc32771
*** SHOWDOWN ***
ffc32771 collected $0.36 from pot
*** SUMMARY ***
Total pot $0.38 | Rake $0.02 | Jackpot $0 | Bingo $0 | Fortune $0 | Tax $0
Board [7s 9s 7d 5s 3s]
Seat 1: 8ac0f528 folded on the River
Seat 3: 13ef94c1 (button) folded before Flop (didn't bet)
Seat 4: b113ce30 (small blind) folded before Flop
Seat 5: ffc32771 (big blind) won ($0.36)
Seat 6: Hero folded before Flop (didn't bet)


Poker Hand #HD1724756227: Hold'em No Limit ($0.02/$0.05) - 2024/04/10 21:31:02
Table 'NLHBlue23' 6-max Seat #1 is the button
Seat 1: 8ac0f528 ($2.48 in chips)
Seat 3: 13ef94c1 ($8.67 in chips)
Seat 4: b113ce30 ($5 in chips)
Seat 5: ffc32771 ($5.98 in chips)
Seat 6: Hero ($11.54 in chips)
13ef94c1: posts small blind $0.02
b113ce30: posts big blind $0.05
*** HOLE CARDS ***
Dealt to 8ac0f528 
Dealt to 13ef94c1 
Dealt to b113ce30 
Dealt to ffc32771 
Dealt to Hero [8d 6h]
ffc32771: folds
Hero: folds
8ac0f528: folds
13ef94c1: folds
Uncalled bet ($0.03) returned to b113ce30
*** SHOWDOWN ***
b113ce30 collected $0.04 from pot
*** SUMMARY ***
Total pot $0.04 | Rake $0 | Jackpot $0 | Bingo $0 | Fortune $0 | Tax $0
Seat 1: 8ac0f528 (button) folded before Flop (didn't bet)
Seat 3: 13ef94c1 (small blind) folded before Flop
Seat 4: b113ce30 (big blind) collected ($0.04)
Seat 5: ffc32771 folded before Flop (didn't bet)
Seat 6: Hero folded before Flop (didn't bet)


Poker Hand #HD1724756125: Hold'em No Limit ($0.02/$0.05) - 2024/04/10 21:30:12
Table 'NLHBlue23' 6-max Seat #6 is the button
Seat 1: 8ac0f528 ($2.17 in chips)
Seat 3: 13ef94c1 ($9.01 in chips)
Seat 4: b113ce30 ($5 in chips)
Seat 5: ffc32771 ($5.98 in chips)
Seat 6: Hero ($11.54 in chips)
8ac0f528: posts small blind $0.02
13ef94c1: posts big blind $0.05
*** HOLE CARDS ***
Dealt to 8ac0f528 
Dealt to 13ef94c1 
Dealt to b113ce30 
Dealt to ffc32771 
Dealt to Hero [Qd 3d]
b113ce30: folds
ffc32771: folds
Hero: folds
8ac0f528: calls $0.03
13ef94c1: raises $0.15 to $0.2
8ac0f528: calls $0.15
*** FLOP *** [Ts 2h Ac]
8ac0f528: checks
13ef94c1: bets $0.14
8ac0f528: calls $0.14
*** TURN *** [Ts 2h Ac] [4s]
8ac0f528: checks
13ef94c1: checks
*** RIVER *** [Ts 2h Ac 4s] [3s]
8ac0f528: bets $0.68
13ef94c1: folds
Uncalled bet ($0.68) returned to 8ac0f528
*** SHOWDOWN ***
8ac0f528 collected $0.65 from pot
*** SUMMARY ***
Total pot $0.68 | Rake $0.03 | Jackpot $0 | Bingo $0 | Fortune $0 | Tax $0
Board [Ts 2h Ac 4s 3s]
Seat 1: 8ac0f528 (small blind) won ($0.65)
Seat 3: 13ef94c1 (big blind) folded on the River
Seat 4: b113ce30 folded before Flop (didn't bet)
Seat 5: ffc32771 folded before Flop (didn't bet)
Seat 6: Hero (button) folded before Flop (didn't bet)


Poker Hand #HD1724756022: Hold'em No Limit ($0.02/$0.05) - 2024/04/10 21:29:23
Table 'NLHBlue23' 6-max Seat #5 is the button
Seat 1: 8ac0f528 ($2.03 in chips)
Seat 3: 13ef94c1 ($9.01 in chips)
Seat 4: b113ce30 ($5 in chips)
Seat 5: ffc32771 ($5.98 in chips)
Seat 6: Hero ($11.56 in chips)
Hero: posts small blind $0.02
8ac0f528: posts big blind $0.05
*** HOLE CARDS ***
Dealt to 8ac0f528 
Dealt to 13ef94c1 
Dealt to b113ce30 
Dealt to ffc32771 
Dealt to Hero [Kh Ts]
13ef94c1: folds
b113ce30: raises $0.08 to $0.13
ffc32771: folds
Hero: folds
8ac0f528: calls $0.08
*** FLOP *** [Jd 9c 6c]
8ac0f528: checks
b113ce30: checks
*** TURN *** [Jd 9c 6c] [2s]
8ac0f528: checks
b113ce30: checks
*** RIVER *** [Jd 9c 6c 2s] [Ah]
8ac0f528: bets $0.14
b113ce30: folds
Uncalled bet ($0.14) returned to 8ac0f528
*** SHOWDOWN ***
8ac0f528 collected $0.27 from pot
*** SUMMARY ***
Total pot $0.28 | Rake $0.01 | Jackpot $0 | Bingo $0 | Fortune $0 | Tax $0
Board [Jd 9c 6c 2s Ah]
Seat 1: 8ac0f528 (big blind) won ($0.27)
Seat 3: 13ef94c1 folded before Flop (didn't bet)
Seat 4: b113ce30 folded on the River
Seat 5: ffc32771 (button) folded before Flop (didn't bet)
Seat 6: Hero (small blind) folded before Flop


Poker Hand #HD1724755978: Hold'em No Limit ($0.02/$0.05) - 2024/04/10 21:29:01
Table 'NLHBlue23' 6-max Seat #4 is the button
Seat 1: 8ac0f528 ($1.81 in chips)
Seat 3: 13ef94c1 ($9.01 in chips)
Seat 4: b113ce30 ($5 in chips)
Seat 5: ffc32771 ($6 in chips)
Seat 6: Hero ($11.61 in chips)
ffc32771: posts small blind $0.02
Hero: posts big blind $0.05
*** HOLE CARDS ***
Dealt to 8ac0f528 
Dealt to 13ef94c1 
Dealt to b113ce30 
Dealt to ffc32771 
Dealt to Hero [Kd 9h]
8ac0f528: raises $0.12 to $0.17
13ef94c1: folds
b113ce30: calls $0.17
ffc32771: folds
Hero: folds
*** FLOP *** [Jh 4s 2h]
8ac0f528: bets $0.41
b113ce30: folds
Uncalled bet ($0.41) returned to 8ac0f528
*** SHOWDOWN ***
8ac0f528 collected $0.39 from pot
*** SUMMARY ***
Total pot $0.41 | Rake $0.02 | Jackpot $0 | Bingo $0 | Fortune $0 | Tax $0
Board [Jh 4s 2h]
Seat 1: 8ac0f528 won ($0.39)
Seat 3: 13ef94c1 folded before Flop (didn't bet)
Seat 4: b113ce30 (button) folded on the Flop
Seat 5: ffc32771 (small blind) folded before Flop
Seat 6: Hero (big blind) folded before Flop


Poker Hand #HD1724755918: Hold'em No Limit ($0.02/$0.05) - 2024/04/10 21:28:34
Table 'NLHBlue23' 6-max Seat #3 is the button
Seat 1: 8ac0f528 ($1.81 in chips)
Seat 3: 13ef94c1 ($9.01 in chips)
Seat 4: b113ce30 ($5 in chips)
Seat 5: ffc32771 ($5.98 in chips)
Seat 6: Hero ($11.61 in chips)
b113ce30: posts small blind $0.02
ffc32771: posts big blind $0.05
*** HOLE CARDS ***
Dealt to 8ac0f528 
Dealt to 13ef94c1 
Dealt to b113ce30 
Dealt to ffc32771 
Dealt to Hero [8d Kh]
Hero: folds
8ac0f528: folds
13ef94c1: folds
b113ce30: folds
Uncalled bet ($0.03) returned to ffc32771
*** SHOWDOWN ***
ffc32771 collected $0.04 from pot
*** SUMMARY ***
Total pot $0.04 | Rake $0 | Jackpot $0 | Bingo $0 | Fortune $0 | Tax $0
Seat 1: 8ac0f528 folded before Flop (didn't bet)
Seat 3: 13ef94c1 (button) folded before Flop (didn't bet)
Seat 4: b113ce30 (small blind) folded before Flop
Seat 5: ffc32771 (big blind) collected ($0.04)
Seat 6: Hero folded before Flop (didn't bet)


Poker Hand #HD1724755893: Hold'em No Limit ($0.02/$0.05) - 2024/04/10 21:28:20
Table 'NLHBlue23' 6-max Seat #1 is the button
Seat 1: 8ac0f528 ($1.74 in chips)
Seat 3: 13ef94c1 ($9.03 in chips)
Seat 4: b113ce30 ($5 in chips)
Seat 5: ffc32771 ($5.98 in chips)
Seat 6: Hero ($11.61 in chips)
13ef94c1: posts small blind $0.02
b113ce30: posts big blind $0.05
*** HOLE CARDS ***
Dealt to 8ac0f528 
Dealt to 13ef94c1 
Dealt to b113ce30 
Dealt to ffc32771 
Dealt to Hero [7s Th]
ffc32771: folds
Hero: folds
8ac0f528: raises $0.12 to $0.17
13ef94c1: folds
b113ce30: folds
Uncalled bet ($0.12) returned to 8ac0f528
*** SHOWDOWN ***
8ac0f528 collected $0.12 from pot
*** SUMMARY ***
Total pot $0.12 | Rake $0 | Jackpot $0 | Bingo $0 | Fortune $0 | Tax $0
Seat 1: 8ac0f528 (button) collected ($0.12)
Seat 3: 13ef94c1 (small blind) folded before Flop
Seat 4: b113ce30 (big blind) folded before Flop
Seat 5: ffc32771 folded before Flop (didn't bet)
Seat 6: Hero folded before Flop (didn't bet)


Poker Hand #HD1724755806: Hold'em No Limit ($0.02/$0.05) - 2024/04/10 21:27:35
Table 'NLHBlue23' 6-max Seat #6 is the button
Seat 1: 8ac0f528 ($1.76 in chips)
Seat 3: 13ef94c1 ($9.13 in chips)
Seat 4: 68f646d4 ($4.72 in chips)
Seat 5: ffc32771 ($5.87 in chips)
Seat 6: Hero ($11.61 in chips)
8ac0f528: posts small blind $0.02
13ef94c1: posts big blind $0.05
*** HOLE CARDS ***
Dealt to 8ac0f528 
Dealt to 13ef94c1 
Dealt to 68f646d4 
Dealt to ffc32771 
Dealt to Hero [Ts 4s]
68f646d4: folds
ffc32771: raises $0.05 to $0.1
Hero: folds
8ac0f528: folds
13ef94c1: calls $0.05
*** FLOP *** [6d 9h Ac]
13ef94c1: checks
ffc32771: checks
*** TURN *** [6d 9h Ac] [Jh]
13ef94c1: checks
ffc32771: checks
*** RIVER *** [6d 9h Ac Jh] [As]
13ef94c1: checks
ffc32771: checks
13ef94c1: shows [2s Ks] (Pair of Aces)
ffc32771: shows [9d 5d] (Pair of Aces and Pair of Nines)
*** SHOWDOWN ***
ffc32771 collected $0.21 from pot
*** SUMMARY ***
Total pot $0.22 | Rake $0.01 | Jackpot $0 | Bingo $0 | Fortune $0 | Tax $0
Board [6d 9h Ac Jh As]
Seat 1: 8ac0f528 (small blind) folded before Flop
Seat 3: 13ef94c1 (big blind) showed [2s Ks] and lost with Pair of Aces
Seat 4: 68f646d4 folded before Flop (didn't bet)
Seat 5: ffc32771 showed [9d 5d] and won ($0.21) with Pair of Aces and Pair of Nines
Seat 6: Hero (button) folded before Flop (didn't bet)


Poker Hand #HD1724655628: Hold'em No Limit ($0.02/$0.05) - 2024/04/10 21:26:16
Table 'NLHBlue23' 6-max Seat #5 is the button
Seat 1: 8ac0f528 ($1.89 in chips)
Seat 3: 13ef94c1 ($9.63 in chips)
Seat 4: 68f646d4 ($4.12 in chips)
Seat 5: ffc32771 ($5.87 in chips)
Seat 6: Hero ($11.63 in chips)
Hero: posts small blind $0.02
8ac0f528: posts big blind $0.05
*** HOLE CARDS ***
Dealt to 8ac0f528 
Dealt to 13ef94c1 
Dealt to 68f646d4 
Dealt to ffc32771 
Dealt to Hero [2h Kd]
13ef94c1: raises $0.08 to $0.13
68f646d4: calls $0.13
ffc32771: folds
Hero: folds
8ac0f528: calls $0.08
*** FLOP *** [Qh 6h 9s]
8ac0f528: checks
13ef94c1: bets $0.14
68f646d4: calls $0.14
8ac0f528: folds
*** TURN *** [Qh 6h 9s] [7d]
13ef94c1: bets $0.23
68f646d4: calls $0.23
*** RIVER *** [Qh 6h 9s 7d] [2s]
13ef94c1: checks
68f646d4: checks
13ef94c1: shows [Jh Th] (Queen-High)
68f646d4: shows [8h 9h] (Pair of Nines)
*** SHOWDOWN ***
68f646d4 collected $1.1 from pot
*** SUMMARY ***
Total pot $1.15 | Rake $0.05 | Jackpot $0 | Bingo $0 | Fortune $0 | Tax $0
Board [Qh 6h 9s 7d 2s]
Seat 1: 8ac0f528 (big blind) folded on the Flop
Seat 3: 13ef94c1 showed [Jh Th] and lost with Queen-High
Seat 4: 68f646d4 showed [8h 9h] and won ($1.1) with Pair of Nines
Seat 5: ffc32771 (button) folded before Flop (didn't bet)
Seat 6: Hero (small blind) folded before Flop


Poker Hand #HD1724655608: Hold'em No Limit ($0.02/$0.05) - 2024/04/10 21:26:03
Table 'NLHBlue23' 6-max Seat #4 is the button
Seat 1: 8ac0f528 ($1.89 in chips)
Seat 3: 13ef94c1 ($9.63 in chips)
Seat 4: 68f646d4 ($4.12 in chips)
Seat 5: ffc32771 ($5.89 in chips)
Seat 6: Hero ($11.61 in chips)
ffc32771: posts small blind $0.02
Hero: posts big blind $0.05
*** HOLE CARDS ***
Dealt to 8ac0f528 
Dealt to 13ef94c1 
Dealt to 68f646d4 
Dealt to ffc32771 
Dealt to Hero [6d 9h]
8ac0f528: folds
13ef94c1: folds
68f646d4: folds
ffc32771: folds
Uncalled bet ($0.03) returned to Hero
*** SHOWDOWN ***
Hero collected $0.04 from pot
*** SUMMARY ***
Total pot $0.04 | Rake $0 | Jackpot $0 | Bingo $0 | Fortune $0 | Tax $0
Seat 1: 8ac0f528 folded before Flop (didn't bet)
Seat 3: 13ef94c1 folded before Flop (didn't bet)
Seat 4: 68f646d4 (button) folded before Flop (didn't bet)
Seat 5: ffc32771 (small blind) folded before Flop
Seat 6: Hero (big blind) collected ($0.04)


Poker Hand #HD1724655485: Hold'em No Limit ($0.02/$0.05) - 2024/04/10 21:25:02
Table 'NLHBlue23' 6-max Seat #3 is the button
Seat 1: 8ac0f528 ($1.89 in chips)
Seat 3: 13ef94c1 ($9.63 in chips)
Seat 4: 68f646d4 ($4.54 in chips)
Seat 5: ffc32771 ($5.52 in chips)
Seat 6: Hero ($11.61 in chips)
68f646d4: posts small blind $0.02
ffc32771: posts big blind $0.05
*** HOLE CARDS ***
Dealt to 8ac0f528 
Dealt to 13ef94c1 
Dealt to 68f646d4 
Dealt to ffc32771 
Dealt to Hero [5h Th]
Hero: folds
8ac0f528: folds
13ef94c1: folds
68f646d4: raises $0.1 to $0.15
ffc32771: calls $0.1
*** FLOP *** [9s Ts Qd]
68f646d4: checks
ffc32771: bets $0.1
68f646d4: calls $0.1
*** TURN *** [9s Ts Qd] [9d]
68f646d4: checks
ffc32771: bets $0.17
68f646d4: calls $0.17
*** RIVER *** [9s Ts Qd 9d] [4h]
68f646d4: checks
ffc32771: bets $0.63
68f646d4: folds
Uncalled bet ($0.63) returned to ffc32771
*** SHOWDOWN ***
ffc32771 collected $0.79 from pot
*** SUMMARY ***
Total pot $0.84 | Rake $0.05 | Jackpot $0 | Bingo $0 | Fortune $0 | Tax $0
Board [9s Ts Qd 9d 4h]
Seat 1: 8ac0f528 folded before Flop (didn't bet)
Seat 3: 13ef94c1 (button) folded before Flop (didn't bet)
Seat 4: 68f646d4 (small blind) folded on the River
Seat 5: ffc32771 (big blind) won ($0.79)
Seat 6: Hero folded before Flop (didn't bet)


Poker Hand #HD1724655449: Hold'em No Limit ($0.02/$0.05) - 2024/04/10 21:24:46
Table 'NLHBlue23' 6-max Seat #1 is the button
Seat 1: 8ac0f528 ($1.89 in chips)
Seat 3: 13ef94c1 ($9.58 in chips)
Seat 4: 68f646d4 ($4.59 in chips)
Seat 5: ffc32771 ($5.52 in chips)
Seat 6: Hero ($11.61 in chips)
13ef94c1: posts small blind $0.02
68f646d4: posts big blind $0.05
*** HOLE CARDS ***
Dealt to 8ac0f528 
Dealt to 13ef94c1 
Dealt to 68f646d4 
Dealt to ffc32771 
Dealt to Hero [7d 5h]
ffc32771: folds
Hero: folds
8ac0f528: folds
13ef94c1: raises $0.1 to $0.15
68f646d4: folds
Uncalled bet ($0.1) returned to 13ef94c1
*** SHOWDOWN ***
13ef94c1 collected $0.1 from pot
*** SUMMARY ***
Total pot $0.1 | Rake $0 | Jackpot $0 | Bingo $0 | Fortune $0 | Tax $0
Seat 1: 8ac0f528 (button) folded before Flop (didn't bet)
Seat 3: 13ef94c1 (small blind) collected ($0.1)
Seat 4: 68f646d4 (big blind) folded before Flop
Seat 5: ffc32771 folded before Flop (didn't bet)
Seat 6: Hero folded before Flop (didn't bet)


Poker Hand #HD1724655397: Hold'em No Limit ($0.02/$0.05) - 2024/04/10 21:24:24
Table 'NLHBlue23' 6-max Seat #6 is the button
Seat 1: 8ac0f528 ($1.84 in chips)
Seat 3: 13ef94c1 ($9.63 in chips)
Seat 4: 68f646d4 ($4.59 in chips)
Seat 5: ffc32771 ($5.52 in chips)
Seat 6: Hero ($11.61 in chips)
8ac0f528: posts small blind $0.02
13ef94c1: posts big blind $0.05
*** HOLE CARDS ***
Dealt to 8ac0f528 
Dealt to 13ef94c1 
Dealt to 68f646d4 
Dealt to ffc32771 
Dealt to Hero [7d 3c]
68f646d4: folds
ffc32771: folds
Hero: folds
8ac0f528: calls $0.03
13ef94c1: checks
*** FLOP *** [Qc 9h 7h]
8ac0f528: bets $0.1
13ef94c1: folds
Uncalled bet ($0.1) returned to 8ac0f528
*** SHOWDOWN ***
8ac0f528 collected $0.1 from pot
*** SUMMARY ***
Total pot $0.1 | Rake $0 | Jackpot $0 | Bingo $0 | Fortune $0 | Tax $0
Board [Qc 9h 7h]
Seat 1: 8ac0f528 (small blind) won ($0.1)
Seat 3: 13ef94c1 (big blind) folded on the Flop
Seat 4: 68f646d4 folded before Flop (didn't bet)
Seat 5: ffc32771 folded before Flop (didn't bet)
Seat 6: Hero (button) folded before Flop (didn't bet)


Poker Hand #HD1724655331: Hold'em No Limit ($0.02/$0.05) - 2024/04/10 21:23:49
Table 'NLHBlue23' 6-max Seat #5 is the button
Seat 1: 8ac0f528 ($1.68 in chips)
Seat 3: 13ef94c1 ($9.63 in chips)
Seat 4: 68f646d4 ($4.59 in chips)
Seat 5: ffc32771 ($5.67 in chips)
Seat 6: Hero ($11.63 in chips)
Hero: posts small blind $0.02
8ac0f528: posts big blind $0.05
*** HOLE CARDS ***
Dealt to 8ac0f528 
Dealt to 13ef94c1 
Dealt to 68f646d4 
Dealt to ffc32771 
Dealt to Hero [3c Ah]
13ef94c1: folds
68f646d4: folds
ffc32771: raises $0.1 to $0.15
Hero: folds
8ac0f528: calls $0.1
*** FLOP *** [Qd 2d 3d]
8ac0f528: checks
ffc32771: checks
*** TURN *** [Qd 2d 3d] [Ad]
8ac0f528: bets $0.11
ffc32771: folds
Uncalled bet ($0.11) returned to 8ac0f528
*** SHOWDOWN ***
8ac0f528 collected $0.31 from pot
*** SUMMARY ***
Total pot $0.32 | Rake $0.01 | Jackpot $0 | Bingo $0 | Fortune $0 | Tax $0
Board [Qd 2d 3d Ad]
Seat 1: 8ac0f528 (big blind) won ($0.31)
Seat 3: 13ef94c1 folded before Flop (didn't bet)
Seat 4: 68f646d4 folded before Flop (didn't bet)
Seat 5: ffc32771 (button) folded on the Turn
Seat 6: Hero (small blind) folded before Flop


Poker Hand #HD1724655301: Hold'em No Limit ($0.02/$0.05) - 2024/04/10 21:23:38
Table 'NLHBlue23' 6-max Seat #4 is the button
Seat 1: 8ac0f528 ($1.68 in chips)
Seat 3: 13ef94c1 ($9.63 in chips)
Seat 4: 68f646d4 ($4.59 in chips)
Seat 5: ffc32771 ($5.69 in chips)
Seat 6: Hero ($11.61 in chips)
ffc32771: posts small blind $0.02
Hero: posts big blind $0.05
*** HOLE CARDS ***
Dealt to 8ac0f528 
Dealt to 13ef94c1 
Dealt to 68f646d4 
Dealt to ffc32771 
Dealt to Hero [Qh Qs]
8ac0f528: folds
13ef94c1: folds
68f646d4: folds
ffc32771: folds
Uncalled bet ($0.03) returned to Hero
*** SHOWDOWN ***
Hero collected $0.04 from pot
*** SUMMARY ***
Total pot $0.04 | Rake $0 | Jackpot $0 | Bingo $0 | Fortune $0 | Tax $0
Seat 1: 8ac0f528 folded before Flop (didn't bet)
Seat 3: 13ef94c1 folded before Flop (didn't bet)
Seat 4: 68f646d4 (button) folded before Flop (didn't bet)
Seat 5: ffc32771 (small blind) folded before Flop
Seat 6: Hero (big blind) collected ($0.04)


Poker Hand #HD1724655271: Hold'em No Limit ($0.02/$0.05) - 2024/04/10 21:23:26
Table 'NLHBlue23' 6-max Seat #3 is the button
Seat 1: 8ac0f528 ($1.68 in chips)
Seat 3: 13ef94c1 ($9.63 in chips)
Seat 4: 68f646d4 ($4.61 in chips)
Seat 5: ffc32771 ($5.67 in chips)
Seat 6: Hero ($11.61 in chips)
68f646d4: posts small blind $0.02
ffc32771: posts big blind $0.05
*** HOLE CARDS ***
Dealt to 8ac0f528 
Dealt to 13ef94c1 
Dealt to 68f646d4 
Dealt to ffc32771 
Dealt to Hero [2c Ad]
Hero: folds
8ac0f528: folds
13ef94c1: folds
68f646d4: folds
Uncalled bet ($0.03) returned to ffc32771
*** SHOWDOWN ***
ffc32771 collected $0.04 from pot
*** SUMMARY ***
Total pot $0.04 | Rake $0 | Jackpot $0 | Bingo $0 | Fortune $0 | Tax $0
Seat 1: 8ac0f528 folded before Flop (didn't bet)
Seat 3: 13ef94c1 (button) folded before Flop (didn't bet)
Seat 4: 68f646d4 (small blind) folded before Flop
Seat 5: ffc32771 (big blind) collected ($0.04)
Seat 6: Hero folded before Flop (didn't bet)


Poker Hand #HD1724655176: Hold'em No Limit ($0.02/$0.05) - 2024/04/10 21:22:33
Table 'NLHBlue23' 6-max Seat #1 is the button
Seat 1: 8ac0f528 ($0.83 in chips)
Seat 3: 13ef94c1 ($9.07 in chips)
Seat 4: 68f646d4 ($4.66 in chips)
Seat 5: ffc32771 ($5.67 in chips)
Seat 6: Hero ($11.71 in chips)
13ef94c1: posts small blind $0.02
68f646d4: posts big blind $0.05
*** HOLE CARDS ***
Dealt to 8ac0f528 
Dealt to 13ef94c1 
Dealt to 68f646d4 
Dealt to ffc32771 
Dealt to Hero [5s 5d]
ffc32771: folds
Hero: raises $0.05 to $0.1
8ac0f528: raises $0.73 to $0.83 and is all-in
13ef94c1: calls $0.81
68f646d4: folds
Hero: folds
8ac0f528: shows [Kh Ad]
13ef94c1: shows [Ac Qc]
*** FLOP *** [Ts As 4s]
*** TURN *** [Ts As 4s] [Qd]
*** RIVER *** [Ts As 4s Qd] [Kd]
13ef94c1: Receives Cashout ($1.39)
*** SHOWDOWN ***
8ac0f528 collected $1.68 from pot
*** SUMMARY ***
Total pot $1.81 | Rake $0.08 | Jackpot $0.05 | Bingo $0 | Fortune $0 | Tax $0
Board [Ts As 4s Qd Kd]
Seat 1: 8ac0f528 (button) showed [Kh Ad] and won ($1.68) with Pair of Aces and Pair of Kings
Seat 3: 13ef94c1 (small blind) showed [Ac Qc] and lost with Pair of Aces and Pair of Queens, EV Cashout ($1.39)
Seat 4: 68f646d4 (big blind) folded before Flop
Seat 5: ffc32771 folded before Flop (didn't bet)
Seat 6: Hero folded before Flop


Poker Hand #HD1724655077: Hold'em No Limit ($0.02/$0.05) - 2024/04/10 21:21:50
Table 'NLHBlue23' 6-max Seat #6 is the button
Seat 1: 8ac0f528 ($0.78 in chips)
Seat 3: 13ef94c1 ($9.12 in chips)
Seat 4: 68f646d4 ($4.66 in chips)
Seat 5: ffc32771 ($5.67 in chips)
Seat 6: Hero ($11.71 in chips)
8ac0f528: posts small blind $0.02
13ef94c1: posts big blind $0.05
*** HOLE CARDS ***
Dealt to 8ac0f528 
Dealt to 13ef94c1 
Dealt to 68f646d4 
Dealt to ffc32771 
Dealt to Hero [Ks 7c]
68f646d4: folds
ffc32771: folds
Hero: folds
8ac0f528: calls $0.03
13ef94c1: checks
*** FLOP *** [6h 9h Js]
8ac0f528: checks
13ef94c1: checks
*** TURN *** [6h 9h Js] [Qs]
8ac0f528: checks
13ef94c1: checks
*** RIVER *** [6h 9h Js Qs] [Td]
8ac0f528: checks
13ef94c1: checks
8ac0f528: shows [5d 5s] (Pair of Fives)
13ef94c1: shows [As 3d] (Ace-High)
*** SHOWDOWN ***
8ac0f528 collected $0.1 from pot
*** SUMMARY ***
Total pot $0.1 | Rake $0 | Jackpot $0 | Bingo $0 | Fortune $0 | Tax $0
Board [6h 9h Js Qs Td]
Seat 1: 8ac0f528 (small blind) showed [5d 5s] and won ($0.1) with Pair of Fives
Seat 3: 13ef94c1 (big blind) showed [As 3d] and lost with Ace-High
Seat 4: 68f646d4 folded before Flop (didn't bet)
Seat 5: ffc32771 folded before Flop (didn't bet)
Seat 6: Hero (button) folded before Flop (didn't bet)


Poker Hand #HD1724655040: Hold'em No Limit ($0.02/$0.05) - 2024/04/10 21:21:35
Table 'NLHBlue23' 6-max Seat #5 is the button
Seat 1: 8ac0f528 ($0.83 in chips)
Seat 3: 13ef94c1 ($9.12 in chips)
Seat 4: 68f646d4 ($4.66 in chips)
Seat 5: ffc32771 ($5.6 in chips)
Seat 6: Hero ($11.73 in chips)
Hero: posts small blind $0.02
8ac0f528: posts big blind $0.05
*** HOLE CARDS ***
Dealt to 8ac0f528 
Dealt to 13ef94c1 
Dealt to 68f646d4 
Dealt to ffc32771 
Dealt to Hero [8c 6h]
13ef94c1: folds
68f646d4: folds
ffc32771: raises $0.1 to $0.15
Hero: folds
8ac0f528: folds
Uncalled bet ($0.1) returned to ffc32771
*** SHOWDOWN ***
ffc32771 collected $0.12 from pot
*** SUMMARY ***
Total pot $0.12 | Rake $0 | Jackpot $0 | Bingo $0 | Fortune $0 | Tax $0
Seat 1: 8ac0f528 (big blind) folded before Flop
Seat 3: 13ef94c1 folded before Flop (didn't bet)
Seat 4: 68f646d4 folded before Flop (didn't bet)
Seat 5: ffc32771 (button) collected ($0.12)
Seat 6: Hero (small blind) folded before Flop


Poker Hand #HD1724655019: Hold'em No Limit ($0.02/$0.05) - 2024/04/10 21:21:25
Table 'NLHBlue23' 6-max Seat #4 is the button
Seat 1: 8ac0f528 ($0.83 in chips)
Seat 3: 13ef94c1 ($9.12 in chips)
Seat 4: 68f646d4 ($4.66 in chips)
Seat 5: ffc32771 ($5.62 in chips)
Seat 6: Hero ($11.71 in chips)
ffc32771: posts small blind $0.02
Hero: posts big blind $0.05
*** HOLE CARDS ***
Dealt to 8ac0f528 
Dealt to 13ef94c1 
Dealt to 68f646d4 
Dealt to ffc32771 
Dealt to Hero [Th 9d]
8ac0f528: folds
13ef94c1: folds
68f646d4: folds
ffc32771: folds
Uncalled bet ($0.03) returned to Hero
*** SHOWDOWN ***
Hero collected $0.04 from pot
*** SUMMARY ***
Total pot $0.04 | Rake $0 | Jackpot $0 | Bingo $0 | Fortune $0 | Tax $0
Seat 1: 8ac0f528 folded before Flop (didn't bet)
Seat 3: 13ef94c1 folded before Flop (didn't bet)
Seat 4: 68f646d4 (button) folded before Flop (didn't bet)
Seat 5: ffc32771 (small blind) folded before Flop
Seat 6: Hero (big blind) collected ($0.04)


Poker Hand #HD1724654934: Hold'em No Limit ($0.02/$0.05) - 2024/04/10 21:20:44
Table 'NLHBlue23' 6-max Seat #3 is the button
Seat 1: 8ac0f528 ($0.83 in chips)
Seat 2: c10c1f5d ($3.94 in chips)
Seat 3: 13ef94c1 ($9.12 in chips)
Seat 4: 68f646d4 ($4.68 in chips)
Seat 5: ffc32771 ($5.72 in chips)
Seat 6: Hero ($11.6 in chips)
68f646d4: posts small blind $0.02
ffc32771: posts big blind $0.05
*** HOLE CARDS ***
Dealt to 8ac0f528 
Dealt to c10c1f5d 
Dealt to 13ef94c1 
Dealt to 68f646d4 
Dealt to ffc32771 
Dealt to Hero [Qs Ts]
Hero: raises $0.05 to $0.1
8ac0f528: folds
c10c1f5d: folds
13ef94c1: folds
68f646d4: folds
ffc32771: calls $0.05
*** FLOP *** [6s Td Js]
ffc32771: checks
Hero: bets $0.15
ffc32771: folds
Uncalled bet ($0.15) returned to Hero
*** SHOWDOWN ***
Hero collected $0.21 from pot
*** SUMMARY ***
Total pot $0.22 | Rake $0.01 | Jackpot $0 | Bingo $0 | Fortune $0 | Tax $0
Board [6s Td Js]
Seat 1: 8ac0f528 folded before Flop (didn't bet)
Seat 2: c10c1f5d folded before Flop (didn't bet)
Seat 3: 13ef94c1 (button) folded before Flop (didn't bet)
Seat 4: 68f646d4 (small blind) folded before Flop
Seat 5: ffc32771 (big blind) folded on the Flop
Seat 6: Hero won ($0.21)


Poker Hand #HD1724654828: Hold'em No Limit ($0.02/$0.05) - 2024/04/10 21:19:59
Table 'NLHBlue23' 6-max Seat #2 is the button
Seat 1: 8ac0f528 ($1 in chips)
Seat 2: c10c1f5d ($4.63 in chips)
Seat 3: 13ef94c1 ($9.14 in chips)
Seat 4: 68f646d4 ($4.73 in chips)
Seat 5: ffc32771 ($4.93 in chips)
Seat 6: Hero ($11.6 in chips)
13ef94c1: posts small blind $0.02
68f646d4: posts big blind $0.05
8ac0f528: posts big blind $0.05
8ac0f528: posts missed blind $0.02
*** HOLE CARDS ***
Dealt to 8ac0f528 
Dealt to c10c1f5d 
Dealt to 13ef94c1 
Dealt to 68f646d4 
Dealt to ffc32771 
Dealt to Hero [8h 8c]
ffc32771: raises $0.1 to $0.15
Hero: folds
8ac0f528: calls $0.1
c10c1f5d: raises $0.54 to $0.69
13ef94c1: folds
68f646d4: folds
ffc32771: calls $0.54
8ac0f528: folds
*** FLOP *** [Qs Jc Kc]
ffc32771: checks
c10c1f5d: checks
*** TURN *** [Qs Jc Kc] [2d]
ffc32771: bets $0.54
c10c1f5d: folds
Uncalled bet ($0.54) returned to ffc32771
*** SHOWDOWN ***
ffc32771 collected $1.48 from pot
*** SUMMARY ***
Total pot $1.62 | Rake $0.09 | Jackpot $0.05 | Bingo $0 | Fortune $0 | Tax $0
Board [Qs Jc Kc 2d]
Seat 1: 8ac0f528 folded before Flop
Seat 2: c10c1f5d (button) folded on the Turn
Seat 3: 13ef94c1 (small blind) folded before Flop
Seat 4: 68f646d4 (big blind) folded before Flop
Seat 5: ffc32771 won ($1.48)
Seat 6: Hero folded before Flop (didn't bet)


Poker Hand #HD1724654738: Hold'em No Limit ($0.02/$0.05) - 2024/04/10 21:19:11
Table 'NLHBlue23' 6-max Seat #6 is the button
Seat 2: c10c1f5d ($4.76 in chips)
Seat 3: 13ef94c1 ($9.27 in chips)
Seat 4: 68f646d4 ($4.73 in chips)
Seat 5: ffc32771 ($4.93 in chips)
Seat 6: Hero ($11.36 in chips)
c10c1f5d: posts small blind $0.02
13ef94c1: posts big blind $0.05
*** HOLE CARDS ***
Dealt to c10c1f5d 
Dealt to 13ef94c1 
Dealt to 68f646d4 
Dealt to ffc32771 
Dealt to Hero [9h Ks]
68f646d4: folds
ffc32771: folds
Hero: raises $0.08 to $0.13
c10c1f5d: calls $0.11
13ef94c1: calls $0.08
*** FLOP *** [2d 6h Kh]
c10c1f5d: checks
13ef94c1: checks
Hero: bets $0.15
c10c1f5d: folds
13ef94c1: folds
Uncalled bet ($0.15) returned to Hero
*** SHOWDOWN ***
Hero collected $0.37 from pot
*** SUMMARY ***
Total pot $0.39 | Rake $0.02 | Jackpot $0 | Bingo $0 | Fortune $0 | Tax $0
Board [2d 6h Kh]
Seat 2: c10c1f5d (small blind) folded on the Flop
Seat 3: 13ef94c1 (big blind) folded on the Flop
Seat 4: 68f646d4 folded before Flop (didn't bet)
Seat 5: ffc32771 folded before Flop (didn't bet)
Seat 6: Hero (button) won ($0.37)


Poker Hand #HD1724654701: Hold'em No Limit ($0.02/$0.05) - 2024/04/10 21:18:55
Table 'NLHBlue23' 6-max Seat #5 is the button
Seat 2: c10c1f5d ($4.81 in chips)
Seat 3: 13ef94c1 ($9.27 in chips)
Seat 4: 68f646d4 ($4.73 in chips)
Seat 5: ffc32771 ($4.93 in chips)
Seat 6: Hero ($11.31 in chips)
Hero: posts small blind $0.02
c10c1f5d: posts big blind $0.05
*** HOLE CARDS ***
Dealt to c10c1f5d 
Dealt to 13ef94c1 
Dealt to 68f646d4 
Dealt to ffc32771 
Dealt to Hero [7d 8d]
13ef94c1: folds
68f646d4: folds
ffc32771: folds
Hero: raises $0.1 to $0.15
c10c1f5d: folds
Uncalled bet ($0.1) returned to Hero
*** SHOWDOWN ***
Hero collected $0.1 from pot
*** SUMMARY ***
Total pot $0.1 | Rake $0 | Jackpot $0 | Bingo $0 | Fortune $0 | Tax $0
Seat 2: c10c1f5d (big blind) folded before Flop
Seat 3: 13ef94c1 folded before Flop (didn't bet)
Seat 4: 68f646d4 folded before Flop (didn't bet)
Seat 5: ffc32771 (button) folded before Flop (didn't bet)
Seat 6: Hero (small blind) collected ($0.1)


Poker Hand #HD1724654554: Hold'em No Limit ($0.02/$0.05) - 2024/04/10 21:17:56
Table 'NLHBlue23' 6-max Seat #4 is the button
Seat 1: 8ac0f528 ($0.83 in chips)
Seat 2: c10c1f5d ($4.06 in chips)
Seat 3: 13ef94c1 ($9.27 in chips)
Seat 4: 68f646d4 ($4.73 in chips)
Seat 5: ffc32771 ($4.95 in chips)
Seat 6: Hero ($11.36 in chips)
ffc32771: posts small blind $0.02
Hero: posts big blind $0.05
*** HOLE CARDS ***
Dealt to 8ac0f528 
Dealt to c10c1f5d 
Dealt to 13ef94c1 
Dealt to 68f646d4 
Dealt to ffc32771 
Dealt to Hero [2d 8c]
8ac0f528: raises $0.15 to $0.2
c10c1f5d: calls $0.2
13ef94c1: folds
68f646d4: folds
ffc32771: folds
Hero: folds
*** FLOP *** [Tc As 6h]
8ac0f528: bets $0.24
c10c1f5d: calls $0.24
*** TURN *** [Tc As 6h] [3s]
8ac0f528: bets $0.39 and is all-in
c10c1f5d: calls $0.39
8ac0f528: shows [Jh Kc] (Ace-High)
c10c1f5d: shows [6s 8s] (Pair of Sixes)
*** RIVER *** [Tc As 6h 3s] [2h]
*** SHOWDOWN ***
c10c1f5d collected $1.58 from pot
*** SUMMARY ***
Total pot $1.73 | Rake $0.1 | Jackpot $0.05 | Bingo $0 | Fortune $0 | Tax $0
Board [Tc As 6h 3s 2h]
Seat 1: 8ac0f528 showed [Jh Kc] and lost with Ace-High
Seat 2: c10c1f5d showed [6s 8s] and won ($1.58) with Pair of Sixes
Seat 3: 13ef94c1 folded before Flop (didn't bet)
Seat 4: 68f646d4 (button) folded before Flop (didn't bet)
Seat 5: ffc32771 (small blind) folded before Flop
Seat 6: Hero (big blind) folded before Flop


Poker Hand #HD1724654499: Hold'em No Limit ($0.02/$0.05) - 2024/04/10 21:17:27
Table 'NLHBlue23' 6-max Seat #3 is the button
Seat 1: 8ac0f528 ($1.35 in chips)
Seat 2: c10c1f5d ($3.53 in chips)
Seat 3: 13ef94c1 ($9.27 in chips)
Seat 4: 68f646d4 ($4.75 in chips)
Seat 5: ffc32771 ($5 in chips)
Seat 6: Hero ($11.36 in chips)
68f646d4: posts small blind $0.02
ffc32771: posts big blind $0.05
8ac0f528: posts big blind $0.05
*** HOLE CARDS ***
Dealt to 8ac0f528 
Dealt to c10c1f5d 
Dealt to 13ef94c1 
Dealt to 68f646d4 
Dealt to ffc32771 
Dealt to Hero [Td 7s]
Hero: folds
8ac0f528: raises $0.1 to $0.15
c10c1f5d: raises $0.37 to $0.52
13ef94c1: folds
68f646d4: folds
ffc32771: folds
8ac0f528: calls $0.37
*** FLOP *** [Ks 6h Kc]
8ac0f528: checks
c10c1f5d: bets $1.11
8ac0f528: folds
Uncalled bet ($1.11) returned to c10c1f5d
*** SHOWDOWN ***
c10c1f5d collected $1.05 from pot
*** SUMMARY ***
Total pot $1.11 | Rake $0.06 | Jackpot $0 | Bingo $0 | Fortune $0 | Tax $0
Board [Ks 6h Kc]
Seat 1: 8ac0f528 folded on the Flop
Seat 2: c10c1f5d won ($1.05)
Seat 3: 13ef94c1 (button) folded before Flop (didn't bet)
Seat 4: 68f646d4 (small blind) folded before Flop
Seat 5: ffc32771 (big blind) folded before Flop
Seat 6: Hero folded before Flop (didn't bet)


Poker Hand #HD1724654243: Hold'em No Limit ($0.02/$0.05) - 2024/04/10 21:15:31
Table 'NLHBlue23' 6-max Seat #2 is the button
Seat 2: c10c1f5d ($8.53 in chips)
Seat 3: 13ef94c1 ($5 in chips)
Seat 4: 68f646d4 ($5 in chips)
Seat 6: Hero ($11.36 in chips)
13ef94c1: posts small blind $0.02
68f646d4: posts big blind $0.05
*** HOLE CARDS ***
Dealt to c10c1f5d 
Dealt to 13ef94c1 
Dealt to 68f646d4 
Dealt to Hero [2c Ks]
Hero: folds
c10c1f5d: calls $0.05
13ef94c1: raises $0.2 to $0.25
68f646d4: calls $0.2
c10c1f5d: calls $0.2
*** FLOP *** [8c 7c 5d]
13ef94c1: bets $0.65
68f646d4: folds
c10c1f5d: calls $0.65
*** TURN *** [8c 7c 5d] [5h]
13ef94c1: bets $1.03
c10c1f5d: raises $4.11 to $5.14
13ef94c1: calls $3.07 and is all-in
Uncalled bet ($1.04) returned to c10c1f5d
c10c1f5d: shows [7h Ad] (Pair of Sevens and Pair of Fives)
13ef94c1: shows [Ac 8h] (Pair of Eights and Pair of Fives)
13ef94c1: Chooses to EV Cashout 
*** RIVER *** [8c 7c 5d 5h] [3h]
13ef94c1: Pays Cashout Risk ($0.55)
*** SHOWDOWN ***
13ef94c1 collected $9.82 from pot
*** SUMMARY ***
Total pot $10.25 | Rake $0.38 | Jackpot $0.05 | Bingo $0 | Fortune $0 | Tax $0
Board [8c 7c 5d 5h 3h]
Seat 2: c10c1f5d (button) showed [7h Ad] and lost with Pair of Sevens and Pair of Fives
Seat 3: 13ef94c1 (small blind) showed [Ac 8h] and won ($9.82) with Pair of Eights and Pair of Fives, Cashout Risk ($0.55)
Seat 4: 68f646d4 (big blind) folded on the Flop
Seat 6: Hero folded before Flop (didn't bet)


Poker Hand #HD1724654048: Hold'em No Limit ($0.02/$0.05) - 2024/04/10 21:14:00
Table 'NLHBlue23' 6-max Seat #6 is the button
Seat 2: c10c1f5d ($5.01 in chips)
Seat 3: 13ef94c1 ($5.96 in chips)
Seat 4: 138bf804 ($5 in chips)
Seat 6: Hero ($11.36 in chips)
c10c1f5d: posts small blind $0.02
13ef94c1: posts big blind $0.05
*** HOLE CARDS ***
Dealt to c10c1f5d 
Dealt to 13ef94c1 
Dealt to 138bf804 
Dealt to Hero [8s Jd]
138bf804: folds
Hero: folds
c10c1f5d: raises $0.1 to $0.15
13ef94c1: calls $0.1
*** FLOP *** [Ad Jc 5h]
c10c1f5d: bets $0.3
13ef94c1: calls $0.3
*** TURN *** [Ad Jc 5h] [Ac]
c10c1f5d: bets $0.9
13ef94c1: calls $0.9
*** RIVER *** [Ad Jc 5h Ac] [8d]
c10c1f5d: bets $2.7
13ef94c1: calls $2.7
c10c1f5d: shows [Ah 9c] (Three Aces)
13ef94c1: shows [Jh Td] (Pair of Aces and Pair of Jacks)
*** SHOWDOWN ***
c10c1f5d collected $7.57 from pot
*** SUMMARY ***
Total pot $8.1 | Rake $0.48 | Jackpot $0.05 | Bingo $0 | Fortune $0 | Tax $0
Board [Ad Jc 5h Ac 8d]
Seat 2: c10c1f5d (small blind) showed [Ah 9c] and won ($7.57) with Three Aces
Seat 3: 13ef94c1 (big blind) showed [Jh Td] and lost with Pair of Aces and Pair of Jacks
Seat 4: 138bf804 folded before Flop (didn't bet)
Seat 6: Hero (button) folded before Flop (didn't bet)


Poker Hand #HD1724653993: Hold'em No Limit ($0.02/$0.05) - 2024/04/10 21:13:37
Table 'NLHBlue23' 6-max Seat #4 is the button
Seat 2: c10c1f5d ($5.06 in chips)
Seat 3: 13ef94c1 ($5.96 in chips)
Seat 4: 138bf804 ($5 in chips)
Seat 6: Hero ($11.17 in chips)
Hero: posts small blind $0.02
c10c1f5d: posts big blind $0.05
*** HOLE CARDS ***
Dealt to c10c1f5d 
Dealt to 13ef94c1 
Dealt to 138bf804 
Dealt to Hero [Ks As]
13ef94c1: folds
138bf804: raises $0.1 to $0.15
Hero: raises $0.4 to $0.55
c10c1f5d: folds
138bf804: folds
Uncalled bet ($0.4) returned to Hero
*** SHOWDOWN ***
Hero collected $0.34 from pot
*** SUMMARY ***
Total pot $0.35 | Rake $0.01 | Jackpot $0 | Bingo $0 | Fortune $0 | Tax $0
Seat 2: c10c1f5d (big blind) folded before Flop
Seat 3: 13ef94c1 folded before Flop (didn't bet)
Seat 4: 138bf804 (button) folded before Flop
Seat 6: Hero (small blind) collected ($0.34)


Poker Hand #HD1724653971: Hold'em No Limit ($0.02/$0.05) - 2024/04/10 21:13:28
Table 'NLHBlue23' 6-max Seat #3 is the button
Seat 2: c10c1f5d ($4.99 in chips)
Seat 3: 13ef94c1 ($5.96 in chips)
Seat 4: 138bf804 ($5 in chips)
Seat 6: Hero ($11.22 in chips)
138bf804: posts small blind $0.02
Hero: posts big blind $0.05
*** HOLE CARDS ***
Dealt to c10c1f5d 
Dealt to 13ef94c1 
Dealt to 138bf804 
Dealt to Hero [7h 9s]
c10c1f5d: raises $0.12 to $0.17
13ef94c1: folds
138bf804: folds
Hero: folds
Uncalled bet ($0.12) returned to c10c1f5d
*** SHOWDOWN ***
c10c1f5d collected $0.12 from pot
*** SUMMARY ***
Total pot $0.12 | Rake $0 | Jackpot $0 | Bingo $0 | Fortune $0 | Tax $0
Seat 2: c10c1f5d collected ($0.12)
Seat 3: 13ef94c1 (button) folded before Flop (didn't bet)
Seat 4: 138bf804 (small blind) folded before Flop
Seat 6: Hero (big blind) folded before Flop


Poker Hand #HD1724653932: Hold'em No Limit ($0.02/$0.05) - 2024/04/10 21:13:12
Table 'NLHBlue23' 6-max Seat #2 is the button
Seat 2: c10c1f5d ($4.92 in chips)
Seat 3: 13ef94c1 ($5.98 in chips)
Seat 4: 138bf804 ($5 in chips)
Seat 6: Hero ($11.22 in chips)
13ef94c1: posts small blind $0.02
138bf804: posts big blind $0.05
*** HOLE CARDS ***
Dealt to c10c1f5d 
Dealt to 13ef94c1 
Dealt to 138bf804 
Dealt to Hero [6c 3d]
Hero: folds
c10c1f5d: raises $0.12 to $0.17
13ef94c1: folds
138bf804: folds
Uncalled bet ($0.12) returned to c10c1f5d
*** SHOWDOWN ***
c10c1f5d collected $0.12 from pot
*** SUMMARY ***
Total pot $0.12 | Rake $0 | Jackpot $0 | Bingo $0 | Fortune $0 | Tax $0
Seat 2: c10c1f5d (button) collected ($0.12)
Seat 3: 13ef94c1 (small blind) folded before Flop
Seat 4: 138bf804 (big blind) folded before Flop
Seat 6: Hero folded before Flop (didn't bet)


Poker Hand #HD1724653798: Hold'em No Limit ($0.02/$0.05) - 2024/04/10 21:12:10
Table 'NLHBlue23' 6-max Seat #6 is the button
Seat 2: c10c1f5d ($5.05 in chips)
Seat 3: 13ef94c1 ($6.03 in chips)
Seat 4: 138bf804 ($5 in chips)
Seat 6: Hero ($11.05 in chips)
c10c1f5d: posts small blind $0.02
13ef94c1: posts big blind $0.05
*** HOLE CARDS ***
Dealt to c10c1f5d 
Dealt to 13ef94c1 
Dealt to 138bf804 
Dealt to Hero [Jd Jc]
138bf804: folds
Hero: raises $0.08 to $0.13
c10c1f5d: calls $0.11
13ef94c1: folds
*** FLOP *** [7h Th 6c]
c10c1f5d: checks
Hero: bets $0.15
c10c1f5d: folds
Uncalled bet ($0.15) returned to Hero
*** SHOWDOWN ***
Hero collected $0.3 from pot
*** SUMMARY ***
Total pot $0.31 | Rake $0.01 | Jackpot $0 | Bingo $0 | Fortune $0 | Tax $0
Board [7h Th 6c]
Seat 2: c10c1f5d (small blind) folded on the Flop
Seat 3: 13ef94c1 (big blind) folded before Flop
Seat 4: 138bf804 folded before Flop (didn't bet)
Seat 6: Hero (button) won ($0.3)


Poker Hand #HD1724653776: Hold'em No Limit ($0.02/$0.05) - 2024/04/10 21:12:02
Table 'NLHBlue23' 6-max Seat #4 is the button
Seat 2: c10c1f5d ($5.1 in chips)
Seat 3: 13ef94c1 ($5.96 in chips)
Seat 4: 138bf804 ($5 in chips)
Seat 6: Hero ($11.07 in chips)
Hero: posts small blind $0.02
c10c1f5d: posts big blind $0.05
*** HOLE CARDS ***
Dealt to c10c1f5d 
Dealt to 13ef94c1 
Dealt to 138bf804 
Dealt to Hero [Jd 8s]
13ef94c1: raises $0.1 to $0.15
138bf804: folds
Hero: folds
c10c1f5d: folds
Uncalled bet ($0.1) returned to 13ef94c1
*** SHOWDOWN ***
13ef94c1 collected $0.12 from pot
*** SUMMARY ***
Total pot $0.12 | Rake $0 | Jackpot $0 | Bingo $0 | Fortune $0 | Tax $0
Seat 2: c10c1f5d (big blind) folded before Flop
Seat 3: 13ef94c1 collected ($0.12)
Seat 4: 138bf804 (button) folded before Flop (didn't bet)
Seat 6: Hero (small blind) folded before Flop


Poker Hand #HD1724653751: Hold'em No Limit ($0.02/$0.05) - 2024/04/10 21:11:51
Table 'NLHBlue23' 6-max Seat #3 is the button
Seat 2: c10c1f5d ($5.03 in chips)
Seat 3: 13ef94c1 ($5.96 in chips)
Seat 4: 138bf804 ($5.02 in chips)
Seat 6: Hero ($11.12 in chips)
138bf804: posts small blind $0.02
Hero: posts big blind $0.05
*** HOLE CARDS ***
Dealt to c10c1f5d 
Dealt to 13ef94c1 
Dealt to 138bf804 
Dealt to Hero [8s 2h]
c10c1f5d: raises $0.12 to $0.17
13ef94c1: folds
138bf804: folds
Hero: folds
Uncalled bet ($0.12) returned to c10c1f5d
*** SHOWDOWN ***
c10c1f5d collected $0.12 from pot
*** SUMMARY ***
Total pot $0.12 | Rake $0 | Jackpot $0 | Bingo $0 | Fortune $0 | Tax $0
Seat 2: c10c1f5d collected ($0.12)
Seat 3: 13ef94c1 (button) folded before Flop (didn't bet)
Seat 4: 138bf804 (small blind) folded before Flop
Seat 6: Hero (big blind) folded before Flop


Poker Hand #HD1724653733: Hold'em No Limit ($0.02/$0.05) - 2024/04/10 21:11:44
Table 'NLHBlue23' 6-max Seat #2 is the button
Seat 2: c10c1f5d ($5.03 in chips)
Seat 3: 13ef94c1 ($5.98 in chips)
Seat 4: 138bf804 ($5 in chips)
Seat 6: Hero ($11.12 in chips)
13ef94c1: posts small blind $0.02
138bf804: posts big blind $0.05
*** HOLE CARDS ***
Dealt to c10c1f5d 
Dealt to 13ef94c1 
Dealt to 138bf804 
Dealt to Hero [Qh 4d]
Hero: folds
c10c1f5d: folds
13ef94c1: folds
Uncalled bet ($0.03) returned to 138bf804
*** SHOWDOWN ***
138bf804 collected $0.04 from pot
*** SUMMARY ***
Total pot $0.04 | Rake $0 | Jackpot $0 | Bingo $0 | Fortune $0 | Tax $0
Seat 2: c10c1f5d (button) folded before Flop (didn't bet)
Seat 3: 13ef94c1 (small blind) folded before Flop
Seat 4: 138bf804 (big blind) collected ($0.04)
Seat 6: Hero folded before Flop (didn't bet)


Poker Hand #HD1724653653: Hold'em No Limit ($0.02/$0.05) - 2024/04/10 21:11:08
Table 'NLHBlue23' 6-max Seat #6 is the button
Seat 2: c10c1f5d ($4.79 in chips)
Seat 3: 13ef94c1 ($6.11 in chips)
Seat 6: Hero ($11.25 in chips)
c10c1f5d: posts small blind $0.02
13ef94c1: posts big blind $0.05
*** HOLE CARDS ***
Dealt to c10c1f5d 
Dealt to 13ef94c1 
Dealt to Hero [Js Td]
Hero: raises $0.08 to $0.13
c10c1f5d: calls $0.11
13ef94c1: calls $0.08
*** FLOP *** [8h 6c Kd]
c10c1f5d: bets $0.39
13ef94c1: folds
Hero: folds
Uncalled bet ($0.39) returned to c10c1f5d
*** SHOWDOWN ***
c10c1f5d collected $0.37 from pot
*** SUMMARY ***
Total pot $0.39 | Rake $0.02 | Jackpot $0 | Bingo $0 | Fortune $0 | Tax $0
Board [8h 6c Kd]
Seat 2: c10c1f5d (small blind) won ($0.37)
Seat 3: 13ef94c1 (big blind) folded on the Flop
Seat 6: Hero (button) folded on the Flop


Poker Hand #HD1724653625: Hold'em No Limit ($0.02/$0.05) - 2024/04/10 21:10:53
Table 'NLHBlue23' 6-max Seat #3 is the button
Seat 2: c10c1f5d ($4.84 in chips)
Seat 3: 13ef94c1 ($6.11 in chips)
Seat 6: Hero ($11.2 in chips)
Hero: posts small blind $0.02
c10c1f5d: posts big blind $0.05
*** HOLE CARDS ***
Dealt to c10c1f5d 
Dealt to 13ef94c1 
Dealt to Hero [Kh Tc]
13ef94c1: folds
Hero: raises $0.1 to $0.15
c10c1f5d: folds
Uncalled bet ($0.1) returned to Hero
*** SHOWDOWN ***
Hero collected $0.1 from pot
*** SUMMARY ***
Total pot $0.1 | Rake $0 | Jackpot $0 | Bingo $0 | Fortune $0 | Tax $0
Seat 2: c10c1f5d (big blind) folded before Flop
Seat 3: 13ef94c1 (button) folded before Flop (didn't bet)
Seat 6: Hero (small blind) collected ($0.1)


Poker Hand #HD1724653599: Hold'em No Limit ($0.02/$0.05) - 2024/04/10 21:10:43
Table 'NLHBlue23' 6-max Seat #2 is the button
Seat 2: c10c1f5d ($4.84 in chips)
Seat 3: 13ef94c1 ($6.13 in chips)
Seat 6: Hero ($11.18 in chips)
13ef94c1: posts small blind $0.02
Hero: posts big blind $0.05
*** HOLE CARDS ***
Dealt to c10c1f5d 
Dealt to 13ef94c1 
Dealt to Hero [6c 6s]
c10c1f5d: folds
13ef94c1: folds
Uncalled bet ($0.03) returned to Hero
*** SHOWDOWN ***
Hero collected $0.04 from pot
*** SUMMARY ***
Total pot $0.04 | Rake $0 | Jackpot $0 | Bingo $0 | Fortune $0 | Tax $0
Seat 2: c10c1f5d (button) folded before Flop (didn't bet)
Seat 3: 13ef94c1 (small blind) folded before Flop
Seat 6: Hero (big blind) collected ($0.04)


Poker Hand #HD1724653540: Hold'em No Limit ($0.02/$0.05) - 2024/04/10 21:10:11
Table 'NLHBlue23' 6-max Seat #6 is the button
Seat 2: c10c1f5d ($4.7 in chips)
Seat 3: 13ef94c1 ($6.28 in chips)
Seat 6: Hero ($11.18 in chips)
c10c1f5d: posts small blind $0.02
13ef94c1: posts big blind $0.05
*** HOLE CARDS ***
Dealt to c10c1f5d 
Dealt to 13ef94c1 
Dealt to Hero [5d 7h]
Hero: folds
c10c1f5d: raises $0.1 to $0.15
13ef94c1: calls $0.1
*** FLOP *** [Kc 8d 7c]
c10c1f5d: bets $0.3
13ef94c1: folds
Uncalled bet ($0.3) returned to c10c1f5d
*** SHOWDOWN ***
c10c1f5d collected $0.29 from pot
*** SUMMARY ***
Total pot $0.3 | Rake $0.01 | Jackpot $0 | Bingo $0 | Fortune $0 | Tax $0
Board [Kc 8d 7c]
Seat 2: c10c1f5d (small blind) won ($0.29)
Seat 3: 13ef94c1 (big blind) folded on the Flop
Seat 6: Hero (button) folded before Flop (didn't bet)


Poker Hand #HD1724653516: Hold'em No Limit ($0.02/$0.05) - 2024/04/10 21:09:59
Table 'NLHBlue23' 6-max Seat #3 is the button
Seat 2: c10c1f5d ($4.75 in chips)
Seat 3: 13ef94c1 ($6.21 in chips)
Seat 6: Hero ($11.2 in chips)
Hero: posts small blind $0.02
c10c1f5d: posts big blind $0.05
*** HOLE CARDS ***
Dealt to c10c1f5d 
Dealt to 13ef94c1 
Dealt to Hero [7d Jd]
13ef94c1: raises $0.1 to $0.15
Hero: folds
c10c1f5d: folds
Uncalled bet ($0.1) returned to 13ef94c1
*** SHOWDOWN ***
13ef94c1 collected $0.12 from pot
*** SUMMARY ***
Total pot $0.12 | Rake $0 | Jackpot $0 | Bingo $0 | Fortune $0 | Tax $0
Seat 2: c10c1f5d (big blind) folded before Flop
Seat 3: 13ef94c1 (button) collected ($0.12)
Seat 6: Hero (small blind) folded before Flop


Poker Hand #HD1724653493: Hold'em No Limit ($0.02/$0.05) - 2024/04/10 21:09:51
Table 'NLHBlue23' 6-max Seat #2 is the button
Seat 2: c10c1f5d ($4.75 in chips)
Seat 3: 13ef94c1 ($6.23 in chips)
Seat 6: Hero ($11.18 in chips)
13ef94c1: posts small blind $0.02
Hero: posts big blind $0.05
*** HOLE CARDS ***
Dealt to c10c1f5d 
Dealt to 13ef94c1 
Dealt to Hero [7c 7s]
c10c1f5d: folds
13ef94c1: folds
Uncalled bet ($0.03) returned to Hero
*** SHOWDOWN ***
Hero collected $0.04 from pot
*** SUMMARY ***
Total pot $0.04 | Rake $0 | Jackpot $0 | Bingo $0 | Fortune $0 | Tax $0
Seat 2: c10c1f5d (button) folded before Flop (didn't bet)
Seat 3: 13ef94c1 (small blind) folded before Flop
Seat 6: Hero (big blind) collected ($0.04)


Poker Hand #HD1724653419: Hold'em No Limit ($0.02/$0.05) - 2024/04/10 21:09:18
Table 'NLHBlue23' 6-max Seat #6 is the button
Seat 2: c10c1f5d ($4.58 in chips)
Seat 3: 13ef94c1 ($6.28 in chips)
Seat 5: ff79a70e ($4.98 in chips)
Seat 6: Hero ($11.31 in chips)
c10c1f5d: posts small blind $0.02
13ef94c1: posts big blind $0.05
*** HOLE CARDS ***
Dealt to c10c1f5d 
Dealt to 13ef94c1 
Dealt to ff79a70e 
Dealt to Hero [Ah 8d]
ff79a70e: folds
Hero: raises $0.08 to $0.13
c10c1f5d: calls $0.11
13ef94c1: folds
*** FLOP *** [3d 7d Qd]
c10c1f5d: bets $0.31
Hero: folds
Uncalled bet ($0.31) returned to c10c1f5d
*** SHOWDOWN ***
c10c1f5d collected $0.3 from pot
*** SUMMARY ***
Total pot $0.31 | Rake $0.01 | Jackpot $0 | Bingo $0 | Fortune $0 | Tax $0
Board [3d 7d Qd]
Seat 2: c10c1f5d (small blind) won ($0.3)
Seat 3: 13ef94c1 (big blind) folded before Flop
Seat 5: ff79a70e folded before Flop (didn't bet)
Seat 6: Hero (button) folded on the Flop


Poker Hand #HD1724653389: Hold'em No Limit ($0.02/$0.05) - 2024/04/10 21:09:06
Table 'NLHBlue23' 6-max Seat #5 is the button
Seat 2: c10c1f5d ($4.56 in chips)
Seat 3: 13ef94c1 ($6.28 in chips)
Seat 5: ff79a70e ($4.98 in chips)
Seat 6: Hero ($11.33 in chips)
Hero: posts small blind $0.02
c10c1f5d: posts big blind $0.05
*** HOLE CARDS ***
Dealt to c10c1f5d 
Dealt to 13ef94c1 
Dealt to ff79a70e 
Dealt to Hero [4h 3c]
13ef94c1: folds
ff79a70e: folds
Hero: folds
Uncalled bet ($0.03) returned to c10c1f5d
*** SHOWDOWN ***
c10c1f5d collected $0.04 from pot
*** SUMMARY ***
Total pot $0.04 | Rake $0 | Jackpot $0 | Bingo $0 | Fortune $0 | Tax $0
Seat 2: c10c1f5d (big blind) collected ($0.04)
Seat 3: 13ef94c1 folded before Flop (didn't bet)
Seat 5: ff79a70e (button) folded before Flop (didn't bet)
Seat 6: Hero (small blind) folded before Flop


Poker Hand #HD1724653328: Hold'em No Limit ($0.02/$0.05) - 2024/04/10 21:08:43
Table 'NLHBlue23' 6-max Seat #3 is the button
Seat 2: c10c1f5d ($4.49 in chips)
Seat 3: 13ef94c1 ($6.28 in chips)
Seat 5: ff79a70e ($5 in chips)
Seat 6: Hero ($11.38 in chips)
ff79a70e: posts small blind $0.02
Hero: posts big blind $0.05
*** HOLE CARDS ***
Dealt to c10c1f5d 
Dealt to 13ef94c1 
Dealt to ff79a70e 
Dealt to Hero [6h Jc]
c10c1f5d: calls $0.05
13ef94c1: folds
ff79a70e: folds
Hero: checks
*** FLOP *** [Td 8s Ah]
Hero: checks
c10c1f5d: bets $0.12
Hero: folds
Uncalled bet ($0.12) returned to c10c1f5d
*** SHOWDOWN ***
c10c1f5d collected $0.12 from pot
*** SUMMARY ***
Total pot $0.12 | Rake $0 | Jackpot $0 | Bingo $0 | Fortune $0 | Tax $0
Board [Td 8s Ah]
Seat 2: c10c1f5d won ($0.12)
Seat 3: 13ef94c1 (button) folded before Flop (didn't bet)
Seat 5: ff79a70e (small blind) folded before Flop
Seat 6: Hero (big blind) folded on the Flop


Poker Hand #HD1724653250: Hold'em No Limit ($0.02/$0.05) - 2024/04/10 21:08:10
Table 'NLHBlue23' 6-max Seat #2 is the button
Seat 2: c10c1f5d ($4.62 in chips)
Seat 3: 13ef94c1 ($6.3 in chips)
Seat 5: ff79a70e ($5 in chips)
Seat 6: Hero ($10.68 in chips)
13ef94c1: posts small blind $0.02
ff79a70e: posts big blind $0.05
*** HOLE CARDS ***
Dealt to c10c1f5d 
Dealt to 13ef94c1 
Dealt to ff79a70e 
Dealt to Hero [Qh Qs]
Hero: raises $0.08 to $0.13
c10c1f5d: calls $0.13
13ef94c1: folds
ff79a70e: raises $0.48 to $0.61
Hero: raises $0.74 to $1.35
c10c1f5d: folds
ff79a70e: folds
Uncalled bet ($0.74) returned to Hero
*** SHOWDOWN ***
Hero collected $1.31 from pot
*** SUMMARY ***
Total pot $1.37 | Rake $0.06 | Jackpot $0 | Bingo $0 | Fortune $0 | Tax $0
Seat 2: c10c1f5d (button) folded before Flop
Seat 3: 13ef94c1 (small blind) folded before Flop
Seat 5: ff79a70e (big blind) folded before Flop
Seat 6: Hero collected ($1.31)


Poker Hand #HD1724653227: Hold'em No Limit ($0.02/$0.05) - 2024/04/10 21:07:56
Table 'NLHBlue23' 6-max Seat #6 is the button
Seat 2: c10c1f5d ($4.64 in chips)
Seat 3: 13ef94c1 ($6.28 in chips)
Seat 5: ff79a70e ($5 in chips)
Seat 6: Hero ($10.68 in chips)
c10c1f5d: posts small blind $0.02
13ef94c1: posts big blind $0.05
*** HOLE CARDS ***
Dealt to c10c1f5d 
Dealt to 13ef94c1 
Dealt to ff79a70e 
Dealt to Hero [8s Jh]
ff79a70e: folds
Hero: folds
c10c1f5d: folds
Uncalled bet ($0.03) returned to 13ef94c1
*** SHOWDOWN ***
13ef94c1 collected $0.04 from pot
*** SUMMARY ***
Total pot $0.04 | Rake $0 | Jackpot $0 | Bingo $0 | Fortune $0 | Tax $0
Seat 2: c10c1f5d (small blind) folded before Flop
Seat 3: 13ef94c1 (big blind) collected ($0.04)
Seat 5: ff79a70e folded before Flop (didn't bet)
Seat 6: Hero (button) folded before Flop (didn't bet)


Poker Hand #HD1724652983: Hold'em No Limit ($0.02/$0.05) - 2024/04/10 21:06:16
Table 'NLHBlue23' 6-max Seat #5 is the button
Seat 1: ca64c51e ($8.95 in chips)
Seat 2: c10c1f5d ($4.64 in chips)
Seat 3: 13ef94c1 ($6.28 in chips)
Seat 4: 31f84623 ($5 in chips)
Seat 5: ff79a70e ($5.56 in chips)
Seat 6: Hero ($5.62 in chips)
Hero: posts small blind $0.02
ca64c51e: posts big blind $0.05
*** HOLE CARDS ***
Dealt to ca64c51e 
Dealt to c10c1f5d 
Dealt to 13ef94c1 
Dealt to 31f84623 
Dealt to ff79a70e 
Dealt to Hero [Ac Ah]
c10c1f5d: folds
13ef94c1: folds
31f84623: folds
ff79a70e: raises $0.1 to $0.15
Hero: raises $0.45 to $0.6
ca64c51e: folds
ff79a70e: calls $0.45
*** FLOP *** [3c 8h Td]
Hero: bets $0.5
ff79a70e: calls $0.5
*** TURN *** [3c 8h Td] [4d]
Hero: bets $0.6
ff79a70e: raises $1.4 to $2
Hero: calls $1.4
*** RIVER *** [3c 8h Td 4d] [6c]
Hero: checks
ff79a70e: bets $2.46 and is all-in
Hero: calls $2.46
ff79a70e: shows [9s 9c] (Pair of Nines)
Hero: shows [Ac Ah] (Pair of Aces)
*** SHOWDOWN ***
Hero collected $10.62 from pot
*** SUMMARY ***
Total pot $11.17 | Rake $0.5 | Jackpot $0.05 | Bingo $0 | Fortune $0 | Tax $0
Board [3c 8h Td 4d 6c]
Seat 1: ca64c51e (big blind) folded before Flop
Seat 2: c10c1f5d folded before Flop (didn't bet)
Seat 3: 13ef94c1 folded before Flop (didn't bet)
Seat 4: 31f84623 folded before Flop (didn't bet)
Seat 5: ff79a70e (button) showed [9s 9c] and lost with Pair of Nines
Seat 6: Hero (small blind) showed [Ac Ah] and won ($10.62) with Pair of Aces


Poker Hand #HD1724652877: Hold'em No Limit ($0.02/$0.05) - 2024/04/10 21:05:22
Table 'NLHBlue23' 6-max Seat #4 is the button
Seat 1: ca64c51e ($8.95 in chips)
Seat 2: c10c1f5d ($4.35 in chips)
Seat 3: 13ef94c1 ($6.53 in chips)
Seat 4: 31f84623 ($5 in chips)
Seat 5: ff79a70e ($5.58 in chips)
Seat 6: Hero ($5.67 in chips)
ff79a70e: posts small blind $0.02
Hero: posts big blind $0.05
*** HOLE CARDS ***
Dealt to ca64c51e 
Dealt to c10c1f5d 
Dealt to 13ef94c1 
Dealt to 31f84623 
Dealt to ff79a70e 
Dealt to Hero [Th 9d]
ca64c51e: folds
c10c1f5d: calls $0.05
13ef94c1: raises $0.2 to $0.25
31f84623: folds
ff79a70e: folds
Hero: folds
c10c1f5d: calls $0.2
*** FLOP *** [6c 2s Qs]
c10c1f5d: bets $0.19
13ef94c1: folds
Uncalled bet ($0.19) returned to c10c1f5d
*** SHOWDOWN ***
c10c1f5d collected $0.54 from pot
*** SUMMARY ***
Total pot $0.57 | Rake $0.03 | Jackpot $0 | Bingo $0 | Fortune $0 | Tax $0
Board [6c 2s Qs]
Seat 1: ca64c51e folded before Flop (didn't bet)
Seat 2: c10c1f5d won ($0.54)
Seat 3: 13ef94c1 folded on the Flop
Seat 4: 31f84623 (button) folded before Flop (didn't bet)
Seat 5: ff79a70e (small blind) folded before Flop
Seat 6: Hero (big blind) folded before Flop


Poker Hand #HD1724652770: Hold'em No Limit ($0.02/$0.05) - 2024/04/10 21:04:38
Table 'NLHBlue23' 6-max Seat #3 is the button
Seat 1: ca64c51e ($8.95 in chips)
Seat 2: c10c1f5d ($4.25 in chips)
Seat 3: 13ef94c1 ($6.53 in chips)
Seat 4: 31f84623 ($5 in chips)
Seat 5: ff79a70e ($5.63 in chips)
Seat 6: Hero ($5.67 in chips)
31f84623: posts small blind $0.02
ff79a70e: posts big blind $0.05
*** HOLE CARDS ***
Dealt to ca64c51e 
Dealt to c10c1f5d 
Dealt to 13ef94c1 
Dealt to 31f84623 
Dealt to ff79a70e 
Dealt to Hero [4d 5h]
Hero: folds
ca64c51e: folds
c10c1f5d: calls $0.05
13ef94c1: folds
31f84623: calls $0.03
ff79a70e: checks
*** FLOP *** [6d Ad Kc]
31f84623: checks
ff79a70e: checks
c10c1f5d: bets $0.15
31f84623: folds
ff79a70e: folds
Uncalled bet ($0.15) returned to c10c1f5d
*** SHOWDOWN ***
c10c1f5d collected $0.15 from pot
*** SUMMARY ***
Total pot $0.15 | Rake $0 | Jackpot $0 | Bingo $0 | Fortune $0 | Tax $0
Board [6d Ad Kc]
Seat 1: ca64c51e folded before Flop (didn't bet)
Seat 2: c10c1f5d won ($0.15)
Seat 3: 13ef94c1 (button) folded before Flop (didn't bet)
Seat 4: 31f84623 (small blind) folded on the Flop
Seat 5: ff79a70e (big blind) folded on the Flop
Seat 6: Hero folded before Flop (didn't bet)


Poker Hand #HD1724652710: Hold'em No Limit ($0.02/$0.05) - 2024/04/10 21:04:15
Table 'NLHBlue23' 6-max Seat #2 is the button
Seat 1: ca64c51e ($8.95 in chips)
Seat 2: c10c1f5d ($4.38 in chips)
Seat 3: 13ef94c1 ($6.55 in chips)
Seat 4: 31f84623 ($5 in chips)
Seat 5: ff79a70e ($5.44 in chips)
Seat 6: Hero ($5.67 in chips)
13ef94c1: posts small blind $0.02
31f84623: posts big blind $0.05
*** HOLE CARDS ***
Dealt to ca64c51e 
Dealt to c10c1f5d 
Dealt to 13ef94c1 
Dealt to 31f84623 
Dealt to ff79a70e 
Dealt to Hero [8h Ts]
ff79a70e: raises $0.08 to $0.13
Hero: folds
ca64c51e: folds
c10c1f5d: calls $0.13
13ef94c1: folds
31f84623: folds
*** FLOP *** [Kd 2h Kc]
ff79a70e: bets $0.19
c10c1f5d: folds
Uncalled bet ($0.19) returned to ff79a70e
*** SHOWDOWN ***
ff79a70e collected $0.32 from pot
*** SUMMARY ***
Total pot $0.33 | Rake $0.01 | Jackpot $0 | Bingo $0 | Fortune $0 | Tax $0
Board [Kd 2h Kc]
Seat 1: ca64c51e folded before Flop (didn't bet)
Seat 2: c10c1f5d (button) folded on the Flop
Seat 3: 13ef94c1 (small blind) folded before Flop
Seat 4: 31f84623 (big blind) folded before Flop
Seat 5: ff79a70e won ($0.32)
Seat 6: Hero folded before Flop (didn't bet)


Poker Hand #HD1724652581: Hold'em No Limit ($0.02/$0.05) - 2024/04/10 21:03:20
Table 'NLHBlue23' 6-max Seat #1 is the button
Seat 1: ca64c51e ($8.95 in chips)
Seat 2: c10c1f5d ($4.51 in chips)
Seat 3: 13ef94c1 ($6.6 in chips)
Seat 4: 31f84623 ($5 in chips)
Seat 5: ff79a70e ($5.44 in chips)
Seat 6: Hero ($5.5 in chips)
c10c1f5d: posts small blind $0.02
13ef94c1: posts big blind $0.05
*** HOLE CARDS ***
Dealt to ca64c51e 
Dealt to c10c1f5d 
Dealt to 13ef94c1 
Dealt to 31f84623 
Dealt to ff79a70e 
Dealt to Hero [Ad Ts]
31f84623: folds
ff79a70e: folds
Hero: raises $0.08 to $0.13
ca64c51e: folds
c10c1f5d: calls $0.11
13ef94c1: folds
*** FLOP *** [Qs 6c Tc]
c10c1f5d: checks
Hero: bets $0.15
c10c1f5d: folds
Uncalled bet ($0.15) returned to Hero
*** SHOWDOWN ***
Hero collected $0.3 from pot
*** SUMMARY ***
Total pot $0.31 | Rake $0.01 | Jackpot $0 | Bingo $0 | Fortune $0 | Tax $0
Board [Qs 6c Tc]
Seat 1: ca64c51e (button) folded before Flop (didn't bet)
Seat 2: c10c1f5d (small blind) folded on the Flop
Seat 3: 13ef94c1 (big blind) folded before Flop
Seat 4: 31f84623 folded before Flop (didn't bet)
Seat 5: ff79a70e folded before Flop (didn't bet)
Seat 6: Hero won ($0.3)


Poker Hand #HD1724652537: Hold'em No Limit ($0.02/$0.05) - 2024/04/10 21:02:58
Table 'NLHBlue23' 6-max Seat #6 is the button
Seat 1: ca64c51e ($8.97 in chips)
Seat 2: c10c1f5d ($4.56 in chips)
Seat 3: 13ef94c1 ($6.6 in chips)
Seat 4: 31f84623 ($5 in chips)
Seat 5: ff79a70e ($5.44 in chips)
Seat 6: Hero ($5.43 in chips)
ca64c51e: posts small blind $0.02
c10c1f5d: posts big blind $0.05
*** HOLE CARDS ***
Dealt to ca64c51e 
Dealt to c10c1f5d 
Dealt to 13ef94c1 
Dealt to 31f84623 
Dealt to ff79a70e 
Dealt to Hero [Kh Ah]
13ef94c1: folds
31f84623: folds
ff79a70e: folds
Hero: raises $0.08 to $0.13
ca64c51e: folds
c10c1f5d: folds
Uncalled bet ($0.08) returned to Hero
*** SHOWDOWN ***
Hero collected $0.12 from pot
*** SUMMARY ***
Total pot $0.12 | Rake $0 | Jackpot $0 | Bingo $0 | Fortune $0 | Tax $0
Seat 1: ca64c51e (small blind) folded before Flop
Seat 2: c10c1f5d (big blind) folded before Flop
Seat 3: 13ef94c1 folded before Flop (didn't bet)
Seat 4: 31f84623 folded before Flop (didn't bet)
Seat 5: ff79a70e folded before Flop (didn't bet)
Seat 6: Hero (button) collected ($0.12)


Poker Hand #HD1724652496: Hold'em No Limit ($0.02/$0.05) - 2024/04/10 21:02:40
Table 'NLHBlue23' 6-max Seat #5 is the button
Seat 1: ca64c51e ($9.02 in chips)
Seat 2: c10c1f5d ($4.49 in chips)
Seat 3: 13ef94c1 ($6.6 in chips)
Seat 4: 31f84623 ($5 in chips)
Seat 5: ff79a70e ($5.44 in chips)
Seat 6: Hero ($5.45 in chips)
Hero: posts small blind $0.02
ca64c51e: posts big blind $0.05
*** HOLE CARDS ***
Dealt to ca64c51e 
Dealt to c10c1f5d 
Dealt to 13ef94c1 
Dealt to 31f84623 
Dealt to ff79a70e 
Dealt to Hero [2h 7c]
c10c1f5d: raises $0.12 to $0.17
13ef94c1: folds
31f84623: folds
ff79a70e: folds
Hero: folds
ca64c51e: folds
Uncalled bet ($0.12) returned to c10c1f5d
*** SHOWDOWN ***
c10c1f5d collected $0.12 from pot
*** SUMMARY ***
Total pot $0.12 | Rake $0 | Jackpot $0 | Bingo $0 | Fortune $0 | Tax $0
Seat 1: ca64c51e (big blind) folded before Flop
Seat 2: c10c1f5d collected ($0.12)
Seat 3: 13ef94c1 folded before Flop (didn't bet)
Seat 4: 31f84623 folded before Flop (didn't bet)
Seat 5: ff79a70e (button) folded before Flop (didn't bet)
Seat 6: Hero (small blind) folded before Flop


Poker Hand #HD1724652443: Hold'em No Limit ($0.02/$0.05) - 2024/04/10 21:02:14
Table 'NLHBlue23' 6-max Seat #4 is the button
Seat 1: ca64c51e ($9.02 in chips)
Seat 2: c10c1f5d ($4.42 in chips)
Seat 3: 13ef94c1 ($6.6 in chips)
Seat 4: 31f84623 ($5 in chips)
Seat 5: ff79a70e ($5.46 in chips)
Seat 6: Hero ($5.5 in chips)
ff79a70e: posts small blind $0.02
Hero: posts big blind $0.05
*** HOLE CARDS ***
Dealt to ca64c51e 
Dealt to c10c1f5d 
Dealt to 13ef94c1 
Dealt to 31f84623 
Dealt to ff79a70e 
Dealt to Hero [4d 7h]
ca64c51e: folds
c10c1f5d: raises $0.12 to $0.17
13ef94c1: folds
31f84623: folds
ff79a70e: folds
Hero: folds
Uncalled bet ($0.12) returned to c10c1f5d
*** SHOWDOWN ***
c10c1f5d collected $0.12 from pot
*** SUMMARY ***
Total pot $0.12 | Rake $0 | Jackpot $0 | Bingo $0 | Fortune $0 | Tax $0
Seat 1: ca64c51e folded before Flop (didn't bet)
Seat 2: c10c1f5d collected ($0.12)
Seat 3: 13ef94c1 folded before Flop (didn't bet)
Seat 4: 31f84623 (button) folded before Flop (didn't bet)
Seat 5: ff79a70e (small blind) folded before Flop
Seat 6: Hero (big blind) folded before Flop


Poker Hand #HD1724652241: Hold'em No Limit ($0.02/$0.05) - 2024/04/10 21:00:50
Table 'NLHBlue23' 6-max Seat #3 is the button
Seat 1: ca64c51e ($9.26 in chips)
Seat 2: c10c1f5d ($4.14 in chips)
Seat 3: 13ef94c1 ($6.6 in chips)
Seat 4: 31f84623 ($5 in chips)
Seat 5: ff79a70e ($5.51 in chips)
Seat 6: Hero ($5.5 in chips)
31f84623: posts small blind $0.02
ff79a70e: posts big blind $0.05
*** HOLE CARDS ***
Dealt to ca64c51e 
Dealt to c10c1f5d 
Dealt to 13ef94c1 
Dealt to 31f84623 
Dealt to ff79a70e 
Dealt to Hero [9c 4h]
Hero: folds
ca64c51e: raises $0.08 to $0.13
c10c1f5d: calls $0.13
13ef94c1: folds
31f84623: folds
ff79a70e: folds
*** FLOP *** [2h 9h Qd]
ca64c51e: checks
c10c1f5d: checks
*** TURN *** [2h 9h Qd] [Ts]
ca64c51e: bets $0.11
c10c1f5d: calls $0.11
*** RIVER *** [2h 9h Qd Ts] [6h]
ca64c51e: checks
c10c1f5d: checks
ca64c51e: shows [Ac Jc] (Ace-High)
c10c1f5d: shows [5c Tc] (Pair of Tens)
*** SHOWDOWN ***
c10c1f5d collected $0.52 from pot
*** SUMMARY ***
Total pot $0.55 | Rake $0.03 | Jackpot $0 | Bingo $0 | Fortune $0 | Tax $0
Board [2h 9h Qd Ts 6h]
Seat 1: ca64c51e showed [Ac Jc] and lost with Ace-High
Seat 2: c10c1f5d showed [5c Tc] and won ($0.52) with Pair of Tens
Seat 3: 13ef94c1 (button) folded before Flop (didn't bet)
Seat 4: 31f84623 (small blind) folded before Flop
Seat 5: ff79a70e (big blind) folded before Flop
Seat 6: Hero folded before Flop (didn't bet)


Poker Hand #HD1724652166: Hold'em No Limit ($0.02/$0.05) - 2024/04/10 21:00:18
Table 'NLHBlue23' 6-max Seat #2 is the button
Seat 1: ca64c51e ($9.26 in chips)
Seat 2: c10c1f5d ($4.39 in chips)
Seat 3: 13ef94c1 ($6.32 in chips)
Seat 4: 31f84623 ($5 in chips)
Seat 5: ff79a70e ($5.51 in chips)
Seat 6: Hero ($5.5 in chips)
13ef94c1: posts small blind $0.02
31f84623: posts big blind $0.05
*** HOLE CARDS ***
Dealt to ca64c51e 
Dealt to c10c1f5d 
Dealt to 13ef94c1 
Dealt to 31f84623 
Dealt to ff79a70e 
Dealt to Hero [2d 5c]
ff79a70e: folds
Hero: folds
ca64c51e: folds
c10c1f5d: calls $0.05
13ef94c1: raises $0.2 to $0.25
31f84623: folds
c10c1f5d: calls $0.2
*** FLOP *** [4d Qh 9d]
13ef94c1: bets $0.4
c10c1f5d: folds
Uncalled bet ($0.4) returned to 13ef94c1
*** SHOWDOWN ***
13ef94c1 collected $0.53 from pot
*** SUMMARY ***
Total pot $0.55 | Rake $0.02 | Jackpot $0 | Bingo $0 | Fortune $0 | Tax $0
Board [4d Qh 9d]
Seat 1: ca64c51e folded before Flop (didn't bet)
Seat 2: c10c1f5d (button) folded on the Flop
Seat 3: 13ef94c1 (small blind) won ($0.53)
Seat 4: 31f84623 (big blind) folded before Flop
Seat 5: ff79a70e folded before Flop (didn't bet)
Seat 6: Hero folded before Flop (didn't bet)


Poker Hand #HD1724652119: Hold'em No Limit ($0.02/$0.05) - 2024/04/10 20:59:56
Table 'NLHBlue23' 6-max Seat #1 is the button
Seat 1: ca64c51e ($9.26 in chips)
Seat 2: c10c1f5d ($4.34 in chips)
Seat 3: 13ef94c1 ($6.37 in chips)
Seat 4: 31f84623 ($5 in chips)
Seat 5: ff79a70e ($5.51 in chips)
Seat 6: Hero ($5.5 in chips)
c10c1f5d: posts small blind $0.02
13ef94c1: posts big blind $0.05
*** HOLE CARDS ***
Dealt to ca64c51e 
Dealt to c10c1f5d 
Dealt to 13ef94c1 
Dealt to 31f84623 
Dealt to ff79a70e 
Dealt to Hero [2h 7h]
31f84623: folds
ff79a70e: folds
Hero: folds
ca64c51e: folds
c10c1f5d: raises $0.1 to $0.15
13ef94c1: folds
Uncalled bet ($0.1) returned to c10c1f5d
*** SHOWDOWN ***
c10c1f5d collected $0.1 from pot
*** SUMMARY ***
Total pot $0.1 | Rake $0 | Jackpot $0 | Bingo $0 | Fortune $0 | Tax $0
Seat 1: ca64c51e (button) folded before Flop (didn't bet)
Seat 2: c10c1f5d (small blind) collected ($0.1)
Seat 3: 13ef94c1 (big blind) folded before Flop
Seat 4: 31f84623 folded before Flop (didn't bet)
Seat 5: ff79a70e folded before Flop (didn't bet)
Seat 6: Hero folded before Flop (didn't bet)


Poker Hand #HD1724652052: Hold'em No Limit ($0.02/$0.05) - 2024/04/10 20:59:27
Table 'NLHBlue23' 6-max Seat #6 is the button
Seat 1: ca64c51e ($9.28 in chips)
Seat 2: c10c1f5d ($4.2 in chips)
Seat 4: 31f84623 ($5 in chips)
Seat 5: ff79a70e ($5.51 in chips)
Seat 6: Hero ($5.63 in chips)
ca64c51e: posts small blind $0.02
c10c1f5d: posts big blind $0.05
*** HOLE CARDS ***
Dealt to ca64c51e 
Dealt to c10c1f5d 
Dealt to 31f84623 
Dealt to ff79a70e 
Dealt to Hero [Ad 8c]
31f84623: folds
ff79a70e: folds
Hero: raises $0.08 to $0.13
ca64c51e: folds
c10c1f5d: raises $0.28 to $0.41
Hero: folds
Uncalled bet ($0.28) returned to c10c1f5d
*** SHOWDOWN ***
c10c1f5d collected $0.27 from pot
*** SUMMARY ***
Total pot $0.28 | Rake $0.01 | Jackpot $0 | Bingo $0 | Fortune $0 | Tax $0
Seat 1: ca64c51e (small blind) folded before Flop
Seat 2: c10c1f5d (big blind) collected ($0.27)
Seat 4: 31f84623 folded before Flop (didn't bet)
Seat 5: ff79a70e folded before Flop (didn't bet)
Seat 6: Hero (button) folded before Flop


Poker Hand #HD1724651985: Hold'em No Limit ($0.02/$0.05) - 2024/04/10 20:58:58
Table 'NLHBlue23' 6-max Seat #5 is the button
Seat 1: ca64c51e ($9.33 in chips)
Seat 4: 31f84623 ($5.05 in chips)
Seat 5: ff79a70e ($5.03 in chips)
Seat 6: Hero ($5.65 in chips)
Hero: posts small blind $0.02
ca64c51e: posts big blind $0.05
*** HOLE CARDS ***
Dealt to ca64c51e 
Dealt to 31f84623 
Dealt to ff79a70e 
Dealt to Hero [Jh Ts]
31f84623: raises $0.08 to $0.13
ff79a70e: raises $0.32 to $0.45
Hero: folds
ca64c51e: folds
31f84623: calls $0.32
*** FLOP *** [Kc Qs 9h]
31f84623: checks
ff79a70e: bets $0.64
31f84623: folds
Uncalled bet ($0.64) returned to ff79a70e
*** SHOWDOWN ***
ff79a70e collected $0.93 from pot
*** SUMMARY ***
Total pot $0.97 | Rake $0.04 | Jackpot $0 | Bingo $0 | Fortune $0 | Tax $0
Board [Kc Qs 9h]
Seat 1: ca64c51e (big blind) folded before Flop
Seat 4: 31f84623 folded on the Flop
Seat 5: ff79a70e (button) won ($0.93)
Seat 6: Hero (small blind) folded before Flop


Poker Hand #HD1724651958: Hold'em No Limit ($0.02/$0.05) - 2024/04/10 20:58:44
Table 'NLHBlue23' 6-max Seat #4 is the button
Seat 1: ca64c51e ($9.33 in chips)
Seat 4: 31f84623 ($5.05 in chips)
Seat 5: ff79a70e ($4.98 in chips)
Seat 6: Hero ($5.7 in chips)
ff79a70e: posts small blind $0.02
Hero: posts big blind $0.05
*** HOLE CARDS ***
Dealt to ca64c51e 
Dealt to 31f84623 
Dealt to ff79a70e 
Dealt to Hero [Ks 6h]
ca64c51e: folds
31f84623: folds
ff79a70e: raises $0.08 to $0.13
Hero: folds
Uncalled bet ($0.08) returned to ff79a70e
*** SHOWDOWN ***
ff79a70e collected $0.1 from pot
*** SUMMARY ***
Total pot $0.1 | Rake $0 | Jackpot $0 | Bingo $0 | Fortune $0 | Tax $0
Seat 1: ca64c51e folded before Flop (didn't bet)
Seat 4: 31f84623 (button) folded before Flop (didn't bet)
Seat 5: ff79a70e (small blind) collected ($0.1)
Seat 6: Hero (big blind) folded before Flop


Poker Hand #HD1724651923: Hold'em No Limit ($0.02/$0.05) - 2024/04/10 20:58:29
Table 'NLHBlue23' 6-max Seat #1 is the button
Seat 1: ca64c51e ($9.33 in chips)
Seat 4: 31f84623 ($5.07 in chips)
Seat 5: ff79a70e ($4.96 in chips)
Seat 6: Hero ($5.7 in chips)
31f84623: posts small blind $0.02
ff79a70e: posts big blind $0.05
*** HOLE CARDS ***
Dealt to ca64c51e 
Dealt to 31f84623 
Dealt to ff79a70e 
Dealt to Hero [9s 2c]
Hero: folds
ca64c51e: folds
31f84623: folds
Uncalled bet ($0.03) returned to ff79a70e
*** SHOWDOWN ***
ff79a70e collected $0.04 from pot
*** SUMMARY ***
Total pot $0.04 | Rake $0 | Jackpot $0 | Bingo $0 | Fortune $0 | Tax $0
Seat 1: ca64c51e (button) folded before Flop (didn't bet)
Seat 4: 31f84623 (small blind) folded before Flop
Seat 5: ff79a70e (big blind) collected ($0.04)
Seat 6: Hero folded before Flop (didn't bet)


Poker Hand #HD1724651898: Hold'em No Limit ($0.02/$0.05) - 2024/04/10 20:58:19
Table 'NLHBlue23' 6-max Seat #6 is the button
Seat 1: ca64c51e ($9.35 in chips)
Seat 4: 31f84623 ($5.12 in chips)
Seat 5: ff79a70e ($4.89 in chips)
Seat 6: Hero ($5.7 in chips)
ca64c51e: posts small blind $0.02
31f84623: posts big blind $0.05
*** HOLE CARDS ***
Dealt to ca64c51e 
Dealt to 31f84623 
Dealt to ff79a70e 
Dealt to Hero [7h Qd]
ff79a70e: raises $0.1 to $0.15
Hero: folds
ca64c51e: folds
31f84623: folds
Uncalled bet ($0.1) returned to ff79a70e
*** SHOWDOWN ***
ff79a70e collected $0.12 from pot
*** SUMMARY ***
Total pot $0.12 | Rake $0 | Jackpot $0 | Bingo $0 | Fortune $0 | Tax $0
Seat 1: ca64c51e (small blind) folded before Flop
Seat 4: 31f84623 (big blind) folded before Flop
Seat 5: ff79a70e collected ($0.12)
Seat 6: Hero (button) folded before Flop (didn't bet)


Poker Hand #HD1724651870: Hold'em No Limit ($0.02/$0.05) - 2024/04/10 20:58:07
Table 'NLHBlue23' 6-max Seat #5 is the button
Seat 1: ca64c51e ($9.33 in chips)
Seat 3: cbbb1be6 ($5.15 in chips)
Seat 4: 31f84623 ($5.12 in chips)
Seat 5: ff79a70e ($4.89 in chips)
Seat 6: Hero ($5.72 in chips)
Hero: posts small blind $0.02
ca64c51e: posts big blind $0.05
*** HOLE CARDS ***
Dealt to ca64c51e 
Dealt to cbbb1be6 
Dealt to 31f84623 
Dealt to ff79a70e 
Dealt to Hero [2c Qs]
cbbb1be6: folds
31f84623: folds
ff79a70e: folds
Hero: folds
Uncalled bet ($0.03) returned to ca64c51e
*** SHOWDOWN ***
ca64c51e collected $0.04 from pot
*** SUMMARY ***
Total pot $0.04 | Rake $0 | Jackpot $0 | Bingo $0 | Fortune $0 | Tax $0
Seat 1: ca64c51e (big blind) collected ($0.04)
Seat 3: cbbb1be6 folded before Flop (didn't bet)
Seat 4: 31f84623 folded before Flop (didn't bet)
Seat 5: ff79a70e (button) folded before Flop (didn't bet)
Seat 6: Hero (small blind) folded before Flop


Poker Hand #HD1724651762: Hold'em No Limit ($0.02/$0.05) - 2024/04/10 20:57:16
Table 'NLHBlue23' 6-max Seat #4 is the button
Seat 1: ca64c51e ($9.33 in chips)
Seat 3: cbbb1be6 ($4.99 in chips)
Seat 4: 31f84623 ($5.12 in chips)
Seat 5: ff79a70e ($4.91 in chips)
Seat 6: Hero ($5.87 in chips)
ff79a70e: posts small blind $0.02
Hero: posts big blind $0.05
*** HOLE CARDS ***
Dealt to ca64c51e 
Dealt to cbbb1be6 
Dealt to 31f84623 
Dealt to ff79a70e 
Dealt to Hero [Jd 9c]
ca64c51e: folds
cbbb1be6: calls $0.05
31f84623: folds
ff79a70e: folds
Hero: checks
*** FLOP *** [4s 7s Qc]
Hero: checks
cbbb1be6: checks
*** TURN *** [4s 7s Qc] [As]
Hero: checks
cbbb1be6: checks
*** RIVER *** [4s 7s Qc As] [4c]
Hero: bets $0.1
cbbb1be6: calls $0.1
Hero: shows [Jd 9c] (Pair of Fours)
cbbb1be6: shows [Js 7h] (Pair of Sevens and Pair of Fours)
*** SHOWDOWN ***
cbbb1be6 collected $0.31 from pot
*** SUMMARY ***
Total pot $0.32 | Rake $0.01 | Jackpot $0 | Bingo $0 | Fortune $0 | Tax $0
Board [4s 7s Qc As 4c]
Seat 1: ca64c51e folded before Flop (didn't bet)
Seat 3: cbbb1be6 showed [Js 7h] and won ($0.31) with Pair of Sevens and Pair of Fours
Seat 4: 31f84623 (button) folded before Flop (didn't bet)
Seat 5: ff79a70e (small blind) folded before Flop
Seat 6: Hero (big blind) showed [Jd 9c] and lost with Pair of Fours


Poker Hand #HD1724651680: Hold'em No Limit ($0.02/$0.05) - 2024/04/10 20:56:40
Table 'NLHBlue23' 6-max Seat #3 is the button
Seat 1: ca64c51e ($9.33 in chips)
Seat 3: cbbb1be6 ($4.87 in chips)
Seat 4: 31f84623 ($5.14 in chips)
Seat 5: ff79a70e ($5.02 in chips)
Seat 6: Hero ($5.87 in chips)
31f84623: posts small blind $0.02
ff79a70e: posts big blind $0.05
*** HOLE CARDS ***
Dealt to ca64c51e 
Dealt to cbbb1be6 
Dealt to 31f84623 
Dealt to ff79a70e 
Dealt to Hero [7d 9s]
Hero: folds
ca64c51e: folds
cbbb1be6: calls $0.05
31f84623: folds
ff79a70e: checks
*** FLOP *** [Jd Th 5c]
ff79a70e: checks
cbbb1be6: bets $0.06
ff79a70e: calls $0.06
*** TURN *** [Jd Th 5c] [5d]
ff79a70e: checks
cbbb1be6: bets $0.12
ff79a70e: folds
Uncalled bet ($0.12) returned to cbbb1be6
*** SHOWDOWN ***
cbbb1be6 collected $0.23 from pot
*** SUMMARY ***
Total pot $0.24 | Rake $0.01 | Jackpot $0 | Bingo $0 | Fortune $0 | Tax $0
Board [Jd Th 5c 5d]
Seat 1: ca64c51e folded before Flop (didn't bet)
Seat 3: cbbb1be6 (button) won ($0.23)
Seat 4: 31f84623 (small blind) folded before Flop
Seat 5: ff79a70e (big blind) folded on the Turn
Seat 6: Hero folded before Flop (didn't bet)


Poker Hand #HD1724651558: Hold'em No Limit ($0.02/$0.05) - 2024/04/10 20:55:52
Table 'NLHBlue23' 6-max Seat #1 is the button
Seat 1: ca64c51e ($9.33 in chips)
Seat 2: 698a3481 ($7.98 in chips)
Seat 3: cbbb1be6 ($5 in chips)
Seat 4: 31f84623 ($5 in chips)
Seat 5: ff79a70e ($5.02 in chips)
Seat 6: Hero ($5.87 in chips)
698a3481: posts small blind $0.02
cbbb1be6: posts big blind $0.05
*** HOLE CARDS ***
Dealt to ca64c51e 
Dealt to 698a3481 
Dealt to cbbb1be6 
Dealt to 31f84623 
Dealt to ff79a70e 
Dealt to Hero [9d Jh]
31f84623: raises $0.08 to $0.13
ff79a70e: folds
Hero: folds
ca64c51e: folds
698a3481: folds
cbbb1be6: calls $0.08
*** FLOP *** [Tc 6d Jd]
cbbb1be6: checks
31f84623: bets $0.14
cbbb1be6: folds
Uncalled bet ($0.14) returned to 31f84623
*** SHOWDOWN ***
31f84623 collected $0.27 from pot
*** SUMMARY ***
Total pot $0.28 | Rake $0.01 | Jackpot $0 | Bingo $0 | Fortune $0 | Tax $0
Board [Tc 6d Jd]
Seat 1: ca64c51e (button) folded before Flop (didn't bet)
Seat 2: 698a3481 (small blind) folded before Flop
Seat 3: cbbb1be6 (big blind) folded on the Flop
Seat 4: 31f84623 won ($0.27)
Seat 5: ff79a70e folded before Flop (didn't bet)
Seat 6: Hero folded before Flop (didn't bet)


Poker Hand #HD1724651489: Hold'em No Limit ($0.02/$0.05) - 2024/04/10 20:55:25
Table 'NLHBlue23' 6-max Seat #6 is the button
Seat 1: ca64c51e ($9.16 in chips)
Seat 2: 698a3481 ($8.03 in chips)
Seat 4: 31f84623 ($5 in chips)
Seat 5: ff79a70e ($5.02 in chips)
Seat 6: Hero ($6 in chips)
ca64c51e: posts small blind $0.02
698a3481: posts big blind $0.05
*** HOLE CARDS ***
Dealt to ca64c51e 
Dealt to 698a3481 
Dealt to 31f84623 
Dealt to ff79a70e 
Dealt to Hero [Qd Kh]
31f84623: folds
ff79a70e: folds
Hero: raises $0.08 to $0.13
ca64c51e: raises $0.31 to $0.44
698a3481: folds
Hero: folds
Uncalled bet ($0.31) returned to ca64c51e
*** SHOWDOWN ***
ca64c51e collected $0.3 from pot
*** SUMMARY ***
Total pot $0.31 | Rake $0.01 | Jackpot $0 | Bingo $0 | Fortune $0 | Tax $0
Seat 1: ca64c51e (small blind) collected ($0.3)
Seat 2: 698a3481 (big blind) folded before Flop
Seat 4: 31f84623 folded before Flop (didn't bet)
Seat 5: ff79a70e folded before Flop (didn't bet)
Seat 6: Hero (button) folded before Flop


Poker Hand #HD1724651363: Hold'em No Limit ($0.02/$0.05) - 2024/04/10 20:54:32
Table 'NLHBlue23' 6-max Seat #5 is the button
Seat 1: ca64c51e ($9.46 in chips)
Seat 2: 698a3481 ($8.03 in chips)
Seat 4: 31f84623 ($5 in chips)
Seat 5: ff79a70e ($5.02 in chips)
Seat 6: Hero ($5.73 in chips)
Hero: posts small blind $0.02
ca64c51e: posts big blind $0.05
*** HOLE CARDS ***
Dealt to ca64c51e 
Dealt to 698a3481 
Dealt to 31f84623 
Dealt to ff79a70e 
Dealt to Hero [Td Kc]
698a3481: folds
31f84623: folds
ff79a70e: folds
Hero: raises $0.1 to $0.15
ca64c51e: calls $0.1
*** FLOP *** [9s 2h Ks]
Hero: bets $0.15
ca64c51e: calls $0.15
*** TURN *** [9s 2h Ks] [Ad]
Hero: checks
ca64c51e: checks
*** RIVER *** [9s 2h Ks Ad] [6d]
Hero: checks
ca64c51e: checks
Hero: shows [Td Kc] (Pair of Kings)
ca64c51e: shows [Jd Th] (Ace-High)
*** SHOWDOWN ***
Hero collected $0.57 from pot
*** SUMMARY ***
Total pot $0.6 | Rake $0.03 | Jackpot $0 | Bingo $0 | Fortune $0 | Tax $0
Board [9s 2h Ks Ad 6d]
Seat 1: ca64c51e (big blind) showed [Jd Th] and lost with Ace-High
Seat 2: 698a3481 folded before Flop (didn't bet)
Seat 4: 31f84623 folded before Flop (didn't bet)
Seat 5: ff79a70e (button) folded before Flop (didn't bet)
Seat 6: Hero (small blind) showed [Td Kc] and won ($0.57) with Pair of Kings


Poker Hand #HD1724651237: Hold'em No Limit ($0.02/$0.05) - 2024/04/10 20:53:39
Table 'NLHBlue23' 6-max Seat #4 is the button
Seat 1: ca64c51e ($9.46 in chips)
Seat 2: 698a3481 ($8.03 in chips)
Seat 4: 31f84623 ($5 in chips)
Seat 5: ff79a70e ($5.04 in chips)
Seat 6: Hero ($5.12 in chips)
ff79a70e: posts small blind $0.02
Hero: posts big blind $0.05
*** HOLE CARDS ***
Dealt to ca64c51e 
Dealt to 698a3481 
Dealt to 31f84623 
Dealt to ff79a70e 
Dealt to Hero [Tc Ks]
ca64c51e: folds
698a3481: folds
31f84623: raises $0.1 to $0.15
ff79a70e: folds
Hero: calls $0.1
*** FLOP *** [9h 7c 7h]
Hero: checks
31f84623: checks
*** TURN *** [9h 7c 7h] [8h]
Hero: bets $0.15
31f84623: calls $0.15
*** RIVER *** [9h 7c 7h 8h] [8d]
Hero: bets $0.35
31f84623: calls $0.35
Hero: shows [Tc Ks] (Pair of Eights and Pair of Sevens)
31f84623: shows [3h 3d] (Pair of Eights and Pair of Sevens)
*** SHOWDOWN ***
Hero collected $1.26 from pot
*** SUMMARY ***
Total pot $1.32 | Rake $0.06 | Jackpot $0 | Bingo $0 | Fortune $0 | Tax $0
Board [9h 7c 7h 8h 8d]
Seat 1: ca64c51e folded before Flop (didn't bet)
Seat 2: 698a3481 folded before Flop (didn't bet)
Seat 4: 31f84623 (button) showed [3h 3d] and lost with Pair of Eights and Pair of Sevens
Seat 5: ff79a70e (small blind) folded before Flop
Seat 6: Hero (big blind) showed [Tc Ks] and won ($1.26) with Pair of Eights and Pair of Sevens


Poker Hand #HD1724651207: Hold'em No Limit ($0.02/$0.05) - 2024/04/10 20:53:24
Table 'NLHBlue23' 6-max Seat #2 is the button
Seat 1: ca64c51e ($9.46 in chips)
Seat 2: 698a3481 ($8.03 in chips)
Seat 4: 31f84623 ($5 in chips)
Seat 5: ff79a70e ($4.93 in chips)
Seat 6: Hero ($5.22 in chips)
31f84623: posts small blind $0.02
ff79a70e: posts big blind $0.05
*** HOLE CARDS ***
Dealt to ca64c51e 
Dealt to 698a3481 
Dealt to 31f84623 
Dealt to ff79a70e 
Dealt to Hero [Kh Qc]
Hero: raises $0.05 to $0.1
ca64c51e: folds
698a3481: folds
31f84623: folds
ff79a70e: raises $0.4 to $0.5
Hero: folds
Uncalled bet ($0.4) returned to ff79a70e
*** SHOWDOWN ***
ff79a70e collected $0.21 from pot
*** SUMMARY ***
Total pot $0.22 | Rake $0.01 | Jackpot $0 | Bingo $0 | Fortune $0 | Tax $0
Seat 1: ca64c51e folded before Flop (didn't bet)
Seat 2: 698a3481 (button) folded before Flop (didn't bet)
Seat 4: 31f84623 (small blind) folded before Flop
Seat 5: ff79a70e (big blind) collected ($0.21)
Seat 6: Hero folded before Flop


Poker Hand #HD1724651079: Hold'em No Limit ($0.02/$0.05) - 2024/04/10 20:52:33
Table 'NLHBlue23' 6-max Seat #1 is the button
Seat 1: ca64c51e ($9.46 in chips)
Seat 2: 698a3481 ($5.18 in chips)
Seat 3: 7fd70f9c ($3.21 in chips)
Seat 4: 31f84623 ($5 in chips)
Seat 5: ff79a70e ($4.93 in chips)
Seat 6: Hero ($5.22 in chips)
698a3481: posts small blind $0.02
7fd70f9c: posts big blind $0.05
*** HOLE CARDS ***
Dealt to ca64c51e 
Dealt to 698a3481 
Dealt to 7fd70f9c 
Dealt to 31f84623 
Dealt to ff79a70e 
Dealt to Hero [Jc 6c]
31f84623: folds
ff79a70e: folds
Hero: folds
ca64c51e: folds
698a3481: raises $0.05 to $0.1
7fd70f9c: raises $0.2 to $0.3
698a3481: calls $0.2
*** FLOP *** [As 8s 7s]
698a3481: bets $0.6
7fd70f9c: raises $1.8 to $2.4
698a3481: raises $2.48 to $4.88 and is all-in
7fd70f9c: calls $0.51 and is all-in
Uncalled bet ($1.97) returned to 698a3481
698a3481: shows [8h 7h] (Pair of Eights and Pair of Sevens)
7fd70f9c: shows [Ac Jd] (Pair of Aces)
*** TURN *** [As 8s 7s] [5h]
*** RIVER *** [As 8s 7s 5h] [Th]
*** SHOWDOWN ***
698a3481 collected $6.06 from pot
*** SUMMARY ***
Total pot $6.42 | Rake $0.31 | Jackpot $0.05 | Bingo $0 | Fortune $0 | Tax $0
Board [As 8s 7s 5h Th]
Seat 1: ca64c51e (button) folded before Flop (didn't bet)
Seat 2: 698a3481 (small blind) showed [8h 7h] and won ($6.06) with Pair of Eights and Pair of Sevens
Seat 3: 7fd70f9c (big blind) showed [Ac Jd] and lost with Pair of Aces
Seat 4: 31f84623 folded before Flop (didn't bet)
Seat 5: ff79a70e folded before Flop (didn't bet)
Seat 6: Hero folded before Flop (didn't bet)


Poker Hand #HD1724651019: Hold'em No Limit ($0.02/$0.05) - 2024/04/10 20:52:09
Table 'NLHBlue23' 6-max Seat #6 is the button
Seat 1: ca64c51e ($9.48 in chips)
Seat 2: 698a3481 ($5.23 in chips)
Seat 3: 7fd70f9c ($3.21 in chips)
Seat 4: 31f84623 ($5 in chips)
Seat 5: ff79a70e ($5.06 in chips)
Seat 6: Hero ($5.03 in chips)
ca64c51e: posts small blind $0.02
698a3481: posts big blind $0.05
*** HOLE CARDS ***
Dealt to ca64c51e 
Dealt to 698a3481 
Dealt to 7fd70f9c 
Dealt to 31f84623 
Dealt to ff79a70e 
Dealt to Hero [As 4s]
7fd70f9c: folds
31f84623: folds
ff79a70e: raises $0.08 to $0.13
Hero: raises $0.27 to $0.4
ca64c51e: folds
698a3481: folds
ff79a70e: folds
Uncalled bet ($0.27) returned to Hero
*** SHOWDOWN ***
Hero collected $0.32 from pot
*** SUMMARY ***
Total pot $0.33 | Rake $0.01 | Jackpot $0 | Bingo $0 | Fortune $0 | Tax $0
Seat 1: ca64c51e (small blind) folded before Flop
Seat 2: 698a3481 (big blind) folded before Flop
Seat 3: 7fd70f9c folded before Flop (didn't bet)
Seat 4: 31f84623 folded before Flop (didn't bet)
Seat 5: ff79a70e folded before Flop
Seat 6: Hero (button) collected ($0.32)


Poker Hand #HD1724650810: Hold'em No Limit ($0.02/$0.05) - 2024/04/10 20:50:24
Table 'NLHBlue23' 6-max Seat #5 is the button
Seat 1: ca64c51e ($5 in chips)
Seat 2: 698a3481 ($10.23 in chips)
Seat 3: 7fd70f9c ($3.21 in chips)
Seat 4: 31f84623 ($5 in chips)
Seat 5: ff79a70e ($5.06 in chips)
Seat 6: Hero ($5.05 in chips)
Hero: posts small blind $0.02
ca64c51e: posts big blind $0.05
*** HOLE CARDS ***
Dealt to ca64c51e 
Dealt to 698a3481 
Dealt to 7fd70f9c 
Dealt to 31f84623 
Dealt to ff79a70e 
Dealt to Hero [Qs 2h]
698a3481: raises $0.22 to $0.27
7fd70f9c: folds
31f84623: folds
ff79a70e: folds
Hero: folds
ca64c51e: raises $0.56 to $0.83
698a3481: calls $0.56
*** FLOP *** [5h 5c 2c]
ca64c51e: bets $0.84
698a3481: raises $3.36 to $4.2
ca64c51e: calls $3.33 and is all-in
Uncalled bet ($0.03) returned to 698a3481
698a3481: shows [Jh Jc] (Pair of Jacks and Pair of Fives)
ca64c51e: shows [Ah As] (Pair of Aces and Pair of Fives)
*** TURN *** [5h 5c 2c] [7c]
*** RIVER *** [5h 5c 2c 7c] [2d]
*** SHOWDOWN ***
ca64c51e collected $9.48 from pot
*** SUMMARY ***
Total pot $10.02 | Rake $0.49 | Jackpot $0.05 | Bingo $0 | Fortune $0 | Tax $0
Board [5h 5c 2c 7c 2d]
Seat 1: ca64c51e (big blind) showed [Ah As] and won ($9.48) with Pair of Aces and Pair of Fives
Seat 2: 698a3481 showed [Jh Jc] and lost with Pair of Jacks and Pair of Fives
Seat 3: 7fd70f9c folded before Flop (didn't bet)
Seat 4: 31f84623 folded before Flop (didn't bet)
Seat 5: ff79a70e (button) folded before Flop (didn't bet)
Seat 6: Hero (small blind) folded before Flop


Poker Hand #HD1724650758: Hold'em No Limit ($0.02/$0.05) - 2024/04/10 20:50:03
Table 'NLHBlue23' 6-max Seat #4 is the button
Seat 1: ca64c51e ($5 in chips)
Seat 2: 698a3481 ($10.23 in chips)
Seat 3: 7fd70f9c ($3.14 in chips)
Seat 4: 31f84623 ($5 in chips)
Seat 5: ff79a70e ($5.08 in chips)
Seat 6: Hero ($5.1 in chips)
ff79a70e: posts small blind $0.02
Hero: posts big blind $0.05
*** HOLE CARDS ***
Dealt to ca64c51e 
Dealt to 698a3481 
Dealt to 7fd70f9c 
Dealt to 31f84623 
Dealt to ff79a70e 
Dealt to Hero [6c 8c]
ca64c51e: folds
698a3481: folds
7fd70f9c: raises $0.15 to $0.2
31f84623: folds
ff79a70e: folds
Hero: folds
Uncalled bet ($0.15) returned to 7fd70f9c
*** SHOWDOWN ***
7fd70f9c collected $0.12 from pot
*** SUMMARY ***
Total pot $0.12 | Rake $0 | Jackpot $0 | Bingo $0 | Fortune $0 | Tax $0
Seat 1: ca64c51e folded before Flop (didn't bet)
Seat 2: 698a3481 folded before Flop (didn't bet)
Seat 3: 7fd70f9c collected ($0.12)
Seat 4: 31f84623 (button) folded before Flop (didn't bet)
Seat 5: ff79a70e (small blind) folded before Flop
Seat 6: Hero (big blind) folded before Flop


Poker Hand #HD1724650646: Hold'em No Limit ($0.02/$0.05) - 2024/04/10 20:49:16
Table 'NLHBlue23' 6-max Seat #3 is the button
Seat 1: ca64c51e ($5 in chips)
Seat 2: 698a3481 ($10.23 in chips)
Seat 3: 7fd70f9c ($3.67 in chips)
Seat 4: 31f84623 ($5 in chips)
Seat 5: ff79a70e ($4.58 in chips)
Seat 6: Hero ($5.1 in chips)
31f84623: posts small blind $0.02
ff79a70e: posts big blind $0.05
*** HOLE CARDS ***
Dealt to ca64c51e 
Dealt to 698a3481 
Dealt to 7fd70f9c 
Dealt to 31f84623 
Dealt to ff79a70e 
Dealt to Hero [9h Ks]
Hero: folds
ca64c51e: folds
698a3481: folds
7fd70f9c: calls $0.05
31f84623: folds
ff79a70e: checks
*** FLOP *** [Js 4c 5s]
ff79a70e: checks
7fd70f9c: bets $0.12
ff79a70e: calls $0.12
*** TURN *** [Js 4c 5s] [6c]
ff79a70e: checks
7fd70f9c: bets $0.36
ff79a70e: calls $0.36
*** RIVER *** [Js 4c 5s 6c] [As]
ff79a70e: checks
7fd70f9c: checks
ff79a70e: shows [Jh Ts] (Pair of Jacks)
7fd70f9c: shows [3s 5h] (Pair of Fives)
*** SHOWDOWN ***
ff79a70e collected $1.03 from pot
*** SUMMARY ***
Total pot $1.08 | Rake $0.05 | Jackpot $0 | Bingo $0 | Fortune $0 | Tax $0
Board [Js 4c 5s 6c As]
Seat 1: ca64c51e folded before Flop (didn't bet)
Seat 2: 698a3481 folded before Flop (didn't bet)
Seat 3: 7fd70f9c (button) showed [3s 5h] and lost with Pair of Fives
Seat 4: 31f84623 (small blind) folded before Flop
Seat 5: ff79a70e (big blind) showed [Jh Ts] and won ($1.03) with Pair of Jacks
Seat 6: Hero folded before Flop (didn't bet)


Poker Hand #HD1724650615: Hold'em No Limit ($0.02/$0.05) - 2024/04/10 20:49:02
Table 'NLHBlue23' 6-max Seat #2 is the button
Seat 1: ca64c51e ($5 in chips)
Seat 2: 698a3481 ($10.23 in chips)
Seat 3: 7fd70f9c ($3.62 in chips)
Seat 4: 31f84623 ($5 in chips)
Seat 5: ff79a70e ($4.58 in chips)
Seat 6: Hero ($5.1 in chips)
7fd70f9c: posts small blind $0.02
31f84623: posts big blind $0.05
*** HOLE CARDS ***
Dealt to ca64c51e 
Dealt to 698a3481 
Dealt to 7fd70f9c 
Dealt to 31f84623 
Dealt to ff79a70e 
Dealt to Hero [3d 4c]
ff79a70e: folds
Hero: folds
ca64c51e: folds
698a3481: folds
7fd70f9c: raises $0.15 to $0.2
31f84623: folds
Uncalled bet ($0.15) returned to 7fd70f9c
*** SHOWDOWN ***
7fd70f9c collected $0.1 from pot
*** SUMMARY ***
Total pot $0.1 | Rake $0 | Jackpot $0 | Bingo $0 | Fortune $0 | Tax $0
Seat 1: ca64c51e folded before Flop (didn't bet)
Seat 2: 698a3481 (button) folded before Flop (didn't bet)
Seat 3: 7fd70f9c (small blind) collected ($0.1)
Seat 4: 31f84623 (big blind) folded before Flop
Seat 5: ff79a70e folded before Flop (didn't bet)
Seat 6: Hero folded before Flop (didn't bet)


Poker Hand #HD1724650583: Hold'em No Limit ($0.02/$0.05) - 2024/04/10 20:48:50
Table 'NLHBlue23' 6-max Seat #1 is the button
Seat 1: ca64c51e ($5 in chips)
Seat 2: 698a3481 ($10.25 in chips)
Seat 3: 7fd70f9c ($3.6 in chips)
Seat 4: 31f84623 ($5 in chips)
Seat 5: ff79a70e ($4.58 in chips)
Seat 6: Hero ($5.1 in chips)
698a3481: posts small blind $0.02
7fd70f9c: posts big blind $0.05
*** HOLE CARDS ***
Dealt to ca64c51e 
Dealt to 698a3481 
Dealt to 7fd70f9c 
Dealt to 31f84623 
Dealt to ff79a70e 
Dealt to Hero [7h Qs]
31f84623: folds
ff79a70e: folds
Hero: folds
ca64c51e: folds
698a3481: folds
Uncalled bet ($0.03) returned to 7fd70f9c
*** SHOWDOWN ***
7fd70f9c collected $0.04 from pot
*** SUMMARY ***
Total pot $0.04 | Rake $0 | Jackpot $0 | Bingo $0 | Fortune $0 | Tax $0
Seat 1: ca64c51e (button) folded before Flop (didn't bet)
Seat 2: 698a3481 (small blind) folded before Flop
Seat 3: 7fd70f9c (big blind) collected ($0.04)
Seat 4: 31f84623 folded before Flop (didn't bet)
Seat 5: ff79a70e folded before Flop (didn't bet)
Seat 6: Hero folded before Flop (didn't bet)


Poker Hand #HD1724650521: Hold'em No Limit ($0.02/$0.05) - 2024/04/10 20:48:22
Table 'NLHBlue23' 6-max Seat #6 is the button
Seat 1: ca64c51e ($5 in chips)
Seat 2: 698a3481 ($10.11 in chips)
Seat 4: 31f84623 ($5 in chips)
Seat 5: ff79a70e ($4.58 in chips)
Seat 6: Hero ($5.23 in chips)
ca64c51e: posts small blind $0.02
698a3481: posts big blind $0.05
*** HOLE CARDS ***
Dealt to ca64c51e 
Dealt to 698a3481 
Dealt to 31f84623 
Dealt to ff79a70e 
Dealt to Hero [Ad 7d]
31f84623: folds
ff79a70e: folds
Hero: raises $0.08 to $0.13
ca64c51e: folds
698a3481: calls $0.08
*** FLOP *** [Kc 4s Js]
698a3481: bets $0.28
Hero: folds
Uncalled bet ($0.28) returned to 698a3481
*** SHOWDOWN ***
698a3481 collected $0.27 from pot
*** SUMMARY ***
Total pot $0.28 | Rake $0.01 | Jackpot $0 | Bingo $0 | Fortune $0 | Tax $0
Board [Kc 4s Js]
Seat 1: ca64c51e (small blind) folded before Flop
Seat 2: 698a3481 (big blind) won ($0.27)
Seat 4: 31f84623 folded before Flop (didn't bet)
Seat 5: ff79a70e folded before Flop (didn't bet)
Seat 6: Hero (button) folded on the Flop


Poker Hand #HD1724650459: Hold'em No Limit ($0.02/$0.05) - 2024/04/10 20:47:54
Table 'NLHBlue23' 6-max Seat #5 is the button
Seat 1: ca64c51e ($5 in chips)
Seat 2: 698a3481 ($10.04 in chips)
Seat 3: b7f50df2 ($3.61 in chips)
Seat 4: 31f84623 ($5 in chips)
Seat 5: ff79a70e ($4.58 in chips)
Seat 6: Hero ($5.25 in chips)
Hero: posts small blind $0.02
ca64c51e: posts big blind $0.05
*** HOLE CARDS ***
Dealt to ca64c51e 
Dealt to 698a3481 
Dealt to b7f50df2 
Dealt to 31f84623 
Dealt to ff79a70e 
Dealt to Hero [Js 9d]
698a3481: raises $0.22 to $0.27
b7f50df2: folds
31f84623: folds
ff79a70e: folds
Hero: folds
ca64c51e: folds
Uncalled bet ($0.22) returned to 698a3481
*** SHOWDOWN ***
698a3481 collected $0.12 from pot
*** SUMMARY ***
Total pot $0.12 | Rake $0 | Jackpot $0 | Bingo $0 | Fortune $0 | Tax $0
Seat 1: ca64c51e (big blind) folded before Flop
Seat 2: 698a3481 collected ($0.12)
Seat 3: b7f50df2 folded before Flop (didn't bet)
Seat 4: 31f84623 folded before Flop (didn't bet)
Seat 5: ff79a70e (button) folded before Flop (didn't bet)
Seat 6: Hero (small blind) folded before Flop


Poker Hand #HD1724650206: Hold'em No Limit ($0.02/$0.05) - 2024/04/10 20:46:00
Table 'NLHBlue23' 6-max Seat #4 is the button
Seat 1: ca64c51e ($5 in chips)
Seat 2: 698a3481 ($10.04 in chips)
Seat 3: b7f50df2 ($1.89 in chips)
Seat 4: 31f84623 ($5.74 in chips)
Seat 5: ff79a70e ($4.6 in chips)
Seat 6: Hero ($5.3 in chips)
ff79a70e: posts small blind $0.02
Hero: posts big blind $0.05
*** HOLE CARDS ***
Dealt to ca64c51e 
Dealt to 698a3481 
Dealt to b7f50df2 
Dealt to 31f84623 
Dealt to ff79a70e 
Dealt to Hero [8s Tc]
ca64c51e: folds
698a3481: folds
b7f50df2: calls $0.05
31f84623: calls $0.05
ff79a70e: folds
Hero: checks
*** FLOP *** [3c 4h Qh]
Hero: checks
b7f50df2: bets $0.05
31f84623: raises $0.09 to $0.14
Hero: folds
b7f50df2: raises $0.09 to $0.23
31f84623: raises $0.32 to $0.55
b7f50df2: raises $0.32 to $0.87
31f84623: raises $1.91 to $2.78
b7f50df2: calls $0.97 and is all-in
Uncalled bet ($0.94) returned to 31f84623
31f84623: shows [3h 3s] (Three Treys)
b7f50df2: shows [4d 4s] (Three Fours)
*** TURN *** [3c 4h Qh] [9s]
*** RIVER *** [3c 4h Qh 9s] [Js]
*** SHOWDOWN ***
b7f50df2 collected $3.61 from pot
*** SUMMARY ***
Total pot $3.85 | Rake $0.19 | Jackpot $0.05 | Bingo $0 | Fortune $0 | Tax $0
Board [3c 4h Qh 9s Js]
Seat 1: ca64c51e folded before Flop (didn't bet)
Seat 2: 698a3481 folded before Flop (didn't bet)
Seat 3: b7f50df2 showed [4d 4s] and won ($3.61) with Three Fours
Seat 4: 31f84623 (button) showed [3h 3s] and lost with Three Treys
Seat 5: ff79a70e (small blind) folded before Flop
Seat 6: Hero (big blind) folded on the Flop


Poker Hand #HD1724650056: Hold'em No Limit ($0.02/$0.05) - 2024/04/10 20:44:51
Table 'NLHBlue23' 6-max Seat #3 is the button
Seat 1: ca64c51e ($5.21 in chips)
Seat 2: 698a3481 ($10.04 in chips)
Seat 3: b7f50df2 ($2.29 in chips)
Seat 4: 31f84623 ($5 in chips)
Seat 5: ff79a70e ($4.65 in chips)
Seat 6: Hero ($5.3 in chips)
31f84623: posts small blind $0.02
ff79a70e: posts big blind $0.05
*** HOLE CARDS ***
Dealt to ca64c51e 
Dealt to 698a3481 
Dealt to b7f50df2 
Dealt to 31f84623 
Dealt to ff79a70e 
Dealt to Hero [6d Ts]
Hero: folds
ca64c51e: raises $0.08 to $0.13
698a3481: folds
b7f50df2: calls $0.13
31f84623: calls $0.11
ff79a70e: folds
*** FLOP *** [Tc 5c 6h]
31f84623: checks
ca64c51e: checks
b7f50df2: bets $0.22
31f84623: calls $0.22
ca64c51e: calls $0.22
*** TURN *** [Tc 5c 6h] [7d]
31f84623: checks
ca64c51e: checks
b7f50df2: checks
*** RIVER *** [Tc 5c 6h 7d] [4c]
31f84623: checks
ca64c51e: checks
b7f50df2: bets $0.05
31f84623: calls $0.05
ca64c51e: folds
b7f50df2: shows [Jd Js] (Pair of Jacks)
31f84623: shows [3c 3h] (Sevens-High Straight)
*** SHOWDOWN ***
31f84623 collected $1.14 from pot
*** SUMMARY ***
Total pot $1.2 | Rake $0.06 | Jackpot $0 | Bingo $0 | Fortune $0 | Tax $0
Board [Tc 5c 6h 7d 4c]
Seat 1: ca64c51e folded on the River
Seat 2: 698a3481 folded before Flop (didn't bet)
Seat 3: b7f50df2 (button) showed [Jd Js] and lost with Pair of Jacks
Seat 4: 31f84623 (small blind) showed [3c 3h] and won ($1.14) with Sevens-High Straight
Seat 5: ff79a70e (big blind) folded before Flop
Seat 6: Hero folded before Flop (didn't bet)


Poker Hand #HD1724649921: Hold'em No Limit ($0.02/$0.05) - 2024/04/10 20:43:53
Table 'NLHBlue23' 6-max Seat #2 is the button
Seat 1: ca64c51e ($5.21 in chips)
Seat 2: 698a3481 ($10.04 in chips)
Seat 3: b7f50df2 ($2.31 in chips)
Seat 4: 31f84623 ($5 in chips)
Seat 5: ff79a70e ($4.65 in chips)
Seat 6: Hero ($5.04 in chips)
b7f50df2: posts small blind $0.02
31f84623: posts big blind $0.05
*** HOLE CARDS ***
Dealt to ca64c51e 
Dealt to 698a3481 
Dealt to b7f50df2 
Dealt to 31f84623 
Dealt to ff79a70e 
Dealt to Hero [Jd Qc]
ff79a70e: folds
Hero: raises $0.05 to $0.1
ca64c51e: folds
698a3481: folds
b7f50df2: folds
31f84623: calls $0.05
*** FLOP *** [6d 4h 9c]
31f84623: checks
Hero: checks
*** TURN *** [6d 4h 9c] [Th]
31f84623: bets $0.16
Hero: calls $0.16
*** RIVER *** [6d 4h 9c Th] [Jc]
31f84623: checks
Hero: bets $0.3
31f84623: folds
Uncalled bet ($0.3) returned to Hero
*** SHOWDOWN ***
Hero collected $0.52 from pot
*** SUMMARY ***
Total pot $0.54 | Rake $0.02 | Jackpot $0 | Bingo $0 | Fortune $0 | Tax $0
Board [6d 4h 9c Th Jc]
Seat 1: ca64c51e folded before Flop (didn't bet)
Seat 2: 698a3481 (button) folded before Flop (didn't bet)
Seat 3: b7f50df2 (small blind) folded before Flop
Seat 4: 31f84623 (big blind) folded on the River
Seat 5: ff79a70e folded before Flop (didn't bet)
Seat 6: Hero won ($0.52)


Poker Hand #HD1724649834: Hold'em No Limit ($0.02/$0.05) - 2024/04/10 20:43:15
Table 'NLHBlue23' 6-max Seat #1 is the button
Seat 1: ca64c51e ($5.21 in chips)
Seat 2: 698a3481 ($10.06 in chips)
Seat 3: b7f50df2 ($2.44 in chips)
Seat 4: 31f84623 ($5 in chips)
Seat 5: ff79a70e ($4.51 in chips)
Seat 6: Hero ($5.04 in chips)
698a3481: posts small blind $0.02
b7f50df2: posts big blind $0.05
*** HOLE CARDS ***
Dealt to ca64c51e 
Dealt to 698a3481 
Dealt to b7f50df2 
Dealt to 31f84623 
Dealt to ff79a70e 
Dealt to Hero [4h 5d]
31f84623: folds
ff79a70e: raises $0.08 to $0.13
Hero: folds
ca64c51e: folds
698a3481: folds
b7f50df2: calls $0.08
*** FLOP *** [8s 2h 6c]
b7f50df2: checks
ff79a70e: bets $0.15
b7f50df2: folds
Uncalled bet ($0.15) returned to ff79a70e
*** SHOWDOWN ***
ff79a70e collected $0.27 from pot
*** SUMMARY ***
Total pot $0.28 | Rake $0.01 | Jackpot $0 | Bingo $0 | Fortune $0 | Tax $0
Board [8s 2h 6c]
Seat 1: ca64c51e (button) folded before Flop (didn't bet)
Seat 2: 698a3481 (small blind) folded before Flop
Seat 3: b7f50df2 (big blind) folded on the Flop
Seat 4: 31f84623 folded before Flop (didn't bet)
Seat 5: ff79a70e won ($0.27)
Seat 6: Hero folded before Flop (didn't bet)


Poker Hand #HD1724649753: Hold'em No Limit ($0.02/$0.05) - 2024/04/10 20:42:35
Table 'NLHBlue23' 6-max Seat #6 is the button
Seat 1: ca64c51e ($5.23 in chips)
Seat 2: 698a3481 ($10.11 in chips)
Seat 3: b7f50df2 ($2.23 in chips)
Seat 4: 31f84623 ($5 in chips)
Seat 5: ff79a70e ($4.66 in chips)
Seat 6: Hero ($5.04 in chips)
ca64c51e: posts small blind $0.02
698a3481: posts big blind $0.05
*** HOLE CARDS ***
Dealt to ca64c51e 
Dealt to 698a3481 
Dealt to b7f50df2 
Dealt to 31f84623 
Dealt to ff79a70e 
Dealt to Hero [9s Kd]
b7f50df2: calls $0.05
31f84623: folds
ff79a70e: raises $0.1 to $0.15
Hero: folds
ca64c51e: folds
698a3481: folds
b7f50df2: calls $0.1
*** FLOP *** [Th Qc Ad]
b7f50df2: bets $0.2
ff79a70e: folds
Uncalled bet ($0.2) returned to b7f50df2
*** SHOWDOWN ***
b7f50df2 collected $0.36 from pot
*** SUMMARY ***
Total pot $0.37 | Rake $0.01 | Jackpot $0 | Bingo $0 | Fortune $0 | Tax $0
Board [Th Qc Ad]
Seat 1: ca64c51e (small blind) folded before Flop
Seat 2: 698a3481 (big blind) folded before Flop
Seat 3: b7f50df2 won ($0.36)
Seat 4: 31f84623 folded before Flop (didn't bet)
Seat 5: ff79a70e folded on the Flop
Seat 6: Hero (button) folded before Flop (didn't bet)


Poker Hand #HD1724649680: Hold'em No Limit ($0.02/$0.05) - 2024/04/10 20:42:06
Table 'NLHBlue23' 6-max Seat #5 is the button
Seat 1: ca64c51e ($5.28 in chips)
Seat 2: 698a3481 ($10.11 in chips)
Seat 3: b7f50df2 ($2.16 in chips)
Seat 4: 31f84623 ($5 in chips)
Seat 5: ff79a70e ($4.66 in chips)
Seat 6: Hero ($5.06 in chips)
Hero: posts small blind $0.02
ca64c51e: posts big blind $0.05
*** HOLE CARDS ***
Dealt to ca64c51e 
Dealt to 698a3481 
Dealt to b7f50df2 
Dealt to 31f84623 
Dealt to ff79a70e 
Dealt to Hero [2c Ts]
698a3481: folds
b7f50df2: calls $0.05
31f84623: folds
ff79a70e: folds
Hero: folds
ca64c51e: checks
*** FLOP *** [7c 3d Kd]
ca64c51e: checks
b7f50df2: bets $0.12
ca64c51e: folds
Uncalled bet ($0.12) returned to b7f50df2
*** SHOWDOWN ***
b7f50df2 collected $0.12 from pot
*** SUMMARY ***
Total pot $0.12 | Rake $0 | Jackpot $0 | Bingo $0 | Fortune $0 | Tax $0
Board [7c 3d Kd]
Seat 1: ca64c51e (big blind) folded on the Flop
Seat 2: 698a3481 folded before Flop (didn't bet)
Seat 3: b7f50df2 won ($0.12)
Seat 4: 31f84623 folded before Flop (didn't bet)
Seat 5: ff79a70e (button) folded before Flop (didn't bet)
Seat 6: Hero (small blind) folded before Flop


Poker Hand #HD1724649630: Hold'em No Limit ($0.02/$0.05) - 2024/04/10 20:41:46
Table 'NLHBlue23' 6-max Seat #4 is the button
Seat 1: ca64c51e ($5.28 in chips)
Seat 2: 698a3481 ($10.11 in chips)
Seat 3: b7f50df2 ($2.09 in chips)
Seat 4: 31f84623 ($5 in chips)
Seat 5: ff79a70e ($4.68 in chips)
Seat 6: Hero ($5.11 in chips)
ff79a70e: posts small blind $0.02
Hero: posts big blind $0.05
*** HOLE CARDS ***
Dealt to ca64c51e 
Dealt to 698a3481 
Dealt to b7f50df2 
Dealt to 31f84623 
Dealt to ff79a70e 
Dealt to Hero [6h Kc]
ca64c51e: folds
698a3481: folds
b7f50df2: calls $0.05
31f84623: folds
ff79a70e: folds
Hero: checks
*** FLOP *** [Ts Js 8c]
Hero: checks
b7f50df2: bets $0.06
Hero: folds
Uncalled bet ($0.06) returned to b7f50df2
*** SHOWDOWN ***
b7f50df2 collected $0.12 from pot
*** SUMMARY ***
Total pot $0.12 | Rake $0 | Jackpot $0 | Bingo $0 | Fortune $0 | Tax $0
Board [Ts Js 8c]
Seat 1: ca64c51e folded before Flop (didn't bet)
Seat 2: 698a3481 folded before Flop (didn't bet)
Seat 3: b7f50df2 won ($0.12)
Seat 4: 31f84623 (button) folded before Flop (didn't bet)
Seat 5: ff79a70e (small blind) folded before Flop
Seat 6: Hero (big blind) folded on the Flop


Poker Hand #HD1724649508: Hold'em No Limit ($0.02/$0.05) - 2024/04/10 20:40:45
Table 'NLHBlue23' 6-max Seat #3 is the button
Seat 2: 698a3481 ($10.11 in chips)
Seat 3: b7f50df2 ($1.89 in chips)
Seat 4: 31f84623 ($5.04 in chips)
Seat 5: ff79a70e ($4.73 in chips)
Seat 6: Hero ($5.11 in chips)
31f84623: posts small blind $0.02
ff79a70e: posts big blind $0.05
*** HOLE CARDS ***
Dealt to 698a3481 
Dealt to b7f50df2 
Dealt to 31f84623 
Dealt to ff79a70e 
Dealt to Hero [5c Kd]
Hero: folds
698a3481: folds
b7f50df2: calls $0.05
31f84623: calls $0.03
ff79a70e: checks
*** FLOP *** [3s 3c Jc]
31f84623: checks
ff79a70e: checks
b7f50df2: checks
*** TURN *** [3s 3c Jc] [Kc]
31f84623: checks
ff79a70e: checks
b7f50df2: bets $0.12
31f84623: calls $0.12
ff79a70e: folds
*** RIVER *** [3s 3c Jc Kc] [Qs]
31f84623: checks
b7f50df2: bets $0.2
31f84623: folds
Uncalled bet ($0.2) returned to b7f50df2
*** SHOWDOWN ***
b7f50df2 collected $0.37 from pot
*** SUMMARY ***
Total pot $0.39 | Rake $0.02 | Jackpot $0 | Bingo $0 | Fortune $0 | Tax $0
Board [3s 3c Jc Kc Qs]
Seat 2: 698a3481 folded before Flop (didn't bet)
Seat 3: b7f50df2 (button) won ($0.37)
Seat 4: 31f84623 (small blind) folded on the River
Seat 5: ff79a70e (big blind) folded on the Turn
Seat 6: Hero folded before Flop (didn't bet)


Poker Hand #HD1724649440: Hold'em No Limit ($0.02/$0.05) - 2024/04/10 20:40:11
Table 'NLHBlue23' 6-max Seat #2 is the button
Seat 1: ca64c51e ($5.28 in chips)
Seat 2: 698a3481 ($10.11 in chips)
Seat 3: b7f50df2 ($1.84 in chips)
Seat 4: 31f84623 ($5.09 in chips)
Seat 5: ff79a70e ($4.73 in chips)
Seat 6: Hero ($5.11 in chips)
b7f50df2: posts small blind $0.02
31f84623: posts big blind $0.05
*** HOLE CARDS ***
Dealt to ca64c51e 
Dealt to 698a3481 
Dealt to b7f50df2 
Dealt to 31f84623 
Dealt to ff79a70e 
Dealt to Hero [6h Jc]
ff79a70e: folds
Hero: folds
ca64c51e: folds
698a3481: folds
b7f50df2: calls $0.03
31f84623: checks
*** FLOP *** [8d 9d 3s]
b7f50df2: bets $0.1
31f84623: folds
Uncalled bet ($0.1) returned to b7f50df2
*** SHOWDOWN ***
b7f50df2 collected $0.1 from pot
*** SUMMARY ***
Total pot $0.1 | Rake $0 | Jackpot $0 | Bingo $0 | Fortune $0 | Tax $0
Board [8d 9d 3s]
Seat 1: ca64c51e folded before Flop (didn't bet)
Seat 2: 698a3481 (button) folded before Flop (didn't bet)
Seat 3: b7f50df2 (small blind) won ($0.1)
Seat 4: 31f84623 (big blind) folded on the Flop
Seat 5: ff79a70e folded before Flop (didn't bet)
Seat 6: Hero folded before Flop (didn't bet)


Poker Hand #HD1724649407: Hold'em No Limit ($0.02/$0.05) - 2024/04/10 20:39:56
Table 'NLHBlue23' 6-max Seat #1 is the button
Seat 1: ca64c51e ($5.28 in chips)
Seat 2: 698a3481 ($10.13 in chips)
Seat 3: b7f50df2 ($1.82 in chips)
Seat 5: ff79a70e ($4.73 in chips)
Seat 6: Hero ($5.11 in chips)
698a3481: posts small blind $0.02
b7f50df2: posts big blind $0.05
*** HOLE CARDS ***
Dealt to ca64c51e 
Dealt to 698a3481 
Dealt to b7f50df2 
Dealt to ff79a70e 
Dealt to Hero [3h Jd]
ff79a70e: folds
Hero: folds
ca64c51e: folds
698a3481: folds
Uncalled bet ($0.03) returned to b7f50df2
*** SHOWDOWN ***
b7f50df2 collected $0.04 from pot
*** SUMMARY ***
Total pot $0.04 | Rake $0 | Jackpot $0 | Bingo $0 | Fortune $0 | Tax $0
Seat 1: ca64c51e (button) folded before Flop (didn't bet)
Seat 2: 698a3481 (small blind) folded before Flop
Seat 3: b7f50df2 (big blind) collected ($0.04)
Seat 5: ff79a70e folded before Flop (didn't bet)
Seat 6: Hero folded before Flop (didn't bet)


Poker Hand #HD1724649350: Hold'em No Limit ($0.02/$0.05) - 2024/04/10 20:39:33
Table 'NLHBlue23' 6-max Seat #6 is the button
Seat 1: ca64c51e ($5.3 in chips)
Seat 2: 698a3481 ($10.18 in chips)
Seat 3: b7f50df2 ($1.92 in chips)
Seat 4: 43eb1074 ($6.3 in chips)
Seat 5: ff79a70e ($4.57 in chips)
Seat 6: Hero ($5.11 in chips)
ca64c51e: posts small blind $0.02
698a3481: posts big blind $0.05
*** HOLE CARDS ***
Dealt to ca64c51e 
Dealt to 698a3481 
Dealt to b7f50df2 
Dealt to 43eb1074 
Dealt to ff79a70e 
Dealt to Hero [Jc 7s]
b7f50df2: raises $0.05 to $0.1
43eb1074: folds
ff79a70e: raises $0.3 to $0.4
Hero: folds
ca64c51e: folds
698a3481: folds
b7f50df2: folds
Uncalled bet ($0.3) returned to ff79a70e
*** SHOWDOWN ***
ff79a70e collected $0.26 from pot
*** SUMMARY ***
Total pot $0.27 | Rake $0.01 | Jackpot $0 | Bingo $0 | Fortune $0 | Tax $0
Seat 1: ca64c51e (small blind) folded before Flop
Seat 2: 698a3481 (big blind) folded before Flop
Seat 3: b7f50df2 folded before Flop
Seat 4: 43eb1074 folded before Flop (didn't bet)
Seat 5: ff79a70e collected ($0.26)
Seat 6: Hero (button) folded before Flop (didn't bet)


Poker Hand #HD1724649191: Hold'em No Limit ($0.02/$0.05) - 2024/04/10 20:38:18
Table 'NLHBlue23' 6-max Seat #5 is the button
Seat 1: ca64c51e ($5 in chips)
Seat 2: 698a3481 ($10.18 in chips)
Seat 3: b7f50df2 ($2.07 in chips)
Seat 4: 43eb1074 ($6.3 in chips)
Seat 5: ff79a70e ($4.72 in chips)
Seat 6: Hero ($5.13 in chips)
Hero: posts small blind $0.02
ca64c51e: posts big blind $0.05
*** HOLE CARDS ***
Dealt to ca64c51e 
Dealt to 698a3481 
Dealt to b7f50df2 
Dealt to 43eb1074 
Dealt to ff79a70e 
Dealt to Hero [4s Jc]
698a3481: folds
b7f50df2: calls $0.05
43eb1074: folds
ff79a70e: calls $0.05
Hero: folds
ca64c51e: checks
*** FLOP *** [Js Tc As]
ca64c51e: checks
b7f50df2: checks
ff79a70e: bets $0.1
ca64c51e: calls $0.1
b7f50df2: calls $0.1
*** TURN *** [Js Tc As] [9s]
ca64c51e: checks
b7f50df2: checks
ff79a70e: checks
*** RIVER *** [Js Tc As 9s] [Ah]
ca64c51e: bets $0.24
b7f50df2: folds
ff79a70e: folds
Uncalled bet ($0.24) returned to ca64c51e
*** SHOWDOWN ***
ca64c51e collected $0.45 from pot
*** SUMMARY ***
Total pot $0.47 | Rake $0.02 | Jackpot $0 | Bingo $0 | Fortune $0 | Tax $0
Board [Js Tc As 9s Ah]
Seat 1: ca64c51e (big blind) won ($0.45)
Seat 2: 698a3481 folded before Flop (didn't bet)
Seat 3: b7f50df2 folded on the River
Seat 4: 43eb1074 folded before Flop (didn't bet)
Seat 5: ff79a70e (button) folded on the River
Seat 6: Hero (small blind) folded before Flop


Poker Hand #HD1724649136: Hold'em No Limit ($0.02/$0.05) - 2024/04/10 20:37:49
Table 'NLHBlue23' 6-max Seat #4 is the button
Seat 1: ca64c51e ($5 in chips)
Seat 2: 698a3481 ($10.18 in chips)
Seat 3: b7f50df2 ($2.07 in chips)
Seat 4: 43eb1074 ($6.42 in chips)
Seat 5: ff79a70e ($4.74 in chips)
Seat 6: Hero ($5 in chips)
ff79a70e: posts small blind $0.02
Hero: posts big blind $0.05
*** HOLE CARDS ***
Dealt to ca64c51e 
Dealt to 698a3481 
Dealt to b7f50df2 
Dealt to 43eb1074 
Dealt to ff79a70e 
Dealt to Hero [Kh Ac]
ca64c51e: folds
698a3481: folds
b7f50df2: folds
43eb1074: raises $0.07 to $0.12
ff79a70e: folds
Hero: raises $0.33 to $0.45
43eb1074: folds
Uncalled bet ($0.33) returned to Hero
*** SHOWDOWN ***
Hero collected $0.25 from pot
*** SUMMARY ***
Total pot $0.26 | Rake $0.01 | Jackpot $0 | Bingo $0 | Fortune $0 | Tax $0
Seat 1: ca64c51e folded before Flop (didn't bet)
Seat 2: 698a3481 folded before Flop (didn't bet)
Seat 3: b7f50df2 folded before Flop (didn't bet)
Seat 4: 43eb1074 (button) folded before Flop
Seat 5: ff79a70e (small blind) folded before Flop
Seat 6: Hero (big blind) collected ($0.25)


