Poker Hand #RC2772870814: Hold'em No Limit ($0.01/$0.02) - 2024/08/04 18:59:05
Table 'RushAndCash27248970' 6-max Seat #1 is the button
Seat 1: Hero ($2 in chips)
Seat 2: cb5a75d8 ($3.46 in chips)
Seat 3: 5009aa70 ($1.94 in chips)
Seat 4: 4f43b67b ($2.07 in chips)
Seat 5: 6315030a ($2.03 in chips)
Seat 6: bb308157 ($0.32 in chips)
cb5a75d8: posts small blind $0.01
5009aa70: posts big blind $0.02
*** HOLE CARDS ***
Dealt to Hero [5h 3d]
Dealt to cb5a75d8 
Dealt to 5009aa70 
Dealt to 4f43b67b 
Dealt to 6315030a 
Dealt to bb308157 
4f43b67b: folds
6315030a: folds
bb308157: folds
Hero: folds
cb5a75d8: raises $0.03 to $0.05
5009aa70: folds
Uncalled bet ($0.03) returned to cb5a75d8
*** SHOWDOWN ***
cb5a75d8 collected $0.04 from pot
*** SUMMARY ***
Total pot $0.04 | Rake $0 | Jackpot $0 | Bingo $0 | Fortune $0 | Tax $0
Seat 1: Hero (button) folded before Flop (didn't bet)
Seat 2: cb5a75d8 (small blind) collected ($0.04)
Seat 3: 5009aa70 (big blind) folded before Flop
Seat 4: 4f43b67b folded before Flop (didn't bet)
Seat 5: 6315030a folded before Flop (didn't bet)
Seat 6: bb308157 folded before Flop (didn't bet)


Poker Hand #RC2772870611: Hold'em No Limit ($0.01/$0.02) - 2024/08/04 18:58:47
Table 'RushAndCash27248772' 6-max Seat #1 is the button
Seat 1: 2b6ee030 ($1.15 in chips)
Seat 2: Hero ($2 in chips)
Seat 3: 79fd2f84 ($2.95 in chips)
Seat 4: 5a5f5ef0 ($2.79 in chips)
Seat 5: c9e743e7 ($2.17 in chips)
Seat 6: 3abee746 ($2.39 in chips)
Hero: posts small blind $0.01
79fd2f84: posts big blind $0.02
*** HOLE CARDS ***
Dealt to 2b6ee030 
Dealt to Hero [Td As]
Dealt to 79fd2f84 
Dealt to 5a5f5ef0 
Dealt to c9e743e7 
Dealt to 3abee746 
5a5f5ef0: folds
c9e743e7: raises $0.03 to $0.05
3abee746: folds
2b6ee030: folds
Hero: folds
79fd2f84: folds
Uncalled bet ($0.03) returned to c9e743e7
*** SHOWDOWN ***
c9e743e7 collected $0.05 from pot
*** SUMMARY ***
Total pot $0.05 | Rake $0 | Jackpot $0 | Bingo $0 | Fortune $0 | Tax $0
Seat 1: 2b6ee030 (button) folded before Flop (didn't bet)
Seat 2: Hero (small blind) folded before Flop
Seat 3: 79fd2f84 (big blind) folded before Flop
Seat 4: 5a5f5ef0 folded before Flop (didn't bet)
Seat 5: c9e743e7 collected ($0.05)
Seat 6: 3abee746 folded before Flop (didn't bet)


Poker Hand #RC2772870496: Hold'em No Limit ($0.01/$0.02) - 2024/08/04 18:58:36
Table 'RushAndCash27248660' 6-max Seat #1 is the button
Seat 1: 2b8f9cc6 ($2.08 in chips)
Seat 2: bb03d0bb ($1.49 in chips)
Seat 3: Hero ($2 in chips)
Seat 4: cba1fdbe ($2.03 in chips)
Seat 5: 54fc8a4c ($2.25 in chips)
Seat 6: fa909fba ($2.17 in chips)
bb03d0bb: posts small blind $0.01
Hero: posts big blind $0.02
*** HOLE CARDS ***
Dealt to 2b8f9cc6 
Dealt to bb03d0bb 
Dealt to Hero [Kc 7s]
Dealt to cba1fdbe 
Dealt to 54fc8a4c 
Dealt to fa909fba 
cba1fdbe: folds
54fc8a4c: folds
fa909fba: folds
2b8f9cc6: folds
bb03d0bb: raises $0.04 to $0.06
Hero: folds
Uncalled bet ($0.04) returned to bb03d0bb
*** SHOWDOWN ***
bb03d0bb collected $0.04 from pot
*** SUMMARY ***
Total pot $0.04 | Rake $0 | Jackpot $0 | Bingo $0 | Fortune $0 | Tax $0
Seat 1: 2b8f9cc6 (button) folded before Flop (didn't bet)
Seat 2: bb03d0bb (small blind) collected ($0.04)
Seat 3: Hero (big blind) folded before Flop
Seat 4: cba1fdbe folded before Flop (didn't bet)
Seat 5: 54fc8a4c folded before Flop (didn't bet)
Seat 6: fa909fba folded before Flop (didn't bet)


