Poker Hand #HD1857999485: Hold'em No Limit ($0.05/$0.1) - 2024/07/15 15:54:44
Table 'NLHRed45' 6-max Seat #2 is the button
Seat 1: 84bd2e4b ($11.3 in chips)
Seat 2: 7b1481b0 ($25.76 in chips)
Seat 3: 4aea18bb ($10.05 in chips)
Seat 4: Hero ($10.13 in chips)
Seat 5: 668cbf32 ($9.11 in chips)
Seat 6: be37b35f ($13.37 in chips)
4aea18bb: posts small blind $0.05
Hero: posts big blind $0.1
*** HOLE CARDS ***
Dealt to 84bd2e4b 
Dealt to 7b1481b0 
Dealt to 4aea18bb 
Dealt to Hero [Kc 9h]
Dealt to 668cbf32 
Dealt to be37b35f 
668cbf32: folds
be37b35f: raises $0.11 to $0.21
84bd2e4b: raises $0.43 to $0.64
7b1481b0: folds
4aea18bb: folds
Hero: folds
be37b35f: calls $0.43
*** FLOP *** [Qc As 2h]
be37b35f: checks
84bd2e4b: bets $0.72
be37b35f: calls $0.72
*** TURN *** [Qc As 2h] [Ad]
be37b35f: checks
84bd2e4b: bets $0.95
be37b35f: raises $0.95 to $1.9
84bd2e4b: folds
Uncalled bet ($0.95) returned to be37b35f
*** SHOWDOWN ***
be37b35f collected $4.44 from pot
*** SUMMARY ***
Total pot $4.77 | Rake $0.23 | Jackpot $0.1 | Bingo $0 | Fortune $0 | Tax $0
Board [Qc As 2h Ad]
Seat 1: 84bd2e4b folded on the Turn
Seat 2: 7b1481b0 (button) folded before Flop (didn't bet)
Seat 3: 4aea18bb (small blind) folded before Flop
Seat 4: Hero (big blind) folded before Flop
Seat 5: 668cbf32 folded before Flop (didn't bet)
Seat 6: be37b35f won ($4.44)


Poker Hand #HD1857999457: Hold'em No Limit ($0.05/$0.1) - 2024/07/15 15:54:31
Table 'NLHRed45' 6-max Seat #1 is the button
Seat 1: 84bd2e4b ($11.3 in chips)
Seat 2: 7b1481b0 ($25.81 in chips)
Seat 3: 4aea18bb ($10 in chips)
Seat 4: Hero ($10.13 in chips)
Seat 5: 668cbf32 ($9.11 in chips)
Seat 6: be37b35f ($13.37 in chips)
7b1481b0: posts small blind $0.05
4aea18bb: posts big blind $0.1
*** HOLE CARDS ***
Dealt to 84bd2e4b 
Dealt to 7b1481b0 
Dealt to 4aea18bb 
Dealt to Hero [7h 2c]
Dealt to 668cbf32 
Dealt to be37b35f 
Hero: folds
668cbf32: folds
be37b35f: folds
84bd2e4b: folds
7b1481b0: folds
Uncalled bet ($0.05) returned to 4aea18bb
*** SHOWDOWN ***
4aea18bb collected $0.1 from pot
*** SUMMARY ***
Total pot $0.1 | Rake $0 | Jackpot $0 | Bingo $0 | Fortune $0 | Tax $0
Seat 1: 84bd2e4b (button) folded before Flop (didn't bet)
Seat 2: 7b1481b0 (small blind) folded before Flop
Seat 3: 4aea18bb (big blind) collected ($0.1)
Seat 4: Hero folded before Flop (didn't bet)
Seat 5: 668cbf32 folded before Flop (didn't bet)
Seat 6: be37b35f folded before Flop (didn't bet)


Poker Hand #HD1857999361: Hold'em No Limit ($0.05/$0.1) - 2024/07/15 15:53:48
Table 'NLHRed45' 6-max Seat #6 is the button
Seat 1: 84bd2e4b ($11.35 in chips)
Seat 2: 7b1481b0 ($25.34 in chips)
Seat 4: Hero ($10.13 in chips)
Seat 5: 668cbf32 ($9.11 in chips)
Seat 6: be37b35f ($13.84 in chips)
84bd2e4b: posts small blind $0.05
7b1481b0: posts big blind $0.1
*** HOLE CARDS ***
Dealt to 84bd2e4b 
Dealt to 7b1481b0 
Dealt to Hero [9d Js]
Dealt to 668cbf32 
Dealt to be37b35f 
Hero: folds
668cbf32: folds
be37b35f: raises $0.11 to $0.21
84bd2e4b: folds
7b1481b0: calls $0.11
*** FLOP *** [Kh 7c 5c]
7b1481b0: checks
be37b35f: checks
*** TURN *** [Kh 7c 5c] [Ac]
7b1481b0: checks
be37b35f: bets $0.26
7b1481b0: calls $0.26
*** RIVER *** [Kh 7c 5c Ac] [Qd]
7b1481b0: checks
be37b35f: checks
7b1481b0: shows [Ad Tc] (Pair of Aces)
be37b35f: shows [Jd Qc] (Pair of Queens)
*** SHOWDOWN ***
7b1481b0 collected $0.94 from pot
*** SUMMARY ***
Total pot $0.99 | Rake $0.05 | Jackpot $0 | Bingo $0 | Fortune $0 | Tax $0
Board [Kh 7c 5c Ac Qd]
Seat 1: 84bd2e4b (small blind) folded before Flop
Seat 2: 7b1481b0 (big blind) showed [Ad Tc] and won ($0.94) with Pair of Aces
Seat 4: Hero folded before Flop (didn't bet)
Seat 5: 668cbf32 folded before Flop (didn't bet)
Seat 6: be37b35f (button) showed [Jd Qc] and lost with Pair of Queens


Poker Hand #HD1857999284: Hold'em No Limit ($0.05/$0.1) - 2024/07/15 15:53:13
Table 'NLHRed45' 6-max Seat #5 is the button
Seat 1: 84bd2e4b ($11.45 in chips)
Seat 2: 7b1481b0 ($25.34 in chips)
Seat 4: Hero ($10.13 in chips)
Seat 5: 668cbf32 ($8.92 in chips)
Seat 6: be37b35f ($13.94 in chips)
be37b35f: posts small blind $0.05
84bd2e4b: posts big blind $0.1
*** HOLE CARDS ***
Dealt to 84bd2e4b 
Dealt to 7b1481b0 
Dealt to Hero [Ad 7s]
Dealt to 668cbf32 
Dealt to be37b35f 
7b1481b0: folds
Hero: folds
668cbf32: calls $0.1
be37b35f: calls $0.05
84bd2e4b: checks
*** FLOP *** [Ks 8h 7c]
be37b35f: checks
84bd2e4b: checks
668cbf32: checks
*** TURN *** [Ks 8h 7c] [9h]
be37b35f: checks
84bd2e4b: checks
668cbf32: bets $0.15
be37b35f: folds
84bd2e4b: folds
Uncalled bet ($0.15) returned to 668cbf32
*** SHOWDOWN ***
668cbf32 collected $0.29 from pot
*** SUMMARY ***
Total pot $0.3 | Rake $0.01 | Jackpot $0 | Bingo $0 | Fortune $0 | Tax $0
Board [Ks 8h 7c 9h]
Seat 1: 84bd2e4b (big blind) folded on the Turn
Seat 2: 7b1481b0 folded before Flop (didn't bet)
Seat 4: Hero folded before Flop (didn't bet)
Seat 5: 668cbf32 (button) won ($0.29)
Seat 6: be37b35f (small blind) folded on the Turn


Poker Hand #HD1857999205: Hold'em No Limit ($0.05/$0.1) - 2024/07/15 15:52:44
Table 'NLHRed45' 6-max Seat #4 is the button
Seat 1: 84bd2e4b ($11.45 in chips)
Seat 2: 7b1481b0 ($25.02 in chips)
Seat 4: Hero ($10.13 in chips)
Seat 5: 668cbf32 ($9.17 in chips)
Seat 6: be37b35f ($14.04 in chips)
668cbf32: posts small blind $0.05
be37b35f: posts big blind $0.1
*** HOLE CARDS ***
Dealt to 84bd2e4b 
Dealt to 7b1481b0 
Dealt to Hero [9s 7h]
Dealt to 668cbf32 
Dealt to be37b35f 
84bd2e4b: folds
7b1481b0: raises $0.15 to $0.25
Hero: folds
668cbf32: calls $0.2
be37b35f: folds
*** FLOP *** [Js 2h 9d]
668cbf32: checks
7b1481b0: bets $0.4
668cbf32: folds
Uncalled bet ($0.4) returned to 7b1481b0
*** SHOWDOWN ***
7b1481b0 collected $0.57 from pot
*** SUMMARY ***
Total pot $0.6 | Rake $0.03 | Jackpot $0 | Bingo $0 | Fortune $0 | Tax $0
Board [Js 2h 9d]
Seat 1: 84bd2e4b folded before Flop (didn't bet)
Seat 2: 7b1481b0 won ($0.57)
Seat 4: Hero (button) folded before Flop (didn't bet)
Seat 5: 668cbf32 (small blind) folded on the Flop
Seat 6: be37b35f (big blind) folded before Flop


Poker Hand #HD1857999174: Hold'em No Limit ($0.05/$0.1) - 2024/07/15 15:52:33
Table 'NLHRed45' 6-max Seat #2 is the button
Seat 1: 84bd2e4b ($11.45 in chips)
Seat 2: 7b1481b0 ($24.87 in chips)
Seat 4: Hero ($10.18 in chips)
Seat 5: 668cbf32 ($9.27 in chips)
Seat 6: be37b35f ($14.04 in chips)
Hero: posts small blind $0.05
668cbf32: posts big blind $0.1
*** HOLE CARDS ***
Dealt to 84bd2e4b 
Dealt to 7b1481b0 
Dealt to Hero [2c 5c]
Dealt to 668cbf32 
Dealt to be37b35f 
be37b35f: folds
84bd2e4b: folds
7b1481b0: raises $0.15 to $0.25
Hero: folds
668cbf32: folds
Uncalled bet ($0.15) returned to 7b1481b0
*** SHOWDOWN ***
7b1481b0 collected $0.25 from pot
*** SUMMARY ***
Total pot $0.25 | Rake $0 | Jackpot $0 | Bingo $0 | Fortune $0 | Tax $0
Seat 1: 84bd2e4b folded before Flop (didn't bet)
Seat 2: 7b1481b0 (button) collected ($0.25)
Seat 4: Hero (small blind) folded before Flop
Seat 5: 668cbf32 (big blind) folded before Flop
Seat 6: be37b35f folded before Flop (didn't bet)


Poker Hand #HD1857999143: Hold'em No Limit ($0.05/$0.1) - 2024/07/15 15:52:17
Table 'NLHRed45' 6-max Seat #1 is the button
Seat 1: 84bd2e4b ($11.45 in chips)
Seat 2: 7b1481b0 ($24.92 in chips)
Seat 4: Hero ($10.28 in chips)
Seat 5: 668cbf32 ($9.27 in chips)
Seat 6: be37b35f ($13.89 in chips)
7b1481b0: posts small blind $0.05
Hero: posts big blind $0.1
*** HOLE CARDS ***
Dealt to 84bd2e4b 
Dealt to 7b1481b0 
Dealt to Hero [2h 5h]
Dealt to 668cbf32 
Dealt to be37b35f 
668cbf32: folds
be37b35f: raises $0.11 to $0.21
84bd2e4b: folds
7b1481b0: folds
Hero: folds
Uncalled bet ($0.11) returned to be37b35f
*** SHOWDOWN ***
be37b35f collected $0.25 from pot
*** SUMMARY ***
Total pot $0.25 | Rake $0 | Jackpot $0 | Bingo $0 | Fortune $0 | Tax $0
Seat 1: 84bd2e4b (button) folded before Flop (didn't bet)
Seat 2: 7b1481b0 (small blind) folded before Flop
Seat 4: Hero (big blind) folded before Flop
Seat 5: 668cbf32 folded before Flop (didn't bet)
Seat 6: be37b35f collected ($0.25)


Poker Hand #HD1857999114: Hold'em No Limit ($0.05/$0.1) - 2024/07/15 15:52:05
Table 'NLHRed45' 6-max Seat #6 is the button
Seat 1: 84bd2e4b ($11.5 in chips)
Seat 2: 7b1481b0 ($24.87 in chips)
Seat 3: 29dc53e7 ($10.41 in chips)
Seat 4: Hero ($10.28 in chips)
Seat 5: 668cbf32 ($9.27 in chips)
Seat 6: be37b35f ($13.89 in chips)
84bd2e4b: posts small blind $0.05
7b1481b0: posts big blind $0.1
*** HOLE CARDS ***
Dealt to 84bd2e4b 
Dealt to 7b1481b0 
Dealt to 29dc53e7 
Dealt to Hero [As 4d]
Dealt to 668cbf32 
Dealt to be37b35f 
29dc53e7: folds
Hero: folds
668cbf32: folds
be37b35f: folds
84bd2e4b: folds
Uncalled bet ($0.05) returned to 7b1481b0
*** SHOWDOWN ***
7b1481b0 collected $0.1 from pot
*** SUMMARY ***
Total pot $0.1 | Rake $0 | Jackpot $0 | Bingo $0 | Fortune $0 | Tax $0
Seat 1: 84bd2e4b (small blind) folded before Flop
Seat 2: 7b1481b0 (big blind) collected ($0.1)
Seat 3: 29dc53e7 folded before Flop (didn't bet)
Seat 4: Hero folded before Flop (didn't bet)
Seat 5: 668cbf32 folded before Flop (didn't bet)
Seat 6: be37b35f (button) folded before Flop (didn't bet)


Poker Hand #HD1857999015: Hold'em No Limit ($0.05/$0.1) - 2024/07/15 15:51:23
Table 'NLHRed45' 6-max Seat #5 is the button
Seat 1: 84bd2e4b ($10.88 in chips)
Seat 3: 29dc53e7 ($10.41 in chips)
Seat 4: Hero ($10.28 in chips)
Seat 5: 668cbf32 ($9.9 in chips)
Seat 6: be37b35f ($13.94 in chips)
be37b35f: posts small blind $0.05
84bd2e4b: posts big blind $0.1
*** HOLE CARDS ***
Dealt to 84bd2e4b 
Dealt to 29dc53e7 
Dealt to Hero [9h As]
Dealt to 668cbf32 
Dealt to be37b35f 
29dc53e7: folds
Hero: folds
668cbf32: calls $0.1
be37b35f: folds
84bd2e4b: raises $0.2 to $0.3
668cbf32: calls $0.2
*** FLOP *** [6s 3s Kc]
84bd2e4b: checks
668cbf32: checks
*** TURN *** [6s 3s Kc] [Kd]
84bd2e4b: checks
668cbf32: bets $0.33
84bd2e4b: calls $0.33
*** RIVER *** [6s 3s Kc Kd] [7d]
84bd2e4b: checks
668cbf32: checks
84bd2e4b: shows [Js Jd] (Pair of Kings and Pair of Jacks)
668cbf32: shows [Tc Ts] (Pair of Kings and Pair of Tens)
*** SHOWDOWN ***
84bd2e4b collected $1.25 from pot
*** SUMMARY ***
Total pot $1.31 | Rake $0.06 | Jackpot $0 | Bingo $0 | Fortune $0 | Tax $0
Board [6s 3s Kc Kd 7d]
Seat 1: 84bd2e4b (big blind) showed [Js Jd] and won ($1.25) with Pair of Kings and Pair of Jacks
Seat 3: 29dc53e7 folded before Flop (didn't bet)
Seat 4: Hero folded before Flop (didn't bet)
Seat 5: 668cbf32 (button) showed [Tc Ts] and lost with Pair of Kings and Pair of Tens
Seat 6: be37b35f (small blind) folded before Flop


Poker Hand #HD1857998982: Hold'em No Limit ($0.05/$0.1) - 2024/07/15 15:51:05
Table 'NLHRed45' 6-max Seat #4 is the button
Seat 1: 84bd2e4b ($10.88 in chips)
Seat 3: 29dc53e7 ($10.41 in chips)
Seat 4: Hero ($10.28 in chips)
Seat 5: 668cbf32 ($9.95 in chips)
Seat 6: be37b35f ($13.89 in chips)
668cbf32: posts small blind $0.05
be37b35f: posts big blind $0.1
*** HOLE CARDS ***
Dealt to 84bd2e4b 
Dealt to 29dc53e7 
Dealt to Hero [4d Td]
Dealt to 668cbf32 
Dealt to be37b35f 
84bd2e4b: folds
29dc53e7: folds
Hero: folds
668cbf32: folds
Uncalled bet ($0.05) returned to be37b35f
*** SHOWDOWN ***
be37b35f collected $0.1 from pot
*** SUMMARY ***
Total pot $0.1 | Rake $0 | Jackpot $0 | Bingo $0 | Fortune $0 | Tax $0
Seat 1: 84bd2e4b folded before Flop (didn't bet)
Seat 3: 29dc53e7 folded before Flop (didn't bet)
Seat 4: Hero (button) folded before Flop (didn't bet)
Seat 5: 668cbf32 (small blind) folded before Flop
Seat 6: be37b35f (big blind) collected ($0.1)


Poker Hand #HD1857998964: Hold'em No Limit ($0.05/$0.1) - 2024/07/15 15:50:58
Table 'NLHRed45' 6-max Seat #3 is the button
Seat 1: 84bd2e4b ($10.88 in chips)
Seat 3: 29dc53e7 ($10.41 in chips)
Seat 4: Hero ($10.33 in chips)
Seat 5: 668cbf32 ($9.9 in chips)
Seat 6: be37b35f ($13.89 in chips)
Hero: posts small blind $0.05
668cbf32: posts big blind $0.1
*** HOLE CARDS ***
Dealt to 84bd2e4b 
Dealt to 29dc53e7 
Dealt to Hero [Qs 4c]
Dealt to 668cbf32 
Dealt to be37b35f 
be37b35f: folds
84bd2e4b: folds
29dc53e7: folds
Hero: folds
Uncalled bet ($0.05) returned to 668cbf32
*** SHOWDOWN ***
668cbf32 collected $0.1 from pot
*** SUMMARY ***
Total pot $0.1 | Rake $0 | Jackpot $0 | Bingo $0 | Fortune $0 | Tax $0
Seat 1: 84bd2e4b folded before Flop (didn't bet)
Seat 3: 29dc53e7 (button) folded before Flop (didn't bet)
Seat 4: Hero (small blind) folded before Flop
Seat 5: 668cbf32 (big blind) collected ($0.1)
Seat 6: be37b35f folded before Flop (didn't bet)


Poker Hand #HD1857998910: Hold'em No Limit ($0.05/$0.1) - 2024/07/15 15:50:33
Table 'NLHRed45' 6-max Seat #1 is the button
Seat 1: 84bd2e4b ($10.56 in chips)
Seat 3: 29dc53e7 ($10.46 in chips)
Seat 4: Hero ($10.63 in chips)
Seat 5: 668cbf32 ($9.9 in chips)
Seat 6: be37b35f ($13.89 in chips)
29dc53e7: posts small blind $0.05
Hero: posts big blind $0.1
*** HOLE CARDS ***
Dealt to 84bd2e4b 
Dealt to 29dc53e7 
Dealt to Hero [3h 3c]
Dealt to 668cbf32 
Dealt to be37b35f 
668cbf32: folds
be37b35f: folds
84bd2e4b: raises $0.2 to $0.3
29dc53e7: folds
Hero: calls $0.2
*** FLOP *** [6c Ad 7d]
Hero: checks
84bd2e4b: bets $0.22
Hero: folds
Uncalled bet ($0.22) returned to 84bd2e4b
*** SHOWDOWN ***
84bd2e4b collected $0.62 from pot
*** SUMMARY ***
Total pot $0.65 | Rake $0.03 | Jackpot $0 | Bingo $0 | Fortune $0 | Tax $0
Board [6c Ad 7d]
Seat 1: 84bd2e4b (button) won ($0.62)
Seat 3: 29dc53e7 (small blind) folded before Flop
Seat 4: Hero (big blind) folded on the Flop
Seat 5: 668cbf32 folded before Flop (didn't bet)
Seat 6: be37b35f folded before Flop (didn't bet)


Poker Hand #HD1857998892: Hold'em No Limit ($0.05/$0.1) - 2024/07/15 15:50:24
Table 'NLHRed45' 6-max Seat #6 is the button
Seat 1: 84bd2e4b ($10.61 in chips)
Seat 3: 29dc53e7 ($10.41 in chips)
Seat 4: Hero ($10.63 in chips)
Seat 5: 668cbf32 ($9.9 in chips)
Seat 6: be37b35f ($13.89 in chips)
84bd2e4b: posts small blind $0.05
29dc53e7: posts big blind $0.1
*** HOLE CARDS ***
Dealt to 84bd2e4b 
Dealt to 29dc53e7 
Dealt to Hero [6s 4s]
Dealt to 668cbf32 
Dealt to be37b35f 
Hero: folds
668cbf32: folds
be37b35f: folds
84bd2e4b: folds
Uncalled bet ($0.05) returned to 29dc53e7
*** SHOWDOWN ***
29dc53e7 collected $0.1 from pot
*** SUMMARY ***
Total pot $0.1 | Rake $0 | Jackpot $0 | Bingo $0 | Fortune $0 | Tax $0
Seat 1: 84bd2e4b (small blind) folded before Flop
Seat 3: 29dc53e7 (big blind) collected ($0.1)
Seat 4: Hero folded before Flop (didn't bet)
Seat 5: 668cbf32 folded before Flop (didn't bet)
Seat 6: be37b35f (button) folded before Flop (didn't bet)


Poker Hand #HD1857998789: Hold'em No Limit ($0.05/$0.1) - 2024/07/15 15:49:35
Table 'NLHRed45' 6-max Seat #5 is the button
Seat 1: 84bd2e4b ($10.71 in chips)
Seat 3: 29dc53e7 ($10.26 in chips)
Seat 4: Hero ($10.63 in chips)
Seat 5: 668cbf32 ($9.9 in chips)
Seat 6: be37b35f ($13.94 in chips)
be37b35f: posts small blind $0.05
84bd2e4b: posts big blind $0.1
*** HOLE CARDS ***
Dealt to 84bd2e4b 
Dealt to 29dc53e7 
Dealt to Hero [Ac 3s]
Dealt to 668cbf32 
Dealt to be37b35f 
29dc53e7: raises $0.15 to $0.25
Hero: folds
668cbf32: folds
be37b35f: folds
84bd2e4b: folds
Uncalled bet ($0.15) returned to 29dc53e7
*** SHOWDOWN ***
29dc53e7 collected $0.25 from pot
*** SUMMARY ***
Total pot $0.25 | Rake $0 | Jackpot $0 | Bingo $0 | Fortune $0 | Tax $0
Seat 1: 84bd2e4b (big blind) folded before Flop
Seat 3: 29dc53e7 collected ($0.25)
Seat 4: Hero folded before Flop (didn't bet)
Seat 5: 668cbf32 (button) folded before Flop (didn't bet)
Seat 6: be37b35f (small blind) folded before Flop


Poker Hand #HD1857998671: Hold'em No Limit ($0.05/$0.1) - 2024/07/15 15:48:43
Table 'NLHRed45' 6-max Seat #4 is the button
Seat 1: 84bd2e4b ($10.71 in chips)
Seat 3: 29dc53e7 ($10.26 in chips)
Seat 4: Hero ($10.36 in chips)
Seat 5: 668cbf32 ($9.95 in chips)
Seat 6: be37b35f ($14.18 in chips)
668cbf32: posts small blind $0.05
be37b35f: posts big blind $0.1
*** HOLE CARDS ***
Dealt to 84bd2e4b 
Dealt to 29dc53e7 
Dealt to Hero [Tc Qs]
Dealt to 668cbf32 
Dealt to be37b35f 
84bd2e4b: folds
29dc53e7: folds
Hero: raises $0.14 to $0.24
668cbf32: folds
be37b35f: calls $0.14
*** FLOP *** [6s 8h Kd]
be37b35f: checks
Hero: bets $0.4
be37b35f: folds
Uncalled bet ($0.4) returned to Hero
*** SHOWDOWN ***
Hero collected $0.51 from pot
*** SUMMARY ***
Total pot $0.53 | Rake $0.02 | Jackpot $0 | Bingo $0 | Fortune $0 | Tax $0
Board [6s 8h Kd]
Seat 1: 84bd2e4b folded before Flop (didn't bet)
Seat 3: 29dc53e7 folded before Flop (didn't bet)
Seat 4: Hero (button) won ($0.51)
Seat 5: 668cbf32 (small blind) folded before Flop
Seat 6: be37b35f (big blind) folded on the Flop


Poker Hand #HD1857998640: Hold'em No Limit ($0.05/$0.1) - 2024/07/15 15:48:31
Table 'NLHRed45' 6-max Seat #3 is the button
Seat 1: 84bd2e4b ($10.71 in chips)
Seat 3: 29dc53e7 ($10.26 in chips)
Seat 4: Hero ($10.41 in chips)
Seat 5: 668cbf32 ($9.9 in chips)
Seat 6: be37b35f ($14.18 in chips)
Hero: posts small blind $0.05
668cbf32: posts big blind $0.1
*** HOLE CARDS ***
Dealt to 84bd2e4b 
Dealt to 29dc53e7 
Dealt to Hero [2s Ad]
Dealt to 668cbf32 
Dealt to be37b35f 
be37b35f: folds
84bd2e4b: folds
29dc53e7: folds
Hero: folds
Uncalled bet ($0.05) returned to 668cbf32
*** SHOWDOWN ***
668cbf32 collected $0.1 from pot
*** SUMMARY ***
Total pot $0.1 | Rake $0 | Jackpot $0 | Bingo $0 | Fortune $0 | Tax $0
Seat 1: 84bd2e4b folded before Flop (didn't bet)
Seat 3: 29dc53e7 (button) folded before Flop (didn't bet)
Seat 4: Hero (small blind) folded before Flop
Seat 5: 668cbf32 (big blind) collected ($0.1)
Seat 6: be37b35f folded before Flop (didn't bet)


Poker Hand #HD1857998579: Hold'em No Limit ($0.05/$0.1) - 2024/07/15 15:48:02
Table 'NLHRed45' 6-max Seat #1 is the button
Seat 1: 84bd2e4b ($10.71 in chips)
Seat 3: 29dc53e7 ($10.07 in chips)
Seat 4: Hero ($10.51 in chips)
Seat 5: 668cbf32 ($10 in chips)
Seat 6: be37b35f ($14.18 in chips)
29dc53e7: posts small blind $0.05
Hero: posts big blind $0.1
668cbf32: posts big blind $0.1
*** HOLE CARDS ***
Dealt to 84bd2e4b 
Dealt to 29dc53e7 
Dealt to Hero [5s Js]
Dealt to 668cbf32 
Dealt to be37b35f 
668cbf32: checks
be37b35f: folds
84bd2e4b: folds
29dc53e7: raises $0.6 to $0.7
Hero: folds
668cbf32: folds
Uncalled bet ($0.6) returned to 29dc53e7
*** SHOWDOWN ***
29dc53e7 collected $0.29 from pot
*** SUMMARY ***
Total pot $0.3 | Rake $0.01 | Jackpot $0 | Bingo $0 | Fortune $0 | Tax $0
Seat 1: 84bd2e4b (button) folded before Flop (didn't bet)
Seat 3: 29dc53e7 (small blind) collected ($0.29)
Seat 4: Hero (big blind) folded before Flop
Seat 5: 668cbf32 folded before Flop
Seat 6: be37b35f folded before Flop (didn't bet)


Poker Hand #HD1857998531: Hold'em No Limit ($0.05/$0.1) - 2024/07/15 15:47:42
Table 'NLHRed45' 6-max Seat #6 is the button
Seat 1: 84bd2e4b ($10.76 in chips)
Seat 3: 29dc53e7 ($10.17 in chips)
Seat 4: Hero ($10.71 in chips)
Seat 6: be37b35f ($13.85 in chips)
84bd2e4b: posts small blind $0.05
29dc53e7: posts big blind $0.1
*** HOLE CARDS ***
Dealt to 84bd2e4b 
Dealt to 29dc53e7 
Dealt to Hero [8s 8c]
Dealt to be37b35f 
Hero: raises $0.1 to $0.2
be37b35f: raises $0.45 to $0.65
84bd2e4b: folds
29dc53e7: folds
Hero: folds
Uncalled bet ($0.45) returned to be37b35f
*** SHOWDOWN ***
be37b35f collected $0.53 from pot
*** SUMMARY ***
Total pot $0.55 | Rake $0.02 | Jackpot $0 | Bingo $0 | Fortune $0 | Tax $0
Seat 1: 84bd2e4b (small blind) folded before Flop
Seat 3: 29dc53e7 (big blind) folded before Flop
Seat 4: Hero folded before Flop
Seat 6: be37b35f (button) collected ($0.53)


Poker Hand #HD1857998379: Hold'em No Limit ($0.05/$0.1) - 2024/07/15 15:46:32
Table 'NLHRed45' 6-max Seat #5 is the button
Seat 1: 84bd2e4b ($10.67 in chips)
Seat 3: 29dc53e7 ($10.17 in chips)
Seat 4: Hero ($10.63 in chips)
Seat 5: 282700e0 ($7.97 in chips)
Seat 6: be37b35f ($13.9 in chips)
be37b35f: posts small blind $0.05
84bd2e4b: posts big blind $0.1
*** HOLE CARDS ***
Dealt to 84bd2e4b 
Dealt to 29dc53e7 
Dealt to Hero [Qh Ks]
Dealt to 282700e0 
Dealt to be37b35f 
29dc53e7: folds
Hero: raises $0.14 to $0.24
282700e0: calls $0.24
be37b35f: folds
84bd2e4b: calls $0.14
*** FLOP *** [Kc 2h 3c]
84bd2e4b: checks
Hero: bets $0.26
282700e0: folds
84bd2e4b: calls $0.26
*** TURN *** [Kc 2h 3c] [Tc]
84bd2e4b: checks
Hero: checks
*** RIVER *** [Kc 2h 3c Tc] [2d]
84bd2e4b: checks
Hero: bets $0.6
84bd2e4b: calls $0.6
Hero: shows [Qh Ks] (Pair of Kings and Pair of Twos)
84bd2e4b: shows [Kh Qd] (Pair of Kings and Pair of Twos)
*** SHOWDOWN ***
84bd2e4b collected $1.19 from pot
Hero collected $1.18 from pot
*** SUMMARY ***
Total pot $2.49 | Rake $0.12 | Jackpot $0 | Bingo $0 | Fortune $0 | Tax $0
Board [Kc 2h 3c Tc 2d]
Seat 1: 84bd2e4b (big blind) showed [Kh Qd] and won ($1.19) with Pair of Kings and Pair of Twos
Seat 3: 29dc53e7 folded before Flop (didn't bet)
Seat 4: Hero showed [Qh Ks] and won ($1.18) with Pair of Kings and Pair of Twos
Seat 5: 282700e0 (button) folded on the Flop
Seat 6: be37b35f (small blind) folded before Flop


Poker Hand #HD1857998322: Hold'em No Limit ($0.05/$0.1) - 2024/07/15 15:46:04
Table 'NLHRed45' 6-max Seat #4 is the button
Seat 1: 84bd2e4b ($10.67 in chips)
Seat 3: 29dc53e7 ($10.17 in chips)
Seat 4: Hero ($10.36 in chips)
Seat 5: 282700e0 ($8.02 in chips)
Seat 6: be37b35f ($14.14 in chips)
282700e0: posts small blind $0.05
be37b35f: posts big blind $0.1
*** HOLE CARDS ***
Dealt to 84bd2e4b 
Dealt to 29dc53e7 
Dealt to Hero [Ks Kh]
Dealt to 282700e0 
Dealt to be37b35f 
84bd2e4b: folds
29dc53e7: folds
Hero: raises $0.14 to $0.24
282700e0: folds
be37b35f: calls $0.14
*** FLOP *** [8h 2d 6d]
be37b35f: checks
Hero: bets $0.4
be37b35f: folds
Uncalled bet ($0.4) returned to Hero
*** SHOWDOWN ***
Hero collected $0.51 from pot
*** SUMMARY ***
Total pot $0.53 | Rake $0.02 | Jackpot $0 | Bingo $0 | Fortune $0 | Tax $0
Board [8h 2d 6d]
Seat 1: 84bd2e4b folded before Flop (didn't bet)
Seat 3: 29dc53e7 folded before Flop (didn't bet)
Seat 4: Hero (button) won ($0.51)
Seat 5: 282700e0 (small blind) folded before Flop
Seat 6: be37b35f (big blind) folded on the Flop


Poker Hand #HD1857998264: Hold'em No Limit ($0.05/$0.1) - 2024/07/15 15:45:36
Table 'NLHRed45' 6-max Seat #3 is the button
Seat 1: 84bd2e4b ($10.35 in chips)
Seat 3: 29dc53e7 ($10.17 in chips)
Seat 4: Hero ($10.41 in chips)
Seat 5: 282700e0 ($8.32 in chips)
Seat 6: be37b35f ($14.14 in chips)
Hero: posts small blind $0.05
282700e0: posts big blind $0.1
*** HOLE CARDS ***
Dealt to 84bd2e4b 
Dealt to 29dc53e7 
Dealt to Hero [2h 6h]
Dealt to 282700e0 
Dealt to be37b35f 
be37b35f: folds
84bd2e4b: raises $0.2 to $0.3
29dc53e7: folds
Hero: folds
282700e0: calls $0.2
*** FLOP *** [3s Ks 2c]
282700e0: checks
84bd2e4b: bets $0.22
282700e0: folds
Uncalled bet ($0.22) returned to 84bd2e4b
*** SHOWDOWN ***
84bd2e4b collected $0.62 from pot
*** SUMMARY ***
Total pot $0.65 | Rake $0.03 | Jackpot $0 | Bingo $0 | Fortune $0 | Tax $0
Board [3s Ks 2c]
Seat 1: 84bd2e4b won ($0.62)
Seat 3: 29dc53e7 (button) folded before Flop (didn't bet)
Seat 4: Hero (small blind) folded before Flop
Seat 5: 282700e0 (big blind) folded on the Flop
Seat 6: be37b35f folded before Flop (didn't bet)


Poker Hand #HD1857998244: Hold'em No Limit ($0.05/$0.1) - 2024/07/15 15:45:28
Table 'NLHRed45' 6-max Seat #1 is the button
Seat 1: 84bd2e4b ($10.35 in chips)
Seat 3: 29dc53e7 ($10.22 in chips)
Seat 4: Hero ($10.36 in chips)
Seat 5: 282700e0 ($8.32 in chips)
Seat 6: be37b35f ($14.14 in chips)
29dc53e7: posts small blind $0.05
Hero: posts big blind $0.1
*** HOLE CARDS ***
Dealt to 84bd2e4b 
Dealt to 29dc53e7 
Dealt to Hero [9h Ad]
Dealt to 282700e0 
Dealt to be37b35f 
282700e0: folds
be37b35f: folds
84bd2e4b: folds
29dc53e7: folds
Uncalled bet ($0.05) returned to Hero
*** SHOWDOWN ***
Hero collected $0.1 from pot
*** SUMMARY ***
Total pot $0.1 | Rake $0 | Jackpot $0 | Bingo $0 | Fortune $0 | Tax $0
Seat 1: 84bd2e4b (button) folded before Flop (didn't bet)
Seat 3: 29dc53e7 (small blind) folded before Flop
Seat 4: Hero (big blind) collected ($0.1)
Seat 5: 282700e0 folded before Flop (didn't bet)
Seat 6: be37b35f folded before Flop (didn't bet)


Poker Hand #HD1857998131: Hold'em No Limit ($0.05/$0.1) - 2024/07/15 15:44:39
Table 'NLHRed45' 6-max Seat #6 is the button
Seat 1: 84bd2e4b ($10.17 in chips)
Seat 3: 29dc53e7 ($10.42 in chips)
Seat 4: Hero ($10.36 in chips)
Seat 5: 282700e0 ($8.32 in chips)
Seat 6: be37b35f ($14.14 in chips)
84bd2e4b: posts small blind $0.05
29dc53e7: posts big blind $0.1
*** HOLE CARDS ***
Dealt to 84bd2e4b 
Dealt to 29dc53e7 
Dealt to Hero [9s 8s]
Dealt to 282700e0 
Dealt to be37b35f 
Hero: folds
282700e0: folds
be37b35f: folds
84bd2e4b: calls $0.05
29dc53e7: checks
*** FLOP *** [Qd 9h 8c]
84bd2e4b: checks
29dc53e7: bets $0.1
84bd2e4b: calls $0.1
*** TURN *** [Qd 9h 8c] [Jh]
84bd2e4b: checks
29dc53e7: checks
*** RIVER *** [Qd 9h 8c Jh] [7d]
84bd2e4b: bets $0.4
29dc53e7: folds
Uncalled bet ($0.4) returned to 84bd2e4b
*** SHOWDOWN ***
84bd2e4b collected $0.38 from pot
*** SUMMARY ***
Total pot $0.4 | Rake $0.02 | Jackpot $0 | Bingo $0 | Fortune $0 | Tax $0
Board [Qd 9h 8c Jh 7d]
Seat 1: 84bd2e4b (small blind) won ($0.38)
Seat 3: 29dc53e7 (big blind) folded on the River
Seat 4: Hero folded before Flop (didn't bet)
Seat 5: 282700e0 folded before Flop (didn't bet)
Seat 6: be37b35f (button) folded before Flop (didn't bet)


Poker Hand #HD1857998044: Hold'em No Limit ($0.05/$0.1) - 2024/07/15 15:43:58
Table 'NLHRed45' 6-max Seat #5 is the button
Seat 1: 84bd2e4b ($10.27 in chips)
Seat 2: 7b1481b0 ($24.87 in chips)
Seat 3: 29dc53e7 ($10.42 in chips)
Seat 4: Hero ($10 in chips)
Seat 5: 282700e0 ($8.56 in chips)
Seat 6: be37b35f ($14.19 in chips)
be37b35f: posts small blind $0.05
84bd2e4b: posts big blind $0.1
*** HOLE CARDS ***
Dealt to 84bd2e4b 
Dealt to 7b1481b0 
Dealt to 29dc53e7 
Dealt to Hero [Ac 2c]
Dealt to 282700e0 
Dealt to be37b35f 
7b1481b0: folds
29dc53e7: folds
Hero: raises $0.14 to $0.24
282700e0: calls $0.24
be37b35f: folds
84bd2e4b: folds
*** FLOP *** [Ah Qh 3h]
Hero: checks
282700e0: checks
*** TURN *** [Ah Qh 3h] [Jd]
Hero: bets $0.21
282700e0: folds
Uncalled bet ($0.21) returned to Hero
*** SHOWDOWN ***
Hero collected $0.6 from pot
*** SUMMARY ***
Total pot $0.63 | Rake $0.03 | Jackpot $0 | Bingo $0 | Fortune $0 | Tax $0
Board [Ah Qh 3h Jd]
Seat 1: 84bd2e4b (big blind) folded before Flop
Seat 2: 7b1481b0 folded before Flop (didn't bet)
Seat 3: 29dc53e7 folded before Flop (didn't bet)
Seat 4: Hero won ($0.6)
Seat 5: 282700e0 (button) folded on the Turn
Seat 6: be37b35f (small blind) folded before Flop


Poker Hand #HD1857997958: Hold'em No Limit ($0.05/$0.1) - 2024/07/15 15:43:15
Table 'NLHRed45' 6-max Seat #4 is the button
Seat 1: 84bd2e4b ($10.27 in chips)
Seat 2: 7b1481b0 ($24.87 in chips)
Seat 3: 29dc53e7 ($10.42 in chips)
Seat 4: Hero ($10 in chips)
Seat 5: 282700e0 ($11.08 in chips)
Seat 6: be37b35f ($12.01 in chips)
282700e0: posts small blind $0.05
be37b35f: posts big blind $0.1
*** HOLE CARDS ***
Dealt to 84bd2e4b 
Dealt to 7b1481b0 
Dealt to 29dc53e7 
Dealt to Hero [4h Kd]
Dealt to 282700e0 
Dealt to be37b35f 
84bd2e4b: folds
7b1481b0: folds
29dc53e7: folds
Hero: folds
282700e0: raises $0.1 to $0.2
be37b35f: calls $0.1
*** FLOP *** [Ah Jh Qs]
282700e0: bets $0.2
be37b35f: calls $0.2
*** TURN *** [Ah Jh Qs] [Jd]
282700e0: checks
be37b35f: bets $0.44
282700e0: calls $0.44
*** RIVER *** [Ah Jh Qs Jd] [8s]
282700e0: checks
be37b35f: bets $1.68
282700e0: calls $1.68
be37b35f: shows [9c Ts] (Queens-High Straight)
282700e0: shows [2h As] (Pair of Aces and Pair of Jacks)
*** SHOWDOWN ***
be37b35f collected $4.7 from pot
*** SUMMARY ***
Total pot $5.04 | Rake $0.24 | Jackpot $0.1 | Bingo $0 | Fortune $0 | Tax $0
Board [Ah Jh Qs Jd 8s]
Seat 1: 84bd2e4b folded before Flop (didn't bet)
Seat 2: 7b1481b0 folded before Flop (didn't bet)
Seat 3: 29dc53e7 folded before Flop (didn't bet)
Seat 4: Hero (button) folded before Flop (didn't bet)
Seat 5: 282700e0 (small blind) showed [2h As] and lost with Pair of Aces and Pair of Jacks
Seat 6: be37b35f (big blind) showed [9c Ts] and won ($4.7) with Queens-High Straight


Poker Hand #HD1857997826: Hold'em No Limit ($0.05/$0.1) - 2024/07/15 15:42:08
Table 'NLHRed45' 6-max Seat #3 is the button
Seat 1: 84bd2e4b ($10.27 in chips)
Seat 2: 7b1481b0 ($24.87 in chips)
Seat 3: 29dc53e7 ($10.42 in chips)
Seat 4: Hero ($10.2 in chips)
Seat 5: 282700e0 ($10.81 in chips)
Seat 6: be37b35f ($12.01 in chips)
Hero: posts small blind $0.05
282700e0: posts big blind $0.1
*** HOLE CARDS ***
Dealt to 84bd2e4b 
Dealt to 7b1481b0 
Dealt to 29dc53e7 
Dealt to Hero [Kd Ad]
Dealt to 282700e0 
Dealt to be37b35f 
be37b35f: folds
84bd2e4b: folds
7b1481b0: folds
29dc53e7: folds
Hero: raises $0.2 to $0.3
282700e0: calls $0.2
*** FLOP *** [8s Tc Ts]
Hero: checks
282700e0: checks
*** TURN *** [8s Tc Ts] [2s]
Hero: checks
282700e0: bets $0.45
Hero: folds
Uncalled bet ($0.45) returned to 282700e0
*** SHOWDOWN ***
282700e0 collected $0.57 from pot
*** SUMMARY ***
Total pot $0.6 | Rake $0.03 | Jackpot $0 | Bingo $0 | Fortune $0 | Tax $0
Board [8s Tc Ts 2s]
Seat 1: 84bd2e4b folded before Flop (didn't bet)
Seat 2: 7b1481b0 folded before Flop (didn't bet)
Seat 3: 29dc53e7 (button) folded before Flop (didn't bet)
Seat 4: Hero (small blind) folded on the Turn
Seat 5: 282700e0 (big blind) won ($0.57)
Seat 6: be37b35f folded before Flop (didn't bet)


Poker Hand #HD1857997790: Hold'em No Limit ($0.05/$0.1) - 2024/07/15 15:41:54
Table 'NLHRed45' 6-max Seat #2 is the button
Seat 1: 84bd2e4b ($10.27 in chips)
Seat 2: 7b1481b0 ($24.87 in chips)
Seat 3: 29dc53e7 ($10.47 in chips)
Seat 4: Hero ($10.15 in chips)
Seat 5: 282700e0 ($10.81 in chips)
Seat 6: be37b35f ($12.01 in chips)
29dc53e7: posts small blind $0.05
Hero: posts big blind $0.1
*** HOLE CARDS ***
Dealt to 84bd2e4b 
Dealt to 7b1481b0 
Dealt to 29dc53e7 
Dealt to Hero [Tc 6c]
Dealt to 282700e0 
Dealt to be37b35f 
282700e0: folds
be37b35f: folds
84bd2e4b: folds
7b1481b0: folds
29dc53e7: folds
Uncalled bet ($0.05) returned to Hero
*** SHOWDOWN ***
Hero collected $0.1 from pot
*** SUMMARY ***
Total pot $0.1 | Rake $0 | Jackpot $0 | Bingo $0 | Fortune $0 | Tax $0
Seat 1: 84bd2e4b folded before Flop (didn't bet)
Seat 2: 7b1481b0 (button) folded before Flop (didn't bet)
Seat 3: 29dc53e7 (small blind) folded before Flop
Seat 4: Hero (big blind) collected ($0.1)
Seat 5: 282700e0 folded before Flop (didn't bet)
Seat 6: be37b35f folded before Flop (didn't bet)


Poker Hand #HD1857997761: Hold'em No Limit ($0.05/$0.1) - 2024/07/15 15:41:42
Table 'NLHRed45' 6-max Seat #1 is the button
Seat 1: 84bd2e4b ($10.27 in chips)
Seat 2: 7b1481b0 ($24.92 in chips)
Seat 3: 29dc53e7 ($10.57 in chips)
Seat 4: Hero ($10 in chips)
Seat 5: 282700e0 ($10.81 in chips)
Seat 6: be37b35f ($12.01 in chips)
7b1481b0: posts small blind $0.05
29dc53e7: posts big blind $0.1
*** HOLE CARDS ***
Dealt to 84bd2e4b 
Dealt to 7b1481b0 
Dealt to 29dc53e7 
Dealt to Hero [Ah Qh]
Dealt to 282700e0 
Dealt to be37b35f 
Hero: raises $0.1 to $0.2
282700e0: folds
be37b35f: folds
84bd2e4b: folds
7b1481b0: folds
29dc53e7: folds
Uncalled bet ($0.1) returned to Hero
*** SHOWDOWN ***
Hero collected $0.25 from pot
*** SUMMARY ***
Total pot $0.25 | Rake $0 | Jackpot $0 | Bingo $0 | Fortune $0 | Tax $0
Seat 1: 84bd2e4b (button) folded before Flop (didn't bet)
Seat 2: 7b1481b0 (small blind) folded before Flop
Seat 3: 29dc53e7 (big blind) folded before Flop
Seat 4: Hero collected ($0.25)
Seat 5: 282700e0 folded before Flop (didn't bet)
Seat 6: be37b35f folded before Flop (didn't bet)


Poker Hand #HD1857997598: Hold'em No Limit ($0.05/$0.1) - 2024/07/15 15:40:17
Table 'NLHRed45' 6-max Seat #6 is the button
Seat 1: 84bd2e4b ($10.32 in chips)
Seat 2: 7b1481b0 ($18.88 in chips)
Seat 3: 29dc53e7 ($10.57 in chips)
Seat 4: Hero ($12.58 in chips)
Seat 5: 282700e0 ($11.01 in chips)
Seat 6: be37b35f ($12.01 in chips)
84bd2e4b: posts small blind $0.05
7b1481b0: posts big blind $0.1
*** HOLE CARDS ***
Dealt to 84bd2e4b 
Dealt to 7b1481b0 
Dealt to 29dc53e7 
Dealt to Hero [Kd Ah]
Dealt to 282700e0 
Dealt to be37b35f 
29dc53e7: folds
Hero: raises $0.1 to $0.2
282700e0: calls $0.2
be37b35f: folds
84bd2e4b: folds
7b1481b0: calls $0.1
*** FLOP *** [4s 3s Ks]
7b1481b0: checks
Hero: bets $0.2
282700e0: folds
7b1481b0: calls $0.2
*** TURN *** [4s 3s Ks] [Kh]
7b1481b0: checks
Hero: bets $0.7
7b1481b0: raises $1.65 to $2.35
Hero: calls $1.65
*** RIVER *** [4s 3s Ks Kh] [6h]
7b1481b0: bets $3.8
Hero: calls $3.8
7b1481b0: shows [8s As] (Ace High Flush)
Hero: shows [Kd Ah] (Three Kings)
*** SHOWDOWN ***
7b1481b0 collected $12.59 from pot
*** SUMMARY ***
Total pot $13.35 | Rake $0.66 | Jackpot $0.1 | Bingo $0 | Fortune $0 | Tax $0
Board [4s 3s Ks Kh 6h]
Seat 1: 84bd2e4b (small blind) folded before Flop
Seat 2: 7b1481b0 (big blind) showed [8s As] and won ($12.59) with Ace High Flush
Seat 3: 29dc53e7 folded before Flop (didn't bet)
Seat 4: Hero showed [Kd Ah] and lost with Three Kings
Seat 5: 282700e0 folded on the Flop
Seat 6: be37b35f (button) folded before Flop (didn't bet)


Poker Hand #HD1857997554: Hold'em No Limit ($0.05/$0.1) - 2024/07/15 15:39:56
Table 'NLHRed45' 6-max Seat #5 is the button
Seat 1: 84bd2e4b ($10.42 in chips)
Seat 2: 7b1481b0 ($18.88 in chips)
Seat 3: 29dc53e7 ($10.42 in chips)
Seat 4: Hero ($12.58 in chips)
Seat 5: 282700e0 ($11.01 in chips)
Seat 6: be37b35f ($12.06 in chips)
be37b35f: posts small blind $0.05
84bd2e4b: posts big blind $0.1
*** HOLE CARDS ***
Dealt to 84bd2e4b 
Dealt to 7b1481b0 
Dealt to 29dc53e7 
Dealt to Hero [Ts Jh]
Dealt to 282700e0 
Dealt to be37b35f 
7b1481b0: folds
29dc53e7: raises $0.15 to $0.25
Hero: folds
282700e0: folds
be37b35f: folds
84bd2e4b: folds
Uncalled bet ($0.15) returned to 29dc53e7
*** SHOWDOWN ***
29dc53e7 collected $0.25 from pot
*** SUMMARY ***
Total pot $0.25 | Rake $0 | Jackpot $0 | Bingo $0 | Fortune $0 | Tax $0
Seat 1: 84bd2e4b (big blind) folded before Flop
Seat 2: 7b1481b0 folded before Flop (didn't bet)
Seat 3: 29dc53e7 collected ($0.25)
Seat 4: Hero folded before Flop (didn't bet)
Seat 5: 282700e0 (button) folded before Flop (didn't bet)
Seat 6: be37b35f (small blind) folded before Flop


Poker Hand #HD1857997503: Hold'em No Limit ($0.05/$0.1) - 2024/07/15 15:39:31
Table 'NLHRed45' 6-max Seat #4 is the button
Seat 1: 84bd2e4b ($10.62 in chips)
Seat 2: 7b1481b0 ($18.88 in chips)
Seat 3: 29dc53e7 ($10.42 in chips)
Seat 4: Hero ($12.58 in chips)
Seat 5: 282700e0 ($10.73 in chips)
Seat 6: be37b35f ($12.16 in chips)
282700e0: posts small blind $0.05
be37b35f: posts big blind $0.1
*** HOLE CARDS ***
Dealt to 84bd2e4b 
Dealt to 7b1481b0 
Dealt to 29dc53e7 
Dealt to Hero [5s 3s]
Dealt to 282700e0 
Dealt to be37b35f 
84bd2e4b: raises $0.1 to $0.2
7b1481b0: folds
29dc53e7: folds
Hero: folds
282700e0: raises $0.5 to $0.7
be37b35f: folds
84bd2e4b: folds
Uncalled bet ($0.5) returned to 282700e0
*** SHOWDOWN ***
282700e0 collected $0.48 from pot
*** SUMMARY ***
Total pot $0.5 | Rake $0.02 | Jackpot $0 | Bingo $0 | Fortune $0 | Tax $0
Seat 1: 84bd2e4b folded before Flop
Seat 2: 7b1481b0 folded before Flop (didn't bet)
Seat 3: 29dc53e7 folded before Flop (didn't bet)
Seat 4: Hero (button) folded before Flop (didn't bet)
Seat 5: 282700e0 (small blind) collected ($0.48)
Seat 6: be37b35f (big blind) folded before Flop


Poker Hand #HD1857997483: Hold'em No Limit ($0.05/$0.1) - 2024/07/15 15:39:20
Table 'NLHRed45' 6-max Seat #3 is the button
Seat 1: 84bd2e4b ($10.47 in chips)
Seat 2: 7b1481b0 ($18.88 in chips)
Seat 3: 29dc53e7 ($10.42 in chips)
Seat 4: Hero ($12.63 in chips)
Seat 5: 282700e0 ($10.83 in chips)
Seat 6: be37b35f ($12.16 in chips)
Hero: posts small blind $0.05
282700e0: posts big blind $0.1
*** HOLE CARDS ***
Dealt to 84bd2e4b 
Dealt to 7b1481b0 
Dealt to 29dc53e7 
Dealt to Hero [Qs 5d]
Dealt to 282700e0 
Dealt to be37b35f 
be37b35f: folds
84bd2e4b: raises $0.1 to $0.2
7b1481b0: folds
29dc53e7: folds
Hero: folds
282700e0: folds
Uncalled bet ($0.1) returned to 84bd2e4b
*** SHOWDOWN ***
84bd2e4b collected $0.25 from pot
*** SUMMARY ***
Total pot $0.25 | Rake $0 | Jackpot $0 | Bingo $0 | Fortune $0 | Tax $0
Seat 1: 84bd2e4b collected ($0.25)
Seat 2: 7b1481b0 folded before Flop (didn't bet)
Seat 3: 29dc53e7 (button) folded before Flop (didn't bet)
Seat 4: Hero (small blind) folded before Flop
Seat 5: 282700e0 (big blind) folded before Flop
Seat 6: be37b35f folded before Flop (didn't bet)


Poker Hand #HD1857997456: Hold'em No Limit ($0.05/$0.1) - 2024/07/15 15:39:02
Table 'NLHRed45' 6-max Seat #2 is the button
Seat 1: 84bd2e4b ($10.47 in chips)
Seat 2: 7b1481b0 ($18.88 in chips)
Seat 3: 29dc53e7 ($10.47 in chips)
Seat 4: Hero ($12.58 in chips)
Seat 5: 282700e0 ($10.83 in chips)
Seat 6: be37b35f ($12.16 in chips)
29dc53e7: posts small blind $0.05
Hero: posts big blind $0.1
*** HOLE CARDS ***
Dealt to 84bd2e4b 
Dealt to 7b1481b0 
Dealt to 29dc53e7 
Dealt to Hero [Qh 4h]
Dealt to 282700e0 
Dealt to be37b35f 
282700e0: folds
be37b35f: folds
84bd2e4b: folds
7b1481b0: folds
29dc53e7: folds
Uncalled bet ($0.05) returned to Hero
*** SHOWDOWN ***
Hero collected $0.1 from pot
*** SUMMARY ***
Total pot $0.1 | Rake $0 | Jackpot $0 | Bingo $0 | Fortune $0 | Tax $0
Seat 1: 84bd2e4b folded before Flop (didn't bet)
Seat 2: 7b1481b0 (button) folded before Flop (didn't bet)
Seat 3: 29dc53e7 (small blind) folded before Flop
Seat 4: Hero (big blind) collected ($0.1)
Seat 5: 282700e0 folded before Flop (didn't bet)
Seat 6: be37b35f folded before Flop (didn't bet)


Poker Hand #HD1857997368: Hold'em No Limit ($0.05/$0.1) - 2024/07/15 15:38:22
Table 'NLHRed45' 6-max Seat #1 is the button
Seat 1: 84bd2e4b ($10.47 in chips)
Seat 2: 7b1481b0 ($19.18 in chips)
Seat 3: 29dc53e7 ($10.2 in chips)
Seat 4: Hero ($12.58 in chips)
Seat 5: 282700e0 ($10.83 in chips)
Seat 6: be37b35f ($12.16 in chips)
7b1481b0: posts small blind $0.05
29dc53e7: posts big blind $0.1
*** HOLE CARDS ***
Dealt to 84bd2e4b 
Dealt to 7b1481b0 
Dealt to 29dc53e7 
Dealt to Hero [5d 5s]
Dealt to 282700e0 
Dealt to be37b35f 
Hero: folds
282700e0: folds
be37b35f: folds
84bd2e4b: folds
7b1481b0: raises $0.2 to $0.3
29dc53e7: calls $0.2
*** FLOP *** [3s 2s 4h]
7b1481b0: checks
29dc53e7: bets $0.35
7b1481b0: folds
Uncalled bet ($0.35) returned to 29dc53e7
*** SHOWDOWN ***
29dc53e7 collected $0.57 from pot
*** SUMMARY ***
Total pot $0.6 | Rake $0.03 | Jackpot $0 | Bingo $0 | Fortune $0 | Tax $0
Board [3s 2s 4h]
Seat 1: 84bd2e4b (button) folded before Flop (didn't bet)
Seat 2: 7b1481b0 (small blind) folded on the Flop
Seat 3: 29dc53e7 (big blind) won ($0.57)
Seat 4: Hero folded before Flop (didn't bet)
Seat 5: 282700e0 folded before Flop (didn't bet)
Seat 6: be37b35f folded before Flop (didn't bet)


Poker Hand #HD1857997349: Hold'em No Limit ($0.05/$0.1) - 2024/07/15 15:38:10
Table 'NLHRed45' 6-max Seat #6 is the button
Seat 1: 84bd2e4b ($10.52 in chips)
Seat 2: 7b1481b0 ($19.28 in chips)
Seat 3: 29dc53e7 ($10.2 in chips)
Seat 4: Hero ($12.58 in chips)
Seat 5: 282700e0 ($10.68 in chips)
Seat 6: be37b35f ($12.16 in chips)
84bd2e4b: posts small blind $0.05
7b1481b0: posts big blind $0.1
*** HOLE CARDS ***
Dealt to 84bd2e4b 
Dealt to 7b1481b0 
Dealt to 29dc53e7 
Dealt to Hero [Ac 3h]
Dealt to 282700e0 
Dealt to be37b35f 
29dc53e7: folds
Hero: folds
282700e0: raises $0.1 to $0.2
be37b35f: folds
84bd2e4b: folds
7b1481b0: folds
Uncalled bet ($0.1) returned to 282700e0
*** SHOWDOWN ***
282700e0 collected $0.25 from pot
*** SUMMARY ***
Total pot $0.25 | Rake $0 | Jackpot $0 | Bingo $0 | Fortune $0 | Tax $0
Seat 1: 84bd2e4b (small blind) folded before Flop
Seat 2: 7b1481b0 (big blind) folded before Flop
Seat 3: 29dc53e7 folded before Flop (didn't bet)
Seat 4: Hero folded before Flop (didn't bet)
Seat 5: 282700e0 collected ($0.25)
Seat 6: be37b35f (button) folded before Flop (didn't bet)


Poker Hand #HD1857997322: Hold'em No Limit ($0.05/$0.1) - 2024/07/15 15:37:58
Table 'NLHRed45' 6-max Seat #5 is the button
Seat 1: 84bd2e4b ($10.47 in chips)
Seat 2: 7b1481b0 ($19.28 in chips)
Seat 3: 29dc53e7 ($10.2 in chips)
Seat 4: Hero ($12.58 in chips)
Seat 5: 282700e0 ($10.68 in chips)
Seat 6: be37b35f ($12.21 in chips)
be37b35f: posts small blind $0.05
84bd2e4b: posts big blind $0.1
*** HOLE CARDS ***
Dealt to 84bd2e4b 
Dealt to 7b1481b0 
Dealt to 29dc53e7 
Dealt to Hero [5d Ts]
Dealt to 282700e0 
Dealt to be37b35f 
7b1481b0: folds
29dc53e7: folds
Hero: folds
282700e0: folds
be37b35f: folds
Uncalled bet ($0.05) returned to 84bd2e4b
*** SHOWDOWN ***
84bd2e4b collected $0.1 from pot
*** SUMMARY ***
Total pot $0.1 | Rake $0 | Jackpot $0 | Bingo $0 | Fortune $0 | Tax $0
Seat 1: 84bd2e4b (big blind) collected ($0.1)
Seat 2: 7b1481b0 folded before Flop (didn't bet)
Seat 3: 29dc53e7 folded before Flop (didn't bet)
Seat 4: Hero folded before Flop (didn't bet)
Seat 5: 282700e0 (button) folded before Flop (didn't bet)
Seat 6: be37b35f (small blind) folded before Flop


Poker Hand #HD1857997301: Hold'em No Limit ($0.05/$0.1) - 2024/07/15 15:37:47
Table 'NLHRed45' 6-max Seat #4 is the button
Seat 1: 84bd2e4b ($10.47 in chips)
Seat 2: 7b1481b0 ($19.28 in chips)
Seat 3: 29dc53e7 ($10.2 in chips)
Seat 4: Hero ($12.58 in chips)
Seat 5: 282700e0 ($10.73 in chips)
Seat 6: be37b35f ($12.16 in chips)
282700e0: posts small blind $0.05
be37b35f: posts big blind $0.1
*** HOLE CARDS ***
Dealt to 84bd2e4b 
Dealt to 7b1481b0 
Dealt to 29dc53e7 
Dealt to Hero [Ts Kh]
Dealt to 282700e0 
Dealt to be37b35f 
84bd2e4b: folds
7b1481b0: folds
29dc53e7: folds
Hero: folds
282700e0: folds
Uncalled bet ($0.05) returned to be37b35f
*** SHOWDOWN ***
be37b35f collected $0.1 from pot
*** SUMMARY ***
Total pot $0.1 | Rake $0 | Jackpot $0 | Bingo $0 | Fortune $0 | Tax $0
Seat 1: 84bd2e4b folded before Flop (didn't bet)
Seat 2: 7b1481b0 folded before Flop (didn't bet)
Seat 3: 29dc53e7 folded before Flop (didn't bet)
Seat 4: Hero (button) folded before Flop (didn't bet)
Seat 5: 282700e0 (small blind) folded before Flop
Seat 6: be37b35f (big blind) collected ($0.1)


Poker Hand #HD1857997226: Hold'em No Limit ($0.05/$0.1) - 2024/07/15 15:37:14
Table 'NLHRed45' 6-max Seat #3 is the button
Seat 1: 84bd2e4b ($10.47 in chips)
Seat 2: 7b1481b0 ($18.78 in chips)
Seat 3: 29dc53e7 ($10.2 in chips)
Seat 4: Hero ($12.63 in chips)
Seat 5: 282700e0 ($11.23 in chips)
Seat 6: be37b35f ($12.16 in chips)
Hero: posts small blind $0.05
282700e0: posts big blind $0.1
*** HOLE CARDS ***
Dealt to 84bd2e4b 
Dealt to 7b1481b0 
Dealt to 29dc53e7 
Dealt to Hero [3h Tc]
Dealt to 282700e0 
Dealt to be37b35f 
be37b35f: folds
84bd2e4b: folds
7b1481b0: raises $0.15 to $0.25
29dc53e7: folds
Hero: folds
282700e0: calls $0.15
*** FLOP *** [9d 4c 6h]
282700e0: checks
7b1481b0: bets $0.25
282700e0: calls $0.25
*** TURN *** [9d 4c 6h] [Qs]
282700e0: checks
7b1481b0: bets $0.8
282700e0: folds
Uncalled bet ($0.8) returned to 7b1481b0
*** SHOWDOWN ***
7b1481b0 collected $1 from pot
*** SUMMARY ***
Total pot $1.05 | Rake $0.05 | Jackpot $0 | Bingo $0 | Fortune $0 | Tax $0
Board [9d 4c 6h Qs]
Seat 1: 84bd2e4b folded before Flop (didn't bet)
Seat 2: 7b1481b0 won ($1)
Seat 3: 29dc53e7 (button) folded before Flop (didn't bet)
Seat 4: Hero (small blind) folded before Flop
Seat 5: 282700e0 (big blind) folded on the Turn
Seat 6: be37b35f folded before Flop (didn't bet)


Poker Hand #HD1857997210: Hold'em No Limit ($0.05/$0.1) - 2024/07/15 15:37:05
Table 'NLHRed45' 6-max Seat #2 is the button
Seat 1: 84bd2e4b ($10.47 in chips)
Seat 2: 7b1481b0 ($18.78 in chips)
Seat 3: 29dc53e7 ($10.25 in chips)
Seat 4: Hero ($12.58 in chips)
Seat 5: 282700e0 ($11.23 in chips)
Seat 6: be37b35f ($12.16 in chips)
29dc53e7: posts small blind $0.05
Hero: posts big blind $0.1
*** HOLE CARDS ***
Dealt to 84bd2e4b 
Dealt to 7b1481b0 
Dealt to 29dc53e7 
Dealt to Hero [3s 7d]
Dealt to 282700e0 
Dealt to be37b35f 
282700e0: folds
be37b35f: folds
84bd2e4b: folds
7b1481b0: folds
29dc53e7: folds
Uncalled bet ($0.05) returned to Hero
*** SHOWDOWN ***
Hero collected $0.1 from pot
*** SUMMARY ***
Total pot $0.1 | Rake $0 | Jackpot $0 | Bingo $0 | Fortune $0 | Tax $0
Seat 1: 84bd2e4b folded before Flop (didn't bet)
Seat 2: 7b1481b0 (button) folded before Flop (didn't bet)
Seat 3: 29dc53e7 (small blind) folded before Flop
Seat 4: Hero (big blind) collected ($0.1)
Seat 5: 282700e0 folded before Flop (didn't bet)
Seat 6: be37b35f folded before Flop (didn't bet)


Poker Hand #HD1857997129: Hold'em No Limit ($0.05/$0.1) - 2024/07/15 15:36:21
Table 'NLHRed45' 6-max Seat #1 is the button
Seat 1: 84bd2e4b ($10 in chips)
Seat 2: 7b1481b0 ($18.98 in chips)
Seat 3: 29dc53e7 ($10.35 in chips)
Seat 4: Hero ($12.58 in chips)
Seat 5: 282700e0 ($11.43 in chips)
Seat 6: be37b35f ($12.16 in chips)
7b1481b0: posts small blind $0.05
29dc53e7: posts big blind $0.1
*** HOLE CARDS ***
Dealt to 84bd2e4b 
Dealt to 7b1481b0 
Dealt to 29dc53e7 
Dealt to Hero [5c 6s]
Dealt to 282700e0 
Dealt to be37b35f 
Hero: folds
282700e0: raises $0.1 to $0.2
be37b35f: folds
84bd2e4b: calls $0.2
7b1481b0: calls $0.15
29dc53e7: folds
*** FLOP *** [9c 4d 7c]
7b1481b0: checks
282700e0: checks
84bd2e4b: bets $0.24
7b1481b0: folds
282700e0: folds
Uncalled bet ($0.24) returned to 84bd2e4b
*** SHOWDOWN ***
84bd2e4b collected $0.67 from pot
*** SUMMARY ***
Total pot $0.7 | Rake $0.03 | Jackpot $0 | Bingo $0 | Fortune $0 | Tax $0
Board [9c 4d 7c]
Seat 1: 84bd2e4b (button) won ($0.67)
Seat 2: 7b1481b0 (small blind) folded on the Flop
Seat 3: 29dc53e7 (big blind) folded before Flop
Seat 4: Hero folded before Flop (didn't bet)
Seat 5: 282700e0 folded on the Flop
Seat 6: be37b35f folded before Flop (didn't bet)


Poker Hand #HD1857997012: Hold'em No Limit ($0.05/$0.1) - 2024/07/15 15:35:24
Table 'NLHRed45' 6-max Seat #6 is the button
Seat 1: 84bd2e4b ($10.05 in chips)
Seat 2: 7b1481b0 ($19.48 in chips)
Seat 3: 29dc53e7 ($10.35 in chips)
Seat 4: Hero ($12.58 in chips)
Seat 5: 282700e0 ($10.93 in chips)
Seat 6: be37b35f ($12.16 in chips)
84bd2e4b: posts small blind $0.05
7b1481b0: posts big blind $0.1
*** HOLE CARDS ***
Dealt to 84bd2e4b 
Dealt to 7b1481b0 
Dealt to 29dc53e7 
Dealt to Hero [9d 2c]
Dealt to 282700e0 
Dealt to be37b35f 
29dc53e7: folds
Hero: folds
282700e0: raises $0.1 to $0.2
be37b35f: folds
84bd2e4b: folds
7b1481b0: calls $0.1
*** FLOP *** [4d 7h 7s]
7b1481b0: checks
282700e0: checks
*** TURN *** [4d 7h 7s] [Th]
7b1481b0: bets $0.3
282700e0: calls $0.3
*** RIVER *** [4d 7h 7s Th] [3d]
7b1481b0: checks
282700e0: checks
7b1481b0: shows [Ah 5h] (Pair of Sevens)
282700e0: shows [Ac Kh] (Pair of Sevens)
*** SHOWDOWN ***
282700e0 collected $1 from pot
*** SUMMARY ***
Total pot $1.05 | Rake $0.05 | Jackpot $0 | Bingo $0 | Fortune $0 | Tax $0
Board [4d 7h 7s Th 3d]
Seat 1: 84bd2e4b (small blind) folded before Flop
Seat 2: 7b1481b0 (big blind) showed [Ah 5h] and lost with Pair of Sevens
Seat 3: 29dc53e7 folded before Flop (didn't bet)
Seat 4: Hero folded before Flop (didn't bet)
Seat 5: 282700e0 showed [Ac Kh] and won ($1) with Pair of Sevens
Seat 6: be37b35f (button) folded before Flop (didn't bet)


Poker Hand #HD1857996983: Hold'em No Limit ($0.05/$0.1) - 2024/07/15 15:35:11
Table 'NLHRed45' 6-max Seat #5 is the button
Seat 1: 84bd2e4b ($10 in chips)
Seat 2: 7b1481b0 ($19.48 in chips)
Seat 3: 29dc53e7 ($10.35 in chips)
Seat 4: Hero ($12.58 in chips)
Seat 5: 282700e0 ($10.93 in chips)
Seat 6: be37b35f ($12.21 in chips)
be37b35f: posts small blind $0.05
84bd2e4b: posts big blind $0.1
*** HOLE CARDS ***
Dealt to 84bd2e4b 
Dealt to 7b1481b0 
Dealt to 29dc53e7 
Dealt to Hero [9c 2h]
Dealt to 282700e0 
Dealt to be37b35f 
7b1481b0: folds
29dc53e7: folds
Hero: folds
282700e0: folds
be37b35f: folds
Uncalled bet ($0.05) returned to 84bd2e4b
*** SHOWDOWN ***
84bd2e4b collected $0.1 from pot
*** SUMMARY ***
Total pot $0.1 | Rake $0 | Jackpot $0 | Bingo $0 | Fortune $0 | Tax $0
Seat 1: 84bd2e4b (big blind) collected ($0.1)
Seat 2: 7b1481b0 folded before Flop (didn't bet)
Seat 3: 29dc53e7 folded before Flop (didn't bet)
Seat 4: Hero folded before Flop (didn't bet)
Seat 5: 282700e0 (button) folded before Flop (didn't bet)
Seat 6: be37b35f (small blind) folded before Flop


Poker Hand #HD1857996942: Hold'em No Limit ($0.05/$0.1) - 2024/07/15 15:34:50
Table 'NLHRed45' 6-max Seat #4 is the button
Seat 2: 7b1481b0 ($19.48 in chips)
Seat 3: 29dc53e7 ($10.35 in chips)
Seat 4: Hero ($12.43 in chips)
Seat 5: 282700e0 ($10.98 in chips)
Seat 6: be37b35f ($12.31 in chips)
282700e0: posts small blind $0.05
be37b35f: posts big blind $0.1
*** HOLE CARDS ***
Dealt to 7b1481b0 
Dealt to 29dc53e7 
Dealt to Hero [Ad Ac]
Dealt to 282700e0 
Dealt to be37b35f 
7b1481b0: folds
29dc53e7: folds
Hero: raises $0.14 to $0.24
282700e0: folds
be37b35f: folds
Uncalled bet ($0.14) returned to Hero
*** SHOWDOWN ***
Hero collected $0.25 from pot
*** SUMMARY ***
Total pot $0.25 | Rake $0 | Jackpot $0 | Bingo $0 | Fortune $0 | Tax $0
Seat 2: 7b1481b0 folded before Flop (didn't bet)
Seat 3: 29dc53e7 folded before Flop (didn't bet)
Seat 4: Hero (button) collected ($0.25)
Seat 5: 282700e0 (small blind) folded before Flop
Seat 6: be37b35f (big blind) folded before Flop


Poker Hand #HD1857996907: Hold'em No Limit ($0.05/$0.1) - 2024/07/15 15:34:35
Table 'NLHRed45' 6-max Seat #3 is the button
Seat 2: 7b1481b0 ($19.33 in chips)
Seat 3: 29dc53e7 ($10.35 in chips)
Seat 4: Hero ($12.48 in chips)
Seat 5: 282700e0 ($11.08 in chips)
Seat 6: be37b35f ($12.31 in chips)
Hero: posts small blind $0.05
282700e0: posts big blind $0.1
*** HOLE CARDS ***
Dealt to 7b1481b0 
Dealt to 29dc53e7 
Dealt to Hero [5s 6s]
Dealt to 282700e0 
Dealt to be37b35f 
be37b35f: folds
7b1481b0: raises $0.15 to $0.25
29dc53e7: folds
Hero: folds
282700e0: folds
Uncalled bet ($0.15) returned to 7b1481b0
*** SHOWDOWN ***
7b1481b0 collected $0.25 from pot
*** SUMMARY ***
Total pot $0.25 | Rake $0 | Jackpot $0 | Bingo $0 | Fortune $0 | Tax $0
Seat 2: 7b1481b0 collected ($0.25)
Seat 3: 29dc53e7 (button) folded before Flop (didn't bet)
Seat 4: Hero (small blind) folded before Flop
Seat 5: 282700e0 (big blind) folded before Flop
Seat 6: be37b35f folded before Flop (didn't bet)


Poker Hand #HD1857996890: Hold'em No Limit ($0.05/$0.1) - 2024/07/15 15:34:25
Table 'NLHRed45' 6-max Seat #2 is the button
Seat 2: 7b1481b0 ($19.33 in chips)
Seat 3: 29dc53e7 ($10.4 in chips)
Seat 4: Hero ($12.43 in chips)
Seat 5: 282700e0 ($11.08 in chips)
Seat 6: be37b35f ($12.31 in chips)
29dc53e7: posts small blind $0.05
Hero: posts big blind $0.1
*** HOLE CARDS ***
Dealt to 7b1481b0 
Dealt to 29dc53e7 
Dealt to Hero [4d 8s]
Dealt to 282700e0 
Dealt to be37b35f 
282700e0: folds
be37b35f: folds
7b1481b0: folds
29dc53e7: folds
Uncalled bet ($0.05) returned to Hero
*** SHOWDOWN ***
Hero collected $0.1 from pot
*** SUMMARY ***
Total pot $0.1 | Rake $0 | Jackpot $0 | Bingo $0 | Fortune $0 | Tax $0
Seat 2: 7b1481b0 (button) folded before Flop (didn't bet)
Seat 3: 29dc53e7 (small blind) folded before Flop
Seat 4: Hero (big blind) collected ($0.1)
Seat 5: 282700e0 folded before Flop (didn't bet)
Seat 6: be37b35f folded before Flop (didn't bet)


Poker Hand #HD1857996733: Hold'em No Limit ($0.05/$0.1) - 2024/07/15 15:33:11
Table 'NLHRed45' 6-max Seat #6 is the button
Seat 1: c1629586 ($7.8 in chips)
Seat 2: 7b1481b0 ($12.4 in chips)
Seat 3: 29dc53e7 ($10.4 in chips)
Seat 4: Hero ($12.43 in chips)
Seat 5: 282700e0 ($11.08 in chips)
Seat 6: be37b35f ($12.31 in chips)
c1629586: posts small blind $0.05
7b1481b0: posts big blind $0.1
*** HOLE CARDS ***
Dealt to c1629586 
Dealt to 7b1481b0 
Dealt to 29dc53e7 
Dealt to Hero [6s 7d]
Dealt to 282700e0 
Dealt to be37b35f 
29dc53e7: folds
Hero: folds
282700e0: folds
be37b35f: folds
c1629586: raises $0.2 to $0.3
7b1481b0: raises $0.6 to $0.9
c1629586: raises $0.9 to $1.8
7b1481b0: calls $0.9
*** FLOP *** [4s Qs Qh]
c1629586: checks
7b1481b0: bets $1.2
c1629586: calls $1.2
*** TURN *** [4s Qs Qh] [Ts]
c1629586: checks
7b1481b0: bets $4.85
c1629586: calls $4.8 and is all-in
Uncalled bet ($0.05) returned to 7b1481b0
7b1481b0: shows [Ad Ac] (Pair of Aces and Pair of Queens)
c1629586: shows [Jc Jd] (Pair of Queens and Pair of Jacks)
*** RIVER *** [4s Qs Qh Ts] [9d]
*** SHOWDOWN ***
7b1481b0 collected $14.73 from pot
*** SUMMARY ***
Total pot $15.6 | Rake $0.77 | Jackpot $0.1 | Bingo $0 | Fortune $0 | Tax $0
Board [4s Qs Qh Ts 9d]
Seat 1: c1629586 (small blind) showed [Jc Jd] and lost with Pair of Queens and Pair of Jacks
Seat 2: 7b1481b0 (big blind) showed [Ad Ac] and won ($14.73) with Pair of Aces and Pair of Queens
Seat 3: 29dc53e7 folded before Flop (didn't bet)
Seat 4: Hero folded before Flop (didn't bet)
Seat 5: 282700e0 folded before Flop (didn't bet)
Seat 6: be37b35f (button) folded before Flop (didn't bet)


Poker Hand #HD1857996695: Hold'em No Limit ($0.05/$0.1) - 2024/07/15 15:32:55
Table 'NLHRed45' 6-max Seat #5 is the button
Seat 1: c1629586 ($7.9 in chips)
Seat 2: 7b1481b0 ($12.25 in chips)
Seat 3: 29dc53e7 ($10.4 in chips)
Seat 4: Hero ($12.43 in chips)
Seat 5: 282700e0 ($11.08 in chips)
Seat 6: be37b35f ($12.36 in chips)
be37b35f: posts small blind $0.05
c1629586: posts big blind $0.1
*** HOLE CARDS ***
Dealt to c1629586 
Dealt to 7b1481b0 
Dealt to 29dc53e7 
Dealt to Hero [5d Kh]
Dealt to 282700e0 
Dealt to be37b35f 
7b1481b0: raises $0.15 to $0.25
29dc53e7: folds
Hero: folds
282700e0: folds
be37b35f: folds
c1629586: folds
Uncalled bet ($0.15) returned to 7b1481b0
*** SHOWDOWN ***
7b1481b0 collected $0.25 from pot
*** SUMMARY ***
Total pot $0.25 | Rake $0 | Jackpot $0 | Bingo $0 | Fortune $0 | Tax $0
Seat 1: c1629586 (big blind) folded before Flop
Seat 2: 7b1481b0 collected ($0.25)
Seat 3: 29dc53e7 folded before Flop (didn't bet)
Seat 4: Hero folded before Flop (didn't bet)
Seat 5: 282700e0 (button) folded before Flop (didn't bet)
Seat 6: be37b35f (small blind) folded before Flop


Poker Hand #HD1857996645: Hold'em No Limit ($0.05/$0.1) - 2024/07/15 15:32:30
Table 'NLHRed45' 6-max Seat #4 is the button
Seat 1: c1629586 ($8.1 in chips)
Seat 2: 7b1481b0 ($11.92 in chips)
Seat 3: 29dc53e7 ($10.4 in chips)
Seat 4: Hero ($12.43 in chips)
Seat 5: 282700e0 ($11.13 in chips)
Seat 6: be37b35f ($12.46 in chips)
282700e0: posts small blind $0.05
be37b35f: posts big blind $0.1
*** HOLE CARDS ***
Dealt to c1629586 
Dealt to 7b1481b0 
Dealt to 29dc53e7 
Dealt to Hero [2c Js]
Dealt to 282700e0 
Dealt to be37b35f 
c1629586: raises $0.1 to $0.2
7b1481b0: raises $0.5 to $0.7
29dc53e7: folds
Hero: folds
282700e0: folds
be37b35f: folds
c1629586: folds
Uncalled bet ($0.5) returned to 7b1481b0
*** SHOWDOWN ***
7b1481b0 collected $0.53 from pot
*** SUMMARY ***
Total pot $0.55 | Rake $0.02 | Jackpot $0 | Bingo $0 | Fortune $0 | Tax $0
Seat 1: c1629586 folded before Flop
Seat 2: 7b1481b0 collected ($0.53)
Seat 3: 29dc53e7 folded before Flop (didn't bet)
Seat 4: Hero (button) folded before Flop (didn't bet)
Seat 5: 282700e0 (small blind) folded before Flop
Seat 6: be37b35f (big blind) folded before Flop


Poker Hand #HD1857996569: Hold'em No Limit ($0.05/$0.1) - 2024/07/15 15:31:57
Table 'NLHRed45' 6-max Seat #3 is the button
Seat 1: c1629586 ($7.6 in chips)
Seat 2: 7b1481b0 ($11.92 in chips)
Seat 3: 29dc53e7 ($10.4 in chips)
Seat 4: Hero ($12.48 in chips)
Seat 5: 282700e0 ($11.63 in chips)
Seat 6: be37b35f ($12.46 in chips)
Hero: posts small blind $0.05
282700e0: posts big blind $0.1
*** HOLE CARDS ***
Dealt to c1629586 
Dealt to 7b1481b0 
Dealt to 29dc53e7 
Dealt to Hero [7s 2s]
Dealt to 282700e0 
Dealt to be37b35f 
be37b35f: folds
c1629586: raises $0.1 to $0.2
7b1481b0: folds
29dc53e7: folds
Hero: folds
282700e0: calls $0.1
*** FLOP *** [Ad 4d 8d]
282700e0: checks
c1629586: checks
*** TURN *** [Ad 4d 8d] [Ah]
282700e0: checks
c1629586: bets $0.3
282700e0: calls $0.3
*** RIVER *** [Ad 4d 8d Ah] [Th]
282700e0: checks
c1629586: checks
282700e0: shows [6d 5h] (Pair of Aces)
c1629586: shows [Jc Qd] (Pair of Aces)
*** SHOWDOWN ***
c1629586 collected $1 from pot
*** SUMMARY ***
Total pot $1.05 | Rake $0.05 | Jackpot $0 | Bingo $0 | Fortune $0 | Tax $0
Board [Ad 4d 8d Ah Th]
Seat 1: c1629586 showed [Jc Qd] and won ($1) with Pair of Aces
Seat 2: 7b1481b0 folded before Flop (didn't bet)
Seat 3: 29dc53e7 (button) folded before Flop (didn't bet)
Seat 4: Hero (small blind) folded before Flop
Seat 5: 282700e0 (big blind) showed [6d 5h] and lost with Pair of Aces
Seat 6: be37b35f folded before Flop (didn't bet)


Poker Hand #HD1857996530: Hold'em No Limit ($0.05/$0.1) - 2024/07/15 15:31:39
Table 'NLHRed45' 6-max Seat #2 is the button
Seat 1: c1629586 ($7.6 in chips)
Seat 2: 7b1481b0 ($11.59 in chips)
Seat 3: 29dc53e7 ($10.45 in chips)
Seat 4: Hero ($12.58 in chips)
Seat 5: 282700e0 ($11.83 in chips)
Seat 6: be37b35f ($12.46 in chips)
29dc53e7: posts small blind $0.05
Hero: posts big blind $0.1
*** HOLE CARDS ***
Dealt to c1629586 
Dealt to 7b1481b0 
Dealt to 29dc53e7 
Dealt to Hero [9c 4h]
Dealt to 282700e0 
Dealt to be37b35f 
282700e0: raises $0.1 to $0.2
be37b35f: folds
c1629586: folds
7b1481b0: raises $0.6 to $0.8
29dc53e7: folds
Hero: folds
282700e0: folds
Uncalled bet ($0.6) returned to 7b1481b0
*** SHOWDOWN ***
7b1481b0 collected $0.53 from pot
*** SUMMARY ***
Total pot $0.55 | Rake $0.02 | Jackpot $0 | Bingo $0 | Fortune $0 | Tax $0
Seat 1: c1629586 folded before Flop (didn't bet)
Seat 2: 7b1481b0 (button) collected ($0.53)
Seat 3: 29dc53e7 (small blind) folded before Flop
Seat 4: Hero (big blind) folded before Flop
Seat 5: 282700e0 folded before Flop
Seat 6: be37b35f folded before Flop (didn't bet)


Poker Hand #HD1857996464: Hold'em No Limit ($0.05/$0.1) - 2024/07/15 15:31:07
Table 'NLHRed45' 6-max Seat #1 is the button
Seat 1: c1629586 ($8.85 in chips)
Seat 2: 7b1481b0 ($10.37 in chips)
Seat 3: 29dc53e7 ($10.55 in chips)
Seat 4: Hero ($12.58 in chips)
Seat 5: 282700e0 ($11.83 in chips)
Seat 6: be37b35f ($12.46 in chips)
7b1481b0: posts small blind $0.05
29dc53e7: posts big blind $0.1
*** HOLE CARDS ***
Dealt to c1629586 
Dealt to 7b1481b0 
Dealt to 29dc53e7 
Dealt to Hero [6s 5d]
Dealt to 282700e0 
Dealt to be37b35f 
Hero: folds
282700e0: folds
be37b35f: folds
c1629586: raises $0.15 to $0.25
7b1481b0: raises $1 to $1.25
29dc53e7: folds
c1629586: calls $1
*** FLOP *** [5h 2h Jd]
7b1481b0: bets $1.75
c1629586: folds
Uncalled bet ($1.75) returned to 7b1481b0
*** SHOWDOWN ***
7b1481b0 collected $2.47 from pot
*** SUMMARY ***
Total pot $2.6 | Rake $0.13 | Jackpot $0 | Bingo $0 | Fortune $0 | Tax $0
Board [5h 2h Jd]
Seat 1: c1629586 (button) folded on the Flop
Seat 2: 7b1481b0 (small blind) won ($2.47)
Seat 3: 29dc53e7 (big blind) folded before Flop
Seat 4: Hero folded before Flop (didn't bet)
Seat 5: 282700e0 folded before Flop (didn't bet)
Seat 6: be37b35f folded before Flop (didn't bet)


Poker Hand #HD1857996435: Hold'em No Limit ($0.05/$0.1) - 2024/07/15 15:30:54
Table 'NLHRed45' 6-max Seat #6 is the button
Seat 1: c1629586 ($8.9 in chips)
Seat 2: 7b1481b0 ($10.47 in chips)
Seat 3: 29dc53e7 ($10.55 in chips)
Seat 4: Hero ($12.43 in chips)
Seat 5: 282700e0 ($11.83 in chips)
Seat 6: be37b35f ($12.46 in chips)
c1629586: posts small blind $0.05
7b1481b0: posts big blind $0.1
*** HOLE CARDS ***
Dealt to c1629586 
Dealt to 7b1481b0 
Dealt to 29dc53e7 
Dealt to Hero [8c 8d]
Dealt to 282700e0 
Dealt to be37b35f 
29dc53e7: folds
Hero: raises $0.1 to $0.2
282700e0: folds
be37b35f: folds
c1629586: folds
7b1481b0: folds
Uncalled bet ($0.1) returned to Hero
*** SHOWDOWN ***
Hero collected $0.25 from pot
*** SUMMARY ***
Total pot $0.25 | Rake $0 | Jackpot $0 | Bingo $0 | Fortune $0 | Tax $0
Seat 1: c1629586 (small blind) folded before Flop
Seat 2: 7b1481b0 (big blind) folded before Flop
Seat 3: 29dc53e7 folded before Flop (didn't bet)
Seat 4: Hero collected ($0.25)
Seat 5: 282700e0 folded before Flop (didn't bet)
Seat 6: be37b35f (button) folded before Flop (didn't bet)


Poker Hand #HD1857996346: Hold'em No Limit ($0.05/$0.1) - 2024/07/15 15:30:14
Table 'NLHRed45' 6-max Seat #5 is the button
Seat 1: c1629586 ($10 in chips)
Seat 2: 7b1481b0 ($10.47 in chips)
Seat 3: 29dc53e7 ($10.55 in chips)
Seat 4: Hero ($12.43 in chips)
Seat 5: 282700e0 ($10.79 in chips)
Seat 6: be37b35f ($12.51 in chips)
be37b35f: posts small blind $0.05
c1629586: posts big blind $0.1
*** HOLE CARDS ***
Dealt to c1629586 
Dealt to 7b1481b0 
Dealt to 29dc53e7 
Dealt to Hero [9s 2d]
Dealt to 282700e0 
Dealt to be37b35f 
7b1481b0: folds
29dc53e7: folds
Hero: folds
282700e0: raises $0.1 to $0.2
be37b35f: folds
c1629586: raises $0.9 to $1.1
282700e0: calls $0.9
*** FLOP *** [Td Kh 4s]
c1629586: checks
282700e0: bets $9.69 and is all-in
c1629586: folds
Uncalled bet ($9.69) returned to 282700e0
*** SHOWDOWN ***
282700e0 collected $2.14 from pot
*** SUMMARY ***
Total pot $2.25 | Rake $0.11 | Jackpot $0 | Bingo $0 | Fortune $0 | Tax $0
Board [Td Kh 4s]
Seat 1: c1629586 (big blind) folded on the Flop
Seat 2: 7b1481b0 folded before Flop (didn't bet)
Seat 3: 29dc53e7 folded before Flop (didn't bet)
Seat 4: Hero folded before Flop (didn't bet)
Seat 5: 282700e0 (button) won ($2.14)
Seat 6: be37b35f (small blind) folded before Flop


Poker Hand #HD1857996325: Hold'em No Limit ($0.05/$0.1) - 2024/07/15 15:29:59
Table 'NLHRed45' 6-max Seat #4 is the button
Seat 2: 7b1481b0 ($10.47 in chips)
Seat 3: 29dc53e7 ($10.4 in chips)
Seat 4: Hero ($12.43 in chips)
Seat 5: 282700e0 ($10.84 in chips)
Seat 6: be37b35f ($12.61 in chips)
282700e0: posts small blind $0.05
be37b35f: posts big blind $0.1
*** HOLE CARDS ***
Dealt to 7b1481b0 
Dealt to 29dc53e7 
Dealt to Hero [Jh 4h]
Dealt to 282700e0 
Dealt to be37b35f 
7b1481b0: folds
29dc53e7: raises $0.15 to $0.25
Hero: folds
282700e0: folds
be37b35f: folds
Uncalled bet ($0.15) returned to 29dc53e7
*** SHOWDOWN ***
29dc53e7 collected $0.25 from pot
*** SUMMARY ***
Total pot $0.25 | Rake $0 | Jackpot $0 | Bingo $0 | Fortune $0 | Tax $0
Seat 2: 7b1481b0 folded before Flop (didn't bet)
Seat 3: 29dc53e7 collected ($0.25)
Seat 4: Hero (button) folded before Flop (didn't bet)
Seat 5: 282700e0 (small blind) folded before Flop
Seat 6: be37b35f (big blind) folded before Flop


Poker Hand #HD1857996308: Hold'em No Limit ($0.05/$0.1) - 2024/07/15 15:29:50
Table 'NLHRed45' 6-max Seat #3 is the button
Seat 2: 7b1481b0 ($10.47 in chips)
Seat 3: 29dc53e7 ($10.4 in chips)
Seat 4: Hero ($12.48 in chips)
Seat 5: 282700e0 ($10.79 in chips)
Seat 6: be37b35f ($12.61 in chips)
Hero: posts small blind $0.05
282700e0: posts big blind $0.1
*** HOLE CARDS ***
Dealt to 7b1481b0 
Dealt to 29dc53e7 
Dealt to Hero [4h 3c]
Dealt to 282700e0 
Dealt to be37b35f 
be37b35f: folds
7b1481b0: folds
29dc53e7: folds
Hero: folds
Uncalled bet ($0.05) returned to 282700e0
*** SHOWDOWN ***
282700e0 collected $0.1 from pot
*** SUMMARY ***
Total pot $0.1 | Rake $0 | Jackpot $0 | Bingo $0 | Fortune $0 | Tax $0
Seat 2: 7b1481b0 folded before Flop (didn't bet)
Seat 3: 29dc53e7 (button) folded before Flop (didn't bet)
Seat 4: Hero (small blind) folded before Flop
Seat 5: 282700e0 (big blind) collected ($0.1)
Seat 6: be37b35f folded before Flop (didn't bet)


Poker Hand #HD1857996277: Hold'em No Limit ($0.05/$0.1) - 2024/07/15 15:29:33
Table 'NLHRed45' 6-max Seat #2 is the button
Seat 2: 7b1481b0 ($10.32 in chips)
Seat 3: 29dc53e7 ($10.45 in chips)
Seat 4: Hero ($12.58 in chips)
Seat 5: 282700e0 ($10.79 in chips)
Seat 6: be37b35f ($12.61 in chips)
29dc53e7: posts small blind $0.05
Hero: posts big blind $0.1
*** HOLE CARDS ***
Dealt to 7b1481b0 
Dealt to 29dc53e7 
Dealt to Hero [7h 2h]
Dealt to 282700e0 
Dealt to be37b35f 
282700e0: folds
be37b35f: folds
7b1481b0: raises $0.15 to $0.25
29dc53e7: folds
Hero: folds
Uncalled bet ($0.15) returned to 7b1481b0
*** SHOWDOWN ***
7b1481b0 collected $0.25 from pot
*** SUMMARY ***
Total pot $0.25 | Rake $0 | Jackpot $0 | Bingo $0 | Fortune $0 | Tax $0
Seat 2: 7b1481b0 (button) collected ($0.25)
Seat 3: 29dc53e7 (small blind) folded before Flop
Seat 4: Hero (big blind) folded before Flop
Seat 5: 282700e0 folded before Flop (didn't bet)
Seat 6: be37b35f folded before Flop (didn't bet)


Poker Hand #HD1857996183: Hold'em No Limit ($0.05/$0.1) - 2024/07/15 15:28:49
Table 'NLHRed45' 6-max Seat #6 is the button
Seat 2: 7b1481b0 ($10.82 in chips)
Seat 3: 29dc53e7 ($10 in chips)
Seat 4: Hero ($12.58 in chips)
Seat 5: 282700e0 ($10.79 in chips)
Seat 6: be37b35f ($12.61 in chips)
7b1481b0: posts small blind $0.05
29dc53e7: posts big blind $0.1
*** HOLE CARDS ***
Dealt to 7b1481b0 
Dealt to 29dc53e7 
Dealt to Hero [As 3h]
Dealt to 282700e0 
Dealt to be37b35f 
Hero: folds
282700e0: folds
be37b35f: folds
7b1481b0: raises $0.2 to $0.3
29dc53e7: calls $0.2
*** FLOP *** [2h 4d 6c]
7b1481b0: bets $0.2
29dc53e7: calls $0.2
*** TURN *** [2h 4d 6c] [3s]
7b1481b0: checks
29dc53e7: bets $0.85
7b1481b0: folds
Uncalled bet ($0.85) returned to 29dc53e7
*** SHOWDOWN ***
29dc53e7 collected $0.95 from pot
*** SUMMARY ***
Total pot $1 | Rake $0.05 | Jackpot $0 | Bingo $0 | Fortune $0 | Tax $0
Board [2h 4d 6c 3s]
Seat 2: 7b1481b0 (small blind) folded on the Turn
Seat 3: 29dc53e7 (big blind) won ($0.95)
Seat 4: Hero folded before Flop (didn't bet)
Seat 5: 282700e0 folded before Flop (didn't bet)
Seat 6: be37b35f (button) folded before Flop (didn't bet)


Poker Hand #HD1857996096: Hold'em No Limit ($0.05/$0.1) - 2024/07/15 15:28:07
Table 'NLHRed45' 6-max Seat #5 is the button
Seat 2: 7b1481b0 ($11.3 in chips)
Seat 3: 29dc53e7 ($10 in chips)
Seat 4: Hero ($12.58 in chips)
Seat 5: 282700e0 ($10.79 in chips)
Seat 6: be37b35f ($12.17 in chips)
be37b35f: posts small blind $0.05
7b1481b0: posts big blind $0.1
*** HOLE CARDS ***
Dealt to 7b1481b0 
Dealt to 29dc53e7 
Dealt to Hero [6c 3d]
Dealt to 282700e0 
Dealt to be37b35f 
29dc53e7: folds
Hero: folds
282700e0: folds
be37b35f: raises $0.13 to $0.23
7b1481b0: calls $0.13
*** FLOP *** [Td 3h 7h]
be37b35f: checks
7b1481b0: bets $0.25
be37b35f: calls $0.25
*** TURN *** [Td 3h 7h] [6d]
be37b35f: checks
7b1481b0: checks
*** RIVER *** [Td 3h 7h 6d] [Qs]
be37b35f: checks
7b1481b0: checks
be37b35f: shows [Kd 6h] (Pair of Sixes)
7b1481b0: shows [Kh Jd] (King-High)
*** SHOWDOWN ***
be37b35f collected $0.92 from pot
*** SUMMARY ***
Total pot $0.96 | Rake $0.04 | Jackpot $0 | Bingo $0 | Fortune $0 | Tax $0
Board [Td 3h 7h 6d Qs]
Seat 2: 7b1481b0 (big blind) showed [Kh Jd] and lost with King-High
Seat 3: 29dc53e7 folded before Flop (didn't bet)
Seat 4: Hero folded before Flop (didn't bet)
Seat 5: 282700e0 (button) folded before Flop (didn't bet)
Seat 6: be37b35f (small blind) showed [Kd 6h] and won ($0.92) with Pair of Sixes


Poker Hand #HD1857996069: Hold'em No Limit ($0.05/$0.1) - 2024/07/15 15:27:56
Table 'NLHRed45' 6-max Seat #4 is the button
Seat 1: b4b0df20 ($36.67 in chips)
Seat 2: 7b1481b0 ($11.3 in chips)
Seat 3: 29dc53e7 ($10 in chips)
Seat 4: Hero ($12.58 in chips)
Seat 5: 282700e0 ($10.84 in chips)
Seat 6: be37b35f ($12.12 in chips)
282700e0: posts small blind $0.05
be37b35f: posts big blind $0.1
*** HOLE CARDS ***
Dealt to b4b0df20 
Dealt to 7b1481b0 
Dealt to 29dc53e7 
Dealt to Hero [2s Js]
Dealt to 282700e0 
Dealt to be37b35f 
b4b0df20: folds
7b1481b0: folds
29dc53e7: folds
Hero: folds
282700e0: folds
Uncalled bet ($0.05) returned to be37b35f
*** SHOWDOWN ***
be37b35f collected $0.1 from pot
*** SUMMARY ***
Total pot $0.1 | Rake $0 | Jackpot $0 | Bingo $0 | Fortune $0 | Tax $0
Seat 1: b4b0df20 folded before Flop (didn't bet)
Seat 2: 7b1481b0 folded before Flop (didn't bet)
Seat 3: 29dc53e7 folded before Flop (didn't bet)
Seat 4: Hero (button) folded before Flop (didn't bet)
Seat 5: 282700e0 (small blind) folded before Flop
Seat 6: be37b35f (big blind) collected ($0.1)


Poker Hand #HD1857995971: Hold'em No Limit ($0.05/$0.1) - 2024/07/15 15:27:08
Table 'NLHRed45' 6-max Seat #3 is the button
Seat 1: b4b0df20 ($36.67 in chips)
Seat 2: 7b1481b0 ($11.3 in chips)
Seat 3: 29dc53e7 ($10.89 in chips)
Seat 4: Hero ($11.2 in chips)
Seat 5: 282700e0 ($10.94 in chips)
Seat 6: be37b35f ($12.33 in chips)
Hero: posts small blind $0.05
282700e0: posts big blind $0.1
*** HOLE CARDS ***
Dealt to b4b0df20 
Dealt to 7b1481b0 
Dealt to 29dc53e7 
Dealt to Hero [Jc Ad]
Dealt to 282700e0 
Dealt to be37b35f 
be37b35f: raises $0.11 to $0.21
b4b0df20: folds
7b1481b0: folds
29dc53e7: calls $0.21
Hero: raises $0.99 to $1.2
282700e0: folds
be37b35f: folds
29dc53e7: calls $0.99
*** FLOP *** [Jh Qh 4c]
Hero: bets $0.9
29dc53e7: folds
Uncalled bet ($0.9) returned to Hero
*** SHOWDOWN ***
Hero collected $2.58 from pot
*** SUMMARY ***
Total pot $2.71 | Rake $0.13 | Jackpot $0 | Bingo $0 | Fortune $0 | Tax $0
Board [Jh Qh 4c]
Seat 1: b4b0df20 folded before Flop (didn't bet)
Seat 2: 7b1481b0 folded before Flop (didn't bet)
Seat 3: 29dc53e7 (button) folded on the Flop
Seat 4: Hero (small blind) won ($2.58)
Seat 5: 282700e0 (big blind) folded before Flop
Seat 6: be37b35f folded before Flop


Poker Hand #HD1857995949: Hold'em No Limit ($0.05/$0.1) - 2024/07/15 15:26:56
Table 'NLHRed45' 6-max Seat #2 is the button
Seat 1: b4b0df20 ($36.52 in chips)
Seat 2: 7b1481b0 ($11.3 in chips)
Seat 3: 29dc53e7 ($10.94 in chips)
Seat 4: Hero ($11.3 in chips)
Seat 5: 282700e0 ($10.94 in chips)
Seat 6: be37b35f ($12.33 in chips)
29dc53e7: posts small blind $0.05
Hero: posts big blind $0.1
*** HOLE CARDS ***
Dealt to b4b0df20 
Dealt to 7b1481b0 
Dealt to 29dc53e7 
Dealt to Hero [8d Tc]
Dealt to 282700e0 
Dealt to be37b35f 
282700e0: folds
be37b35f: folds
b4b0df20: raises $0.15 to $0.25
7b1481b0: folds
29dc53e7: folds
Hero: folds
Uncalled bet ($0.15) returned to b4b0df20
*** SHOWDOWN ***
b4b0df20 collected $0.25 from pot
*** SUMMARY ***
Total pot $0.25 | Rake $0 | Jackpot $0 | Bingo $0 | Fortune $0 | Tax $0
Seat 1: b4b0df20 collected ($0.25)
Seat 2: 7b1481b0 (button) folded before Flop (didn't bet)
Seat 3: 29dc53e7 (small blind) folded before Flop
Seat 4: Hero (big blind) folded before Flop
Seat 5: 282700e0 folded before Flop (didn't bet)
Seat 6: be37b35f folded before Flop (didn't bet)


Poker Hand #HD1857995928: Hold'em No Limit ($0.05/$0.1) - 2024/07/15 15:26:47
Table 'NLHRed45' 6-max Seat #1 is the button
Seat 1: b4b0df20 ($36.52 in chips)
Seat 2: 7b1481b0 ($11.35 in chips)
Seat 3: 29dc53e7 ($11.04 in chips)
Seat 4: Hero ($11.15 in chips)
Seat 5: 282700e0 ($10.94 in chips)
Seat 6: be37b35f ($12.33 in chips)
7b1481b0: posts small blind $0.05
29dc53e7: posts big blind $0.1
*** HOLE CARDS ***
Dealt to b4b0df20 
Dealt to 7b1481b0 
Dealt to 29dc53e7 
Dealt to Hero [Ac Kc]
Dealt to 282700e0 
Dealt to be37b35f 
Hero: raises $0.1 to $0.2
282700e0: folds
be37b35f: folds
b4b0df20: folds
7b1481b0: folds
29dc53e7: folds
Uncalled bet ($0.1) returned to Hero
*** SHOWDOWN ***
Hero collected $0.25 from pot
*** SUMMARY ***
Total pot $0.25 | Rake $0 | Jackpot $0 | Bingo $0 | Fortune $0 | Tax $0
Seat 1: b4b0df20 (button) folded before Flop (didn't bet)
Seat 2: 7b1481b0 (small blind) folded before Flop
Seat 3: 29dc53e7 (big blind) folded before Flop
Seat 4: Hero collected ($0.25)
Seat 5: 282700e0 folded before Flop (didn't bet)
Seat 6: be37b35f folded before Flop (didn't bet)


Poker Hand #HD1857995899: Hold'em No Limit ($0.05/$0.1) - 2024/07/15 15:26:32
Table 'NLHRed45' 6-max Seat #6 is the button
Seat 1: b4b0df20 ($36.57 in chips)
Seat 2: 7b1481b0 ($11.45 in chips)
Seat 3: 29dc53e7 ($11.04 in chips)
Seat 4: Hero ($11.15 in chips)
Seat 5: 282700e0 ($10.94 in chips)
Seat 6: be37b35f ($12.18 in chips)
b4b0df20: posts small blind $0.05
7b1481b0: posts big blind $0.1
*** HOLE CARDS ***
Dealt to b4b0df20 
Dealt to 7b1481b0 
Dealt to 29dc53e7 
Dealt to Hero [Kd 2s]
Dealt to 282700e0 
Dealt to be37b35f 
29dc53e7: folds
Hero: folds
282700e0: folds
be37b35f: raises $0.11 to $0.21
b4b0df20: folds
7b1481b0: folds
Uncalled bet ($0.11) returned to be37b35f
*** SHOWDOWN ***
be37b35f collected $0.25 from pot
*** SUMMARY ***
Total pot $0.25 | Rake $0 | Jackpot $0 | Bingo $0 | Fortune $0 | Tax $0
Seat 1: b4b0df20 (small blind) folded before Flop
Seat 2: 7b1481b0 (big blind) folded before Flop
Seat 3: 29dc53e7 folded before Flop (didn't bet)
Seat 4: Hero folded before Flop (didn't bet)
Seat 5: 282700e0 folded before Flop (didn't bet)
Seat 6: be37b35f (button) collected ($0.25)


Poker Hand #HD1857995660: Hold'em No Limit ($0.05/$0.1) - 2024/07/15 15:24:44
Table 'NLHRed45' 6-max Seat #5 is the button
Seat 1: b4b0df20 ($38.2 in chips)
Seat 2: 7b1481b0 ($11.45 in chips)
Seat 3: 29dc53e7 ($11.04 in chips)
Seat 4: Hero ($11.15 in chips)
Seat 5: 282700e0 ($9.52 in chips)
Seat 6: be37b35f ($12.23 in chips)
be37b35f: posts small blind $0.05
b4b0df20: posts big blind $0.1
*** HOLE CARDS ***
Dealt to b4b0df20 
Dealt to 7b1481b0 
Dealt to 29dc53e7 
Dealt to Hero [5d 8d]
Dealt to 282700e0 
Dealt to be37b35f 
7b1481b0: folds
29dc53e7: folds
Hero: folds
282700e0: raises $0.1 to $0.2
be37b35f: folds
b4b0df20: raises $0.6 to $0.8
282700e0: calls $0.6
*** FLOP *** [3h 7c 2d]
b4b0df20: checks
282700e0: bets $0.83
b4b0df20: calls $0.83
*** TURN *** [3h 7c 2d] [Jd]
b4b0df20: checks
282700e0: bets $3.31
b4b0df20: folds
Uncalled bet ($3.31) returned to 282700e0
*** SHOWDOWN ***
282700e0 collected $3.05 from pot
*** SUMMARY ***
Total pot $3.31 | Rake $0.16 | Jackpot $0.1 | Bingo $0 | Fortune $0 | Tax $0
Board [3h 7c 2d Jd]
Seat 1: b4b0df20 (big blind) folded on the Turn
Seat 2: 7b1481b0 folded before Flop (didn't bet)
Seat 3: 29dc53e7 folded before Flop (didn't bet)
Seat 4: Hero folded before Flop (didn't bet)
Seat 5: 282700e0 (button) won ($3.05)
Seat 6: be37b35f (small blind) folded before Flop


Poker Hand #HD1857925566: Hold'em No Limit ($0.05/$0.1) - 2024/07/15 15:24:04
Table 'NLHRed45' 6-max Seat #4 is the button
Seat 1: b4b0df20 ($38.2 in chips)
Seat 2: 7b1481b0 ($11.45 in chips)
Seat 3: 29dc53e7 ($11.04 in chips)
Seat 4: Hero ($10.88 in chips)
Seat 5: 282700e0 ($9.57 in chips)
Seat 6: be37b35f ($12.47 in chips)
282700e0: posts small blind $0.05
be37b35f: posts big blind $0.1
*** HOLE CARDS ***
Dealt to b4b0df20 
Dealt to 7b1481b0 
Dealt to 29dc53e7 
Dealt to Hero [8c 8d]
Dealt to 282700e0 
Dealt to be37b35f 
b4b0df20: folds
7b1481b0: folds
29dc53e7: folds
Hero: raises $0.14 to $0.24
282700e0: folds
be37b35f: calls $0.14
*** FLOP *** [Jd As 6s]
be37b35f: checks
Hero: checks
*** TURN *** [Jd As 6s] [Qs]
be37b35f: checks
Hero: checks
*** RIVER *** [Jd As 6s Qs] [Kc]
be37b35f: checks
Hero: checks
be37b35f: shows [7s 7c] (Pair of Sevens)
Hero: shows [8c 8d] (Pair of Eights)
*** SHOWDOWN ***
Hero collected $0.51 from pot
*** SUMMARY ***
Total pot $0.53 | Rake $0.02 | Jackpot $0 | Bingo $0 | Fortune $0 | Tax $0
Board [Jd As 6s Qs Kc]
Seat 1: b4b0df20 folded before Flop (didn't bet)
Seat 2: 7b1481b0 folded before Flop (didn't bet)
Seat 3: 29dc53e7 folded before Flop (didn't bet)
Seat 4: Hero (button) showed [8c 8d] and won ($0.51) with Pair of Eights
Seat 5: 282700e0 (small blind) folded before Flop
Seat 6: be37b35f (big blind) showed [7s 7c] and lost with Pair of Sevens


Poker Hand #HD1857925430: Hold'em No Limit ($0.05/$0.1) - 2024/07/15 15:22:56
Table 'NLHRed45' 6-max Seat #3 is the button
Seat 1: b4b0df20 ($38.2 in chips)
Seat 2: 7b1481b0 ($11.45 in chips)
Seat 3: 29dc53e7 ($11.04 in chips)
Seat 4: Hero ($10.93 in chips)
Seat 5: 282700e0 ($10 in chips)
Seat 6: be37b35f ($12.03 in chips)
Hero: posts small blind $0.05
282700e0: posts big blind $0.1
*** HOLE CARDS ***
Dealt to b4b0df20 
Dealt to 7b1481b0 
Dealt to 29dc53e7 
Dealt to Hero [Ac 4c]
Dealt to 282700e0 
Dealt to be37b35f 
be37b35f: raises $0.11 to $0.21
b4b0df20: folds
7b1481b0: folds
29dc53e7: folds
Hero: folds
282700e0: calls $0.11
*** FLOP *** [Jh Qh 8h]
282700e0: checks
be37b35f: checks
*** TURN *** [Jh Qh 8h] [5d]
282700e0: checks
be37b35f: bets $0.22
282700e0: calls $0.22
*** RIVER *** [Jh Qh 8h 5d] [5s]
282700e0: checks
be37b35f: checks
282700e0: shows [7c 7s] (Pair of Sevens and Pair of Fives)
be37b35f: shows [As 8s] (Pair of Eights and Pair of Fives)
*** SHOWDOWN ***
be37b35f collected $0.87 from pot
*** SUMMARY ***
Total pot $0.91 | Rake $0.04 | Jackpot $0 | Bingo $0 | Fortune $0 | Tax $0
Board [Jh Qh 8h 5d 5s]
Seat 1: b4b0df20 folded before Flop (didn't bet)
Seat 2: 7b1481b0 folded before Flop (didn't bet)
Seat 3: 29dc53e7 (button) folded before Flop (didn't bet)
Seat 4: Hero (small blind) folded before Flop
Seat 5: 282700e0 (big blind) showed [7c 7s] and lost with Pair of Sevens and Pair of Fives
Seat 6: be37b35f showed [As 8s] and won ($0.87) with Pair of Eights and Pair of Fives


Poker Hand #HD1857925291: Hold'em No Limit ($0.05/$0.1) - 2024/07/15 15:21:40
Table 'NLHRed45' 6-max Seat #2 is the button
Seat 1: b4b0df20 ($38.2 in chips)
Seat 2: 7b1481b0 ($11.45 in chips)
Seat 3: 29dc53e7 ($11.09 in chips)
Seat 4: Hero ($10 in chips)
Seat 6: be37b35f ($13.01 in chips)
29dc53e7: posts small blind $0.05
Hero: posts big blind $0.1
*** HOLE CARDS ***
Dealt to b4b0df20 
Dealt to 7b1481b0 
Dealt to 29dc53e7 
Dealt to Hero [Ts Kc]
Dealt to be37b35f 
be37b35f: raises $0.11 to $0.21
b4b0df20: folds
7b1481b0: folds
29dc53e7: folds
Hero: calls $0.11
*** FLOP *** [3c Qd Qs]
Hero: checks
be37b35f: checks
*** TURN *** [3c Qd Qs] [6c]
Hero: bets $0.37
be37b35f: calls $0.37
*** RIVER *** [3c Qd Qs 6c] [Th]
Hero: bets $0.4
be37b35f: calls $0.4
Hero: shows [Ts Kc] (Pair of Queens and Pair of Tens)
be37b35f: shows [4c 4d] (Pair of Queens and Pair of Fours)
*** SHOWDOWN ***
Hero collected $1.91 from pot
*** SUMMARY ***
Total pot $2.01 | Rake $0.1 | Jackpot $0 | Bingo $0 | Fortune $0 | Tax $0
Board [3c Qd Qs 6c Th]
Seat 1: b4b0df20 folded before Flop (didn't bet)
Seat 2: 7b1481b0 (button) folded before Flop (didn't bet)
Seat 3: 29dc53e7 (small blind) folded before Flop
Seat 4: Hero (big blind) showed [Ts Kc] and won ($1.91) with Pair of Queens and Pair of Tens
Seat 6: be37b35f showed [4c 4d] and lost with Pair of Queens and Pair of Fours


Poker Hand #HD1857925096: Hold'em No Limit ($0.05/$0.1) - 2024/07/15 15:20:03
Table 'NLHRed45' 6-max Seat #1 is the button
Seat 1: b4b0df20 ($24.98 in chips)
Seat 2: 7b1481b0 ($11.5 in chips)
Seat 3: 29dc53e7 ($11.19 in chips)
Seat 4: Hero ($10 in chips)
Seat 5: 282700e0 ($14.17 in chips)
Seat 6: be37b35f ($13.01 in chips)
7b1481b0: posts small blind $0.05
29dc53e7: posts big blind $0.1
*** HOLE CARDS ***
Dealt to b4b0df20 
Dealt to 7b1481b0 
Dealt to 29dc53e7 
Dealt to Hero [Jd 5s]
Dealt to 282700e0 
Dealt to be37b35f 
Hero: folds
282700e0: raises $0.1 to $0.2
be37b35f: folds
b4b0df20: raises $0.6 to $0.8
7b1481b0: folds
29dc53e7: folds
282700e0: calls $0.6
*** FLOP *** [As Td 2h]
282700e0: checks
b4b0df20: bets $0.5
282700e0: calls $0.5
*** TURN *** [As Td 2h] [7d]
282700e0: checks
b4b0df20: bets $1.38
282700e0: raises $11.49 to $12.87 and is all-in
b4b0df20: calls $11.49
282700e0: shows [2c 2s] (Three Twos)
b4b0df20: shows [Ac Ah] (Three Aces)
*** FIRST RIVER *** [As Td 2h 7d] [4s]
*** SECOND RIVER *** [As Td 2h 7d] [9s]
*** FIRST SHOWDOWN ***
b4b0df20 collected $13.7 from pot
*** SECOND SHOWDOWN ***
b4b0df20 collected $13.69 from pot
*** SUMMARY ***
Total pot $28.49 | Rake $1 | Jackpot $0.1 | Bingo $0 | Fortune $0 | Tax $0
Hand was run two times
FIRST Board [As Td 2h 7d 4s]
SECOND Board [9s]
Seat 1: b4b0df20 (button) showed [Ac Ah] and won ($13.7) with Three Aces, and won ($13.69)
Seat 2: 7b1481b0 (small blind) folded before Flop
Seat 3: 29dc53e7 (big blind) folded before Flop
Seat 4: Hero folded before Flop (didn't bet)
Seat 5: 282700e0 showed [2c 2s] and lost with Three Twos, and lost
Seat 6: be37b35f folded before Flop (didn't bet)


Poker Hand #HD1857924968: Hold'em No Limit ($0.05/$0.1) - 2024/07/15 15:18:58
Table 'NLHRed45' 6-max Seat #6 is the button
Seat 1: b4b0df20 ($25.03 in chips)
Seat 2: 7b1481b0 ($12.02 in chips)
Seat 3: 29dc53e7 ($11.19 in chips)
Seat 4: Hero ($10 in chips)
Seat 5: 282700e0 ($13.46 in chips)
Seat 6: be37b35f ($13.21 in chips)
b4b0df20: posts small blind $0.05
7b1481b0: posts big blind $0.1
*** HOLE CARDS ***
Dealt to b4b0df20 
Dealt to 7b1481b0 
Dealt to 29dc53e7 
Dealt to Hero [6s Kc]
Dealt to 282700e0 
Dealt to be37b35f 
29dc53e7: folds
Hero: folds
282700e0: raises $0.1 to $0.2
be37b35f: calls $0.2
b4b0df20: folds
7b1481b0: calls $0.1
*** FLOP *** [Th As 8c]
7b1481b0: checks
282700e0: bets $0.32
be37b35f: folds
7b1481b0: calls $0.32
*** TURN *** [Th As 8c] [9c]
7b1481b0: checks
282700e0: checks
*** RIVER *** [Th As 8c 9c] [Kh]
7b1481b0: checks
282700e0: checks
7b1481b0: shows [Qc Ts] (Pair of Tens)
282700e0: shows [Js Ad] (Pair of Aces)
*** SHOWDOWN ***
282700e0 collected $1.23 from pot
*** SUMMARY ***
Total pot $1.29 | Rake $0.06 | Jackpot $0 | Bingo $0 | Fortune $0 | Tax $0
Board [Th As 8c 9c Kh]
Seat 1: b4b0df20 (small blind) folded before Flop
Seat 2: 7b1481b0 (big blind) showed [Qc Ts] and lost with Pair of Tens
Seat 3: 29dc53e7 folded before Flop (didn't bet)
Seat 4: Hero folded before Flop (didn't bet)
Seat 5: 282700e0 showed [Js Ad] and won ($1.23) with Pair of Aces
Seat 6: be37b35f (button) folded on the Flop


Poker Hand #HD1857924915: Hold'em No Limit ($0.05/$0.1) - 2024/07/15 15:18:32
Table 'NLHRed45' 6-max Seat #5 is the button
Seat 1: b4b0df20 ($25.13 in chips)
Seat 2: 7b1481b0 ($11.87 in chips)
Seat 3: 29dc53e7 ($11.19 in chips)
Seat 4: Hero ($10 in chips)
Seat 5: 282700e0 ($13.46 in chips)
Seat 6: be37b35f ($13.26 in chips)
be37b35f: posts small blind $0.05
b4b0df20: posts big blind $0.1
*** HOLE CARDS ***
Dealt to b4b0df20 
Dealt to 7b1481b0 
Dealt to 29dc53e7 
Dealt to Hero [Ad 3s]
Dealt to 282700e0 
Dealt to be37b35f 
7b1481b0: raises $0.15 to $0.25
29dc53e7: folds
Hero: folds
282700e0: folds
be37b35f: folds
b4b0df20: folds
Uncalled bet ($0.15) returned to 7b1481b0
*** SHOWDOWN ***
7b1481b0 collected $0.25 from pot
*** SUMMARY ***
Total pot $0.25 | Rake $0 | Jackpot $0 | Bingo $0 | Fortune $0 | Tax $0
Seat 1: b4b0df20 (big blind) folded before Flop
Seat 2: 7b1481b0 collected ($0.25)
Seat 3: 29dc53e7 folded before Flop (didn't bet)
Seat 4: Hero folded before Flop (didn't bet)
Seat 5: 282700e0 (button) folded before Flop (didn't bet)
Seat 6: be37b35f (small blind) folded before Flop


Poker Hand #HD1857924887: Hold'em No Limit ($0.05/$0.1) - 2024/07/15 15:18:15
Table 'NLHRed45' 6-max Seat #4 is the button
Seat 1: b4b0df20 ($25.13 in chips)
Seat 2: 7b1481b0 ($11.87 in chips)
Seat 3: 29dc53e7 ($11.19 in chips)
Seat 4: Hero ($10 in chips)
Seat 5: 282700e0 ($13.51 in chips)
Seat 6: be37b35f ($13.21 in chips)
282700e0: posts small blind $0.05
be37b35f: posts big blind $0.1
*** HOLE CARDS ***
Dealt to b4b0df20 
Dealt to 7b1481b0 
Dealt to 29dc53e7 
Dealt to Hero [4s Qs]
Dealt to 282700e0 
Dealt to be37b35f 
b4b0df20: folds
7b1481b0: folds
29dc53e7: folds
Hero: folds
282700e0: folds
Uncalled bet ($0.05) returned to be37b35f
*** SHOWDOWN ***
be37b35f collected $0.1 from pot
*** SUMMARY ***
Total pot $0.1 | Rake $0 | Jackpot $0 | Bingo $0 | Fortune $0 | Tax $0
Seat 1: b4b0df20 folded before Flop (didn't bet)
Seat 2: 7b1481b0 folded before Flop (didn't bet)
Seat 3: 29dc53e7 folded before Flop (didn't bet)
Seat 4: Hero (button) folded before Flop (didn't bet)
Seat 5: 282700e0 (small blind) folded before Flop
Seat 6: be37b35f (big blind) collected ($0.1)


Poker Hand #HD1857924868: Hold'em No Limit ($0.05/$0.1) - 2024/07/15 15:18:05
Table 'NLHRed45' 6-max Seat #3 is the button
Seat 1: b4b0df20 ($25.13 in chips)
Seat 2: 7b1481b0 ($11.87 in chips)
Seat 3: 29dc53e7 ($11.19 in chips)
Seat 4: Hero ($10 in chips)
Seat 5: 282700e0 ($13.46 in chips)
Seat 6: be37b35f ($13.21 in chips)
Hero: posts small blind $0.05
282700e0: posts big blind $0.1
*** HOLE CARDS ***
Dealt to b4b0df20 
Dealt to 7b1481b0 
Dealt to 29dc53e7 
Dealt to Hero [Kh 8s]
Dealt to 282700e0 
Dealt to be37b35f 
be37b35f: folds
b4b0df20: folds
7b1481b0: folds
29dc53e7: folds
Hero: folds
Uncalled bet ($0.05) returned to 282700e0
*** SHOWDOWN ***
282700e0 collected $0.1 from pot
*** SUMMARY ***
Total pot $0.1 | Rake $0 | Jackpot $0 | Bingo $0 | Fortune $0 | Tax $0
Seat 1: b4b0df20 folded before Flop (didn't bet)
Seat 2: 7b1481b0 folded before Flop (didn't bet)
Seat 3: 29dc53e7 (button) folded before Flop (didn't bet)
Seat 4: Hero (small blind) folded before Flop
Seat 5: 282700e0 (big blind) collected ($0.1)
Seat 6: be37b35f folded before Flop (didn't bet)


Poker Hand #HD1857924772: Hold'em No Limit ($0.05/$0.1) - 2024/07/15 15:17:20
Table 'NLHRed45' 6-max Seat #2 is the button
Seat 1: b4b0df20 ($25.13 in chips)
Seat 2: 7b1481b0 ($11.87 in chips)
Seat 3: 29dc53e7 ($11.4 in chips)
Seat 4: Hero ($10 in chips)
Seat 5: 282700e0 ($13.46 in chips)
Seat 6: be37b35f ($12.82 in chips)
29dc53e7: posts small blind $0.05
Hero: posts big blind $0.1
*** HOLE CARDS ***
Dealt to b4b0df20 
Dealt to 7b1481b0 
Dealt to 29dc53e7 
Dealt to Hero [Jh Qd]
Dealt to 282700e0 
Dealt to be37b35f 
282700e0: folds
be37b35f: raises $0.11 to $0.21
b4b0df20: folds
7b1481b0: folds
29dc53e7: calls $0.16
Hero: calls $0.11
*** FLOP *** [4d 6s Tc]
29dc53e7: checks
Hero: checks
be37b35f: bets $0.35
29dc53e7: folds
Hero: folds
Uncalled bet ($0.35) returned to be37b35f
*** SHOWDOWN ***
be37b35f collected $0.6 from pot
*** SUMMARY ***
Total pot $0.63 | Rake $0.03 | Jackpot $0 | Bingo $0 | Fortune $0 | Tax $0
Board [4d 6s Tc]
Seat 1: b4b0df20 folded before Flop (didn't bet)
Seat 2: 7b1481b0 (button) folded before Flop (didn't bet)
Seat 3: 29dc53e7 (small blind) folded on the Flop
Seat 4: Hero (big blind) folded on the Flop
Seat 5: 282700e0 folded before Flop (didn't bet)
Seat 6: be37b35f won ($0.6)


