Poker Hand #HD1755453990: Hold'em No Limit ($0.05/$0.1) - 2024/05/02 14:33:47
Table 'NLHRed68' 6-max Seat #5 is the button
Seat 1: f1fd0e2c ($10.46 in chips)
Seat 2: a76f7020 ($13.31 in chips)
Seat 4: 56c4c744 ($10.6 in chips)
Seat 5: 99b1012b ($12.71 in chips)
Seat 6: Hero ($10.17 in chips)
Hero: posts small blind $0.05
f1fd0e2c: posts big blind $0.1
*** HOLE CARDS ***
Dealt to f1fd0e2c 
Dealt to a76f7020 
Dealt to 56c4c744 
Dealt to 99b1012b 
Dealt to Hero [4s Qh]
a76f7020: folds
56c4c744: folds
99b1012b: raises $0.15 to $0.25
Hero: folds
f1fd0e2c: folds
Uncalled bet ($0.15) returned to 99b1012b
*** SHOWDOWN ***
99b1012b collected $0.25 from pot
*** SUMMARY ***
Total pot $0.25 | Rake $0 | Jackpot $0 | Bingo $0 | Fortune $0 | Tax $0
Seat 1: f1fd0e2c (big blind) folded before Flop
Seat 2: a76f7020 folded before Flop (didn't bet)
Seat 4: 56c4c744 folded before Flop (didn't bet)
Seat 5: 99b1012b (button) collected ($0.25)
Seat 6: Hero (small blind) folded before Flop


Poker Hand #HD1755453941: Hold'em No Limit ($0.05/$0.1) - 2024/05/02 14:33:26
Table 'NLHRed68' 6-max Seat #4 is the button
Seat 1: f1fd0e2c ($10.46 in chips)
Seat 2: a76f7020 ($13.31 in chips)
Seat 4: 56c4c744 ($10.45 in chips)
Seat 5: 99b1012b ($12.76 in chips)
Seat 6: Hero ($10.27 in chips)
99b1012b: posts small blind $0.05
Hero: posts big blind $0.1
*** HOLE CARDS ***
Dealt to f1fd0e2c 
Dealt to a76f7020 
Dealt to 56c4c744 
Dealt to 99b1012b 
Dealt to Hero [Ks 4c]
f1fd0e2c: folds
a76f7020: folds
56c4c744: raises $0.15 to $0.25
99b1012b: folds
Hero: folds
Uncalled bet ($0.15) returned to 56c4c744
*** SHOWDOWN ***
56c4c744 collected $0.25 from pot
*** SUMMARY ***
Total pot $0.25 | Rake $0 | Jackpot $0 | Bingo $0 | Fortune $0 | Tax $0
Seat 1: f1fd0e2c folded before Flop (didn't bet)
Seat 2: a76f7020 folded before Flop (didn't bet)
Seat 4: 56c4c744 (button) collected ($0.25)
Seat 5: 99b1012b (small blind) folded before Flop
Seat 6: Hero (big blind) folded before Flop


Poker Hand #HD1755453885: Hold'em No Limit ($0.05/$0.1) - 2024/05/02 14:32:56
Table 'NLHRed68' 6-max Seat #2 is the button
Seat 1: f1fd0e2c ($10.46 in chips)
Seat 2: a76f7020 ($13.61 in chips)
Seat 4: 56c4c744 ($10.5 in chips)
Seat 5: 99b1012b ($12.44 in chips)
Seat 6: Hero ($10.27 in chips)
56c4c744: posts small blind $0.05
99b1012b: posts big blind $0.1
*** HOLE CARDS ***
Dealt to f1fd0e2c 
Dealt to a76f7020 
Dealt to 56c4c744 
Dealt to 99b1012b 
Dealt to Hero [5h 3h]
Hero: folds
f1fd0e2c: folds
a76f7020: raises $0.2 to $0.3
56c4c744: folds
99b1012b: raises $1.05 to $1.35
a76f7020: folds
Uncalled bet ($1.05) returned to 99b1012b
*** SHOWDOWN ***
99b1012b collected $0.62 from pot
*** SUMMARY ***
Total pot $0.65 | Rake $0.03 | Jackpot $0 | Bingo $0 | Fortune $0 | Tax $0
Seat 1: f1fd0e2c folded before Flop (didn't bet)
Seat 2: a76f7020 (button) folded before Flop
Seat 4: 56c4c744 (small blind) folded before Flop
Seat 5: 99b1012b (big blind) collected ($0.62)
Seat 6: Hero folded before Flop (didn't bet)


Poker Hand #HD1755453698: Hold'em No Limit ($0.05/$0.1) - 2024/05/02 14:31:23
Table 'NLHRed68' 6-max Seat #1 is the button
Seat 1: f1fd0e2c ($10.46 in chips)
Seat 2: a76f7020 ($13.66 in chips)
Seat 3: 4bad2a49 ($10.54 in chips)
Seat 4: 56c4c744 ($10.22 in chips)
Seat 5: 99b1012b ($12.44 in chips)
Seat 6: Hero ($10.27 in chips)
a76f7020: posts small blind $0.05
4bad2a49: posts big blind $0.1
*** HOLE CARDS ***
Dealt to f1fd0e2c 
Dealt to a76f7020 
Dealt to 4bad2a49 
Dealt to 56c4c744 
Dealt to 99b1012b 
Dealt to Hero [9d 6c]
56c4c744: raises $0.15 to $0.25
99b1012b: folds
Hero: folds
f1fd0e2c: folds
a76f7020: folds
4bad2a49: calls $0.15
*** FLOP *** [Qs Jc 5c]
4bad2a49: checks
56c4c744: bets $0.33
4bad2a49: folds
Uncalled bet ($0.33) returned to 56c4c744
*** SHOWDOWN ***
56c4c744 collected $0.53 from pot
*** SUMMARY ***
Total pot $0.55 | Rake $0.02 | Jackpot $0 | Bingo $0 | Fortune $0 | Tax $0
Board [Qs Jc 5c]
Seat 1: f1fd0e2c (button) folded before Flop (didn't bet)
Seat 2: a76f7020 (small blind) folded before Flop
Seat 3: 4bad2a49 (big blind) folded on the Flop
Seat 4: 56c4c744 won ($0.53)
Seat 5: 99b1012b folded before Flop (didn't bet)
Seat 6: Hero folded before Flop (didn't bet)


Poker Hand #HD1755453632: Hold'em No Limit ($0.05/$0.1) - 2024/05/02 14:30:45
Table 'NLHRed68' 6-max Seat #6 is the button
Seat 1: f1fd0e2c ($10.51 in chips)
Seat 2: a76f7020 ($13.9 in chips)
Seat 3: 4bad2a49 ($10.54 in chips)
Seat 4: 56c4c744 ($10.22 in chips)
Seat 5: 99b1012b ($12.44 in chips)
Seat 6: Hero ($10 in chips)
f1fd0e2c: posts small blind $0.05
a76f7020: posts big blind $0.1
*** HOLE CARDS ***
Dealt to f1fd0e2c 
Dealt to a76f7020 
Dealt to 4bad2a49 
Dealt to 56c4c744 
Dealt to 99b1012b 
Dealt to Hero [Kd Qd]
4bad2a49: folds
56c4c744: folds
99b1012b: folds
Hero: raises $0.14 to $0.24
f1fd0e2c: folds
a76f7020: calls $0.14
*** FLOP *** [7h Kc 2c]
a76f7020: checks
Hero: bets $0.2
a76f7020: folds
Uncalled bet ($0.2) returned to Hero
*** SHOWDOWN ***
Hero collected $0.51 from pot
*** SUMMARY ***
Total pot $0.53 | Rake $0.02 | Jackpot $0 | Bingo $0 | Fortune $0 | Tax $0
Board [7h Kc 2c]
Seat 1: f1fd0e2c (small blind) folded before Flop
Seat 2: a76f7020 (big blind) folded on the Flop
Seat 3: 4bad2a49 folded before Flop (didn't bet)
Seat 4: 56c4c744 folded before Flop (didn't bet)
Seat 5: 99b1012b folded before Flop (didn't bet)
Seat 6: Hero (button) won ($0.51)


Poker Hand #HD1755453571: Hold'em No Limit ($0.05/$0.1) - 2024/05/02 14:30:17
Table 'NLHRed68' 6-max Seat #5 is the button
Seat 1: f1fd0e2c ($10.61 in chips)
Seat 2: a76f7020 ($13.9 in chips)
Seat 3: 4bad2a49 ($10.54 in chips)
Seat 4: 56c4c744 ($10.07 in chips)
Seat 5: 99b1012b ($12.44 in chips)
Seat 6: Hero ($10 in chips)
Hero: posts small blind $0.05
f1fd0e2c: posts big blind $0.1
*** HOLE CARDS ***
Dealt to f1fd0e2c 
Dealt to a76f7020 
Dealt to 4bad2a49 
Dealt to 56c4c744 
Dealt to 99b1012b 
Dealt to Hero [Qc 2h]
a76f7020: folds
4bad2a49: folds
56c4c744: raises $0.15 to $0.25
99b1012b: folds
Hero: folds
f1fd0e2c: folds
Uncalled bet ($0.15) returned to 56c4c744
*** SHOWDOWN ***
56c4c744 collected $0.25 from pot
*** SUMMARY ***
Total pot $0.25 | Rake $0 | Jackpot $0 | Bingo $0 | Fortune $0 | Tax $0
Seat 1: f1fd0e2c (big blind) folded before Flop
Seat 2: a76f7020 folded before Flop (didn't bet)
Seat 3: 4bad2a49 folded before Flop (didn't bet)
Seat 4: 56c4c744 collected ($0.25)
Seat 5: 99b1012b (button) folded before Flop (didn't bet)
Seat 6: Hero (small blind) folded before Flop


Poker Hand #HD1755453492: Hold'em No Limit ($0.05/$0.1) - 2024/05/02 14:29:39
Table 'NLHRed68' 6-max Seat #4 is the button
Seat 1: f1fd0e2c ($10.28 in chips)
Seat 2: a76f7020 ($13.9 in chips)
Seat 3: 4bad2a49 ($10.74 in chips)
Seat 4: 56c4c744 ($10.07 in chips)
Seat 5: 99b1012b ($12.49 in chips)
Seat 6: Hero ($10 in chips)
99b1012b: posts small blind $0.05
Hero: posts big blind $0.1
*** HOLE CARDS ***
Dealt to f1fd0e2c 
Dealt to a76f7020 
Dealt to 4bad2a49 
Dealt to 56c4c744 
Dealt to 99b1012b 
Dealt to Hero [Js 5s]
f1fd0e2c: raises $0.1 to $0.2
a76f7020: folds
4bad2a49: calls $0.2
56c4c744: folds
99b1012b: folds
Hero: folds
*** FLOP *** [2h Ks 9s]
f1fd0e2c: bets $0.55
4bad2a49: folds
Uncalled bet ($0.55) returned to f1fd0e2c
*** SHOWDOWN ***
f1fd0e2c collected $0.53 from pot
*** SUMMARY ***
Total pot $0.55 | Rake $0.02 | Jackpot $0 | Bingo $0 | Fortune $0 | Tax $0
Board [2h Ks 9s]
Seat 1: f1fd0e2c won ($0.53)
Seat 2: a76f7020 folded before Flop (didn't bet)
Seat 3: 4bad2a49 folded on the Flop
Seat 4: 56c4c744 (button) folded before Flop (didn't bet)
Seat 5: 99b1012b (small blind) folded before Flop
Seat 6: Hero (big blind) folded before Flop


Poker Hand #HD1755453467: Hold'em No Limit ($0.05/$0.1) - 2024/05/02 14:29:26
Table 'NLHRed68' 6-max Seat #3 is the button
Seat 1: f1fd0e2c ($10.28 in chips)
Seat 2: a76f7020 ($13.9 in chips)
Seat 3: 4bad2a49 ($10.74 in chips)
Seat 4: 56c4c744 ($10.12 in chips)
Seat 5: 99b1012b ($12.44 in chips)
Seat 6: Hero ($10 in chips)
56c4c744: posts small blind $0.05
99b1012b: posts big blind $0.1
*** HOLE CARDS ***
Dealt to f1fd0e2c 
Dealt to a76f7020 
Dealt to 4bad2a49 
Dealt to 56c4c744 
Dealt to 99b1012b 
Dealt to Hero [Tc 8d]
Hero: folds
f1fd0e2c: folds
a76f7020: folds
4bad2a49: folds
56c4c744: folds
Uncalled bet ($0.05) returned to 99b1012b
*** SHOWDOWN ***
99b1012b collected $0.1 from pot
*** SUMMARY ***
Total pot $0.1 | Rake $0 | Jackpot $0 | Bingo $0 | Fortune $0 | Tax $0
Seat 1: f1fd0e2c folded before Flop (didn't bet)
Seat 2: a76f7020 folded before Flop (didn't bet)
Seat 3: 4bad2a49 (button) folded before Flop (didn't bet)
Seat 4: 56c4c744 (small blind) folded before Flop
Seat 5: 99b1012b (big blind) collected ($0.1)
Seat 6: Hero folded before Flop (didn't bet)


Poker Hand #HD1755453418: Hold'em No Limit ($0.05/$0.1) - 2024/05/02 14:29:04
Table 'NLHRed68' 6-max Seat #2 is the button
Seat 1: f1fd0e2c ($10.28 in chips)
Seat 2: a76f7020 ($13.9 in chips)
Seat 3: 4bad2a49 ($10.79 in chips)
Seat 4: 56c4c744 ($10.22 in chips)
Seat 5: 99b1012b ($12.29 in chips)
Seat 6: Hero ($10 in chips)
4bad2a49: posts small blind $0.05
56c4c744: posts big blind $0.1
*** HOLE CARDS ***
Dealt to f1fd0e2c 
Dealt to a76f7020 
Dealt to 4bad2a49 
Dealt to 56c4c744 
Dealt to 99b1012b 
Dealt to Hero [7s 2s]
99b1012b: raises $0.15 to $0.25
Hero: folds
f1fd0e2c: folds
a76f7020: folds
4bad2a49: folds
56c4c744: folds
Uncalled bet ($0.15) returned to 99b1012b
*** SHOWDOWN ***
99b1012b collected $0.25 from pot
*** SUMMARY ***
Total pot $0.25 | Rake $0 | Jackpot $0 | Bingo $0 | Fortune $0 | Tax $0
Seat 1: f1fd0e2c folded before Flop (didn't bet)
Seat 2: a76f7020 (button) folded before Flop (didn't bet)
Seat 3: 4bad2a49 (small blind) folded before Flop
Seat 4: 56c4c744 (big blind) folded before Flop
Seat 5: 99b1012b collected ($0.25)
Seat 6: Hero folded before Flop (didn't bet)


Poker Hand #HD1755453403: Hold'em No Limit ($0.05/$0.1) - 2024/05/02 14:28:56
Table 'NLHRed68' 6-max Seat #1 is the button
Seat 1: f1fd0e2c ($10.28 in chips)
Seat 2: a76f7020 ($13.95 in chips)
Seat 3: 4bad2a49 ($10.74 in chips)
Seat 4: 56c4c744 ($10.22 in chips)
Seat 5: 99b1012b ($12.29 in chips)
Seat 6: Hero ($10 in chips)
a76f7020: posts small blind $0.05
4bad2a49: posts big blind $0.1
*** HOLE CARDS ***
Dealt to f1fd0e2c 
Dealt to a76f7020 
Dealt to 4bad2a49 
Dealt to 56c4c744 
Dealt to 99b1012b 
Dealt to Hero [9d Kc]
56c4c744: folds
99b1012b: folds
Hero: folds
f1fd0e2c: folds
a76f7020: folds
Uncalled bet ($0.05) returned to 4bad2a49
*** SHOWDOWN ***
4bad2a49 collected $0.1 from pot
*** SUMMARY ***
Total pot $0.1 | Rake $0 | Jackpot $0 | Bingo $0 | Fortune $0 | Tax $0
Seat 1: f1fd0e2c (button) folded before Flop (didn't bet)
Seat 2: a76f7020 (small blind) folded before Flop
Seat 3: 4bad2a49 (big blind) collected ($0.1)
Seat 4: 56c4c744 folded before Flop (didn't bet)
Seat 5: 99b1012b folded before Flop (didn't bet)
Seat 6: Hero folded before Flop (didn't bet)


Poker Hand #HD1755453322: Hold'em No Limit ($0.05/$0.1) - 2024/05/02 14:28:10
Table 'NLHRed68' 6-max Seat #6 is the button
Seat 1: f1fd0e2c ($10.33 in chips)
Seat 2: a76f7020 ($14.05 in chips)
Seat 3: 4bad2a49 ($10.23 in chips)
Seat 4: 56c4c744 ($10.62 in chips)
Seat 5: 99b1012b ($12.29 in chips)
Seat 6: Hero ($10 in chips)
f1fd0e2c: posts small blind $0.05
a76f7020: posts big blind $0.1
*** HOLE CARDS ***
Dealt to f1fd0e2c 
Dealt to a76f7020 
Dealt to 4bad2a49 
Dealt to 56c4c744 
Dealt to 99b1012b 
Dealt to Hero [4s Kh]
4bad2a49: calls $0.1
56c4c744: raises $0.3 to $0.4
99b1012b: folds
Hero: folds
f1fd0e2c: folds
a76f7020: folds
4bad2a49: calls $0.3
*** FLOP *** [Qc Kd 5h]
4bad2a49: checks
56c4c744: checks
*** TURN *** [Qc Kd 5h] [7c]
4bad2a49: checks
56c4c744: checks
*** RIVER *** [Qc Kd 5h 7c] [Tc]
4bad2a49: checks
56c4c744: checks
4bad2a49: shows [Qs 6s] (Pair of Queens)
56c4c744: shows [4h Ah] (Ace-High)
*** SHOWDOWN ***
4bad2a49 collected $0.91 from pot
*** SUMMARY ***
Total pot $0.95 | Rake $0.04 | Jackpot $0 | Bingo $0 | Fortune $0 | Tax $0
Board [Qc Kd 5h 7c Tc]
Seat 1: f1fd0e2c (small blind) folded before Flop
Seat 2: a76f7020 (big blind) folded before Flop
Seat 3: 4bad2a49 showed [Qs 6s] and won ($0.91) with Pair of Queens
Seat 4: 56c4c744 showed [4h Ah] and lost with Ace-High
Seat 5: 99b1012b folded before Flop (didn't bet)
Seat 6: Hero (button) folded before Flop (didn't bet)


Poker Hand #HD1755453256: Hold'em No Limit ($0.05/$0.1) - 2024/05/02 14:27:33
Table 'NLHRed68' 6-max Seat #5 is the button
Seat 1: f1fd0e2c ($10.53 in chips)
Seat 2: a76f7020 ($14.05 in chips)
Seat 3: 4bad2a49 ($10 in chips)
Seat 4: 56c4c744 ($10.62 in chips)
Seat 5: 99b1012b ($12.29 in chips)
Seat 6: Hero ($10 in chips)
Hero: posts small blind $0.05
f1fd0e2c: posts big blind $0.1
*** HOLE CARDS ***
Dealt to f1fd0e2c 
Dealt to a76f7020 
Dealt to 4bad2a49 
Dealt to 56c4c744 
Dealt to 99b1012b 
Dealt to Hero [Qc 7s]
a76f7020: folds
4bad2a49: raises $0.1 to $0.2
56c4c744: folds
99b1012b: folds
Hero: folds
f1fd0e2c: calls $0.1
*** FLOP *** [8d 6h 3h]
f1fd0e2c: checks
4bad2a49: bets $0.45
f1fd0e2c: folds
Uncalled bet ($0.45) returned to 4bad2a49
*** SHOWDOWN ***
4bad2a49 collected $0.43 from pot
*** SUMMARY ***
Total pot $0.45 | Rake $0.02 | Jackpot $0 | Bingo $0 | Fortune $0 | Tax $0
Board [8d 6h 3h]
Seat 1: f1fd0e2c (big blind) folded on the Flop
Seat 2: a76f7020 folded before Flop (didn't bet)
Seat 3: 4bad2a49 won ($0.43)
Seat 4: 56c4c744 folded before Flop (didn't bet)
Seat 5: 99b1012b (button) folded before Flop (didn't bet)
Seat 6: Hero (small blind) folded before Flop


Poker Hand #HD1755453190: Hold'em No Limit ($0.05/$0.1) - 2024/05/02 14:26:58
Table 'NLHRed68' 6-max Seat #4 is the button
Seat 1: f1fd0e2c ($10.53 in chips)
Seat 2: a76f7020 ($13.72 in chips)
Seat 3: 4bad2a49 ($10 in chips)
Seat 4: 56c4c744 ($10.62 in chips)
Seat 5: 99b1012b ($12.34 in chips)
Seat 6: Hero ($10 in chips)
99b1012b: posts small blind $0.05
Hero: posts big blind $0.1
*** HOLE CARDS ***
Dealt to f1fd0e2c 
Dealt to a76f7020 
Dealt to 4bad2a49 
Dealt to 56c4c744 
Dealt to 99b1012b 
Dealt to Hero [4h Qh]
f1fd0e2c: folds
a76f7020: raises $0.1 to $0.2
4bad2a49: calls $0.2
56c4c744: folds
99b1012b: folds
Hero: folds
*** FLOP *** [Qs Qd 3s]
a76f7020: checks
4bad2a49: checks
*** TURN *** [Qs Qd 3s] [As]
a76f7020: bets $0.19
4bad2a49: folds
Uncalled bet ($0.19) returned to a76f7020
*** SHOWDOWN ***
a76f7020 collected $0.53 from pot
*** SUMMARY ***
Total pot $0.55 | Rake $0.02 | Jackpot $0 | Bingo $0 | Fortune $0 | Tax $0
Board [Qs Qd 3s As]
Seat 1: f1fd0e2c folded before Flop (didn't bet)
Seat 2: a76f7020 won ($0.53)
Seat 3: 4bad2a49 folded on the Turn
Seat 4: 56c4c744 (button) folded before Flop (didn't bet)
Seat 5: 99b1012b (small blind) folded before Flop
Seat 6: Hero (big blind) folded before Flop


Poker Hand #HD1755453096: Hold'em No Limit ($0.05/$0.1) - 2024/05/02 14:26:10
Table 'NLHRed68' 6-max Seat #3 is the button
Seat 1: f1fd0e2c ($10.53 in chips)
Seat 2: a76f7020 ($14.07 in chips)
Seat 3: 4bad2a49 ($10 in chips)
Seat 4: 56c4c744 ($10.67 in chips)
Seat 5: 99b1012b ($11.97 in chips)
Seat 6: Hero ($10 in chips)
56c4c744: posts small blind $0.05
99b1012b: posts big blind $0.1
*** HOLE CARDS ***
Dealt to f1fd0e2c 
Dealt to a76f7020 
Dealt to 4bad2a49 
Dealt to 56c4c744 
Dealt to 99b1012b 
Dealt to Hero [8h Qc]
Hero: folds
f1fd0e2c: folds
a76f7020: raises $0.1 to $0.2
4bad2a49: folds
56c4c744: folds
99b1012b: calls $0.1
*** FLOP *** [9s 8d 4d]
99b1012b: checks
a76f7020: bets $0.15
99b1012b: calls $0.15
*** TURN *** [9s 8d 4d] [Jc]
99b1012b: checks
a76f7020: checks
*** RIVER *** [9s 8d 4d Jc] [5d]
99b1012b: checks
a76f7020: checks
99b1012b: shows [8s Tc] (Pair of Eights)
a76f7020: shows [Ts Kc] (King-High)
*** SHOWDOWN ***
99b1012b collected $0.72 from pot
*** SUMMARY ***
Total pot $0.75 | Rake $0.03 | Jackpot $0 | Bingo $0 | Fortune $0 | Tax $0
Board [9s 8d 4d Jc 5d]
Seat 1: f1fd0e2c folded before Flop (didn't bet)
Seat 2: a76f7020 showed [Ts Kc] and lost with King-High
Seat 3: 4bad2a49 (button) folded before Flop (didn't bet)
Seat 4: 56c4c744 (small blind) folded before Flop
Seat 5: 99b1012b (big blind) showed [8s Tc] and won ($0.72) with Pair of Eights
Seat 6: Hero folded before Flop (didn't bet)


Poker Hand #HD1755452997: Hold'em No Limit ($0.05/$0.1) - 2024/05/02 14:25:17
Table 'NLHRed68' 6-max Seat #2 is the button
Seat 1: f1fd0e2c ($10.53 in chips)
Seat 2: a76f7020 ($12.74 in chips)
Seat 3: 4bad2a49 ($10 in chips)
Seat 4: 56c4c744 ($10.77 in chips)
Seat 5: 99b1012b ($12.27 in chips)
Seat 6: Hero ($10.73 in chips)
4bad2a49: posts small blind $0.05
56c4c744: posts big blind $0.1
*** HOLE CARDS ***
Dealt to f1fd0e2c 
Dealt to a76f7020 
Dealt to 4bad2a49 
Dealt to 56c4c744 
Dealt to 99b1012b 
Dealt to Hero [Ac Jc]
99b1012b: raises $0.2 to $0.3
Hero: raises $0.7 to $1
f1fd0e2c: folds
a76f7020: raises $1.4 to $2.4
4bad2a49: folds
56c4c744: folds
99b1012b: folds
Hero: folds
Uncalled bet ($1.4) returned to a76f7020
*** SHOWDOWN ***
a76f7020 collected $2.33 from pot
*** SUMMARY ***
Total pot $2.45 | Rake $0.12 | Jackpot $0 | Bingo $0 | Fortune $0 | Tax $0
Seat 1: f1fd0e2c folded before Flop (didn't bet)
Seat 2: a76f7020 (button) collected ($2.33)
Seat 3: 4bad2a49 (small blind) folded before Flop
Seat 4: 56c4c744 (big blind) folded before Flop
Seat 5: 99b1012b folded before Flop
Seat 6: Hero folded before Flop


Poker Hand #HD1755452899: Hold'em No Limit ($0.05/$0.1) - 2024/05/02 14:24:25
Table 'NLHRed68' 6-max Seat #1 is the button
Seat 1: f1fd0e2c ($10.53 in chips)
Seat 2: a76f7020 ($12.79 in chips)
Seat 3: 4bad2a49 ($10 in chips)
Seat 4: 56c4c744 ($10 in chips)
Seat 5: 99b1012b ($12.27 in chips)
Seat 6: Hero ($10.73 in chips)
a76f7020: posts small blind $0.05
4bad2a49: posts big blind $0.1
*** HOLE CARDS ***
Dealt to f1fd0e2c 
Dealt to a76f7020 
Dealt to 4bad2a49 
Dealt to 56c4c744 
Dealt to 99b1012b 
Dealt to Hero [Th 7s]
56c4c744: raises $0.15 to $0.25
99b1012b: folds
Hero: folds
f1fd0e2c: folds
a76f7020: folds
4bad2a49: calls $0.15
*** FLOP *** [Ac Jc 7c]
4bad2a49: bets $0.55
56c4c744: calls $0.55
*** TURN *** [Ac Jc 7c] [6s]
4bad2a49: checks
56c4c744: checks
*** RIVER *** [Ac Jc 7c 6s] [Qh]
4bad2a49: checks
56c4c744: checks
4bad2a49: shows [Jh 8c] (Pair of Jacks)
56c4c744: shows [Kc Jd] (Pair of Jacks)
*** SHOWDOWN ***
56c4c744 collected $1.57 from pot
*** SUMMARY ***
Total pot $1.65 | Rake $0.08 | Jackpot $0 | Bingo $0 | Fortune $0 | Tax $0
Board [Ac Jc 7c 6s Qh]
Seat 1: f1fd0e2c (button) folded before Flop (didn't bet)
Seat 2: a76f7020 (small blind) folded before Flop
Seat 3: 4bad2a49 (big blind) showed [Jh 8c] and lost with Pair of Jacks
Seat 4: 56c4c744 showed [Kc Jd] and won ($1.57) with Pair of Jacks
Seat 5: 99b1012b folded before Flop (didn't bet)
Seat 6: Hero folded before Flop (didn't bet)


Poker Hand #HD1755452742: Hold'em No Limit ($0.05/$0.1) - 2024/05/02 14:23:13
Table 'NLHRed68' 6-max Seat #6 is the button
Seat 1: f1fd0e2c ($10.4 in chips)
Seat 2: a76f7020 ($12.66 in chips)
Seat 3: 4bad2a49 ($10 in chips)
Seat 4: 56c4c744 ($10 in chips)
Seat 5: 99b1012b ($12.27 in chips)
Seat 6: Hero ($10.73 in chips)
f1fd0e2c: posts small blind $0.05
a76f7020: posts big blind $0.1
*** HOLE CARDS ***
Dealt to f1fd0e2c 
Dealt to a76f7020 
Dealt to 4bad2a49 
Dealt to 56c4c744 
Dealt to 99b1012b 
Dealt to Hero [2h 7h]
4bad2a49: calls $0.1
56c4c744: folds
99b1012b: folds
Hero: folds
f1fd0e2c: raises $0.3 to $0.4
a76f7020: calls $0.3
4bad2a49: calls $0.3
*** FLOP *** [Kh 6h 9d]
f1fd0e2c: checks
a76f7020: checks
4bad2a49: checks
*** TURN *** [Kh 6h 9d] [2c]
f1fd0e2c: checks
a76f7020: bets $0.8
4bad2a49: folds
f1fd0e2c: calls $0.8
*** RIVER *** [Kh 6h 9d 2c] [4h]
f1fd0e2c: checks
a76f7020: checks
f1fd0e2c: shows [Jc Kc] (Pair of Kings)
a76f7020: shows [Jd Kd] (Pair of Kings)
*** SHOWDOWN ***
f1fd0e2c collected $1.33 from pot
a76f7020 collected $1.33 from pot
*** SUMMARY ***
Total pot $2.8 | Rake $0.14 | Jackpot $0 | Bingo $0 | Fortune $0 | Tax $0
Board [Kh 6h 9d 2c 4h]
Seat 1: f1fd0e2c (small blind) showed [Jc Kc] and won ($1.33) with Pair of Kings
Seat 2: a76f7020 (big blind) showed [Jd Kd] and won ($1.33) with Pair of Kings
Seat 3: 4bad2a49 folded on the Turn
Seat 4: 56c4c744 folded before Flop (didn't bet)
Seat 5: 99b1012b folded before Flop (didn't bet)
Seat 6: Hero (button) folded before Flop (didn't bet)


Poker Hand #HD1755452617: Hold'em No Limit ($0.05/$0.1) - 2024/05/02 14:22:06
Table 'NLHRed68' 6-max Seat #5 is the button
Seat 1: f1fd0e2c ($10.5 in chips)
Seat 2: a76f7020 ($12.66 in chips)
Seat 3: 4bad2a49 ($10.14 in chips)
Seat 4: 56c4c744 ($10 in chips)
Seat 5: 99b1012b ($12.27 in chips)
Seat 6: Hero ($10 in chips)
Hero: posts small blind $0.05
f1fd0e2c: posts big blind $0.1
*** HOLE CARDS ***
Dealt to f1fd0e2c 
Dealt to a76f7020 
Dealt to 4bad2a49 
Dealt to 56c4c744 
Dealt to 99b1012b 
Dealt to Hero [Qc Qd]
a76f7020: folds
4bad2a49: calls $0.1
56c4c744: folds
99b1012b: folds
Hero: raises $0.3 to $0.4
f1fd0e2c: folds
4bad2a49: calls $0.3
*** FLOP *** [7d 6h Qs]
Hero: bets $0.3
4bad2a49: calls $0.3
*** TURN *** [7d 6h Qs] [4h]
Hero: bets $1.19
4bad2a49: folds
Uncalled bet ($1.19) returned to Hero
*** SHOWDOWN ***
Hero collected $1.43 from pot
*** SUMMARY ***
Total pot $1.5 | Rake $0.07 | Jackpot $0 | Bingo $0 | Fortune $0 | Tax $0
Board [7d 6h Qs 4h]
Seat 1: f1fd0e2c (big blind) folded before Flop
Seat 2: a76f7020 folded before Flop (didn't bet)
Seat 3: 4bad2a49 folded on the Turn
Seat 4: 56c4c744 folded before Flop (didn't bet)
Seat 5: 99b1012b (button) folded before Flop (didn't bet)
Seat 6: Hero (small blind) won ($1.43)


Poker Hand #HD1755452560: Hold'em No Limit ($0.05/$0.1) - 2024/05/02 14:21:39
Table 'NLHRed68' 6-max Seat #4 is the button
Seat 1: f1fd0e2c ($10.35 in chips)
Seat 2: a76f7020 ($12.66 in chips)
Seat 3: 4bad2a49 ($10.14 in chips)
Seat 4: 56c4c744 ($10 in chips)
Seat 5: 99b1012b ($12.32 in chips)
Seat 6: Hero ($10 in chips)
99b1012b: posts small blind $0.05
Hero: posts big blind $0.1
*** HOLE CARDS ***
Dealt to f1fd0e2c 
Dealt to a76f7020 
Dealt to 4bad2a49 
Dealt to 56c4c744 
Dealt to 99b1012b 
Dealt to Hero [Ah 3d]
f1fd0e2c: raises $0.1 to $0.2
a76f7020: folds
4bad2a49: folds
56c4c744: folds
99b1012b: folds
Hero: folds
Uncalled bet ($0.1) returned to f1fd0e2c
*** SHOWDOWN ***
f1fd0e2c collected $0.25 from pot
*** SUMMARY ***
Total pot $0.25 | Rake $0 | Jackpot $0 | Bingo $0 | Fortune $0 | Tax $0
Seat 1: f1fd0e2c collected ($0.25)
Seat 2: a76f7020 folded before Flop (didn't bet)
Seat 3: 4bad2a49 folded before Flop (didn't bet)
Seat 4: 56c4c744 (button) folded before Flop (didn't bet)
Seat 5: 99b1012b (small blind) folded before Flop
Seat 6: Hero (big blind) folded before Flop


Poker Hand #HD1755452501: Hold'em No Limit ($0.05/$0.1) - 2024/05/02 14:21:08
Table 'NLHRed68' 6-max Seat #3 is the button
Seat 1: f1fd0e2c ($10.35 in chips)
Seat 2: a76f7020 ($12.51 in chips)
Seat 3: 4bad2a49 ($10.14 in chips)
Seat 4: 56c4c744 ($10 in chips)
Seat 5: 99b1012b ($12.42 in chips)
Seat 6: Hero ($10 in chips)
56c4c744: posts small blind $0.05
99b1012b: posts big blind $0.1
*** HOLE CARDS ***
Dealt to f1fd0e2c 
Dealt to a76f7020 
Dealt to 4bad2a49 
Dealt to 56c4c744 
Dealt to 99b1012b 
Dealt to Hero [8s 9h]
Hero: folds
f1fd0e2c: folds
a76f7020: raises $0.1 to $0.2
4bad2a49: folds
56c4c744: folds
99b1012b: folds
Uncalled bet ($0.1) returned to a76f7020
*** SHOWDOWN ***
a76f7020 collected $0.25 from pot
*** SUMMARY ***
Total pot $0.25 | Rake $0 | Jackpot $0 | Bingo $0 | Fortune $0 | Tax $0
Seat 1: f1fd0e2c folded before Flop (didn't bet)
Seat 2: a76f7020 collected ($0.25)
Seat 3: 4bad2a49 (button) folded before Flop (didn't bet)
Seat 4: 56c4c744 (small blind) folded before Flop
Seat 5: 99b1012b (big blind) folded before Flop
Seat 6: Hero folded before Flop (didn't bet)


Poker Hand #HD1755452406: Hold'em No Limit ($0.05/$0.1) - 2024/05/02 14:20:19
Table 'NLHRed68' 6-max Seat #2 is the button
Seat 1: f1fd0e2c ($10.35 in chips)
Seat 2: a76f7020 ($12.51 in chips)
Seat 3: 4bad2a49 ($10.05 in chips)
Seat 4: 56c4c744 ($10 in chips)
Seat 5: 99b1012b ($12.42 in chips)
Seat 6: Hero ($10 in chips)
4bad2a49: posts small blind $0.05
56c4c744: posts big blind $0.1
*** HOLE CARDS ***
Dealt to f1fd0e2c 
Dealt to a76f7020 
Dealt to 4bad2a49 
Dealt to 56c4c744 
Dealt to 99b1012b 
Dealt to Hero [Ts 4c]
99b1012b: folds
Hero: folds
f1fd0e2c: folds
a76f7020: folds
4bad2a49: calls $0.05
56c4c744: checks
*** FLOP *** [Qh 8c 3h]
4bad2a49: checks
56c4c744: checks
*** TURN *** [Qh 8c 3h] [Qs]
4bad2a49: checks
56c4c744: checks
*** RIVER *** [Qh 8c 3h Qs] [Jd]
4bad2a49: checks
56c4c744: checks
4bad2a49: shows [Ac 5c] (Pair of Queens)
56c4c744: shows [5d 4d] (Pair of Queens)
*** SHOWDOWN ***
4bad2a49 collected $0.19 from pot
*** SUMMARY ***
Total pot $0.2 | Rake $0.01 | Jackpot $0 | Bingo $0 | Fortune $0 | Tax $0
Board [Qh 8c 3h Qs Jd]
Seat 1: f1fd0e2c folded before Flop (didn't bet)
Seat 2: a76f7020 (button) folded before Flop (didn't bet)
Seat 3: 4bad2a49 (small blind) showed [Ac 5c] and won ($0.19) with Pair of Queens
Seat 4: 56c4c744 (big blind) showed [5d 4d] and lost with Pair of Queens
Seat 5: 99b1012b folded before Flop (didn't bet)
Seat 6: Hero folded before Flop (didn't bet)


Poker Hand #HD1755452358: Hold'em No Limit ($0.05/$0.1) - 2024/05/02 14:19:59
Table 'NLHRed68' 6-max Seat #1 is the button
Seat 1: f1fd0e2c ($10.35 in chips)
Seat 2: a76f7020 ($12.56 in chips)
Seat 3: 4bad2a49 ($10 in chips)
Seat 4: 56c4c744 ($10 in chips)
Seat 5: 99b1012b ($12.42 in chips)
Seat 6: Hero ($10 in chips)
a76f7020: posts small blind $0.05
4bad2a49: posts big blind $0.1
*** HOLE CARDS ***
Dealt to f1fd0e2c 
Dealt to a76f7020 
Dealt to 4bad2a49 
Dealt to 56c4c744 
Dealt to 99b1012b 
Dealt to Hero [3h 8s]
56c4c744: folds
99b1012b: folds
Hero: folds
f1fd0e2c: folds
a76f7020: folds
Uncalled bet ($0.05) returned to 4bad2a49
*** SHOWDOWN ***
4bad2a49 collected $0.1 from pot
*** SUMMARY ***
Total pot $0.1 | Rake $0 | Jackpot $0 | Bingo $0 | Fortune $0 | Tax $0
Seat 1: f1fd0e2c (button) folded before Flop (didn't bet)
Seat 2: a76f7020 (small blind) folded before Flop
Seat 3: 4bad2a49 (big blind) collected ($0.1)
Seat 4: 56c4c744 folded before Flop (didn't bet)
Seat 5: 99b1012b folded before Flop (didn't bet)
Seat 6: Hero folded before Flop (didn't bet)


Poker Hand #HD1755452266: Hold'em No Limit ($0.05/$0.1) - 2024/05/02 14:19:09
Table 'NLHRed68' 6-max Seat #6 is the button
Seat 1: f1fd0e2c ($10.4 in chips)
Seat 2: a76f7020 ($12.42 in chips)
Seat 3: 4bad2a49 ($10.09 in chips)
Seat 4: 56c4c744 ($10 in chips)
Seat 5: 99b1012b ($12.42 in chips)
Seat 6: Hero ($10 in chips)
f1fd0e2c: posts small blind $0.05
a76f7020: posts big blind $0.1
*** HOLE CARDS ***
Dealt to f1fd0e2c 
Dealt to a76f7020 
Dealt to 4bad2a49 
Dealt to 56c4c744 
Dealt to 99b1012b 
Dealt to Hero [3h 3d]
4bad2a49: calls $0.1
56c4c744: folds
99b1012b: folds
Hero: folds
f1fd0e2c: folds
a76f7020: checks
*** FLOP *** [Ks 2d 4h]
a76f7020: checks
4bad2a49: checks
*** TURN *** [Ks 2d 4h] [7c]
a76f7020: checks
4bad2a49: checks
*** RIVER *** [Ks 2d 4h 7c] [6d]
a76f7020: checks
4bad2a49: checks
a76f7020: shows [7s 8d] (Pair of Sevens)
4bad2a49: shows [6s 5s] (Pair of Sixes)
*** SHOWDOWN ***
a76f7020 collected $0.24 from pot
*** SUMMARY ***
Total pot $0.25 | Rake $0.01 | Jackpot $0 | Bingo $0 | Fortune $0 | Tax $0
Board [Ks 2d 4h 7c 6d]
Seat 1: f1fd0e2c (small blind) folded before Flop
Seat 2: a76f7020 (big blind) showed [7s 8d] and won ($0.24) with Pair of Sevens
Seat 3: 4bad2a49 showed [6s 5s] and lost with Pair of Sixes
Seat 4: 56c4c744 folded before Flop (didn't bet)
Seat 5: 99b1012b folded before Flop (didn't bet)
Seat 6: Hero (button) folded before Flop (didn't bet)


Poker Hand #HD1755452214: Hold'em No Limit ($0.05/$0.1) - 2024/05/02 14:18:47
Table 'NLHRed68' 6-max Seat #5 is the button
Seat 1: f1fd0e2c ($10.35 in chips)
Seat 2: a76f7020 ($12.42 in chips)
Seat 3: 4bad2a49 ($10.09 in chips)
Seat 4: 56c4c744 ($10 in chips)
Seat 5: 99b1012b ($12.42 in chips)
Seat 6: Hero ($10.02 in chips)
Hero: posts small blind $0.05
f1fd0e2c: posts big blind $0.1
*** HOLE CARDS ***
Dealt to f1fd0e2c 
Dealt to a76f7020 
Dealt to 4bad2a49 
Dealt to 56c4c744 
Dealt to 99b1012b 
Dealt to Hero [5h 6s]
a76f7020: folds
4bad2a49: folds
56c4c744: folds
99b1012b: folds
Hero: folds
Uncalled bet ($0.05) returned to f1fd0e2c
*** SHOWDOWN ***
f1fd0e2c collected $0.1 from pot
*** SUMMARY ***
Total pot $0.1 | Rake $0 | Jackpot $0 | Bingo $0 | Fortune $0 | Tax $0
Seat 1: f1fd0e2c (big blind) collected ($0.1)
Seat 2: a76f7020 folded before Flop (didn't bet)
Seat 3: 4bad2a49 folded before Flop (didn't bet)
Seat 4: 56c4c744 folded before Flop (didn't bet)
Seat 5: 99b1012b (button) folded before Flop (didn't bet)
Seat 6: Hero (small blind) folded before Flop


Poker Hand #HD1755452112: Hold'em No Limit ($0.05/$0.1) - 2024/05/02 14:17:56
Table 'NLHRed68' 6-max Seat #4 is the button
Seat 1: f1fd0e2c ($10.35 in chips)
Seat 2: a76f7020 ($12.42 in chips)
Seat 3: 4bad2a49 ($10.08 in chips)
Seat 4: 56c4c744 ($10 in chips)
Seat 5: 99b1012b ($12.47 in chips)
Seat 6: Hero ($10 in chips)
99b1012b: posts small blind $0.05
Hero: posts big blind $0.1
*** HOLE CARDS ***
Dealt to f1fd0e2c 
Dealt to a76f7020 
Dealt to 4bad2a49 
Dealt to 56c4c744 
Dealt to 99b1012b 
Dealt to Hero [Tc Kc]
f1fd0e2c: folds
a76f7020: folds
4bad2a49: raises $0.2 to $0.3
56c4c744: folds
99b1012b: folds
Hero: calls $0.2
*** FLOP *** [Jc 7d 7s]
Hero: checks
4bad2a49: checks
*** TURN *** [Jc 7d 7s] [4s]
Hero: checks
4bad2a49: checks
*** RIVER *** [Jc 7d 7s 4s] [6h]
Hero: checks
4bad2a49: checks
Hero: shows [Tc Kc] (Pair of Sevens)
4bad2a49: shows [Ts Kh] (Pair of Sevens)
*** SHOWDOWN ***
Hero collected $0.32 from pot
4bad2a49 collected $0.31 from pot
*** SUMMARY ***
Total pot $0.65 | Rake $0.02 | Jackpot $0 | Bingo $0 | Fortune $0 | Tax $0
Board [Jc 7d 7s 4s 6h]
Seat 1: f1fd0e2c folded before Flop (didn't bet)
Seat 2: a76f7020 folded before Flop (didn't bet)
Seat 3: 4bad2a49 showed [Ts Kh] and won ($0.31) with Pair of Sevens
Seat 4: 56c4c744 (button) folded before Flop (didn't bet)
Seat 5: 99b1012b (small blind) folded before Flop
Seat 6: Hero (big blind) showed [Tc Kc] and won ($0.32) with Pair of Sevens


