Poker Hand #HD1756999523: Hold'em No Limit ($0.05/$0.1) - 2024/05/03 16:26:09
Table 'NLHRed15' 6-max Seat #4 is the button
Seat 1: 198c212e ($17.91 in chips)
Seat 2: 12d937e7 ($17.14 in chips)
Seat 4: Hero ($11.72 in chips)
198c212e: posts small blind $0.05
12d937e7: posts big blind $0.1
*** HOLE CARDS ***
Dealt to 198c212e 
Dealt to 12d937e7 
Dealt to Hero [As 4h]
Hero: folds
198c212e: raises $0.2 to $0.3
12d937e7: calls $0.2
*** FLOP *** [5s Ad 6s]
198c212e: checks
12d937e7: checks
*** TURN *** [5s Ad 6s] [Th]
198c212e: checks
12d937e7: bets $0.3
198c212e: folds
Uncalled bet ($0.3) returned to 12d937e7
*** SHOWDOWN ***
12d937e7 collected $0.57 from pot
*** SUMMARY ***
Total pot $0.6 | Rake $0.03 | Jackpot $0 | Bingo $0 | Fortune $0 | Tax $0
Board [5s Ad 6s Th]
Seat 1: 198c212e (small blind) folded on the Turn
Seat 2: 12d937e7 (big blind) won ($0.57)
Seat 4: Hero (button) folded before Flop (didn't bet)


Poker Hand #HD1756999499: Hold'em No Limit ($0.05/$0.1) - 2024/05/03 16:25:52
Table 'NLHRed15' 6-max Seat #2 is the button
Seat 1: 198c212e ($18.01 in chips)
Seat 2: 12d937e7 ($16.99 in chips)
Seat 4: Hero ($11.77 in chips)
Hero: posts small blind $0.05
198c212e: posts big blind $0.1
*** HOLE CARDS ***
Dealt to 198c212e 
Dealt to 12d937e7 
Dealt to Hero [Jc 6h]
12d937e7: raises $0.15 to $0.25
Hero: folds
198c212e: folds
Uncalled bet ($0.15) returned to 12d937e7
*** SHOWDOWN ***
12d937e7 collected $0.25 from pot
*** SUMMARY ***
Total pot $0.25 | Rake $0 | Jackpot $0 | Bingo $0 | Fortune $0 | Tax $0
Seat 1: 198c212e (big blind) folded before Flop
Seat 2: 12d937e7 (button) collected ($0.25)
Seat 4: Hero (small blind) folded before Flop


Poker Hand #HD1756999488: Hold'em No Limit ($0.05/$0.1) - 2024/05/03 16:25:46
Table 'NLHRed15' 6-max Seat #1 is the button
Seat 1: 198c212e ($18.01 in chips)
Seat 2: 12d937e7 ($17.04 in chips)
Seat 4: Hero ($11.72 in chips)
12d937e7: posts small blind $0.05
Hero: posts big blind $0.1
*** HOLE CARDS ***
Dealt to 198c212e 
Dealt to 12d937e7 
Dealt to Hero [Td 4h]
198c212e: folds
12d937e7: folds
Uncalled bet ($0.05) returned to Hero
*** SHOWDOWN ***
Hero collected $0.1 from pot
*** SUMMARY ***
Total pot $0.1 | Rake $0 | Jackpot $0 | Bingo $0 | Fortune $0 | Tax $0
Seat 1: 198c212e (button) folded before Flop (didn't bet)
Seat 2: 12d937e7 (small blind) folded before Flop
Seat 4: Hero (big blind) collected ($0.1)


Poker Hand #HD1756999467: Hold'em No Limit ($0.05/$0.1) - 2024/05/03 16:25:35
Table 'NLHRed15' 6-max Seat #4 is the button
Seat 1: 198c212e ($18.11 in chips)
Seat 2: 12d937e7 ($16.89 in chips)
Seat 4: Hero ($11.72 in chips)
Seat 5: eac6ac26 ($12.93 in chips)
eac6ac26: posts small blind $0.05
198c212e: posts big blind $0.1
*** HOLE CARDS ***
Dealt to 198c212e 
Dealt to 12d937e7 
Dealt to Hero [6d Jc]
Dealt to eac6ac26 
12d937e7: raises $0.15 to $0.25
Hero: folds
eac6ac26: folds
198c212e: folds
Uncalled bet ($0.15) returned to 12d937e7
*** SHOWDOWN ***
12d937e7 collected $0.25 from pot
*** SUMMARY ***
Total pot $0.25 | Rake $0 | Jackpot $0 | Bingo $0 | Fortune $0 | Tax $0
Seat 1: 198c212e (big blind) folded before Flop
Seat 2: 12d937e7 collected ($0.25)
Seat 4: Hero (button) folded before Flop (didn't bet)
Seat 5: eac6ac26 (small blind) folded before Flop


Poker Hand #HD1756999395: Hold'em No Limit ($0.05/$0.1) - 2024/05/03 16:25:01
Table 'NLHRed15' 6-max Seat #3 is the button
Seat 1: 198c212e ($18.11 in chips)
Seat 2: 12d937e7 ($17.14 in chips)
Seat 3: 58617ab7 ($18.86 in chips)
Seat 4: Hero ($11.77 in chips)
Seat 5: eac6ac26 ($13.03 in chips)
Hero: posts small blind $0.05
eac6ac26: posts big blind $0.1
*** HOLE CARDS ***
Dealt to 198c212e 
Dealt to 12d937e7 
Dealt to 58617ab7 
Dealt to Hero [4h 3c]
Dealt to eac6ac26 
198c212e: folds
12d937e7: raises $0.15 to $0.25
58617ab7: raises $0.55 to $0.8
Hero: folds
eac6ac26: folds
12d937e7: folds
Uncalled bet ($0.55) returned to 58617ab7
*** SHOWDOWN ***
58617ab7 collected $0.62 from pot
*** SUMMARY ***
Total pot $0.65 | Rake $0.03 | Jackpot $0 | Bingo $0 | Fortune $0 | Tax $0
Seat 1: 198c212e folded before Flop (didn't bet)
Seat 2: 12d937e7 folded before Flop
Seat 3: 58617ab7 (button) collected ($0.62)
Seat 4: Hero (small blind) folded before Flop
Seat 5: eac6ac26 (big blind) folded before Flop


Poker Hand #HD1756999364: Hold'em No Limit ($0.05/$0.1) - 2024/05/03 16:24:44
Table 'NLHRed15' 6-max Seat #2 is the button
Seat 1: 198c212e ($18.11 in chips)
Seat 2: 12d937e7 ($16.99 in chips)
Seat 3: 58617ab7 ($18.91 in chips)
Seat 4: Hero ($11.87 in chips)
Seat 5: eac6ac26 ($13.03 in chips)
58617ab7: posts small blind $0.05
Hero: posts big blind $0.1
*** HOLE CARDS ***
Dealt to 198c212e 
Dealt to 12d937e7 
Dealt to 58617ab7 
Dealt to Hero [8s 4h]
Dealt to eac6ac26 
eac6ac26: folds
198c212e: folds
12d937e7: raises $0.15 to $0.25
58617ab7: folds
Hero: folds
Uncalled bet ($0.15) returned to 12d937e7
*** SHOWDOWN ***
12d937e7 collected $0.25 from pot
*** SUMMARY ***
Total pot $0.25 | Rake $0 | Jackpot $0 | Bingo $0 | Fortune $0 | Tax $0
Seat 1: 198c212e folded before Flop (didn't bet)
Seat 2: 12d937e7 (button) collected ($0.25)
Seat 3: 58617ab7 (small blind) folded before Flop
Seat 4: Hero (big blind) folded before Flop
Seat 5: eac6ac26 folded before Flop (didn't bet)


Poker Hand #HD1756999201: Hold'em No Limit ($0.05/$0.1) - 2024/05/03 16:23:19
Table 'NLHRed15' 6-max Seat #1 is the button
Seat 1: 198c212e ($18.11 in chips)
Seat 2: 12d937e7 ($17.04 in chips)
Seat 3: 58617ab7 ($11.43 in chips)
Seat 4: Hero ($11.87 in chips)
Seat 5: eac6ac26 ($13.55 in chips)
Seat 6: 68388fdd ($7.81 in chips)
12d937e7: posts small blind $0.05
58617ab7: posts big blind $0.1
*** HOLE CARDS ***
Dealt to 198c212e 
Dealt to 12d937e7 
Dealt to 58617ab7 
Dealt to Hero [7d 4h]
Dealt to eac6ac26 
Dealt to 68388fdd 
Hero: folds
eac6ac26: raises $0.15 to $0.25
68388fdd: calls $0.25
198c212e: folds
12d937e7: folds
58617ab7: calls $0.15
*** FLOP *** [As 3d Ac]
58617ab7: checks
eac6ac26: checks
68388fdd: checks
*** TURN *** [As 3d Ac] [5h]
58617ab7: checks
eac6ac26: checks
68388fdd: bets $0.27
58617ab7: calls $0.27
eac6ac26: calls $0.27
*** RIVER *** [As 3d Ac 5h] [8s]
58617ab7: checks
eac6ac26: checks
68388fdd: bets $1.21
58617ab7: raises $3.34 to $4.55
eac6ac26: folds
68388fdd: raises $2.74 to $7.29 and is all-in
58617ab7: calls $2.74
68388fdd: shows [Ah Qc] (Three Aces)
58617ab7: shows [8h 8d] (Eights Full over Aces)
*** SHOWDOWN ***
58617ab7 collected $15.29 from pot
*** SUMMARY ***
Total pot $16.19 | Rake $0.8 | Jackpot $0.1 | Bingo $0 | Fortune $0 | Tax $0
Board [As 3d Ac 5h 8s]
Seat 1: 198c212e (button) folded before Flop (didn't bet)
Seat 2: 12d937e7 (small blind) folded before Flop
Seat 3: 58617ab7 (big blind) showed [8h 8d] and won ($15.29) with Eights Full over Aces
Seat 4: Hero folded before Flop (didn't bet)
Seat 5: eac6ac26 folded on the River
Seat 6: 68388fdd showed [Ah Qc] and lost with Three Aces


Poker Hand #HD1756999171: Hold'em No Limit ($0.05/$0.1) - 2024/05/03 16:23:06
Table 'NLHRed15' 6-max Seat #6 is the button
Seat 1: 198c212e ($18.16 in chips)
Seat 2: 12d937e7 ($17.14 in chips)
Seat 3: 58617ab7 ($11.43 in chips)
Seat 4: Hero ($11.87 in chips)
Seat 5: eac6ac26 ($13.4 in chips)
Seat 6: 68388fdd ($7.81 in chips)
198c212e: posts small blind $0.05
12d937e7: posts big blind $0.1
*** HOLE CARDS ***
Dealt to 198c212e 
Dealt to 12d937e7 
Dealt to 58617ab7 
Dealt to Hero [3d Qc]
Dealt to eac6ac26 
Dealt to 68388fdd 
58617ab7: folds
Hero: folds
eac6ac26: raises $0.15 to $0.25
68388fdd: folds
198c212e: folds
12d937e7: folds
Uncalled bet ($0.15) returned to eac6ac26
*** SHOWDOWN ***
eac6ac26 collected $0.25 from pot
*** SUMMARY ***
Total pot $0.25 | Rake $0 | Jackpot $0 | Bingo $0 | Fortune $0 | Tax $0
Seat 1: 198c212e (small blind) folded before Flop
Seat 2: 12d937e7 (big blind) folded before Flop
Seat 3: 58617ab7 folded before Flop (didn't bet)
Seat 4: Hero folded before Flop (didn't bet)
Seat 5: eac6ac26 collected ($0.25)
Seat 6: 68388fdd (button) folded before Flop (didn't bet)


Poker Hand #HD1756999089: Hold'em No Limit ($0.05/$0.1) - 2024/05/03 16:22:24
Table 'NLHRed15' 6-max Seat #5 is the button
Seat 1: 198c212e ($18.26 in chips)
Seat 2: 12d937e7 ($17.94 in chips)
Seat 3: 58617ab7 ($10.56 in chips)
Seat 4: Hero ($11.87 in chips)
Seat 5: eac6ac26 ($13.4 in chips)
Seat 6: 68388fdd ($7.86 in chips)
68388fdd: posts small blind $0.05
198c212e: posts big blind $0.1
*** HOLE CARDS ***
Dealt to 198c212e 
Dealt to 12d937e7 
Dealt to 58617ab7 
Dealt to Hero [4s 8d]
Dealt to eac6ac26 
Dealt to 68388fdd 
12d937e7: raises $0.15 to $0.25
58617ab7: raises $0.55 to $0.8
Hero: folds
eac6ac26: folds
68388fdd: folds
198c212e: folds
12d937e7: calls $0.55
*** FLOP *** [5s Jd Jc]
12d937e7: checks
58617ab7: bets $0.85
12d937e7: folds
Uncalled bet ($0.85) returned to 58617ab7
*** SHOWDOWN ***
58617ab7 collected $1.67 from pot
*** SUMMARY ***
Total pot $1.75 | Rake $0.08 | Jackpot $0 | Bingo $0 | Fortune $0 | Tax $0
Board [5s Jd Jc]
Seat 1: 198c212e (big blind) folded before Flop
Seat 2: 12d937e7 folded on the Flop
Seat 3: 58617ab7 won ($1.67)
Seat 4: Hero folded before Flop (didn't bet)
Seat 5: eac6ac26 (button) folded before Flop (didn't bet)
Seat 6: 68388fdd (small blind) folded before Flop


Poker Hand #HD1756999072: Hold'em No Limit ($0.05/$0.1) - 2024/05/03 16:22:12
Table 'NLHRed15' 6-max Seat #4 is the button
Seat 1: 198c212e ($18.26 in chips)
Seat 2: 12d937e7 ($17.94 in chips)
Seat 3: 58617ab7 ($10.41 in chips)
Seat 4: Hero ($11.87 in chips)
Seat 5: eac6ac26 ($13.45 in chips)
Seat 6: 68388fdd ($7.96 in chips)
eac6ac26: posts small blind $0.05
68388fdd: posts big blind $0.1
*** HOLE CARDS ***
Dealt to 198c212e 
Dealt to 12d937e7 
Dealt to 58617ab7 
Dealt to Hero [3h Jc]
Dealt to eac6ac26 
Dealt to 68388fdd 
198c212e: folds
12d937e7: folds
58617ab7: raises $0.2 to $0.3
Hero: folds
eac6ac26: folds
68388fdd: folds
Uncalled bet ($0.2) returned to 58617ab7
*** SHOWDOWN ***
58617ab7 collected $0.25 from pot
*** SUMMARY ***
Total pot $0.25 | Rake $0 | Jackpot $0 | Bingo $0 | Fortune $0 | Tax $0
Seat 1: 198c212e folded before Flop (didn't bet)
Seat 2: 12d937e7 folded before Flop (didn't bet)
Seat 3: 58617ab7 collected ($0.25)
Seat 4: Hero (button) folded before Flop (didn't bet)
Seat 5: eac6ac26 (small blind) folded before Flop
Seat 6: 68388fdd (big blind) folded before Flop


Poker Hand #HD1756998998: Hold'em No Limit ($0.05/$0.1) - 2024/05/03 16:21:34
Table 'NLHRed15' 6-max Seat #3 is the button
Seat 1: 198c212e ($18.26 in chips)
Seat 2: 12d937e7 ($18.74 in chips)
Seat 3: 58617ab7 ($10.41 in chips)
Seat 4: Hero ($11.92 in chips)
Seat 5: eac6ac26 ($13.55 in chips)
Seat 6: 68388fdd ($7.09 in chips)
Hero: posts small blind $0.05
eac6ac26: posts big blind $0.1
*** HOLE CARDS ***
Dealt to 198c212e 
Dealt to 12d937e7 
Dealt to 58617ab7 
Dealt to Hero [As Tc]
Dealt to eac6ac26 
Dealt to 68388fdd 
68388fdd: raises $0.2 to $0.3
198c212e: folds
12d937e7: raises $0.5 to $0.8
58617ab7: folds
Hero: folds
eac6ac26: folds
68388fdd: calls $0.5
*** FLOP *** [4h 7d 9h]
68388fdd: checks
12d937e7: checks
*** TURN *** [4h 7d 9h] [2s]
68388fdd: bets $1.32
12d937e7: folds
Uncalled bet ($1.32) returned to 68388fdd
*** SHOWDOWN ***
68388fdd collected $1.67 from pot
*** SUMMARY ***
Total pot $1.75 | Rake $0.08 | Jackpot $0 | Bingo $0 | Fortune $0 | Tax $0
Board [4h 7d 9h 2s]
Seat 1: 198c212e folded before Flop (didn't bet)
Seat 2: 12d937e7 folded on the Turn
Seat 3: 58617ab7 (button) folded before Flop (didn't bet)
Seat 4: Hero (small blind) folded before Flop
Seat 5: eac6ac26 (big blind) folded before Flop
Seat 6: 68388fdd won ($1.67)


Poker Hand #HD1756998848: Hold'em No Limit ($0.05/$0.1) - 2024/05/03 16:20:14
Table 'NLHRed15' 6-max Seat #2 is the button
Seat 1: 198c212e ($18.26 in chips)
Seat 2: 12d937e7 ($20.47 in chips)
Seat 3: 58617ab7 ($10.46 in chips)
Seat 4: Hero ($10.41 in chips)
Seat 5: eac6ac26 ($13.55 in chips)
Seat 6: 68388fdd ($7.09 in chips)
58617ab7: posts small blind $0.05
Hero: posts big blind $0.1
*** HOLE CARDS ***
Dealt to 198c212e 
Dealt to 12d937e7 
Dealt to 58617ab7 
Dealt to Hero [7c Tc]
Dealt to eac6ac26 
Dealt to 68388fdd 
eac6ac26: folds
68388fdd: folds
198c212e: folds
12d937e7: raises $0.15 to $0.25
58617ab7: folds
Hero: calls $0.15
*** FLOP *** [7d Qh 8c]
Hero: checks
12d937e7: bets $0.19
Hero: calls $0.19
*** TURN *** [7d Qh 8c] [2s]
Hero: checks
12d937e7: bets $0.31
Hero: calls $0.31
*** RIVER *** [7d Qh 8c 2s] [7s]
Hero: checks
12d937e7: bets $0.98
Hero: raises $1.46 to $2.44
12d937e7: folds
Uncalled bet ($1.46) returned to Hero
*** SHOWDOWN ***
Hero collected $3.24 from pot
*** SUMMARY ***
Total pot $3.51 | Rake $0.17 | Jackpot $0.1 | Bingo $0 | Fortune $0 | Tax $0
Board [7d Qh 8c 2s 7s]
Seat 1: 198c212e folded before Flop (didn't bet)
Seat 2: 12d937e7 (button) folded on the River
Seat 3: 58617ab7 (small blind) folded before Flop
Seat 4: Hero (big blind) won ($3.24)
Seat 5: eac6ac26 folded before Flop (didn't bet)
Seat 6: 68388fdd folded before Flop (didn't bet)


Poker Hand #HD1756998763: Hold'em No Limit ($0.05/$0.1) - 2024/05/03 16:19:31
Table 'NLHRed15' 6-max Seat #1 is the button
Seat 1: 198c212e ($18.86 in chips)
Seat 2: 12d937e7 ($20.52 in chips)
Seat 3: 58617ab7 ($10.56 in chips)
Seat 4: Hero ($10.41 in chips)
Seat 5: eac6ac26 ($13.55 in chips)
Seat 6: 68388fdd ($6.4 in chips)
12d937e7: posts small blind $0.05
58617ab7: posts big blind $0.1
*** HOLE CARDS ***
Dealt to 198c212e 
Dealt to 12d937e7 
Dealt to 58617ab7 
Dealt to Hero [4d Ks]
Dealt to eac6ac26 
Dealt to 68388fdd 
Hero: folds
eac6ac26: folds
68388fdd: raises $0.1 to $0.2
198c212e: raises $0.4 to $0.6
12d937e7: folds
58617ab7: folds
68388fdd: calls $0.4
*** FLOP *** [6c Kc 3h]
68388fdd: checks
198c212e: checks
*** TURN *** [6c Kc 3h] [5c]
68388fdd: checks
198c212e: checks
*** RIVER *** [6c Kc 3h 5c] [6h]
68388fdd: bets $0.45
198c212e: folds
Uncalled bet ($0.45) returned to 68388fdd
*** SHOWDOWN ***
68388fdd collected $1.29 from pot
*** SUMMARY ***
Total pot $1.35 | Rake $0.06 | Jackpot $0 | Bingo $0 | Fortune $0 | Tax $0
Board [6c Kc 3h 5c 6h]
Seat 1: 198c212e (button) folded on the River
Seat 2: 12d937e7 (small blind) folded before Flop
Seat 3: 58617ab7 (big blind) folded before Flop
Seat 4: Hero folded before Flop (didn't bet)
Seat 5: eac6ac26 folded before Flop (didn't bet)
Seat 6: 68388fdd won ($1.29)


Poker Hand #HD1756998647: Hold'em No Limit ($0.05/$0.1) - 2024/05/03 16:18:24
Table 'NLHRed15' 6-max Seat #6 is the button
Seat 1: 198c212e ($19.16 in chips)
Seat 2: 12d937e7 ($20.82 in chips)
Seat 3: 58617ab7 ($10 in chips)
Seat 4: Hero ($10.41 in chips)
Seat 5: eac6ac26 ($13.55 in chips)
Seat 6: 68388fdd ($6.4 in chips)
198c212e: posts small blind $0.05
12d937e7: posts big blind $0.1
*** HOLE CARDS ***
Dealt to 198c212e 
Dealt to 12d937e7 
Dealt to 58617ab7 
Dealt to Hero [6h 7h]
Dealt to eac6ac26 
Dealt to 68388fdd 
58617ab7: raises $0.2 to $0.3
Hero: folds
eac6ac26: folds
68388fdd: folds
198c212e: calls $0.25
12d937e7: calls $0.2
*** FLOP *** [Jd Ad Qh]
198c212e: checks
12d937e7: checks
58617ab7: checks
*** TURN *** [Jd Ad Qh] [4c]
198c212e: checks
12d937e7: checks
58617ab7: checks
*** RIVER *** [Jd Ad Qh 4c] [4d]
198c212e: checks
12d937e7: checks
58617ab7: bets $0.3
198c212e: folds
12d937e7: folds
Uncalled bet ($0.3) returned to 58617ab7
*** SHOWDOWN ***
58617ab7 collected $0.86 from pot
*** SUMMARY ***
Total pot $0.9 | Rake $0.04 | Jackpot $0 | Bingo $0 | Fortune $0 | Tax $0
Board [Jd Ad Qh 4c 4d]
Seat 1: 198c212e (small blind) folded on the River
Seat 2: 12d937e7 (big blind) folded on the River
Seat 3: 58617ab7 won ($0.86)
Seat 4: Hero folded before Flop (didn't bet)
Seat 5: eac6ac26 folded before Flop (didn't bet)
Seat 6: 68388fdd (button) folded before Flop (didn't bet)


Poker Hand #HD1756998601: Hold'em No Limit ($0.05/$0.1) - 2024/05/03 16:17:54
Table 'NLHRed15' 6-max Seat #5 is the button
Seat 1: 198c212e ($19.26 in chips)
Seat 2: 12d937e7 ($20.82 in chips)
Seat 3: 58617ab7 ($10 in chips)
Seat 4: Hero ($10.41 in chips)
Seat 5: eac6ac26 ($13.55 in chips)
Seat 6: 68388fdd ($6.31 in chips)
68388fdd: posts small blind $0.05
198c212e: posts big blind $0.1
*** HOLE CARDS ***
Dealt to 198c212e 
Dealt to 12d937e7 
Dealt to 58617ab7 
Dealt to Hero [Ac 7d]
Dealt to eac6ac26 
Dealt to 68388fdd 
12d937e7: folds
58617ab7: folds
Hero: folds
eac6ac26: folds
68388fdd: calls $0.05
198c212e: checks
*** FLOP *** [Th Js 9c]
68388fdd: checks
198c212e: checks
*** TURN *** [Th Js 9c] [2s]
68388fdd: checks
198c212e: checks
*** RIVER *** [Th Js 9c 2s] [8d]
68388fdd: bets $0.2
198c212e: folds
Uncalled bet ($0.2) returned to 68388fdd
*** SHOWDOWN ***
68388fdd collected $0.19 from pot
*** SUMMARY ***
Total pot $0.2 | Rake $0.01 | Jackpot $0 | Bingo $0 | Fortune $0 | Tax $0
Board [Th Js 9c 2s 8d]
Seat 1: 198c212e (big blind) folded on the River
Seat 2: 12d937e7 folded before Flop (didn't bet)
Seat 3: 58617ab7 folded before Flop (didn't bet)
Seat 4: Hero folded before Flop (didn't bet)
Seat 5: eac6ac26 (button) folded before Flop (didn't bet)
Seat 6: 68388fdd (small blind) won ($0.19)


Poker Hand #HD1756998555: Hold'em No Limit ($0.05/$0.1) - 2024/05/03 16:17:32
Table 'NLHRed15' 6-max Seat #4 is the button
Seat 1: 198c212e ($19.26 in chips)
Seat 2: 12d937e7 ($20.82 in chips)
Seat 3: 58617ab7 ($10 in chips)
Seat 4: Hero ($10.41 in chips)
Seat 5: eac6ac26 ($13.6 in chips)
Seat 6: 68388fdd ($6.26 in chips)
eac6ac26: posts small blind $0.05
68388fdd: posts big blind $0.1
*** HOLE CARDS ***
Dealt to 198c212e 
Dealt to 12d937e7 
Dealt to 58617ab7 
Dealt to Hero [6c 4c]
Dealt to eac6ac26 
Dealt to 68388fdd 
198c212e: folds
12d937e7: folds
58617ab7: folds
Hero: folds
eac6ac26: folds
Uncalled bet ($0.05) returned to 68388fdd
*** SHOWDOWN ***
68388fdd collected $0.1 from pot
*** SUMMARY ***
Total pot $0.1 | Rake $0 | Jackpot $0 | Bingo $0 | Fortune $0 | Tax $0
Seat 1: 198c212e folded before Flop (didn't bet)
Seat 2: 12d937e7 folded before Flop (didn't bet)
Seat 3: 58617ab7 folded before Flop (didn't bet)
Seat 4: Hero (button) folded before Flop (didn't bet)
Seat 5: eac6ac26 (small blind) folded before Flop
Seat 6: 68388fdd (big blind) collected ($0.1)


Poker Hand #HD1756998456: Hold'em No Limit ($0.05/$0.1) - 2024/05/03 16:16:39
Table 'NLHRed15' 6-max Seat #3 is the button
Seat 1: 198c212e ($19.26 in chips)
Seat 2: 12d937e7 ($20.54 in chips)
Seat 3: 58617ab7 ($10 in chips)
Seat 4: Hero ($10.46 in chips)
Seat 5: eac6ac26 ($13.85 in chips)
Seat 6: 68388fdd ($6.26 in chips)
Hero: posts small blind $0.05
eac6ac26: posts big blind $0.1
*** HOLE CARDS ***
Dealt to 198c212e 
Dealt to 12d937e7 
Dealt to 58617ab7 
Dealt to Hero [9s 3h]
Dealt to eac6ac26 
Dealt to 68388fdd 
68388fdd: folds
198c212e: folds
12d937e7: raises $0.15 to $0.25
58617ab7: folds
Hero: folds
eac6ac26: calls $0.15
*** FLOP *** [7s 4h 2d]
eac6ac26: checks
12d937e7: checks
*** TURN *** [7s 4h 2d] [Ts]
eac6ac26: checks
12d937e7: bets $0.28
eac6ac26: folds
Uncalled bet ($0.28) returned to 12d937e7
*** SHOWDOWN ***
12d937e7 collected $0.53 from pot
*** SUMMARY ***
Total pot $0.55 | Rake $0.02 | Jackpot $0 | Bingo $0 | Fortune $0 | Tax $0
Board [7s 4h 2d Ts]
Seat 1: 198c212e folded before Flop (didn't bet)
Seat 2: 12d937e7 won ($0.53)
Seat 3: 58617ab7 (button) folded before Flop (didn't bet)
Seat 4: Hero (small blind) folded before Flop
Seat 5: eac6ac26 (big blind) folded on the Turn
Seat 6: 68388fdd folded before Flop (didn't bet)


Poker Hand #HD1756998412: Hold'em No Limit ($0.05/$0.1) - 2024/05/03 16:16:09
Table 'NLHRed15' 6-max Seat #2 is the button
Seat 1: 198c212e ($19.26 in chips)
Seat 2: 12d937e7 ($20.39 in chips)
Seat 3: 58617ab7 ($10 in chips)
Seat 4: Hero ($10.56 in chips)
Seat 5: eac6ac26 ($13.85 in chips)
Seat 6: 68388fdd ($6.26 in chips)
58617ab7: posts small blind $0.05
Hero: posts big blind $0.1
*** HOLE CARDS ***
Dealt to 198c212e 
Dealt to 12d937e7 
Dealt to 58617ab7 
Dealt to Hero [Th 2c]
Dealt to eac6ac26 
Dealt to 68388fdd 
eac6ac26: folds
68388fdd: folds
198c212e: folds
12d937e7: raises $0.15 to $0.25
58617ab7: folds
Hero: folds
Uncalled bet ($0.15) returned to 12d937e7
*** SHOWDOWN ***
12d937e7 collected $0.25 from pot
*** SUMMARY ***
Total pot $0.25 | Rake $0 | Jackpot $0 | Bingo $0 | Fortune $0 | Tax $0
Seat 1: 198c212e folded before Flop (didn't bet)
Seat 2: 12d937e7 (button) collected ($0.25)
Seat 3: 58617ab7 (small blind) folded before Flop
Seat 4: Hero (big blind) folded before Flop
Seat 5: eac6ac26 folded before Flop (didn't bet)
Seat 6: 68388fdd folded before Flop (didn't bet)


Poker Hand #HD1756998253: Hold'em No Limit ($0.05/$0.1) - 2024/05/03 16:14:41
Table 'NLHRed15' 6-max Seat #1 is the button
Seat 1: 198c212e ($25.97 in chips)
Seat 2: 12d937e7 ($14.35 in chips)
Seat 3: 58617ab7 ($10.04 in chips)
Seat 4: Hero ($10.56 in chips)
Seat 5: eac6ac26 ($13.85 in chips)
Seat 6: 68388fdd ($6.26 in chips)
12d937e7: posts small blind $0.05
58617ab7: posts big blind $0.1
*** HOLE CARDS ***
Dealt to 198c212e 
Dealt to 12d937e7 
Dealt to 58617ab7 
Dealt to Hero [4d Ah]
Dealt to eac6ac26 
Dealt to 68388fdd 
Hero: folds
eac6ac26: folds
68388fdd: folds
198c212e: raises $0.15 to $0.25
12d937e7: raises $0.85 to $1.1
58617ab7: folds
198c212e: calls $0.85
*** FLOP *** [3s Ts Ks]
12d937e7: bets $0.76
198c212e: calls $0.76
*** TURN *** [3s Ts Ks] [7h]
12d937e7: bets $1.27
198c212e: calls $1.27
*** RIVER *** [3s Ts Ks 7h] [Td]
12d937e7: bets $3.58
198c212e: calls $3.58
12d937e7: shows [Kd Ad] (Pair of Kings and Pair of Tens)
198c212e: shows [Qc Kh] (Pair of Kings and Pair of Tens)
*** SHOWDOWN ***
12d937e7 collected $12.75 from pot
*** SUMMARY ***
Total pot $13.52 | Rake $0.67 | Jackpot $0.1 | Bingo $0 | Fortune $0 | Tax $0
Board [3s Ts Ks 7h Td]
Seat 1: 198c212e (button) showed [Qc Kh] and lost with Pair of Kings and Pair of Tens
Seat 2: 12d937e7 (small blind) showed [Kd Ad] and won ($12.75) with Pair of Kings and Pair of Tens
Seat 3: 58617ab7 (big blind) folded before Flop
Seat 4: Hero folded before Flop (didn't bet)
Seat 5: eac6ac26 folded before Flop (didn't bet)
Seat 6: 68388fdd folded before Flop (didn't bet)


Poker Hand #HD1756998193: Hold'em No Limit ($0.05/$0.1) - 2024/05/03 16:14:04
Table 'NLHRed15' 6-max Seat #6 is the button
Seat 1: 198c212e ($26.02 in chips)
Seat 2: 12d937e7 ($14.45 in chips)
Seat 3: 58617ab7 ($10.59 in chips)
Seat 4: Hero ($10.56 in chips)
Seat 5: eac6ac26 ($13.85 in chips)
Seat 6: 68388fdd ($5.62 in chips)
198c212e: posts small blind $0.05
12d937e7: posts big blind $0.1
*** HOLE CARDS ***
Dealt to 198c212e 
Dealt to 12d937e7 
Dealt to 58617ab7 
Dealt to Hero [Th Ac]
Dealt to eac6ac26 
Dealt to 68388fdd 
58617ab7: raises $0.2 to $0.3
Hero: folds
eac6ac26: folds
68388fdd: calls $0.3
198c212e: folds
12d937e7: folds
*** FLOP *** [8c Kc Ts]
58617ab7: bets $0.25
68388fdd: calls $0.25
*** TURN *** [8c Kc Ts] [5s]
58617ab7: checks
68388fdd: bets $0.63
58617ab7: folds
Uncalled bet ($0.63) returned to 68388fdd
*** SHOWDOWN ***
68388fdd collected $1.19 from pot
*** SUMMARY ***
Total pot $1.25 | Rake $0.06 | Jackpot $0 | Bingo $0 | Fortune $0 | Tax $0
Board [8c Kc Ts 5s]
Seat 1: 198c212e (small blind) folded before Flop
Seat 2: 12d937e7 (big blind) folded before Flop
Seat 3: 58617ab7 folded on the Turn
Seat 4: Hero folded before Flop (didn't bet)
Seat 5: eac6ac26 folded before Flop (didn't bet)
Seat 6: 68388fdd (button) won ($1.19)


Poker Hand #HD1756998152: Hold'em No Limit ($0.05/$0.1) - 2024/05/03 16:13:46
Table 'NLHRed15' 6-max Seat #5 is the button
Seat 1: 198c212e ($26.12 in chips)
Seat 2: 12d937e7 ($14.45 in chips)
Seat 3: 58617ab7 ($10.59 in chips)
Seat 4: Hero ($10.41 in chips)
Seat 5: eac6ac26 ($13.85 in chips)
Seat 6: 68388fdd ($5.67 in chips)
68388fdd: posts small blind $0.05
198c212e: posts big blind $0.1
*** HOLE CARDS ***
Dealt to 198c212e 
Dealt to 12d937e7 
Dealt to 58617ab7 
Dealt to Hero [Ad Kh]
Dealt to eac6ac26 
Dealt to 68388fdd 
12d937e7: folds
58617ab7: folds
Hero: raises $0.14 to $0.24
eac6ac26: folds
68388fdd: folds
198c212e: folds
Uncalled bet ($0.14) returned to Hero
*** SHOWDOWN ***
Hero collected $0.25 from pot
*** SUMMARY ***
Total pot $0.25 | Rake $0 | Jackpot $0 | Bingo $0 | Fortune $0 | Tax $0
Seat 1: 198c212e (big blind) folded before Flop
Seat 2: 12d937e7 folded before Flop (didn't bet)
Seat 3: 58617ab7 folded before Flop (didn't bet)
Seat 4: Hero collected ($0.25)
Seat 5: eac6ac26 (button) folded before Flop (didn't bet)
Seat 6: 68388fdd (small blind) folded before Flop


Poker Hand #HD1756998099: Hold'em No Limit ($0.05/$0.1) - 2024/05/03 16:13:14
Table 'NLHRed15' 6-max Seat #4 is the button
Seat 1: 198c212e ($24.77 in chips)
Seat 2: 12d937e7 ($14.45 in chips)
Seat 3: 58617ab7 ($11.29 in chips)
Seat 4: Hero ($10.41 in chips)
Seat 5: eac6ac26 ($13.9 in chips)
Seat 6: 68388fdd ($6.37 in chips)
eac6ac26: posts small blind $0.05
68388fdd: posts big blind $0.1
*** HOLE CARDS ***
Dealt to 198c212e 
Dealt to 12d937e7 
Dealt to 58617ab7 
Dealt to Hero [2h 6h]
Dealt to eac6ac26 
Dealt to 68388fdd 
198c212e: raises $0.1 to $0.2
12d937e7: folds
58617ab7: raises $0.5 to $0.7
Hero: folds
eac6ac26: folds
68388fdd: calls $0.6
198c212e: raises $1.7 to $2.4
58617ab7: folds
68388fdd: folds
Uncalled bet ($1.7) returned to 198c212e
*** SHOWDOWN ***
198c212e collected $2.05 from pot
*** SUMMARY ***
Total pot $2.15 | Rake $0.1 | Jackpot $0 | Bingo $0 | Fortune $0 | Tax $0
Seat 1: 198c212e collected ($2.05)
Seat 2: 12d937e7 folded before Flop (didn't bet)
Seat 3: 58617ab7 folded before Flop
Seat 4: Hero (button) folded before Flop (didn't bet)
Seat 5: eac6ac26 (small blind) folded before Flop
Seat 6: 68388fdd (big blind) folded before Flop


Poker Hand #HD1756998078: Hold'em No Limit ($0.05/$0.1) - 2024/05/03 16:12:59
Table 'NLHRed15' 6-max Seat #3 is the button
Seat 1: 198c212e ($24.77 in chips)
Seat 2: 12d937e7 ($14.45 in chips)
Seat 3: 58617ab7 ($11.14 in chips)
Seat 4: Hero ($10.46 in chips)
Seat 5: eac6ac26 ($14 in chips)
Seat 6: 68388fdd ($6.37 in chips)
Hero: posts small blind $0.05
eac6ac26: posts big blind $0.1
*** HOLE CARDS ***
Dealt to 198c212e 
Dealt to 12d937e7 
Dealt to 58617ab7 
Dealt to Hero [9s 3c]
Dealt to eac6ac26 
Dealt to 68388fdd 
68388fdd: folds
198c212e: folds
12d937e7: folds
58617ab7: raises $0.15 to $0.25
Hero: folds
eac6ac26: folds
Uncalled bet ($0.15) returned to 58617ab7
*** SHOWDOWN ***
58617ab7 collected $0.25 from pot
*** SUMMARY ***
Total pot $0.25 | Rake $0 | Jackpot $0 | Bingo $0 | Fortune $0 | Tax $0
Seat 1: 198c212e folded before Flop (didn't bet)
Seat 2: 12d937e7 folded before Flop (didn't bet)
Seat 3: 58617ab7 (button) collected ($0.25)
Seat 4: Hero (small blind) folded before Flop
Seat 5: eac6ac26 (big blind) folded before Flop
Seat 6: 68388fdd folded before Flop (didn't bet)


Poker Hand #HD1756998054: Hold'em No Limit ($0.05/$0.1) - 2024/05/03 16:12:46
Table 'NLHRed15' 6-max Seat #2 is the button
Seat 1: 198c212e ($24.77 in chips)
Seat 2: 12d937e7 ($14.3 in chips)
Seat 3: 58617ab7 ($11.19 in chips)
Seat 4: Hero ($10.56 in chips)
Seat 5: eac6ac26 ($14 in chips)
Seat 6: 68388fdd ($6.37 in chips)
58617ab7: posts small blind $0.05
Hero: posts big blind $0.1
*** HOLE CARDS ***
Dealt to 198c212e 
Dealt to 12d937e7 
Dealt to 58617ab7 
Dealt to Hero [Ac 6d]
Dealt to eac6ac26 
Dealt to 68388fdd 
eac6ac26: folds
68388fdd: folds
198c212e: folds
12d937e7: raises $0.15 to $0.25
58617ab7: folds
Hero: folds
Uncalled bet ($0.15) returned to 12d937e7
*** SHOWDOWN ***
12d937e7 collected $0.25 from pot
*** SUMMARY ***
Total pot $0.25 | Rake $0 | Jackpot $0 | Bingo $0 | Fortune $0 | Tax $0
Seat 1: 198c212e folded before Flop (didn't bet)
Seat 2: 12d937e7 (button) collected ($0.25)
Seat 3: 58617ab7 (small blind) folded before Flop
Seat 4: Hero (big blind) folded before Flop
Seat 5: eac6ac26 folded before Flop (didn't bet)
Seat 6: 68388fdd folded before Flop (didn't bet)


Poker Hand #HD1756998036: Hold'em No Limit ($0.05/$0.1) - 2024/05/03 16:12:34
Table 'NLHRed15' 6-max Seat #1 is the button
Seat 1: 198c212e ($24.77 in chips)
Seat 2: 12d937e7 ($14.35 in chips)
Seat 3: 58617ab7 ($11.29 in chips)
Seat 4: Hero ($10.41 in chips)
Seat 5: eac6ac26 ($14 in chips)
Seat 6: 68388fdd ($6.37 in chips)
12d937e7: posts small blind $0.05
58617ab7: posts big blind $0.1
*** HOLE CARDS ***
Dealt to 198c212e 
Dealt to 12d937e7 
Dealt to 58617ab7 
Dealt to Hero [9d 8d]
Dealt to eac6ac26 
Dealt to 68388fdd 
Hero: raises $0.1 to $0.2
eac6ac26: folds
68388fdd: folds
198c212e: folds
12d937e7: folds
58617ab7: folds
Uncalled bet ($0.1) returned to Hero
*** SHOWDOWN ***
Hero collected $0.25 from pot
*** SUMMARY ***
Total pot $0.25 | Rake $0 | Jackpot $0 | Bingo $0 | Fortune $0 | Tax $0
Seat 1: 198c212e (button) folded before Flop (didn't bet)
Seat 2: 12d937e7 (small blind) folded before Flop
Seat 3: 58617ab7 (big blind) folded before Flop
Seat 4: Hero collected ($0.25)
Seat 5: eac6ac26 folded before Flop (didn't bet)
Seat 6: 68388fdd folded before Flop (didn't bet)


Poker Hand #HD1756997962: Hold'em No Limit ($0.05/$0.1) - 2024/05/03 16:11:51
Table 'NLHRed15' 6-max Seat #6 is the button
Seat 1: 198c212e ($24.5 in chips)
Seat 2: 12d937e7 ($14.65 in chips)
Seat 3: 58617ab7 ($11.29 in chips)
Seat 4: Hero ($10.41 in chips)
Seat 5: eac6ac26 ($14 in chips)
Seat 6: 68388fdd ($6.37 in chips)
198c212e: posts small blind $0.05
12d937e7: posts big blind $0.1
*** HOLE CARDS ***
Dealt to 198c212e 
Dealt to 12d937e7 
Dealt to 58617ab7 
Dealt to Hero [4c Js]
Dealt to eac6ac26 
Dealt to 68388fdd 
58617ab7: folds
Hero: folds
eac6ac26: folds
68388fdd: folds
198c212e: raises $0.2 to $0.3
12d937e7: calls $0.2
*** FLOP *** [4h 5d Kd]
198c212e: checks
12d937e7: checks
*** TURN *** [4h 5d Kd] [4s]
198c212e: bets $0.3
12d937e7: folds
Uncalled bet ($0.3) returned to 198c212e
*** SHOWDOWN ***
198c212e collected $0.57 from pot
*** SUMMARY ***
Total pot $0.6 | Rake $0.03 | Jackpot $0 | Bingo $0 | Fortune $0 | Tax $0
Board [4h 5d Kd 4s]
Seat 1: 198c212e (small blind) won ($0.57)
Seat 2: 12d937e7 (big blind) folded on the Turn
Seat 3: 58617ab7 folded before Flop (didn't bet)
Seat 4: Hero folded before Flop (didn't bet)
Seat 5: eac6ac26 folded before Flop (didn't bet)
Seat 6: 68388fdd (button) folded before Flop (didn't bet)


Poker Hand #HD1756997918: Hold'em No Limit ($0.05/$0.1) - 2024/05/03 16:11:26
Table 'NLHRed15' 6-max Seat #5 is the button
Seat 1: 198c212e ($24.6 in chips)
Seat 2: 12d937e7 ($14.65 in chips)
Seat 3: 58617ab7 ($11.14 in chips)
Seat 4: Hero ($10.41 in chips)
Seat 5: eac6ac26 ($14 in chips)
Seat 6: 68388fdd ($6.42 in chips)
68388fdd: posts small blind $0.05
198c212e: posts big blind $0.1
*** HOLE CARDS ***
Dealt to 198c212e 
Dealt to 12d937e7 
Dealt to 58617ab7 
Dealt to Hero [8d 7c]
Dealt to eac6ac26 
Dealt to 68388fdd 
12d937e7: folds
58617ab7: raises $0.2 to $0.3
Hero: folds
eac6ac26: folds
68388fdd: folds
198c212e: folds
Uncalled bet ($0.2) returned to 58617ab7
*** SHOWDOWN ***
58617ab7 collected $0.25 from pot
*** SUMMARY ***
Total pot $0.25 | Rake $0 | Jackpot $0 | Bingo $0 | Fortune $0 | Tax $0
Seat 1: 198c212e (big blind) folded before Flop
Seat 2: 12d937e7 folded before Flop (didn't bet)
Seat 3: 58617ab7 collected ($0.25)
Seat 4: Hero folded before Flop (didn't bet)
Seat 5: eac6ac26 (button) folded before Flop (didn't bet)
Seat 6: 68388fdd (small blind) folded before Flop


Poker Hand #HD1756997833: Hold'em No Limit ($0.05/$0.1) - 2024/05/03 16:10:34
Table 'NLHRed15' 6-max Seat #4 is the button
Seat 1: 198c212e ($24.6 in chips)
Seat 2: 12d937e7 ($16.04 in chips)
Seat 3: 58617ab7 ($11.14 in chips)
Seat 4: Hero ($10.41 in chips)
Seat 5: eac6ac26 ($12.6 in chips)
Seat 6: 68388fdd ($6.67 in chips)
eac6ac26: posts small blind $0.05
68388fdd: posts big blind $0.1
*** HOLE CARDS ***
Dealt to 198c212e 
Dealt to 12d937e7 
Dealt to 58617ab7 
Dealt to Hero [5h 7s]
Dealt to eac6ac26 
Dealt to 68388fdd 
198c212e: folds
12d937e7: raises $0.15 to $0.25
58617ab7: folds
Hero: folds
eac6ac26: calls $0.2
68388fdd: calls $0.15
*** FLOP *** [Kc Ac Qd]
eac6ac26: checks
68388fdd: checks
12d937e7: bets $0.38
eac6ac26: calls $0.38
68388fdd: folds
*** TURN *** [Kc Ac Qd] [5c]
eac6ac26: checks
12d937e7: bets $0.76
eac6ac26: calls $0.76
*** RIVER *** [Kc Ac Qd 5c] [2c]
eac6ac26: checks
12d937e7: checks
eac6ac26: shows [8c Ah] (Ace High Flush)
12d937e7: shows [6s As] (Pair of Aces)
*** SHOWDOWN ***
eac6ac26 collected $2.79 from pot
*** SUMMARY ***
Total pot $3.03 | Rake $0.14 | Jackpot $0.1 | Bingo $0 | Fortune $0 | Tax $0
Board [Kc Ac Qd 5c 2c]
Seat 1: 198c212e folded before Flop (didn't bet)
Seat 2: 12d937e7 showed [6s As] and lost with Pair of Aces
Seat 3: 58617ab7 folded before Flop (didn't bet)
Seat 4: Hero (button) folded before Flop (didn't bet)
Seat 5: eac6ac26 (small blind) showed [8c Ah] and won ($2.79) with Ace High Flush
Seat 6: 68388fdd (big blind) folded on the Flop


Poker Hand #HD1756997755: Hold'em No Limit ($0.05/$0.1) - 2024/05/03 16:09:49
Table 'NLHRed15' 6-max Seat #3 is the button
Seat 1: 198c212e ($24.6 in chips)
Seat 2: 12d937e7 ($15.17 in chips)
Seat 3: 58617ab7 ($11.14 in chips)
Seat 4: Hero ($10.46 in chips)
Seat 5: eac6ac26 ($12.7 in chips)
Seat 6: 68388fdd ($7.47 in chips)
Hero: posts small blind $0.05
eac6ac26: posts big blind $0.1
*** HOLE CARDS ***
Dealt to 198c212e 
Dealt to 12d937e7 
Dealt to 58617ab7 
Dealt to Hero [Ac 2s]
Dealt to eac6ac26 
Dealt to 68388fdd 
68388fdd: raises $0.1 to $0.2
198c212e: folds
12d937e7: raises $0.6 to $0.8
58617ab7: folds
Hero: folds
eac6ac26: folds
68388fdd: calls $0.6
*** FLOP *** [Tc 9h 6h]
68388fdd: checks
12d937e7: checks
*** TURN *** [Tc 9h 6h] [Ts]
68388fdd: checks
12d937e7: checks
*** RIVER *** [Tc 9h 6h Ts] [2c]
68388fdd: checks
12d937e7: checks
68388fdd: shows [Jh As] (Pair of Tens)
12d937e7: shows [Qd Ad] (Pair of Tens)
*** SHOWDOWN ***
12d937e7 collected $1.67 from pot
*** SUMMARY ***
Total pot $1.75 | Rake $0.08 | Jackpot $0 | Bingo $0 | Fortune $0 | Tax $0
Board [Tc 9h 6h Ts 2c]
Seat 1: 198c212e folded before Flop (didn't bet)
Seat 2: 12d937e7 showed [Qd Ad] and won ($1.67) with Pair of Tens
Seat 3: 58617ab7 (button) folded before Flop (didn't bet)
Seat 4: Hero (small blind) folded before Flop
Seat 5: eac6ac26 (big blind) folded before Flop
Seat 6: 68388fdd showed [Jh As] and lost with Pair of Tens


Poker Hand #HD1756997683: Hold'em No Limit ($0.05/$0.1) - 2024/05/03 16:09:09
Table 'NLHRed15' 6-max Seat #2 is the button
Seat 1: 198c212e ($24.6 in chips)
Seat 2: 12d937e7 ($15.17 in chips)
Seat 3: 58617ab7 ($11.54 in chips)
Seat 4: Hero ($10 in chips)
Seat 5: eac6ac26 ($12.7 in chips)
Seat 6: 68388fdd ($7.57 in chips)
58617ab7: posts small blind $0.05
Hero: posts big blind $0.1
*** HOLE CARDS ***
Dealt to 198c212e 
Dealt to 12d937e7 
Dealt to 58617ab7 
Dealt to Hero [Td Tc]
Dealt to eac6ac26 
Dealt to 68388fdd 
eac6ac26: folds
68388fdd: calls $0.1
198c212e: folds
12d937e7: folds
58617ab7: calls $0.05
Hero: raises $0.3 to $0.4
68388fdd: folds
58617ab7: calls $0.3
*** FLOP *** [6c 5s Js]
58617ab7: checks
Hero: bets $0.3
58617ab7: folds
Uncalled bet ($0.3) returned to Hero
*** SHOWDOWN ***
Hero collected $0.86 from pot
*** SUMMARY ***
Total pot $0.9 | Rake $0.04 | Jackpot $0 | Bingo $0 | Fortune $0 | Tax $0
Board [6c 5s Js]
Seat 1: 198c212e folded before Flop (didn't bet)
Seat 2: 12d937e7 (button) folded before Flop (didn't bet)
Seat 3: 58617ab7 (small blind) folded on the Flop
Seat 4: Hero (big blind) won ($0.86)
Seat 5: eac6ac26 folded before Flop (didn't bet)
Seat 6: 68388fdd folded before Flop


