Poker Hand #HD1816719945: Hold'em No Limit ($0.05/$0.1) - 2024/06/15 16:09:22
Table 'NLHRed34' 6-max Seat #4 is the button
Seat 1: e2edfb4a ($11.85 in chips)
Seat 2: Hero ($10.86 in chips)
Seat 4: 78e3aa76 ($13.08 in chips)
Seat 5: 35c2b2bb ($3.24 in chips)
Seat 6: 60bcf1ac ($18.1 in chips)
35c2b2bb: posts small blind $0.05
60bcf1ac: posts big blind $0.1
*** HOLE CARDS ***
Dealt to e2edfb4a 
Dealt to Hero [3h Kc]
Dealt to 78e3aa76 
Dealt to 35c2b2bb 
Dealt to 60bcf1ac 
e2edfb4a: raises $0.14 to $0.24
Hero: folds
78e3aa76: folds
35c2b2bb: raises $0.86 to $1.1
60bcf1ac: folds
e2edfb4a: folds
Uncalled bet ($0.86) returned to 35c2b2bb
*** SHOWDOWN ***
35c2b2bb collected $0.56 from pot
*** SUMMARY ***
Total pot $0.58 | Rake $0.02 | Jackpot $0 | Bingo $0 | Fortune $0 | Tax $0
Seat 1: e2edfb4a folded before Flop
Seat 2: Hero folded before Flop (didn't bet)
Seat 4: 78e3aa76 (button) folded before Flop (didn't bet)
Seat 5: 35c2b2bb (small blind) collected ($0.56)
Seat 6: 60bcf1ac (big blind) folded before Flop


Poker Hand #HD1816719831: Hold'em No Limit ($0.05/$0.1) - 2024/06/15 16:08:09
Table 'NLHRed34' 6-max Seat #2 is the button
Seat 1: e2edfb4a ($10.57 in chips)
Seat 2: Hero ($10.86 in chips)
Seat 4: 78e3aa76 ($13.13 in chips)
Seat 5: 35c2b2bb ($4.61 in chips)
Seat 6: 60bcf1ac ($18.1 in chips)
78e3aa76: posts small blind $0.05
35c2b2bb: posts big blind $0.1
*** HOLE CARDS ***
Dealt to e2edfb4a 
Dealt to Hero [7h Qc]
Dealt to 78e3aa76 
Dealt to 35c2b2bb 
Dealt to 60bcf1ac 
60bcf1ac: folds
e2edfb4a: raises $0.14 to $0.24
Hero: folds
78e3aa76: folds
35c2b2bb: calls $0.14
*** FLOP *** [9h 2d Tc]
35c2b2bb: checks
e2edfb4a: bets $0.2
35c2b2bb: calls $0.2
*** TURN *** [9h 2d Tc] [5h]
35c2b2bb: checks
e2edfb4a: checks
*** RIVER *** [9h 2d Tc 5h] [Kh]
35c2b2bb: bets $0.93
e2edfb4a: raises $0.97 to $1.9
35c2b2bb: folds
Uncalled bet ($0.97) returned to e2edfb4a
*** SHOWDOWN ***
e2edfb4a collected $2.65 from pot
*** SUMMARY ***
Total pot $2.79 | Rake $0.14 | Jackpot $0 | Bingo $0 | Fortune $0 | Tax $0
Board [9h 2d Tc 5h Kh]
Seat 1: e2edfb4a won ($2.65)
Seat 2: Hero (button) folded before Flop (didn't bet)
Seat 4: 78e3aa76 (small blind) folded before Flop
Seat 5: 35c2b2bb (big blind) folded on the River
Seat 6: 60bcf1ac folded before Flop (didn't bet)


Poker Hand #HD1816719780: Hold'em No Limit ($0.05/$0.1) - 2024/06/15 16:07:39
Table 'NLHRed34' 6-max Seat #1 is the button
Seat 1: e2edfb4a ($10.81 in chips)
Seat 2: Hero ($10.91 in chips)
Seat 4: 78e3aa76 ($12.86 in chips)
Seat 5: 2fa67a88 ($7.35 in chips)
Seat 6: 60bcf1ac ($18.1 in chips)
Hero: posts small blind $0.05
78e3aa76: posts big blind $0.1
*** HOLE CARDS ***
Dealt to e2edfb4a 
Dealt to Hero [5c 8s]
Dealt to 78e3aa76 
Dealt to 2fa67a88 
Dealt to 60bcf1ac 
2fa67a88: folds
60bcf1ac: folds
e2edfb4a: raises $0.14 to $0.24
Hero: folds
78e3aa76: raises $0.51 to $0.75
e2edfb4a: folds
Uncalled bet ($0.51) returned to 78e3aa76
*** SHOWDOWN ***
78e3aa76 collected $0.51 from pot
*** SUMMARY ***
Total pot $0.53 | Rake $0.02 | Jackpot $0 | Bingo $0 | Fortune $0 | Tax $0
Seat 1: e2edfb4a (button) folded before Flop
Seat 2: Hero (small blind) folded before Flop
Seat 4: 78e3aa76 (big blind) collected ($0.51)
Seat 5: 2fa67a88 folded before Flop (didn't bet)
Seat 6: 60bcf1ac folded before Flop (didn't bet)


Poker Hand #HD1816719686: Hold'em No Limit ($0.05/$0.1) - 2024/06/15 16:06:42
Table 'NLHRed34' 6-max Seat #6 is the button
Seat 1: e2edfb4a ($10.86 in chips)
Seat 2: Hero ($10.15 in chips)
Seat 4: 78e3aa76 ($12.86 in chips)
Seat 5: 2fa67a88 ($8.14 in chips)
Seat 6: 60bcf1ac ($18.1 in chips)
e2edfb4a: posts small blind $0.05
Hero: posts big blind $0.1
*** HOLE CARDS ***
Dealt to e2edfb4a 
Dealt to Hero [9c 8s]
Dealt to 78e3aa76 
Dealt to 2fa67a88 
Dealt to 60bcf1ac 
78e3aa76: folds
2fa67a88: calls $0.1
60bcf1ac: folds
e2edfb4a: folds
Hero: checks
*** FLOP *** [6h 7d 5h]
Hero: checks
2fa67a88: checks
*** TURN *** [6h 7d 5h] [Td]
Hero: bets $0.2
2fa67a88: calls $0.2
*** RIVER *** [6h 7d 5h Td] [6d]
Hero: checks
2fa67a88: bets $0.49
Hero: calls $0.49
2fa67a88: shows [Jd 9s] (Pair of Sixes)
Hero: shows [9c 8s] (Tens-High Straight)
*** SHOWDOWN ***
Hero collected $1.55 from pot
*** SUMMARY ***
Total pot $1.63 | Rake $0.08 | Jackpot $0 | Bingo $0 | Fortune $0 | Tax $0
Board [6h 7d 5h Td 6d]
Seat 1: e2edfb4a (small blind) folded before Flop
Seat 2: Hero (big blind) showed [9c 8s] and won ($1.55) with Tens-High Straight
Seat 4: 78e3aa76 folded before Flop (didn't bet)
Seat 5: 2fa67a88 showed [Jd 9s] and lost with Pair of Sixes
Seat 6: 60bcf1ac (button) folded before Flop (didn't bet)


Poker Hand #HD1816719646: Hold'em No Limit ($0.05/$0.1) - 2024/06/15 16:06:18
Table 'NLHRed34' 6-max Seat #5 is the button
Seat 1: e2edfb4a ($10.96 in chips)
Seat 2: Hero ($10.15 in chips)
Seat 4: 78e3aa76 ($12.86 in chips)
Seat 5: 2fa67a88 ($8.14 in chips)
Seat 6: 60bcf1ac ($18 in chips)
60bcf1ac: posts small blind $0.05
e2edfb4a: posts big blind $0.1
*** HOLE CARDS ***
Dealt to e2edfb4a 
Dealt to Hero [5s 6d]
Dealt to 78e3aa76 
Dealt to 2fa67a88 
Dealt to 60bcf1ac 
Hero: folds
78e3aa76: folds
2fa67a88: folds
60bcf1ac: raises $0.2 to $0.3
e2edfb4a: folds
Uncalled bet ($0.2) returned to 60bcf1ac
*** SHOWDOWN ***
60bcf1ac collected $0.2 from pot
*** SUMMARY ***
Total pot $0.2 | Rake $0 | Jackpot $0 | Bingo $0 | Fortune $0 | Tax $0
Seat 1: e2edfb4a (big blind) folded before Flop
Seat 2: Hero folded before Flop (didn't bet)
Seat 4: 78e3aa76 folded before Flop (didn't bet)
Seat 5: 2fa67a88 (button) folded before Flop (didn't bet)
Seat 6: 60bcf1ac (small blind) collected ($0.2)


Poker Hand #HD1816719556: Hold'em No Limit ($0.05/$0.1) - 2024/06/15 16:05:25
Table 'NLHRed34' 6-max Seat #4 is the button
Seat 1: e2edfb4a ($10.96 in chips)
Seat 2: Hero ($10.15 in chips)
Seat 4: 78e3aa76 ($13.42 in chips)
Seat 5: 2fa67a88 ($8.19 in chips)
Seat 6: 60bcf1ac ($17.44 in chips)
2fa67a88: posts small blind $0.05
60bcf1ac: posts big blind $0.1
*** HOLE CARDS ***
Dealt to e2edfb4a 
Dealt to Hero [7s Qh]
Dealt to 78e3aa76 
Dealt to 2fa67a88 
Dealt to 60bcf1ac 
e2edfb4a: folds
Hero: folds
78e3aa76: raises $0.1 to $0.2
2fa67a88: folds
60bcf1ac: calls $0.1
*** FLOP *** [8c 4h 6h]
60bcf1ac: checks
78e3aa76: bets $0.36
60bcf1ac: calls $0.36
*** TURN *** [8c 4h 6h] [Kh]
60bcf1ac: checks
78e3aa76: checks
*** RIVER *** [8c 4h 6h Kh] [Js]
60bcf1ac: checks
78e3aa76: checks
60bcf1ac: shows [8s As] (Pair of Eights)
78e3aa76: shows [Td 8d] (Pair of Eights)
*** SHOWDOWN ***
60bcf1ac collected $1.12 from pot
*** SUMMARY ***
Total pot $1.17 | Rake $0.05 | Jackpot $0 | Bingo $0 | Fortune $0 | Tax $0
Board [8c 4h 6h Kh Js]
Seat 1: e2edfb4a folded before Flop (didn't bet)
Seat 2: Hero folded before Flop (didn't bet)
Seat 4: 78e3aa76 (button) showed [Td 8d] and lost with Pair of Eights
Seat 5: 2fa67a88 (small blind) folded before Flop
Seat 6: 60bcf1ac (big blind) showed [8s As] and won ($1.12) with Pair of Eights


Poker Hand #HD1816719535: Hold'em No Limit ($0.05/$0.1) - 2024/06/15 16:05:09
Table 'NLHRed34' 6-max Seat #2 is the button
Seat 1: e2edfb4a ($10.96 in chips)
Seat 2: Hero ($10 in chips)
Seat 4: 78e3aa76 ($13.47 in chips)
Seat 5: 2fa67a88 ($8.29 in chips)
Seat 6: 60bcf1ac ($17.44 in chips)
78e3aa76: posts small blind $0.05
2fa67a88: posts big blind $0.1
*** HOLE CARDS ***
Dealt to e2edfb4a 
Dealt to Hero [Ac 9c]
Dealt to 78e3aa76 
Dealt to 2fa67a88 
Dealt to 60bcf1ac 
60bcf1ac: folds
e2edfb4a: folds
Hero: raises $0.14 to $0.24
78e3aa76: folds
2fa67a88: folds
Uncalled bet ($0.14) returned to Hero
*** SHOWDOWN ***
Hero collected $0.25 from pot
*** SUMMARY ***
Total pot $0.25 | Rake $0 | Jackpot $0 | Bingo $0 | Fortune $0 | Tax $0
Seat 1: e2edfb4a folded before Flop (didn't bet)
Seat 2: Hero (button) collected ($0.25)
Seat 4: 78e3aa76 (small blind) folded before Flop
Seat 5: 2fa67a88 (big blind) folded before Flop
Seat 6: 60bcf1ac folded before Flop (didn't bet)


Poker Hand #HD1816719457: Hold'em No Limit ($0.05/$0.1) - 2024/06/15 16:04:28
Table 'NLHRed34' 6-max Seat #1 is the button
Seat 1: e2edfb4a ($10 in chips)
Seat 2: Hero ($10 in chips)
Seat 4: 78e3aa76 ($13.57 in chips)
Seat 5: 2fa67a88 ($9.19 in chips)
Seat 6: 60bcf1ac ($17.44 in chips)
Hero: posts small blind $0.05
78e3aa76: posts big blind $0.1
*** HOLE CARDS ***
Dealt to e2edfb4a 
Dealt to Hero [8s Ts]
Dealt to 78e3aa76 
Dealt to 2fa67a88 
Dealt to 60bcf1ac 
2fa67a88: raises $0.3 to $0.4
60bcf1ac: folds
e2edfb4a: calls $0.4
Hero: folds
78e3aa76: folds
*** FLOP *** [9c Kc Js]
2fa67a88: checks
e2edfb4a: checks
*** TURN *** [9c Kc Js] [2d]
2fa67a88: checks
e2edfb4a: bets $0.5
2fa67a88: calls $0.5
*** RIVER *** [9c Kc Js 2d] [3d]
2fa67a88: checks
e2edfb4a: checks
2fa67a88: shows [Ah 9s] (Pair of Nines)
e2edfb4a: shows [Tc Jc] (Pair of Jacks)
*** SHOWDOWN ***
e2edfb4a collected $1.86 from pot
*** SUMMARY ***
Total pot $1.95 | Rake $0.09 | Jackpot $0 | Bingo $0 | Fortune $0 | Tax $0
Board [9c Kc Js 2d 3d]
Seat 1: e2edfb4a (button) showed [Tc Jc] and won ($1.86) with Pair of Jacks
Seat 2: Hero (small blind) folded before Flop
Seat 4: 78e3aa76 (big blind) folded before Flop
Seat 5: 2fa67a88 showed [Ah 9s] and lost with Pair of Nines
Seat 6: 60bcf1ac folded before Flop (didn't bet)


Poker Hand #HD1816719347: Hold'em No Limit ($0.05/$0.1) - 2024/06/15 16:03:22
Table 'NLHRed34' 6-max Seat #6 is the button
Seat 1: e2edfb4a ($10 in chips)
Seat 2: Hero ($10 in chips)
Seat 3: 6d124d4a ($10.07 in chips)
Seat 4: 78e3aa76 ($13.57 in chips)
Seat 5: 2fa67a88 ($10.98 in chips)
Seat 6: 60bcf1ac ($14.72 in chips)
e2edfb4a: posts small blind $0.05
Hero: posts big blind $0.1
*** HOLE CARDS ***
Dealt to e2edfb4a 
Dealt to Hero [6c Ks]
Dealt to 6d124d4a 
Dealt to 78e3aa76 
Dealt to 2fa67a88 
Dealt to 60bcf1ac 
6d124d4a: raises $0.15 to $0.25
78e3aa76: folds
2fa67a88: raises $0.33 to $0.58
60bcf1ac: calls $0.58
e2edfb4a: calls $0.53
Hero: folds
6d124d4a: calls $0.33
*** FLOP *** [Ts Th Js]
e2edfb4a: checks
6d124d4a: checks
2fa67a88: checks
60bcf1ac: bets $1.21
e2edfb4a: folds
6d124d4a: folds
2fa67a88: calls $1.21
*** TURN *** [Ts Th Js] [Td]
2fa67a88: checks
60bcf1ac: bets $1.6
2fa67a88: folds
Uncalled bet ($1.6) returned to 60bcf1ac
*** SHOWDOWN ***
60bcf1ac collected $4.51 from pot
*** SUMMARY ***
Total pot $4.84 | Rake $0.23 | Jackpot $0.1 | Bingo $0 | Fortune $0 | Tax $0
Board [Ts Th Js Td]
Seat 1: e2edfb4a (small blind) folded on the Flop
Seat 2: Hero (big blind) folded before Flop
Seat 3: 6d124d4a folded on the Flop
Seat 4: 78e3aa76 folded before Flop (didn't bet)
Seat 5: 2fa67a88 folded on the Turn
Seat 6: 60bcf1ac (button) won ($4.51)


