Poker Hand #HD1731717307: Hold'em No Limit ($0.02/$0.05) - 2024/04/15 18:50:12
Table 'NLHBlue4' 6-max Seat #1 is the button
Seat 1: Hero ($5.28 in chips)
Seat 4: fd7b8d4e ($4.95 in chips)
Seat 5: 6bcb9940 ($6.33 in chips)
Seat 6: a9ee1a91 ($7.21 in chips)
fd7b8d4e: posts small blind $0.02
6bcb9940: posts big blind $0.05
*** HOLE CARDS ***
Dealt to Hero [4s Td]
Dealt to fd7b8d4e 
Dealt to 6bcb9940 
Dealt to a9ee1a91 
a9ee1a91: folds
Hero: folds
fd7b8d4e: calls $0.03
6bcb9940: checks
*** FLOP *** [7h Th 9s]
fd7b8d4e: checks
6bcb9940: checks
*** TURN *** [7h Th 9s] [3c]
fd7b8d4e: checks
6bcb9940: checks
*** RIVER *** [7h Th 9s 3c] [8d]
fd7b8d4e: checks
6bcb9940: checks
fd7b8d4e: shows [Kd Qs] (King-High)
6bcb9940: shows [Kc 7d] (Pair of Sevens)
*** SHOWDOWN ***
6bcb9940 collected $0.1 from pot
*** SUMMARY ***
Total pot $0.1 | Rake $0 | Jackpot $0 | Bingo $0 | Fortune $0 | Tax $0
Board [7h Th 9s 3c 8d]
Seat 1: Hero (button) folded before Flop (didn't bet)
Seat 4: fd7b8d4e (small blind) showed [Kd Qs] and lost with King-High
Seat 5: 6bcb9940 (big blind) showed [Kc 7d] and won ($0.1) with Pair of Sevens
Seat 6: a9ee1a91 folded before Flop (didn't bet)


Poker Hand #HD1731717247: Hold'em No Limit ($0.02/$0.05) - 2024/04/15 18:49:43
Table 'NLHBlue4' 6-max Seat #6 is the button
Seat 1: Hero ($5.14 in chips)
Seat 4: fd7b8d4e ($5.1 in chips)
Seat 5: 6bcb9940 ($6.33 in chips)
Seat 6: a9ee1a91 ($7.21 in chips)
Hero: posts small blind $0.02
fd7b8d4e: posts big blind $0.05
*** HOLE CARDS ***
Dealt to Hero [2d Kd]
Dealt to fd7b8d4e 
Dealt to 6bcb9940 
Dealt to a9ee1a91 
6bcb9940: folds
a9ee1a91: folds
Hero: raises $0.1 to $0.15
fd7b8d4e: calls $0.1
*** FLOP *** [Tc 3s Qd]
Hero: bets $0.15
fd7b8d4e: folds
Uncalled bet ($0.15) returned to Hero
*** SHOWDOWN ***
Hero collected $0.29 from pot
*** SUMMARY ***
Total pot $0.3 | Rake $0.01 | Jackpot $0 | Bingo $0 | Fortune $0 | Tax $0
Board [Tc 3s Qd]
Seat 1: Hero (small blind) won ($0.29)
Seat 4: fd7b8d4e (big blind) folded on the Flop
Seat 5: 6bcb9940 folded before Flop (didn't bet)
Seat 6: a9ee1a91 (button) folded before Flop (didn't bet)


Poker Hand #HD1731717225: Hold'em No Limit ($0.02/$0.05) - 2024/04/15 18:49:32
Table 'NLHBlue4' 6-max Seat #5 is the button
Seat 1: Hero ($5.19 in chips)
Seat 4: fd7b8d4e ($5.1 in chips)
Seat 5: 6bcb9940 ($6.33 in chips)
Seat 6: a9ee1a91 ($7.16 in chips)
a9ee1a91: posts small blind $0.02
Hero: posts big blind $0.05
*** HOLE CARDS ***
Dealt to Hero [8d 3s]
Dealt to fd7b8d4e 
Dealt to 6bcb9940 
Dealt to a9ee1a91 
fd7b8d4e: folds
6bcb9940: folds
a9ee1a91: raises $0.1 to $0.15
Hero: folds
Uncalled bet ($0.1) returned to a9ee1a91
*** SHOWDOWN ***
a9ee1a91 collected $0.1 from pot
*** SUMMARY ***
Total pot $0.1 | Rake $0 | Jackpot $0 | Bingo $0 | Fortune $0 | Tax $0
Seat 1: Hero (big blind) folded before Flop
Seat 4: fd7b8d4e folded before Flop (didn't bet)
Seat 5: 6bcb9940 (button) folded before Flop (didn't bet)
Seat 6: a9ee1a91 (small blind) collected ($0.1)


Poker Hand #HD1731717216: Hold'em No Limit ($0.02/$0.05) - 2024/04/15 18:49:24
Table 'NLHBlue4' 6-max Seat #4 is the button
Seat 1: Hero ($5.19 in chips)
Seat 4: fd7b8d4e ($5.1 in chips)
Seat 5: 6bcb9940 ($6.35 in chips)
Seat 6: a9ee1a91 ($7.14 in chips)
6bcb9940: posts small blind $0.02
a9ee1a91: posts big blind $0.05
*** HOLE CARDS ***
Dealt to Hero [Kh 5d]
Dealt to fd7b8d4e 
Dealt to 6bcb9940 
Dealt to a9ee1a91 
Hero: folds
fd7b8d4e: folds
6bcb9940: folds
Uncalled bet ($0.03) returned to a9ee1a91
*** SHOWDOWN ***
a9ee1a91 collected $0.04 from pot
*** SUMMARY ***
Total pot $0.04 | Rake $0 | Jackpot $0 | Bingo $0 | Fortune $0 | Tax $0
Seat 1: Hero folded before Flop (didn't bet)
Seat 4: fd7b8d4e (button) folded before Flop (didn't bet)
Seat 5: 6bcb9940 (small blind) folded before Flop
Seat 6: a9ee1a91 (big blind) collected ($0.04)


Poker Hand #HD1731717143: Hold'em No Limit ($0.02/$0.05) - 2024/04/15 18:48:52
Table 'NLHBlue4' 6-max Seat #2 is the button
Seat 1: Hero ($5.19 in chips)
Seat 2: d5905675 ($6.25 in chips)
Seat 4: fd7b8d4e ($5.12 in chips)
Seat 5: 6bcb9940 ($6.33 in chips)
Seat 6: a9ee1a91 ($7.14 in chips)
fd7b8d4e: posts small blind $0.02
6bcb9940: posts big blind $0.05
*** HOLE CARDS ***
Dealt to Hero [7s 9c]
Dealt to d5905675 
Dealt to fd7b8d4e 
Dealt to 6bcb9940 
Dealt to a9ee1a91 
a9ee1a91: folds
Hero: folds
d5905675: folds
fd7b8d4e: folds
Uncalled bet ($0.03) returned to 6bcb9940
*** SHOWDOWN ***
6bcb9940 collected $0.04 from pot
*** SUMMARY ***
Total pot $0.04 | Rake $0 | Jackpot $0 | Bingo $0 | Fortune $0 | Tax $0
Seat 1: Hero folded before Flop (didn't bet)
Seat 2: d5905675 (button) folded before Flop (didn't bet)
Seat 4: fd7b8d4e (small blind) folded before Flop
Seat 5: 6bcb9940 (big blind) collected ($0.04)
Seat 6: a9ee1a91 folded before Flop (didn't bet)


Poker Hand #HD1731717031: Hold'em No Limit ($0.02/$0.05) - 2024/04/15 18:47:57
Table 'NLHBlue4' 6-max Seat #1 is the button
Seat 1: Hero ($5.19 in chips)
Seat 2: d5905675 ($6.27 in chips)
Seat 4: fd7b8d4e ($5.1 in chips)
Seat 5: 6bcb9940 ($6.33 in chips)
Seat 6: a9ee1a91 ($7.14 in chips)
d5905675: posts small blind $0.02
fd7b8d4e: posts big blind $0.05
*** HOLE CARDS ***
Dealt to Hero [8s Qh]
Dealt to d5905675 
Dealt to fd7b8d4e 
Dealt to 6bcb9940 
Dealt to a9ee1a91 
6bcb9940: folds
a9ee1a91: folds
Hero: folds
d5905675: folds
Uncalled bet ($0.03) returned to fd7b8d4e
*** SHOWDOWN ***
fd7b8d4e collected $0.04 from pot
*** SUMMARY ***
Total pot $0.04 | Rake $0 | Jackpot $0 | Bingo $0 | Fortune $0 | Tax $0
Seat 1: Hero (button) folded before Flop (didn't bet)
Seat 2: d5905675 (small blind) folded before Flop
Seat 4: fd7b8d4e (big blind) collected ($0.04)
Seat 5: 6bcb9940 folded before Flop (didn't bet)
Seat 6: a9ee1a91 folded before Flop (didn't bet)


Poker Hand #HD1731716860: Hold'em No Limit ($0.02/$0.05) - 2024/04/15 18:46:30
Table 'NLHBlue4' 6-max Seat #6 is the button
Seat 1: Hero ($5.21 in chips)
Seat 2: d5905675 ($6.54 in chips)
Seat 3: 8761bd12 ($5.71 in chips)
Seat 4: fd7b8d4e ($5.1 in chips)
Seat 5: 6bcb9940 ($6.33 in chips)
Seat 6: a9ee1a91 ($6.87 in chips)
Hero: posts small blind $0.02
d5905675: posts big blind $0.05
*** HOLE CARDS ***
Dealt to Hero [Ts 4s]
Dealt to d5905675 
Dealt to 8761bd12 
Dealt to fd7b8d4e 
Dealt to 6bcb9940 
Dealt to a9ee1a91 
8761bd12: folds
fd7b8d4e: folds
6bcb9940: folds
a9ee1a91: raises $0.08 to $0.13
Hero: folds
d5905675: calls $0.08
*** FLOP *** [7s 5h 4d]
d5905675: checks
a9ee1a91: checks
*** TURN *** [7s 5h 4d] [9d]
d5905675: checks
a9ee1a91: bets $0.14
d5905675: calls $0.14
*** RIVER *** [7s 5h 4d 9d] [2c]
d5905675: checks
a9ee1a91: bets $0.4
d5905675: folds
Uncalled bet ($0.4) returned to a9ee1a91
*** SHOWDOWN ***
a9ee1a91 collected $0.54 from pot
*** SUMMARY ***
Total pot $0.56 | Rake $0.02 | Jackpot $0 | Bingo $0 | Fortune $0 | Tax $0
Board [7s 5h 4d 9d 2c]
Seat 1: Hero (small blind) folded before Flop
Seat 2: d5905675 (big blind) folded on the River
Seat 3: 8761bd12 folded before Flop (didn't bet)
Seat 4: fd7b8d4e folded before Flop (didn't bet)
Seat 5: 6bcb9940 folded before Flop (didn't bet)
Seat 6: a9ee1a91 (button) won ($0.54)


Poker Hand #HD1731716815: Hold'em No Limit ($0.02/$0.05) - 2024/04/15 18:46:04
Table 'NLHBlue4' 6-max Seat #5 is the button
Seat 1: Hero ($5.26 in chips)
Seat 2: d5905675 ($6.54 in chips)
Seat 3: 8761bd12 ($5.71 in chips)
Seat 4: fd7b8d4e ($5.1 in chips)
Seat 5: 6bcb9940 ($6.33 in chips)
Seat 6: a9ee1a91 ($6.82 in chips)
a9ee1a91: posts small blind $0.02
Hero: posts big blind $0.05
*** HOLE CARDS ***
Dealt to Hero [5d Kc]
Dealt to d5905675 
Dealt to 8761bd12 
Dealt to fd7b8d4e 
Dealt to 6bcb9940 
Dealt to a9ee1a91 
d5905675: folds
8761bd12: folds
fd7b8d4e: folds
6bcb9940: folds
a9ee1a91: raises $0.1 to $0.15
Hero: folds
Uncalled bet ($0.1) returned to a9ee1a91
*** SHOWDOWN ***
a9ee1a91 collected $0.1 from pot
*** SUMMARY ***
Total pot $0.1 | Rake $0 | Jackpot $0 | Bingo $0 | Fortune $0 | Tax $0
Seat 1: Hero (big blind) folded before Flop
Seat 2: d5905675 folded before Flop (didn't bet)
Seat 3: 8761bd12 folded before Flop (didn't bet)
Seat 4: fd7b8d4e folded before Flop (didn't bet)
Seat 5: 6bcb9940 (button) folded before Flop (didn't bet)
Seat 6: a9ee1a91 (small blind) collected ($0.1)


Poker Hand #HD1731716776: Hold'em No Limit ($0.02/$0.05) - 2024/04/15 18:45:49
Table 'NLHBlue4' 6-max Seat #4 is the button
Seat 1: Hero ($5.26 in chips)
Seat 2: d5905675 ($6.54 in chips)
Seat 3: 8761bd12 ($5.71 in chips)
Seat 4: fd7b8d4e ($5.1 in chips)
Seat 5: 6bcb9940 ($6.35 in chips)
Seat 6: a9ee1a91 ($6.8 in chips)
6bcb9940: posts small blind $0.02
a9ee1a91: posts big blind $0.05
*** HOLE CARDS ***
Dealt to Hero [8h 2h]
Dealt to d5905675 
Dealt to 8761bd12 
Dealt to fd7b8d4e 
Dealt to 6bcb9940 
Dealt to a9ee1a91 
Hero: folds
d5905675: folds
8761bd12: folds
fd7b8d4e: folds
6bcb9940: folds
Uncalled bet ($0.03) returned to a9ee1a91
*** SHOWDOWN ***
a9ee1a91 collected $0.04 from pot
*** SUMMARY ***
Total pot $0.04 | Rake $0 | Jackpot $0 | Bingo $0 | Fortune $0 | Tax $0
Seat 1: Hero folded before Flop (didn't bet)
Seat 2: d5905675 folded before Flop (didn't bet)
Seat 3: 8761bd12 folded before Flop (didn't bet)
Seat 4: fd7b8d4e (button) folded before Flop (didn't bet)
Seat 5: 6bcb9940 (small blind) folded before Flop
Seat 6: a9ee1a91 (big blind) collected ($0.04)


Poker Hand #HD1731716690: Hold'em No Limit ($0.02/$0.05) - 2024/04/15 18:45:10
Table 'NLHBlue4' 6-max Seat #3 is the button
Seat 1: Hero ($5.26 in chips)
Seat 2: d5905675 ($6.33 in chips)
Seat 3: 8761bd12 ($5.81 in chips)
Seat 4: fd7b8d4e ($5.12 in chips)
Seat 5: 6bcb9940 ($6.45 in chips)
Seat 6: a9ee1a91 ($6.8 in chips)
fd7b8d4e: posts small blind $0.02
6bcb9940: posts big blind $0.05
*** HOLE CARDS ***
Dealt to Hero [5h 3d]
Dealt to d5905675 
Dealt to 8761bd12 
Dealt to fd7b8d4e 
Dealt to 6bcb9940 
Dealt to a9ee1a91 
a9ee1a91: folds
Hero: folds
d5905675: raises $0.05 to $0.1
8761bd12: calls $0.1
fd7b8d4e: folds
6bcb9940: calls $0.05
*** FLOP *** [5d 7h 9h]
6bcb9940: checks
d5905675: checks
8761bd12: checks
*** TURN *** [5d 7h 9h] [Kd]
6bcb9940: checks
d5905675: bets $0.2
8761bd12: folds
6bcb9940: folds
Uncalled bet ($0.2) returned to d5905675
*** SHOWDOWN ***
d5905675 collected $0.31 from pot
*** SUMMARY ***
Total pot $0.32 | Rake $0.01 | Jackpot $0 | Bingo $0 | Fortune $0 | Tax $0
Board [5d 7h 9h Kd]
Seat 1: Hero folded before Flop (didn't bet)
Seat 2: d5905675 won ($0.31)
Seat 3: 8761bd12 (button) folded on the Turn
Seat 4: fd7b8d4e (small blind) folded before Flop
Seat 5: 6bcb9940 (big blind) folded on the Turn
Seat 6: a9ee1a91 folded before Flop (didn't bet)


Poker Hand #HD1731716673: Hold'em No Limit ($0.02/$0.05) - 2024/04/15 18:45:00
Table 'NLHBlue4' 6-max Seat #2 is the button
Seat 1: Hero ($5.26 in chips)
Seat 2: d5905675 ($6.26 in chips)
Seat 3: 8761bd12 ($5.83 in chips)
Seat 4: fd7b8d4e ($5.17 in chips)
Seat 5: 6bcb9940 ($6.45 in chips)
Seat 6: a9ee1a91 ($6.8 in chips)
8761bd12: posts small blind $0.02
fd7b8d4e: posts big blind $0.05
*** HOLE CARDS ***
Dealt to Hero [6h 8d]
Dealt to d5905675 
Dealt to 8761bd12 
Dealt to fd7b8d4e 
Dealt to 6bcb9940 
Dealt to a9ee1a91 
6bcb9940: folds
a9ee1a91: folds
Hero: folds
d5905675: raises $0.05 to $0.1
8761bd12: folds
fd7b8d4e: folds
Uncalled bet ($0.05) returned to d5905675
*** SHOWDOWN ***
d5905675 collected $0.12 from pot
*** SUMMARY ***
Total pot $0.12 | Rake $0 | Jackpot $0 | Bingo $0 | Fortune $0 | Tax $0
Seat 1: Hero folded before Flop (didn't bet)
Seat 2: d5905675 (button) collected ($0.12)
Seat 3: 8761bd12 (small blind) folded before Flop
Seat 4: fd7b8d4e (big blind) folded before Flop
Seat 5: 6bcb9940 folded before Flop (didn't bet)
Seat 6: a9ee1a91 folded before Flop (didn't bet)


Poker Hand #HD1731716602: Hold'em No Limit ($0.02/$0.05) - 2024/04/15 18:44:27
Table 'NLHBlue4' 6-max Seat #1 is the button
Seat 1: Hero ($5.26 in chips)
Seat 2: d5905675 ($6.28 in chips)
Seat 3: 8761bd12 ($5.96 in chips)
Seat 4: fd7b8d4e ($5.17 in chips)
Seat 5: 6bcb9940 ($6.45 in chips)
Seat 6: a9ee1a91 ($6.66 in chips)
d5905675: posts small blind $0.02
8761bd12: posts big blind $0.05
*** HOLE CARDS ***
Dealt to Hero [3d 9c]
Dealt to d5905675 
Dealt to 8761bd12 
Dealt to fd7b8d4e 
Dealt to 6bcb9940 
Dealt to a9ee1a91 
fd7b8d4e: folds
6bcb9940: folds
a9ee1a91: raises $0.08 to $0.13
Hero: folds
d5905675: folds
8761bd12: calls $0.08
*** FLOP *** [8c Ts Kc]
8761bd12: checks
a9ee1a91: bets $0.09
8761bd12: folds
Uncalled bet ($0.09) returned to a9ee1a91
*** SHOWDOWN ***
a9ee1a91 collected $0.27 from pot
*** SUMMARY ***
Total pot $0.28 | Rake $0.01 | Jackpot $0 | Bingo $0 | Fortune $0 | Tax $0
Board [8c Ts Kc]
Seat 1: Hero (button) folded before Flop (didn't bet)
Seat 2: d5905675 (small blind) folded before Flop
Seat 3: 8761bd12 (big blind) folded on the Flop
Seat 4: fd7b8d4e folded before Flop (didn't bet)
Seat 5: 6bcb9940 folded before Flop (didn't bet)
Seat 6: a9ee1a91 won ($0.27)


Poker Hand #HD1731716568: Hold'em No Limit ($0.02/$0.05) - 2024/04/15 18:44:13
Table 'NLHBlue4' 6-max Seat #6 is the button
Seat 1: Hero ($5.28 in chips)
Seat 2: d5905675 ($6.26 in chips)
Seat 3: 8761bd12 ($5.96 in chips)
Seat 4: fd7b8d4e ($5.17 in chips)
Seat 5: 6bcb9940 ($6.45 in chips)
Seat 6: a9ee1a91 ($6.66 in chips)
Hero: posts small blind $0.02
d5905675: posts big blind $0.05
*** HOLE CARDS ***
Dealt to Hero [6s Qc]
Dealt to d5905675 
Dealt to 8761bd12 
Dealt to fd7b8d4e 
Dealt to 6bcb9940 
Dealt to a9ee1a91 
8761bd12: folds
fd7b8d4e: folds
6bcb9940: folds
a9ee1a91: folds
Hero: folds
Uncalled bet ($0.03) returned to d5905675
*** SHOWDOWN ***
d5905675 collected $0.04 from pot
*** SUMMARY ***
Total pot $0.04 | Rake $0 | Jackpot $0 | Bingo $0 | Fortune $0 | Tax $0
Seat 1: Hero (small blind) folded before Flop
Seat 2: d5905675 (big blind) collected ($0.04)
Seat 3: 8761bd12 folded before Flop (didn't bet)
Seat 4: fd7b8d4e folded before Flop (didn't bet)
Seat 5: 6bcb9940 folded before Flop (didn't bet)
Seat 6: a9ee1a91 (button) folded before Flop (didn't bet)


Poker Hand #HD1731716535: Hold'em No Limit ($0.02/$0.05) - 2024/04/15 18:43:59
Table 'NLHBlue4' 6-max Seat #5 is the button
Seat 1: Hero ($5.33 in chips)
Seat 2: d5905675 ($6.19 in chips)
Seat 3: 8761bd12 ($5.96 in chips)
Seat 4: fd7b8d4e ($5.17 in chips)
Seat 5: 6bcb9940 ($6.45 in chips)
Seat 6: a9ee1a91 ($6.68 in chips)
a9ee1a91: posts small blind $0.02
Hero: posts big blind $0.05
*** HOLE CARDS ***
Dealt to Hero [8h Ts]
Dealt to d5905675 
Dealt to 8761bd12 
Dealt to fd7b8d4e 
Dealt to 6bcb9940 
Dealt to a9ee1a91 
d5905675: raises $0.05 to $0.1
8761bd12: folds
fd7b8d4e: folds
6bcb9940: folds
a9ee1a91: folds
Hero: folds
Uncalled bet ($0.05) returned to d5905675
*** SHOWDOWN ***
d5905675 collected $0.12 from pot
*** SUMMARY ***
Total pot $0.12 | Rake $0 | Jackpot $0 | Bingo $0 | Fortune $0 | Tax $0
Seat 1: Hero (big blind) folded before Flop
Seat 2: d5905675 collected ($0.12)
Seat 3: 8761bd12 folded before Flop (didn't bet)
Seat 4: fd7b8d4e folded before Flop (didn't bet)
Seat 5: 6bcb9940 (button) folded before Flop (didn't bet)
Seat 6: a9ee1a91 (small blind) folded before Flop


Poker Hand #HD1731716510: Hold'em No Limit ($0.02/$0.05) - 2024/04/15 18:43:45
Table 'NLHBlue4' 6-max Seat #4 is the button
Seat 1: Hero ($5.33 in chips)
Seat 2: d5905675 ($6.19 in chips)
Seat 3: 8761bd12 ($5.89 in chips)
Seat 4: fd7b8d4e ($5.17 in chips)
Seat 5: 6bcb9940 ($6.47 in chips)
Seat 6: a9ee1a91 ($6.73 in chips)
6bcb9940: posts small blind $0.02
a9ee1a91: posts big blind $0.05
*** HOLE CARDS ***
Dealt to Hero [2d 9h]
Dealt to d5905675 
Dealt to 8761bd12 
Dealt to fd7b8d4e 
Dealt to 6bcb9940 
Dealt to a9ee1a91 
Hero: folds
d5905675: folds
8761bd12: raises $0.08 to $0.13
fd7b8d4e: folds
6bcb9940: folds
a9ee1a91: folds
Uncalled bet ($0.08) returned to 8761bd12
*** SHOWDOWN ***
8761bd12 collected $0.12 from pot
*** SUMMARY ***
Total pot $0.12 | Rake $0 | Jackpot $0 | Bingo $0 | Fortune $0 | Tax $0
Seat 1: Hero folded before Flop (didn't bet)
Seat 2: d5905675 folded before Flop (didn't bet)
Seat 3: 8761bd12 collected ($0.12)
Seat 4: fd7b8d4e (button) folded before Flop (didn't bet)
Seat 5: 6bcb9940 (small blind) folded before Flop
Seat 6: a9ee1a91 (big blind) folded before Flop


Poker Hand #HD1731716466: Hold'em No Limit ($0.02/$0.05) - 2024/04/15 18:43:32
Table 'NLHBlue4' 6-max Seat #3 is the button
Seat 1: Hero ($5.33 in chips)
Seat 2: d5905675 ($6.12 in chips)
Seat 3: 8761bd12 ($5.89 in chips)
Seat 4: fd7b8d4e ($5.19 in chips)
Seat 5: 6bcb9940 ($6.52 in chips)
Seat 6: a9ee1a91 ($6.73 in chips)
fd7b8d4e: posts small blind $0.02
6bcb9940: posts big blind $0.05
*** HOLE CARDS ***
Dealt to Hero [Ac 2d]
Dealt to d5905675 
Dealt to 8761bd12 
Dealt to fd7b8d4e 
Dealt to 6bcb9940 
Dealt to a9ee1a91 
a9ee1a91: folds
Hero: folds
d5905675: raises $0.05 to $0.1
8761bd12: folds
fd7b8d4e: folds
6bcb9940: folds
Uncalled bet ($0.05) returned to d5905675
*** SHOWDOWN ***
d5905675 collected $0.12 from pot
*** SUMMARY ***
Total pot $0.12 | Rake $0 | Jackpot $0 | Bingo $0 | Fortune $0 | Tax $0
Seat 1: Hero folded before Flop (didn't bet)
Seat 2: d5905675 collected ($0.12)
Seat 3: 8761bd12 (button) folded before Flop (didn't bet)
Seat 4: fd7b8d4e (small blind) folded before Flop
Seat 5: 6bcb9940 (big blind) folded before Flop
Seat 6: a9ee1a91 folded before Flop (didn't bet)


Poker Hand #HD1731716429: Hold'em No Limit ($0.02/$0.05) - 2024/04/15 18:43:13
Table 'NLHBlue4' 6-max Seat #2 is the button
Seat 1: Hero ($5.33 in chips)
Seat 2: d5905675 ($6.05 in chips)
Seat 3: 8761bd12 ($5.91 in chips)
Seat 4: fd7b8d4e ($5.24 in chips)
Seat 6: a9ee1a91 ($6.73 in chips)
8761bd12: posts small blind $0.02
fd7b8d4e: posts big blind $0.05
*** HOLE CARDS ***
Dealt to Hero [Th 3h]
Dealt to d5905675 
Dealt to 8761bd12 
Dealt to fd7b8d4e 
Dealt to a9ee1a91 
a9ee1a91: folds
Hero: folds
d5905675: raises $0.05 to $0.1
8761bd12: folds
fd7b8d4e: folds
Uncalled bet ($0.05) returned to d5905675
*** SHOWDOWN ***
d5905675 collected $0.12 from pot
*** SUMMARY ***
Total pot $0.12 | Rake $0 | Jackpot $0 | Bingo $0 | Fortune $0 | Tax $0
Seat 1: Hero folded before Flop (didn't bet)
Seat 2: d5905675 (button) collected ($0.12)
Seat 3: 8761bd12 (small blind) folded before Flop
Seat 4: fd7b8d4e (big blind) folded before Flop
Seat 6: a9ee1a91 folded before Flop (didn't bet)


Poker Hand #HD1731716399: Hold'em No Limit ($0.02/$0.05) - 2024/04/15 18:43:00
Table 'NLHBlue4' 6-max Seat #1 is the button
Seat 1: Hero ($5.33 in chips)
Seat 2: d5905675 ($6.07 in chips)
Seat 3: 8761bd12 ($5.96 in chips)
Seat 4: fd7b8d4e ($5.24 in chips)
Seat 6: a9ee1a91 ($6.66 in chips)
d5905675: posts small blind $0.02
8761bd12: posts big blind $0.05
*** HOLE CARDS ***
Dealt to Hero [Qs 4h]
Dealt to d5905675 
Dealt to 8761bd12 
Dealt to fd7b8d4e 
Dealt to a9ee1a91 
fd7b8d4e: folds
a9ee1a91: raises $0.08 to $0.13
Hero: folds
d5905675: folds
8761bd12: folds
Uncalled bet ($0.08) returned to a9ee1a91
*** SHOWDOWN ***
a9ee1a91 collected $0.12 from pot
*** SUMMARY ***
Total pot $0.12 | Rake $0 | Jackpot $0 | Bingo $0 | Fortune $0 | Tax $0
Seat 1: Hero (button) folded before Flop (didn't bet)
Seat 2: d5905675 (small blind) folded before Flop
Seat 3: 8761bd12 (big blind) folded before Flop
Seat 4: fd7b8d4e folded before Flop (didn't bet)
Seat 6: a9ee1a91 collected ($0.12)


Poker Hand #HD1731716384: Hold'em No Limit ($0.02/$0.05) - 2024/04/15 18:42:52
Table 'NLHBlue4' 6-max Seat #6 is the button
Seat 1: Hero ($5.35 in chips)
Seat 2: d5905675 ($6.05 in chips)
Seat 3: 8761bd12 ($5.96 in chips)
Seat 4: fd7b8d4e ($5.24 in chips)
Seat 6: a9ee1a91 ($6.66 in chips)
Hero: posts small blind $0.02
d5905675: posts big blind $0.05
*** HOLE CARDS ***
Dealt to Hero [7c 9d]
Dealt to d5905675 
Dealt to 8761bd12 
Dealt to fd7b8d4e 
Dealt to a9ee1a91 
8761bd12: folds
fd7b8d4e: folds
a9ee1a91: folds
Hero: folds
Uncalled bet ($0.03) returned to d5905675
*** SHOWDOWN ***
d5905675 collected $0.04 from pot
*** SUMMARY ***
Total pot $0.04 | Rake $0 | Jackpot $0 | Bingo $0 | Fortune $0 | Tax $0
Seat 1: Hero (small blind) folded before Flop
Seat 2: d5905675 (big blind) collected ($0.04)
Seat 3: 8761bd12 folded before Flop (didn't bet)
Seat 4: fd7b8d4e folded before Flop (didn't bet)
Seat 6: a9ee1a91 (button) folded before Flop (didn't bet)


Poker Hand #HD1731716333: Hold'em No Limit ($0.02/$0.05) - 2024/04/15 18:42:29
Table 'NLHBlue4' 6-max Seat #4 is the button
Seat 1: Hero ($5.4 in chips)
Seat 2: d5905675 ($6.05 in chips)
Seat 3: 8761bd12 ($5.96 in chips)
Seat 4: fd7b8d4e ($5.17 in chips)
Seat 6: a9ee1a91 ($6.68 in chips)
a9ee1a91: posts small blind $0.02
Hero: posts big blind $0.05
*** HOLE CARDS ***
Dealt to Hero [4h Td]
Dealt to d5905675 
Dealt to 8761bd12 
Dealt to fd7b8d4e 
Dealt to a9ee1a91 
d5905675: folds
8761bd12: folds
fd7b8d4e: raises $0.05 to $0.1
a9ee1a91: folds
Hero: folds
Uncalled bet ($0.05) returned to fd7b8d4e
*** SHOWDOWN ***
fd7b8d4e collected $0.12 from pot
*** SUMMARY ***
Total pot $0.12 | Rake $0 | Jackpot $0 | Bingo $0 | Fortune $0 | Tax $0
Seat 1: Hero (big blind) folded before Flop
Seat 2: d5905675 folded before Flop (didn't bet)
Seat 3: 8761bd12 folded before Flop (didn't bet)
Seat 4: fd7b8d4e (button) collected ($0.12)
Seat 6: a9ee1a91 (small blind) folded before Flop


Poker Hand #HD1731716292: Hold'em No Limit ($0.02/$0.05) - 2024/04/15 18:42:14
Table 'NLHBlue4' 6-max Seat #3 is the button
Seat 1: Hero ($5.4 in chips)
Seat 2: d5905675 ($6.05 in chips)
Seat 3: 8761bd12 ($5.96 in chips)
Seat 4: fd7b8d4e ($5.19 in chips)
Seat 6: a9ee1a91 ($6.66 in chips)
fd7b8d4e: posts small blind $0.02
a9ee1a91: posts big blind $0.05
*** HOLE CARDS ***
Dealt to Hero [3h 3d]
Dealt to d5905675 
Dealt to 8761bd12 
Dealt to fd7b8d4e 
Dealt to a9ee1a91 
Hero: folds
d5905675: folds
8761bd12: folds
fd7b8d4e: folds
Uncalled bet ($0.03) returned to a9ee1a91
*** SHOWDOWN ***
a9ee1a91 collected $0.04 from pot
*** SUMMARY ***
Total pot $0.04 | Rake $0 | Jackpot $0 | Bingo $0 | Fortune $0 | Tax $0
Seat 1: Hero folded before Flop (didn't bet)
Seat 2: d5905675 folded before Flop (didn't bet)
Seat 3: 8761bd12 (button) folded before Flop (didn't bet)
Seat 4: fd7b8d4e (small blind) folded before Flop
Seat 6: a9ee1a91 (big blind) collected ($0.04)


Poker Hand #HD1731716218: Hold'em No Limit ($0.02/$0.05) - 2024/04/15 18:41:39
Table 'NLHBlue4' 6-max Seat #2 is the button
Seat 1: Hero ($5.4 in chips)
Seat 2: d5905675 ($5.58 in chips)
Seat 3: 8761bd12 ($5.98 in chips)
Seat 4: fd7b8d4e ($5.55 in chips)
Seat 6: a9ee1a91 ($6.79 in chips)
8761bd12: posts small blind $0.02
fd7b8d4e: posts big blind $0.05
*** HOLE CARDS ***
Dealt to Hero [5d 4s]
Dealt to d5905675 
Dealt to 8761bd12 
Dealt to fd7b8d4e 
Dealt to a9ee1a91 
a9ee1a91: raises $0.08 to $0.13
Hero: folds
d5905675: raises $0.23 to $0.36
8761bd12: folds
fd7b8d4e: calls $0.31
a9ee1a91: folds
*** FLOP *** [5s Tc Qh]
fd7b8d4e: checks
d5905675: bets $0.3
fd7b8d4e: folds
Uncalled bet ($0.3) returned to d5905675
*** SHOWDOWN ***
d5905675 collected $0.83 from pot
*** SUMMARY ***
Total pot $0.87 | Rake $0.04 | Jackpot $0 | Bingo $0 | Fortune $0 | Tax $0
Board [5s Tc Qh]
Seat 1: Hero folded before Flop (didn't bet)
Seat 2: d5905675 (button) won ($0.83)
Seat 3: 8761bd12 (small blind) folded before Flop
Seat 4: fd7b8d4e (big blind) folded on the Flop
Seat 6: a9ee1a91 folded before Flop


Poker Hand #HD1731716194: Hold'em No Limit ($0.02/$0.05) - 2024/04/15 18:41:29
Table 'NLHBlue4' 6-max Seat #1 is the button
Seat 1: Hero ($5.4 in chips)
Seat 2: d5905675 ($5.53 in chips)
Seat 3: 8761bd12 ($6.03 in chips)
Seat 4: fd7b8d4e ($5.55 in chips)
Seat 6: a9ee1a91 ($6.79 in chips)
d5905675: posts small blind $0.02
8761bd12: posts big blind $0.05
*** HOLE CARDS ***
Dealt to Hero [2c 7s]
Dealt to d5905675 
Dealt to 8761bd12 
Dealt to fd7b8d4e 
Dealt to a9ee1a91 
fd7b8d4e: folds
a9ee1a91: folds
Hero: folds
d5905675: raises $0.05 to $0.1
8761bd12: folds
Uncalled bet ($0.05) returned to d5905675
*** SHOWDOWN ***
d5905675 collected $0.1 from pot
*** SUMMARY ***
Total pot $0.1 | Rake $0 | Jackpot $0 | Bingo $0 | Fortune $0 | Tax $0
Seat 1: Hero (button) folded before Flop (didn't bet)
Seat 2: d5905675 (small blind) collected ($0.1)
Seat 3: 8761bd12 (big blind) folded before Flop
Seat 4: fd7b8d4e folded before Flop (didn't bet)
Seat 6: a9ee1a91 folded before Flop (didn't bet)


Poker Hand #HD1731716017: Hold'em No Limit ($0.02/$0.05) - 2024/04/15 18:40:02
Table 'NLHBlue4' 6-max Seat #6 is the button
Seat 1: Hero ($5.42 in chips)
Seat 2: d5905675 ($6.64 in chips)
Seat 3: 8761bd12 ($6.03 in chips)
Seat 4: fd7b8d4e ($5.55 in chips)
Seat 6: a9ee1a91 ($5.82 in chips)
Hero: posts small blind $0.02
d5905675: posts big blind $0.05
*** HOLE CARDS ***
Dealt to Hero [4s 8s]
Dealt to d5905675 
Dealt to 8761bd12 
Dealt to fd7b8d4e 
Dealt to a9ee1a91 
8761bd12: folds
fd7b8d4e: folds
a9ee1a91: raises $0.08 to $0.13
Hero: folds
d5905675: calls $0.08
*** FLOP *** [9h Jh Jd]
d5905675: checks
a9ee1a91: bets $0.09
d5905675: calls $0.09
*** TURN *** [9h Jh Jd] [Ks]
d5905675: checks
a9ee1a91: bets $0.33
d5905675: calls $0.33
*** RIVER *** [9h Jh Jd Ks] [6h]
d5905675: bets $0.56
a9ee1a91: raises $4.71 to $5.27 and is all-in
d5905675: folds
Uncalled bet ($4.71) returned to a9ee1a91
*** SHOWDOWN ***
a9ee1a91 collected $2.08 from pot
*** SUMMARY ***
Total pot $2.24 | Rake $0.11 | Jackpot $0.05 | Bingo $0 | Fortune $0 | Tax $0
Board [9h Jh Jd Ks 6h]
Seat 1: Hero (small blind) folded before Flop
Seat 2: d5905675 (big blind) folded on the River
Seat 3: 8761bd12 folded before Flop (didn't bet)
Seat 4: fd7b8d4e folded before Flop (didn't bet)
Seat 6: a9ee1a91 (button) won ($2.08)


Poker Hand #HD1731715932: Hold'em No Limit ($0.02/$0.05) - 2024/04/15 18:39:20
Table 'NLHBlue4' 6-max Seat #4 is the button
Seat 1: Hero ($5.62 in chips)
Seat 2: d5905675 ($6.64 in chips)
Seat 3: 8761bd12 ($6.03 in chips)
Seat 4: fd7b8d4e ($5.35 in chips)
Seat 6: a9ee1a91 ($5.84 in chips)
a9ee1a91: posts small blind $0.02
Hero: posts big blind $0.05
*** HOLE CARDS ***
Dealt to Hero [Td Kd]
Dealt to d5905675 
Dealt to 8761bd12 
Dealt to fd7b8d4e 
Dealt to a9ee1a91 
d5905675: folds
8761bd12: folds
fd7b8d4e: calls $0.05
a9ee1a91: folds
Hero: raises $0.15 to $0.2
fd7b8d4e: calls $0.15
*** FLOP *** [Js 2c 7h]
Hero: checks
fd7b8d4e: bets $0.42
Hero: folds
Uncalled bet ($0.42) returned to fd7b8d4e
*** SHOWDOWN ***
fd7b8d4e collected $0.4 from pot
*** SUMMARY ***
Total pot $0.42 | Rake $0.02 | Jackpot $0 | Bingo $0 | Fortune $0 | Tax $0
Board [Js 2c 7h]
Seat 1: Hero (big blind) folded on the Flop
Seat 2: d5905675 folded before Flop (didn't bet)
Seat 3: 8761bd12 folded before Flop (didn't bet)
Seat 4: fd7b8d4e (button) won ($0.4)
Seat 6: a9ee1a91 (small blind) folded before Flop


Poker Hand #HD1731715911: Hold'em No Limit ($0.02/$0.05) - 2024/04/15 18:39:09
Table 'NLHBlue4' 6-max Seat #3 is the button
Seat 1: Hero ($5.62 in chips)
Seat 2: d5905675 ($6.64 in chips)
Seat 3: 8761bd12 ($6.03 in chips)
Seat 4: fd7b8d4e ($5.37 in chips)
Seat 6: a9ee1a91 ($5.82 in chips)
fd7b8d4e: posts small blind $0.02
a9ee1a91: posts big blind $0.05
*** HOLE CARDS ***
Dealt to Hero [4c 5s]
Dealt to d5905675 
Dealt to 8761bd12 
Dealt to fd7b8d4e 
Dealt to a9ee1a91 
Hero: folds
d5905675: folds
8761bd12: folds
fd7b8d4e: folds
Uncalled bet ($0.03) returned to a9ee1a91
*** SHOWDOWN ***
a9ee1a91 collected $0.04 from pot
*** SUMMARY ***
Total pot $0.04 | Rake $0 | Jackpot $0 | Bingo $0 | Fortune $0 | Tax $0
Seat 1: Hero folded before Flop (didn't bet)
Seat 2: d5905675 folded before Flop (didn't bet)
Seat 3: 8761bd12 (button) folded before Flop (didn't bet)
Seat 4: fd7b8d4e (small blind) folded before Flop
Seat 6: a9ee1a91 (big blind) collected ($0.04)


Poker Hand #HD1731715877: Hold'em No Limit ($0.02/$0.05) - 2024/04/15 18:38:53
Table 'NLHBlue4' 6-max Seat #2 is the button
Seat 1: Hero ($5.62 in chips)
Seat 2: d5905675 ($6.64 in chips)
Seat 3: 8761bd12 ($6.05 in chips)
Seat 4: fd7b8d4e ($5.35 in chips)
Seat 6: a9ee1a91 ($5.82 in chips)
8761bd12: posts small blind $0.02
fd7b8d4e: posts big blind $0.05
*** HOLE CARDS ***
Dealt to Hero [6s Qd]
Dealt to d5905675 
Dealt to 8761bd12 
Dealt to fd7b8d4e 
Dealt to a9ee1a91 
a9ee1a91: folds
Hero: folds
d5905675: folds
8761bd12: folds
Uncalled bet ($0.03) returned to fd7b8d4e
*** SHOWDOWN ***
fd7b8d4e collected $0.04 from pot
*** SUMMARY ***
Total pot $0.04 | Rake $0 | Jackpot $0 | Bingo $0 | Fortune $0 | Tax $0
Seat 1: Hero folded before Flop (didn't bet)
Seat 2: d5905675 (button) folded before Flop (didn't bet)
Seat 3: 8761bd12 (small blind) folded before Flop
Seat 4: fd7b8d4e (big blind) collected ($0.04)
Seat 6: a9ee1a91 folded before Flop (didn't bet)


Poker Hand #HD1731715851: Hold'em No Limit ($0.02/$0.05) - 2024/04/15 18:38:38
Table 'NLHBlue4' 6-max Seat #1 is the button
Seat 1: Hero ($5.55 in chips)
Seat 2: d5905675 ($6.66 in chips)
Seat 3: 8761bd12 ($6.1 in chips)
Seat 4: fd7b8d4e ($5.35 in chips)
Seat 6: a9ee1a91 ($5.82 in chips)
d5905675: posts small blind $0.02
8761bd12: posts big blind $0.05
*** HOLE CARDS ***
Dealt to Hero [Jc Ah]
Dealt to d5905675 
Dealt to 8761bd12 
Dealt to fd7b8d4e 
Dealt to a9ee1a91 
fd7b8d4e: folds
a9ee1a91: folds
Hero: raises $0.07 to $0.12
d5905675: folds
8761bd12: folds
Uncalled bet ($0.07) returned to Hero
*** SHOWDOWN ***
Hero collected $0.12 from pot
*** SUMMARY ***
Total pot $0.12 | Rake $0 | Jackpot $0 | Bingo $0 | Fortune $0 | Tax $0
Seat 1: Hero (button) collected ($0.12)
Seat 2: d5905675 (small blind) folded before Flop
Seat 3: 8761bd12 (big blind) folded before Flop
Seat 4: fd7b8d4e folded before Flop (didn't bet)
Seat 6: a9ee1a91 folded before Flop (didn't bet)


Poker Hand #HD1731715793: Hold'em No Limit ($0.02/$0.05) - 2024/04/15 18:38:05
Table 'NLHBlue4' 6-max Seat #6 is the button
Seat 1: Hero ($5.67 in chips)
Seat 2: d5905675 ($6.55 in chips)
Seat 4: fd7b8d4e ($5.35 in chips)
Seat 6: a9ee1a91 ($5.82 in chips)
Hero: posts small blind $0.02
d5905675: posts big blind $0.05
*** HOLE CARDS ***
Dealt to Hero [Qd Th]
Dealt to d5905675 
Dealt to fd7b8d4e 
Dealt to a9ee1a91 
fd7b8d4e: folds
a9ee1a91: folds
Hero: raises $0.07 to $0.12
d5905675: calls $0.07
*** FLOP *** [5d 6s 5c]
Hero: checks
d5905675: bets $0.15
Hero: folds
Uncalled bet ($0.15) returned to d5905675
*** SHOWDOWN ***
d5905675 collected $0.23 from pot
*** SUMMARY ***
Total pot $0.24 | Rake $0.01 | Jackpot $0 | Bingo $0 | Fortune $0 | Tax $0
Board [5d 6s 5c]
Seat 1: Hero (small blind) folded on the Flop
Seat 2: d5905675 (big blind) won ($0.23)
Seat 4: fd7b8d4e folded before Flop (didn't bet)
Seat 6: a9ee1a91 (button) folded before Flop (didn't bet)


Poker Hand #HD1731715773: Hold'em No Limit ($0.02/$0.05) - 2024/04/15 18:37:54
Table 'NLHBlue4' 6-max Seat #4 is the button
Seat 1: Hero ($5.65 in chips)
Seat 2: d5905675 ($6.55 in chips)
Seat 4: fd7b8d4e ($5.35 in chips)
Seat 6: a9ee1a91 ($5.84 in chips)
a9ee1a91: posts small blind $0.02
Hero: posts big blind $0.05
*** HOLE CARDS ***
Dealt to Hero [Qh 9s]
Dealt to d5905675 
Dealt to fd7b8d4e 
Dealt to a9ee1a91 
d5905675: folds
fd7b8d4e: folds
a9ee1a91: folds
Uncalled bet ($0.03) returned to Hero
*** SHOWDOWN ***
Hero collected $0.04 from pot
*** SUMMARY ***
Total pot $0.04 | Rake $0 | Jackpot $0 | Bingo $0 | Fortune $0 | Tax $0
Seat 1: Hero (big blind) collected ($0.04)
Seat 2: d5905675 folded before Flop (didn't bet)
Seat 4: fd7b8d4e (button) folded before Flop (didn't bet)
Seat 6: a9ee1a91 (small blind) folded before Flop


Poker Hand #HD1731715749: Hold'em No Limit ($0.02/$0.05) - 2024/04/15 18:37:43
Table 'NLHBlue4' 6-max Seat #2 is the button
Seat 1: Hero ($5.65 in chips)
Seat 2: d5905675 ($6.55 in chips)
Seat 4: fd7b8d4e ($5.37 in chips)
Seat 6: a9ee1a91 ($5.82 in chips)
fd7b8d4e: posts small blind $0.02
a9ee1a91: posts big blind $0.05
*** HOLE CARDS ***
Dealt to Hero [7c 8s]
Dealt to d5905675 
Dealt to fd7b8d4e 
Dealt to a9ee1a91 
Hero: folds
d5905675: folds
fd7b8d4e: folds
Uncalled bet ($0.03) returned to a9ee1a91
*** SHOWDOWN ***
a9ee1a91 collected $0.04 from pot
*** SUMMARY ***
Total pot $0.04 | Rake $0 | Jackpot $0 | Bingo $0 | Fortune $0 | Tax $0
Seat 1: Hero folded before Flop (didn't bet)
Seat 2: d5905675 (button) folded before Flop (didn't bet)
Seat 4: fd7b8d4e (small blind) folded before Flop
Seat 6: a9ee1a91 (big blind) collected ($0.04)


Poker Hand #HD1731715723: Hold'em No Limit ($0.02/$0.05) - 2024/04/15 18:37:31
Table 'NLHBlue4' 6-max Seat #1 is the button
Seat 1: Hero ($5.65 in chips)
Seat 2: d5905675 ($6.5 in chips)
Seat 4: fd7b8d4e ($5.42 in chips)
Seat 6: a9ee1a91 ($5.82 in chips)
d5905675: posts small blind $0.02
fd7b8d4e: posts big blind $0.05
*** HOLE CARDS ***
Dealt to Hero [Qc 2s]
Dealt to d5905675 
Dealt to fd7b8d4e 
Dealt to a9ee1a91 
a9ee1a91: folds
Hero: folds
d5905675: raises $0.05 to $0.1
fd7b8d4e: folds
Uncalled bet ($0.05) returned to d5905675
*** SHOWDOWN ***
d5905675 collected $0.1 from pot
*** SUMMARY ***
Total pot $0.1 | Rake $0 | Jackpot $0 | Bingo $0 | Fortune $0 | Tax $0
Seat 1: Hero (button) folded before Flop (didn't bet)
Seat 2: d5905675 (small blind) collected ($0.1)
Seat 4: fd7b8d4e (big blind) folded before Flop
Seat 6: a9ee1a91 folded before Flop (didn't bet)


Poker Hand #HD1731715701: Hold'em No Limit ($0.02/$0.05) - 2024/04/15 18:37:20
Table 'NLHBlue4' 6-max Seat #6 is the button
Seat 1: Hero ($5.67 in chips)
Seat 2: d5905675 ($6.55 in chips)
Seat 4: fd7b8d4e ($5.42 in chips)
Seat 6: a9ee1a91 ($5.75 in chips)
Hero: posts small blind $0.02
d5905675: posts big blind $0.05
*** HOLE CARDS ***
Dealt to Hero [9d 3d]
Dealt to d5905675 
Dealt to fd7b8d4e 
Dealt to a9ee1a91 
fd7b8d4e: folds
a9ee1a91: raises $0.08 to $0.13
Hero: folds
d5905675: folds
Uncalled bet ($0.08) returned to a9ee1a91
*** SHOWDOWN ***
a9ee1a91 collected $0.12 from pot
*** SUMMARY ***
Total pot $0.12 | Rake $0 | Jackpot $0 | Bingo $0 | Fortune $0 | Tax $0
Seat 1: Hero (small blind) folded before Flop
Seat 2: d5905675 (big blind) folded before Flop
Seat 4: fd7b8d4e folded before Flop (didn't bet)
Seat 6: a9ee1a91 (button) collected ($0.12)


Poker Hand #HD1731715644: Hold'em No Limit ($0.02/$0.05) - 2024/04/15 18:36:52
Table 'NLHBlue4' 6-max Seat #4 is the button
Seat 1: Hero ($5.85 in chips)
Seat 2: d5905675 ($6.36 in chips)
Seat 4: fd7b8d4e ($5.42 in chips)
Seat 6: a9ee1a91 ($5.77 in chips)
a9ee1a91: posts small blind $0.02
Hero: posts big blind $0.05
*** HOLE CARDS ***
Dealt to Hero [7c 8c]
Dealt to d5905675 
Dealt to fd7b8d4e 
Dealt to a9ee1a91 
d5905675: raises $0.05 to $0.1
fd7b8d4e: folds
a9ee1a91: folds
Hero: calls $0.05
*** FLOP *** [3s Kh Tc]
Hero: checks
d5905675: bets $0.08
Hero: calls $0.08
*** TURN *** [3s Kh Tc] [4s]
Hero: checks
d5905675: bets $0.15
Hero: folds
Uncalled bet ($0.15) returned to d5905675
*** SHOWDOWN ***
d5905675 collected $0.37 from pot
*** SUMMARY ***
Total pot $0.38 | Rake $0.01 | Jackpot $0 | Bingo $0 | Fortune $0 | Tax $0
Board [3s Kh Tc 4s]
Seat 1: Hero (big blind) folded on the Turn
Seat 2: d5905675 won ($0.37)
Seat 4: fd7b8d4e (button) folded before Flop (didn't bet)
Seat 6: a9ee1a91 (small blind) folded before Flop


Poker Hand #HD1731615622: Hold'em No Limit ($0.02/$0.05) - 2024/04/15 18:36:40
Table 'NLHBlue4' 6-max Seat #2 is the button
Seat 1: Hero ($5.85 in chips)
Seat 2: d5905675 ($6.29 in chips)
Seat 4: fd7b8d4e ($5.44 in chips)
Seat 6: a9ee1a91 ($5.82 in chips)
fd7b8d4e: posts small blind $0.02
a9ee1a91: posts big blind $0.05
*** HOLE CARDS ***
Dealt to Hero [Th 7s]
Dealt to d5905675 
Dealt to fd7b8d4e 
Dealt to a9ee1a91 
Hero: folds
d5905675: raises $0.05 to $0.1
fd7b8d4e: folds
a9ee1a91: folds
Uncalled bet ($0.05) returned to d5905675
*** SHOWDOWN ***
d5905675 collected $0.12 from pot
*** SUMMARY ***
Total pot $0.12 | Rake $0 | Jackpot $0 | Bingo $0 | Fortune $0 | Tax $0
Seat 1: Hero folded before Flop (didn't bet)
Seat 2: d5905675 (button) collected ($0.12)
Seat 4: fd7b8d4e (small blind) folded before Flop
Seat 6: a9ee1a91 (big blind) folded before Flop


Poker Hand #HD1731615593: Hold'em No Limit ($0.02/$0.05) - 2024/04/15 18:36:30
Table 'NLHBlue4' 6-max Seat #1 is the button
Seat 1: Hero ($5.85 in chips)
Seat 2: d5905675 ($6.24 in chips)
Seat 4: fd7b8d4e ($5.49 in chips)
Seat 6: a9ee1a91 ($5.82 in chips)
d5905675: posts small blind $0.02
fd7b8d4e: posts big blind $0.05
*** HOLE CARDS ***
Dealt to Hero [8h Qd]
Dealt to d5905675 
Dealt to fd7b8d4e 
Dealt to a9ee1a91 
a9ee1a91: folds
Hero: folds
d5905675: raises $0.1 to $0.15
fd7b8d4e: folds
Uncalled bet ($0.1) returned to d5905675
*** SHOWDOWN ***
d5905675 collected $0.1 from pot
*** SUMMARY ***
Total pot $0.1 | Rake $0 | Jackpot $0 | Bingo $0 | Fortune $0 | Tax $0
Seat 1: Hero (button) folded before Flop (didn't bet)
Seat 2: d5905675 (small blind) collected ($0.1)
Seat 4: fd7b8d4e (big blind) folded before Flop
Seat 6: a9ee1a91 folded before Flop (didn't bet)


Poker Hand #HD1731615571: Hold'em No Limit ($0.02/$0.05) - 2024/04/15 18:36:19
Table 'NLHBlue4' 6-max Seat #6 is the button
Seat 1: Hero ($5.87 in chips)
Seat 2: d5905675 ($6.22 in chips)
Seat 4: fd7b8d4e ($5.49 in chips)
Seat 6: a9ee1a91 ($5.82 in chips)
Hero: posts small blind $0.02
d5905675: posts big blind $0.05
*** HOLE CARDS ***
Dealt to Hero [4s Tc]
Dealt to d5905675 
Dealt to fd7b8d4e 
Dealt to a9ee1a91 
fd7b8d4e: folds
a9ee1a91: folds
Hero: folds
Uncalled bet ($0.03) returned to d5905675
*** SHOWDOWN ***
d5905675 collected $0.04 from pot
*** SUMMARY ***
Total pot $0.04 | Rake $0 | Jackpot $0 | Bingo $0 | Fortune $0 | Tax $0
Seat 1: Hero (small blind) folded before Flop
Seat 2: d5905675 (big blind) collected ($0.04)
Seat 4: fd7b8d4e folded before Flop (didn't bet)
Seat 6: a9ee1a91 (button) folded before Flop (didn't bet)


Poker Hand #HD1731615523: Hold'em No Limit ($0.02/$0.05) - 2024/04/15 18:35:57
Table 'NLHBlue4' 6-max Seat #4 is the button
Seat 1: Hero ($5.76 in chips)
Seat 2: d5905675 ($6.32 in chips)
Seat 4: fd7b8d4e ($5.49 in chips)
Seat 6: a9ee1a91 ($5.84 in chips)
a9ee1a91: posts small blind $0.02
Hero: posts big blind $0.05
*** HOLE CARDS ***
Dealt to Hero [Ad As]
Dealt to d5905675 
Dealt to fd7b8d4e 
Dealt to a9ee1a91 
d5905675: raises $0.05 to $0.1
fd7b8d4e: folds
a9ee1a91: folds
Hero: raises $0.3 to $0.4
d5905675: folds
Uncalled bet ($0.3) returned to Hero
*** SHOWDOWN ***
Hero collected $0.21 from pot
*** SUMMARY ***
Total pot $0.22 | Rake $0.01 | Jackpot $0 | Bingo $0 | Fortune $0 | Tax $0
Seat 1: Hero (big blind) collected ($0.21)
Seat 2: d5905675 folded before Flop
Seat 4: fd7b8d4e (button) folded before Flop (didn't bet)
Seat 6: a9ee1a91 (small blind) folded before Flop


Poker Hand #HD1731615505: Hold'em No Limit ($0.02/$0.05) - 2024/04/15 18:35:47
Table 'NLHBlue4' 6-max Seat #2 is the button
Seat 1: Hero ($5.69 in chips)
Seat 2: d5905675 ($6.32 in chips)
Seat 4: fd7b8d4e ($5.51 in chips)
Seat 6: a9ee1a91 ($5.89 in chips)
fd7b8d4e: posts small blind $0.02
a9ee1a91: posts big blind $0.05
*** HOLE CARDS ***
Dealt to Hero [Ah 8h]
Dealt to d5905675 
Dealt to fd7b8d4e 
Dealt to a9ee1a91 
Hero: raises $0.07 to $0.12
d5905675: folds
fd7b8d4e: folds
a9ee1a91: folds
Uncalled bet ($0.07) returned to Hero
*** SHOWDOWN ***
Hero collected $0.12 from pot
*** SUMMARY ***
Total pot $0.12 | Rake $0 | Jackpot $0 | Bingo $0 | Fortune $0 | Tax $0
Seat 1: Hero collected ($0.12)
Seat 2: d5905675 (button) folded before Flop (didn't bet)
Seat 4: fd7b8d4e (small blind) folded before Flop
Seat 6: a9ee1a91 (big blind) folded before Flop


Poker Hand #HD1731615340: Hold'em No Limit ($0.02/$0.05) - 2024/04/15 18:34:30
Table 'NLHBlue4' 6-max Seat #1 is the button
Seat 1: Hero ($5.69 in chips)
Seat 2: d5905675 ($6.34 in chips)
Seat 4: fd7b8d4e ($5.66 in chips)
Seat 5: 6bcb9940 ($6.36 in chips)
Seat 6: a9ee1a91 ($5.89 in chips)
d5905675: posts small blind $0.02
fd7b8d4e: posts big blind $0.05
*** HOLE CARDS ***
Dealt to Hero [Kh Jc]
Dealt to d5905675 
Dealt to fd7b8d4e 
Dealt to 6bcb9940 
Dealt to a9ee1a91 
6bcb9940: raises $0.1 to $0.15
a9ee1a91: folds
Hero: folds
d5905675: folds
fd7b8d4e: calls $0.1
*** FLOP *** [4d Tc 9s]
fd7b8d4e: checks
6bcb9940: checks
*** TURN *** [4d Tc 9s] [8c]
fd7b8d4e: checks
6bcb9940: bets $0.15
fd7b8d4e: folds
Uncalled bet ($0.15) returned to 6bcb9940
*** SHOWDOWN ***
6bcb9940 collected $0.31 from pot
*** SUMMARY ***
Total pot $0.32 | Rake $0.01 | Jackpot $0 | Bingo $0 | Fortune $0 | Tax $0
Board [4d Tc 9s 8c]
Seat 1: Hero (button) folded before Flop (didn't bet)
Seat 2: d5905675 (small blind) folded before Flop
Seat 4: fd7b8d4e (big blind) folded on the Turn
Seat 5: 6bcb9940 won ($0.31)
Seat 6: a9ee1a91 folded before Flop (didn't bet)


Poker Hand #HD1731615208: Hold'em No Limit ($0.02/$0.05) - 2024/04/15 18:33:27
Table 'NLHBlue4' 6-max Seat #6 is the button
Seat 1: Hero ($5.71 in chips)
Seat 2: d5905675 ($5.91 in chips)
Seat 3: 8761bd12 ($6.1 in chips)
Seat 4: fd7b8d4e ($5.66 in chips)
Seat 5: 6bcb9940 ($6.36 in chips)
Seat 6: a9ee1a91 ($6.34 in chips)
Hero: posts small blind $0.02
d5905675: posts big blind $0.05
*** HOLE CARDS ***
Dealt to Hero [7s 8s]
Dealt to d5905675 
Dealt to 8761bd12 
Dealt to fd7b8d4e 
Dealt to 6bcb9940 
Dealt to a9ee1a91 
8761bd12: folds
fd7b8d4e: folds
6bcb9940: folds
a9ee1a91: raises $0.08 to $0.13
Hero: folds
d5905675: calls $0.08
*** FLOP *** [Td 6s 7d]
d5905675: checks
a9ee1a91: bets $0.09
d5905675: raises $0.23 to $0.32
a9ee1a91: calls $0.23
*** TURN *** [Td 6s 7d] [9d]
d5905675: bets $0.46
a9ee1a91: folds
Uncalled bet ($0.46) returned to d5905675
*** SHOWDOWN ***
d5905675 collected $0.88 from pot
*** SUMMARY ***
Total pot $0.92 | Rake $0.04 | Jackpot $0 | Bingo $0 | Fortune $0 | Tax $0
Board [Td 6s 7d 9d]
Seat 1: Hero (small blind) folded before Flop
Seat 2: d5905675 (big blind) won ($0.88)
Seat 3: 8761bd12 folded before Flop (didn't bet)
Seat 4: fd7b8d4e folded before Flop (didn't bet)
Seat 5: 6bcb9940 folded before Flop (didn't bet)
Seat 6: a9ee1a91 (button) folded on the Turn


Poker Hand #HD1731615180: Hold'em No Limit ($0.02/$0.05) - 2024/04/15 18:33:14
Table 'NLHBlue4' 6-max Seat #5 is the button
Seat 1: Hero ($5.76 in chips)
Seat 2: d5905675 ($5.91 in chips)
Seat 3: 8761bd12 ($6.1 in chips)
Seat 4: fd7b8d4e ($5.59 in chips)
Seat 5: 6bcb9940 ($6.36 in chips)
Seat 6: a9ee1a91 ($6.36 in chips)
a9ee1a91: posts small blind $0.02
Hero: posts big blind $0.05
*** HOLE CARDS ***
Dealt to Hero [Qd 4c]
Dealt to d5905675 
Dealt to 8761bd12 
Dealt to fd7b8d4e 
Dealt to 6bcb9940 
Dealt to a9ee1a91 
d5905675: folds
8761bd12: folds
fd7b8d4e: raises $0.05 to $0.1
6bcb9940: folds
a9ee1a91: folds
Hero: folds
Uncalled bet ($0.05) returned to fd7b8d4e
*** SHOWDOWN ***
fd7b8d4e collected $0.12 from pot
*** SUMMARY ***
Total pot $0.12 | Rake $0 | Jackpot $0 | Bingo $0 | Fortune $0 | Tax $0
Seat 1: Hero (big blind) folded before Flop
Seat 2: d5905675 folded before Flop (didn't bet)
Seat 3: 8761bd12 folded before Flop (didn't bet)
Seat 4: fd7b8d4e collected ($0.12)
Seat 5: 6bcb9940 (button) folded before Flop (didn't bet)
Seat 6: a9ee1a91 (small blind) folded before Flop


Poker Hand #HD1731615039: Hold'em No Limit ($0.02/$0.05) - 2024/04/15 18:32:03
Table 'NLHBlue4' 6-max Seat #4 is the button
Seat 1: Hero ($5.76 in chips)
Seat 2: d5905675 ($5.91 in chips)
Seat 3: 8761bd12 ($6.1 in chips)
Seat 4: fd7b8d4e ($5.28 in chips)
Seat 5: 6bcb9940 ($6.38 in chips)
Seat 6: a9ee1a91 ($6.68 in chips)
6bcb9940: posts small blind $0.02
a9ee1a91: posts big blind $0.05
*** HOLE CARDS ***
Dealt to Hero [Ks 8h]
Dealt to d5905675 
Dealt to 8761bd12 
Dealt to fd7b8d4e 
Dealt to 6bcb9940 
Dealt to a9ee1a91 
Hero: folds
d5905675: folds
8761bd12: folds
fd7b8d4e: raises $0.05 to $0.1
6bcb9940: folds
a9ee1a91: calls $0.05
*** FLOP *** [9h 9s Qd]
a9ee1a91: checks
fd7b8d4e: bets $0.22
a9ee1a91: calls $0.22
*** TURN *** [9h 9s Qd] [Jd]
a9ee1a91: checks
fd7b8d4e: checks
*** RIVER *** [9h 9s Qd Jd] [Ad]
a9ee1a91: checks
fd7b8d4e: bets $0.66
a9ee1a91: folds
Uncalled bet ($0.66) returned to fd7b8d4e
*** SHOWDOWN ***
fd7b8d4e collected $0.63 from pot
*** SUMMARY ***
Total pot $0.66 | Rake $0.03 | Jackpot $0 | Bingo $0 | Fortune $0 | Tax $0
Board [9h 9s Qd Jd Ad]
Seat 1: Hero folded before Flop (didn't bet)
Seat 2: d5905675 folded before Flop (didn't bet)
Seat 3: 8761bd12 folded before Flop (didn't bet)
Seat 4: fd7b8d4e (button) won ($0.63)
Seat 5: 6bcb9940 (small blind) folded before Flop
Seat 6: a9ee1a91 (big blind) folded on the River


Poker Hand #HD1731615016: Hold'em No Limit ($0.02/$0.05) - 2024/04/15 18:31:53
Table 'NLHBlue4' 6-max Seat #3 is the button
Seat 1: Hero ($5.76 in chips)
Seat 2: d5905675 ($5.91 in chips)
Seat 3: 8761bd12 ($6.1 in chips)
Seat 4: fd7b8d4e ($5.3 in chips)
Seat 5: 6bcb9940 ($6.43 in chips)
Seat 6: a9ee1a91 ($6.61 in chips)
fd7b8d4e: posts small blind $0.02
6bcb9940: posts big blind $0.05
*** HOLE CARDS ***
Dealt to Hero [5d 5h]
Dealt to d5905675 
Dealt to 8761bd12 
Dealt to fd7b8d4e 
Dealt to 6bcb9940 
Dealt to a9ee1a91 
a9ee1a91: raises $0.08 to $0.13
Hero: folds
d5905675: folds
8761bd12: folds
fd7b8d4e: folds
6bcb9940: folds
Uncalled bet ($0.08) returned to a9ee1a91
*** SHOWDOWN ***
a9ee1a91 collected $0.12 from pot
*** SUMMARY ***
Total pot $0.12 | Rake $0 | Jackpot $0 | Bingo $0 | Fortune $0 | Tax $0
Seat 1: Hero folded before Flop (didn't bet)
Seat 2: d5905675 folded before Flop (didn't bet)
Seat 3: 8761bd12 (button) folded before Flop (didn't bet)
Seat 4: fd7b8d4e (small blind) folded before Flop
Seat 5: 6bcb9940 (big blind) folded before Flop
Seat 6: a9ee1a91 collected ($0.12)


Poker Hand #HD1731614990: Hold'em No Limit ($0.02/$0.05) - 2024/04/15 18:31:41
Table 'NLHBlue4' 6-max Seat #2 is the button
Seat 1: Hero ($5.76 in chips)
Seat 2: d5905675 ($5.91 in chips)
Seat 3: 8761bd12 ($6.12 in chips)
Seat 4: fd7b8d4e ($5.28 in chips)
Seat 5: 6bcb9940 ($6.43 in chips)
Seat 6: a9ee1a91 ($6.61 in chips)
8761bd12: posts small blind $0.02
fd7b8d4e: posts big blind $0.05
*** HOLE CARDS ***
Dealt to Hero [5c Qd]
Dealt to d5905675 
Dealt to 8761bd12 
Dealt to fd7b8d4e 
Dealt to 6bcb9940 
Dealt to a9ee1a91 
6bcb9940: folds
a9ee1a91: folds
Hero: folds
d5905675: folds
8761bd12: folds
Uncalled bet ($0.03) returned to fd7b8d4e
*** SHOWDOWN ***
fd7b8d4e collected $0.04 from pot
*** SUMMARY ***
Total pot $0.04 | Rake $0 | Jackpot $0 | Bingo $0 | Fortune $0 | Tax $0
Seat 1: Hero folded before Flop (didn't bet)
Seat 2: d5905675 (button) folded before Flop (didn't bet)
Seat 3: 8761bd12 (small blind) folded before Flop
Seat 4: fd7b8d4e (big blind) collected ($0.04)
Seat 5: 6bcb9940 folded before Flop (didn't bet)
Seat 6: a9ee1a91 folded before Flop (didn't bet)


Poker Hand #HD1731614964: Hold'em No Limit ($0.02/$0.05) - 2024/04/15 18:31:28
Table 'NLHBlue4' 6-max Seat #1 is the button
Seat 1: Hero ($5.76 in chips)
Seat 2: d5905675 ($5.93 in chips)
Seat 3: 8761bd12 ($6.1 in chips)
Seat 4: fd7b8d4e ($5.28 in chips)
Seat 5: 6bcb9940 ($6.43 in chips)
Seat 6: a9ee1a91 ($6.61 in chips)
d5905675: posts small blind $0.02
8761bd12: posts big blind $0.05
*** HOLE CARDS ***
Dealt to Hero [6s Jd]
Dealt to d5905675 
Dealt to 8761bd12 
Dealt to fd7b8d4e 
Dealt to 6bcb9940 
Dealt to a9ee1a91 
fd7b8d4e: folds
6bcb9940: folds
a9ee1a91: folds
Hero: folds
d5905675: folds
Uncalled bet ($0.03) returned to 8761bd12
*** SHOWDOWN ***
8761bd12 collected $0.04 from pot
*** SUMMARY ***
Total pot $0.04 | Rake $0 | Jackpot $0 | Bingo $0 | Fortune $0 | Tax $0
Seat 1: Hero (button) folded before Flop (didn't bet)
Seat 2: d5905675 (small blind) folded before Flop
Seat 3: 8761bd12 (big blind) collected ($0.04)
Seat 4: fd7b8d4e folded before Flop (didn't bet)
Seat 5: 6bcb9940 folded before Flop (didn't bet)
Seat 6: a9ee1a91 folded before Flop (didn't bet)


Poker Hand #HD1731614949: Hold'em No Limit ($0.02/$0.05) - 2024/04/15 18:31:20
Table 'NLHBlue4' 6-max Seat #6 is the button
Seat 1: Hero ($5.78 in chips)
Seat 2: d5905675 ($5.91 in chips)
Seat 3: 8761bd12 ($6.1 in chips)
Seat 4: fd7b8d4e ($5.28 in chips)
Seat 5: 6bcb9940 ($6.43 in chips)
Seat 6: a9ee1a91 ($6.61 in chips)
Hero: posts small blind $0.02
d5905675: posts big blind $0.05
*** HOLE CARDS ***
Dealt to Hero [7c 6h]
Dealt to d5905675 
Dealt to 8761bd12 
Dealt to fd7b8d4e 
Dealt to 6bcb9940 
Dealt to a9ee1a91 
8761bd12: folds
fd7b8d4e: folds
6bcb9940: folds
a9ee1a91: folds
Hero: folds
Uncalled bet ($0.03) returned to d5905675
*** SHOWDOWN ***
d5905675 collected $0.04 from pot
*** SUMMARY ***
Total pot $0.04 | Rake $0 | Jackpot $0 | Bingo $0 | Fortune $0 | Tax $0
Seat 1: Hero (small blind) folded before Flop
Seat 2: d5905675 (big blind) collected ($0.04)
Seat 3: 8761bd12 folded before Flop (didn't bet)
Seat 4: fd7b8d4e folded before Flop (didn't bet)
Seat 5: 6bcb9940 folded before Flop (didn't bet)
Seat 6: a9ee1a91 (button) folded before Flop (didn't bet)


Poker Hand #HD1731614865: Hold'em No Limit ($0.02/$0.05) - 2024/04/15 18:30:40
Table 'NLHBlue4' 6-max Seat #5 is the button
Seat 1: Hero ($5.83 in chips)
Seat 2: d5905675 ($5.91 in chips)
Seat 3: 8761bd12 ($6.1 in chips)
Seat 4: fd7b8d4e ($5.38 in chips)
Seat 5: 6bcb9940 ($6.43 in chips)
Seat 6: a9ee1a91 ($6.47 in chips)
a9ee1a91: posts small blind $0.02
Hero: posts big blind $0.05
*** HOLE CARDS ***
Dealt to Hero [Ah 5h]
Dealt to d5905675 
Dealt to 8761bd12 
Dealt to fd7b8d4e 
Dealt to 6bcb9940 
Dealt to a9ee1a91 
d5905675: folds
8761bd12: folds
fd7b8d4e: raises $0.05 to $0.1
6bcb9940: folds
a9ee1a91: raises $0.35 to $0.45
Hero: folds
fd7b8d4e: folds
Uncalled bet ($0.35) returned to a9ee1a91
*** SHOWDOWN ***
a9ee1a91 collected $0.24 from pot
*** SUMMARY ***
Total pot $0.25 | Rake $0.01 | Jackpot $0 | Bingo $0 | Fortune $0 | Tax $0
Seat 1: Hero (big blind) folded before Flop
Seat 2: d5905675 folded before Flop (didn't bet)
Seat 3: 8761bd12 folded before Flop (didn't bet)
Seat 4: fd7b8d4e folded before Flop
Seat 5: 6bcb9940 (button) folded before Flop (didn't bet)
Seat 6: a9ee1a91 (small blind) collected ($0.24)


Poker Hand #HD1731614770: Hold'em No Limit ($0.02/$0.05) - 2024/04/15 18:29:57
Table 'NLHBlue4' 6-max Seat #4 is the button
Seat 1: Hero ($5 in chips)
Seat 2: d5905675 ($5.18 in chips)
Seat 3: 8761bd12 ($5.27 in chips)
Seat 4: fd7b8d4e ($4.65 in chips)
Seat 5: 6bcb9940 ($5.68 in chips)
Seat 6: a9ee1a91 ($5.36 in chips)
6bcb9940: posts small blind $0.02
a9ee1a91: posts big blind $0.05
*** HOLE CARDS ***
Dealt to Hero [6h 7d]
Dealt to d5905675 
Dealt to 8761bd12 
Dealt to fd7b8d4e 
Dealt to 6bcb9940 
Dealt to a9ee1a91 
Hero: folds
d5905675: raises $0.05 to $0.1
8761bd12: folds
fd7b8d4e: calls $0.1
6bcb9940: calls $0.08
a9ee1a91: raises $0.5 to $0.6
d5905675: folds
fd7b8d4e: folds
6bcb9940: folds
Uncalled bet ($0.5) returned to a9ee1a91
*** SHOWDOWN ***
a9ee1a91 collected $0.38 from pot
*** SUMMARY ***
Total pot $0.4 | Rake $0.02 | Jackpot $0 | Bingo $0 | Fortune $0 | Tax $0
Seat 1: Hero folded before Flop (didn't bet)
Seat 2: d5905675 folded before Flop
Seat 3: 8761bd12 folded before Flop (didn't bet)
Seat 4: fd7b8d4e (button) folded before Flop
Seat 5: 6bcb9940 (small blind) folded before Flop
Seat 6: a9ee1a91 (big blind) collected ($0.38)


Poker Hand #HD1731614736: Hold'em No Limit ($0.02/$0.05) - 2024/04/15 18:29:40
Table 'NLHBlue4' 6-max Seat #3 is the button
Seat 1: Hero ($5 in chips)
Seat 2: d5905675 ($5.11 in chips)
Seat 3: 8761bd12 ($5.27 in chips)
Seat 4: fd7b8d4e ($4.67 in chips)
Seat 5: 6bcb9940 ($5.73 in chips)
Seat 6: a9ee1a91 ($5.36 in chips)
fd7b8d4e: posts small blind $0.02
6bcb9940: posts big blind $0.05
*** HOLE CARDS ***
Dealt to Hero [2h 9h]
Dealt to d5905675 
Dealt to 8761bd12 
Dealt to fd7b8d4e 
Dealt to 6bcb9940 
Dealt to a9ee1a91 
a9ee1a91: folds
Hero: folds
d5905675: raises $0.05 to $0.1
8761bd12: folds
fd7b8d4e: folds
6bcb9940: folds
Uncalled bet ($0.05) returned to d5905675
*** SHOWDOWN ***
d5905675 collected $0.12 from pot
*** SUMMARY ***
Total pot $0.12 | Rake $0 | Jackpot $0 | Bingo $0 | Fortune $0 | Tax $0
Seat 1: Hero folded before Flop (didn't bet)
Seat 2: d5905675 collected ($0.12)
Seat 3: 8761bd12 (button) folded before Flop (didn't bet)
Seat 4: fd7b8d4e (small blind) folded before Flop
Seat 5: 6bcb9940 (big blind) folded before Flop
Seat 6: a9ee1a91 folded before Flop (didn't bet)


Poker Hand #HD1731614614: Hold'em No Limit ($0.02/$0.05) - 2024/04/15 18:28:43
Table 'NLHBlue4' 6-max Seat #2 is the button
Seat 1: Hero ($5 in chips)
Seat 2: d5905675 ($5.11 in chips)
Seat 3: 8761bd12 ($5.29 in chips)
Seat 4: fd7b8d4e ($4.89 in chips)
Seat 5: 6bcb9940 ($5.73 in chips)
Seat 6: a9ee1a91 ($5.14 in chips)
8761bd12: posts small blind $0.02
fd7b8d4e: posts big blind $0.05
*** HOLE CARDS ***
Dealt to Hero [2s 2d]
Dealt to d5905675 
Dealt to 8761bd12 
Dealt to fd7b8d4e 
Dealt to 6bcb9940 
Dealt to a9ee1a91 
6bcb9940: folds
a9ee1a91: raises $0.08 to $0.13
Hero: folds
d5905675: folds
8761bd12: folds
fd7b8d4e: calls $0.08
*** FLOP *** [2c 4c Qc]
fd7b8d4e: checks
a9ee1a91: bets $0.09
fd7b8d4e: calls $0.09
*** TURN *** [2c 4c Qc] [5s]
fd7b8d4e: checks
a9ee1a91: checks
*** RIVER *** [2c 4c Qc 5s] [9h]
fd7b8d4e: checks
a9ee1a91: checks
fd7b8d4e: shows [As Jc] (Ace-High)
a9ee1a91: shows [7c 7s] (Pair of Sevens)
*** SHOWDOWN ***
a9ee1a91 collected $0.44 from pot
*** SUMMARY ***
Total pot $0.46 | Rake $0.02 | Jackpot $0 | Bingo $0 | Fortune $0 | Tax $0
Board [2c 4c Qc 5s 9h]
Seat 1: Hero folded before Flop (didn't bet)
Seat 2: d5905675 (button) folded before Flop (didn't bet)
Seat 3: 8761bd12 (small blind) folded before Flop
Seat 4: fd7b8d4e (big blind) showed [As Jc] and lost with Ace-High
Seat 5: 6bcb9940 folded before Flop (didn't bet)
Seat 6: a9ee1a91 showed [7c 7s] and won ($0.44) with Pair of Sevens


Poker Hand #HD1731614501: Hold'em No Limit ($0.02/$0.05) - 2024/04/15 18:27:52
Table 'NLHBlue4' 6-max Seat #1 is the button
Seat 1: Hero ($5 in chips)
Seat 2: d5905675 ($5.13 in chips)
Seat 3: 8761bd12 ($5.11 in chips)
Seat 4: fd7b8d4e ($5.06 in chips)
Seat 5: 6bcb9940 ($5.73 in chips)
Seat 6: a9ee1a91 ($5.14 in chips)
d5905675: posts small blind $0.02
8761bd12: posts big blind $0.05
*** HOLE CARDS ***
Dealt to Hero [Qh 7d]
Dealt to d5905675 
Dealt to 8761bd12 
Dealt to fd7b8d4e 
Dealt to 6bcb9940 
Dealt to a9ee1a91 
fd7b8d4e: calls $0.05
6bcb9940: folds
a9ee1a91: folds
Hero: folds
d5905675: folds
8761bd12: checks
*** FLOP *** [8c 7c 6s]
8761bd12: checks
fd7b8d4e: checks
*** TURN *** [8c 7c 6s] [8s]
8761bd12: bets $0.12
fd7b8d4e: calls $0.12
*** RIVER *** [8c 7c 6s 8s] [8d]
8761bd12: bets $0.3
fd7b8d4e: folds
Uncalled bet ($0.3) returned to 8761bd12
*** SHOWDOWN ***
8761bd12 collected $0.35 from pot
*** SUMMARY ***
Total pot $0.36 | Rake $0.01 | Jackpot $0 | Bingo $0 | Fortune $0 | Tax $0
Board [8c 7c 6s 8s 8d]
Seat 1: Hero (button) folded before Flop (didn't bet)
Seat 2: d5905675 (small blind) folded before Flop
Seat 3: 8761bd12 (big blind) won ($0.35)
Seat 4: fd7b8d4e folded on the River
Seat 5: 6bcb9940 folded before Flop (didn't bet)
Seat 6: a9ee1a91 folded before Flop (didn't bet)


Poker Hand #HD1731614438: Hold'em No Limit ($0.02/$0.05) - 2024/04/15 18:27:19
Table 'NLHBlue4' 6-max Seat #6 is the button
Seat 1: Hero ($5 in chips)
Seat 2: d5905675 ($5.18 in chips)
Seat 3: 8761bd12 ($5.11 in chips)
Seat 4: fd7b8d4e ($5.06 in chips)
Seat 5: 6bcb9940 ($5.73 in chips)
Seat 6: a9ee1a91 ($5.07 in chips)
Hero: posts small blind $0.02
d5905675: posts big blind $0.05
*** HOLE CARDS ***
Dealt to Hero [8h 7d]
Dealt to d5905675 
Dealt to 8761bd12 
Dealt to fd7b8d4e 
Dealt to 6bcb9940 
Dealt to a9ee1a91 
8761bd12: folds
fd7b8d4e: folds
6bcb9940: folds
a9ee1a91: raises $0.08 to $0.13
Hero: folds
d5905675: folds
Uncalled bet ($0.08) returned to a9ee1a91
*** SHOWDOWN ***
a9ee1a91 collected $0.12 from pot
*** SUMMARY ***
Total pot $0.12 | Rake $0 | Jackpot $0 | Bingo $0 | Fortune $0 | Tax $0
Seat 1: Hero (small blind) folded before Flop
Seat 2: d5905675 (big blind) folded before Flop
Seat 3: 8761bd12 folded before Flop (didn't bet)
Seat 4: fd7b8d4e folded before Flop (didn't bet)
Seat 5: 6bcb9940 folded before Flop (didn't bet)
Seat 6: a9ee1a91 (button) collected ($0.12)


Poker Hand #HD1731614404: Hold'em No Limit ($0.02/$0.05) - 2024/04/15 18:27:03
Table 'NLHBlue4' 6-max Seat #5 is the button
Seat 1: Hero ($5 in chips)
Seat 2: d5905675 ($5.18 in chips)
Seat 3: 8761bd12 ($5.11 in chips)
Seat 4: fd7b8d4e ($5.06 in chips)
Seat 5: 6bcb9940 ($5.66 in chips)
Seat 6: a9ee1a91 ($5.09 in chips)
a9ee1a91: posts small blind $0.02
Hero: posts big blind $0.05
*** HOLE CARDS ***
Dealt to Hero [5c Tc]
Dealt to d5905675 
Dealt to 8761bd12 
Dealt to fd7b8d4e 
Dealt to 6bcb9940 
Dealt to a9ee1a91 
d5905675: folds
8761bd12: folds
fd7b8d4e: folds
6bcb9940: raises $0.07 to $0.12
a9ee1a91: folds
Hero: folds
Uncalled bet ($0.07) returned to 6bcb9940
*** SHOWDOWN ***
6bcb9940 collected $0.12 from pot
*** SUMMARY ***
Total pot $0.12 | Rake $0 | Jackpot $0 | Bingo $0 | Fortune $0 | Tax $0
Seat 1: Hero (big blind) folded before Flop
Seat 2: d5905675 folded before Flop (didn't bet)
Seat 3: 8761bd12 folded before Flop (didn't bet)
Seat 4: fd7b8d4e folded before Flop (didn't bet)
Seat 5: 6bcb9940 (button) collected ($0.12)
Seat 6: a9ee1a91 (small blind) folded before Flop


Poker Hand #HD1731614372: Hold'em No Limit ($0.02/$0.05) - 2024/04/15 18:26:48
Table 'NLHBlue4' 6-max Seat #4 is the button
Seat 1: Hero ($5 in chips)
Seat 2: d5905675 ($5.11 in chips)
Seat 3: 8761bd12 ($5.11 in chips)
Seat 4: fd7b8d4e ($5.06 in chips)
Seat 5: 6bcb9940 ($5.68 in chips)
Seat 6: a9ee1a91 ($5.14 in chips)
6bcb9940: posts small blind $0.02
a9ee1a91: posts big blind $0.05
*** HOLE CARDS ***
Dealt to Hero [2h 8c]
Dealt to d5905675 
Dealt to 8761bd12 
Dealt to fd7b8d4e 
Dealt to 6bcb9940 
Dealt to a9ee1a91 
Hero: folds
d5905675: raises $0.05 to $0.1
8761bd12: folds
fd7b8d4e: folds
6bcb9940: folds
a9ee1a91: folds
Uncalled bet ($0.05) returned to d5905675
*** SHOWDOWN ***
d5905675 collected $0.12 from pot
*** SUMMARY ***
Total pot $0.12 | Rake $0 | Jackpot $0 | Bingo $0 | Fortune $0 | Tax $0
Seat 1: Hero folded before Flop (didn't bet)
Seat 2: d5905675 collected ($0.12)
Seat 3: 8761bd12 folded before Flop (didn't bet)
Seat 4: fd7b8d4e (button) folded before Flop (didn't bet)
Seat 5: 6bcb9940 (small blind) folded before Flop
Seat 6: a9ee1a91 (big blind) folded before Flop


Poker Hand #HD1731614341: Hold'em No Limit ($0.02/$0.05) - 2024/04/15 18:26:31
Table 'NLHBlue4' 6-max Seat #3 is the button
Seat 1: Hero ($5 in chips)
Seat 2: d5905675 ($5.11 in chips)
Seat 3: 8761bd12 ($5.11 in chips)
Seat 4: fd7b8d4e ($5.08 in chips)
Seat 5: 6bcb9940 ($5.66 in chips)
Seat 6: a9ee1a91 ($5.14 in chips)
fd7b8d4e: posts small blind $0.02
6bcb9940: posts big blind $0.05
*** HOLE CARDS ***
Dealt to Hero [2c 5c]
Dealt to d5905675 
Dealt to 8761bd12 
Dealt to fd7b8d4e 
Dealt to 6bcb9940 
Dealt to a9ee1a91 
a9ee1a91: folds
Hero: folds
d5905675: folds
8761bd12: folds
fd7b8d4e: folds
Uncalled bet ($0.03) returned to 6bcb9940
*** SHOWDOWN ***
6bcb9940 collected $0.04 from pot
*** SUMMARY ***
Total pot $0.04 | Rake $0 | Jackpot $0 | Bingo $0 | Fortune $0 | Tax $0
Seat 1: Hero folded before Flop (didn't bet)
Seat 2: d5905675 folded before Flop (didn't bet)
Seat 3: 8761bd12 (button) folded before Flop (didn't bet)
Seat 4: fd7b8d4e (small blind) folded before Flop
Seat 5: 6bcb9940 (big blind) collected ($0.04)
Seat 6: a9ee1a91 folded before Flop (didn't bet)


Poker Hand #HD1731614302: Hold'em No Limit ($0.02/$0.05) - 2024/04/15 18:26:13
Table 'NLHBlue4' 6-max Seat #2 is the button
Seat 1: Hero ($5 in chips)
Seat 2: d5905675 ($5.11 in chips)
Seat 3: 8761bd12 ($5.13 in chips)
Seat 4: fd7b8d4e ($5.13 in chips)
Seat 5: 6bcb9940 ($5.66 in chips)
Seat 6: a9ee1a91 ($5.07 in chips)
8761bd12: posts small blind $0.02
fd7b8d4e: posts big blind $0.05
*** HOLE CARDS ***
Dealt to Hero [Kd 4c]
Dealt to d5905675 
Dealt to 8761bd12 
Dealt to fd7b8d4e 
Dealt to 6bcb9940 
Dealt to a9ee1a91 
6bcb9940: folds
a9ee1a91: raises $0.08 to $0.13
Hero: folds
d5905675: folds
8761bd12: folds
fd7b8d4e: folds
Uncalled bet ($0.08) returned to a9ee1a91
*** SHOWDOWN ***
a9ee1a91 collected $0.12 from pot
*** SUMMARY ***
Total pot $0.12 | Rake $0 | Jackpot $0 | Bingo $0 | Fortune $0 | Tax $0
Seat 1: Hero folded before Flop (didn't bet)
Seat 2: d5905675 (button) folded before Flop (didn't bet)
Seat 3: 8761bd12 (small blind) folded before Flop
Seat 4: fd7b8d4e (big blind) folded before Flop
Seat 5: 6bcb9940 folded before Flop (didn't bet)
Seat 6: a9ee1a91 collected ($0.12)


Poker Hand #HD1731614240: Hold'em No Limit ($0.02/$0.05) - 2024/04/15 18:25:44
Table 'NLHBlue4' 6-max Seat #1 is the button
Seat 1: Hero ($5 in chips)
Seat 2: d5905675 ($5.13 in chips)
Seat 3: 8761bd12 ($5 in chips)
Seat 4: fd7b8d4e ($5.13 in chips)
Seat 5: 6bcb9940 ($5.66 in chips)
Seat 6: a9ee1a91 ($5.07 in chips)
d5905675: posts small blind $0.02
8761bd12: posts big blind $0.05
*** HOLE CARDS ***
Dealt to Hero [Kh 9d]
Dealt to d5905675 
Dealt to 8761bd12 
Dealt to fd7b8d4e 
Dealt to 6bcb9940 
Dealt to a9ee1a91 
fd7b8d4e: folds
6bcb9940: folds
a9ee1a91: folds
Hero: raises $0.07 to $0.12
d5905675: folds
8761bd12: raises $0.26 to $0.38
Hero: folds
Uncalled bet ($0.26) returned to 8761bd12
*** SHOWDOWN ***
8761bd12 collected $0.25 from pot
*** SUMMARY ***
Total pot $0.26 | Rake $0.01 | Jackpot $0 | Bingo $0 | Fortune $0 | Tax $0
Seat 1: Hero (button) folded before Flop
Seat 2: d5905675 (small blind) folded before Flop
Seat 3: 8761bd12 (big blind) collected ($0.25)
Seat 4: fd7b8d4e folded before Flop (didn't bet)
Seat 5: 6bcb9940 folded before Flop (didn't bet)
Seat 6: a9ee1a91 folded before Flop (didn't bet)


Poker Hand #HD1731614126: Hold'em No Limit ($0.02/$0.05) - 2024/04/15 18:24:47
Table 'NLHBlue4' 6-max Seat #6 is the button
Seat 1: Hero ($5 in chips)
Seat 2: d5905675 ($5.18 in chips)
Seat 3: 8761bd12 ($5.07 in chips)
Seat 4: fd7b8d4e ($5.13 in chips)
Seat 5: 6bcb9940 ($5.25 in chips)
Seat 6: a9ee1a91 ($5.07 in chips)
Hero: posts small blind $0.02
d5905675: posts big blind $0.05
*** HOLE CARDS ***
Dealt to Hero [Kh Js]
Dealt to d5905675 
Dealt to 8761bd12 
Dealt to fd7b8d4e 
Dealt to 6bcb9940 
Dealt to a9ee1a91 
8761bd12: raises $0.08 to $0.13
fd7b8d4e: folds
6bcb9940: raises $0.25 to $0.38
a9ee1a91: folds
Hero: folds
d5905675: folds
8761bd12: calls $0.25
*** FLOP *** [Kd 3h 5c]
8761bd12: checks
6bcb9940: checks
*** TURN *** [Kd 3h 5c] [Qs]
8761bd12: checks
6bcb9940: bets $0.64
8761bd12: folds
Uncalled bet ($0.64) returned to 6bcb9940
*** SHOWDOWN ***
6bcb9940 collected $0.79 from pot
*** SUMMARY ***
Total pot $0.83 | Rake $0.04 | Jackpot $0 | Bingo $0 | Fortune $0 | Tax $0
Board [Kd 3h 5c Qs]
Seat 1: Hero (small blind) folded before Flop
Seat 2: d5905675 (big blind) folded before Flop
Seat 3: 8761bd12 folded on the Turn
Seat 4: fd7b8d4e folded before Flop (didn't bet)
Seat 5: 6bcb9940 won ($0.79)
Seat 6: a9ee1a91 (button) folded before Flop (didn't bet)


Poker Hand #HD1731613999: Hold'em No Limit ($0.02/$0.05) - 2024/04/15 18:23:39
Table 'NLHBlue4' 6-max Seat #5 is the button
Seat 1: Hero ($5 in chips)
Seat 2: d5905675 ($5.18 in chips)
Seat 3: 8761bd12 ($5.07 in chips)
Seat 4: fd7b8d4e ($4.93 in chips)
Seat 5: 6bcb9940 ($5.25 in chips)
Seat 6: a9ee1a91 ($5.09 in chips)
a9ee1a91: posts small blind $0.02
Hero: posts big blind $0.05
*** HOLE CARDS ***
Dealt to Hero [Qs Kh]
Dealt to d5905675 
Dealt to 8761bd12 
Dealt to fd7b8d4e 
Dealt to 6bcb9940 
Dealt to a9ee1a91 
d5905675: folds
8761bd12: folds
fd7b8d4e: raises $0.05 to $0.1
6bcb9940: folds
a9ee1a91: folds
Hero: calls $0.05
*** FLOP *** [5c 8d 3c]
Hero: checks
fd7b8d4e: checks
*** TURN *** [5c 8d 3c] [Jd]
Hero: bets $0.1
fd7b8d4e: calls $0.1
*** RIVER *** [5c 8d 3c Jd] [7d]
Hero: checks
fd7b8d4e: checks
Hero: shows [Qs Kh] (King-High)
fd7b8d4e: shows [Jc Qc] (Pair of Jacks)
*** SHOWDOWN ***
fd7b8d4e collected $0.4 from pot
*** SUMMARY ***
Total pot $0.42 | Rake $0.02 | Jackpot $0 | Bingo $0 | Fortune $0 | Tax $0
Board [5c 8d 3c Jd 7d]
Seat 1: Hero (big blind) showed [Qs Kh] and lost with King-High
Seat 2: d5905675 folded before Flop (didn't bet)
Seat 3: 8761bd12 folded before Flop (didn't bet)
Seat 4: fd7b8d4e showed [Jc Qc] and won ($0.4) with Pair of Jacks
Seat 5: 6bcb9940 (button) folded before Flop (didn't bet)
Seat 6: a9ee1a91 (small blind) folded before Flop


Poker Hand #HD1731613963: Hold'em No Limit ($0.02/$0.05) - 2024/04/15 18:23:25
Table 'NLHBlue4' 6-max Seat #4 is the button
Seat 1: Hero ($5 in chips)
Seat 2: d5905675 ($5.18 in chips)
Seat 3: 8761bd12 ($5 in chips)
Seat 4: fd7b8d4e ($4.93 in chips)
Seat 5: 6bcb9940 ($5.27 in chips)
Seat 6: a9ee1a91 ($5.14 in chips)
6bcb9940: posts small blind $0.02
a9ee1a91: posts big blind $0.05
*** HOLE CARDS ***
Dealt to Hero [Qd 3c]
Dealt to d5905675 
Dealt to 8761bd12 
Dealt to fd7b8d4e 
Dealt to 6bcb9940 
Dealt to a9ee1a91 
Hero: folds
d5905675: folds
8761bd12: raises $0.08 to $0.13
fd7b8d4e: folds
6bcb9940: folds
a9ee1a91: folds
Uncalled bet ($0.08) returned to 8761bd12
*** SHOWDOWN ***
8761bd12 collected $0.12 from pot
*** SUMMARY ***
Total pot $0.12 | Rake $0 | Jackpot $0 | Bingo $0 | Fortune $0 | Tax $0
Seat 1: Hero folded before Flop (didn't bet)
Seat 2: d5905675 folded before Flop (didn't bet)
Seat 3: 8761bd12 collected ($0.12)
Seat 4: fd7b8d4e (button) folded before Flop (didn't bet)
Seat 5: 6bcb9940 (small blind) folded before Flop
Seat 6: a9ee1a91 (big blind) folded before Flop


Poker Hand #HD1731613922: Hold'em No Limit ($0.02/$0.05) - 2024/04/15 18:23:08
Table 'NLHBlue4' 6-max Seat #3 is the button
Seat 1: Hero ($5 in chips)
Seat 2: d5905675 ($5.11 in chips)
Seat 3: 8761bd12 ($5 in chips)
Seat 4: fd7b8d4e ($4.95 in chips)
Seat 5: 6bcb9940 ($5.32 in chips)
Seat 6: a9ee1a91 ($5.14 in chips)
fd7b8d4e: posts small blind $0.02
6bcb9940: posts big blind $0.05
*** HOLE CARDS ***
Dealt to Hero [6c 7s]
Dealt to d5905675 
Dealt to 8761bd12 
Dealt to fd7b8d4e 
Dealt to 6bcb9940 
Dealt to a9ee1a91 
a9ee1a91: folds
Hero: folds
d5905675: raises $0.05 to $0.1
8761bd12: folds
fd7b8d4e: folds
6bcb9940: folds
Uncalled bet ($0.05) returned to d5905675
*** SHOWDOWN ***
d5905675 collected $0.12 from pot
*** SUMMARY ***
Total pot $0.12 | Rake $0 | Jackpot $0 | Bingo $0 | Fortune $0 | Tax $0
Seat 1: Hero folded before Flop (didn't bet)
Seat 2: d5905675 collected ($0.12)
Seat 3: 8761bd12 (button) folded before Flop (didn't bet)
Seat 4: fd7b8d4e (small blind) folded before Flop
Seat 5: 6bcb9940 (big blind) folded before Flop
Seat 6: a9ee1a91 folded before Flop (didn't bet)


Poker Hand #HD1731613890: Hold'em No Limit ($0.02/$0.05) - 2024/04/15 18:22:54
Table 'NLHBlue4' 6-max Seat #2 is the button
Seat 1: Hero ($5 in chips)
Seat 2: d5905675 ($5.11 in chips)
Seat 3: 8761bd12 ($5.02 in chips)
Seat 4: fd7b8d4e ($5 in chips)
Seat 5: 6bcb9940 ($5.25 in chips)
Seat 6: a9ee1a91 ($5.14 in chips)
8761bd12: posts small blind $0.02
fd7b8d4e: posts big blind $0.05
*** HOLE CARDS ***
Dealt to Hero [Qc Th]
Dealt to d5905675 
Dealt to 8761bd12 
Dealt to fd7b8d4e 
Dealt to 6bcb9940 
Dealt to a9ee1a91 
6bcb9940: raises $0.05 to $0.1
a9ee1a91: folds
Hero: folds
d5905675: folds
8761bd12: folds
fd7b8d4e: folds
Uncalled bet ($0.05) returned to 6bcb9940
*** SHOWDOWN ***
6bcb9940 collected $0.12 from pot
*** SUMMARY ***
Total pot $0.12 | Rake $0 | Jackpot $0 | Bingo $0 | Fortune $0 | Tax $0
Seat 1: Hero folded before Flop (didn't bet)
Seat 2: d5905675 (button) folded before Flop (didn't bet)
Seat 3: 8761bd12 (small blind) folded before Flop
Seat 4: fd7b8d4e (big blind) folded before Flop
Seat 5: 6bcb9940 collected ($0.12)
Seat 6: a9ee1a91 folded before Flop (didn't bet)


Poker Hand #HD1731613860: Hold'em No Limit ($0.02/$0.05) - 2024/04/15 18:22:40
Table 'NLHBlue4' 6-max Seat #1 is the button
Seat 1: Hero ($5 in chips)
Seat 2: d5905675 ($5.13 in chips)
Seat 3: 8761bd12 ($5 in chips)
Seat 5: 6bcb9940 ($5.25 in chips)
Seat 6: a9ee1a91 ($5.14 in chips)
d5905675: posts small blind $0.02
8761bd12: posts big blind $0.05
*** HOLE CARDS ***
Dealt to Hero [4h Jc]
Dealt to d5905675 
Dealt to 8761bd12 
Dealt to 6bcb9940 
Dealt to a9ee1a91 
6bcb9940: folds
a9ee1a91: folds
Hero: folds
d5905675: folds
Uncalled bet ($0.03) returned to 8761bd12
*** SHOWDOWN ***
8761bd12 collected $0.04 from pot
*** SUMMARY ***
Total pot $0.04 | Rake $0 | Jackpot $0 | Bingo $0 | Fortune $0 | Tax $0
Seat 1: Hero (button) folded before Flop (didn't bet)
Seat 2: d5905675 (small blind) folded before Flop
Seat 3: 8761bd12 (big blind) collected ($0.04)
Seat 5: 6bcb9940 folded before Flop (didn't bet)
Seat 6: a9ee1a91 folded before Flop (didn't bet)


Poker Hand #HD1731613771: Hold'em No Limit ($0.02/$0.05) - 2024/04/15 18:21:57
Table 'NLHBlue4' 6-max Seat #6 is the button
Seat 1: Hero ($5.02 in chips)
Seat 2: d5905675 ($5 in chips)
Seat 3: 8761bd12 ($5 in chips)
Seat 5: 6bcb9940 ($5.37 in chips)
Seat 6: a9ee1a91 ($5.14 in chips)
Hero: posts small blind $0.02
d5905675: posts big blind $0.05
*** HOLE CARDS ***
Dealt to Hero [Kh Tc]
Dealt to d5905675 
Dealt to 8761bd12 
Dealt to 6bcb9940 
Dealt to a9ee1a91 
8761bd12: folds
6bcb9940: raises $0.07 to $0.12
a9ee1a91: folds
Hero: folds
d5905675: raises $0.27 to $0.39
6bcb9940: folds
Uncalled bet ($0.27) returned to d5905675
*** SHOWDOWN ***
d5905675 collected $0.25 from pot
*** SUMMARY ***
Total pot $0.26 | Rake $0.01 | Jackpot $0 | Bingo $0 | Fortune $0 | Tax $0
Seat 1: Hero (small blind) folded before Flop
Seat 2: d5905675 (big blind) collected ($0.25)
Seat 3: 8761bd12 folded before Flop (didn't bet)
Seat 5: 6bcb9940 folded before Flop
Seat 6: a9ee1a91 (button) folded before Flop (didn't bet)


Poker Hand #HD1731613744: Hold'em No Limit ($0.02/$0.05) - 2024/04/15 18:21:45
Table 'NLHBlue4' 6-max Seat #5 is the button
Seat 1: Hero ($5.07 in chips)
Seat 3: 8761bd12 ($5 in chips)
Seat 5: 6bcb9940 ($5.37 in chips)
Seat 6: a9ee1a91 ($5.09 in chips)
a9ee1a91: posts small blind $0.02
Hero: posts big blind $0.05
*** HOLE CARDS ***
Dealt to Hero [Qd 6h]
Dealt to 8761bd12 
Dealt to 6bcb9940 
Dealt to a9ee1a91 
8761bd12: folds
6bcb9940: folds
a9ee1a91: raises $0.1 to $0.15
Hero: folds
Uncalled bet ($0.1) returned to a9ee1a91
*** SHOWDOWN ***
a9ee1a91 collected $0.1 from pot
*** SUMMARY ***
Total pot $0.1 | Rake $0 | Jackpot $0 | Bingo $0 | Fortune $0 | Tax $0
Seat 1: Hero (big blind) folded before Flop
Seat 3: 8761bd12 folded before Flop (didn't bet)
Seat 5: 6bcb9940 (button) folded before Flop (didn't bet)
Seat 6: a9ee1a91 (small blind) collected ($0.1)


Poker Hand #HD1731613731: Hold'em No Limit ($0.02/$0.05) - 2024/04/15 18:21:37
Table 'NLHBlue4' 6-max Seat #3 is the button
Seat 1: Hero ($5 in chips)
Seat 3: 8761bd12 ($5 in chips)
Seat 5: 6bcb9940 ($5.39 in chips)
Seat 6: a9ee1a91 ($5.14 in chips)
6bcb9940: posts small blind $0.02
a9ee1a91: posts big blind $0.05
*** HOLE CARDS ***
Dealt to Hero [Ah 2h]
Dealt to 8761bd12 
Dealt to 6bcb9940 
Dealt to a9ee1a91 
Hero: raises $0.05 to $0.1
8761bd12: folds
6bcb9940: folds
a9ee1a91: folds
Uncalled bet ($0.05) returned to Hero
*** SHOWDOWN ***
Hero collected $0.12 from pot
*** SUMMARY ***
Total pot $0.12 | Rake $0 | Jackpot $0 | Bingo $0 | Fortune $0 | Tax $0
Seat 1: Hero collected ($0.12)
Seat 3: 8761bd12 (button) folded before Flop (didn't bet)
Seat 5: 6bcb9940 (small blind) folded before Flop
Seat 6: a9ee1a91 (big blind) folded before Flop


Poker Hand #HD1731613617: Hold'em No Limit ($0.02/$0.05) - 2024/04/15 18:20:41
Table 'NLHBlue4' 6-max Seat #1 is the button
Seat 1: Hero ($5 in chips)
Seat 3: 8761bd12 ($5.25 in chips)
Seat 5: 6bcb9940 ($5.14 in chips)
Seat 6: a9ee1a91 ($5.14 in chips)
8761bd12: posts small blind $0.02
6bcb9940: posts big blind $0.05
*** HOLE CARDS ***
Dealt to Hero [7s Jc]
Dealt to 8761bd12 
Dealt to 6bcb9940 
Dealt to a9ee1a91 
a9ee1a91: folds
Hero: folds
8761bd12: raises $0.08 to $0.13
6bcb9940: calls $0.08
*** FLOP *** [Tc 9s 4s]
8761bd12: checks
6bcb9940: bets $0.14
8761bd12: calls $0.14
*** TURN *** [Tc 9s 4s] [7d]
8761bd12: checks
6bcb9940: checks
*** RIVER *** [Tc 9s 4s 7d] [3s]
8761bd12: checks
6bcb9940: bets $0.82
8761bd12: folds
Uncalled bet ($0.82) returned to 6bcb9940
*** SHOWDOWN ***
6bcb9940 collected $0.52 from pot
*** SUMMARY ***
Total pot $0.54 | Rake $0.02 | Jackpot $0 | Bingo $0 | Fortune $0 | Tax $0
Board [Tc 9s 4s 7d 3s]
Seat 1: Hero (button) folded before Flop (didn't bet)
Seat 3: 8761bd12 (small blind) folded on the River
Seat 5: 6bcb9940 (big blind) won ($0.52)
Seat 6: a9ee1a91 folded before Flop (didn't bet)


Poker Hand #HD1731613578: Hold'em No Limit ($0.02/$0.05) - 2024/04/15 18:20:23
Table 'NLHBlue4' 6-max Seat #6 is the button
Seat 1: Hero ($5 in chips)
Seat 3: 8761bd12 ($5.3 in chips)
Seat 4: 464964ad ($6.88 in chips)
Seat 5: 6bcb9940 ($5.07 in chips)
Seat 6: a9ee1a91 ($5.14 in chips)
Hero: posts small blind $0.02
8761bd12: posts big blind $0.05
*** HOLE CARDS ***
Dealt to Hero [4d 7h]
Dealt to 8761bd12 
Dealt to 464964ad 
Dealt to 6bcb9940 
Dealt to a9ee1a91 
464964ad: folds
6bcb9940: raises $0.07 to $0.12
a9ee1a91: folds
Hero: folds
8761bd12: folds
Uncalled bet ($0.07) returned to 6bcb9940
*** SHOWDOWN ***
6bcb9940 collected $0.12 from pot
*** SUMMARY ***
Total pot $0.12 | Rake $0 | Jackpot $0 | Bingo $0 | Fortune $0 | Tax $0
Seat 1: Hero (small blind) folded before Flop
Seat 3: 8761bd12 (big blind) folded before Flop
Seat 4: 464964ad folded before Flop (didn't bet)
Seat 5: 6bcb9940 collected ($0.12)
Seat 6: a9ee1a91 (button) folded before Flop (didn't bet)


Poker Hand #HD1731613506: Hold'em No Limit ($0.02/$0.05) - 2024/04/15 18:19:49
Table 'NLHBlue4' 6-max Seat #5 is the button
Seat 1: Hero ($5 in chips)
Seat 2: 2af12004 ($5 in chips)
Seat 4: 464964ad ($6.88 in chips)
Seat 5: 6bcb9940 ($5 in chips)
Seat 6: a9ee1a91 ($5.16 in chips)
a9ee1a91: posts small blind $0.02
Hero: posts big blind $0.05
*** HOLE CARDS ***
Dealt to Hero [3d Th]
Dealt to 2af12004 
Dealt to 464964ad 
Dealt to 6bcb9940 
Dealt to a9ee1a91 
2af12004: folds
464964ad: folds
6bcb9940: raises $0.07 to $0.12
a9ee1a91: folds
Hero: folds
Uncalled bet ($0.07) returned to 6bcb9940
*** SHOWDOWN ***
6bcb9940 collected $0.12 from pot
*** SUMMARY ***
Total pot $0.12 | Rake $0 | Jackpot $0 | Bingo $0 | Fortune $0 | Tax $0
Seat 1: Hero (big blind) folded before Flop
Seat 2: 2af12004 folded before Flop (didn't bet)
Seat 4: 464964ad folded before Flop (didn't bet)
Seat 5: 6bcb9940 (button) collected ($0.12)
Seat 6: a9ee1a91 (small blind) folded before Flop


Poker Hand #HD1731613480: Hold'em No Limit ($0.02/$0.05) - 2024/04/15 18:19:37
Table 'NLHBlue4' 6-max Seat #4 is the button
Seat 1: Hero ($5 in chips)
Seat 2: 2af12004 ($5 in chips)
Seat 4: 464964ad ($6.88 in chips)
Seat 5: 6bcb9940 ($5 in chips)
Seat 6: a9ee1a91 ($5.14 in chips)
6bcb9940: posts small blind $0.02
a9ee1a91: posts big blind $0.05
*** HOLE CARDS ***
Dealt to Hero [7c Th]
Dealt to 2af12004 
Dealt to 464964ad 
Dealt to 6bcb9940 
Dealt to a9ee1a91 
Hero: folds
2af12004: folds
464964ad: folds
6bcb9940: folds
Uncalled bet ($0.03) returned to a9ee1a91
*** SHOWDOWN ***
a9ee1a91 collected $0.04 from pot
*** SUMMARY ***
Total pot $0.04 | Rake $0 | Jackpot $0 | Bingo $0 | Fortune $0 | Tax $0
Seat 1: Hero folded before Flop (didn't bet)
Seat 2: 2af12004 folded before Flop (didn't bet)
Seat 4: 464964ad (button) folded before Flop (didn't bet)
Seat 5: 6bcb9940 (small blind) folded before Flop
Seat 6: a9ee1a91 (big blind) collected ($0.04)


Poker Hand #HD1731613436: Hold'em No Limit ($0.02/$0.05) - 2024/04/15 18:19:20
Table 'NLHBlue4' 6-max Seat #2 is the button
Seat 1: Hero ($5 in chips)
Seat 2: 2af12004 ($5 in chips)
Seat 4: 464964ad ($6.83 in chips)
Seat 5: 6bcb9940 ($5 in chips)
Seat 6: a9ee1a91 ($5.14 in chips)
464964ad: posts small blind $0.02
6bcb9940: posts big blind $0.05
*** HOLE CARDS ***
Dealt to Hero [4s 2c]
Dealt to 2af12004 
Dealt to 464964ad 
Dealt to 6bcb9940 
Dealt to a9ee1a91 
a9ee1a91: folds
Hero: folds
2af12004: folds
464964ad: raises $0.08 to $0.13
6bcb9940: folds
Uncalled bet ($0.08) returned to 464964ad
*** SHOWDOWN ***
464964ad collected $0.1 from pot
*** SUMMARY ***
Total pot $0.1 | Rake $0 | Jackpot $0 | Bingo $0 | Fortune $0 | Tax $0
Seat 1: Hero folded before Flop (didn't bet)
Seat 2: 2af12004 (button) folded before Flop (didn't bet)
Seat 4: 464964ad (small blind) collected ($0.1)
Seat 5: 6bcb9940 (big blind) folded before Flop
Seat 6: a9ee1a91 folded before Flop (didn't bet)


Poker Hand #HD1731613367: Hold'em No Limit ($0.02/$0.05) - 2024/04/15 18:18:45
Table 'NLHBlue4' 6-max Seat #1 is the button
Seat 1: Hero ($5 in chips)
Seat 2: 2af12004 ($5 in chips)
Seat 4: 464964ad ($6.78 in chips)
Seat 5: 6bcb9940 ($5 in chips)
Seat 6: a9ee1a91 ($5.14 in chips)
2af12004: posts small blind $0.02
464964ad: posts big blind $0.05
*** HOLE CARDS ***
Dealt to Hero [3h Qs]
Dealt to 2af12004 
Dealt to 464964ad 
Dealt to 6bcb9940 
Dealt to a9ee1a91 
6bcb9940: folds
a9ee1a91: folds
Hero: folds
2af12004: calls $0.03
464964ad: raises $0.15 to $0.2
2af12004: folds
Uncalled bet ($0.15) returned to 464964ad
*** SHOWDOWN ***
464964ad collected $0.1 from pot
*** SUMMARY ***
Total pot $0.1 | Rake $0 | Jackpot $0 | Bingo $0 | Fortune $0 | Tax $0
Seat 1: Hero (button) folded before Flop (didn't bet)
Seat 2: 2af12004 (small blind) folded before Flop
Seat 4: 464964ad (big blind) collected ($0.1)
Seat 5: 6bcb9940 folded before Flop (didn't bet)
Seat 6: a9ee1a91 folded before Flop (didn't bet)


Poker Hand #HD1731613213: Hold'em No Limit ($0.02/$0.05) - 2024/04/15 18:17:39
Table 'NLHBlue4' 6-max Seat #6 is the button
Seat 1: Hero ($4.45 in chips)
Seat 2: 2af12004 ($5 in chips)
Seat 4: 464964ad ($6.78 in chips)
Seat 5: 6bcb9940 ($5 in chips)
Seat 6: a9ee1a91 ($5.14 in chips)
Hero: posts small blind $0.02
2af12004: posts big blind $0.05
*** HOLE CARDS ***
Dealt to Hero [Kd Ah]
Dealt to 2af12004 
Dealt to 464964ad 
Dealt to 6bcb9940 
Dealt to a9ee1a91 
464964ad: folds
6bcb9940: folds
a9ee1a91: folds
Hero: raises $0.1 to $0.15
2af12004: calls $0.1
*** FLOP *** [6s 4c 2d]
Hero: bets $0.15
2af12004: calls $0.15
*** TURN *** [6s 4c 2d] [9s]
Hero: checks
2af12004: checks
*** RIVER *** [6s 4c 2d 9s] [Ks]
Hero: bets $0.4
2af12004: folds
Uncalled bet ($0.4) returned to Hero
*** SHOWDOWN ***
Hero collected $0.57 from pot
*** SUMMARY ***
Total pot $0.6 | Rake $0.03 | Jackpot $0 | Bingo $0 | Fortune $0 | Tax $0
Board [6s 4c 2d 9s Ks]
Seat 1: Hero (small blind) won ($0.57)
Seat 2: 2af12004 (big blind) folded on the River
Seat 4: 464964ad folded before Flop (didn't bet)
Seat 5: 6bcb9940 folded before Flop (didn't bet)
Seat 6: a9ee1a91 (button) folded before Flop (didn't bet)


Poker Hand #HD1731613107: Hold'em No Limit ($0.02/$0.05) - 2024/04/15 18:16:53
Table 'NLHBlue4' 6-max Seat #5 is the button
Seat 1: Hero ($4.73 in chips)
Seat 2: d09e177a ($9.88 in chips)
Seat 4: 464964ad ($6.5 in chips)
Seat 5: 6bcb9940 ($5 in chips)
Seat 6: a9ee1a91 ($5.16 in chips)
a9ee1a91: posts small blind $0.02
Hero: posts big blind $0.05
*** HOLE CARDS ***
Dealt to Hero [Qd Jc]
Dealt to d09e177a 
Dealt to 464964ad 
Dealt to 6bcb9940 
Dealt to a9ee1a91 
d09e177a: folds
464964ad: raises $0.08 to $0.13
6bcb9940: folds
a9ee1a91: folds
Hero: calls $0.08
*** FLOP *** [7h 2d 3h]
Hero: checks
464964ad: checks
*** TURN *** [7h 2d 3h] [9d]
Hero: bets $0.15
464964ad: raises $0.41 to $0.56
Hero: folds
Uncalled bet ($0.41) returned to 464964ad
*** SHOWDOWN ***
464964ad collected $0.56 from pot
*** SUMMARY ***
Total pot $0.58 | Rake $0.02 | Jackpot $0 | Bingo $0 | Fortune $0 | Tax $0
Board [7h 2d 3h 9d]
Seat 1: Hero (big blind) folded on the Turn
Seat 2: d09e177a folded before Flop (didn't bet)
Seat 4: 464964ad won ($0.56)
Seat 5: 6bcb9940 (button) folded before Flop (didn't bet)
Seat 6: a9ee1a91 (small blind) folded before Flop


Poker Hand #HD1731613050: Hold'em No Limit ($0.02/$0.05) - 2024/04/15 18:16:28
Table 'NLHBlue4' 6-max Seat #4 is the button
Seat 1: Hero ($4.73 in chips)
Seat 2: d09e177a ($9.88 in chips)
Seat 4: 464964ad ($6.43 in chips)
Seat 5: 6bcb9940 ($5 in chips)
Seat 6: a9ee1a91 ($5.21 in chips)
6bcb9940: posts small blind $0.02
a9ee1a91: posts big blind $0.05
*** HOLE CARDS ***
Dealt to Hero [2c 7c]
Dealt to d09e177a 
Dealt to 464964ad 
Dealt to 6bcb9940 
Dealt to a9ee1a91 
Hero: folds
d09e177a: folds
464964ad: raises $0.1 to $0.15
6bcb9940: folds
a9ee1a91: folds
Uncalled bet ($0.1) returned to 464964ad
*** SHOWDOWN ***
464964ad collected $0.12 from pot
*** SUMMARY ***
Total pot $0.12 | Rake $0 | Jackpot $0 | Bingo $0 | Fortune $0 | Tax $0
Seat 1: Hero folded before Flop (didn't bet)
Seat 2: d09e177a folded before Flop (didn't bet)
Seat 4: 464964ad (button) collected ($0.12)
Seat 5: 6bcb9940 (small blind) folded before Flop
Seat 6: a9ee1a91 (big blind) folded before Flop


Poker Hand #HD1731612956: Hold'em No Limit ($0.02/$0.05) - 2024/04/15 18:15:46
Table 'NLHBlue4' 6-max Seat #2 is the button
Seat 1: Hero ($4.73 in chips)
Seat 2: d09e177a ($9.88 in chips)
Seat 4: 464964ad ($6.31 in chips)
Seat 5: 6bcb9940 ($5 in chips)
Seat 6: a9ee1a91 ($5.21 in chips)
464964ad: posts small blind $0.02
6bcb9940: posts big blind $0.05
*** HOLE CARDS ***
Dealt to Hero [7h 2s]
Dealt to d09e177a 
Dealt to 464964ad 
Dealt to 6bcb9940 
Dealt to a9ee1a91 
a9ee1a91: folds
Hero: folds
d09e177a: folds
464964ad: raises $0.08 to $0.13
6bcb9940: calls $0.08
*** FLOP *** [9h Jc Jd]
464964ad: checks
6bcb9940: checks
*** TURN *** [9h Jc Jd] [2c]
464964ad: checks
6bcb9940: checks
*** RIVER *** [9h Jc Jd 2c] [4s]
464964ad: checks
6bcb9940: checks
464964ad: shows [4d Ad] (Pair of Jacks and Pair of Fours)
6bcb9940: shows [6d Kd] (Pair of Jacks)
*** SHOWDOWN ***
464964ad collected $0.25 from pot
*** SUMMARY ***
Total pot $0.26 | Rake $0.01 | Jackpot $0 | Bingo $0 | Fortune $0 | Tax $0
Board [9h Jc Jd 2c 4s]
Seat 1: Hero folded before Flop (didn't bet)
Seat 2: d09e177a (button) folded before Flop (didn't bet)
Seat 4: 464964ad (small blind) showed [4d Ad] and won ($0.25) with Pair of Jacks and Pair of Fours
Seat 5: 6bcb9940 (big blind) showed [6d Kd] and lost with Pair of Jacks
Seat 6: a9ee1a91 folded before Flop (didn't bet)


Poker Hand #HD1731612913: Hold'em No Limit ($0.02/$0.05) - 2024/04/15 18:15:27
Table 'NLHBlue4' 6-max Seat #1 is the button
Seat 1: Hero ($4.73 in chips)
Seat 2: d09e177a ($9.9 in chips)
Seat 4: 464964ad ($6.2 in chips)
Seat 5: 6bcb9940 ($5 in chips)
Seat 6: a9ee1a91 ($5.21 in chips)
d09e177a: posts small blind $0.02
464964ad: posts big blind $0.05
*** HOLE CARDS ***
Dealt to Hero [8s 3d]
Dealt to d09e177a 
Dealt to 464964ad 
Dealt to 6bcb9940 
Dealt to a9ee1a91 
6bcb9940: raises $0.05 to $0.1
a9ee1a91: folds
Hero: folds
d09e177a: folds
464964ad: raises $0.3 to $0.4
6bcb9940: folds
Uncalled bet ($0.3) returned to 464964ad
*** SHOWDOWN ***
464964ad collected $0.21 from pot
*** SUMMARY ***
Total pot $0.22 | Rake $0.01 | Jackpot $0 | Bingo $0 | Fortune $0 | Tax $0
Seat 1: Hero (button) folded before Flop (didn't bet)
Seat 2: d09e177a (small blind) folded before Flop
Seat 4: 464964ad (big blind) collected ($0.21)
Seat 5: 6bcb9940 folded before Flop
Seat 6: a9ee1a91 folded before Flop (didn't bet)


Poker Hand #HD1731612832: Hold'em No Limit ($0.02/$0.05) - 2024/04/15 18:14:52
Table 'NLHBlue4' 6-max Seat #6 is the button
Seat 1: Hero ($4.75 in chips)
Seat 2: d09e177a ($10.12 in chips)
Seat 4: 464964ad ($6.2 in chips)
Seat 5: 6bcb9940 ($5 in chips)
Seat 6: a9ee1a91 ($4.99 in chips)
Hero: posts small blind $0.02
d09e177a: posts big blind $0.05
*** HOLE CARDS ***
Dealt to Hero [Ac 3h]
Dealt to d09e177a 
Dealt to 464964ad 
Dealt to 6bcb9940 
Dealt to a9ee1a91 
464964ad: folds
6bcb9940: folds
a9ee1a91: raises $0.08 to $0.13
Hero: folds
d09e177a: calls $0.08
*** FLOP *** [Qh Ah 9h]
d09e177a: checks
a9ee1a91: bets $0.09
d09e177a: calls $0.09
*** TURN *** [Qh Ah 9h] [9d]
d09e177a: checks
a9ee1a91: checks
*** RIVER *** [Qh Ah 9h 9d] [Kd]
d09e177a: checks
a9ee1a91: bets $0.23
d09e177a: folds
Uncalled bet ($0.23) returned to a9ee1a91
*** SHOWDOWN ***
a9ee1a91 collected $0.44 from pot
*** SUMMARY ***
Total pot $0.46 | Rake $0.02 | Jackpot $0 | Bingo $0 | Fortune $0 | Tax $0
Board [Qh Ah 9h 9d Kd]
Seat 1: Hero (small blind) folded before Flop
Seat 2: d09e177a (big blind) folded on the River
Seat 4: 464964ad folded before Flop (didn't bet)
Seat 5: 6bcb9940 folded before Flop (didn't bet)
Seat 6: a9ee1a91 (button) won ($0.44)


Poker Hand #HD1731612805: Hold'em No Limit ($0.02/$0.05) - 2024/04/15 18:14:41
Table 'NLHBlue4' 6-max Seat #5 is the button
Seat 1: Hero ($4.8 in chips)
Seat 2: d09e177a ($10.05 in chips)
Seat 4: 464964ad ($6.2 in chips)
Seat 5: 6bcb9940 ($5 in chips)
Seat 6: a9ee1a91 ($5.01 in chips)
a9ee1a91: posts small blind $0.02
Hero: posts big blind $0.05
*** HOLE CARDS ***
Dealt to Hero [Qd Th]
Dealt to d09e177a 
Dealt to 464964ad 
Dealt to 6bcb9940 
Dealt to a9ee1a91 
d09e177a: raises $0.1 to $0.15
464964ad: folds
6bcb9940: folds
a9ee1a91: folds
Hero: folds
Uncalled bet ($0.1) returned to d09e177a
*** SHOWDOWN ***
d09e177a collected $0.12 from pot
*** SUMMARY ***
Total pot $0.12 | Rake $0 | Jackpot $0 | Bingo $0 | Fortune $0 | Tax $0
Seat 1: Hero (big blind) folded before Flop
Seat 2: d09e177a collected ($0.12)
Seat 4: 464964ad folded before Flop (didn't bet)
Seat 5: 6bcb9940 (button) folded before Flop (didn't bet)
Seat 6: a9ee1a91 (small blind) folded before Flop


Poker Hand #HD1731612778: Hold'em No Limit ($0.02/$0.05) - 2024/04/15 18:14:27
Table 'NLHBlue4' 6-max Seat #4 is the button
Seat 1: Hero ($4.8 in chips)
Seat 2: d09e177a ($9.98 in chips)
Seat 4: 464964ad ($6.2 in chips)
Seat 5: 6bcb9940 ($5 in chips)
Seat 6: a9ee1a91 ($5.06 in chips)
6bcb9940: posts small blind $0.02
a9ee1a91: posts big blind $0.05
*** HOLE CARDS ***
Dealt to Hero [7h Kc]
Dealt to d09e177a 
Dealt to 464964ad 
Dealt to 6bcb9940 
Dealt to a9ee1a91 
Hero: folds
d09e177a: raises $0.1 to $0.15
464964ad: folds
6bcb9940: folds
a9ee1a91: folds
Uncalled bet ($0.1) returned to d09e177a
*** SHOWDOWN ***
d09e177a collected $0.12 from pot
*** SUMMARY ***
Total pot $0.12 | Rake $0 | Jackpot $0 | Bingo $0 | Fortune $0 | Tax $0
Seat 1: Hero folded before Flop (didn't bet)
Seat 2: d09e177a collected ($0.12)
Seat 4: 464964ad (button) folded before Flop (didn't bet)
Seat 5: 6bcb9940 (small blind) folded before Flop
Seat 6: a9ee1a91 (big blind) folded before Flop


Poker Hand #HD1731612703: Hold'em No Limit ($0.02/$0.05) - 2024/04/15 18:13:55
Table 'NLHBlue4' 6-max Seat #2 is the button
Seat 1: Hero ($4.8 in chips)
Seat 2: d09e177a ($9.98 in chips)
Seat 4: 464964ad ($6.22 in chips)
Seat 5: 6bcb9940 ($5 in chips)
Seat 6: a9ee1a91 ($4.99 in chips)
464964ad: posts small blind $0.02
6bcb9940: posts big blind $0.05
*** HOLE CARDS ***
Dealt to Hero [5c Td]
Dealt to d09e177a 
Dealt to 464964ad 
Dealt to 6bcb9940 
Dealt to a9ee1a91 
a9ee1a91: raises $0.08 to $0.13
Hero: folds
d09e177a: folds
464964ad: folds
6bcb9940: folds
Uncalled bet ($0.08) returned to a9ee1a91
*** SHOWDOWN ***
a9ee1a91 collected $0.12 from pot
*** SUMMARY ***
Total pot $0.12 | Rake $0 | Jackpot $0 | Bingo $0 | Fortune $0 | Tax $0
Seat 1: Hero folded before Flop (didn't bet)
Seat 2: d09e177a (button) folded before Flop (didn't bet)
Seat 4: 464964ad (small blind) folded before Flop
Seat 5: 6bcb9940 (big blind) folded before Flop
Seat 6: a9ee1a91 collected ($0.12)


Poker Hand #HD1731612624: Hold'em No Limit ($0.02/$0.05) - 2024/04/15 18:13:23
Table 'NLHBlue4' 6-max Seat #1 is the button
Seat 1: Hero ($4.92 in chips)
Seat 2: d09e177a ($9.82 in chips)
Seat 4: 464964ad ($6.27 in chips)
Seat 6: a9ee1a91 ($4.99 in chips)
d09e177a: posts small blind $0.02
464964ad: posts big blind $0.05
*** HOLE CARDS ***
Dealt to Hero [Ac 9s]
Dealt to d09e177a 
Dealt to 464964ad 
Dealt to a9ee1a91 
a9ee1a91: folds
Hero: raises $0.07 to $0.12
d09e177a: raises $0.48 to $0.6
464964ad: folds
Hero: folds
Uncalled bet ($0.48) returned to d09e177a
*** SHOWDOWN ***
d09e177a collected $0.28 from pot
*** SUMMARY ***
Total pot $0.29 | Rake $0.01 | Jackpot $0 | Bingo $0 | Fortune $0 | Tax $0
Seat 1: Hero (button) folded before Flop
Seat 2: d09e177a (small blind) collected ($0.28)
Seat 4: 464964ad (big blind) folded before Flop
Seat 6: a9ee1a91 folded before Flop (didn't bet)


Poker Hand #HD1731612525: Hold'em No Limit ($0.02/$0.05) - 2024/04/15 18:12:31
Table 'NLHBlue4' 6-max Seat #6 is the button
Seat 1: Hero ($4.94 in chips)
Seat 2: d09e177a ($9.87 in chips)
Seat 4: 464964ad ($5.3 in chips)
Seat 5: 9d1ca31a ($1.05 in chips)
Seat 6: a9ee1a91 ($4.99 in chips)
Hero: posts small blind $0.02
d09e177a: posts big blind $0.05
*** HOLE CARDS ***
Dealt to Hero [8c 2h]
Dealt to d09e177a 
Dealt to 464964ad 
Dealt to 9d1ca31a 
Dealt to a9ee1a91 
464964ad: raises $0.1 to $0.15
9d1ca31a: calls $0.15
a9ee1a91: folds
Hero: folds
d09e177a: folds
*** FLOP *** [Qd Ts 6h]
464964ad: bets $0.28
9d1ca31a: calls $0.28
*** TURN *** [Qd Ts 6h] [Jh]
464964ad: bets $0.7
9d1ca31a: calls $0.62 and is all-in
Uncalled bet ($0.08) returned to 464964ad
464964ad: shows [Ah Ac] (Pair of Aces)
9d1ca31a: shows [5c Kh] (King-High)
*** RIVER *** [Qd Ts 6h Jh] [3c]
*** SHOWDOWN ***
464964ad collected $2.02 from pot
*** SUMMARY ***
Total pot $2.17 | Rake $0.1 | Jackpot $0.05 | Bingo $0 | Fortune $0 | Tax $0
Board [Qd Ts 6h Jh 3c]
Seat 1: Hero (small blind) folded before Flop
Seat 2: d09e177a (big blind) folded before Flop
Seat 4: 464964ad showed [Ah Ac] and won ($2.02) with Pair of Aces
Seat 5: 9d1ca31a showed [5c Kh] and lost with King-High
Seat 6: a9ee1a91 (button) folded before Flop (didn't bet)


Poker Hand #HD1731612504: Hold'em No Limit ($0.02/$0.05) - 2024/04/15 18:12:20
Table 'NLHBlue4' 6-max Seat #5 is the button
Seat 1: Hero ($4.99 in chips)
Seat 2: d09e177a ($9.87 in chips)
Seat 4: 464964ad ($5.3 in chips)
Seat 5: 9d1ca31a ($1.05 in chips)
Seat 6: a9ee1a91 ($4.94 in chips)
a9ee1a91: posts small blind $0.02
Hero: posts big blind $0.05
*** HOLE CARDS ***
Dealt to Hero [4h Ks]
Dealt to d09e177a 
Dealt to 464964ad 
Dealt to 9d1ca31a 
Dealt to a9ee1a91 
d09e177a: folds
464964ad: folds
9d1ca31a: folds
a9ee1a91: raises $0.1 to $0.15
Hero: folds
Uncalled bet ($0.1) returned to a9ee1a91
*** SHOWDOWN ***
a9ee1a91 collected $0.1 from pot
*** SUMMARY ***
Total pot $0.1 | Rake $0 | Jackpot $0 | Bingo $0 | Fortune $0 | Tax $0
Seat 1: Hero (big blind) folded before Flop
Seat 2: d09e177a folded before Flop (didn't bet)
Seat 4: 464964ad folded before Flop (didn't bet)
Seat 5: 9d1ca31a (button) folded before Flop (didn't bet)
Seat 6: a9ee1a91 (small blind) collected ($0.1)


Poker Hand #HD1731612449: Hold'em No Limit ($0.02/$0.05) - 2024/04/15 18:11:53
Table 'NLHBlue4' 6-max Seat #4 is the button
Seat 1: Hero ($4.99 in chips)
Seat 2: d09e177a ($9.87 in chips)
Seat 4: 464964ad ($5.11 in chips)
Seat 5: 9d1ca31a ($1.2 in chips)
Seat 6: a9ee1a91 ($4.99 in chips)
9d1ca31a: posts small blind $0.02
a9ee1a91: posts big blind $0.05
*** HOLE CARDS ***
Dealt to Hero [6s 7h]
Dealt to d09e177a 
Dealt to 464964ad 
Dealt to 9d1ca31a 
Dealt to a9ee1a91 
Hero: folds
d09e177a: folds
464964ad: raises $0.1 to $0.15
9d1ca31a: calls $0.13
a9ee1a91: folds
*** FLOP *** [3d As 7c]
9d1ca31a: checks
464964ad: bets $0.27
9d1ca31a: folds
Uncalled bet ($0.27) returned to 464964ad
*** SHOWDOWN ***
464964ad collected $0.34 from pot
*** SUMMARY ***
Total pot $0.35 | Rake $0.01 | Jackpot $0 | Bingo $0 | Fortune $0 | Tax $0
Board [3d As 7c]
Seat 1: Hero folded before Flop (didn't bet)
Seat 2: d09e177a folded before Flop (didn't bet)
Seat 4: 464964ad (button) won ($0.34)
Seat 5: 9d1ca31a (small blind) folded on the Flop
Seat 6: a9ee1a91 (big blind) folded before Flop


Poker Hand #HD1731612351: Hold'em No Limit ($0.02/$0.05) - 2024/04/15 18:11:13
Table 'NLHBlue4' 6-max Seat #2 is the button
Seat 1: Hero ($4.86 in chips)
Seat 2: d09e177a ($9.87 in chips)
Seat 4: 464964ad ($5.13 in chips)
Seat 5: 9d1ca31a ($1.32 in chips)
Seat 6: a9ee1a91 ($4.99 in chips)
464964ad: posts small blind $0.02
9d1ca31a: posts big blind $0.05
*** HOLE CARDS ***
Dealt to Hero [8h Ah]
Dealt to d09e177a 
Dealt to 464964ad 
Dealt to 9d1ca31a 
Dealt to a9ee1a91 
a9ee1a91: folds
Hero: raises $0.07 to $0.12
d09e177a: folds
464964ad: folds
9d1ca31a: calls $0.07
*** FLOP *** [7c Jd 5d]
9d1ca31a: checks
Hero: checks
*** TURN *** [7c Jd 5d] [6h]
9d1ca31a: checks
Hero: bets $0.15
9d1ca31a: folds
Uncalled bet ($0.15) returned to Hero
*** SHOWDOWN ***
Hero collected $0.25 from pot
*** SUMMARY ***
Total pot $0.26 | Rake $0.01 | Jackpot $0 | Bingo $0 | Fortune $0 | Tax $0
Board [7c Jd 5d 6h]
Seat 1: Hero won ($0.25)
Seat 2: d09e177a (button) folded before Flop (didn't bet)
Seat 4: 464964ad (small blind) folded before Flop
Seat 5: 9d1ca31a (big blind) folded on the Turn
Seat 6: a9ee1a91 folded before Flop (didn't bet)


Poker Hand #HD1731612307: Hold'em No Limit ($0.02/$0.05) - 2024/04/15 18:10:51
Table 'NLHBlue4' 6-max Seat #1 is the button
Seat 1: Hero ($4.98 in chips)
Seat 2: d09e177a ($9.89 in chips)
Seat 4: 464964ad ($5 in chips)
Seat 6: a9ee1a91 ($4.99 in chips)
d09e177a: posts small blind $0.02
464964ad: posts big blind $0.05
*** HOLE CARDS ***
Dealt to Hero [6d Ad]
Dealt to d09e177a 
Dealt to 464964ad 
Dealt to a9ee1a91 
a9ee1a91: folds
Hero: raises $0.07 to $0.12
d09e177a: folds
464964ad: raises $0.36 to $0.48
Hero: folds
Uncalled bet ($0.36) returned to 464964ad
*** SHOWDOWN ***
464964ad collected $0.25 from pot
*** SUMMARY ***
Total pot $0.26 | Rake $0.01 | Jackpot $0 | Bingo $0 | Fortune $0 | Tax $0
Seat 1: Hero (button) folded before Flop
Seat 2: d09e177a (small blind) folded before Flop
Seat 4: 464964ad (big blind) collected ($0.25)
Seat 6: a9ee1a91 folded before Flop (didn't bet)


Poker Hand #HD1731612293: Hold'em No Limit ($0.02/$0.05) - 2024/04/15 18:10:44
Table 'NLHBlue4' 6-max Seat #6 is the button
Seat 1: Hero ($5 in chips)
Seat 2: d09e177a ($9.94 in chips)
Seat 6: a9ee1a91 ($4.92 in chips)
Hero: posts small blind $0.02
d09e177a: posts big blind $0.05
*** HOLE CARDS ***
Dealt to Hero [2h 8c]
Dealt to d09e177a 
Dealt to a9ee1a91 
a9ee1a91: raises $0.08 to $0.13
Hero: folds
d09e177a: folds
Uncalled bet ($0.08) returned to a9ee1a91
*** SHOWDOWN ***
a9ee1a91 collected $0.12 from pot
*** SUMMARY ***
Total pot $0.12 | Rake $0 | Jackpot $0 | Bingo $0 | Fortune $0 | Tax $0
Seat 1: Hero (small blind) folded before Flop
Seat 2: d09e177a (big blind) folded before Flop
Seat 6: a9ee1a91 (button) collected ($0.12)


Poker Hand #HD1731612278: Hold'em No Limit ($0.02/$0.05) - 2024/04/15 18:10:37
Table 'NLHBlue4' 6-max Seat #2 is the button
Seat 1: Hero ($4.98 in chips)
Seat 2: d09e177a ($9.94 in chips)
Seat 6: a9ee1a91 ($4.94 in chips)
a9ee1a91: posts small blind $0.02
Hero: posts big blind $0.05
*** HOLE CARDS ***
Dealt to Hero [7c 2d]
Dealt to d09e177a 
Dealt to a9ee1a91 
d09e177a: folds
a9ee1a91: folds
Uncalled bet ($0.03) returned to Hero
*** SHOWDOWN ***
Hero collected $0.04 from pot
*** SUMMARY ***
Total pot $0.04 | Rake $0 | Jackpot $0 | Bingo $0 | Fortune $0 | Tax $0
Seat 1: Hero (big blind) collected ($0.04)
Seat 2: d09e177a (button) folded before Flop (didn't bet)
Seat 6: a9ee1a91 (small blind) folded before Flop


Poker Hand #HD1731612218: Hold'em No Limit ($0.02/$0.05) - 2024/04/15 18:10:07
Table 'NLHBlue4' 6-max Seat #1 is the button
Seat 1: Hero ($4.98 in chips)
Seat 2: d09e177a ($10.09 in chips)
Seat 6: a9ee1a91 ($4.8 in chips)
d09e177a: posts small blind $0.02
a9ee1a91: posts big blind $0.05
*** HOLE CARDS ***
Dealt to Hero [2h 7h]
Dealt to d09e177a 
Dealt to a9ee1a91 
Hero: folds
d09e177a: raises $0.1 to $0.15
a9ee1a91: raises $0.3 to $0.45
d09e177a: folds
Uncalled bet ($0.3) returned to a9ee1a91
*** SHOWDOWN ***
a9ee1a91 collected $0.29 from pot
*** SUMMARY ***
Total pot $0.3 | Rake $0.01 | Jackpot $0 | Bingo $0 | Fortune $0 | Tax $0
Seat 1: Hero (button) folded before Flop (didn't bet)
Seat 2: d09e177a (small blind) folded before Flop
Seat 6: a9ee1a91 (big blind) collected ($0.29)


Poker Hand #HD1731612209: Hold'em No Limit ($0.02/$0.05) - 2024/04/15 18:10:03
Table 'NLHBlue4' 6-max Seat #6 is the button
Seat 1: Hero ($5 in chips)
Seat 2: d09e177a ($10.07 in chips)
Seat 6: a9ee1a91 ($4.8 in chips)
Hero: posts small blind $0.02
d09e177a: posts big blind $0.05
*** HOLE CARDS ***
Dealt to Hero [Kd 4s]
Dealt to d09e177a 
Dealt to a9ee1a91 
a9ee1a91: folds
Hero: folds
Uncalled bet ($0.03) returned to d09e177a
*** SHOWDOWN ***
d09e177a collected $0.04 from pot
*** SUMMARY ***
Total pot $0.04 | Rake $0 | Jackpot $0 | Bingo $0 | Fortune $0 | Tax $0
Seat 1: Hero (small blind) folded before Flop
Seat 2: d09e177a (big blind) collected ($0.04)
Seat 6: a9ee1a91 (button) folded before Flop (didn't bet)


