Poker Hand #HD1756971326: Hold'em No Limit ($0.05/$0.1) - 2024/05/03 16:24:15
Table 'NLHRed28' 6-max Seat #4 is the button
Seat 1: 6a168e74 ($15.44 in chips)
Seat 3: 8b43b69b ($11.98 in chips)
Seat 4: 8ae55739 ($11.91 in chips)
Seat 5: f9174793 ($10 in chips)
Seat 6: Hero ($12.71 in chips)
f9174793: posts small blind $0.05
Hero: posts big blind $0.1
*** HOLE CARDS ***
Dealt to 6a168e74 
Dealt to 8b43b69b 
Dealt to 8ae55739 
Dealt to f9174793 
Dealt to Hero [3s Js]
6a168e74: folds
8b43b69b: raises $0.15 to $0.25
8ae55739: folds
f9174793: folds
Hero: folds
Uncalled bet ($0.15) returned to 8b43b69b
*** SHOWDOWN ***
8b43b69b collected $0.25 from pot
*** SUMMARY ***
Total pot $0.25 | Rake $0 | Jackpot $0 | Bingo $0 | Fortune $0 | Tax $0
Seat 1: 6a168e74 folded before Flop (didn't bet)
Seat 3: 8b43b69b collected ($0.25)
Seat 4: 8ae55739 (button) folded before Flop (didn't bet)
Seat 5: f9174793 (small blind) folded before Flop
Seat 6: Hero (big blind) folded before Flop


Poker Hand #HD1756971285: Hold'em No Limit ($0.05/$0.1) - 2024/05/03 16:23:59
Table 'NLHRed28' 6-max Seat #3 is the button
Seat 1: 6a168e74 ($15.44 in chips)
Seat 2: b468d4d3 ($8.08 in chips)
Seat 3: 8b43b69b ($11.98 in chips)
Seat 4: 8ae55739 ($11.81 in chips)
Seat 5: f9174793 ($10 in chips)
Seat 6: Hero ($12.71 in chips)
8ae55739: posts small blind $0.05
f9174793: posts big blind $0.1
*** HOLE CARDS ***
Dealt to 6a168e74 
Dealt to b468d4d3 
Dealt to 8b43b69b 
Dealt to 8ae55739 
Dealt to f9174793 
Dealt to Hero [3h 8s]
Hero: folds
6a168e74: folds
b468d4d3: folds
8b43b69b: folds
8ae55739: raises $0.2 to $0.3
f9174793: folds
Uncalled bet ($0.2) returned to 8ae55739
*** SHOWDOWN ***
8ae55739 collected $0.2 from pot
*** SUMMARY ***
Total pot $0.2 | Rake $0 | Jackpot $0 | Bingo $0 | Fortune $0 | Tax $0
Seat 1: 6a168e74 folded before Flop (didn't bet)
Seat 2: b468d4d3 folded before Flop (didn't bet)
Seat 3: 8b43b69b (button) folded before Flop (didn't bet)
Seat 4: 8ae55739 (small blind) collected ($0.2)
Seat 5: f9174793 (big blind) folded before Flop
Seat 6: Hero folded before Flop (didn't bet)


Poker Hand #HD1756971179: Hold'em No Limit ($0.05/$0.1) - 2024/05/03 16:23:07
Table 'NLHRed28' 6-max Seat #2 is the button
Seat 1: 6a168e74 ($13.44 in chips)
Seat 2: b468d4d3 ($10.09 in chips)
Seat 3: 8b43b69b ($12.03 in chips)
Seat 4: 8ae55739 ($12.06 in chips)
Seat 5: f9174793 ($10 in chips)
Seat 6: Hero ($12.71 in chips)
8b43b69b: posts small blind $0.05
8ae55739: posts big blind $0.1
*** HOLE CARDS ***
Dealt to 6a168e74 
Dealt to b468d4d3 
Dealt to 8b43b69b 
Dealt to 8ae55739 
Dealt to f9174793 
Dealt to Hero [Jc 6d]
f9174793: folds
Hero: folds
6a168e74: raises $0.15 to $0.25
b468d4d3: calls $0.25
8b43b69b: folds
8ae55739: calls $0.15
*** FLOP *** [7s Tc Ts]
8ae55739: checks
6a168e74: bets $0.68
b468d4d3: calls $0.68
8ae55739: folds
*** TURN *** [7s Tc Ts] [2h]
6a168e74: checks
b468d4d3: bets $1.08
6a168e74: calls $1.08
*** RIVER *** [7s Tc Ts 2h] [8c]
6a168e74: checks
b468d4d3: checks
6a168e74: shows [5s 5d] (Pair of Tens and Pair of Fives)
b468d4d3: shows [3h 3c] (Pair of Tens and Pair of Treys)
*** SHOWDOWN ***
6a168e74 collected $4.01 from pot
*** SUMMARY ***
Total pot $4.32 | Rake $0.21 | Jackpot $0.1 | Bingo $0 | Fortune $0 | Tax $0
Board [7s Tc Ts 2h 8c]
Seat 1: 6a168e74 showed [5s 5d] and won ($4.01) with Pair of Tens and Pair of Fives
Seat 2: b468d4d3 (button) showed [3h 3c] and lost with Pair of Tens and Pair of Treys
Seat 3: 8b43b69b (small blind) folded before Flop
Seat 4: 8ae55739 (big blind) folded on the Flop
Seat 5: f9174793 folded before Flop (didn't bet)
Seat 6: Hero folded before Flop (didn't bet)


Poker Hand #HD1756971028: Hold'em No Limit ($0.05/$0.1) - 2024/05/03 16:21:55
Table 'NLHRed28' 6-max Seat #1 is the button
Seat 1: 6a168e74 ($13.44 in chips)
Seat 2: b468d4d3 ($11.99 in chips)
Seat 3: 8b43b69b ($12.27 in chips)
Seat 4: 8ae55739 ($12.06 in chips)
Seat 5: f9174793 ($10 in chips)
Seat 6: Hero ($10.86 in chips)
b468d4d3: posts small blind $0.05
8b43b69b: posts big blind $0.1
*** HOLE CARDS ***
Dealt to 6a168e74 
Dealt to b468d4d3 
Dealt to 8b43b69b 
Dealt to 8ae55739 
Dealt to f9174793 
Dealt to Hero [Qc Jc]
8ae55739: folds
f9174793: folds
Hero: raises $0.14 to $0.24
6a168e74: folds
b468d4d3: calls $0.19
8b43b69b: calls $0.14
*** FLOP *** [Qd 4c 6h]
b468d4d3: checks
8b43b69b: checks
Hero: bets $0.3
b468d4d3: calls $0.3
8b43b69b: folds
*** TURN *** [Qd 4c 6h] [Ts]
b468d4d3: bets $0.66
Hero: calls $0.66
*** RIVER *** [Qd 4c 6h Ts] [5d]
b468d4d3: bets $0.7
Hero: calls $0.7
b468d4d3: shows [3c Qs] (Pair of Queens)
Hero: shows [Qc Jc] (Pair of Queens)
*** SHOWDOWN ***
Hero collected $3.75 from pot
*** SUMMARY ***
Total pot $4.04 | Rake $0.19 | Jackpot $0.1 | Bingo $0 | Fortune $0 | Tax $0
Board [Qd 4c 6h Ts 5d]
Seat 1: 6a168e74 (button) folded before Flop (didn't bet)
Seat 2: b468d4d3 (small blind) showed [3c Qs] and lost with Pair of Queens
Seat 3: 8b43b69b (big blind) folded on the Flop
Seat 4: 8ae55739 folded before Flop (didn't bet)
Seat 5: f9174793 folded before Flop (didn't bet)
Seat 6: Hero showed [Qc Jc] and won ($3.75) with Pair of Queens


Poker Hand #HD1756970900: Hold'em No Limit ($0.05/$0.1) - 2024/05/03 16:20:51
Table 'NLHRed28' 6-max Seat #6 is the button
Seat 1: 6a168e74 ($13.17 in chips)
Seat 2: b468d4d3 ($12.29 in chips)
Seat 3: 8b43b69b ($12.27 in chips)
Seat 4: 8ae55739 ($12.06 in chips)
Seat 5: f9174793 ($10 in chips)
Seat 6: Hero ($10.86 in chips)
6a168e74: posts small blind $0.05
b468d4d3: posts big blind $0.1
*** HOLE CARDS ***
Dealt to 6a168e74 
Dealt to b468d4d3 
Dealt to 8b43b69b 
Dealt to 8ae55739 
Dealt to f9174793 
Dealt to Hero [8s 2s]
8b43b69b: folds
8ae55739: folds
f9174793: folds
Hero: folds
6a168e74: raises $0.2 to $0.3
b468d4d3: calls $0.2
*** FLOP *** [8h 4h 7d]
6a168e74: checks
b468d4d3: checks
*** TURN *** [8h 4h 7d] [5h]
6a168e74: checks
b468d4d3: checks
*** RIVER *** [8h 4h 7d 5h] [Ts]
6a168e74: bets $0.87
b468d4d3: folds
Uncalled bet ($0.87) returned to 6a168e74
*** SHOWDOWN ***
6a168e74 collected $0.57 from pot
*** SUMMARY ***
Total pot $0.6 | Rake $0.03 | Jackpot $0 | Bingo $0 | Fortune $0 | Tax $0
Board [8h 4h 7d 5h Ts]
Seat 1: 6a168e74 (small blind) won ($0.57)
Seat 2: b468d4d3 (big blind) folded on the River
Seat 3: 8b43b69b folded before Flop (didn't bet)
Seat 4: 8ae55739 folded before Flop (didn't bet)
Seat 5: f9174793 folded before Flop (didn't bet)
Seat 6: Hero (button) folded before Flop (didn't bet)


Poker Hand #HD1756970790: Hold'em No Limit ($0.05/$0.1) - 2024/05/03 16:19:51
Table 'NLHRed28' 6-max Seat #5 is the button
Seat 1: 6a168e74 ($13.27 in chips)
Seat 2: b468d4d3 ($6.44 in chips)
Seat 3: 8b43b69b ($12.27 in chips)
Seat 4: 8ae55739 ($12.06 in chips)
Seat 5: f9174793 ($10 in chips)
Seat 6: Hero ($10.91 in chips)
Hero: posts small blind $0.05
6a168e74: posts big blind $0.1
*** HOLE CARDS ***
Dealt to 6a168e74 
Dealt to b468d4d3 
Dealt to 8b43b69b 
Dealt to 8ae55739 
Dealt to f9174793 
Dealt to Hero [3d 2h]
b468d4d3: raises $0.1 to $0.2
8b43b69b: folds
8ae55739: folds
f9174793: raises $0.7 to $0.9
Hero: folds
6a168e74: folds
b468d4d3: calls $0.7
*** FLOP *** [3c 4c 6c]
b468d4d3: checks
f9174793: bets $0.98
b468d4d3: calls $0.98
*** TURN *** [3c 4c 6c] [3h]
b468d4d3: checks
f9174793: bets $5.28
b468d4d3: calls $4.56 and is all-in
Uncalled bet ($0.72) returned to f9174793
f9174793: shows [Kc Kh] (Pair of Kings and Pair of Treys)
b468d4d3: shows [5c Jc] (Jack High Flush)
*** RIVER *** [3c 4c 6c 3h] [7c]
*** SHOWDOWN ***
b468d4d3 collected $12.29 from pot
*** SUMMARY ***
Total pot $13.03 | Rake $0.64 | Jackpot $0.1 | Bingo $0 | Fortune $0 | Tax $0
Board [3c 4c 6c 3h 7c]
Seat 1: 6a168e74 (big blind) folded before Flop
Seat 2: b468d4d3 showed [5c Jc] and won ($12.29) with Seven-High Straight Flush
Seat 3: 8b43b69b folded before Flop (didn't bet)
Seat 4: 8ae55739 folded before Flop (didn't bet)
Seat 5: f9174793 (button) showed [Kc Kh] and lost with King High Flush
Seat 6: Hero (small blind) folded before Flop


Poker Hand #HD1756970719: Hold'em No Limit ($0.05/$0.1) - 2024/05/03 16:19:17
Table 'NLHRed28' 6-max Seat #4 is the button
Seat 1: 6a168e74 ($13.27 in chips)
Seat 2: b468d4d3 ($6.54 in chips)
Seat 3: 8b43b69b ($12.67 in chips)
Seat 4: 8ae55739 ($11.46 in chips)
Seat 5: f9174793 ($10 in chips)
Seat 6: Hero ($11.01 in chips)
f9174793: posts small blind $0.05
Hero: posts big blind $0.1
*** HOLE CARDS ***
Dealt to 6a168e74 
Dealt to b468d4d3 
Dealt to 8b43b69b 
Dealt to 8ae55739 
Dealt to f9174793 
Dealt to Hero [9s Jd]
6a168e74: folds
b468d4d3: calls $0.1
8b43b69b: raises $0.3 to $0.4
8ae55739: raises $0.8 to $1.2
f9174793: folds
Hero: folds
b468d4d3: folds
8b43b69b: folds
Uncalled bet ($0.8) returned to 8ae55739
*** SHOWDOWN ***
8ae55739 collected $1 from pot
*** SUMMARY ***
Total pot $1.05 | Rake $0.05 | Jackpot $0 | Bingo $0 | Fortune $0 | Tax $0
Seat 1: 6a168e74 folded before Flop (didn't bet)
Seat 2: b468d4d3 folded before Flop
Seat 3: 8b43b69b folded before Flop
Seat 4: 8ae55739 (button) collected ($1)
Seat 5: f9174793 (small blind) folded before Flop
Seat 6: Hero (big blind) folded before Flop


Poker Hand #HD1756970675: Hold'em No Limit ($0.05/$0.1) - 2024/05/03 16:18:56
Table 'NLHRed28' 6-max Seat #3 is the button
Seat 1: 6a168e74 ($13.27 in chips)
Seat 2: b468d4d3 ($6.4 in chips)
Seat 3: 8b43b69b ($12.67 in chips)
Seat 4: 8ae55739 ($11.51 in chips)
Seat 5: f9174793 ($10 in chips)
Seat 6: Hero ($11.01 in chips)
8ae55739: posts small blind $0.05
f9174793: posts big blind $0.1
*** HOLE CARDS ***
Dealt to 6a168e74 
Dealt to b468d4d3 
Dealt to 8b43b69b 
Dealt to 8ae55739 
Dealt to f9174793 
Dealt to Hero [3s 3h]
Hero: folds
6a168e74: folds
b468d4d3: calls $0.1
8b43b69b: folds
8ae55739: folds
f9174793: checks
*** FLOP *** [3c Kd Ks]
f9174793: checks
b468d4d3: checks
*** TURN *** [3c Kd Ks] [3d]
f9174793: checks
b468d4d3: bets $0.25
f9174793: folds
Uncalled bet ($0.25) returned to b468d4d3
*** SHOWDOWN ***
b468d4d3 collected $0.24 from pot
*** SUMMARY ***
Total pot $0.25 | Rake $0.01 | Jackpot $0 | Bingo $0 | Fortune $0 | Tax $0
Board [3c Kd Ks 3d]
Seat 1: 6a168e74 folded before Flop (didn't bet)
Seat 2: b468d4d3 won ($0.24)
Seat 3: 8b43b69b (button) folded before Flop (didn't bet)
Seat 4: 8ae55739 (small blind) folded before Flop
Seat 5: f9174793 (big blind) folded on the Turn
Seat 6: Hero folded before Flop (didn't bet)


Poker Hand #HD1756970610: Hold'em No Limit ($0.05/$0.1) - 2024/05/03 16:18:23
Table 'NLHRed28' 6-max Seat #2 is the button
Seat 1: 6a168e74 ($13.52 in chips)
Seat 2: b468d4d3 ($6.03 in chips)
Seat 3: 8b43b69b ($12.72 in chips)
Seat 4: 8ae55739 ($11.61 in chips)
Seat 5: f9174793 ($10 in chips)
Seat 6: Hero ($11.01 in chips)
8b43b69b: posts small blind $0.05
8ae55739: posts big blind $0.1
*** HOLE CARDS ***
Dealt to 6a168e74 
Dealt to b468d4d3 
Dealt to 8b43b69b 
Dealt to 8ae55739 
Dealt to f9174793 
Dealt to Hero [6c 9d]
f9174793: folds
Hero: folds
6a168e74: raises $0.15 to $0.25
b468d4d3: calls $0.25
8b43b69b: folds
8ae55739: folds
*** FLOP *** [3c 6s 8c]
6a168e74: checks
b468d4d3: bets $0.49
6a168e74: folds
Uncalled bet ($0.49) returned to b468d4d3
b468d4d3: shows [4h Qh] (Queen-High)
*** SHOWDOWN ***
b468d4d3 collected $0.62 from pot
*** SUMMARY ***
Total pot $0.65 | Rake $0.03 | Jackpot $0 | Bingo $0 | Fortune $0 | Tax $0
Board [3c 6s 8c]
Seat 1: 6a168e74 folded on the Flop
Seat 2: b468d4d3 (button) showed [4h Qh] and won ($0.62)
Seat 3: 8b43b69b (small blind) folded before Flop
Seat 4: 8ae55739 (big blind) folded before Flop
Seat 5: f9174793 folded before Flop (didn't bet)
Seat 6: Hero folded before Flop (didn't bet)


Poker Hand #HD1756970529: Hold'em No Limit ($0.05/$0.1) - 2024/05/03 16:17:45
Table 'NLHRed28' 6-max Seat #1 is the button
Seat 1: 6a168e74 ($13.52 in chips)
Seat 2: b468d4d3 ($5.42 in chips)
Seat 3: 8b43b69b ($13.39 in chips)
Seat 4: 8ae55739 ($11.61 in chips)
Seat 5: f9174793 ($10 in chips)
Seat 6: Hero ($11.01 in chips)
b468d4d3: posts small blind $0.05
8b43b69b: posts big blind $0.1
*** HOLE CARDS ***
Dealt to 6a168e74 
Dealt to b468d4d3 
Dealt to 8b43b69b 
Dealt to 8ae55739 
Dealt to f9174793 
Dealt to Hero [4s 8h]
8ae55739: folds
f9174793: folds
Hero: folds
6a168e74: folds
b468d4d3: calls $0.05
8b43b69b: raises $0.3 to $0.4
b468d4d3: calls $0.3
*** FLOP *** [6s 9c 2s]
b468d4d3: checks
8b43b69b: bets $0.27
b468d4d3: calls $0.27
*** TURN *** [6s 9c 2s] [8d]
b468d4d3: checks
8b43b69b: checks
*** RIVER *** [6s 9c 2s 8d] [Jh]
b468d4d3: bets $1.34
8b43b69b: folds
Uncalled bet ($1.34) returned to b468d4d3
b468d4d3: shows [7c 3h] (Jack-High)
*** SHOWDOWN ***
b468d4d3 collected $1.28 from pot
*** SUMMARY ***
Total pot $1.34 | Rake $0.06 | Jackpot $0 | Bingo $0 | Fortune $0 | Tax $0
Board [6s 9c 2s 8d Jh]
Seat 1: 6a168e74 (button) folded before Flop (didn't bet)
Seat 2: b468d4d3 (small blind) showed [7c 3h] and won ($1.28)
Seat 3: 8b43b69b (big blind) folded on the River
Seat 4: 8ae55739 folded before Flop (didn't bet)
Seat 5: f9174793 folded before Flop (didn't bet)
Seat 6: Hero folded before Flop (didn't bet)


Poker Hand #HD1756970439: Hold'em No Limit ($0.05/$0.1) - 2024/05/03 16:17:02
Table 'NLHRed28' 6-max Seat #6 is the button
Seat 1: 6a168e74 ($13.29 in chips)
Seat 2: b468d4d3 ($5.67 in chips)
Seat 3: 8b43b69b ($13.39 in chips)
Seat 4: 8ae55739 ($11.61 in chips)
Seat 5: f9174793 ($10 in chips)
Seat 6: Hero ($11.01 in chips)
6a168e74: posts small blind $0.05
b468d4d3: posts big blind $0.1
*** HOLE CARDS ***
Dealt to 6a168e74 
Dealt to b468d4d3 
Dealt to 8b43b69b 
Dealt to 8ae55739 
Dealt to f9174793 
Dealt to Hero [6c 4h]
8b43b69b: folds
8ae55739: folds
f9174793: folds
Hero: folds
6a168e74: calls $0.05
b468d4d3: checks
*** FLOP *** [6s Jh Qd]
6a168e74: bets $0.15
b468d4d3: calls $0.15
*** TURN *** [6s Jh Qd] [Qc]
6a168e74: bets $0.35
b468d4d3: folds
Uncalled bet ($0.35) returned to 6a168e74
*** SHOWDOWN ***
6a168e74 collected $0.48 from pot
*** SUMMARY ***
Total pot $0.5 | Rake $0.02 | Jackpot $0 | Bingo $0 | Fortune $0 | Tax $0
Board [6s Jh Qd Qc]
Seat 1: 6a168e74 (small blind) won ($0.48)
Seat 2: b468d4d3 (big blind) folded on the Turn
Seat 3: 8b43b69b folded before Flop (didn't bet)
Seat 4: 8ae55739 folded before Flop (didn't bet)
Seat 5: f9174793 folded before Flop (didn't bet)
Seat 6: Hero (button) folded before Flop (didn't bet)


Poker Hand #HD1756970408: Hold'em No Limit ($0.05/$0.1) - 2024/05/03 16:16:48
Table 'NLHRed28' 6-max Seat #5 is the button
Seat 1: 6a168e74 ($13.24 in chips)
Seat 2: b468d4d3 ($5.67 in chips)
Seat 3: 8b43b69b ($13.39 in chips)
Seat 4: 8ae55739 ($11.61 in chips)
Seat 5: f9174793 ($10 in chips)
Seat 6: Hero ($11.06 in chips)
Hero: posts small blind $0.05
6a168e74: posts big blind $0.1
*** HOLE CARDS ***
Dealt to 6a168e74 
Dealt to b468d4d3 
Dealt to 8b43b69b 
Dealt to 8ae55739 
Dealt to f9174793 
Dealt to Hero [4s 2c]
b468d4d3: folds
8b43b69b: folds
8ae55739: folds
f9174793: folds
Hero: folds
Uncalled bet ($0.05) returned to 6a168e74
*** SHOWDOWN ***
6a168e74 collected $0.1 from pot
*** SUMMARY ***
Total pot $0.1 | Rake $0 | Jackpot $0 | Bingo $0 | Fortune $0 | Tax $0
Seat 1: 6a168e74 (big blind) collected ($0.1)
Seat 2: b468d4d3 folded before Flop (didn't bet)
Seat 3: 8b43b69b folded before Flop (didn't bet)
Seat 4: 8ae55739 folded before Flop (didn't bet)
Seat 5: f9174793 (button) folded before Flop (didn't bet)
Seat 6: Hero (small blind) folded before Flop


Poker Hand #HD1756970340: Hold'em No Limit ($0.05/$0.1) - 2024/05/03 16:16:15
Table 'NLHRed28' 6-max Seat #4 is the button
Seat 1: 6a168e74 ($13.24 in chips)
Seat 2: b468d4d3 ($6.07 in chips)
Seat 3: 8b43b69b ($13.39 in chips)
Seat 4: 8ae55739 ($11.61 in chips)
Seat 5: f9174793 ($10 in chips)
Seat 6: Hero ($10.65 in chips)
f9174793: posts small blind $0.05
Hero: posts big blind $0.1
*** HOLE CARDS ***
Dealt to 6a168e74 
Dealt to b468d4d3 
Dealt to 8b43b69b 
Dealt to 8ae55739 
Dealt to f9174793 
Dealt to Hero [Ah Kd]
6a168e74: folds
b468d4d3: calls $0.1
8b43b69b: folds
8ae55739: folds
f9174793: folds
Hero: raises $0.3 to $0.4
b468d4d3: calls $0.3
*** FLOP *** [8h 4s Ad]
Hero: bets $0.57
b468d4d3: folds
Uncalled bet ($0.57) returned to Hero
*** SHOWDOWN ***
Hero collected $0.81 from pot
*** SUMMARY ***
Total pot $0.85 | Rake $0.04 | Jackpot $0 | Bingo $0 | Fortune $0 | Tax $0
Board [8h 4s Ad]
Seat 1: 6a168e74 folded before Flop (didn't bet)
Seat 2: b468d4d3 folded on the Flop
Seat 3: 8b43b69b folded before Flop (didn't bet)
Seat 4: 8ae55739 (button) folded before Flop (didn't bet)
Seat 5: f9174793 (small blind) folded before Flop
Seat 6: Hero (big blind) won ($0.81)


Poker Hand #HD1756970245: Hold'em No Limit ($0.05/$0.1) - 2024/05/03 16:15:27
Table 'NLHRed28' 6-max Seat #3 is the button
Seat 1: 6a168e74 ($13.24 in chips)
Seat 2: b468d4d3 ($4.24 in chips)
Seat 3: 8b43b69b ($13.39 in chips)
Seat 4: 8ae55739 ($13.64 in chips)
Seat 5: f9174793 ($10 in chips)
Seat 6: Hero ($10.65 in chips)
8ae55739: posts small blind $0.05
f9174793: posts big blind $0.1
*** HOLE CARDS ***
Dealt to 6a168e74 
Dealt to b468d4d3 
Dealt to 8b43b69b 
Dealt to 8ae55739 
Dealt to f9174793 
Dealt to Hero [8h 6h]
Hero: folds
6a168e74: folds
b468d4d3: raises $0.3 to $0.4
8b43b69b: folds
8ae55739: raises $0.8 to $1.2
f9174793: folds
b468d4d3: calls $0.8
*** FLOP *** [4d 8d Jc]
8ae55739: checks
b468d4d3: checks
*** TURN *** [4d 8d Jc] [Qc]
8ae55739: checks
b468d4d3: checks
*** RIVER *** [4d 8d Jc Qc] [Ah]
8ae55739: bets $0.83
b468d4d3: raises $2.21 to $3.04 and is all-in
8ae55739: folds
Uncalled bet ($2.21) returned to b468d4d3
*** SHOWDOWN ***
b468d4d3 collected $3.86 from pot
*** SUMMARY ***
Total pot $4.16 | Rake $0.2 | Jackpot $0.1 | Bingo $0 | Fortune $0 | Tax $0
Board [4d 8d Jc Qc Ah]
Seat 1: 6a168e74 folded before Flop (didn't bet)
Seat 2: b468d4d3 won ($3.86)
Seat 3: 8b43b69b (button) folded before Flop (didn't bet)
Seat 4: 8ae55739 (small blind) folded on the River
Seat 5: f9174793 (big blind) folded before Flop
Seat 6: Hero folded before Flop (didn't bet)


Poker Hand #HD1756970196: Hold'em No Limit ($0.05/$0.1) - 2024/05/03 16:15:02
Table 'NLHRed28' 6-max Seat #2 is the button
Seat 1: 6a168e74 ($13.24 in chips)
Seat 2: b468d4d3 ($4.24 in chips)
Seat 3: 8b43b69b ($13.44 in chips)
Seat 4: 8ae55739 ($13.74 in chips)
Seat 5: f9174793 ($10 in chips)
Seat 6: Hero ($10.5 in chips)
8b43b69b: posts small blind $0.05
8ae55739: posts big blind $0.1
*** HOLE CARDS ***
Dealt to 6a168e74 
Dealt to b468d4d3 
Dealt to 8b43b69b 
Dealt to 8ae55739 
Dealt to f9174793 
Dealt to Hero [Jc Qs]
f9174793: folds
Hero: raises $0.1 to $0.2
6a168e74: folds
b468d4d3: folds
8b43b69b: folds
8ae55739: folds
Uncalled bet ($0.1) returned to Hero
*** SHOWDOWN ***
Hero collected $0.25 from pot
*** SUMMARY ***
Total pot $0.25 | Rake $0 | Jackpot $0 | Bingo $0 | Fortune $0 | Tax $0
Seat 1: 6a168e74 folded before Flop (didn't bet)
Seat 2: b468d4d3 (button) folded before Flop (didn't bet)
Seat 3: 8b43b69b (small blind) folded before Flop
Seat 4: 8ae55739 (big blind) folded before Flop
Seat 5: f9174793 folded before Flop (didn't bet)
Seat 6: Hero collected ($0.25)


Poker Hand #HD1756970130: Hold'em No Limit ($0.05/$0.1) - 2024/05/03 16:14:27
Table 'NLHRed28' 6-max Seat #1 is the button
Seat 1: 6a168e74 ($13.24 in chips)
Seat 2: b468d4d3 ($4.54 in chips)
Seat 3: 8b43b69b ($13.54 in chips)
Seat 4: 8ae55739 ($13.37 in chips)
Seat 5: f9174793 ($10 in chips)
Seat 6: Hero ($10.5 in chips)
b468d4d3: posts small blind $0.05
8b43b69b: posts big blind $0.1
*** HOLE CARDS ***
Dealt to 6a168e74 
Dealt to b468d4d3 
Dealt to 8b43b69b 
Dealt to 8ae55739 
Dealt to f9174793 
Dealt to Hero [4s Ad]
8ae55739: raises $0.2 to $0.3
f9174793: folds
Hero: folds
6a168e74: folds
b468d4d3: calls $0.25
8b43b69b: folds
*** FLOP *** [5c 8c Qc]
b468d4d3: checks
8ae55739: checks
*** TURN *** [5c 8c Qc] [Td]
b468d4d3: checks
8ae55739: bets $0.3
b468d4d3: folds
Uncalled bet ($0.3) returned to 8ae55739
*** SHOWDOWN ***
8ae55739 collected $0.67 from pot
*** SUMMARY ***
Total pot $0.7 | Rake $0.03 | Jackpot $0 | Bingo $0 | Fortune $0 | Tax $0
Board [5c 8c Qc Td]
Seat 1: 6a168e74 (button) folded before Flop (didn't bet)
Seat 2: b468d4d3 (small blind) folded on the Turn
Seat 3: 8b43b69b (big blind) folded before Flop
Seat 4: 8ae55739 won ($0.67)
Seat 5: f9174793 folded before Flop (didn't bet)
Seat 6: Hero folded before Flop (didn't bet)


Poker Hand #HD1756970083: Hold'em No Limit ($0.05/$0.1) - 2024/05/03 16:14:04
Table 'NLHRed28' 6-max Seat #6 is the button
Seat 1: 6a168e74 ($13.29 in chips)
Seat 2: b468d4d3 ($4.26 in chips)
Seat 3: 8b43b69b ($13.79 in chips)
Seat 4: 8ae55739 ($13.37 in chips)
Seat 5: f9174793 ($10 in chips)
Seat 6: Hero ($10.5 in chips)
6a168e74: posts small blind $0.05
b468d4d3: posts big blind $0.1
*** HOLE CARDS ***
Dealt to 6a168e74 
Dealt to b468d4d3 
Dealt to 8b43b69b 
Dealt to 8ae55739 
Dealt to f9174793 
Dealt to Hero [Jd 5s]
8b43b69b: raises $0.15 to $0.25
8ae55739: folds
f9174793: folds
Hero: folds
6a168e74: folds
b468d4d3: raises $4.01 to $4.26 and is all-in
8b43b69b: folds
Uncalled bet ($4.01) returned to b468d4d3
*** SHOWDOWN ***
b468d4d3 collected $0.53 from pot
*** SUMMARY ***
Total pot $0.55 | Rake $0.02 | Jackpot $0 | Bingo $0 | Fortune $0 | Tax $0
Seat 1: 6a168e74 (small blind) folded before Flop
Seat 2: b468d4d3 (big blind) collected ($0.53)
Seat 3: 8b43b69b folded before Flop
Seat 4: 8ae55739 folded before Flop (didn't bet)
Seat 5: f9174793 folded before Flop (didn't bet)
Seat 6: Hero (button) folded before Flop (didn't bet)


Poker Hand #HD1756969978: Hold'em No Limit ($0.05/$0.1) - 2024/05/03 16:13:12
Table 'NLHRed28' 6-max Seat #5 is the button
Seat 1: 6a168e74 ($13.39 in chips)
Seat 2: b468d4d3 ($4.11 in chips)
Seat 3: 8b43b69b ($13.79 in chips)
Seat 4: 8ae55739 ($13.37 in chips)
Seat 5: f9174793 ($10 in chips)
Seat 6: Hero ($10.55 in chips)
Hero: posts small blind $0.05
6a168e74: posts big blind $0.1
*** HOLE CARDS ***
Dealt to 6a168e74 
Dealt to b468d4d3 
Dealt to 8b43b69b 
Dealt to 8ae55739 
Dealt to f9174793 
Dealt to Hero [5h Qd]
b468d4d3: raises $0.3 to $0.4
8b43b69b: folds
8ae55739: folds
f9174793: folds
Hero: folds
6a168e74: folds
Uncalled bet ($0.3) returned to b468d4d3
*** SHOWDOWN ***
b468d4d3 collected $0.25 from pot
*** SUMMARY ***
Total pot $0.25 | Rake $0 | Jackpot $0 | Bingo $0 | Fortune $0 | Tax $0
Seat 1: 6a168e74 (big blind) folded before Flop
Seat 2: b468d4d3 collected ($0.25)
Seat 3: 8b43b69b folded before Flop (didn't bet)
Seat 4: 8ae55739 folded before Flop (didn't bet)
Seat 5: f9174793 (button) folded before Flop (didn't bet)
Seat 6: Hero (small blind) folded before Flop


Poker Hand #HD1756969951: Hold'em No Limit ($0.05/$0.1) - 2024/05/03 16:13:00
Table 'NLHRed28' 6-max Seat #4 is the button
Seat 1: 6a168e74 ($13.39 in chips)
Seat 2: b468d4d3 ($3.96 in chips)
Seat 3: 8b43b69b ($13.79 in chips)
Seat 4: 8ae55739 ($13.37 in chips)
Seat 5: f9174793 ($10 in chips)
Seat 6: Hero ($10.65 in chips)
f9174793: posts small blind $0.05
Hero: posts big blind $0.1
*** HOLE CARDS ***
Dealt to 6a168e74 
Dealt to b468d4d3 
Dealt to 8b43b69b 
Dealt to 8ae55739 
Dealt to f9174793 
Dealt to Hero [3c Ts]
6a168e74: folds
b468d4d3: raises $0.25 to $0.35
8b43b69b: folds
8ae55739: folds
f9174793: folds
Hero: folds
Uncalled bet ($0.25) returned to b468d4d3
*** SHOWDOWN ***
b468d4d3 collected $0.25 from pot
*** SUMMARY ***
Total pot $0.25 | Rake $0 | Jackpot $0 | Bingo $0 | Fortune $0 | Tax $0
Seat 1: 6a168e74 folded before Flop (didn't bet)
Seat 2: b468d4d3 collected ($0.25)
Seat 3: 8b43b69b folded before Flop (didn't bet)
Seat 4: 8ae55739 (button) folded before Flop (didn't bet)
Seat 5: f9174793 (small blind) folded before Flop
Seat 6: Hero (big blind) folded before Flop


Poker Hand #HD1756969823: Hold'em No Limit ($0.05/$0.1) - 2024/05/03 16:11:58
Table 'NLHRed28' 6-max Seat #3 is the button
Seat 1: 6a168e74 ($12 in chips)
Seat 2: b468d4d3 ($5.45 in chips)
Seat 3: 8b43b69b ($13.79 in chips)
Seat 4: 8ae55739 ($13.42 in chips)
Seat 5: f9174793 ($10 in chips)
Seat 6: Hero ($10.65 in chips)
8ae55739: posts small blind $0.05
f9174793: posts big blind $0.1
*** HOLE CARDS ***
Dealt to 6a168e74 
Dealt to b468d4d3 
Dealt to 8b43b69b 
Dealt to 8ae55739 
Dealt to f9174793 
Dealt to Hero [4d 4s]
Hero: folds
6a168e74: raises $0.2 to $0.3
b468d4d3: calls $0.3
8b43b69b: folds
8ae55739: folds
f9174793: folds
*** FLOP *** [Jd Tc 9h]
6a168e74: bets $0.25
b468d4d3: calls $0.25
*** TURN *** [Jd Tc 9h] [4c]
6a168e74: checks
b468d4d3: bets $0.94
6a168e74: calls $0.94
*** RIVER *** [Jd Tc 9h 4c] [8s]
6a168e74: checks
b468d4d3: checks
6a168e74: shows [Qs Kc] (Kings-High Straight)
b468d4d3: shows [7h Jc] (Jacks-High Straight)
*** SHOWDOWN ***
6a168e74 collected $2.88 from pot
*** SUMMARY ***
Total pot $3.13 | Rake $0.15 | Jackpot $0.1 | Bingo $0 | Fortune $0 | Tax $0
Board [Jd Tc 9h 4c 8s]
Seat 1: 6a168e74 showed [Qs Kc] and won ($2.88) with Kings-High Straight
Seat 2: b468d4d3 showed [7h Jc] and lost with Jacks-High Straight
Seat 3: 8b43b69b (button) folded before Flop (didn't bet)
Seat 4: 8ae55739 (small blind) folded before Flop
Seat 5: f9174793 (big blind) folded before Flop
Seat 6: Hero folded before Flop (didn't bet)


Poker Hand #HD1756969747: Hold'em No Limit ($0.05/$0.1) - 2024/05/03 16:11:22
Table 'NLHRed28' 6-max Seat #2 is the button
Seat 1: 6a168e74 ($12 in chips)
Seat 2: b468d4d3 ($5.65 in chips)
Seat 3: 8b43b69b ($13.84 in chips)
Seat 4: 8ae55739 ($13.52 in chips)
Seat 6: Hero ($10.32 in chips)
8b43b69b: posts small blind $0.05
8ae55739: posts big blind $0.1
*** HOLE CARDS ***
Dealt to 6a168e74 
Dealt to b468d4d3 
Dealt to 8b43b69b 
Dealt to 8ae55739 
Dealt to Hero [As Ah]
Hero: raises $0.1 to $0.2
6a168e74: folds
b468d4d3: calls $0.2
8b43b69b: folds
8ae55739: folds
*** FLOP *** [Jh 3h 7h]
Hero: bets $0.19
b468d4d3: folds
Uncalled bet ($0.19) returned to Hero
*** SHOWDOWN ***
Hero collected $0.53 from pot
*** SUMMARY ***
Total pot $0.55 | Rake $0.02 | Jackpot $0 | Bingo $0 | Fortune $0 | Tax $0
Board [Jh 3h 7h]
Seat 1: 6a168e74 folded before Flop (didn't bet)
Seat 2: b468d4d3 (button) folded on the Flop
Seat 3: 8b43b69b (small blind) folded before Flop
Seat 4: 8ae55739 (big blind) folded before Flop
Seat 6: Hero won ($0.53)


Poker Hand #HD1756969643: Hold'em No Limit ($0.05/$0.1) - 2024/05/03 16:10:35
Table 'NLHRed28' 6-max Seat #1 is the button
Seat 1: 6a168e74 ($12 in chips)
Seat 2: b468d4d3 ($5.89 in chips)
Seat 3: 8b43b69b ($13.94 in chips)
Seat 4: 8ae55739 ($13.52 in chips)
Seat 6: Hero ($10 in chips)
b468d4d3: posts small blind $0.05
8b43b69b: posts big blind $0.1
*** HOLE CARDS ***
Dealt to 6a168e74 
Dealt to b468d4d3 
Dealt to 8b43b69b 
Dealt to 8ae55739 
Dealt to Hero [5h Ah]
8ae55739: folds
Hero: raises $0.14 to $0.24
6a168e74: folds
b468d4d3: calls $0.19
8b43b69b: folds
*** FLOP *** [Qs Td 2c]
b468d4d3: checks
Hero: checks
*** TURN *** [Qs Td 2c] [9d]
b468d4d3: checks
Hero: checks
*** RIVER *** [Qs Td 2c 9d] [Ad]
b468d4d3: checks
Hero: checks
b468d4d3: shows [5d 4h] (Ace-High)
Hero: shows [5h Ah] (Pair of Aces)
*** SHOWDOWN ***
Hero collected $0.56 from pot
*** SUMMARY ***
Total pot $0.58 | Rake $0.02 | Jackpot $0 | Bingo $0 | Fortune $0 | Tax $0
Board [Qs Td 2c 9d Ad]
Seat 1: 6a168e74 (button) folded before Flop (didn't bet)
Seat 2: b468d4d3 (small blind) showed [5d 4h] and lost with Ace-High
Seat 3: 8b43b69b (big blind) folded before Flop
Seat 4: 8ae55739 folded before Flop (didn't bet)
Seat 6: Hero showed [5h Ah] and won ($0.56) with Pair of Aces


Poker Hand #HD1756969577: Hold'em No Limit ($0.05/$0.1) - 2024/05/03 16:09:59
Table 'NLHRed28' 6-max Seat #6 is the button
Seat 1: 6a168e74 ($12.05 in chips)
Seat 2: b468d4d3 ($5.28 in chips)
Seat 3: 8b43b69b ($13.94 in chips)
Seat 4: 8ae55739 ($13.82 in chips)
Seat 6: Hero ($10 in chips)
6a168e74: posts small blind $0.05
b468d4d3: posts big blind $0.1
*** HOLE CARDS ***
Dealt to 6a168e74 
Dealt to b468d4d3 
Dealt to 8b43b69b 
Dealt to 8ae55739 
Dealt to Hero [Tc Jc]
8b43b69b: folds
8ae55739: raises $0.2 to $0.3
Hero: calls $0.3
6a168e74: folds
b468d4d3: calls $0.2
*** FLOP *** [5s 7c 6c]
b468d4d3: checks
8ae55739: checks
Hero: checks
*** TURN *** [5s 7c 6c] [Ks]
b468d4d3: bets $0.95
8ae55739: folds
Hero: folds
Uncalled bet ($0.95) returned to b468d4d3
*** SHOWDOWN ***
b468d4d3 collected $0.91 from pot
*** SUMMARY ***
Total pot $0.95 | Rake $0.04 | Jackpot $0 | Bingo $0 | Fortune $0 | Tax $0
Board [5s 7c 6c Ks]
Seat 1: 6a168e74 (small blind) folded before Flop
Seat 2: b468d4d3 (big blind) won ($0.91)
Seat 3: 8b43b69b folded before Flop (didn't bet)
Seat 4: 8ae55739 folded on the Turn
Seat 6: Hero (button) folded on the Turn


Poker Hand #HD1756969515: Hold'em No Limit ($0.05/$0.1) - 2024/05/03 16:09:30
Table 'NLHRed28' 6-max Seat #4 is the button
Seat 1: 6a168e74 ($12.15 in chips)
Seat 2: b468d4d3 ($4.5 in chips)
Seat 3: 8b43b69b ($13.94 in chips)
Seat 4: 8ae55739 ($14.52 in chips)
Seat 6: Hero ($10 in chips)
Hero: posts small blind $0.05
6a168e74: posts big blind $0.1
*** HOLE CARDS ***
Dealt to 6a168e74 
Dealt to b468d4d3 
Dealt to 8b43b69b 
Dealt to 8ae55739 
Dealt to Hero [7s Th]
b468d4d3: calls $0.1
8b43b69b: folds
8ae55739: raises $0.3 to $0.4
Hero: folds
6a168e74: folds
b468d4d3: calls $0.3
*** FLOP *** [Kh 4s 5d]
b468d4d3: checks
8ae55739: bets $0.3
b468d4d3: calls $0.3
*** TURN *** [Kh 4s 5d] [2s]
b468d4d3: bets $3.8 and is all-in
8ae55739: folds
Uncalled bet ($3.8) returned to b468d4d3
*** SHOWDOWN ***
b468d4d3 collected $1.48 from pot
*** SUMMARY ***
Total pot $1.55 | Rake $0.07 | Jackpot $0 | Bingo $0 | Fortune $0 | Tax $0
Board [Kh 4s 5d 2s]
Seat 1: 6a168e74 (big blind) folded before Flop
Seat 2: b468d4d3 won ($1.48)
Seat 3: 8b43b69b folded before Flop (didn't bet)
Seat 4: 8ae55739 (button) folded on the Turn
Seat 6: Hero (small blind) folded before Flop


Poker Hand #HD1756969456: Hold'em No Limit ($0.05/$0.1) - 2024/05/03 16:09:05
Table 'NLHRed28' 6-max Seat #3 is the button
Seat 2: b468d4d3 ($3.41 in chips)
Seat 3: 8b43b69b ($13.94 in chips)
Seat 4: 8ae55739 ($15.62 in chips)
Seat 6: Hero ($10 in chips)
8ae55739: posts small blind $0.05
Hero: posts big blind $0.1
*** HOLE CARDS ***
Dealt to b468d4d3 
Dealt to 8b43b69b 
Dealt to 8ae55739 
Dealt to Hero [3s 4h]
b468d4d3: raises $0.25 to $0.35
8b43b69b: folds
8ae55739: raises $0.75 to $1.1
Hero: folds
b468d4d3: calls $0.75
*** FLOP *** [3h 8h 2h]
8ae55739: checks
b468d4d3: bets $2.31 and is all-in
8ae55739: folds
Uncalled bet ($2.31) returned to b468d4d3
*** SHOWDOWN ***
b468d4d3 collected $2.19 from pot
*** SUMMARY ***
Total pot $2.3 | Rake $0.11 | Jackpot $0 | Bingo $0 | Fortune $0 | Tax $0
Board [3h 8h 2h]
Seat 2: b468d4d3 won ($2.19)
Seat 3: 8b43b69b (button) folded before Flop (didn't bet)
Seat 4: 8ae55739 (small blind) folded on the Flop
Seat 6: Hero (big blind) folded before Flop


Poker Hand #HD1756969392: Hold'em No Limit ($0.05/$0.1) - 2024/05/03 16:08:36
Table 'NLHRed28' 6-max Seat #2 is the button
Seat 2: b468d4d3 ($7.21 in chips)
Seat 3: 8b43b69b ($13.99 in chips)
Seat 4: 8ae55739 ($12.24 in chips)
Seat 5: 618210c3 ($11.5 in chips)
Seat 6: Hero ($10 in chips)
8b43b69b: posts small blind $0.05
8ae55739: posts big blind $0.1
*** HOLE CARDS ***
Dealt to b468d4d3 
Dealt to 8b43b69b 
Dealt to 8ae55739 
Dealt to 618210c3 
Dealt to Hero [8s 7c]
618210c3: folds
Hero: folds
b468d4d3: raises $0.3 to $0.4
8b43b69b: folds
8ae55739: calls $0.3
*** FLOP *** [9c Ks Kh]
8ae55739: checks
b468d4d3: bets $0.85
8ae55739: calls $0.85
*** TURN *** [9c Ks Kh] [Ad]
8ae55739: checks
b468d4d3: bets $2.55
8ae55739: raises $5.74 to $8.29
b468d4d3: folds
Uncalled bet ($5.74) returned to 8ae55739
*** SHOWDOWN ***
8ae55739 collected $7.18 from pot
*** SUMMARY ***
Total pot $7.65 | Rake $0.37 | Jackpot $0.1 | Bingo $0 | Fortune $0 | Tax $0
Board [9c Ks Kh Ad]
Seat 2: b468d4d3 (button) folded on the Turn
Seat 3: 8b43b69b (small blind) folded before Flop
Seat 4: 8ae55739 (big blind) won ($7.18)
Seat 5: 618210c3 folded before Flop (didn't bet)
Seat 6: Hero folded before Flop (didn't bet)


Poker Hand #HD1756969308: Hold'em No Limit ($0.05/$0.1) - 2024/05/03 16:07:56
Table 'NLHRed28' 6-max Seat #6 is the button
Seat 2: b468d4d3 ($8.87 in chips)
Seat 3: 8b43b69b ($14.09 in chips)
Seat 4: 8ae55739 ($12.24 in chips)
Seat 5: 618210c3 ($10 in chips)
Seat 6: Hero ($10 in chips)
b468d4d3: posts small blind $0.05
8b43b69b: posts big blind $0.1
*** HOLE CARDS ***
Dealt to b468d4d3 
Dealt to 8b43b69b 
Dealt to 8ae55739 
Dealt to 618210c3 
Dealt to Hero [3s 5s]
8ae55739: folds
618210c3: raises $0.11 to $0.21
Hero: folds
b468d4d3: calls $0.16
8b43b69b: folds
*** FLOP *** [2d Ts Jh]
b468d4d3: checks
618210c3: bets $0.35
b468d4d3: calls $0.35
*** TURN *** [2d Ts Jh] [Ad]
b468d4d3: checks
618210c3: bets $1.1
b468d4d3: calls $1.1
*** RIVER *** [2d Ts Jh Ad] [5c]
b468d4d3: checks
618210c3: bets $2.74
b468d4d3: folds
Uncalled bet ($2.74) returned to 618210c3
*** SHOWDOWN ***
618210c3 collected $3.16 from pot
*** SUMMARY ***
Total pot $3.42 | Rake $0.16 | Jackpot $0.1 | Bingo $0 | Fortune $0 | Tax $0
Board [2d Ts Jh Ad 5c]
Seat 2: b468d4d3 (small blind) folded on the River
Seat 3: 8b43b69b (big blind) folded before Flop
Seat 4: 8ae55739 folded before Flop (didn't bet)
Seat 5: 618210c3 won ($3.16)
Seat 6: Hero (button) folded before Flop (didn't bet)


Poker Hand #HD1756969220: Hold'em No Limit ($0.05/$0.1) - 2024/05/03 16:07:15
Table 'NLHRed28' 6-max Seat #5 is the button
Seat 1: 6a168e74 ($12.25 in chips)
Seat 2: b468d4d3 ($9.59 in chips)
Seat 3: 8b43b69b ($13.3 in chips)
Seat 4: 8ae55739 ($12.24 in chips)
Seat 5: 618210c3 ($10 in chips)
Seat 6: Hero ($10 in chips)
Hero: posts small blind $0.05
6a168e74: posts big blind $0.1
*** HOLE CARDS ***
Dealt to 6a168e74 
Dealt to b468d4d3 
Dealt to 8b43b69b 
Dealt to 8ae55739 
Dealt to 618210c3 
Dealt to Hero [8h 5h]
b468d4d3: calls $0.1
8b43b69b: raises $0.3 to $0.4
8ae55739: folds
618210c3: folds
Hero: folds
6a168e74: folds
b468d4d3: calls $0.3
*** FLOP *** [Jh Qs Jc]
b468d4d3: checks
8b43b69b: bets $0.32
b468d4d3: calls $0.32
*** TURN *** [Jh Qs Jc] [2c]
b468d4d3: checks
8b43b69b: bets $1.1
b468d4d3: folds
Uncalled bet ($1.1) returned to 8b43b69b
*** SHOWDOWN ***
8b43b69b collected $1.51 from pot
*** SUMMARY ***
Total pot $1.59 | Rake $0.08 | Jackpot $0 | Bingo $0 | Fortune $0 | Tax $0
Board [Jh Qs Jc 2c]
Seat 1: 6a168e74 (big blind) folded before Flop
Seat 2: b468d4d3 folded on the Turn
Seat 3: 8b43b69b won ($1.51)
Seat 4: 8ae55739 folded before Flop (didn't bet)
Seat 5: 618210c3 (button) folded before Flop (didn't bet)
Seat 6: Hero (small blind) folded before Flop


Poker Hand #HD1756969147: Hold'em No Limit ($0.05/$0.1) - 2024/05/03 16:06:36
Table 'NLHRed28' 6-max Seat #4 is the button
Seat 1: 6a168e74 ($12.25 in chips)
Seat 2: b468d4d3 ($8.8 in chips)
Seat 3: 8b43b69b ($13.3 in chips)
Seat 4: 8ae55739 ($12.96 in chips)
Seat 5: 618210c3 ($10 in chips)
Seat 6: Hero ($10 in chips)
618210c3: posts small blind $0.05
Hero: posts big blind $0.1
*** HOLE CARDS ***
Dealt to 6a168e74 
Dealt to b468d4d3 
Dealt to 8b43b69b 
Dealt to 8ae55739 
Dealt to 618210c3 
Dealt to Hero [Jc 4c]
6a168e74: folds
b468d4d3: calls $0.1
8b43b69b: folds
8ae55739: raises $0.3 to $0.4
618210c3: folds
Hero: folds
b468d4d3: calls $0.3
*** FLOP *** [5d Ks 7h]
b468d4d3: checks
8ae55739: bets $0.32
b468d4d3: calls $0.32
*** TURN *** [5d Ks 7h] [7d]
b468d4d3: checks
8ae55739: checks
*** RIVER *** [5d Ks 7h 7d] [Jd]
b468d4d3: bets $1.59
8ae55739: folds
Uncalled bet ($1.59) returned to b468d4d3
*** SHOWDOWN ***
b468d4d3 collected $1.51 from pot
*** SUMMARY ***
Total pot $1.59 | Rake $0.08 | Jackpot $0 | Bingo $0 | Fortune $0 | Tax $0
Board [5d Ks 7h 7d Jd]
Seat 1: 6a168e74 folded before Flop (didn't bet)
Seat 2: b468d4d3 won ($1.51)
Seat 3: 8b43b69b folded before Flop (didn't bet)
Seat 4: 8ae55739 (button) folded on the River
Seat 5: 618210c3 (small blind) folded before Flop
Seat 6: Hero (big blind) folded before Flop


Poker Hand #HD1756969056: Hold'em No Limit ($0.05/$0.1) - 2024/05/03 16:05:58
Table 'NLHRed28' 6-max Seat #3 is the button
Seat 1: 6a168e74 ($12.25 in chips)
Seat 2: b468d4d3 ($8.66 in chips)
Seat 3: 8b43b69b ($13.3 in chips)
Seat 4: 8ae55739 ($13.01 in chips)
Seat 5: 618210c3 ($10 in chips)
Seat 6: Hero ($10 in chips)
8ae55739: posts small blind $0.05
618210c3: posts big blind $0.1
*** HOLE CARDS ***
Dealt to 6a168e74 
Dealt to b468d4d3 
Dealt to 8b43b69b 
Dealt to 8ae55739 
Dealt to 618210c3 
Dealt to Hero [Jh 4c]
Hero: folds
6a168e74: folds
b468d4d3: calls $0.1
8b43b69b: folds
8ae55739: folds
618210c3: checks
*** FLOP *** [Td Js 3d]
618210c3: checks
b468d4d3: checks
*** TURN *** [Td Js 3d] [7h]
618210c3: checks
b468d4d3: checks
*** RIVER *** [Td Js 3d 7h] [4h]
618210c3: checks
b468d4d3: checks
618210c3: shows [9s 2c] (Jack-High)
b468d4d3: shows [3s Ks] (Pair of Treys)
*** SHOWDOWN ***
b468d4d3 collected $0.24 from pot
*** SUMMARY ***
Total pot $0.25 | Rake $0.01 | Jackpot $0 | Bingo $0 | Fortune $0 | Tax $0
Board [Td Js 3d 7h 4h]
Seat 1: 6a168e74 folded before Flop (didn't bet)
Seat 2: b468d4d3 showed [3s Ks] and won ($0.24) with Pair of Treys
Seat 3: 8b43b69b (button) folded before Flop (didn't bet)
Seat 4: 8ae55739 (small blind) folded before Flop
Seat 5: 618210c3 (big blind) showed [9s 2c] and lost with Jack-High
Seat 6: Hero folded before Flop (didn't bet)


Poker Hand #HD1756968987: Hold'em No Limit ($0.05/$0.1) - 2024/05/03 16:05:29
Table 'NLHRed28' 6-max Seat #2 is the button
Seat 1: 6a168e74 ($12.25 in chips)
Seat 2: b468d4d3 ($8.76 in chips)
Seat 3: 8b43b69b ($13.35 in chips)
Seat 4: 8ae55739 ($12.86 in chips)
Seat 5: 618210c3 ($10 in chips)
Seat 6: Hero ($10 in chips)
8b43b69b: posts small blind $0.05
8ae55739: posts big blind $0.1
*** HOLE CARDS ***
Dealt to 6a168e74 
Dealt to b468d4d3 
Dealt to 8b43b69b 
Dealt to 8ae55739 
Dealt to 618210c3 
Dealt to Hero [Jd 2d]
618210c3: folds
Hero: folds
6a168e74: folds
b468d4d3: calls $0.1
8b43b69b: folds
8ae55739: raises $0.5 to $0.6
b468d4d3: folds
Uncalled bet ($0.5) returned to 8ae55739
*** SHOWDOWN ***
8ae55739 collected $0.25 from pot
*** SUMMARY ***
Total pot $0.25 | Rake $0 | Jackpot $0 | Bingo $0 | Fortune $0 | Tax $0
Seat 1: 6a168e74 folded before Flop (didn't bet)
Seat 2: b468d4d3 (button) folded before Flop
Seat 3: 8b43b69b (small blind) folded before Flop
Seat 4: 8ae55739 (big blind) collected ($0.25)
Seat 5: 618210c3 folded before Flop (didn't bet)
Seat 6: Hero folded before Flop (didn't bet)


Poker Hand #HD1756968901: Hold'em No Limit ($0.05/$0.1) - 2024/05/03 16:04:50
Table 'NLHRed28' 6-max Seat #1 is the button
Seat 1: 6a168e74 ($12.25 in chips)
Seat 2: b468d4d3 ($7.8 in chips)
Seat 3: 8b43b69b ($13.56 in chips)
Seat 4: 8ae55739 ($12.86 in chips)
Seat 5: 618210c3 ($10 in chips)
Seat 6: Hero ($10 in chips)
b468d4d3: posts small blind $0.05
8b43b69b: posts big blind $0.1
*** HOLE CARDS ***
Dealt to 6a168e74 
Dealt to b468d4d3 
Dealt to 8b43b69b 
Dealt to 8ae55739 
Dealt to 618210c3 
Dealt to Hero [Jc Qs]
8ae55739: folds
618210c3: raises $0.11 to $0.21
Hero: folds
6a168e74: folds
b468d4d3: calls $0.16
8b43b69b: calls $0.11
*** FLOP *** [Ts Tc 4h]
b468d4d3: bets $0.63
8b43b69b: folds
618210c3: calls $0.63
*** TURN *** [Ts Tc 4h] [8c]
b468d4d3: bets $1.42
618210c3: folds
Uncalled bet ($1.42) returned to b468d4d3
*** SHOWDOWN ***
b468d4d3 collected $1.8 from pot
*** SUMMARY ***
Total pot $1.89 | Rake $0.09 | Jackpot $0 | Bingo $0 | Fortune $0 | Tax $0
Board [Ts Tc 4h 8c]
Seat 1: 6a168e74 (button) folded before Flop (didn't bet)
Seat 2: b468d4d3 (small blind) won ($1.8)
Seat 3: 8b43b69b (big blind) folded on the Flop
Seat 4: 8ae55739 folded before Flop (didn't bet)
Seat 5: 618210c3 folded on the Turn
Seat 6: Hero folded before Flop (didn't bet)


Poker Hand #HD1756968819: Hold'em No Limit ($0.05/$0.1) - 2024/05/03 16:04:13
Table 'NLHRed28' 6-max Seat #6 is the button
Seat 1: 6a168e74 ($12.3 in chips)
Seat 2: b468d4d3 ($8.05 in chips)
Seat 3: 8b43b69b ($13.28 in chips)
Seat 4: 8ae55739 ($12.86 in chips)
Seat 5: 618210c3 ($10 in chips)
Seat 6: Hero ($10 in chips)
6a168e74: posts small blind $0.05
b468d4d3: posts big blind $0.1
*** HOLE CARDS ***
Dealt to 6a168e74 
Dealt to b468d4d3 
Dealt to 8b43b69b 
Dealt to 8ae55739 
Dealt to 618210c3 
Dealt to Hero [Tc As]
8b43b69b: raises $0.15 to $0.25
8ae55739: folds
618210c3: folds
Hero: folds
6a168e74: folds
b468d4d3: calls $0.15
*** FLOP *** [4c 9d Jd]
b468d4d3: checks
8b43b69b: bets $0.46
b468d4d3: folds
Uncalled bet ($0.46) returned to 8b43b69b
*** SHOWDOWN ***
8b43b69b collected $0.53 from pot
*** SUMMARY ***
Total pot $0.55 | Rake $0.02 | Jackpot $0 | Bingo $0 | Fortune $0 | Tax $0
Board [4c 9d Jd]
Seat 1: 6a168e74 (small blind) folded before Flop
Seat 2: b468d4d3 (big blind) folded on the Flop
Seat 3: 8b43b69b won ($0.53)
Seat 4: 8ae55739 folded before Flop (didn't bet)
Seat 5: 618210c3 folded before Flop (didn't bet)
Seat 6: Hero (button) folded before Flop (didn't bet)


Poker Hand #HD1756968711: Hold'em No Limit ($0.05/$0.1) - 2024/05/03 16:03:22
Table 'NLHRed28' 6-max Seat #5 is the button
Seat 1: 6a168e74 ($12.65 in chips)
Seat 2: b468d4d3 ($7.68 in chips)
Seat 3: 8b43b69b ($13.28 in chips)
Seat 4: 8ae55739 ($12.86 in chips)
Seat 5: 618210c3 ($10 in chips)
Seat 6: Hero ($10 in chips)
Hero: posts small blind $0.05
6a168e74: posts big blind $0.1
*** HOLE CARDS ***
Dealt to 6a168e74 
Dealt to b468d4d3 
Dealt to 8b43b69b 
Dealt to 8ae55739 
Dealt to 618210c3 
Dealt to Hero [Kc 6c]
b468d4d3: calls $0.1
8b43b69b: folds
8ae55739: folds
618210c3: folds
Hero: folds
6a168e74: checks
*** FLOP *** [Kh 6h Ks]
6a168e74: checks
b468d4d3: checks
*** TURN *** [Kh 6h Ks] [Kd]
6a168e74: checks
b468d4d3: checks
*** RIVER *** [Kh 6h Ks Kd] [3s]
6a168e74: checks
b468d4d3: bets $0.25
6a168e74: calls $0.25
b468d4d3: shows [3c 4d] (Kings Full over Treys)
6a168e74: shows [Qc 5d] (Three Kings)
Hero: shows [Kc] (Four Kings)
*** SHOWDOWN ***
b468d4d3 collected $0.72 from pot
*** SUMMARY ***
Total pot $0.75 | Rake $0.03 | Jackpot $0 | Bingo $0 | Fortune $0 | Tax $0
Board [Kh 6h Ks Kd 3s]
Seat 1: 6a168e74 (big blind) showed [Qc 5d] and lost with Three Kings
Seat 2: b468d4d3 showed [3c 4d] and won ($0.72) with Kings Full over Treys
Seat 3: 8b43b69b folded before Flop (didn't bet)
Seat 4: 8ae55739 folded before Flop (didn't bet)
Seat 5: 618210c3 (button) folded before Flop (didn't bet)
Seat 6: Hero (small blind) folded before Flop


Poker Hand #HD1756968669: Hold'em No Limit ($0.05/$0.1) - 2024/05/03 16:03:05
Table 'NLHRed28' 6-max Seat #4 is the button
Seat 1: 6a168e74 ($12.65 in chips)
Seat 2: b468d4d3 ($7.53 in chips)
Seat 3: 8b43b69b ($13.28 in chips)
Seat 4: 8ae55739 ($12.86 in chips)
Seat 5: 618210c3 ($10 in chips)
Seat 6: Hero ($10 in chips)
618210c3: posts small blind $0.05
Hero: posts big blind $0.1
*** HOLE CARDS ***
Dealt to 6a168e74 
Dealt to b468d4d3 
Dealt to 8b43b69b 
Dealt to 8ae55739 
Dealt to 618210c3 
Dealt to Hero [5c Jc]
6a168e74: folds
b468d4d3: raises $0.2 to $0.3
8b43b69b: folds
8ae55739: folds
618210c3: folds
Hero: folds
Uncalled bet ($0.2) returned to b468d4d3
*** SHOWDOWN ***
b468d4d3 collected $0.25 from pot
*** SUMMARY ***
Total pot $0.25 | Rake $0 | Jackpot $0 | Bingo $0 | Fortune $0 | Tax $0
Seat 1: 6a168e74 folded before Flop (didn't bet)
Seat 2: b468d4d3 collected ($0.25)
Seat 3: 8b43b69b folded before Flop (didn't bet)
Seat 4: 8ae55739 (button) folded before Flop (didn't bet)
Seat 5: 618210c3 (small blind) folded before Flop
Seat 6: Hero (big blind) folded before Flop


Poker Hand #HD1756968561: Hold'em No Limit ($0.05/$0.1) - 2024/05/03 16:02:08
Table 'NLHRed28' 6-max Seat #3 is the button
Seat 1: 6a168e74 ($11.84 in chips)
Seat 2: b468d4d3 ($8.27 in chips)
Seat 3: 8b43b69b ($13.28 in chips)
Seat 4: 8ae55739 ($12.91 in chips)
Seat 5: 618210c3 ($10.04 in chips)
Seat 6: Hero ($10 in chips)
8ae55739: posts small blind $0.05
618210c3: posts big blind $0.1
*** HOLE CARDS ***
Dealt to 6a168e74 
Dealt to b468d4d3 
Dealt to 8b43b69b 
Dealt to 8ae55739 
Dealt to 618210c3 
Dealt to Hero [2h 2s]
Hero: folds
6a168e74: raises $0.15 to $0.25
b468d4d3: calls $0.25
8b43b69b: folds
8ae55739: folds
618210c3: folds
*** FLOP *** [6c Qh Th]
6a168e74: checks
b468d4d3: checks
*** TURN *** [6c Qh Th] [2c]
6a168e74: checks
b468d4d3: bets $0.49
6a168e74: calls $0.49
*** RIVER *** [6c Qh Th 2c] [9d]
6a168e74: checks
b468d4d3: checks
6a168e74: shows [Ac Jd] (Ace-High)
b468d4d3: shows [Ah 5c] (Ace-High)
*** SHOWDOWN ***
6a168e74 collected $1.55 from pot
*** SUMMARY ***
Total pot $1.63 | Rake $0.08 | Jackpot $0 | Bingo $0 | Fortune $0 | Tax $0
Board [6c Qh Th 2c 9d]
Seat 1: 6a168e74 showed [Ac Jd] and won ($1.55) with Ace-High
Seat 2: b468d4d3 showed [Ah 5c] and lost with Ace-High
Seat 3: 8b43b69b (button) folded before Flop (didn't bet)
Seat 4: 8ae55739 (small blind) folded before Flop
Seat 5: 618210c3 (big blind) folded before Flop
Seat 6: Hero folded before Flop (didn't bet)


Poker Hand #HD1756968507: Hold'em No Limit ($0.05/$0.1) - 2024/05/03 16:01:37
Table 'NLHRed28' 6-max Seat #2 is the button
Seat 1: 6a168e74 ($11.84 in chips)
Seat 2: b468d4d3 ($7.94 in chips)
Seat 3: 8b43b69b ($13.33 in chips)
Seat 4: 8ae55739 ($13.01 in chips)
Seat 5: 618210c3 ($10.04 in chips)
Seat 6: Hero ($10 in chips)
8b43b69b: posts small blind $0.05
8ae55739: posts big blind $0.1
*** HOLE CARDS ***
Dealt to 6a168e74 
Dealt to b468d4d3 
Dealt to 8b43b69b 
Dealt to 8ae55739 
Dealt to 618210c3 
Dealt to Hero [8c 8s]
618210c3: folds
Hero: raises $0.1 to $0.2
6a168e74: folds
b468d4d3: calls $0.2
8b43b69b: folds
8ae55739: folds
*** FLOP *** [Kd Ts Ad]
Hero: checks
b468d4d3: bets $0.42
Hero: folds
Uncalled bet ($0.42) returned to b468d4d3
*** SHOWDOWN ***
b468d4d3 collected $0.53 from pot
*** SUMMARY ***
Total pot $0.55 | Rake $0.02 | Jackpot $0 | Bingo $0 | Fortune $0 | Tax $0
Board [Kd Ts Ad]
Seat 1: 6a168e74 folded before Flop (didn't bet)
Seat 2: b468d4d3 (button) won ($0.53)
Seat 3: 8b43b69b (small blind) folded before Flop
Seat 4: 8ae55739 (big blind) folded before Flop
Seat 5: 618210c3 folded before Flop (didn't bet)
Seat 6: Hero folded on the Flop


Poker Hand #HD1756968395: Hold'em No Limit ($0.05/$0.1) - 2024/05/03 16:00:48
Table 'NLHRed28' 6-max Seat #1 is the button
Seat 1: 6a168e74 ($12.09 in chips)
Seat 2: b468d4d3 ($7.47 in chips)
Seat 3: 8b43b69b ($13.58 in chips)
Seat 4: 8ae55739 ($13.01 in chips)
Seat 5: 618210c3 ($10.04 in chips)
Seat 6: Hero ($10 in chips)
b468d4d3: posts small blind $0.05
8b43b69b: posts big blind $0.1
*** HOLE CARDS ***
Dealt to 6a168e74 
Dealt to b468d4d3 
Dealt to 8b43b69b 
Dealt to 8ae55739 
Dealt to 618210c3 
Dealt to Hero [Jh 8s]
8ae55739: folds
618210c3: folds
Hero: folds
6a168e74: raises $0.15 to $0.25
b468d4d3: calls $0.2
8b43b69b: calls $0.15
*** FLOP *** [5s Kc 8c]
b468d4d3: checks
8b43b69b: checks
6a168e74: checks
*** TURN *** [5s Kc 8c] [2h]
b468d4d3: bets $0.57
8b43b69b: folds
6a168e74: folds
Uncalled bet ($0.57) returned to b468d4d3
*** SHOWDOWN ***
b468d4d3 collected $0.72 from pot
*** SUMMARY ***
Total pot $0.75 | Rake $0.03 | Jackpot $0 | Bingo $0 | Fortune $0 | Tax $0
Board [5s Kc 8c 2h]
Seat 1: 6a168e74 (button) folded on the Turn
Seat 2: b468d4d3 (small blind) won ($0.72)
Seat 3: 8b43b69b (big blind) folded on the Turn
Seat 4: 8ae55739 folded before Flop (didn't bet)
Seat 5: 618210c3 folded before Flop (didn't bet)
Seat 6: Hero folded before Flop (didn't bet)


Poker Hand #HD1756968327: Hold'em No Limit ($0.05/$0.1) - 2024/05/03 16:00:16
Table 'NLHRed28' 6-max Seat #6 is the button
Seat 1: 6a168e74 ($12.14 in chips)
Seat 2: b468d4d3 ($7.77 in chips)
Seat 3: 8b43b69b ($13.58 in chips)
Seat 4: 8ae55739 ($12.69 in chips)
Seat 5: 618210c3 ($10.04 in chips)
Seat 6: Hero ($10 in chips)
6a168e74: posts small blind $0.05
b468d4d3: posts big blind $0.1
*** HOLE CARDS ***
Dealt to 6a168e74 
Dealt to b468d4d3 
Dealt to 8b43b69b 
Dealt to 8ae55739 
Dealt to 618210c3 
Dealt to Hero [7d Jd]
8b43b69b: folds
8ae55739: raises $0.2 to $0.3
618210c3: folds
Hero: folds
6a168e74: folds
b468d4d3: calls $0.2
*** FLOP *** [Th 6d 2s]
b468d4d3: checks
8ae55739: bets $0.2
b468d4d3: folds
Uncalled bet ($0.2) returned to 8ae55739
*** SHOWDOWN ***
8ae55739 collected $0.62 from pot
*** SUMMARY ***
Total pot $0.65 | Rake $0.03 | Jackpot $0 | Bingo $0 | Fortune $0 | Tax $0
Board [Th 6d 2s]
Seat 1: 6a168e74 (small blind) folded before Flop
Seat 2: b468d4d3 (big blind) folded on the Flop
Seat 3: 8b43b69b folded before Flop (didn't bet)
Seat 4: 8ae55739 won ($0.62)
Seat 5: 618210c3 folded before Flop (didn't bet)
Seat 6: Hero (button) folded before Flop (didn't bet)


Poker Hand #HD1756968233: Hold'em No Limit ($0.05/$0.1) - 2024/05/03 15:59:28
Table 'NLHRed28' 6-max Seat #5 is the button
Seat 1: 6a168e74 ($11.53 in chips)
Seat 2: b468d4d3 ($8.07 in chips)
Seat 3: 8b43b69b ($13.58 in chips)
Seat 4: 8ae55739 ($12.69 in chips)
Seat 5: 618210c3 ($10.34 in chips)
Seat 6: Hero ($10 in chips)
Hero: posts small blind $0.05
6a168e74: posts big blind $0.1
*** HOLE CARDS ***
Dealt to 6a168e74 
Dealt to b468d4d3 
Dealt to 8b43b69b 
Dealt to 8ae55739 
Dealt to 618210c3 
Dealt to Hero [5d Qd]
b468d4d3: raises $0.2 to $0.3
8b43b69b: folds
8ae55739: folds
618210c3: calls $0.3
Hero: folds
6a168e74: calls $0.2
*** FLOP *** [2h 2c Ac]
6a168e74: checks
b468d4d3: checks
618210c3: checks
*** TURN *** [2h 2c Ac] [Jh]
6a168e74: bets $0.81
b468d4d3: folds
618210c3: folds
Uncalled bet ($0.81) returned to 6a168e74
*** SHOWDOWN ***
6a168e74 collected $0.91 from pot
*** SUMMARY ***
Total pot $0.95 | Rake $0.04 | Jackpot $0 | Bingo $0 | Fortune $0 | Tax $0
Board [2h 2c Ac Jh]
Seat 1: 6a168e74 (big blind) won ($0.91)
Seat 2: b468d4d3 folded on the Turn
Seat 3: 8b43b69b folded before Flop (didn't bet)
Seat 4: 8ae55739 folded before Flop (didn't bet)
Seat 5: 618210c3 (button) folded on the Turn
Seat 6: Hero (small blind) folded before Flop


Poker Hand #HD1756968118: Hold'em No Limit ($0.05/$0.1) - 2024/05/03 15:58:37
Table 'NLHRed28' 6-max Seat #4 is the button
Seat 1: 6a168e74 ($11.53 in chips)
Seat 2: b468d4d3 ($10.1 in chips)
Seat 3: 8b43b69b ($11.7 in chips)
Seat 4: 8ae55739 ($12.69 in chips)
Seat 5: 618210c3 ($10.39 in chips)
Seat 6: Hero ($10 in chips)
618210c3: posts small blind $0.05
Hero: posts big blind $0.1
*** HOLE CARDS ***
Dealt to 6a168e74 
Dealt to b468d4d3 
Dealt to 8b43b69b 
Dealt to 8ae55739 
Dealt to 618210c3 
Dealt to Hero [3d 8c]
6a168e74: folds
b468d4d3: calls $0.1
8b43b69b: raises $0.3 to $0.4
8ae55739: folds
618210c3: folds
Hero: folds
b468d4d3: calls $0.3
*** FLOP *** [8h Kc Kd]
b468d4d3: checks
8b43b69b: checks
*** TURN *** [8h Kc Kd] [As]
b468d4d3: checks
8b43b69b: bets $0.32
b468d4d3: calls $0.32
*** RIVER *** [8h Kc Kd As] [Kh]
b468d4d3: checks
8b43b69b: bets $1.31
b468d4d3: calls $1.31
8b43b69b: shows [Ks Qc] (Four Kings)
b468d4d3: shows [2d Ad] (Kings Full over Aces)
*** SHOWDOWN ***
8b43b69b collected $3.91 from pot
*** SUMMARY ***
Total pot $4.21 | Rake $0.2 | Jackpot $0.1 | Bingo $0 | Fortune $0 | Tax $0
Board [8h Kc Kd As Kh]
Seat 1: 6a168e74 folded before Flop (didn't bet)
Seat 2: b468d4d3 showed [2d Ad] and lost with Kings Full over Aces
Seat 3: 8b43b69b showed [Ks Qc] and won ($3.91) with Four Kings
Seat 4: 8ae55739 (button) folded before Flop (didn't bet)
Seat 5: 618210c3 (small blind) folded before Flop
Seat 6: Hero (big blind) folded before Flop


