Poker Hand #HD1753994302: Hold'em No Limit ($0.05/$0.1) - 2024/05/01 13:01:15
Table 'NLHRed17' 6-max Seat #6 is the button
Seat 1: Hero ($11.74 in chips)
Seat 2: 374613f5 ($12.54 in chips)
Seat 3: 1f082c75 ($10.96 in chips)
Seat 4: 32f6a58e ($10 in chips)
Seat 5: e2835112 ($10.07 in chips)
Seat 6: 6e470ae0 ($10.65 in chips)
Hero: posts small blind $0.05
374613f5: posts big blind $0.1
*** HOLE CARDS ***
Dealt to Hero [2c 5h]
Dealt to 374613f5 
Dealt to 1f082c75 
Dealt to 32f6a58e 
Dealt to e2835112 
Dealt to 6e470ae0 
1f082c75: folds
32f6a58e: raises $0.15 to $0.25
e2835112: folds
6e470ae0: folds
Hero: folds
374613f5: calls $0.15
*** FLOP *** [6c Tc 2s]
374613f5: checks
32f6a58e: bets $0.28
374613f5: calls $0.28
*** TURN *** [6c Tc 2s] [4h]
374613f5: checks
32f6a58e: checks
*** RIVER *** [6c Tc 2s 4h] [7s]
374613f5: bets $0.62
32f6a58e: folds
Uncalled bet ($0.62) returned to 374613f5
*** SHOWDOWN ***
374613f5 collected $1.06 from pot
*** SUMMARY ***
Total pot $1.11 | Rake $0.05 | Jackpot $0 | Bingo $0 | Fortune $0 | Tax $0
Board [6c Tc 2s 4h 7s]
Seat 1: Hero (small blind) folded before Flop
Seat 2: 374613f5 (big blind) won ($1.06)
Seat 3: 1f082c75 folded before Flop (didn't bet)
Seat 4: 32f6a58e folded on the River
Seat 5: e2835112 folded before Flop (didn't bet)
Seat 6: 6e470ae0 (button) folded before Flop (didn't bet)


Poker Hand #HD1753994267: Hold'em No Limit ($0.05/$0.1) - 2024/05/01 13:00:50
Table 'NLHRed17' 6-max Seat #5 is the button
Seat 1: Hero ($11.84 in chips)
Seat 2: 374613f5 ($12.54 in chips)
Seat 3: 1f082c75 ($10.96 in chips)
Seat 4: 32f6a58e ($10 in chips)
Seat 5: e2835112 ($10.07 in chips)
Seat 6: 6e470ae0 ($10.33 in chips)
6e470ae0: posts small blind $0.05
Hero: posts big blind $0.1
*** HOLE CARDS ***
Dealt to Hero [4d Ts]
Dealt to 374613f5 
Dealt to 1f082c75 
Dealt to 32f6a58e 
Dealt to e2835112 
Dealt to 6e470ae0 
374613f5: folds
1f082c75: folds
32f6a58e: raises $0.15 to $0.25
e2835112: folds
6e470ae0: raises $0.75 to $1
Hero: folds
32f6a58e: folds
Uncalled bet ($0.75) returned to 6e470ae0
*** SHOWDOWN ***
6e470ae0 collected $0.57 from pot
*** SUMMARY ***
Total pot $0.6 | Rake $0.03 | Jackpot $0 | Bingo $0 | Fortune $0 | Tax $0
Seat 1: Hero (big blind) folded before Flop
Seat 2: 374613f5 folded before Flop (didn't bet)
Seat 3: 1f082c75 folded before Flop (didn't bet)
Seat 4: 32f6a58e folded before Flop
Seat 5: e2835112 (button) folded before Flop (didn't bet)
Seat 6: 6e470ae0 (small blind) collected ($0.57)


Poker Hand #HD1753994203: Hold'em No Limit ($0.05/$0.1) - 2024/05/01 13:00:06
Table 'NLHRed17' 6-max Seat #4 is the button
Seat 1: Hero ($11.84 in chips)
Seat 2: 374613f5 ($12.54 in chips)
Seat 3: 1f082c75 ($10.96 in chips)
Seat 4: 32f6a58e ($10 in chips)
Seat 5: e2835112 ($8.99 in chips)
Seat 6: 6e470ae0 ($11.53 in chips)
e2835112: posts small blind $0.05
6e470ae0: posts big blind $0.1
*** HOLE CARDS ***
Dealt to Hero [3d 5d]
Dealt to 374613f5 
Dealt to 1f082c75 
Dealt to 32f6a58e 
Dealt to e2835112 
Dealt to 6e470ae0 
Hero: folds
374613f5: folds
1f082c75: folds
32f6a58e: folds
e2835112: calls $0.05
6e470ae0: raises $0.3 to $0.4
e2835112: calls $0.3
*** FLOP *** [4h 4s 8c]
e2835112: bets $0.4
6e470ae0: raises $0.4 to $0.8
e2835112: calls $0.4
*** TURN *** [4h 4s 8c] [7s]
e2835112: checks
6e470ae0: checks
*** RIVER *** [4h 4s 8c 7s] [3h]
e2835112: checks
6e470ae0: checks
e2835112: shows [8s Ac] (Pair of Eights and Pair of Fours)
6e470ae0: shows [Td As] (Pair of Fours)
*** SHOWDOWN ***
e2835112 collected $2.28 from pot
*** SUMMARY ***
Total pot $2.4 | Rake $0.12 | Jackpot $0 | Bingo $0 | Fortune $0 | Tax $0
Board [4h 4s 8c 7s 3h]
Seat 1: Hero folded before Flop (didn't bet)
Seat 2: 374613f5 folded before Flop (didn't bet)
Seat 3: 1f082c75 folded before Flop (didn't bet)
Seat 4: 32f6a58e (button) folded before Flop (didn't bet)
Seat 5: e2835112 (small blind) showed [8s Ac] and won ($2.28) with Pair of Eights and Pair of Fours
Seat 6: 6e470ae0 (big blind) showed [Td As] and lost with Pair of Fours


Poker Hand #HD1753994097: Hold'em No Limit ($0.05/$0.1) - 2024/05/01 12:59:02
Table 'NLHRed17' 6-max Seat #3 is the button
Seat 1: Hero ($11.84 in chips)
Seat 2: 374613f5 ($12.07 in chips)
Seat 3: 1f082c75 ($10.96 in chips)
Seat 4: 32f6a58e ($10.15 in chips)
Seat 5: e2835112 ($9.24 in chips)
Seat 6: 6e470ae0 ($11.53 in chips)
32f6a58e: posts small blind $0.05
e2835112: posts big blind $0.1
*** HOLE CARDS ***
Dealt to Hero [Kh 6s]
Dealt to 374613f5 
Dealt to 1f082c75 
Dealt to 32f6a58e 
Dealt to e2835112 
Dealt to 6e470ae0 
6e470ae0: folds
Hero: folds
374613f5: raises $0.15 to $0.25
1f082c75: folds
32f6a58e: calls $0.2
e2835112: calls $0.15
*** FLOP *** [7h Tc 3h]
32f6a58e: checks
e2835112: checks
374613f5: checks
*** TURN *** [7h Tc 3h] [5d]
32f6a58e: checks
e2835112: checks
374613f5: checks
*** RIVER *** [7h Tc 3h 5d] [7s]
32f6a58e: checks
e2835112: checks
374613f5: checks
32f6a58e: shows [Ah Qs] (Pair of Sevens)
e2835112: shows [6h Ad] (Pair of Sevens)
374613f5: shows [Ks Ac] (Pair of Sevens)
*** SHOWDOWN ***
374613f5 collected $0.72 from pot
*** SUMMARY ***
Total pot $0.75 | Rake $0.03 | Jackpot $0 | Bingo $0 | Fortune $0 | Tax $0
Board [7h Tc 3h 5d 7s]
Seat 1: Hero folded before Flop (didn't bet)
Seat 2: 374613f5 showed [Ks Ac] and won ($0.72) with Pair of Sevens
Seat 3: 1f082c75 (button) folded before Flop (didn't bet)
Seat 4: 32f6a58e (small blind) showed [Ah Qs] and lost with Pair of Sevens
Seat 5: e2835112 (big blind) showed [6h Ad] and lost with Pair of Sevens
Seat 6: 6e470ae0 folded before Flop (didn't bet)


Poker Hand #HD1753994072: Hold'em No Limit ($0.05/$0.1) - 2024/05/01 12:58:48
Table 'NLHRed17' 6-max Seat #2 is the button
Seat 1: Hero ($11.84 in chips)
Seat 2: 374613f5 ($12.07 in chips)
Seat 3: 1f082c75 ($11.01 in chips)
Seat 4: 32f6a58e ($10.1 in chips)
Seat 5: e2835112 ($9.24 in chips)
Seat 6: 6e470ae0 ($11.53 in chips)
1f082c75: posts small blind $0.05
32f6a58e: posts big blind $0.1
*** HOLE CARDS ***
Dealt to Hero [2d Kd]
Dealt to 374613f5 
Dealt to 1f082c75 
Dealt to 32f6a58e 
Dealt to e2835112 
Dealt to 6e470ae0 
e2835112: folds
6e470ae0: folds
Hero: folds
374613f5: folds
1f082c75: folds
Uncalled bet ($0.05) returned to 32f6a58e
*** SHOWDOWN ***
32f6a58e collected $0.1 from pot
*** SUMMARY ***
Total pot $0.1 | Rake $0 | Jackpot $0 | Bingo $0 | Fortune $0 | Tax $0
Seat 1: Hero folded before Flop (didn't bet)
Seat 2: 374613f5 (button) folded before Flop (didn't bet)
Seat 3: 1f082c75 (small blind) folded before Flop
Seat 4: 32f6a58e (big blind) collected ($0.1)
Seat 5: e2835112 folded before Flop (didn't bet)
Seat 6: 6e470ae0 folded before Flop (didn't bet)


Poker Hand #HD1753994021: Hold'em No Limit ($0.05/$0.1) - 2024/05/01 12:58:12
Table 'NLHRed17' 6-max Seat #1 is the button
Seat 1: Hero ($12.84 in chips)
Seat 2: 374613f5 ($10.83 in chips)
Seat 3: 1f082c75 ($11.11 in chips)
Seat 4: 32f6a58e ($10.1 in chips)
Seat 5: e2835112 ($9.24 in chips)
Seat 6: 6e470ae0 ($11.78 in chips)
374613f5: posts small blind $0.05
1f082c75: posts big blind $0.1
*** HOLE CARDS ***
Dealt to Hero [Qd Kh]
Dealt to 374613f5 
Dealt to 1f082c75 
Dealt to 32f6a58e 
Dealt to e2835112 
Dealt to 6e470ae0 
32f6a58e: folds
e2835112: folds
6e470ae0: raises $0.15 to $0.25
Hero: raises $0.75 to $1
374613f5: raises $1.77 to $2.77
1f082c75: folds
6e470ae0: folds
Hero: folds
Uncalled bet ($1.77) returned to 374613f5
*** SHOWDOWN ***
374613f5 collected $2.24 from pot
*** SUMMARY ***
Total pot $2.35 | Rake $0.11 | Jackpot $0 | Bingo $0 | Fortune $0 | Tax $0
Seat 1: Hero (button) folded before Flop
Seat 2: 374613f5 (small blind) collected ($2.24)
Seat 3: 1f082c75 (big blind) folded before Flop
Seat 4: 32f6a58e folded before Flop (didn't bet)
Seat 5: e2835112 folded before Flop (didn't bet)
Seat 6: 6e470ae0 folded before Flop


Poker Hand #HD1753993928: Hold'em No Limit ($0.05/$0.1) - 2024/05/01 12:57:24
Table 'NLHRed17' 6-max Seat #6 is the button
Seat 1: Hero ($12.89 in chips)
Seat 2: 374613f5 ($10.6 in chips)
Seat 3: 1f082c75 ($11.11 in chips)
Seat 4: 32f6a58e ($10.1 in chips)
Seat 5: e2835112 ($9.44 in chips)
Seat 6: 6e470ae0 ($11.78 in chips)
Hero: posts small blind $0.05
374613f5: posts big blind $0.1
*** HOLE CARDS ***
Dealt to Hero [5s Jh]
Dealt to 374613f5 
Dealt to 1f082c75 
Dealt to 32f6a58e 
Dealt to e2835112 
Dealt to 6e470ae0 
1f082c75: folds
32f6a58e: folds
e2835112: calls $0.1
6e470ae0: folds
Hero: folds
374613f5: checks
*** FLOP *** [7h 4h Qc]
374613f5: checks
e2835112: checks
*** TURN *** [7h 4h Qc] [Kh]
374613f5: bets $0.1
e2835112: calls $0.1
*** RIVER *** [7h 4h Qc Kh] [6h]
374613f5: bets $0.68
e2835112: folds
Uncalled bet ($0.68) returned to 374613f5
e2835112: shows [8h] (King High Flush)
*** SHOWDOWN ***
374613f5 collected $0.43 from pot
*** SUMMARY ***
Total pot $0.45 | Rake $0.02 | Jackpot $0 | Bingo $0 | Fortune $0 | Tax $0
Board [7h 4h Qc Kh 6h]
Seat 1: Hero (small blind) folded before Flop
Seat 2: 374613f5 (big blind) won ($0.43)
Seat 3: 1f082c75 folded before Flop (didn't bet)
Seat 4: 32f6a58e folded before Flop (didn't bet)
Seat 5: e2835112 folded on the River
Seat 6: 6e470ae0 (button) folded before Flop (didn't bet)


Poker Hand #HD1753993865: Hold'em No Limit ($0.05/$0.1) - 2024/05/01 12:56:44
Table 'NLHRed17' 6-max Seat #5 is the button
Seat 1: Hero ($12.99 in chips)
Seat 2: 374613f5 ($10.6 in chips)
Seat 3: 1f082c75 ($11.11 in chips)
Seat 4: 32f6a58e ($10.1 in chips)
Seat 5: e2835112 ($9.25 in chips)
Seat 6: 6e470ae0 ($11.88 in chips)
6e470ae0: posts small blind $0.05
Hero: posts big blind $0.1
*** HOLE CARDS ***
Dealt to Hero [3h 3d]
Dealt to 374613f5 
Dealt to 1f082c75 
Dealt to 32f6a58e 
Dealt to e2835112 
Dealt to 6e470ae0 
374613f5: folds
1f082c75: folds
32f6a58e: folds
e2835112: calls $0.1
6e470ae0: calls $0.05
Hero: checks
*** FLOP *** [Qd Ad 9c]
6e470ae0: checks
Hero: checks
e2835112: bets $0.1
6e470ae0: folds
Hero: folds
Uncalled bet ($0.1) returned to e2835112
*** SHOWDOWN ***
e2835112 collected $0.29 from pot
*** SUMMARY ***
Total pot $0.3 | Rake $0.01 | Jackpot $0 | Bingo $0 | Fortune $0 | Tax $0
Board [Qd Ad 9c]
Seat 1: Hero (big blind) folded on the Flop
Seat 2: 374613f5 folded before Flop (didn't bet)
Seat 3: 1f082c75 folded before Flop (didn't bet)
Seat 4: 32f6a58e folded before Flop (didn't bet)
Seat 5: e2835112 (button) won ($0.29)
Seat 6: 6e470ae0 (small blind) folded on the Flop


Poker Hand #HD1753993753: Hold'em No Limit ($0.05/$0.1) - 2024/05/01 12:55:33
Table 'NLHRed17' 6-max Seat #4 is the button
Seat 1: Hero ($12.99 in chips)
Seat 2: 374613f5 ($10.32 in chips)
Seat 3: 1f082c75 ($11.11 in chips)
Seat 4: 32f6a58e ($10.1 in chips)
Seat 5: e2835112 ($9.3 in chips)
Seat 6: 6e470ae0 ($12.13 in chips)
e2835112: posts small blind $0.05
6e470ae0: posts big blind $0.1
*** HOLE CARDS ***
Dealt to Hero [Td 5h]
Dealt to 374613f5 
Dealt to 1f082c75 
Dealt to 32f6a58e 
Dealt to e2835112 
Dealt to 6e470ae0 
Hero: folds
374613f5: raises $0.15 to $0.25
1f082c75: folds
32f6a58e: folds
e2835112: folds
6e470ae0: calls $0.15
*** FLOP *** [3d 8h 6c]
6e470ae0: checks
374613f5: checks
*** TURN *** [3d 8h 6c] [3s]
6e470ae0: checks
374613f5: checks
*** RIVER *** [3d 8h 6c 3s] [7h]
6e470ae0: checks
374613f5: checks
6e470ae0: shows [2s Ks] (Pair of Treys)
374613f5: shows [Ac Jc] (Pair of Treys)
*** SHOWDOWN ***
374613f5 collected $0.53 from pot
*** SUMMARY ***
Total pot $0.55 | Rake $0.02 | Jackpot $0 | Bingo $0 | Fortune $0 | Tax $0
Board [3d 8h 6c 3s 7h]
Seat 1: Hero folded before Flop (didn't bet)
Seat 2: 374613f5 showed [Ac Jc] and won ($0.53) with Pair of Treys
Seat 3: 1f082c75 folded before Flop (didn't bet)
Seat 4: 32f6a58e (button) folded before Flop (didn't bet)
Seat 5: e2835112 (small blind) folded before Flop
Seat 6: 6e470ae0 (big blind) showed [2s Ks] and lost with Pair of Treys


Poker Hand #HD1753993713: Hold'em No Limit ($0.05/$0.1) - 2024/05/01 12:55:11
Table 'NLHRed17' 6-max Seat #3 is the button
Seat 1: Hero ($12.99 in chips)
Seat 2: 374613f5 ($10.32 in chips)
Seat 3: 1f082c75 ($11.11 in chips)
Seat 4: 32f6a58e ($10 in chips)
Seat 5: e2835112 ($9.4 in chips)
Seat 6: 6e470ae0 ($12.13 in chips)
32f6a58e: posts small blind $0.05
e2835112: posts big blind $0.1
*** HOLE CARDS ***
Dealt to Hero [Ac 5d]
Dealt to 374613f5 
Dealt to 1f082c75 
Dealt to 32f6a58e 
Dealt to e2835112 
Dealt to 6e470ae0 
6e470ae0: folds
Hero: folds
374613f5: folds
1f082c75: folds
32f6a58e: raises $0.15 to $0.25
e2835112: folds
Uncalled bet ($0.15) returned to 32f6a58e
*** SHOWDOWN ***
32f6a58e collected $0.2 from pot
*** SUMMARY ***
Total pot $0.2 | Rake $0 | Jackpot $0 | Bingo $0 | Fortune $0 | Tax $0
Seat 1: Hero folded before Flop (didn't bet)
Seat 2: 374613f5 folded before Flop (didn't bet)
Seat 3: 1f082c75 (button) folded before Flop (didn't bet)
Seat 4: 32f6a58e (small blind) collected ($0.2)
Seat 5: e2835112 (big blind) folded before Flop
Seat 6: 6e470ae0 folded before Flop (didn't bet)


Poker Hand #HD1753993663: Hold'em No Limit ($0.05/$0.1) - 2024/05/01 12:54:42
Table 'NLHRed17' 6-max Seat #2 is the button
Seat 1: Hero ($12.99 in chips)
Seat 2: 374613f5 ($10.17 in chips)
Seat 3: 1f082c75 ($11.16 in chips)
Seat 4: 32f6a58e ($10 in chips)
Seat 5: e2835112 ($9.4 in chips)
Seat 6: 6e470ae0 ($12.13 in chips)
1f082c75: posts small blind $0.05
32f6a58e: posts big blind $0.1
*** HOLE CARDS ***
Dealt to Hero [Kc 7d]
Dealt to 374613f5 
Dealt to 1f082c75 
Dealt to 32f6a58e 
Dealt to e2835112 
Dealt to 6e470ae0 
e2835112: folds
6e470ae0: folds
Hero: folds
374613f5: raises $0.1 to $0.2
1f082c75: folds
32f6a58e: folds
Uncalled bet ($0.1) returned to 374613f5
*** SHOWDOWN ***
374613f5 collected $0.25 from pot
*** SUMMARY ***
Total pot $0.25 | Rake $0 | Jackpot $0 | Bingo $0 | Fortune $0 | Tax $0
Seat 1: Hero folded before Flop (didn't bet)
Seat 2: 374613f5 (button) collected ($0.25)
Seat 3: 1f082c75 (small blind) folded before Flop
Seat 4: 32f6a58e (big blind) folded before Flop
Seat 5: e2835112 folded before Flop (didn't bet)
Seat 6: 6e470ae0 folded before Flop (didn't bet)


Poker Hand #HD1753993594: Hold'em No Limit ($0.05/$0.1) - 2024/05/01 12:54:02
Table 'NLHRed17' 6-max Seat #1 is the button
Seat 1: Hero ($12.99 in chips)
Seat 2: 374613f5 ($10.27 in chips)
Seat 3: 1f082c75 ($10.97 in chips)
Seat 4: 32f6a58e ($10 in chips)
Seat 5: e2835112 ($9.5 in chips)
Seat 6: 6e470ae0 ($12.13 in chips)
374613f5: posts small blind $0.05
1f082c75: posts big blind $0.1
*** HOLE CARDS ***
Dealt to Hero [6c Qh]
Dealt to 374613f5 
Dealt to 1f082c75 
Dealt to 32f6a58e 
Dealt to e2835112 
Dealt to 6e470ae0 
32f6a58e: folds
e2835112: calls $0.1
6e470ae0: folds
Hero: folds
374613f5: calls $0.05
1f082c75: raises $0.4 to $0.5
e2835112: folds
374613f5: folds
Uncalled bet ($0.4) returned to 1f082c75
*** SHOWDOWN ***
1f082c75 collected $0.29 from pot
*** SUMMARY ***
Total pot $0.3 | Rake $0.01 | Jackpot $0 | Bingo $0 | Fortune $0 | Tax $0
Seat 1: Hero (button) folded before Flop (didn't bet)
Seat 2: 374613f5 (small blind) folded before Flop
Seat 3: 1f082c75 (big blind) collected ($0.29)
Seat 4: 32f6a58e folded before Flop (didn't bet)
Seat 5: e2835112 folded before Flop
Seat 6: 6e470ae0 folded before Flop (didn't bet)


Poker Hand #HD1753993514: Hold'em No Limit ($0.05/$0.1) - 2024/05/01 12:53:10
Table 'NLHRed17' 6-max Seat #6 is the button
Seat 1: Hero ($13.89 in chips)
Seat 2: 374613f5 ($10.37 in chips)
Seat 3: 1f082c75 ($10.97 in chips)
Seat 4: 32f6a58e ($10 in chips)
Seat 5: e2835112 ($9.5 in chips)
Seat 6: 6e470ae0 ($11.22 in chips)
Hero: posts small blind $0.05
374613f5: posts big blind $0.1
*** HOLE CARDS ***
Dealt to Hero [Ac 5c]
Dealt to 374613f5 
Dealt to 1f082c75 
Dealt to 32f6a58e 
Dealt to e2835112 
Dealt to 6e470ae0 
1f082c75: folds
32f6a58e: folds
e2835112: folds
6e470ae0: raises $0.1 to $0.2
Hero: raises $0.7 to $0.9
374613f5: folds
6e470ae0: raises $1.4 to $2.3
Hero: folds
Uncalled bet ($1.4) returned to 6e470ae0
*** SHOWDOWN ***
6e470ae0 collected $1.81 from pot
*** SUMMARY ***
Total pot $1.9 | Rake $0.09 | Jackpot $0 | Bingo $0 | Fortune $0 | Tax $0
Seat 1: Hero (small blind) folded before Flop
Seat 2: 374613f5 (big blind) folded before Flop
Seat 3: 1f082c75 folded before Flop (didn't bet)
Seat 4: 32f6a58e folded before Flop (didn't bet)
Seat 5: e2835112 folded before Flop (didn't bet)
Seat 6: 6e470ae0 (button) collected ($1.81)


Poker Hand #HD1753993462: Hold'em No Limit ($0.05/$0.1) - 2024/05/01 12:52:39
Table 'NLHRed17' 6-max Seat #5 is the button
Seat 1: Hero ($13.99 in chips)
Seat 2: 374613f5 ($10 in chips)
Seat 3: 1f082c75 ($10.97 in chips)
Seat 4: 32f6a58e ($10 in chips)
Seat 5: e2835112 ($9.75 in chips)
Seat 6: 6e470ae0 ($11.27 in chips)
6e470ae0: posts small blind $0.05
Hero: posts big blind $0.1
*** HOLE CARDS ***
Dealt to Hero [5c 3d]
Dealt to 374613f5 
Dealt to 1f082c75 
Dealt to 32f6a58e 
Dealt to e2835112 
Dealt to 6e470ae0 
374613f5: raises $0.15 to $0.25
1f082c75: folds
32f6a58e: folds
e2835112: calls $0.25
6e470ae0: folds
Hero: folds
*** FLOP *** [Qh 5h 4d]
374613f5: bets $0.22
e2835112: folds
Uncalled bet ($0.22) returned to 374613f5
*** SHOWDOWN ***
374613f5 collected $0.62 from pot
*** SUMMARY ***
Total pot $0.65 | Rake $0.03 | Jackpot $0 | Bingo $0 | Fortune $0 | Tax $0
Board [Qh 5h 4d]
Seat 1: Hero (big blind) folded before Flop
Seat 2: 374613f5 won ($0.62)
Seat 3: 1f082c75 folded before Flop (didn't bet)
Seat 4: 32f6a58e folded before Flop (didn't bet)
Seat 5: e2835112 (button) folded on the Flop
Seat 6: 6e470ae0 (small blind) folded before Flop


Poker Hand #HD1753993249: Hold'em No Limit ($0.05/$0.1) - 2024/05/01 12:50:31
Table 'NLHRed17' 6-max Seat #4 is the button
Seat 1: Hero ($10.48 in chips)
Seat 2: 374613f5 ($11.88 in chips)
Seat 3: 1f082c75 ($10.97 in chips)
Seat 4: 32f6a58e ($10 in chips)
Seat 5: e2835112 ($9.8 in chips)
Seat 6: 6e470ae0 ($11.37 in chips)
e2835112: posts small blind $0.05
6e470ae0: posts big blind $0.1
*** HOLE CARDS ***
Dealt to Hero [9c 9h]
Dealt to 374613f5 
Dealt to 1f082c75 
Dealt to 32f6a58e 
Dealt to e2835112 
Dealt to 6e470ae0 
Hero: raises $0.1 to $0.2
374613f5: raises $0.5 to $0.7
1f082c75: folds
32f6a58e: folds
e2835112: folds
6e470ae0: folds
Hero: calls $0.5
*** FLOP *** [Js Qs 9s]
Hero: checks
374613f5: bets $0.52
Hero: raises $1.06 to $1.58
374613f5: calls $1.06
*** TURN *** [Js Qs 9s] [Kc]
Hero: bets $1.56
374613f5: calls $1.56
*** RIVER *** [Js Qs 9s Kc] [Jd]
Hero: bets $6.64 and is all-in
374613f5: folds
Uncalled bet ($6.64) returned to Hero
*** SHOWDOWN ***
Hero collected $7.35 from pot
*** SUMMARY ***
Total pot $7.83 | Rake $0.38 | Jackpot $0.1 | Bingo $0 | Fortune $0 | Tax $0
Board [Js Qs 9s Kc Jd]
Seat 1: Hero won ($7.35)
Seat 2: 374613f5 folded on the River
Seat 3: 1f082c75 folded before Flop (didn't bet)
Seat 4: 32f6a58e (button) folded before Flop (didn't bet)
Seat 5: e2835112 (small blind) folded before Flop
Seat 6: 6e470ae0 (big blind) folded before Flop


Poker Hand #HD1753993195: Hold'em No Limit ($0.05/$0.1) - 2024/05/01 12:49:54
Table 'NLHRed17' 6-max Seat #3 is the button
Seat 1: Hero ($10.15 in chips)
Seat 2: 374613f5 ($11.88 in chips)
Seat 3: 1f082c75 ($11.17 in chips)
Seat 4: 32f6a58e ($10 in chips)
Seat 5: e2835112 ($9.9 in chips)
Seat 6: 6e470ae0 ($11.37 in chips)
32f6a58e: posts small blind $0.05
e2835112: posts big blind $0.1
*** HOLE CARDS ***
Dealt to Hero [Js Ks]
Dealt to 374613f5 
Dealt to 1f082c75 
Dealt to 32f6a58e 
Dealt to e2835112 
Dealt to 6e470ae0 
6e470ae0: folds
Hero: raises $0.1 to $0.2
374613f5: folds
1f082c75: calls $0.2
32f6a58e: folds
e2835112: folds
*** FLOP *** [Tc Qs Ts]
Hero: bets $0.37
1f082c75: folds
Uncalled bet ($0.37) returned to Hero
*** SHOWDOWN ***
Hero collected $0.53 from pot
*** SUMMARY ***
Total pot $0.55 | Rake $0.02 | Jackpot $0 | Bingo $0 | Fortune $0 | Tax $0
Board [Tc Qs Ts]
Seat 1: Hero won ($0.53)
Seat 2: 374613f5 folded before Flop (didn't bet)
Seat 3: 1f082c75 (button) folded on the Flop
Seat 4: 32f6a58e (small blind) folded before Flop
Seat 5: e2835112 (big blind) folded before Flop
Seat 6: 6e470ae0 folded before Flop (didn't bet)


Poker Hand #HD1753993168: Hold'em No Limit ($0.05/$0.1) - 2024/05/01 12:49:37
Table 'NLHRed17' 6-max Seat #2 is the button
Seat 1: Hero ($10 in chips)
Seat 2: 374613f5 ($11.88 in chips)
Seat 3: 1f082c75 ($11.22 in chips)
Seat 4: 32f6a58e ($10 in chips)
Seat 5: e2835112 ($9.9 in chips)
Seat 6: 6e470ae0 ($11.37 in chips)
1f082c75: posts small blind $0.05
32f6a58e: posts big blind $0.1
*** HOLE CARDS ***
Dealt to Hero [Tc Ad]
Dealt to 374613f5 
Dealt to 1f082c75 
Dealt to 32f6a58e 
Dealt to e2835112 
Dealt to 6e470ae0 
e2835112: folds
6e470ae0: folds
Hero: raises $0.14 to $0.24
374613f5: folds
1f082c75: folds
32f6a58e: folds
Uncalled bet ($0.14) returned to Hero
*** SHOWDOWN ***
Hero collected $0.25 from pot
*** SUMMARY ***
Total pot $0.25 | Rake $0 | Jackpot $0 | Bingo $0 | Fortune $0 | Tax $0
Seat 1: Hero collected ($0.25)
Seat 2: 374613f5 (button) folded before Flop (didn't bet)
Seat 3: 1f082c75 (small blind) folded before Flop
Seat 4: 32f6a58e (big blind) folded before Flop
Seat 5: e2835112 folded before Flop (didn't bet)
Seat 6: 6e470ae0 folded before Flop (didn't bet)


Poker Hand #HD1753993122: Hold'em No Limit ($0.05/$0.1) - 2024/05/01 12:49:11
Table 'NLHRed17' 6-max Seat #1 is the button
Seat 1: Hero ($10 in chips)
Seat 2: 374613f5 ($11.6 in chips)
Seat 3: 1f082c75 ($11.32 in chips)
Seat 4: 32f6a58e ($10 in chips)
Seat 5: e2835112 ($10 in chips)
Seat 6: 6e470ae0 ($11.37 in chips)
374613f5: posts small blind $0.05
1f082c75: posts big blind $0.1
e2835112: posts big blind $0.1
*** HOLE CARDS ***
Dealt to Hero [Th 5d]
Dealt to 374613f5 
Dealt to 1f082c75 
Dealt to 32f6a58e 
Dealt to e2835112 
Dealt to 6e470ae0 
32f6a58e: calls $0.1
e2835112: checks
6e470ae0: folds
Hero: folds
374613f5: raises $0.5 to $0.6
1f082c75: folds
32f6a58e: folds
e2835112: folds
Uncalled bet ($0.5) returned to 374613f5
e2835112: shows [2s 7s]
*** SHOWDOWN ***
374613f5 collected $0.38 from pot
*** SUMMARY ***
Total pot $0.4 | Rake $0.02 | Jackpot $0 | Bingo $0 | Fortune $0 | Tax $0
Seat 1: Hero (button) folded before Flop (didn't bet)
Seat 2: 374613f5 (small blind) collected ($0.38)
Seat 3: 1f082c75 (big blind) folded before Flop
Seat 4: 32f6a58e folded before Flop
Seat 5: e2835112 folded before Flop
Seat 6: 6e470ae0 folded before Flop (didn't bet)


Poker Hand #HD1753992920: Hold'em No Limit ($0.05/$0.1) - 2024/05/01 12:47:19
Table 'NLHRed17' 6-max Seat #6 is the button
Seat 1: Hero ($10 in chips)
Seat 2: 374613f5 ($13.07 in chips)
Seat 3: 1f082c75 ($11.32 in chips)
Seat 4: 32f6a58e ($10 in chips)
Seat 6: 6e470ae0 ($10 in chips)
Hero: posts small blind $0.05
374613f5: posts big blind $0.1
*** HOLE CARDS ***
Dealt to Hero [7c Qc]
Dealt to 374613f5 
Dealt to 1f082c75 
Dealt to 32f6a58e 
Dealt to 6e470ae0 
1f082c75: folds
32f6a58e: folds
6e470ae0: raises $0.1 to $0.2
Hero: folds
374613f5: calls $0.1
*** FLOP *** [Td 3c Ad]
374613f5: checks
6e470ae0: bets $0.15
374613f5: calls $0.15
*** TURN *** [Td 3c Ad] [4c]
374613f5: checks
6e470ae0: bets $1.12
374613f5: calls $1.12
*** RIVER *** [Td 3c Ad 4c] [9h]
374613f5: checks
6e470ae0: bets $2.5
374613f5: folds
Uncalled bet ($2.5) returned to 6e470ae0
6e470ae0: shows [3s] (Pair of Treys)
*** SHOWDOWN ***
6e470ae0 collected $2.84 from pot
*** SUMMARY ***
Total pot $2.99 | Rake $0.15 | Jackpot $0 | Bingo $0 | Fortune $0 | Tax $0
Board [Td 3c Ad 4c 9h]
Seat 1: Hero (small blind) folded before Flop
Seat 2: 374613f5 (big blind) folded on the River
Seat 3: 1f082c75 folded before Flop (didn't bet)
Seat 4: 32f6a58e folded before Flop (didn't bet)
Seat 6: 6e470ae0 (button) showed [3s] and won ($2.84)


Poker Hand #HD1753992815: Hold'em No Limit ($0.05/$0.1) - 2024/05/01 12:46:18
Table 'NLHRed17' 6-max Seat #4 is the button
Seat 1: Hero ($10.43 in chips)
Seat 2: 374613f5 ($13.07 in chips)
Seat 3: 1f082c75 ($10 in chips)
Seat 4: 32f6a58e ($10 in chips)
Seat 5: 5abaaa89 ($16.51 in chips)
Seat 6: 6e470ae0 ($10 in chips)
5abaaa89: posts small blind $0.05
6e470ae0: posts big blind $0.1
*** HOLE CARDS ***
Dealt to Hero [Th Ts]
Dealt to 374613f5 
Dealt to 1f082c75 
Dealt to 32f6a58e 
Dealt to 5abaaa89 
Dealt to 6e470ae0 
Hero: raises $0.1 to $0.2
374613f5: folds
1f082c75: raises $0.55 to $0.75
32f6a58e: folds
5abaaa89: folds
6e470ae0: folds
Hero: calls $0.55
*** FLOP *** [7d 8c 7c]
Hero: checks
1f082c75: bets $0.55
Hero: calls $0.55
*** TURN *** [7d 8c 7c] [Qc]
Hero: checks
1f082c75: bets $2.07
Hero: folds
Uncalled bet ($2.07) returned to 1f082c75
*** SHOWDOWN ***
1f082c75 collected $2.62 from pot
*** SUMMARY ***
Total pot $2.75 | Rake $0.13 | Jackpot $0 | Bingo $0 | Fortune $0 | Tax $0
Board [7d 8c 7c Qc]
Seat 1: Hero folded on the Turn
Seat 2: 374613f5 folded before Flop (didn't bet)
Seat 3: 1f082c75 won ($2.62)
Seat 4: 32f6a58e (button) folded before Flop (didn't bet)
Seat 5: 5abaaa89 (small blind) folded before Flop
Seat 6: 6e470ae0 (big blind) folded before Flop


Poker Hand #HD1753992749: Hold'em No Limit ($0.05/$0.1) - 2024/05/01 12:45:45
Table 'NLHRed17' 6-max Seat #3 is the button
Seat 1: Hero ($10.43 in chips)
Seat 2: 374613f5 ($12.79 in chips)
Seat 3: 1f082c75 ($10 in chips)
Seat 4: 32f6a58e ($10 in chips)
Seat 5: 5abaaa89 ($16.76 in chips)
Seat 6: 6e470ae0 ($10 in chips)
32f6a58e: posts small blind $0.05
5abaaa89: posts big blind $0.1
*** HOLE CARDS ***
Dealt to Hero [3d 8c]
Dealt to 374613f5 
Dealt to 1f082c75 
Dealt to 32f6a58e 
Dealt to 5abaaa89 
Dealt to 6e470ae0 
6e470ae0: folds
Hero: folds
374613f5: raises $0.15 to $0.25
1f082c75: folds
32f6a58e: folds
5abaaa89: calls $0.15
*** FLOP *** [Ks 2h 8s]
5abaaa89: checks
374613f5: bets $0.42
5abaaa89: folds
Uncalled bet ($0.42) returned to 374613f5
*** SHOWDOWN ***
374613f5 collected $0.53 from pot
*** SUMMARY ***
Total pot $0.55 | Rake $0.02 | Jackpot $0 | Bingo $0 | Fortune $0 | Tax $0
Board [Ks 2h 8s]
Seat 1: Hero folded before Flop (didn't bet)
Seat 2: 374613f5 won ($0.53)
Seat 3: 1f082c75 (button) folded before Flop (didn't bet)
Seat 4: 32f6a58e (small blind) folded before Flop
Seat 5: 5abaaa89 (big blind) folded on the Flop
Seat 6: 6e470ae0 folded before Flop (didn't bet)


Poker Hand #HD1753992625: Hold'em No Limit ($0.05/$0.1) - 2024/05/01 12:44:26
Table 'NLHRed17' 6-max Seat #2 is the button
Seat 1: Hero ($10.43 in chips)
Seat 2: 374613f5 ($10 in chips)
Seat 3: 1f082c75 ($10 in chips)
Seat 4: 32f6a58e ($10 in chips)
Seat 5: 5abaaa89 ($19.8 in chips)
Seat 6: 6e470ae0 ($10 in chips)
1f082c75: posts small blind $0.05
32f6a58e: posts big blind $0.1
*** HOLE CARDS ***
Dealt to Hero [Kc 2c]
Dealt to 374613f5 
Dealt to 1f082c75 
Dealt to 32f6a58e 
Dealt to 5abaaa89 
Dealt to 6e470ae0 
5abaaa89: calls $0.1
6e470ae0: folds
Hero: folds
374613f5: raises $0.27 to $0.37
1f082c75: folds
32f6a58e: folds
5abaaa89: calls $0.27
*** FLOP *** [4h 6d 7s]
5abaaa89: checks
374613f5: bets $0.3
5abaaa89: raises $0.5 to $0.8
374613f5: calls $0.5
*** TURN *** [4h 6d 7s] [8h]
5abaaa89: checks
374613f5: checks
*** RIVER *** [4h 6d 7s 8h] [Qd]
5abaaa89: checks
374613f5: bets $1.87
5abaaa89: calls $1.87
374613f5: shows [8s Qs] (Pair of Queens and Pair of Eights)
5abaaa89: shows [Js 7h] (Pair of Sevens)
*** SHOWDOWN ***
374613f5 collected $5.83 from pot
*** SUMMARY ***
Total pot $6.23 | Rake $0.3 | Jackpot $0.1 | Bingo $0 | Fortune $0 | Tax $0
Board [4h 6d 7s 8h Qd]
Seat 1: Hero folded before Flop (didn't bet)
Seat 2: 374613f5 (button) showed [8s Qs] and won ($5.83) with Pair of Queens and Pair of Eights
Seat 3: 1f082c75 (small blind) folded before Flop
Seat 4: 32f6a58e (big blind) folded before Flop
Seat 5: 5abaaa89 showed [Js 7h] and lost with Pair of Sevens
Seat 6: 6e470ae0 folded before Flop (didn't bet)


Poker Hand #HD1753992570: Hold'em No Limit ($0.05/$0.1) - 2024/05/01 12:43:51
Table 'NLHRed17' 6-max Seat #1 is the button
Seat 1: Hero ($10.77 in chips)
Seat 2: 374613f5 ($10 in chips)
Seat 3: 1f082c75 ($10 in chips)
Seat 4: 32f6a58e ($10 in chips)
Seat 5: 5abaaa89 ($19.35 in chips)
Seat 6: 6e470ae0 ($10 in chips)
374613f5: posts small blind $0.05
1f082c75: posts big blind $0.1
*** HOLE CARDS ***
Dealt to Hero [As Jc]
Dealt to 374613f5 
Dealt to 1f082c75 
Dealt to 32f6a58e 
Dealt to 5abaaa89 
Dealt to 6e470ae0 
32f6a58e: folds
5abaaa89: calls $0.1
6e470ae0: folds
Hero: raises $0.24 to $0.34
374613f5: folds
1f082c75: folds
5abaaa89: calls $0.24
*** FLOP *** [9s 7h 5s]
5abaaa89: checks
Hero: checks
*** TURN *** [9s 7h 5s] [9h]
5abaaa89: bets $0.42
Hero: folds
Uncalled bet ($0.42) returned to 5abaaa89
*** SHOWDOWN ***
5abaaa89 collected $0.79 from pot
*** SUMMARY ***
Total pot $0.83 | Rake $0.04 | Jackpot $0 | Bingo $0 | Fortune $0 | Tax $0
Board [9s 7h 5s 9h]
Seat 1: Hero (button) folded on the Turn
Seat 2: 374613f5 (small blind) folded before Flop
Seat 3: 1f082c75 (big blind) folded before Flop
Seat 4: 32f6a58e folded before Flop (didn't bet)
Seat 5: 5abaaa89 won ($0.79)
Seat 6: 6e470ae0 folded before Flop (didn't bet)


Poker Hand #HD1753992536: Hold'em No Limit ($0.05/$0.1) - 2024/05/01 12:43:31
Table 'NLHRed17' 6-max Seat #6 is the button
Seat 1: Hero ($10.82 in chips)
Seat 2: 374613f5 ($10 in chips)
Seat 3: 1f082c75 ($10 in chips)
Seat 4: 32f6a58e ($10 in chips)
Seat 5: 5abaaa89 ($19.2 in chips)
Seat 6: 6e470ae0 ($10 in chips)
Hero: posts small blind $0.05
374613f5: posts big blind $0.1
*** HOLE CARDS ***
Dealt to Hero [3c 7h]
Dealt to 374613f5 
Dealt to 1f082c75 
Dealt to 32f6a58e 
Dealt to 5abaaa89 
Dealt to 6e470ae0 
1f082c75: folds
32f6a58e: folds
5abaaa89: raises $0.2 to $0.3
6e470ae0: folds
Hero: folds
374613f5: folds
Uncalled bet ($0.2) returned to 5abaaa89
*** SHOWDOWN ***
5abaaa89 collected $0.25 from pot
*** SUMMARY ***
Total pot $0.25 | Rake $0 | Jackpot $0 | Bingo $0 | Fortune $0 | Tax $0
Seat 1: Hero (small blind) folded before Flop
Seat 2: 374613f5 (big blind) folded before Flop
Seat 3: 1f082c75 folded before Flop (didn't bet)
Seat 4: 32f6a58e folded before Flop (didn't bet)
Seat 5: 5abaaa89 collected ($0.25)
Seat 6: 6e470ae0 (button) folded before Flop (didn't bet)


Poker Hand #HD1753992495: Hold'em No Limit ($0.05/$0.1) - 2024/05/01 12:43:02
Table 'NLHRed17' 6-max Seat #5 is the button
Seat 1: Hero ($10.92 in chips)
Seat 2: 374613f5 ($10 in chips)
Seat 3: 1f082c75 ($10 in chips)
Seat 4: 32f6a58e ($10 in chips)
Seat 5: 5abaaa89 ($18.73 in chips)
Seat 6: 6e470ae0 ($10 in chips)
6e470ae0: posts small blind $0.05
Hero: posts big blind $0.1
*** HOLE CARDS ***
Dealt to Hero [Ks 7s]
Dealt to 374613f5 
Dealt to 1f082c75 
Dealt to 32f6a58e 
Dealt to 5abaaa89 
Dealt to 6e470ae0 
374613f5: folds
1f082c75: raises $0.1 to $0.2
32f6a58e: folds
5abaaa89: calls $0.2
6e470ae0: calls $0.15
Hero: folds
*** FLOP *** [7d Td 3d]
6e470ae0: checks
1f082c75: checks
5abaaa89: bets $0.7
6e470ae0: folds
1f082c75: folds
Uncalled bet ($0.7) returned to 5abaaa89
*** SHOWDOWN ***
5abaaa89 collected $0.67 from pot
*** SUMMARY ***
Total pot $0.7 | Rake $0.03 | Jackpot $0 | Bingo $0 | Fortune $0 | Tax $0
Board [7d Td 3d]
Seat 1: Hero (big blind) folded before Flop
Seat 2: 374613f5 folded before Flop (didn't bet)
Seat 3: 1f082c75 folded on the Flop
Seat 4: 32f6a58e folded before Flop (didn't bet)
Seat 5: 5abaaa89 (button) won ($0.67)
Seat 6: 6e470ae0 (small blind) folded on the Flop


Poker Hand #HD1753992418: Hold'em No Limit ($0.05/$0.1) - 2024/05/01 12:42:15
Table 'NLHRed17' 6-max Seat #4 is the button
Seat 1: Hero ($10.92 in chips)
Seat 2: 374613f5 ($10 in chips)
Seat 3: 1f082c75 ($10 in chips)
Seat 4: 32f6a58e ($10 in chips)
Seat 5: 5abaaa89 ($18.14 in chips)
Seat 6: 6e470ae0 ($10 in chips)
5abaaa89: posts small blind $0.05
6e470ae0: posts big blind $0.1
*** HOLE CARDS ***
Dealt to Hero [Qc 4c]
Dealt to 374613f5 
Dealt to 1f082c75 
Dealt to 32f6a58e 
Dealt to 5abaaa89 
Dealt to 6e470ae0 
Hero: folds
374613f5: folds
1f082c75: folds
32f6a58e: raises $0.15 to $0.25
5abaaa89: calls $0.2
6e470ae0: folds
*** FLOP *** [3s 4s 9h]
5abaaa89: checks
32f6a58e: bets $0.3
5abaaa89: calls $0.3
*** TURN *** [3s 4s 9h] [7h]
5abaaa89: checks
32f6a58e: checks
*** RIVER *** [3s 4s 9h 7h] [Jd]
5abaaa89: bets $0.6
32f6a58e: folds
Uncalled bet ($0.6) returned to 5abaaa89
*** SHOWDOWN ***
5abaaa89 collected $1.14 from pot
*** SUMMARY ***
Total pot $1.2 | Rake $0.06 | Jackpot $0 | Bingo $0 | Fortune $0 | Tax $0
Board [3s 4s 9h 7h Jd]
Seat 1: Hero folded before Flop (didn't bet)
Seat 2: 374613f5 folded before Flop (didn't bet)
Seat 3: 1f082c75 folded before Flop (didn't bet)
Seat 4: 32f6a58e (button) folded on the River
Seat 5: 5abaaa89 (small blind) won ($1.14)
Seat 6: 6e470ae0 (big blind) folded before Flop


Poker Hand #HD1753992389: Hold'em No Limit ($0.05/$0.1) - 2024/05/01 12:41:54
Table 'NLHRed17' 6-max Seat #3 is the button
Seat 1: Hero ($10.92 in chips)
Seat 2: 374613f5 ($10 in chips)
Seat 3: 1f082c75 ($10 in chips)
Seat 4: 32f6a58e ($10 in chips)
Seat 5: 5abaaa89 ($18.09 in chips)
32f6a58e: posts small blind $0.05
5abaaa89: posts big blind $0.1
*** HOLE CARDS ***
Dealt to Hero [3s Ah]
Dealt to 374613f5 
Dealt to 1f082c75 
Dealt to 32f6a58e 
Dealt to 5abaaa89 
Hero: folds
374613f5: folds
1f082c75: folds
32f6a58e: folds
Uncalled bet ($0.05) returned to 5abaaa89
*** SHOWDOWN ***
5abaaa89 collected $0.1 from pot
*** SUMMARY ***
Total pot $0.1 | Rake $0 | Jackpot $0 | Bingo $0 | Fortune $0 | Tax $0
Seat 1: Hero folded before Flop (didn't bet)
Seat 2: 374613f5 folded before Flop (didn't bet)
Seat 3: 1f082c75 (button) folded before Flop (didn't bet)
Seat 4: 32f6a58e (small blind) folded before Flop
Seat 5: 5abaaa89 (big blind) collected ($0.1)


Poker Hand #HD1753992364: Hold'em No Limit ($0.05/$0.1) - 2024/05/01 12:41:39
Table 'NLHRed17' 6-max Seat #2 is the button
Seat 1: Hero ($10.92 in chips)
Seat 2: 374613f5 ($10 in chips)
Seat 3: 1f082c75 ($10 in chips)
Seat 4: 32f6a58e ($10 in chips)
Seat 5: 5abaaa89 ($17.94 in chips)
1f082c75: posts small blind $0.05
32f6a58e: posts big blind $0.1
*** HOLE CARDS ***
Dealt to Hero [Kc 3h]
Dealt to 374613f5 
Dealt to 1f082c75 
Dealt to 32f6a58e 
Dealt to 5abaaa89 
5abaaa89: raises $0.1 to $0.2
Hero: folds
374613f5: folds
1f082c75: folds
32f6a58e: folds
Uncalled bet ($0.1) returned to 5abaaa89
*** SHOWDOWN ***
5abaaa89 collected $0.25 from pot
*** SUMMARY ***
Total pot $0.25 | Rake $0 | Jackpot $0 | Bingo $0 | Fortune $0 | Tax $0
Seat 1: Hero folded before Flop (didn't bet)
Seat 2: 374613f5 (button) folded before Flop (didn't bet)
Seat 3: 1f082c75 (small blind) folded before Flop
Seat 4: 32f6a58e (big blind) folded before Flop
Seat 5: 5abaaa89 collected ($0.25)


Poker Hand #HD1753992191: Hold'em No Limit ($0.05/$0.1) - 2024/05/01 12:39:48
Table 'NLHRed17' 6-max Seat #1 is the button
Seat 1: Hero ($10.92 in chips)
Seat 2: 374613f5 ($12.09 in chips)
Seat 3: 1f082c75 ($10 in chips)
Seat 4: 32f6a58e ($10 in chips)
Seat 5: 5abaaa89 ($9.44 in chips)
Seat 6: f871890c ($18.27 in chips)
374613f5: posts small blind $0.05
1f082c75: posts big blind $0.1
*** HOLE CARDS ***
Dealt to Hero [2d Kh]
Dealt to 374613f5 
Dealt to 1f082c75 
Dealt to 32f6a58e 
Dealt to 5abaaa89 
Dealt to f871890c 
32f6a58e: folds
5abaaa89: raises $0.2 to $0.3
f871890c: folds
Hero: folds
374613f5: raises $1.05 to $1.35
1f082c75: folds
5abaaa89: calls $1.05
*** FLOP *** [2h 6h 9d]
374613f5: bets $0.93
5abaaa89: calls $0.93
*** TURN *** [2h 6h 9d] [4h]
374613f5: bets $2.57
5abaaa89: calls $2.57
*** RIVER *** [2h 6h 9d 4h] [8c]
374613f5: bets $7.24 and is all-in
5abaaa89: calls $4.59 and is all-in
Uncalled bet ($2.65) returned to 374613f5
374613f5: shows [Ks Ah] (Ace-High)
5abaaa89: shows [7d Td] (Tens-High Straight)
*** SHOWDOWN ***
5abaaa89 collected $17.94 from pot
*** SUMMARY ***
Total pot $18.98 | Rake $0.94 | Jackpot $0.1 | Bingo $0 | Fortune $0 | Tax $0
Board [2h 6h 9d 4h 8c]
Seat 1: Hero (button) folded before Flop (didn't bet)
Seat 2: 374613f5 (small blind) showed [Ks Ah] and lost with Ace-High
Seat 3: 1f082c75 (big blind) folded before Flop
Seat 4: 32f6a58e folded before Flop (didn't bet)
Seat 5: 5abaaa89 showed [7d Td] and won ($17.94) with Tens-High Straight
Seat 6: f871890c folded before Flop (didn't bet)


Poker Hand #HD1753992075: Hold'em No Limit ($0.05/$0.1) - 2024/05/01 12:38:37
Table 'NLHRed17' 6-max Seat #6 is the button
Seat 1: Hero ($10.38 in chips)
Seat 2: 374613f5 ($12.69 in chips)
Seat 4: 32f6a58e ($10 in chips)
Seat 5: 5abaaa89 ($9.44 in chips)
Seat 6: f871890c ($18.27 in chips)
Hero: posts small blind $0.05
374613f5: posts big blind $0.1
*** HOLE CARDS ***
Dealt to Hero [Qh Ts]
Dealt to 374613f5 
Dealt to 32f6a58e 
Dealt to 5abaaa89 
Dealt to f871890c 
32f6a58e: folds
5abaaa89: folds
f871890c: folds
Hero: raises $0.2 to $0.3
374613f5: calls $0.2
*** FLOP *** [8d 9h 2h]
Hero: bets $0.3
374613f5: calls $0.3
*** TURN *** [8d 9h 2h] [Qd]
Hero: bets $0.8
374613f5: folds
Uncalled bet ($0.8) returned to Hero
*** SHOWDOWN ***
Hero collected $1.14 from pot
*** SUMMARY ***
Total pot $1.2 | Rake $0.06 | Jackpot $0 | Bingo $0 | Fortune $0 | Tax $0
Board [8d 9h 2h Qd]
Seat 1: Hero (small blind) won ($1.14)
Seat 2: 374613f5 (big blind) folded on the Turn
Seat 4: 32f6a58e folded before Flop (didn't bet)
Seat 5: 5abaaa89 folded before Flop (didn't bet)
Seat 6: f871890c (button) folded before Flop (didn't bet)


Poker Hand #HD1753991987: Hold'em No Limit ($0.05/$0.1) - 2024/05/01 12:37:41
Table 'NLHRed17' 6-max Seat #5 is the button
Seat 1: Hero ($10.48 in chips)
Seat 2: 374613f5 ($12.69 in chips)
Seat 4: 32f6a58e ($10.03 in chips)
Seat 5: 5abaaa89 ($8.8 in chips)
Seat 6: f871890c ($18.32 in chips)
f871890c: posts small blind $0.05
Hero: posts big blind $0.1
*** HOLE CARDS ***
Dealt to Hero [Kd Tc]
Dealt to 374613f5 
Dealt to 32f6a58e 
Dealt to 5abaaa89 
Dealt to f871890c 
374613f5: folds
32f6a58e: raises $0.15 to $0.25
5abaaa89: calls $0.25
f871890c: folds
Hero: folds
*** FLOP *** [2d Js Ad]
32f6a58e: bets $0.3
5abaaa89: calls $0.3
*** TURN *** [2d Js Ad] [2h]
32f6a58e: checks
5abaaa89: checks
*** RIVER *** [2d Js Ad 2h] [Qs]
32f6a58e: checks
5abaaa89: bets $0.63
32f6a58e: folds
Uncalled bet ($0.63) returned to 5abaaa89
*** SHOWDOWN ***
5abaaa89 collected $1.19 from pot
*** SUMMARY ***
Total pot $1.25 | Rake $0.06 | Jackpot $0 | Bingo $0 | Fortune $0 | Tax $0
Board [2d Js Ad 2h Qs]
Seat 1: Hero (big blind) folded before Flop
Seat 2: 374613f5 folded before Flop (didn't bet)
Seat 4: 32f6a58e folded on the River
Seat 5: 5abaaa89 (button) won ($1.19)
Seat 6: f871890c (small blind) folded before Flop


Poker Hand #HD1753991915: Hold'em No Limit ($0.05/$0.1) - 2024/05/01 12:37:00
Table 'NLHRed17' 6-max Seat #4 is the button
Seat 1: Hero ($10.48 in chips)
Seat 2: 374613f5 ($12.46 in chips)
Seat 4: 32f6a58e ($10.03 in chips)
Seat 5: 5abaaa89 ($8.85 in chips)
Seat 6: f871890c ($18.52 in chips)
5abaaa89: posts small blind $0.05
f871890c: posts big blind $0.1
*** HOLE CARDS ***
Dealt to Hero [8c Ad]
Dealt to 374613f5 
Dealt to 32f6a58e 
Dealt to 5abaaa89 
Dealt to f871890c 
Hero: folds
374613f5: raises $0.1 to $0.2
32f6a58e: folds
5abaaa89: folds
f871890c: calls $0.1
*** FLOP *** [6d Jd Qc]
f871890c: checks
374613f5: bets $0.15
f871890c: folds
Uncalled bet ($0.15) returned to 374613f5
*** SHOWDOWN ***
374613f5 collected $0.43 from pot
*** SUMMARY ***
Total pot $0.45 | Rake $0.02 | Jackpot $0 | Bingo $0 | Fortune $0 | Tax $0
Board [6d Jd Qc]
Seat 1: Hero folded before Flop (didn't bet)
Seat 2: 374613f5 won ($0.43)
Seat 4: 32f6a58e (button) folded before Flop (didn't bet)
Seat 5: 5abaaa89 (small blind) folded before Flop
Seat 6: f871890c (big blind) folded on the Flop


Poker Hand #HD1753991784: Hold'em No Limit ($0.05/$0.1) - 2024/05/01 12:35:42
Table 'NLHRed17' 6-max Seat #3 is the button
Seat 1: Hero ($10.48 in chips)
Seat 2: 374613f5 ($12.46 in chips)
Seat 3: 7ecc47d9 ($5.8 in chips)
Seat 4: 32f6a58e ($10.08 in chips)
Seat 5: 5abaaa89 ($9.59 in chips)
Seat 6: f871890c ($12.64 in chips)
32f6a58e: posts small blind $0.05
5abaaa89: posts big blind $0.1
*** HOLE CARDS ***
Dealt to Hero [3c 3d]
Dealt to 374613f5 
Dealt to 7ecc47d9 
Dealt to 32f6a58e 
Dealt to 5abaaa89 
Dealt to f871890c 
f871890c: raises $0.15 to $0.25
Hero: folds
374613f5: folds
7ecc47d9: raises $0.49 to $0.74
32f6a58e: folds
5abaaa89: calls $0.64
f871890c: calls $0.49
*** FLOP *** [Ts Qc 8c]
5abaaa89: checks
f871890c: checks
7ecc47d9: bets $1.14
5abaaa89: folds
f871890c: raises $5.15 to $6.29
7ecc47d9: calls $3.92 and is all-in
Uncalled bet ($1.23) returned to f871890c
f871890c: shows [Qd As] (Pair of Queens)
7ecc47d9: shows [6d Td] (Pair of Tens)
*** TURN *** [Ts Qc 8c] [9c]
*** RIVER *** [Ts Qc 8c 9c] [2s]
*** SHOWDOWN ***
f871890c collected $11.68 from pot
*** SUMMARY ***
Total pot $12.39 | Rake $0.61 | Jackpot $0.1 | Bingo $0 | Fortune $0 | Tax $0
Board [Ts Qc 8c 9c 2s]
Seat 1: Hero folded before Flop (didn't bet)
Seat 2: 374613f5 folded before Flop (didn't bet)
Seat 3: 7ecc47d9 (button) showed [6d Td] and lost with Pair of Tens
Seat 4: 32f6a58e (small blind) folded before Flop
Seat 5: 5abaaa89 (big blind) folded on the Flop
Seat 6: f871890c showed [Qd As] and won ($11.68) with Pair of Queens


Poker Hand #HD1753991722: Hold'em No Limit ($0.05/$0.1) - 2024/05/01 12:35:09
Table 'NLHRed17' 6-max Seat #2 is the button
Seat 1: Hero ($10.68 in chips)
Seat 2: 374613f5 ($12.46 in chips)
Seat 3: 7ecc47d9 ($6.45 in chips)
Seat 4: 32f6a58e ($10.18 in chips)
Seat 5: 5abaaa89 ($8.72 in chips)
Seat 6: f871890c ($12.64 in chips)
7ecc47d9: posts small blind $0.05
32f6a58e: posts big blind $0.1
*** HOLE CARDS ***
Dealt to Hero [Qd Td]
Dealt to 374613f5 
Dealt to 7ecc47d9 
Dealt to 32f6a58e 
Dealt to 5abaaa89 
Dealt to f871890c 
5abaaa89: calls $0.1
f871890c: folds
Hero: raises $0.1 to $0.2
374613f5: folds
7ecc47d9: raises $0.45 to $0.65
32f6a58e: folds
5abaaa89: raises $8.07 to $8.72 and is all-in
Hero: folds
7ecc47d9: folds
Uncalled bet ($8.07) returned to 5abaaa89
*** SHOWDOWN ***
5abaaa89 collected $1.52 from pot
*** SUMMARY ***
Total pot $1.6 | Rake $0.08 | Jackpot $0 | Bingo $0 | Fortune $0 | Tax $0
Seat 1: Hero folded before Flop
Seat 2: 374613f5 (button) folded before Flop (didn't bet)
Seat 3: 7ecc47d9 (small blind) folded before Flop
Seat 4: 32f6a58e (big blind) folded before Flop
Seat 5: 5abaaa89 collected ($1.52)
Seat 6: f871890c folded before Flop (didn't bet)


Poker Hand #HD1753991693: Hold'em No Limit ($0.05/$0.1) - 2024/05/01 12:34:52
Table 'NLHRed17' 6-max Seat #1 is the button
Seat 1: Hero ($10.68 in chips)
Seat 2: 374613f5 ($12.36 in chips)
Seat 3: 7ecc47d9 ($6.55 in chips)
Seat 4: 32f6a58e ($10.18 in chips)
Seat 5: 5abaaa89 ($8.72 in chips)
Seat 6: f871890c ($12.64 in chips)
374613f5: posts small blind $0.05
7ecc47d9: posts big blind $0.1
*** HOLE CARDS ***
Dealt to Hero [9d 6h]
Dealt to 374613f5 
Dealt to 7ecc47d9 
Dealt to 32f6a58e 
Dealt to 5abaaa89 
Dealt to f871890c 
32f6a58e: folds
5abaaa89: folds
f871890c: folds
Hero: folds
374613f5: raises $0.2 to $0.3
7ecc47d9: folds
Uncalled bet ($0.2) returned to 374613f5
*** SHOWDOWN ***
374613f5 collected $0.2 from pot
*** SUMMARY ***
Total pot $0.2 | Rake $0 | Jackpot $0 | Bingo $0 | Fortune $0 | Tax $0
Seat 1: Hero (button) folded before Flop (didn't bet)
Seat 2: 374613f5 (small blind) collected ($0.2)
Seat 3: 7ecc47d9 (big blind) folded before Flop
Seat 4: 32f6a58e folded before Flop (didn't bet)
Seat 5: 5abaaa89 folded before Flop (didn't bet)
Seat 6: f871890c folded before Flop (didn't bet)


Poker Hand #HD1753991583: Hold'em No Limit ($0.05/$0.1) - 2024/05/01 12:33:45
Table 'NLHRed17' 6-max Seat #6 is the button
Seat 1: Hero ($10.73 in chips)
Seat 2: 374613f5 ($12.35 in chips)
Seat 3: 7ecc47d9 ($6.55 in chips)
Seat 4: 32f6a58e ($10.18 in chips)
Seat 5: 5abaaa89 ($8.72 in chips)
Seat 6: f871890c ($12.64 in chips)
Hero: posts small blind $0.05
374613f5: posts big blind $0.1
*** HOLE CARDS ***
Dealt to Hero [Qc Ts]
Dealt to 374613f5 
Dealt to 7ecc47d9 
Dealt to 32f6a58e 
Dealt to 5abaaa89 
Dealt to f871890c 
7ecc47d9: folds
32f6a58e: folds
5abaaa89: folds
f871890c: raises $0.15 to $0.25
Hero: folds
374613f5: calls $0.15
*** FLOP *** [8d 9h As]
374613f5: checks
f871890c: checks
*** TURN *** [8d 9h As] [Kh]
374613f5: checks
f871890c: checks
*** RIVER *** [8d 9h As Kh] [Kc]
374613f5: checks
f871890c: bets $0.15
374613f5: calls $0.15
f871890c: shows [Jd 9s] (Pair of Kings and Pair of Nines)
374613f5: shows [7c 9c] (Pair of Kings and Pair of Nines)
*** SHOWDOWN ***
374613f5 collected $0.41 from pot
f871890c collected $0.4 from pot
*** SUMMARY ***
Total pot $0.85 | Rake $0.04 | Jackpot $0 | Bingo $0 | Fortune $0 | Tax $0
Board [8d 9h As Kh Kc]
Seat 1: Hero (small blind) folded before Flop
Seat 2: 374613f5 (big blind) showed [7c 9c] and won ($0.41) with Pair of Kings and Pair of Nines
Seat 3: 7ecc47d9 folded before Flop (didn't bet)
Seat 4: 32f6a58e folded before Flop (didn't bet)
Seat 5: 5abaaa89 folded before Flop (didn't bet)
Seat 6: f871890c (button) showed [Jd 9s] and won ($0.4) with Pair of Kings and Pair of Nines


Poker Hand #HD1753991532: Hold'em No Limit ($0.05/$0.1) - 2024/05/01 12:33:15
Table 'NLHRed17' 6-max Seat #5 is the button
Seat 1: Hero ($10.83 in chips)
Seat 2: 374613f5 ($12.35 in chips)
Seat 3: 7ecc47d9 ($6.4 in chips)
Seat 4: 32f6a58e ($10.18 in chips)
Seat 5: 5abaaa89 ($8.72 in chips)
Seat 6: f871890c ($12.69 in chips)
f871890c: posts small blind $0.05
Hero: posts big blind $0.1
*** HOLE CARDS ***
Dealt to Hero [9d 4c]
Dealt to 374613f5 
Dealt to 7ecc47d9 
Dealt to 32f6a58e 
Dealt to 5abaaa89 
Dealt to f871890c 
374613f5: folds
7ecc47d9: raises $0.2 to $0.3
32f6a58e: folds
5abaaa89: folds
f871890c: folds
Hero: folds
Uncalled bet ($0.2) returned to 7ecc47d9
*** SHOWDOWN ***
7ecc47d9 collected $0.25 from pot
*** SUMMARY ***
Total pot $0.25 | Rake $0 | Jackpot $0 | Bingo $0 | Fortune $0 | Tax $0
Seat 1: Hero (big blind) folded before Flop
Seat 2: 374613f5 folded before Flop (didn't bet)
Seat 3: 7ecc47d9 collected ($0.25)
Seat 4: 32f6a58e folded before Flop (didn't bet)
Seat 5: 5abaaa89 (button) folded before Flop (didn't bet)
Seat 6: f871890c (small blind) folded before Flop


Poker Hand #HD1753991412: Hold'em No Limit ($0.05/$0.1) - 2024/05/01 12:31:54
Table 'NLHRed17' 6-max Seat #4 is the button
Seat 1: Hero ($10.83 in chips)
Seat 2: 374613f5 ($12.35 in chips)
Seat 3: 7ecc47d9 ($5.72 in chips)
Seat 4: 32f6a58e ($10.18 in chips)
Seat 5: 5abaaa89 ($9.37 in chips)
Seat 6: f871890c ($12.79 in chips)
5abaaa89: posts small blind $0.05
f871890c: posts big blind $0.1
*** HOLE CARDS ***
Dealt to Hero [6d 7d]
Dealt to 374613f5 
Dealt to 7ecc47d9 
Dealt to 32f6a58e 
Dealt to 5abaaa89 
Dealt to f871890c 
Hero: folds
374613f5: folds
7ecc47d9: raises $0.2 to $0.3
32f6a58e: folds
5abaaa89: calls $0.25
f871890c: folds
*** FLOP *** [7c As 5h]
5abaaa89: checks
7ecc47d9: checks
*** TURN *** [7c As 5h] [Ks]
5abaaa89: bets $0.35
7ecc47d9: calls $0.35
*** RIVER *** [7c As 5h Ks] [4h]
5abaaa89: checks
7ecc47d9: checks
5abaaa89: shows [Qc 5d] (Pair of Fives)
7ecc47d9: shows [8c Kc] (Pair of Kings)
*** SHOWDOWN ***
7ecc47d9 collected $1.33 from pot
*** SUMMARY ***
Total pot $1.4 | Rake $0.07 | Jackpot $0 | Bingo $0 | Fortune $0 | Tax $0
Board [7c As 5h Ks 4h]
Seat 1: Hero folded before Flop (didn't bet)
Seat 2: 374613f5 folded before Flop (didn't bet)
Seat 3: 7ecc47d9 showed [8c Kc] and won ($1.33) with Pair of Kings
Seat 4: 32f6a58e (button) folded before Flop (didn't bet)
Seat 5: 5abaaa89 (small blind) showed [Qc 5d] and lost with Pair of Fives
Seat 6: f871890c (big blind) folded before Flop


Poker Hand #HD1753991257: Hold'em No Limit ($0.05/$0.1) - 2024/05/01 12:30:16
Table 'NLHRed17' 6-max Seat #3 is the button
Seat 1: Hero ($10.83 in chips)
Seat 2: 374613f5 ($10 in chips)
Seat 3: 7ecc47d9 ($6.46 in chips)
Seat 4: 32f6a58e ($10.23 in chips)
Seat 5: 5abaaa89 ($11.25 in chips)
Seat 6: f871890c ($12.79 in chips)
32f6a58e: posts small blind $0.05
5abaaa89: posts big blind $0.1
*** HOLE CARDS ***
Dealt to Hero [4h 9d]
Dealt to 374613f5 
Dealt to 7ecc47d9 
Dealt to 32f6a58e 
Dealt to 5abaaa89 
Dealt to f871890c 
f871890c: folds
Hero: folds
374613f5: raises $0.15 to $0.25
7ecc47d9: raises $0.49 to $0.74
32f6a58e: folds
5abaaa89: calls $0.64
374613f5: calls $0.49
*** FLOP *** [5d Kh 8s]
5abaaa89: checks
374613f5: checks
7ecc47d9: checks
*** TURN *** [5d Kh 8s] [7d]
5abaaa89: bets $1.14
374613f5: calls $1.14
7ecc47d9: folds
*** RIVER *** [5d Kh 8s 7d] [9c]
5abaaa89: checks
374613f5: bets $3.42
5abaaa89: folds
Uncalled bet ($3.42) returned to 374613f5
*** SHOWDOWN ***
374613f5 collected $4.23 from pot
*** SUMMARY ***
Total pot $4.55 | Rake $0.22 | Jackpot $0.1 | Bingo $0 | Fortune $0 | Tax $0
Board [5d Kh 8s 7d 9c]
Seat 1: Hero folded before Flop (didn't bet)
Seat 2: 374613f5 won ($4.23)
Seat 3: 7ecc47d9 (button) folded on the Turn
Seat 4: 32f6a58e (small blind) folded before Flop
Seat 5: 5abaaa89 (big blind) folded on the River
Seat 6: f871890c folded before Flop (didn't bet)


Poker Hand #HD1753991214: Hold'em No Limit ($0.05/$0.1) - 2024/05/01 12:29:52
Table 'NLHRed17' 6-max Seat #2 is the button
Seat 1: Hero ($10.83 in chips)
Seat 2: 374613f5 ($10 in chips)
Seat 3: 7ecc47d9 ($6.51 in chips)
Seat 4: 32f6a58e ($10 in chips)
Seat 5: 5abaaa89 ($11.45 in chips)
Seat 6: f871890c ($12.79 in chips)
7ecc47d9: posts small blind $0.05
32f6a58e: posts big blind $0.1
*** HOLE CARDS ***
Dealt to Hero [7s Ad]
Dealt to 374613f5 
Dealt to 7ecc47d9 
Dealt to 32f6a58e 
Dealt to 5abaaa89 
Dealt to f871890c 
5abaaa89: raises $0.1 to $0.2
f871890c: folds
Hero: folds
374613f5: folds
7ecc47d9: folds
32f6a58e: raises $0.7 to $0.9
5abaaa89: folds
Uncalled bet ($0.7) returned to 32f6a58e
*** SHOWDOWN ***
32f6a58e collected $0.43 from pot
*** SUMMARY ***
Total pot $0.45 | Rake $0.02 | Jackpot $0 | Bingo $0 | Fortune $0 | Tax $0
Seat 1: Hero folded before Flop (didn't bet)
Seat 2: 374613f5 (button) folded before Flop (didn't bet)
Seat 3: 7ecc47d9 (small blind) folded before Flop
Seat 4: 32f6a58e (big blind) collected ($0.43)
Seat 5: 5abaaa89 folded before Flop
Seat 6: f871890c folded before Flop (didn't bet)


Poker Hand #HD1753991060: Hold'em No Limit ($0.05/$0.1) - 2024/05/01 12:28:25
Table 'NLHRed17' 6-max Seat #1 is the button
Seat 1: Hero ($10.83 in chips)
Seat 2: 374613f5 ($10 in chips)
Seat 3: 7ecc47d9 ($8.85 in chips)
Seat 4: 32f6a58e ($10 in chips)
Seat 5: 5abaaa89 ($9.39 in chips)
Seat 6: f871890c ($12.79 in chips)
374613f5: posts small blind $0.05
7ecc47d9: posts big blind $0.1
*** HOLE CARDS ***
Dealt to Hero [2d Kh]
Dealt to 374613f5 
Dealt to 7ecc47d9 
Dealt to 32f6a58e 
Dealt to 5abaaa89 
Dealt to f871890c 
32f6a58e: folds
5abaaa89: calls $0.1
f871890c: folds
Hero: folds
374613f5: folds
7ecc47d9: raises $0.19 to $0.29
5abaaa89: calls $0.19
*** FLOP *** [5d 4d 3d]
7ecc47d9: checks
5abaaa89: bets $0.63
7ecc47d9: calls $0.63
*** TURN *** [5d 4d 3d] [Th]
7ecc47d9: checks
5abaaa89: bets $1.42
7ecc47d9: calls $1.42
*** RIVER *** [5d 4d 3d Th] [9d]
7ecc47d9: checks
5abaaa89: bets $1.57
7ecc47d9: folds
Uncalled bet ($1.57) returned to 5abaaa89
*** SHOWDOWN ***
5abaaa89 collected $4.4 from pot
*** SUMMARY ***
Total pot $4.73 | Rake $0.23 | Jackpot $0.1 | Bingo $0 | Fortune $0 | Tax $0
Board [5d 4d 3d Th 9d]
Seat 1: Hero (button) folded before Flop (didn't bet)
Seat 2: 374613f5 (small blind) folded before Flop
Seat 3: 7ecc47d9 (big blind) folded on the River
Seat 4: 32f6a58e folded before Flop (didn't bet)
Seat 5: 5abaaa89 won ($4.4)
Seat 6: f871890c folded before Flop (didn't bet)


Poker Hand #HD1753990986: Hold'em No Limit ($0.05/$0.1) - 2024/05/01 12:27:42
Table 'NLHRed17' 6-max Seat #6 is the button
Seat 1: Hero ($10.88 in chips)
Seat 2: 374613f5 ($10 in chips)
Seat 3: 7ecc47d9 ($8.85 in chips)
Seat 4: 32f6a58e ($10 in chips)
Seat 5: 5abaaa89 ($9.24 in chips)
Seat 6: f871890c ($12.79 in chips)
Hero: posts small blind $0.05
374613f5: posts big blind $0.1
*** HOLE CARDS ***
Dealt to Hero [7c 4c]
Dealt to 374613f5 
Dealt to 7ecc47d9 
Dealt to 32f6a58e 
Dealt to 5abaaa89 
Dealt to f871890c 
7ecc47d9: folds
32f6a58e: folds
5abaaa89: raises $0.2 to $0.3
f871890c: folds
Hero: folds
374613f5: folds
Uncalled bet ($0.2) returned to 5abaaa89
*** SHOWDOWN ***
5abaaa89 collected $0.25 from pot
*** SUMMARY ***
Total pot $0.25 | Rake $0 | Jackpot $0 | Bingo $0 | Fortune $0 | Tax $0
Seat 1: Hero (small blind) folded before Flop
Seat 2: 374613f5 (big blind) folded before Flop
Seat 3: 7ecc47d9 folded before Flop (didn't bet)
Seat 4: 32f6a58e folded before Flop (didn't bet)
Seat 5: 5abaaa89 collected ($0.25)
Seat 6: f871890c (button) folded before Flop (didn't bet)


Poker Hand #HD1753990897: Hold'em No Limit ($0.05/$0.1) - 2024/05/01 12:26:48
Table 'NLHRed17' 6-max Seat #5 is the button
Seat 1: Hero ($10.98 in chips)
Seat 3: 7ecc47d9 ($10.03 in chips)
Seat 4: 32f6a58e ($10 in chips)
Seat 5: 5abaaa89 ($8.03 in chips)
Seat 6: f871890c ($12.84 in chips)
f871890c: posts small blind $0.05
Hero: posts big blind $0.1
*** HOLE CARDS ***
Dealt to Hero [3s 6d]
Dealt to 7ecc47d9 
Dealt to 32f6a58e 
Dealt to 5abaaa89 
Dealt to f871890c 
7ecc47d9: raises $0.2 to $0.3
32f6a58e: folds
5abaaa89: calls $0.3
f871890c: folds
Hero: folds
*** FLOP *** [7c 4s 7h]
7ecc47d9: checks
5abaaa89: bets $0.38
7ecc47d9: calls $0.38
*** TURN *** [7c 4s 7h] [9h]
7ecc47d9: checks
5abaaa89: bets $0.5
7ecc47d9: calls $0.5
*** RIVER *** [7c 4s 7h 9h] [Qc]
7ecc47d9: checks
5abaaa89: bets $1.26
7ecc47d9: folds
Uncalled bet ($1.26) returned to 5abaaa89
*** SHOWDOWN ***
5abaaa89 collected $2.39 from pot
*** SUMMARY ***
Total pot $2.51 | Rake $0.12 | Jackpot $0 | Bingo $0 | Fortune $0 | Tax $0
Board [7c 4s 7h 9h Qc]
Seat 1: Hero (big blind) folded before Flop
Seat 3: 7ecc47d9 folded on the River
Seat 4: 32f6a58e folded before Flop (didn't bet)
Seat 5: 5abaaa89 (button) won ($2.39)
Seat 6: f871890c (small blind) folded before Flop


Poker Hand #HD1753990860: Hold'em No Limit ($0.05/$0.1) - 2024/05/01 12:26:25
Table 'NLHRed17' 6-max Seat #4 is the button
Seat 1: Hero ($10.98 in chips)
Seat 3: 7ecc47d9 ($9.88 in chips)
Seat 4: 32f6a58e ($10 in chips)
Seat 5: 5abaaa89 ($8.08 in chips)
Seat 6: f871890c ($12.94 in chips)
5abaaa89: posts small blind $0.05
f871890c: posts big blind $0.1
*** HOLE CARDS ***
Dealt to Hero [6s 9d]
Dealt to 7ecc47d9 
Dealt to 32f6a58e 
Dealt to 5abaaa89 
Dealt to f871890c 
Hero: folds
7ecc47d9: raises $0.2 to $0.3
32f6a58e: folds
5abaaa89: folds
f871890c: folds
Uncalled bet ($0.2) returned to 7ecc47d9
*** SHOWDOWN ***
7ecc47d9 collected $0.25 from pot
*** SUMMARY ***
Total pot $0.25 | Rake $0 | Jackpot $0 | Bingo $0 | Fortune $0 | Tax $0
Seat 1: Hero folded before Flop (didn't bet)
Seat 3: 7ecc47d9 collected ($0.25)
Seat 4: 32f6a58e (button) folded before Flop (didn't bet)
Seat 5: 5abaaa89 (small blind) folded before Flop
Seat 6: f871890c (big blind) folded before Flop


Poker Hand #HD1753990825: Hold'em No Limit ($0.05/$0.1) - 2024/05/01 12:26:00
Table 'NLHRed17' 6-max Seat #3 is the button
Seat 1: Hero ($10.98 in chips)
Seat 3: 7ecc47d9 ($9.88 in chips)
Seat 4: 32f6a58e ($10 in chips)
Seat 5: 5abaaa89 ($8.03 in chips)
Seat 6: f871890c ($12.94 in chips)
32f6a58e: posts small blind $0.05
5abaaa89: posts big blind $0.1
*** HOLE CARDS ***
Dealt to Hero [Td 4c]
Dealt to 7ecc47d9 
Dealt to 32f6a58e 
Dealt to 5abaaa89 
Dealt to f871890c 
f871890c: folds
Hero: folds
7ecc47d9: folds
32f6a58e: folds
Uncalled bet ($0.05) returned to 5abaaa89
*** SHOWDOWN ***
5abaaa89 collected $0.1 from pot
*** SUMMARY ***
Total pot $0.1 | Rake $0 | Jackpot $0 | Bingo $0 | Fortune $0 | Tax $0
Seat 1: Hero folded before Flop (didn't bet)
Seat 3: 7ecc47d9 (button) folded before Flop (didn't bet)
Seat 4: 32f6a58e (small blind) folded before Flop
Seat 5: 5abaaa89 (big blind) collected ($0.1)
Seat 6: f871890c folded before Flop (didn't bet)


Poker Hand #HD1753990695: Hold'em No Limit ($0.05/$0.1) - 2024/05/01 12:24:42
Table 'NLHRed17' 6-max Seat #1 is the button
Seat 1: Hero ($10 in chips)
Seat 2: 664f58ea ($2.95 in chips)
Seat 3: 7ecc47d9 ($8.89 in chips)
Seat 4: 32f6a58e ($10 in chips)
Seat 5: 5abaaa89 ($8.13 in chips)
Seat 6: f871890c ($12.94 in chips)
664f58ea: posts small blind $0.05
7ecc47d9: posts big blind $0.1
*** HOLE CARDS ***
Dealt to Hero [As Ks]
Dealt to 664f58ea 
Dealt to 7ecc47d9 
Dealt to 32f6a58e 
Dealt to 5abaaa89 
Dealt to f871890c 
32f6a58e: folds
5abaaa89: calls $0.1
f871890c: folds
Hero: raises $0.24 to $0.34
664f58ea: calls $0.29
7ecc47d9: raises $0.84 to $1.18
5abaaa89: folds
Hero: raises $8.82 to $10 and is all-in
664f58ea: calls $2.61 and is all-in
7ecc47d9: calls $7.71 and is all-in
Uncalled bet ($1.11) returned to Hero
Hero: shows [As Ks]
664f58ea: shows [7c 7s]
7ecc47d9: shows [Ac Kc]
*** FLOP *** [Js Qd 4d]
*** TURN *** [Js Qd 4d] [Kd]
*** RIVER *** [Js Qd 4d Kd] [6d]
*** SHOWDOWN ***
Hero collected $4.24 from pot
7ecc47d9 collected $4.25 from pot
Hero collected $5.63 from pot
7ecc47d9 collected $5.63 from pot
*** SUMMARY ***
Total pot $20.83 | Rake $0.98 | Jackpot $0.1 | Bingo $0 | Fortune $0 | Tax $0
Board [Js Qd 4d Kd 6d]
Seat 1: Hero (button) showed [As Ks] and won ($9.87) with Pair of Kings
Seat 2: 664f58ea (small blind) showed [7c 7s] and lost with Pair of Sevens
Seat 3: 7ecc47d9 (big blind) showed [Ac Kc] and won ($9.88) with Pair of Kings
Seat 4: 32f6a58e folded before Flop (didn't bet)
Seat 5: 5abaaa89 folded before Flop
Seat 6: f871890c folded before Flop (didn't bet)


Poker Hand #HD1753990641: Hold'em No Limit ($0.05/$0.1) - 2024/05/01 12:24:12
Table 'NLHRed17' 6-max Seat #6 is the button
Seat 1: Hero ($10 in chips)
Seat 2: 664f58ea ($3.05 in chips)
Seat 3: 7ecc47d9 ($8.89 in chips)
Seat 4: 32f6a58e ($10 in chips)
Seat 5: 5abaaa89 ($7.98 in chips)
Seat 6: f871890c ($12.94 in chips)
Hero: posts small blind $0.05
664f58ea: posts big blind $0.1
*** HOLE CARDS ***
Dealt to Hero [3h 3s]
Dealt to 664f58ea 
Dealt to 7ecc47d9 
Dealt to 32f6a58e 
Dealt to 5abaaa89 
Dealt to f871890c 
7ecc47d9: folds
32f6a58e: folds
5abaaa89: raises $0.1 to $0.2
f871890c: folds
Hero: folds
664f58ea: folds
Uncalled bet ($0.1) returned to 5abaaa89
*** SHOWDOWN ***
5abaaa89 collected $0.25 from pot
*** SUMMARY ***
Total pot $0.25 | Rake $0 | Jackpot $0 | Bingo $0 | Fortune $0 | Tax $0
Seat 1: Hero (small blind) folded before Flop
Seat 2: 664f58ea (big blind) folded before Flop
Seat 3: 7ecc47d9 folded before Flop (didn't bet)
Seat 4: 32f6a58e folded before Flop (didn't bet)
Seat 5: 5abaaa89 collected ($0.25)
Seat 6: f871890c (button) folded before Flop (didn't bet)


Poker Hand #HD1753990617: Hold'em No Limit ($0.05/$0.1) - 2024/05/01 12:23:56
Table 'NLHRed17' 6-max Seat #5 is the button
Seat 1: Hero ($10 in chips)
Seat 2: 664f58ea ($3.05 in chips)
Seat 3: 7ecc47d9 ($8.74 in chips)
Seat 4: 32f6a58e ($10 in chips)
Seat 5: 5abaaa89 ($7.98 in chips)
Seat 6: f871890c ($12.99 in chips)
f871890c: posts small blind $0.05
Hero: posts big blind $0.1
*** HOLE CARDS ***
Dealt to Hero [8s 3h]
Dealt to 664f58ea 
Dealt to 7ecc47d9 
Dealt to 32f6a58e 
Dealt to 5abaaa89 
Dealt to f871890c 
664f58ea: folds
7ecc47d9: raises $0.2 to $0.3
32f6a58e: folds
5abaaa89: folds
f871890c: folds
Hero: folds
Uncalled bet ($0.2) returned to 7ecc47d9
*** SHOWDOWN ***
7ecc47d9 collected $0.25 from pot
*** SUMMARY ***
Total pot $0.25 | Rake $0 | Jackpot $0 | Bingo $0 | Fortune $0 | Tax $0
Seat 1: Hero (big blind) folded before Flop
Seat 2: 664f58ea folded before Flop (didn't bet)
Seat 3: 7ecc47d9 collected ($0.25)
Seat 4: 32f6a58e folded before Flop (didn't bet)
Seat 5: 5abaaa89 (button) folded before Flop (didn't bet)
Seat 6: f871890c (small blind) folded before Flop


Poker Hand #HD1753990515: Hold'em No Limit ($0.05/$0.1) - 2024/05/01 12:22:54
Table 'NLHRed17' 6-max Seat #4 is the button
Seat 1: Hero ($10.87 in chips)
Seat 2: 664f58ea ($1.58 in chips)
Seat 3: 7ecc47d9 ($8.74 in chips)
Seat 4: 32f6a58e ($10 in chips)
Seat 5: 5abaaa89 ($8.03 in chips)
Seat 6: f871890c ($13.09 in chips)
5abaaa89: posts small blind $0.05
f871890c: posts big blind $0.1
*** HOLE CARDS ***
Dealt to Hero [9s 9c]
Dealt to 664f58ea 
Dealt to 7ecc47d9 
Dealt to 32f6a58e 
Dealt to 5abaaa89 
Dealt to f871890c 
Hero: raises $0.1 to $0.2
664f58ea: raises $1.38 to $1.58 and is all-in
7ecc47d9: folds
32f6a58e: folds
5abaaa89: folds
f871890c: folds
Hero: calls $1.38
664f58ea: shows [Ts Kh]
Hero: shows [9s 9c]
*** FLOP *** [8h 4h 3s]
*** TURN *** [8h 4h 3s] [6h]
*** RIVER *** [8h 4h 3s 6h] [9h]
*** SHOWDOWN ***
664f58ea collected $3.05 from pot
*** SUMMARY ***
Total pot $3.31 | Rake $0.16 | Jackpot $0.1 | Bingo $0 | Fortune $0 | Tax $0
Board [8h 4h 3s 6h 9h]
Seat 1: Hero showed [9s 9c] and lost with Three Nines
Seat 2: 664f58ea showed [Ts Kh] and won ($3.05) with King High Flush
Seat 3: 7ecc47d9 folded before Flop (didn't bet)
Seat 4: 32f6a58e (button) folded before Flop (didn't bet)
Seat 5: 5abaaa89 (small blind) folded before Flop
Seat 6: f871890c (big blind) folded before Flop


Poker Hand #HD1753990422: Hold'em No Limit ($0.05/$0.1) - 2024/05/01 12:22:01
Table 'NLHRed17' 6-max Seat #3 is the button
Seat 1: Hero ($10 in chips)
Seat 2: 664f58ea ($1.58 in chips)
Seat 3: 7ecc47d9 ($8.74 in chips)
Seat 4: 32f6a58e ($10.05 in chips)
Seat 5: 5abaaa89 ($8.13 in chips)
Seat 6: f871890c ($13.89 in chips)
32f6a58e: posts small blind $0.05
5abaaa89: posts big blind $0.1
*** HOLE CARDS ***
Dealt to Hero [Qc Ad]
Dealt to 664f58ea 
Dealt to 7ecc47d9 
Dealt to 32f6a58e 
Dealt to 5abaaa89 
Dealt to f871890c 
f871890c: raises $0.15 to $0.25
Hero: raises $0.55 to $0.8
664f58ea: folds
7ecc47d9: folds
32f6a58e: folds
5abaaa89: folds
f871890c: calls $0.55
*** FLOP *** [7d Kc 2c]
f871890c: checks
Hero: bets $0.68
f871890c: folds
Uncalled bet ($0.68) returned to Hero
*** SHOWDOWN ***
Hero collected $1.67 from pot
*** SUMMARY ***
Total pot $1.75 | Rake $0.08 | Jackpot $0 | Bingo $0 | Fortune $0 | Tax $0
Board [7d Kc 2c]
Seat 1: Hero won ($1.67)
Seat 2: 664f58ea folded before Flop (didn't bet)
Seat 3: 7ecc47d9 (button) folded before Flop (didn't bet)
Seat 4: 32f6a58e (small blind) folded before Flop
Seat 5: 5abaaa89 (big blind) folded before Flop
Seat 6: f871890c folded on the Flop


Poker Hand #HD1753990297: Hold'em No Limit ($0.05/$0.1) - 2024/05/01 12:20:47
Table 'NLHRed17' 6-max Seat #2 is the button
Seat 1: Hero ($10 in chips)
Seat 2: 664f58ea ($1.58 in chips)
Seat 3: 7ecc47d9 ($8.79 in chips)
Seat 4: 32f6a58e ($10.15 in chips)
Seat 5: 5abaaa89 ($10.46 in chips)
Seat 6: f871890c ($10.89 in chips)
7ecc47d9: posts small blind $0.05
32f6a58e: posts big blind $0.1
*** HOLE CARDS ***
Dealt to Hero [Ah Jd]
Dealt to 664f58ea 
Dealt to 7ecc47d9 
Dealt to 32f6a58e 
Dealt to 5abaaa89 
Dealt to f871890c 
5abaaa89: raises $0.1 to $0.2
f871890c: calls $0.2
Hero: raises $0.7 to $0.9
664f58ea: folds
7ecc47d9: folds
32f6a58e: folds
5abaaa89: calls $0.7
f871890c: calls $0.7
*** FLOP *** [9d 7h 8d]
5abaaa89: bets $1.43
f871890c: calls $1.43
Hero: folds
*** TURN *** [9d 7h 8d] [2h]
5abaaa89: checks
f871890c: bets $4.29
5abaaa89: folds
Uncalled bet ($4.29) returned to f871890c
*** SHOWDOWN ***
f871890c collected $5.33 from pot
*** SUMMARY ***
Total pot $5.71 | Rake $0.28 | Jackpot $0.1 | Bingo $0 | Fortune $0 | Tax $0
Board [9d 7h 8d 2h]
Seat 1: Hero folded on the Flop
Seat 2: 664f58ea (button) folded before Flop (didn't bet)
Seat 3: 7ecc47d9 (small blind) folded before Flop
Seat 4: 32f6a58e (big blind) folded before Flop
Seat 5: 5abaaa89 folded on the Turn
Seat 6: f871890c won ($5.33)


Poker Hand #HD1753990271: Hold'em No Limit ($0.05/$0.1) - 2024/05/01 12:20:31
Table 'NLHRed17' 6-max Seat #1 is the button
Seat 1: Hero ($10 in chips)
Seat 2: 664f58ea ($1.63 in chips)
Seat 3: 7ecc47d9 ($8.74 in chips)
Seat 4: 32f6a58e ($10.15 in chips)
Seat 5: 5abaaa89 ($10.46 in chips)
Seat 6: f871890c ($10.89 in chips)
664f58ea: posts small blind $0.05
7ecc47d9: posts big blind $0.1
*** HOLE CARDS ***
Dealt to Hero [5s Ac]
Dealt to 664f58ea 
Dealt to 7ecc47d9 
Dealt to 32f6a58e 
Dealt to 5abaaa89 
Dealt to f871890c 
32f6a58e: folds
5abaaa89: folds
f871890c: folds
Hero: folds
664f58ea: folds
Uncalled bet ($0.05) returned to 7ecc47d9
*** SHOWDOWN ***
7ecc47d9 collected $0.1 from pot
*** SUMMARY ***
Total pot $0.1 | Rake $0 | Jackpot $0 | Bingo $0 | Fortune $0 | Tax $0
Seat 1: Hero (button) folded before Flop (didn't bet)
Seat 2: 664f58ea (small blind) folded before Flop
Seat 3: 7ecc47d9 (big blind) collected ($0.1)
Seat 4: 32f6a58e folded before Flop (didn't bet)
Seat 5: 5abaaa89 folded before Flop (didn't bet)
Seat 6: f871890c folded before Flop (didn't bet)


Poker Hand #HD1753990247: Hold'em No Limit ($0.05/$0.1) - 2024/05/01 12:20:15
Table 'NLHRed17' 6-max Seat #6 is the button
Seat 1: Hero ($10 in chips)
Seat 2: 664f58ea ($1.73 in chips)
Seat 3: 7ecc47d9 ($8.74 in chips)
Seat 4: 32f6a58e ($10 in chips)
Seat 5: 5abaaa89 ($10.46 in chips)
Seat 6: f871890c ($10.89 in chips)
Hero: posts small blind $0.05
664f58ea: posts big blind $0.1
*** HOLE CARDS ***
Dealt to Hero [8d 3d]
Dealt to 664f58ea 
Dealt to 7ecc47d9 
Dealt to 32f6a58e 
Dealt to 5abaaa89 
Dealt to f871890c 
7ecc47d9: folds
32f6a58e: raises $0.15 to $0.25
5abaaa89: folds
f871890c: folds
Hero: folds
664f58ea: folds
Uncalled bet ($0.15) returned to 32f6a58e
*** SHOWDOWN ***
32f6a58e collected $0.25 from pot
*** SUMMARY ***
Total pot $0.25 | Rake $0 | Jackpot $0 | Bingo $0 | Fortune $0 | Tax $0
Seat 1: Hero (small blind) folded before Flop
Seat 2: 664f58ea (big blind) folded before Flop
Seat 3: 7ecc47d9 folded before Flop (didn't bet)
Seat 4: 32f6a58e collected ($0.25)
Seat 5: 5abaaa89 folded before Flop (didn't bet)
Seat 6: f871890c (button) folded before Flop (didn't bet)


Poker Hand #HD1753990180: Hold'em No Limit ($0.05/$0.1) - 2024/05/01 12:19:35
Table 'NLHRed17' 6-max Seat #5 is the button
Seat 1: Hero ($10.03 in chips)
Seat 2: 664f58ea ($1.73 in chips)
Seat 3: 7ecc47d9 ($8.74 in chips)
Seat 4: 32f6a58e ($10 in chips)
Seat 5: 5abaaa89 ($9.95 in chips)
Seat 6: f871890c ($10.94 in chips)
f871890c: posts small blind $0.05
Hero: posts big blind $0.1
*** HOLE CARDS ***
Dealt to Hero [Kd Js]
Dealt to 664f58ea 
Dealt to 7ecc47d9 
Dealt to 32f6a58e 
Dealt to 5abaaa89 
Dealt to f871890c 
664f58ea: folds
7ecc47d9: folds
32f6a58e: raises $0.15 to $0.25
5abaaa89: calls $0.25
f871890c: folds
Hero: calls $0.15
*** FLOP *** [Qs 3d 6s]
Hero: checks
32f6a58e: checks
5abaaa89: bets $0.27
Hero: folds
32f6a58e: folds
Uncalled bet ($0.27) returned to 5abaaa89
*** SHOWDOWN ***
5abaaa89 collected $0.76 from pot
*** SUMMARY ***
Total pot $0.8 | Rake $0.04 | Jackpot $0 | Bingo $0 | Fortune $0 | Tax $0
Board [Qs 3d 6s]
Seat 1: Hero (big blind) folded on the Flop
Seat 2: 664f58ea folded before Flop (didn't bet)
Seat 3: 7ecc47d9 folded before Flop (didn't bet)
Seat 4: 32f6a58e folded on the Flop
Seat 5: 5abaaa89 (button) won ($0.76)
Seat 6: f871890c (small blind) folded before Flop


Poker Hand #HD1753990129: Hold'em No Limit ($0.05/$0.1) - 2024/05/01 12:19:01
Table 'NLHRed17' 6-max Seat #4 is the button
Seat 1: Hero ($10.03 in chips)
Seat 2: 664f58ea ($1.73 in chips)
Seat 3: 7ecc47d9 ($8.74 in chips)
Seat 4: 32f6a58e ($10 in chips)
Seat 5: 5abaaa89 ($10.05 in chips)
Seat 6: f871890c ($10.85 in chips)
5abaaa89: posts small blind $0.05
f871890c: posts big blind $0.1
*** HOLE CARDS ***
Dealt to Hero [4s Kh]
Dealt to 664f58ea 
Dealt to 7ecc47d9 
Dealt to 32f6a58e 
Dealt to 5abaaa89 
Dealt to f871890c 
Hero: folds
664f58ea: folds
7ecc47d9: folds
32f6a58e: folds
5abaaa89: calls $0.05
f871890c: checks
*** FLOP *** [Ks 6c 3s]
5abaaa89: checks
f871890c: bets $0.1
5abaaa89: folds
Uncalled bet ($0.1) returned to f871890c
*** SHOWDOWN ***
f871890c collected $0.19 from pot
*** SUMMARY ***
Total pot $0.2 | Rake $0.01 | Jackpot $0 | Bingo $0 | Fortune $0 | Tax $0
Board [Ks 6c 3s]
Seat 1: Hero folded before Flop (didn't bet)
Seat 2: 664f58ea folded before Flop (didn't bet)
Seat 3: 7ecc47d9 folded before Flop (didn't bet)
Seat 4: 32f6a58e (button) folded before Flop (didn't bet)
Seat 5: 5abaaa89 (small blind) folded on the Flop
Seat 6: f871890c (big blind) won ($0.19)


Poker Hand #HD1753990101: Hold'em No Limit ($0.05/$0.1) - 2024/05/01 12:18:47
Table 'NLHRed17' 6-max Seat #3 is the button
Seat 1: Hero ($10.03 in chips)
Seat 2: 664f58ea ($1.73 in chips)
Seat 3: 7ecc47d9 ($8.74 in chips)
Seat 4: 32f6a58e ($10 in chips)
Seat 5: 5abaaa89 ($10 in chips)
Seat 6: f871890c ($10.85 in chips)
32f6a58e: posts small blind $0.05
5abaaa89: posts big blind $0.1
*** HOLE CARDS ***
Dealt to Hero [As 7d]
Dealt to 664f58ea 
Dealt to 7ecc47d9 
Dealt to 32f6a58e 
Dealt to 5abaaa89 
Dealt to f871890c 
f871890c: folds
Hero: folds
664f58ea: folds
7ecc47d9: folds
32f6a58e: folds
Uncalled bet ($0.05) returned to 5abaaa89
*** SHOWDOWN ***
5abaaa89 collected $0.1 from pot
*** SUMMARY ***
Total pot $0.1 | Rake $0 | Jackpot $0 | Bingo $0 | Fortune $0 | Tax $0
Seat 1: Hero folded before Flop (didn't bet)
Seat 2: 664f58ea folded before Flop (didn't bet)
Seat 3: 7ecc47d9 (button) folded before Flop (didn't bet)
Seat 4: 32f6a58e (small blind) folded before Flop
Seat 5: 5abaaa89 (big blind) collected ($0.1)
Seat 6: f871890c folded before Flop (didn't bet)


Poker Hand #HD1753990065: Hold'em No Limit ($0.05/$0.1) - 2024/05/01 12:18:23
Table 'NLHRed17' 6-max Seat #2 is the button
Seat 1: Hero ($10.03 in chips)
Seat 2: 664f58ea ($1.73 in chips)
Seat 3: 7ecc47d9 ($8.79 in chips)
Seat 4: 32f6a58e ($10.13 in chips)
Seat 6: f871890c ($10.57 in chips)
7ecc47d9: posts small blind $0.05
32f6a58e: posts big blind $0.1
*** HOLE CARDS ***
Dealt to Hero [9s Jd]
Dealt to 664f58ea 
Dealt to 7ecc47d9 
Dealt to 32f6a58e 
Dealt to f871890c 
f871890c: raises $0.15 to $0.25
Hero: folds
664f58ea: folds
7ecc47d9: folds
32f6a58e: calls $0.15
*** FLOP *** [4d Kd 9c]
32f6a58e: checks
f871890c: bets $0.19
32f6a58e: folds
Uncalled bet ($0.19) returned to f871890c
*** SHOWDOWN ***
f871890c collected $0.53 from pot
*** SUMMARY ***
Total pot $0.55 | Rake $0.02 | Jackpot $0 | Bingo $0 | Fortune $0 | Tax $0
Board [4d Kd 9c]
Seat 1: Hero folded before Flop (didn't bet)
Seat 2: 664f58ea (button) folded before Flop (didn't bet)
Seat 3: 7ecc47d9 (small blind) folded before Flop
Seat 4: 32f6a58e (big blind) folded on the Flop
Seat 6: f871890c won ($0.53)


Poker Hand #HD1753990049: Hold'em No Limit ($0.05/$0.1) - 2024/05/01 12:18:11
Table 'NLHRed17' 6-max Seat #1 is the button
Seat 1: Hero ($10.03 in chips)
Seat 2: 664f58ea ($1.78 in chips)
Seat 3: 7ecc47d9 ($8.74 in chips)
Seat 4: 32f6a58e ($10.13 in chips)
Seat 6: f871890c ($10.57 in chips)
664f58ea: posts small blind $0.05
7ecc47d9: posts big blind $0.1
*** HOLE CARDS ***
Dealt to Hero [Qh 6d]
Dealt to 664f58ea 
Dealt to 7ecc47d9 
Dealt to 32f6a58e 
Dealt to f871890c 
32f6a58e: folds
f871890c: folds
Hero: folds
664f58ea: folds
Uncalled bet ($0.05) returned to 7ecc47d9
*** SHOWDOWN ***
7ecc47d9 collected $0.1 from pot
*** SUMMARY ***
Total pot $0.1 | Rake $0 | Jackpot $0 | Bingo $0 | Fortune $0 | Tax $0
Seat 1: Hero (button) folded before Flop (didn't bet)
Seat 2: 664f58ea (small blind) folded before Flop
Seat 3: 7ecc47d9 (big blind) collected ($0.1)
Seat 4: 32f6a58e folded before Flop (didn't bet)
Seat 6: f871890c folded before Flop (didn't bet)


Poker Hand #HD1753990015: Hold'em No Limit ($0.05/$0.1) - 2024/05/01 12:17:50
Table 'NLHRed17' 6-max Seat #6 is the button
Seat 1: Hero ($10.08 in chips)
Seat 2: 664f58ea ($1.88 in chips)
Seat 3: 7ecc47d9 ($8.59 in chips)
Seat 4: 32f6a58e ($10.13 in chips)
Seat 6: f871890c ($10.57 in chips)
Hero: posts small blind $0.05
664f58ea: posts big blind $0.1
*** HOLE CARDS ***
Dealt to Hero [Tc 7c]
Dealt to 664f58ea 
Dealt to 7ecc47d9 
Dealt to 32f6a58e 
Dealt to f871890c 
7ecc47d9: raises $0.2 to $0.3
32f6a58e: folds
f871890c: folds
Hero: folds
664f58ea: folds
Uncalled bet ($0.2) returned to 7ecc47d9
*** SHOWDOWN ***
7ecc47d9 collected $0.25 from pot
*** SUMMARY ***
Total pot $0.25 | Rake $0 | Jackpot $0 | Bingo $0 | Fortune $0 | Tax $0
Seat 1: Hero (small blind) folded before Flop
Seat 2: 664f58ea (big blind) folded before Flop
Seat 3: 7ecc47d9 collected ($0.25)
Seat 4: 32f6a58e folded before Flop (didn't bet)
Seat 6: f871890c (button) folded before Flop (didn't bet)


Poker Hand #HD1753989953: Hold'em No Limit ($0.05/$0.1) - 2024/05/01 12:17:13
Table 'NLHRed17' 6-max Seat #4 is the button
Seat 1: Hero ($10.08 in chips)
Seat 2: 664f58ea ($1.88 in chips)
Seat 3: 7ecc47d9 ($8.59 in chips)
Seat 4: 32f6a58e ($10.13 in chips)
Seat 5: ef5a6e7 ($18.46 in chips)
Seat 6: f871890c ($10.56 in chips)
ef5a6e7: posts small blind $0.05
f871890c: posts big blind $0.1
*** HOLE CARDS ***
Dealt to Hero [4h 8h]
Dealt to 664f58ea 
Dealt to 7ecc47d9 
Dealt to 32f6a58e 
Dealt to ef5a6e7 
Dealt to f871890c 
Hero: folds
664f58ea: raises $0.2 to $0.3
7ecc47d9: folds
32f6a58e: folds
ef5a6e7: folds
f871890c: calls $0.2
*** FLOP *** [6s Ah Qs]
f871890c: checks
664f58ea: bets $0.26
f871890c: calls $0.26
*** TURN *** [6s Ah Qs] [Js]
f871890c: checks
664f58ea: checks
*** RIVER *** [6s Ah Qs Js] [2d]
f871890c: checks
664f58ea: checks
664f58ea: shows [Qd Kd] (Pair of Queens)
f871890c: shows [Qh Ks] (Pair of Queens)
*** SHOWDOWN ***
f871890c collected $0.57 from pot
664f58ea collected $0.56 from pot
*** SUMMARY ***
Total pot $1.17 | Rake $0.04 | Jackpot $0 | Bingo $0 | Fortune $0 | Tax $0
Board [6s Ah Qs Js 2d]
Seat 1: Hero folded before Flop (didn't bet)
Seat 2: 664f58ea showed [Qd Kd] and won ($0.56) with Pair of Queens
Seat 3: 7ecc47d9 folded before Flop (didn't bet)
Seat 4: 32f6a58e (button) folded before Flop (didn't bet)
Seat 5: ef5a6e7 (small blind) folded before Flop
Seat 6: f871890c (big blind) showed [Qh Ks] and won ($0.57) with Pair of Queens


Poker Hand #HD1753989933: Hold'em No Limit ($0.05/$0.1) - 2024/05/01 12:16:57
Table 'NLHRed17' 6-max Seat #3 is the button
Seat 1: Hero ($10.08 in chips)
Seat 2: 664f58ea ($1.88 in chips)
Seat 3: 7ecc47d9 ($8.44 in chips)
Seat 4: 32f6a58e ($10.18 in chips)
Seat 5: ef5a6e7 ($18.56 in chips)
Seat 6: f871890c ($10.56 in chips)
32f6a58e: posts small blind $0.05
ef5a6e7: posts big blind $0.1
*** HOLE CARDS ***
Dealt to Hero [6d Kh]
Dealt to 664f58ea 
Dealt to 7ecc47d9 
Dealt to 32f6a58e 
Dealt to ef5a6e7 
Dealt to f871890c 
f871890c: folds
Hero: folds
664f58ea: folds
7ecc47d9: raises $0.2 to $0.3
32f6a58e: folds
ef5a6e7: folds
Uncalled bet ($0.2) returned to 7ecc47d9
*** SHOWDOWN ***
7ecc47d9 collected $0.25 from pot
*** SUMMARY ***
Total pot $0.25 | Rake $0 | Jackpot $0 | Bingo $0 | Fortune $0 | Tax $0
Seat 1: Hero folded before Flop (didn't bet)
Seat 2: 664f58ea folded before Flop (didn't bet)
Seat 3: 7ecc47d9 (button) collected ($0.25)
Seat 4: 32f6a58e (small blind) folded before Flop
Seat 5: ef5a6e7 (big blind) folded before Flop
Seat 6: f871890c folded before Flop (didn't bet)


Poker Hand #HD1753989887: Hold'em No Limit ($0.05/$0.1) - 2024/05/01 12:16:26
Table 'NLHRed17' 6-max Seat #2 is the button
Seat 1: Hero ($10.32 in chips)
Seat 2: 664f58ea ($1.52 in chips)
Seat 3: 7ecc47d9 ($8.49 in chips)
Seat 4: 32f6a58e ($10.28 in chips)
Seat 5: ef5a6e7 ($18.56 in chips)
Seat 6: f871890c ($10.56 in chips)
7ecc47d9: posts small blind $0.05
32f6a58e: posts big blind $0.1
*** HOLE CARDS ***
Dealt to Hero [Kd Ts]
Dealt to 664f58ea 
Dealt to 7ecc47d9 
Dealt to 32f6a58e 
Dealt to ef5a6e7 
Dealt to f871890c 
ef5a6e7: folds
f871890c: folds
Hero: raises $0.14 to $0.24
664f58ea: raises $1.28 to $1.52 and is all-in
7ecc47d9: folds
32f6a58e: folds
Hero: folds
Uncalled bet ($1.28) returned to 664f58ea
*** SHOWDOWN ***
664f58ea collected $0.6 from pot
*** SUMMARY ***
Total pot $0.63 | Rake $0.03 | Jackpot $0 | Bingo $0 | Fortune $0 | Tax $0
Seat 1: Hero folded before Flop
Seat 2: 664f58ea (button) collected ($0.6)
Seat 3: 7ecc47d9 (small blind) folded before Flop
Seat 4: 32f6a58e (big blind) folded before Flop
Seat 5: ef5a6e7 folded before Flop (didn't bet)
Seat 6: f871890c folded before Flop (didn't bet)


Poker Hand #HD1753989862: Hold'em No Limit ($0.05/$0.1) - 2024/05/01 12:16:13
Table 'NLHRed17' 6-max Seat #1 is the button
Seat 1: Hero ($10.32 in chips)
Seat 2: 664f58ea ($1.57 in chips)
Seat 3: 7ecc47d9 ($8.44 in chips)
Seat 4: 32f6a58e ($10.28 in chips)
Seat 5: ef5a6e7 ($18.56 in chips)
Seat 6: f871890c ($10.56 in chips)
664f58ea: posts small blind $0.05
7ecc47d9: posts big blind $0.1
*** HOLE CARDS ***
Dealt to Hero [6c Td]
Dealt to 664f58ea 
Dealt to 7ecc47d9 
Dealt to 32f6a58e 
Dealt to ef5a6e7 
Dealt to f871890c 
32f6a58e: folds
ef5a6e7: folds
f871890c: folds
Hero: folds
664f58ea: folds
Uncalled bet ($0.05) returned to 7ecc47d9
*** SHOWDOWN ***
7ecc47d9 collected $0.1 from pot
*** SUMMARY ***
Total pot $0.1 | Rake $0 | Jackpot $0 | Bingo $0 | Fortune $0 | Tax $0
Seat 1: Hero (button) folded before Flop (didn't bet)
Seat 2: 664f58ea (small blind) folded before Flop
Seat 3: 7ecc47d9 (big blind) collected ($0.1)
Seat 4: 32f6a58e folded before Flop (didn't bet)
Seat 5: ef5a6e7 folded before Flop (didn't bet)
Seat 6: f871890c folded before Flop (didn't bet)


Poker Hand #HD1753989778: Hold'em No Limit ($0.05/$0.1) - 2024/05/01 12:15:21
Table 'NLHRed17' 6-max Seat #6 is the button
Seat 1: Hero ($10.37 in chips)
Seat 2: 664f58ea ($2.13 in chips)
Seat 3: 7ecc47d9 ($8.44 in chips)
Seat 4: 32f6a58e ($10.28 in chips)
Seat 5: ef5a6e7 ($18.56 in chips)
Seat 6: f871890c ($10 in chips)
Hero: posts small blind $0.05
664f58ea: posts big blind $0.1
*** HOLE CARDS ***
Dealt to Hero [3s 9s]
Dealt to 664f58ea 
Dealt to 7ecc47d9 
Dealt to 32f6a58e 
Dealt to ef5a6e7 
Dealt to f871890c 
7ecc47d9: folds
32f6a58e: folds
ef5a6e7: folds
f871890c: raises $0.15 to $0.25
Hero: folds
664f58ea: calls $0.15
*** FLOP *** [4h Qc 3h]
664f58ea: checks
f871890c: checks
*** TURN *** [4h Qc 3h] [Jd]
664f58ea: bets $0.31
f871890c: calls $0.31
*** RIVER *** [4h Qc 3h Jd] [Kh]
664f58ea: checks
f871890c: checks
664f58ea: shows [9h 7d] (King-High)
f871890c: shows [3c Ad] (Pair of Treys)
*** SHOWDOWN ***
f871890c collected $1.12 from pot
*** SUMMARY ***
Total pot $1.17 | Rake $0.05 | Jackpot $0 | Bingo $0 | Fortune $0 | Tax $0
Board [4h Qc 3h Jd Kh]
Seat 1: Hero (small blind) folded before Flop
Seat 2: 664f58ea (big blind) showed [9h 7d] and lost with King-High
Seat 3: 7ecc47d9 folded before Flop (didn't bet)
Seat 4: 32f6a58e folded before Flop (didn't bet)
Seat 5: ef5a6e7 folded before Flop (didn't bet)
Seat 6: f871890c (button) showed [3c Ad] and won ($1.12) with Pair of Treys


Poker Hand #HD1753989715: Hold'em No Limit ($0.05/$0.1) - 2024/05/01 12:14:39
Table 'NLHRed17' 6-max Seat #5 is the button
Seat 1: Hero ($10.62 in chips)
Seat 2: 664f58ea ($2.13 in chips)
Seat 3: 7ecc47d9 ($8.44 in chips)
Seat 4: 32f6a58e ($10 in chips)
Seat 5: ef5a6e7 ($18.56 in chips)
Seat 6: f871890c ($10 in chips)
f871890c: posts small blind $0.05
Hero: posts big blind $0.1
*** HOLE CARDS ***
Dealt to Hero [Th Kc]
Dealt to 664f58ea 
Dealt to 7ecc47d9 
Dealt to 32f6a58e 
Dealt to ef5a6e7 
Dealt to f871890c 
664f58ea: folds
7ecc47d9: folds
32f6a58e: raises $0.15 to $0.25
ef5a6e7: folds
f871890c: folds
Hero: calls $0.15
*** FLOP *** [6d 9d 2s]
Hero: checks
32f6a58e: bets $0.28
Hero: folds
Uncalled bet ($0.28) returned to 32f6a58e
*** SHOWDOWN ***
32f6a58e collected $0.53 from pot
*** SUMMARY ***
Total pot $0.55 | Rake $0.02 | Jackpot $0 | Bingo $0 | Fortune $0 | Tax $0
Board [6d 9d 2s]
Seat 1: Hero (big blind) folded on the Flop
Seat 2: 664f58ea folded before Flop (didn't bet)
Seat 3: 7ecc47d9 folded before Flop (didn't bet)
Seat 4: 32f6a58e won ($0.53)
Seat 5: ef5a6e7 (button) folded before Flop (didn't bet)
Seat 6: f871890c (small blind) folded before Flop


Poker Hand #HD1753989677: Hold'em No Limit ($0.05/$0.1) - 2024/05/01 12:14:16
Table 'NLHRed17' 6-max Seat #4 is the button
Seat 1: Hero ($10.62 in chips)
Seat 2: 664f58ea ($1.98 in chips)
Seat 3: 7ecc47d9 ($8.44 in chips)
Seat 4: 32f6a58e ($10 in chips)
Seat 5: ef5a6e7 ($18.61 in chips)
Seat 6: f871890c ($10 in chips)
ef5a6e7: posts small blind $0.05
f871890c: posts big blind $0.1
*** HOLE CARDS ***
Dealt to Hero [Qd 7h]
Dealt to 664f58ea 
Dealt to 7ecc47d9 
Dealt to 32f6a58e 
Dealt to ef5a6e7 
Dealt to f871890c 
Hero: folds
664f58ea: raises $0.2 to $0.3
7ecc47d9: folds
32f6a58e: folds
ef5a6e7: folds
f871890c: folds
Uncalled bet ($0.2) returned to 664f58ea
*** SHOWDOWN ***
664f58ea collected $0.25 from pot
*** SUMMARY ***
Total pot $0.25 | Rake $0 | Jackpot $0 | Bingo $0 | Fortune $0 | Tax $0
Seat 1: Hero folded before Flop (didn't bet)
Seat 2: 664f58ea collected ($0.25)
Seat 3: 7ecc47d9 folded before Flop (didn't bet)
Seat 4: 32f6a58e (button) folded before Flop (didn't bet)
Seat 5: ef5a6e7 (small blind) folded before Flop
Seat 6: f871890c (big blind) folded before Flop


Poker Hand #HD1753989637: Hold'em No Limit ($0.05/$0.1) - 2024/05/01 12:13:51
Table 'NLHRed17' 6-max Seat #3 is the button
Seat 1: Hero ($10.82 in chips)
Seat 2: 664f58ea ($1.98 in chips)
Seat 3: 7ecc47d9 ($8.11 in chips)
Seat 4: 32f6a58e ($10.05 in chips)
Seat 5: ef5a6e7 ($18.71 in chips)
Seat 6: f871890c ($10 in chips)
32f6a58e: posts small blind $0.05
ef5a6e7: posts big blind $0.1
*** HOLE CARDS ***
Dealt to Hero [As 7s]
Dealt to 664f58ea 
Dealt to 7ecc47d9 
Dealt to 32f6a58e 
Dealt to ef5a6e7 
Dealt to f871890c 
f871890c: folds
Hero: raises $0.1 to $0.2
664f58ea: folds
7ecc47d9: raises $0.42 to $0.62
32f6a58e: folds
ef5a6e7: folds
Hero: folds
Uncalled bet ($0.42) returned to 7ecc47d9
*** SHOWDOWN ***
7ecc47d9 collected $0.53 from pot
*** SUMMARY ***
Total pot $0.55 | Rake $0.02 | Jackpot $0 | Bingo $0 | Fortune $0 | Tax $0
Seat 1: Hero folded before Flop
Seat 2: 664f58ea folded before Flop (didn't bet)
Seat 3: 7ecc47d9 (button) collected ($0.53)
Seat 4: 32f6a58e (small blind) folded before Flop
Seat 5: ef5a6e7 (big blind) folded before Flop
Seat 6: f871890c folded before Flop (didn't bet)


Poker Hand #HD1753989579: Hold'em No Limit ($0.05/$0.1) - 2024/05/01 12:13:17
Table 'NLHRed17' 6-max Seat #2 is the button
Seat 1: Hero ($10.5 in chips)
Seat 2: 664f58ea ($1.98 in chips)
Seat 3: 7ecc47d9 ($8.35 in chips)
Seat 4: 32f6a58e ($10.15 in chips)
Seat 5: ef5a6e7 ($18.71 in chips)
Seat 6: f871890c ($10 in chips)
7ecc47d9: posts small blind $0.05
32f6a58e: posts big blind $0.1
*** HOLE CARDS ***
Dealt to Hero [Ad Kh]
Dealt to 664f58ea 
Dealt to 7ecc47d9 
Dealt to 32f6a58e 
Dealt to ef5a6e7 
Dealt to f871890c 
ef5a6e7: folds
f871890c: folds
Hero: raises $0.14 to $0.24
664f58ea: folds
7ecc47d9: calls $0.19
32f6a58e: folds
*** FLOP *** [7d 9d 4d]
7ecc47d9: checks
Hero: bets $0.3
7ecc47d9: folds
Uncalled bet ($0.3) returned to Hero
*** SHOWDOWN ***
Hero collected $0.56 from pot
*** SUMMARY ***
Total pot $0.58 | Rake $0.02 | Jackpot $0 | Bingo $0 | Fortune $0 | Tax $0
Board [7d 9d 4d]
Seat 1: Hero won ($0.56)
Seat 2: 664f58ea (button) folded before Flop (didn't bet)
Seat 3: 7ecc47d9 (small blind) folded on the Flop
Seat 4: 32f6a58e (big blind) folded before Flop
Seat 5: ef5a6e7 folded before Flop (didn't bet)
Seat 6: f871890c folded before Flop (didn't bet)


Poker Hand #HD1753989501: Hold'em No Limit ($0.05/$0.1) - 2024/05/01 12:12:35
Table 'NLHRed17' 6-max Seat #1 is the button
Seat 1: Hero ($10.23 in chips)
Seat 2: 664f58ea ($2.03 in chips)
Seat 3: 7ecc47d9 ($8.59 in chips)
Seat 4: 32f6a58e ($10.15 in chips)
Seat 5: ef5a6e7 ($18.71 in chips)
Seat 6: f871890c ($10 in chips)
664f58ea: posts small blind $0.05
7ecc47d9: posts big blind $0.1
*** HOLE CARDS ***
Dealt to Hero [Ks Qs]
Dealt to 664f58ea 
Dealt to 7ecc47d9 
Dealt to 32f6a58e 
Dealt to ef5a6e7 
Dealt to f871890c 
32f6a58e: folds
ef5a6e7: folds
f871890c: folds
Hero: raises $0.14 to $0.24
664f58ea: folds
7ecc47d9: calls $0.14
*** FLOP *** [4s Qh 2c]
7ecc47d9: checks
Hero: bets $0.3
7ecc47d9: folds
Uncalled bet ($0.3) returned to Hero
*** SHOWDOWN ***
Hero collected $0.51 from pot
*** SUMMARY ***
Total pot $0.53 | Rake $0.02 | Jackpot $0 | Bingo $0 | Fortune $0 | Tax $0
Board [4s Qh 2c]
Seat 1: Hero (button) won ($0.51)
Seat 2: 664f58ea (small blind) folded before Flop
Seat 3: 7ecc47d9 (big blind) folded on the Flop
Seat 4: 32f6a58e folded before Flop (didn't bet)
Seat 5: ef5a6e7 folded before Flop (didn't bet)
Seat 6: f871890c folded before Flop (didn't bet)


Poker Hand #HD1753989481: Hold'em No Limit ($0.05/$0.1) - 2024/05/01 12:12:24
Table 'NLHRed17' 6-max Seat #6 is the button
Seat 1: Hero ($10.28 in chips)
Seat 2: 664f58ea ($2.13 in chips)
Seat 4: 32f6a58e ($10 in chips)
Seat 5: ef5a6e7 ($18.71 in chips)
Seat 6: f871890c ($10 in chips)
Hero: posts small blind $0.05
664f58ea: posts big blind $0.1
*** HOLE CARDS ***
Dealt to Hero [4h 7c]
Dealt to 664f58ea 
Dealt to 32f6a58e 
Dealt to ef5a6e7 
Dealt to f871890c 
32f6a58e: raises $0.15 to $0.25
ef5a6e7: folds
f871890c: folds
Hero: folds
664f58ea: folds
Uncalled bet ($0.15) returned to 32f6a58e
*** SHOWDOWN ***
32f6a58e collected $0.25 from pot
*** SUMMARY ***
Total pot $0.25 | Rake $0 | Jackpot $0 | Bingo $0 | Fortune $0 | Tax $0
Seat 1: Hero (small blind) folded before Flop
Seat 2: 664f58ea (big blind) folded before Flop
Seat 4: 32f6a58e collected ($0.25)
Seat 5: ef5a6e7 folded before Flop (didn't bet)
Seat 6: f871890c (button) folded before Flop (didn't bet)


Poker Hand #HD1753989441: Hold'em No Limit ($0.05/$0.1) - 2024/05/01 12:11:52
Table 'NLHRed17' 6-max Seat #5 is the button
Seat 1: Hero ($10 in chips)
Seat 2: 664f58ea ($2.13 in chips)
Seat 3: 2c425c3 ($10.91 in chips)
Seat 4: 32f6a58e ($10.15 in chips)
Seat 5: ef5a6e7 ($18.71 in chips)
Seat 6: f871890c ($10 in chips)
f871890c: posts small blind $0.05
Hero: posts big blind $0.1
*** HOLE CARDS ***
Dealt to Hero [Ac Ks]
Dealt to 664f58ea 
Dealt to 2c425c3 
Dealt to 32f6a58e 
Dealt to ef5a6e7 
Dealt to f871890c 
664f58ea: folds
2c425c3: folds
32f6a58e: raises $0.15 to $0.25
ef5a6e7: folds
f871890c: folds
Hero: raises $0.75 to $1
32f6a58e: folds
Uncalled bet ($0.75) returned to Hero
*** SHOWDOWN ***
Hero collected $0.53 from pot
*** SUMMARY ***
Total pot $0.55 | Rake $0.02 | Jackpot $0 | Bingo $0 | Fortune $0 | Tax $0
Seat 1: Hero (big blind) collected ($0.53)
Seat 2: 664f58ea folded before Flop (didn't bet)
Seat 3: 2c425c3 folded before Flop (didn't bet)
Seat 4: 32f6a58e folded before Flop
Seat 5: ef5a6e7 (button) folded before Flop (didn't bet)
Seat 6: f871890c (small blind) folded before Flop


Poker Hand #HD1753988946: Hold'em No Limit ($0.05/$0.1) - 2024/05/01 12:06:23
Table 'NLHRed17' 6-max Seat #5 is the button
Seat 1: Hero ($10 in chips)
Seat 2: 664f58ea ($11.58 in chips)
Seat 3: 2c425c3 ($10 in chips)
Seat 4: 32f6a58e ($10 in chips)
Seat 5: ef5a6e7 ($10.92 in chips)
Hero: posts small blind $0.05
664f58ea: posts big blind $0.1
*** HOLE CARDS ***
Dealt to Hero [Ks Jc]
Dealt to 664f58ea 
Dealt to 2c425c3 
Dealt to 32f6a58e 
Dealt to ef5a6e7 
2c425c3: raises $0.15 to $0.25
32f6a58e: folds
ef5a6e7: calls $0.25
Hero: folds
664f58ea: folds
*** FLOP *** [Tc 9h As]
2c425c3: checks
ef5a6e7: checks
*** TURN *** [Tc 9h As] [9d]
2c425c3: bets $0.49
ef5a6e7: calls $0.49
*** RIVER *** [Tc 9h As 9d] [7d]
2c425c3: bets $0.82
ef5a6e7: folds
Uncalled bet ($0.82) returned to 2c425c3
*** SHOWDOWN ***
2c425c3 collected $1.55 from pot
*** SUMMARY ***
Total pot $1.63 | Rake $0.08 | Jackpot $0 | Bingo $0 | Fortune $0 | Tax $0
Board [Tc 9h As 9d 7d]
Seat 1: Hero (small blind) folded before Flop
Seat 2: 664f58ea (big blind) folded before Flop
Seat 3: 2c425c3 won ($1.55)
Seat 4: 32f6a58e folded before Flop (didn't bet)
Seat 5: ef5a6e7 (button) folded on the River


Poker Hand #HD1753988921: Hold'em No Limit ($0.05/$0.1) - 2024/05/01 12:06:04
Table 'NLHRed17' 6-max Seat #4 is the button
Seat 1: Hero ($10 in chips)
Seat 2: 664f58ea ($11.58 in chips)
Seat 3: 2c425c3 ($10 in chips)
Seat 4: 32f6a58e ($10 in chips)
Seat 5: ef5a6e7 ($10.83 in chips)
ef5a6e7: posts small blind $0.05
Hero: posts big blind $0.1
*** HOLE CARDS ***
Dealt to Hero [4c Ts]
Dealt to 664f58ea 
Dealt to 2c425c3 
Dealt to 32f6a58e 
Dealt to ef5a6e7 
664f58ea: folds
2c425c3: folds
32f6a58e: folds
ef5a6e7: calls $0.05
Hero: checks
*** FLOP *** [Ah Ks 2d]
ef5a6e7: bets $0.1
Hero: folds
Uncalled bet ($0.1) returned to ef5a6e7
*** SHOWDOWN ***
ef5a6e7 collected $0.19 from pot
*** SUMMARY ***
Total pot $0.2 | Rake $0.01 | Jackpot $0 | Bingo $0 | Fortune $0 | Tax $0
Board [Ah Ks 2d]
Seat 1: Hero (big blind) folded on the Flop
Seat 2: 664f58ea folded before Flop (didn't bet)
Seat 3: 2c425c3 folded before Flop (didn't bet)
Seat 4: 32f6a58e (button) folded before Flop (didn't bet)
Seat 5: ef5a6e7 (small blind) won ($0.19)


Poker Hand #HD1753988885: Hold'em No Limit ($0.05/$0.1) - 2024/05/01 12:05:43
Table 'NLHRed17' 6-max Seat #3 is the button
Seat 1: Hero ($10 in chips)
Seat 2: 664f58ea ($11.58 in chips)
Seat 3: 2c425c3 ($10 in chips)
Seat 4: 32f6a58e ($10 in chips)
Seat 5: ef5a6e7 ($10.78 in chips)
32f6a58e: posts small blind $0.05
ef5a6e7: posts big blind $0.1
*** HOLE CARDS ***
Dealt to Hero [8c Tc]
Dealt to 664f58ea 
Dealt to 2c425c3 
Dealt to 32f6a58e 
Dealt to ef5a6e7 
Hero: folds
664f58ea: folds
2c425c3: folds
32f6a58e: folds
Uncalled bet ($0.05) returned to ef5a6e7
*** SHOWDOWN ***
ef5a6e7 collected $0.1 from pot
*** SUMMARY ***
Total pot $0.1 | Rake $0 | Jackpot $0 | Bingo $0 | Fortune $0 | Tax $0
Seat 1: Hero folded before Flop (didn't bet)
Seat 2: 664f58ea folded before Flop (didn't bet)
Seat 3: 2c425c3 (button) folded before Flop (didn't bet)
Seat 4: 32f6a58e (small blind) folded before Flop
Seat 5: ef5a6e7 (big blind) collected ($0.1)


Poker Hand #HD1753988825: Hold'em No Limit ($0.05/$0.1) - 2024/05/01 12:05:05
Table 'NLHRed17' 6-max Seat #2 is the button
Seat 1: Hero ($10 in chips)
Seat 2: 664f58ea ($11.43 in chips)
Seat 3: 2c425c3 ($10 in chips)
Seat 4: 32f6a58e ($10 in chips)
Seat 5: ef5a6e7 ($10.78 in chips)
2c425c3: posts small blind $0.05
32f6a58e: posts big blind $0.1
*** HOLE CARDS ***
Dealt to Hero [8c 6h]
Dealt to 664f58ea 
Dealt to 2c425c3 
Dealt to 32f6a58e 
Dealt to ef5a6e7 
ef5a6e7: folds
Hero: folds
664f58ea: raises $0.2 to $0.3
2c425c3: folds
32f6a58e: folds
Uncalled bet ($0.2) returned to 664f58ea
*** SHOWDOWN ***
664f58ea collected $0.25 from pot
*** SUMMARY ***
Total pot $0.25 | Rake $0 | Jackpot $0 | Bingo $0 | Fortune $0 | Tax $0
Seat 1: Hero folded before Flop (didn't bet)
Seat 2: 664f58ea (button) collected ($0.25)
Seat 3: 2c425c3 (small blind) folded before Flop
Seat 4: 32f6a58e (big blind) folded before Flop
Seat 5: ef5a6e7 folded before Flop (didn't bet)


Poker Hand #HD1753988706: Hold'em No Limit ($0.05/$0.1) - 2024/05/01 12:03:51
Table 'NLHRed17' 6-max Seat #1 is the button
Seat 1: Hero ($10 in chips)
Seat 2: 664f58ea ($10.98 in chips)
Seat 3: 2c425c3 ($10.04 in chips)
Seat 5: ef5a6e7 ($10.78 in chips)
664f58ea: posts small blind $0.05
2c425c3: posts big blind $0.1
*** HOLE CARDS ***
Dealt to Hero [Ad 8d]
Dealt to 664f58ea 
Dealt to 2c425c3 
Dealt to ef5a6e7 
ef5a6e7: folds
Hero: raises $0.14 to $0.24
664f58ea: calls $0.19
2c425c3: calls $0.14
*** FLOP *** [Ks 3s 8c]
664f58ea: checks
2c425c3: checks
Hero: checks
*** TURN *** [Ks 3s 8c] [9d]
664f58ea: bets $0.29
2c425c3: folds
Hero: folds
Uncalled bet ($0.29) returned to 664f58ea
*** SHOWDOWN ***
664f58ea collected $0.69 from pot
*** SUMMARY ***
Total pot $0.72 | Rake $0.03 | Jackpot $0 | Bingo $0 | Fortune $0 | Tax $0
Board [Ks 3s 8c 9d]
Seat 1: Hero (button) folded on the Turn
Seat 2: 664f58ea (small blind) won ($0.69)
Seat 3: 2c425c3 (big blind) folded on the Turn
Seat 5: ef5a6e7 folded before Flop (didn't bet)


Poker Hand #HD1753988668: Hold'em No Limit ($0.05/$0.1) - 2024/05/01 12:03:32
Table 'NLHRed17' 6-max Seat #5 is the button
Seat 1: Hero ($10.05 in chips)
Seat 2: 664f58ea ($11.08 in chips)
Seat 3: 2c425c3 ($10.04 in chips)
Seat 5: ef5a6e7 ($10.63 in chips)
Hero: posts small blind $0.05
664f58ea: posts big blind $0.1
*** HOLE CARDS ***
Dealt to Hero [5h 7s]
Dealt to 664f58ea 
Dealt to 2c425c3 
Dealt to ef5a6e7 
2c425c3: folds
ef5a6e7: raises $0.1 to $0.2
Hero: folds
664f58ea: folds
Uncalled bet ($0.1) returned to ef5a6e7
*** SHOWDOWN ***
ef5a6e7 collected $0.25 from pot
*** SUMMARY ***
Total pot $0.25 | Rake $0 | Jackpot $0 | Bingo $0 | Fortune $0 | Tax $0
Seat 1: Hero (small blind) folded before Flop
Seat 2: 664f58ea (big blind) folded before Flop
Seat 3: 2c425c3 folded before Flop (didn't bet)
Seat 5: ef5a6e7 (button) collected ($0.25)


Poker Hand #HD1753988650: Hold'em No Limit ($0.05/$0.1) - 2024/05/01 12:03:20
Table 'NLHRed17' 6-max Seat #3 is the button
Seat 1: Hero ($10 in chips)
Seat 2: 664f58ea ($11.08 in chips)
Seat 3: 2c425c3 ($10.04 in chips)
Seat 5: ef5a6e7 ($10.68 in chips)
ef5a6e7: posts small blind $0.05
Hero: posts big blind $0.1
*** HOLE CARDS ***
Dealt to Hero [3c 9d]
Dealt to 664f58ea 
Dealt to 2c425c3 
Dealt to ef5a6e7 
664f58ea: folds
2c425c3: folds
ef5a6e7: folds
Uncalled bet ($0.05) returned to Hero
*** SHOWDOWN ***
Hero collected $0.1 from pot
*** SUMMARY ***
Total pot $0.1 | Rake $0 | Jackpot $0 | Bingo $0 | Fortune $0 | Tax $0
Seat 1: Hero (big blind) collected ($0.1)
Seat 2: 664f58ea folded before Flop (didn't bet)
Seat 3: 2c425c3 (button) folded before Flop (didn't bet)
Seat 5: ef5a6e7 (small blind) folded before Flop


Poker Hand #HD1753988625: Hold'em No Limit ($0.05/$0.1) - 2024/05/01 12:03:04
Table 'NLHRed17' 6-max Seat #2 is the button
Seat 1: Hero ($10 in chips)
Seat 2: 664f58ea ($11.08 in chips)
Seat 3: 2c425c3 ($10.09 in chips)
Seat 5: ef5a6e7 ($10.78 in chips)
Seat 6: 752bb49a ($10 in chips)
2c425c3: posts small blind $0.05
ef5a6e7: posts big blind $0.1
*** HOLE CARDS ***
Dealt to Hero [4s Tc]
Dealt to 664f58ea 
Dealt to 2c425c3 
Dealt to ef5a6e7 
Dealt to 752bb49a 
752bb49a: raises $0.14 to $0.24
Hero: folds
664f58ea: folds
2c425c3: folds
ef5a6e7: folds
Uncalled bet ($0.14) returned to 752bb49a
*** SHOWDOWN ***
752bb49a collected $0.25 from pot
*** SUMMARY ***
Total pot $0.25 | Rake $0 | Jackpot $0 | Bingo $0 | Fortune $0 | Tax $0
Seat 1: Hero folded before Flop (didn't bet)
Seat 2: 664f58ea (button) folded before Flop (didn't bet)
Seat 3: 2c425c3 (small blind) folded before Flop
Seat 5: ef5a6e7 (big blind) folded before Flop
Seat 6: 752bb49a collected ($0.25)


Poker Hand #HD1753988594: Hold'em No Limit ($0.05/$0.1) - 2024/05/01 12:02:49
Table 'NLHRed17' 6-max Seat #1 is the button
Seat 1: Hero ($10 in chips)
Seat 2: 664f58ea ($11.13 in chips)
Seat 3: 2c425c3 ($10.19 in chips)
Seat 5: ef5a6e7 ($10.63 in chips)
Seat 6: 752bb49a ($10 in chips)
664f58ea: posts small blind $0.05
2c425c3: posts big blind $0.1
*** HOLE CARDS ***
Dealt to Hero [Kc 5c]
Dealt to 664f58ea 
Dealt to 2c425c3 
Dealt to ef5a6e7 
Dealt to 752bb49a 
ef5a6e7: raises $0.1 to $0.2
752bb49a: folds
Hero: folds
664f58ea: folds
2c425c3: folds
Uncalled bet ($0.1) returned to ef5a6e7
*** SHOWDOWN ***
ef5a6e7 collected $0.25 from pot
*** SUMMARY ***
Total pot $0.25 | Rake $0 | Jackpot $0 | Bingo $0 | Fortune $0 | Tax $0
Seat 1: Hero (button) folded before Flop (didn't bet)
Seat 2: 664f58ea (small blind) folded before Flop
Seat 3: 2c425c3 (big blind) folded before Flop
Seat 5: ef5a6e7 collected ($0.25)
Seat 6: 752bb49a folded before Flop (didn't bet)


Poker Hand #HD1753988493: Hold'em No Limit ($0.05/$0.1) - 2024/05/01 12:01:47
Table 'NLHRed17' 6-max Seat #6 is the button
Seat 1: Hero ($10.05 in chips)
Seat 2: 664f58ea ($10 in chips)
Seat 3: 2c425c3 ($10.19 in chips)
Seat 5: ef5a6e7 ($10.63 in chips)
Seat 6: 752bb49a ($10 in chips)
Hero: posts small blind $0.05
664f58ea: posts big blind $0.1
*** HOLE CARDS ***
Dealt to Hero [Tc Qc]
Dealt to 664f58ea 
Dealt to 2c425c3 
Dealt to ef5a6e7 
Dealt to 752bb49a 
2c425c3: folds
ef5a6e7: folds
752bb49a: raises $0.14 to $0.24
Hero: raises $0.76 to $1
664f58ea: calls $0.9
752bb49a: folds
*** FLOP *** [4h 9h 4s]
Hero: checks
664f58ea: bets $0.9
Hero: folds
Uncalled bet ($0.9) returned to 664f58ea
*** SHOWDOWN ***
664f58ea collected $2.13 from pot
*** SUMMARY ***
Total pot $2.24 | Rake $0.11 | Jackpot $0 | Bingo $0 | Fortune $0 | Tax $0
Board [4h 9h 4s]
Seat 1: Hero (small blind) folded on the Flop
Seat 2: 664f58ea (big blind) won ($2.13)
Seat 3: 2c425c3 folded before Flop (didn't bet)
Seat 5: ef5a6e7 folded before Flop (didn't bet)
Seat 6: 752bb49a (button) folded before Flop


Poker Hand #HD1753988475: Hold'em No Limit ($0.05/$0.1) - 2024/05/01 12:01:36
Table 'NLHRed17' 6-max Seat #5 is the button
Seat 1: Hero ($10 in chips)
Seat 3: 2c425c3 ($10.19 in chips)
Seat 5: ef5a6e7 ($10.63 in chips)
Seat 6: 752bb49a ($10 in chips)
752bb49a: posts small blind $0.05
Hero: posts big blind $0.1
*** HOLE CARDS ***
Dealt to Hero [Js 2h]
Dealt to 2c425c3 
Dealt to ef5a6e7 
Dealt to 752bb49a 
2c425c3: folds
ef5a6e7: folds
752bb49a: folds
Uncalled bet ($0.05) returned to Hero
*** SHOWDOWN ***
Hero collected $0.1 from pot
*** SUMMARY ***
Total pot $0.1 | Rake $0 | Jackpot $0 | Bingo $0 | Fortune $0 | Tax $0
Seat 1: Hero (big blind) collected ($0.1)
Seat 3: 2c425c3 folded before Flop (didn't bet)
Seat 5: ef5a6e7 (button) folded before Flop (didn't bet)
Seat 6: 752bb49a (small blind) folded before Flop


Poker Hand #HD1753988449: Hold'em No Limit ($0.05/$0.1) - 2024/05/01 12:01:20
Table 'NLHRed17' 6-max Seat #3 is the button
Seat 1: Hero ($10 in chips)
Seat 3: 2c425c3 ($10.19 in chips)
Seat 5: ef5a6e7 ($10.53 in chips)
Seat 6: 752bb49a ($10 in chips)
ef5a6e7: posts small blind $0.05
752bb49a: posts big blind $0.1
*** HOLE CARDS ***
Dealt to Hero [7d Ks]
Dealt to 2c425c3 
Dealt to ef5a6e7 
Dealt to 752bb49a 
Hero: folds
2c425c3: folds
ef5a6e7: raises $0.2 to $0.3
752bb49a: folds
Uncalled bet ($0.2) returned to ef5a6e7
*** SHOWDOWN ***
ef5a6e7 collected $0.2 from pot
*** SUMMARY ***
Total pot $0.2 | Rake $0 | Jackpot $0 | Bingo $0 | Fortune $0 | Tax $0
Seat 1: Hero folded before Flop (didn't bet)
Seat 3: 2c425c3 (button) folded before Flop (didn't bet)
Seat 5: ef5a6e7 (small blind) collected ($0.2)
Seat 6: 752bb49a (big blind) folded before Flop


Poker Hand #HD1753988356: Hold'em No Limit ($0.05/$0.1) - 2024/05/01 12:00:30
Table 'NLHRed17' 6-max Seat #1 is the button
Seat 1: Hero ($10 in chips)
Seat 3: 2c425c3 ($10.43 in chips)
Seat 5: ef5a6e7 ($10.08 in chips)
Seat 6: 752bb49a ($10 in chips)
2c425c3: posts small blind $0.05
ef5a6e7: posts big blind $0.1
*** HOLE CARDS ***
Dealt to Hero [9s Ts]
Dealt to 2c425c3 
Dealt to ef5a6e7 
Dealt to 752bb49a 
752bb49a: folds
Hero: raises $0.14 to $0.24
2c425c3: calls $0.19
ef5a6e7: raises $0.76 to $1
Hero: folds
2c425c3: folds
Uncalled bet ($0.76) returned to ef5a6e7
*** SHOWDOWN ***
ef5a6e7 collected $0.69 from pot
*** SUMMARY ***
Total pot $0.72 | Rake $0.03 | Jackpot $0 | Bingo $0 | Fortune $0 | Tax $0
Seat 1: Hero (button) folded before Flop
Seat 3: 2c425c3 (small blind) folded before Flop
Seat 5: ef5a6e7 (big blind) collected ($0.69)
Seat 6: 752bb49a folded before Flop (didn't bet)


Poker Hand #HD1753988268: Hold'em No Limit ($0.05/$0.1) - 2024/05/01 11:59:29
Table 'NLHRed17' 6-max Seat #6 is the button
Seat 1: Hero ($10 in chips)
Seat 3: 2c425c3 ($10 in chips)
Seat 5: ef5a6e7 ($10.08 in chips)
Seat 6: 752bb49a ($10 in chips)
Hero: posts small blind $0.05
2c425c3: posts big blind $0.1
*** HOLE CARDS ***
Dealt to Hero [5c 3h]
Dealt to 2c425c3 
Dealt to ef5a6e7 
Dealt to 752bb49a 
ef5a6e7: folds
752bb49a: raises $0.14 to $0.24
Hero: folds
2c425c3: calls $0.14
*** FLOP *** [7s Jc Kh]
2c425c3: checks
752bb49a: bets $0.18
2c425c3: calls $0.18
*** TURN *** [7s Jc Kh] [Jd]
2c425c3: checks
752bb49a: checks
*** RIVER *** [7s Jc Kh Jd] [4d]
2c425c3: bets $0.89
752bb49a: folds
Uncalled bet ($0.89) returned to 2c425c3
*** SHOWDOWN ***
2c425c3 collected $0.85 from pot
*** SUMMARY ***
Total pot $0.89 | Rake $0.04 | Jackpot $0 | Bingo $0 | Fortune $0 | Tax $0
Board [7s Jc Kh Jd 4d]
Seat 1: Hero (small blind) folded before Flop
Seat 3: 2c425c3 (big blind) won ($0.85)
Seat 5: ef5a6e7 folded before Flop (didn't bet)
Seat 6: 752bb49a (button) folded on the River


Poker Hand #HD1753988164: Hold'em No Limit ($0.05/$0.1) - 2024/05/01 11:58:21
Table 'NLHRed17' 6-max Seat #5 is the button
Seat 1: Hero ($10 in chips)
Seat 2: 268908c ($10.96 in chips)
Seat 4: 1d1d879d ($22.35 in chips)
Seat 5: ef5a6e7 ($10.08 in chips)
Seat 6: 752bb49a ($10 in chips)
752bb49a: posts small blind $0.05
Hero: posts big blind $0.1
*** HOLE CARDS ***
Dealt to Hero [8h Qd]
Dealt to 268908c 
Dealt to 1d1d879d 
Dealt to ef5a6e7 
Dealt to 752bb49a 
268908c: raises $0.11 to $0.21
1d1d879d: folds
ef5a6e7: folds
752bb49a: raises $0.84 to $1.05
Hero: folds
268908c: calls $0.84
*** FLOP *** [5d 2s Kh]
752bb49a: bets $0.73
268908c: calls $0.73
*** TURN *** [5d 2s Kh] [8c]
752bb49a: checks
268908c: checks
*** RIVER *** [5d 2s Kh 8c] [4c]
752bb49a: checks
268908c: checks
752bb49a: shows [Ac 5c] (Pair of Fives)
268908c: shows [Ts Tc] (Pair of Tens)
*** SHOWDOWN ***
268908c collected $3.39 from pot
*** SUMMARY ***
Total pot $3.66 | Rake $0.17 | Jackpot $0.1 | Bingo $0 | Fortune $0 | Tax $0
Board [5d 2s Kh 8c 4c]
Seat 1: Hero (big blind) folded before Flop
Seat 2: 268908c showed [Ts Tc] and won ($3.39) with Pair of Tens
Seat 4: 1d1d879d folded before Flop (didn't bet)
Seat 5: ef5a6e7 (button) folded before Flop (didn't bet)
Seat 6: 752bb49a (small blind) showed [Ac 5c] and lost with Pair of Fives


Poker Hand #HD1753988093: Hold'em No Limit ($0.05/$0.1) - 2024/05/01 11:57:31
Table 'NLHRed17' 6-max Seat #4 is the button
Seat 1: Hero ($10 in chips)
Seat 2: 268908c ($10.96 in chips)
Seat 4: 1d1d879d ($22.12 in chips)
Seat 5: ef5a6e7 ($10.13 in chips)
Seat 6: 752bb49a ($10 in chips)
ef5a6e7: posts small blind $0.05
752bb49a: posts big blind $0.1
*** HOLE CARDS ***
Dealt to Hero [5d 4s]
Dealt to 268908c 
Dealt to 1d1d879d 
Dealt to ef5a6e7 
Dealt to 752bb49a 
Hero: folds
268908c: folds
1d1d879d: raises $0.1 to $0.2
ef5a6e7: folds
752bb49a: calls $0.1
*** FLOP *** [5s 9h 8s]
752bb49a: checks
1d1d879d: bets $0.15
752bb49a: folds
Uncalled bet ($0.15) returned to 1d1d879d
*** SHOWDOWN ***
1d1d879d collected $0.43 from pot
*** SUMMARY ***
Total pot $0.45 | Rake $0.02 | Jackpot $0 | Bingo $0 | Fortune $0 | Tax $0
Board [5s 9h 8s]
Seat 1: Hero folded before Flop (didn't bet)
Seat 2: 268908c folded before Flop (didn't bet)
Seat 4: 1d1d879d (button) won ($0.43)
Seat 5: ef5a6e7 (small blind) folded before Flop
Seat 6: 752bb49a (big blind) folded on the Flop


Poker Hand #HD1753988048: Hold'em No Limit ($0.05/$0.1) - 2024/05/01 11:57:03
Table 'NLHRed17' 6-max Seat #3 is the button
Seat 1: Hero ($10 in chips)
Seat 2: 268908c ($10.96 in chips)
Seat 3: 5414015 ($7.41 in chips)
Seat 4: 1d1d879d ($22.17 in chips)
Seat 5: ef5a6e7 ($10.23 in chips)
Seat 6: 752bb49a ($10 in chips)
1d1d879d: posts small blind $0.05
ef5a6e7: posts big blind $0.1
*** HOLE CARDS ***
Dealt to Hero [3s Jd]
Dealt to 268908c 
Dealt to 5414015 
Dealt to 1d1d879d 
Dealt to ef5a6e7 
Dealt to 752bb49a 
752bb49a: folds
Hero: folds
268908c: folds
5414015: calls $0.1
1d1d879d: folds
ef5a6e7: checks
*** FLOP *** [Tc 8d 4c]
ef5a6e7: checks
5414015: checks
*** TURN *** [Tc 8d 4c] [As]
ef5a6e7: checks
5414015: bets $0.19
ef5a6e7: folds
Uncalled bet ($0.19) returned to 5414015
*** SHOWDOWN ***
5414015 collected $0.24 from pot
*** SUMMARY ***
Total pot $0.25 | Rake $0.01 | Jackpot $0 | Bingo $0 | Fortune $0 | Tax $0
Board [Tc 8d 4c As]
Seat 1: Hero folded before Flop (didn't bet)
Seat 2: 268908c folded before Flop (didn't bet)
Seat 3: 5414015 (button) won ($0.24)
Seat 4: 1d1d879d (small blind) folded before Flop
Seat 5: ef5a6e7 (big blind) folded on the Turn
Seat 6: 752bb49a folded before Flop (didn't bet)


Poker Hand #HD1753987967: Hold'em No Limit ($0.05/$0.1) - 2024/05/01 11:56:12
Table 'NLHRed17' 6-max Seat #2 is the button
Seat 1: Hero ($10 in chips)
Seat 2: 268908c ($10.96 in chips)
Seat 3: 5414015 ($7.81 in chips)
Seat 4: 1d1d879d ($21.81 in chips)
Seat 5: ef5a6e7 ($10.23 in chips)
Seat 6: 752bb49a ($10 in chips)
5414015: posts small blind $0.05
1d1d879d: posts big blind $0.1
*** HOLE CARDS ***
Dealt to Hero [9d 6c]
Dealt to 268908c 
Dealt to 5414015 
Dealt to 1d1d879d 
Dealt to ef5a6e7 
Dealt to 752bb49a 
ef5a6e7: folds
752bb49a: folds
Hero: folds
268908c: folds
5414015: calls $0.05
1d1d879d: raises $0.3 to $0.4
5414015: calls $0.3
*** FLOP *** [Jh 7d 2s]
5414015: checks
1d1d879d: checks
*** TURN *** [Jh 7d 2s] [Qc]
5414015: checks
1d1d879d: checks
*** RIVER *** [Jh 7d 2s Qc] [As]
5414015: checks
1d1d879d: bets $0.53
5414015: folds
Uncalled bet ($0.53) returned to 1d1d879d
*** SHOWDOWN ***
1d1d879d collected $0.76 from pot
*** SUMMARY ***
Total pot $0.8 | Rake $0.04 | Jackpot $0 | Bingo $0 | Fortune $0 | Tax $0
Board [Jh 7d 2s Qc As]
Seat 1: Hero folded before Flop (didn't bet)
Seat 2: 268908c (button) folded before Flop (didn't bet)
Seat 3: 5414015 (small blind) folded on the River
Seat 4: 1d1d879d (big blind) won ($0.76)
Seat 5: ef5a6e7 folded before Flop (didn't bet)
Seat 6: 752bb49a folded before Flop (didn't bet)


Poker Hand #HD1753987924: Hold'em No Limit ($0.05/$0.1) - 2024/05/01 11:55:42
Table 'NLHRed17' 6-max Seat #1 is the button
Seat 1: Hero ($10 in chips)
Seat 2: 268908c ($11.01 in chips)
Seat 3: 5414015 ($8.01 in chips)
Seat 4: 1d1d879d ($21.81 in chips)
Seat 5: ef5a6e7 ($10 in chips)
Seat 6: 752bb49a ($10 in chips)
268908c: posts small blind $0.05
5414015: posts big blind $0.1
ef5a6e7: posts big blind $0.1
*** HOLE CARDS ***
Dealt to Hero [8s Tc]
Dealt to 268908c 
Dealt to 5414015 
Dealt to 1d1d879d 
Dealt to ef5a6e7 
Dealt to 752bb49a 
1d1d879d: folds
ef5a6e7: raises $0.1 to $0.2
752bb49a: folds
Hero: folds
268908c: folds
5414015: calls $0.1
*** FLOP *** [Td 6h 6s]
5414015: checks
ef5a6e7: checks
*** TURN *** [Td 6h 6s] [Kh]
5414015: checks
ef5a6e7: bets $0.3
5414015: folds
Uncalled bet ($0.3) returned to ef5a6e7
*** SHOWDOWN ***
ef5a6e7 collected $0.43 from pot
*** SUMMARY ***
Total pot $0.45 | Rake $0.02 | Jackpot $0 | Bingo $0 | Fortune $0 | Tax $0
Board [Td 6h 6s Kh]
Seat 1: Hero (button) folded before Flop (didn't bet)
Seat 2: 268908c (small blind) folded before Flop
Seat 3: 5414015 (big blind) folded on the Turn
Seat 4: 1d1d879d folded before Flop (didn't bet)
Seat 5: ef5a6e7 won ($0.43)
Seat 6: 752bb49a folded before Flop (didn't bet)


Poker Hand #HD1753987810: Hold'em No Limit ($0.05/$0.1) - 2024/05/01 11:54:28
Table 'NLHRed17' 6-max Seat #6 is the button
Seat 1: Hero ($10 in chips)
Seat 2: 268908c ($10.28 in chips)
Seat 3: 5414015 ($8.76 in chips)
Seat 4: 1d1d879d ($21.81 in chips)
Seat 6: 752bb49a ($10 in chips)
Hero: posts small blind $0.05
268908c: posts big blind $0.1
5414015: posts big blind $0.1
5414015: posts missed blind $0.05
*** HOLE CARDS ***
Dealt to Hero [Js 9h]
Dealt to 268908c 
Dealt to 5414015 
Dealt to 1d1d879d 
Dealt to 752bb49a 
5414015: checks
1d1d879d: folds
752bb49a: folds
Hero: folds
268908c: checks
*** FLOP *** [Qh 8h 5s]
268908c: checks
5414015: checks
*** TURN *** [Qh 8h 5s] [7c]
268908c: checks
5414015: checks
*** RIVER *** [Qh 8h 5s 7c] [9s]
268908c: bets $0.6
5414015: calls $0.6
268908c: shows [Td Jc] (Queens-High Straight)
5414015: shows [6c Ts] (Tens-High Straight)
*** SHOWDOWN ***
268908c collected $1.43 from pot
*** SUMMARY ***
Total pot $1.5 | Rake $0.07 | Jackpot $0 | Bingo $0 | Fortune $0 | Tax $0
Board [Qh 8h 5s 7c 9s]
Seat 1: Hero (small blind) folded before Flop
Seat 2: 268908c (big blind) showed [Td Jc] and won ($1.43) with Queens-High Straight
Seat 3: 5414015 showed [6c Ts] and lost with Tens-High Straight
Seat 4: 1d1d879d folded before Flop (didn't bet)
Seat 6: 752bb49a (button) folded before Flop (didn't bet)


Poker Hand #HD1753987679: Hold'em No Limit ($0.05/$0.1) - 2024/05/01 11:52:58
Table 'NLHRed17' 6-max Seat #4 is the button
Seat 1: Hero ($10.26 in chips)
Seat 2: 268908c ($10.28 in chips)
Seat 4: 1d1d879d ($20.99 in chips)
Seat 6: 752bb49a ($10 in chips)
752bb49a: posts small blind $0.05
Hero: posts big blind $0.1
*** HOLE CARDS ***
Dealt to Hero [5s As]
Dealt to 268908c 
Dealt to 1d1d879d 
Dealt to 752bb49a 
268908c: folds
1d1d879d: raises $0.1 to $0.2
752bb49a: folds
Hero: calls $0.1
*** FLOP *** [9c 5c 9s]
Hero: checks
1d1d879d: bets $0.15
Hero: calls $0.15
*** TURN *** [9c 5c 9s] [2s]
Hero: checks
1d1d879d: bets $0.5
Hero: calls $0.5
*** RIVER *** [9c 5c 9s 2s] [2d]
Hero: checks
1d1d879d: bets $1.16
Hero: folds
Uncalled bet ($1.16) returned to 1d1d879d
*** SHOWDOWN ***
1d1d879d collected $1.67 from pot
*** SUMMARY ***
Total pot $1.75 | Rake $0.08 | Jackpot $0 | Bingo $0 | Fortune $0 | Tax $0
Board [9c 5c 9s 2s 2d]
Seat 1: Hero (big blind) folded on the River
Seat 2: 268908c folded before Flop (didn't bet)
Seat 4: 1d1d879d (button) won ($1.67)
Seat 6: 752bb49a (small blind) folded before Flop


Poker Hand #HD1753987621: Hold'em No Limit ($0.05/$0.1) - 2024/05/01 11:52:18
Table 'NLHRed17' 6-max Seat #2 is the button
Seat 1: Hero ($10.26 in chips)
Seat 2: 268908c ($10 in chips)
Seat 4: 1d1d879d ($21.04 in chips)
Seat 6: 752bb49a ($10 in chips)
1d1d879d: posts small blind $0.05
752bb49a: posts big blind $0.1
*** HOLE CARDS ***
Dealt to Hero [8d 9c]
Dealt to 268908c 
Dealt to 1d1d879d 
Dealt to 752bb49a 
Hero: folds
268908c: raises $0.15 to $0.25
1d1d879d: folds
752bb49a: calls $0.15
*** FLOP *** [Ts 9d 3h]
752bb49a: checks
268908c: bets $0.43
752bb49a: folds
Uncalled bet ($0.43) returned to 268908c
*** SHOWDOWN ***
268908c collected $0.53 from pot
*** SUMMARY ***
Total pot $0.55 | Rake $0.02 | Jackpot $0 | Bingo $0 | Fortune $0 | Tax $0
Board [Ts 9d 3h]
Seat 1: Hero folded before Flop (didn't bet)
Seat 2: 268908c (button) won ($0.53)
Seat 4: 1d1d879d (small blind) folded before Flop
Seat 6: 752bb49a (big blind) folded on the Flop


Poker Hand #HD1753987596: Hold'em No Limit ($0.05/$0.1) - 2024/05/01 11:52:05
Table 'NLHRed17' 6-max Seat #1 is the button
Seat 1: Hero ($10.11 in chips)
Seat 2: 268908c ($10 in chips)
Seat 4: 1d1d879d ($21.14 in chips)
Seat 5: bef37602 ($7.42 in chips)
Seat 6: 752bb49a ($10 in chips)
268908c: posts small blind $0.05
1d1d879d: posts big blind $0.1
*** HOLE CARDS ***
Dealt to Hero [2c 2h]
Dealt to 268908c 
Dealt to 1d1d879d 
Dealt to bef37602 
Dealt to 752bb49a 
bef37602: folds
752bb49a: folds
Hero: raises $0.14 to $0.24
268908c: folds
1d1d879d: folds
Uncalled bet ($0.14) returned to Hero
*** SHOWDOWN ***
Hero collected $0.25 from pot
*** SUMMARY ***
Total pot $0.25 | Rake $0 | Jackpot $0 | Bingo $0 | Fortune $0 | Tax $0
Seat 1: Hero (button) collected ($0.25)
Seat 2: 268908c (small blind) folded before Flop
Seat 4: 1d1d879d (big blind) folded before Flop
Seat 5: bef37602 folded before Flop (didn't bet)
Seat 6: 752bb49a folded before Flop (didn't bet)


Poker Hand #HD1753987532: Hold'em No Limit ($0.05/$0.1) - 2024/05/01 11:51:26
Table 'NLHRed17' 6-max Seat #6 is the button
Seat 1: Hero ($10.16 in chips)
Seat 2: 268908c ($10.08 in chips)
Seat 4: 1d1d879d ($20.48 in chips)
Seat 5: bef37602 ($7.99 in chips)
Seat 6: 752bb49a ($10 in chips)
Hero: posts small blind $0.05
268908c: posts big blind $0.1
*** HOLE CARDS ***
Dealt to Hero [Ah 9c]
Dealt to 268908c 
Dealt to 1d1d879d 
Dealt to bef37602 
Dealt to 752bb49a 
1d1d879d: raises $0.1 to $0.2
bef37602: calls $0.2
752bb49a: folds
Hero: folds
268908c: folds
*** FLOP *** [5c Kh 8s]
1d1d879d: bets $0.37
bef37602: calls $0.37
*** TURN *** [5c Kh 8s] [3h]
1d1d879d: bets $1.02
bef37602: folds
Uncalled bet ($1.02) returned to 1d1d879d
*** SHOWDOWN ***
1d1d879d collected $1.23 from pot
*** SUMMARY ***
Total pot $1.29 | Rake $0.06 | Jackpot $0 | Bingo $0 | Fortune $0 | Tax $0
Board [5c Kh 8s 3h]
Seat 1: Hero (small blind) folded before Flop
Seat 2: 268908c (big blind) folded before Flop
Seat 4: 1d1d879d won ($1.23)
Seat 5: bef37602 folded on the Turn
Seat 6: 752bb49a (button) folded before Flop (didn't bet)


Poker Hand #HD1753987451: Hold'em No Limit ($0.05/$0.1) - 2024/05/01 11:50:40
Table 'NLHRed17' 6-max Seat #5 is the button
Seat 1: Hero ($10.26 in chips)
Seat 2: 268908c ($10.08 in chips)
Seat 4: 1d1d879d ($19.82 in chips)
Seat 5: bef37602 ($8.56 in chips)
Seat 6: 752bb49a ($10 in chips)
752bb49a: posts small blind $0.05
Hero: posts big blind $0.1
*** HOLE CARDS ***
Dealt to Hero [Js 6h]
Dealt to 268908c 
Dealt to 1d1d879d 
Dealt to bef37602 
Dealt to 752bb49a 
268908c: folds
1d1d879d: raises $0.1 to $0.2
bef37602: calls $0.2
752bb49a: folds
Hero: folds
*** FLOP *** [Tc 3s 8h]
1d1d879d: checks
bef37602: checks
*** TURN *** [Tc 3s 8h] [Jd]
1d1d879d: bets $0.37
bef37602: calls $0.37
*** RIVER *** [Tc 3s 8h Jd] [Ts]
1d1d879d: bets $0.86
bef37602: folds
Uncalled bet ($0.86) returned to 1d1d879d
*** SHOWDOWN ***
1d1d879d collected $1.23 from pot
*** SUMMARY ***
Total pot $1.29 | Rake $0.06 | Jackpot $0 | Bingo $0 | Fortune $0 | Tax $0
Board [Tc 3s 8h Jd Ts]
Seat 1: Hero (big blind) folded before Flop
Seat 2: 268908c folded before Flop (didn't bet)
Seat 4: 1d1d879d won ($1.23)
Seat 5: bef37602 (button) folded on the River
Seat 6: 752bb49a (small blind) folded before Flop


Poker Hand #HD1753987371: Hold'em No Limit ($0.05/$0.1) - 2024/05/01 11:49:57
Table 'NLHRed17' 6-max Seat #4 is the button
Seat 1: Hero ($10.26 in chips)
Seat 2: 268908c ($10.08 in chips)
Seat 3: 5414015 ($8.76 in chips)
Seat 4: 1d1d879d ($19.54 in chips)
Seat 5: bef37602 ($8.76 in chips)
Seat 6: 752bb49a ($10 in chips)
bef37602: posts small blind $0.05
752bb49a: posts big blind $0.1
*** HOLE CARDS ***
Dealt to Hero [7c Qc]
Dealt to 268908c 
Dealt to 5414015 
Dealt to 1d1d879d 
Dealt to bef37602 
Dealt to 752bb49a 
Hero: folds
268908c: folds
5414015: folds
1d1d879d: raises $0.1 to $0.2
bef37602: calls $0.15
752bb49a: folds
*** FLOP *** [8h Qd 7h]
bef37602: checks
1d1d879d: bets $0.17
bef37602: folds
Uncalled bet ($0.17) returned to 1d1d879d
*** SHOWDOWN ***
1d1d879d collected $0.48 from pot
*** SUMMARY ***
Total pot $0.5 | Rake $0.02 | Jackpot $0 | Bingo $0 | Fortune $0 | Tax $0
Board [8h Qd 7h]
Seat 1: Hero folded before Flop (didn't bet)
Seat 2: 268908c folded before Flop (didn't bet)
Seat 3: 5414015 folded before Flop (didn't bet)
Seat 4: 1d1d879d (button) won ($0.48)
Seat 5: bef37602 (small blind) folded on the Flop
Seat 6: 752bb49a (big blind) folded before Flop


Poker Hand #HD1753987306: Hold'em No Limit ($0.05/$0.1) - 2024/05/01 11:49:16
Table 'NLHRed17' 6-max Seat #3 is the button
Seat 1: Hero ($10.26 in chips)
Seat 2: 268908c ($10.08 in chips)
Seat 3: 5414015 ($9.39 in chips)
Seat 4: 1d1d879d ($19.59 in chips)
Seat 5: bef37602 ($8.14 in chips)
Seat 6: 752bb49a ($10 in chips)
1d1d879d: posts small blind $0.05
bef37602: posts big blind $0.1
*** HOLE CARDS ***
Dealt to Hero [7c 5c]
Dealt to 268908c 
Dealt to 5414015 
Dealt to 1d1d879d 
Dealt to bef37602 
Dealt to 752bb49a 
752bb49a: folds
Hero: folds
268908c: folds
5414015: raises $0.1 to $0.2
1d1d879d: folds
bef37602: calls $0.1
*** FLOP *** [Js 2d 5s]
bef37602: checks
5414015: bets $0.1
bef37602: calls $0.1
*** TURN *** [Js 2d 5s] [Qs]
bef37602: checks
5414015: checks
*** RIVER *** [Js 2d 5s Qs] [6d]
bef37602: bets $0.33
5414015: calls $0.33
bef37602: shows [Qd Kd] (Pair of Queens)
5414015: shows [Tc Ac] (Ace-High)
*** SHOWDOWN ***
bef37602 collected $1.25 from pot
*** SUMMARY ***
Total pot $1.31 | Rake $0.06 | Jackpot $0 | Bingo $0 | Fortune $0 | Tax $0
Board [Js 2d 5s Qs 6d]
Seat 1: Hero folded before Flop (didn't bet)
Seat 2: 268908c folded before Flop (didn't bet)
Seat 3: 5414015 (button) showed [Tc Ac] and lost with Ace-High
Seat 4: 1d1d879d (small blind) folded before Flop
Seat 5: bef37602 (big blind) showed [Qd Kd] and won ($1.25) with Pair of Queens
Seat 6: 752bb49a folded before Flop (didn't bet)


Poker Hand #HD1753987238: Hold'em No Limit ($0.05/$0.1) - 2024/05/01 11:48:35
Table 'NLHRed17' 6-max Seat #2 is the button
Seat 1: Hero ($10.26 in chips)
Seat 2: 268908c ($10.08 in chips)
Seat 3: 5414015 ($9.2 in chips)
Seat 4: 1d1d879d ($19.69 in chips)
Seat 5: bef37602 ($8.24 in chips)
Seat 6: 752bb49a ($10 in chips)
5414015: posts small blind $0.05
1d1d879d: posts big blind $0.1
*** HOLE CARDS ***
Dealt to Hero [Th 5d]
Dealt to 268908c 
Dealt to 5414015 
Dealt to 1d1d879d 
Dealt to bef37602 
Dealt to 752bb49a 
bef37602: calls $0.1
752bb49a: folds
Hero: folds
268908c: folds
5414015: calls $0.05
1d1d879d: checks
*** FLOP *** [6d 2h Ts]
5414015: checks
1d1d879d: checks
bef37602: checks
*** TURN *** [6d 2h Ts] [2d]
5414015: checks
1d1d879d: checks
bef37602: checks
*** RIVER *** [6d 2h Ts 2d] [Ks]
5414015: bets $0.15
1d1d879d: folds
bef37602: folds
Uncalled bet ($0.15) returned to 5414015
*** SHOWDOWN ***
5414015 collected $0.29 from pot
*** SUMMARY ***
Total pot $0.3 | Rake $0.01 | Jackpot $0 | Bingo $0 | Fortune $0 | Tax $0
Board [6d 2h Ts 2d Ks]
Seat 1: Hero folded before Flop (didn't bet)
Seat 2: 268908c (button) folded before Flop (didn't bet)
Seat 3: 5414015 (small blind) won ($0.29)
Seat 4: 1d1d879d (big blind) folded on the River
Seat 5: bef37602 folded on the River
Seat 6: 752bb49a folded before Flop (didn't bet)


Poker Hand #HD1753987162: Hold'em No Limit ($0.05/$0.1) - 2024/05/01 11:47:45
Table 'NLHRed17' 6-max Seat #1 is the button
Seat 1: Hero ($10.26 in chips)
Seat 2: 268908c ($10.18 in chips)
Seat 3: 5414015 ($9.3 in chips)
Seat 4: 1d1d879d ($19.69 in chips)
Seat 5: bef37602 ($8.05 in chips)
Seat 6: 752bb49a ($10 in chips)
268908c: posts small blind $0.05
5414015: posts big blind $0.1
*** HOLE CARDS ***
Dealt to Hero [4d Ac]
Dealt to 268908c 
Dealt to 5414015 
Dealt to 1d1d879d 
Dealt to bef37602 
Dealt to 752bb49a 
1d1d879d: folds
bef37602: calls $0.1
752bb49a: folds
Hero: folds
268908c: calls $0.05
5414015: checks
*** FLOP *** [Ts Kd Td]
268908c: checks
5414015: checks
bef37602: checks
*** TURN *** [Ts Kd Td] [Kc]
268908c: checks
5414015: checks
bef37602: checks
*** RIVER *** [Ts Kd Td Kc] [3s]
268908c: checks
5414015: checks
bef37602: bets $0.3
268908c: folds
5414015: folds
Uncalled bet ($0.3) returned to bef37602
*** SHOWDOWN ***
bef37602 collected $0.29 from pot
*** SUMMARY ***
Total pot $0.3 | Rake $0.01 | Jackpot $0 | Bingo $0 | Fortune $0 | Tax $0
Board [Ts Kd Td Kc 3s]
Seat 1: Hero (button) folded before Flop (didn't bet)
Seat 2: 268908c (small blind) folded on the River
Seat 3: 5414015 (big blind) folded on the River
Seat 4: 1d1d879d folded before Flop (didn't bet)
Seat 5: bef37602 won ($0.29)
Seat 6: 752bb49a folded before Flop (didn't bet)


Poker Hand #HD1753987066: Hold'em No Limit ($0.05/$0.1) - 2024/05/01 11:46:47
Table 'NLHRed17' 6-max Seat #6 is the button
Seat 1: Hero ($10.31 in chips)
Seat 2: 268908c ($10.28 in chips)
Seat 3: 5414015 ($9.3 in chips)
Seat 4: 1d1d879d ($19.89 in chips)
Seat 5: bef37602 ($7.31 in chips)
Seat 6: 752bb49a ($10.27 in chips)
Hero: posts small blind $0.05
268908c: posts big blind $0.1
*** HOLE CARDS ***
Dealt to Hero [9c Qc]
Dealt to 268908c 
Dealt to 5414015 
Dealt to 1d1d879d 
Dealt to bef37602 
Dealt to 752bb49a 
5414015: folds
1d1d879d: raises $0.1 to $0.2
bef37602: calls $0.2
752bb49a: calls $0.2
Hero: folds
268908c: folds
*** FLOP *** [Qh Kc 2d]
1d1d879d: checks
bef37602: bets $0.25
752bb49a: calls $0.25
1d1d879d: folds
*** TURN *** [Qh Kc 2d] [6d]
bef37602: bets $0.63
752bb49a: folds
Uncalled bet ($0.63) returned to bef37602
*** SHOWDOWN ***
bef37602 collected $1.19 from pot
*** SUMMARY ***
Total pot $1.25 | Rake $0.06 | Jackpot $0 | Bingo $0 | Fortune $0 | Tax $0
Board [Qh Kc 2d 6d]
Seat 1: Hero (small blind) folded before Flop
Seat 2: 268908c (big blind) folded before Flop
Seat 3: 5414015 folded before Flop (didn't bet)
Seat 4: 1d1d879d folded on the Flop
Seat 5: bef37602 won ($1.19)
Seat 6: 752bb49a (button) folded on the Turn


Poker Hand #HD1753986948: Hold'em No Limit ($0.05/$0.1) - 2024/05/01 11:45:38
Table 'NLHRed17' 6-max Seat #5 is the button
Seat 1: Hero ($10.07 in chips)
Seat 2: 268908c ($10.28 in chips)
Seat 3: 5414015 ($9.4 in chips)
Seat 4: 1d1d879d ($19.89 in chips)
Seat 5: bef37602 ($7.41 in chips)
Seat 6: 752bb49a ($10.32 in chips)
752bb49a: posts small blind $0.05
Hero: posts big blind $0.1
*** HOLE CARDS ***
Dealt to Hero [9s 5h]
Dealt to 268908c 
Dealt to 5414015 
Dealt to 1d1d879d 
Dealt to bef37602 
Dealt to 752bb49a 
268908c: folds
5414015: calls $0.1
1d1d879d: folds
bef37602: calls $0.1
752bb49a: folds
Hero: checks
*** FLOP *** [3h As Th]
Hero: checks
5414015: checks
bef37602: checks
*** TURN *** [3h As Th] [Tc]
Hero: checks
5414015: checks
bef37602: checks
*** RIVER *** [3h As Th Tc] [5s]
Hero: checks
5414015: checks
bef37602: checks
Hero: shows [9s 5h] (Pair of Tens and Pair of Fives)
5414015: shows [3c 2c] (Pair of Tens and Pair of Treys)
bef37602: shows [Kc Qs] (Pair of Tens)
*** SHOWDOWN ***
Hero collected $0.34 from pot
*** SUMMARY ***
Total pot $0.35 | Rake $0.01 | Jackpot $0 | Bingo $0 | Fortune $0 | Tax $0
Board [3h As Th Tc 5s]
Seat 1: Hero (big blind) showed [9s 5h] and won ($0.34) with Pair of Tens and Pair of Fives
Seat 2: 268908c folded before Flop (didn't bet)
Seat 3: 5414015 showed [3c 2c] and lost with Pair of Tens and Pair of Treys
Seat 4: 1d1d879d folded before Flop (didn't bet)
Seat 5: bef37602 (button) showed [Kc Qs] and lost with Pair of Tens
Seat 6: 752bb49a (small blind) folded before Flop


Poker Hand #HD1753986862: Hold'em No Limit ($0.05/$0.1) - 2024/05/01 11:44:37
Table 'NLHRed17' 6-max Seat #4 is the button
Seat 1: Hero ($10.07 in chips)
Seat 2: 268908c ($10.28 in chips)
Seat 3: 5414015 ($9.65 in chips)
Seat 4: 1d1d879d ($19.89 in chips)
Seat 5: bef37602 ($7.51 in chips)
Seat 6: 752bb49a ($10 in chips)
bef37602: posts small blind $0.05
752bb49a: posts big blind $0.1
*** HOLE CARDS ***
Dealt to Hero [Td 3d]
Dealt to 268908c 
Dealt to 5414015 
Dealt to 1d1d879d 
Dealt to bef37602 
Dealt to 752bb49a 
Hero: folds
268908c: folds
5414015: calls $0.1
1d1d879d: folds
bef37602: calls $0.05
752bb49a: checks
*** FLOP *** [Kh 8s 4d]
bef37602: checks
752bb49a: checks
5414015: checks
*** TURN *** [Kh 8s 4d] [9d]
bef37602: checks
752bb49a: bets $0.15
5414015: calls $0.15
bef37602: folds
*** RIVER *** [Kh 8s 4d 9d] [4h]
752bb49a: bets $0.6
5414015: folds
Uncalled bet ($0.6) returned to 752bb49a
*** SHOWDOWN ***
752bb49a collected $0.57 from pot
*** SUMMARY ***
Total pot $0.6 | Rake $0.03 | Jackpot $0 | Bingo $0 | Fortune $0 | Tax $0
Board [Kh 8s 4d 9d 4h]
Seat 1: Hero folded before Flop (didn't bet)
Seat 2: 268908c folded before Flop (didn't bet)
Seat 3: 5414015 folded on the River
Seat 4: 1d1d879d (button) folded before Flop (didn't bet)
Seat 5: bef37602 (small blind) folded on the Turn
Seat 6: 752bb49a (big blind) won ($0.57)


Poker Hand #HD1753986816: Hold'em No Limit ($0.05/$0.1) - 2024/05/01 11:44:04
Table 'NLHRed17' 6-max Seat #3 is the button
Seat 1: Hero ($10.07 in chips)
Seat 2: 268908c ($10 in chips)
Seat 3: 5414015 ($9.65 in chips)
Seat 4: 1d1d879d ($19.94 in chips)
Seat 5: bef37602 ($7.76 in chips)
Seat 6: 752bb49a ($10 in chips)
1d1d879d: posts small blind $0.05
bef37602: posts big blind $0.1
*** HOLE CARDS ***
Dealt to Hero [4h 2h]
Dealt to 268908c 
Dealt to 5414015 
Dealt to 1d1d879d 
Dealt to bef37602 
Dealt to 752bb49a 
752bb49a: folds
Hero: folds
268908c: raises $0.15 to $0.25
5414015: folds
1d1d879d: folds
bef37602: calls $0.15
*** FLOP *** [Kc Kh Ac]
bef37602: checks
268908c: bets $0.19
bef37602: folds
Uncalled bet ($0.19) returned to 268908c
*** SHOWDOWN ***
268908c collected $0.53 from pot
*** SUMMARY ***
Total pot $0.55 | Rake $0.02 | Jackpot $0 | Bingo $0 | Fortune $0 | Tax $0
Board [Kc Kh Ac]
Seat 1: Hero folded before Flop (didn't bet)
Seat 2: 268908c won ($0.53)
Seat 3: 5414015 (button) folded before Flop (didn't bet)
Seat 4: 1d1d879d (small blind) folded before Flop
Seat 5: bef37602 (big blind) folded on the Flop
Seat 6: 752bb49a folded before Flop (didn't bet)


Poker Hand #HD1753986726: Hold'em No Limit ($0.05/$0.1) - 2024/05/01 11:43:06
Table 'NLHRed17' 6-max Seat #2 is the button
Seat 1: Hero ($10.07 in chips)
Seat 2: 268908c ($10 in chips)
Seat 3: 5414015 ($10.2 in chips)
Seat 4: 1d1d879d ($19.35 in chips)
Seat 5: bef37602 ($7.86 in chips)
Seat 6: 752bb49a ($10 in chips)
5414015: posts small blind $0.05
1d1d879d: posts big blind $0.1
*** HOLE CARDS ***
Dealt to Hero [Ks 9c]
Dealt to 268908c 
Dealt to 5414015 
Dealt to 1d1d879d 
Dealt to bef37602 
Dealt to 752bb49a 
bef37602: calls $0.1
752bb49a: folds
Hero: folds
268908c: folds
5414015: calls $0.05
1d1d879d: checks
*** FLOP *** [7c 5s 3s]
5414015: checks
1d1d879d: bets $0.45
bef37602: folds
5414015: calls $0.45
*** TURN *** [7c 5s 3s] [Th]
5414015: checks
1d1d879d: bets $1.8
5414015: folds
Uncalled bet ($1.8) returned to 1d1d879d
*** SHOWDOWN ***
1d1d879d collected $1.14 from pot
*** SUMMARY ***
Total pot $1.2 | Rake $0.06 | Jackpot $0 | Bingo $0 | Fortune $0 | Tax $0
Board [7c 5s 3s Th]
Seat 1: Hero folded before Flop (didn't bet)
Seat 2: 268908c (button) folded before Flop (didn't bet)
Seat 3: 5414015 (small blind) folded on the Turn
Seat 4: 1d1d879d (big blind) won ($1.14)
Seat 5: bef37602 folded on the Flop
Seat 6: 752bb49a folded before Flop (didn't bet)


Poker Hand #HD1753986691: Hold'em No Limit ($0.05/$0.1) - 2024/05/01 11:42:38
Table 'NLHRed17' 6-max Seat #1 is the button
Seat 1: Hero ($10.07 in chips)
Seat 2: 268908c ($10 in chips)
Seat 3: 5414015 ($10.3 in chips)
Seat 4: 1d1d879d ($19.35 in chips)
Seat 5: bef37602 ($7.72 in chips)
Seat 6: 752bb49a ($10 in chips)
268908c: posts small blind $0.05
5414015: posts big blind $0.1
*** HOLE CARDS ***
Dealt to Hero [2h Kc]
Dealt to 268908c 
Dealt to 5414015 
Dealt to 1d1d879d 
Dealt to bef37602 
Dealt to 752bb49a 
1d1d879d: folds
bef37602: calls $0.1
752bb49a: folds
Hero: folds
268908c: folds
5414015: checks
*** FLOP *** [Js Qh Jd]
5414015: checks
bef37602: checks
*** TURN *** [Js Qh Jd] [Ts]
5414015: checks
bef37602: checks
*** RIVER *** [Js Qh Jd Ts] [6c]
5414015: checks
bef37602: bets $0.25
5414015: folds
Uncalled bet ($0.25) returned to bef37602
*** SHOWDOWN ***
bef37602 collected $0.24 from pot
*** SUMMARY ***
Total pot $0.25 | Rake $0.01 | Jackpot $0 | Bingo $0 | Fortune $0 | Tax $0
Board [Js Qh Jd Ts 6c]
Seat 1: Hero (button) folded before Flop (didn't bet)
Seat 2: 268908c (small blind) folded before Flop
Seat 3: 5414015 (big blind) folded on the River
Seat 4: 1d1d879d folded before Flop (didn't bet)
Seat 5: bef37602 won ($0.24)
Seat 6: 752bb49a folded before Flop (didn't bet)


Poker Hand #HD1753986562: Hold'em No Limit ($0.05/$0.1) - 2024/05/01 11:41:16
Table 'NLHRed17' 6-max Seat #6 is the button
Seat 1: Hero ($10.12 in chips)
Seat 2: 268908c ($10 in chips)
Seat 3: 5414015 ($10.3 in chips)
Seat 4: 1d1d879d ($10 in chips)
Seat 5: bef37602 ($8.02 in chips)
Seat 6: 752bb49a ($11.35 in chips)
Hero: posts small blind $0.05
268908c: posts big blind $0.1
*** HOLE CARDS ***
Dealt to Hero [9d 9c]
Dealt to 268908c 
Dealt to 5414015 
Dealt to 1d1d879d 
Dealt to bef37602 
Dealt to 752bb49a 
5414015: folds
1d1d879d: raises $0.2 to $0.3
bef37602: calls $0.3
752bb49a: raises $1.2 to $1.5
Hero: folds
268908c: folds
1d1d879d: raises $8.5 to $10 and is all-in
bef37602: folds
752bb49a: calls $8.5
1d1d879d: shows [Kh As]
752bb49a: shows [Qh Qc]
*** FIRST FLOP *** [Ts 5h Ah]
*** FIRST TURN *** [Ts 5h Ah] [9h]
*** FIRST RIVER *** [Ts 5h Ah 9h] [7s]
*** SECOND FLOP *** [Kd 2c 7h]
*** SECOND TURN *** [Kd 2c 7h] [2h]
*** SECOND RIVER *** [Kd 2c 7h 2h] [4c]
*** FIRST SHOWDOWN ***
1d1d879d collected $9.68 from pot
*** SECOND SHOWDOWN ***
1d1d879d collected $9.67 from pot
*** SUMMARY ***
Total pot $20.45 | Rake $1 | Jackpot $0.1 | Bingo $0 | Fortune $0 | Tax $0
Hand was run two times
FIRST Board [Ts 5h Ah 9h 7s]
SECOND Board [Kd 2c 7h 2h 4c]
Seat 1: Hero (small blind) folded before Flop
Seat 2: 268908c (big blind) folded before Flop
Seat 3: 5414015 folded before Flop (didn't bet)
Seat 4: 1d1d879d showed [Kh As] and won ($9.68) with Pair of Aces, and won ($9.67) with Pair of Kings and Pair of Twos
Seat 5: bef37602 folded before Flop
Seat 6: 752bb49a (button) showed [Qh Qc] and lost with Pair of Queens, and lost with Pair of Queens and Pair of Twos


Poker Hand #HD1753986490: Hold'em No Limit ($0.05/$0.1) - 2024/05/01 11:40:37
Table 'NLHRed17' 6-max Seat #5 is the button
Seat 1: Hero ($10.22 in chips)
Seat 3: 5414015 ($10.3 in chips)
Seat 4: 1d1d879d ($10 in chips)
Seat 5: bef37602 ($7.88 in chips)
Seat 6: 752bb49a ($11.4 in chips)
752bb49a: posts small blind $0.05
Hero: posts big blind $0.1
*** HOLE CARDS ***
Dealt to Hero [3c 8d]
Dealt to 5414015 
Dealt to 1d1d879d 
Dealt to bef37602 
Dealt to 752bb49a 
5414015: folds
1d1d879d: folds
bef37602: calls $0.1
752bb49a: folds
Hero: checks
*** FLOP *** [As Td Ah]
Hero: checks
bef37602: checks
*** TURN *** [As Td Ah] [Ac]
Hero: checks
bef37602: checks
*** RIVER *** [As Td Ah Ac] [4d]
Hero: checks
bef37602: bets $0.45
Hero: folds
Uncalled bet ($0.45) returned to bef37602
*** SHOWDOWN ***
bef37602 collected $0.24 from pot
*** SUMMARY ***
Total pot $0.25 | Rake $0.01 | Jackpot $0 | Bingo $0 | Fortune $0 | Tax $0
Board [As Td Ah Ac 4d]
Seat 1: Hero (big blind) folded on the River
Seat 3: 5414015 folded before Flop (didn't bet)
Seat 4: 1d1d879d folded before Flop (didn't bet)
Seat 5: bef37602 (button) won ($0.24)
Seat 6: 752bb49a (small blind) folded before Flop


Poker Hand #HD1753986410: Hold'em No Limit ($0.05/$0.1) - 2024/05/01 11:39:44
Table 'NLHRed17' 6-max Seat #4 is the button
Seat 1: Hero ($10.42 in chips)
Seat 3: 5414015 ($10.3 in chips)
Seat 4: 1d1d879d ($10 in chips)
Seat 5: bef37602 ($8.38 in chips)
Seat 6: 752bb49a ($10.76 in chips)
bef37602: posts small blind $0.05
752bb49a: posts big blind $0.1
*** HOLE CARDS ***
Dealt to Hero [Kh Ac]
Dealt to 5414015 
Dealt to 1d1d879d 
Dealt to bef37602 
Dealt to 752bb49a 
Hero: raises $0.1 to $0.2
5414015: folds
1d1d879d: folds
bef37602: calls $0.15
752bb49a: calls $0.1
*** FLOP *** [8d Js 9h]
bef37602: checks
752bb49a: checks
Hero: checks
*** TURN *** [8d Js 9h] [8h]
bef37602: checks
752bb49a: bets $0.3
Hero: folds
bef37602: calls $0.3
*** RIVER *** [8d Js 9h 8h] [9d]
bef37602: checks
752bb49a: checks
bef37602: shows [6c Td] (Pair of Nines and Pair of Eights)
752bb49a: shows [7d Ah] (Pair of Nines and Pair of Eights)
*** SHOWDOWN ***
752bb49a collected $1.14 from pot
*** SUMMARY ***
Total pot $1.2 | Rake $0.06 | Jackpot $0 | Bingo $0 | Fortune $0 | Tax $0
Board [8d Js 9h 8h 9d]
Seat 1: Hero folded on the Turn
Seat 3: 5414015 folded before Flop (didn't bet)
Seat 4: 1d1d879d (button) folded before Flop (didn't bet)
Seat 5: bef37602 (small blind) showed [6c Td] and lost with Pair of Nines and Pair of Eights
Seat 6: 752bb49a (big blind) showed [7d Ah] and won ($1.14) with Pair of Nines and Pair of Eights


Poker Hand #HD1753986387: Hold'em No Limit ($0.05/$0.1) - 2024/05/01 11:39:27
Table 'NLHRed17' 6-max Seat #3 is the button
Seat 1: Hero ($10.42 in chips)
Seat 3: 5414015 ($10.4 in chips)
Seat 4: 1d1d879d ($10 in chips)
Seat 5: bef37602 ($8.24 in chips)
Seat 6: 752bb49a ($10.76 in chips)
1d1d879d: posts small blind $0.05
bef37602: posts big blind $0.1
*** HOLE CARDS ***
Dealt to Hero [Qh 2s]
Dealt to 5414015 
Dealt to 1d1d879d 
Dealt to bef37602 
Dealt to 752bb49a 
752bb49a: folds
Hero: folds
5414015: calls $0.1
1d1d879d: folds
bef37602: checks
*** FLOP *** [As 3c Td]
bef37602: checks
5414015: checks
*** TURN *** [As 3c Td] [Tc]
bef37602: bets $0.13
5414015: folds
Uncalled bet ($0.13) returned to bef37602
*** SHOWDOWN ***
bef37602 collected $0.24 from pot
*** SUMMARY ***
Total pot $0.25 | Rake $0.01 | Jackpot $0 | Bingo $0 | Fortune $0 | Tax $0
Board [As 3c Td Tc]
Seat 1: Hero folded before Flop (didn't bet)
Seat 3: 5414015 (button) folded on the Turn
Seat 4: 1d1d879d (small blind) folded before Flop
Seat 5: bef37602 (big blind) won ($0.24)
Seat 6: 752bb49a folded before Flop (didn't bet)


Poker Hand #HD1753986296: Hold'em No Limit ($0.05/$0.1) - 2024/05/01 11:38:25
Table 'NLHRed17' 6-max Seat #2 is the button
Seat 1: Hero ($10.42 in chips)
Seat 2: 9c4811af ($3.86 in chips)
Seat 3: 5414015 ($10.45 in chips)
Seat 4: 1d1d879d ($10 in chips)
Seat 5: bef37602 ($4.71 in chips)
Seat 6: 752bb49a ($10.76 in chips)
5414015: posts small blind $0.05
1d1d879d: posts big blind $0.1
*** HOLE CARDS ***
Dealt to Hero [9s Th]
Dealt to 9c4811af 
Dealt to 5414015 
Dealt to 1d1d879d 
Dealt to bef37602 
Dealt to 752bb49a 
bef37602: calls $0.1
752bb49a: folds
Hero: folds
9c4811af: raises $0.18 to $0.28
5414015: folds
1d1d879d: folds
bef37602: calls $0.18
*** FLOP *** [Qc 8c 8d]
bef37602: bets $0.36
9c4811af: calls $0.36
*** TURN *** [Qc 8c 8d] [Kd]
bef37602: bets $0.48
9c4811af: calls $0.48
*** RIVER *** [Qc 8c 8d Kd] [3h]
bef37602: bets $0.79
9c4811af: raises $1.95 to $2.74 and is all-in
bef37602: calls $1.95
9c4811af: shows [Td Kh] (Pair of Kings and Pair of Eights)
bef37602: shows [Js 8h] (Three Eights)
*** SHOWDOWN ***
bef37602 collected $7.39 from pot
*** SUMMARY ***
Total pot $7.87 | Rake $0.38 | Jackpot $0.1 | Bingo $0 | Fortune $0 | Tax $0
Board [Qc 8c 8d Kd 3h]
Seat 1: Hero folded before Flop (didn't bet)
Seat 2: 9c4811af (button) showed [Td Kh] and lost with Pair of Kings and Pair of Eights
Seat 3: 5414015 (small blind) folded before Flop
Seat 4: 1d1d879d (big blind) folded before Flop
Seat 5: bef37602 showed [Js 8h] and won ($7.39) with Three Eights
Seat 6: 752bb49a folded before Flop (didn't bet)


Poker Hand #HD1753986238: Hold'em No Limit ($0.05/$0.1) - 2024/05/01 11:37:46
Table 'NLHRed17' 6-max Seat #1 is the button
Seat 1: Hero ($10.42 in chips)
Seat 2: 9c4811af ($3.91 in chips)
Seat 3: 5414015 ($10.8 in chips)
Seat 5: bef37602 ($5.06 in chips)
Seat 6: 752bb49a ($10.06 in chips)
9c4811af: posts small blind $0.05
5414015: posts big blind $0.1
*** HOLE CARDS ***
Dealt to Hero [9h Td]
Dealt to 9c4811af 
Dealt to 5414015 
Dealt to bef37602 
Dealt to 752bb49a 
bef37602: calls $0.1
752bb49a: raises $0.25 to $0.35
Hero: folds
9c4811af: folds
5414015: calls $0.25
bef37602: calls $0.25
*** FLOP *** [8d Ah 6h]
5414015: checks
bef37602: checks
752bb49a: bets $0.37
5414015: folds
bef37602: folds
Uncalled bet ($0.37) returned to 752bb49a
*** SHOWDOWN ***
752bb49a collected $1.05 from pot
*** SUMMARY ***
Total pot $1.1 | Rake $0.05 | Jackpot $0 | Bingo $0 | Fortune $0 | Tax $0
Board [8d Ah 6h]
Seat 1: Hero (button) folded before Flop (didn't bet)
Seat 2: 9c4811af (small blind) folded before Flop
Seat 3: 5414015 (big blind) folded on the Flop
Seat 5: bef37602 folded on the Flop
Seat 6: 752bb49a won ($1.05)


Poker Hand #HD1753986185: Hold'em No Limit ($0.05/$0.1) - 2024/05/01 11:37:18
Table 'NLHRed17' 6-max Seat #6 is the button
Seat 1: Hero ($10.47 in chips)
Seat 2: 9c4811af ($3.77 in chips)
Seat 3: 5414015 ($10.8 in chips)
Seat 5: bef37602 ($5.16 in chips)
Seat 6: 752bb49a ($10.06 in chips)
Hero: posts small blind $0.05
9c4811af: posts big blind $0.1
*** HOLE CARDS ***
Dealt to Hero [Ac 8h]
Dealt to 9c4811af 
Dealt to 5414015 
Dealt to bef37602 
Dealt to 752bb49a 
5414015: folds
bef37602: calls $0.1
752bb49a: folds
Hero: folds
9c4811af: checks
*** FLOP *** [Ad 8d As]
9c4811af: checks
bef37602: checks
*** TURN *** [Ad 8d As] [Kd]
9c4811af: checks
bef37602: checks
*** RIVER *** [Ad 8d As Kd] [Td]
9c4811af: checks
bef37602: checks
9c4811af: shows [8s 9d] (Ace High Flush)
bef37602: shows [Js 4h] (Pair of Aces)
*** SHOWDOWN ***
9c4811af collected $0.24 from pot
*** SUMMARY ***
Total pot $0.25 | Rake $0.01 | Jackpot $0 | Bingo $0 | Fortune $0 | Tax $0
Board [Ad 8d As Kd Td]
Seat 1: Hero (small blind) folded before Flop
Seat 2: 9c4811af (big blind) showed [8s 9d] and won ($0.24) with Ace High Flush
Seat 3: 5414015 folded before Flop (didn't bet)
Seat 5: bef37602 showed [Js 4h] and lost with Pair of Aces
Seat 6: 752bb49a (button) folded before Flop (didn't bet)


Poker Hand #HD1753986118: Hold'em No Limit ($0.05/$0.1) - 2024/05/01 11:36:32
Table 'NLHRed17' 6-max Seat #5 is the button
Seat 1: Hero ($10.57 in chips)
Seat 2: 9c4811af ($3.77 in chips)
Seat 3: 5414015 ($10.74 in chips)
Seat 5: bef37602 ($5.26 in chips)
Seat 6: 752bb49a ($10 in chips)
752bb49a: posts small blind $0.05
Hero: posts big blind $0.1
*** HOLE CARDS ***
Dealt to Hero [5s Jd]
Dealt to 9c4811af 
Dealt to 5414015 
Dealt to bef37602 
Dealt to 752bb49a 
9c4811af: folds
5414015: calls $0.1
bef37602: calls $0.1
752bb49a: raises $0.3 to $0.4
Hero: folds
5414015: calls $0.3
bef37602: folds
*** FLOP *** [9s 9d 6c]
752bb49a: bets $0.33
5414015: calls $0.33
*** TURN *** [9s 9d 6c] [6h]
752bb49a: checks
5414015: checks
*** RIVER *** [9s 9d 6c 6h] [Qd]
752bb49a: checks
5414015: checks
752bb49a: shows [Tc Jc] (Pair of Nines and Pair of Sixes)
5414015: shows [5h 5d] (Pair of Nines and Pair of Sixes)
*** SHOWDOWN ***
752bb49a collected $0.79 from pot
5414015 collected $0.79 from pot
*** SUMMARY ***
Total pot $1.66 | Rake $0.08 | Jackpot $0 | Bingo $0 | Fortune $0 | Tax $0
Board [9s 9d 6c 6h Qd]
Seat 1: Hero (big blind) folded before Flop
Seat 2: 9c4811af folded before Flop (didn't bet)
Seat 3: 5414015 showed [5h 5d] and won ($0.79) with Pair of Nines and Pair of Sixes
Seat 5: bef37602 (button) folded before Flop
Seat 6: 752bb49a (small blind) showed [Tc Jc] and won ($0.79) with Pair of Nines and Pair of Sixes


Poker Hand #HD1753986060: Hold'em No Limit ($0.05/$0.1) - 2024/05/01 11:35:56
Table 'NLHRed17' 6-max Seat #3 is the button
Seat 1: Hero ($10.57 in chips)
Seat 2: 9c4811af ($3.77 in chips)
Seat 3: 5414015 ($10.55 in chips)
Seat 5: bef37602 ($5.36 in chips)
Seat 6: 752bb49a ($10 in chips)
bef37602: posts small blind $0.05
752bb49a: posts big blind $0.1
*** HOLE CARDS ***
Dealt to Hero [3c Kd]
Dealt to 9c4811af 
Dealt to 5414015 
Dealt to bef37602 
Dealt to 752bb49a 
Hero: folds
9c4811af: folds
5414015: calls $0.1
bef37602: calls $0.05
752bb49a: checks
*** FLOP *** [7d 9d 6d]
bef37602: checks
752bb49a: checks
5414015: checks
*** TURN *** [7d 9d 6d] [8c]
bef37602: checks
752bb49a: checks
5414015: checks
*** RIVER *** [7d 9d 6d 8c] [8s]
bef37602: checks
752bb49a: checks
5414015: checks
bef37602: shows [3s Ah] (Pair of Eights)
752bb49a: shows [Kc 2h] (Pair of Eights)
5414015: shows [4h 4c] (Pair of Eights and Pair of Fours)
*** SHOWDOWN ***
5414015 collected $0.29 from pot
*** SUMMARY ***
Total pot $0.3 | Rake $0.01 | Jackpot $0 | Bingo $0 | Fortune $0 | Tax $0
Board [7d 9d 6d 8c 8s]
Seat 1: Hero folded before Flop (didn't bet)
Seat 2: 9c4811af folded before Flop (didn't bet)
Seat 3: 5414015 (button) showed [4h 4c] and won ($0.29) with Pair of Eights and Pair of Fours
Seat 5: bef37602 (small blind) showed [3s Ah] and lost with Pair of Eights
Seat 6: 752bb49a (big blind) showed [Kc 2h] and lost with Pair of Eights


Poker Hand #HD1753986028: Hold'em No Limit ($0.05/$0.1) - 2024/05/01 11:35:37
Table 'NLHRed17' 6-max Seat #2 is the button
Seat 1: Hero ($10.57 in chips)
Seat 2: 9c4811af ($3.77 in chips)
Seat 3: 5414015 ($10.46 in chips)
Seat 5: bef37602 ($5.46 in chips)
5414015: posts small blind $0.05
bef37602: posts big blind $0.1
*** HOLE CARDS ***
Dealt to Hero [2d Td]
Dealt to 9c4811af 
Dealt to 5414015 
Dealt to bef37602 
Hero: folds
9c4811af: folds
5414015: calls $0.05
bef37602: checks
*** FLOP *** [4s Ad 3s]
5414015: checks
bef37602: checks
*** TURN *** [4s Ad 3s] [6h]
5414015: bets $0.1
bef37602: folds
Uncalled bet ($0.1) returned to 5414015
*** SHOWDOWN ***
5414015 collected $0.19 from pot
*** SUMMARY ***
Total pot $0.2 | Rake $0.01 | Jackpot $0 | Bingo $0 | Fortune $0 | Tax $0
Board [4s Ad 3s 6h]
Seat 1: Hero folded before Flop (didn't bet)
Seat 2: 9c4811af (button) folded before Flop (didn't bet)
Seat 3: 5414015 (small blind) won ($0.19)
Seat 5: bef37602 (big blind) folded on the Turn


Poker Hand #HD1753985947: Hold'em No Limit ($0.05/$0.1) - 2024/05/01 11:34:45
Table 'NLHRed17' 6-max Seat #1 is the button
Seat 1: Hero ($10.57 in chips)
Seat 2: 9c4811af ($3.58 in chips)
Seat 3: 5414015 ($10.56 in chips)
Seat 5: bef37602 ($5.56 in chips)
9c4811af: posts small blind $0.05
5414015: posts big blind $0.1
*** HOLE CARDS ***
Dealt to Hero [9s Td]
Dealt to 9c4811af 
Dealt to 5414015 
Dealt to bef37602 
bef37602: calls $0.1
Hero: folds
9c4811af: calls $0.05
5414015: checks
*** FLOP *** [Tc 2s 3s]
9c4811af: checks
5414015: checks
bef37602: checks
*** TURN *** [Tc 2s 3s] [Js]
9c4811af: checks
5414015: checks
bef37602: checks
*** RIVER *** [Tc 2s 3s Js] [9c]
9c4811af: checks
5414015: checks
bef37602: checks
9c4811af: shows [6d Ks] (King-High)
5414015: shows [7s Qh] (Queen-High)
bef37602: shows [6h Qc] (Queen-High)
*** SHOWDOWN ***
9c4811af collected $0.29 from pot
*** SUMMARY ***
Total pot $0.3 | Rake $0.01 | Jackpot $0 | Bingo $0 | Fortune $0 | Tax $0
Board [Tc 2s 3s Js 9c]
Seat 1: Hero (button) folded before Flop (didn't bet)
Seat 2: 9c4811af (small blind) showed [6d Ks] and won ($0.29) with King-High
Seat 3: 5414015 (big blind) showed [7s Qh] and lost with Queen-High
Seat 5: bef37602 showed [6h Qc] and lost with Queen-High


Poker Hand #HD1753985904: Hold'em No Limit ($0.05/$0.1) - 2024/05/01 11:34:18
Table 'NLHRed17' 6-max Seat #5 is the button
Seat 1: Hero ($10.62 in chips)
Seat 2: 9c4811af ($3.68 in chips)
Seat 3: 5414015 ($10.49 in chips)
Seat 5: bef37602 ($5.5 in chips)
Hero: posts small blind $0.05
9c4811af: posts big blind $0.1
*** HOLE CARDS ***
Dealt to Hero [3h 8s]
Dealt to 9c4811af 
Dealt to 5414015 
Dealt to bef37602 
5414015: raises $0.1 to $0.2
bef37602: calls $0.2
Hero: folds
9c4811af: folds
*** FLOP *** [Th 6h Jd]
5414015: checks
bef37602: checks
*** TURN *** [Th 6h Jd] [6d]
5414015: checks
bef37602: checks
*** RIVER *** [Th 6h Jd 6d] [Kc]
5414015: checks
bef37602: checks
5414015: shows [As 3s] (Pair of Sixes)
bef37602: shows [Ad 7d] (Pair of Sixes)
*** SHOWDOWN ***
5414015 collected $0.27 from pot
bef37602 collected $0.26 from pot
*** SUMMARY ***
Total pot $0.55 | Rake $0.02 | Jackpot $0 | Bingo $0 | Fortune $0 | Tax $0
Board [Th 6h Jd 6d Kc]
Seat 1: Hero (small blind) folded before Flop
Seat 2: 9c4811af (big blind) folded before Flop
Seat 3: 5414015 showed [As 3s] and won ($0.27) with Pair of Sixes
Seat 5: bef37602 (button) showed [Ad 7d] and won ($0.26) with Pair of Sixes


Poker Hand #HD1753985848: Hold'em No Limit ($0.05/$0.1) - 2024/05/01 11:33:42
Table 'NLHRed17' 6-max Seat #3 is the button
Seat 1: Hero ($10.72 in chips)
Seat 2: 9c4811af ($6.08 in chips)
Seat 3: 5414015 ($10.49 in chips)
Seat 5: bef37602 ($3.34 in chips)
bef37602: posts small blind $0.05
Hero: posts big blind $0.1
*** HOLE CARDS ***
Dealt to Hero [4c Ks]
Dealt to 9c4811af 
Dealt to 5414015 
Dealt to bef37602 
9c4811af: raises $0.2 to $0.3
5414015: folds
bef37602: calls $0.25
Hero: folds
*** FLOP *** [5h Ts 8h]
bef37602: bets $0.24
9c4811af: calls $0.24
*** TURN *** [5h Ts 8h] [5c]
bef37602: bets $0.39
9c4811af: calls $0.39
*** RIVER *** [5h Ts 8h 5c] [Jh]
bef37602: bets $1.47
9c4811af: calls $1.47
bef37602: shows [Js Jc] (Jacks Full over Fives)
9c4811af: shows [6d 6h] (Pair of Sixes and Pair of Fives)
*** SHOWDOWN ***
bef37602 collected $4.56 from pot
*** SUMMARY ***
Total pot $4.9 | Rake $0.24 | Jackpot $0.1 | Bingo $0 | Fortune $0 | Tax $0
Board [5h Ts 8h 5c Jh]
Seat 1: Hero (big blind) folded before Flop
Seat 2: 9c4811af showed [6d 6h] and lost with Pair of Sixes and Pair of Fives
Seat 3: 5414015 (button) folded before Flop (didn't bet)
Seat 5: bef37602 (small blind) showed [Js Jc] and won ($4.56) with Jacks Full over Fives


Poker Hand #HD1753985787: Hold'em No Limit ($0.05/$0.1) - 2024/05/01 11:33:04
Table 'NLHRed17' 6-max Seat #2 is the button
Seat 1: Hero ($10.96 in chips)
Seat 2: 9c4811af ($6.08 in chips)
Seat 3: 5414015 ($10.54 in chips)
Seat 5: bef37602 ($3.07 in chips)
5414015: posts small blind $0.05
bef37602: posts big blind $0.1
*** HOLE CARDS ***
Dealt to Hero [Kd Qd]
Dealt to 9c4811af 
Dealt to 5414015 
Dealt to bef37602 
Hero: raises $0.14 to $0.24
9c4811af: folds
5414015: folds
bef37602: calls $0.14
*** FLOP *** [3h 9d 6h]
bef37602: checks
Hero: checks
*** TURN *** [3h 9d 6h] [5h]
bef37602: bets $0.4
Hero: folds
Uncalled bet ($0.4) returned to bef37602
*** SHOWDOWN ***
bef37602 collected $0.51 from pot
*** SUMMARY ***
Total pot $0.53 | Rake $0.02 | Jackpot $0 | Bingo $0 | Fortune $0 | Tax $0
Board [3h 9d 6h 5h]
Seat 1: Hero folded on the Turn
Seat 2: 9c4811af (button) folded before Flop (didn't bet)
Seat 3: 5414015 (small blind) folded before Flop
Seat 5: bef37602 (big blind) won ($0.51)


Poker Hand #HD1753985727: Hold'em No Limit ($0.05/$0.1) - 2024/05/01 11:32:30
Table 'NLHRed17' 6-max Seat #1 is the button
Seat 1: Hero ($10.51 in chips)
Seat 2: 9c4811af ($6.13 in chips)
Seat 3: 5414015 ($10.64 in chips)
Seat 5: bef37602 ($3.41 in chips)
9c4811af: posts small blind $0.05
5414015: posts big blind $0.1
*** HOLE CARDS ***
Dealt to Hero [Kh Ts]
Dealt to 9c4811af 
Dealt to 5414015 
Dealt to bef37602 
bef37602: calls $0.1
Hero: raises $0.24 to $0.34
9c4811af: folds
5414015: folds
bef37602: calls $0.24
*** FLOP *** [7h 3h As]
bef37602: checks
Hero: checks
*** TURN *** [7h 3h As] [6c]
bef37602: checks
Hero: checks
*** RIVER *** [7h 3h As 6c] [5d]
bef37602: checks
Hero: checks
bef37602: shows [Jc Td] (Ace-High)
Hero: shows [Kh Ts] (Ace-High)
*** SHOWDOWN ***
Hero collected $0.79 from pot
*** SUMMARY ***
Total pot $0.83 | Rake $0.04 | Jackpot $0 | Bingo $0 | Fortune $0 | Tax $0
Board [7h 3h As 6c 5d]
Seat 1: Hero (button) showed [Kh Ts] and won ($0.79) with Ace-High
Seat 2: 9c4811af (small blind) folded before Flop
Seat 3: 5414015 (big blind) folded before Flop
Seat 5: bef37602 showed [Jc Td] and lost with Ace-High


Poker Hand #HD1753985652: Hold'em No Limit ($0.05/$0.1) - 2024/05/01 11:31:43
Table 'NLHRed17' 6-max Seat #5 is the button
Seat 1: Hero ($10.56 in chips)
Seat 2: 9c4811af ($6.5 in chips)
Seat 3: 5414015 ($10.74 in chips)
Seat 5: bef37602 ($2.93 in chips)
Hero: posts small blind $0.05
9c4811af: posts big blind $0.1
*** HOLE CARDS ***
Dealt to Hero [7s Jd]
Dealt to 9c4811af 
Dealt to 5414015 
Dealt to bef37602 
5414015: calls $0.1
bef37602: calls $0.1
Hero: folds
9c4811af: checks
*** FLOP *** [9c 5h 9h]
9c4811af: checks
5414015: checks
bef37602: bets $0.27
9c4811af: calls $0.27
5414015: folds
*** TURN *** [9c 5h 9h] [As]
9c4811af: checks
bef37602: bets $0.67
9c4811af: folds
Uncalled bet ($0.67) returned to bef37602
*** SHOWDOWN ***
bef37602 collected $0.85 from pot
*** SUMMARY ***
Total pot $0.89 | Rake $0.04 | Jackpot $0 | Bingo $0 | Fortune $0 | Tax $0
Board [9c 5h 9h As]
Seat 1: Hero (small blind) folded before Flop
Seat 2: 9c4811af (big blind) folded on the Turn
Seat 3: 5414015 folded on the Flop
Seat 5: bef37602 (button) won ($0.85)


Poker Hand #HD1753885603: Hold'em No Limit ($0.05/$0.1) - 2024/05/01 11:31:08
Table 'NLHRed17' 6-max Seat #4 is the button
Seat 1: Hero ($10 in chips)
Seat 2: 9c4811af ($6.8 in chips)
Seat 3: 5414015 ($10.74 in chips)
Seat 4: 1b37b54d ($7.78 in chips)
Seat 5: bef37602 ($3.23 in chips)
bef37602: posts small blind $0.05
Hero: posts big blind $0.1
*** HOLE CARDS ***
Dealt to Hero [Qc Ad]
Dealt to 9c4811af 
Dealt to 5414015 
Dealt to 1b37b54d 
Dealt to bef37602 
9c4811af: raises $0.2 to $0.3
5414015: folds
1b37b54d: folds
bef37602: calls $0.25
Hero: raises $1.1 to $1.4
9c4811af: folds
bef37602: folds
Uncalled bet ($1.1) returned to Hero
*** SHOWDOWN ***
Hero collected $0.86 from pot
*** SUMMARY ***
Total pot $0.9 | Rake $0.04 | Jackpot $0 | Bingo $0 | Fortune $0 | Tax $0
Seat 1: Hero (big blind) collected ($0.86)
Seat 2: 9c4811af folded before Flop
Seat 3: 5414015 folded before Flop (didn't bet)
Seat 4: 1b37b54d (button) folded before Flop (didn't bet)
Seat 5: bef37602 (small blind) folded before Flop


