Poker Hand #HD1846915018: Hold'em No Limit ($0.05/$0.1) - 2024/07/07 16:25:12
Table 'NLHRed22' 6-max Seat #1 is the button
Seat 1: 6ed86dd3 ($15.18 in chips)
Seat 2: d7a97963 ($9.86 in chips)
Seat 3: Hero ($14.52 in chips)
Seat 4: 511bae54 ($9.56 in chips)
Seat 5: d591d3a2 ($10.27 in chips)
Seat 6: 172bb4d0 ($9.17 in chips)
d7a97963: posts small blind $0.05
Hero: posts big blind $0.1
*** HOLE CARDS ***
Dealt to 6ed86dd3 
Dealt to d7a97963 
Dealt to Hero [Ks Qs]
Dealt to 511bae54 
Dealt to d591d3a2 
Dealt to 172bb4d0 
511bae54: folds
d591d3a2: folds
172bb4d0: folds
6ed86dd3: raises $0.1 to $0.2
d7a97963: folds
Hero: raises $0.7 to $0.9
6ed86dd3: calls $0.7
*** FLOP *** [Th Qd 6d]
Hero: bets $0.62
6ed86dd3: calls $0.62
*** TURN *** [Th Qd 6d] [Js]
Hero: checks
6ed86dd3: checks
*** RIVER *** [Th Qd 6d Js] [Jc]
Hero: checks
6ed86dd3: checks
Hero: shows [Ks Qs] (Pair of Queens and Pair of Jacks)
6ed86dd3: shows [Ts Ah] (Pair of Jacks and Pair of Tens)
*** SHOWDOWN ***
Hero collected $2.84 from pot
*** SUMMARY ***
Total pot $3.09 | Rake $0.15 | Jackpot $0.1 | Bingo $0 | Fortune $0 | Tax $0
Board [Th Qd 6d Js Jc]
Seat 1: 6ed86dd3 (button) showed [Ts Ah] and lost with Pair of Jacks and Pair of Tens
Seat 2: d7a97963 (small blind) folded before Flop
Seat 3: Hero (big blind) showed [Ks Qs] and won ($2.84) with Pair of Queens and Pair of Jacks
Seat 4: 511bae54 folded before Flop (didn't bet)
Seat 5: d591d3a2 folded before Flop (didn't bet)
Seat 6: 172bb4d0 folded before Flop (didn't bet)


Poker Hand #HD1846914957: Hold'em No Limit ($0.05/$0.1) - 2024/07/07 16:24:42
Table 'NLHRed22' 6-max Seat #6 is the button
Seat 1: 6ed86dd3 ($15.38 in chips)
Seat 2: d7a97963 ($9.49 in chips)
Seat 3: Hero ($14.52 in chips)
Seat 4: 511bae54 ($9.56 in chips)
Seat 5: d591d3a2 ($10.27 in chips)
Seat 6: 172bb4d0 ($9.37 in chips)
6ed86dd3: posts small blind $0.05
d7a97963: posts big blind $0.1
*** HOLE CARDS ***
Dealt to 6ed86dd3 
Dealt to d7a97963 
Dealt to Hero [6d 3d]
Dealt to 511bae54 
Dealt to d591d3a2 
Dealt to 172bb4d0 
Hero: folds
511bae54: folds
d591d3a2: folds
172bb4d0: raises $0.1 to $0.2
6ed86dd3: calls $0.15
d7a97963: raises $1 to $1.2
172bb4d0: folds
6ed86dd3: folds
Uncalled bet ($1) returned to d7a97963
*** SHOWDOWN ***
d7a97963 collected $0.57 from pot
*** SUMMARY ***
Total pot $0.6 | Rake $0.03 | Jackpot $0 | Bingo $0 | Fortune $0 | Tax $0
Seat 1: 6ed86dd3 (small blind) folded before Flop
Seat 2: d7a97963 (big blind) collected ($0.57)
Seat 3: Hero folded before Flop (didn't bet)
Seat 4: 511bae54 folded before Flop (didn't bet)
Seat 5: d591d3a2 folded before Flop (didn't bet)
Seat 6: 172bb4d0 (button) folded before Flop


Poker Hand #HD1846914934: Hold'em No Limit ($0.05/$0.1) - 2024/07/07 16:24:34
Table 'NLHRed22' 6-max Seat #5 is the button
Seat 1: 6ed86dd3 ($15.33 in chips)
Seat 2: d7a97963 ($9.49 in chips)
Seat 3: Hero ($14.52 in chips)
Seat 4: 511bae54 ($9.56 in chips)
Seat 5: d591d3a2 ($10.27 in chips)
Seat 6: 172bb4d0 ($9.42 in chips)
172bb4d0: posts small blind $0.05
6ed86dd3: posts big blind $0.1
*** HOLE CARDS ***
Dealt to 6ed86dd3 
Dealt to d7a97963 
Dealt to Hero [Js 4h]
Dealt to 511bae54 
Dealt to d591d3a2 
Dealt to 172bb4d0 
d7a97963: folds
Hero: folds
511bae54: folds
d591d3a2: folds
172bb4d0: folds
Uncalled bet ($0.05) returned to 6ed86dd3
*** SHOWDOWN ***
6ed86dd3 collected $0.1 from pot
*** SUMMARY ***
Total pot $0.1 | Rake $0 | Jackpot $0 | Bingo $0 | Fortune $0 | Tax $0
Seat 1: 6ed86dd3 (big blind) collected ($0.1)
Seat 2: d7a97963 folded before Flop (didn't bet)
Seat 3: Hero folded before Flop (didn't bet)
Seat 4: 511bae54 folded before Flop (didn't bet)
Seat 5: d591d3a2 (button) folded before Flop (didn't bet)
Seat 6: 172bb4d0 (small blind) folded before Flop


Poker Hand #HD1846914897: Hold'em No Limit ($0.05/$0.1) - 2024/07/07 16:24:13
Table 'NLHRed22' 6-max Seat #4 is the button
Seat 1: 6ed86dd3 ($15.33 in chips)
Seat 2: d7a97963 ($9.49 in chips)
Seat 3: Hero ($14.52 in chips)
Seat 4: 511bae54 ($9.56 in chips)
Seat 5: d591d3a2 ($10 in chips)
Seat 6: 172bb4d0 ($9.72 in chips)
d591d3a2: posts small blind $0.05
172bb4d0: posts big blind $0.1
*** HOLE CARDS ***
Dealt to 6ed86dd3 
Dealt to d7a97963 
Dealt to Hero [7d Tc]
Dealt to 511bae54 
Dealt to d591d3a2 
Dealt to 172bb4d0 
6ed86dd3: folds
d7a97963: folds
Hero: folds
511bae54: folds
d591d3a2: raises $0.2 to $0.3
172bb4d0: calls $0.2
*** FLOP *** [2h Kd 9h]
d591d3a2: bets $0.3
172bb4d0: folds
Uncalled bet ($0.3) returned to d591d3a2
*** SHOWDOWN ***
d591d3a2 collected $0.57 from pot
*** SUMMARY ***
Total pot $0.6 | Rake $0.03 | Jackpot $0 | Bingo $0 | Fortune $0 | Tax $0
Board [2h Kd 9h]
Seat 1: 6ed86dd3 folded before Flop (didn't bet)
Seat 2: d7a97963 folded before Flop (didn't bet)
Seat 3: Hero folded before Flop (didn't bet)
Seat 4: 511bae54 (button) folded before Flop (didn't bet)
Seat 5: d591d3a2 (small blind) won ($0.57)
Seat 6: 172bb4d0 (big blind) folded on the Flop


Poker Hand #HD1846914843: Hold'em No Limit ($0.05/$0.1) - 2024/07/07 16:23:48
Table 'NLHRed22' 6-max Seat #3 is the button
Seat 1: 6ed86dd3 ($15.33 in chips)
Seat 2: d7a97963 ($9.69 in chips)
Seat 3: Hero ($14.52 in chips)
Seat 4: 511bae54 ($9.61 in chips)
Seat 5: d591d3a2 ($10 in chips)
Seat 6: 172bb4d0 ($9.3 in chips)
511bae54: posts small blind $0.05
d591d3a2: posts big blind $0.1
*** HOLE CARDS ***
Dealt to 6ed86dd3 
Dealt to d7a97963 
Dealt to Hero [Jh 6d]
Dealt to 511bae54 
Dealt to d591d3a2 
Dealt to 172bb4d0 
172bb4d0: raises $0.1 to $0.2
6ed86dd3: folds
d7a97963: calls $0.2
Hero: folds
511bae54: folds
d591d3a2: calls $0.1
*** FLOP *** [Ah 2d Tc]
d591d3a2: checks
172bb4d0: bets $0.22
d7a97963: folds
d591d3a2: folds
Uncalled bet ($0.22) returned to 172bb4d0
*** SHOWDOWN ***
172bb4d0 collected $0.62 from pot
*** SUMMARY ***
Total pot $0.65 | Rake $0.03 | Jackpot $0 | Bingo $0 | Fortune $0 | Tax $0
Board [Ah 2d Tc]
Seat 1: 6ed86dd3 folded before Flop (didn't bet)
Seat 2: d7a97963 folded on the Flop
Seat 3: Hero (button) folded before Flop (didn't bet)
Seat 4: 511bae54 (small blind) folded before Flop
Seat 5: d591d3a2 (big blind) folded on the Flop
Seat 6: 172bb4d0 won ($0.62)


Poker Hand #HD1846914765: Hold'em No Limit ($0.05/$0.1) - 2024/07/07 16:23:02
Table 'NLHRed22' 6-max Seat #2 is the button
Seat 1: 6ed86dd3 ($15.81 in chips)
Seat 2: d7a97963 ($9.69 in chips)
Seat 3: Hero ($14.57 in chips)
Seat 4: 511bae54 ($9.71 in chips)
Seat 5: d591d3a2 ($10.2 in chips)
Seat 6: 172bb4d0 ($6.69 in chips)
Hero: posts small blind $0.05
511bae54: posts big blind $0.1
*** HOLE CARDS ***
Dealt to 6ed86dd3 
Dealt to d7a97963 
Dealt to Hero [9d Js]
Dealt to 511bae54 
Dealt to d591d3a2 
Dealt to 172bb4d0 
d591d3a2: raises $0.1 to $0.2
172bb4d0: raises $0.28 to $0.48
6ed86dd3: calls $0.48
d7a97963: folds
Hero: folds
511bae54: folds
d591d3a2: calls $0.28
*** FLOP *** [4s Ts 9c]
d591d3a2: checks
172bb4d0: bets $0.53
6ed86dd3: folds
d591d3a2: raises $1.33 to $1.86
172bb4d0: raises $4.35 to $6.21 and is all-in
d591d3a2: folds
Uncalled bet ($4.35) returned to 172bb4d0
*** SHOWDOWN ***
172bb4d0 collected $4.95 from pot
*** SUMMARY ***
Total pot $5.31 | Rake $0.26 | Jackpot $0.1 | Bingo $0 | Fortune $0 | Tax $0
Board [4s Ts 9c]
Seat 1: 6ed86dd3 folded on the Flop
Seat 2: d7a97963 (button) folded before Flop (didn't bet)
Seat 3: Hero (small blind) folded before Flop
Seat 4: 511bae54 (big blind) folded before Flop
Seat 5: d591d3a2 folded on the Flop
Seat 6: 172bb4d0 won ($4.95)


Poker Hand #HD1846914723: Hold'em No Limit ($0.05/$0.1) - 2024/07/07 16:22:38
Table 'NLHRed22' 6-max Seat #1 is the button
Seat 1: 6ed86dd3 ($15.81 in chips)
Seat 2: d7a97963 ($9.74 in chips)
Seat 3: Hero ($14.52 in chips)
Seat 4: 511bae54 ($9.71 in chips)
Seat 5: d591d3a2 ($10.2 in chips)
Seat 6: 172bb4d0 ($6.69 in chips)
d7a97963: posts small blind $0.05
Hero: posts big blind $0.1
*** HOLE CARDS ***
Dealt to 6ed86dd3 
Dealt to d7a97963 
Dealt to Hero [Kc 3h]
Dealt to 511bae54 
Dealt to d591d3a2 
Dealt to 172bb4d0 
511bae54: folds
d591d3a2: folds
172bb4d0: folds
6ed86dd3: folds
d7a97963: folds
Uncalled bet ($0.05) returned to Hero
*** SHOWDOWN ***
Hero collected $0.1 from pot
*** SUMMARY ***
Total pot $0.1 | Rake $0 | Jackpot $0 | Bingo $0 | Fortune $0 | Tax $0
Seat 1: 6ed86dd3 (button) folded before Flop (didn't bet)
Seat 2: d7a97963 (small blind) folded before Flop
Seat 3: Hero (big blind) collected ($0.1)
Seat 4: 511bae54 folded before Flop (didn't bet)
Seat 5: d591d3a2 folded before Flop (didn't bet)
Seat 6: 172bb4d0 folded before Flop (didn't bet)


Poker Hand #HD1846914699: Hold'em No Limit ($0.05/$0.1) - 2024/07/07 16:22:24
Table 'NLHRed22' 6-max Seat #6 is the button
Seat 1: 6ed86dd3 ($15.86 in chips)
Seat 2: d7a97963 ($9.84 in chips)
Seat 3: Hero ($14.52 in chips)
Seat 4: 511bae54 ($9.56 in chips)
Seat 5: d591d3a2 ($10.2 in chips)
Seat 6: 172bb4d0 ($6.69 in chips)
6ed86dd3: posts small blind $0.05
d7a97963: posts big blind $0.1
*** HOLE CARDS ***
Dealt to 6ed86dd3 
Dealt to d7a97963 
Dealt to Hero [4d 9h]
Dealt to 511bae54 
Dealt to d591d3a2 
Dealt to 172bb4d0 
Hero: folds
511bae54: raises $0.1 to $0.2
d591d3a2: folds
172bb4d0: folds
6ed86dd3: folds
d7a97963: folds
Uncalled bet ($0.1) returned to 511bae54
*** SHOWDOWN ***
511bae54 collected $0.25 from pot
*** SUMMARY ***
Total pot $0.25 | Rake $0 | Jackpot $0 | Bingo $0 | Fortune $0 | Tax $0
Seat 1: 6ed86dd3 (small blind) folded before Flop
Seat 2: d7a97963 (big blind) folded before Flop
Seat 3: Hero folded before Flop (didn't bet)
Seat 4: 511bae54 collected ($0.25)
Seat 5: d591d3a2 folded before Flop (didn't bet)
Seat 6: 172bb4d0 (button) folded before Flop (didn't bet)


Poker Hand #HD1846914688: Hold'em No Limit ($0.05/$0.1) - 2024/07/07 16:22:16
Table 'NLHRed22' 6-max Seat #5 is the button
Seat 1: 6ed86dd3 ($15.81 in chips)
Seat 2: d7a97963 ($9.84 in chips)
Seat 3: Hero ($14.52 in chips)
Seat 4: 511bae54 ($9.56 in chips)
Seat 5: d591d3a2 ($10.2 in chips)
Seat 6: 172bb4d0 ($6.74 in chips)
172bb4d0: posts small blind $0.05
6ed86dd3: posts big blind $0.1
*** HOLE CARDS ***
Dealt to 6ed86dd3 
Dealt to d7a97963 
Dealt to Hero [2d 8d]
Dealt to 511bae54 
Dealt to d591d3a2 
Dealt to 172bb4d0 
d7a97963: folds
Hero: folds
511bae54: folds
d591d3a2: folds
172bb4d0: folds
Uncalled bet ($0.05) returned to 6ed86dd3
*** SHOWDOWN ***
6ed86dd3 collected $0.1 from pot
*** SUMMARY ***
Total pot $0.1 | Rake $0 | Jackpot $0 | Bingo $0 | Fortune $0 | Tax $0
Seat 1: 6ed86dd3 (big blind) collected ($0.1)
Seat 2: d7a97963 folded before Flop (didn't bet)
Seat 3: Hero folded before Flop (didn't bet)
Seat 4: 511bae54 folded before Flop (didn't bet)
Seat 5: d591d3a2 (button) folded before Flop (didn't bet)
Seat 6: 172bb4d0 (small blind) folded before Flop


Poker Hand #HD1846914634: Hold'em No Limit ($0.05/$0.1) - 2024/07/07 16:21:48
Table 'NLHRed22' 6-max Seat #4 is the button
Seat 1: 6ed86dd3 ($15.81 in chips)
Seat 2: d7a97963 ($9.84 in chips)
Seat 3: Hero ($14.52 in chips)
Seat 4: 511bae54 ($9.76 in chips)
Seat 5: d591d3a2 ($10.4 in chips)
Seat 6: 172bb4d0 ($6.37 in chips)
d591d3a2: posts small blind $0.05
172bb4d0: posts big blind $0.1
*** HOLE CARDS ***
Dealt to 6ed86dd3 
Dealt to d7a97963 
Dealt to Hero [2s Jc]
Dealt to 511bae54 
Dealt to d591d3a2 
Dealt to 172bb4d0 
6ed86dd3: folds
d7a97963: folds
Hero: folds
511bae54: raises $0.1 to $0.2
d591d3a2: calls $0.15
172bb4d0: calls $0.1
*** FLOP *** [7s Qs 2h]
d591d3a2: checks
172bb4d0: checks
511bae54: checks
*** TURN *** [7s Qs 2h] [As]
d591d3a2: checks
172bb4d0: bets $0.2
511bae54: folds
d591d3a2: folds
Uncalled bet ($0.2) returned to 172bb4d0
*** SHOWDOWN ***
172bb4d0 collected $0.57 from pot
*** SUMMARY ***
Total pot $0.6 | Rake $0.03 | Jackpot $0 | Bingo $0 | Fortune $0 | Tax $0
Board [7s Qs 2h As]
Seat 1: 6ed86dd3 folded before Flop (didn't bet)
Seat 2: d7a97963 folded before Flop (didn't bet)
Seat 3: Hero folded before Flop (didn't bet)
Seat 4: 511bae54 (button) folded on the Turn
Seat 5: d591d3a2 (small blind) folded on the Turn
Seat 6: 172bb4d0 (big blind) won ($0.57)


Poker Hand #HD1846914607: Hold'em No Limit ($0.05/$0.1) - 2024/07/07 16:21:36
Table 'NLHRed22' 6-max Seat #3 is the button
Seat 1: 6ed86dd3 ($15.81 in chips)
Seat 2: d7a97963 ($9.84 in chips)
Seat 3: Hero ($14.52 in chips)
Seat 4: 511bae54 ($9.81 in chips)
Seat 5: d591d3a2 ($10.5 in chips)
Seat 6: 172bb4d0 ($6.22 in chips)
511bae54: posts small blind $0.05
d591d3a2: posts big blind $0.1
*** HOLE CARDS ***
Dealt to 6ed86dd3 
Dealt to d7a97963 
Dealt to Hero [Jh 5s]
Dealt to 511bae54 
Dealt to d591d3a2 
Dealt to 172bb4d0 
172bb4d0: raises $0.1 to $0.2
6ed86dd3: folds
d7a97963: folds
Hero: folds
511bae54: folds
d591d3a2: folds
Uncalled bet ($0.1) returned to 172bb4d0
*** SHOWDOWN ***
172bb4d0 collected $0.25 from pot
*** SUMMARY ***
Total pot $0.25 | Rake $0 | Jackpot $0 | Bingo $0 | Fortune $0 | Tax $0
Seat 1: 6ed86dd3 folded before Flop (didn't bet)
Seat 2: d7a97963 folded before Flop (didn't bet)
Seat 3: Hero (button) folded before Flop (didn't bet)
Seat 4: 511bae54 (small blind) folded before Flop
Seat 5: d591d3a2 (big blind) folded before Flop
Seat 6: 172bb4d0 collected ($0.25)


Poker Hand #HD1846914564: Hold'em No Limit ($0.05/$0.1) - 2024/07/07 16:21:13
Table 'NLHRed22' 6-max Seat #2 is the button
Seat 1: 6ed86dd3 ($15.81 in chips)
Seat 2: d7a97963 ($9.84 in chips)
Seat 3: Hero ($14.57 in chips)
Seat 4: 511bae54 ($9.76 in chips)
Seat 5: d591d3a2 ($10.5 in chips)
Seat 6: 172bb4d0 ($6.22 in chips)
Hero: posts small blind $0.05
511bae54: posts big blind $0.1
*** HOLE CARDS ***
Dealt to 6ed86dd3 
Dealt to d7a97963 
Dealt to Hero [Kh 5s]
Dealt to 511bae54 
Dealt to d591d3a2 
Dealt to 172bb4d0 
d591d3a2: folds
172bb4d0: folds
6ed86dd3: folds
d7a97963: folds
Hero: folds
Uncalled bet ($0.05) returned to 511bae54
*** SHOWDOWN ***
511bae54 collected $0.1 from pot
*** SUMMARY ***
Total pot $0.1 | Rake $0 | Jackpot $0 | Bingo $0 | Fortune $0 | Tax $0
Seat 1: 6ed86dd3 folded before Flop (didn't bet)
Seat 2: d7a97963 (button) folded before Flop (didn't bet)
Seat 3: Hero (small blind) folded before Flop
Seat 4: 511bae54 (big blind) collected ($0.1)
Seat 5: d591d3a2 folded before Flop (didn't bet)
Seat 6: 172bb4d0 folded before Flop (didn't bet)


Poker Hand #HD1846914522: Hold'em No Limit ($0.05/$0.1) - 2024/07/07 16:20:53
Table 'NLHRed22' 6-max Seat #1 is the button
Seat 1: 6ed86dd3 ($15.81 in chips)
Seat 2: d7a97963 ($9.89 in chips)
Seat 3: Hero ($14.52 in chips)
Seat 4: 511bae54 ($9.76 in chips)
Seat 5: d591d3a2 ($10.5 in chips)
Seat 6: 172bb4d0 ($6.22 in chips)
d7a97963: posts small blind $0.05
Hero: posts big blind $0.1
*** HOLE CARDS ***
Dealt to 6ed86dd3 
Dealt to d7a97963 
Dealt to Hero [Kd Jc]
Dealt to 511bae54 
Dealt to d591d3a2 
Dealt to 172bb4d0 
511bae54: folds
d591d3a2: folds
172bb4d0: folds
6ed86dd3: folds
d7a97963: folds
Uncalled bet ($0.05) returned to Hero
*** SHOWDOWN ***
Hero collected $0.1 from pot
*** SUMMARY ***
Total pot $0.1 | Rake $0 | Jackpot $0 | Bingo $0 | Fortune $0 | Tax $0
Seat 1: 6ed86dd3 (button) folded before Flop (didn't bet)
Seat 2: d7a97963 (small blind) folded before Flop
Seat 3: Hero (big blind) collected ($0.1)
Seat 4: 511bae54 folded before Flop (didn't bet)
Seat 5: d591d3a2 folded before Flop (didn't bet)
Seat 6: 172bb4d0 folded before Flop (didn't bet)


Poker Hand #HD1846914499: Hold'em No Limit ($0.05/$0.1) - 2024/07/07 16:20:42
Table 'NLHRed22' 6-max Seat #6 is the button
Seat 1: 6ed86dd3 ($15.86 in chips)
Seat 2: d7a97963 ($9.99 in chips)
Seat 3: Hero ($14.37 in chips)
Seat 4: 511bae54 ($9.76 in chips)
Seat 5: d591d3a2 ($10.5 in chips)
Seat 6: 172bb4d0 ($6.22 in chips)
6ed86dd3: posts small blind $0.05
d7a97963: posts big blind $0.1
*** HOLE CARDS ***
Dealt to 6ed86dd3 
Dealt to d7a97963 
Dealt to Hero [Ah Jc]
Dealt to 511bae54 
Dealt to d591d3a2 
Dealt to 172bb4d0 
Hero: raises $0.1 to $0.2
511bae54: folds
d591d3a2: folds
172bb4d0: folds
6ed86dd3: folds
d7a97963: folds
Uncalled bet ($0.1) returned to Hero
*** SHOWDOWN ***
Hero collected $0.25 from pot
*** SUMMARY ***
Total pot $0.25 | Rake $0 | Jackpot $0 | Bingo $0 | Fortune $0 | Tax $0
Seat 1: 6ed86dd3 (small blind) folded before Flop
Seat 2: d7a97963 (big blind) folded before Flop
Seat 3: Hero collected ($0.25)
Seat 4: 511bae54 folded before Flop (didn't bet)
Seat 5: d591d3a2 folded before Flop (didn't bet)
Seat 6: 172bb4d0 (button) folded before Flop (didn't bet)


Poker Hand #HD1846914383: Hold'em No Limit ($0.05/$0.1) - 2024/07/07 16:19:45
Table 'NLHRed22' 6-max Seat #5 is the button
Seat 1: 6ed86dd3 ($15.36 in chips)
Seat 2: d7a97963 ($9.99 in chips)
Seat 3: Hero ($14.87 in chips)
Seat 4: 511bae54 ($9.76 in chips)
Seat 5: d591d3a2 ($10.5 in chips)
Seat 6: 172bb4d0 ($6.27 in chips)
172bb4d0: posts small blind $0.05
6ed86dd3: posts big blind $0.1
*** HOLE CARDS ***
Dealt to 6ed86dd3 
Dealt to d7a97963 
Dealt to Hero [Kc Jd]
Dealt to 511bae54 
Dealt to d591d3a2 
Dealt to 172bb4d0 
d7a97963: folds
Hero: raises $0.1 to $0.2
511bae54: folds
d591d3a2: folds
172bb4d0: folds
6ed86dd3: calls $0.1
*** FLOP *** [9c Qs 2h]
6ed86dd3: checks
Hero: bets $0.3
6ed86dd3: calls $0.3
*** TURN *** [9c Qs 2h] [6h]
6ed86dd3: checks
Hero: checks
*** RIVER *** [9c Qs 2h 6h] [7s]
6ed86dd3: bets $1.26
Hero: folds
Uncalled bet ($1.26) returned to 6ed86dd3
*** SHOWDOWN ***
6ed86dd3 collected $1 from pot
*** SUMMARY ***
Total pot $1.05 | Rake $0.05 | Jackpot $0 | Bingo $0 | Fortune $0 | Tax $0
Board [9c Qs 2h 6h 7s]
Seat 1: 6ed86dd3 (big blind) won ($1)
Seat 2: d7a97963 folded before Flop (didn't bet)
Seat 3: Hero folded on the River
Seat 4: 511bae54 folded before Flop (didn't bet)
Seat 5: d591d3a2 (button) folded before Flop (didn't bet)
Seat 6: 172bb4d0 (small blind) folded before Flop


Poker Hand #HD1846914369: Hold'em No Limit ($0.05/$0.1) - 2024/07/07 16:19:35
Table 'NLHRed22' 6-max Seat #4 is the button
Seat 1: 6ed86dd3 ($15.36 in chips)
Seat 2: d7a97963 ($9.99 in chips)
Seat 3: Hero ($14.87 in chips)
Seat 4: 511bae54 ($9.76 in chips)
Seat 5: d591d3a2 ($10.55 in chips)
Seat 6: 172bb4d0 ($6.22 in chips)
d591d3a2: posts small blind $0.05
172bb4d0: posts big blind $0.1
*** HOLE CARDS ***
Dealt to 6ed86dd3 
Dealt to d7a97963 
Dealt to Hero [3h 8c]
Dealt to 511bae54 
Dealt to d591d3a2 
Dealt to 172bb4d0 
6ed86dd3: folds
d7a97963: folds
Hero: folds
511bae54: folds
d591d3a2: folds
Uncalled bet ($0.05) returned to 172bb4d0
*** SHOWDOWN ***
172bb4d0 collected $0.1 from pot
*** SUMMARY ***
Total pot $0.1 | Rake $0 | Jackpot $0 | Bingo $0 | Fortune $0 | Tax $0
Seat 1: 6ed86dd3 folded before Flop (didn't bet)
Seat 2: d7a97963 folded before Flop (didn't bet)
Seat 3: Hero folded before Flop (didn't bet)
Seat 4: 511bae54 (button) folded before Flop (didn't bet)
Seat 5: d591d3a2 (small blind) folded before Flop
Seat 6: 172bb4d0 (big blind) collected ($0.1)


Poker Hand #HD1846914286: Hold'em No Limit ($0.05/$0.1) - 2024/07/07 16:18:58
Table 'NLHRed22' 6-max Seat #3 is the button
Seat 1: 6ed86dd3 ($15.36 in chips)
Seat 2: d7a97963 ($9.99 in chips)
Seat 3: Hero ($14.87 in chips)
Seat 4: 511bae54 ($9.58 in chips)
Seat 5: d591d3a2 ($10.75 in chips)
Seat 6: 172bb4d0 ($6.22 in chips)
511bae54: posts small blind $0.05
d591d3a2: posts big blind $0.1
*** HOLE CARDS ***
Dealt to 6ed86dd3 
Dealt to d7a97963 
Dealt to Hero [Jh 4h]
Dealt to 511bae54 
Dealt to d591d3a2 
Dealt to 172bb4d0 
172bb4d0: folds
6ed86dd3: folds
d7a97963: folds
Hero: folds
511bae54: raises $0.1 to $0.2
d591d3a2: calls $0.1
*** FLOP *** [Tc 9h Qd]
511bae54: checks
d591d3a2: checks
*** TURN *** [Tc 9h Qd] [8c]
511bae54: bets $0.2
d591d3a2: folds
Uncalled bet ($0.2) returned to 511bae54
*** SHOWDOWN ***
511bae54 collected $0.38 from pot
*** SUMMARY ***
Total pot $0.4 | Rake $0.02 | Jackpot $0 | Bingo $0 | Fortune $0 | Tax $0
Board [Tc 9h Qd 8c]
Seat 1: 6ed86dd3 folded before Flop (didn't bet)
Seat 2: d7a97963 folded before Flop (didn't bet)
Seat 3: Hero (button) folded before Flop (didn't bet)
Seat 4: 511bae54 (small blind) won ($0.38)
Seat 5: d591d3a2 (big blind) folded on the Turn
Seat 6: 172bb4d0 folded before Flop (didn't bet)


Poker Hand #HD1846914216: Hold'em No Limit ($0.05/$0.1) - 2024/07/07 16:18:20
Table 'NLHRed22' 6-max Seat #2 is the button
Seat 1: 6ed86dd3 ($15.36 in chips)
Seat 2: d7a97963 ($9.99 in chips)
Seat 3: Hero ($14.92 in chips)
Seat 4: 511bae54 ($9.78 in chips)
Seat 5: d591d3a2 ($10.52 in chips)
Seat 6: 172bb4d0 ($6.22 in chips)
Hero: posts small blind $0.05
511bae54: posts big blind $0.1
*** HOLE CARDS ***
Dealt to 6ed86dd3 
Dealt to d7a97963 
Dealt to Hero [7d 8c]
Dealt to 511bae54 
Dealt to d591d3a2 
Dealt to 172bb4d0 
d591d3a2: raises $0.1 to $0.2
172bb4d0: folds
6ed86dd3: folds
d7a97963: folds
Hero: folds
511bae54: calls $0.1
*** FLOP *** [2d As Ac]
511bae54: checks
d591d3a2: checks
*** TURN *** [2d As Ac] [3s]
511bae54: checks
d591d3a2: checks
*** RIVER *** [2d As Ac 3s] [4s]
511bae54: checks
d591d3a2: checks
511bae54: shows [9s Qd] (Pair of Aces)
d591d3a2: shows [Qc Ks] (Pair of Aces)
*** SHOWDOWN ***
d591d3a2 collected $0.43 from pot
*** SUMMARY ***
Total pot $0.45 | Rake $0.02 | Jackpot $0 | Bingo $0 | Fortune $0 | Tax $0
Board [2d As Ac 3s 4s]
Seat 1: 6ed86dd3 folded before Flop (didn't bet)
Seat 2: d7a97963 (button) folded before Flop (didn't bet)
Seat 3: Hero (small blind) folded before Flop
Seat 4: 511bae54 (big blind) showed [9s Qd] and lost with Pair of Aces
Seat 5: d591d3a2 showed [Qc Ks] and won ($0.43) with Pair of Aces
Seat 6: 172bb4d0 folded before Flop (didn't bet)


Poker Hand #HD1846914171: Hold'em No Limit ($0.05/$0.1) - 2024/07/07 16:17:55
Table 'NLHRed22' 6-max Seat #1 is the button
Seat 1: 6ed86dd3 ($15.21 in chips)
Seat 2: d7a97963 ($10.04 in chips)
Seat 3: Hero ($15.02 in chips)
Seat 4: 511bae54 ($9.78 in chips)
Seat 5: d591d3a2 ($10.52 in chips)
Seat 6: 172bb4d0 ($6.22 in chips)
d7a97963: posts small blind $0.05
Hero: posts big blind $0.1
*** HOLE CARDS ***
Dealt to 6ed86dd3 
Dealt to d7a97963 
Dealt to Hero [5c 2s]
Dealt to 511bae54 
Dealt to d591d3a2 
Dealt to 172bb4d0 
511bae54: folds
d591d3a2: folds
172bb4d0: folds
6ed86dd3: raises $0.1 to $0.2
d7a97963: folds
Hero: folds
Uncalled bet ($0.1) returned to 6ed86dd3
*** SHOWDOWN ***
6ed86dd3 collected $0.25 from pot
*** SUMMARY ***
Total pot $0.25 | Rake $0 | Jackpot $0 | Bingo $0 | Fortune $0 | Tax $0
Seat 1: 6ed86dd3 (button) collected ($0.25)
Seat 2: d7a97963 (small blind) folded before Flop
Seat 3: Hero (big blind) folded before Flop
Seat 4: 511bae54 folded before Flop (didn't bet)
Seat 5: d591d3a2 folded before Flop (didn't bet)
Seat 6: 172bb4d0 folded before Flop (didn't bet)


Poker Hand #HD1846914066: Hold'em No Limit ($0.05/$0.1) - 2024/07/07 16:17:01
Table 'NLHRed22' 6-max Seat #6 is the button
Seat 1: 6ed86dd3 ($15.26 in chips)
Seat 2: d7a97963 ($9.81 in chips)
Seat 3: Hero ($15.02 in chips)
Seat 4: 511bae54 ($9.78 in chips)
Seat 5: d591d3a2 ($10.52 in chips)
Seat 6: 172bb4d0 ($6.42 in chips)
6ed86dd3: posts small blind $0.05
d7a97963: posts big blind $0.1
*** HOLE CARDS ***
Dealt to 6ed86dd3 
Dealt to d7a97963 
Dealt to Hero [3d 7s]
Dealt to 511bae54 
Dealt to d591d3a2 
Dealt to 172bb4d0 
Hero: folds
511bae54: folds
d591d3a2: folds
172bb4d0: raises $0.1 to $0.2
6ed86dd3: folds
d7a97963: calls $0.1
*** FLOP *** [4c Ad As]
d7a97963: checks
172bb4d0: checks
*** TURN *** [4c Ad As] [9d]
d7a97963: bets $0.23
172bb4d0: folds
Uncalled bet ($0.23) returned to d7a97963
*** SHOWDOWN ***
d7a97963 collected $0.43 from pot
*** SUMMARY ***
Total pot $0.45 | Rake $0.02 | Jackpot $0 | Bingo $0 | Fortune $0 | Tax $0
Board [4c Ad As 9d]
Seat 1: 6ed86dd3 (small blind) folded before Flop
Seat 2: d7a97963 (big blind) won ($0.43)
Seat 3: Hero folded before Flop (didn't bet)
Seat 4: 511bae54 folded before Flop (didn't bet)
Seat 5: d591d3a2 folded before Flop (didn't bet)
Seat 6: 172bb4d0 (button) folded on the Turn


Poker Hand #HD1846914048: Hold'em No Limit ($0.05/$0.1) - 2024/07/07 16:16:52
Table 'NLHRed22' 6-max Seat #5 is the button
Seat 1: 6ed86dd3 ($15.21 in chips)
Seat 2: d7a97963 ($9.81 in chips)
Seat 3: Hero ($15.02 in chips)
Seat 4: 511bae54 ($9.78 in chips)
Seat 5: d591d3a2 ($10.52 in chips)
Seat 6: 172bb4d0 ($6.47 in chips)
172bb4d0: posts small blind $0.05
6ed86dd3: posts big blind $0.1
*** HOLE CARDS ***
Dealt to 6ed86dd3 
Dealt to d7a97963 
Dealt to Hero [4d 9d]
Dealt to 511bae54 
Dealt to d591d3a2 
Dealt to 172bb4d0 
d7a97963: folds
Hero: folds
511bae54: folds
d591d3a2: folds
172bb4d0: folds
Uncalled bet ($0.05) returned to 6ed86dd3
*** SHOWDOWN ***
6ed86dd3 collected $0.1 from pot
*** SUMMARY ***
Total pot $0.1 | Rake $0 | Jackpot $0 | Bingo $0 | Fortune $0 | Tax $0
Seat 1: 6ed86dd3 (big blind) collected ($0.1)
Seat 2: d7a97963 folded before Flop (didn't bet)
Seat 3: Hero folded before Flop (didn't bet)
Seat 4: 511bae54 folded before Flop (didn't bet)
Seat 5: d591d3a2 (button) folded before Flop (didn't bet)
Seat 6: 172bb4d0 (small blind) folded before Flop


Poker Hand #HD1846913974: Hold'em No Limit ($0.05/$0.1) - 2024/07/07 16:16:16
Table 'NLHRed22' 6-max Seat #4 is the button
Seat 1: 6ed86dd3 ($16.6 in chips)
Seat 2: d7a97963 ($9.81 in chips)
Seat 3: Hero ($15.02 in chips)
Seat 4: 511bae54 ($8.38 in chips)
Seat 5: d591d3a2 ($10.57 in chips)
Seat 6: 172bb4d0 ($6.57 in chips)
d591d3a2: posts small blind $0.05
172bb4d0: posts big blind $0.1
*** HOLE CARDS ***
Dealt to 6ed86dd3 
Dealt to d7a97963 
Dealt to Hero [5s 6c]
Dealt to 511bae54 
Dealt to d591d3a2 
Dealt to 172bb4d0 
6ed86dd3: raises $0.1 to $0.2
d7a97963: folds
Hero: folds
511bae54: calls $0.2
d591d3a2: folds
172bb4d0: folds
*** FLOP *** [2d 6h 8c]
6ed86dd3: checks
511bae54: checks
*** TURN *** [2d 6h 8c] [Kh]
6ed86dd3: bets $0.31
511bae54: calls $0.31
*** RIVER *** [2d 6h 8c Kh] [4c]
6ed86dd3: bets $0.88
511bae54: calls $0.88
6ed86dd3: shows [Kd Td] (Pair of Kings)
511bae54: shows [Js Ks] (Pair of Kings)
*** SHOWDOWN ***
511bae54 collected $2.79 from pot
*** SUMMARY ***
Total pot $2.93 | Rake $0.14 | Jackpot $0 | Bingo $0 | Fortune $0 | Tax $0
Board [2d 6h 8c Kh 4c]
Seat 1: 6ed86dd3 showed [Kd Td] and lost with Pair of Kings
Seat 2: d7a97963 folded before Flop (didn't bet)
Seat 3: Hero folded before Flop (didn't bet)
Seat 4: 511bae54 (button) showed [Js Ks] and won ($2.79) with Pair of Kings
Seat 5: d591d3a2 (small blind) folded before Flop
Seat 6: 172bb4d0 (big blind) folded before Flop


Poker Hand #HD1846913943: Hold'em No Limit ($0.05/$0.1) - 2024/07/07 16:15:55
Table 'NLHRed22' 6-max Seat #3 is the button
Seat 1: 6ed86dd3 ($16.6 in chips)
Seat 2: d7a97963 ($9.81 in chips)
Seat 3: Hero ($15.02 in chips)
Seat 4: 511bae54 ($8.43 in chips)
Seat 5: d591d3a2 ($10.67 in chips)
Seat 6: 172bb4d0 ($6.42 in chips)
511bae54: posts small blind $0.05
d591d3a2: posts big blind $0.1
*** HOLE CARDS ***
Dealt to 6ed86dd3 
Dealt to d7a97963 
Dealt to Hero [Th 7h]
Dealt to 511bae54 
Dealt to d591d3a2 
Dealt to 172bb4d0 
172bb4d0: raises $0.1 to $0.2
6ed86dd3: folds
d7a97963: folds
Hero: folds
511bae54: folds
d591d3a2: folds
Uncalled bet ($0.1) returned to 172bb4d0
*** SHOWDOWN ***
172bb4d0 collected $0.25 from pot
*** SUMMARY ***
Total pot $0.25 | Rake $0 | Jackpot $0 | Bingo $0 | Fortune $0 | Tax $0
Seat 1: 6ed86dd3 folded before Flop (didn't bet)
Seat 2: d7a97963 folded before Flop (didn't bet)
Seat 3: Hero (button) folded before Flop (didn't bet)
Seat 4: 511bae54 (small blind) folded before Flop
Seat 5: d591d3a2 (big blind) folded before Flop
Seat 6: 172bb4d0 collected ($0.25)


Poker Hand #HD1846913905: Hold'em No Limit ($0.05/$0.1) - 2024/07/07 16:15:37
Table 'NLHRed22' 6-max Seat #2 is the button
Seat 1: 6ed86dd3 ($16.6 in chips)
Seat 2: d7a97963 ($9.81 in chips)
Seat 3: Hero ($15.07 in chips)
Seat 4: 511bae54 ($8.53 in chips)
Seat 5: d591d3a2 ($10.67 in chips)
Seat 6: 172bb4d0 ($6.27 in chips)
Hero: posts small blind $0.05
511bae54: posts big blind $0.1
*** HOLE CARDS ***
Dealt to 6ed86dd3 
Dealt to d7a97963 
Dealt to Hero [8d 5s]
Dealt to 511bae54 
Dealt to d591d3a2 
Dealt to 172bb4d0 
d591d3a2: folds
172bb4d0: raises $0.1 to $0.2
6ed86dd3: folds
d7a97963: folds
Hero: folds
511bae54: folds
Uncalled bet ($0.1) returned to 172bb4d0
*** SHOWDOWN ***
172bb4d0 collected $0.25 from pot
*** SUMMARY ***
Total pot $0.25 | Rake $0 | Jackpot $0 | Bingo $0 | Fortune $0 | Tax $0
Seat 1: 6ed86dd3 folded before Flop (didn't bet)
Seat 2: d7a97963 (button) folded before Flop (didn't bet)
Seat 3: Hero (small blind) folded before Flop
Seat 4: 511bae54 (big blind) folded before Flop
Seat 5: d591d3a2 folded before Flop (didn't bet)
Seat 6: 172bb4d0 collected ($0.25)


Poker Hand #HD1846913838: Hold'em No Limit ($0.05/$0.1) - 2024/07/07 16:14:59
Table 'NLHRed22' 6-max Seat #1 is the button
Seat 1: 6ed86dd3 ($16.6 in chips)
Seat 2: d7a97963 ($9.86 in chips)
Seat 3: Hero ($15.17 in chips)
Seat 4: 511bae54 ($8.53 in chips)
Seat 5: d591d3a2 ($10.87 in chips)
Seat 6: 172bb4d0 ($5.94 in chips)
d7a97963: posts small blind $0.05
Hero: posts big blind $0.1
*** HOLE CARDS ***
Dealt to 6ed86dd3 
Dealt to d7a97963 
Dealt to Hero [3s Qd]
Dealt to 511bae54 
Dealt to d591d3a2 
Dealt to 172bb4d0 
511bae54: folds
d591d3a2: raises $0.1 to $0.2
172bb4d0: calls $0.2
6ed86dd3: folds
d7a97963: folds
Hero: folds
*** FLOP *** [6c Jd Qs]
d591d3a2: checks
172bb4d0: checks
*** TURN *** [6c Jd Qs] [As]
d591d3a2: checks
172bb4d0: bets $0.19
d591d3a2: folds
Uncalled bet ($0.19) returned to 172bb4d0
*** SHOWDOWN ***
172bb4d0 collected $0.53 from pot
*** SUMMARY ***
Total pot $0.55 | Rake $0.02 | Jackpot $0 | Bingo $0 | Fortune $0 | Tax $0
Board [6c Jd Qs As]
Seat 1: 6ed86dd3 (button) folded before Flop (didn't bet)
Seat 2: d7a97963 (small blind) folded before Flop
Seat 3: Hero (big blind) folded before Flop
Seat 4: 511bae54 folded before Flop (didn't bet)
Seat 5: d591d3a2 folded on the Turn
Seat 6: 172bb4d0 won ($0.53)


Poker Hand #HD1846913735: Hold'em No Limit ($0.05/$0.1) - 2024/07/07 16:14:05
Table 'NLHRed22' 6-max Seat #6 is the button
Seat 1: 6ed86dd3 ($16.65 in chips)
Seat 2: d7a97963 ($9.96 in chips)
Seat 3: Hero ($14.31 in chips)
Seat 4: 511bae54 ($8.53 in chips)
Seat 5: d591d3a2 ($10.87 in chips)
Seat 6: 172bb4d0 ($6.73 in chips)
6ed86dd3: posts small blind $0.05
d7a97963: posts big blind $0.1
*** HOLE CARDS ***
Dealt to 6ed86dd3 
Dealt to d7a97963 
Dealt to Hero [Ac Ah]
Dealt to 511bae54 
Dealt to d591d3a2 
Dealt to 172bb4d0 
Hero: raises $0.1 to $0.2
511bae54: folds
d591d3a2: folds
172bb4d0: calls $0.2
6ed86dd3: folds
d7a97963: folds
*** FLOP *** [Kc 6d Ks]
Hero: bets $0.19
172bb4d0: calls $0.19
*** TURN *** [Kc 6d Ks] [Qd]
Hero: checks
172bb4d0: checks
*** RIVER *** [Kc 6d Ks Qd] [7c]
Hero: bets $0.4
172bb4d0: calls $0.4
Hero: shows [Ac Ah] (Pair of Aces and Pair of Kings)
172bb4d0: shows [2h 2c] (Pair of Kings and Pair of Twos)
*** SHOWDOWN ***
Hero collected $1.65 from pot
*** SUMMARY ***
Total pot $1.73 | Rake $0.08 | Jackpot $0 | Bingo $0 | Fortune $0 | Tax $0
Board [Kc 6d Ks Qd 7c]
Seat 1: 6ed86dd3 (small blind) folded before Flop
Seat 2: d7a97963 (big blind) folded before Flop
Seat 3: Hero showed [Ac Ah] and won ($1.65) with Pair of Aces and Pair of Kings
Seat 4: 511bae54 folded before Flop (didn't bet)
Seat 5: d591d3a2 folded before Flop (didn't bet)
Seat 6: 172bb4d0 (button) showed [2h 2c] and lost with Pair of Kings and Pair of Twos


Poker Hand #HD1846913710: Hold'em No Limit ($0.05/$0.1) - 2024/07/07 16:13:53
Table 'NLHRed22' 6-max Seat #5 is the button
Seat 1: 6ed86dd3 ($16.75 in chips)
Seat 2: d7a97963 ($9.96 in chips)
Seat 3: Hero ($14.31 in chips)
Seat 4: 511bae54 ($8.53 in chips)
Seat 5: d591d3a2 ($10.87 in chips)
Seat 6: 172bb4d0 ($6.63 in chips)
172bb4d0: posts small blind $0.05
6ed86dd3: posts big blind $0.1
*** HOLE CARDS ***
Dealt to 6ed86dd3 
Dealt to d7a97963 
Dealt to Hero [Jh Tc]
Dealt to 511bae54 
Dealt to d591d3a2 
Dealt to 172bb4d0 
d7a97963: folds
Hero: folds
511bae54: folds
d591d3a2: folds
172bb4d0: raises $0.1 to $0.2
6ed86dd3: folds
Uncalled bet ($0.1) returned to 172bb4d0
*** SHOWDOWN ***
172bb4d0 collected $0.2 from pot
*** SUMMARY ***
Total pot $0.2 | Rake $0 | Jackpot $0 | Bingo $0 | Fortune $0 | Tax $0
Seat 1: 6ed86dd3 (big blind) folded before Flop
Seat 2: d7a97963 folded before Flop (didn't bet)
Seat 3: Hero folded before Flop (didn't bet)
Seat 4: 511bae54 folded before Flop (didn't bet)
Seat 5: d591d3a2 (button) folded before Flop (didn't bet)
Seat 6: 172bb4d0 (small blind) collected ($0.2)


Poker Hand #HD1846913626: Hold'em No Limit ($0.05/$0.1) - 2024/07/07 16:13:05
Table 'NLHRed22' 6-max Seat #4 is the button
Seat 1: 6ed86dd3 ($16.75 in chips)
Seat 2: d7a97963 ($9.96 in chips)
Seat 3: Hero ($14.31 in chips)
Seat 4: 511bae54 ($8.73 in chips)
Seat 5: d591d3a2 ($10.23 in chips)
Seat 6: 172bb4d0 ($7.13 in chips)
d591d3a2: posts small blind $0.05
172bb4d0: posts big blind $0.1
*** HOLE CARDS ***
Dealt to 6ed86dd3 
Dealt to d7a97963 
Dealt to Hero [5c As]
Dealt to 511bae54 
Dealt to d591d3a2 
Dealt to 172bb4d0 
6ed86dd3: folds
d7a97963: folds
Hero: folds
511bae54: raises $0.1 to $0.2
d591d3a2: calls $0.15
172bb4d0: calls $0.1
*** FLOP *** [3h 6s 4c]
d591d3a2: checks
172bb4d0: checks
511bae54: checks
*** TURN *** [3h 6s 4c] [Ah]
d591d3a2: checks
172bb4d0: checks
511bae54: checks
*** RIVER *** [3h 6s 4c Ah] [8s]
d591d3a2: bets $0.3
172bb4d0: calls $0.3
511bae54: folds
d591d3a2: shows [Ad Ts] (Pair of Aces)
172bb4d0: shows [8c Ks] (Pair of Eights)
*** SHOWDOWN ***
d591d3a2 collected $1.14 from pot
*** SUMMARY ***
Total pot $1.2 | Rake $0.06 | Jackpot $0 | Bingo $0 | Fortune $0 | Tax $0
Board [3h 6s 4c Ah 8s]
Seat 1: 6ed86dd3 folded before Flop (didn't bet)
Seat 2: d7a97963 folded before Flop (didn't bet)
Seat 3: Hero folded before Flop (didn't bet)
Seat 4: 511bae54 (button) folded on the River
Seat 5: d591d3a2 (small blind) showed [Ad Ts] and won ($1.14) with Pair of Aces
Seat 6: 172bb4d0 (big blind) showed [8c Ks] and lost with Pair of Eights


Poker Hand #HD1846913561: Hold'em No Limit ($0.05/$0.1) - 2024/07/07 16:12:37
Table 'NLHRed22' 6-max Seat #3 is the button
Seat 1: 6ed86dd3 ($16.75 in chips)
Seat 2: d7a97963 ($9.96 in chips)
Seat 3: Hero ($14.31 in chips)
Seat 4: 511bae54 ($8.78 in chips)
Seat 5: d591d3a2 ($10.33 in chips)
Seat 6: 172bb4d0 ($6.98 in chips)
511bae54: posts small blind $0.05
d591d3a2: posts big blind $0.1
*** HOLE CARDS ***
Dealt to 6ed86dd3 
Dealt to d7a97963 
Dealt to Hero [5c 4h]
Dealt to 511bae54 
Dealt to d591d3a2 
Dealt to 172bb4d0 
172bb4d0: raises $0.1 to $0.2
6ed86dd3: folds
d7a97963: folds
Hero: folds
511bae54: folds
d591d3a2: folds
Uncalled bet ($0.1) returned to 172bb4d0
*** SHOWDOWN ***
172bb4d0 collected $0.25 from pot
*** SUMMARY ***
Total pot $0.25 | Rake $0 | Jackpot $0 | Bingo $0 | Fortune $0 | Tax $0
Seat 1: 6ed86dd3 folded before Flop (didn't bet)
Seat 2: d7a97963 folded before Flop (didn't bet)
Seat 3: Hero (button) folded before Flop (didn't bet)
Seat 4: 511bae54 (small blind) folded before Flop
Seat 5: d591d3a2 (big blind) folded before Flop
Seat 6: 172bb4d0 collected ($0.25)


Poker Hand #HD1846913517: Hold'em No Limit ($0.05/$0.1) - 2024/07/07 16:12:10
Table 'NLHRed22' 6-max Seat #2 is the button
Seat 1: 6ed86dd3 ($16.75 in chips)
Seat 2: d7a97963 ($9.96 in chips)
Seat 3: Hero ($14.36 in chips)
Seat 4: 511bae54 ($8.73 in chips)
Seat 5: d591d3a2 ($10.33 in chips)
Seat 6: 172bb4d0 ($6.98 in chips)
Hero: posts small blind $0.05
511bae54: posts big blind $0.1
*** HOLE CARDS ***
Dealt to 6ed86dd3 
Dealt to d7a97963 
Dealt to Hero [6h Jc]
Dealt to 511bae54 
Dealt to d591d3a2 
Dealt to 172bb4d0 
d591d3a2: folds
172bb4d0: folds
6ed86dd3: folds
d7a97963: folds
Hero: folds
Uncalled bet ($0.05) returned to 511bae54
*** SHOWDOWN ***
511bae54 collected $0.1 from pot
*** SUMMARY ***
Total pot $0.1 | Rake $0 | Jackpot $0 | Bingo $0 | Fortune $0 | Tax $0
Seat 1: 6ed86dd3 folded before Flop (didn't bet)
Seat 2: d7a97963 (button) folded before Flop (didn't bet)
Seat 3: Hero (small blind) folded before Flop
Seat 4: 511bae54 (big blind) collected ($0.1)
Seat 5: d591d3a2 folded before Flop (didn't bet)
Seat 6: 172bb4d0 folded before Flop (didn't bet)


Poker Hand #HD1846913482: Hold'em No Limit ($0.05/$0.1) - 2024/07/07 16:11:52
Table 'NLHRed22' 6-max Seat #1 is the button
Seat 1: 6ed86dd3 ($16.75 in chips)
Seat 2: d7a97963 ($10.01 in chips)
Seat 3: Hero ($14.31 in chips)
Seat 4: 511bae54 ($8.73 in chips)
Seat 5: d591d3a2 ($10.33 in chips)
Seat 6: 172bb4d0 ($6.98 in chips)
d7a97963: posts small blind $0.05
Hero: posts big blind $0.1
*** HOLE CARDS ***
Dealt to 6ed86dd3 
Dealt to d7a97963 
Dealt to Hero [9d 2s]
Dealt to 511bae54 
Dealt to d591d3a2 
Dealt to 172bb4d0 
511bae54: folds
d591d3a2: folds
172bb4d0: folds
6ed86dd3: folds
d7a97963: folds
Uncalled bet ($0.05) returned to Hero
*** SHOWDOWN ***
Hero collected $0.1 from pot
*** SUMMARY ***
Total pot $0.1 | Rake $0 | Jackpot $0 | Bingo $0 | Fortune $0 | Tax $0
Seat 1: 6ed86dd3 (button) folded before Flop (didn't bet)
Seat 2: d7a97963 (small blind) folded before Flop
Seat 3: Hero (big blind) collected ($0.1)
Seat 4: 511bae54 folded before Flop (didn't bet)
Seat 5: d591d3a2 folded before Flop (didn't bet)
Seat 6: 172bb4d0 folded before Flop (didn't bet)


Poker Hand #HD1846913452: Hold'em No Limit ($0.05/$0.1) - 2024/07/07 16:11:35
Table 'NLHRed22' 6-max Seat #6 is the button
Seat 1: 6ed86dd3 ($16.8 in chips)
Seat 2: d7a97963 ($9.96 in chips)
Seat 3: Hero ($14.31 in chips)
Seat 4: 511bae54 ($8.73 in chips)
Seat 5: d591d3a2 ($10.33 in chips)
Seat 6: 172bb4d0 ($6.98 in chips)
6ed86dd3: posts small blind $0.05
d7a97963: posts big blind $0.1
*** HOLE CARDS ***
Dealt to 6ed86dd3 
Dealt to d7a97963 
Dealt to Hero [Ac 4h]
Dealt to 511bae54 
Dealt to d591d3a2 
Dealt to 172bb4d0 
Hero: folds
511bae54: folds
d591d3a2: folds
172bb4d0: folds
6ed86dd3: folds
Uncalled bet ($0.05) returned to d7a97963
*** SHOWDOWN ***
d7a97963 collected $0.1 from pot
*** SUMMARY ***
Total pot $0.1 | Rake $0 | Jackpot $0 | Bingo $0 | Fortune $0 | Tax $0
Seat 1: 6ed86dd3 (small blind) folded before Flop
Seat 2: d7a97963 (big blind) collected ($0.1)
Seat 3: Hero folded before Flop (didn't bet)
Seat 4: 511bae54 folded before Flop (didn't bet)
Seat 5: d591d3a2 folded before Flop (didn't bet)
Seat 6: 172bb4d0 (button) folded before Flop (didn't bet)


Poker Hand #HD1846913364: Hold'em No Limit ($0.05/$0.1) - 2024/07/07 16:10:50
Table 'NLHRed22' 6-max Seat #5 is the button
Seat 1: 6ed86dd3 ($17 in chips)
Seat 2: d7a97963 ($9.96 in chips)
Seat 3: Hero ($14.31 in chips)
Seat 4: 511bae54 ($8.73 in chips)
Seat 5: d591d3a2 ($10.1 in chips)
Seat 6: 172bb4d0 ($7.03 in chips)
172bb4d0: posts small blind $0.05
6ed86dd3: posts big blind $0.1
*** HOLE CARDS ***
Dealt to 6ed86dd3 
Dealt to d7a97963 
Dealt to Hero [8h Ah]
Dealt to 511bae54 
Dealt to d591d3a2 
Dealt to 172bb4d0 
d7a97963: folds
Hero: folds
511bae54: folds
d591d3a2: raises $0.1 to $0.2
172bb4d0: folds
6ed86dd3: calls $0.1
*** FLOP *** [Jc 2s Jd]
6ed86dd3: checks
d591d3a2: bets $0.23
6ed86dd3: folds
Uncalled bet ($0.23) returned to d591d3a2
*** SHOWDOWN ***
d591d3a2 collected $0.43 from pot
*** SUMMARY ***
Total pot $0.45 | Rake $0.02 | Jackpot $0 | Bingo $0 | Fortune $0 | Tax $0
Board [Jc 2s Jd]
Seat 1: 6ed86dd3 (big blind) folded on the Flop
Seat 2: d7a97963 folded before Flop (didn't bet)
Seat 3: Hero folded before Flop (didn't bet)
Seat 4: 511bae54 folded before Flop (didn't bet)
Seat 5: d591d3a2 (button) won ($0.43)
Seat 6: 172bb4d0 (small blind) folded before Flop


Poker Hand #HD1846913325: Hold'em No Limit ($0.05/$0.1) - 2024/07/07 16:10:30
Table 'NLHRed22' 6-max Seat #4 is the button
Seat 1: 6ed86dd3 ($17 in chips)
Seat 2: d7a97963 ($9.96 in chips)
Seat 3: Hero ($14.31 in chips)
Seat 4: 511bae54 ($8.73 in chips)
Seat 5: d591d3a2 ($10 in chips)
Seat 6: 172bb4d0 ($7.13 in chips)
d591d3a2: posts small blind $0.05
172bb4d0: posts big blind $0.1
*** HOLE CARDS ***
Dealt to 6ed86dd3 
Dealt to d7a97963 
Dealt to Hero [Th 5c]
Dealt to 511bae54 
Dealt to d591d3a2 
Dealt to 172bb4d0 
6ed86dd3: folds
d7a97963: folds
Hero: folds
511bae54: folds
d591d3a2: raises $0.2 to $0.3
172bb4d0: folds
Uncalled bet ($0.2) returned to d591d3a2
*** SHOWDOWN ***
d591d3a2 collected $0.2 from pot
*** SUMMARY ***
Total pot $0.2 | Rake $0 | Jackpot $0 | Bingo $0 | Fortune $0 | Tax $0
Seat 1: 6ed86dd3 folded before Flop (didn't bet)
Seat 2: d7a97963 folded before Flop (didn't bet)
Seat 3: Hero folded before Flop (didn't bet)
Seat 4: 511bae54 (button) folded before Flop (didn't bet)
Seat 5: d591d3a2 (small blind) collected ($0.2)
Seat 6: 172bb4d0 (big blind) folded before Flop


Poker Hand #HD1846913290: Hold'em No Limit ($0.05/$0.1) - 2024/07/07 16:10:06
Table 'NLHRed22' 6-max Seat #3 is the button
Seat 1: 6ed86dd3 ($17 in chips)
Seat 2: d7a97963 ($9.96 in chips)
Seat 3: Hero ($14.16 in chips)
Seat 4: 511bae54 ($8.78 in chips)
Seat 5: d591d3a2 ($10 in chips)
Seat 6: 172bb4d0 ($7.13 in chips)
511bae54: posts small blind $0.05
d591d3a2: posts big blind $0.1
*** HOLE CARDS ***
Dealt to 6ed86dd3 
Dealt to d7a97963 
Dealt to Hero [6s As]
Dealt to 511bae54 
Dealt to d591d3a2 
Dealt to 172bb4d0 
172bb4d0: folds
6ed86dd3: folds
d7a97963: folds
Hero: raises $0.14 to $0.24
511bae54: folds
d591d3a2: folds
Uncalled bet ($0.14) returned to Hero
*** SHOWDOWN ***
Hero collected $0.25 from pot
*** SUMMARY ***
Total pot $0.25 | Rake $0 | Jackpot $0 | Bingo $0 | Fortune $0 | Tax $0
Seat 1: 6ed86dd3 folded before Flop (didn't bet)
Seat 2: d7a97963 folded before Flop (didn't bet)
Seat 3: Hero (button) collected ($0.25)
Seat 4: 511bae54 (small blind) folded before Flop
Seat 5: d591d3a2 (big blind) folded before Flop
Seat 6: 172bb4d0 folded before Flop (didn't bet)


Poker Hand #HD1846913245: Hold'em No Limit ($0.05/$0.1) - 2024/07/07 16:09:41
Table 'NLHRed22' 6-max Seat #2 is the button
Seat 1: 6ed86dd3 ($17 in chips)
Seat 2: d7a97963 ($9.96 in chips)
Seat 3: Hero ($14.21 in chips)
Seat 4: 511bae54 ($8.55 in chips)
Seat 5: d591d3a2 ($10 in chips)
Seat 6: 172bb4d0 ($7.13 in chips)
Hero: posts small blind $0.05
511bae54: posts big blind $0.1
*** HOLE CARDS ***
Dealt to 6ed86dd3 
Dealt to d7a97963 
Dealt to Hero [3h Ad]
Dealt to 511bae54 
Dealt to d591d3a2 
Dealt to 172bb4d0 
d591d3a2: raises $0.1 to $0.2
172bb4d0: folds
6ed86dd3: folds
d7a97963: folds
Hero: folds
511bae54: calls $0.1
*** FLOP *** [3d 5d 7h]
511bae54: checks
d591d3a2: checks
*** TURN *** [3d 5d 7h] [9s]
511bae54: bets $0.23
d591d3a2: folds
Uncalled bet ($0.23) returned to 511bae54
*** SHOWDOWN ***
511bae54 collected $0.43 from pot
*** SUMMARY ***
Total pot $0.45 | Rake $0.02 | Jackpot $0 | Bingo $0 | Fortune $0 | Tax $0
Board [3d 5d 7h 9s]
Seat 1: 6ed86dd3 folded before Flop (didn't bet)
Seat 2: d7a97963 (button) folded before Flop (didn't bet)
Seat 3: Hero (small blind) folded before Flop
Seat 4: 511bae54 (big blind) won ($0.43)
Seat 5: d591d3a2 folded on the Turn
Seat 6: 172bb4d0 folded before Flop (didn't bet)


Poker Hand #HD1846913212: Hold'em No Limit ($0.05/$0.1) - 2024/07/07 16:09:24
Table 'NLHRed22' 6-max Seat #1 is the button
Seat 1: 6ed86dd3 ($17 in chips)
Seat 2: d7a97963 ($10.01 in chips)
Seat 3: Hero ($14.16 in chips)
Seat 4: 511bae54 ($8.55 in chips)
Seat 5: d591d3a2 ($10 in chips)
Seat 6: 172bb4d0 ($7.13 in chips)
d7a97963: posts small blind $0.05
Hero: posts big blind $0.1
*** HOLE CARDS ***
Dealt to 6ed86dd3 
Dealt to d7a97963 
Dealt to Hero [8h 7d]
Dealt to 511bae54 
Dealt to d591d3a2 
Dealt to 172bb4d0 
511bae54: folds
d591d3a2: folds
172bb4d0: folds
6ed86dd3: folds
d7a97963: folds
Uncalled bet ($0.05) returned to Hero
*** SHOWDOWN ***
Hero collected $0.1 from pot
*** SUMMARY ***
Total pot $0.1 | Rake $0 | Jackpot $0 | Bingo $0 | Fortune $0 | Tax $0
Seat 1: 6ed86dd3 (button) folded before Flop (didn't bet)
Seat 2: d7a97963 (small blind) folded before Flop
Seat 3: Hero (big blind) collected ($0.1)
Seat 4: 511bae54 folded before Flop (didn't bet)
Seat 5: d591d3a2 folded before Flop (didn't bet)
Seat 6: 172bb4d0 folded before Flop (didn't bet)


Poker Hand #HD1846913176: Hold'em No Limit ($0.05/$0.1) - 2024/07/07 16:09:02
Table 'NLHRed22' 6-max Seat #6 is the button
Seat 1: 6ed86dd3 ($17.05 in chips)
Seat 2: d7a97963 ($10.11 in chips)
Seat 3: Hero ($14.16 in chips)
Seat 4: 511bae54 ($8.4 in chips)
Seat 5: d591d3a2 ($10 in chips)
Seat 6: 172bb4d0 ($7.13 in chips)
6ed86dd3: posts small blind $0.05
d7a97963: posts big blind $0.1
*** HOLE CARDS ***
Dealt to 6ed86dd3 
Dealt to d7a97963 
Dealt to Hero [3h 2c]
Dealt to 511bae54 
Dealt to d591d3a2 
Dealt to 172bb4d0 
Hero: folds
511bae54: raises $0.1 to $0.2
d591d3a2: folds
172bb4d0: folds
6ed86dd3: folds
d7a97963: folds
Uncalled bet ($0.1) returned to 511bae54
*** SHOWDOWN ***
511bae54 collected $0.25 from pot
*** SUMMARY ***
Total pot $0.25 | Rake $0 | Jackpot $0 | Bingo $0 | Fortune $0 | Tax $0
Seat 1: 6ed86dd3 (small blind) folded before Flop
Seat 2: d7a97963 (big blind) folded before Flop
Seat 3: Hero folded before Flop (didn't bet)
Seat 4: 511bae54 collected ($0.25)
Seat 5: d591d3a2 folded before Flop (didn't bet)
Seat 6: 172bb4d0 (button) folded before Flop (didn't bet)


Poker Hand #HD1846913147: Hold'em No Limit ($0.05/$0.1) - 2024/07/07 16:08:49
Table 'NLHRed22' 6-max Seat #5 is the button
Seat 1: 6ed86dd3 ($17.15 in chips)
Seat 2: d7a97963 ($10.11 in chips)
Seat 3: Hero ($14.16 in chips)
Seat 4: 511bae54 ($8.25 in chips)
Seat 5: d591d3a2 ($10 in chips)
Seat 6: 172bb4d0 ($7.18 in chips)
172bb4d0: posts small blind $0.05
6ed86dd3: posts big blind $0.1
*** HOLE CARDS ***
Dealt to 6ed86dd3 
Dealt to d7a97963 
Dealt to Hero [Ks 2s]
Dealt to 511bae54 
Dealt to d591d3a2 
Dealt to 172bb4d0 
d7a97963: folds
Hero: folds
511bae54: raises $0.1 to $0.2
d591d3a2: folds
172bb4d0: folds
6ed86dd3: folds
Uncalled bet ($0.1) returned to 511bae54
*** SHOWDOWN ***
511bae54 collected $0.25 from pot
*** SUMMARY ***
Total pot $0.25 | Rake $0 | Jackpot $0 | Bingo $0 | Fortune $0 | Tax $0
Seat 1: 6ed86dd3 (big blind) folded before Flop
Seat 2: d7a97963 folded before Flop (didn't bet)
Seat 3: Hero folded before Flop (didn't bet)
Seat 4: 511bae54 collected ($0.25)
Seat 5: d591d3a2 (button) folded before Flop (didn't bet)
Seat 6: 172bb4d0 (small blind) folded before Flop


Poker Hand #HD1846913114: Hold'em No Limit ($0.05/$0.1) - 2024/07/07 16:08:33
Table 'NLHRed22' 6-max Seat #4 is the button
Seat 1: 6ed86dd3 ($17.15 in chips)
Seat 2: d7a97963 ($10.11 in chips)
Seat 3: Hero ($14.16 in chips)
Seat 4: 511bae54 ($8.25 in chips)
Seat 5: d591d3a2 ($10 in chips)
Seat 6: 172bb4d0 ($7.13 in chips)
d591d3a2: posts small blind $0.05
172bb4d0: posts big blind $0.1
*** HOLE CARDS ***
Dealt to 6ed86dd3 
Dealt to d7a97963 
Dealt to Hero [Kh 8c]
Dealt to 511bae54 
Dealt to d591d3a2 
Dealt to 172bb4d0 
6ed86dd3: folds
d7a97963: folds
Hero: folds
511bae54: folds
d591d3a2: folds
Uncalled bet ($0.05) returned to 172bb4d0
*** SHOWDOWN ***
172bb4d0 collected $0.1 from pot
*** SUMMARY ***
Total pot $0.1 | Rake $0 | Jackpot $0 | Bingo $0 | Fortune $0 | Tax $0
Seat 1: 6ed86dd3 folded before Flop (didn't bet)
Seat 2: d7a97963 folded before Flop (didn't bet)
Seat 3: Hero folded before Flop (didn't bet)
Seat 4: 511bae54 (button) folded before Flop (didn't bet)
Seat 5: d591d3a2 (small blind) folded before Flop
Seat 6: 172bb4d0 (big blind) collected ($0.1)


Poker Hand #HD1846913058: Hold'em No Limit ($0.05/$0.1) - 2024/07/07 16:08:02
Table 'NLHRed22' 6-max Seat #3 is the button
Seat 1: 6ed86dd3 ($16.92 in chips)
Seat 2: d7a97963 ($10.11 in chips)
Seat 3: Hero ($14.16 in chips)
Seat 4: 511bae54 ($8.3 in chips)
Seat 5: d591d3a2 ($10 in chips)
Seat 6: 172bb4d0 ($7.13 in chips)
511bae54: posts small blind $0.05
d591d3a2: posts big blind $0.1
*** HOLE CARDS ***
Dealt to 6ed86dd3 
Dealt to d7a97963 
Dealt to Hero [Tc 6s]
Dealt to 511bae54 
Dealt to d591d3a2 
Dealt to 172bb4d0 
172bb4d0: folds
6ed86dd3: raises $0.1 to $0.2
d7a97963: folds
Hero: folds
511bae54: folds
d591d3a2: calls $0.1
*** FLOP *** [Jh 5d 9h]
d591d3a2: checks
6ed86dd3: checks
*** TURN *** [Jh 5d 9h] [Jd]
d591d3a2: checks
6ed86dd3: bets $0.25
d591d3a2: folds
Uncalled bet ($0.25) returned to 6ed86dd3
*** SHOWDOWN ***
6ed86dd3 collected $0.43 from pot
*** SUMMARY ***
Total pot $0.45 | Rake $0.02 | Jackpot $0 | Bingo $0 | Fortune $0 | Tax $0
Board [Jh 5d 9h Jd]
Seat 1: 6ed86dd3 won ($0.43)
Seat 2: d7a97963 folded before Flop (didn't bet)
Seat 3: Hero (button) folded before Flop (didn't bet)
Seat 4: 511bae54 (small blind) folded before Flop
Seat 5: d591d3a2 (big blind) folded on the Turn
Seat 6: 172bb4d0 folded before Flop (didn't bet)


Poker Hand #HD1846913022: Hold'em No Limit ($0.05/$0.1) - 2024/07/07 16:07:47
Table 'NLHRed22' 6-max Seat #2 is the button
Seat 1: 6ed86dd3 ($16.92 in chips)
Seat 2: d7a97963 ($10.11 in chips)
Seat 3: Hero ($14.21 in chips)
Seat 4: 511bae54 ($8.25 in chips)
Seat 6: 172bb4d0 ($7.13 in chips)
Hero: posts small blind $0.05
511bae54: posts big blind $0.1
*** HOLE CARDS ***
Dealt to 6ed86dd3 
Dealt to d7a97963 
Dealt to Hero [2d 7d]
Dealt to 511bae54 
Dealt to 172bb4d0 
172bb4d0: folds
6ed86dd3: folds
d7a97963: folds
Hero: folds
Uncalled bet ($0.05) returned to 511bae54
*** SHOWDOWN ***
511bae54 collected $0.1 from pot
*** SUMMARY ***
Total pot $0.1 | Rake $0 | Jackpot $0 | Bingo $0 | Fortune $0 | Tax $0
Seat 1: 6ed86dd3 folded before Flop (didn't bet)
Seat 2: d7a97963 (button) folded before Flop (didn't bet)
Seat 3: Hero (small blind) folded before Flop
Seat 4: 511bae54 (big blind) collected ($0.1)
Seat 6: 172bb4d0 folded before Flop (didn't bet)


Poker Hand #HD1846912910: Hold'em No Limit ($0.05/$0.1) - 2024/07/07 16:06:52
Table 'NLHRed22' 6-max Seat #1 is the button
Seat 1: 6ed86dd3 ($16.92 in chips)
Seat 2: d7a97963 ($10.16 in chips)
Seat 3: Hero ($14.41 in chips)
Seat 4: 511bae54 ($8.25 in chips)
Seat 5: bf15cf78 ($10.86 in chips)
Seat 6: 172bb4d0 ($6.9 in chips)
d7a97963: posts small blind $0.05
Hero: posts big blind $0.1
*** HOLE CARDS ***
Dealt to 6ed86dd3 
Dealt to d7a97963 
Dealt to Hero [Kh Qd]
Dealt to 511bae54 
Dealt to bf15cf78 
Dealt to 172bb4d0 
511bae54: folds
bf15cf78: folds
172bb4d0: raises $0.1 to $0.2
6ed86dd3: folds
d7a97963: folds
Hero: calls $0.1
*** FLOP *** [9c 7h 4s]
Hero: checks
172bb4d0: bets $0.15
Hero: folds
Uncalled bet ($0.15) returned to 172bb4d0
*** SHOWDOWN ***
172bb4d0 collected $0.43 from pot
*** SUMMARY ***
Total pot $0.45 | Rake $0.02 | Jackpot $0 | Bingo $0 | Fortune $0 | Tax $0
Board [9c 7h 4s]
Seat 1: 6ed86dd3 (button) folded before Flop (didn't bet)
Seat 2: d7a97963 (small blind) folded before Flop
Seat 3: Hero (big blind) folded on the Flop
Seat 4: 511bae54 folded before Flop (didn't bet)
Seat 5: bf15cf78 folded before Flop (didn't bet)
Seat 6: 172bb4d0 won ($0.43)


Poker Hand #HD1846912848: Hold'em No Limit ($0.05/$0.1) - 2024/07/07 16:06:14
Table 'NLHRed22' 6-max Seat #6 is the button
Seat 1: 6ed86dd3 ($17.22 in chips)
Seat 2: d7a97963 ($10.26 in chips)
Seat 3: Hero ($14.41 in chips)
Seat 4: 511bae54 ($8.25 in chips)
Seat 5: bf15cf78 ($10.49 in chips)
Seat 6: 172bb4d0 ($6.9 in chips)
6ed86dd3: posts small blind $0.05
d7a97963: posts big blind $0.1
*** HOLE CARDS ***
Dealt to 6ed86dd3 
Dealt to d7a97963 
Dealt to Hero [7c 3h]
Dealt to 511bae54 
Dealt to bf15cf78 
Dealt to 172bb4d0 
Hero: folds
511bae54: folds
bf15cf78: raises $0.2 to $0.3
172bb4d0: folds
6ed86dd3: calls $0.25
d7a97963: folds
*** FLOP *** [9s 7d 3s]
6ed86dd3: checks
bf15cf78: checks
*** TURN *** [9s 7d 3s] [Ad]
6ed86dd3: checks
bf15cf78: bets $0.53
6ed86dd3: folds
Uncalled bet ($0.53) returned to bf15cf78
*** SHOWDOWN ***
bf15cf78 collected $0.67 from pot
*** SUMMARY ***
Total pot $0.7 | Rake $0.03 | Jackpot $0 | Bingo $0 | Fortune $0 | Tax $0
Board [9s 7d 3s Ad]
Seat 1: 6ed86dd3 (small blind) folded on the Turn
Seat 2: d7a97963 (big blind) folded before Flop
Seat 3: Hero folded before Flop (didn't bet)
Seat 4: 511bae54 folded before Flop (didn't bet)
Seat 5: bf15cf78 won ($0.67)
Seat 6: 172bb4d0 (button) folded before Flop (didn't bet)


Poker Hand #HD1846912825: Hold'em No Limit ($0.05/$0.1) - 2024/07/07 16:06:02
Table 'NLHRed22' 6-max Seat #5 is the button
Seat 1: 6ed86dd3 ($17.32 in chips)
Seat 2: d7a97963 ($10.26 in chips)
Seat 3: Hero ($14.41 in chips)
Seat 4: 511bae54 ($8.25 in chips)
Seat 5: bf15cf78 ($10.49 in chips)
Seat 6: 172bb4d0 ($6.8 in chips)
172bb4d0: posts small blind $0.05
6ed86dd3: posts big blind $0.1
*** HOLE CARDS ***
Dealt to 6ed86dd3 
Dealt to d7a97963 
Dealt to Hero [Kh 7d]
Dealt to 511bae54 
Dealt to bf15cf78 
Dealt to 172bb4d0 
d7a97963: folds
Hero: folds
511bae54: folds
bf15cf78: folds
172bb4d0: raises $0.1 to $0.2
6ed86dd3: folds
Uncalled bet ($0.1) returned to 172bb4d0
*** SHOWDOWN ***
172bb4d0 collected $0.2 from pot
*** SUMMARY ***
Total pot $0.2 | Rake $0 | Jackpot $0 | Bingo $0 | Fortune $0 | Tax $0
Seat 1: 6ed86dd3 (big blind) folded before Flop
Seat 2: d7a97963 folded before Flop (didn't bet)
Seat 3: Hero folded before Flop (didn't bet)
Seat 4: 511bae54 folded before Flop (didn't bet)
Seat 5: bf15cf78 (button) folded before Flop (didn't bet)
Seat 6: 172bb4d0 (small blind) collected ($0.2)


Poker Hand #HD1846912782: Hold'em No Limit ($0.05/$0.1) - 2024/07/07 16:05:43
Table 'NLHRed22' 6-max Seat #4 is the button
Seat 1: 6ed86dd3 ($17.32 in chips)
Seat 2: d7a97963 ($10.26 in chips)
Seat 3: Hero ($14.41 in chips)
Seat 4: 511bae54 ($8.25 in chips)
Seat 5: bf15cf78 ($10.39 in chips)
Seat 6: 172bb4d0 ($6.9 in chips)
bf15cf78: posts small blind $0.05
172bb4d0: posts big blind $0.1
*** HOLE CARDS ***
Dealt to 6ed86dd3 
Dealt to d7a97963 
Dealt to Hero [9h Td]
Dealt to 511bae54 
Dealt to bf15cf78 
Dealt to 172bb4d0 
6ed86dd3: folds
d7a97963: folds
Hero: folds
511bae54: folds
bf15cf78: raises $0.2 to $0.3
172bb4d0: folds
Uncalled bet ($0.2) returned to bf15cf78
*** SHOWDOWN ***
bf15cf78 collected $0.2 from pot
*** SUMMARY ***
Total pot $0.2 | Rake $0 | Jackpot $0 | Bingo $0 | Fortune $0 | Tax $0
Seat 1: 6ed86dd3 folded before Flop (didn't bet)
Seat 2: d7a97963 folded before Flop (didn't bet)
Seat 3: Hero folded before Flop (didn't bet)
Seat 4: 511bae54 (button) folded before Flop (didn't bet)
Seat 5: bf15cf78 (small blind) collected ($0.2)
Seat 6: 172bb4d0 (big blind) folded before Flop


Poker Hand #HD1846912711: Hold'em No Limit ($0.05/$0.1) - 2024/07/07 16:05:10
Table 'NLHRed22' 6-max Seat #3 is the button
Seat 1: 6ed86dd3 ($17.32 in chips)
Seat 2: d7a97963 ($10.26 in chips)
Seat 3: Hero ($14.41 in chips)
Seat 4: 511bae54 ($8.3 in chips)
Seat 5: bf15cf78 ($9.75 in chips)
Seat 6: 172bb4d0 ($7.55 in chips)
511bae54: posts small blind $0.05
bf15cf78: posts big blind $0.1
*** HOLE CARDS ***
Dealt to 6ed86dd3 
Dealt to d7a97963 
Dealt to Hero [8c 2c]
Dealt to 511bae54 
Dealt to bf15cf78 
Dealt to 172bb4d0 
172bb4d0: raises $0.1 to $0.2
6ed86dd3: folds
d7a97963: folds
Hero: folds
511bae54: folds
bf15cf78: raises $0.45 to $0.65
172bb4d0: calls $0.45
*** FLOP *** [Ac 7h 2s]
bf15cf78: checks
172bb4d0: checks
*** TURN *** [Ac 7h 2s] [5h]
bf15cf78: bets $0.68
172bb4d0: folds
Uncalled bet ($0.68) returned to bf15cf78
bf15cf78: shows [Ah] (Pair of Aces)
*** SHOWDOWN ***
bf15cf78 collected $1.29 from pot
*** SUMMARY ***
Total pot $1.35 | Rake $0.06 | Jackpot $0 | Bingo $0 | Fortune $0 | Tax $0
Board [Ac 7h 2s 5h]
Seat 1: 6ed86dd3 folded before Flop (didn't bet)
Seat 2: d7a97963 folded before Flop (didn't bet)
Seat 3: Hero (button) folded before Flop (didn't bet)
Seat 4: 511bae54 (small blind) folded before Flop
Seat 5: bf15cf78 (big blind) showed [Ah] and won ($1.29)
Seat 6: 172bb4d0 folded on the Turn


Poker Hand #HD1846912640: Hold'em No Limit ($0.05/$0.1) - 2024/07/07 16:04:26
Table 'NLHRed22' 6-max Seat #2 is the button
Seat 1: 6ed86dd3 ($17.32 in chips)
Seat 2: d7a97963 ($10.26 in chips)
Seat 3: Hero ($14.46 in chips)
Seat 4: 511bae54 ($7.86 in chips)
Seat 5: bf15cf78 ($10.18 in chips)
Seat 6: 172bb4d0 ($7.55 in chips)
Hero: posts small blind $0.05
511bae54: posts big blind $0.1
*** HOLE CARDS ***
Dealt to 6ed86dd3 
Dealt to d7a97963 
Dealt to Hero [8d Kd]
Dealt to 511bae54 
Dealt to bf15cf78 
Dealt to 172bb4d0 
bf15cf78: raises $0.1 to $0.2
172bb4d0: folds
6ed86dd3: folds
d7a97963: folds
Hero: folds
511bae54: calls $0.1
*** FLOP *** [Qd 2s 3d]
511bae54: checks
bf15cf78: checks
*** TURN *** [Qd 2s 3d] [Td]
511bae54: bets $0.23
bf15cf78: calls $0.23
*** RIVER *** [Qd 2s 3d Td] [Th]
511bae54: bets $0.56
bf15cf78: folds
Uncalled bet ($0.56) returned to 511bae54
*** SHOWDOWN ***
511bae54 collected $0.87 from pot
*** SUMMARY ***
Total pot $0.91 | Rake $0.04 | Jackpot $0 | Bingo $0 | Fortune $0 | Tax $0
Board [Qd 2s 3d Td Th]
Seat 1: 6ed86dd3 folded before Flop (didn't bet)
Seat 2: d7a97963 (button) folded before Flop (didn't bet)
Seat 3: Hero (small blind) folded before Flop
Seat 4: 511bae54 (big blind) won ($0.87)
Seat 5: bf15cf78 folded on the River
Seat 6: 172bb4d0 folded before Flop (didn't bet)


Poker Hand #HD1846912619: Hold'em No Limit ($0.05/$0.1) - 2024/07/07 16:04:16
Table 'NLHRed22' 6-max Seat #1 is the button
Seat 1: 6ed86dd3 ($17.32 in chips)
Seat 2: d7a97963 ($10.31 in chips)
Seat 3: Hero ($14.41 in chips)
Seat 4: 511bae54 ($7.86 in chips)
Seat 5: bf15cf78 ($10.18 in chips)
Seat 6: 172bb4d0 ($7.55 in chips)
d7a97963: posts small blind $0.05
Hero: posts big blind $0.1
*** HOLE CARDS ***
Dealt to 6ed86dd3 
Dealt to d7a97963 
Dealt to Hero [Ks 2c]
Dealt to 511bae54 
Dealt to bf15cf78 
Dealt to 172bb4d0 
511bae54: folds
bf15cf78: folds
172bb4d0: folds
6ed86dd3: folds
d7a97963: folds
Uncalled bet ($0.05) returned to Hero
*** SHOWDOWN ***
Hero collected $0.1 from pot
*** SUMMARY ***
Total pot $0.1 | Rake $0 | Jackpot $0 | Bingo $0 | Fortune $0 | Tax $0
Seat 1: 6ed86dd3 (button) folded before Flop (didn't bet)
Seat 2: d7a97963 (small blind) folded before Flop
Seat 3: Hero (big blind) collected ($0.1)
Seat 4: 511bae54 folded before Flop (didn't bet)
Seat 5: bf15cf78 folded before Flop (didn't bet)
Seat 6: 172bb4d0 folded before Flop (didn't bet)


Poker Hand #HD1846912593: Hold'em No Limit ($0.05/$0.1) - 2024/07/07 16:04:04
Table 'NLHRed22' 6-max Seat #6 is the button
Seat 1: 6ed86dd3 ($17.37 in chips)
Seat 2: d7a97963 ($10.41 in chips)
Seat 3: Hero ($14.41 in chips)
Seat 4: 511bae54 ($7.86 in chips)
Seat 5: bf15cf78 ($10.03 in chips)
Seat 6: 172bb4d0 ($7.55 in chips)
6ed86dd3: posts small blind $0.05
d7a97963: posts big blind $0.1
*** HOLE CARDS ***
Dealt to 6ed86dd3 
Dealt to d7a97963 
Dealt to Hero [4c 5d]
Dealt to 511bae54 
Dealt to bf15cf78 
Dealt to 172bb4d0 
Hero: folds
511bae54: folds
bf15cf78: raises $0.2 to $0.3
172bb4d0: folds
6ed86dd3: folds
d7a97963: folds
Uncalled bet ($0.2) returned to bf15cf78
*** SHOWDOWN ***
bf15cf78 collected $0.25 from pot
*** SUMMARY ***
Total pot $0.25 | Rake $0 | Jackpot $0 | Bingo $0 | Fortune $0 | Tax $0
Seat 1: 6ed86dd3 (small blind) folded before Flop
Seat 2: d7a97963 (big blind) folded before Flop
Seat 3: Hero folded before Flop (didn't bet)
Seat 4: 511bae54 folded before Flop (didn't bet)
Seat 5: bf15cf78 collected ($0.25)
Seat 6: 172bb4d0 (button) folded before Flop (didn't bet)


Poker Hand #HD1846912504: Hold'em No Limit ($0.05/$0.1) - 2024/07/07 16:03:17
Table 'NLHRed22' 6-max Seat #5 is the button
Seat 1: 6ed86dd3 ($16.19 in chips)
Seat 2: d7a97963 ($10.41 in chips)
Seat 3: Hero ($14.41 in chips)
Seat 4: 511bae54 ($8.96 in chips)
Seat 5: bf15cf78 ($10.03 in chips)
Seat 6: 172bb4d0 ($7.75 in chips)
172bb4d0: posts small blind $0.05
6ed86dd3: posts big blind $0.1
*** HOLE CARDS ***
Dealt to 6ed86dd3 
Dealt to d7a97963 
Dealt to Hero [3c 5c]
Dealt to 511bae54 
Dealt to bf15cf78 
Dealt to 172bb4d0 
d7a97963: folds
Hero: folds
511bae54: raises $0.1 to $0.2
bf15cf78: folds
172bb4d0: calls $0.15
6ed86dd3: raises $0.9 to $1.1
511bae54: calls $0.9
172bb4d0: folds
*** FLOP *** [7c 9c Kh]
6ed86dd3: bets $0.6
511bae54: folds
Uncalled bet ($0.6) returned to 6ed86dd3
*** SHOWDOWN ***
6ed86dd3 collected $2.28 from pot
*** SUMMARY ***
Total pot $2.4 | Rake $0.12 | Jackpot $0 | Bingo $0 | Fortune $0 | Tax $0
Board [7c 9c Kh]
Seat 1: 6ed86dd3 (big blind) won ($2.28)
Seat 2: d7a97963 folded before Flop (didn't bet)
Seat 3: Hero folded before Flop (didn't bet)
Seat 4: 511bae54 folded on the Flop
Seat 5: bf15cf78 (button) folded before Flop (didn't bet)
Seat 6: 172bb4d0 (small blind) folded before Flop


Poker Hand #HD1846912431: Hold'em No Limit ($0.05/$0.1) - 2024/07/07 16:02:34
Table 'NLHRed22' 6-max Seat #4 is the button
Seat 1: 6ed86dd3 ($16.19 in chips)
Seat 2: d7a97963 ($10.41 in chips)
Seat 3: Hero ($14.41 in chips)
Seat 4: 511bae54 ($8.96 in chips)
Seat 5: bf15cf78 ($11.53 in chips)
Seat 6: 172bb4d0 ($6.49 in chips)
bf15cf78: posts small blind $0.05
172bb4d0: posts big blind $0.1
*** HOLE CARDS ***
Dealt to 6ed86dd3 
Dealt to d7a97963 
Dealt to Hero [Ad 3s]
Dealt to 511bae54 
Dealt to bf15cf78 
Dealt to 172bb4d0 
6ed86dd3: folds
d7a97963: folds
Hero: folds
511bae54: folds
bf15cf78: raises $0.2 to $0.3
172bb4d0: calls $0.2
*** FLOP *** [Td Qh As]
bf15cf78: checks
172bb4d0: bets $0.2
bf15cf78: calls $0.2
*** TURN *** [Td Qh As] [2h]
bf15cf78: checks
172bb4d0: checks
*** RIVER *** [Td Qh As 2h] [4s]
bf15cf78: bets $1
172bb4d0: calls $1
bf15cf78: shows [7d Jc] (Ace-High)
172bb4d0: shows [Ah 6c] (Pair of Aces)
*** SHOWDOWN ***
172bb4d0 collected $2.76 from pot
*** SUMMARY ***
Total pot $3 | Rake $0.14 | Jackpot $0.1 | Bingo $0 | Fortune $0 | Tax $0
Board [Td Qh As 2h 4s]
Seat 1: 6ed86dd3 folded before Flop (didn't bet)
Seat 2: d7a97963 folded before Flop (didn't bet)
Seat 3: Hero folded before Flop (didn't bet)
Seat 4: 511bae54 (button) folded before Flop (didn't bet)
Seat 5: bf15cf78 (small blind) showed [7d Jc] and lost with Ace-High
Seat 6: 172bb4d0 (big blind) showed [Ah 6c] and won ($2.76) with Pair of Aces


Poker Hand #HD1846912301: Hold'em No Limit ($0.05/$0.1) - 2024/07/07 16:01:18
Table 'NLHRed22' 6-max Seat #3 is the button
Seat 1: 6ed86dd3 ($16.19 in chips)
Seat 2: d7a97963 ($10.41 in chips)
Seat 3: Hero ($15.61 in chips)
Seat 4: 511bae54 ($9.2 in chips)
Seat 5: bf15cf78 ($10.22 in chips)
Seat 6: 172bb4d0 ($6.49 in chips)
511bae54: posts small blind $0.05
bf15cf78: posts big blind $0.1
*** HOLE CARDS ***
Dealt to 6ed86dd3 
Dealt to d7a97963 
Dealt to Hero [5d 6d]
Dealt to 511bae54 
Dealt to bf15cf78 
Dealt to 172bb4d0 
172bb4d0: folds
6ed86dd3: folds
d7a97963: folds
Hero: raises $0.14 to $0.24
511bae54: calls $0.19
bf15cf78: calls $0.14
*** FLOP *** [As Qs 7d]
511bae54: checks
bf15cf78: checks
Hero: bets $0.3
511bae54: folds
bf15cf78: calls $0.3
*** TURN *** [As Qs 7d] [5h]
bf15cf78: checks
Hero: checks
*** RIVER *** [As Qs 7d 5h] [Ah]
bf15cf78: bets $0.66
Hero: calls $0.66
bf15cf78: shows [Ad 3s] (Three Aces)
Hero: shows [5d 6d] (Pair of Aces and Pair of Fives)
*** SHOWDOWN ***
bf15cf78 collected $2.51 from pot
*** SUMMARY ***
Total pot $2.64 | Rake $0.13 | Jackpot $0 | Bingo $0 | Fortune $0 | Tax $0
Board [As Qs 7d 5h Ah]
Seat 1: 6ed86dd3 folded before Flop (didn't bet)
Seat 2: d7a97963 folded before Flop (didn't bet)
Seat 3: Hero (button) showed [5d 6d] and lost with Pair of Aces and Pair of Fives
Seat 4: 511bae54 (small blind) folded on the Flop
Seat 5: bf15cf78 (big blind) showed [Ad 3s] and won ($2.51) with Three Aces
Seat 6: 172bb4d0 folded before Flop (didn't bet)


Poker Hand #HD1846912265: Hold'em No Limit ($0.05/$0.1) - 2024/07/07 16:01:02
Table 'NLHRed22' 6-max Seat #2 is the button
Seat 1: 6ed86dd3 ($16.19 in chips)
Seat 2: d7a97963 ($10.41 in chips)
Seat 3: Hero ($15.51 in chips)
Seat 4: 511bae54 ($9.3 in chips)
Seat 5: bf15cf78 ($10.22 in chips)
Seat 6: 172bb4d0 ($6.49 in chips)
Hero: posts small blind $0.05
511bae54: posts big blind $0.1
*** HOLE CARDS ***
Dealt to 6ed86dd3 
Dealt to d7a97963 
Dealt to Hero [8h 8d]
Dealt to 511bae54 
Dealt to bf15cf78 
Dealt to 172bb4d0 
bf15cf78: folds
172bb4d0: folds
6ed86dd3: folds
d7a97963: folds
Hero: raises $0.2 to $0.3
511bae54: folds
Uncalled bet ($0.2) returned to Hero
*** SHOWDOWN ***
Hero collected $0.2 from pot
*** SUMMARY ***
Total pot $0.2 | Rake $0 | Jackpot $0 | Bingo $0 | Fortune $0 | Tax $0
Seat 1: 6ed86dd3 folded before Flop (didn't bet)
Seat 2: d7a97963 (button) folded before Flop (didn't bet)
Seat 3: Hero (small blind) collected ($0.2)
Seat 4: 511bae54 (big blind) folded before Flop
Seat 5: bf15cf78 folded before Flop (didn't bet)
Seat 6: 172bb4d0 folded before Flop (didn't bet)


Poker Hand #HD1846912215: Hold'em No Limit ($0.05/$0.1) - 2024/07/07 16:00:41
Table 'NLHRed22' 6-max Seat #1 is the button
Seat 1: 6ed86dd3 ($16.39 in chips)
Seat 2: d7a97963 ($10.46 in chips)
Seat 3: Hero ($15.61 in chips)
Seat 4: 511bae54 ($9.3 in chips)
Seat 5: bf15cf78 ($10.22 in chips)
Seat 6: 172bb4d0 ($6.16 in chips)
d7a97963: posts small blind $0.05
Hero: posts big blind $0.1
*** HOLE CARDS ***
Dealt to 6ed86dd3 
Dealt to d7a97963 
Dealt to Hero [Ks 3c]
Dealt to 511bae54 
Dealt to bf15cf78 
Dealt to 172bb4d0 
511bae54: folds
bf15cf78: folds
172bb4d0: raises $0.1 to $0.2
6ed86dd3: calls $0.2
d7a97963: folds
Hero: folds
*** FLOP *** [9d 2s Qh]
172bb4d0: bets $0.19
6ed86dd3: folds
Uncalled bet ($0.19) returned to 172bb4d0
*** SHOWDOWN ***
172bb4d0 collected $0.53 from pot
*** SUMMARY ***
Total pot $0.55 | Rake $0.02 | Jackpot $0 | Bingo $0 | Fortune $0 | Tax $0
Board [9d 2s Qh]
Seat 1: 6ed86dd3 (button) folded on the Flop
Seat 2: d7a97963 (small blind) folded before Flop
Seat 3: Hero (big blind) folded before Flop
Seat 4: 511bae54 folded before Flop (didn't bet)
Seat 5: bf15cf78 folded before Flop (didn't bet)
Seat 6: 172bb4d0 won ($0.53)


Poker Hand #HD1846912198: Hold'em No Limit ($0.05/$0.1) - 2024/07/07 16:00:30
Table 'NLHRed22' 6-max Seat #6 is the button
Seat 1: 6ed86dd3 ($16.44 in chips)
Seat 2: d7a97963 ($10.41 in chips)
Seat 3: Hero ($15.61 in chips)
Seat 4: 511bae54 ($9.3 in chips)
Seat 5: bf15cf78 ($10.22 in chips)
Seat 6: 172bb4d0 ($6.16 in chips)
6ed86dd3: posts small blind $0.05
d7a97963: posts big blind $0.1
*** HOLE CARDS ***
Dealt to 6ed86dd3 
Dealt to d7a97963 
Dealt to Hero [3c Jh]
Dealt to 511bae54 
Dealt to bf15cf78 
Dealt to 172bb4d0 
Hero: folds
511bae54: folds
bf15cf78: folds
172bb4d0: folds
6ed86dd3: folds
Uncalled bet ($0.05) returned to d7a97963
*** SHOWDOWN ***
d7a97963 collected $0.1 from pot
*** SUMMARY ***
Total pot $0.1 | Rake $0 | Jackpot $0 | Bingo $0 | Fortune $0 | Tax $0
Seat 1: 6ed86dd3 (small blind) folded before Flop
Seat 2: d7a97963 (big blind) collected ($0.1)
Seat 3: Hero folded before Flop (didn't bet)
Seat 4: 511bae54 folded before Flop (didn't bet)
Seat 5: bf15cf78 folded before Flop (didn't bet)
Seat 6: 172bb4d0 (button) folded before Flop (didn't bet)


Poker Hand #HD1846912118: Hold'em No Limit ($0.05/$0.1) - 2024/07/07 15:59:52
Table 'NLHRed22' 6-max Seat #5 is the button
Seat 1: 6ed86dd3 ($16.54 in chips)
Seat 2: d7a97963 ($10.61 in chips)
Seat 3: Hero ($15.61 in chips)
Seat 4: 511bae54 ($9.3 in chips)
Seat 5: bf15cf78 ($9.75 in chips)
Seat 6: 172bb4d0 ($6.36 in chips)
172bb4d0: posts small blind $0.05
6ed86dd3: posts big blind $0.1
*** HOLE CARDS ***
Dealt to 6ed86dd3 
Dealt to d7a97963 
Dealt to Hero [5s 8d]
Dealt to 511bae54 
Dealt to bf15cf78 
Dealt to 172bb4d0 
d7a97963: raises $0.1 to $0.2
Hero: folds
511bae54: folds
bf15cf78: calls $0.2
172bb4d0: calls $0.15
6ed86dd3: folds
*** FLOP *** [Qh 2s 7d]
172bb4d0: checks
d7a97963: checks
bf15cf78: bets $0.53
172bb4d0: folds
d7a97963: folds
Uncalled bet ($0.53) returned to bf15cf78
*** SHOWDOWN ***
bf15cf78 collected $0.67 from pot
*** SUMMARY ***
Total pot $0.7 | Rake $0.03 | Jackpot $0 | Bingo $0 | Fortune $0 | Tax $0
Board [Qh 2s 7d]
Seat 1: 6ed86dd3 (big blind) folded before Flop
Seat 2: d7a97963 folded on the Flop
Seat 3: Hero folded before Flop (didn't bet)
Seat 4: 511bae54 folded before Flop (didn't bet)
Seat 5: bf15cf78 (button) won ($0.67)
Seat 6: 172bb4d0 (small blind) folded on the Flop


Poker Hand #HD1846912020: Hold'em No Limit ($0.05/$0.1) - 2024/07/07 15:58:57
Table 'NLHRed22' 6-max Seat #4 is the button
Seat 1: 6ed86dd3 ($16.54 in chips)
Seat 2: d7a97963 ($10.61 in chips)
Seat 3: Hero ($15.06 in chips)
Seat 4: 511bae54 ($9.75 in chips)
Seat 5: bf15cf78 ($9.8 in chips)
Seat 6: 172bb4d0 ($6.46 in chips)
bf15cf78: posts small blind $0.05
172bb4d0: posts big blind $0.1
*** HOLE CARDS ***
Dealt to 6ed86dd3 
Dealt to d7a97963 
Dealt to Hero [Qc Ts]
Dealt to 511bae54 
Dealt to bf15cf78 
Dealt to 172bb4d0 
6ed86dd3: folds
d7a97963: folds
Hero: raises $0.14 to $0.24
511bae54: calls $0.24
bf15cf78: folds
172bb4d0: folds
*** FLOP *** [Td 3h As]
Hero: checks
511bae54: checks
*** TURN *** [Td 3h As] [6s]
Hero: bets $0.21
511bae54: calls $0.21
*** RIVER *** [Td 3h As 6s] [Qs]
Hero: bets $0.35
511bae54: folds
Uncalled bet ($0.35) returned to Hero
*** SHOWDOWN ***
Hero collected $1 from pot
*** SUMMARY ***
Total pot $1.05 | Rake $0.05 | Jackpot $0 | Bingo $0 | Fortune $0 | Tax $0
Board [Td 3h As 6s Qs]
Seat 1: 6ed86dd3 folded before Flop (didn't bet)
Seat 2: d7a97963 folded before Flop (didn't bet)
Seat 3: Hero won ($1)
Seat 4: 511bae54 (button) folded on the River
Seat 5: bf15cf78 (small blind) folded before Flop
Seat 6: 172bb4d0 (big blind) folded before Flop


Poker Hand #HD1846911940: Hold'em No Limit ($0.05/$0.1) - 2024/07/07 15:58:16
Table 'NLHRed22' 6-max Seat #3 is the button
Seat 1: 6ed86dd3 ($16.74 in chips)
Seat 2: d7a97963 ($10.61 in chips)
Seat 3: Hero ($14.64 in chips)
Seat 4: 511bae54 ($9.8 in chips)
Seat 5: bf15cf78 ($10 in chips)
Seat 6: 172bb4d0 ($6.46 in chips)
511bae54: posts small blind $0.05
bf15cf78: posts big blind $0.1
*** HOLE CARDS ***
Dealt to 6ed86dd3 
Dealt to d7a97963 
Dealt to Hero [Qh 9h]
Dealt to 511bae54 
Dealt to bf15cf78 
Dealt to 172bb4d0 
172bb4d0: folds
6ed86dd3: raises $0.1 to $0.2
d7a97963: folds
Hero: calls $0.2
511bae54: folds
bf15cf78: calls $0.1
*** FLOP *** [Tc 8c 2s]
bf15cf78: checks
6ed86dd3: checks
Hero: bets $0.3
bf15cf78: folds
6ed86dd3: folds
Uncalled bet ($0.3) returned to Hero
*** SHOWDOWN ***
Hero collected $0.62 from pot
*** SUMMARY ***
Total pot $0.65 | Rake $0.03 | Jackpot $0 | Bingo $0 | Fortune $0 | Tax $0
Board [Tc 8c 2s]
Seat 1: 6ed86dd3 folded on the Flop
Seat 2: d7a97963 folded before Flop (didn't bet)
Seat 3: Hero (button) won ($0.62)
Seat 4: 511bae54 (small blind) folded before Flop
Seat 5: bf15cf78 (big blind) folded on the Flop
Seat 6: 172bb4d0 folded before Flop (didn't bet)


Poker Hand #HD1846911889: Hold'em No Limit ($0.05/$0.1) - 2024/07/07 15:57:52
Table 'NLHRed22' 6-max Seat #2 is the button
Seat 1: 6ed86dd3 ($16.94 in chips)
Seat 2: d7a97963 ($10.61 in chips)
Seat 3: Hero ($14.69 in chips)
Seat 4: 511bae54 ($10 in chips)
Seat 6: 172bb4d0 ($6.04 in chips)
Hero: posts small blind $0.05
511bae54: posts big blind $0.1
*** HOLE CARDS ***
Dealt to 6ed86dd3 
Dealt to d7a97963 
Dealt to Hero [8h Qc]
Dealt to 511bae54 
Dealt to 172bb4d0 
172bb4d0: raises $0.1 to $0.2
6ed86dd3: calls $0.2
d7a97963: folds
Hero: folds
511bae54: calls $0.1
*** FLOP *** [6d Ad 9c]
511bae54: checks
172bb4d0: bets $0.22
6ed86dd3: folds
511bae54: folds
Uncalled bet ($0.22) returned to 172bb4d0
*** SHOWDOWN ***
172bb4d0 collected $0.62 from pot
*** SUMMARY ***
Total pot $0.65 | Rake $0.03 | Jackpot $0 | Bingo $0 | Fortune $0 | Tax $0
Board [6d Ad 9c]
Seat 1: 6ed86dd3 folded on the Flop
Seat 2: d7a97963 (button) folded before Flop (didn't bet)
Seat 3: Hero (small blind) folded before Flop
Seat 4: 511bae54 (big blind) folded on the Flop
Seat 6: 172bb4d0 won ($0.62)


Poker Hand #HD1846911871: Hold'em No Limit ($0.05/$0.1) - 2024/07/07 15:57:40
Table 'NLHRed22' 6-max Seat #1 is the button
Seat 1: 6ed86dd3 ($16.94 in chips)
Seat 2: d7a97963 ($10.66 in chips)
Seat 3: Hero ($14.64 in chips)
Seat 6: 172bb4d0 ($6.04 in chips)
d7a97963: posts small blind $0.05
Hero: posts big blind $0.1
*** HOLE CARDS ***
Dealt to 6ed86dd3 
Dealt to d7a97963 
Dealt to Hero [4s 8c]
Dealt to 172bb4d0 
172bb4d0: folds
6ed86dd3: folds
d7a97963: folds
Uncalled bet ($0.05) returned to Hero
*** SHOWDOWN ***
Hero collected $0.1 from pot
*** SUMMARY ***
Total pot $0.1 | Rake $0 | Jackpot $0 | Bingo $0 | Fortune $0 | Tax $0
Seat 1: 6ed86dd3 (button) folded before Flop (didn't bet)
Seat 2: d7a97963 (small blind) folded before Flop
Seat 3: Hero (big blind) collected ($0.1)
Seat 6: 172bb4d0 folded before Flop (didn't bet)


Poker Hand #HD1846911785: Hold'em No Limit ($0.05/$0.1) - 2024/07/07 15:56:55
Table 'NLHRed22' 6-max Seat #6 is the button
Seat 1: 6ed86dd3 ($16.99 in chips)
Seat 2: d7a97963 ($11.01 in chips)
Seat 3: Hero ($14.64 in chips)
Seat 6: 172bb4d0 ($5.67 in chips)
6ed86dd3: posts small blind $0.05
d7a97963: posts big blind $0.1
*** HOLE CARDS ***
Dealt to 6ed86dd3 
Dealt to d7a97963 
Dealt to Hero [2h Jh]
Dealt to 172bb4d0 
Hero: folds
172bb4d0: raises $0.1 to $0.2
6ed86dd3: folds
d7a97963: calls $0.1
*** FLOP *** [Ac 2c 6s]
d7a97963: checks
172bb4d0: bets $0.15
d7a97963: calls $0.15
*** TURN *** [Ac 2c 6s] [5c]
d7a97963: checks
172bb4d0: checks
*** RIVER *** [Ac 2c 6s 5c] [Kh]
d7a97963: checks
172bb4d0: checks
d7a97963: shows [4h 5h] (Pair of Fives)
172bb4d0: shows [8s 8c] (Pair of Eights)
*** SHOWDOWN ***
172bb4d0 collected $0.72 from pot
*** SUMMARY ***
Total pot $0.75 | Rake $0.03 | Jackpot $0 | Bingo $0 | Fortune $0 | Tax $0
Board [Ac 2c 6s 5c Kh]
Seat 1: 6ed86dd3 (small blind) folded before Flop
Seat 2: d7a97963 (big blind) showed [4h 5h] and lost with Pair of Fives
Seat 3: Hero folded before Flop (didn't bet)
Seat 6: 172bb4d0 (button) showed [8s 8c] and won ($0.72) with Pair of Eights


Poker Hand #HD1846911770: Hold'em No Limit ($0.05/$0.1) - 2024/07/07 15:56:46
Table 'NLHRed22' 6-max Seat #3 is the button
Seat 1: 6ed86dd3 ($16.94 in chips)
Seat 2: d7a97963 ($11.01 in chips)
Seat 3: Hero ($14.64 in chips)
Seat 6: 172bb4d0 ($5.72 in chips)
172bb4d0: posts small blind $0.05
6ed86dd3: posts big blind $0.1
*** HOLE CARDS ***
Dealt to 6ed86dd3 
Dealt to d7a97963 
Dealt to Hero [8s Th]
Dealt to 172bb4d0 
d7a97963: folds
Hero: folds
172bb4d0: folds
Uncalled bet ($0.05) returned to 6ed86dd3
*** SHOWDOWN ***
6ed86dd3 collected $0.1 from pot
*** SUMMARY ***
Total pot $0.1 | Rake $0 | Jackpot $0 | Bingo $0 | Fortune $0 | Tax $0
Seat 1: 6ed86dd3 (big blind) collected ($0.1)
Seat 2: d7a97963 folded before Flop (didn't bet)
Seat 3: Hero (button) folded before Flop (didn't bet)
Seat 6: 172bb4d0 (small blind) folded before Flop


Poker Hand #HD1846911752: Hold'em No Limit ($0.05/$0.1) - 2024/07/07 15:56:33
Table 'NLHRed22' 6-max Seat #2 is the button
Seat 1: 6ed86dd3 ($16.94 in chips)
Seat 2: d7a97963 ($11.01 in chips)
Seat 3: Hero ($14.69 in chips)
Seat 6: 172bb4d0 ($5.67 in chips)
Hero: posts small blind $0.05
172bb4d0: posts big blind $0.1
*** HOLE CARDS ***
Dealt to 6ed86dd3 
Dealt to d7a97963 
Dealt to Hero [4d 8d]
Dealt to 172bb4d0 
6ed86dd3: folds
d7a97963: folds
Hero: folds
Uncalled bet ($0.05) returned to 172bb4d0
*** SHOWDOWN ***
172bb4d0 collected $0.1 from pot
*** SUMMARY ***
Total pot $0.1 | Rake $0 | Jackpot $0 | Bingo $0 | Fortune $0 | Tax $0
Seat 1: 6ed86dd3 folded before Flop (didn't bet)
Seat 2: d7a97963 (button) folded before Flop (didn't bet)
Seat 3: Hero (small blind) folded before Flop
Seat 6: 172bb4d0 (big blind) collected ($0.1)


Poker Hand #HD1846911678: Hold'em No Limit ($0.05/$0.1) - 2024/07/07 15:55:56
Table 'NLHRed22' 6-max Seat #1 is the button
Seat 1: 6ed86dd3 ($16.94 in chips)
Seat 2: d7a97963 ($11.06 in chips)
Seat 3: Hero ($14.32 in chips)
Seat 4: 50b4f952 ($10.24 in chips)
Seat 5: c87fc2df ($10.86 in chips)
Seat 6: 172bb4d0 ($6.02 in chips)
d7a97963: posts small blind $0.05
Hero: posts big blind $0.1
*** HOLE CARDS ***
Dealt to 6ed86dd3 
Dealt to d7a97963 
Dealt to Hero [Ad Tc]
Dealt to 50b4f952 
Dealt to c87fc2df 
Dealt to 172bb4d0 
50b4f952: folds
c87fc2df: folds
172bb4d0: raises $0.1 to $0.2
6ed86dd3: folds
d7a97963: folds
Hero: calls $0.1
*** FLOP *** [Jd Jh 6s]
Hero: checks
172bb4d0: checks
*** TURN *** [Jd Jh 6s] [3s]
Hero: bets $0.15
172bb4d0: calls $0.15
*** RIVER *** [Jd Jh 6s 3s] [3d]
Hero: checks
172bb4d0: checks
Hero: shows [Ad Tc] (Pair of Jacks and Pair of Treys)
172bb4d0: shows [Ts Qs] (Pair of Jacks and Pair of Treys)
*** SHOWDOWN ***
Hero collected $0.72 from pot
*** SUMMARY ***
Total pot $0.75 | Rake $0.03 | Jackpot $0 | Bingo $0 | Fortune $0 | Tax $0
Board [Jd Jh 6s 3s 3d]
Seat 1: 6ed86dd3 (button) folded before Flop (didn't bet)
Seat 2: d7a97963 (small blind) folded before Flop
Seat 3: Hero (big blind) showed [Ad Tc] and won ($0.72) with Pair of Jacks and Pair of Treys
Seat 4: 50b4f952 folded before Flop (didn't bet)
Seat 5: c87fc2df folded before Flop (didn't bet)
Seat 6: 172bb4d0 showed [Ts Qs] and lost with Pair of Jacks and Pair of Treys


Poker Hand #HD1846911650: Hold'em No Limit ($0.05/$0.1) - 2024/07/07 15:55:42
Table 'NLHRed22' 6-max Seat #6 is the button
Seat 1: 6ed86dd3 ($16.99 in chips)
Seat 2: d7a97963 ($11.16 in chips)
Seat 3: Hero ($14.32 in chips)
Seat 4: 50b4f952 ($10.24 in chips)
Seat 5: c87fc2df ($10.71 in chips)
Seat 6: 172bb4d0 ($6.02 in chips)
6ed86dd3: posts small blind $0.05
d7a97963: posts big blind $0.1
*** HOLE CARDS ***
Dealt to 6ed86dd3 
Dealt to d7a97963 
Dealt to Hero [5h 9h]
Dealt to 50b4f952 
Dealt to c87fc2df 
Dealt to 172bb4d0 
Hero: folds
50b4f952: folds
c87fc2df: raises $0.2 to $0.3
172bb4d0: folds
6ed86dd3: folds
d7a97963: folds
Uncalled bet ($0.2) returned to c87fc2df
*** SHOWDOWN ***
c87fc2df collected $0.25 from pot
*** SUMMARY ***
Total pot $0.25 | Rake $0 | Jackpot $0 | Bingo $0 | Fortune $0 | Tax $0
Seat 1: 6ed86dd3 (small blind) folded before Flop
Seat 2: d7a97963 (big blind) folded before Flop
Seat 3: Hero folded before Flop (didn't bet)
Seat 4: 50b4f952 folded before Flop (didn't bet)
Seat 5: c87fc2df collected ($0.25)
Seat 6: 172bb4d0 (button) folded before Flop (didn't bet)


Poker Hand #HD1846911621: Hold'em No Limit ($0.05/$0.1) - 2024/07/07 15:55:28
Table 'NLHRed22' 6-max Seat #5 is the button
Seat 1: 6ed86dd3 ($17.09 in chips)
Seat 2: d7a97963 ($11.16 in chips)
Seat 3: Hero ($14.32 in chips)
Seat 4: 50b4f952 ($10.24 in chips)
Seat 5: c87fc2df ($10.71 in chips)
Seat 6: 172bb4d0 ($5.92 in chips)
172bb4d0: posts small blind $0.05
6ed86dd3: posts big blind $0.1
*** HOLE CARDS ***
Dealt to 6ed86dd3 
Dealt to d7a97963 
Dealt to Hero [Qd 7s]
Dealt to 50b4f952 
Dealt to c87fc2df 
Dealt to 172bb4d0 
d7a97963: folds
Hero: folds
50b4f952: folds
c87fc2df: folds
172bb4d0: raises $0.1 to $0.2
6ed86dd3: folds
Uncalled bet ($0.1) returned to 172bb4d0
*** SHOWDOWN ***
172bb4d0 collected $0.2 from pot
*** SUMMARY ***
Total pot $0.2 | Rake $0 | Jackpot $0 | Bingo $0 | Fortune $0 | Tax $0
Seat 1: 6ed86dd3 (big blind) folded before Flop
Seat 2: d7a97963 folded before Flop (didn't bet)
Seat 3: Hero folded before Flop (didn't bet)
Seat 4: 50b4f952 folded before Flop (didn't bet)
Seat 5: c87fc2df (button) folded before Flop (didn't bet)
Seat 6: 172bb4d0 (small blind) collected ($0.2)


Poker Hand #HD1846911593: Hold'em No Limit ($0.05/$0.1) - 2024/07/07 15:55:10
Table 'NLHRed22' 6-max Seat #4 is the button
Seat 1: 6ed86dd3 ($17.09 in chips)
Seat 2: d7a97963 ($11.01 in chips)
Seat 3: Hero ($14.32 in chips)
Seat 4: 50b4f952 ($10.24 in chips)
Seat 5: c87fc2df ($10.76 in chips)
Seat 6: 172bb4d0 ($6.02 in chips)
c87fc2df: posts small blind $0.05
172bb4d0: posts big blind $0.1
*** HOLE CARDS ***
Dealt to 6ed86dd3 
Dealt to d7a97963 
Dealt to Hero [2d 7d]
Dealt to 50b4f952 
Dealt to c87fc2df 
Dealt to 172bb4d0 
6ed86dd3: folds
d7a97963: raises $0.1 to $0.2
Hero: folds
50b4f952: folds
c87fc2df: folds
172bb4d0: folds
Uncalled bet ($0.1) returned to d7a97963
*** SHOWDOWN ***
d7a97963 collected $0.25 from pot
*** SUMMARY ***
Total pot $0.25 | Rake $0 | Jackpot $0 | Bingo $0 | Fortune $0 | Tax $0
Seat 1: 6ed86dd3 folded before Flop (didn't bet)
Seat 2: d7a97963 collected ($0.25)
Seat 3: Hero folded before Flop (didn't bet)
Seat 4: 50b4f952 (button) folded before Flop (didn't bet)
Seat 5: c87fc2df (small blind) folded before Flop
Seat 6: 172bb4d0 (big blind) folded before Flop


Poker Hand #HD1846911529: Hold'em No Limit ($0.05/$0.1) - 2024/07/07 15:54:33
Table 'NLHRed22' 6-max Seat #3 is the button
Seat 1: 6ed86dd3 ($17.09 in chips)
Seat 2: d7a97963 ($11.01 in chips)
Seat 3: Hero ($14.05 in chips)
Seat 4: 50b4f952 ($10.29 in chips)
Seat 5: c87fc2df ($11 in chips)
Seat 6: 172bb4d0 ($6.02 in chips)
50b4f952: posts small blind $0.05
c87fc2df: posts big blind $0.1
*** HOLE CARDS ***
Dealt to 6ed86dd3 
Dealt to d7a97963 
Dealt to Hero [6h 6d]
Dealt to 50b4f952 
Dealt to c87fc2df 
Dealt to 172bb4d0 
172bb4d0: folds
6ed86dd3: folds
d7a97963: folds
Hero: raises $0.14 to $0.24
50b4f952: folds
c87fc2df: calls $0.14
*** FLOP *** [4d 2h Jd]
c87fc2df: checks
Hero: bets $0.3
c87fc2df: folds
Uncalled bet ($0.3) returned to Hero
*** SHOWDOWN ***
Hero collected $0.51 from pot
*** SUMMARY ***
Total pot $0.53 | Rake $0.02 | Jackpot $0 | Bingo $0 | Fortune $0 | Tax $0
Board [4d 2h Jd]
Seat 1: 6ed86dd3 folded before Flop (didn't bet)
Seat 2: d7a97963 folded before Flop (didn't bet)
Seat 3: Hero (button) won ($0.51)
Seat 4: 50b4f952 (small blind) folded before Flop
Seat 5: c87fc2df (big blind) folded on the Flop
Seat 6: 172bb4d0 folded before Flop (didn't bet)


Poker Hand #HD1846911466: Hold'em No Limit ($0.05/$0.1) - 2024/07/07 15:53:59
Table 'NLHRed22' 6-max Seat #2 is the button
Seat 1: 6ed86dd3 ($17.09 in chips)
Seat 2: d7a97963 ($11.01 in chips)
Seat 3: Hero ($14.1 in chips)
Seat 4: 50b4f952 ($10.39 in chips)
Seat 5: c87fc2df ($10.58 in chips)
Seat 6: 172bb4d0 ($6.32 in chips)
Hero: posts small blind $0.05
50b4f952: posts big blind $0.1
*** HOLE CARDS ***
Dealt to 6ed86dd3 
Dealt to d7a97963 
Dealt to Hero [7s Ts]
Dealt to 50b4f952 
Dealt to c87fc2df 
Dealt to 172bb4d0 
c87fc2df: raises $0.2 to $0.3
172bb4d0: calls $0.3
6ed86dd3: folds
d7a97963: folds
Hero: folds
50b4f952: folds
*** FLOP *** [7h Ks 4c]
c87fc2df: bets $0.25
172bb4d0: folds
Uncalled bet ($0.25) returned to c87fc2df
*** SHOWDOWN ***
c87fc2df collected $0.72 from pot
*** SUMMARY ***
Total pot $0.75 | Rake $0.03 | Jackpot $0 | Bingo $0 | Fortune $0 | Tax $0
Board [7h Ks 4c]
Seat 1: 6ed86dd3 folded before Flop (didn't bet)
Seat 2: d7a97963 (button) folded before Flop (didn't bet)
Seat 3: Hero (small blind) folded before Flop
Seat 4: 50b4f952 (big blind) folded before Flop
Seat 5: c87fc2df won ($0.72)
Seat 6: 172bb4d0 folded on the Flop


Poker Hand #HD1846911399: Hold'em No Limit ($0.05/$0.1) - 2024/07/07 15:53:23
Table 'NLHRed22' 6-max Seat #1 is the button
Seat 1: 6ed86dd3 ($16.62 in chips)
Seat 2: d7a97963 ($11.21 in chips)
Seat 3: Hero ($14.2 in chips)
Seat 4: 50b4f952 ($10.39 in chips)
Seat 5: c87fc2df ($10.58 in chips)
Seat 6: 172bb4d0 ($6.52 in chips)
d7a97963: posts small blind $0.05
Hero: posts big blind $0.1
*** HOLE CARDS ***
Dealt to 6ed86dd3 
Dealt to d7a97963 
Dealt to Hero [5s Kd]
Dealt to 50b4f952 
Dealt to c87fc2df 
Dealt to 172bb4d0 
50b4f952: folds
c87fc2df: folds
172bb4d0: raises $0.1 to $0.2
6ed86dd3: calls $0.2
d7a97963: calls $0.15
Hero: folds
*** FLOP *** [Kh 4d 6s]
d7a97963: checks
172bb4d0: checks
6ed86dd3: bets $0.24
d7a97963: folds
172bb4d0: folds
Uncalled bet ($0.24) returned to 6ed86dd3
*** SHOWDOWN ***
6ed86dd3 collected $0.67 from pot
*** SUMMARY ***
Total pot $0.7 | Rake $0.03 | Jackpot $0 | Bingo $0 | Fortune $0 | Tax $0
Board [Kh 4d 6s]
Seat 1: 6ed86dd3 (button) won ($0.67)
Seat 2: d7a97963 (small blind) folded on the Flop
Seat 3: Hero (big blind) folded before Flop
Seat 4: 50b4f952 folded before Flop (didn't bet)
Seat 5: c87fc2df folded before Flop (didn't bet)
Seat 6: 172bb4d0 folded on the Flop


Poker Hand #HD1846911349: Hold'em No Limit ($0.05/$0.1) - 2024/07/07 15:52:59
Table 'NLHRed22' 6-max Seat #6 is the button
Seat 1: 6ed86dd3 ($16.67 in chips)
Seat 2: d7a97963 ($11.31 in chips)
Seat 3: Hero ($14.2 in chips)
Seat 4: 50b4f952 ($10.39 in chips)
Seat 5: c87fc2df ($10.58 in chips)
Seat 6: 172bb4d0 ($6.37 in chips)
6ed86dd3: posts small blind $0.05
d7a97963: posts big blind $0.1
*** HOLE CARDS ***
Dealt to 6ed86dd3 
Dealt to d7a97963 
Dealt to Hero [8c Jh]
Dealt to 50b4f952 
Dealt to c87fc2df 
Dealt to 172bb4d0 
Hero: folds
50b4f952: folds
c87fc2df: folds
172bb4d0: raises $0.1 to $0.2
6ed86dd3: folds
d7a97963: folds
Uncalled bet ($0.1) returned to 172bb4d0
*** SHOWDOWN ***
172bb4d0 collected $0.25 from pot
*** SUMMARY ***
Total pot $0.25 | Rake $0 | Jackpot $0 | Bingo $0 | Fortune $0 | Tax $0
Seat 1: 6ed86dd3 (small blind) folded before Flop
Seat 2: d7a97963 (big blind) folded before Flop
Seat 3: Hero folded before Flop (didn't bet)
Seat 4: 50b4f952 folded before Flop (didn't bet)
Seat 5: c87fc2df folded before Flop (didn't bet)
Seat 6: 172bb4d0 (button) collected ($0.25)


Poker Hand #HD1846911271: Hold'em No Limit ($0.05/$0.1) - 2024/07/07 15:52:18
Table 'NLHRed22' 6-max Seat #5 is the button
Seat 1: 6ed86dd3 ($16.92 in chips)
Seat 2: d7a97963 ($11.31 in chips)
Seat 3: Hero ($14.2 in chips)
Seat 4: 50b4f952 ($10.39 in chips)
Seat 5: c87fc2df ($10.3 in chips)
Seat 6: 172bb4d0 ($6.42 in chips)
172bb4d0: posts small blind $0.05
6ed86dd3: posts big blind $0.1
*** HOLE CARDS ***
Dealt to 6ed86dd3 
Dealt to d7a97963 
Dealt to Hero [7c Qc]
Dealt to 50b4f952 
Dealt to c87fc2df 
Dealt to 172bb4d0 
d7a97963: folds
Hero: folds
50b4f952: folds
c87fc2df: raises $0.15 to $0.25
172bb4d0: folds
6ed86dd3: calls $0.15
*** FLOP *** [9s As Qs]
6ed86dd3: checks
c87fc2df: checks
*** TURN *** [9s As Qs] [4h]
6ed86dd3: checks
c87fc2df: checks
*** RIVER *** [9s As Qs 4h] [7s]
6ed86dd3: checks
c87fc2df: checks
6ed86dd3: shows [Jh Jd] (Pair of Jacks)
c87fc2df: shows [Kd Kc] (Pair of Kings)
*** SHOWDOWN ***
c87fc2df collected $0.53 from pot
*** SUMMARY ***
Total pot $0.55 | Rake $0.02 | Jackpot $0 | Bingo $0 | Fortune $0 | Tax $0
Board [9s As Qs 4h 7s]
Seat 1: 6ed86dd3 (big blind) showed [Jh Jd] and lost with Pair of Jacks
Seat 2: d7a97963 folded before Flop (didn't bet)
Seat 3: Hero folded before Flop (didn't bet)
Seat 4: 50b4f952 folded before Flop (didn't bet)
Seat 5: c87fc2df (button) showed [Kd Kc] and won ($0.53) with Pair of Kings
Seat 6: 172bb4d0 (small blind) folded before Flop


Poker Hand #HD1846911204: Hold'em No Limit ($0.05/$0.1) - 2024/07/07 15:51:51
Table 'NLHRed22' 6-max Seat #4 is the button
Seat 1: 6ed86dd3 ($16.92 in chips)
Seat 2: d7a97963 ($11.31 in chips)
Seat 3: Hero ($13.93 in chips)
Seat 4: 50b4f952 ($10.39 in chips)
Seat 5: c87fc2df ($10.35 in chips)
Seat 6: 172bb4d0 ($6.66 in chips)
c87fc2df: posts small blind $0.05
172bb4d0: posts big blind $0.1
*** HOLE CARDS ***
Dealt to 6ed86dd3 
Dealt to d7a97963 
Dealt to Hero [5d 6d]
Dealt to 50b4f952 
Dealt to c87fc2df 
Dealt to 172bb4d0 
6ed86dd3: folds
d7a97963: folds
Hero: raises $0.14 to $0.24
50b4f952: folds
c87fc2df: folds
172bb4d0: calls $0.14
*** FLOP *** [Kd Qh Jh]
172bb4d0: checks
Hero: bets $0.3
172bb4d0: folds
Uncalled bet ($0.3) returned to Hero
*** SHOWDOWN ***
Hero collected $0.51 from pot
*** SUMMARY ***
Total pot $0.53 | Rake $0.02 | Jackpot $0 | Bingo $0 | Fortune $0 | Tax $0
Board [Kd Qh Jh]
Seat 1: 6ed86dd3 folded before Flop (didn't bet)
Seat 2: d7a97963 folded before Flop (didn't bet)
Seat 3: Hero won ($0.51)
Seat 4: 50b4f952 (button) folded before Flop (didn't bet)
Seat 5: c87fc2df (small blind) folded before Flop
Seat 6: 172bb4d0 (big blind) folded on the Flop


Poker Hand #HD1846911151: Hold'em No Limit ($0.05/$0.1) - 2024/07/07 15:51:20
Table 'NLHRed22' 6-max Seat #3 is the button
Seat 1: 6ed86dd3 ($16.92 in chips)
Seat 2: d7a97963 ($11.31 in chips)
Seat 3: Hero ($14.17 in chips)
Seat 4: 50b4f952 ($10.07 in chips)
Seat 5: c87fc2df ($10.45 in chips)
Seat 6: 172bb4d0 ($6.66 in chips)
50b4f952: posts small blind $0.05
c87fc2df: posts big blind $0.1
*** HOLE CARDS ***
Dealt to 6ed86dd3 
Dealt to d7a97963 
Dealt to Hero [7s Js]
Dealt to 50b4f952 
Dealt to c87fc2df 
Dealt to 172bb4d0 
172bb4d0: folds
6ed86dd3: folds
d7a97963: folds
Hero: raises $0.14 to $0.24
50b4f952: raises $0.88 to $1.12
c87fc2df: folds
Hero: folds
Uncalled bet ($0.88) returned to 50b4f952
*** SHOWDOWN ***
50b4f952 collected $0.56 from pot
*** SUMMARY ***
Total pot $0.58 | Rake $0.02 | Jackpot $0 | Bingo $0 | Fortune $0 | Tax $0
Seat 1: 6ed86dd3 folded before Flop (didn't bet)
Seat 2: d7a97963 folded before Flop (didn't bet)
Seat 3: Hero (button) folded before Flop
Seat 4: 50b4f952 (small blind) collected ($0.56)
Seat 5: c87fc2df (big blind) folded before Flop
Seat 6: 172bb4d0 folded before Flop (didn't bet)


Poker Hand #HD1846911112: Hold'em No Limit ($0.05/$0.1) - 2024/07/07 15:51:03
Table 'NLHRed22' 6-max Seat #2 is the button
Seat 1: 6ed86dd3 ($16.92 in chips)
Seat 2: d7a97963 ($11.16 in chips)
Seat 3: Hero ($14.22 in chips)
Seat 4: 50b4f952 ($10.17 in chips)
Seat 5: c87fc2df ($10.45 in chips)
Seat 6: 172bb4d0 ($6.66 in chips)
Hero: posts small blind $0.05
50b4f952: posts big blind $0.1
*** HOLE CARDS ***
Dealt to 6ed86dd3 
Dealt to d7a97963 
Dealt to Hero [5c Qc]
Dealt to 50b4f952 
Dealt to c87fc2df 
Dealt to 172bb4d0 
c87fc2df: folds
172bb4d0: folds
6ed86dd3: folds
d7a97963: raises $0.1 to $0.2
Hero: folds
50b4f952: folds
Uncalled bet ($0.1) returned to d7a97963
*** SHOWDOWN ***
d7a97963 collected $0.25 from pot
*** SUMMARY ***
Total pot $0.25 | Rake $0 | Jackpot $0 | Bingo $0 | Fortune $0 | Tax $0
Seat 1: 6ed86dd3 folded before Flop (didn't bet)
Seat 2: d7a97963 (button) collected ($0.25)
Seat 3: Hero (small blind) folded before Flop
Seat 4: 50b4f952 (big blind) folded before Flop
Seat 5: c87fc2df folded before Flop (didn't bet)
Seat 6: 172bb4d0 folded before Flop (didn't bet)


Poker Hand #HD1846911058: Hold'em No Limit ($0.05/$0.1) - 2024/07/07 15:50:33
Table 'NLHRed22' 6-max Seat #1 is the button
Seat 1: 6ed86dd3 ($17.12 in chips)
Seat 2: d7a97963 ($11.21 in chips)
Seat 3: Hero ($13.99 in chips)
Seat 4: 50b4f952 ($10.17 in chips)
Seat 5: c87fc2df ($10.45 in chips)
Seat 6: 172bb4d0 ($6.66 in chips)
d7a97963: posts small blind $0.05
Hero: posts big blind $0.1
*** HOLE CARDS ***
Dealt to 6ed86dd3 
Dealt to d7a97963 
Dealt to Hero [Tc Td]
Dealt to 50b4f952 
Dealt to c87fc2df 
Dealt to 172bb4d0 
50b4f952: folds
c87fc2df: folds
172bb4d0: folds
6ed86dd3: raises $0.1 to $0.2
d7a97963: folds
Hero: raises $0.8 to $1
6ed86dd3: folds
Uncalled bet ($0.8) returned to Hero
*** SHOWDOWN ***
Hero collected $0.43 from pot
*** SUMMARY ***
Total pot $0.45 | Rake $0.02 | Jackpot $0 | Bingo $0 | Fortune $0 | Tax $0
Seat 1: 6ed86dd3 (button) folded before Flop
Seat 2: d7a97963 (small blind) folded before Flop
Seat 3: Hero (big blind) collected ($0.43)
Seat 4: 50b4f952 folded before Flop (didn't bet)
Seat 5: c87fc2df folded before Flop (didn't bet)
Seat 6: 172bb4d0 folded before Flop (didn't bet)


Poker Hand #HD1846911024: Hold'em No Limit ($0.05/$0.1) - 2024/07/07 15:50:16
Table 'NLHRed22' 6-max Seat #6 is the button
Seat 1: 6ed86dd3 ($17.02 in chips)
Seat 2: d7a97963 ($11.31 in chips)
Seat 3: Hero ($13.99 in chips)
Seat 4: 50b4f952 ($10.17 in chips)
Seat 5: c87fc2df ($10.45 in chips)
Seat 6: 172bb4d0 ($6.66 in chips)
6ed86dd3: posts small blind $0.05
d7a97963: posts big blind $0.1
*** HOLE CARDS ***
Dealt to 6ed86dd3 
Dealt to d7a97963 
Dealt to Hero [Qc 3h]
Dealt to 50b4f952 
Dealt to c87fc2df 
Dealt to 172bb4d0 
Hero: folds
50b4f952: folds
c87fc2df: folds
172bb4d0: folds
6ed86dd3: raises $0.1 to $0.2
d7a97963: folds
Uncalled bet ($0.1) returned to 6ed86dd3
*** SHOWDOWN ***
6ed86dd3 collected $0.2 from pot
*** SUMMARY ***
Total pot $0.2 | Rake $0 | Jackpot $0 | Bingo $0 | Fortune $0 | Tax $0
Seat 1: 6ed86dd3 (small blind) collected ($0.2)
Seat 2: d7a97963 (big blind) folded before Flop
Seat 3: Hero folded before Flop (didn't bet)
Seat 4: 50b4f952 folded before Flop (didn't bet)
Seat 5: c87fc2df folded before Flop (didn't bet)
Seat 6: 172bb4d0 (button) folded before Flop (didn't bet)


Poker Hand #HD1846910958: Hold'em No Limit ($0.05/$0.1) - 2024/07/07 15:49:37
Table 'NLHRed22' 6-max Seat #5 is the button
Seat 1: 6ed86dd3 ($17.12 in chips)
Seat 2: d7a97963 ($11.31 in chips)
Seat 3: Hero ($13.71 in chips)
Seat 4: 50b4f952 ($10.17 in chips)
Seat 5: c87fc2df ($10.45 in chips)
Seat 6: 172bb4d0 ($6.86 in chips)
172bb4d0: posts small blind $0.05
6ed86dd3: posts big blind $0.1
*** HOLE CARDS ***
Dealt to 6ed86dd3 
Dealt to d7a97963 
Dealt to Hero [Ks As]
Dealt to 50b4f952 
Dealt to c87fc2df 
Dealt to 172bb4d0 
d7a97963: folds
Hero: raises $0.1 to $0.2
50b4f952: folds
c87fc2df: folds
172bb4d0: calls $0.15
6ed86dd3: folds
*** FLOP *** [5h 6d Jh]
172bb4d0: checks
Hero: checks
*** TURN *** [5h 6d Jh] [9s]
172bb4d0: checks
Hero: checks
*** RIVER *** [5h 6d Jh 9s] [8d]
172bb4d0: checks
Hero: checks
172bb4d0: shows [Qh Kd] (King-High)
Hero: shows [Ks As] (Ace-High)
*** SHOWDOWN ***
Hero collected $0.48 from pot
*** SUMMARY ***
Total pot $0.5 | Rake $0.02 | Jackpot $0 | Bingo $0 | Fortune $0 | Tax $0
Board [5h 6d Jh 9s 8d]
Seat 1: 6ed86dd3 (big blind) folded before Flop
Seat 2: d7a97963 folded before Flop (didn't bet)
Seat 3: Hero showed [Ks As] and won ($0.48) with Ace-High
Seat 4: 50b4f952 folded before Flop (didn't bet)
Seat 5: c87fc2df (button) folded before Flop (didn't bet)
Seat 6: 172bb4d0 (small blind) showed [Qh Kd] and lost with King-High


Poker Hand #HD1846910834: Hold'em No Limit ($0.05/$0.1) - 2024/07/07 15:48:31
Table 'NLHRed22' 6-max Seat #4 is the button
Seat 1: 6ed86dd3 ($17.12 in chips)
Seat 2: d7a97963 ($11.31 in chips)
Seat 3: Hero ($12.68 in chips)
Seat 4: 50b4f952 ($10.17 in chips)
Seat 5: c87fc2df ($10.5 in chips)
Seat 6: 172bb4d0 ($7.95 in chips)
c87fc2df: posts small blind $0.05
172bb4d0: posts big blind $0.1
*** HOLE CARDS ***
Dealt to 6ed86dd3 
Dealt to d7a97963 
Dealt to Hero [As Kh]
Dealt to 50b4f952 
Dealt to c87fc2df 
Dealt to 172bb4d0 
6ed86dd3: folds
d7a97963: folds
Hero: raises $0.14 to $0.24
50b4f952: folds
c87fc2df: folds
172bb4d0: calls $0.14
*** FLOP *** [5d 4s 9h]
172bb4d0: checks
Hero: checks
*** TURN *** [5d 4s 9h] [Jh]
172bb4d0: bets $0.18
Hero: calls $0.18
*** RIVER *** [5d 4s 9h Jh] [Kc]
172bb4d0: bets $0.67
Hero: calls $0.67
172bb4d0: shows [Qd 8c] (King-High)
Hero: shows [As Kh] (Pair of Kings)
*** SHOWDOWN ***
Hero collected $2.12 from pot
*** SUMMARY ***
Total pot $2.23 | Rake $0.11 | Jackpot $0 | Bingo $0 | Fortune $0 | Tax $0
Board [5d 4s 9h Jh Kc]
Seat 1: 6ed86dd3 folded before Flop (didn't bet)
Seat 2: d7a97963 folded before Flop (didn't bet)
Seat 3: Hero showed [As Kh] and won ($2.12) with Pair of Kings
Seat 4: 50b4f952 (button) folded before Flop (didn't bet)
Seat 5: c87fc2df (small blind) folded before Flop
Seat 6: 172bb4d0 (big blind) showed [Qd 8c] and lost with King-High


Poker Hand #HD1846910775: Hold'em No Limit ($0.05/$0.1) - 2024/07/07 15:48:06
Table 'NLHRed22' 6-max Seat #3 is the button
Seat 1: 6ed86dd3 ($17.12 in chips)
Seat 2: d7a97963 ($11.16 in chips)
Seat 3: Hero ($12.68 in chips)
Seat 4: 50b4f952 ($10.22 in chips)
Seat 5: c87fc2df ($10.6 in chips)
Seat 6: 172bb4d0 ($7.95 in chips)
50b4f952: posts small blind $0.05
c87fc2df: posts big blind $0.1
*** HOLE CARDS ***
Dealt to 6ed86dd3 
Dealt to d7a97963 
Dealt to Hero [Td Ks]
Dealt to 50b4f952 
Dealt to c87fc2df 
Dealt to 172bb4d0 
172bb4d0: folds
6ed86dd3: folds
d7a97963: raises $0.12 to $0.22
Hero: folds
50b4f952: folds
c87fc2df: folds
Uncalled bet ($0.12) returned to d7a97963
*** SHOWDOWN ***
d7a97963 collected $0.25 from pot
*** SUMMARY ***
Total pot $0.25 | Rake $0 | Jackpot $0 | Bingo $0 | Fortune $0 | Tax $0
Seat 1: 6ed86dd3 folded before Flop (didn't bet)
Seat 2: d7a97963 collected ($0.25)
Seat 3: Hero (button) folded before Flop (didn't bet)
Seat 4: 50b4f952 (small blind) folded before Flop
Seat 5: c87fc2df (big blind) folded before Flop
Seat 6: 172bb4d0 folded before Flop (didn't bet)


Poker Hand #HD1846910746: Hold'em No Limit ($0.05/$0.1) - 2024/07/07 15:47:50
Table 'NLHRed22' 6-max Seat #2 is the button
Seat 1: 6ed86dd3 ($17.12 in chips)
Seat 2: d7a97963 ($11.16 in chips)
Seat 3: Hero ($12.73 in chips)
Seat 4: 50b4f952 ($10.17 in chips)
Seat 5: c87fc2df ($10.6 in chips)
Seat 6: 172bb4d0 ($7.95 in chips)
Hero: posts small blind $0.05
50b4f952: posts big blind $0.1
*** HOLE CARDS ***
Dealt to 6ed86dd3 
Dealt to d7a97963 
Dealt to Hero [4d 8d]
Dealt to 50b4f952 
Dealt to c87fc2df 
Dealt to 172bb4d0 
c87fc2df: folds
172bb4d0: folds
6ed86dd3: folds
d7a97963: folds
Hero: folds
Uncalled bet ($0.05) returned to 50b4f952
*** SHOWDOWN ***
50b4f952 collected $0.1 from pot
*** SUMMARY ***
Total pot $0.1 | Rake $0 | Jackpot $0 | Bingo $0 | Fortune $0 | Tax $0
Seat 1: 6ed86dd3 folded before Flop (didn't bet)
Seat 2: d7a97963 (button) folded before Flop (didn't bet)
Seat 3: Hero (small blind) folded before Flop
Seat 4: 50b4f952 (big blind) collected ($0.1)
Seat 5: c87fc2df folded before Flop (didn't bet)
Seat 6: 172bb4d0 folded before Flop (didn't bet)


Poker Hand #HD1846910702: Hold'em No Limit ($0.05/$0.1) - 2024/07/07 15:47:28
Table 'NLHRed22' 6-max Seat #1 is the button
Seat 1: 6ed86dd3 ($17.12 in chips)
Seat 2: d7a97963 ($11.06 in chips)
Seat 3: Hero ($12.83 in chips)
Seat 4: 50b4f952 ($10.17 in chips)
Seat 5: c87fc2df ($10.6 in chips)
Seat 6: 172bb4d0 ($7.95 in chips)
d7a97963: posts small blind $0.05
Hero: posts big blind $0.1
*** HOLE CARDS ***
Dealt to 6ed86dd3 
Dealt to d7a97963 
Dealt to Hero [Js 3h]
Dealt to 50b4f952 
Dealt to c87fc2df 
Dealt to 172bb4d0 
50b4f952: folds
c87fc2df: folds
172bb4d0: folds
6ed86dd3: folds
d7a97963: raises $0.15 to $0.25
Hero: folds
Uncalled bet ($0.15) returned to d7a97963
*** SHOWDOWN ***
d7a97963 collected $0.2 from pot
*** SUMMARY ***
Total pot $0.2 | Rake $0 | Jackpot $0 | Bingo $0 | Fortune $0 | Tax $0
Seat 1: 6ed86dd3 (button) folded before Flop (didn't bet)
Seat 2: d7a97963 (small blind) collected ($0.2)
Seat 3: Hero (big blind) folded before Flop
Seat 4: 50b4f952 folded before Flop (didn't bet)
Seat 5: c87fc2df folded before Flop (didn't bet)
Seat 6: 172bb4d0 folded before Flop (didn't bet)


Poker Hand #HD1846910628: Hold'em No Limit ($0.05/$0.1) - 2024/07/07 15:46:49
Table 'NLHRed22' 6-max Seat #6 is the button
Seat 1: 6ed86dd3 ($17.37 in chips)
Seat 2: d7a97963 ($11.16 in chips)
Seat 3: Hero ($12.83 in chips)
Seat 4: 50b4f952 ($10.17 in chips)
Seat 5: c87fc2df ($10.28 in chips)
Seat 6: 172bb4d0 ($7.95 in chips)
6ed86dd3: posts small blind $0.05
d7a97963: posts big blind $0.1
*** HOLE CARDS ***
Dealt to 6ed86dd3 
Dealt to d7a97963 
Dealt to Hero [9d 6c]
Dealt to 50b4f952 
Dealt to c87fc2df 
Dealt to 172bb4d0 
Hero: folds
50b4f952: folds
c87fc2df: raises $0.15 to $0.25
172bb4d0: folds
6ed86dd3: calls $0.2
d7a97963: folds
*** FLOP *** [Jh 3h 6h]
6ed86dd3: checks
c87fc2df: checks
*** TURN *** [Jh 3h 6h] [6s]
6ed86dd3: checks
c87fc2df: bets $0.1
6ed86dd3: folds
Uncalled bet ($0.1) returned to c87fc2df
*** SHOWDOWN ***
c87fc2df collected $0.57 from pot
*** SUMMARY ***
Total pot $0.6 | Rake $0.03 | Jackpot $0 | Bingo $0 | Fortune $0 | Tax $0
Board [Jh 3h 6h 6s]
Seat 1: 6ed86dd3 (small blind) folded on the Turn
Seat 2: d7a97963 (big blind) folded before Flop
Seat 3: Hero folded before Flop (didn't bet)
Seat 4: 50b4f952 folded before Flop (didn't bet)
Seat 5: c87fc2df won ($0.57)
Seat 6: 172bb4d0 (button) folded before Flop (didn't bet)


Poker Hand #HD1846910590: Hold'em No Limit ($0.05/$0.1) - 2024/07/07 15:46:28
Table 'NLHRed22' 6-max Seat #5 is the button
Seat 1: 6ed86dd3 ($17.47 in chips)
Seat 2: d7a97963 ($11.16 in chips)
Seat 3: Hero ($12.68 in chips)
Seat 4: 50b4f952 ($10.17 in chips)
Seat 5: c87fc2df ($10.28 in chips)
Seat 6: 172bb4d0 ($8 in chips)
172bb4d0: posts small blind $0.05
6ed86dd3: posts big blind $0.1
*** HOLE CARDS ***
Dealt to 6ed86dd3 
Dealt to d7a97963 
Dealt to Hero [Ks Qh]
Dealt to 50b4f952 
Dealt to c87fc2df 
Dealt to 172bb4d0 
d7a97963: folds
Hero: raises $0.1 to $0.2
50b4f952: folds
c87fc2df: folds
172bb4d0: folds
6ed86dd3: folds
Uncalled bet ($0.1) returned to Hero
*** SHOWDOWN ***
Hero collected $0.25 from pot
*** SUMMARY ***
Total pot $0.25 | Rake $0 | Jackpot $0 | Bingo $0 | Fortune $0 | Tax $0
Seat 1: 6ed86dd3 (big blind) folded before Flop
Seat 2: d7a97963 folded before Flop (didn't bet)
Seat 3: Hero collected ($0.25)
Seat 4: 50b4f952 folded before Flop (didn't bet)
Seat 5: c87fc2df (button) folded before Flop (didn't bet)
Seat 6: 172bb4d0 (small blind) folded before Flop


Poker Hand #HD1846910540: Hold'em No Limit ($0.05/$0.1) - 2024/07/07 15:45:58
Table 'NLHRed22' 6-max Seat #4 is the button
Seat 1: 6ed86dd3 ($17.47 in chips)
Seat 2: d7a97963 ($11.36 in chips)
Seat 3: Hero ($12.68 in chips)
Seat 4: 50b4f952 ($10.17 in chips)
Seat 5: c87fc2df ($10 in chips)
Seat 6: 172bb4d0 ($8.1 in chips)
c87fc2df: posts small blind $0.05
172bb4d0: posts big blind $0.1
*** HOLE CARDS ***
Dealt to 6ed86dd3 
Dealt to d7a97963 
Dealt to Hero [8d 8h]
Dealt to 50b4f952 
Dealt to c87fc2df 
Dealt to 172bb4d0 
6ed86dd3: folds
d7a97963: raises $0.1 to $0.2
Hero: folds
50b4f952: folds
c87fc2df: raises $0.7 to $0.9
172bb4d0: folds
d7a97963: folds
Uncalled bet ($0.7) returned to c87fc2df
*** SHOWDOWN ***
c87fc2df collected $0.48 from pot
*** SUMMARY ***
Total pot $0.5 | Rake $0.02 | Jackpot $0 | Bingo $0 | Fortune $0 | Tax $0
Seat 1: 6ed86dd3 folded before Flop (didn't bet)
Seat 2: d7a97963 folded before Flop
Seat 3: Hero folded before Flop (didn't bet)
Seat 4: 50b4f952 (button) folded before Flop (didn't bet)
Seat 5: c87fc2df (small blind) collected ($0.48)
Seat 6: 172bb4d0 (big blind) folded before Flop


Poker Hand #HD1846910498: Hold'em No Limit ($0.05/$0.1) - 2024/07/07 15:45:33
Table 'NLHRed22' 6-max Seat #3 is the button
Seat 1: 6ed86dd3 ($17.47 in chips)
Seat 2: d7a97963 ($11.36 in chips)
Seat 3: Hero ($12.53 in chips)
Seat 4: 50b4f952 ($10.22 in chips)
Seat 5: c87fc2df ($10 in chips)
Seat 6: 172bb4d0 ($8.1 in chips)
50b4f952: posts small blind $0.05
c87fc2df: posts big blind $0.1
*** HOLE CARDS ***
Dealt to 6ed86dd3 
Dealt to d7a97963 
Dealt to Hero [7s 9s]
Dealt to 50b4f952 
Dealt to c87fc2df 
Dealt to 172bb4d0 
172bb4d0: folds
6ed86dd3: folds
d7a97963: folds
Hero: raises $0.14 to $0.24
50b4f952: folds
c87fc2df: folds
Uncalled bet ($0.14) returned to Hero
*** SHOWDOWN ***
Hero collected $0.25 from pot
*** SUMMARY ***
Total pot $0.25 | Rake $0 | Jackpot $0 | Bingo $0 | Fortune $0 | Tax $0
Seat 1: 6ed86dd3 folded before Flop (didn't bet)
Seat 2: d7a97963 folded before Flop (didn't bet)
Seat 3: Hero (button) collected ($0.25)
Seat 4: 50b4f952 (small blind) folded before Flop
Seat 5: c87fc2df (big blind) folded before Flop
Seat 6: 172bb4d0 folded before Flop (didn't bet)


Poker Hand #HD1846910433: Hold'em No Limit ($0.05/$0.1) - 2024/07/07 15:44:52
Table 'NLHRed22' 6-max Seat #2 is the button
Seat 1: 6ed86dd3 ($17.47 in chips)
Seat 2: d7a97963 ($11.56 in chips)
Seat 3: Hero ($12.25 in chips)
Seat 4: 50b4f952 ($10.32 in chips)
Seat 5: c87fc2df ($10 in chips)
Seat 6: 172bb4d0 ($8.1 in chips)
Hero: posts small blind $0.05
50b4f952: posts big blind $0.1
*** HOLE CARDS ***
Dealt to 6ed86dd3 
Dealt to d7a97963 
Dealt to Hero [As Kc]
Dealt to 50b4f952 
Dealt to c87fc2df 
Dealt to 172bb4d0 
c87fc2df: folds
172bb4d0: folds
6ed86dd3: folds
d7a97963: raises $0.1 to $0.2
Hero: raises $0.7 to $0.9
50b4f952: folds
d7a97963: folds
Uncalled bet ($0.7) returned to Hero
*** SHOWDOWN ***
Hero collected $0.48 from pot
*** SUMMARY ***
Total pot $0.5 | Rake $0.02 | Jackpot $0 | Bingo $0 | Fortune $0 | Tax $0
Seat 1: 6ed86dd3 folded before Flop (didn't bet)
Seat 2: d7a97963 (button) folded before Flop
Seat 3: Hero (small blind) collected ($0.48)
Seat 4: 50b4f952 (big blind) folded before Flop
Seat 5: c87fc2df folded before Flop (didn't bet)
Seat 6: 172bb4d0 folded before Flop (didn't bet)


Poker Hand #HD1846910305: Hold'em No Limit ($0.05/$0.1) - 2024/07/07 15:43:42
Table 'NLHRed22' 6-max Seat #1 is the button
Seat 1: 6ed86dd3 ($17.67 in chips)
Seat 2: d7a97963 ($11.61 in chips)
Seat 3: Hero ($10.74 in chips)
Seat 4: 50b4f952 ($10.32 in chips)
Seat 5: c87fc2df ($10 in chips)
Seat 6: 172bb4d0 ($9.3 in chips)
d7a97963: posts small blind $0.05
Hero: posts big blind $0.1
*** HOLE CARDS ***
Dealt to 6ed86dd3 
Dealt to d7a97963 
Dealt to Hero [Ks Qh]
Dealt to 50b4f952 
Dealt to c87fc2df 
Dealt to 172bb4d0 
50b4f952: folds
c87fc2df: raises $0.1 to $0.2
172bb4d0: calls $0.2
6ed86dd3: calls $0.2
d7a97963: folds
Hero: raises $1 to $1.2
c87fc2df: folds
172bb4d0: calls $1
6ed86dd3: folds
*** FLOP *** [2s 7d 3h]
Hero: bets $1.5
172bb4d0: folds
Uncalled bet ($1.5) returned to Hero
*** SHOWDOWN ***
Hero collected $2.71 from pot
*** SUMMARY ***
Total pot $2.85 | Rake $0.14 | Jackpot $0 | Bingo $0 | Fortune $0 | Tax $0
Board [2s 7d 3h]
Seat 1: 6ed86dd3 (button) folded before Flop
Seat 2: d7a97963 (small blind) folded before Flop
Seat 3: Hero (big blind) won ($2.71)
Seat 4: 50b4f952 folded before Flop (didn't bet)
Seat 5: c87fc2df folded before Flop
Seat 6: 172bb4d0 folded on the Flop


Poker Hand #HD1846910226: Hold'em No Limit ($0.05/$0.1) - 2024/07/07 15:43:00
Table 'NLHRed22' 6-max Seat #6 is the button
Seat 1: 6ed86dd3 ($17.72 in chips)
Seat 2: d7a97963 ($11.71 in chips)
Seat 3: Hero ($10.74 in chips)
Seat 4: 50b4f952 ($9.75 in chips)
Seat 5: c87fc2df ($10 in chips)
Seat 6: 172bb4d0 ($9.77 in chips)
6ed86dd3: posts small blind $0.05
d7a97963: posts big blind $0.1
*** HOLE CARDS ***
Dealt to 6ed86dd3 
Dealt to d7a97963 
Dealt to Hero [Kc 2d]
Dealt to 50b4f952 
Dealt to c87fc2df 
Dealt to 172bb4d0 
Hero: folds
50b4f952: raises $0.15 to $0.25
c87fc2df: folds
172bb4d0: calls $0.25
6ed86dd3: folds
d7a97963: folds
*** FLOP *** [3s Ts 6s]
50b4f952: checks
172bb4d0: bets $0.22
50b4f952: raises $0.82 to $1.04
172bb4d0: folds
Uncalled bet ($0.82) returned to 50b4f952
*** SHOWDOWN ***
50b4f952 collected $1.04 from pot
*** SUMMARY ***
Total pot $1.09 | Rake $0.05 | Jackpot $0 | Bingo $0 | Fortune $0 | Tax $0
Board [3s Ts 6s]
Seat 1: 6ed86dd3 (small blind) folded before Flop
Seat 2: d7a97963 (big blind) folded before Flop
Seat 3: Hero folded before Flop (didn't bet)
Seat 4: 50b4f952 won ($1.04)
Seat 5: c87fc2df folded before Flop (didn't bet)
Seat 6: 172bb4d0 (button) folded on the Flop


Poker Hand #HD1846910162: Hold'em No Limit ($0.05/$0.1) - 2024/07/07 15:42:22
Table 'NLHRed22' 6-max Seat #5 is the button
Seat 1: 6ed86dd3 ($17.82 in chips)
Seat 2: d7a97963 ($11.34 in chips)
Seat 3: Hero ($10.74 in chips)
Seat 4: 50b4f952 ($10 in chips)
Seat 5: c87fc2df ($10 in chips)
Seat 6: 172bb4d0 ($9.82 in chips)
172bb4d0: posts small blind $0.05
6ed86dd3: posts big blind $0.1
*** HOLE CARDS ***
Dealt to 6ed86dd3 
Dealt to d7a97963 
Dealt to Hero [4s 9h]
Dealt to 50b4f952 
Dealt to c87fc2df 
Dealt to 172bb4d0 
d7a97963: raises $0.15 to $0.25
Hero: folds
50b4f952: calls $0.25
c87fc2df: folds
172bb4d0: folds
6ed86dd3: folds
*** FLOP *** [Ad Td Qc]
d7a97963: bets $0.49
50b4f952: folds
Uncalled bet ($0.49) returned to d7a97963
*** SHOWDOWN ***
d7a97963 collected $0.62 from pot
*** SUMMARY ***
Total pot $0.65 | Rake $0.03 | Jackpot $0 | Bingo $0 | Fortune $0 | Tax $0
Board [Ad Td Qc]
Seat 1: 6ed86dd3 (big blind) folded before Flop
Seat 2: d7a97963 won ($0.62)
Seat 3: Hero folded before Flop (didn't bet)
Seat 4: 50b4f952 folded on the Flop
Seat 5: c87fc2df (button) folded before Flop (didn't bet)
Seat 6: 172bb4d0 (small blind) folded before Flop


Poker Hand #HD1846910069: Hold'em No Limit ($0.05/$0.1) - 2024/07/07 15:41:23
Table 'NLHRed22' 6-max Seat #4 is the button
Seat 1: 6ed86dd3 ($17.82 in chips)
Seat 2: d7a97963 ($11.69 in chips)
Seat 3: Hero ($10.74 in chips)
Seat 4: 50b4f952 ($10 in chips)
Seat 5: c87fc2df ($10.05 in chips)
Seat 6: 172bb4d0 ($9.45 in chips)
c87fc2df: posts small blind $0.05
172bb4d0: posts big blind $0.1
*** HOLE CARDS ***
Dealt to 6ed86dd3 
Dealt to d7a97963 
Dealt to Hero [9s 5h]
Dealt to 50b4f952 
Dealt to c87fc2df 
Dealt to 172bb4d0 
6ed86dd3: folds
d7a97963: raises $0.1 to $0.2
Hero: folds
50b4f952: folds
c87fc2df: folds
172bb4d0: calls $0.1
*** FLOP *** [6d Kh 7d]
172bb4d0: checks
d7a97963: checks
*** TURN *** [6d Kh 7d] [8s]
172bb4d0: bets $0.15
d7a97963: calls $0.15
*** RIVER *** [6d Kh 7d 8s] [Kd]
172bb4d0: checks
d7a97963: checks
172bb4d0: shows [5c 7s] (Pair of Kings and Pair of Sevens)
d7a97963: shows [Tc Ad] (Pair of Kings)
*** SHOWDOWN ***
172bb4d0 collected $0.72 from pot
*** SUMMARY ***
Total pot $0.75 | Rake $0.03 | Jackpot $0 | Bingo $0 | Fortune $0 | Tax $0
Board [6d Kh 7d 8s Kd]
Seat 1: 6ed86dd3 folded before Flop (didn't bet)
Seat 2: d7a97963 showed [Tc Ad] and lost with Pair of Kings
Seat 3: Hero folded before Flop (didn't bet)
Seat 4: 50b4f952 (button) folded before Flop (didn't bet)
Seat 5: c87fc2df (small blind) folded before Flop
Seat 6: 172bb4d0 (big blind) showed [5c 7s] and won ($0.72) with Pair of Kings and Pair of Sevens


Poker Hand #HD1846910037: Hold'em No Limit ($0.05/$0.1) - 2024/07/07 15:41:06
Table 'NLHRed22' 6-max Seat #3 is the button
Seat 1: 6ed86dd3 ($17.82 in chips)
Seat 2: d7a97963 ($11.69 in chips)
Seat 3: Hero ($10.74 in chips)
Seat 4: 50b4f952 ($10.05 in chips)
Seat 5: c87fc2df ($10 in chips)
Seat 6: 172bb4d0 ($9.45 in chips)
50b4f952: posts small blind $0.05
c87fc2df: posts big blind $0.1
*** HOLE CARDS ***
Dealt to 6ed86dd3 
Dealt to d7a97963 
Dealt to Hero [3c Ah]
Dealt to 50b4f952 
Dealt to c87fc2df 
Dealt to 172bb4d0 
172bb4d0: folds
6ed86dd3: folds
d7a97963: folds
Hero: folds
50b4f952: folds
Uncalled bet ($0.05) returned to c87fc2df
*** SHOWDOWN ***
c87fc2df collected $0.1 from pot
*** SUMMARY ***
Total pot $0.1 | Rake $0 | Jackpot $0 | Bingo $0 | Fortune $0 | Tax $0
Seat 1: 6ed86dd3 folded before Flop (didn't bet)
Seat 2: d7a97963 folded before Flop (didn't bet)
Seat 3: Hero (button) folded before Flop (didn't bet)
Seat 4: 50b4f952 (small blind) folded before Flop
Seat 5: c87fc2df (big blind) collected ($0.1)
Seat 6: 172bb4d0 folded before Flop (didn't bet)


Poker Hand #HD1846910013: Hold'em No Limit ($0.05/$0.1) - 2024/07/07 15:40:53
Table 'NLHRed22' 6-max Seat #2 is the button
Seat 1: 6ed86dd3 ($17.82 in chips)
Seat 2: d7a97963 ($11.69 in chips)
Seat 3: Hero ($10.79 in chips)
Seat 4: 50b4f952 ($10 in chips)
Seat 5: c87fc2df ($10 in chips)
Seat 6: 172bb4d0 ($9.45 in chips)
Hero: posts small blind $0.05
50b4f952: posts big blind $0.1
*** HOLE CARDS ***
Dealt to 6ed86dd3 
Dealt to d7a97963 
Dealt to Hero [9s 4c]
Dealt to 50b4f952 
Dealt to c87fc2df 
Dealt to 172bb4d0 
c87fc2df: folds
172bb4d0: folds
6ed86dd3: folds
d7a97963: folds
Hero: folds
Uncalled bet ($0.05) returned to 50b4f952
*** SHOWDOWN ***
50b4f952 collected $0.1 from pot
*** SUMMARY ***
Total pot $0.1 | Rake $0 | Jackpot $0 | Bingo $0 | Fortune $0 | Tax $0
Seat 1: 6ed86dd3 folded before Flop (didn't bet)
Seat 2: d7a97963 (button) folded before Flop (didn't bet)
Seat 3: Hero (small blind) folded before Flop
Seat 4: 50b4f952 (big blind) collected ($0.1)
Seat 5: c87fc2df folded before Flop (didn't bet)
Seat 6: 172bb4d0 folded before Flop (didn't bet)


Poker Hand #HD1846909979: Hold'em No Limit ($0.05/$0.1) - 2024/07/07 15:40:33
Table 'NLHRed22' 6-max Seat #1 is the button
Seat 1: 6ed86dd3 ($17.67 in chips)
Seat 2: d7a97963 ($11.74 in chips)
Seat 3: Hero ($10.89 in chips)
Seat 4: 50b4f952 ($10 in chips)
Seat 5: c87fc2df ($10 in chips)
Seat 6: 172bb4d0 ($9.45 in chips)
d7a97963: posts small blind $0.05
Hero: posts big blind $0.1
*** HOLE CARDS ***
Dealt to 6ed86dd3 
Dealt to d7a97963 
Dealt to Hero [Ks 4s]
Dealt to 50b4f952 
Dealt to c87fc2df 
Dealt to 172bb4d0 
50b4f952: folds
c87fc2df: folds
172bb4d0: folds
6ed86dd3: raises $0.1 to $0.2
d7a97963: folds
Hero: folds
Uncalled bet ($0.1) returned to 6ed86dd3
*** SHOWDOWN ***
6ed86dd3 collected $0.25 from pot
*** SUMMARY ***
Total pot $0.25 | Rake $0 | Jackpot $0 | Bingo $0 | Fortune $0 | Tax $0
Seat 1: 6ed86dd3 (button) collected ($0.25)
Seat 2: d7a97963 (small blind) folded before Flop
Seat 3: Hero (big blind) folded before Flop
Seat 4: 50b4f952 folded before Flop (didn't bet)
Seat 5: c87fc2df folded before Flop (didn't bet)
Seat 6: 172bb4d0 folded before Flop (didn't bet)


Poker Hand #HD1846909948: Hold'em No Limit ($0.05/$0.1) - 2024/07/07 15:40:14
Table 'NLHRed22' 6-max Seat #6 is the button
Seat 1: 6ed86dd3 ($17.72 in chips)
Seat 2: d7a97963 ($11.69 in chips)
Seat 3: Hero ($10.89 in chips)
Seat 4: 50b4f952 ($10 in chips)
Seat 5: c87fc2df ($10 in chips)
Seat 6: 172bb4d0 ($9.45 in chips)
6ed86dd3: posts small blind $0.05
d7a97963: posts big blind $0.1
*** HOLE CARDS ***
Dealt to 6ed86dd3 
Dealt to d7a97963 
Dealt to Hero [Jh 3c]
Dealt to 50b4f952 
Dealt to c87fc2df 
Dealt to 172bb4d0 
Hero: folds
50b4f952: folds
c87fc2df: folds
172bb4d0: folds
6ed86dd3: folds
Uncalled bet ($0.05) returned to d7a97963
*** SHOWDOWN ***
d7a97963 collected $0.1 from pot
*** SUMMARY ***
Total pot $0.1 | Rake $0 | Jackpot $0 | Bingo $0 | Fortune $0 | Tax $0
Seat 1: 6ed86dd3 (small blind) folded before Flop
Seat 2: d7a97963 (big blind) collected ($0.1)
Seat 3: Hero folded before Flop (didn't bet)
Seat 4: 50b4f952 folded before Flop (didn't bet)
Seat 5: c87fc2df folded before Flop (didn't bet)
Seat 6: 172bb4d0 (button) folded before Flop (didn't bet)


Poker Hand #HD1846909926: Hold'em No Limit ($0.05/$0.1) - 2024/07/07 15:39:59
Table 'NLHRed22' 6-max Seat #5 is the button
Seat 1: 6ed86dd3 ($17.82 in chips)
Seat 2: d7a97963 ($11.54 in chips)
Seat 3: Hero ($10.89 in chips)
Seat 4: 50b4f952 ($1.58 in chips)
Seat 5: c87fc2df ($10 in chips)
Seat 6: 172bb4d0 ($9.5 in chips)
172bb4d0: posts small blind $0.05
6ed86dd3: posts big blind $0.1
*** HOLE CARDS ***
Dealt to 6ed86dd3 
Dealt to d7a97963 
Dealt to Hero [8s Ah]
Dealt to 50b4f952 
Dealt to c87fc2df 
Dealt to 172bb4d0 
d7a97963: raises $0.12 to $0.22
Hero: folds
50b4f952: folds
c87fc2df: folds
172bb4d0: folds
6ed86dd3: folds
Uncalled bet ($0.12) returned to d7a97963
*** SHOWDOWN ***
d7a97963 collected $0.25 from pot
*** SUMMARY ***
Total pot $0.25 | Rake $0 | Jackpot $0 | Bingo $0 | Fortune $0 | Tax $0
Seat 1: 6ed86dd3 (big blind) folded before Flop
Seat 2: d7a97963 collected ($0.25)
Seat 3: Hero folded before Flop (didn't bet)
Seat 4: 50b4f952 folded before Flop (didn't bet)
Seat 5: c87fc2df (button) folded before Flop (didn't bet)
Seat 6: 172bb4d0 (small blind) folded before Flop


Poker Hand #HD1846909668: Hold'em No Limit ($0.05/$0.1) - 2024/07/07 15:37:34
Table 'NLHRed22' 6-max Seat #4 is the button
Seat 1: 6ed86dd3 ($10.1 in chips)
Seat 2: d7a97963 ($11.54 in chips)
Seat 3: Hero ($10.89 in chips)
Seat 4: 50b4f952 ($10 in chips)
Seat 5: c87fc2df ($10 in chips)
Seat 6: 172bb4d0 ($9.7 in chips)
c87fc2df: posts small blind $0.05
172bb4d0: posts big blind $0.1
*** HOLE CARDS ***
Dealt to 6ed86dd3 
Dealt to d7a97963 
Dealt to Hero [9d 3c]
Dealt to 50b4f952 
Dealt to c87fc2df 
Dealt to 172bb4d0 
6ed86dd3: raises $0.1 to $0.2
d7a97963: folds
Hero: folds
50b4f952: calls $0.2
c87fc2df: folds
172bb4d0: calls $0.1
*** FLOP *** [9h Ks 9c]
172bb4d0: checks
6ed86dd3: checks
50b4f952: bets $0.22
172bb4d0: folds
6ed86dd3: calls $0.22
*** TURN *** [9h Ks 9c] [Ah]
6ed86dd3: checks
50b4f952: bets $0.82
6ed86dd3: calls $0.82
*** RIVER *** [9h Ks 9c Ah] [Qc]
6ed86dd3: checks
50b4f952: bets $2.05
6ed86dd3: raises $5.13 to $7.18
50b4f952: calls $5.13
6ed86dd3: shows [Kc Kh] (Kings Full over Nines)
50b4f952: shows [8s 9s] (Three Nines)
*** SHOWDOWN ***
6ed86dd3 collected $16.14 from pot
*** SUMMARY ***
Total pot $17.09 | Rake $0.85 | Jackpot $0.1 | Bingo $0 | Fortune $0 | Tax $0
Board [9h Ks 9c Ah Qc]
Seat 1: 6ed86dd3 showed [Kc Kh] and won ($16.14) with Kings Full over Nines
Seat 2: d7a97963 folded before Flop (didn't bet)
Seat 3: Hero folded before Flop (didn't bet)
Seat 4: 50b4f952 (button) showed [8s 9s] and lost with Three Nines
Seat 5: c87fc2df (small blind) folded before Flop
Seat 6: 172bb4d0 (big blind) folded on the Flop


Poker Hand #HD1846909648: Hold'em No Limit ($0.05/$0.1) - 2024/07/07 15:37:17
Table 'NLHRed22' 6-max Seat #3 is the button
Seat 1: 6ed86dd3 ($10.1 in chips)
Seat 2: d7a97963 ($11.39 in chips)
Seat 3: Hero ($10.89 in chips)
Seat 4: 50b4f952 ($10.05 in chips)
Seat 5: c87fc2df ($10 in chips)
Seat 6: 172bb4d0 ($9.7 in chips)
50b4f952: posts small blind $0.05
c87fc2df: posts big blind $0.1
*** HOLE CARDS ***
Dealt to 6ed86dd3 
Dealt to d7a97963 
Dealt to Hero [Tc 8s]
Dealt to 50b4f952 
Dealt to c87fc2df 
Dealt to 172bb4d0 
172bb4d0: folds
6ed86dd3: folds
d7a97963: raises $0.12 to $0.22
Hero: folds
50b4f952: folds
c87fc2df: folds
Uncalled bet ($0.12) returned to d7a97963
*** SHOWDOWN ***
d7a97963 collected $0.25 from pot
*** SUMMARY ***
Total pot $0.25 | Rake $0 | Jackpot $0 | Bingo $0 | Fortune $0 | Tax $0
Seat 1: 6ed86dd3 folded before Flop (didn't bet)
Seat 2: d7a97963 collected ($0.25)
Seat 3: Hero (button) folded before Flop (didn't bet)
Seat 4: 50b4f952 (small blind) folded before Flop
Seat 5: c87fc2df (big blind) folded before Flop
Seat 6: 172bb4d0 folded before Flop (didn't bet)


Poker Hand #HD1846909623: Hold'em No Limit ($0.05/$0.1) - 2024/07/07 15:37:06
Table 'NLHRed22' 6-max Seat #2 is the button
Seat 1: 6ed86dd3 ($10.1 in chips)
Seat 2: d7a97963 ($11.39 in chips)
Seat 3: Hero ($10.94 in chips)
Seat 4: 50b4f952 ($10 in chips)
Seat 5: c87fc2df ($10 in chips)
Seat 6: 172bb4d0 ($9.7 in chips)
Hero: posts small blind $0.05
50b4f952: posts big blind $0.1
*** HOLE CARDS ***
Dealt to 6ed86dd3 
Dealt to d7a97963 
Dealt to Hero [6c 9c]
Dealt to 50b4f952 
Dealt to c87fc2df 
Dealt to 172bb4d0 
c87fc2df: folds
172bb4d0: folds
6ed86dd3: folds
d7a97963: folds
Hero: folds
Uncalled bet ($0.05) returned to 50b4f952
*** SHOWDOWN ***
50b4f952 collected $0.1 from pot
*** SUMMARY ***
Total pot $0.1 | Rake $0 | Jackpot $0 | Bingo $0 | Fortune $0 | Tax $0
Seat 1: 6ed86dd3 folded before Flop (didn't bet)
Seat 2: d7a97963 (button) folded before Flop (didn't bet)
Seat 3: Hero (small blind) folded before Flop
Seat 4: 50b4f952 (big blind) collected ($0.1)
Seat 5: c87fc2df folded before Flop (didn't bet)
Seat 6: 172bb4d0 folded before Flop (didn't bet)


Poker Hand #HD1846909600: Hold'em No Limit ($0.05/$0.1) - 2024/07/07 15:36:56
Table 'NLHRed22' 6-max Seat #1 is the button
Seat 1: 6ed86dd3 ($10.1 in chips)
Seat 2: d7a97963 ($11.44 in chips)
Seat 3: Hero ($10.89 in chips)
Seat 5: c87fc2df ($10 in chips)
Seat 6: 172bb4d0 ($9.7 in chips)
d7a97963: posts small blind $0.05
Hero: posts big blind $0.1
*** HOLE CARDS ***
Dealt to 6ed86dd3 
Dealt to d7a97963 
Dealt to Hero [7c Tc]
Dealt to c87fc2df 
Dealt to 172bb4d0 
c87fc2df: folds
172bb4d0: folds
6ed86dd3: folds
d7a97963: folds
Uncalled bet ($0.05) returned to Hero
*** SHOWDOWN ***
Hero collected $0.1 from pot
*** SUMMARY ***
Total pot $0.1 | Rake $0 | Jackpot $0 | Bingo $0 | Fortune $0 | Tax $0
Seat 1: 6ed86dd3 (button) folded before Flop (didn't bet)
Seat 2: d7a97963 (small blind) folded before Flop
Seat 3: Hero (big blind) collected ($0.1)
Seat 5: c87fc2df folded before Flop (didn't bet)
Seat 6: 172bb4d0 folded before Flop (didn't bet)


Poker Hand #HD1846909576: Hold'em No Limit ($0.05/$0.1) - 2024/07/07 15:36:40
Table 'NLHRed22' 6-max Seat #6 is the button
Seat 1: 6ed86dd3 ($10 in chips)
Seat 2: d7a97963 ($11.54 in chips)
Seat 3: Hero ($10.89 in chips)
Seat 5: c87fc2df ($10 in chips)
Seat 6: 172bb4d0 ($9.7 in chips)
6ed86dd3: posts small blind $0.05
d7a97963: posts big blind $0.1
*** HOLE CARDS ***
Dealt to 6ed86dd3 
Dealt to d7a97963 
Dealt to Hero [4h Kc]
Dealt to c87fc2df 
Dealt to 172bb4d0 
Hero: folds
c87fc2df: folds
172bb4d0: folds
6ed86dd3: raises $0.1 to $0.2
d7a97963: folds
Uncalled bet ($0.1) returned to 6ed86dd3
*** SHOWDOWN ***
6ed86dd3 collected $0.2 from pot
*** SUMMARY ***
Total pot $0.2 | Rake $0 | Jackpot $0 | Bingo $0 | Fortune $0 | Tax $0
Seat 1: 6ed86dd3 (small blind) collected ($0.2)
Seat 2: d7a97963 (big blind) folded before Flop
Seat 3: Hero folded before Flop (didn't bet)
Seat 5: c87fc2df folded before Flop (didn't bet)
Seat 6: 172bb4d0 (button) folded before Flop (didn't bet)


Poker Hand #HD1846909496: Hold'em No Limit ($0.05/$0.1) - 2024/07/07 15:35:54
Table 'NLHRed22' 6-max Seat #5 is the button
Seat 1: 6ed86dd3 ($10 in chips)
Seat 2: d7a97963 ($12.17 in chips)
Seat 3: Hero ($10.89 in chips)
Seat 5: c87fc2df ($10 in chips)
Seat 6: 172bb4d0 ($9.03 in chips)
172bb4d0: posts small blind $0.05
6ed86dd3: posts big blind $0.1
*** HOLE CARDS ***
Dealt to 6ed86dd3 
Dealt to d7a97963 
Dealt to Hero [9h 8s]
Dealt to c87fc2df 
Dealt to 172bb4d0 
d7a97963: raises $0.12 to $0.22
Hero: folds
c87fc2df: folds
172bb4d0: raises $0.41 to $0.63
6ed86dd3: folds
d7a97963: calls $0.41
*** FLOP *** [2s Ah Qc]
172bb4d0: bets $1.36
d7a97963: folds
Uncalled bet ($1.36) returned to 172bb4d0
*** SHOWDOWN ***
172bb4d0 collected $1.3 from pot
*** SUMMARY ***
Total pot $1.36 | Rake $0.06 | Jackpot $0 | Bingo $0 | Fortune $0 | Tax $0
Board [2s Ah Qc]
Seat 1: 6ed86dd3 (big blind) folded before Flop
Seat 2: d7a97963 folded on the Flop
Seat 3: Hero folded before Flop (didn't bet)
Seat 5: c87fc2df (button) folded before Flop (didn't bet)
Seat 6: 172bb4d0 (small blind) won ($1.3)


Poker Hand #HD1846909426: Hold'em No Limit ($0.05/$0.1) - 2024/07/07 15:35:15
Table 'NLHRed22' 6-max Seat #3 is the button
Seat 1: 6ed86dd3 ($10 in chips)
Seat 2: d7a97963 ($12.17 in chips)
Seat 3: Hero ($10.89 in chips)
Seat 5: c87fc2df ($10 in chips)
Seat 6: 172bb4d0 ($8.35 in chips)
c87fc2df: posts small blind $0.05
172bb4d0: posts big blind $0.1
*** HOLE CARDS ***
Dealt to 6ed86dd3 
Dealt to d7a97963 
Dealt to Hero [6c As]
Dealt to c87fc2df 
Dealt to 172bb4d0 
6ed86dd3: folds
d7a97963: folds
Hero: folds
c87fc2df: raises $0.2 to $0.3
172bb4d0: raises $0.45 to $0.75
c87fc2df: calls $0.45
*** FLOP *** [Kc Qs Ad]
c87fc2df: checks
172bb4d0: bets $1.5
c87fc2df: folds
Uncalled bet ($1.5) returned to 172bb4d0
*** SHOWDOWN ***
172bb4d0 collected $1.43 from pot
*** SUMMARY ***
Total pot $1.5 | Rake $0.07 | Jackpot $0 | Bingo $0 | Fortune $0 | Tax $0
Board [Kc Qs Ad]
Seat 1: 6ed86dd3 folded before Flop (didn't bet)
Seat 2: d7a97963 folded before Flop (didn't bet)
Seat 3: Hero (button) folded before Flop (didn't bet)
Seat 5: c87fc2df (small blind) folded on the Flop
Seat 6: 172bb4d0 (big blind) won ($1.43)


Poker Hand #HD1846909349: Hold'em No Limit ($0.05/$0.1) - 2024/07/07 15:34:30
Table 'NLHRed22' 6-max Seat #2 is the button
Seat 1: 6ed86dd3 ($10 in chips)
Seat 2: d7a97963 ($12.37 in chips)
Seat 3: Hero ($10.61 in chips)
Seat 5: c87fc2df ($10 in chips)
Seat 6: 172bb4d0 ($8.35 in chips)
Hero: posts small blind $0.05
c87fc2df: posts big blind $0.1
*** HOLE CARDS ***
Dealt to 6ed86dd3 
Dealt to d7a97963 
Dealt to Hero [Jd Ac]
Dealt to c87fc2df 
Dealt to 172bb4d0 
172bb4d0: folds
6ed86dd3: folds
d7a97963: raises $0.1 to $0.2
Hero: raises $0.8 to $1
c87fc2df: folds
d7a97963: folds
Uncalled bet ($0.8) returned to Hero
*** SHOWDOWN ***
Hero collected $0.48 from pot
*** SUMMARY ***
Total pot $0.5 | Rake $0.02 | Jackpot $0 | Bingo $0 | Fortune $0 | Tax $0
Seat 1: 6ed86dd3 folded before Flop (didn't bet)
Seat 2: d7a97963 (button) folded before Flop
Seat 3: Hero (small blind) collected ($0.48)
Seat 5: c87fc2df (big blind) folded before Flop
Seat 6: 172bb4d0 folded before Flop (didn't bet)


Poker Hand #HD1846909321: Hold'em No Limit ($0.05/$0.1) - 2024/07/07 15:34:16
Table 'NLHRed22' 6-max Seat #1 is the button
Seat 1: 6ed86dd3 ($10 in chips)
Seat 2: d7a97963 ($12.27 in chips)
Seat 3: Hero ($10.71 in chips)
Seat 4: 7fed3ecb ($10.73 in chips)
Seat 5: c87fc2df ($10 in chips)
Seat 6: 172bb4d0 ($8.35 in chips)
d7a97963: posts small blind $0.05
Hero: posts big blind $0.1
*** HOLE CARDS ***
Dealt to 6ed86dd3 
Dealt to d7a97963 
Dealt to Hero [4d 9s]
Dealt to 7fed3ecb 
Dealt to c87fc2df 
Dealt to 172bb4d0 
7fed3ecb: folds
c87fc2df: folds
172bb4d0: folds
6ed86dd3: folds
d7a97963: raises $0.15 to $0.25
Hero: folds
Uncalled bet ($0.15) returned to d7a97963
*** SHOWDOWN ***
d7a97963 collected $0.2 from pot
*** SUMMARY ***
Total pot $0.2 | Rake $0 | Jackpot $0 | Bingo $0 | Fortune $0 | Tax $0
Seat 1: 6ed86dd3 (button) folded before Flop (didn't bet)
Seat 2: d7a97963 (small blind) collected ($0.2)
Seat 3: Hero (big blind) folded before Flop
Seat 4: 7fed3ecb folded before Flop (didn't bet)
Seat 5: c87fc2df folded before Flop (didn't bet)
Seat 6: 172bb4d0 folded before Flop (didn't bet)


Poker Hand #HD1846909240: Hold'em No Limit ($0.05/$0.1) - 2024/07/07 15:33:32
Table 'NLHRed22' 6-max Seat #6 is the button
Seat 1: 6ed86dd3 ($10.05 in chips)
Seat 2: d7a97963 ($12.37 in chips)
Seat 3: Hero ($10.71 in chips)
Seat 4: 7fed3ecb ($10 in chips)
Seat 5: c87fc2df ($10 in chips)
Seat 6: 172bb4d0 ($8.35 in chips)
6ed86dd3: posts small blind $0.05
d7a97963: posts big blind $0.1
*** HOLE CARDS ***
Dealt to 6ed86dd3 
Dealt to d7a97963 
Dealt to Hero [6d Kc]
Dealt to 7fed3ecb 
Dealt to c87fc2df 
Dealt to 172bb4d0 
Hero: folds
7fed3ecb: raises $0.15 to $0.25
c87fc2df: folds
172bb4d0: folds
6ed86dd3: raises $0.45 to $0.7
d7a97963: folds
7fed3ecb: raises $1.3 to $2
6ed86dd3: folds
Uncalled bet ($1.3) returned to 7fed3ecb
*** SHOWDOWN ***
7fed3ecb collected $1.43 from pot
*** SUMMARY ***
Total pot $1.5 | Rake $0.07 | Jackpot $0 | Bingo $0 | Fortune $0 | Tax $0
Seat 1: 6ed86dd3 (small blind) folded before Flop
Seat 2: d7a97963 (big blind) folded before Flop
Seat 3: Hero folded before Flop (didn't bet)
Seat 4: 7fed3ecb collected ($1.43)
Seat 5: c87fc2df folded before Flop (didn't bet)
Seat 6: 172bb4d0 (button) folded before Flop (didn't bet)


Poker Hand #HD1846909177: Hold'em No Limit ($0.05/$0.1) - 2024/07/07 15:32:50
Table 'NLHRed22' 6-max Seat #5 is the button
Seat 1: 6ed86dd3 ($10.15 in chips)
Seat 2: d7a97963 ($12.37 in chips)
Seat 3: Hero ($10.28 in chips)
Seat 4: 7fed3ecb ($10 in chips)
Seat 5: c87fc2df ($10 in chips)
Seat 6: 172bb4d0 ($8.72 in chips)
172bb4d0: posts small blind $0.05
6ed86dd3: posts big blind $0.1
*** HOLE CARDS ***
Dealt to 6ed86dd3 
Dealt to d7a97963 
Dealt to Hero [9c 9s]
Dealt to 7fed3ecb 
Dealt to c87fc2df 
Dealt to 172bb4d0 
d7a97963: folds
Hero: raises $0.1 to $0.2
7fed3ecb: folds
c87fc2df: folds
172bb4d0: calls $0.15
6ed86dd3: folds
*** FLOP *** [8h Kc 6d]
172bb4d0: checks
Hero: checks
*** TURN *** [8h Kc 6d] [8c]
172bb4d0: bets $0.17
Hero: calls $0.17
*** RIVER *** [8h Kc 6d 8c] [Jh]
172bb4d0: checks
Hero: checks
172bb4d0: shows [4d 4h] (Pair of Eights and Pair of Fours)
Hero: shows [9c 9s] (Pair of Nines and Pair of Eights)
*** SHOWDOWN ***
Hero collected $0.8 from pot
*** SUMMARY ***
Total pot $0.84 | Rake $0.04 | Jackpot $0 | Bingo $0 | Fortune $0 | Tax $0
Board [8h Kc 6d 8c Jh]
Seat 1: 6ed86dd3 (big blind) folded before Flop
Seat 2: d7a97963 folded before Flop (didn't bet)
Seat 3: Hero showed [9c 9s] and won ($0.8) with Pair of Nines and Pair of Eights
Seat 4: 7fed3ecb folded before Flop (didn't bet)
Seat 5: c87fc2df (button) folded before Flop (didn't bet)
Seat 6: 172bb4d0 (small blind) showed [4d 4h] and lost with Pair of Eights and Pair of Fours


Poker Hand #HD1846909147: Hold'em No Limit ($0.05/$0.1) - 2024/07/07 15:32:34
Table 'NLHRed22' 6-max Seat #4 is the button
Seat 1: 6ed86dd3 ($10.15 in chips)
Seat 2: d7a97963 ($12.37 in chips)
Seat 3: Hero ($10.28 in chips)
Seat 4: 7fed3ecb ($10 in chips)
Seat 5: c87fc2df ($10.05 in chips)
Seat 6: 172bb4d0 ($8.67 in chips)
c87fc2df: posts small blind $0.05
172bb4d0: posts big blind $0.1
*** HOLE CARDS ***
Dealt to 6ed86dd3 
Dealt to d7a97963 
Dealt to Hero [7d 3s]
Dealt to 7fed3ecb 
Dealt to c87fc2df 
Dealt to 172bb4d0 
6ed86dd3: folds
d7a97963: folds
Hero: folds
7fed3ecb: folds
c87fc2df: folds
Uncalled bet ($0.05) returned to 172bb4d0
*** SHOWDOWN ***
172bb4d0 collected $0.1 from pot
*** SUMMARY ***
Total pot $0.1 | Rake $0 | Jackpot $0 | Bingo $0 | Fortune $0 | Tax $0
Seat 1: 6ed86dd3 folded before Flop (didn't bet)
Seat 2: d7a97963 folded before Flop (didn't bet)
Seat 3: Hero folded before Flop (didn't bet)
Seat 4: 7fed3ecb (button) folded before Flop (didn't bet)
Seat 5: c87fc2df (small blind) folded before Flop
Seat 6: 172bb4d0 (big blind) collected ($0.1)


Poker Hand #HD1846909113: Hold'em No Limit ($0.05/$0.1) - 2024/07/07 15:32:17
Table 'NLHRed22' 6-max Seat #3 is the button
Seat 1: 6ed86dd3 ($10.15 in chips)
Seat 2: d7a97963 ($12.37 in chips)
Seat 3: Hero ($10.28 in chips)
Seat 4: 7fed3ecb ($10 in chips)
Seat 5: c87fc2df ($10 in chips)
Seat 6: 172bb4d0 ($8.67 in chips)
7fed3ecb: posts small blind $0.05
c87fc2df: posts big blind $0.1
*** HOLE CARDS ***
Dealt to 6ed86dd3 
Dealt to d7a97963 
Dealt to Hero [6c 5d]
Dealt to 7fed3ecb 
Dealt to c87fc2df 
Dealt to 172bb4d0 
172bb4d0: folds
6ed86dd3: folds
d7a97963: folds
Hero: folds
7fed3ecb: folds
Uncalled bet ($0.05) returned to c87fc2df
*** SHOWDOWN ***
c87fc2df collected $0.1 from pot
*** SUMMARY ***
Total pot $0.1 | Rake $0 | Jackpot $0 | Bingo $0 | Fortune $0 | Tax $0
Seat 1: 6ed86dd3 folded before Flop (didn't bet)
Seat 2: d7a97963 folded before Flop (didn't bet)
Seat 3: Hero (button) folded before Flop (didn't bet)
Seat 4: 7fed3ecb (small blind) folded before Flop
Seat 5: c87fc2df (big blind) collected ($0.1)
Seat 6: 172bb4d0 folded before Flop (didn't bet)


Poker Hand #HD1846909037: Hold'em No Limit ($0.05/$0.1) - 2024/07/07 15:31:40
Table 'NLHRed22' 6-max Seat #2 is the button
Seat 1: 6ed86dd3 ($10.15 in chips)
Seat 2: d7a97963 ($12.57 in chips)
Seat 3: Hero ($10 in chips)
Seat 4: 7fed3ecb ($10 in chips)
Seat 6: 172bb4d0 ($8.67 in chips)
Hero: posts small blind $0.05
7fed3ecb: posts big blind $0.1
*** HOLE CARDS ***
Dealt to 6ed86dd3 
Dealt to d7a97963 
Dealt to Hero [Qc Qd]
Dealt to 7fed3ecb 
Dealt to 172bb4d0 
172bb4d0: folds
6ed86dd3: folds
d7a97963: raises $0.1 to $0.2
Hero: raises $0.6 to $0.8
7fed3ecb: folds
d7a97963: folds
Uncalled bet ($0.6) returned to Hero
*** SHOWDOWN ***
Hero collected $0.48 from pot
*** SUMMARY ***
Total pot $0.5 | Rake $0.02 | Jackpot $0 | Bingo $0 | Fortune $0 | Tax $0
Seat 1: 6ed86dd3 folded before Flop (didn't bet)
Seat 2: d7a97963 (button) folded before Flop
Seat 3: Hero (small blind) collected ($0.48)
Seat 4: 7fed3ecb (big blind) folded before Flop
Seat 6: 172bb4d0 folded before Flop (didn't bet)


Poker Hand #HD1846909026: Hold'em No Limit ($0.05/$0.1) - 2024/07/07 15:31:30
Table 'NLHRed22' 6-max Seat #1 is the button
Seat 1: 6ed86dd3 ($10 in chips)
Seat 2: d7a97963 ($12.62 in chips)
Seat 3: Hero ($10 in chips)
Seat 4: 7fed3ecb ($10 in chips)
Seat 6: 172bb4d0 ($8.67 in chips)
d7a97963: posts small blind $0.05
Hero: posts big blind $0.1
*** HOLE CARDS ***
Dealt to 6ed86dd3 
Dealt to d7a97963 
Dealt to Hero [4c Jh]
Dealt to 7fed3ecb 
Dealt to 172bb4d0 
7fed3ecb: folds
172bb4d0: folds
6ed86dd3: raises $0.1 to $0.2
d7a97963: folds
Hero: folds
Uncalled bet ($0.1) returned to 6ed86dd3
*** SHOWDOWN ***
6ed86dd3 collected $0.25 from pot
*** SUMMARY ***
Total pot $0.25 | Rake $0 | Jackpot $0 | Bingo $0 | Fortune $0 | Tax $0
Seat 1: 6ed86dd3 (button) collected ($0.25)
Seat 2: d7a97963 (small blind) folded before Flop
Seat 3: Hero (big blind) folded before Flop
Seat 4: 7fed3ecb folded before Flop (didn't bet)
Seat 6: 172bb4d0 folded before Flop (didn't bet)


