Poker Hand #HD1750190504: Hold'em No Limit ($0.02/$0.05) - 2024/04/28 16:49:39
Table 'NLHBlue15' 6-max Seat #5 is the button
Seat 1: 14bd5a4d ($5 in chips)
Seat 2: e9b925f9 ($1.07 in chips)
Seat 3: 368626d1 ($4.85 in chips)
Seat 4: cb018d8d ($1.8 in chips)
Seat 5: Hero ($5 in chips)
Seat 6: 25db6eb ($5 in chips)
25db6eb: posts small blind $0.02
14bd5a4d: posts big blind $0.05
*** HOLE CARDS ***
Dealt to 14bd5a4d 
Dealt to e9b925f9 
Dealt to 368626d1 
Dealt to cb018d8d 
Dealt to Hero [6s 7h]
Dealt to 25db6eb 
e9b925f9: folds
368626d1: raises $0.1 to $0.15
cb018d8d: folds
Hero: folds
25db6eb: folds
14bd5a4d: folds
Uncalled bet ($0.1) returned to 368626d1
*** SHOWDOWN ***
368626d1 collected $0.12 from pot
*** SUMMARY ***
Total pot $0.12 | Rake $0 | Jackpot $0 | Bingo $0 | Fortune $0 | Tax $0
Seat 1: 14bd5a4d (big blind) folded before Flop
Seat 2: e9b925f9 folded before Flop (didn't bet)
Seat 3: 368626d1 collected ($0.12)
Seat 4: cb018d8d folded before Flop (didn't bet)
Seat 5: Hero (button) folded before Flop (didn't bet)
Seat 6: 25db6eb (small blind) folded before Flop


Poker Hand #HD1750190367: Hold'em No Limit ($0.02/$0.05) - 2024/04/28 16:48:29
Table 'NLHBlue15' 6-max Seat #4 is the button
Seat 1: 14bd5a4d ($5 in chips)
Seat 2: e9b925f9 ($1.17 in chips)
Seat 3: 368626d1 ($4.85 in chips)
Seat 4: cb018d8d ($1.64 in chips)
Seat 5: Hero ($5 in chips)
Seat 6: 25db6eb ($5 in chips)
Hero: posts small blind $0.02
25db6eb: posts big blind $0.05
*** HOLE CARDS ***
Dealt to 14bd5a4d 
Dealt to e9b925f9 
Dealt to 368626d1 
Dealt to cb018d8d 
Dealt to Hero [As 7d]
Dealt to 25db6eb 
14bd5a4d: folds
e9b925f9: raises $0.05 to $0.1
368626d1: folds
cb018d8d: calls $0.1
Hero: folds
25db6eb: folds
*** FLOP *** [2d 4h Kc]
e9b925f9: checks
cb018d8d: checks
*** TURN *** [2d 4h Kc] [6s]
e9b925f9: checks
cb018d8d: bets $0.14
e9b925f9: folds
Uncalled bet ($0.14) returned to cb018d8d
*** SHOWDOWN ***
cb018d8d collected $0.26 from pot
*** SUMMARY ***
Total pot $0.27 | Rake $0.01 | Jackpot $0 | Bingo $0 | Fortune $0 | Tax $0
Board [2d 4h Kc 6s]
Seat 1: 14bd5a4d folded before Flop (didn't bet)
Seat 2: e9b925f9 folded on the Turn
Seat 3: 368626d1 folded before Flop (didn't bet)
Seat 4: cb018d8d (button) won ($0.26)
Seat 5: Hero (small blind) folded before Flop
Seat 6: 25db6eb (big blind) folded before Flop


Poker Hand #HD1750190340: Hold'em No Limit ($0.02/$0.05) - 2024/04/28 16:48:14
Table 'NLHBlue15' 6-max Seat #3 is the button
Seat 1: 14bd5a4d ($5 in chips)
Seat 2: e9b925f9 ($1.17 in chips)
Seat 3: 368626d1 ($4.85 in chips)
Seat 4: cb018d8d ($1.59 in chips)
Seat 5: Hero ($5 in chips)
Seat 6: 25db6eb ($5 in chips)
cb018d8d: posts small blind $0.02
Hero: posts big blind $0.05
*** HOLE CARDS ***
Dealt to 14bd5a4d 
Dealt to e9b925f9 
Dealt to 368626d1 
Dealt to cb018d8d 
Dealt to Hero [5c Jh]
Dealt to 25db6eb 
25db6eb: folds
14bd5a4d: folds
e9b925f9: folds
368626d1: folds
cb018d8d: raises $0.08 to $0.13
Hero: folds
Uncalled bet ($0.08) returned to cb018d8d
*** SHOWDOWN ***
cb018d8d collected $0.1 from pot
*** SUMMARY ***
Total pot $0.1 | Rake $0 | Jackpot $0 | Bingo $0 | Fortune $0 | Tax $0
Seat 1: 14bd5a4d folded before Flop (didn't bet)
Seat 2: e9b925f9 folded before Flop (didn't bet)
Seat 3: 368626d1 (button) folded before Flop (didn't bet)
Seat 4: cb018d8d (small blind) collected ($0.1)
Seat 5: Hero (big blind) folded before Flop
Seat 6: 25db6eb folded before Flop (didn't bet)


Poker Hand #HD1750190316: Hold'em No Limit ($0.02/$0.05) - 2024/04/28 16:48:02
Table 'NLHBlue15' 6-max Seat #2 is the button
Seat 1: 14bd5a4d ($5 in chips)
Seat 2: e9b925f9 ($1.17 in chips)
Seat 3: 368626d1 ($4.87 in chips)
Seat 4: cb018d8d ($1.57 in chips)
Seat 5: Hero ($5 in chips)
Seat 6: 25db6eb ($5 in chips)
368626d1: posts small blind $0.02
cb018d8d: posts big blind $0.05
*** HOLE CARDS ***
Dealt to 14bd5a4d 
Dealt to e9b925f9 
Dealt to 368626d1 
Dealt to cb018d8d 
Dealt to Hero [3h 8c]
Dealt to 25db6eb 
Hero: folds
25db6eb: folds
14bd5a4d: folds
e9b925f9: folds
368626d1: folds
Uncalled bet ($0.03) returned to cb018d8d
*** SHOWDOWN ***
cb018d8d collected $0.04 from pot
*** SUMMARY ***
Total pot $0.04 | Rake $0 | Jackpot $0 | Bingo $0 | Fortune $0 | Tax $0
Seat 1: 14bd5a4d folded before Flop (didn't bet)
Seat 2: e9b925f9 (button) folded before Flop (didn't bet)
Seat 3: 368626d1 (small blind) folded before Flop
Seat 4: cb018d8d (big blind) collected ($0.04)
Seat 5: Hero folded before Flop (didn't bet)
Seat 6: 25db6eb folded before Flop (didn't bet)


Poker Hand #HD1750190202: Hold'em No Limit ($0.02/$0.05) - 2024/04/28 16:47:04
Table 'NLHBlue15' 6-max Seat #1 is the button
Seat 1: 14bd5a4d ($5 in chips)
Seat 2: e9b925f9 ($1.19 in chips)
Seat 3: 368626d1 ($5 in chips)
Seat 4: cb018d8d ($1.43 in chips)
Seat 5: Hero ($5 in chips)
Seat 6: 25db6eb ($5 in chips)
e9b925f9: posts small blind $0.02
368626d1: posts big blind $0.05
*** HOLE CARDS ***
Dealt to 14bd5a4d 
Dealt to e9b925f9 
Dealt to 368626d1 
Dealt to cb018d8d 
Dealt to Hero [9c 4s]
Dealt to 25db6eb 
cb018d8d: raises $0.08 to $0.13
Hero: folds
25db6eb: folds
14bd5a4d: folds
e9b925f9: folds
368626d1: calls $0.08
*** FLOP *** [9h 2s 6h]
368626d1: checks
cb018d8d: checks
*** TURN *** [9h 2s 6h] [Qc]
368626d1: checks
cb018d8d: bets $0.21
368626d1: folds
Uncalled bet ($0.21) returned to cb018d8d
*** SHOWDOWN ***
cb018d8d collected $0.27 from pot
*** SUMMARY ***
Total pot $0.28 | Rake $0.01 | Jackpot $0 | Bingo $0 | Fortune $0 | Tax $0
Board [9h 2s 6h Qc]
Seat 1: 14bd5a4d (button) folded before Flop (didn't bet)
Seat 2: e9b925f9 (small blind) folded before Flop
Seat 3: 368626d1 (big blind) folded on the Turn
Seat 4: cb018d8d won ($0.27)
Seat 5: Hero folded before Flop (didn't bet)
Seat 6: 25db6eb folded before Flop (didn't bet)


Poker Hand #HD1750190177: Hold'em No Limit ($0.02/$0.05) - 2024/04/28 16:46:49
Table 'NLHBlue15' 6-max Seat #6 is the button
Seat 1: 14bd5a4d ($5.02 in chips)
Seat 2: e9b925f9 ($1.24 in chips)
Seat 3: 368626d1 ($5 in chips)
Seat 4: cb018d8d ($1.36 in chips)
Seat 5: Hero ($5 in chips)
Seat 6: 25db6eb ($5 in chips)
14bd5a4d: posts small blind $0.02
e9b925f9: posts big blind $0.05
*** HOLE CARDS ***
Dealt to 14bd5a4d 
Dealt to e9b925f9 
Dealt to 368626d1 
Dealt to cb018d8d 
Dealt to Hero [Jh 7s]
Dealt to 25db6eb 
368626d1: folds
cb018d8d: raises $0.08 to $0.13
Hero: folds
25db6eb: folds
14bd5a4d: folds
e9b925f9: folds
Uncalled bet ($0.08) returned to cb018d8d
*** SHOWDOWN ***
cb018d8d collected $0.12 from pot
*** SUMMARY ***
Total pot $0.12 | Rake $0 | Jackpot $0 | Bingo $0 | Fortune $0 | Tax $0
Seat 1: 14bd5a4d (small blind) folded before Flop
Seat 2: e9b925f9 (big blind) folded before Flop
Seat 3: 368626d1 folded before Flop (didn't bet)
Seat 4: cb018d8d collected ($0.12)
Seat 5: Hero folded before Flop (didn't bet)
Seat 6: 25db6eb (button) folded before Flop (didn't bet)


Poker Hand #HD1750190102: Hold'em No Limit ($0.02/$0.05) - 2024/04/28 16:46:14
Table 'NLHBlue15' 6-max Seat #5 is the button
Seat 1: 14bd5a4d ($5 in chips)
Seat 2: e9b925f9 ($1.24 in chips)
Seat 3: 368626d1 ($5 in chips)
Seat 4: cb018d8d ($1.36 in chips)
Seat 5: Hero ($5 in chips)
Seat 6: 25db6eb ($5 in chips)
25db6eb: posts small blind $0.02
14bd5a4d: posts big blind $0.05
*** HOLE CARDS ***
Dealt to 14bd5a4d 
Dealt to e9b925f9 
Dealt to 368626d1 
Dealt to cb018d8d 
Dealt to Hero [Ac 6s]
Dealt to 25db6eb 
e9b925f9: folds
368626d1: folds
cb018d8d: folds
Hero: folds
25db6eb: folds
Uncalled bet ($0.03) returned to 14bd5a4d
*** SHOWDOWN ***
14bd5a4d collected $0.04 from pot
*** SUMMARY ***
Total pot $0.04 | Rake $0 | Jackpot $0 | Bingo $0 | Fortune $0 | Tax $0
Seat 1: 14bd5a4d (big blind) collected ($0.04)
Seat 2: e9b925f9 folded before Flop (didn't bet)
Seat 3: 368626d1 folded before Flop (didn't bet)
Seat 4: cb018d8d folded before Flop (didn't bet)
Seat 5: Hero (button) folded before Flop (didn't bet)
Seat 6: 25db6eb (small blind) folded before Flop


Poker Hand #HD1750190036: Hold'em No Limit ($0.02/$0.05) - 2024/04/28 16:45:47
Table 'NLHBlue15' 6-max Seat #4 is the button
Seat 1: 14bd5a4d ($5 in chips)
Seat 2: e9b925f9 ($1.24 in chips)
Seat 3: 368626d1 ($4.93 in chips)
Seat 4: cb018d8d ($1.36 in chips)
Seat 5: Hero ($5.02 in chips)
Seat 6: 25db6eb ($5 in chips)
Hero: posts small blind $0.02
25db6eb: posts big blind $0.05
*** HOLE CARDS ***
Dealt to 14bd5a4d 
Dealt to e9b925f9 
Dealt to 368626d1 
Dealt to cb018d8d 
Dealt to Hero [8h 9h]
Dealt to 25db6eb 
14bd5a4d: folds
e9b925f9: folds
368626d1: raises $0.1 to $0.15
cb018d8d: folds
Hero: folds
25db6eb: folds
Uncalled bet ($0.1) returned to 368626d1
*** SHOWDOWN ***
368626d1 collected $0.12 from pot
*** SUMMARY ***
Total pot $0.12 | Rake $0 | Jackpot $0 | Bingo $0 | Fortune $0 | Tax $0
Seat 1: 14bd5a4d folded before Flop (didn't bet)
Seat 2: e9b925f9 folded before Flop (didn't bet)
Seat 3: 368626d1 collected ($0.12)
Seat 4: cb018d8d (button) folded before Flop (didn't bet)
Seat 5: Hero (small blind) folded before Flop
Seat 6: 25db6eb (big blind) folded before Flop


Poker Hand #HD1750190015: Hold'em No Limit ($0.02/$0.05) - 2024/04/28 16:45:33
Table 'NLHBlue15' 6-max Seat #3 is the button
Seat 1: 14bd5a4d ($5 in chips)
Seat 2: e9b925f9 ($1.24 in chips)
Seat 3: 368626d1 ($4.93 in chips)
Seat 4: cb018d8d ($1.31 in chips)
Seat 5: Hero ($5.07 in chips)
cb018d8d: posts small blind $0.02
Hero: posts big blind $0.05
*** HOLE CARDS ***
Dealt to 14bd5a4d 
Dealt to e9b925f9 
Dealt to 368626d1 
Dealt to cb018d8d 
Dealt to Hero [3s Ks]
14bd5a4d: folds
e9b925f9: folds
368626d1: folds
cb018d8d: raises $0.08 to $0.13
Hero: folds
Uncalled bet ($0.08) returned to cb018d8d
*** SHOWDOWN ***
cb018d8d collected $0.1 from pot
*** SUMMARY ***
Total pot $0.1 | Rake $0 | Jackpot $0 | Bingo $0 | Fortune $0 | Tax $0
Seat 1: 14bd5a4d folded before Flop (didn't bet)
Seat 2: e9b925f9 folded before Flop (didn't bet)
Seat 3: 368626d1 (button) folded before Flop (didn't bet)
Seat 4: cb018d8d (small blind) collected ($0.1)
Seat 5: Hero (big blind) folded before Flop


Poker Hand #HD1750189972: Hold'em No Limit ($0.02/$0.05) - 2024/04/28 16:45:11
Table 'NLHBlue15' 6-max Seat #2 is the button
Seat 1: 14bd5a4d ($5 in chips)
Seat 2: e9b925f9 ($1.24 in chips)
Seat 3: 368626d1 ($4.95 in chips)
Seat 4: cb018d8d ($1.29 in chips)
Seat 5: Hero ($5.07 in chips)
368626d1: posts small blind $0.02
cb018d8d: posts big blind $0.05
*** HOLE CARDS ***
Dealt to 14bd5a4d 
Dealt to e9b925f9 
Dealt to 368626d1 
Dealt to cb018d8d 
Dealt to Hero [9s 4h]
Hero: folds
14bd5a4d: folds
e9b925f9: folds
368626d1: folds
Uncalled bet ($0.03) returned to cb018d8d
*** SHOWDOWN ***
cb018d8d collected $0.04 from pot
*** SUMMARY ***
Total pot $0.04 | Rake $0 | Jackpot $0 | Bingo $0 | Fortune $0 | Tax $0
Seat 1: 14bd5a4d folded before Flop (didn't bet)
Seat 2: e9b925f9 (button) folded before Flop (didn't bet)
Seat 3: 368626d1 (small blind) folded before Flop
Seat 4: cb018d8d (big blind) collected ($0.04)
Seat 5: Hero folded before Flop (didn't bet)


Poker Hand #HD1750189935: Hold'em No Limit ($0.02/$0.05) - 2024/04/28 16:44:51
Table 'NLHBlue15' 6-max Seat #1 is the button
Seat 1: 14bd5a4d ($5 in chips)
Seat 2: e9b925f9 ($1.19 in chips)
Seat 3: 368626d1 ($5 in chips)
Seat 4: cb018d8d ($1.29 in chips)
Seat 5: Hero ($5.07 in chips)
e9b925f9: posts small blind $0.02
368626d1: posts big blind $0.05
*** HOLE CARDS ***
Dealt to 14bd5a4d 
Dealt to e9b925f9 
Dealt to 368626d1 
Dealt to cb018d8d 
Dealt to Hero [2d Ac]
cb018d8d: folds
Hero: folds
14bd5a4d: folds
e9b925f9: raises $0.1 to $0.15
368626d1: folds
Uncalled bet ($0.1) returned to e9b925f9
*** SHOWDOWN ***
e9b925f9 collected $0.1 from pot
*** SUMMARY ***
Total pot $0.1 | Rake $0 | Jackpot $0 | Bingo $0 | Fortune $0 | Tax $0
Seat 1: 14bd5a4d (button) folded before Flop (didn't bet)
Seat 2: e9b925f9 (small blind) collected ($0.1)
Seat 3: 368626d1 (big blind) folded before Flop
Seat 4: cb018d8d folded before Flop (didn't bet)
Seat 5: Hero folded before Flop (didn't bet)


Poker Hand #HD1750189901: Hold'em No Limit ($0.02/$0.05) - 2024/04/28 16:44:35
Table 'NLHBlue15' 6-max Seat #5 is the button
Seat 1: 14bd5a4d ($5.02 in chips)
Seat 2: e9b925f9 ($1.24 in chips)
Seat 4: cb018d8d ($1.29 in chips)
Seat 5: Hero ($5 in chips)
14bd5a4d: posts small blind $0.02
e9b925f9: posts big blind $0.05
*** HOLE CARDS ***
Dealt to 14bd5a4d 
Dealt to e9b925f9 
Dealt to cb018d8d 
Dealt to Hero [Td Ad]
cb018d8d: folds
Hero: raises $0.07 to $0.12
14bd5a4d: folds
e9b925f9: folds
Uncalled bet ($0.07) returned to Hero
*** SHOWDOWN ***
Hero collected $0.12 from pot
*** SUMMARY ***
Total pot $0.12 | Rake $0 | Jackpot $0 | Bingo $0 | Fortune $0 | Tax $0
Seat 1: 14bd5a4d (small blind) folded before Flop
Seat 2: e9b925f9 (big blind) folded before Flop
Seat 4: cb018d8d folded before Flop (didn't bet)
Seat 5: Hero (button) collected ($0.12)


Poker Hand #HD1750189854: Hold'em No Limit ($0.02/$0.05) - 2024/04/28 16:44:06
Table 'NLHBlue15' 6-max Seat #4 is the button
Seat 1: 14bd5a4d ($5.07 in chips)
Seat 2: e9b925f9 ($1.24 in chips)
Seat 4: cb018d8d ($1.22 in chips)
Seat 5: Hero ($5.02 in chips)
Hero: posts small blind $0.02
14bd5a4d: posts big blind $0.05
*** HOLE CARDS ***
Dealt to 14bd5a4d 
Dealt to e9b925f9 
Dealt to cb018d8d 
Dealt to Hero [2h 8s]
e9b925f9: folds
cb018d8d: raises $0.08 to $0.13
Hero: folds
14bd5a4d: folds
Uncalled bet ($0.08) returned to cb018d8d
*** SHOWDOWN ***
cb018d8d collected $0.12 from pot
*** SUMMARY ***
Total pot $0.12 | Rake $0 | Jackpot $0 | Bingo $0 | Fortune $0 | Tax $0
Seat 1: 14bd5a4d (big blind) folded before Flop
Seat 2: e9b925f9 folded before Flop (didn't bet)
Seat 4: cb018d8d (button) collected ($0.12)
Seat 5: Hero (small blind) folded before Flop


Poker Hand #HD1750189788: Hold'em No Limit ($0.02/$0.05) - 2024/04/28 16:43:33
Table 'NLHBlue15' 6-max Seat #2 is the button
Seat 1: 14bd5a4d ($5.07 in chips)
Seat 2: e9b925f9 ($1.24 in chips)
Seat 4: cb018d8d ($1.24 in chips)
Seat 5: Hero ($5 in chips)
Seat 6: ef998904 ($12.26 in chips)
cb018d8d: posts small blind $0.02
Hero: posts big blind $0.05
*** HOLE CARDS ***
Dealt to 14bd5a4d 
Dealt to e9b925f9 
Dealt to cb018d8d 
Dealt to Hero [5c 6d]
Dealt to ef998904 
ef998904: folds
14bd5a4d: folds
e9b925f9: folds
cb018d8d: folds
Uncalled bet ($0.03) returned to Hero
*** SHOWDOWN ***
Hero collected $0.04 from pot
*** SUMMARY ***
Total pot $0.04 | Rake $0 | Jackpot $0 | Bingo $0 | Fortune $0 | Tax $0
Seat 1: 14bd5a4d folded before Flop (didn't bet)
Seat 2: e9b925f9 (button) folded before Flop (didn't bet)
Seat 4: cb018d8d (small blind) folded before Flop
Seat 5: Hero (big blind) collected ($0.04)
Seat 6: ef998904 folded before Flop (didn't bet)


