Poker Hand #HD1731592167: Hold'em No Limit ($0.02/$0.05) - 2024/04/15 17:42:21
Table 'NLHBlue31' 6-max Seat #3 is the button
Seat 2: 25330016 ($8.23 in chips)
Seat 3: Hero ($9.76 in chips)
Seat 4: 66c990e9 ($5 in chips)
66c990e9: posts small blind $0.02
25330016: posts big blind $0.05
*** HOLE CARDS ***
Dealt to 25330016 
Dealt to Hero [9c 6h]
Dealt to 66c990e9 
Hero: folds
66c990e9: raises $0.05 to $0.1
25330016: folds
Uncalled bet ($0.05) returned to 66c990e9
*** SHOWDOWN ***
66c990e9 collected $0.1 from pot
*** SUMMARY ***
Total pot $0.1 | Rake $0 | Jackpot $0 | Bingo $0 | Fortune $0 | Tax $0
Seat 2: 25330016 (big blind) folded before Flop
Seat 3: Hero (button) folded before Flop (didn't bet)
Seat 4: 66c990e9 (small blind) collected ($0.1)


Poker Hand #HD1731592132: Hold'em No Limit ($0.02/$0.05) - 2024/04/15 17:42:08
Table 'NLHBlue31' 6-max Seat #2 is the button
Seat 2: 25330016 ($8.23 in chips)
Seat 3: Hero ($9.71 in chips)
Seat 4: 66c990e9 ($5 in chips)
Seat 6: 527cf23b ($9.62 in chips)
Hero: posts small blind $0.02
66c990e9: posts big blind $0.05
*** HOLE CARDS ***
Dealt to 25330016 
Dealt to Hero [4h Ac]
Dealt to 66c990e9 
Dealt to 527cf23b 
527cf23b: folds
25330016: folds
Hero: raises $0.1 to $0.15
66c990e9: folds
Uncalled bet ($0.1) returned to Hero
*** SHOWDOWN ***
Hero collected $0.1 from pot
*** SUMMARY ***
Total pot $0.1 | Rake $0 | Jackpot $0 | Bingo $0 | Fortune $0 | Tax $0
Seat 2: 25330016 (button) folded before Flop (didn't bet)
Seat 3: Hero (small blind) collected ($0.1)
Seat 4: 66c990e9 (big blind) folded before Flop
Seat 6: 527cf23b folded before Flop (didn't bet)


Poker Hand #HD1731592110: Hold'em No Limit ($0.02/$0.05) - 2024/04/15 17:42:00
Table 'NLHBlue31' 6-max Seat #6 is the button
Seat 2: 25330016 ($8.25 in chips)
Seat 3: Hero ($9.69 in chips)
Seat 4: 66c990e9 ($5 in chips)
Seat 6: 527cf23b ($9.62 in chips)
25330016: posts small blind $0.02
Hero: posts big blind $0.05
*** HOLE CARDS ***
Dealt to 25330016 
Dealt to Hero [Qh Kd]
Dealt to 66c990e9 
Dealt to 527cf23b 
66c990e9: folds
527cf23b: folds
25330016: folds
Uncalled bet ($0.03) returned to Hero
*** SHOWDOWN ***
Hero collected $0.04 from pot
*** SUMMARY ***
Total pot $0.04 | Rake $0 | Jackpot $0 | Bingo $0 | Fortune $0 | Tax $0
Seat 2: 25330016 (small blind) folded before Flop
Seat 3: Hero (big blind) collected ($0.04)
Seat 4: 66c990e9 folded before Flop (didn't bet)
Seat 6: 527cf23b (button) folded before Flop (didn't bet)


Poker Hand #HD1731592047: Hold'em No Limit ($0.02/$0.05) - 2024/04/15 17:41:35
Table 'NLHBlue31' 6-max Seat #4 is the button
Seat 2: 25330016 ($8.37 in chips)
Seat 3: Hero ($9.56 in chips)
Seat 4: 66c990e9 ($5 in chips)
Seat 6: 527cf23b ($9.64 in chips)
527cf23b: posts small blind $0.02
25330016: posts big blind $0.05
*** HOLE CARDS ***
Dealt to 25330016 
Dealt to Hero [7h 9h]
Dealt to 66c990e9 
Dealt to 527cf23b 
Hero: raises $0.07 to $0.12
66c990e9: folds
527cf23b: folds
25330016: calls $0.07
*** FLOP *** [Ah Ac Kh]
25330016: checks
Hero: bets $0.15
25330016: folds
Uncalled bet ($0.15) returned to Hero
*** SHOWDOWN ***
Hero collected $0.25 from pot
*** SUMMARY ***
Total pot $0.26 | Rake $0.01 | Jackpot $0 | Bingo $0 | Fortune $0 | Tax $0
Board [Ah Ac Kh]
Seat 2: 25330016 (big blind) folded on the Flop
Seat 3: Hero won ($0.25)
Seat 4: 66c990e9 (button) folded before Flop (didn't bet)
Seat 6: 527cf23b (small blind) folded before Flop


Poker Hand #HD1731591993: Hold'em No Limit ($0.02/$0.05) - 2024/04/15 17:41:16
Table 'NLHBlue31' 6-max Seat #3 is the button
Seat 1: 40d56d9e ($5.59 in chips)
Seat 2: 25330016 ($8.37 in chips)
Seat 3: Hero ($9.56 in chips)
Seat 4: 66c990e9 ($5 in chips)
Seat 6: 527cf23b ($9.62 in chips)
66c990e9: posts small blind $0.02
527cf23b: posts big blind $0.05
*** HOLE CARDS ***
Dealt to 40d56d9e 
Dealt to 25330016 
Dealt to Hero [6h 5s]
Dealt to 66c990e9 
Dealt to 527cf23b 
40d56d9e: folds
25330016: folds
Hero: folds
66c990e9: folds
Uncalled bet ($0.03) returned to 527cf23b
*** SHOWDOWN ***
527cf23b collected $0.04 from pot
*** SUMMARY ***
Total pot $0.04 | Rake $0 | Jackpot $0 | Bingo $0 | Fortune $0 | Tax $0
Seat 1: 40d56d9e folded before Flop (didn't bet)
Seat 2: 25330016 folded before Flop (didn't bet)
Seat 3: Hero (button) folded before Flop (didn't bet)
Seat 4: 66c990e9 (small blind) folded before Flop
Seat 6: 527cf23b (big blind) collected ($0.04)


Poker Hand #HD1731591952: Hold'em No Limit ($0.02/$0.05) - 2024/04/15 17:40:59
Table 'NLHBlue31' 6-max Seat #2 is the button
Seat 1: 40d56d9e ($5.59 in chips)
Seat 2: 25330016 ($8.37 in chips)
Seat 3: Hero ($9.51 in chips)
Seat 4: 66c990e9 ($5 in chips)
Seat 6: 527cf23b ($9.62 in chips)
Hero: posts small blind $0.02
66c990e9: posts big blind $0.05
*** HOLE CARDS ***
Dealt to 40d56d9e 
Dealt to 25330016 
Dealt to Hero [Ad 8c]
Dealt to 66c990e9 
Dealt to 527cf23b 
527cf23b: folds
40d56d9e: folds
25330016: folds
Hero: raises $0.1 to $0.15
66c990e9: folds
Uncalled bet ($0.1) returned to Hero
*** SHOWDOWN ***
Hero collected $0.1 from pot
*** SUMMARY ***
Total pot $0.1 | Rake $0 | Jackpot $0 | Bingo $0 | Fortune $0 | Tax $0
Seat 1: 40d56d9e folded before Flop (didn't bet)
Seat 2: 25330016 (button) folded before Flop (didn't bet)
Seat 3: Hero (small blind) collected ($0.1)
Seat 4: 66c990e9 (big blind) folded before Flop
Seat 6: 527cf23b folded before Flop (didn't bet)


Poker Hand #HD1731591774: Hold'em No Limit ($0.02/$0.05) - 2024/04/15 17:39:53
Table 'NLHBlue31' 6-max Seat #1 is the button
Seat 1: 40d56d9e ($5.59 in chips)
Seat 2: 25330016 ($8.39 in chips)
Seat 3: Hero ($5.64 in chips)
Seat 4: 66c990e9 ($5 in chips)
Seat 5: 85c3468b ($4.33 in chips)
Seat 6: 527cf23b ($9.62 in chips)
25330016: posts small blind $0.02
Hero: posts big blind $0.05
*** HOLE CARDS ***
Dealt to 40d56d9e 
Dealt to 25330016 
Dealt to Hero [As Kh]
Dealt to 66c990e9 
Dealt to 85c3468b 
Dealt to 527cf23b 
66c990e9: folds
85c3468b: raises $0.05 to $0.1
527cf23b: folds
40d56d9e: folds
25330016: folds
Hero: raises $0.35 to $0.45
85c3468b: calls $0.35
*** FLOP *** [Kc 6s Th]
Hero: bets $0.4
85c3468b: calls $0.4
*** TURN *** [Kc 6s Th] [Jd]
Hero: checks
85c3468b: bets $0.95
Hero: calls $0.95
*** RIVER *** [Kc 6s Th Jd] [Js]
Hero: checks
85c3468b: bets $2.53 and is all-in
Hero: calls $2.53
85c3468b: shows [Ah 9h] (Pair of Jacks)
Hero: shows [As Kh] (Pair of Kings and Pair of Jacks)
*** SHOWDOWN ***
Hero collected $8.2 from pot
*** SUMMARY ***
Total pot $8.68 | Rake $0.43 | Jackpot $0.05 | Bingo $0 | Fortune $0 | Tax $0
Board [Kc 6s Th Jd Js]
Seat 1: 40d56d9e (button) folded before Flop (didn't bet)
Seat 2: 25330016 (small blind) folded before Flop
Seat 3: Hero (big blind) showed [As Kh] and won ($8.2) with Pair of Kings and Pair of Jacks
Seat 4: 66c990e9 folded before Flop (didn't bet)
Seat 5: 85c3468b showed [Ah 9h] and lost with Pair of Jacks
Seat 6: 527cf23b folded before Flop (didn't bet)


Poker Hand #HD1731591681: Hold'em No Limit ($0.02/$0.05) - 2024/04/15 17:39:23
Table 'NLHBlue31' 6-max Seat #6 is the button
Seat 1: 40d56d9e ($5.45 in chips)
Seat 2: 25330016 ($8.44 in chips)
Seat 3: Hero ($5.74 in chips)
Seat 4: 66c990e9 ($5 in chips)
Seat 5: 85c3468b ($4.33 in chips)
Seat 6: 527cf23b ($9.62 in chips)
40d56d9e: posts small blind $0.02
25330016: posts big blind $0.05
*** HOLE CARDS ***
Dealt to 40d56d9e 
Dealt to 25330016 
Dealt to Hero [8s 9s]
Dealt to 66c990e9 
Dealt to 85c3468b 
Dealt to 527cf23b 
Hero: raises $0.05 to $0.1
66c990e9: folds
85c3468b: folds
527cf23b: folds
40d56d9e: raises $0.4 to $0.5
25330016: folds
Hero: folds
Uncalled bet ($0.4) returned to 40d56d9e
*** SHOWDOWN ***
40d56d9e collected $0.24 from pot
*** SUMMARY ***
Total pot $0.25 | Rake $0.01 | Jackpot $0 | Bingo $0 | Fortune $0 | Tax $0
Seat 1: 40d56d9e (small blind) collected ($0.24)
Seat 2: 25330016 (big blind) folded before Flop
Seat 3: Hero folded before Flop
Seat 4: 66c990e9 folded before Flop (didn't bet)
Seat 5: 85c3468b folded before Flop (didn't bet)
Seat 6: 527cf23b (button) folded before Flop (didn't bet)


Poker Hand #HD1731591634: Hold'em No Limit ($0.02/$0.05) - 2024/04/15 17:39:07
Table 'NLHBlue31' 6-max Seat #5 is the button
Seat 1: 40d56d9e ($5.5 in chips)
Seat 2: 25330016 ($8.44 in chips)
Seat 3: Hero ($5.74 in chips)
Seat 4: 66c990e9 ($5 in chips)
Seat 5: 85c3468b ($4.33 in chips)
Seat 6: 527cf23b ($9.57 in chips)
527cf23b: posts small blind $0.02
40d56d9e: posts big blind $0.05
*** HOLE CARDS ***
Dealt to 40d56d9e 
Dealt to 25330016 
Dealt to Hero [Qc 5s]
Dealt to 66c990e9 
Dealt to 85c3468b 
Dealt to 527cf23b 
25330016: folds
Hero: folds
66c990e9: folds
85c3468b: folds
527cf23b: raises $0.08 to $0.13
40d56d9e: folds
Uncalled bet ($0.08) returned to 527cf23b
*** SHOWDOWN ***
527cf23b collected $0.1 from pot
*** SUMMARY ***
Total pot $0.1 | Rake $0 | Jackpot $0 | Bingo $0 | Fortune $0 | Tax $0
Seat 1: 40d56d9e (big blind) folded before Flop
Seat 2: 25330016 folded before Flop (didn't bet)
Seat 3: Hero folded before Flop (didn't bet)
Seat 4: 66c990e9 folded before Flop (didn't bet)
Seat 5: 85c3468b (button) folded before Flop (didn't bet)
Seat 6: 527cf23b (small blind) collected ($0.1)


Poker Hand #HD1731591517: Hold'em No Limit ($0.02/$0.05) - 2024/04/15 17:38:22
Table 'NLHBlue31' 6-max Seat #4 is the button
Seat 1: 40d56d9e ($5.5 in chips)
Seat 2: 25330016 ($8.44 in chips)
Seat 3: Hero ($5.93 in chips)
Seat 4: 66c990e9 ($5 in chips)
Seat 5: 85c3468b ($4.11 in chips)
Seat 6: 527cf23b ($9.62 in chips)
85c3468b: posts small blind $0.02
527cf23b: posts big blind $0.05
*** HOLE CARDS ***
Dealt to 40d56d9e 
Dealt to 25330016 
Dealt to Hero [4h 4d]
Dealt to 66c990e9 
Dealt to 85c3468b 
Dealt to 527cf23b 
40d56d9e: folds
25330016: folds
Hero: raises $0.07 to $0.12
66c990e9: folds
85c3468b: raises $0.07 to $0.19
527cf23b: folds
Hero: calls $0.07
*** FLOP *** [7c 2d 6c]
85c3468b: bets $0.05
Hero: folds
Uncalled bet ($0.05) returned to 85c3468b
*** SHOWDOWN ***
85c3468b collected $0.41 from pot
*** SUMMARY ***
Total pot $0.43 | Rake $0.02 | Jackpot $0 | Bingo $0 | Fortune $0 | Tax $0
Board [7c 2d 6c]
Seat 1: 40d56d9e folded before Flop (didn't bet)
Seat 2: 25330016 folded before Flop (didn't bet)
Seat 3: Hero folded on the Flop
Seat 4: 66c990e9 (button) folded before Flop (didn't bet)
Seat 5: 85c3468b (small blind) won ($0.41)
Seat 6: 527cf23b (big blind) folded before Flop


Poker Hand #HD1731591346: Hold'em No Limit ($0.02/$0.05) - 2024/04/15 17:37:18
Table 'NLHBlue31' 6-max Seat #3 is the button
Seat 1: 40d56d9e ($5.5 in chips)
Seat 2: 25330016 ($8.44 in chips)
Seat 3: Hero ($5.05 in chips)
Seat 4: 66c990e9 ($5 in chips)
Seat 5: 85c3468b ($5.11 in chips)
Seat 6: 527cf23b ($9.62 in chips)
66c990e9: posts small blind $0.02
85c3468b: posts big blind $0.05
*** HOLE CARDS ***
Dealt to 40d56d9e 
Dealt to 25330016 
Dealt to Hero [Jh Th]
Dealt to 66c990e9 
Dealt to 85c3468b 
Dealt to 527cf23b 
527cf23b: folds
40d56d9e: folds
25330016: folds
Hero: raises $0.07 to $0.12
66c990e9: folds
85c3468b: raises $0.38 to $0.5
Hero: calls $0.38
*** FLOP *** [9h 5s 3s]
85c3468b: checks
Hero: checks
*** TURN *** [9h 5s 3s] [As]
85c3468b: checks
Hero: bets $0.5
85c3468b: calls $0.5
*** RIVER *** [9h 5s 3s As] [4s]
85c3468b: checks
Hero: bets $1.34
85c3468b: folds
Uncalled bet ($1.34) returned to Hero
*** SHOWDOWN ***
Hero collected $1.88 from pot
*** SUMMARY ***
Total pot $2.02 | Rake $0.09 | Jackpot $0.05 | Bingo $0 | Fortune $0 | Tax $0
Board [9h 5s 3s As 4s]
Seat 1: 40d56d9e folded before Flop (didn't bet)
Seat 2: 25330016 folded before Flop (didn't bet)
Seat 3: Hero (button) won ($1.88)
Seat 4: 66c990e9 (small blind) folded before Flop
Seat 5: 85c3468b (big blind) folded on the River
Seat 6: 527cf23b folded before Flop (didn't bet)


Poker Hand #HD1731591261: Hold'em No Limit ($0.02/$0.05) - 2024/04/15 17:36:50
Table 'NLHBlue31' 6-max Seat #2 is the button
Seat 1: 40d56d9e ($5.5 in chips)
Seat 2: 25330016 ($8.44 in chips)
Seat 3: Hero ($5.07 in chips)
Seat 4: 66c990e9 ($5 in chips)
Seat 5: 85c3468b ($5.04 in chips)
Seat 6: 527cf23b ($9.62 in chips)
Hero: posts small blind $0.02
66c990e9: posts big blind $0.05
*** HOLE CARDS ***
Dealt to 40d56d9e 
Dealt to 25330016 
Dealt to Hero [3h Jh]
Dealt to 66c990e9 
Dealt to 85c3468b 
Dealt to 527cf23b 
85c3468b: raises $0.05 to $0.1
527cf23b: folds
40d56d9e: folds
25330016: folds
Hero: folds
66c990e9: folds
Uncalled bet ($0.05) returned to 85c3468b
*** SHOWDOWN ***
85c3468b collected $0.12 from pot
*** SUMMARY ***
Total pot $0.12 | Rake $0 | Jackpot $0 | Bingo $0 | Fortune $0 | Tax $0
Seat 1: 40d56d9e folded before Flop (didn't bet)
Seat 2: 25330016 (button) folded before Flop (didn't bet)
Seat 3: Hero (small blind) folded before Flop
Seat 4: 66c990e9 (big blind) folded before Flop
Seat 5: 85c3468b collected ($0.12)
Seat 6: 527cf23b folded before Flop (didn't bet)


Poker Hand #HD1731591173: Hold'em No Limit ($0.02/$0.05) - 2024/04/15 17:36:17
Table 'NLHBlue31' 6-max Seat #1 is the button
Seat 1: 40d56d9e ($5.5 in chips)
Seat 2: 25330016 ($8.46 in chips)
Seat 3: Hero ($5 in chips)
Seat 5: 85c3468b ($5.09 in chips)
Seat 6: 527cf23b ($9.62 in chips)
25330016: posts small blind $0.02
Hero: posts big blind $0.05
*** HOLE CARDS ***
Dealt to 40d56d9e 
Dealt to 25330016 
Dealt to Hero [7c Qs]
Dealt to 85c3468b 
Dealt to 527cf23b 
85c3468b: calls $0.05
527cf23b: folds
40d56d9e: folds
25330016: folds
Hero: checks
*** FLOP *** [2s 9h 9s]
Hero: checks
85c3468b: checks
*** TURN *** [2s 9h 9s] [4c]
Hero: checks
85c3468b: checks
*** RIVER *** [2s 9h 9s 4c] [Kh]
Hero: checks
85c3468b: checks
Hero: shows [7c Qs] (Pair of Nines)
85c3468b: shows [7d 8h] (Pair of Nines)
*** SHOWDOWN ***
Hero collected $0.12 from pot
*** SUMMARY ***
Total pot $0.12 | Rake $0 | Jackpot $0 | Bingo $0 | Fortune $0 | Tax $0
Board [2s 9h 9s 4c Kh]
Seat 1: 40d56d9e (button) folded before Flop (didn't bet)
Seat 2: 25330016 (small blind) folded before Flop
Seat 3: Hero (big blind) showed [7c Qs] and won ($0.12) with Pair of Nines
Seat 5: 85c3468b showed [7d 8h] and lost with Pair of Nines
Seat 6: 527cf23b folded before Flop (didn't bet)


