Poker Hand #HD1778140954: Hold'em No Limit ($0.05/$0.1) - 2024/05/18 19:06:54
Table 'NLHRed22' 6-max Seat #4 is the button
Seat 1: d0d22e8 ($24.97 in chips)
Seat 2: e70ba388 ($12.82 in chips)
Seat 4: Hero ($10 in chips)
Seat 5: 9b1d9157 ($10 in chips)
Seat 6: 9e13149d ($10 in chips)
9b1d9157: posts small blind $0.05
9e13149d: posts big blind $0.1
*** HOLE CARDS ***
Dealt to d0d22e8 
Dealt to e70ba388 
Dealt to Hero [Kc Ts]
Dealt to 9b1d9157 
Dealt to 9e13149d 
d0d22e8: raises $0.12 to $0.22
e70ba388: folds
Hero: folds
9b1d9157: calls $0.17
9e13149d: raises $0.12 to $0.34
d0d22e8: calls $0.12
9b1d9157: calls $0.12
*** FLOP *** [Qs 6s 9c]
9b1d9157: checks
9e13149d: checks
d0d22e8: bets $0.51
9b1d9157: folds
9e13149d: calls $0.51
*** TURN *** [Qs 6s 9c] [7c]
9e13149d: checks
d0d22e8: checks
*** RIVER *** [Qs 6s 9c 7c] [3c]
9e13149d: bets $0.68
d0d22e8: calls $0.68
9e13149d: shows [Td Tc] (Pair of Tens)
d0d22e8: shows [Qd Ks] (Pair of Queens)
*** SHOWDOWN ***
d0d22e8 collected $3.14 from pot
*** SUMMARY ***
Total pot $3.4 | Rake $0.16 | Jackpot $0.1 | Bingo $0 | Fortune $0 | Tax $0
Board [Qs 6s 9c 7c 3c]
Seat 1: d0d22e8 showed [Qd Ks] and won ($3.14) with Pair of Queens
Seat 2: e70ba388 folded before Flop (didn't bet)
Seat 4: Hero (button) folded before Flop (didn't bet)
Seat 5: 9b1d9157 (small blind) folded on the Flop
Seat 6: 9e13149d (big blind) showed [Td Tc] and lost with Pair of Tens


Poker Hand #HD1778140913: Hold'em No Limit ($0.05/$0.1) - 2024/05/18 19:06:32
Table 'NLHRed22' 6-max Seat #3 is the button
Seat 1: d0d22e8 ($24.97 in chips)
Seat 2: e70ba388 ($12.67 in chips)
Seat 3: 20899713 ($10.93 in chips)
Seat 4: Hero ($10 in chips)
Seat 5: 9b1d9157 ($10.06 in chips)
Hero: posts small blind $0.05
9b1d9157: posts big blind $0.1
*** HOLE CARDS ***
Dealt to d0d22e8 
Dealt to e70ba388 
Dealt to 20899713 
Dealt to Hero [2h 5d]
Dealt to 9b1d9157 
d0d22e8: folds
e70ba388: raises $0.13 to $0.23
20899713: folds
Hero: folds
9b1d9157: folds
Uncalled bet ($0.13) returned to e70ba388
*** SHOWDOWN ***
e70ba388 collected $0.25 from pot
*** SUMMARY ***
Total pot $0.25 | Rake $0 | Jackpot $0 | Bingo $0 | Fortune $0 | Tax $0
Seat 1: d0d22e8 folded before Flop (didn't bet)
Seat 2: e70ba388 collected ($0.25)
Seat 3: 20899713 (button) folded before Flop (didn't bet)
Seat 4: Hero (small blind) folded before Flop
Seat 5: 9b1d9157 (big blind) folded before Flop


Poker Hand #HD1778140877: Hold'em No Limit ($0.05/$0.1) - 2024/05/18 19:06:16
Table 'NLHRed22' 6-max Seat #2 is the button
Seat 1: d0d22e8 ($24.97 in chips)
Seat 2: e70ba388 ($12.52 in chips)
Seat 3: 20899713 ($10.98 in chips)
Seat 4: Hero ($10 in chips)
Seat 5: 9b1d9157 ($10.06 in chips)
20899713: posts small blind $0.05
Hero: posts big blind $0.1
*** HOLE CARDS ***
Dealt to d0d22e8 
Dealt to e70ba388 
Dealt to 20899713 
Dealt to Hero [5h 3s]
Dealt to 9b1d9157 
9b1d9157: folds
d0d22e8: folds
e70ba388: raises $0.15 to $0.25
20899713: folds
Hero: folds
Uncalled bet ($0.15) returned to e70ba388
*** SHOWDOWN ***
e70ba388 collected $0.25 from pot
*** SUMMARY ***
Total pot $0.25 | Rake $0 | Jackpot $0 | Bingo $0 | Fortune $0 | Tax $0
Seat 1: d0d22e8 folded before Flop (didn't bet)
Seat 2: e70ba388 (button) collected ($0.25)
Seat 3: 20899713 (small blind) folded before Flop
Seat 4: Hero (big blind) folded before Flop
Seat 5: 9b1d9157 folded before Flop (didn't bet)


Poker Hand #HD1778140824: Hold'em No Limit ($0.05/$0.1) - 2024/05/18 19:05:47
Table 'NLHRed22' 6-max Seat #1 is the button
Seat 1: d0d22e8 ($24.72 in chips)
Seat 2: e70ba388 ($12.57 in chips)
Seat 3: 20899713 ($11.2 in chips)
Seat 4: Hero ($10 in chips)
Seat 5: 9b1d9157 ($10.06 in chips)
e70ba388: posts small blind $0.05
20899713: posts big blind $0.1
*** HOLE CARDS ***
Dealt to d0d22e8 
Dealt to e70ba388 
Dealt to 20899713 
Dealt to Hero [9s 7s]
Dealt to 9b1d9157 
Hero: folds
9b1d9157: folds
d0d22e8: raises $0.12 to $0.22
e70ba388: folds
20899713: calls $0.12
*** FLOP *** [Tc 6c 4c]
20899713: checks
d0d22e8: bets $0.17
20899713: folds
Uncalled bet ($0.17) returned to d0d22e8
*** SHOWDOWN ***
d0d22e8 collected $0.47 from pot
*** SUMMARY ***
Total pot $0.49 | Rake $0.02 | Jackpot $0 | Bingo $0 | Fortune $0 | Tax $0
Board [Tc 6c 4c]
Seat 1: d0d22e8 (button) won ($0.47)
Seat 2: e70ba388 (small blind) folded before Flop
Seat 3: 20899713 (big blind) folded on the Flop
Seat 4: Hero folded before Flop (didn't bet)
Seat 5: 9b1d9157 folded before Flop (didn't bet)


Poker Hand #HD1778140648: Hold'em No Limit ($0.05/$0.1) - 2024/05/18 19:04:15
Table 'NLHRed22' 6-max Seat #6 is the button
Seat 1: d0d22e8 ($21.21 in chips)
Seat 2: e70ba388 ($12.67 in chips)
Seat 3: 20899713 ($11.2 in chips)
Seat 4: Hero ($10 in chips)
Seat 5: 9b1d9157 ($10.06 in chips)
Seat 6: 83030a49 ($3.68 in chips)
d0d22e8: posts small blind $0.05
e70ba388: posts big blind $0.1
*** HOLE CARDS ***
Dealt to d0d22e8 
Dealt to e70ba388 
Dealt to 20899713 
Dealt to Hero [Qs Kd]
Dealt to 9b1d9157 
Dealt to 83030a49 
20899713: folds
Hero: raises $0.1 to $0.2
9b1d9157: folds
83030a49: calls $0.2
d0d22e8: raises $0.9 to $1.1
e70ba388: folds
Hero: folds
83030a49: calls $0.9
*** FLOP *** [9h 6c Th]
d0d22e8: bets $0.83
83030a49: raises $1.75 to $2.58 and is all-in
d0d22e8: calls $1.75
83030a49: shows [5d Ah] (Ace-High)
d0d22e8: shows [Jh Ac] (Ace-High)
*** TURN *** [9h 6c Th] [7h]
*** RIVER *** [9h 6c Th 7h] [Qd]
*** SHOWDOWN ***
d0d22e8 collected $7.19 from pot
*** SUMMARY ***
Total pot $7.66 | Rake $0.37 | Jackpot $0.1 | Bingo $0 | Fortune $0 | Tax $0
Board [9h 6c Th 7h Qd]
Seat 1: d0d22e8 (small blind) showed [Jh Ac] and won ($7.19) with Ace-High
Seat 2: e70ba388 (big blind) folded before Flop
Seat 3: 20899713 folded before Flop (didn't bet)
Seat 4: Hero folded before Flop
Seat 5: 9b1d9157 folded before Flop (didn't bet)
Seat 6: 83030a49 (button) showed [5d Ah] and lost with Ace-High


Poker Hand #HD1778140556: Hold'em No Limit ($0.05/$0.1) - 2024/05/18 19:03:29
Table 'NLHRed22' 6-max Seat #5 is the button
Seat 1: d0d22e8 ($21.31 in chips)
Seat 2: e70ba388 ($11.85 in chips)
Seat 3: 20899713 ($11.2 in chips)
Seat 4: Hero ($10 in chips)
Seat 5: 9b1d9157 ($10.81 in chips)
Seat 6: 83030a49 ($3.73 in chips)
83030a49: posts small blind $0.05
d0d22e8: posts big blind $0.1
*** HOLE CARDS ***
Dealt to d0d22e8 
Dealt to e70ba388 
Dealt to 20899713 
Dealt to Hero [Qd 5s]
Dealt to 9b1d9157 
Dealt to 83030a49 
e70ba388: raises $0.1 to $0.2
20899713: folds
Hero: folds
9b1d9157: raises $0.55 to $0.75
83030a49: folds
d0d22e8: folds
e70ba388: raises $1.35 to $2.1
9b1d9157: folds
Uncalled bet ($1.35) returned to e70ba388
*** SHOWDOWN ***
e70ba388 collected $1.57 from pot
*** SUMMARY ***
Total pot $1.65 | Rake $0.08 | Jackpot $0 | Bingo $0 | Fortune $0 | Tax $0
Seat 1: d0d22e8 (big blind) folded before Flop
Seat 2: e70ba388 collected ($1.57)
Seat 3: 20899713 folded before Flop (didn't bet)
Seat 4: Hero folded before Flop (didn't bet)
Seat 5: 9b1d9157 (button) folded before Flop
Seat 6: 83030a49 (small blind) folded before Flop


Poker Hand #HD1778140453: Hold'em No Limit ($0.05/$0.1) - 2024/05/18 19:02:33
Table 'NLHRed22' 6-max Seat #4 is the button
Seat 1: d0d22e8 ($21.53 in chips)
Seat 2: e70ba388 ($11.85 in chips)
Seat 3: 20899713 ($11.2 in chips)
Seat 4: Hero ($10 in chips)
Seat 5: 9b1d9157 ($10.4 in chips)
Seat 6: 83030a49 ($3.95 in chips)
9b1d9157: posts small blind $0.05
83030a49: posts big blind $0.1
*** HOLE CARDS ***
Dealt to d0d22e8 
Dealt to e70ba388 
Dealt to 20899713 
Dealt to Hero [6c 9c]
Dealt to 9b1d9157 
Dealt to 83030a49 
d0d22e8: raises $0.12 to $0.22
e70ba388: folds
20899713: folds
Hero: folds
9b1d9157: calls $0.17
83030a49: calls $0.12
*** FLOP *** [3c 5d Qs]
9b1d9157: checks
83030a49: checks
d0d22e8: checks
*** TURN *** [3c 5d Qs] [Td]
9b1d9157: bets $0.17
83030a49: folds
d0d22e8: folds
Uncalled bet ($0.17) returned to 9b1d9157
*** SHOWDOWN ***
9b1d9157 collected $0.63 from pot
*** SUMMARY ***
Total pot $0.66 | Rake $0.03 | Jackpot $0 | Bingo $0 | Fortune $0 | Tax $0
Board [3c 5d Qs Td]
Seat 1: d0d22e8 folded on the Turn
Seat 2: e70ba388 folded before Flop (didn't bet)
Seat 3: 20899713 folded before Flop (didn't bet)
Seat 4: Hero (button) folded before Flop (didn't bet)
Seat 5: 9b1d9157 (small blind) won ($0.63)
Seat 6: 83030a49 (big blind) folded on the Turn


Poker Hand #HD1778140384: Hold'em No Limit ($0.05/$0.1) - 2024/05/18 19:01:59
Table 'NLHRed22' 6-max Seat #3 is the button
Seat 1: d0d22e8 ($21.53 in chips)
Seat 2: e70ba388 ($11.85 in chips)
Seat 3: 20899713 ($10.88 in chips)
Seat 4: Hero ($10.03 in chips)
Seat 5: 9b1d9157 ($10.65 in chips)
Seat 6: 83030a49 ($4 in chips)
Hero: posts small blind $0.05
9b1d9157: posts big blind $0.1
83030a49: posts missed blind $0.05
*** HOLE CARDS ***
Dealt to d0d22e8 
Dealt to e70ba388 
Dealt to 20899713 
Dealt to Hero [5h 8s]
Dealt to 9b1d9157 
Dealt to 83030a49 
83030a49: folds
d0d22e8: folds
e70ba388: folds
20899713: raises $0.15 to $0.25
Hero: folds
9b1d9157: calls $0.15
*** FLOP *** [Th 9d 8h]
9b1d9157: checks
20899713: bets $0.3
9b1d9157: folds
Uncalled bet ($0.3) returned to 20899713
*** SHOWDOWN ***
20899713 collected $0.57 from pot
*** SUMMARY ***
Total pot $0.6 | Rake $0.03 | Jackpot $0 | Bingo $0 | Fortune $0 | Tax $0
Board [Th 9d 8h]
Seat 1: d0d22e8 folded before Flop (didn't bet)
Seat 2: e70ba388 folded before Flop (didn't bet)
Seat 3: 20899713 (button) won ($0.57)
Seat 4: Hero (small blind) folded before Flop
Seat 5: 9b1d9157 (big blind) folded on the Flop
Seat 6: 83030a49 folded before Flop


Poker Hand #HD1778140362: Hold'em No Limit ($0.05/$0.1) - 2024/05/18 19:01:47
Table 'NLHRed22' 6-max Seat #2 is the button
Seat 1: d0d22e8 ($21.38 in chips)
Seat 2: e70ba388 ($11.85 in chips)
Seat 3: 20899713 ($10.93 in chips)
Seat 4: Hero ($10.13 in chips)
Seat 5: 9b1d9157 ($10.65 in chips)
20899713: posts small blind $0.05
Hero: posts big blind $0.1
*** HOLE CARDS ***
Dealt to d0d22e8 
Dealt to e70ba388 
Dealt to 20899713 
Dealt to Hero [Jd 5c]
Dealt to 9b1d9157 
9b1d9157: folds
d0d22e8: raises $0.12 to $0.22
e70ba388: folds
20899713: folds
Hero: folds
Uncalled bet ($0.12) returned to d0d22e8
*** SHOWDOWN ***
d0d22e8 collected $0.25 from pot
*** SUMMARY ***
Total pot $0.25 | Rake $0 | Jackpot $0 | Bingo $0 | Fortune $0 | Tax $0
Seat 1: d0d22e8 collected ($0.25)
Seat 2: e70ba388 (button) folded before Flop (didn't bet)
Seat 3: 20899713 (small blind) folded before Flop
Seat 4: Hero (big blind) folded before Flop
Seat 5: 9b1d9157 folded before Flop (didn't bet)


Poker Hand #HD1778140311: Hold'em No Limit ($0.05/$0.1) - 2024/05/18 19:01:27
Table 'NLHRed22' 6-max Seat #1 is the button
Seat 1: d0d22e8 ($21.38 in chips)
Seat 2: e70ba388 ($11.9 in chips)
Seat 3: 20899713 ($10.7 in chips)
Seat 4: Hero ($10.13 in chips)
Seat 5: 9b1d9157 ($10.85 in chips)
e70ba388: posts small blind $0.05
20899713: posts big blind $0.1
*** HOLE CARDS ***
Dealt to d0d22e8 
Dealt to e70ba388 
Dealt to 20899713 
Dealt to Hero [3d 8c]
Dealt to 9b1d9157 
Hero: folds
9b1d9157: raises $0.1 to $0.2
d0d22e8: folds
e70ba388: folds
20899713: raises $0.87 to $1.07
9b1d9157: folds
Uncalled bet ($0.87) returned to 20899713
*** SHOWDOWN ***
20899713 collected $0.43 from pot
*** SUMMARY ***
Total pot $0.45 | Rake $0.02 | Jackpot $0 | Bingo $0 | Fortune $0 | Tax $0
Seat 1: d0d22e8 (button) folded before Flop (didn't bet)
Seat 2: e70ba388 (small blind) folded before Flop
Seat 3: 20899713 (big blind) collected ($0.43)
Seat 4: Hero folded before Flop (didn't bet)
Seat 5: 9b1d9157 folded before Flop


Poker Hand #HD1778140288: Hold'em No Limit ($0.05/$0.1) - 2024/05/18 19:01:15
Table 'NLHRed22' 6-max Seat #5 is the button
Seat 1: d0d22e8 ($21.43 in chips)
Seat 2: e70ba388 ($11.85 in chips)
Seat 3: 20899713 ($10.7 in chips)
Seat 4: Hero ($10.13 in chips)
Seat 5: 9b1d9157 ($10.85 in chips)
d0d22e8: posts small blind $0.05
e70ba388: posts big blind $0.1
*** HOLE CARDS ***
Dealt to d0d22e8 
Dealt to e70ba388 
Dealt to 20899713 
Dealt to Hero [3h Js]
Dealt to 9b1d9157 
20899713: folds
Hero: folds
9b1d9157: folds
d0d22e8: folds
Uncalled bet ($0.05) returned to e70ba388
*** SHOWDOWN ***
e70ba388 collected $0.1 from pot
*** SUMMARY ***
Total pot $0.1 | Rake $0 | Jackpot $0 | Bingo $0 | Fortune $0 | Tax $0
Seat 1: d0d22e8 (small blind) folded before Flop
Seat 2: e70ba388 (big blind) collected ($0.1)
Seat 3: 20899713 folded before Flop (didn't bet)
Seat 4: Hero folded before Flop (didn't bet)
Seat 5: 9b1d9157 (button) folded before Flop (didn't bet)


Poker Hand #HD1778140195: Hold'em No Limit ($0.05/$0.1) - 2024/05/18 19:00:19
Table 'NLHRed22' 6-max Seat #4 is the button
Seat 1: d0d22e8 ($18.07 in chips)
Seat 2: e70ba388 ($11.85 in chips)
Seat 3: 20899713 ($10.7 in chips)
Seat 4: Hero ($10.13 in chips)
Seat 5: 9b1d9157 ($10.9 in chips)
Seat 6: 83030a49 ($3.77 in chips)
9b1d9157: posts small blind $0.05
83030a49: posts big blind $0.1
*** HOLE CARDS ***
Dealt to d0d22e8 
Dealt to e70ba388 
Dealt to 20899713 
Dealt to Hero [Jc Qh]
Dealt to 9b1d9157 
Dealt to 83030a49 
d0d22e8: raises $0.12 to $0.22
e70ba388: folds
20899713: folds
Hero: folds
9b1d9157: folds
83030a49: calls $0.12
*** FLOP *** [5h Ts 7c]
83030a49: bets $0.37
d0d22e8: raises $0.93 to $1.3
83030a49: calls $0.93
*** TURN *** [5h Ts 7c] [3c]
83030a49: checks
d0d22e8: bets $16.55 and is all-in
83030a49: calls $2.25 and is all-in
Uncalled bet ($14.3) returned to d0d22e8
d0d22e8: shows [Qc Qs] (Pair of Queens)
83030a49: shows [Ks Th] (Pair of Tens)
*** FIRST RIVER *** [5h Ts 7c 3c] [4d]
*** SECOND RIVER *** [5h Ts 7c 3c] [Qd]
*** FIRST SHOWDOWN ***
d0d22e8 collected $3.57 from pot
*** SECOND SHOWDOWN ***
d0d22e8 collected $3.56 from pot
*** SUMMARY ***
Total pot $7.59 | Rake $0.36 | Jackpot $0.1 | Bingo $0 | Fortune $0 | Tax $0
Hand was run two times
FIRST Board [5h Ts 7c 3c 4d]
SECOND Board [Qd]
Seat 1: d0d22e8 showed [Qc Qs] and won ($3.57) with Pair of Queens, and won ($3.56)
Seat 2: e70ba388 folded before Flop (didn't bet)
Seat 3: 20899713 folded before Flop (didn't bet)
Seat 4: Hero (button) folded before Flop (didn't bet)
Seat 5: 9b1d9157 (small blind) folded before Flop
Seat 6: 83030a49 (big blind) showed [Ks Th] and lost with Pair of Tens, and lost


Poker Hand #HD1778140113: Hold'em No Limit ($0.05/$0.1) - 2024/05/18 18:59:35
Table 'NLHRed22' 6-max Seat #3 is the button
Seat 1: d0d22e8 ($18.07 in chips)
Seat 2: e70ba388 ($11.85 in chips)
Seat 3: 20899713 ($10 in chips)
Seat 4: Hero ($10.18 in chips)
Seat 5: 9b1d9157 ($11 in chips)
Seat 6: 83030a49 ($4.39 in chips)
Hero: posts small blind $0.05
9b1d9157: posts big blind $0.1
*** HOLE CARDS ***
Dealt to d0d22e8 
Dealt to e70ba388 
Dealt to 20899713 
Dealt to Hero [Tc Ah]
Dealt to 9b1d9157 
Dealt to 83030a49 
83030a49: raises $0.1 to $0.2
d0d22e8: folds
e70ba388: folds
20899713: raises $0.42 to $0.62
Hero: folds
9b1d9157: folds
83030a49: calls $0.42
*** FLOP *** [7s Ts Th]
83030a49: checks
20899713: bets $0.46
83030a49: folds
Uncalled bet ($0.46) returned to 20899713
*** SHOWDOWN ***
20899713 collected $1.32 from pot
*** SUMMARY ***
Total pot $1.39 | Rake $0.07 | Jackpot $0 | Bingo $0 | Fortune $0 | Tax $0
Board [7s Ts Th]
Seat 1: d0d22e8 folded before Flop (didn't bet)
Seat 2: e70ba388 folded before Flop (didn't bet)
Seat 3: 20899713 (button) won ($1.32)
Seat 4: Hero (small blind) folded before Flop
Seat 5: 9b1d9157 (big blind) folded before Flop
Seat 6: 83030a49 folded on the Flop


Poker Hand #HD1778139980: Hold'em No Limit ($0.05/$0.1) - 2024/05/18 18:58:29
Table 'NLHRed22' 6-max Seat #2 is the button
Seat 1: d0d22e8 ($16.22 in chips)
Seat 2: e70ba388 ($11.85 in chips)
Seat 3: 20899713 ($10.05 in chips)
Seat 4: Hero ($10.28 in chips)
Seat 5: 9b1d9157 ($11 in chips)
Seat 6: 83030a49 ($4.39 in chips)
20899713: posts small blind $0.05
Hero: posts big blind $0.1
*** HOLE CARDS ***
Dealt to d0d22e8 
Dealt to e70ba388 
Dealt to 20899713 
Dealt to Hero [Jd 8c]
Dealt to 9b1d9157 
Dealt to 83030a49 
9b1d9157: folds
83030a49: folds
d0d22e8: raises $0.12 to $0.22
e70ba388: folds
20899713: raises $0.78 to $1
Hero: folds
d0d22e8: calls $0.78
*** FLOP *** [6d Js 3h]
20899713: checks
d0d22e8: bets $1.05
20899713: calls $1.05
*** TURN *** [6d Js 3h] [Qh]
20899713: checks
d0d22e8: checks
*** RIVER *** [6d Js 3h Qh] [Tc]
20899713: checks
d0d22e8: checks
20899713: shows [9d 9h] (Pair of Nines)
d0d22e8: shows [Jc Ac] (Pair of Jacks)
*** SHOWDOWN ***
d0d22e8 collected $3.9 from pot
*** SUMMARY ***
Total pot $4.2 | Rake $0.2 | Jackpot $0.1 | Bingo $0 | Fortune $0 | Tax $0
Board [6d Js 3h Qh Tc]
Seat 1: d0d22e8 showed [Jc Ac] and won ($3.9) with Pair of Jacks
Seat 2: e70ba388 (button) folded before Flop (didn't bet)
Seat 3: 20899713 (small blind) showed [9d 9h] and lost with Pair of Nines
Seat 4: Hero (big blind) folded before Flop
Seat 5: 9b1d9157 folded before Flop (didn't bet)
Seat 6: 83030a49 folded before Flop (didn't bet)


Poker Hand #HD1778139936: Hold'em No Limit ($0.05/$0.1) - 2024/05/18 18:58:05
Table 'NLHRed22' 6-max Seat #1 is the button
Seat 1: d0d22e8 ($16.22 in chips)
Seat 2: e70ba388 ($11.9 in chips)
Seat 3: 20899713 ($10 in chips)
Seat 4: Hero ($10.28 in chips)
Seat 5: 9b1d9157 ($11 in chips)
Seat 6: 83030a49 ($4.39 in chips)
e70ba388: posts small blind $0.05
20899713: posts big blind $0.1
*** HOLE CARDS ***
Dealt to d0d22e8 
Dealt to e70ba388 
Dealt to 20899713 
Dealt to Hero [Tc 5d]
Dealt to 9b1d9157 
Dealt to 83030a49 
Hero: folds
9b1d9157: folds
83030a49: folds
d0d22e8: folds
e70ba388: folds
Uncalled bet ($0.05) returned to 20899713
*** SHOWDOWN ***
20899713 collected $0.1 from pot
*** SUMMARY ***
Total pot $0.1 | Rake $0 | Jackpot $0 | Bingo $0 | Fortune $0 | Tax $0
Seat 1: d0d22e8 (button) folded before Flop (didn't bet)
Seat 2: e70ba388 (small blind) folded before Flop
Seat 3: 20899713 (big blind) collected ($0.1)
Seat 4: Hero folded before Flop (didn't bet)
Seat 5: 9b1d9157 folded before Flop (didn't bet)
Seat 6: 83030a49 folded before Flop (didn't bet)


Poker Hand #HD1778139828: Hold'em No Limit ($0.05/$0.1) - 2024/05/18 18:57:10
Table 'NLHRed22' 6-max Seat #6 is the button
Seat 1: d0d22e8 ($16.27 in chips)
Seat 2: e70ba388 ($12.2 in chips)
Seat 3: 20899713 ($10 in chips)
Seat 4: Hero ($10.28 in chips)
Seat 5: 9b1d9157 ($11 in chips)
Seat 6: 83030a49 ($4.07 in chips)
d0d22e8: posts small blind $0.05
e70ba388: posts big blind $0.1
*** HOLE CARDS ***
Dealt to d0d22e8 
Dealt to e70ba388 
Dealt to 20899713 
Dealt to Hero [7c 2s]
Dealt to 9b1d9157 
Dealt to 83030a49 
20899713: folds
Hero: folds
9b1d9157: folds
83030a49: raises $0.1 to $0.2
d0d22e8: folds
e70ba388: calls $0.1
*** FLOP *** [Ac Td 7h]
e70ba388: checks
83030a49: checks
*** TURN *** [Ac Td 7h] [5d]
e70ba388: checks
83030a49: bets $0.1
e70ba388: calls $0.1
*** RIVER *** [Ac Td 7h 5d] [2d]
e70ba388: checks
83030a49: checks
e70ba388: shows [8c 8d] (Pair of Eights)
83030a49: shows [Js Ts] (Pair of Tens)
*** SHOWDOWN ***
83030a49 collected $0.62 from pot
*** SUMMARY ***
Total pot $0.65 | Rake $0.03 | Jackpot $0 | Bingo $0 | Fortune $0 | Tax $0
Board [Ac Td 7h 5d 2d]
Seat 1: d0d22e8 (small blind) folded before Flop
Seat 2: e70ba388 (big blind) showed [8c 8d] and lost with Pair of Eights
Seat 3: 20899713 folded before Flop (didn't bet)
Seat 4: Hero folded before Flop (didn't bet)
Seat 5: 9b1d9157 folded before Flop (didn't bet)
Seat 6: 83030a49 (button) showed [Js Ts] and won ($0.62) with Pair of Tens


Poker Hand #HD1778139779: Hold'em No Limit ($0.05/$0.1) - 2024/05/18 18:56:41
Table 'NLHRed22' 6-max Seat #5 is the button
Seat 1: d0d22e8 ($16.17 in chips)
Seat 2: e70ba388 ($12.2 in chips)
Seat 3: 20899713 ($10 in chips)
Seat 4: Hero ($10.28 in chips)
Seat 5: 9b1d9157 ($11 in chips)
Seat 6: 83030a49 ($4.17 in chips)
83030a49: posts small blind $0.05
d0d22e8: posts big blind $0.1
*** HOLE CARDS ***
Dealt to d0d22e8 
Dealt to e70ba388 
Dealt to 20899713 
Dealt to Hero [5h Kh]
Dealt to 9b1d9157 
Dealt to 83030a49 
e70ba388: folds
20899713: folds
Hero: folds
9b1d9157: folds
83030a49: calls $0.05
d0d22e8: raises $0.29 to $0.39
83030a49: folds
Uncalled bet ($0.29) returned to d0d22e8
*** SHOWDOWN ***
d0d22e8 collected $0.2 from pot
*** SUMMARY ***
Total pot $0.2 | Rake $0 | Jackpot $0 | Bingo $0 | Fortune $0 | Tax $0
Seat 1: d0d22e8 (big blind) collected ($0.2)
Seat 2: e70ba388 folded before Flop (didn't bet)
Seat 3: 20899713 folded before Flop (didn't bet)
Seat 4: Hero folded before Flop (didn't bet)
Seat 5: 9b1d9157 (button) folded before Flop (didn't bet)
Seat 6: 83030a49 (small blind) folded before Flop


Poker Hand #HD1778139748: Hold'em No Limit ($0.05/$0.1) - 2024/05/18 18:56:26
Table 'NLHRed22' 6-max Seat #4 is the button
Seat 1: d0d22e8 ($16.17 in chips)
Seat 2: e70ba388 ($12.2 in chips)
Seat 3: 20899713 ($10 in chips)
Seat 4: Hero ($10.28 in chips)
Seat 5: 9b1d9157 ($11.05 in chips)
Seat 6: 83030a49 ($4.12 in chips)
9b1d9157: posts small blind $0.05
83030a49: posts big blind $0.1
*** HOLE CARDS ***
Dealt to d0d22e8 
Dealt to e70ba388 
Dealt to 20899713 
Dealt to Hero [Jc 4h]
Dealt to 9b1d9157 
Dealt to 83030a49 
d0d22e8: folds
e70ba388: folds
20899713: folds
Hero: folds
9b1d9157: folds
Uncalled bet ($0.05) returned to 83030a49
*** SHOWDOWN ***
83030a49 collected $0.1 from pot
*** SUMMARY ***
Total pot $0.1 | Rake $0 | Jackpot $0 | Bingo $0 | Fortune $0 | Tax $0
Seat 1: d0d22e8 folded before Flop (didn't bet)
Seat 2: e70ba388 folded before Flop (didn't bet)
Seat 3: 20899713 folded before Flop (didn't bet)
Seat 4: Hero (button) folded before Flop (didn't bet)
Seat 5: 9b1d9157 (small blind) folded before Flop
Seat 6: 83030a49 (big blind) collected ($0.1)


Poker Hand #HD1778139661: Hold'em No Limit ($0.05/$0.1) - 2024/05/18 18:55:41
Table 'NLHRed22' 6-max Seat #3 is the button
Seat 1: d0d22e8 ($16.17 in chips)
Seat 2: e70ba388 ($12.2 in chips)
Seat 3: 20899713 ($10.3 in chips)
Seat 4: Hero ($10.33 in chips)
Seat 5: 9b1d9157 ($10.28 in chips)
Seat 6: 83030a49 ($4.12 in chips)
Hero: posts small blind $0.05
9b1d9157: posts big blind $0.1
*** HOLE CARDS ***
Dealt to d0d22e8 
Dealt to e70ba388 
Dealt to 20899713 
Dealt to Hero [3h 6s]
Dealt to 9b1d9157 
Dealt to 83030a49 
83030a49: folds
d0d22e8: folds
e70ba388: folds
20899713: raises $0.15 to $0.25
Hero: folds
9b1d9157: raises $0.55 to $0.8
20899713: calls $0.55
*** FLOP *** [6d 2d Ks]
9b1d9157: bets $0.42
20899713: folds
Uncalled bet ($0.42) returned to 9b1d9157
*** SHOWDOWN ***
9b1d9157 collected $1.57 from pot
*** SUMMARY ***
Total pot $1.65 | Rake $0.08 | Jackpot $0 | Bingo $0 | Fortune $0 | Tax $0
Board [6d 2d Ks]
Seat 1: d0d22e8 folded before Flop (didn't bet)
Seat 2: e70ba388 folded before Flop (didn't bet)
Seat 3: 20899713 (button) folded on the Flop
Seat 4: Hero (small blind) folded before Flop
Seat 5: 9b1d9157 (big blind) won ($1.57)
Seat 6: 83030a49 folded before Flop (didn't bet)


Poker Hand #HD1778139624: Hold'em No Limit ($0.05/$0.1) - 2024/05/18 18:55:24
Table 'NLHRed22' 6-max Seat #2 is the button
Seat 1: d0d22e8 ($16.17 in chips)
Seat 2: e70ba388 ($12.2 in chips)
Seat 3: 20899713 ($10.35 in chips)
Seat 4: Hero ($10.43 in chips)
Seat 5: 9b1d9157 ($10.13 in chips)
Seat 6: 83030a49 ($4.12 in chips)
20899713: posts small blind $0.05
Hero: posts big blind $0.1
*** HOLE CARDS ***
Dealt to d0d22e8 
Dealt to e70ba388 
Dealt to 20899713 
Dealt to Hero [2d Js]
Dealt to 9b1d9157 
Dealt to 83030a49 
9b1d9157: raises $0.1 to $0.2
83030a49: folds
d0d22e8: folds
e70ba388: folds
20899713: folds
Hero: folds
Uncalled bet ($0.1) returned to 9b1d9157
*** SHOWDOWN ***
9b1d9157 collected $0.25 from pot
*** SUMMARY ***
Total pot $0.25 | Rake $0 | Jackpot $0 | Bingo $0 | Fortune $0 | Tax $0
Seat 1: d0d22e8 folded before Flop (didn't bet)
Seat 2: e70ba388 (button) folded before Flop (didn't bet)
Seat 3: 20899713 (small blind) folded before Flop
Seat 4: Hero (big blind) folded before Flop
Seat 5: 9b1d9157 collected ($0.25)
Seat 6: 83030a49 folded before Flop (didn't bet)


Poker Hand #HD1778139586: Hold'em No Limit ($0.05/$0.1) - 2024/05/18 18:55:05
Table 'NLHRed22' 6-max Seat #1 is the button
Seat 1: d0d22e8 ($16.17 in chips)
Seat 2: e70ba388 ($12.25 in chips)
Seat 3: 20899713 ($10.3 in chips)
Seat 4: Hero ($10.43 in chips)
Seat 5: 9b1d9157 ($10.13 in chips)
Seat 6: 83030a49 ($4.12 in chips)
e70ba388: posts small blind $0.05
20899713: posts big blind $0.1
*** HOLE CARDS ***
Dealt to d0d22e8 
Dealt to e70ba388 
Dealt to 20899713 
Dealt to Hero [Ad 3h]
Dealt to 9b1d9157 
Dealt to 83030a49 
Hero: folds
9b1d9157: folds
83030a49: folds
d0d22e8: folds
e70ba388: folds
Uncalled bet ($0.05) returned to 20899713
*** SHOWDOWN ***
20899713 collected $0.1 from pot
*** SUMMARY ***
Total pot $0.1 | Rake $0 | Jackpot $0 | Bingo $0 | Fortune $0 | Tax $0
Seat 1: d0d22e8 (button) folded before Flop (didn't bet)
Seat 2: e70ba388 (small blind) folded before Flop
Seat 3: 20899713 (big blind) collected ($0.1)
Seat 4: Hero folded before Flop (didn't bet)
Seat 5: 9b1d9157 folded before Flop (didn't bet)
Seat 6: 83030a49 folded before Flop (didn't bet)


Poker Hand #HD1778139559: Hold'em No Limit ($0.05/$0.1) - 2024/05/18 18:54:52
Table 'NLHRed22' 6-max Seat #6 is the button
Seat 1: d0d22e8 ($16.22 in chips)
Seat 2: e70ba388 ($12.2 in chips)
Seat 3: 20899713 ($10.3 in chips)
Seat 4: Hero ($10.43 in chips)
Seat 5: 9b1d9157 ($10.13 in chips)
Seat 6: 83030a49 ($4.12 in chips)
d0d22e8: posts small blind $0.05
e70ba388: posts big blind $0.1
*** HOLE CARDS ***
Dealt to d0d22e8 
Dealt to e70ba388 
Dealt to 20899713 
Dealt to Hero [2h 8s]
Dealt to 9b1d9157 
Dealt to 83030a49 
20899713: folds
Hero: folds
9b1d9157: folds
83030a49: folds
d0d22e8: folds
Uncalled bet ($0.05) returned to e70ba388
*** SHOWDOWN ***
e70ba388 collected $0.1 from pot
*** SUMMARY ***
Total pot $0.1 | Rake $0 | Jackpot $0 | Bingo $0 | Fortune $0 | Tax $0
Seat 1: d0d22e8 (small blind) folded before Flop
Seat 2: e70ba388 (big blind) collected ($0.1)
Seat 3: 20899713 folded before Flop (didn't bet)
Seat 4: Hero folded before Flop (didn't bet)
Seat 5: 9b1d9157 folded before Flop (didn't bet)
Seat 6: 83030a49 (button) folded before Flop (didn't bet)


Poker Hand #HD1778139520: Hold'em No Limit ($0.05/$0.1) - 2024/05/18 18:54:28
Table 'NLHRed22' 6-max Seat #5 is the button
Seat 1: d0d22e8 ($16.32 in chips)
Seat 2: e70ba388 ($12.4 in chips)
Seat 3: 20899713 ($10.3 in chips)
Seat 4: Hero ($10.1 in chips)
Seat 5: 9b1d9157 ($10.13 in chips)
Seat 6: 83030a49 ($4.17 in chips)
83030a49: posts small blind $0.05
d0d22e8: posts big blind $0.1
*** HOLE CARDS ***
Dealt to d0d22e8 
Dealt to e70ba388 
Dealt to 20899713 
Dealt to Hero [As Kd]
Dealt to 9b1d9157 
Dealt to 83030a49 
e70ba388: raises $0.1 to $0.2
20899713: folds
Hero: raises $0.5 to $0.7
9b1d9157: folds
83030a49: folds
d0d22e8: folds
e70ba388: folds
Uncalled bet ($0.5) returned to Hero
*** SHOWDOWN ***
Hero collected $0.53 from pot
*** SUMMARY ***
Total pot $0.55 | Rake $0.02 | Jackpot $0 | Bingo $0 | Fortune $0 | Tax $0
Seat 1: d0d22e8 (big blind) folded before Flop
Seat 2: e70ba388 folded before Flop
Seat 3: 20899713 folded before Flop (didn't bet)
Seat 4: Hero collected ($0.53)
Seat 5: 9b1d9157 (button) folded before Flop (didn't bet)
Seat 6: 83030a49 (small blind) folded before Flop


Poker Hand #HD1778139469: Hold'em No Limit ($0.05/$0.1) - 2024/05/18 18:54:05
Table 'NLHRed22' 6-max Seat #4 is the button
Seat 1: d0d22e8 ($16.17 in chips)
Seat 2: e70ba388 ($12.4 in chips)
Seat 3: 20899713 ($10.3 in chips)
Seat 4: Hero ($10.1 in chips)
Seat 5: 9b1d9157 ($10.18 in chips)
Seat 6: 83030a49 ($4.27 in chips)
9b1d9157: posts small blind $0.05
83030a49: posts big blind $0.1
*** HOLE CARDS ***
Dealt to d0d22e8 
Dealt to e70ba388 
Dealt to 20899713 
Dealt to Hero [Ks 4c]
Dealt to 9b1d9157 
Dealt to 83030a49 
d0d22e8: raises $0.12 to $0.22
e70ba388: folds
20899713: folds
Hero: folds
9b1d9157: folds
83030a49: folds
Uncalled bet ($0.12) returned to d0d22e8
*** SHOWDOWN ***
d0d22e8 collected $0.25 from pot
*** SUMMARY ***
Total pot $0.25 | Rake $0 | Jackpot $0 | Bingo $0 | Fortune $0 | Tax $0
Seat 1: d0d22e8 collected ($0.25)
Seat 2: e70ba388 folded before Flop (didn't bet)
Seat 3: 20899713 folded before Flop (didn't bet)
Seat 4: Hero (button) folded before Flop (didn't bet)
Seat 5: 9b1d9157 (small blind) folded before Flop
Seat 6: 83030a49 (big blind) folded before Flop


Poker Hand #HD1778139447: Hold'em No Limit ($0.05/$0.1) - 2024/05/18 18:53:50
Table 'NLHRed22' 6-max Seat #3 is the button
Seat 1: d0d22e8 ($16.17 in chips)
Seat 2: e70ba388 ($12.4 in chips)
Seat 3: 20899713 ($10.3 in chips)
Seat 4: Hero ($10 in chips)
Seat 5: 9b1d9157 ($10.28 in chips)
Seat 6: 83030a49 ($4.27 in chips)
Hero: posts small blind $0.05
9b1d9157: posts big blind $0.1
*** HOLE CARDS ***
Dealt to d0d22e8 
Dealt to e70ba388 
Dealt to 20899713 
Dealt to Hero [Ah Td]
Dealt to 9b1d9157 
Dealt to 83030a49 
83030a49: folds
d0d22e8: folds
e70ba388: folds
20899713: folds
Hero: raises $0.2 to $0.3
9b1d9157: folds
Uncalled bet ($0.2) returned to Hero
*** SHOWDOWN ***
Hero collected $0.2 from pot
*** SUMMARY ***
Total pot $0.2 | Rake $0 | Jackpot $0 | Bingo $0 | Fortune $0 | Tax $0
Seat 1: d0d22e8 folded before Flop (didn't bet)
Seat 2: e70ba388 folded before Flop (didn't bet)
Seat 3: 20899713 (button) folded before Flop (didn't bet)
Seat 4: Hero (small blind) collected ($0.2)
Seat 5: 9b1d9157 (big blind) folded before Flop
Seat 6: 83030a49 folded before Flop (didn't bet)


Poker Hand #HD1778139321: Hold'em No Limit ($0.05/$0.1) - 2024/05/18 18:52:45
Table 'NLHRed22' 6-max Seat #2 is the button
Seat 1: d0d22e8 ($16.17 in chips)
Seat 2: e70ba388 ($11.37 in chips)
Seat 3: 20899713 ($10.35 in chips)
Seat 4: Hero ($10 in chips)
Seat 5: 9b1d9157 ($10.28 in chips)
Seat 6: 83030a49 ($4.27 in chips)
20899713: posts small blind $0.05
Hero: posts big blind $0.1
*** HOLE CARDS ***
Dealt to d0d22e8 
Dealt to e70ba388 
Dealt to 20899713 
Dealt to Hero [9h Kd]
Dealt to 9b1d9157 
Dealt to 83030a49 
9b1d9157: folds
83030a49: folds
d0d22e8: folds
e70ba388: raises $0.15 to $0.25
20899713: folds
Hero: calls $0.15
*** FLOP *** [5c 9d 2h]
Hero: checks
e70ba388: bets $0.28
Hero: calls $0.28
*** TURN *** [5c 9d 2h] [Td]
Hero: checks
e70ba388: bets $0.56
Hero: calls $0.56
*** RIVER *** [5c 9d 2h Td] [Qc]
Hero: checks
e70ba388: bets $1.68
Hero: folds
Uncalled bet ($1.68) returned to e70ba388
*** SHOWDOWN ***
e70ba388 collected $2.12 from pot
*** SUMMARY ***
Total pot $2.23 | Rake $0.11 | Jackpot $0 | Bingo $0 | Fortune $0 | Tax $0
Board [5c 9d 2h Td Qc]
Seat 1: d0d22e8 folded before Flop (didn't bet)
Seat 2: e70ba388 (button) won ($2.12)
Seat 3: 20899713 (small blind) folded before Flop
Seat 4: Hero (big blind) folded on the River
Seat 5: 9b1d9157 folded before Flop (didn't bet)
Seat 6: 83030a49 folded before Flop (didn't bet)


