Poker Hand #HD1711138396: Hold'em No Limit ($0.02/$0.05) - 2024/04/01 19:35:21
Table 'NLHBlue15' 6-max Seat #4 is the button
Seat 1: 8caa8b4f ($5.43 in chips)
Seat 2: dc5f82e7 ($3.67 in chips)
Seat 4: Hero ($5.32 in chips)
Seat 5: 15a3daf5 ($5.81 in chips)
15a3daf5: posts small blind $0.02
8caa8b4f: posts big blind $0.05
*** HOLE CARDS ***
Dealt to 8caa8b4f 
Dealt to dc5f82e7 
Dealt to Hero [5c 8d]
Dealt to 15a3daf5 
dc5f82e7: raises $0.05 to $0.1
Hero: folds
15a3daf5: folds
8caa8b4f: folds
Uncalled bet ($0.05) returned to dc5f82e7
*** SHOWDOWN ***
dc5f82e7 collected $0.12 from pot
*** SUMMARY ***
Total pot $0.12 | Rake $0 | Jackpot $0 | Bingo $0 | Fortune $0 | Tax $0
Seat 1: 8caa8b4f (big blind) folded before Flop
Seat 2: dc5f82e7 collected ($0.12)
Seat 4: Hero (button) folded before Flop (didn't bet)
Seat 5: 15a3daf5 (small blind) folded before Flop


Poker Hand #HD1711138365: Hold'em No Limit ($0.02/$0.05) - 2024/04/01 19:35:09
Table 'NLHBlue15' 6-max Seat #2 is the button
Seat 1: 8caa8b4f ($5.36 in chips)
Seat 2: dc5f82e7 ($3.67 in chips)
Seat 4: Hero ($5.34 in chips)
Seat 5: 15a3daf5 ($5.86 in chips)
Hero: posts small blind $0.02
15a3daf5: posts big blind $0.05
*** HOLE CARDS ***
Dealt to 8caa8b4f 
Dealt to dc5f82e7 
Dealt to Hero [Ts 9c]
Dealt to 15a3daf5 
8caa8b4f: raises $0.08 to $0.13
dc5f82e7: folds
Hero: folds
15a3daf5: folds
Uncalled bet ($0.08) returned to 8caa8b4f
*** SHOWDOWN ***
8caa8b4f collected $0.12 from pot
*** SUMMARY ***
Total pot $0.12 | Rake $0 | Jackpot $0 | Bingo $0 | Fortune $0 | Tax $0
Seat 1: 8caa8b4f collected ($0.12)
Seat 2: dc5f82e7 (button) folded before Flop (didn't bet)
Seat 4: Hero (small blind) folded before Flop
Seat 5: 15a3daf5 (big blind) folded before Flop


Poker Hand #HD1711138351: Hold'em No Limit ($0.02/$0.05) - 2024/04/01 19:35:03
Table 'NLHBlue15' 6-max Seat #1 is the button
Seat 1: 8caa8b4f ($5.36 in chips)
Seat 2: dc5f82e7 ($3.69 in chips)
Seat 4: Hero ($5.32 in chips)
Seat 5: 15a3daf5 ($5.86 in chips)
dc5f82e7: posts small blind $0.02
Hero: posts big blind $0.05
*** HOLE CARDS ***
Dealt to 8caa8b4f 
Dealt to dc5f82e7 
Dealt to Hero [Qd 8s]
Dealt to 15a3daf5 
15a3daf5: folds
8caa8b4f: folds
dc5f82e7: folds
Uncalled bet ($0.03) returned to Hero
*** SHOWDOWN ***
Hero collected $0.04 from pot
*** SUMMARY ***
Total pot $0.04 | Rake $0 | Jackpot $0 | Bingo $0 | Fortune $0 | Tax $0
Seat 1: 8caa8b4f (button) folded before Flop (didn't bet)
Seat 2: dc5f82e7 (small blind) folded before Flop
Seat 4: Hero (big blind) collected ($0.04)
Seat 5: 15a3daf5 folded before Flop (didn't bet)


Poker Hand #HD1711138255: Hold'em No Limit ($0.02/$0.05) - 2024/04/01 19:34:26
Table 'NLHBlue15' 6-max Seat #5 is the button
Seat 1: 8caa8b4f ($5.41 in chips)
Seat 2: dc5f82e7 ($3.79 in chips)
Seat 3: 28fe67d ($5.87 in chips)
Seat 4: Hero ($5.32 in chips)
Seat 5: 15a3daf5 ($5.7 in chips)
Seat 6: 2c724c6 ($10.7 in chips)
2c724c6: posts small blind $0.02
8caa8b4f: posts big blind $0.05
*** HOLE CARDS ***
Dealt to 8caa8b4f 
Dealt to dc5f82e7 
Dealt to 28fe67d 
Dealt to Hero [8s 9c]
Dealt to 15a3daf5 
Dealt to 2c724c6 
dc5f82e7: raises $0.05 to $0.1
28fe67d: folds
Hero: folds
15a3daf5: raises $0.34 to $0.44
2c724c6: folds
8caa8b4f: folds
dc5f82e7: folds
Uncalled bet ($0.34) returned to 15a3daf5
15a3daf5: shows [Ah]
*** SHOWDOWN ***
15a3daf5 collected $0.26 from pot
*** SUMMARY ***
Total pot $0.27 | Rake $0.01 | Jackpot $0 | Bingo $0 | Fortune $0 | Tax $0
Seat 1: 8caa8b4f (big blind) folded before Flop
Seat 2: dc5f82e7 folded before Flop
Seat 3: 28fe67d folded before Flop (didn't bet)
Seat 4: Hero folded before Flop (didn't bet)
Seat 5: 15a3daf5 (button) showed [Ah] and collected ($0.26)
Seat 6: 2c724c6 (small blind) folded before Flop


Poker Hand #HD1711138209: Hold'em No Limit ($0.02/$0.05) - 2024/04/01 19:34:07
Table 'NLHBlue15' 6-max Seat #4 is the button
Seat 1: 8caa8b4f ($5.41 in chips)
Seat 2: dc5f82e7 ($3.79 in chips)
Seat 3: 28fe67d ($5.87 in chips)
Seat 4: Hero ($5.25 in chips)
Seat 5: 15a3daf5 ($5.72 in chips)
Seat 6: 2c724c6 ($10.75 in chips)
15a3daf5: posts small blind $0.02
2c724c6: posts big blind $0.05
*** HOLE CARDS ***
Dealt to 8caa8b4f 
Dealt to dc5f82e7 
Dealt to 28fe67d 
Dealt to Hero [4c As]
Dealt to 15a3daf5 
Dealt to 2c724c6 
8caa8b4f: folds
dc5f82e7: folds
28fe67d: folds
Hero: raises $0.08 to $0.13
15a3daf5: folds
2c724c6: folds
Uncalled bet ($0.08) returned to Hero
*** SHOWDOWN ***
Hero collected $0.12 from pot
*** SUMMARY ***
Total pot $0.12 | Rake $0 | Jackpot $0 | Bingo $0 | Fortune $0 | Tax $0
Seat 1: 8caa8b4f folded before Flop (didn't bet)
Seat 2: dc5f82e7 folded before Flop (didn't bet)
Seat 3: 28fe67d folded before Flop (didn't bet)
Seat 4: Hero (button) collected ($0.12)
Seat 5: 15a3daf5 (small blind) folded before Flop
Seat 6: 2c724c6 (big blind) folded before Flop


Poker Hand #HD1711138070: Hold'em No Limit ($0.02/$0.05) - 2024/04/01 19:33:12
Table 'NLHBlue15' 6-max Seat #3 is the button
Seat 1: 8caa8b4f ($5.41 in chips)
Seat 2: dc5f82e7 ($4.73 in chips)
Seat 3: 28fe67d ($5 in chips)
Seat 4: Hero ($5.27 in chips)
Seat 5: 15a3daf5 ($5.77 in chips)
Seat 6: 2c724c6 ($10.75 in chips)
Hero: posts small blind $0.02
15a3daf5: posts big blind $0.05
*** HOLE CARDS ***
Dealt to 8caa8b4f 
Dealt to dc5f82e7 
Dealt to 28fe67d 
Dealt to Hero [8h Js]
Dealt to 15a3daf5 
Dealt to 2c724c6 
2c724c6: folds
8caa8b4f: folds
dc5f82e7: raises $0.05 to $0.1
28fe67d: raises $0.35 to $0.45
Hero: folds
15a3daf5: folds
dc5f82e7: calls $0.35
*** FLOP *** [4d 7s As]
dc5f82e7: checks
28fe67d: checks
*** TURN *** [4d 7s As] [Ts]
dc5f82e7: checks
28fe67d: checks
*** RIVER *** [4d 7s As Ts] [9s]
dc5f82e7: bets $0.49
28fe67d: calls $0.49
dc5f82e7: shows [Qh Jc] (Ace-High)
28fe67d: shows [8d 8s] (Ace High Flush)
*** SHOWDOWN ***
28fe67d collected $1.81 from pot
*** SUMMARY ***
Total pot $1.95 | Rake $0.09 | Jackpot $0.05 | Bingo $0 | Fortune $0 | Tax $0
Board [4d 7s As Ts 9s]
Seat 1: 8caa8b4f folded before Flop (didn't bet)
Seat 2: dc5f82e7 showed [Qh Jc] and lost with Ace-High
Seat 3: 28fe67d (button) showed [8d 8s] and won ($1.81) with Ace High Flush
Seat 4: Hero (small blind) folded before Flop
Seat 5: 15a3daf5 (big blind) folded before Flop
Seat 6: 2c724c6 folded before Flop (didn't bet)


Poker Hand #HD1711137909: Hold'em No Limit ($0.02/$0.05) - 2024/04/01 19:32:10
Table 'NLHBlue15' 6-max Seat #2 is the button
Seat 1: 8caa8b4f ($5.41 in chips)
Seat 2: dc5f82e7 ($4.73 in chips)
Seat 3: 28fe67d ($5 in chips)
Seat 4: Hero ($5 in chips)
Seat 5: 15a3daf5 ($5.77 in chips)
Seat 6: 2c724c6 ($10.75 in chips)
28fe67d: posts small blind $0.02
Hero: posts big blind $0.05
*** HOLE CARDS ***
Dealt to 8caa8b4f 
Dealt to dc5f82e7 
Dealt to 28fe67d 
Dealt to Hero [Ad 6d]
Dealt to 15a3daf5 
Dealt to 2c724c6 
15a3daf5: folds
2c724c6: folds
8caa8b4f: folds
dc5f82e7: folds
28fe67d: raises $0.1 to $0.15
Hero: calls $0.1
*** FLOP *** [8s 4d 5h]
28fe67d: checks
Hero: bets $0.15
28fe67d: calls $0.15
*** TURN *** [8s 4d 5h] [7c]
28fe67d: checks
Hero: checks
*** RIVER *** [8s 4d 5h 7c] [9c]
28fe67d: checks
Hero: bets $0.3
28fe67d: folds
Uncalled bet ($0.3) returned to Hero
*** SHOWDOWN ***
Hero collected $0.57 from pot
*** SUMMARY ***
Total pot $0.6 | Rake $0.03 | Jackpot $0 | Bingo $0 | Fortune $0 | Tax $0
Board [8s 4d 5h 7c 9c]
Seat 1: 8caa8b4f folded before Flop (didn't bet)
Seat 2: dc5f82e7 (button) folded before Flop (didn't bet)
Seat 3: 28fe67d (small blind) folded on the River
Seat 4: Hero (big blind) won ($0.57)
Seat 5: 15a3daf5 folded before Flop (didn't bet)
Seat 6: 2c724c6 folded before Flop (didn't bet)


Poker Hand #HD1711137807: Hold'em No Limit ($0.02/$0.05) - 2024/04/01 19:31:33
Table 'NLHBlue15' 6-max Seat #1 is the button
Seat 1: 8caa8b4f ($5.54 in chips)
Seat 2: dc5f82e7 ($4.56 in chips)
Seat 3: 28fe67d ($5 in chips)
Seat 4: Hero ($5 in chips)
Seat 5: 15a3daf5 ($5.77 in chips)
Seat 6: 2c724c6 ($10.75 in chips)
dc5f82e7: posts small blind $0.02
28fe67d: posts big blind $0.05
*** HOLE CARDS ***
Dealt to 8caa8b4f 
Dealt to dc5f82e7 
Dealt to 28fe67d 
Dealt to Hero [9h Tc]
Dealt to 15a3daf5 
Dealt to 2c724c6 
Hero: folds
15a3daf5: folds
2c724c6: folds
8caa8b4f: raises $0.08 to $0.13
dc5f82e7: calls $0.11
28fe67d: folds
*** FLOP *** [Qd Kc 7d]
dc5f82e7: checks
8caa8b4f: checks
*** TURN *** [Qd Kc 7d] [Js]
dc5f82e7: checks
8caa8b4f: checks
*** RIVER *** [Qd Kc 7d Js] [8d]
dc5f82e7: checks
8caa8b4f: checks
dc5f82e7: shows [5h Ac] (Ace-High)
8caa8b4f: shows [2s 5s] (King-High)
*** SHOWDOWN ***
dc5f82e7 collected $0.3 from pot
*** SUMMARY ***
Total pot $0.31 | Rake $0.01 | Jackpot $0 | Bingo $0 | Fortune $0 | Tax $0
Board [Qd Kc 7d Js 8d]
Seat 1: 8caa8b4f (button) showed [2s 5s] and lost with King-High
Seat 2: dc5f82e7 (small blind) showed [5h Ac] and won ($0.3) with Ace-High
Seat 3: 28fe67d (big blind) folded before Flop
Seat 4: Hero folded before Flop (didn't bet)
Seat 5: 15a3daf5 folded before Flop (didn't bet)
Seat 6: 2c724c6 folded before Flop (didn't bet)


Poker Hand #HD1711137642: Hold'em No Limit ($0.02/$0.05) - 2024/04/01 19:30:31
Table 'NLHBlue15' 6-max Seat #6 is the button
Seat 1: 8caa8b4f ($5.56 in chips)
Seat 2: dc5f82e7 ($4.95 in chips)
Seat 3: 28fe67d ($5 in chips)
Seat 4: Hero ($5 in chips)
Seat 5: 15a3daf5 ($5.25 in chips)
Seat 6: 2c724c6 ($10.9 in chips)
8caa8b4f: posts small blind $0.02
dc5f82e7: posts big blind $0.05
*** HOLE CARDS ***
Dealt to 8caa8b4f 
Dealt to dc5f82e7 
Dealt to 28fe67d 
Dealt to Hero [Ks 2c]
Dealt to 15a3daf5 
Dealt to 2c724c6 
28fe67d: folds
Hero: folds
15a3daf5: raises $0.1 to $0.15
2c724c6: calls $0.15
8caa8b4f: folds
dc5f82e7: calls $0.1
*** FLOP *** [4d 9c Kc]
dc5f82e7: checks
15a3daf5: checks
2c724c6: checks
*** TURN *** [4d 9c Kc] [Kd]
dc5f82e7: checks
15a3daf5: bets $0.24
2c724c6: folds
dc5f82e7: calls $0.24
*** RIVER *** [4d 9c Kc Kd] [6s]
dc5f82e7: checks
15a3daf5: checks
dc5f82e7: shows [Qh Th] (Pair of Kings)
15a3daf5: shows [9h Ah] (Pair of Kings and Pair of Nines)
*** SHOWDOWN ***
15a3daf5 collected $0.91 from pot
*** SUMMARY ***
Total pot $0.95 | Rake $0.04 | Jackpot $0 | Bingo $0 | Fortune $0 | Tax $0
Board [4d 9c Kc Kd 6s]
Seat 1: 8caa8b4f (small blind) folded before Flop
Seat 2: dc5f82e7 (big blind) showed [Qh Th] and lost with Pair of Kings
Seat 3: 28fe67d folded before Flop (didn't bet)
Seat 4: Hero folded before Flop (didn't bet)
Seat 5: 15a3daf5 showed [9h Ah] and won ($0.91) with Pair of Kings and Pair of Nines
Seat 6: 2c724c6 (button) folded on the Turn


Poker Hand #HD1711137544: Hold'em No Limit ($0.02/$0.05) - 2024/04/01 19:29:49
Table 'NLHBlue15' 6-max Seat #5 is the button
Seat 1: 8caa8b4f ($4.92 in chips)
Seat 2: dc5f82e7 ($4.95 in chips)
Seat 3: 28fe67d ($5 in chips)
Seat 4: Hero ($5 in chips)
Seat 5: 15a3daf5 ($5.25 in chips)
Seat 6: 2c724c6 ($10.92 in chips)
2c724c6: posts small blind $0.02
8caa8b4f: posts big blind $0.05
*** HOLE CARDS ***
Dealt to 8caa8b4f 
Dealt to dc5f82e7 
Dealt to 28fe67d 
Dealt to Hero [Jh 7d]
Dealt to 15a3daf5 
Dealt to 2c724c6 
dc5f82e7: folds
28fe67d: raises $0.08 to $0.13
Hero: folds
15a3daf5: folds
2c724c6: folds
8caa8b4f: calls $0.08
*** FLOP *** [5s Qh 9d]
8caa8b4f: checks
28fe67d: checks
*** TURN *** [5s Qh 9d] [Th]
8caa8b4f: bets $0.14
28fe67d: calls $0.14
*** RIVER *** [5s Qh 9d Th] [Kd]
8caa8b4f: bets $0.42
28fe67d: calls $0.42
8caa8b4f: shows [2d Jd] (Kings-High Straight)
28fe67d: shows [Qd Kc] (Pair of Kings and Pair of Queens)
*** SHOWDOWN ***
8caa8b4f collected $1.33 from pot
*** SUMMARY ***
Total pot $1.4 | Rake $0.07 | Jackpot $0 | Bingo $0 | Fortune $0 | Tax $0
Board [5s Qh 9d Th Kd]
Seat 1: 8caa8b4f (big blind) showed [2d Jd] and won ($1.33) with Kings-High Straight
Seat 2: dc5f82e7 folded before Flop (didn't bet)
Seat 3: 28fe67d showed [Qd Kc] and lost with Pair of Kings and Pair of Queens
Seat 4: Hero folded before Flop (didn't bet)
Seat 5: 15a3daf5 (button) folded before Flop (didn't bet)
Seat 6: 2c724c6 (small blind) folded before Flop


Poker Hand #HD1711137488: Hold'em No Limit ($0.02/$0.05) - 2024/04/01 19:29:28
Table 'NLHBlue15' 6-max Seat #4 is the button
Seat 1: 8caa8b4f ($4.92 in chips)
Seat 2: dc5f82e7 ($5 in chips)
Seat 3: 28fe67d ($5 in chips)
Seat 4: Hero ($5.08 in chips)
Seat 5: 15a3daf5 ($5 in chips)
Seat 6: 2c724c6 ($10.97 in chips)
15a3daf5: posts small blind $0.02
2c724c6: posts big blind $0.05
dc5f82e7: posts big blind $0.05
*** HOLE CARDS ***
Dealt to 8caa8b4f 
Dealt to dc5f82e7 
Dealt to 28fe67d 
Dealt to Hero [Ah 8h]
Dealt to 15a3daf5 
Dealt to 2c724c6 
8caa8b4f: folds
dc5f82e7: checks
28fe67d: folds
Hero: raises $0.12 to $0.17
15a3daf5: raises $0.53 to $0.7
2c724c6: folds
dc5f82e7: folds
Hero: folds
Uncalled bet ($0.53) returned to 15a3daf5
*** SHOWDOWN ***
15a3daf5 collected $0.42 from pot
*** SUMMARY ***
Total pot $0.44 | Rake $0.02 | Jackpot $0 | Bingo $0 | Fortune $0 | Tax $0
Seat 1: 8caa8b4f folded before Flop (didn't bet)
Seat 2: dc5f82e7 folded before Flop
Seat 3: 28fe67d folded before Flop (didn't bet)
Seat 4: Hero (button) folded before Flop
Seat 5: 15a3daf5 (small blind) collected ($0.42)
Seat 6: 2c724c6 (big blind) folded before Flop


Poker Hand #HD1711137406: Hold'em No Limit ($0.02/$0.05) - 2024/04/01 19:28:55
Table 'NLHBlue15' 6-max Seat #3 is the button
Seat 1: 8caa8b4f ($4.92 in chips)
Seat 3: 28fe67d ($5 in chips)
Seat 4: Hero ($5.28 in chips)
Seat 5: 15a3daf5 ($5.05 in chips)
Seat 6: 2c724c6 ($10.74 in chips)
Hero: posts small blind $0.02
15a3daf5: posts big blind $0.05
*** HOLE CARDS ***
Dealt to 8caa8b4f 
Dealt to 28fe67d 
Dealt to Hero [Jd Td]
Dealt to 15a3daf5 
Dealt to 2c724c6 
2c724c6: calls $0.05
8caa8b4f: folds
28fe67d: folds
Hero: raises $0.15 to $0.2
15a3daf5: folds
2c724c6: calls $0.15
*** FLOP *** [6d 6c 2c]
Hero: checks
2c724c6: bets $0.3
Hero: folds
Uncalled bet ($0.3) returned to 2c724c6
*** SHOWDOWN ***
2c724c6 collected $0.43 from pot
*** SUMMARY ***
Total pot $0.45 | Rake $0.02 | Jackpot $0 | Bingo $0 | Fortune $0 | Tax $0
Board [6d 6c 2c]
Seat 1: 8caa8b4f folded before Flop (didn't bet)
Seat 3: 28fe67d (button) folded before Flop (didn't bet)
Seat 4: Hero (small blind) folded on the Flop
Seat 5: 15a3daf5 (big blind) folded before Flop
Seat 6: 2c724c6 won ($0.43)


Poker Hand #HD1711137328: Hold'em No Limit ($0.02/$0.05) - 2024/04/01 19:28:22
Table 'NLHBlue15' 6-max Seat #2 is the button
Seat 1: 8caa8b4f ($4.92 in chips)
Seat 2: 59c37ce7 ($5 in chips)
Seat 3: 28fe67d ($5 in chips)
Seat 4: Hero ($5.21 in chips)
Seat 5: 15a3daf5 ($5.05 in chips)
Seat 6: 2c724c6 ($10.79 in chips)
28fe67d: posts small blind $0.02
Hero: posts big blind $0.05
*** HOLE CARDS ***
Dealt to 8caa8b4f 
Dealt to 59c37ce7 
Dealt to 28fe67d 
Dealt to Hero [Ts 5c]
Dealt to 15a3daf5 
Dealt to 2c724c6 
15a3daf5: folds
2c724c6: calls $0.05
8caa8b4f: folds
59c37ce7: folds
28fe67d: folds
Hero: checks
*** FLOP *** [7d 9d Kc]
Hero: checks
2c724c6: checks
*** TURN *** [7d 9d Kc] [8d]
Hero: bets $0.1
2c724c6: folds
Uncalled bet ($0.1) returned to Hero
*** SHOWDOWN ***
Hero collected $0.12 from pot
*** SUMMARY ***
Total pot $0.12 | Rake $0 | Jackpot $0 | Bingo $0 | Fortune $0 | Tax $0
Board [7d 9d Kc 8d]
Seat 1: 8caa8b4f folded before Flop (didn't bet)
Seat 2: 59c37ce7 (button) folded before Flop (didn't bet)
Seat 3: 28fe67d (small blind) folded before Flop
Seat 4: Hero (big blind) won ($0.12)
Seat 5: 15a3daf5 folded before Flop (didn't bet)
Seat 6: 2c724c6 folded on the Turn


Poker Hand #HD1711137276: Hold'em No Limit ($0.02/$0.05) - 2024/04/01 19:28:01
Table 'NLHBlue15' 6-max Seat #1 is the button
Seat 1: 8caa8b4f ($4.92 in chips)
Seat 2: 59c37ce7 ($4.95 in chips)
Seat 3: 28fe67d ($5.05 in chips)
Seat 4: Hero ($5.21 in chips)
Seat 5: 15a3daf5 ($5.05 in chips)
Seat 6: 2c724c6 ($10.79 in chips)
59c37ce7: posts small blind $0.02
28fe67d: posts big blind $0.05
*** HOLE CARDS ***
Dealt to 8caa8b4f 
Dealt to 59c37ce7 
Dealt to 28fe67d 
Dealt to Hero [Qd Tc]
Dealt to 15a3daf5 
Dealt to 2c724c6 
Hero: folds
15a3daf5: folds
2c724c6: folds
8caa8b4f: folds
59c37ce7: raises $0.1 to $0.15
28fe67d: folds
Uncalled bet ($0.1) returned to 59c37ce7
*** SHOWDOWN ***
59c37ce7 collected $0.1 from pot
*** SUMMARY ***
Total pot $0.1 | Rake $0 | Jackpot $0 | Bingo $0 | Fortune $0 | Tax $0
Seat 1: 8caa8b4f (button) folded before Flop (didn't bet)
Seat 2: 59c37ce7 (small blind) collected ($0.1)
Seat 3: 28fe67d (big blind) folded before Flop
Seat 4: Hero folded before Flop (didn't bet)
Seat 5: 15a3daf5 folded before Flop (didn't bet)
Seat 6: 2c724c6 folded before Flop (didn't bet)


Poker Hand #HD1711137248: Hold'em No Limit ($0.02/$0.05) - 2024/04/01 19:27:49
Table 'NLHBlue15' 6-max Seat #6 is the button
Seat 1: 8caa8b4f ($4.87 in chips)
Seat 2: 59c37ce7 ($5 in chips)
Seat 3: 28fe67d ($5.05 in chips)
Seat 4: Hero ($5.21 in chips)
Seat 5: 15a3daf5 ($5.05 in chips)
Seat 6: 2c724c6 ($10.79 in chips)
8caa8b4f: posts small blind $0.02
59c37ce7: posts big blind $0.05
*** HOLE CARDS ***
Dealt to 8caa8b4f 
Dealt to 59c37ce7 
Dealt to 28fe67d 
Dealt to Hero [Tc 7d]
Dealt to 15a3daf5 
Dealt to 2c724c6 
28fe67d: folds
Hero: folds
15a3daf5: folds
2c724c6: folds
8caa8b4f: raises $0.08 to $0.13
59c37ce7: folds
Uncalled bet ($0.08) returned to 8caa8b4f
*** SHOWDOWN ***
8caa8b4f collected $0.1 from pot
*** SUMMARY ***
Total pot $0.1 | Rake $0 | Jackpot $0 | Bingo $0 | Fortune $0 | Tax $0
Seat 1: 8caa8b4f (small blind) collected ($0.1)
Seat 2: 59c37ce7 (big blind) folded before Flop
Seat 3: 28fe67d folded before Flop (didn't bet)
Seat 4: Hero folded before Flop (didn't bet)
Seat 5: 15a3daf5 folded before Flop (didn't bet)
Seat 6: 2c724c6 (button) folded before Flop (didn't bet)


Poker Hand #HD1711137172: Hold'em No Limit ($0.02/$0.05) - 2024/04/01 19:27:20
Table 'NLHBlue15' 6-max Seat #5 is the button
Seat 1: 8caa8b4f ($5 in chips)
Seat 2: 8bc74f56 ($5 in chips)
Seat 3: 28fe67d ($5.05 in chips)
Seat 4: Hero ($5.07 in chips)
Seat 5: 15a3daf5 ($5.05 in chips)
Seat 6: 2c724c6 ($10.81 in chips)
2c724c6: posts small blind $0.02
8caa8b4f: posts big blind $0.05
*** HOLE CARDS ***
Dealt to 8caa8b4f 
Dealt to 8bc74f56 
Dealt to 28fe67d 
Dealt to Hero [7s 6s]
Dealt to 15a3daf5 
Dealt to 2c724c6 
8bc74f56: folds
28fe67d: folds
Hero: raises $0.08 to $0.13
15a3daf5: folds
2c724c6: folds
8caa8b4f: calls $0.08
*** FLOP *** [4d Qc Tc]
8caa8b4f: checks
Hero: bets $0.15
8caa8b4f: folds
Uncalled bet ($0.15) returned to Hero
*** SHOWDOWN ***
Hero collected $0.27 from pot
*** SUMMARY ***
Total pot $0.28 | Rake $0.01 | Jackpot $0 | Bingo $0 | Fortune $0 | Tax $0
Board [4d Qc Tc]
Seat 1: 8caa8b4f (big blind) folded on the Flop
Seat 2: 8bc74f56 folded before Flop (didn't bet)
Seat 3: 28fe67d folded before Flop (didn't bet)
Seat 4: Hero won ($0.27)
Seat 5: 15a3daf5 (button) folded before Flop (didn't bet)
Seat 6: 2c724c6 (small blind) folded before Flop


Poker Hand #HD1711137109: Hold'em No Limit ($0.02/$0.05) - 2024/04/01 19:26:55
Table 'NLHBlue15' 6-max Seat #4 is the button
Seat 2: 8bc74f56 ($4.95 in chips)
Seat 3: 28fe67d ($5.05 in chips)
Seat 4: Hero ($5 in chips)
Seat 5: 15a3daf5 ($5.07 in chips)
Seat 6: 2c724c6 ($10.86 in chips)
15a3daf5: posts small blind $0.02
2c724c6: posts big blind $0.05
*** HOLE CARDS ***
Dealt to 8bc74f56 
Dealt to 28fe67d 
Dealt to Hero [Kc 7c]
Dealt to 15a3daf5 
Dealt to 2c724c6 
8bc74f56: folds
28fe67d: folds
Hero: raises $0.08 to $0.13
15a3daf5: folds
2c724c6: folds
Uncalled bet ($0.08) returned to Hero
*** SHOWDOWN ***
Hero collected $0.12 from pot
*** SUMMARY ***
Total pot $0.12 | Rake $0 | Jackpot $0 | Bingo $0 | Fortune $0 | Tax $0
Seat 2: 8bc74f56 folded before Flop (didn't bet)
Seat 3: 28fe67d folded before Flop (didn't bet)
Seat 4: Hero (button) collected ($0.12)
Seat 5: 15a3daf5 (small blind) folded before Flop
Seat 6: 2c724c6 (big blind) folded before Flop


Poker Hand #HD1711137034: Hold'em No Limit ($0.02/$0.05) - 2024/04/01 19:26:29
Table 'NLHBlue15' 6-max Seat #3 is the button
Seat 2: 8bc74f56 ($5 in chips)
Seat 3: 28fe67d ($5.05 in chips)
Seat 4: Hero ($5.02 in chips)
Seat 5: 15a3daf5 ($5 in chips)
Seat 6: 2c724c6 ($10.86 in chips)
Hero: posts small blind $0.02
15a3daf5: posts big blind $0.05
8bc74f56: posts big blind $0.05
*** HOLE CARDS ***
Dealt to 8bc74f56 
Dealt to 28fe67d 
Dealt to Hero [Th 7c]
Dealt to 15a3daf5 
Dealt to 2c724c6 
2c724c6: folds
8bc74f56: checks
28fe67d: folds
Hero: folds
15a3daf5: checks
*** FLOP *** [4h 9d 5d]
15a3daf5: checks
8bc74f56: checks
*** TURN *** [4h 9d 5d] [6d]
15a3daf5: bets $0.07
8bc74f56: folds
Uncalled bet ($0.07) returned to 15a3daf5
*** SHOWDOWN ***
15a3daf5 collected $0.12 from pot
*** SUMMARY ***
Total pot $0.12 | Rake $0 | Jackpot $0 | Bingo $0 | Fortune $0 | Tax $0
Board [4h 9d 5d 6d]
Seat 2: 8bc74f56 folded on the Turn
Seat 3: 28fe67d (button) folded before Flop (didn't bet)
Seat 4: Hero (small blind) folded before Flop
Seat 5: 15a3daf5 (big blind) won ($0.12)
Seat 6: 2c724c6 folded before Flop (didn't bet)


Poker Hand #HD1711137014: Hold'em No Limit ($0.02/$0.05) - 2024/04/01 19:26:22
Table 'NLHBlue15' 6-max Seat #6 is the button
Seat 3: 28fe67d ($5.07 in chips)
Seat 4: Hero ($5 in chips)
Seat 6: 2c724c6 ($10.86 in chips)
28fe67d: posts small blind $0.02
Hero: posts big blind $0.05
*** HOLE CARDS ***
Dealt to 28fe67d 
Dealt to Hero [6h 4c]
Dealt to 2c724c6 
2c724c6: folds
28fe67d: folds
Uncalled bet ($0.03) returned to Hero
*** SHOWDOWN ***
Hero collected $0.04 from pot
*** SUMMARY ***
Total pot $0.04 | Rake $0 | Jackpot $0 | Bingo $0 | Fortune $0 | Tax $0
Seat 3: 28fe67d (small blind) folded before Flop
Seat 4: Hero (big blind) collected ($0.04)
Seat 6: 2c724c6 (button) folded before Flop (didn't bet)


Poker Hand #HD1711136982: Hold'em No Limit ($0.02/$0.05) - 2024/04/01 19:26:10
Table 'NLHBlue15' 6-max Seat #4 is the button
Seat 3: 28fe67d ($5.12 in chips)
Seat 4: Hero ($5 in chips)
Seat 6: 2c724c6 ($10.81 in chips)
2c724c6: posts small blind $0.02
28fe67d: posts big blind $0.05
*** HOLE CARDS ***
Dealt to 28fe67d 
Dealt to Hero [6d 9c]
Dealt to 2c724c6 
Hero: folds
2c724c6: raises $0.05 to $0.1
28fe67d: folds
Uncalled bet ($0.05) returned to 2c724c6
*** SHOWDOWN ***
2c724c6 collected $0.1 from pot
*** SUMMARY ***
Total pot $0.1 | Rake $0 | Jackpot $0 | Bingo $0 | Fortune $0 | Tax $0
Seat 3: 28fe67d (big blind) folded before Flop
Seat 4: Hero (button) folded before Flop (didn't bet)
Seat 6: 2c724c6 (small blind) collected ($0.1)


Poker Hand #HD1711136965: Hold'em No Limit ($0.02/$0.05) - 2024/04/01 19:26:04
Table 'NLHBlue15' 6-max Seat #3 is the button
Seat 3: 28fe67d ($5.12 in chips)
Seat 4: Hero ($5 in chips)
Seat 6: 2c724c6 ($10.79 in chips)
Hero: posts small blind $0.02
2c724c6: posts big blind $0.05
*** HOLE CARDS ***
Dealt to 28fe67d 
Dealt to Hero [4h 9c]
Dealt to 2c724c6 
28fe67d: folds
Hero: folds
Uncalled bet ($0.03) returned to 2c724c6
*** SHOWDOWN ***
2c724c6 collected $0.04 from pot
*** SUMMARY ***
Total pot $0.04 | Rake $0 | Jackpot $0 | Bingo $0 | Fortune $0 | Tax $0
Seat 3: 28fe67d (button) folded before Flop (didn't bet)
Seat 4: Hero (small blind) folded before Flop
Seat 6: 2c724c6 (big blind) collected ($0.04)


Poker Hand #HD1711136936: Hold'em No Limit ($0.02/$0.05) - 2024/04/01 19:25:52
Table 'NLHBlue15' 6-max Seat #6 is the button
Seat 3: 28fe67d ($5.14 in chips)
Seat 4: Hero ($5 in chips)
Seat 6: 2c724c6 ($10.72 in chips)
28fe67d: posts small blind $0.02
Hero: posts big blind $0.05
*** HOLE CARDS ***
Dealt to 28fe67d 
Dealt to Hero [7d Qh]
Dealt to 2c724c6 
2c724c6: raises $0.05 to $0.1
28fe67d: folds
Hero: folds
Uncalled bet ($0.05) returned to 2c724c6
*** SHOWDOWN ***
2c724c6 collected $0.12 from pot
*** SUMMARY ***
Total pot $0.12 | Rake $0 | Jackpot $0 | Bingo $0 | Fortune $0 | Tax $0
Seat 3: 28fe67d (small blind) folded before Flop
Seat 4: Hero (big blind) folded before Flop
Seat 6: 2c724c6 (button) collected ($0.12)


Poker Hand #HD1711136908: Hold'em No Limit ($0.02/$0.05) - 2024/04/01 19:25:43
Table 'NLHBlue15' 6-max Seat #4 is the button
Seat 3: 28fe67d ($5.12 in chips)
Seat 4: Hero ($5 in chips)
Seat 6: 2c724c6 ($10.74 in chips)
2c724c6: posts small blind $0.02
28fe67d: posts big blind $0.05
*** HOLE CARDS ***
Dealt to 28fe67d 
Dealt to Hero [8s 5h]
Dealt to 2c724c6 
Hero: folds
2c724c6: folds
Uncalled bet ($0.03) returned to 28fe67d
*** SHOWDOWN ***
28fe67d collected $0.04 from pot
*** SUMMARY ***
Total pot $0.04 | Rake $0 | Jackpot $0 | Bingo $0 | Fortune $0 | Tax $0
Seat 3: 28fe67d (big blind) collected ($0.04)
Seat 4: Hero (button) folded before Flop (didn't bet)
Seat 6: 2c724c6 (small blind) folded before Flop


Poker Hand #HD1711136883: Hold'em No Limit ($0.02/$0.05) - 2024/04/01 19:25:34
Table 'NLHBlue15' 6-max Seat #3 is the button
Seat 1: 700019 ($5.37 in chips)
Seat 3: 28fe67d ($5.12 in chips)
Seat 4: Hero ($5.02 in chips)
Seat 6: 2c724c6 ($10.79 in chips)
Hero: posts small blind $0.02
2c724c6: posts big blind $0.05
*** HOLE CARDS ***
Dealt to 700019 
Dealt to 28fe67d 
Dealt to Hero [9h Ts]
Dealt to 2c724c6 
700019: raises $0.07 to $0.12
28fe67d: folds
Hero: folds
2c724c6: folds
Uncalled bet ($0.07) returned to 700019
*** SHOWDOWN ***
700019 collected $0.12 from pot
*** SUMMARY ***
Total pot $0.12 | Rake $0 | Jackpot $0 | Bingo $0 | Fortune $0 | Tax $0
Seat 1: 700019 collected ($0.12)
Seat 3: 28fe67d (button) folded before Flop (didn't bet)
Seat 4: Hero (small blind) folded before Flop
Seat 6: 2c724c6 (big blind) folded before Flop


Poker Hand #HD1711136843: Hold'em No Limit ($0.02/$0.05) - 2024/04/01 19:25:20
Table 'NLHBlue15' 6-max Seat #1 is the button
Seat 1: 700019 ($5.37 in chips)
Seat 3: 28fe67d ($5.14 in chips)
Seat 4: Hero ($5 in chips)
Seat 5: 452a272a ($10.43 in chips)
Seat 6: 2c724c6 ($10.79 in chips)
28fe67d: posts small blind $0.02
Hero: posts big blind $0.05
*** HOLE CARDS ***
Dealt to 700019 
Dealt to 28fe67d 
Dealt to Hero [5d Ah]
Dealt to 452a272a 
Dealt to 2c724c6 
452a272a: folds
2c724c6: folds
700019: folds
28fe67d: folds
Uncalled bet ($0.03) returned to Hero
*** SHOWDOWN ***
Hero collected $0.04 from pot
*** SUMMARY ***
Total pot $0.04 | Rake $0 | Jackpot $0 | Bingo $0 | Fortune $0 | Tax $0
Seat 1: 700019 (button) folded before Flop (didn't bet)
Seat 3: 28fe67d (small blind) folded before Flop
Seat 4: Hero (big blind) collected ($0.04)
Seat 5: 452a272a folded before Flop (didn't bet)
Seat 6: 2c724c6 folded before Flop (didn't bet)


Poker Hand #HD1711136726: Hold'em No Limit ($0.02/$0.05) - 2024/04/01 19:24:34
Table 'NLHBlue15' 6-max Seat #6 is the button
Seat 1: 700019 ($5.52 in chips)
Seat 3: 28fe67d ($5 in chips)
Seat 4: Hero ($5 in chips)
Seat 5: 452a272a ($10.43 in chips)
Seat 6: 2c724c6 ($10.79 in chips)
700019: posts small blind $0.02
28fe67d: posts big blind $0.05
*** HOLE CARDS ***
Dealt to 700019 
Dealt to 28fe67d 
Dealt to Hero [7d Ts]
Dealt to 452a272a 
Dealt to 2c724c6 
Hero: folds
452a272a: folds
2c724c6: folds
700019: raises $0.1 to $0.15
28fe67d: calls $0.1
*** FLOP *** [5c Tc 6c]
700019: checks
28fe67d: checks
*** TURN *** [5c Tc 6c] [5h]
700019: checks
28fe67d: checks
*** RIVER *** [5c Tc 6c 5h] [Qd]
700019: checks
28fe67d: checks
700019: shows [8c Kd] (Pair of Fives)
28fe67d: shows [3d 3c] (Pair of Fives and Pair of Treys)
*** SHOWDOWN ***
28fe67d collected $0.29 from pot
*** SUMMARY ***
Total pot $0.3 | Rake $0.01 | Jackpot $0 | Bingo $0 | Fortune $0 | Tax $0
Board [5c Tc 6c 5h Qd]
Seat 1: 700019 (small blind) showed [8c Kd] and lost with Pair of Fives
Seat 3: 28fe67d (big blind) showed [3d 3c] and won ($0.29) with Pair of Fives and Pair of Treys
Seat 4: Hero folded before Flop (didn't bet)
Seat 5: 452a272a folded before Flop (didn't bet)
Seat 6: 2c724c6 (button) folded before Flop (didn't bet)


Poker Hand #HD1711136647: Hold'em No Limit ($0.02/$0.05) - 2024/04/01 19:24:05
Table 'NLHBlue15' 6-max Seat #5 is the button
Seat 1: 700019 ($5.62 in chips)
Seat 2: 3c380e12 ($5.36 in chips)
Seat 3: 28fe67d ($5 in chips)
Seat 4: Hero ($5 in chips)
Seat 5: 452a272a ($10.43 in chips)
Seat 6: 2c724c6 ($10.7 in chips)
2c724c6: posts small blind $0.02
700019: posts big blind $0.05
*** HOLE CARDS ***
Dealt to 700019 
Dealt to 3c380e12 
Dealt to 28fe67d 
Dealt to Hero [7c 6d]
Dealt to 452a272a 
Dealt to 2c724c6 
3c380e12: folds
28fe67d: folds
Hero: folds
452a272a: folds
2c724c6: raises $0.05 to $0.1
700019: calls $0.05
*** FLOP *** [Jc 2d Kd]
2c724c6: bets $0.15
700019: folds
Uncalled bet ($0.15) returned to 2c724c6
*** SHOWDOWN ***
2c724c6 collected $0.19 from pot
*** SUMMARY ***
Total pot $0.2 | Rake $0.01 | Jackpot $0 | Bingo $0 | Fortune $0 | Tax $0
Board [Jc 2d Kd]
Seat 1: 700019 (big blind) folded on the Flop
Seat 2: 3c380e12 folded before Flop (didn't bet)
Seat 3: 28fe67d folded before Flop (didn't bet)
Seat 4: Hero folded before Flop (didn't bet)
Seat 5: 452a272a (button) folded before Flop (didn't bet)
Seat 6: 2c724c6 (small blind) won ($0.19)


Poker Hand #HD1711136562: Hold'em No Limit ($0.02/$0.05) - 2024/04/01 19:23:34
Table 'NLHBlue15' 6-max Seat #4 is the button
Seat 1: 700019 ($5.62 in chips)
Seat 2: 3c380e12 ($5.36 in chips)
Seat 3: 28fe67d ($5 in chips)
Seat 4: Hero ($5 in chips)
Seat 5: 452a272a ($10.45 in chips)
Seat 6: 2c724c6 ($10.68 in chips)
452a272a: posts small blind $0.02
2c724c6: posts big blind $0.05
*** HOLE CARDS ***
Dealt to 700019 
Dealt to 3c380e12 
Dealt to 28fe67d 
Dealt to Hero [Jh 2h]
Dealt to 452a272a 
Dealt to 2c724c6 
700019: folds
3c380e12: folds
28fe67d: folds
Hero: folds
452a272a: folds
Uncalled bet ($0.03) returned to 2c724c6
*** SHOWDOWN ***
2c724c6 collected $0.04 from pot
*** SUMMARY ***
Total pot $0.04 | Rake $0 | Jackpot $0 | Bingo $0 | Fortune $0 | Tax $0
Seat 1: 700019 folded before Flop (didn't bet)
Seat 2: 3c380e12 folded before Flop (didn't bet)
Seat 3: 28fe67d folded before Flop (didn't bet)
Seat 4: Hero (button) folded before Flop (didn't bet)
Seat 5: 452a272a (small blind) folded before Flop
Seat 6: 2c724c6 (big blind) collected ($0.04)


Poker Hand #HD1711136472: Hold'em No Limit ($0.02/$0.05) - 2024/04/01 19:22:57
Table 'NLHBlue15' 6-max Seat #3 is the button
Seat 1: 700019 ($5.62 in chips)
Seat 2: 3c380e12 ($5.07 in chips)
Seat 3: 28fe67d ($5.16 in chips)
Seat 4: Hero ($5 in chips)
Seat 5: 452a272a ($10.5 in chips)
Seat 6: 2c724c6 ($10.68 in chips)
Hero: posts small blind $0.02
452a272a: posts big blind $0.05
*** HOLE CARDS ***
Dealt to 700019 
Dealt to 3c380e12 
Dealt to 28fe67d 
Dealt to Hero [9d 4d]
Dealt to 452a272a 
Dealt to 2c724c6 
2c724c6: folds
700019: folds
3c380e12: raises $0.08 to $0.13
28fe67d: calls $0.13
Hero: folds
452a272a: folds
*** FLOP *** [Jh Ts 8c]
3c380e12: checks
28fe67d: checks
*** TURN *** [Jh Ts 8c] [Kd]
3c380e12: bets $0.11
28fe67d: calls $0.11
*** RIVER *** [Jh Ts 8c Kd] [Qs]
3c380e12: checks
28fe67d: checks
3c380e12: shows [Th Qc] (Pair of Queens and Pair of Tens)
28fe67d: shows [3c 3h] (Pair of Treys)
*** SHOWDOWN ***
3c380e12 collected $0.53 from pot
*** SUMMARY ***
Total pot $0.55 | Rake $0.02 | Jackpot $0 | Bingo $0 | Fortune $0 | Tax $0
Board [Jh Ts 8c Kd Qs]
Seat 1: 700019 folded before Flop (didn't bet)
Seat 2: 3c380e12 showed [Th Qc] and won ($0.53) with Pair of Queens and Pair of Tens
Seat 3: 28fe67d (button) showed [3c 3h] and lost with Pair of Treys
Seat 4: Hero (small blind) folded before Flop
Seat 5: 452a272a (big blind) folded before Flop
Seat 6: 2c724c6 folded before Flop (didn't bet)


Poker Hand #HD1711136398: Hold'em No Limit ($0.02/$0.05) - 2024/04/01 19:22:27
Table 'NLHBlue15' 6-max Seat #2 is the button
Seat 1: 700019 ($5.74 in chips)
Seat 2: 3c380e12 ($5.07 in chips)
Seat 3: 28fe67d ($5 in chips)
Seat 4: Hero ($5 in chips)
Seat 5: 452a272a ($10.5 in chips)
Seat 6: 2c724c6 ($10.68 in chips)
28fe67d: posts small blind $0.02
Hero: posts big blind $0.05
*** HOLE CARDS ***
Dealt to 700019 
Dealt to 3c380e12 
Dealt to 28fe67d 
Dealt to Hero [3s 6d]
Dealt to 452a272a 
Dealt to 2c724c6 
452a272a: folds
2c724c6: folds
700019: raises $0.07 to $0.12
3c380e12: folds
28fe67d: raises $0.38 to $0.5
Hero: folds
700019: folds
Uncalled bet ($0.38) returned to 28fe67d
*** SHOWDOWN ***
28fe67d collected $0.28 from pot
*** SUMMARY ***
Total pot $0.29 | Rake $0.01 | Jackpot $0 | Bingo $0 | Fortune $0 | Tax $0
Seat 1: 700019 folded before Flop
Seat 2: 3c380e12 (button) folded before Flop (didn't bet)
Seat 3: 28fe67d (small blind) collected ($0.28)
Seat 4: Hero (big blind) folded before Flop
Seat 5: 452a272a folded before Flop (didn't bet)
Seat 6: 2c724c6 folded before Flop (didn't bet)


