Poker Hand #HD1785210360: Hold'em No Limit ($0.05/$0.1) - 2024/05/24 01:31:52
Table 'NLHRed60' 6-max Seat #6 is the button
Seat 1: Hero ($12.2 in chips)
Seat 2: 53ff150d ($16.8 in chips)
Seat 3: ad7a3918 ($10.41 in chips)
Seat 4: 3d85a814 ($41.95 in chips)
Seat 5: 30b8d09b ($5.55 in chips)
Seat 6: ac7412b8 ($12.69 in chips)
Hero: posts small blind $0.05
53ff150d: posts big blind $0.1
*** HOLE CARDS ***
Dealt to Hero [5d 7s]
Dealt to 53ff150d 
Dealt to ad7a3918 
Dealt to 3d85a814 
Dealt to 30b8d09b 
Dealt to ac7412b8 
ad7a3918: raises $0.3 to $0.4
3d85a814: folds
30b8d09b: folds
ac7412b8: raises $0.72 to $1.12
Hero: folds
53ff150d: folds
ad7a3918: calls $0.72
*** FLOP *** [8d 3d Ah]
ad7a3918: checks
ac7412b8: bets $0.45
ad7a3918: calls $0.45
*** TURN *** [8d 3d Ah] [Jh]
ad7a3918: checks
ac7412b8: checks
*** RIVER *** [8d 3d Ah Jh] [4d]
ad7a3918: checks
ac7412b8: checks
ad7a3918: shows [Ks As] (Pair of Aces)
ac7412b8: shows [Qh Qs] (Pair of Queens)
*** SHOWDOWN ***
ad7a3918 collected $3.03 from pot
*** SUMMARY ***
Total pot $3.29 | Rake $0.16 | Jackpot $0.1 | Bingo $0 | Fortune $0 | Tax $0
Board [8d 3d Ah Jh 4d]
Seat 1: Hero (small blind) folded before Flop
Seat 2: 53ff150d (big blind) folded before Flop
Seat 3: ad7a3918 showed [Ks As] and won ($3.03) with Pair of Aces
Seat 4: 3d85a814 folded before Flop (didn't bet)
Seat 5: 30b8d09b folded before Flop (didn't bet)
Seat 6: ac7412b8 (button) showed [Qh Qs] and lost with Pair of Queens


Poker Hand #HD1785210337: Hold'em No Limit ($0.05/$0.1) - 2024/05/24 01:31:39
Table 'NLHRed60' 6-max Seat #5 is the button
Seat 1: Hero ($12.15 in chips)
Seat 2: 53ff150d ($16.8 in chips)
Seat 3: ad7a3918 ($10.41 in chips)
Seat 4: 3d85a814 ($41.95 in chips)
Seat 5: 30b8d09b ($5.55 in chips)
Seat 6: ac7412b8 ($12.74 in chips)
ac7412b8: posts small blind $0.05
Hero: posts big blind $0.1
*** HOLE CARDS ***
Dealt to Hero [Tc 6s]
Dealt to 53ff150d 
Dealt to ad7a3918 
Dealt to 3d85a814 
Dealt to 30b8d09b 
Dealt to ac7412b8 
53ff150d: folds
ad7a3918: folds
3d85a814: folds
30b8d09b: folds
ac7412b8: folds
Uncalled bet ($0.05) returned to Hero
*** SHOWDOWN ***
Hero collected $0.1 from pot
*** SUMMARY ***
Total pot $0.1 | Rake $0 | Jackpot $0 | Bingo $0 | Fortune $0 | Tax $0
Seat 1: Hero (big blind) collected ($0.1)
Seat 2: 53ff150d folded before Flop (didn't bet)
Seat 3: ad7a3918 folded before Flop (didn't bet)
Seat 4: 3d85a814 folded before Flop (didn't bet)
Seat 5: 30b8d09b (button) folded before Flop (didn't bet)
Seat 6: ac7412b8 (small blind) folded before Flop


Poker Hand #HD1785210278: Hold'em No Limit ($0.05/$0.1) - 2024/05/24 01:31:09
Table 'NLHRed60' 6-max Seat #4 is the button
Seat 1: Hero ($12.15 in chips)
Seat 2: 53ff150d ($16.8 in chips)
Seat 3: ad7a3918 ($10.26 in chips)
Seat 4: 3d85a814 ($41.95 in chips)
Seat 5: 30b8d09b ($5.6 in chips)
Seat 6: ac7412b8 ($12.84 in chips)
30b8d09b: posts small blind $0.05
ac7412b8: posts big blind $0.1
*** HOLE CARDS ***
Dealt to Hero [7c 6c]
Dealt to 53ff150d 
Dealt to ad7a3918 
Dealt to 3d85a814 
Dealt to 30b8d09b 
Dealt to ac7412b8 
Hero: folds
53ff150d: folds
ad7a3918: raises $0.3 to $0.4
3d85a814: folds
30b8d09b: folds
ac7412b8: folds
Uncalled bet ($0.3) returned to ad7a3918
*** SHOWDOWN ***
ad7a3918 collected $0.25 from pot
*** SUMMARY ***
Total pot $0.25 | Rake $0 | Jackpot $0 | Bingo $0 | Fortune $0 | Tax $0
Seat 1: Hero folded before Flop (didn't bet)
Seat 2: 53ff150d folded before Flop (didn't bet)
Seat 3: ad7a3918 collected ($0.25)
Seat 4: 3d85a814 (button) folded before Flop (didn't bet)
Seat 5: 30b8d09b (small blind) folded before Flop
Seat 6: ac7412b8 (big blind) folded before Flop


Poker Hand #HD1785210234: Hold'em No Limit ($0.05/$0.1) - 2024/05/24 01:30:46
Table 'NLHRed60' 6-max Seat #3 is the button
Seat 1: Hero ($12.15 in chips)
Seat 2: 53ff150d ($16.8 in chips)
Seat 3: ad7a3918 ($10.26 in chips)
Seat 4: 3d85a814 ($42 in chips)
Seat 5: 30b8d09b ($5.55 in chips)
Seat 6: ac7412b8 ($12.84 in chips)
3d85a814: posts small blind $0.05
30b8d09b: posts big blind $0.1
*** HOLE CARDS ***
Dealt to Hero [4c Tc]
Dealt to 53ff150d 
Dealt to ad7a3918 
Dealt to 3d85a814 
Dealt to 30b8d09b 
Dealt to ac7412b8 
ac7412b8: folds
Hero: folds
53ff150d: folds
ad7a3918: folds
3d85a814: folds
Uncalled bet ($0.05) returned to 30b8d09b
*** SHOWDOWN ***
30b8d09b collected $0.1 from pot
*** SUMMARY ***
Total pot $0.1 | Rake $0 | Jackpot $0 | Bingo $0 | Fortune $0 | Tax $0
Seat 1: Hero folded before Flop (didn't bet)
Seat 2: 53ff150d folded before Flop (didn't bet)
Seat 3: ad7a3918 (button) folded before Flop (didn't bet)
Seat 4: 3d85a814 (small blind) folded before Flop
Seat 5: 30b8d09b (big blind) collected ($0.1)
Seat 6: ac7412b8 folded before Flop (didn't bet)


Poker Hand #HD1785210205: Hold'em No Limit ($0.05/$0.1) - 2024/05/24 01:30:30
Table 'NLHRed60' 6-max Seat #2 is the button
Seat 1: Hero ($12.15 in chips)
Seat 2: 53ff150d ($16.8 in chips)
Seat 3: ad7a3918 ($10.31 in chips)
Seat 4: 3d85a814 ($41.95 in chips)
Seat 5: 30b8d09b ($5.55 in chips)
Seat 6: ac7412b8 ($12.84 in chips)
ad7a3918: posts small blind $0.05
3d85a814: posts big blind $0.1
*** HOLE CARDS ***
Dealt to Hero [Ah 6s]
Dealt to 53ff150d 
Dealt to ad7a3918 
Dealt to 3d85a814 
Dealt to 30b8d09b 
Dealt to ac7412b8 
30b8d09b: folds
ac7412b8: folds
Hero: folds
53ff150d: folds
ad7a3918: folds
Uncalled bet ($0.05) returned to 3d85a814
*** SHOWDOWN ***
3d85a814 collected $0.1 from pot
*** SUMMARY ***
Total pot $0.1 | Rake $0 | Jackpot $0 | Bingo $0 | Fortune $0 | Tax $0
Seat 1: Hero folded before Flop (didn't bet)
Seat 2: 53ff150d (button) folded before Flop (didn't bet)
Seat 3: ad7a3918 (small blind) folded before Flop
Seat 4: 3d85a814 (big blind) collected ($0.1)
Seat 5: 30b8d09b folded before Flop (didn't bet)
Seat 6: ac7412b8 folded before Flop (didn't bet)


Poker Hand #HD1785210146: Hold'em No Limit ($0.05/$0.1) - 2024/05/24 01:30:03
Table 'NLHRed60' 6-max Seat #1 is the button
Seat 1: Hero ($12.15 in chips)
Seat 2: 53ff150d ($16.85 in chips)
Seat 3: ad7a3918 ($10.41 in chips)
Seat 4: 3d85a814 ($41.95 in chips)
Seat 5: 30b8d09b ($5.55 in chips)
Seat 6: ac7412b8 ($12.69 in chips)
53ff150d: posts small blind $0.05
ad7a3918: posts big blind $0.1
*** HOLE CARDS ***
Dealt to Hero [8h Ah]
Dealt to 53ff150d 
Dealt to ad7a3918 
Dealt to 3d85a814 
Dealt to 30b8d09b 
Dealt to ac7412b8 
3d85a814: folds
30b8d09b: folds
ac7412b8: raises $0.15 to $0.25
Hero: folds
53ff150d: folds
ad7a3918: folds
Uncalled bet ($0.15) returned to ac7412b8
*** SHOWDOWN ***
ac7412b8 collected $0.25 from pot
*** SUMMARY ***
Total pot $0.25 | Rake $0 | Jackpot $0 | Bingo $0 | Fortune $0 | Tax $0
Seat 1: Hero (button) folded before Flop (didn't bet)
Seat 2: 53ff150d (small blind) folded before Flop
Seat 3: ad7a3918 (big blind) folded before Flop
Seat 4: 3d85a814 folded before Flop (didn't bet)
Seat 5: 30b8d09b folded before Flop (didn't bet)
Seat 6: ac7412b8 collected ($0.25)


Poker Hand #HD1785210115: Hold'em No Limit ($0.05/$0.1) - 2024/05/24 01:29:47
Table 'NLHRed60' 6-max Seat #6 is the button
Seat 1: Hero ($12.05 in chips)
Seat 2: 53ff150d ($16.95 in chips)
Seat 3: ad7a3918 ($10.41 in chips)
Seat 4: 3d85a814 ($41.95 in chips)
Seat 5: 30b8d09b ($5.55 in chips)
Seat 6: ac7412b8 ($12.69 in chips)
Hero: posts small blind $0.05
53ff150d: posts big blind $0.1
*** HOLE CARDS ***
Dealt to Hero [Js Jd]
Dealt to 53ff150d 
Dealt to ad7a3918 
Dealt to 3d85a814 
Dealt to 30b8d09b 
Dealt to ac7412b8 
ad7a3918: folds
3d85a814: folds
30b8d09b: folds
ac7412b8: folds
Hero: raises $0.2 to $0.3
53ff150d: folds
Uncalled bet ($0.2) returned to Hero
*** SHOWDOWN ***
Hero collected $0.2 from pot
*** SUMMARY ***
Total pot $0.2 | Rake $0 | Jackpot $0 | Bingo $0 | Fortune $0 | Tax $0
Seat 1: Hero (small blind) collected ($0.2)
Seat 2: 53ff150d (big blind) folded before Flop
Seat 3: ad7a3918 folded before Flop (didn't bet)
Seat 4: 3d85a814 folded before Flop (didn't bet)
Seat 5: 30b8d09b folded before Flop (didn't bet)
Seat 6: ac7412b8 (button) folded before Flop (didn't bet)


Poker Hand #HD1785210085: Hold'em No Limit ($0.05/$0.1) - 2024/05/24 01:29:35
Table 'NLHRed60' 6-max Seat #5 is the button
Seat 1: Hero ($12 in chips)
Seat 2: 53ff150d ($16.95 in chips)
Seat 3: ad7a3918 ($10.41 in chips)
Seat 4: 3d85a814 ($41.95 in chips)
Seat 5: 30b8d09b ($5.55 in chips)
Seat 6: ac7412b8 ($12.74 in chips)
ac7412b8: posts small blind $0.05
Hero: posts big blind $0.1
*** HOLE CARDS ***
Dealt to Hero [7h 2c]
Dealt to 53ff150d 
Dealt to ad7a3918 
Dealt to 3d85a814 
Dealt to 30b8d09b 
Dealt to ac7412b8 
53ff150d: folds
ad7a3918: folds
3d85a814: folds
30b8d09b: folds
ac7412b8: folds
Uncalled bet ($0.05) returned to Hero
*** SHOWDOWN ***
Hero collected $0.1 from pot
*** SUMMARY ***
Total pot $0.1 | Rake $0 | Jackpot $0 | Bingo $0 | Fortune $0 | Tax $0
Seat 1: Hero (big blind) collected ($0.1)
Seat 2: 53ff150d folded before Flop (didn't bet)
Seat 3: ad7a3918 folded before Flop (didn't bet)
Seat 4: 3d85a814 folded before Flop (didn't bet)
Seat 5: 30b8d09b (button) folded before Flop (didn't bet)
Seat 6: ac7412b8 (small blind) folded before Flop


Poker Hand #HD1785210067: Hold'em No Limit ($0.05/$0.1) - 2024/05/24 01:29:25
Table 'NLHRed60' 6-max Seat #4 is the button
Seat 1: Hero ($12 in chips)
Seat 2: 53ff150d ($16.95 in chips)
Seat 3: ad7a3918 ($10.41 in chips)
Seat 4: 3d85a814 ($41.95 in chips)
Seat 5: 30b8d09b ($5.6 in chips)
Seat 6: ac7412b8 ($12.69 in chips)
30b8d09b: posts small blind $0.05
ac7412b8: posts big blind $0.1
*** HOLE CARDS ***
Dealt to Hero [Ks 4d]
Dealt to 53ff150d 
Dealt to ad7a3918 
Dealt to 3d85a814 
Dealt to 30b8d09b 
Dealt to ac7412b8 
Hero: folds
53ff150d: folds
ad7a3918: folds
3d85a814: folds
30b8d09b: folds
Uncalled bet ($0.05) returned to ac7412b8
*** SHOWDOWN ***
ac7412b8 collected $0.1 from pot
*** SUMMARY ***
Total pot $0.1 | Rake $0 | Jackpot $0 | Bingo $0 | Fortune $0 | Tax $0
Seat 1: Hero folded before Flop (didn't bet)
Seat 2: 53ff150d folded before Flop (didn't bet)
Seat 3: ad7a3918 folded before Flop (didn't bet)
Seat 4: 3d85a814 (button) folded before Flop (didn't bet)
Seat 5: 30b8d09b (small blind) folded before Flop
Seat 6: ac7412b8 (big blind) collected ($0.1)


Poker Hand #HD1785210043: Hold'em No Limit ($0.05/$0.1) - 2024/05/24 01:29:14
Table 'NLHRed60' 6-max Seat #3 is the button
Seat 1: Hero ($11.85 in chips)
Seat 2: 53ff150d ($16.95 in chips)
Seat 3: ad7a3918 ($10.41 in chips)
Seat 4: 3d85a814 ($42 in chips)
Seat 5: 30b8d09b ($5.7 in chips)
Seat 6: ac7412b8 ($12.69 in chips)
3d85a814: posts small blind $0.05
30b8d09b: posts big blind $0.1
*** HOLE CARDS ***
Dealt to Hero [Jh Ks]
Dealt to 53ff150d 
Dealt to ad7a3918 
Dealt to 3d85a814 
Dealt to 30b8d09b 
Dealt to ac7412b8 
ac7412b8: folds
Hero: raises $0.1 to $0.2
53ff150d: folds
ad7a3918: folds
3d85a814: folds
30b8d09b: folds
Uncalled bet ($0.1) returned to Hero
*** SHOWDOWN ***
Hero collected $0.25 from pot
*** SUMMARY ***
Total pot $0.25 | Rake $0 | Jackpot $0 | Bingo $0 | Fortune $0 | Tax $0
Seat 1: Hero collected ($0.25)
Seat 2: 53ff150d folded before Flop (didn't bet)
Seat 3: ad7a3918 (button) folded before Flop (didn't bet)
Seat 4: 3d85a814 (small blind) folded before Flop
Seat 5: 30b8d09b (big blind) folded before Flop
Seat 6: ac7412b8 folded before Flop (didn't bet)


Poker Hand #HD1785210011: Hold'em No Limit ($0.05/$0.1) - 2024/05/24 01:28:58
Table 'NLHRed60' 6-max Seat #2 is the button
Seat 1: Hero ($11.7 in chips)
Seat 2: 53ff150d ($16.95 in chips)
Seat 3: ad7a3918 ($10.46 in chips)
Seat 4: 3d85a814 ($42.1 in chips)
Seat 5: 30b8d09b ($5.7 in chips)
Seat 6: ac7412b8 ($12.69 in chips)
ad7a3918: posts small blind $0.05
3d85a814: posts big blind $0.1
*** HOLE CARDS ***
Dealt to Hero [8s Js]
Dealt to 53ff150d 
Dealt to ad7a3918 
Dealt to 3d85a814 
Dealt to 30b8d09b 
Dealt to ac7412b8 
30b8d09b: folds
ac7412b8: folds
Hero: raises $0.14 to $0.24
53ff150d: folds
ad7a3918: folds
3d85a814: folds
Uncalled bet ($0.14) returned to Hero
*** SHOWDOWN ***
Hero collected $0.25 from pot
*** SUMMARY ***
Total pot $0.25 | Rake $0 | Jackpot $0 | Bingo $0 | Fortune $0 | Tax $0
Seat 1: Hero collected ($0.25)
Seat 2: 53ff150d (button) folded before Flop (didn't bet)
Seat 3: ad7a3918 (small blind) folded before Flop
Seat 4: 3d85a814 (big blind) folded before Flop
Seat 5: 30b8d09b folded before Flop (didn't bet)
Seat 6: ac7412b8 folded before Flop (didn't bet)


Poker Hand #HD1785209856: Hold'em No Limit ($0.05/$0.1) - 2024/05/24 01:27:41
Table 'NLHRed60' 6-max Seat #1 is the button
Seat 1: Hero ($11.7 in chips)
Seat 2: 53ff150d ($8.77 in chips)
Seat 3: ad7a3918 ($10.56 in chips)
Seat 4: 3d85a814 ($42.1 in chips)
Seat 5: 30b8d09b ($14.47 in chips)
Seat 6: ac7412b8 ($12.99 in chips)
53ff150d: posts small blind $0.05
ad7a3918: posts big blind $0.1
*** HOLE CARDS ***
Dealt to Hero [Jc Qd]
Dealt to 53ff150d 
Dealt to ad7a3918 
Dealt to 3d85a814 
Dealt to 30b8d09b 
Dealt to ac7412b8 
3d85a814: folds
30b8d09b: raises $0.2 to $0.3
ac7412b8: calls $0.3
Hero: folds
53ff150d: calls $0.25
ad7a3918: folds
*** FLOP *** [8s 9d Ks]
53ff150d: checks
30b8d09b: bets $0.5
ac7412b8: folds
53ff150d: calls $0.5
*** TURN *** [8s 9d Ks] [Kc]
53ff150d: checks
30b8d09b: bets $0.66
53ff150d: calls $0.66
*** RIVER *** [8s 9d Ks Kc] [8c]
53ff150d: bets $2.49
30b8d09b: raises $4.15 to $6.64
53ff150d: raises $0.67 to $7.31 and is all-in
30b8d09b: calls $0.67
53ff150d: shows [8d 8h] (Four Eights)
30b8d09b: shows [Kd Qh] (Kings Full over Eights)
*** SHOWDOWN ***
53ff150d collected $16.95 from pot
*** SUMMARY ***
Total pot $17.94 | Rake $0.89 | Jackpot $0.1 | Bingo $0 | Fortune $0 | Tax $0
Board [8s 9d Ks Kc 8c]
Seat 1: Hero (button) folded before Flop (didn't bet)
Seat 2: 53ff150d (small blind) showed [8d 8h] and won ($16.95) with Four Eights
Seat 3: ad7a3918 (big blind) folded before Flop
Seat 4: 3d85a814 folded before Flop (didn't bet)
Seat 5: 30b8d09b showed [Kd Qh] and lost with Kings Full over Eights
Seat 6: ac7412b8 folded on the Flop


Poker Hand #HD1785209817: Hold'em No Limit ($0.05/$0.1) - 2024/05/24 01:27:19
Table 'NLHRed60' 6-max Seat #6 is the button
Seat 1: Hero ($11.75 in chips)
Seat 2: 53ff150d ($8.87 in chips)
Seat 3: ad7a3918 ($10.56 in chips)
Seat 4: 3d85a814 ($41.95 in chips)
Seat 5: 30b8d09b ($14.47 in chips)
Seat 6: ac7412b8 ($12.99 in chips)
Hero: posts small blind $0.05
53ff150d: posts big blind $0.1
*** HOLE CARDS ***
Dealt to Hero [7d Ac]
Dealt to 53ff150d 
Dealt to ad7a3918 
Dealt to 3d85a814 
Dealt to 30b8d09b 
Dealt to ac7412b8 
ad7a3918: folds
3d85a814: raises $0.15 to $0.25
30b8d09b: folds
ac7412b8: folds
Hero: folds
53ff150d: folds
Uncalled bet ($0.15) returned to 3d85a814
*** SHOWDOWN ***
3d85a814 collected $0.25 from pot
*** SUMMARY ***
Total pot $0.25 | Rake $0 | Jackpot $0 | Bingo $0 | Fortune $0 | Tax $0
Seat 1: Hero (small blind) folded before Flop
Seat 2: 53ff150d (big blind) folded before Flop
Seat 3: ad7a3918 folded before Flop (didn't bet)
Seat 4: 3d85a814 collected ($0.25)
Seat 5: 30b8d09b folded before Flop (didn't bet)
Seat 6: ac7412b8 (button) folded before Flop (didn't bet)


Poker Hand #HD1785209759: Hold'em No Limit ($0.05/$0.1) - 2024/05/24 01:26:50
Table 'NLHRed60' 6-max Seat #5 is the button
Seat 1: Hero ($11.47 in chips)
Seat 2: 53ff150d ($8.87 in chips)
Seat 3: ad7a3918 ($10.56 in chips)
Seat 4: 3d85a814 ($42.2 in chips)
Seat 5: 30b8d09b ($14.47 in chips)
Seat 6: ac7412b8 ($13.04 in chips)
ac7412b8: posts small blind $0.05
Hero: posts big blind $0.1
*** HOLE CARDS ***
Dealt to Hero [Kc Ah]
Dealt to 53ff150d 
Dealt to ad7a3918 
Dealt to 3d85a814 
Dealt to 30b8d09b 
Dealt to ac7412b8 
53ff150d: folds
ad7a3918: folds
3d85a814: raises $0.15 to $0.25
30b8d09b: folds
ac7412b8: folds
Hero: raises $0.95 to $1.2
3d85a814: folds
Uncalled bet ($0.95) returned to Hero
*** SHOWDOWN ***
Hero collected $0.53 from pot
*** SUMMARY ***
Total pot $0.55 | Rake $0.02 | Jackpot $0 | Bingo $0 | Fortune $0 | Tax $0
Seat 1: Hero (big blind) collected ($0.53)
Seat 2: 53ff150d folded before Flop (didn't bet)
Seat 3: ad7a3918 folded before Flop (didn't bet)
Seat 4: 3d85a814 folded before Flop
Seat 5: 30b8d09b (button) folded before Flop (didn't bet)
Seat 6: ac7412b8 (small blind) folded before Flop


Poker Hand #HD1785209715: Hold'em No Limit ($0.05/$0.1) - 2024/05/24 01:26:29
Table 'NLHRed60' 6-max Seat #4 is the button
Seat 1: Hero ($11.47 in chips)
Seat 2: 53ff150d ($8.87 in chips)
Seat 3: ad7a3918 ($10.56 in chips)
Seat 4: 3d85a814 ($42.05 in chips)
Seat 5: 30b8d09b ($14.52 in chips)
Seat 6: ac7412b8 ($13.14 in chips)
30b8d09b: posts small blind $0.05
ac7412b8: posts big blind $0.1
*** HOLE CARDS ***
Dealt to Hero [Ah 3d]
Dealt to 53ff150d 
Dealt to ad7a3918 
Dealt to 3d85a814 
Dealt to 30b8d09b 
Dealt to ac7412b8 
Hero: folds
53ff150d: folds
ad7a3918: folds
3d85a814: raises $0.12 to $0.22
30b8d09b: folds
ac7412b8: folds
Uncalled bet ($0.12) returned to 3d85a814
*** SHOWDOWN ***
3d85a814 collected $0.25 from pot
*** SUMMARY ***
Total pot $0.25 | Rake $0 | Jackpot $0 | Bingo $0 | Fortune $0 | Tax $0
Seat 1: Hero folded before Flop (didn't bet)
Seat 2: 53ff150d folded before Flop (didn't bet)
Seat 3: ad7a3918 folded before Flop (didn't bet)
Seat 4: 3d85a814 (button) collected ($0.25)
Seat 5: 30b8d09b (small blind) folded before Flop
Seat 6: ac7412b8 (big blind) folded before Flop


Poker Hand #HD1785209672: Hold'em No Limit ($0.05/$0.1) - 2024/05/24 01:26:07
Table 'NLHRed60' 6-max Seat #3 is the button
Seat 1: Hero ($11.47 in chips)
Seat 2: 53ff150d ($8.87 in chips)
Seat 3: ad7a3918 ($10.56 in chips)
Seat 4: 3d85a814 ($41.95 in chips)
Seat 5: 30b8d09b ($14.62 in chips)
Seat 6: ac7412b8 ($13.14 in chips)
3d85a814: posts small blind $0.05
30b8d09b: posts big blind $0.1
*** HOLE CARDS ***
Dealt to Hero [Ts 5c]
Dealt to 53ff150d 
Dealt to ad7a3918 
Dealt to 3d85a814 
Dealt to 30b8d09b 
Dealt to ac7412b8 
ac7412b8: folds
Hero: folds
53ff150d: folds
ad7a3918: folds
3d85a814: raises $0.2 to $0.3
30b8d09b: folds
Uncalled bet ($0.2) returned to 3d85a814
*** SHOWDOWN ***
3d85a814 collected $0.2 from pot
*** SUMMARY ***
Total pot $0.2 | Rake $0 | Jackpot $0 | Bingo $0 | Fortune $0 | Tax $0
Seat 1: Hero folded before Flop (didn't bet)
Seat 2: 53ff150d folded before Flop (didn't bet)
Seat 3: ad7a3918 (button) folded before Flop (didn't bet)
Seat 4: 3d85a814 (small blind) collected ($0.2)
Seat 5: 30b8d09b (big blind) folded before Flop
Seat 6: ac7412b8 folded before Flop (didn't bet)


Poker Hand #HD1785209624: Hold'em No Limit ($0.05/$0.1) - 2024/05/24 01:25:36
Table 'NLHRed60' 6-max Seat #2 is the button
Seat 1: Hero ($11.47 in chips)
Seat 2: 53ff150d ($8.87 in chips)
Seat 3: ad7a3918 ($10.61 in chips)
Seat 4: 3d85a814 ($42.25 in chips)
Seat 5: 30b8d09b ($14.3 in chips)
Seat 6: ac7412b8 ($13.14 in chips)
ad7a3918: posts small blind $0.05
3d85a814: posts big blind $0.1
*** HOLE CARDS ***
Dealt to Hero [2c Qc]
Dealt to 53ff150d 
Dealt to ad7a3918 
Dealt to 3d85a814 
Dealt to 30b8d09b 
Dealt to ac7412b8 
30b8d09b: raises $0.2 to $0.3
ac7412b8: folds
Hero: folds
53ff150d: folds
ad7a3918: folds
3d85a814: calls $0.2
*** FLOP *** [Qd 6s 7h]
3d85a814: checks
30b8d09b: bets $0.33
3d85a814: folds
Uncalled bet ($0.33) returned to 30b8d09b
*** SHOWDOWN ***
30b8d09b collected $0.62 from pot
*** SUMMARY ***
Total pot $0.65 | Rake $0.03 | Jackpot $0 | Bingo $0 | Fortune $0 | Tax $0
Board [Qd 6s 7h]
Seat 1: Hero folded before Flop (didn't bet)
Seat 2: 53ff150d (button) folded before Flop (didn't bet)
Seat 3: ad7a3918 (small blind) folded before Flop
Seat 4: 3d85a814 (big blind) folded on the Flop
Seat 5: 30b8d09b won ($0.62)
Seat 6: ac7412b8 folded before Flop (didn't bet)


Poker Hand #HD1785209596: Hold'em No Limit ($0.05/$0.1) - 2024/05/24 01:25:21
Table 'NLHRed60' 6-max Seat #1 is the button
Seat 1: Hero ($11.47 in chips)
Seat 2: 53ff150d ($8.77 in chips)
Seat 3: ad7a3918 ($10.71 in chips)
Seat 4: 3d85a814 ($42.25 in chips)
Seat 5: 30b8d09b ($14.3 in chips)
Seat 6: ac7412b8 ($13.14 in chips)
53ff150d: posts small blind $0.05
ad7a3918: posts big blind $0.1
*** HOLE CARDS ***
Dealt to Hero [3c 5s]
Dealt to 53ff150d 
Dealt to ad7a3918 
Dealt to 3d85a814 
Dealt to 30b8d09b 
Dealt to ac7412b8 
3d85a814: folds
30b8d09b: folds
ac7412b8: folds
Hero: folds
53ff150d: raises $0.2 to $0.3
ad7a3918: folds
Uncalled bet ($0.2) returned to 53ff150d
*** SHOWDOWN ***
53ff150d collected $0.2 from pot
*** SUMMARY ***
Total pot $0.2 | Rake $0 | Jackpot $0 | Bingo $0 | Fortune $0 | Tax $0
Seat 1: Hero (button) folded before Flop (didn't bet)
Seat 2: 53ff150d (small blind) collected ($0.2)
Seat 3: ad7a3918 (big blind) folded before Flop
Seat 4: 3d85a814 folded before Flop (didn't bet)
Seat 5: 30b8d09b folded before Flop (didn't bet)
Seat 6: ac7412b8 folded before Flop (didn't bet)


Poker Hand #HD1785209527: Hold'em No Limit ($0.05/$0.1) - 2024/05/24 01:24:44
Table 'NLHRed60' 6-max Seat #6 is the button
Seat 1: Hero ($11.52 in chips)
Seat 2: 53ff150d ($8.87 in chips)
Seat 3: ad7a3918 ($10.71 in chips)
Seat 4: 3d85a814 ($42.25 in chips)
Seat 5: 30b8d09b ($13.88 in chips)
Seat 6: ac7412b8 ($13.44 in chips)
Hero: posts small blind $0.05
53ff150d: posts big blind $0.1
*** HOLE CARDS ***
Dealt to Hero [As Td]
Dealt to 53ff150d 
Dealt to ad7a3918 
Dealt to 3d85a814 
Dealt to 30b8d09b 
Dealt to ac7412b8 
ad7a3918: folds
3d85a814: folds
30b8d09b: raises $0.2 to $0.3
ac7412b8: calls $0.3
Hero: folds
53ff150d: folds
*** FLOP *** [Jc 9c 6c]
30b8d09b: checks
ac7412b8: checks
*** TURN *** [Jc 9c 6c] [3d]
30b8d09b: bets $0.38
ac7412b8: folds
Uncalled bet ($0.38) returned to 30b8d09b
*** SHOWDOWN ***
30b8d09b collected $0.72 from pot
*** SUMMARY ***
Total pot $0.75 | Rake $0.03 | Jackpot $0 | Bingo $0 | Fortune $0 | Tax $0
Board [Jc 9c 6c 3d]
Seat 1: Hero (small blind) folded before Flop
Seat 2: 53ff150d (big blind) folded before Flop
Seat 3: ad7a3918 folded before Flop (didn't bet)
Seat 4: 3d85a814 folded before Flop (didn't bet)
Seat 5: 30b8d09b won ($0.72)
Seat 6: ac7412b8 (button) folded on the Turn


Poker Hand #HD1785209496: Hold'em No Limit ($0.05/$0.1) - 2024/05/24 01:24:28
Table 'NLHRed60' 6-max Seat #5 is the button
Seat 1: Hero ($11.62 in chips)
Seat 2: 53ff150d ($8.87 in chips)
Seat 3: ad7a3918 ($10.71 in chips)
Seat 4: 3d85a814 ($42.25 in chips)
Seat 5: 30b8d09b ($13.88 in chips)
Seat 6: ac7412b8 ($13.34 in chips)
ac7412b8: posts small blind $0.05
Hero: posts big blind $0.1
*** HOLE CARDS ***
Dealt to Hero [Ts 4c]
Dealt to 53ff150d 
Dealt to ad7a3918 
Dealt to 3d85a814 
Dealt to 30b8d09b 
Dealt to ac7412b8 
53ff150d: folds
ad7a3918: folds
3d85a814: folds
30b8d09b: folds
ac7412b8: raises $0.15 to $0.25
Hero: folds
Uncalled bet ($0.15) returned to ac7412b8
*** SHOWDOWN ***
ac7412b8 collected $0.2 from pot
*** SUMMARY ***
Total pot $0.2 | Rake $0 | Jackpot $0 | Bingo $0 | Fortune $0 | Tax $0
Seat 1: Hero (big blind) folded before Flop
Seat 2: 53ff150d folded before Flop (didn't bet)
Seat 3: ad7a3918 folded before Flop (didn't bet)
Seat 4: 3d85a814 folded before Flop (didn't bet)
Seat 5: 30b8d09b (button) folded before Flop (didn't bet)
Seat 6: ac7412b8 (small blind) collected ($0.2)


Poker Hand #HD1785209431: Hold'em No Limit ($0.05/$0.1) - 2024/05/24 01:23:51
Table 'NLHRed60' 6-max Seat #4 is the button
Seat 1: Hero ($11.82 in chips)
Seat 2: 53ff150d ($8.87 in chips)
Seat 3: ad7a3918 ($10.38 in chips)
Seat 4: 3d85a814 ($42.25 in chips)
Seat 5: 30b8d09b ($13.93 in chips)
Seat 6: ac7412b8 ($13.44 in chips)
30b8d09b: posts small blind $0.05
ac7412b8: posts big blind $0.1
*** HOLE CARDS ***
Dealt to Hero [Kc Qd]
Dealt to 53ff150d 
Dealt to ad7a3918 
Dealt to 3d85a814 
Dealt to 30b8d09b 
Dealt to ac7412b8 
Hero: raises $0.1 to $0.2
53ff150d: folds
ad7a3918: calls $0.2
3d85a814: folds
30b8d09b: folds
ac7412b8: folds
*** FLOP *** [4d 4s 6d]
Hero: checks
ad7a3918: checks
*** TURN *** [4d 4s 6d] [3s]
Hero: checks
ad7a3918: checks
*** RIVER *** [4d 4s 6d 3s] [9d]
Hero: checks
ad7a3918: checks
Hero: shows [Kc Qd] (Pair of Fours)
ad7a3918: shows [Qc Ad] (Pair of Fours)
*** SHOWDOWN ***
ad7a3918 collected $0.53 from pot
*** SUMMARY ***
Total pot $0.55 | Rake $0.02 | Jackpot $0 | Bingo $0 | Fortune $0 | Tax $0
Board [4d 4s 6d 3s 9d]
Seat 1: Hero showed [Kc Qd] and lost with Pair of Fours
Seat 2: 53ff150d folded before Flop (didn't bet)
Seat 3: ad7a3918 showed [Qc Ad] and won ($0.53) with Pair of Fours
Seat 4: 3d85a814 (button) folded before Flop (didn't bet)
Seat 5: 30b8d09b (small blind) folded before Flop
Seat 6: ac7412b8 (big blind) folded before Flop


Poker Hand #HD1785209412: Hold'em No Limit ($0.05/$0.1) - 2024/05/24 01:23:42
Table 'NLHRed60' 6-max Seat #3 is the button
Seat 1: Hero ($11.82 in chips)
Seat 2: 53ff150d ($8.87 in chips)
Seat 3: ad7a3918 ($10.38 in chips)
Seat 4: 3d85a814 ($42.3 in chips)
Seat 5: 30b8d09b ($13.88 in chips)
Seat 6: ac7412b8 ($13.44 in chips)
3d85a814: posts small blind $0.05
30b8d09b: posts big blind $0.1
*** HOLE CARDS ***
Dealt to Hero [8s 7d]
Dealt to 53ff150d 
Dealt to ad7a3918 
Dealt to 3d85a814 
Dealt to 30b8d09b 
Dealt to ac7412b8 
ac7412b8: folds
Hero: folds
53ff150d: folds
ad7a3918: folds
3d85a814: folds
Uncalled bet ($0.05) returned to 30b8d09b
*** SHOWDOWN ***
30b8d09b collected $0.1 from pot
*** SUMMARY ***
Total pot $0.1 | Rake $0 | Jackpot $0 | Bingo $0 | Fortune $0 | Tax $0
Seat 1: Hero folded before Flop (didn't bet)
Seat 2: 53ff150d folded before Flop (didn't bet)
Seat 3: ad7a3918 (button) folded before Flop (didn't bet)
Seat 4: 3d85a814 (small blind) folded before Flop
Seat 5: 30b8d09b (big blind) collected ($0.1)
Seat 6: ac7412b8 folded before Flop (didn't bet)


Poker Hand #HD1785209346: Hold'em No Limit ($0.05/$0.1) - 2024/05/24 01:23:12
Table 'NLHRed60' 6-max Seat #2 is the button
Seat 1: Hero ($12.06 in chips)
Seat 2: 53ff150d ($8.51 in chips)
Seat 3: ad7a3918 ($10.43 in chips)
Seat 4: 3d85a814 ($42.4 in chips)
Seat 5: 30b8d09b ($13.88 in chips)
Seat 6: ac7412b8 ($13.44 in chips)
ad7a3918: posts small blind $0.05
3d85a814: posts big blind $0.1
*** HOLE CARDS ***
Dealt to Hero [Ad 9s]
Dealt to 53ff150d 
Dealt to ad7a3918 
Dealt to 3d85a814 
Dealt to 30b8d09b 
Dealt to ac7412b8 
30b8d09b: folds
ac7412b8: folds
Hero: raises $0.14 to $0.24
53ff150d: calls $0.24
ad7a3918: folds
3d85a814: folds
*** FLOP *** [5s Qh 3c]
Hero: checks
53ff150d: bets $0.23
Hero: folds
Uncalled bet ($0.23) returned to 53ff150d
*** SHOWDOWN ***
53ff150d collected $0.6 from pot
*** SUMMARY ***
Total pot $0.63 | Rake $0.03 | Jackpot $0 | Bingo $0 | Fortune $0 | Tax $0
Board [5s Qh 3c]
Seat 1: Hero folded on the Flop
Seat 2: 53ff150d (button) won ($0.6)
Seat 3: ad7a3918 (small blind) folded before Flop
Seat 4: 3d85a814 (big blind) folded before Flop
Seat 5: 30b8d09b folded before Flop (didn't bet)
Seat 6: ac7412b8 folded before Flop (didn't bet)


Poker Hand #HD1785209273: Hold'em No Limit ($0.05/$0.1) - 2024/05/24 01:22:28
Table 'NLHRed60' 6-max Seat #1 is the button
Seat 1: Hero ($12.48 in chips)
Seat 2: 53ff150d ($8.56 in chips)
Seat 3: ad7a3918 ($10 in chips)
Seat 4: 3d85a814 ($42.4 in chips)
Seat 5: 30b8d09b ($13.88 in chips)
Seat 6: ac7412b8 ($13.44 in chips)
53ff150d: posts small blind $0.05
ad7a3918: posts big blind $0.1
*** HOLE CARDS ***
Dealt to Hero [6c 8c]
Dealt to 53ff150d 
Dealt to ad7a3918 
Dealt to 3d85a814 
Dealt to 30b8d09b 
Dealt to ac7412b8 
3d85a814: folds
30b8d09b: folds
ac7412b8: folds
Hero: raises $0.14 to $0.24
53ff150d: folds
ad7a3918: calls $0.14
*** FLOP *** [8s 5h Qd]
ad7a3918: checks
Hero: checks
*** TURN *** [8s 5h Qd] [7d]
ad7a3918: checks
Hero: bets $0.18
ad7a3918: calls $0.18
*** RIVER *** [8s 5h Qd 7d] [As]
ad7a3918: checks
Hero: checks
ad7a3918: shows [Kd Ks] (Pair of Kings)
Hero: shows [6c 8c] (Pair of Eights)
*** SHOWDOWN ***
ad7a3918 collected $0.85 from pot
*** SUMMARY ***
Total pot $0.89 | Rake $0.04 | Jackpot $0 | Bingo $0 | Fortune $0 | Tax $0
Board [8s 5h Qd 7d As]
Seat 1: Hero (button) showed [6c 8c] and lost with Pair of Eights
Seat 2: 53ff150d (small blind) folded before Flop
Seat 3: ad7a3918 (big blind) showed [Kd Ks] and won ($0.85) with Pair of Kings
Seat 4: 3d85a814 folded before Flop (didn't bet)
Seat 5: 30b8d09b folded before Flop (didn't bet)
Seat 6: ac7412b8 folded before Flop (didn't bet)


Poker Hand #HD1785209226: Hold'em No Limit ($0.05/$0.1) - 2024/05/24 01:22:01
Table 'NLHRed60' 6-max Seat #6 is the button
Seat 1: Hero ($12.18 in chips)
Seat 2: 53ff150d ($8.66 in chips)
Seat 3: ad7a3918 ($10 in chips)
Seat 4: 3d85a814 ($42.62 in chips)
Seat 5: 30b8d09b ($13.88 in chips)
Seat 6: ac7412b8 ($13.44 in chips)
Hero: posts small blind $0.05
53ff150d: posts big blind $0.1
*** HOLE CARDS ***
Dealt to Hero [Qd Ac]
Dealt to 53ff150d 
Dealt to ad7a3918 
Dealt to 3d85a814 
Dealt to 30b8d09b 
Dealt to ac7412b8 
ad7a3918: folds
3d85a814: raises $0.12 to $0.22
30b8d09b: folds
ac7412b8: folds
Hero: raises $0.78 to $1
53ff150d: folds
3d85a814: folds
Uncalled bet ($0.78) returned to Hero
*** SHOWDOWN ***
Hero collected $0.52 from pot
*** SUMMARY ***
Total pot $0.54 | Rake $0.02 | Jackpot $0 | Bingo $0 | Fortune $0 | Tax $0
Seat 1: Hero (small blind) collected ($0.52)
Seat 2: 53ff150d (big blind) folded before Flop
Seat 3: ad7a3918 folded before Flop (didn't bet)
Seat 4: 3d85a814 folded before Flop
Seat 5: 30b8d09b folded before Flop (didn't bet)
Seat 6: ac7412b8 (button) folded before Flop (didn't bet)


Poker Hand #HD1785209173: Hold'em No Limit ($0.05/$0.1) - 2024/05/24 01:21:35
Table 'NLHRed60' 6-max Seat #5 is the button
Seat 1: Hero ($12.28 in chips)
Seat 2: 53ff150d ($8.66 in chips)
Seat 3: ad7a3918 ($10 in chips)
Seat 4: 3d85a814 ($42.84 in chips)
Seat 5: 30b8d09b ($13.54 in chips)
Seat 6: ac7412b8 ($13.49 in chips)
ac7412b8: posts small blind $0.05
Hero: posts big blind $0.1
*** HOLE CARDS ***
Dealt to Hero [2s Jc]
Dealt to 53ff150d 
Dealt to ad7a3918 
Dealt to 3d85a814 
Dealt to 30b8d09b 
Dealt to ac7412b8 
53ff150d: folds
ad7a3918: folds
3d85a814: raises $0.12 to $0.22
30b8d09b: raises $0.45 to $0.67
ac7412b8: folds
Hero: folds
3d85a814: folds
Uncalled bet ($0.45) returned to 30b8d09b
*** SHOWDOWN ***
30b8d09b collected $0.56 from pot
*** SUMMARY ***
Total pot $0.59 | Rake $0.03 | Jackpot $0 | Bingo $0 | Fortune $0 | Tax $0
Seat 1: Hero (big blind) folded before Flop
Seat 2: 53ff150d folded before Flop (didn't bet)
Seat 3: ad7a3918 folded before Flop (didn't bet)
Seat 4: 3d85a814 folded before Flop
Seat 5: 30b8d09b (button) collected ($0.56)
Seat 6: ac7412b8 (small blind) folded before Flop


Poker Hand #HD1785209147: Hold'em No Limit ($0.05/$0.1) - 2024/05/24 01:21:22
Table 'NLHRed60' 6-max Seat #4 is the button
Seat 1: Hero ($12.28 in chips)
Seat 2: 53ff150d ($8.66 in chips)
Seat 3: ad7a3918 ($10 in chips)
Seat 4: 3d85a814 ($42.69 in chips)
Seat 5: 30b8d09b ($13.59 in chips)
Seat 6: ac7412b8 ($13.59 in chips)
30b8d09b: posts small blind $0.05
ac7412b8: posts big blind $0.1
*** HOLE CARDS ***
Dealt to Hero [6s 8h]
Dealt to 53ff150d 
Dealt to ad7a3918 
Dealt to 3d85a814 
Dealt to 30b8d09b 
Dealt to ac7412b8 
Hero: folds
53ff150d: folds
ad7a3918: folds
3d85a814: raises $0.15 to $0.25
30b8d09b: folds
ac7412b8: folds
Uncalled bet ($0.15) returned to 3d85a814
*** SHOWDOWN ***
3d85a814 collected $0.25 from pot
*** SUMMARY ***
Total pot $0.25 | Rake $0 | Jackpot $0 | Bingo $0 | Fortune $0 | Tax $0
Seat 1: Hero folded before Flop (didn't bet)
Seat 2: 53ff150d folded before Flop (didn't bet)
Seat 3: ad7a3918 folded before Flop (didn't bet)
Seat 4: 3d85a814 (button) collected ($0.25)
Seat 5: 30b8d09b (small blind) folded before Flop
Seat 6: ac7412b8 (big blind) folded before Flop


Poker Hand #HD1785209130: Hold'em No Limit ($0.05/$0.1) - 2024/05/24 01:21:12
Table 'NLHRed60' 6-max Seat #3 is the button
Seat 1: Hero ($12.28 in chips)
Seat 2: 53ff150d ($8.66 in chips)
Seat 3: ad7a3918 ($10 in chips)
Seat 4: 3d85a814 ($42.74 in chips)
Seat 5: 30b8d09b ($13.54 in chips)
Seat 6: ac7412b8 ($13.59 in chips)
3d85a814: posts small blind $0.05
30b8d09b: posts big blind $0.1
*** HOLE CARDS ***
Dealt to Hero [4c As]
Dealt to 53ff150d 
Dealt to ad7a3918 
Dealt to 3d85a814 
Dealt to 30b8d09b 
Dealt to ac7412b8 
ac7412b8: folds
Hero: folds
53ff150d: folds
ad7a3918: folds
3d85a814: folds
Uncalled bet ($0.05) returned to 30b8d09b
*** SHOWDOWN ***
30b8d09b collected $0.1 from pot
*** SUMMARY ***
Total pot $0.1 | Rake $0 | Jackpot $0 | Bingo $0 | Fortune $0 | Tax $0
Seat 1: Hero folded before Flop (didn't bet)
Seat 2: 53ff150d folded before Flop (didn't bet)
Seat 3: ad7a3918 (button) folded before Flop (didn't bet)
Seat 4: 3d85a814 (small blind) folded before Flop
Seat 5: 30b8d09b (big blind) collected ($0.1)
Seat 6: ac7412b8 folded before Flop (didn't bet)


Poker Hand #HD1785209091: Hold'em No Limit ($0.05/$0.1) - 2024/05/24 01:20:50
Table 'NLHRed60' 6-max Seat #2 is the button
Seat 1: Hero ($12.52 in chips)
Seat 2: 53ff150d ($8.3 in chips)
Seat 3: ad7a3918 ($10 in chips)
Seat 4: 3d85a814 ($42.84 in chips)
Seat 5: 30b8d09b ($13.54 in chips)
Seat 6: ac7412b8 ($13.59 in chips)
ad7a3918: posts small blind $0.05
3d85a814: posts big blind $0.1
*** HOLE CARDS ***
Dealt to Hero [9h Tc]
Dealt to 53ff150d 
Dealt to ad7a3918 
Dealt to 3d85a814 
Dealt to 30b8d09b 
Dealt to ac7412b8 
30b8d09b: folds
ac7412b8: folds
Hero: raises $0.14 to $0.24
53ff150d: raises $0.48 to $0.72
ad7a3918: folds
3d85a814: folds
Hero: folds
Uncalled bet ($0.48) returned to 53ff150d
*** SHOWDOWN ***
53ff150d collected $0.6 from pot
*** SUMMARY ***
Total pot $0.63 | Rake $0.03 | Jackpot $0 | Bingo $0 | Fortune $0 | Tax $0
Seat 1: Hero folded before Flop
Seat 2: 53ff150d (button) collected ($0.6)
Seat 3: ad7a3918 (small blind) folded before Flop
Seat 4: 3d85a814 (big blind) folded before Flop
Seat 5: 30b8d09b folded before Flop (didn't bet)
Seat 6: ac7412b8 folded before Flop (didn't bet)


Poker Hand #HD1785209011: Hold'em No Limit ($0.05/$0.1) - 2024/05/24 01:20:02
Table 'NLHRed60' 6-max Seat #1 is the button
Seat 1: Hero ($12.52 in chips)
Seat 2: 53ff150d ($8.6 in chips)
Seat 3: ad7a3918 ($10 in chips)
Seat 4: 3d85a814 ($42.84 in chips)
Seat 5: 30b8d09b ($13.84 in chips)
Seat 6: ac7412b8 ($12.94 in chips)
53ff150d: posts small blind $0.05
ad7a3918: posts big blind $0.1
*** HOLE CARDS ***
Dealt to Hero [Th 7c]
Dealt to 53ff150d 
Dealt to ad7a3918 
Dealt to 3d85a814 
Dealt to 30b8d09b 
Dealt to ac7412b8 
3d85a814: folds
30b8d09b: raises $0.2 to $0.3
ac7412b8: calls $0.3
Hero: folds
53ff150d: calls $0.25
ad7a3918: folds
*** FLOP *** [Jc 4c Kd]
53ff150d: checks
30b8d09b: checks
ac7412b8: checks
*** TURN *** [Jc 4c Kd] [As]
53ff150d: checks
30b8d09b: checks
ac7412b8: bets $0.5
53ff150d: folds
30b8d09b: folds
Uncalled bet ($0.5) returned to ac7412b8
*** SHOWDOWN ***
ac7412b8 collected $0.95 from pot
*** SUMMARY ***
Total pot $1 | Rake $0.05 | Jackpot $0 | Bingo $0 | Fortune $0 | Tax $0
Board [Jc 4c Kd As]
Seat 1: Hero (button) folded before Flop (didn't bet)
Seat 2: 53ff150d (small blind) folded on the Turn
Seat 3: ad7a3918 (big blind) folded before Flop
Seat 4: 3d85a814 folded before Flop (didn't bet)
Seat 5: 30b8d09b folded on the Turn
Seat 6: ac7412b8 won ($0.95)


Poker Hand #HD1785208980: Hold'em No Limit ($0.05/$0.1) - 2024/05/24 01:19:50
Table 'NLHRed60' 6-max Seat #6 is the button
Seat 1: Hero ($12.57 in chips)
Seat 2: 53ff150d ($8.55 in chips)
Seat 4: 3d85a814 ($42.84 in chips)
Seat 5: 30b8d09b ($13.84 in chips)
Seat 6: ac7412b8 ($12.94 in chips)
Hero: posts small blind $0.05
53ff150d: posts big blind $0.1
*** HOLE CARDS ***
Dealt to Hero [2h Qc]
Dealt to 53ff150d 
Dealt to 3d85a814 
Dealt to 30b8d09b 
Dealt to ac7412b8 
3d85a814: folds
30b8d09b: folds
ac7412b8: folds
Hero: folds
Uncalled bet ($0.05) returned to 53ff150d
*** SHOWDOWN ***
53ff150d collected $0.1 from pot
*** SUMMARY ***
Total pot $0.1 | Rake $0 | Jackpot $0 | Bingo $0 | Fortune $0 | Tax $0
Seat 1: Hero (small blind) folded before Flop
Seat 2: 53ff150d (big blind) collected ($0.1)
Seat 4: 3d85a814 folded before Flop (didn't bet)
Seat 5: 30b8d09b folded before Flop (didn't bet)
Seat 6: ac7412b8 (button) folded before Flop (didn't bet)


Poker Hand #HD1785208922: Hold'em No Limit ($0.05/$0.1) - 2024/05/24 01:19:19
Table 'NLHRed60' 6-max Seat #5 is the button
Seat 1: Hero ($12.67 in chips)
Seat 2: 53ff150d ($8.55 in chips)
Seat 4: 3d85a814 ($43.09 in chips)
Seat 5: 30b8d09b ($13.47 in chips)
Seat 6: ac7412b8 ($12.99 in chips)
ac7412b8: posts small blind $0.05
Hero: posts big blind $0.1
*** HOLE CARDS ***
Dealt to Hero [7h 9s]
Dealt to 53ff150d 
Dealt to 3d85a814 
Dealt to 30b8d09b 
Dealt to ac7412b8 
53ff150d: folds
3d85a814: raises $0.15 to $0.25
30b8d09b: calls $0.25
ac7412b8: folds
Hero: folds
*** FLOP *** [6d Ad 4h]
3d85a814: checks
30b8d09b: checks
*** TURN *** [6d Ad 4h] [Jc]
3d85a814: checks
30b8d09b: bets $0.33
3d85a814: folds
Uncalled bet ($0.33) returned to 30b8d09b
*** SHOWDOWN ***
30b8d09b collected $0.62 from pot
*** SUMMARY ***
Total pot $0.65 | Rake $0.03 | Jackpot $0 | Bingo $0 | Fortune $0 | Tax $0
Board [6d Ad 4h Jc]
Seat 1: Hero (big blind) folded before Flop
Seat 2: 53ff150d folded before Flop (didn't bet)
Seat 4: 3d85a814 folded on the Turn
Seat 5: 30b8d09b (button) won ($0.62)
Seat 6: ac7412b8 (small blind) folded before Flop


Poker Hand #HD1785208802: Hold'em No Limit ($0.05/$0.1) - 2024/05/24 01:18:18
Table 'NLHRed60' 6-max Seat #4 is the button
Seat 1: Hero ($12.67 in chips)
Seat 2: 53ff150d ($11.12 in chips)
Seat 4: 3d85a814 ($43.09 in chips)
Seat 5: 30b8d09b ($13.52 in chips)
Seat 6: ac7412b8 ($10.72 in chips)
30b8d09b: posts small blind $0.05
ac7412b8: posts big blind $0.1
*** HOLE CARDS ***
Dealt to Hero [6d 2h]
Dealt to 53ff150d 
Dealt to 3d85a814 
Dealt to 30b8d09b 
Dealt to ac7412b8 
Hero: folds
53ff150d: raises $0.13 to $0.23
3d85a814: folds
30b8d09b: folds
ac7412b8: calls $0.13
*** FLOP *** [Jh 2s 6h]
ac7412b8: checks
53ff150d: bets $0.26
ac7412b8: calls $0.26
*** TURN *** [Jh 2s 6h] [4s]
ac7412b8: checks
53ff150d: bets $0.52
ac7412b8: calls $0.52
*** RIVER *** [Jh 2s 6h 4s] [Js]
ac7412b8: bets $1.56
53ff150d: calls $1.56
ac7412b8: shows [Kc Jc] (Three Jacks)
53ff150d: shows [Ah Ad] (Pair of Aces and Pair of Jacks)
*** SHOWDOWN ***
ac7412b8 collected $4.84 from pot
*** SUMMARY ***
Total pot $5.19 | Rake $0.25 | Jackpot $0.1 | Bingo $0 | Fortune $0 | Tax $0
Board [Jh 2s 6h 4s Js]
Seat 1: Hero folded before Flop (didn't bet)
Seat 2: 53ff150d showed [Ah Ad] and lost with Pair of Aces and Pair of Jacks
Seat 4: 3d85a814 (button) folded before Flop (didn't bet)
Seat 5: 30b8d09b (small blind) folded before Flop
Seat 6: ac7412b8 (big blind) showed [Kc Jc] and won ($4.84) with Three Jacks


Poker Hand #HD1785208720: Hold'em No Limit ($0.05/$0.1) - 2024/05/24 01:17:34
Table 'NLHRed60' 6-max Seat #2 is the button
Seat 1: Hero ($12.67 in chips)
Seat 2: 53ff150d ($11.12 in chips)
Seat 4: 3d85a814 ($43.14 in chips)
Seat 5: 30b8d09b ($12.74 in chips)
Seat 6: ac7412b8 ($11.53 in chips)
3d85a814: posts small blind $0.05
30b8d09b: posts big blind $0.1
*** HOLE CARDS ***
Dealt to Hero [5c 4h]
Dealt to 53ff150d 
Dealt to 3d85a814 
Dealt to 30b8d09b 
Dealt to ac7412b8 
ac7412b8: raises $0.15 to $0.25
Hero: folds
53ff150d: folds
3d85a814: folds
30b8d09b: calls $0.15
*** FLOP *** [9d 6d 9h]
30b8d09b: checks
ac7412b8: bets $0.14
30b8d09b: calls $0.14
*** TURN *** [9d 6d 9h] [Ts]
30b8d09b: checks
ac7412b8: checks
*** RIVER *** [9d 6d 9h Ts] [8d]
30b8d09b: bets $0.42
ac7412b8: calls $0.42
30b8d09b: shows [8c 8s] (Eights Full over Nines)
ac7412b8: shows [Th Jh] (Pair of Tens and Pair of Nines)
*** SHOWDOWN ***
30b8d09b collected $1.59 from pot
*** SUMMARY ***
Total pot $1.67 | Rake $0.08 | Jackpot $0 | Bingo $0 | Fortune $0 | Tax $0
Board [9d 6d 9h Ts 8d]
Seat 1: Hero folded before Flop (didn't bet)
Seat 2: 53ff150d (button) folded before Flop (didn't bet)
Seat 4: 3d85a814 (small blind) folded before Flop
Seat 5: 30b8d09b (big blind) showed [8c 8s] and won ($1.59) with Eights Full over Nines
Seat 6: ac7412b8 showed [Th Jh] and lost with Pair of Tens and Pair of Nines


Poker Hand #HD1785208688: Hold'em No Limit ($0.05/$0.1) - 2024/05/24 01:17:15
Table 'NLHRed60' 6-max Seat #1 is the button
Seat 1: Hero ($12.52 in chips)
Seat 2: 53ff150d ($11.17 in chips)
Seat 4: 3d85a814 ($43.24 in chips)
Seat 5: 30b8d09b ($12.74 in chips)
Seat 6: ac7412b8 ($11.53 in chips)
53ff150d: posts small blind $0.05
3d85a814: posts big blind $0.1
*** HOLE CARDS ***
Dealt to Hero [Kc Ts]
Dealt to 53ff150d 
Dealt to 3d85a814 
Dealt to 30b8d09b 
Dealt to ac7412b8 
30b8d09b: folds
ac7412b8: folds
Hero: raises $0.14 to $0.24
53ff150d: folds
3d85a814: folds
Uncalled bet ($0.14) returned to Hero
*** SHOWDOWN ***
Hero collected $0.25 from pot
*** SUMMARY ***
Total pot $0.25 | Rake $0 | Jackpot $0 | Bingo $0 | Fortune $0 | Tax $0
Seat 1: Hero (button) collected ($0.25)
Seat 2: 53ff150d (small blind) folded before Flop
Seat 4: 3d85a814 (big blind) folded before Flop
Seat 5: 30b8d09b folded before Flop (didn't bet)
Seat 6: ac7412b8 folded before Flop (didn't bet)


Poker Hand #HD1785208613: Hold'em No Limit ($0.05/$0.1) - 2024/05/24 01:16:32
Table 'NLHRed60' 6-max Seat #6 is the button
Seat 1: Hero ($13.81 in chips)
Seat 2: 53ff150d ($10 in chips)
Seat 5: 30b8d09b ($12.74 in chips)
Seat 6: ac7412b8 ($11.53 in chips)
Hero: posts small blind $0.05
53ff150d: posts big blind $0.1
*** HOLE CARDS ***
Dealt to Hero [8s 8h]
Dealt to 53ff150d 
Dealt to 30b8d09b 
Dealt to ac7412b8 
30b8d09b: folds
ac7412b8: folds
Hero: raises $0.2 to $0.3
53ff150d: calls $0.2
*** FLOP *** [2h 7h 2s]
Hero: bets $0.3
53ff150d: calls $0.3
*** TURN *** [2h 7h 2s] [3h]
Hero: checks
53ff150d: bets $0.69
Hero: calls $0.69
*** RIVER *** [2h 7h 2s 3h] [6s]
Hero: checks
53ff150d: bets $2.5
Hero: folds
Uncalled bet ($2.5) returned to 53ff150d
*** SHOWDOWN ***
53ff150d collected $2.46 from pot
*** SUMMARY ***
Total pot $2.58 | Rake $0.12 | Jackpot $0 | Bingo $0 | Fortune $0 | Tax $0
Board [2h 7h 2s 3h 6s]
Seat 1: Hero (small blind) folded on the River
Seat 2: 53ff150d (big blind) won ($2.46)
Seat 5: 30b8d09b folded before Flop (didn't bet)
Seat 6: ac7412b8 (button) folded before Flop (didn't bet)


Poker Hand #HD1785208530: Hold'em No Limit ($0.05/$0.1) - 2024/05/24 01:15:46
Table 'NLHRed60' 6-max Seat #5 is the button
Seat 1: Hero ($14.11 in chips)
Seat 2: 53ff150d ($10 in chips)
Seat 3: ad7a3918 ($10 in chips)
Seat 5: 30b8d09b ($12.42 in chips)
Seat 6: ac7412b8 ($11.58 in chips)
ac7412b8: posts small blind $0.05
Hero: posts big blind $0.1
*** HOLE CARDS ***
Dealt to Hero [Ac Tc]
Dealt to 53ff150d 
Dealt to ad7a3918 
Dealt to 30b8d09b 
Dealt to ac7412b8 
53ff150d: folds
ad7a3918: folds
30b8d09b: raises $0.2 to $0.3
ac7412b8: folds
Hero: calls $0.2
*** FLOP *** [Qh 3d Qs]
Hero: checks
30b8d09b: bets $0.33
Hero: folds
Uncalled bet ($0.33) returned to 30b8d09b
*** SHOWDOWN ***
30b8d09b collected $0.62 from pot
*** SUMMARY ***
Total pot $0.65 | Rake $0.03 | Jackpot $0 | Bingo $0 | Fortune $0 | Tax $0
Board [Qh 3d Qs]
Seat 1: Hero (big blind) folded on the Flop
Seat 2: 53ff150d folded before Flop (didn't bet)
Seat 3: ad7a3918 folded before Flop (didn't bet)
Seat 5: 30b8d09b (button) won ($0.62)
Seat 6: ac7412b8 (small blind) folded before Flop


Poker Hand #HD1785208500: Hold'em No Limit ($0.05/$0.1) - 2024/05/24 01:15:31
Table 'NLHRed60' 6-max Seat #3 is the button
Seat 1: Hero ($14.11 in chips)
Seat 2: 53ff150d ($10 in chips)
Seat 3: ad7a3918 ($10 in chips)
Seat 5: 30b8d09b ($12.47 in chips)
Seat 6: ac7412b8 ($11.53 in chips)
30b8d09b: posts small blind $0.05
ac7412b8: posts big blind $0.1
*** HOLE CARDS ***
Dealt to Hero [Kd 7s]
Dealt to 53ff150d 
Dealt to ad7a3918 
Dealt to 30b8d09b 
Dealt to ac7412b8 
Hero: folds
53ff150d: folds
ad7a3918: folds
30b8d09b: folds
Uncalled bet ($0.05) returned to ac7412b8
*** SHOWDOWN ***
ac7412b8 collected $0.1 from pot
*** SUMMARY ***
Total pot $0.1 | Rake $0 | Jackpot $0 | Bingo $0 | Fortune $0 | Tax $0
Seat 1: Hero folded before Flop (didn't bet)
Seat 2: 53ff150d folded before Flop (didn't bet)
Seat 3: ad7a3918 (button) folded before Flop (didn't bet)
Seat 5: 30b8d09b (small blind) folded before Flop
Seat 6: ac7412b8 (big blind) collected ($0.1)


Poker Hand #HD1785208451: Hold'em No Limit ($0.05/$0.1) - 2024/05/24 01:15:03
Table 'NLHRed60' 6-max Seat #2 is the button
Seat 1: Hero ($14.11 in chips)
Seat 2: 53ff150d ($10 in chips)
Seat 3: ad7a3918 ($10 in chips)
Seat 5: 30b8d09b ($12 in chips)
Seat 6: ac7412b8 ($11.78 in chips)
ad7a3918: posts small blind $0.05
30b8d09b: posts big blind $0.1
*** HOLE CARDS ***
Dealt to Hero [5c 8h]
Dealt to 53ff150d 
Dealt to ad7a3918 
Dealt to 30b8d09b 
Dealt to ac7412b8 
ac7412b8: raises $0.15 to $0.25
Hero: folds
53ff150d: folds
ad7a3918: calls $0.2
30b8d09b: raises $0.57 to $0.82
ac7412b8: folds
ad7a3918: folds
Uncalled bet ($0.57) returned to 30b8d09b
*** SHOWDOWN ***
30b8d09b collected $0.72 from pot
*** SUMMARY ***
Total pot $0.75 | Rake $0.03 | Jackpot $0 | Bingo $0 | Fortune $0 | Tax $0
Seat 1: Hero folded before Flop (didn't bet)
Seat 2: 53ff150d (button) folded before Flop (didn't bet)
Seat 3: ad7a3918 (small blind) folded before Flop
Seat 5: 30b8d09b (big blind) collected ($0.72)
Seat 6: ac7412b8 folded before Flop


Poker Hand #HD1785208424: Hold'em No Limit ($0.05/$0.1) - 2024/05/24 01:14:49
Table 'NLHRed60' 6-max Seat #1 is the button
Seat 1: Hero ($14.11 in chips)
Seat 2: 53ff150d ($10.05 in chips)
Seat 3: ad7a3918 ($10 in chips)
Seat 5: 30b8d09b ($11.85 in chips)
Seat 6: ac7412b8 ($11.78 in chips)
53ff150d: posts small blind $0.05
ad7a3918: posts big blind $0.1
*** HOLE CARDS ***
Dealt to Hero [3d 3c]
Dealt to 53ff150d 
Dealt to ad7a3918 
Dealt to 30b8d09b 
Dealt to ac7412b8 
30b8d09b: raises $0.2 to $0.3
ac7412b8: folds
Hero: folds
53ff150d: folds
ad7a3918: folds
Uncalled bet ($0.2) returned to 30b8d09b
*** SHOWDOWN ***
30b8d09b collected $0.25 from pot
*** SUMMARY ***
Total pot $0.25 | Rake $0 | Jackpot $0 | Bingo $0 | Fortune $0 | Tax $0
Seat 1: Hero (button) folded before Flop (didn't bet)
Seat 2: 53ff150d (small blind) folded before Flop
Seat 3: ad7a3918 (big blind) folded before Flop
Seat 5: 30b8d09b collected ($0.25)
Seat 6: ac7412b8 folded before Flop (didn't bet)


Poker Hand #HD1785208398: Hold'em No Limit ($0.05/$0.1) - 2024/05/24 01:14:38
Table 'NLHRed60' 6-max Seat #6 is the button
Seat 1: Hero ($14.16 in chips)
Seat 2: 53ff150d ($10 in chips)
Seat 3: ad7a3918 ($10 in chips)
Seat 5: 30b8d09b ($11.85 in chips)
Seat 6: ac7412b8 ($11.78 in chips)
Hero: posts small blind $0.05
53ff150d: posts big blind $0.1
*** HOLE CARDS ***
Dealt to Hero [4s Jd]
Dealt to 53ff150d 
Dealt to ad7a3918 
Dealt to 30b8d09b 
Dealt to ac7412b8 
ad7a3918: folds
30b8d09b: folds
ac7412b8: folds
Hero: folds
Uncalled bet ($0.05) returned to 53ff150d
*** SHOWDOWN ***
53ff150d collected $0.1 from pot
*** SUMMARY ***
Total pot $0.1 | Rake $0 | Jackpot $0 | Bingo $0 | Fortune $0 | Tax $0
Seat 1: Hero (small blind) folded before Flop
Seat 2: 53ff150d (big blind) collected ($0.1)
Seat 3: ad7a3918 folded before Flop (didn't bet)
Seat 5: 30b8d09b folded before Flop (didn't bet)
Seat 6: ac7412b8 (button) folded before Flop (didn't bet)


Poker Hand #HD1785208347: Hold'em No Limit ($0.05/$0.1) - 2024/05/24 01:14:12
Table 'NLHRed60' 6-max Seat #5 is the button
Seat 1: Hero ($14.46 in chips)
Seat 3: ad7a3918 ($10 in chips)
Seat 5: 30b8d09b ($11.85 in chips)
Seat 6: ac7412b8 ($11.51 in chips)
ac7412b8: posts small blind $0.05
Hero: posts big blind $0.1
*** HOLE CARDS ***
Dealt to Hero [3d 3s]
Dealt to ad7a3918 
Dealt to 30b8d09b 
Dealt to ac7412b8 
ad7a3918: folds
30b8d09b: folds
ac7412b8: raises $0.2 to $0.3
Hero: calls $0.2
*** FLOP *** [4s 9c Kd]
ac7412b8: bets $0.3
Hero: folds
Uncalled bet ($0.3) returned to ac7412b8
*** SHOWDOWN ***
ac7412b8 collected $0.57 from pot
*** SUMMARY ***
Total pot $0.6 | Rake $0.03 | Jackpot $0 | Bingo $0 | Fortune $0 | Tax $0
Board [4s 9c Kd]
Seat 1: Hero (big blind) folded on the Flop
Seat 3: ad7a3918 folded before Flop (didn't bet)
Seat 5: 30b8d09b (button) folded before Flop (didn't bet)
Seat 6: ac7412b8 (small blind) won ($0.57)


Poker Hand #HD1785208334: Hold'em No Limit ($0.05/$0.1) - 2024/05/24 01:14:03
Table 'NLHRed60' 6-max Seat #3 is the button
Seat 1: Hero ($14.46 in chips)
Seat 3: ad7a3918 ($10 in chips)
Seat 5: 30b8d09b ($11.9 in chips)
Seat 6: ac7412b8 ($11.46 in chips)
30b8d09b: posts small blind $0.05
ac7412b8: posts big blind $0.1
*** HOLE CARDS ***
Dealt to Hero [7s 3h]
Dealt to ad7a3918 
Dealt to 30b8d09b 
Dealt to ac7412b8 
Hero: folds
ad7a3918: folds
30b8d09b: folds
Uncalled bet ($0.05) returned to ac7412b8
*** SHOWDOWN ***
ac7412b8 collected $0.1 from pot
*** SUMMARY ***
Total pot $0.1 | Rake $0 | Jackpot $0 | Bingo $0 | Fortune $0 | Tax $0
Seat 1: Hero folded before Flop (didn't bet)
Seat 3: ad7a3918 (button) folded before Flop (didn't bet)
Seat 5: 30b8d09b (small blind) folded before Flop
Seat 6: ac7412b8 (big blind) collected ($0.1)


Poker Hand #HD1785208297: Hold'em No Limit ($0.05/$0.1) - 2024/05/24 01:13:48
Table 'NLHRed60' 6-max Seat #1 is the button
Seat 1: Hero ($14.31 in chips)
Seat 3: ad7a3918 ($10.05 in chips)
Seat 5: 30b8d09b ($12 in chips)
Seat 6: ac7412b8 ($11.46 in chips)
ad7a3918: posts small blind $0.05
30b8d09b: posts big blind $0.1
*** HOLE CARDS ***
Dealt to Hero [7d Td]
Dealt to ad7a3918 
Dealt to 30b8d09b 
Dealt to ac7412b8 
ac7412b8: folds
Hero: raises $0.14 to $0.24
ad7a3918: folds
30b8d09b: folds
Uncalled bet ($0.14) returned to Hero
*** SHOWDOWN ***
Hero collected $0.25 from pot
*** SUMMARY ***
Total pot $0.25 | Rake $0 | Jackpot $0 | Bingo $0 | Fortune $0 | Tax $0
Seat 1: Hero (button) collected ($0.25)
Seat 3: ad7a3918 (small blind) folded before Flop
Seat 5: 30b8d09b (big blind) folded before Flop
Seat 6: ac7412b8 folded before Flop (didn't bet)


Poker Hand #HD1785208267: Hold'em No Limit ($0.05/$0.1) - 2024/05/24 01:13:31
Table 'NLHRed60' 6-max Seat #6 is the button
Seat 1: Hero ($14.36 in chips)
Seat 3: ad7a3918 ($10 in chips)
Seat 5: 30b8d09b ($12 in chips)
Seat 6: ac7412b8 ($11.46 in chips)
Hero: posts small blind $0.05
ad7a3918: posts big blind $0.1
*** HOLE CARDS ***
Dealt to Hero [Qc 4d]
Dealt to ad7a3918 
Dealt to 30b8d09b 
Dealt to ac7412b8 
30b8d09b: folds
ac7412b8: folds
Hero: folds
Uncalled bet ($0.05) returned to ad7a3918
*** SHOWDOWN ***
ad7a3918 collected $0.1 from pot
*** SUMMARY ***
Total pot $0.1 | Rake $0 | Jackpot $0 | Bingo $0 | Fortune $0 | Tax $0
Seat 1: Hero (small blind) folded before Flop
Seat 3: ad7a3918 (big blind) collected ($0.1)
Seat 5: 30b8d09b folded before Flop (didn't bet)
Seat 6: ac7412b8 (button) folded before Flop (didn't bet)


Poker Hand #HD1785208247: Hold'em No Limit ($0.05/$0.1) - 2024/05/24 01:13:21
Table 'NLHRed60' 6-max Seat #5 is the button
Seat 1: Hero ($14.31 in chips)
Seat 3: ad7a3918 ($10 in chips)
Seat 5: 30b8d09b ($12 in chips)
Seat 6: ac7412b8 ($11.51 in chips)
ac7412b8: posts small blind $0.05
Hero: posts big blind $0.1
*** HOLE CARDS ***
Dealt to Hero [Kd 3h]
Dealt to ad7a3918 
Dealt to 30b8d09b 
Dealt to ac7412b8 
ad7a3918: folds
30b8d09b: folds
ac7412b8: folds
Uncalled bet ($0.05) returned to Hero
*** SHOWDOWN ***
Hero collected $0.1 from pot
*** SUMMARY ***
Total pot $0.1 | Rake $0 | Jackpot $0 | Bingo $0 | Fortune $0 | Tax $0
Seat 1: Hero (big blind) collected ($0.1)
Seat 3: ad7a3918 folded before Flop (didn't bet)
Seat 5: 30b8d09b (button) folded before Flop (didn't bet)
Seat 6: ac7412b8 (small blind) folded before Flop


Poker Hand #HD1785208199: Hold'em No Limit ($0.05/$0.1) - 2024/05/24 01:13:00
Table 'NLHRed60' 6-max Seat #3 is the button
Seat 1: Hero ($14.31 in chips)
Seat 3: ad7a3918 ($10 in chips)
Seat 4: 3d85a814 ($43.29 in chips)
Seat 5: 30b8d09b ($11.95 in chips)
Seat 6: ac7412b8 ($11.51 in chips)
3d85a814: posts small blind $0.05
30b8d09b: posts big blind $0.1
*** HOLE CARDS ***
Dealt to Hero [3s 5h]
Dealt to ad7a3918 
Dealt to 3d85a814 
Dealt to 30b8d09b 
Dealt to ac7412b8 
ac7412b8: folds
Hero: folds
ad7a3918: folds
3d85a814: folds
Uncalled bet ($0.05) returned to 30b8d09b
*** SHOWDOWN ***
30b8d09b collected $0.1 from pot
*** SUMMARY ***
Total pot $0.1 | Rake $0 | Jackpot $0 | Bingo $0 | Fortune $0 | Tax $0
Seat 1: Hero folded before Flop (didn't bet)
Seat 3: ad7a3918 (button) folded before Flop (didn't bet)
Seat 4: 3d85a814 (small blind) folded before Flop
Seat 5: 30b8d09b (big blind) collected ($0.1)
Seat 6: ac7412b8 folded before Flop (didn't bet)


Poker Hand #HD1785208183: Hold'em No Limit ($0.05/$0.1) - 2024/05/24 01:12:52
Table 'NLHRed60' 6-max Seat #1 is the button
Seat 1: Hero ($14.31 in chips)
Seat 3: ad7a3918 ($10 in chips)
Seat 4: 3d85a814 ($43.24 in chips)
Seat 5: 30b8d09b ($11.95 in chips)
Seat 6: ac7412b8 ($11.51 in chips)
ad7a3918: posts small blind $0.05
3d85a814: posts big blind $0.1
*** HOLE CARDS ***
Dealt to Hero [Th 6c]
Dealt to ad7a3918 
Dealt to 3d85a814 
Dealt to 30b8d09b 
Dealt to ac7412b8 
30b8d09b: folds
ac7412b8: folds
Hero: folds
ad7a3918: folds
Uncalled bet ($0.05) returned to 3d85a814
*** SHOWDOWN ***
3d85a814 collected $0.1 from pot
*** SUMMARY ***
Total pot $0.1 | Rake $0 | Jackpot $0 | Bingo $0 | Fortune $0 | Tax $0
Seat 1: Hero (button) folded before Flop (didn't bet)
Seat 3: ad7a3918 (small blind) folded before Flop
Seat 4: 3d85a814 (big blind) collected ($0.1)
Seat 5: 30b8d09b folded before Flop (didn't bet)
Seat 6: ac7412b8 folded before Flop (didn't bet)


Poker Hand #HD1785208157: Hold'em No Limit ($0.05/$0.1) - 2024/05/24 01:12:38
Table 'NLHRed60' 6-max Seat #6 is the button
Seat 1: Hero ($14.36 in chips)
Seat 3: ad7a3918 ($10 in chips)
Seat 4: 3d85a814 ($43.24 in chips)
Seat 5: 30b8d09b ($11.95 in chips)
Seat 6: ac7412b8 ($11.36 in chips)
Hero: posts small blind $0.05
ad7a3918: posts big blind $0.1
*** HOLE CARDS ***
Dealt to Hero [4h 5h]
Dealt to ad7a3918 
Dealt to 3d85a814 
Dealt to 30b8d09b 
Dealt to ac7412b8 
3d85a814: folds
30b8d09b: folds
ac7412b8: raises $0.15 to $0.25
Hero: folds
ad7a3918: folds
Uncalled bet ($0.15) returned to ac7412b8
*** SHOWDOWN ***
ac7412b8 collected $0.25 from pot
*** SUMMARY ***
Total pot $0.25 | Rake $0 | Jackpot $0 | Bingo $0 | Fortune $0 | Tax $0
Seat 1: Hero (small blind) folded before Flop
Seat 3: ad7a3918 (big blind) folded before Flop
Seat 4: 3d85a814 folded before Flop (didn't bet)
Seat 5: 30b8d09b folded before Flop (didn't bet)
Seat 6: ac7412b8 (button) collected ($0.25)


Poker Hand #HD1785208117: Hold'em No Limit ($0.05/$0.1) - 2024/05/24 01:12:15
Table 'NLHRed60' 6-max Seat #5 is the button
Seat 1: Hero ($14.11 in chips)
Seat 2: 9751d8aa ($12.65 in chips)
Seat 3: ad7a3918 ($10 in chips)
Seat 4: 3d85a814 ($43.46 in chips)
Seat 5: 30b8d09b ($11.95 in chips)
Seat 6: ac7412b8 ($11.41 in chips)
ac7412b8: posts small blind $0.05
Hero: posts big blind $0.1
*** HOLE CARDS ***
Dealt to Hero [Ac Kc]
Dealt to 9751d8aa 
Dealt to ad7a3918 
Dealt to 3d85a814 
Dealt to 30b8d09b 
Dealt to ac7412b8 
9751d8aa: folds
ad7a3918: folds
3d85a814: raises $0.12 to $0.22
30b8d09b: folds
ac7412b8: folds
Hero: raises $0.78 to $1
3d85a814: folds
Uncalled bet ($0.78) returned to Hero
*** SHOWDOWN ***
Hero collected $0.47 from pot
*** SUMMARY ***
Total pot $0.49 | Rake $0.02 | Jackpot $0 | Bingo $0 | Fortune $0 | Tax $0
Seat 1: Hero (big blind) collected ($0.47)
Seat 2: 9751d8aa folded before Flop (didn't bet)
Seat 3: ad7a3918 folded before Flop (didn't bet)
Seat 4: 3d85a814 folded before Flop
Seat 5: 30b8d09b (button) folded before Flop (didn't bet)
Seat 6: ac7412b8 (small blind) folded before Flop


Poker Hand #HD1785208097: Hold'em No Limit ($0.05/$0.1) - 2024/05/24 01:12:05
Table 'NLHRed60' 6-max Seat #4 is the button
Seat 1: Hero ($14.11 in chips)
Seat 2: 9751d8aa ($12.65 in chips)
Seat 3: ad7a3918 ($10 in chips)
Seat 4: 3d85a814 ($43.46 in chips)
Seat 5: 30b8d09b ($12 in chips)
Seat 6: ac7412b8 ($11.36 in chips)
30b8d09b: posts small blind $0.05
ac7412b8: posts big blind $0.1
*** HOLE CARDS ***
Dealt to Hero [Kd 5c]
Dealt to 9751d8aa 
Dealt to ad7a3918 
Dealt to 3d85a814 
Dealt to 30b8d09b 
Dealt to ac7412b8 
Hero: folds
9751d8aa: folds
ad7a3918: folds
3d85a814: folds
30b8d09b: folds
Uncalled bet ($0.05) returned to ac7412b8
*** SHOWDOWN ***
ac7412b8 collected $0.1 from pot
*** SUMMARY ***
Total pot $0.1 | Rake $0 | Jackpot $0 | Bingo $0 | Fortune $0 | Tax $0
Seat 1: Hero folded before Flop (didn't bet)
Seat 2: 9751d8aa folded before Flop (didn't bet)
Seat 3: ad7a3918 folded before Flop (didn't bet)
Seat 4: 3d85a814 (button) folded before Flop (didn't bet)
Seat 5: 30b8d09b (small blind) folded before Flop
Seat 6: ac7412b8 (big blind) collected ($0.1)


Poker Hand #HD1785208073: Hold'em No Limit ($0.05/$0.1) - 2024/05/24 01:11:55
Table 'NLHRed60' 6-max Seat #3 is the button
Seat 1: Hero ($14.11 in chips)
Seat 2: 9751d8aa ($12.65 in chips)
Seat 3: ad7a3918 ($10 in chips)
Seat 4: 3d85a814 ($43.51 in chips)
Seat 5: 30b8d09b ($12.1 in chips)
Seat 6: ac7412b8 ($11.21 in chips)
3d85a814: posts small blind $0.05
30b8d09b: posts big blind $0.1
*** HOLE CARDS ***
Dealt to Hero [7d 9d]
Dealt to 9751d8aa 
Dealt to ad7a3918 
Dealt to 3d85a814 
Dealt to 30b8d09b 
Dealt to ac7412b8 
ac7412b8: raises $0.15 to $0.25
Hero: folds
9751d8aa: folds
ad7a3918: folds
3d85a814: folds
30b8d09b: folds
Uncalled bet ($0.15) returned to ac7412b8
*** SHOWDOWN ***
ac7412b8 collected $0.25 from pot
*** SUMMARY ***
Total pot $0.25 | Rake $0 | Jackpot $0 | Bingo $0 | Fortune $0 | Tax $0
Seat 1: Hero folded before Flop (didn't bet)
Seat 2: 9751d8aa folded before Flop (didn't bet)
Seat 3: ad7a3918 (button) folded before Flop (didn't bet)
Seat 4: 3d85a814 (small blind) folded before Flop
Seat 5: 30b8d09b (big blind) folded before Flop
Seat 6: ac7412b8 collected ($0.25)


Poker Hand #HD1785207941: Hold'em No Limit ($0.05/$0.1) - 2024/05/24 01:10:46
Table 'NLHRed60' 6-max Seat #2 is the button
Seat 1: Hero ($14.11 in chips)
Seat 2: 9751d8aa ($13.4 in chips)
Seat 3: ad7a3918 ($10 in chips)
Seat 4: 3d85a814 ($42.78 in chips)
Seat 5: 30b8d09b ($12.1 in chips)
Seat 6: ac7412b8 ($11.21 in chips)
ad7a3918: posts small blind $0.05
3d85a814: posts big blind $0.1
*** HOLE CARDS ***
Dealt to Hero [2s 9s]
Dealt to 9751d8aa 
Dealt to ad7a3918 
Dealt to 3d85a814 
Dealt to 30b8d09b 
Dealt to ac7412b8 
30b8d09b: folds
ac7412b8: folds
Hero: folds
9751d8aa: raises $0.15 to $0.25
ad7a3918: folds
3d85a814: calls $0.15
*** FLOP *** [8h 4h Kc]
3d85a814: checks
9751d8aa: checks
*** TURN *** [8h 4h Kc] [7s]
3d85a814: bets $0.5
9751d8aa: calls $0.5
*** RIVER *** [8h 4h Kc 7s] [8c]
3d85a814: bets $0.52
9751d8aa: folds
Uncalled bet ($0.52) returned to 3d85a814
*** SHOWDOWN ***
3d85a814 collected $1.48 from pot
*** SUMMARY ***
Total pot $1.55 | Rake $0.07 | Jackpot $0 | Bingo $0 | Fortune $0 | Tax $0
Board [8h 4h Kc 7s 8c]
Seat 1: Hero folded before Flop (didn't bet)
Seat 2: 9751d8aa (button) folded on the River
Seat 3: ad7a3918 (small blind) folded before Flop
Seat 4: 3d85a814 (big blind) won ($1.48)
Seat 5: 30b8d09b folded before Flop (didn't bet)
Seat 6: ac7412b8 folded before Flop (didn't bet)


Poker Hand #HD1785207857: Hold'em No Limit ($0.05/$0.1) - 2024/05/24 01:10:03
Table 'NLHRed60' 6-max Seat #1 is the button
Seat 1: Hero ($13.84 in chips)
Seat 2: 9751d8aa ($13.45 in chips)
Seat 3: ad7a3918 ($10 in chips)
Seat 4: 3d85a814 ($42.78 in chips)
Seat 5: 30b8d09b ($12.1 in chips)
Seat 6: ac7412b8 ($11.21 in chips)
9751d8aa: posts small blind $0.05
ad7a3918: posts big blind $0.1
*** HOLE CARDS ***
Dealt to Hero [Js Ts]
Dealt to 9751d8aa 
Dealt to ad7a3918 
Dealt to 3d85a814 
Dealt to 30b8d09b 
Dealt to ac7412b8 
3d85a814: folds
30b8d09b: folds
ac7412b8: folds
Hero: raises $0.14 to $0.24
9751d8aa: folds
ad7a3918: calls $0.14
*** FLOP *** [Qd 3h 2c]
ad7a3918: checks
Hero: checks
*** TURN *** [Qd 3h 2c] [3d]
ad7a3918: checks
Hero: bets $0.2
ad7a3918: folds
Uncalled bet ($0.2) returned to Hero
*** SHOWDOWN ***
Hero collected $0.51 from pot
*** SUMMARY ***
Total pot $0.53 | Rake $0.02 | Jackpot $0 | Bingo $0 | Fortune $0 | Tax $0
Board [Qd 3h 2c 3d]
Seat 1: Hero (button) won ($0.51)
Seat 2: 9751d8aa (small blind) folded before Flop
Seat 3: ad7a3918 (big blind) folded on the Turn
Seat 4: 3d85a814 folded before Flop (didn't bet)
Seat 5: 30b8d09b folded before Flop (didn't bet)
Seat 6: ac7412b8 folded before Flop (didn't bet)


Poker Hand #HD1785207842: Hold'em No Limit ($0.05/$0.1) - 2024/05/24 01:09:57
Table 'NLHRed60' 6-max Seat #6 is the button
Seat 1: Hero ($13.89 in chips)
Seat 2: 9751d8aa ($13.4 in chips)
Seat 4: 3d85a814 ($42.78 in chips)
Seat 5: 30b8d09b ($12.1 in chips)
Seat 6: ac7412b8 ($11.21 in chips)
Hero: posts small blind $0.05
9751d8aa: posts big blind $0.1
*** HOLE CARDS ***
Dealt to Hero [Qs 6d]
Dealt to 9751d8aa 
Dealt to 3d85a814 
Dealt to 30b8d09b 
Dealt to ac7412b8 
3d85a814: folds
30b8d09b: folds
ac7412b8: folds
Hero: folds
Uncalled bet ($0.05) returned to 9751d8aa
*** SHOWDOWN ***
9751d8aa collected $0.1 from pot
*** SUMMARY ***
Total pot $0.1 | Rake $0 | Jackpot $0 | Bingo $0 | Fortune $0 | Tax $0
Seat 1: Hero (small blind) folded before Flop
Seat 2: 9751d8aa (big blind) collected ($0.1)
Seat 4: 3d85a814 folded before Flop (didn't bet)
Seat 5: 30b8d09b folded before Flop (didn't bet)
Seat 6: ac7412b8 (button) folded before Flop (didn't bet)


Poker Hand #HD1785207805: Hold'em No Limit ($0.05/$0.1) - 2024/05/24 01:09:31
Table 'NLHRed60' 6-max Seat #5 is the button
Seat 1: Hero ($14.19 in chips)
Seat 2: 9751d8aa ($13.4 in chips)
Seat 4: 3d85a814 ($42.78 in chips)
Seat 5: 30b8d09b ($11.78 in chips)
Seat 6: ac7412b8 ($11.26 in chips)
ac7412b8: posts small blind $0.05
Hero: posts big blind $0.1
*** HOLE CARDS ***
Dealt to Hero [4s As]
Dealt to 9751d8aa 
Dealt to 3d85a814 
Dealt to 30b8d09b 
Dealt to ac7412b8 
9751d8aa: folds
3d85a814: folds
30b8d09b: raises $0.2 to $0.3
ac7412b8: folds
Hero: calls $0.2
*** FLOP *** [Jc 8d Ts]
Hero: checks
30b8d09b: bets $0.33
Hero: folds
Uncalled bet ($0.33) returned to 30b8d09b
*** SHOWDOWN ***
30b8d09b collected $0.62 from pot
*** SUMMARY ***
Total pot $0.65 | Rake $0.03 | Jackpot $0 | Bingo $0 | Fortune $0 | Tax $0
Board [Jc 8d Ts]
Seat 1: Hero (big blind) folded on the Flop
Seat 2: 9751d8aa folded before Flop (didn't bet)
Seat 4: 3d85a814 folded before Flop (didn't bet)
Seat 5: 30b8d09b (button) won ($0.62)
Seat 6: ac7412b8 (small blind) folded before Flop


Poker Hand #HD1785207714: Hold'em No Limit ($0.05/$0.1) - 2024/05/24 01:08:45
Table 'NLHRed60' 6-max Seat #4 is the button
Seat 1: Hero ($13.96 in chips)
Seat 2: 9751d8aa ($13.4 in chips)
Seat 4: 3d85a814 ($42.78 in chips)
Seat 5: 30b8d09b ($11.83 in chips)
Seat 6: ac7412b8 ($11.46 in chips)
30b8d09b: posts small blind $0.05
ac7412b8: posts big blind $0.1
*** HOLE CARDS ***
Dealt to Hero [6h 6c]
Dealt to 9751d8aa 
Dealt to 3d85a814 
Dealt to 30b8d09b 
Dealt to ac7412b8 
Hero: raises $0.1 to $0.2
9751d8aa: folds
3d85a814: folds
30b8d09b: folds
ac7412b8: calls $0.1
*** FLOP *** [Th 8c Tc]
ac7412b8: checks
Hero: checks
*** TURN *** [Th 8c Tc] [Qs]
ac7412b8: checks
Hero: checks
*** RIVER *** [Th 8c Tc Qs] [Qd]
ac7412b8: checks
Hero: bets $0.2
ac7412b8: folds
Uncalled bet ($0.2) returned to Hero
*** SHOWDOWN ***
Hero collected $0.43 from pot
*** SUMMARY ***
Total pot $0.45 | Rake $0.02 | Jackpot $0 | Bingo $0 | Fortune $0 | Tax $0
Board [Th 8c Tc Qs Qd]
Seat 1: Hero won ($0.43)
Seat 2: 9751d8aa folded before Flop (didn't bet)
Seat 4: 3d85a814 (button) folded before Flop (didn't bet)
Seat 5: 30b8d09b (small blind) folded before Flop
Seat 6: ac7412b8 (big blind) folded on the River


Poker Hand #HD1785207642: Hold'em No Limit ($0.05/$0.1) - 2024/05/24 01:07:59
Table 'NLHRed60' 6-max Seat #2 is the button
Seat 1: Hero ($13.96 in chips)
Seat 2: 9751d8aa ($14.63 in chips)
Seat 4: 3d85a814 ($42.83 in chips)
Seat 5: 30b8d09b ($10.67 in chips)
Seat 6: ac7412b8 ($11.46 in chips)
3d85a814: posts small blind $0.05
30b8d09b: posts big blind $0.1
*** HOLE CARDS ***
Dealt to Hero [5s Kd]
Dealt to 9751d8aa 
Dealt to 3d85a814 
Dealt to 30b8d09b 
Dealt to ac7412b8 
ac7412b8: folds
Hero: folds
9751d8aa: calls $0.1
3d85a814: folds
30b8d09b: checks
*** FLOP *** [2h 3d Qh]
30b8d09b: bets $0.25
9751d8aa: calls $0.25
*** TURN *** [2h 3d Qh] [Js]
30b8d09b: bets $0.38
9751d8aa: calls $0.38
*** RIVER *** [2h 3d Qh Js] [Ks]
30b8d09b: bets $0.5
9751d8aa: calls $0.5
30b8d09b: shows [Qc 8s] (Pair of Queens)
9751d8aa: shows [Jc Ac] (Pair of Jacks)
*** SHOWDOWN ***
30b8d09b collected $2.39 from pot
*** SUMMARY ***
Total pot $2.51 | Rake $0.12 | Jackpot $0 | Bingo $0 | Fortune $0 | Tax $0
Board [2h 3d Qh Js Ks]
Seat 1: Hero folded before Flop (didn't bet)
Seat 2: 9751d8aa (button) showed [Jc Ac] and lost with Pair of Jacks
Seat 4: 3d85a814 (small blind) folded before Flop
Seat 5: 30b8d09b (big blind) showed [Qc 8s] and won ($2.39) with Pair of Queens
Seat 6: ac7412b8 folded before Flop (didn't bet)


Poker Hand #HD1785207554: Hold'em No Limit ($0.05/$0.1) - 2024/05/24 01:07:12
Table 'NLHRed60' 6-max Seat #1 is the button
Seat 1: Hero ($13.96 in chips)
Seat 2: 9751d8aa ($14.93 in chips)
Seat 4: 3d85a814 ($42.93 in chips)
Seat 5: 30b8d09b ($10.3 in chips)
Seat 6: ac7412b8 ($11.46 in chips)
9751d8aa: posts small blind $0.05
3d85a814: posts big blind $0.1
*** HOLE CARDS ***
Dealt to Hero [5s 3c]
Dealt to 9751d8aa 
Dealt to 3d85a814 
Dealt to 30b8d09b 
Dealt to ac7412b8 
30b8d09b: raises $0.2 to $0.3
ac7412b8: folds
Hero: folds
9751d8aa: calls $0.25
3d85a814: folds
*** FLOP *** [7d Td As]
9751d8aa: checks
30b8d09b: checks
*** TURN *** [7d Td As] [Js]
9751d8aa: checks
30b8d09b: bets $0.35
9751d8aa: folds
Uncalled bet ($0.35) returned to 30b8d09b
*** SHOWDOWN ***
30b8d09b collected $0.67 from pot
*** SUMMARY ***
Total pot $0.7 | Rake $0.03 | Jackpot $0 | Bingo $0 | Fortune $0 | Tax $0
Board [7d Td As Js]
Seat 1: Hero (button) folded before Flop (didn't bet)
Seat 2: 9751d8aa (small blind) folded on the Turn
Seat 4: 3d85a814 (big blind) folded before Flop
Seat 5: 30b8d09b won ($0.67)
Seat 6: ac7412b8 folded before Flop (didn't bet)


Poker Hand #HD1785207483: Hold'em No Limit ($0.05/$0.1) - 2024/05/24 01:06:33
Table 'NLHRed60' 6-max Seat #6 is the button
Seat 1: Hero ($12.31 in chips)
Seat 2: 9751d8aa ($13.04 in chips)
Seat 3: 4ded8c90 ($10 in chips)
Seat 4: 3d85a814 ($41.27 in chips)
Seat 5: 30b8d09b ($8.64 in chips)
Seat 6: ac7412b8 ($10 in chips)
Hero: posts small blind $0.05
9751d8aa: posts big blind $0.1
*** HOLE CARDS ***
Dealt to Hero [5c Ts]
Dealt to 9751d8aa 
Dealt to 4ded8c90 
Dealt to 3d85a814 
Dealt to 30b8d09b 
Dealt to ac7412b8 
4ded8c90: folds
3d85a814: folds
30b8d09b: folds
ac7412b8: raises $0.1 to $0.2
Hero: folds
9751d8aa: calls $0.1
*** FLOP *** [Ks Ad 9h]
9751d8aa: checks
ac7412b8: checks
*** TURN *** [Ks Ad 9h] [Qs]
9751d8aa: bets $0.45
ac7412b8: folds
Uncalled bet ($0.45) returned to 9751d8aa
*** SHOWDOWN ***
9751d8aa collected $0.43 from pot
*** SUMMARY ***
Total pot $0.45 | Rake $0.02 | Jackpot $0 | Bingo $0 | Fortune $0 | Tax $0
Board [Ks Ad 9h Qs]
Seat 1: Hero (small blind) folded before Flop
Seat 2: 9751d8aa (big blind) won ($0.43)
Seat 3: 4ded8c90 folded before Flop (didn't bet)
Seat 4: 3d85a814 folded before Flop (didn't bet)
Seat 5: 30b8d09b folded before Flop (didn't bet)
Seat 6: ac7412b8 (button) folded on the Turn


Poker Hand #HD1785207477: Hold'em No Limit ($0.05/$0.1) - 2024/05/24 01:06:26
Table 'NLHRed60' 6-max Seat #5 is the button
Seat 1: Hero ($12.26 in chips)
Seat 2: 9751d8aa ($13.04 in chips)
Seat 3: 4ded8c90 ($10 in chips)
Seat 4: 3d85a814 ($41.27 in chips)
Seat 5: 30b8d09b ($8.64 in chips)
Seat 6: ac7412b8 ($10 in chips)
ac7412b8: posts small blind $0.05
Hero: posts big blind $0.1
*** HOLE CARDS ***
Dealt to Hero [6s 5c]
Dealt to 9751d8aa 
Dealt to 4ded8c90 
Dealt to 3d85a814 
Dealt to 30b8d09b 
Dealt to ac7412b8 
9751d8aa: folds
4ded8c90: folds
3d85a814: folds
30b8d09b: folds
ac7412b8: folds
Uncalled bet ($0.05) returned to Hero
*** SHOWDOWN ***
Hero collected $0.1 from pot
*** SUMMARY ***
Total pot $0.1 | Rake $0 | Jackpot $0 | Bingo $0 | Fortune $0 | Tax $0
Seat 1: Hero (big blind) collected ($0.1)
Seat 2: 9751d8aa folded before Flop (didn't bet)
Seat 3: 4ded8c90 folded before Flop (didn't bet)
Seat 4: 3d85a814 folded before Flop (didn't bet)
Seat 5: 30b8d09b (button) folded before Flop (didn't bet)
Seat 6: ac7412b8 (small blind) folded before Flop


Poker Hand #HD1785207420: Hold'em No Limit ($0.05/$0.1) - 2024/05/24 01:05:57
Table 'NLHRed60' 6-max Seat #4 is the button
Seat 1: Hero ($12.26 in chips)
Seat 2: 9751d8aa ($13.04 in chips)
Seat 3: 4ded8c90 ($10 in chips)
Seat 4: 3d85a814 ($41.27 in chips)
Seat 5: 30b8d09b ($8.37 in chips)
Seat 6: ac7412b8 ($10.15 in chips)
30b8d09b: posts small blind $0.05
ac7412b8: posts big blind $0.1
*** HOLE CARDS ***
Dealt to Hero [5d 6c]
Dealt to 9751d8aa 
Dealt to 4ded8c90 
Dealt to 3d85a814 
Dealt to 30b8d09b 
Dealt to ac7412b8 
Hero: folds
9751d8aa: folds
4ded8c90: folds
3d85a814: folds
30b8d09b: raises $0.2 to $0.3
ac7412b8: calls $0.2
*** FLOP *** [6s Jc 4c]
30b8d09b: bets $0.3
ac7412b8: folds
Uncalled bet ($0.3) returned to 30b8d09b
*** SHOWDOWN ***
30b8d09b collected $0.57 from pot
*** SUMMARY ***
Total pot $0.6 | Rake $0.03 | Jackpot $0 | Bingo $0 | Fortune $0 | Tax $0
Board [6s Jc 4c]
Seat 1: Hero folded before Flop (didn't bet)
Seat 2: 9751d8aa folded before Flop (didn't bet)
Seat 3: 4ded8c90 folded before Flop (didn't bet)
Seat 4: 3d85a814 (button) folded before Flop (didn't bet)
Seat 5: 30b8d09b (small blind) won ($0.57)
Seat 6: ac7412b8 (big blind) folded on the Flop


Poker Hand #HD1785207368: Hold'em No Limit ($0.05/$0.1) - 2024/05/24 01:05:25
Table 'NLHRed60' 6-max Seat #3 is the button
Seat 1: Hero ($12.26 in chips)
Seat 2: 9751d8aa ($13.04 in chips)
Seat 3: 4ded8c90 ($10 in chips)
Seat 4: 3d85a814 ($41 in chips)
Seat 5: 30b8d09b ($8.67 in chips)
Seat 6: ac7412b8 ($10.15 in chips)
3d85a814: posts small blind $0.05
30b8d09b: posts big blind $0.1
*** HOLE CARDS ***
Dealt to Hero [6h Ts]
Dealt to 9751d8aa 
Dealt to 4ded8c90 
Dealt to 3d85a814 
Dealt to 30b8d09b 
Dealt to ac7412b8 
ac7412b8: folds
Hero: folds
9751d8aa: folds
4ded8c90: folds
3d85a814: raises $0.2 to $0.3
30b8d09b: calls $0.2
*** FLOP *** [As 2d 3c]
3d85a814: bets $0.2
30b8d09b: folds
Uncalled bet ($0.2) returned to 3d85a814
*** SHOWDOWN ***
3d85a814 collected $0.57 from pot
*** SUMMARY ***
Total pot $0.6 | Rake $0.03 | Jackpot $0 | Bingo $0 | Fortune $0 | Tax $0
Board [As 2d 3c]
Seat 1: Hero folded before Flop (didn't bet)
Seat 2: 9751d8aa folded before Flop (didn't bet)
Seat 3: 4ded8c90 (button) folded before Flop (didn't bet)
Seat 4: 3d85a814 (small blind) won ($0.57)
Seat 5: 30b8d09b (big blind) folded on the Flop
Seat 6: ac7412b8 folded before Flop (didn't bet)


Poker Hand #HD1785207327: Hold'em No Limit ($0.05/$0.1) - 2024/05/24 01:05:07
Table 'NLHRed60' 6-max Seat #2 is the button
Seat 1: Hero ($12.26 in chips)
Seat 2: 9751d8aa ($12.89 in chips)
Seat 3: 4ded8c90 ($10.05 in chips)
Seat 4: 3d85a814 ($41.1 in chips)
Seat 5: 30b8d09b ($8.67 in chips)
Seat 6: ac7412b8 ($10.15 in chips)
4ded8c90: posts small blind $0.05
3d85a814: posts big blind $0.1
*** HOLE CARDS ***
Dealt to Hero [6d 5h]
Dealt to 9751d8aa 
Dealt to 4ded8c90 
Dealt to 3d85a814 
Dealt to 30b8d09b 
Dealt to ac7412b8 
30b8d09b: folds
ac7412b8: folds
Hero: folds
9751d8aa: raises $0.15 to $0.25
4ded8c90: folds
3d85a814: folds
Uncalled bet ($0.15) returned to 9751d8aa
*** SHOWDOWN ***
9751d8aa collected $0.25 from pot
*** SUMMARY ***
Total pot $0.25 | Rake $0 | Jackpot $0 | Bingo $0 | Fortune $0 | Tax $0
Seat 1: Hero folded before Flop (didn't bet)
Seat 2: 9751d8aa (button) collected ($0.25)
Seat 3: 4ded8c90 (small blind) folded before Flop
Seat 4: 3d85a814 (big blind) folded before Flop
Seat 5: 30b8d09b folded before Flop (didn't bet)
Seat 6: ac7412b8 folded before Flop (didn't bet)


Poker Hand #HD1785207296: Hold'em No Limit ($0.05/$0.1) - 2024/05/24 01:04:51
Table 'NLHRed60' 6-max Seat #1 is the button
Seat 1: Hero ($12.26 in chips)
Seat 2: 9751d8aa ($12.94 in chips)
Seat 3: 4ded8c90 ($10 in chips)
Seat 4: 3d85a814 ($41.1 in chips)
Seat 5: 30b8d09b ($8.67 in chips)
Seat 6: ac7412b8 ($10.15 in chips)
9751d8aa: posts small blind $0.05
4ded8c90: posts big blind $0.1
*** HOLE CARDS ***
Dealt to Hero [4c 9d]
Dealt to 9751d8aa 
Dealt to 4ded8c90 
Dealt to 3d85a814 
Dealt to 30b8d09b 
Dealt to ac7412b8 
3d85a814: folds
30b8d09b: folds
ac7412b8: folds
Hero: folds
9751d8aa: folds
Uncalled bet ($0.05) returned to 4ded8c90
*** SHOWDOWN ***
4ded8c90 collected $0.1 from pot
*** SUMMARY ***
Total pot $0.1 | Rake $0 | Jackpot $0 | Bingo $0 | Fortune $0 | Tax $0
Seat 1: Hero (button) folded before Flop (didn't bet)
Seat 2: 9751d8aa (small blind) folded before Flop
Seat 3: 4ded8c90 (big blind) collected ($0.1)
Seat 4: 3d85a814 folded before Flop (didn't bet)
Seat 5: 30b8d09b folded before Flop (didn't bet)
Seat 6: ac7412b8 folded before Flop (didn't bet)


Poker Hand #HD1785207279: Hold'em No Limit ($0.05/$0.1) - 2024/05/24 01:04:39
Table 'NLHRed60' 6-max Seat #6 is the button
Seat 1: Hero ($12.31 in chips)
Seat 2: 9751d8aa ($13.04 in chips)
Seat 3: 4ded8c90 ($10 in chips)
Seat 4: 3d85a814 ($41.1 in chips)
Seat 5: 30b8d09b ($8.67 in chips)
Seat 6: ac7412b8 ($10 in chips)
Hero: posts small blind $0.05
9751d8aa: posts big blind $0.1
*** HOLE CARDS ***
Dealt to Hero [7s 9d]
Dealt to 9751d8aa 
Dealt to 4ded8c90 
Dealt to 3d85a814 
Dealt to 30b8d09b 
Dealt to ac7412b8 
4ded8c90: folds
3d85a814: folds
30b8d09b: folds
ac7412b8: raises $0.15 to $0.25
Hero: folds
9751d8aa: folds
Uncalled bet ($0.15) returned to ac7412b8
*** SHOWDOWN ***
ac7412b8 collected $0.25 from pot
*** SUMMARY ***
Total pot $0.25 | Rake $0 | Jackpot $0 | Bingo $0 | Fortune $0 | Tax $0
Seat 1: Hero (small blind) folded before Flop
Seat 2: 9751d8aa (big blind) folded before Flop
Seat 3: 4ded8c90 folded before Flop (didn't bet)
Seat 4: 3d85a814 folded before Flop (didn't bet)
Seat 5: 30b8d09b folded before Flop (didn't bet)
Seat 6: ac7412b8 (button) collected ($0.25)


Poker Hand #HD1785207255: Hold'em No Limit ($0.05/$0.1) - 2024/05/24 01:04:29
Table 'NLHRed60' 6-max Seat #5 is the button
Seat 1: Hero ($12.26 in chips)
Seat 2: 9751d8aa ($13.04 in chips)
Seat 3: 4ded8c90 ($10 in chips)
Seat 4: 3d85a814 ($41.1 in chips)
Seat 5: 30b8d09b ($8.67 in chips)
Seat 6: ac7412b8 ($10 in chips)
ac7412b8: posts small blind $0.05
Hero: posts big blind $0.1
*** HOLE CARDS ***
Dealt to Hero [3c 5d]
Dealt to 9751d8aa 
Dealt to 4ded8c90 
Dealt to 3d85a814 
Dealt to 30b8d09b 
Dealt to ac7412b8 
9751d8aa: folds
4ded8c90: folds
3d85a814: folds
30b8d09b: folds
ac7412b8: folds
Uncalled bet ($0.05) returned to Hero
*** SHOWDOWN ***
Hero collected $0.1 from pot
*** SUMMARY ***
Total pot $0.1 | Rake $0 | Jackpot $0 | Bingo $0 | Fortune $0 | Tax $0
Seat 1: Hero (big blind) collected ($0.1)
Seat 2: 9751d8aa folded before Flop (didn't bet)
Seat 3: 4ded8c90 folded before Flop (didn't bet)
Seat 4: 3d85a814 folded before Flop (didn't bet)
Seat 5: 30b8d09b (button) folded before Flop (didn't bet)
Seat 6: ac7412b8 (small blind) folded before Flop


Poker Hand #HD1785207221: Hold'em No Limit ($0.05/$0.1) - 2024/05/24 01:04:14
Table 'NLHRed60' 6-max Seat #4 is the button
Seat 1: Hero ($12.26 in chips)
Seat 2: 9751d8aa ($13.04 in chips)
Seat 3: 4ded8c90 ($10 in chips)
Seat 4: 3d85a814 ($40.95 in chips)
Seat 5: 30b8d09b ($8.72 in chips)
Seat 6: ac7412b8 ($10 in chips)
30b8d09b: posts small blind $0.05
ac7412b8: posts big blind $0.1
*** HOLE CARDS ***
Dealt to Hero [5s Kd]
Dealt to 9751d8aa 
Dealt to 4ded8c90 
Dealt to 3d85a814 
Dealt to 30b8d09b 
Dealt to ac7412b8 
Hero: folds
9751d8aa: folds
4ded8c90: folds
3d85a814: raises $0.15 to $0.25
30b8d09b: folds
ac7412b8: folds
Uncalled bet ($0.15) returned to 3d85a814
*** SHOWDOWN ***
3d85a814 collected $0.25 from pot
*** SUMMARY ***
Total pot $0.25 | Rake $0 | Jackpot $0 | Bingo $0 | Fortune $0 | Tax $0
Seat 1: Hero folded before Flop (didn't bet)
Seat 2: 9751d8aa folded before Flop (didn't bet)
Seat 3: 4ded8c90 folded before Flop (didn't bet)
Seat 4: 3d85a814 (button) collected ($0.25)
Seat 5: 30b8d09b (small blind) folded before Flop
Seat 6: ac7412b8 (big blind) folded before Flop


Poker Hand #HD1785207191: Hold'em No Limit ($0.05/$0.1) - 2024/05/24 01:03:57
Table 'NLHRed60' 6-max Seat #3 is the button
Seat 1: Hero ($12.11 in chips)
Seat 2: 9751d8aa ($13.04 in chips)
Seat 3: 4ded8c90 ($10 in chips)
Seat 4: 3d85a814 ($41 in chips)
Seat 5: 30b8d09b ($8.82 in chips)
Seat 6: ac7412b8 ($10 in chips)
3d85a814: posts small blind $0.05
30b8d09b: posts big blind $0.1
*** HOLE CARDS ***
Dealt to Hero [Ks Ts]
Dealt to 9751d8aa 
Dealt to 4ded8c90 
Dealt to 3d85a814 
Dealt to 30b8d09b 
Dealt to ac7412b8 
ac7412b8: folds
Hero: raises $0.1 to $0.2
9751d8aa: folds
4ded8c90: folds
3d85a814: folds
30b8d09b: folds
Uncalled bet ($0.1) returned to Hero
*** SHOWDOWN ***
Hero collected $0.25 from pot
*** SUMMARY ***
Total pot $0.25 | Rake $0 | Jackpot $0 | Bingo $0 | Fortune $0 | Tax $0
Seat 1: Hero collected ($0.25)
Seat 2: 9751d8aa folded before Flop (didn't bet)
Seat 3: 4ded8c90 (button) folded before Flop (didn't bet)
Seat 4: 3d85a814 (small blind) folded before Flop
Seat 5: 30b8d09b (big blind) folded before Flop
Seat 6: ac7412b8 folded before Flop (didn't bet)


Poker Hand #HD1785207083: Hold'em No Limit ($0.05/$0.1) - 2024/05/24 01:02:58
Table 'NLHRed60' 6-max Seat #2 is the button
Seat 1: Hero ($12.11 in chips)
Seat 2: 9751d8aa ($11.83 in chips)
Seat 3: 4ded8c90 ($10 in chips)
Seat 4: 3d85a814 ($41.1 in chips)
Seat 5: 30b8d09b ($10 in chips)
Seat 6: ac7412b8 ($10 in chips)
4ded8c90: posts small blind $0.05
3d85a814: posts big blind $0.1
*** HOLE CARDS ***
Dealt to Hero [Jh 2d]
Dealt to 9751d8aa 
Dealt to 4ded8c90 
Dealt to 3d85a814 
Dealt to 30b8d09b 
Dealt to ac7412b8 
30b8d09b: raises $0.2 to $0.3
ac7412b8: folds
Hero: folds
9751d8aa: calls $0.3
4ded8c90: folds
3d85a814: folds
*** FLOP *** [4s 8c Kh]
30b8d09b: checks
9751d8aa: checks
*** TURN *** [4s 8c Kh] [Qd]
30b8d09b: bets $0.38
9751d8aa: calls $0.38
*** RIVER *** [4s 8c Kh Qd] [7s]
30b8d09b: bets $0.5
9751d8aa: raises $2.51 to $3.01
30b8d09b: folds
Uncalled bet ($2.51) returned to 9751d8aa
*** SHOWDOWN ***
9751d8aa collected $2.39 from pot
*** SUMMARY ***
Total pot $2.51 | Rake $0.12 | Jackpot $0 | Bingo $0 | Fortune $0 | Tax $0
Board [4s 8c Kh Qd 7s]
Seat 1: Hero folded before Flop (didn't bet)
Seat 2: 9751d8aa (button) won ($2.39)
Seat 3: 4ded8c90 (small blind) folded before Flop
Seat 4: 3d85a814 (big blind) folded before Flop
Seat 5: 30b8d09b folded on the River
Seat 6: ac7412b8 folded before Flop (didn't bet)


Poker Hand #HD1785207036: Hold'em No Limit ($0.05/$0.1) - 2024/05/24 01:02:33
Table 'NLHRed60' 6-max Seat #1 is the button
Seat 1: Hero ($11.74 in chips)
Seat 2: 9751d8aa ($11.88 in chips)
Seat 3: 4ded8c90 ($10.1 in chips)
Seat 4: 3d85a814 ($41.1 in chips)
Seat 5: 30b8d09b ($10 in chips)
Seat 6: ac7412b8 ($10.1 in chips)
9751d8aa: posts small blind $0.05
4ded8c90: posts big blind $0.1
*** HOLE CARDS ***
Dealt to Hero [Jc Kc]
Dealt to 9751d8aa 
Dealt to 4ded8c90 
Dealt to 3d85a814 
Dealt to 30b8d09b 
Dealt to ac7412b8 
3d85a814: folds
30b8d09b: folds
ac7412b8: raises $0.15 to $0.25
Hero: raises $0.65 to $0.9
9751d8aa: folds
4ded8c90: folds
ac7412b8: folds
Uncalled bet ($0.65) returned to Hero
*** SHOWDOWN ***
Hero collected $0.62 from pot
*** SUMMARY ***
Total pot $0.65 | Rake $0.03 | Jackpot $0 | Bingo $0 | Fortune $0 | Tax $0
Seat 1: Hero (button) collected ($0.62)
Seat 2: 9751d8aa (small blind) folded before Flop
Seat 3: 4ded8c90 (big blind) folded before Flop
Seat 4: 3d85a814 folded before Flop (didn't bet)
Seat 5: 30b8d09b folded before Flop (didn't bet)
Seat 6: ac7412b8 folded before Flop


Poker Hand #HD1785206991: Hold'em No Limit ($0.05/$0.1) - 2024/05/24 01:02:11
Table 'NLHRed60' 6-max Seat #6 is the button
Seat 1: Hero ($11.79 in chips)
Seat 2: 9751d8aa ($11.98 in chips)
Seat 3: 4ded8c90 ($10.1 in chips)
Seat 4: 3d85a814 ($41.1 in chips)
Seat 5: 30b8d09b ($9.85 in chips)
Seat 6: ac7412b8 ($10.1 in chips)
Hero: posts small blind $0.05
9751d8aa: posts big blind $0.1
*** HOLE CARDS ***
Dealt to Hero [Ad 8d]
Dealt to 9751d8aa 
Dealt to 4ded8c90 
Dealt to 3d85a814 
Dealt to 30b8d09b 
Dealt to ac7412b8 
4ded8c90: folds
3d85a814: folds
30b8d09b: raises $0.2 to $0.3
ac7412b8: folds
Hero: folds
9751d8aa: folds
Uncalled bet ($0.2) returned to 30b8d09b
*** SHOWDOWN ***
30b8d09b collected $0.25 from pot
*** SUMMARY ***
Total pot $0.25 | Rake $0 | Jackpot $0 | Bingo $0 | Fortune $0 | Tax $0
Seat 1: Hero (small blind) folded before Flop
Seat 2: 9751d8aa (big blind) folded before Flop
Seat 3: 4ded8c90 folded before Flop (didn't bet)
Seat 4: 3d85a814 folded before Flop (didn't bet)
Seat 5: 30b8d09b collected ($0.25)
Seat 6: ac7412b8 (button) folded before Flop (didn't bet)


Poker Hand #HD1785206960: Hold'em No Limit ($0.05/$0.1) - 2024/05/24 01:01:56
Table 'NLHRed60' 6-max Seat #5 is the button
Seat 1: Hero ($11.89 in chips)
Seat 2: 9751d8aa ($11.83 in chips)
Seat 3: 4ded8c90 ($10.1 in chips)
Seat 4: 3d85a814 ($41.1 in chips)
Seat 5: 30b8d09b ($9.85 in chips)
Seat 6: ac7412b8 ($10.15 in chips)
ac7412b8: posts small blind $0.05
Hero: posts big blind $0.1
*** HOLE CARDS ***
Dealt to Hero [9s 6s]
Dealt to 9751d8aa 
Dealt to 4ded8c90 
Dealt to 3d85a814 
Dealt to 30b8d09b 
Dealt to ac7412b8 
9751d8aa: raises $0.2 to $0.3
4ded8c90: folds
3d85a814: folds
30b8d09b: folds
ac7412b8: folds
Hero: folds
Uncalled bet ($0.2) returned to 9751d8aa
*** SHOWDOWN ***
9751d8aa collected $0.25 from pot
*** SUMMARY ***
Total pot $0.25 | Rake $0 | Jackpot $0 | Bingo $0 | Fortune $0 | Tax $0
Seat 1: Hero (big blind) folded before Flop
Seat 2: 9751d8aa collected ($0.25)
Seat 3: 4ded8c90 folded before Flop (didn't bet)
Seat 4: 3d85a814 folded before Flop (didn't bet)
Seat 5: 30b8d09b (button) folded before Flop (didn't bet)
Seat 6: ac7412b8 (small blind) folded before Flop


Poker Hand #HD1785206927: Hold'em No Limit ($0.05/$0.1) - 2024/05/24 01:01:43
Table 'NLHRed60' 6-max Seat #4 is the button
Seat 1: Hero ($11.89 in chips)
Seat 2: 9751d8aa ($11.83 in chips)
Seat 3: 4ded8c90 ($10.1 in chips)
Seat 4: 3d85a814 ($41.1 in chips)
Seat 5: 30b8d09b ($9.75 in chips)
Seat 6: ac7412b8 ($10.25 in chips)
30b8d09b: posts small blind $0.05
ac7412b8: posts big blind $0.1
*** HOLE CARDS ***
Dealt to Hero [3d Ac]
Dealt to 9751d8aa 
Dealt to 4ded8c90 
Dealt to 3d85a814 
Dealt to 30b8d09b 
Dealt to ac7412b8 
Hero: folds
9751d8aa: folds
4ded8c90: folds
3d85a814: folds
30b8d09b: raises $0.2 to $0.3
ac7412b8: folds
Uncalled bet ($0.2) returned to 30b8d09b
*** SHOWDOWN ***
30b8d09b collected $0.2 from pot
*** SUMMARY ***
Total pot $0.2 | Rake $0 | Jackpot $0 | Bingo $0 | Fortune $0 | Tax $0
Seat 1: Hero folded before Flop (didn't bet)
Seat 2: 9751d8aa folded before Flop (didn't bet)
Seat 3: 4ded8c90 folded before Flop (didn't bet)
Seat 4: 3d85a814 (button) folded before Flop (didn't bet)
Seat 5: 30b8d09b (small blind) collected ($0.2)
Seat 6: ac7412b8 (big blind) folded before Flop


Poker Hand #HD1785206867: Hold'em No Limit ($0.05/$0.1) - 2024/05/24 01:01:04
Table 'NLHRed60' 6-max Seat #3 is the button
Seat 1: Hero ($11.89 in chips)
Seat 2: 9751d8aa ($11.83 in chips)
Seat 3: 4ded8c90 ($10.1 in chips)
Seat 4: 3d85a814 ($41.77 in chips)
Seat 5: 30b8d09b ($9.14 in chips)
Seat 6: ac7412b8 ($10.25 in chips)
3d85a814: posts small blind $0.05
30b8d09b: posts big blind $0.1
*** HOLE CARDS ***
Dealt to Hero [4c Jd]
Dealt to 9751d8aa 
Dealt to 4ded8c90 
Dealt to 3d85a814 
Dealt to 30b8d09b 
Dealt to ac7412b8 
ac7412b8: folds
Hero: folds
9751d8aa: folds
4ded8c90: folds
3d85a814: raises $0.3 to $0.4
30b8d09b: calls $0.3
*** FLOP *** [8c 8h Qh]
3d85a814: checks
30b8d09b: bets $0.27
3d85a814: calls $0.27
*** TURN *** [8c 8h Qh] [4s]
3d85a814: checks
30b8d09b: bets $0.67
3d85a814: folds
Uncalled bet ($0.67) returned to 30b8d09b
*** SHOWDOWN ***
30b8d09b collected $1.28 from pot
*** SUMMARY ***
Total pot $1.34 | Rake $0.06 | Jackpot $0 | Bingo $0 | Fortune $0 | Tax $0
Board [8c 8h Qh 4s]
Seat 1: Hero folded before Flop (didn't bet)
Seat 2: 9751d8aa folded before Flop (didn't bet)
Seat 3: 4ded8c90 (button) folded before Flop (didn't bet)
Seat 4: 3d85a814 (small blind) folded on the Turn
Seat 5: 30b8d09b (big blind) won ($1.28)
Seat 6: ac7412b8 folded before Flop (didn't bet)


Poker Hand #HD1785206847: Hold'em No Limit ($0.05/$0.1) - 2024/05/24 01:00:54
Table 'NLHRed60' 6-max Seat #2 is the button
Seat 1: Hero ($11.89 in chips)
Seat 2: 9751d8aa ($11.83 in chips)
Seat 3: 4ded8c90 ($10 in chips)
Seat 4: 3d85a814 ($41.87 in chips)
Seat 5: 30b8d09b ($9.14 in chips)
Seat 6: ac7412b8 ($10.25 in chips)
4ded8c90: posts small blind $0.05
3d85a814: posts big blind $0.1
*** HOLE CARDS ***
Dealt to Hero [9c 3h]
Dealt to 9751d8aa 
Dealt to 4ded8c90 
Dealt to 3d85a814 
Dealt to 30b8d09b 
Dealt to ac7412b8 
30b8d09b: folds
ac7412b8: folds
Hero: folds
9751d8aa: folds
4ded8c90: raises $0.2 to $0.3
3d85a814: folds
Uncalled bet ($0.2) returned to 4ded8c90
*** SHOWDOWN ***
4ded8c90 collected $0.2 from pot
*** SUMMARY ***
Total pot $0.2 | Rake $0 | Jackpot $0 | Bingo $0 | Fortune $0 | Tax $0
Seat 1: Hero folded before Flop (didn't bet)
Seat 2: 9751d8aa (button) folded before Flop (didn't bet)
Seat 3: 4ded8c90 (small blind) collected ($0.2)
Seat 4: 3d85a814 (big blind) folded before Flop
Seat 5: 30b8d09b folded before Flop (didn't bet)
Seat 6: ac7412b8 folded before Flop (didn't bet)


Poker Hand #HD1785206813: Hold'em No Limit ($0.05/$0.1) - 2024/05/24 01:00:40
Table 'NLHRed60' 6-max Seat #1 is the button
Seat 1: Hero ($11.89 in chips)
Seat 2: 9751d8aa ($11.88 in chips)
Seat 3: 4ded8c90 ($10 in chips)
Seat 4: 3d85a814 ($41.87 in chips)
Seat 5: 30b8d09b ($9.14 in chips)
Seat 6: ac7412b8 ($10.1 in chips)
9751d8aa: posts small blind $0.05
4ded8c90: posts big blind $0.1
*** HOLE CARDS ***
Dealt to Hero [2c 6h]
Dealt to 9751d8aa 
Dealt to 4ded8c90 
Dealt to 3d85a814 
Dealt to 30b8d09b 
Dealt to ac7412b8 
3d85a814: folds
30b8d09b: folds
ac7412b8: raises $0.15 to $0.25
Hero: folds
9751d8aa: folds
4ded8c90: folds
Uncalled bet ($0.15) returned to ac7412b8
*** SHOWDOWN ***
ac7412b8 collected $0.25 from pot
*** SUMMARY ***
Total pot $0.25 | Rake $0 | Jackpot $0 | Bingo $0 | Fortune $0 | Tax $0
Seat 1: Hero (button) folded before Flop (didn't bet)
Seat 2: 9751d8aa (small blind) folded before Flop
Seat 3: 4ded8c90 (big blind) folded before Flop
Seat 4: 3d85a814 folded before Flop (didn't bet)
Seat 5: 30b8d09b folded before Flop (didn't bet)
Seat 6: ac7412b8 collected ($0.25)


Poker Hand #HD1785206796: Hold'em No Limit ($0.05/$0.1) - 2024/05/24 01:00:31
Table 'NLHRed60' 6-max Seat #6 is the button
Seat 1: Hero ($11.94 in chips)
Seat 2: 9751d8aa ($11.83 in chips)
Seat 4: 3d85a814 ($41.87 in chips)
Seat 5: 30b8d09b ($9.14 in chips)
Seat 6: ac7412b8 ($10.1 in chips)
Hero: posts small blind $0.05
9751d8aa: posts big blind $0.1
*** HOLE CARDS ***
Dealt to Hero [Ks 7h]
Dealt to 9751d8aa 
Dealt to 3d85a814 
Dealt to 30b8d09b 
Dealt to ac7412b8 
3d85a814: folds
30b8d09b: folds
ac7412b8: folds
Hero: folds
Uncalled bet ($0.05) returned to 9751d8aa
*** SHOWDOWN ***
9751d8aa collected $0.1 from pot
*** SUMMARY ***
Total pot $0.1 | Rake $0 | Jackpot $0 | Bingo $0 | Fortune $0 | Tax $0
Seat 1: Hero (small blind) folded before Flop
Seat 2: 9751d8aa (big blind) collected ($0.1)
Seat 4: 3d85a814 folded before Flop (didn't bet)
Seat 5: 30b8d09b folded before Flop (didn't bet)
Seat 6: ac7412b8 (button) folded before Flop (didn't bet)


Poker Hand #HD1785206777: Hold'em No Limit ($0.05/$0.1) - 2024/05/24 01:00:19
Table 'NLHRed60' 6-max Seat #5 is the button
Seat 1: Hero ($12.04 in chips)
Seat 2: 9751d8aa ($11.83 in chips)
Seat 4: 3d85a814 ($41.87 in chips)
Seat 5: 30b8d09b ($9.14 in chips)
Seat 6: ac7412b8 ($10 in chips)
ac7412b8: posts small blind $0.05
Hero: posts big blind $0.1
*** HOLE CARDS ***
Dealt to Hero [5s 2d]
Dealt to 9751d8aa 
Dealt to 3d85a814 
Dealt to 30b8d09b 
Dealt to ac7412b8 
9751d8aa: folds
3d85a814: folds
30b8d09b: folds
ac7412b8: raises $0.15 to $0.25
Hero: folds
Uncalled bet ($0.15) returned to ac7412b8
*** SHOWDOWN ***
ac7412b8 collected $0.2 from pot
*** SUMMARY ***
Total pot $0.2 | Rake $0 | Jackpot $0 | Bingo $0 | Fortune $0 | Tax $0
Seat 1: Hero (big blind) folded before Flop
Seat 2: 9751d8aa folded before Flop (didn't bet)
Seat 4: 3d85a814 folded before Flop (didn't bet)
Seat 5: 30b8d09b (button) folded before Flop (didn't bet)
Seat 6: ac7412b8 (small blind) collected ($0.2)


Poker Hand #HD1785206703: Hold'em No Limit ($0.05/$0.1) - 2024/05/24 00:59:33
Table 'NLHRed60' 6-max Seat #4 is the button
Seat 1: Hero ($12.04 in chips)
Seat 2: 9751d8aa ($11.83 in chips)
Seat 4: 3d85a814 ($41.87 in chips)
Seat 5: 30b8d09b ($8.06 in chips)
Seat 6: ac7412b8 ($10.7 in chips)
30b8d09b: posts small blind $0.05
ac7412b8: posts big blind $0.1
*** HOLE CARDS ***
Dealt to Hero [Th 5d]
Dealt to 9751d8aa 
Dealt to 3d85a814 
Dealt to 30b8d09b 
Dealt to ac7412b8 
Hero: folds
9751d8aa: folds
3d85a814: folds
30b8d09b: raises $0.2 to $0.3
ac7412b8: calls $0.2
*** FLOP *** [7h 4s 8h]
30b8d09b: bets $0.3
ac7412b8: calls $0.3
*** TURN *** [7h 4s 8h] [Qd]
30b8d09b: checks
ac7412b8: checks
*** RIVER *** [7h 4s 8h Qd] [Jh]
30b8d09b: bets $0.6
ac7412b8: calls $0.6
30b8d09b: shows [Qh Ks] (Pair of Queens)
ac7412b8: shows [Js Ts] (Pair of Jacks)
*** SHOWDOWN ***
30b8d09b collected $2.28 from pot
*** SUMMARY ***
Total pot $2.4 | Rake $0.12 | Jackpot $0 | Bingo $0 | Fortune $0 | Tax $0
Board [7h 4s 8h Qd Jh]
Seat 1: Hero folded before Flop (didn't bet)
Seat 2: 9751d8aa folded before Flop (didn't bet)
Seat 4: 3d85a814 (button) folded before Flop (didn't bet)
Seat 5: 30b8d09b (small blind) showed [Qh Ks] and won ($2.28) with Pair of Queens
Seat 6: ac7412b8 (big blind) showed [Js Ts] and lost with Pair of Jacks


Poker Hand #HD1785206562: Hold'em No Limit ($0.05/$0.1) - 2024/05/24 00:58:09
Table 'NLHRed60' 6-max Seat #2 is the button
Seat 1: Hero ($10 in chips)
Seat 2: 9751d8aa ($11.83 in chips)
Seat 4: 3d85a814 ($41.92 in chips)
Seat 5: 30b8d09b ($10.37 in chips)
Seat 6: ac7412b8 ($10.7 in chips)
3d85a814: posts small blind $0.05
30b8d09b: posts big blind $0.1
*** HOLE CARDS ***
Dealt to Hero [Ts 8s]
Dealt to 9751d8aa 
Dealt to 3d85a814 
Dealt to 30b8d09b 
Dealt to ac7412b8 
ac7412b8: folds
Hero: raises $0.14 to $0.24
9751d8aa: folds
3d85a814: folds
30b8d09b: calls $0.14
*** FLOP *** [2s 4d Jh]
30b8d09b: checks
Hero: bets $0.2
30b8d09b: calls $0.2
*** TURN *** [2s 4d Jh] [5s]
30b8d09b: checks
Hero: bets $0.7
30b8d09b: calls $0.7
*** RIVER *** [2s 4d Jh 5s] [6s]
30b8d09b: bets $1.17
Hero: raises $1.27 to $2.44
30b8d09b: folds
Uncalled bet ($1.27) returned to Hero
*** SHOWDOWN ***
Hero collected $4.35 from pot
*** SUMMARY ***
Total pot $4.67 | Rake $0.22 | Jackpot $0.1 | Bingo $0 | Fortune $0 | Tax $0
Board [2s 4d Jh 5s 6s]
Seat 1: Hero won ($4.35)
Seat 2: 9751d8aa (button) folded before Flop (didn't bet)
Seat 4: 3d85a814 (small blind) folded before Flop
Seat 5: 30b8d09b (big blind) folded on the River
Seat 6: ac7412b8 folded before Flop (didn't bet)


Poker Hand #HD1785206534: Hold'em No Limit ($0.05/$0.1) - 2024/05/24 00:57:55
Table 'NLHRed60' 6-max Seat #1 is the button
Seat 1: Hero ($10 in chips)
Seat 2: 9751d8aa ($11.88 in chips)
Seat 4: 3d85a814 ($42.02 in chips)
Seat 5: 30b8d09b ($10.22 in chips)
Seat 6: ac7412b8 ($10.7 in chips)
9751d8aa: posts small blind $0.05
3d85a814: posts big blind $0.1
*** HOLE CARDS ***
Dealt to Hero [Tc 3d]
Dealt to 9751d8aa 
Dealt to 3d85a814 
Dealt to 30b8d09b 
Dealt to ac7412b8 
30b8d09b: raises $0.2 to $0.3
ac7412b8: folds
Hero: folds
9751d8aa: folds
3d85a814: folds
Uncalled bet ($0.2) returned to 30b8d09b
*** SHOWDOWN ***
30b8d09b collected $0.25 from pot
*** SUMMARY ***
Total pot $0.25 | Rake $0 | Jackpot $0 | Bingo $0 | Fortune $0 | Tax $0
Seat 1: Hero (button) folded before Flop (didn't bet)
Seat 2: 9751d8aa (small blind) folded before Flop
Seat 4: 3d85a814 (big blind) folded before Flop
Seat 5: 30b8d09b collected ($0.25)
Seat 6: ac7412b8 folded before Flop (didn't bet)


Poker Hand #HD1785206489: Hold'em No Limit ($0.05/$0.1) - 2024/05/24 00:57:28
Table 'NLHRed60' 6-max Seat #6 is the button
Seat 1: Hero ($10 in chips)
Seat 2: 9751d8aa ($11.63 in chips)
Seat 4: 3d85a814 ($42.24 in chips)
Seat 5: 30b8d09b ($10.22 in chips)
Seat 6: ac7412b8 ($10.7 in chips)
Hero: posts small blind $0.05
9751d8aa: posts big blind $0.1
*** HOLE CARDS ***
Dealt to Hero [2c Kd]
Dealt to 9751d8aa 
Dealt to 3d85a814 
Dealt to 30b8d09b 
Dealt to ac7412b8 
3d85a814: raises $0.12 to $0.22
30b8d09b: folds
ac7412b8: folds
Hero: folds
9751d8aa: raises $0.59 to $0.81
3d85a814: folds
Uncalled bet ($0.59) returned to 9751d8aa
*** SHOWDOWN ***
9751d8aa collected $0.47 from pot
*** SUMMARY ***
Total pot $0.49 | Rake $0.02 | Jackpot $0 | Bingo $0 | Fortune $0 | Tax $0
Seat 1: Hero (small blind) folded before Flop
Seat 2: 9751d8aa (big blind) collected ($0.47)
Seat 4: 3d85a814 folded before Flop
Seat 5: 30b8d09b folded before Flop (didn't bet)
Seat 6: ac7412b8 (button) folded before Flop (didn't bet)


Poker Hand #HD1785206441: Hold'em No Limit ($0.05/$0.1) - 2024/05/24 00:57:01
Table 'NLHRed60' 6-max Seat #5 is the button
Seat 1: Hero ($10 in chips)
Seat 2: 9751d8aa ($11.63 in chips)
Seat 4: 3d85a814 ($42.24 in chips)
Seat 5: 30b8d09b ($10.22 in chips)
Seat 6: ac7412b8 ($10.47 in chips)
ac7412b8: posts small blind $0.05
Hero: posts big blind $0.1
*** HOLE CARDS ***
Dealt to Hero [Qs 3s]
Dealt to 9751d8aa 
Dealt to 3d85a814 
Dealt to 30b8d09b 
Dealt to ac7412b8 
9751d8aa: folds
3d85a814: folds
30b8d09b: folds
ac7412b8: raises $0.15 to $0.25
Hero: calls $0.15
*** FLOP *** [4h Jc 4d]
ac7412b8: bets $0.13
Hero: folds
Uncalled bet ($0.13) returned to ac7412b8
*** SHOWDOWN ***
ac7412b8 collected $0.48 from pot
*** SUMMARY ***
Total pot $0.5 | Rake $0.02 | Jackpot $0 | Bingo $0 | Fortune $0 | Tax $0
Board [4h Jc 4d]
Seat 1: Hero (big blind) folded on the Flop
Seat 2: 9751d8aa folded before Flop (didn't bet)
Seat 4: 3d85a814 folded before Flop (didn't bet)
Seat 5: 30b8d09b (button) folded before Flop (didn't bet)
Seat 6: ac7412b8 (small blind) won ($0.48)


Poker Hand #HD1785206425: Hold'em No Limit ($0.05/$0.1) - 2024/05/24 00:56:54
Table 'NLHRed60' 6-max Seat #4 is the button
Seat 1: Hero ($10 in chips)
Seat 2: 9751d8aa ($11.63 in chips)
Seat 4: 3d85a814 ($42.24 in chips)
Seat 5: 30b8d09b ($10.27 in chips)
Seat 6: ac7412b8 ($10.42 in chips)
30b8d09b: posts small blind $0.05
ac7412b8: posts big blind $0.1
*** HOLE CARDS ***
Dealt to Hero [3h Ks]
Dealt to 9751d8aa 
Dealt to 3d85a814 
Dealt to 30b8d09b 
Dealt to ac7412b8 
Hero: folds
9751d8aa: folds
3d85a814: folds
30b8d09b: folds
Uncalled bet ($0.05) returned to ac7412b8
*** SHOWDOWN ***
ac7412b8 collected $0.1 from pot
*** SUMMARY ***
Total pot $0.1 | Rake $0 | Jackpot $0 | Bingo $0 | Fortune $0 | Tax $0
Seat 1: Hero folded before Flop (didn't bet)
Seat 2: 9751d8aa folded before Flop (didn't bet)
Seat 4: 3d85a814 (button) folded before Flop (didn't bet)
Seat 5: 30b8d09b (small blind) folded before Flop
Seat 6: ac7412b8 (big blind) collected ($0.1)


Poker Hand #HD1785206411: Hold'em No Limit ($0.05/$0.1) - 2024/05/24 00:56:45
Table 'NLHRed60' 6-max Seat #2 is the button
Seat 1: Hero ($10 in chips)
Seat 2: 9751d8aa ($11.63 in chips)
Seat 4: 3d85a814 ($42.29 in chips)
Seat 5: 30b8d09b ($10.22 in chips)
Seat 6: ac7412b8 ($10.42 in chips)
3d85a814: posts small blind $0.05
30b8d09b: posts big blind $0.1
*** HOLE CARDS ***
Dealt to Hero [2s 2d]
Dealt to 9751d8aa 
Dealt to 3d85a814 
Dealt to 30b8d09b 
Dealt to ac7412b8 
ac7412b8: folds
Hero: folds
9751d8aa: folds
3d85a814: folds
Uncalled bet ($0.05) returned to 30b8d09b
*** SHOWDOWN ***
30b8d09b collected $0.1 from pot
*** SUMMARY ***
Total pot $0.1 | Rake $0 | Jackpot $0 | Bingo $0 | Fortune $0 | Tax $0
Seat 1: Hero folded before Flop (didn't bet)
Seat 2: 9751d8aa (button) folded before Flop (didn't bet)
Seat 4: 3d85a814 (small blind) folded before Flop
Seat 5: 30b8d09b (big blind) collected ($0.1)
Seat 6: ac7412b8 folded before Flop (didn't bet)


Poker Hand #HD1785206382: Hold'em No Limit ($0.05/$0.1) - 2024/05/24 00:56:31
Table 'NLHRed60' 6-max Seat #1 is the button
Seat 1: Hero ($10 in chips)
Seat 2: 9751d8aa ($11.68 in chips)
Seat 4: 3d85a814 ($42.39 in chips)
Seat 5: 30b8d09b ($10.07 in chips)
Seat 6: ac7412b8 ($10.42 in chips)
9751d8aa: posts small blind $0.05
3d85a814: posts big blind $0.1
*** HOLE CARDS ***
Dealt to Hero [Ad Tc]
Dealt to 9751d8aa 
Dealt to 3d85a814 
Dealt to 30b8d09b 
Dealt to ac7412b8 
30b8d09b: raises $0.2 to $0.3
ac7412b8: folds
Hero: folds
9751d8aa: folds
3d85a814: folds
Uncalled bet ($0.2) returned to 30b8d09b
*** SHOWDOWN ***
30b8d09b collected $0.25 from pot
*** SUMMARY ***
Total pot $0.25 | Rake $0 | Jackpot $0 | Bingo $0 | Fortune $0 | Tax $0
Seat 1: Hero (button) folded before Flop (didn't bet)
Seat 2: 9751d8aa (small blind) folded before Flop
Seat 4: 3d85a814 (big blind) folded before Flop
Seat 5: 30b8d09b collected ($0.25)
Seat 6: ac7412b8 folded before Flop (didn't bet)


Poker Hand #HD1785206362: Hold'em No Limit ($0.05/$0.1) - 2024/05/24 00:56:23
Table 'NLHRed60' 6-max Seat #6 is the button
Seat 1: Hero ($10 in chips)
Seat 2: 9751d8aa ($11.63 in chips)
Seat 5: 30b8d09b ($10.07 in chips)
Seat 6: ac7412b8 ($10.42 in chips)
Hero: posts small blind $0.05
9751d8aa: posts big blind $0.1
*** HOLE CARDS ***
Dealt to Hero [7c 5d]
Dealt to 9751d8aa 
Dealt to 30b8d09b 
Dealt to ac7412b8 
30b8d09b: folds
ac7412b8: folds
Hero: folds
Uncalled bet ($0.05) returned to 9751d8aa
*** SHOWDOWN ***
9751d8aa collected $0.1 from pot
*** SUMMARY ***
Total pot $0.1 | Rake $0 | Jackpot $0 | Bingo $0 | Fortune $0 | Tax $0
Seat 1: Hero (small blind) folded before Flop
Seat 2: 9751d8aa (big blind) collected ($0.1)
Seat 5: 30b8d09b folded before Flop (didn't bet)
Seat 6: ac7412b8 (button) folded before Flop (didn't bet)


Poker Hand #HD1785206339: Hold'em No Limit ($0.05/$0.1) - 2024/05/24 00:56:12
Table 'NLHRed60' 6-max Seat #5 is the button
Seat 1: Hero ($10 in chips)
Seat 2: 9751d8aa ($11.63 in chips)
Seat 5: 30b8d09b ($9.92 in chips)
Seat 6: ac7412b8 ($10.47 in chips)
ac7412b8: posts small blind $0.05
Hero: posts big blind $0.1
*** HOLE CARDS ***
Dealt to Hero [9d 3d]
Dealt to 9751d8aa 
Dealt to 30b8d09b 
Dealt to ac7412b8 
9751d8aa: folds
30b8d09b: raises $0.2 to $0.3
ac7412b8: folds
Hero: folds
Uncalled bet ($0.2) returned to 30b8d09b
*** SHOWDOWN ***
30b8d09b collected $0.25 from pot
*** SUMMARY ***
Total pot $0.25 | Rake $0 | Jackpot $0 | Bingo $0 | Fortune $0 | Tax $0
Seat 1: Hero (big blind) folded before Flop
Seat 2: 9751d8aa folded before Flop (didn't bet)
Seat 5: 30b8d09b (button) collected ($0.25)
Seat 6: ac7412b8 (small blind) folded before Flop


Poker Hand #HD1785206321: Hold'em No Limit ($0.05/$0.1) - 2024/05/24 00:56:02
Table 'NLHRed60' 6-max Seat #2 is the button
Seat 1: Hero ($10 in chips)
Seat 2: 9751d8aa ($11.63 in chips)
Seat 5: 30b8d09b ($9.97 in chips)
Seat 6: ac7412b8 ($10.42 in chips)
30b8d09b: posts small blind $0.05
ac7412b8: posts big blind $0.1
*** HOLE CARDS ***
Dealt to Hero [6d 8d]
Dealt to 9751d8aa 
Dealt to 30b8d09b 
Dealt to ac7412b8 
Hero: folds
9751d8aa: folds
30b8d09b: folds
Uncalled bet ($0.05) returned to ac7412b8
*** SHOWDOWN ***
ac7412b8 collected $0.1 from pot
*** SUMMARY ***
Total pot $0.1 | Rake $0 | Jackpot $0 | Bingo $0 | Fortune $0 | Tax $0
Seat 1: Hero folded before Flop (didn't bet)
Seat 2: 9751d8aa (button) folded before Flop (didn't bet)
Seat 5: 30b8d09b (small blind) folded before Flop
Seat 6: ac7412b8 (big blind) collected ($0.1)


Poker Hand #HD1785206297: Hold'em No Limit ($0.05/$0.1) - 2024/05/24 00:55:49
Table 'NLHRed60' 6-max Seat #1 is the button
Seat 1: Hero ($10 in chips)
Seat 2: 9751d8aa ($11.53 in chips)
Seat 5: 30b8d09b ($10.07 in chips)
Seat 6: ac7412b8 ($10.42 in chips)
9751d8aa: posts small blind $0.05
30b8d09b: posts big blind $0.1
*** HOLE CARDS ***
Dealt to Hero [4c Qh]
Dealt to 9751d8aa 
Dealt to 30b8d09b 
Dealt to ac7412b8 
ac7412b8: folds
Hero: folds
9751d8aa: raises $0.2 to $0.3
30b8d09b: folds
Uncalled bet ($0.2) returned to 9751d8aa
*** SHOWDOWN ***
9751d8aa collected $0.2 from pot
*** SUMMARY ***
Total pot $0.2 | Rake $0 | Jackpot $0 | Bingo $0 | Fortune $0 | Tax $0
Seat 1: Hero (button) folded before Flop (didn't bet)
Seat 2: 9751d8aa (small blind) collected ($0.2)
Seat 5: 30b8d09b (big blind) folded before Flop
Seat 6: ac7412b8 folded before Flop (didn't bet)


Poker Hand #HD1785206270: Hold'em No Limit ($0.05/$0.1) - 2024/05/24 00:55:35
Table 'NLHRed60' 6-max Seat #6 is the button
Seat 1: Hero ($10.05 in chips)
Seat 2: 9751d8aa ($11.63 in chips)
Seat 3: 53b9d186 ($14.36 in chips)
Seat 5: 30b8d09b ($10.07 in chips)
Seat 6: ac7412b8 ($10.27 in chips)
Hero: posts small blind $0.05
9751d8aa: posts big blind $0.1
*** HOLE CARDS ***
Dealt to Hero [6c 8h]
Dealt to 9751d8aa 
Dealt to 53b9d186 
Dealt to 30b8d09b 
Dealt to ac7412b8 
53b9d186: folds
30b8d09b: folds
ac7412b8: raises $0.15 to $0.25
Hero: folds
9751d8aa: folds
Uncalled bet ($0.15) returned to ac7412b8
*** SHOWDOWN ***
ac7412b8 collected $0.25 from pot
*** SUMMARY ***
Total pot $0.25 | Rake $0 | Jackpot $0 | Bingo $0 | Fortune $0 | Tax $0
Seat 1: Hero (small blind) folded before Flop
Seat 2: 9751d8aa (big blind) folded before Flop
Seat 3: 53b9d186 folded before Flop (didn't bet)
Seat 5: 30b8d09b folded before Flop (didn't bet)
Seat 6: ac7412b8 (button) collected ($0.25)


Poker Hand #HD1785206239: Hold'em No Limit ($0.05/$0.1) - 2024/05/24 00:55:21
Table 'NLHRed60' 6-max Seat #5 is the button
Seat 1: Hero ($10 in chips)
Seat 2: 9751d8aa ($11.63 in chips)
Seat 3: 53b9d186 ($14.36 in chips)
Seat 5: 30b8d09b ($10.07 in chips)
Seat 6: ac7412b8 ($10.32 in chips)
ac7412b8: posts small blind $0.05
Hero: posts big blind $0.1
*** HOLE CARDS ***
Dealt to Hero [7s 8d]
Dealt to 9751d8aa 
Dealt to 53b9d186 
Dealt to 30b8d09b 
Dealt to ac7412b8 
9751d8aa: folds
53b9d186: folds
30b8d09b: folds
ac7412b8: folds
Uncalled bet ($0.05) returned to Hero
*** SHOWDOWN ***
Hero collected $0.1 from pot
*** SUMMARY ***
Total pot $0.1 | Rake $0 | Jackpot $0 | Bingo $0 | Fortune $0 | Tax $0
Seat 1: Hero (big blind) collected ($0.1)
Seat 2: 9751d8aa folded before Flop (didn't bet)
Seat 3: 53b9d186 folded before Flop (didn't bet)
Seat 5: 30b8d09b (button) folded before Flop (didn't bet)
Seat 6: ac7412b8 (small blind) folded before Flop


Poker Hand #HD1785206186: Hold'em No Limit ($0.05/$0.1) - 2024/05/24 00:54:51
Table 'NLHRed60' 6-max Seat #3 is the button
Seat 1: Hero ($10 in chips)
Seat 2: 9751d8aa ($11.3 in chips)
Seat 3: 53b9d186 ($14.36 in chips)
Seat 4: 3d85a814 ($42.44 in chips)
Seat 5: 30b8d09b ($10.17 in chips)
Seat 6: ac7412b8 ($10.32 in chips)
3d85a814: posts small blind $0.05
30b8d09b: posts big blind $0.1
*** HOLE CARDS ***
Dealt to Hero [Kh Qs]
Dealt to 9751d8aa 
Dealt to 53b9d186 
Dealt to 3d85a814 
Dealt to 30b8d09b 
Dealt to ac7412b8 
ac7412b8: folds
Hero: raises $0.1 to $0.2
9751d8aa: raises $0.55 to $0.75
53b9d186: folds
3d85a814: folds
30b8d09b: folds
Hero: folds
Uncalled bet ($0.55) returned to 9751d8aa
*** SHOWDOWN ***
9751d8aa collected $0.53 from pot
*** SUMMARY ***
Total pot $0.55 | Rake $0.02 | Jackpot $0 | Bingo $0 | Fortune $0 | Tax $0
Seat 1: Hero folded before Flop
Seat 2: 9751d8aa collected ($0.53)
Seat 3: 53b9d186 (button) folded before Flop (didn't bet)
Seat 4: 3d85a814 (small blind) folded before Flop
Seat 5: 30b8d09b (big blind) folded before Flop
Seat 6: ac7412b8 folded before Flop (didn't bet)


Poker Hand #HD1785206141: Hold'em No Limit ($0.05/$0.1) - 2024/05/24 00:54:24
Table 'NLHRed60' 6-max Seat #2 is the button
Seat 1: Hero ($10 in chips)
Seat 2: 9751d8aa ($11.3 in chips)
Seat 3: 53b9d186 ($14.61 in chips)
Seat 4: 3d85a814 ($42.54 in chips)
Seat 5: 30b8d09b ($10.17 in chips)
Seat 6: ac7412b8 ($10 in chips)
53b9d186: posts small blind $0.05
3d85a814: posts big blind $0.1
*** HOLE CARDS ***
Dealt to Hero [7c Ad]
Dealt to 9751d8aa 
Dealt to 53b9d186 
Dealt to 3d85a814 
Dealt to 30b8d09b 
Dealt to ac7412b8 
30b8d09b: folds
ac7412b8: raises $0.15 to $0.25
Hero: folds
9751d8aa: folds
53b9d186: calls $0.2
3d85a814: folds
*** FLOP *** [3h 3d Td]
53b9d186: checks
ac7412b8: bets $0.15
53b9d186: folds
Uncalled bet ($0.15) returned to ac7412b8
*** SHOWDOWN ***
ac7412b8 collected $0.57 from pot
*** SUMMARY ***
Total pot $0.6 | Rake $0.03 | Jackpot $0 | Bingo $0 | Fortune $0 | Tax $0
Board [3h 3d Td]
Seat 1: Hero folded before Flop (didn't bet)
Seat 2: 9751d8aa (button) folded before Flop (didn't bet)
Seat 3: 53b9d186 (small blind) folded on the Flop
Seat 4: 3d85a814 (big blind) folded before Flop
Seat 5: 30b8d09b folded before Flop (didn't bet)
Seat 6: ac7412b8 won ($0.57)


Poker Hand #HD1785206093: Hold'em No Limit ($0.05/$0.1) - 2024/05/24 00:54:04
Table 'NLHRed60' 6-max Seat #1 is the button
Seat 1: Hero ($10 in chips)
Seat 2: 9751d8aa ($11.35 in chips)
Seat 3: 53b9d186 ($14.56 in chips)
Seat 4: 3d85a814 ($42.54 in chips)
Seat 5: 30b8d09b ($10.17 in chips)
Seat 6: ac7412b8 ($10 in chips)
9751d8aa: posts small blind $0.05
53b9d186: posts big blind $0.1
*** HOLE CARDS ***
Dealt to Hero [Tc 2d]
Dealt to 9751d8aa 
Dealt to 53b9d186 
Dealt to 3d85a814 
Dealt to 30b8d09b 
Dealt to ac7412b8 
3d85a814: folds
30b8d09b: folds
ac7412b8: folds
Hero: folds
9751d8aa: folds
Uncalled bet ($0.05) returned to 53b9d186
*** SHOWDOWN ***
53b9d186 collected $0.1 from pot
*** SUMMARY ***
Total pot $0.1 | Rake $0 | Jackpot $0 | Bingo $0 | Fortune $0 | Tax $0
Seat 1: Hero (button) folded before Flop (didn't bet)
Seat 2: 9751d8aa (small blind) folded before Flop
Seat 3: 53b9d186 (big blind) collected ($0.1)
Seat 4: 3d85a814 folded before Flop (didn't bet)
Seat 5: 30b8d09b folded before Flop (didn't bet)
Seat 6: ac7412b8 folded before Flop (didn't bet)


Poker Hand #HD1785206064: Hold'em No Limit ($0.05/$0.1) - 2024/05/24 00:53:48
Table 'NLHRed60' 6-max Seat #6 is the button
Seat 1: Hero ($10 in chips)
Seat 2: 9751d8aa ($11.3 in chips)
Seat 3: 53b9d186 ($14.56 in chips)
Seat 4: 3d85a814 ($42.54 in chips)
Seat 5: 30b8d09b ($10.17 in chips)
Seat 6: ac7412b8 ($10 in chips)
Hero: posts small blind $0.05
9751d8aa: posts big blind $0.1
*** HOLE CARDS ***
Dealt to Hero [Tc 4d]
Dealt to 9751d8aa 
Dealt to 53b9d186 
Dealt to 3d85a814 
Dealt to 30b8d09b 
Dealt to ac7412b8 
53b9d186: folds
3d85a814: folds
30b8d09b: folds
ac7412b8: folds
Hero: folds
Uncalled bet ($0.05) returned to 9751d8aa
*** SHOWDOWN ***
9751d8aa collected $0.1 from pot
*** SUMMARY ***
Total pot $0.1 | Rake $0 | Jackpot $0 | Bingo $0 | Fortune $0 | Tax $0
Seat 1: Hero (small blind) folded before Flop
Seat 2: 9751d8aa (big blind) collected ($0.1)
Seat 3: 53b9d186 folded before Flop (didn't bet)
Seat 4: 3d85a814 folded before Flop (didn't bet)
Seat 5: 30b8d09b folded before Flop (didn't bet)
Seat 6: ac7412b8 (button) folded before Flop (didn't bet)


Poker Hand #HD1785205974: Hold'em No Limit ($0.05/$0.1) - 2024/05/24 00:52:58
Table 'NLHRed60' 6-max Seat #5 is the button
Seat 1: Hero ($10 in chips)
Seat 2: 9751d8aa ($11.3 in chips)
Seat 3: 53b9d186 ($17.19 in chips)
Seat 4: 3d85a814 ($40.12 in chips)
Seat 5: 30b8d09b ($10.17 in chips)
Seat 6: ac7412b8 ($10 in chips)
ac7412b8: posts small blind $0.05
Hero: posts big blind $0.1
*** HOLE CARDS ***
Dealt to Hero [2h 8s]
Dealt to 9751d8aa 
Dealt to 53b9d186 
Dealt to 3d85a814 
Dealt to 30b8d09b 
Dealt to ac7412b8 
9751d8aa: folds
53b9d186: raises $0.1 to $0.2
3d85a814: calls $0.2
30b8d09b: folds
ac7412b8: folds
Hero: folds
*** FLOP *** [7s 5d 8h]
53b9d186: checks
3d85a814: checks
*** TURN *** [7s 5d 8h] [Kh]
53b9d186: checks
3d85a814: bets $0.69
53b9d186: calls $0.69
*** RIVER *** [7s 5d 8h Kh] [5c]
53b9d186: checks
3d85a814: bets $1.74
53b9d186: calls $1.74
3d85a814: shows [7h 7d] (Sevens Full over Fives)
53b9d186: shows [Kc Ac] (Pair of Kings and Pair of Fives)
*** SHOWDOWN ***
3d85a814 collected $5.05 from pot
*** SUMMARY ***
Total pot $5.41 | Rake $0.26 | Jackpot $0.1 | Bingo $0 | Fortune $0 | Tax $0
Board [7s 5d 8h Kh 5c]
Seat 1: Hero (big blind) folded before Flop
Seat 2: 9751d8aa folded before Flop (didn't bet)
Seat 3: 53b9d186 showed [Kc Ac] and lost with Pair of Kings and Pair of Fives
Seat 4: 3d85a814 showed [7h 7d] and won ($5.05) with Sevens Full over Fives
Seat 5: 30b8d09b (button) folded before Flop (didn't bet)
Seat 6: ac7412b8 (small blind) folded before Flop


Poker Hand #HD1785205910: Hold'em No Limit ($0.05/$0.1) - 2024/05/24 00:52:27
Table 'NLHRed60' 6-max Seat #4 is the button
Seat 1: Hero ($10 in chips)
Seat 2: 9751d8aa ($11.3 in chips)
Seat 3: 53b9d186 ($17.19 in chips)
Seat 4: 3d85a814 ($40.12 in chips)
Seat 5: 30b8d09b ($9.9 in chips)
Seat 6: ac7412b8 ($10 in chips)
30b8d09b: posts small blind $0.05
ac7412b8: posts big blind $0.1
*** HOLE CARDS ***
Dealt to Hero [7h Qs]
Dealt to 9751d8aa 
Dealt to 53b9d186 
Dealt to 3d85a814 
Dealt to 30b8d09b 
Dealt to ac7412b8 
Hero: folds
9751d8aa: folds
53b9d186: folds
3d85a814: folds
30b8d09b: raises $0.2 to $0.3
ac7412b8: calls $0.2
*** FLOP *** [5d Ad 3d]
30b8d09b: bets $0.3
ac7412b8: folds
Uncalled bet ($0.3) returned to 30b8d09b
*** SHOWDOWN ***
30b8d09b collected $0.57 from pot
*** SUMMARY ***
Total pot $0.6 | Rake $0.03 | Jackpot $0 | Bingo $0 | Fortune $0 | Tax $0
Board [5d Ad 3d]
Seat 1: Hero folded before Flop (didn't bet)
Seat 2: 9751d8aa folded before Flop (didn't bet)
Seat 3: 53b9d186 folded before Flop (didn't bet)
Seat 4: 3d85a814 (button) folded before Flop (didn't bet)
Seat 5: 30b8d09b (small blind) won ($0.57)
Seat 6: ac7412b8 (big blind) folded on the Flop


Poker Hand #HD1785205771: Hold'em No Limit ($0.05/$0.1) - 2024/05/24 00:51:05
Table 'NLHRed60' 6-max Seat #3 is the button
Seat 1: Hero ($10 in chips)
Seat 2: 9751d8aa ($11.3 in chips)
Seat 3: 53b9d186 ($9.02 in chips)
Seat 4: 3d85a814 ($40.17 in chips)
Seat 5: 30b8d09b ($10 in chips)
Seat 6: ac7412b8 ($10.31 in chips)
3d85a814: posts small blind $0.05
30b8d09b: posts big blind $0.1
*** HOLE CARDS ***
Dealt to Hero [2c As]
Dealt to 9751d8aa 
Dealt to 53b9d186 
Dealt to 3d85a814 
Dealt to 30b8d09b 
Dealt to ac7412b8 
ac7412b8: raises $0.15 to $0.25
Hero: folds
9751d8aa: folds
53b9d186: raises $0.49 to $0.74
3d85a814: folds
30b8d09b: folds
ac7412b8: raises $1.31 to $2.05
53b9d186: calls $1.31
*** FLOP *** [3d 5s Kc]
ac7412b8: bets $0.55
53b9d186: calls $0.55
*** TURN *** [3d 5s Kc] [7c]
ac7412b8: bets $0.75
53b9d186: calls $0.75
*** RIVER *** [3d 5s Kc 7c] [Jh]
ac7412b8: bets $1.15
53b9d186: raises $4.52 to $5.67 and is all-in
ac7412b8: calls $4.52
53b9d186: shows [Jd Jc] (Three Jacks)
ac7412b8: shows [Qd Qc] (Pair of Queens)
*** SHOWDOWN ***
53b9d186 collected $17.19 from pot
*** SUMMARY ***
Total pot $18.19 | Rake $0.9 | Jackpot $0.1 | Bingo $0 | Fortune $0 | Tax $0
Board [3d 5s Kc 7c Jh]
Seat 1: Hero folded before Flop (didn't bet)
Seat 2: 9751d8aa folded before Flop (didn't bet)
Seat 3: 53b9d186 (button) showed [Jd Jc] and won ($17.19) with Three Jacks
Seat 4: 3d85a814 (small blind) folded before Flop
Seat 5: 30b8d09b (big blind) folded before Flop
Seat 6: ac7412b8 showed [Qd Qc] and lost with Pair of Queens


Poker Hand #HD1785085636: Hold'em No Limit ($0.05/$0.1) - 2024/05/24 00:49:49
Table 'NLHRed60' 6-max Seat #2 is the button
Seat 1: Hero ($10 in chips)
Seat 2: 9751d8aa ($11.3 in chips)
Seat 3: 53b9d186 ($7.64 in chips)
Seat 4: 3d85a814 ($40.41 in chips)
Seat 6: ac7412b8 ($10.31 in chips)
53b9d186: posts small blind $0.05
3d85a814: posts big blind $0.1
*** HOLE CARDS ***
Dealt to Hero [Tc As]
Dealt to 9751d8aa 
Dealt to 53b9d186 
Dealt to 3d85a814 
Dealt to ac7412b8 
ac7412b8: folds
Hero: raises $0.14 to $0.24
9751d8aa: folds
53b9d186: calls $0.19
3d85a814: calls $0.14
*** FLOP *** [Kd 8h Jh]
53b9d186: checks
3d85a814: checks
Hero: bets $0.24
53b9d186: calls $0.24
3d85a814: folds
*** TURN *** [Kd 8h Jh] [7s]
53b9d186: checks
Hero: checks
*** RIVER *** [Kd 8h Jh 7s] [4s]
53b9d186: checks
Hero: bets $0.9
53b9d186: raises $0.99 to $1.89
Hero: folds
Uncalled bet ($0.99) returned to 53b9d186
*** SHOWDOWN ***
53b9d186 collected $2.76 from pot
*** SUMMARY ***
Total pot $3 | Rake $0.14 | Jackpot $0.1 | Bingo $0 | Fortune $0 | Tax $0
Board [Kd 8h Jh 7s 4s]
Seat 1: Hero folded on the River
Seat 2: 9751d8aa (button) folded before Flop (didn't bet)
Seat 3: 53b9d186 (small blind) won ($2.76)
Seat 4: 3d85a814 (big blind) folded on the Flop
Seat 6: ac7412b8 folded before Flop (didn't bet)


Poker Hand #HD1785085614: Hold'em No Limit ($0.05/$0.1) - 2024/05/24 00:49:38
Table 'NLHRed60' 6-max Seat #1 is the button
Seat 1: Hero ($10 in chips)
Seat 2: 9751d8aa ($11.2 in chips)
Seat 3: 53b9d186 ($7.74 in chips)
Seat 4: 3d85a814 ($40.41 in chips)
Seat 6: ac7412b8 ($10.31 in chips)
9751d8aa: posts small blind $0.05
53b9d186: posts big blind $0.1
*** HOLE CARDS ***
Dealt to Hero [Qd 2h]
Dealt to 9751d8aa 
Dealt to 53b9d186 
Dealt to 3d85a814 
Dealt to ac7412b8 
3d85a814: folds
ac7412b8: folds
Hero: folds
9751d8aa: raises $0.2 to $0.3
53b9d186: folds
Uncalled bet ($0.2) returned to 9751d8aa
*** SHOWDOWN ***
9751d8aa collected $0.2 from pot
*** SUMMARY ***
Total pot $0.2 | Rake $0 | Jackpot $0 | Bingo $0 | Fortune $0 | Tax $0
Seat 1: Hero (button) folded before Flop (didn't bet)
Seat 2: 9751d8aa (small blind) collected ($0.2)
Seat 3: 53b9d186 (big blind) folded before Flop
Seat 4: 3d85a814 folded before Flop (didn't bet)
Seat 6: ac7412b8 folded before Flop (didn't bet)


Poker Hand #HD1785085513: Hold'em No Limit ($0.05/$0.1) - 2024/05/24 00:48:33
Table 'NLHRed60' 6-max Seat #6 is the button
Seat 1: Hero ($10 in chips)
Seat 2: 9751d8aa ($10.15 in chips)
Seat 3: 53b9d186 ($7.74 in chips)
Seat 4: 3d85a814 ($40.41 in chips)
Seat 6: ac7412b8 ($10.31 in chips)
Hero: posts small blind $0.05
9751d8aa: posts big blind $0.1
*** HOLE CARDS ***
Dealt to Hero [9c Jd]
Dealt to 9751d8aa 
Dealt to 53b9d186 
Dealt to 3d85a814 
Dealt to ac7412b8 
53b9d186: folds
3d85a814: folds
ac7412b8: folds
Hero: raises $0.2 to $0.3
9751d8aa: calls $0.2
*** FLOP *** [5s 5d 5h]
Hero: checks
9751d8aa: checks
*** TURN *** [5s 5d 5h] [Tc]
Hero: bets $0.2
9751d8aa: calls $0.2
*** RIVER *** [5s 5d 5h Tc] [Kd]
Hero: bets $0.66
9751d8aa: calls $0.66
Hero: shows [9c Jd] (Three Fives)
9751d8aa: shows [8s Th] (Fives Full over Tens)
*** SHOWDOWN ***
9751d8aa collected $2.21 from pot
*** SUMMARY ***
Total pot $2.32 | Rake $0.11 | Jackpot $0 | Bingo $0 | Fortune $0 | Tax $0
Board [5s 5d 5h Tc Kd]
Seat 1: Hero (small blind) showed [9c Jd] and lost with Three Fives
Seat 2: 9751d8aa (big blind) showed [8s Th] and won ($2.21) with Fives Full over Tens
Seat 3: 53b9d186 folded before Flop (didn't bet)
Seat 4: 3d85a814 folded before Flop (didn't bet)
Seat 6: ac7412b8 (button) folded before Flop (didn't bet)


Poker Hand #HD1785085493: Hold'em No Limit ($0.05/$0.1) - 2024/05/24 00:48:22
Table 'NLHRed60' 6-max Seat #4 is the button
Seat 1: Hero ($10 in chips)
Seat 2: 9751d8aa ($10.15 in chips)
Seat 3: 53b9d186 ($7.74 in chips)
Seat 4: 3d85a814 ($40.41 in chips)
Seat 6: ac7412b8 ($10.21 in chips)
ac7412b8: posts small blind $0.05
Hero: posts big blind $0.1
*** HOLE CARDS ***
Dealt to Hero [5s 7c]
Dealt to 9751d8aa 
Dealt to 53b9d186 
Dealt to 3d85a814 
Dealt to ac7412b8 
9751d8aa: folds
53b9d186: folds
3d85a814: folds
ac7412b8: raises $0.15 to $0.25
Hero: folds
Uncalled bet ($0.15) returned to ac7412b8
*** SHOWDOWN ***
ac7412b8 collected $0.2 from pot
*** SUMMARY ***
Total pot $0.2 | Rake $0 | Jackpot $0 | Bingo $0 | Fortune $0 | Tax $0
Seat 1: Hero (big blind) folded before Flop
Seat 2: 9751d8aa folded before Flop (didn't bet)
Seat 3: 53b9d186 folded before Flop (didn't bet)
Seat 4: 3d85a814 (button) folded before Flop (didn't bet)
Seat 6: ac7412b8 (small blind) collected ($0.2)


Poker Hand #HD1785085455: Hold'em No Limit ($0.05/$0.1) - 2024/05/24 00:48:01
Table 'NLHRed60' 6-max Seat #3 is the button
Seat 1: Hero ($10 in chips)
Seat 2: 9751d8aa ($10 in chips)
Seat 3: 53b9d186 ($7.74 in chips)
Seat 4: 3d85a814 ($40.46 in chips)
Seat 6: ac7412b8 ($10.31 in chips)
3d85a814: posts small blind $0.05
ac7412b8: posts big blind $0.1
*** HOLE CARDS ***
Dealt to Hero [7h 5s]
Dealt to 9751d8aa 
Dealt to 53b9d186 
Dealt to 3d85a814 
Dealt to ac7412b8 
Hero: folds
9751d8aa: raises $0.2 to $0.3
53b9d186: folds
3d85a814: folds
ac7412b8: folds
Uncalled bet ($0.2) returned to 9751d8aa
*** SHOWDOWN ***
9751d8aa collected $0.25 from pot
*** SUMMARY ***
Total pot $0.25 | Rake $0 | Jackpot $0 | Bingo $0 | Fortune $0 | Tax $0
Seat 1: Hero folded before Flop (didn't bet)
Seat 2: 9751d8aa collected ($0.25)
Seat 3: 53b9d186 (button) folded before Flop (didn't bet)
Seat 4: 3d85a814 (small blind) folded before Flop
Seat 6: ac7412b8 (big blind) folded before Flop


Poker Hand #HD1785085420: Hold'em No Limit ($0.05/$0.1) - 2024/05/24 00:47:42
Table 'NLHRed60' 6-max Seat #2 is the button
Seat 1: Hero ($10 in chips)
Seat 2: 9751d8aa ($10 in chips)
Seat 3: 53b9d186 ($7.79 in chips)
Seat 4: 3d85a814 ($40.41 in chips)
Seat 5: 84168346 ($10.97 in chips)
Seat 6: ac7412b8 ($10.31 in chips)
53b9d186: posts small blind $0.05
3d85a814: posts big blind $0.1
*** HOLE CARDS ***
Dealt to Hero [4h Qs]
Dealt to 9751d8aa 
Dealt to 53b9d186 
Dealt to 3d85a814 
Dealt to 84168346 
Dealt to ac7412b8 
84168346: folds
ac7412b8: folds
Hero: folds
9751d8aa: folds
53b9d186: folds
Uncalled bet ($0.05) returned to 3d85a814
*** SHOWDOWN ***
3d85a814 collected $0.1 from pot
*** SUMMARY ***
Total pot $0.1 | Rake $0 | Jackpot $0 | Bingo $0 | Fortune $0 | Tax $0
Seat 1: Hero folded before Flop (didn't bet)
Seat 2: 9751d8aa (button) folded before Flop (didn't bet)
Seat 3: 53b9d186 (small blind) folded before Flop
Seat 4: 3d85a814 (big blind) collected ($0.1)
Seat 5: 84168346 folded before Flop (didn't bet)
Seat 6: ac7412b8 folded before Flop (didn't bet)


Poker Hand #HD1785085337: Hold'em No Limit ($0.05/$0.1) - 2024/05/24 00:46:54
Table 'NLHRed60' 6-max Seat #1 is the button
Seat 1: Hero ($10 in chips)
Seat 2: 9751d8aa ($10 in chips)
Seat 3: 53b9d186 ($7.38 in chips)
Seat 4: 3d85a814 ($40.41 in chips)
Seat 5: 84168346 ($10.97 in chips)
Seat 6: ac7412b8 ($10.71 in chips)
9751d8aa: posts small blind $0.05
53b9d186: posts big blind $0.1
*** HOLE CARDS ***
Dealt to Hero [Ad 4s]
Dealt to 9751d8aa 
Dealt to 53b9d186 
Dealt to 3d85a814 
Dealt to 84168346 
Dealt to ac7412b8 
3d85a814: folds
84168346: folds
ac7412b8: raises $0.15 to $0.25
Hero: folds
9751d8aa: folds
53b9d186: calls $0.15
*** FLOP *** [2h 4h Js]
53b9d186: checks
ac7412b8: bets $0.15
53b9d186: calls $0.15
*** TURN *** [2h 4h Js] [3c]
53b9d186: checks
ac7412b8: checks
*** RIVER *** [2h 4h Js 3c] [3s]
53b9d186: checks
ac7412b8: checks
53b9d186: shows [7s 7c] (Pair of Sevens and Pair of Treys)
ac7412b8: shows [As Qs] (Pair of Treys)
*** SHOWDOWN ***
53b9d186 collected $0.81 from pot
*** SUMMARY ***
Total pot $0.85 | Rake $0.04 | Jackpot $0 | Bingo $0 | Fortune $0 | Tax $0
Board [2h 4h Js 3c 3s]
Seat 1: Hero (button) folded before Flop (didn't bet)
Seat 2: 9751d8aa (small blind) folded before Flop
Seat 3: 53b9d186 (big blind) showed [7s 7c] and won ($0.81) with Pair of Sevens and Pair of Treys
Seat 4: 3d85a814 folded before Flop (didn't bet)
Seat 5: 84168346 folded before Flop (didn't bet)
Seat 6: ac7412b8 showed [As Qs] and lost with Pair of Treys


Poker Hand #HD1785085305: Hold'em No Limit ($0.05/$0.1) - 2024/05/24 00:46:34
Table 'NLHRed60' 6-max Seat #6 is the button
Seat 1: Hero ($10.05 in chips)
Seat 2: 9751d8aa ($10 in chips)
Seat 4: 3d85a814 ($40.41 in chips)
Seat 5: 84168346 ($10.82 in chips)
Seat 6: ac7412b8 ($10.71 in chips)
Hero: posts small blind $0.05
9751d8aa: posts big blind $0.1
*** HOLE CARDS ***
Dealt to Hero [Jc 4h]
Dealt to 9751d8aa 
Dealt to 3d85a814 
Dealt to 84168346 
Dealt to ac7412b8 
3d85a814: folds
84168346: raises $0.1 to $0.2
ac7412b8: folds
Hero: folds
9751d8aa: folds
Uncalled bet ($0.1) returned to 84168346
*** SHOWDOWN ***
84168346 collected $0.25 from pot
*** SUMMARY ***
Total pot $0.25 | Rake $0 | Jackpot $0 | Bingo $0 | Fortune $0 | Tax $0
Seat 1: Hero (small blind) folded before Flop
Seat 2: 9751d8aa (big blind) folded before Flop
Seat 4: 3d85a814 folded before Flop (didn't bet)
Seat 5: 84168346 collected ($0.25)
Seat 6: ac7412b8 (button) folded before Flop (didn't bet)


Poker Hand #HD1785085260: Hold'em No Limit ($0.05/$0.1) - 2024/05/24 00:46:12
Table 'NLHRed60' 6-max Seat #5 is the button
Seat 1: Hero ($10 in chips)
Seat 4: 3d85a814 ($40.41 in chips)
Seat 5: 84168346 ($10.82 in chips)
Seat 6: ac7412b8 ($10.76 in chips)
ac7412b8: posts small blind $0.05
Hero: posts big blind $0.1
*** HOLE CARDS ***
Dealt to Hero [8c Kc]
Dealt to 3d85a814 
Dealt to 84168346 
Dealt to ac7412b8 
3d85a814: folds
84168346: folds
ac7412b8: folds
Uncalled bet ($0.05) returned to Hero
*** SHOWDOWN ***
Hero collected $0.1 from pot
*** SUMMARY ***
Total pot $0.1 | Rake $0 | Jackpot $0 | Bingo $0 | Fortune $0 | Tax $0
Seat 1: Hero (big blind) collected ($0.1)
Seat 4: 3d85a814 folded before Flop (didn't bet)
Seat 5: 84168346 (button) folded before Flop (didn't bet)
Seat 6: ac7412b8 (small blind) folded before Flop


Poker Hand #HD1785085242: Hold'em No Limit ($0.05/$0.1) - 2024/05/24 00:45:59
Table 'NLHRed60' 6-max Seat #4 is the button
Seat 1: Hero ($10 in chips)
Seat 3: fc273072 ($15.35 in chips)
Seat 4: 3d85a814 ($40.41 in chips)
Seat 5: 84168346 ($10.87 in chips)
Seat 6: ac7412b8 ($10.71 in chips)
84168346: posts small blind $0.05
ac7412b8: posts big blind $0.1
*** HOLE CARDS ***
Dealt to Hero [6s 7d]
Dealt to fc273072 
Dealt to 3d85a814 
Dealt to 84168346 
Dealt to ac7412b8 
Hero: folds
fc273072: folds
3d85a814: folds
84168346: folds
Uncalled bet ($0.05) returned to ac7412b8
*** SHOWDOWN ***
ac7412b8 collected $0.1 from pot
*** SUMMARY ***
Total pot $0.1 | Rake $0 | Jackpot $0 | Bingo $0 | Fortune $0 | Tax $0
Seat 1: Hero folded before Flop (didn't bet)
Seat 3: fc273072 folded before Flop (didn't bet)
Seat 4: 3d85a814 (button) folded before Flop (didn't bet)
Seat 5: 84168346 (small blind) folded before Flop
Seat 6: ac7412b8 (big blind) collected ($0.1)


Poker Hand #HD1785085209: Hold'em No Limit ($0.05/$0.1) - 2024/05/24 00:45:39
Table 'NLHRed60' 6-max Seat #3 is the button
Seat 1: Hero ($10 in chips)
Seat 3: fc273072 ($15.35 in chips)
Seat 4: 3d85a814 ($40.31 in chips)
Seat 5: 84168346 ($10.97 in chips)
Seat 6: ac7412b8 ($10.71 in chips)
3d85a814: posts small blind $0.05
84168346: posts big blind $0.1
*** HOLE CARDS ***
Dealt to Hero [7h Ks]
Dealt to fc273072 
Dealt to 3d85a814 
Dealt to 84168346 
Dealt to ac7412b8 
ac7412b8: folds
Hero: folds
fc273072: folds
3d85a814: raises $0.2 to $0.3
84168346: folds
Uncalled bet ($0.2) returned to 3d85a814
*** SHOWDOWN ***
3d85a814 collected $0.2 from pot
*** SUMMARY ***
Total pot $0.2 | Rake $0 | Jackpot $0 | Bingo $0 | Fortune $0 | Tax $0
Seat 1: Hero folded before Flop (didn't bet)
Seat 3: fc273072 (button) folded before Flop (didn't bet)
Seat 4: 3d85a814 (small blind) collected ($0.2)
Seat 5: 84168346 (big blind) folded before Flop
Seat 6: ac7412b8 folded before Flop (didn't bet)


Poker Hand #HD1785085179: Hold'em No Limit ($0.05/$0.1) - 2024/05/24 00:45:23
Table 'NLHRed60' 6-max Seat #2 is the button
Seat 1: Hero ($10 in chips)
Seat 2: 863d002e ($4.03 in chips)
Seat 3: fc273072 ($15.4 in chips)
Seat 4: 3d85a814 ($40.26 in chips)
Seat 5: 84168346 ($10.97 in chips)
Seat 6: ac7412b8 ($10.71 in chips)
fc273072: posts small blind $0.05
3d85a814: posts big blind $0.1
*** HOLE CARDS ***
Dealt to Hero [6c 8d]
Dealt to 863d002e 
Dealt to fc273072 
Dealt to 3d85a814 
Dealt to 84168346 
Dealt to ac7412b8 
84168346: folds
ac7412b8: folds
Hero: folds
863d002e: folds
fc273072: folds
Uncalled bet ($0.05) returned to 3d85a814
*** SHOWDOWN ***
3d85a814 collected $0.1 from pot
*** SUMMARY ***
Total pot $0.1 | Rake $0 | Jackpot $0 | Bingo $0 | Fortune $0 | Tax $0
Seat 1: Hero folded before Flop (didn't bet)
Seat 2: 863d002e (button) folded before Flop (didn't bet)
Seat 3: fc273072 (small blind) folded before Flop
Seat 4: 3d85a814 (big blind) collected ($0.1)
Seat 5: 84168346 folded before Flop (didn't bet)
Seat 6: ac7412b8 folded before Flop (didn't bet)


Poker Hand #HD1785085113: Hold'em No Limit ($0.05/$0.1) - 2024/05/24 00:44:39
Table 'NLHRed60' 6-max Seat #1 is the button
Seat 1: Hero ($10 in chips)
Seat 2: 863d002e ($5.23 in chips)
Seat 3: fc273072 ($14.32 in chips)
Seat 4: 3d85a814 ($40.26 in chips)
Seat 5: 84168346 ($10.97 in chips)
Seat 6: ac7412b8 ($10.71 in chips)
863d002e: posts small blind $0.05
fc273072: posts big blind $0.1
*** HOLE CARDS ***
Dealt to Hero [3c Jh]
Dealt to 863d002e 
Dealt to fc273072 
Dealt to 3d85a814 
Dealt to 84168346 
Dealt to ac7412b8 
3d85a814: folds
84168346: folds
ac7412b8: folds
Hero: folds
863d002e: raises $0.3 to $0.4
fc273072: calls $0.3
*** FLOP *** [8s 4h 3h]
863d002e: checks
fc273072: checks
*** TURN *** [8s 4h 3h] [Td]
863d002e: bets $0.8
fc273072: calls $0.8
*** RIVER *** [8s 4h 3h Td] [5c]
863d002e: checks
fc273072: checks
863d002e: shows [Qc Ad] (Ace-High)
fc273072: shows [8h Kh] (Pair of Eights)
*** SHOWDOWN ***
fc273072 collected $2.28 from pot
*** SUMMARY ***
Total pot $2.4 | Rake $0.12 | Jackpot $0 | Bingo $0 | Fortune $0 | Tax $0
Board [8s 4h 3h Td 5c]
Seat 1: Hero (button) folded before Flop (didn't bet)
Seat 2: 863d002e (small blind) showed [Qc Ad] and lost with Ace-High
Seat 3: fc273072 (big blind) showed [8h Kh] and won ($2.28) with Pair of Eights
Seat 4: 3d85a814 folded before Flop (didn't bet)
Seat 5: 84168346 folded before Flop (didn't bet)
Seat 6: ac7412b8 folded before Flop (didn't bet)


Poker Hand #HD1785085092: Hold'em No Limit ($0.05/$0.1) - 2024/05/24 00:44:29
Table 'NLHRed60' 6-max Seat #6 is the button
Seat 1: Hero ($10 in chips)
Seat 2: 863d002e ($5.18 in chips)
Seat 3: fc273072 ($14.32 in chips)
Seat 4: 3d85a814 ($40.26 in chips)
Seat 5: 84168346 ($10.97 in chips)
Seat 6: ac7412b8 ($10.71 in chips)
Hero: posts small blind $0.05
863d002e: posts big blind $0.1
*** HOLE CARDS ***
Dealt to Hero [Qc 6s]
Dealt to 863d002e 
Dealt to fc273072 
Dealt to 3d85a814 
Dealt to 84168346 
Dealt to ac7412b8 
fc273072: folds
3d85a814: folds
84168346: folds
ac7412b8: folds
Hero: folds
Uncalled bet ($0.05) returned to 863d002e
*** SHOWDOWN ***
863d002e collected $0.1 from pot
*** SUMMARY ***
Total pot $0.1 | Rake $0 | Jackpot $0 | Bingo $0 | Fortune $0 | Tax $0
Seat 1: Hero (small blind) folded before Flop
Seat 2: 863d002e (big blind) collected ($0.1)
Seat 3: fc273072 folded before Flop (didn't bet)
Seat 4: 3d85a814 folded before Flop (didn't bet)
Seat 5: 84168346 folded before Flop (didn't bet)
Seat 6: ac7412b8 (button) folded before Flop (didn't bet)


Poker Hand #HD1785085058: Hold'em No Limit ($0.05/$0.1) - 2024/05/24 00:44:11
Table 'NLHRed60' 6-max Seat #5 is the button
Seat 1: Hero ($10 in chips)
Seat 2: 863d002e ($5.18 in chips)
Seat 3: fc273072 ($14.32 in chips)
Seat 4: 3d85a814 ($40.26 in chips)
Seat 5: 84168346 ($10.82 in chips)
Seat 6: ac7412b8 ($10.76 in chips)
ac7412b8: posts small blind $0.05
Hero: posts big blind $0.1
*** HOLE CARDS ***
Dealt to Hero [Kh 7c]
Dealt to 863d002e 
Dealt to fc273072 
Dealt to 3d85a814 
Dealt to 84168346 
Dealt to ac7412b8 
863d002e: folds
fc273072: folds
3d85a814: folds
84168346: raises $0.1 to $0.2
ac7412b8: folds
Hero: folds
Uncalled bet ($0.1) returned to 84168346
*** SHOWDOWN ***
84168346 collected $0.25 from pot
*** SUMMARY ***
Total pot $0.25 | Rake $0 | Jackpot $0 | Bingo $0 | Fortune $0 | Tax $0
Seat 1: Hero (big blind) folded before Flop
Seat 2: 863d002e folded before Flop (didn't bet)
Seat 3: fc273072 folded before Flop (didn't bet)
Seat 4: 3d85a814 folded before Flop (didn't bet)
Seat 5: 84168346 (button) collected ($0.25)
Seat 6: ac7412b8 (small blind) folded before Flop


Poker Hand #HD1785084960: Hold'em No Limit ($0.05/$0.1) - 2024/05/24 00:43:11
Table 'NLHRed60' 6-max Seat #4 is the button
Seat 1: Hero ($10 in chips)
Seat 2: 863d002e ($5.97 in chips)
Seat 3: fc273072 ($14.32 in chips)
Seat 4: 3d85a814 ($40.26 in chips)
Seat 5: 84168346 ($10.87 in chips)
Seat 6: ac7412b8 ($10 in chips)
84168346: posts small blind $0.05
ac7412b8: posts big blind $0.1
*** HOLE CARDS ***
Dealt to Hero [3c 4s]
Dealt to 863d002e 
Dealt to fc273072 
Dealt to 3d85a814 
Dealt to 84168346 
Dealt to ac7412b8 
Hero: folds
863d002e: raises $0.2 to $0.3
fc273072: folds
3d85a814: folds
84168346: folds
ac7412b8: calls $0.2
*** FLOP *** [Qs 6d Qc]
ac7412b8: checks
863d002e: bets $0.49
ac7412b8: calls $0.49
*** TURN *** [Qs 6d Qc] [5c]
ac7412b8: checks
863d002e: checks
*** RIVER *** [Qs 6d Qc 5c] [3s]
ac7412b8: bets $2.45
863d002e: folds
Uncalled bet ($2.45) returned to ac7412b8
*** SHOWDOWN ***
ac7412b8 collected $1.55 from pot
*** SUMMARY ***
Total pot $1.63 | Rake $0.08 | Jackpot $0 | Bingo $0 | Fortune $0 | Tax $0
Board [Qs 6d Qc 5c 3s]
Seat 1: Hero folded before Flop (didn't bet)
Seat 2: 863d002e folded on the River
Seat 3: fc273072 folded before Flop (didn't bet)
Seat 4: 3d85a814 (button) folded before Flop (didn't bet)
Seat 5: 84168346 (small blind) folded before Flop
Seat 6: ac7412b8 (big blind) won ($1.55)


Poker Hand #HD1785084826: Hold'em No Limit ($0.05/$0.1) - 2024/05/24 00:41:56
Table 'NLHRed60' 6-max Seat #3 is the button
Seat 1: Hero ($10 in chips)
Seat 2: 863d002e ($6.62 in chips)
Seat 3: fc273072 ($14.32 in chips)
Seat 4: 3d85a814 ($40.31 in chips)
Seat 5: 84168346 ($10 in chips)
Seat 6: ac7412b8 ($10 in chips)
3d85a814: posts small blind $0.05
84168346: posts big blind $0.1
*** HOLE CARDS ***
Dealt to Hero [Jc 5h]
Dealt to 863d002e 
Dealt to fc273072 
Dealt to 3d85a814 
Dealt to 84168346 
Dealt to ac7412b8 
ac7412b8: raises $0.15 to $0.25
Hero: folds
863d002e: calls $0.25
fc273072: folds
3d85a814: folds
84168346: calls $0.15
*** FLOP *** [2s Kh 2h]
84168346: checks
ac7412b8: checks
863d002e: checks
*** TURN *** [2s Kh 2h] [6d]
84168346: checks
ac7412b8: checks
863d002e: checks
*** RIVER *** [2s Kh 2h 6d] [4d]
84168346: checks
ac7412b8: checks
863d002e: bets $0.4
84168346: raises $1.4 to $1.8
ac7412b8: folds
863d002e: folds
Uncalled bet ($1.4) returned to 84168346
*** SHOWDOWN ***
84168346 collected $1.52 from pot
*** SUMMARY ***
Total pot $1.6 | Rake $0.08 | Jackpot $0 | Bingo $0 | Fortune $0 | Tax $0
Board [2s Kh 2h 6d 4d]
Seat 1: Hero folded before Flop (didn't bet)
Seat 2: 863d002e folded on the River
Seat 3: fc273072 (button) folded before Flop (didn't bet)
Seat 4: 3d85a814 (small blind) folded before Flop
Seat 5: 84168346 (big blind) won ($1.52)
Seat 6: ac7412b8 folded on the River


Poker Hand #HD1785084763: Hold'em No Limit ($0.05/$0.1) - 2024/05/24 00:41:17
Table 'NLHRed60' 6-max Seat #2 is the button
Seat 1: Hero ($10 in chips)
Seat 2: 863d002e ($6.62 in chips)
Seat 3: fc273072 ($14.37 in chips)
Seat 4: 3d85a814 ($39.86 in chips)
Seat 5: 84168346 ($10 in chips)
Seat 6: ac7412b8 ($10 in chips)
fc273072: posts small blind $0.05
3d85a814: posts big blind $0.1
*** HOLE CARDS ***
Dealt to Hero [Kd Qh]
Dealt to 863d002e 
Dealt to fc273072 
Dealt to 3d85a814 
Dealt to 84168346 
Dealt to ac7412b8 
84168346: folds
ac7412b8: folds
Hero: raises $0.14 to $0.24
863d002e: folds
fc273072: folds
3d85a814: calls $0.14
*** FLOP *** [8c 6s Ah]
3d85a814: checks
Hero: bets $0.2
3d85a814: calls $0.2
*** TURN *** [8c 6s Ah] [8s]
3d85a814: bets $0.2
Hero: folds
Uncalled bet ($0.2) returned to 3d85a814
*** SHOWDOWN ***
3d85a814 collected $0.89 from pot
*** SUMMARY ***
Total pot $0.93 | Rake $0.04 | Jackpot $0 | Bingo $0 | Fortune $0 | Tax $0
Board [8c 6s Ah 8s]
Seat 1: Hero folded on the Turn
Seat 2: 863d002e (button) folded before Flop (didn't bet)
Seat 3: fc273072 (small blind) folded before Flop
Seat 4: 3d85a814 (big blind) won ($0.89)
Seat 5: 84168346 folded before Flop (didn't bet)
Seat 6: ac7412b8 folded before Flop (didn't bet)


Poker Hand #HD1785084700: Hold'em No Limit ($0.05/$0.1) - 2024/05/24 00:40:36
Table 'NLHRed60' 6-max Seat #1 is the button
Seat 1: Hero ($10 in chips)
Seat 2: 863d002e ($6.84 in chips)
Seat 3: fc273072 ($14.59 in chips)
Seat 4: 3d85a814 ($39.45 in chips)
Seat 5: 84168346 ($10 in chips)
Seat 6: ac7412b8 ($10 in chips)
863d002e: posts small blind $0.05
fc273072: posts big blind $0.1
*** HOLE CARDS ***
Dealt to Hero [Jd 3c]
Dealt to 863d002e 
Dealt to fc273072 
Dealt to 3d85a814 
Dealt to 84168346 
Dealt to ac7412b8 
3d85a814: raises $0.12 to $0.22
84168346: folds
ac7412b8: folds
Hero: folds
863d002e: calls $0.17
fc273072: calls $0.12
*** FLOP *** [3s 9c 4d]
863d002e: checks
fc273072: checks
3d85a814: checks
*** TURN *** [3s 9c 4d] [Ah]
863d002e: checks
fc273072: checks
3d85a814: checks
*** RIVER *** [3s 9c 4d Ah] [Kc]
863d002e: checks
fc273072: checks
3d85a814: bets $0.32
863d002e: folds
fc273072: folds
Uncalled bet ($0.32) returned to 3d85a814
*** SHOWDOWN ***
3d85a814 collected $0.63 from pot
*** SUMMARY ***
Total pot $0.66 | Rake $0.03 | Jackpot $0 | Bingo $0 | Fortune $0 | Tax $0
Board [3s 9c 4d Ah Kc]
Seat 1: Hero (button) folded before Flop (didn't bet)
Seat 2: 863d002e (small blind) folded on the River
Seat 3: fc273072 (big blind) folded on the River
Seat 4: 3d85a814 won ($0.63)
Seat 5: 84168346 folded before Flop (didn't bet)
Seat 6: ac7412b8 folded before Flop (didn't bet)


Poker Hand #HD1785084615: Hold'em No Limit ($0.05/$0.1) - 2024/05/24 00:39:45
Table 'NLHRed60' 6-max Seat #6 is the button
Seat 1: Hero ($10.4 in chips)
Seat 2: 863d002e ($3.65 in chips)
Seat 3: fc273072 ($14.59 in chips)
Seat 4: 3d85a814 ($39.45 in chips)
Seat 5: 84168346 ($10 in chips)
Seat 6: ac7412b8 ($10 in chips)
Hero: posts small blind $0.05
863d002e: posts big blind $0.1
*** HOLE CARDS ***
Dealt to Hero [Ks Kh]
Dealt to 863d002e 
Dealt to fc273072 
Dealt to 3d85a814 
Dealt to 84168346 
Dealt to ac7412b8 
fc273072: folds
3d85a814: folds
84168346: folds
ac7412b8: folds
Hero: raises $0.2 to $0.3
863d002e: calls $0.2
*** FLOP *** [7c 9h Kd]
Hero: checks
863d002e: bets $0.45
Hero: calls $0.45
*** TURN *** [7c 9h Kd] [6s]
Hero: checks
863d002e: bets $1.13
Hero: calls $1.13
*** RIVER *** [7c 9h Kd 6s] [8c]
Hero: checks
863d002e: bets $1.77 and is all-in
Hero: calls $1.77
863d002e: shows [Th Jd] (Jacks-High Straight)
Hero: shows [Ks Kh] (Three Kings)
*** SHOWDOWN ***
863d002e collected $6.84 from pot
*** SUMMARY ***
Total pot $7.3 | Rake $0.36 | Jackpot $0.1 | Bingo $0 | Fortune $0 | Tax $0
Board [7c 9h Kd 6s 8c]
Seat 1: Hero (small blind) showed [Ks Kh] and lost with Three Kings
Seat 2: 863d002e (big blind) showed [Th Jd] and won ($6.84) with Jacks-High Straight
Seat 3: fc273072 folded before Flop (didn't bet)
Seat 4: 3d85a814 folded before Flop (didn't bet)
Seat 5: 84168346 folded before Flop (didn't bet)
Seat 6: ac7412b8 (button) folded before Flop (didn't bet)


Poker Hand #HD1785084544: Hold'em No Limit ($0.05/$0.1) - 2024/05/24 00:39:04
Table 'NLHRed60' 6-max Seat #5 is the button
Seat 1: Hero ($10.5 in chips)
Seat 2: 863d002e ($3.1 in chips)
Seat 3: fc273072 ($15.04 in chips)
Seat 4: 3d85a814 ($39.45 in chips)
Seat 5: 84168346 ($10 in chips)
Seat 6: ac7412b8 ($10.05 in chips)
ac7412b8: posts small blind $0.05
Hero: posts big blind $0.1
*** HOLE CARDS ***
Dealt to Hero [2h 5c]
Dealt to 863d002e 
Dealt to fc273072 
Dealt to 3d85a814 
Dealt to 84168346 
Dealt to ac7412b8 
863d002e: calls $0.1
fc273072: raises $0.35 to $0.45
3d85a814: folds
84168346: folds
ac7412b8: folds
Hero: folds
863d002e: calls $0.35
*** FLOP *** [8d 4d 3s]
863d002e: checks
fc273072: checks
*** TURN *** [8d 4d 3s] [6d]
863d002e: bets $1.05
fc273072: folds
Uncalled bet ($1.05) returned to 863d002e
*** SHOWDOWN ***
863d002e collected $1 from pot
*** SUMMARY ***
Total pot $1.05 | Rake $0.05 | Jackpot $0 | Bingo $0 | Fortune $0 | Tax $0
Board [8d 4d 3s 6d]
Seat 1: Hero (big blind) folded before Flop
Seat 2: 863d002e won ($1)
Seat 3: fc273072 folded on the Turn
Seat 4: 3d85a814 folded before Flop (didn't bet)
Seat 5: 84168346 (button) folded before Flop (didn't bet)
Seat 6: ac7412b8 (small blind) folded before Flop


Poker Hand #HD1785084518: Hold'em No Limit ($0.05/$0.1) - 2024/05/24 00:38:51
Table 'NLHRed60' 6-max Seat #4 is the button
Seat 1: Hero ($10.5 in chips)
Seat 2: 863d002e ($3.1 in chips)
Seat 3: fc273072 ($15.04 in chips)
Seat 4: 3d85a814 ($39.45 in chips)
Seat 5: 84168346 ($10 in chips)
Seat 6: ac7412b8 ($10 in chips)
84168346: posts small blind $0.05
ac7412b8: posts big blind $0.1
*** HOLE CARDS ***
Dealt to Hero [Kd 2c]
Dealt to 863d002e 
Dealt to fc273072 
Dealt to 3d85a814 
Dealt to 84168346 
Dealt to ac7412b8 
Hero: folds
863d002e: folds
fc273072: folds
3d85a814: folds
84168346: folds
Uncalled bet ($0.05) returned to ac7412b8
*** SHOWDOWN ***
ac7412b8 collected $0.1 from pot
*** SUMMARY ***
Total pot $0.1 | Rake $0 | Jackpot $0 | Bingo $0 | Fortune $0 | Tax $0
Seat 1: Hero folded before Flop (didn't bet)
Seat 2: 863d002e folded before Flop (didn't bet)
Seat 3: fc273072 folded before Flop (didn't bet)
Seat 4: 3d85a814 (button) folded before Flop (didn't bet)
Seat 5: 84168346 (small blind) folded before Flop
Seat 6: ac7412b8 (big blind) collected ($0.1)


Poker Hand #HD1785084489: Hold'em No Limit ($0.05/$0.1) - 2024/05/24 00:38:33
Table 'NLHRed60' 6-max Seat #3 is the button
Seat 1: Hero ($10.5 in chips)
Seat 2: 863d002e ($2.95 in chips)
Seat 3: fc273072 ($15.04 in chips)
Seat 4: 3d85a814 ($39.5 in chips)
Seat 5: 84168346 ($10 in chips)
Seat 6: ac7412b8 ($10 in chips)
3d85a814: posts small blind $0.05
84168346: posts big blind $0.1
*** HOLE CARDS ***
Dealt to Hero [Kh 6c]
Dealt to 863d002e 
Dealt to fc273072 
Dealt to 3d85a814 
Dealt to 84168346 
Dealt to ac7412b8 
ac7412b8: folds
Hero: folds
863d002e: raises $0.3 to $0.4
fc273072: folds
3d85a814: folds
84168346: folds
Uncalled bet ($0.3) returned to 863d002e
*** SHOWDOWN ***
863d002e collected $0.25 from pot
*** SUMMARY ***
Total pot $0.25 | Rake $0 | Jackpot $0 | Bingo $0 | Fortune $0 | Tax $0
Seat 1: Hero folded before Flop (didn't bet)
Seat 2: 863d002e collected ($0.25)
Seat 3: fc273072 (button) folded before Flop (didn't bet)
Seat 4: 3d85a814 (small blind) folded before Flop
Seat 5: 84168346 (big blind) folded before Flop
Seat 6: ac7412b8 folded before Flop (didn't bet)


Poker Hand #HD1785084408: Hold'em No Limit ($0.05/$0.1) - 2024/05/24 00:37:49
Table 'NLHRed60' 6-max Seat #2 is the button
Seat 1: Hero ($10.5 in chips)
Seat 2: 863d002e ($3.24 in chips)
Seat 3: fc273072 ($15.09 in chips)
Seat 4: 3d85a814 ($39.19 in chips)
Seat 5: 84168346 ($10 in chips)
Seat 6: ac7412b8 ($10 in chips)
fc273072: posts small blind $0.05
3d85a814: posts big blind $0.1
*** HOLE CARDS ***
Dealt to Hero [7c 3h]
Dealt to 863d002e 
Dealt to fc273072 
Dealt to 3d85a814 
Dealt to 84168346 
Dealt to ac7412b8 
84168346: folds
ac7412b8: folds
Hero: folds
863d002e: calls $0.1
fc273072: folds
3d85a814: checks
*** FLOP *** [5c 4s 3s]
3d85a814: checks
863d002e: bets $0.19
3d85a814: calls $0.19
*** TURN *** [5c 4s 3s] [5d]
3d85a814: checks
863d002e: checks
*** RIVER *** [5c 4s 3s 5d] [Qh]
3d85a814: checks
863d002e: checks
3d85a814: shows [Tc 3c] (Pair of Fives and Pair of Treys)
863d002e: shows [7d Th] (Pair of Fives)
*** SHOWDOWN ***
3d85a814 collected $0.6 from pot
*** SUMMARY ***
Total pot $0.63 | Rake $0.03 | Jackpot $0 | Bingo $0 | Fortune $0 | Tax $0
Board [5c 4s 3s 5d Qh]
Seat 1: Hero folded before Flop (didn't bet)
Seat 2: 863d002e (button) showed [7d Th] and lost with Pair of Fives
Seat 3: fc273072 (small blind) folded before Flop
Seat 4: 3d85a814 (big blind) showed [Tc 3c] and won ($0.6) with Pair of Fives and Pair of Treys
Seat 5: 84168346 folded before Flop (didn't bet)
Seat 6: ac7412b8 folded before Flop (didn't bet)


Poker Hand #HD1785084389: Hold'em No Limit ($0.05/$0.1) - 2024/05/24 00:37:37
Table 'NLHRed60' 6-max Seat #1 is the button
Seat 1: Hero ($10.5 in chips)
Seat 2: 863d002e ($3.29 in chips)
Seat 3: fc273072 ($15.19 in chips)
Seat 4: 3d85a814 ($39.04 in chips)
Seat 5: 84168346 ($10 in chips)
Seat 6: ac7412b8 ($10 in chips)
863d002e: posts small blind $0.05
fc273072: posts big blind $0.1
*** HOLE CARDS ***
Dealt to Hero [2s Jc]
Dealt to 863d002e 
Dealt to fc273072 
Dealt to 3d85a814 
Dealt to 84168346 
Dealt to ac7412b8 
3d85a814: raises $0.12 to $0.22
84168346: folds
ac7412b8: folds
Hero: folds
863d002e: folds
fc273072: folds
Uncalled bet ($0.12) returned to 3d85a814
*** SHOWDOWN ***
3d85a814 collected $0.25 from pot
*** SUMMARY ***
Total pot $0.25 | Rake $0 | Jackpot $0 | Bingo $0 | Fortune $0 | Tax $0
Seat 1: Hero (button) folded before Flop (didn't bet)
Seat 2: 863d002e (small blind) folded before Flop
Seat 3: fc273072 (big blind) folded before Flop
Seat 4: 3d85a814 collected ($0.25)
Seat 5: 84168346 folded before Flop (didn't bet)
Seat 6: ac7412b8 folded before Flop (didn't bet)


Poker Hand #HD1785084347: Hold'em No Limit ($0.05/$0.1) - 2024/05/24 00:37:12
Table 'NLHRed60' 6-max Seat #6 is the button
Seat 1: Hero ($10.2 in chips)
Seat 2: 863d002e ($3.39 in chips)
Seat 3: fc273072 ($15.19 in chips)
Seat 4: 3d85a814 ($39.26 in chips)
Seat 5: 84168346 ($10 in chips)
Seat 6: ac7412b8 ($10 in chips)
Hero: posts small blind $0.05
863d002e: posts big blind $0.1
*** HOLE CARDS ***
Dealt to Hero [Js Ks]
Dealt to 863d002e 
Dealt to fc273072 
Dealt to 3d85a814 
Dealt to 84168346 
Dealt to ac7412b8 
fc273072: folds
3d85a814: raises $0.12 to $0.22
84168346: folds
ac7412b8: folds
Hero: raises $0.78 to $1
863d002e: folds
3d85a814: folds
Uncalled bet ($0.78) returned to Hero
*** SHOWDOWN ***
Hero collected $0.52 from pot
*** SUMMARY ***
Total pot $0.54 | Rake $0.02 | Jackpot $0 | Bingo $0 | Fortune $0 | Tax $0
Seat 1: Hero (small blind) collected ($0.52)
Seat 2: 863d002e (big blind) folded before Flop
Seat 3: fc273072 folded before Flop (didn't bet)
Seat 4: 3d85a814 folded before Flop
Seat 5: 84168346 folded before Flop (didn't bet)
Seat 6: ac7412b8 (button) folded before Flop (didn't bet)


Poker Hand #HD1785084313: Hold'em No Limit ($0.05/$0.1) - 2024/05/24 00:36:53
Table 'NLHRed60' 6-max Seat #5 is the button
Seat 1: Hero ($10.15 in chips)
Seat 2: 863d002e ($3.39 in chips)
Seat 3: fc273072 ($15.19 in chips)
Seat 4: 3d85a814 ($39.26 in chips)
Seat 5: 84168346 ($10 in chips)
Seat 6: ac7412b8 ($10 in chips)
ac7412b8: posts small blind $0.05
Hero: posts big blind $0.1
*** HOLE CARDS ***
Dealt to Hero [Qh Qs]
Dealt to 863d002e 
Dealt to fc273072 
Dealt to 3d85a814 
Dealt to 84168346 
Dealt to ac7412b8 
863d002e: folds
fc273072: folds
3d85a814: folds
84168346: folds
ac7412b8: folds
Uncalled bet ($0.05) returned to Hero
*** SHOWDOWN ***
Hero collected $0.1 from pot
*** SUMMARY ***
Total pot $0.1 | Rake $0 | Jackpot $0 | Bingo $0 | Fortune $0 | Tax $0
Seat 1: Hero (big blind) collected ($0.1)
Seat 2: 863d002e folded before Flop (didn't bet)
Seat 3: fc273072 folded before Flop (didn't bet)
Seat 4: 3d85a814 folded before Flop (didn't bet)
Seat 5: 84168346 (button) folded before Flop (didn't bet)
Seat 6: ac7412b8 (small blind) folded before Flop


Poker Hand #HD1785084280: Hold'em No Limit ($0.05/$0.1) - 2024/05/24 00:36:31
Table 'NLHRed60' 6-max Seat #4 is the button
Seat 1: Hero ($10 in chips)
Seat 2: 863d002e ($3.39 in chips)
Seat 3: fc273072 ($15.19 in chips)
Seat 4: 3d85a814 ($39.26 in chips)
Seat 5: 84168346 ($10.03 in chips)
Seat 6: ac7412b8 ($10 in chips)
84168346: posts small blind $0.05
ac7412b8: posts big blind $0.1
*** HOLE CARDS ***
Dealt to Hero [As Tc]
Dealt to 863d002e 
Dealt to fc273072 
Dealt to 3d85a814 
Dealt to 84168346 
Dealt to ac7412b8 
Hero: raises $0.1 to $0.2
863d002e: folds
fc273072: folds
3d85a814: folds
84168346: folds
ac7412b8: folds
Uncalled bet ($0.1) returned to Hero
*** SHOWDOWN ***
Hero collected $0.25 from pot
*** SUMMARY ***
Total pot $0.25 | Rake $0 | Jackpot $0 | Bingo $0 | Fortune $0 | Tax $0
Seat 1: Hero collected ($0.25)
Seat 2: 863d002e folded before Flop (didn't bet)
Seat 3: fc273072 folded before Flop (didn't bet)
Seat 4: 3d85a814 (button) folded before Flop (didn't bet)
Seat 5: 84168346 (small blind) folded before Flop
Seat 6: ac7412b8 (big blind) folded before Flop


Poker Hand #HD1785084202: Hold'em No Limit ($0.05/$0.1) - 2024/05/24 00:35:43
Table 'NLHRed60' 6-max Seat #3 is the button
Seat 1: Hero ($10 in chips)
Seat 2: 863d002e ($3.39 in chips)
Seat 3: fc273072 ($14.91 in chips)
Seat 4: 3d85a814 ($39.31 in chips)
Seat 5: 84168346 ($10.28 in chips)
3d85a814: posts small blind $0.05
84168346: posts big blind $0.1
*** HOLE CARDS ***
Dealt to Hero [6c 7s]
Dealt to 863d002e 
Dealt to fc273072 
Dealt to 3d85a814 
Dealt to 84168346 
Hero: folds
863d002e: folds
fc273072: raises $0.15 to $0.25
3d85a814: folds
84168346: calls $0.15
*** FLOP *** [Tc 6s 3c]
84168346: checks
fc273072: bets $0.37
84168346: folds
Uncalled bet ($0.37) returned to fc273072
*** SHOWDOWN ***
fc273072 collected $0.53 from pot
*** SUMMARY ***
Total pot $0.55 | Rake $0.02 | Jackpot $0 | Bingo $0 | Fortune $0 | Tax $0
Board [Tc 6s 3c]
Seat 1: Hero folded before Flop (didn't bet)
Seat 2: 863d002e folded before Flop (didn't bet)
Seat 3: fc273072 (button) won ($0.53)
Seat 4: 3d85a814 (small blind) folded before Flop
Seat 5: 84168346 (big blind) folded on the Flop


Poker Hand #HD1785084105: Hold'em No Limit ($0.05/$0.1) - 2024/05/24 00:34:52
Table 'NLHRed60' 6-max Seat #2 is the button
Seat 1: Hero ($10 in chips)
Seat 2: 863d002e ($3.24 in chips)
Seat 3: fc273072 ($14.96 in chips)
Seat 4: 3d85a814 ($39.41 in chips)
Seat 5: 84168346 ($10.28 in chips)
fc273072: posts small blind $0.05
3d85a814: posts big blind $0.1
*** HOLE CARDS ***
Dealt to Hero [Th 6h]
Dealt to 863d002e 
Dealt to fc273072 
Dealt to 3d85a814 
Dealt to 84168346 
84168346: folds
Hero: folds
863d002e: raises $0.3 to $0.4
fc273072: folds
3d85a814: folds
Uncalled bet ($0.3) returned to 863d002e
*** SHOWDOWN ***
863d002e collected $0.25 from pot
*** SUMMARY ***
Total pot $0.25 | Rake $0 | Jackpot $0 | Bingo $0 | Fortune $0 | Tax $0
Seat 1: Hero folded before Flop (didn't bet)
Seat 2: 863d002e (button) collected ($0.25)
Seat 3: fc273072 (small blind) folded before Flop
Seat 4: 3d85a814 (big blind) folded before Flop
Seat 5: 84168346 folded before Flop (didn't bet)


Poker Hand #HD1785084080: Hold'em No Limit ($0.05/$0.1) - 2024/05/24 00:34:34
Table 'NLHRed60' 6-max Seat #1 is the button
Seat 1: Hero ($10 in chips)
Seat 2: 863d002e ($3.34 in chips)
Seat 3: fc273072 ($14.86 in chips)
Seat 4: 3d85a814 ($39.41 in chips)
Seat 5: 84168346 ($10.28 in chips)
863d002e: posts small blind $0.05
fc273072: posts big blind $0.1
*** HOLE CARDS ***
Dealt to Hero [9h 7s]
Dealt to 863d002e 
Dealt to fc273072 
Dealt to 3d85a814 
Dealt to 84168346 
3d85a814: folds
84168346: folds
Hero: folds
863d002e: calls $0.05
fc273072: raises $12.4 to $12.5
863d002e: folds
Uncalled bet ($12.4) returned to fc273072
*** SHOWDOWN ***
fc273072 collected $0.2 from pot
*** SUMMARY ***
Total pot $0.2 | Rake $0 | Jackpot $0 | Bingo $0 | Fortune $0 | Tax $0
Seat 1: Hero (button) folded before Flop (didn't bet)
Seat 2: 863d002e (small blind) folded before Flop
Seat 3: fc273072 (big blind) collected ($0.2)
Seat 4: 3d85a814 folded before Flop (didn't bet)
Seat 5: 84168346 folded before Flop (didn't bet)


Poker Hand #HD1785084027: Hold'em No Limit ($0.05/$0.1) - 2024/05/24 00:33:59
Table 'NLHRed60' 6-max Seat #5 is the button
Seat 1: Hero ($10 in chips)
Seat 2: 863d002e ($3.09 in chips)
Seat 3: fc273072 ($14.86 in chips)
Seat 4: 3d85a814 ($39.63 in chips)
Seat 5: 84168346 ($10.28 in chips)
Hero: posts small blind $0.05
863d002e: posts big blind $0.1
*** HOLE CARDS ***
Dealt to Hero [Ac 3s]
Dealt to 863d002e 
Dealt to fc273072 
Dealt to 3d85a814 
Dealt to 84168346 
fc273072: folds
3d85a814: raises $0.12 to $0.22
84168346: folds
Hero: folds
863d002e: calls $0.12
*** FLOP *** [Kc 7h Tc]
863d002e: checks
3d85a814: checks
*** TURN *** [Kc 7h Tc] [Th]
863d002e: bets $0.49
3d85a814: folds
Uncalled bet ($0.49) returned to 863d002e
*** SHOWDOWN ***
863d002e collected $0.47 from pot
*** SUMMARY ***
Total pot $0.49 | Rake $0.02 | Jackpot $0 | Bingo $0 | Fortune $0 | Tax $0
Board [Kc 7h Tc Th]
Seat 1: Hero (small blind) folded before Flop
Seat 2: 863d002e (big blind) won ($0.47)
Seat 3: fc273072 folded before Flop (didn't bet)
Seat 4: 3d85a814 folded on the Turn
Seat 5: 84168346 (button) folded before Flop (didn't bet)


Poker Hand #HD1785083948: Hold'em No Limit ($0.05/$0.1) - 2024/05/24 00:33:14
Table 'NLHRed60' 6-max Seat #4 is the button
Seat 1: Hero ($10 in chips)
Seat 2: 863d002e ($3.09 in chips)
Seat 3: fc273072 ($14.86 in chips)
Seat 4: 3d85a814 ($39.63 in chips)
Seat 5: 84168346 ($10.05 in chips)
84168346: posts small blind $0.05
Hero: posts big blind $0.1
*** HOLE CARDS ***
Dealt to Hero [7d Tc]
Dealt to 863d002e 
Dealt to fc273072 
Dealt to 3d85a814 
Dealt to 84168346 
863d002e: folds
fc273072: folds
3d85a814: folds
84168346: calls $0.05
Hero: checks
*** FLOP *** [7c 9c Kc]
84168346: bets $0.15
Hero: calls $0.15
*** TURN *** [7c 9c Kc] [8h]
84168346: bets $0.5
Hero: folds
Uncalled bet ($0.5) returned to 84168346
*** SHOWDOWN ***
84168346 collected $0.48 from pot
*** SUMMARY ***
Total pot $0.5 | Rake $0.02 | Jackpot $0 | Bingo $0 | Fortune $0 | Tax $0
Board [7c 9c Kc 8h]
Seat 1: Hero (big blind) folded on the Turn
Seat 2: 863d002e folded before Flop (didn't bet)
Seat 3: fc273072 folded before Flop (didn't bet)
Seat 4: 3d85a814 (button) folded before Flop (didn't bet)
Seat 5: 84168346 (small blind) won ($0.48)


Poker Hand #HD1785083904: Hold'em No Limit ($0.05/$0.1) - 2024/05/24 00:32:52
Table 'NLHRed60' 6-max Seat #3 is the button
Seat 1: Hero ($10 in chips)
Seat 2: 863d002e ($3.09 in chips)
Seat 3: fc273072 ($14.86 in chips)
Seat 4: 3d85a814 ($39.68 in chips)
Seat 5: 84168346 ($10 in chips)
Seat 6: 7489af1f ($14 in chips)
3d85a814: posts small blind $0.05
84168346: posts big blind $0.1
*** HOLE CARDS ***
Dealt to Hero [9d Jh]
Dealt to 863d002e 
Dealt to fc273072 
Dealt to 3d85a814 
Dealt to 84168346 
Dealt to 7489af1f 
7489af1f: folds
Hero: folds
863d002e: folds
fc273072: folds
3d85a814: folds
Uncalled bet ($0.05) returned to 84168346
*** SHOWDOWN ***
84168346 collected $0.1 from pot
*** SUMMARY ***
Total pot $0.1 | Rake $0 | Jackpot $0 | Bingo $0 | Fortune $0 | Tax $0
Seat 1: Hero folded before Flop (didn't bet)
Seat 2: 863d002e folded before Flop (didn't bet)
Seat 3: fc273072 (button) folded before Flop (didn't bet)
Seat 4: 3d85a814 (small blind) folded before Flop
Seat 5: 84168346 (big blind) collected ($0.1)
Seat 6: 7489af1f folded before Flop (didn't bet)


Poker Hand #HD1785083842: Hold'em No Limit ($0.05/$0.1) - 2024/05/24 00:32:16
Table 'NLHRed60' 6-max Seat #2 is the button
Seat 1: Hero ($10.15 in chips)
Seat 2: 863d002e ($3.09 in chips)
Seat 3: fc273072 ($14.54 in chips)
Seat 4: 3d85a814 ($39.78 in chips)
Seat 5: 84168346 ($10 in chips)
Seat 6: 7489af1f ($14 in chips)
fc273072: posts small blind $0.05
3d85a814: posts big blind $0.1
*** HOLE CARDS ***
Dealt to Hero [6h Qh]
Dealt to 863d002e 
Dealt to fc273072 
Dealt to 3d85a814 
Dealt to 84168346 
Dealt to 7489af1f 
84168346: folds
7489af1f: folds
Hero: raises $0.14 to $0.24
863d002e: folds
fc273072: raises $0.86 to $1.1
3d85a814: folds
Hero: folds
Uncalled bet ($0.86) returned to fc273072
*** SHOWDOWN ***
fc273072 collected $0.56 from pot
*** SUMMARY ***
Total pot $0.58 | Rake $0.02 | Jackpot $0 | Bingo $0 | Fortune $0 | Tax $0
Seat 1: Hero folded before Flop
Seat 2: 863d002e (button) folded before Flop (didn't bet)
Seat 3: fc273072 (small blind) collected ($0.56)
Seat 4: 3d85a814 (big blind) folded before Flop
Seat 5: 84168346 folded before Flop (didn't bet)
Seat 6: 7489af1f folded before Flop (didn't bet)


Poker Hand #HD1785083803: Hold'em No Limit ($0.05/$0.1) - 2024/05/24 00:31:52
Table 'NLHRed60' 6-max Seat #1 is the button
Seat 1: Hero ($10 in chips)
Seat 2: 863d002e ($3.14 in chips)
Seat 3: fc273072 ($14.64 in chips)
Seat 4: 3d85a814 ($39.78 in chips)
Seat 5: 84168346 ($10 in chips)
Seat 6: 7489af1f ($14 in chips)
863d002e: posts small blind $0.05
fc273072: posts big blind $0.1
*** HOLE CARDS ***
Dealt to Hero [Ad Td]
Dealt to 863d002e 
Dealt to fc273072 
Dealt to 3d85a814 
Dealt to 84168346 
Dealt to 7489af1f 
3d85a814: folds
84168346: folds
7489af1f: folds
Hero: raises $0.14 to $0.24
863d002e: folds
fc273072: folds
Uncalled bet ($0.14) returned to Hero
*** SHOWDOWN ***
Hero collected $0.25 from pot
*** SUMMARY ***
Total pot $0.25 | Rake $0 | Jackpot $0 | Bingo $0 | Fortune $0 | Tax $0
Seat 1: Hero (button) collected ($0.25)
Seat 2: 863d002e (small blind) folded before Flop
Seat 3: fc273072 (big blind) folded before Flop
Seat 4: 3d85a814 folded before Flop (didn't bet)
Seat 5: 84168346 folded before Flop (didn't bet)
Seat 6: 7489af1f folded before Flop (didn't bet)


Poker Hand #HD1785083766: Hold'em No Limit ($0.05/$0.1) - 2024/05/24 00:31:31
Table 'NLHRed60' 6-max Seat #6 is the button
Seat 1: Hero ($10 in chips)
Seat 2: 863d002e ($3.09 in chips)
Seat 3: fc273072 ($14.64 in chips)
Seat 4: 3d85a814 ($39.78 in chips)
Seat 5: 84168346 ($10 in chips)
Seat 6: 7489af1f ($14 in chips)
Hero: posts small blind $0.05
863d002e: posts big blind $0.1
*** HOLE CARDS ***
Dealt to Hero [2s 4h]
Dealt to 863d002e 
Dealt to fc273072 
Dealt to 3d85a814 
Dealt to 84168346 
Dealt to 7489af1f 
fc273072: folds
3d85a814: folds
84168346: folds
7489af1f: folds
Hero: folds
Uncalled bet ($0.05) returned to 863d002e
*** SHOWDOWN ***
863d002e collected $0.1 from pot
*** SUMMARY ***
Total pot $0.1 | Rake $0 | Jackpot $0 | Bingo $0 | Fortune $0 | Tax $0
Seat 1: Hero (small blind) folded before Flop
Seat 2: 863d002e (big blind) collected ($0.1)
Seat 3: fc273072 folded before Flop (didn't bet)
Seat 4: 3d85a814 folded before Flop (didn't bet)
Seat 5: 84168346 folded before Flop (didn't bet)
Seat 6: 7489af1f (button) folded before Flop (didn't bet)


Poker Hand #HD1785083652: Hold'em No Limit ($0.05/$0.1) - 2024/05/24 00:30:21
Table 'NLHRed60' 6-max Seat #5 is the button
Seat 1: Hero ($10 in chips)
Seat 2: 863d002e ($3.09 in chips)
Seat 3: fc273072 ($14.64 in chips)
Seat 4: 3d85a814 ($38.87 in chips)
Seat 5: 84168346 ($10.19 in chips)
Seat 6: 7489af1f ($14.05 in chips)
7489af1f: posts small blind $0.05
Hero: posts big blind $0.1
*** HOLE CARDS ***
Dealt to Hero [Kc 9c]
Dealt to 863d002e 
Dealt to fc273072 
Dealt to 3d85a814 
Dealt to 84168346 
Dealt to 7489af1f 
863d002e: folds
fc273072: folds
3d85a814: raises $0.15 to $0.25
84168346: raises $0.6 to $0.85
7489af1f: folds
Hero: folds
3d85a814: calls $0.6
*** FLOP *** [5c Qc Jd]
3d85a814: checks
84168346: checks
*** TURN *** [5c Qc Jd] [4c]
3d85a814: bets $0.62
84168346: folds
Uncalled bet ($0.62) returned to 3d85a814
*** SHOWDOWN ***
3d85a814 collected $1.76 from pot
*** SUMMARY ***
Total pot $1.85 | Rake $0.09 | Jackpot $0 | Bingo $0 | Fortune $0 | Tax $0
Board [5c Qc Jd 4c]
Seat 1: Hero (big blind) folded before Flop
Seat 2: 863d002e folded before Flop (didn't bet)
Seat 3: fc273072 folded before Flop (didn't bet)
Seat 4: 3d85a814 won ($1.76)
Seat 5: 84168346 (button) folded on the Turn
Seat 6: 7489af1f (small blind) folded before Flop


Poker Hand #HD1785083598: Hold'em No Limit ($0.05/$0.1) - 2024/05/24 00:29:53
Table 'NLHRed60' 6-max Seat #4 is the button
Seat 1: Hero ($10 in chips)
Seat 2: 863d002e ($3.19 in chips)
Seat 3: fc273072 ($14.64 in chips)
Seat 4: 3d85a814 ($38.87 in chips)
Seat 5: 84168346 ($10 in chips)
Seat 6: 7489af1f ($14.15 in chips)
84168346: posts small blind $0.05
7489af1f: posts big blind $0.1
*** HOLE CARDS ***
Dealt to Hero [2s 4h]
Dealt to 863d002e 
Dealt to fc273072 
Dealt to 3d85a814 
Dealt to 84168346 
Dealt to 7489af1f 
Hero: folds
863d002e: calls $0.1
fc273072: folds
3d85a814: folds
84168346: raises $0.25 to $0.35
7489af1f: folds
863d002e: folds
Uncalled bet ($0.25) returned to 84168346
*** SHOWDOWN ***
84168346 collected $0.29 from pot
*** SUMMARY ***
Total pot $0.3 | Rake $0.01 | Jackpot $0 | Bingo $0 | Fortune $0 | Tax $0
Seat 1: Hero folded before Flop (didn't bet)
Seat 2: 863d002e folded before Flop
Seat 3: fc273072 folded before Flop (didn't bet)
Seat 4: 3d85a814 (button) folded before Flop (didn't bet)
Seat 5: 84168346 (small blind) collected ($0.29)
Seat 6: 7489af1f (big blind) folded before Flop


Poker Hand #HD1785083558: Hold'em No Limit ($0.05/$0.1) - 2024/05/24 00:29:32
Table 'NLHRed60' 6-max Seat #3 is the button
Seat 1: Hero ($10 in chips)
Seat 2: 863d002e ($3.04 in chips)
Seat 3: fc273072 ($14.64 in chips)
Seat 4: 3d85a814 ($38.92 in chips)
Seat 5: 84168346 ($10 in chips)
Seat 6: 7489af1f ($14.15 in chips)
3d85a814: posts small blind $0.05
84168346: posts big blind $0.1
*** HOLE CARDS ***
Dealt to Hero [6d Qs]
Dealt to 863d002e 
Dealt to fc273072 
Dealt to 3d85a814 
Dealt to 84168346 
Dealt to 7489af1f 
7489af1f: folds
Hero: folds
863d002e: raises $0.1 to $0.2
fc273072: folds
3d85a814: folds
84168346: folds
Uncalled bet ($0.1) returned to 863d002e
*** SHOWDOWN ***
863d002e collected $0.25 from pot
*** SUMMARY ***
Total pot $0.25 | Rake $0 | Jackpot $0 | Bingo $0 | Fortune $0 | Tax $0
Seat 1: Hero folded before Flop (didn't bet)
Seat 2: 863d002e collected ($0.25)
Seat 3: fc273072 (button) folded before Flop (didn't bet)
Seat 4: 3d85a814 (small blind) folded before Flop
Seat 5: 84168346 (big blind) folded before Flop
Seat 6: 7489af1f folded before Flop (didn't bet)


Poker Hand #HD1785083491: Hold'em No Limit ($0.05/$0.1) - 2024/05/24 00:29:02
Table 'NLHRed60' 6-max Seat #2 is the button
Seat 1: Hero ($10 in chips)
Seat 2: 863d002e ($2.62 in chips)
Seat 3: fc273072 ($14.69 in chips)
Seat 4: 3d85a814 ($39.12 in chips)
Seat 5: 84168346 ($10.15 in chips)
Seat 6: 7489af1f ($14.15 in chips)
fc273072: posts small blind $0.05
3d85a814: posts big blind $0.1
*** HOLE CARDS ***
Dealt to Hero [6d 4d]
Dealt to 863d002e 
Dealt to fc273072 
Dealt to 3d85a814 
Dealt to 84168346 
Dealt to 7489af1f 
84168346: raises $0.1 to $0.2
7489af1f: folds
Hero: folds
863d002e: calls $0.2
fc273072: folds
3d85a814: calls $0.1
*** FLOP *** [Th 5c 8h]
3d85a814: checks
84168346: checks
863d002e: bets $0.65
3d85a814: folds
84168346: folds
Uncalled bet ($0.65) returned to 863d002e
*** SHOWDOWN ***
863d002e collected $0.62 from pot
*** SUMMARY ***
Total pot $0.65 | Rake $0.03 | Jackpot $0 | Bingo $0 | Fortune $0 | Tax $0
Board [Th 5c 8h]
Seat 1: Hero folded before Flop (didn't bet)
Seat 2: 863d002e (button) won ($0.62)
Seat 3: fc273072 (small blind) folded before Flop
Seat 4: 3d85a814 (big blind) folded on the Flop
Seat 5: 84168346 folded on the Flop
Seat 6: 7489af1f folded before Flop (didn't bet)


Poker Hand #HD1785083461: Hold'em No Limit ($0.05/$0.1) - 2024/05/24 00:28:42
Table 'NLHRed60' 6-max Seat #1 is the button
Seat 1: Hero ($10 in chips)
Seat 2: 863d002e ($2.53 in chips)
Seat 3: fc273072 ($14.79 in chips)
Seat 4: 3d85a814 ($39.12 in chips)
Seat 5: 84168346 ($10.15 in chips)
Seat 6: 7489af1f ($14.15 in chips)
863d002e: posts small blind $0.05
fc273072: posts big blind $0.1
*** HOLE CARDS ***
Dealt to Hero [7h 5d]
Dealt to 863d002e 
Dealt to fc273072 
Dealt to 3d85a814 
Dealt to 84168346 
Dealt to 7489af1f 
3d85a814: folds
84168346: folds
7489af1f: folds
Hero: folds
863d002e: calls $0.05
fc273072: checks
*** FLOP *** [6c As Ac]
863d002e: checks
fc273072: checks
*** TURN *** [6c As Ac] [Kc]
863d002e: bets $0.2
fc273072: folds
Uncalled bet ($0.2) returned to 863d002e
*** SHOWDOWN ***
863d002e collected $0.19 from pot
*** SUMMARY ***
Total pot $0.2 | Rake $0.01 | Jackpot $0 | Bingo $0 | Fortune $0 | Tax $0
Board [6c As Ac Kc]
Seat 1: Hero (button) folded before Flop (didn't bet)
Seat 2: 863d002e (small blind) won ($0.19)
Seat 3: fc273072 (big blind) folded on the Turn
Seat 4: 3d85a814 folded before Flop (didn't bet)
Seat 5: 84168346 folded before Flop (didn't bet)
Seat 6: 7489af1f folded before Flop (didn't bet)


Poker Hand #HD1785083381: Hold'em No Limit ($0.05/$0.1) - 2024/05/24 00:28:01
Table 'NLHRed60' 6-max Seat #6 is the button
Seat 1: Hero ($10 in chips)
Seat 2: 863d002e ($2.71 in chips)
Seat 3: fc273072 ($14.79 in chips)
Seat 4: 3d85a814 ($39.12 in chips)
Seat 5: 84168346 ($10.15 in chips)
Seat 6: 7489af1f ($14.15 in chips)
Hero: posts small blind $0.05
863d002e: posts big blind $0.1
*** HOLE CARDS ***
Dealt to Hero [Ks Qs]
Dealt to 863d002e 
Dealt to fc273072 
Dealt to 3d85a814 
Dealt to 84168346 
Dealt to 7489af1f 
fc273072: folds
3d85a814: folds
84168346: folds
7489af1f: folds
Hero: raises $0.2 to $0.3
863d002e: raises $2.41 to $2.71 and is all-in
Hero: calls $2.41
863d002e: shows [5d 5h]
Hero: shows [Ks Qs]
*** FIRST FLOP *** [Ad 3c 6d]
*** FIRST TURN *** [Ad 3c 6d] [4c]
*** FIRST RIVER *** [Ad 3c 6d 4c] [2s]
*** SECOND FLOP *** [7h Js 4h]
*** SECOND TURN *** [7h Js 4h] [Qh]
*** SECOND RIVER *** [7h Js 4h Qh] [9s]
*** FIRST SHOWDOWN ***
863d002e collected $2.53 from pot
*** SECOND SHOWDOWN ***
Hero collected $2.53 from pot
*** SUMMARY ***
Total pot $5.42 | Rake $0.26 | Jackpot $0.1 | Bingo $0 | Fortune $0 | Tax $0
Hand was run two times
FIRST Board [Ad 3c 6d 4c 2s]
SECOND Board [7h Js 4h Qh 9s]
Seat 1: Hero (small blind) showed [Ks Qs] and lost with Ace-High, and won ($2.53) with Pair of Queens
Seat 2: 863d002e (big blind) showed [5d 5h] and won ($2.53) with Sixes-High Straight, and lost with Pair of Fives
Seat 3: fc273072 folded before Flop (didn't bet)
Seat 4: 3d85a814 folded before Flop (didn't bet)
Seat 5: 84168346 folded before Flop (didn't bet)
Seat 6: 7489af1f (button) folded before Flop (didn't bet)


Poker Hand #HD1785083340: Hold'em No Limit ($0.05/$0.1) - 2024/05/24 00:27:37
Table 'NLHRed60' 6-max Seat #5 is the button
Seat 1: Hero ($10 in chips)
Seat 2: 863d002e ($2.71 in chips)
Seat 3: fc273072 ($14.79 in chips)
Seat 4: 3d85a814 ($39.12 in chips)
Seat 5: 84168346 ($10 in chips)
Seat 6: 7489af1f ($14.2 in chips)
7489af1f: posts small blind $0.05
Hero: posts big blind $0.1
*** HOLE CARDS ***
Dealt to Hero [5d 2c]
Dealt to 863d002e 
Dealt to fc273072 
Dealt to 3d85a814 
Dealt to 84168346 
Dealt to 7489af1f 
863d002e: folds
fc273072: folds
3d85a814: folds
84168346: raises $0.1 to $0.2
7489af1f: folds
Hero: folds
Uncalled bet ($0.1) returned to 84168346
*** SHOWDOWN ***
84168346 collected $0.25 from pot
*** SUMMARY ***
Total pot $0.25 | Rake $0 | Jackpot $0 | Bingo $0 | Fortune $0 | Tax $0
Seat 1: Hero (big blind) folded before Flop
Seat 2: 863d002e folded before Flop (didn't bet)
Seat 3: fc273072 folded before Flop (didn't bet)
Seat 4: 3d85a814 folded before Flop (didn't bet)
Seat 5: 84168346 (button) collected ($0.25)
Seat 6: 7489af1f (small blind) folded before Flop


Poker Hand #HD1785083329: Hold'em No Limit ($0.05/$0.1) - 2024/05/24 00:27:29
Table 'NLHRed60' 6-max Seat #4 is the button
Seat 1: Hero ($10 in chips)
Seat 2: 863d002e ($2.71 in chips)
Seat 3: fc273072 ($14.79 in chips)
Seat 4: 3d85a814 ($39.12 in chips)
Seat 5: 84168346 ($10 in chips)
Seat 6: 7489af1f ($14.15 in chips)
84168346: posts small blind $0.05
7489af1f: posts big blind $0.1
*** HOLE CARDS ***
Dealt to Hero [3c Ah]
Dealt to 863d002e 
Dealt to fc273072 
Dealt to 3d85a814 
Dealt to 84168346 
Dealt to 7489af1f 
Hero: folds
863d002e: folds
fc273072: folds
3d85a814: folds
84168346: folds
Uncalled bet ($0.05) returned to 7489af1f
*** SHOWDOWN ***
7489af1f collected $0.1 from pot
*** SUMMARY ***
Total pot $0.1 | Rake $0 | Jackpot $0 | Bingo $0 | Fortune $0 | Tax $0
Seat 1: Hero folded before Flop (didn't bet)
Seat 2: 863d002e folded before Flop (didn't bet)
Seat 3: fc273072 folded before Flop (didn't bet)
Seat 4: 3d85a814 (button) folded before Flop (didn't bet)
Seat 5: 84168346 (small blind) folded before Flop
Seat 6: 7489af1f (big blind) collected ($0.1)


Poker Hand #HD1785083258: Hold'em No Limit ($0.05/$0.1) - 2024/05/24 00:26:47
Table 'NLHRed60' 6-max Seat #3 is the button
Seat 1: Hero ($10 in chips)
Seat 2: 863d002e ($2 in chips)
Seat 3: fc273072 ($14.79 in chips)
Seat 4: 3d85a814 ($39.17 in chips)
Seat 5: 84168346 ($10 in chips)
Seat 6: 7489af1f ($14.15 in chips)
3d85a814: posts small blind $0.05
84168346: posts big blind $0.1
*** HOLE CARDS ***
Dealt to Hero [Kh 8d]
Dealt to 863d002e 
Dealt to fc273072 
Dealt to 3d85a814 
Dealt to 84168346 
Dealt to 7489af1f 
7489af1f: folds
Hero: folds
863d002e: calls $0.1
fc273072: folds
3d85a814: folds
84168346: checks
*** FLOP *** [9d 3c 8h]
84168346: bets $0.13
863d002e: calls $0.13
*** TURN *** [9d 3c 8h] [2d]
84168346: bets $0.5
863d002e: calls $0.5
*** RIVER *** [9d 3c 8h 2d] [4d]
84168346: checks
863d002e: checks
84168346: shows [5s 7s] (Nine-High)
863d002e: shows [7d 8s] (Pair of Eights)
*** SHOWDOWN ***
863d002e collected $1.44 from pot
*** SUMMARY ***
Total pot $1.51 | Rake $0.07 | Jackpot $0 | Bingo $0 | Fortune $0 | Tax $0
Board [9d 3c 8h 2d 4d]
Seat 1: Hero folded before Flop (didn't bet)
Seat 2: 863d002e showed [7d 8s] and won ($1.44) with Pair of Eights
Seat 3: fc273072 (button) folded before Flop (didn't bet)
Seat 4: 3d85a814 (small blind) folded before Flop
Seat 5: 84168346 (big blind) showed [5s 7s] and lost with Nine-High
Seat 6: 7489af1f folded before Flop (didn't bet)


Poker Hand #HD1785083154: Hold'em No Limit ($0.05/$0.1) - 2024/05/24 00:25:42
Table 'NLHRed60' 6-max Seat #2 is the button
Seat 1: Hero ($10 in chips)
Seat 2: 863d002e ($13.47 in chips)
Seat 3: fc273072 ($14.84 in chips)
Seat 4: 3d85a814 ($26.75 in chips)
Seat 5: 84168346 ($10 in chips)
Seat 6: 7489af1f ($14.15 in chips)
fc273072: posts small blind $0.05
3d85a814: posts big blind $0.1
*** HOLE CARDS ***
Dealt to Hero [7h 3c]
Dealt to 863d002e 
Dealt to fc273072 
Dealt to 3d85a814 
Dealt to 84168346 
Dealt to 7489af1f 
84168346: folds
7489af1f: folds
Hero: folds
863d002e: raises $0.2 to $0.3
fc273072: folds
3d85a814: calls $0.2
*** FLOP *** [2c 3s 9c]
3d85a814: checks
863d002e: checks
*** TURN *** [2c 3s 9c] [Ad]
3d85a814: bets $0.82
863d002e: raises $1.15 to $1.97
3d85a814: raises $24.48 to $26.45 and is all-in
863d002e: calls $11.2 and is all-in
Uncalled bet ($13.28) returned to 3d85a814
3d85a814: shows [5c 4s] (Fives-High Straight)
863d002e: shows [Ac 8c] (Pair of Aces)
*** FIRST RIVER *** [2c 3s 9c Ad] [6s]
*** SECOND RIVER *** [2c 3s 9c Ad] [Th]
*** FIRST SHOWDOWN ***
3d85a814 collected $12.95 from pot
*** SECOND SHOWDOWN ***
3d85a814 collected $12.94 from pot
*** SUMMARY ***
Total pot $26.99 | Rake $1 | Jackpot $0.1 | Bingo $0 | Fortune $0 | Tax $0
Hand was run two times
FIRST Board [2c 3s 9c Ad 6s]
SECOND Board [Th]
Seat 1: Hero folded before Flop (didn't bet)
Seat 2: 863d002e (button) showed [Ac 8c] and lost with Pair of Aces, and lost
Seat 3: fc273072 (small blind) folded before Flop
Seat 4: 3d85a814 (big blind) showed [5c 4s] and won ($12.95) with Sixes-High Straight, and won ($12.94)
Seat 5: 84168346 folded before Flop (didn't bet)
Seat 6: 7489af1f folded before Flop (didn't bet)


Poker Hand #HD1785083093: Hold'em No Limit ($0.05/$0.1) - 2024/05/24 00:25:03
Table 'NLHRed60' 6-max Seat #1 is the button
Seat 1: Hero ($10 in chips)
Seat 2: 863d002e ($13.11 in chips)
Seat 3: fc273072 ($15.24 in chips)
Seat 4: 3d85a814 ($26.75 in chips)
Seat 5: 84168346 ($10 in chips)
Seat 6: 7489af1f ($14.15 in chips)
863d002e: posts small blind $0.05
fc273072: posts big blind $0.1
*** HOLE CARDS ***
Dealt to Hero [7s 2c]
Dealt to 863d002e 
Dealt to fc273072 
Dealt to 3d85a814 
Dealt to 84168346 
Dealt to 7489af1f 
3d85a814: folds
84168346: folds
7489af1f: folds
Hero: folds
863d002e: calls $0.05
fc273072: raises $0.3 to $0.4
863d002e: calls $0.3
*** FLOP *** [3d 2d Kd]
863d002e: checks
fc273072: checks
*** TURN *** [3d 2d Kd] [Ac]
863d002e: bets $0.8
fc273072: folds
Uncalled bet ($0.8) returned to 863d002e
*** SHOWDOWN ***
863d002e collected $0.76 from pot
*** SUMMARY ***
Total pot $0.8 | Rake $0.04 | Jackpot $0 | Bingo $0 | Fortune $0 | Tax $0
Board [3d 2d Kd Ac]
Seat 1: Hero (button) folded before Flop (didn't bet)
Seat 2: 863d002e (small blind) won ($0.76)
Seat 3: fc273072 (big blind) folded on the Turn
Seat 4: 3d85a814 folded before Flop (didn't bet)
Seat 5: 84168346 folded before Flop (didn't bet)
Seat 6: 7489af1f folded before Flop (didn't bet)


Poker Hand #HD1785083056: Hold'em No Limit ($0.05/$0.1) - 2024/05/24 00:24:45
Table 'NLHRed60' 6-max Seat #6 is the button
Seat 1: Hero ($10 in chips)
Seat 2: 863d002e ($13.06 in chips)
Seat 3: fc273072 ($15.24 in chips)
Seat 4: 3d85a814 ($26.75 in chips)
Seat 5: 84168346 ($10 in chips)
Seat 6: 7489af1f ($14.15 in chips)
Hero: posts small blind $0.05
863d002e: posts big blind $0.1
*** HOLE CARDS ***
Dealt to Hero [6s Qc]
Dealt to 863d002e 
Dealt to fc273072 
Dealt to 3d85a814 
Dealt to 84168346 
Dealt to 7489af1f 
fc273072: folds
3d85a814: folds
84168346: folds
7489af1f: folds
Hero: folds
Uncalled bet ($0.05) returned to 863d002e
*** SHOWDOWN ***
863d002e collected $0.1 from pot
*** SUMMARY ***
Total pot $0.1 | Rake $0 | Jackpot $0 | Bingo $0 | Fortune $0 | Tax $0
Seat 1: Hero (small blind) folded before Flop
Seat 2: 863d002e (big blind) collected ($0.1)
Seat 3: fc273072 folded before Flop (didn't bet)
Seat 4: 3d85a814 folded before Flop (didn't bet)
Seat 5: 84168346 folded before Flop (didn't bet)
Seat 6: 7489af1f (button) folded before Flop (didn't bet)


Poker Hand #HD1785082997: Hold'em No Limit ($0.05/$0.1) - 2024/05/24 00:24:12
Table 'NLHRed60' 6-max Seat #5 is the button
Seat 1: Hero ($10 in chips)
Seat 2: 863d002e ($11.97 in chips)
Seat 3: fc273072 ($15.24 in chips)
Seat 4: 3d85a814 ($26.75 in chips)
Seat 5: 84168346 ($10 in chips)
Seat 6: 7489af1f ($14.2 in chips)
7489af1f: posts small blind $0.05
Hero: posts big blind $0.1
*** HOLE CARDS ***
Dealt to Hero [8s 4c]
Dealt to 863d002e 
Dealt to fc273072 
Dealt to 3d85a814 
Dealt to 84168346 
Dealt to 7489af1f 
863d002e: raises $0.2 to $0.3
fc273072: folds
3d85a814: folds
84168346: calls $0.3
7489af1f: folds
Hero: folds
*** FLOP *** [Kc 5h 5c]
863d002e: bets $0.75
84168346: calls $0.75
*** TURN *** [Kc 5h 5c] [4s]
863d002e: bets $2.25
84168346: folds
Uncalled bet ($2.25) returned to 863d002e
*** SHOWDOWN ***
863d002e collected $2.14 from pot
*** SUMMARY ***
Total pot $2.25 | Rake $0.11 | Jackpot $0 | Bingo $0 | Fortune $0 | Tax $0
Board [Kc 5h 5c 4s]
Seat 1: Hero (big blind) folded before Flop
Seat 2: 863d002e won ($2.14)
Seat 3: fc273072 folded before Flop (didn't bet)
Seat 4: 3d85a814 folded before Flop (didn't bet)
Seat 5: 84168346 (button) folded on the Turn
Seat 6: 7489af1f (small blind) folded before Flop


Poker Hand #HD1785082950: Hold'em No Limit ($0.05/$0.1) - 2024/05/24 00:23:44
Table 'NLHRed60' 6-max Seat #4 is the button
Seat 1: Hero ($10 in chips)
Seat 2: 863d002e ($11.97 in chips)
Seat 3: fc273072 ($15.24 in chips)
Seat 4: 3d85a814 ($26.6 in chips)
Seat 5: 84168346 ($10.05 in chips)
Seat 6: 7489af1f ($14.3 in chips)
84168346: posts small blind $0.05
7489af1f: posts big blind $0.1
*** HOLE CARDS ***
Dealt to Hero [Ks 4h]
Dealt to 863d002e 
Dealt to fc273072 
Dealt to 3d85a814 
Dealt to 84168346 
Dealt to 7489af1f 
Hero: folds
863d002e: folds
fc273072: folds
3d85a814: raises $0.2 to $0.3
84168346: folds
7489af1f: folds
Uncalled bet ($0.2) returned to 3d85a814
*** SHOWDOWN ***
3d85a814 collected $0.25 from pot
*** SUMMARY ***
Total pot $0.25 | Rake $0 | Jackpot $0 | Bingo $0 | Fortune $0 | Tax $0
Seat 1: Hero folded before Flop (didn't bet)
Seat 2: 863d002e folded before Flop (didn't bet)
Seat 3: fc273072 folded before Flop (didn't bet)
Seat 4: 3d85a814 (button) collected ($0.25)
Seat 5: 84168346 (small blind) folded before Flop
Seat 6: 7489af1f (big blind) folded before Flop


Poker Hand #HD1785082918: Hold'em No Limit ($0.05/$0.1) - 2024/05/24 00:23:30
Table 'NLHRed60' 6-max Seat #3 is the button
Seat 1: Hero ($10 in chips)
Seat 2: 863d002e ($11.82 in chips)
Seat 3: fc273072 ($15.24 in chips)
Seat 4: 3d85a814 ($26.65 in chips)
Seat 5: 84168346 ($10.15 in chips)
Seat 6: 7489af1f ($14.3 in chips)
3d85a814: posts small blind $0.05
84168346: posts big blind $0.1
*** HOLE CARDS ***
Dealt to Hero [2c 6s]
Dealt to 863d002e 
Dealt to fc273072 
Dealt to 3d85a814 
Dealt to 84168346 
Dealt to 7489af1f 
7489af1f: folds
Hero: folds
863d002e: raises $0.3 to $0.4
fc273072: folds
3d85a814: folds
84168346: folds
Uncalled bet ($0.3) returned to 863d002e
*** SHOWDOWN ***
863d002e collected $0.25 from pot
*** SUMMARY ***
Total pot $0.25 | Rake $0 | Jackpot $0 | Bingo $0 | Fortune $0 | Tax $0
Seat 1: Hero folded before Flop (didn't bet)
Seat 2: 863d002e collected ($0.25)
Seat 3: fc273072 (button) folded before Flop (didn't bet)
Seat 4: 3d85a814 (small blind) folded before Flop
Seat 5: 84168346 (big blind) folded before Flop
Seat 6: 7489af1f folded before Flop (didn't bet)


Poker Hand #HD1785082880: Hold'em No Limit ($0.05/$0.1) - 2024/05/24 00:23:11
Table 'NLHRed60' 6-max Seat #2 is the button
Seat 1: Hero ($10 in chips)
Seat 2: 863d002e ($11.82 in chips)
Seat 3: fc273072 ($15.29 in chips)
Seat 4: 3d85a814 ($26.6 in chips)
Seat 5: 84168346 ($10.15 in chips)
Seat 6: 7489af1f ($14.3 in chips)
fc273072: posts small blind $0.05
3d85a814: posts big blind $0.1
*** HOLE CARDS ***
Dealt to Hero [6s 9c]
Dealt to 863d002e 
Dealt to fc273072 
Dealt to 3d85a814 
Dealt to 84168346 
Dealt to 7489af1f 
84168346: folds
7489af1f: folds
Hero: folds
863d002e: folds
fc273072: folds
Uncalled bet ($0.05) returned to 3d85a814
*** SHOWDOWN ***
3d85a814 collected $0.1 from pot
*** SUMMARY ***
Total pot $0.1 | Rake $0 | Jackpot $0 | Bingo $0 | Fortune $0 | Tax $0
Seat 1: Hero folded before Flop (didn't bet)
Seat 2: 863d002e (button) folded before Flop (didn't bet)
Seat 3: fc273072 (small blind) folded before Flop
Seat 4: 3d85a814 (big blind) collected ($0.1)
Seat 5: 84168346 folded before Flop (didn't bet)
Seat 6: 7489af1f folded before Flop (didn't bet)


Poker Hand #HD1785082849: Hold'em No Limit ($0.05/$0.1) - 2024/05/24 00:22:54
Table 'NLHRed60' 6-max Seat #1 is the button
Seat 1: Hero ($10 in chips)
Seat 2: 863d002e ($11.87 in chips)
Seat 3: fc273072 ($15.39 in chips)
Seat 4: 3d85a814 ($26.6 in chips)
Seat 5: 84168346 ($10 in chips)
Seat 6: 7489af1f ($14.3 in chips)
863d002e: posts small blind $0.05
fc273072: posts big blind $0.1
*** HOLE CARDS ***
Dealt to Hero [Td 7s]
Dealt to 863d002e 
Dealt to fc273072 
Dealt to 3d85a814 
Dealt to 84168346 
Dealt to 7489af1f 
3d85a814: folds
84168346: raises $0.1 to $0.2
7489af1f: folds
Hero: folds
863d002e: folds
fc273072: folds
Uncalled bet ($0.1) returned to 84168346
*** SHOWDOWN ***
84168346 collected $0.25 from pot
*** SUMMARY ***
Total pot $0.25 | Rake $0 | Jackpot $0 | Bingo $0 | Fortune $0 | Tax $0
Seat 1: Hero (button) folded before Flop (didn't bet)
Seat 2: 863d002e (small blind) folded before Flop
Seat 3: fc273072 (big blind) folded before Flop
Seat 4: 3d85a814 folded before Flop (didn't bet)
Seat 5: 84168346 collected ($0.25)
Seat 6: 7489af1f folded before Flop (didn't bet)


Poker Hand #HD1785082828: Hold'em No Limit ($0.05/$0.1) - 2024/05/24 00:22:43
Table 'NLHRed60' 6-max Seat #6 is the button
Seat 1: Hero ($10 in chips)
Seat 2: 863d002e ($11.82 in chips)
Seat 3: fc273072 ($15.39 in chips)
Seat 4: 3d85a814 ($26.6 in chips)
Seat 5: 84168346 ($10 in chips)
Seat 6: 7489af1f ($14.3 in chips)
Hero: posts small blind $0.05
863d002e: posts big blind $0.1
*** HOLE CARDS ***
Dealt to Hero [Ks 5s]
Dealt to 863d002e 
Dealt to fc273072 
Dealt to 3d85a814 
Dealt to 84168346 
Dealt to 7489af1f 
fc273072: folds
3d85a814: folds
84168346: folds
7489af1f: folds
Hero: folds
Uncalled bet ($0.05) returned to 863d002e
*** SHOWDOWN ***
863d002e collected $0.1 from pot
*** SUMMARY ***
Total pot $0.1 | Rake $0 | Jackpot $0 | Bingo $0 | Fortune $0 | Tax $0
Seat 1: Hero (small blind) folded before Flop
Seat 2: 863d002e (big blind) collected ($0.1)
Seat 3: fc273072 folded before Flop (didn't bet)
Seat 4: 3d85a814 folded before Flop (didn't bet)
Seat 5: 84168346 folded before Flop (didn't bet)
Seat 6: 7489af1f (button) folded before Flop (didn't bet)


Poker Hand #HD1785082750: Hold'em No Limit ($0.05/$0.1) - 2024/05/24 00:21:54
Table 'NLHRed60' 6-max Seat #5 is the button
Seat 1: Hero ($10 in chips)
Seat 2: 863d002e ($11.82 in chips)
Seat 3: fc273072 ($15.39 in chips)
Seat 4: 3d85a814 ($25.99 in chips)
Seat 5: 84168346 ($10 in chips)
Seat 6: 7489af1f ($14.35 in chips)
7489af1f: posts small blind $0.05
Hero: posts big blind $0.1
*** HOLE CARDS ***
Dealt to Hero [Jc Qh]
Dealt to 863d002e 
Dealt to fc273072 
Dealt to 3d85a814 
Dealt to 84168346 
Dealt to 7489af1f 
863d002e: folds
fc273072: folds
3d85a814: raises $0.15 to $0.25
84168346: folds
7489af1f: folds
Hero: calls $0.15
*** FLOP *** [2s Ad 7s]
Hero: checks
3d85a814: checks
*** TURN *** [2s Ad 7s] [Td]
Hero: checks
3d85a814: checks
*** RIVER *** [2s Ad 7s Td] [8h]
Hero: bets $0.37
3d85a814: calls $0.37
Hero: shows [Jc Qh] (Ace-High)
3d85a814: shows [9h Ah] (Pair of Aces)
*** SHOWDOWN ***
3d85a814 collected $1.23 from pot
*** SUMMARY ***
Total pot $1.29 | Rake $0.06 | Jackpot $0 | Bingo $0 | Fortune $0 | Tax $0
Board [2s Ad 7s Td 8h]
Seat 1: Hero (big blind) showed [Jc Qh] and lost with Ace-High
Seat 2: 863d002e folded before Flop (didn't bet)
Seat 3: fc273072 folded before Flop (didn't bet)
Seat 4: 3d85a814 showed [9h Ah] and won ($1.23) with Pair of Aces
Seat 5: 84168346 (button) folded before Flop (didn't bet)
Seat 6: 7489af1f (small blind) folded before Flop


Poker Hand #HD1785082693: Hold'em No Limit ($0.05/$0.1) - 2024/05/24 00:21:21
Table 'NLHRed60' 6-max Seat #4 is the button
Seat 1: Hero ($10 in chips)
Seat 2: 863d002e ($11.67 in chips)
Seat 3: fc273072 ($15.39 in chips)
Seat 4: 3d85a814 ($25.99 in chips)
Seat 5: 84168346 ($10 in chips)
Seat 6: 7489af1f ($14.45 in chips)
84168346: posts small blind $0.05
7489af1f: posts big blind $0.1
*** HOLE CARDS ***
Dealt to Hero [3s 9c]
Dealt to 863d002e 
Dealt to fc273072 
Dealt to 3d85a814 
Dealt to 84168346 
Dealt to 7489af1f 
Hero: folds
863d002e: raises $0.3 to $0.4
fc273072: folds
3d85a814: folds
84168346: folds
7489af1f: folds
Uncalled bet ($0.3) returned to 863d002e
*** SHOWDOWN ***
863d002e collected $0.25 from pot
*** SUMMARY ***
Total pot $0.25 | Rake $0 | Jackpot $0 | Bingo $0 | Fortune $0 | Tax $0
Seat 1: Hero folded before Flop (didn't bet)
Seat 2: 863d002e collected ($0.25)
Seat 3: fc273072 folded before Flop (didn't bet)
Seat 4: 3d85a814 (button) folded before Flop (didn't bet)
Seat 5: 84168346 (small blind) folded before Flop
Seat 6: 7489af1f (big blind) folded before Flop


Poker Hand #HD1785082659: Hold'em No Limit ($0.05/$0.1) - 2024/05/24 00:21:04
Table 'NLHRed60' 6-max Seat #3 is the button
Seat 1: Hero ($10 in chips)
Seat 2: 863d002e ($11.52 in chips)
Seat 3: fc273072 ($15.39 in chips)
Seat 4: 3d85a814 ($26.04 in chips)
Seat 5: 84168346 ($10 in chips)
Seat 6: 7489af1f ($14.45 in chips)
3d85a814: posts small blind $0.05
84168346: posts big blind $0.1
*** HOLE CARDS ***
Dealt to Hero [6d 7h]
Dealt to 863d002e 
Dealt to fc273072 
Dealt to 3d85a814 
Dealt to 84168346 
Dealt to 7489af1f 
7489af1f: folds
Hero: folds
863d002e: raises $0.2 to $0.3
fc273072: folds
3d85a814: folds
84168346: folds
Uncalled bet ($0.2) returned to 863d002e
*** SHOWDOWN ***
863d002e collected $0.25 from pot
*** SUMMARY ***
Total pot $0.25 | Rake $0 | Jackpot $0 | Bingo $0 | Fortune $0 | Tax $0
Seat 1: Hero folded before Flop (didn't bet)
Seat 2: 863d002e collected ($0.25)
Seat 3: fc273072 (button) folded before Flop (didn't bet)
Seat 4: 3d85a814 (small blind) folded before Flop
Seat 5: 84168346 (big blind) folded before Flop
Seat 6: 7489af1f folded before Flop (didn't bet)


Poker Hand #HD1785082617: Hold'em No Limit ($0.05/$0.1) - 2024/05/24 00:20:37
Table 'NLHRed60' 6-max Seat #2 is the button
Seat 1: Hero ($10 in chips)
Seat 2: 863d002e ($11.2 in chips)
Seat 3: fc273072 ($15.44 in chips)
Seat 4: 3d85a814 ($26.34 in chips)
Seat 5: 84168346 ($10 in chips)
Seat 6: 7489af1f ($14.45 in chips)
fc273072: posts small blind $0.05
3d85a814: posts big blind $0.1
*** HOLE CARDS ***
Dealt to Hero [Qs 8d]
Dealt to 863d002e 
Dealt to fc273072 
Dealt to 3d85a814 
Dealt to 84168346 
Dealt to 7489af1f 
84168346: folds
7489af1f: folds
Hero: folds
863d002e: raises $0.2 to $0.3
fc273072: folds
3d85a814: calls $0.2
*** FLOP *** [8s 4d Ah]
3d85a814: checks
863d002e: bets $0.65
3d85a814: folds
Uncalled bet ($0.65) returned to 863d002e
*** SHOWDOWN ***
863d002e collected $0.62 from pot
*** SUMMARY ***
Total pot $0.65 | Rake $0.03 | Jackpot $0 | Bingo $0 | Fortune $0 | Tax $0
Board [8s 4d Ah]
Seat 1: Hero folded before Flop (didn't bet)
Seat 2: 863d002e (button) won ($0.62)
Seat 3: fc273072 (small blind) folded before Flop
Seat 4: 3d85a814 (big blind) folded on the Flop
Seat 5: 84168346 folded before Flop (didn't bet)
Seat 6: 7489af1f folded before Flop (didn't bet)


Poker Hand #HD1785082521: Hold'em No Limit ($0.05/$0.1) - 2024/05/24 00:19:45
Table 'NLHRed60' 6-max Seat #1 is the button
Seat 1: Hero ($10 in chips)
Seat 2: 863d002e ($10.92 in chips)
Seat 3: fc273072 ($15.54 in chips)
Seat 4: 3d85a814 ($26.34 in chips)
Seat 5: 84168346 ($10 in chips)
Seat 6: 7489af1f ($14.45 in chips)
863d002e: posts small blind $0.05
fc273072: posts big blind $0.1
*** HOLE CARDS ***
Dealt to Hero [Td Ks]
Dealt to 863d002e 
Dealt to fc273072 
Dealt to 3d85a814 
Dealt to 84168346 
Dealt to 7489af1f 
3d85a814: folds
84168346: raises $0.1 to $0.2
7489af1f: folds
Hero: folds
863d002e: calls $0.15
fc273072: folds
*** FLOP *** [Ad 7s 2c]
863d002e: checks
84168346: checks
*** TURN *** [Ad 7s 2c] [3h]
863d002e: bets $0.5
84168346: folds
Uncalled bet ($0.5) returned to 863d002e
*** SHOWDOWN ***
863d002e collected $0.48 from pot
*** SUMMARY ***
Total pot $0.5 | Rake $0.02 | Jackpot $0 | Bingo $0 | Fortune $0 | Tax $0
Board [Ad 7s 2c 3h]
Seat 1: Hero (button) folded before Flop (didn't bet)
Seat 2: 863d002e (small blind) won ($0.48)
Seat 3: fc273072 (big blind) folded before Flop
Seat 4: 3d85a814 folded before Flop (didn't bet)
Seat 5: 84168346 folded on the Turn
Seat 6: 7489af1f folded before Flop (didn't bet)


Poker Hand #HD1785082441: Hold'em No Limit ($0.05/$0.1) - 2024/05/24 00:18:54
Table 'NLHRed60' 6-max Seat #6 is the button
Seat 1: Hero ($10 in chips)
Seat 2: 863d002e ($10.64 in chips)
Seat 3: fc273072 ($15.79 in chips)
Seat 4: 3d85a814 ($26.34 in chips)
Seat 5: 84168346 ($10 in chips)
Seat 6: 7489af1f ($14.45 in chips)
Hero: posts small blind $0.05
863d002e: posts big blind $0.1
*** HOLE CARDS ***
Dealt to Hero [8s 5s]
Dealt to 863d002e 
Dealt to fc273072 
Dealt to 3d85a814 
Dealt to 84168346 
Dealt to 7489af1f 
fc273072: raises $0.15 to $0.25
3d85a814: folds
84168346: folds
7489af1f: folds
Hero: folds
863d002e: calls $0.15
*** FLOP *** [2h 5c 4h]
863d002e: checks
fc273072: checks
*** TURN *** [2h 5c 4h] [4s]
863d002e: checks
fc273072: checks
*** RIVER *** [2h 5c 4h 4s] [9s]
863d002e: bets $0.55
fc273072: folds
Uncalled bet ($0.55) returned to 863d002e
*** SHOWDOWN ***
863d002e collected $0.53 from pot
*** SUMMARY ***
Total pot $0.55 | Rake $0.02 | Jackpot $0 | Bingo $0 | Fortune $0 | Tax $0
Board [2h 5c 4h 4s 9s]
Seat 1: Hero (small blind) folded before Flop
Seat 2: 863d002e (big blind) won ($0.53)
Seat 3: fc273072 folded on the River
Seat 4: 3d85a814 folded before Flop (didn't bet)
Seat 5: 84168346 folded before Flop (didn't bet)
Seat 6: 7489af1f (button) folded before Flop (didn't bet)


Poker Hand #HD1785082400: Hold'em No Limit ($0.05/$0.1) - 2024/05/24 00:18:28
Table 'NLHRed60' 6-max Seat #5 is the button
Seat 1: Hero ($10 in chips)
Seat 2: 863d002e ($10.27 in chips)
Seat 3: fc273072 ($15.79 in chips)
Seat 4: 3d85a814 ($26.34 in chips)
Seat 5: 84168346 ($10 in chips)
Seat 6: 7489af1f ($14.75 in chips)
7489af1f: posts small blind $0.05
Hero: posts big blind $0.1
*** HOLE CARDS ***
Dealt to Hero [9s Th]
Dealt to 863d002e 
Dealt to fc273072 
Dealt to 3d85a814 
Dealt to 84168346 
Dealt to 7489af1f 
863d002e: raises $0.2 to $0.3
fc273072: folds
3d85a814: folds
84168346: folds
7489af1f: calls $0.25
Hero: folds
*** FLOP *** [5c 7h 3s]
7489af1f: checks
863d002e: bets $0.53
7489af1f: folds
Uncalled bet ($0.53) returned to 863d002e
*** SHOWDOWN ***
863d002e collected $0.67 from pot
*** SUMMARY ***
Total pot $0.7 | Rake $0.03 | Jackpot $0 | Bingo $0 | Fortune $0 | Tax $0
Board [5c 7h 3s]
Seat 1: Hero (big blind) folded before Flop
Seat 2: 863d002e won ($0.67)
Seat 3: fc273072 folded before Flop (didn't bet)
Seat 4: 3d85a814 folded before Flop (didn't bet)
Seat 5: 84168346 (button) folded before Flop (didn't bet)
Seat 6: 7489af1f (small blind) folded on the Flop


Poker Hand #HD1785082318: Hold'em No Limit ($0.05/$0.1) - 2024/05/24 00:17:36
Table 'NLHRed60' 6-max Seat #4 is the button
Seat 1: Hero ($10 in chips)
Seat 3: fc273072 ($15.79 in chips)
Seat 4: 3d85a814 ($27.01 in chips)
Seat 5: 84168346 ($10 in chips)
Seat 6: 7489af1f ($14.1 in chips)
84168346: posts small blind $0.05
7489af1f: posts big blind $0.1
*** HOLE CARDS ***
Dealt to Hero [3s 7c]
Dealt to fc273072 
Dealt to 3d85a814 
Dealt to 84168346 
Dealt to 7489af1f 
Hero: folds
fc273072: folds
3d85a814: raises $0.15 to $0.25
84168346: folds
7489af1f: calls $0.15
*** FLOP *** [5d 6s 4c]
7489af1f: checks
3d85a814: checks
*** TURN *** [5d 6s 4c] [2c]
7489af1f: bets $0.42
3d85a814: calls $0.42
*** RIVER *** [5d 6s 4c 2c] [9c]
7489af1f: bets $1.05
3d85a814: folds
Uncalled bet ($1.05) returned to 7489af1f
*** SHOWDOWN ***
7489af1f collected $1.32 from pot
*** SUMMARY ***
Total pot $1.39 | Rake $0.07 | Jackpot $0 | Bingo $0 | Fortune $0 | Tax $0
Board [5d 6s 4c 2c 9c]
Seat 1: Hero folded before Flop (didn't bet)
Seat 3: fc273072 folded before Flop (didn't bet)
Seat 4: 3d85a814 (button) folded on the River
Seat 5: 84168346 (small blind) folded before Flop
Seat 6: 7489af1f (big blind) won ($1.32)


Poker Hand #HD1785082275: Hold'em No Limit ($0.05/$0.1) - 2024/05/24 00:17:11
Table 'NLHRed60' 6-max Seat #3 is the button
Seat 1: Hero ($10 in chips)
Seat 2: 863d002e ($10.27 in chips)
Seat 3: fc273072 ($15.79 in chips)
Seat 4: 3d85a814 ($26.91 in chips)
Seat 5: 84168346 ($10 in chips)
Seat 6: 7489af1f ($14.1 in chips)
3d85a814: posts small blind $0.05
84168346: posts big blind $0.1
*** HOLE CARDS ***
Dealt to Hero [5h Js]
Dealt to 863d002e 
Dealt to fc273072 
Dealt to 3d85a814 
Dealt to 84168346 
Dealt to 7489af1f 
7489af1f: folds
Hero: folds
863d002e: folds
fc273072: folds
3d85a814: raises $0.2 to $0.3
84168346: folds
Uncalled bet ($0.2) returned to 3d85a814
*** SHOWDOWN ***
3d85a814 collected $0.2 from pot
*** SUMMARY ***
Total pot $0.2 | Rake $0 | Jackpot $0 | Bingo $0 | Fortune $0 | Tax $0
Seat 1: Hero folded before Flop (didn't bet)
Seat 2: 863d002e folded before Flop (didn't bet)
Seat 3: fc273072 (button) folded before Flop (didn't bet)
Seat 4: 3d85a814 (small blind) collected ($0.2)
Seat 5: 84168346 (big blind) folded before Flop
Seat 6: 7489af1f folded before Flop (didn't bet)


Poker Hand #HD1785082169: Hold'em No Limit ($0.05/$0.1) - 2024/05/24 00:16:22
Table 'NLHRed60' 6-max Seat #2 is the button
Seat 1: Hero ($10 in chips)
Seat 2: 863d002e ($12.12 in chips)
Seat 3: fc273072 ($15.84 in chips)
Seat 4: 3d85a814 ($27.16 in chips)
Seat 5: 84168346 ($10 in chips)
Seat 6: 7489af1f ($12.24 in chips)
fc273072: posts small blind $0.05
3d85a814: posts big blind $0.1
*** HOLE CARDS ***
Dealt to Hero [5h 6c]
Dealt to 863d002e 
Dealt to fc273072 
Dealt to 3d85a814 
Dealt to 84168346 
Dealt to 7489af1f 
84168346: folds
7489af1f: raises $0.15 to $0.25
Hero: folds
863d002e: calls $0.25
fc273072: folds
3d85a814: calls $0.15
*** FLOP *** [4h 9h 6s]
3d85a814: checks
7489af1f: checks
863d002e: bets $0.6
3d85a814: folds
7489af1f: calls $0.6
*** TURN *** [4h 9h 6s] [4s]
7489af1f: checks
863d002e: bets $1
7489af1f: calls $1
*** RIVER *** [4h 9h 6s 4s] [Td]
7489af1f: checks
863d002e: checks
7489af1f: shows [8s 8h] (Pair of Eights and Pair of Fours)
863d002e: shows [Jd 6d] (Pair of Sixes and Pair of Fours)
*** SHOWDOWN ***
7489af1f collected $3.71 from pot
*** SUMMARY ***
Total pot $4 | Rake $0.19 | Jackpot $0.1 | Bingo $0 | Fortune $0 | Tax $0
Board [4h 9h 6s 4s Td]
Seat 1: Hero folded before Flop (didn't bet)
Seat 2: 863d002e (button) showed [Jd 6d] and lost with Pair of Sixes and Pair of Fours
Seat 3: fc273072 (small blind) folded before Flop
Seat 4: 3d85a814 (big blind) folded on the Flop
Seat 5: 84168346 folded before Flop (didn't bet)
Seat 6: 7489af1f showed [8s 8h] and won ($3.71) with Pair of Eights and Pair of Fours


Poker Hand #HD1785082143: Hold'em No Limit ($0.05/$0.1) - 2024/05/24 00:16:00
Table 'NLHRed60' 6-max Seat #1 is the button
Seat 1: Hero ($10 in chips)
Seat 2: 863d002e ($11.8 in chips)
Seat 3: fc273072 ($15.94 in chips)
Seat 4: 3d85a814 ($27.16 in chips)
Seat 5: 84168346 ($10 in chips)
Seat 6: 7489af1f ($12.24 in chips)
863d002e: posts small blind $0.05
fc273072: posts big blind $0.1
*** HOLE CARDS ***
Dealt to Hero [6h Th]
Dealt to 863d002e 
Dealt to fc273072 
Dealt to 3d85a814 
Dealt to 84168346 
Dealt to 7489af1f 
3d85a814: folds
84168346: folds
7489af1f: folds
Hero: raises $0.14 to $0.24
863d002e: raises $0.58 to $0.82
fc273072: folds
Hero: folds
Uncalled bet ($0.58) returned to 863d002e
*** SHOWDOWN ***
863d002e collected $0.56 from pot
*** SUMMARY ***
Total pot $0.58 | Rake $0.02 | Jackpot $0 | Bingo $0 | Fortune $0 | Tax $0
Seat 1: Hero (button) folded before Flop
Seat 2: 863d002e (small blind) collected ($0.56)
Seat 3: fc273072 (big blind) folded before Flop
Seat 4: 3d85a814 folded before Flop (didn't bet)
Seat 5: 84168346 folded before Flop (didn't bet)
Seat 6: 7489af1f folded before Flop (didn't bet)


Poker Hand #HD1785082042: Hold'em No Limit ($0.05/$0.1) - 2024/05/24 00:15:03
Table 'NLHRed60' 6-max Seat #6 is the button
Seat 1: Hero ($10 in chips)
Seat 2: 863d002e ($11.53 in chips)
Seat 4: 3d85a814 ($27.16 in chips)
Seat 5: 84168346 ($10 in chips)
Seat 6: 7489af1f ($12.24 in chips)
Hero: posts small blind $0.05
863d002e: posts big blind $0.1
*** HOLE CARDS ***
Dealt to Hero [As Kc]
Dealt to 863d002e 
Dealt to 3d85a814 
Dealt to 84168346 
Dealt to 7489af1f 
3d85a814: folds
84168346: folds
7489af1f: folds
Hero: raises $0.2 to $0.3
863d002e: calls $0.2
*** FLOP *** [6s 2s Jd]
Hero: checks
863d002e: bets $0.6
Hero: folds
Uncalled bet ($0.6) returned to 863d002e
*** SHOWDOWN ***
863d002e collected $0.57 from pot
*** SUMMARY ***
Total pot $0.6 | Rake $0.03 | Jackpot $0 | Bingo $0 | Fortune $0 | Tax $0
Board [6s 2s Jd]
Seat 1: Hero (small blind) folded on the Flop
Seat 2: 863d002e (big blind) won ($0.57)
Seat 4: 3d85a814 folded before Flop (didn't bet)
Seat 5: 84168346 folded before Flop (didn't bet)
Seat 6: 7489af1f (button) folded before Flop (didn't bet)


Poker Hand #HD1785082015: Hold'em No Limit ($0.05/$0.1) - 2024/05/24 00:14:48
Table 'NLHRed60' 6-max Seat #5 is the button
Seat 1: Hero ($10 in chips)
Seat 2: 863d002e ($11.53 in chips)
Seat 4: 3d85a814 ($27.16 in chips)
Seat 5: 84168346 ($10 in chips)
Seat 6: 7489af1f ($12.14 in chips)
7489af1f: posts small blind $0.05
Hero: posts big blind $0.1
*** HOLE CARDS ***
Dealt to Hero [7s 2s]
Dealt to 863d002e 
Dealt to 3d85a814 
Dealt to 84168346 
Dealt to 7489af1f 
863d002e: folds
3d85a814: folds
84168346: folds
7489af1f: raises $0.2 to $0.3
Hero: folds
Uncalled bet ($0.2) returned to 7489af1f
*** SHOWDOWN ***
7489af1f collected $0.2 from pot
*** SUMMARY ***
Total pot $0.2 | Rake $0 | Jackpot $0 | Bingo $0 | Fortune $0 | Tax $0
Seat 1: Hero (big blind) folded before Flop
Seat 2: 863d002e folded before Flop (didn't bet)
Seat 4: 3d85a814 folded before Flop (didn't bet)
Seat 5: 84168346 (button) folded before Flop (didn't bet)
Seat 6: 7489af1f (small blind) collected ($0.2)


