Poker Hand #HD1750162708: Hold'em No Limit ($0.02/$0.05) - 2024/04/28 16:43:40
Table 'NLHBlue19' 6-max Seat #4 is the button
Seat 1: 410ebf92 ($5.07 in chips)
Seat 2: ee7d7866 ($5.31 in chips)
Seat 3: 6cf41ef1 ($5.08 in chips)
Seat 4: 13b0710f ($11.74 in chips)
Seat 5: f92b7442 ($4.58 in chips)
Seat 6: Hero ($5.05 in chips)
f92b7442: posts small blind $0.02
Hero: posts big blind $0.05
*** HOLE CARDS ***
Dealt to 410ebf92 
Dealt to ee7d7866 
Dealt to 6cf41ef1 
Dealt to 13b0710f 
Dealt to f92b7442 
Dealt to Hero [4c 9s]
410ebf92: folds
ee7d7866: folds
6cf41ef1: folds
13b0710f: folds
f92b7442: raises $0.1 to $0.15
Hero: folds
Uncalled bet ($0.1) returned to f92b7442
*** SHOWDOWN ***
f92b7442 collected $0.1 from pot
*** SUMMARY ***
Total pot $0.1 | Rake $0 | Jackpot $0 | Bingo $0 | Fortune $0 | Tax $0
Seat 1: 410ebf92 folded before Flop (didn't bet)
Seat 2: ee7d7866 folded before Flop (didn't bet)
Seat 3: 6cf41ef1 folded before Flop (didn't bet)
Seat 4: 13b0710f (button) folded before Flop (didn't bet)
Seat 5: f92b7442 (small blind) collected ($0.1)
Seat 6: Hero (big blind) folded before Flop


Poker Hand #HD1750162642: Hold'em No Limit ($0.02/$0.05) - 2024/04/28 16:42:59
Table 'NLHBlue19' 6-max Seat #3 is the button
Seat 1: 410ebf92 ($5.07 in chips)
Seat 2: ee7d7866 ($5.31 in chips)
Seat 3: 6cf41ef1 ($4.92 in chips)
Seat 4: 13b0710f ($11.86 in chips)
Seat 5: f92b7442 ($4.63 in chips)
Seat 6: Hero ($5.05 in chips)
13b0710f: posts small blind $0.02
f92b7442: posts big blind $0.05
*** HOLE CARDS ***
Dealt to 410ebf92 
Dealt to ee7d7866 
Dealt to 6cf41ef1 
Dealt to 13b0710f 
Dealt to f92b7442 
Dealt to Hero [9c 4h]
Hero: folds
410ebf92: folds
ee7d7866: folds
6cf41ef1: raises $0.07 to $0.12
13b0710f: calls $0.1
f92b7442: folds
*** FLOP *** [Js 7c Jc]
13b0710f: checks
6cf41ef1: bets $0.13
13b0710f: folds
Uncalled bet ($0.13) returned to 6cf41ef1
*** SHOWDOWN ***
6cf41ef1 collected $0.28 from pot
*** SUMMARY ***
Total pot $0.29 | Rake $0.01 | Jackpot $0 | Bingo $0 | Fortune $0 | Tax $0
Board [Js 7c Jc]
Seat 1: 410ebf92 folded before Flop (didn't bet)
Seat 2: ee7d7866 folded before Flop (didn't bet)
Seat 3: 6cf41ef1 (button) won ($0.28)
Seat 4: 13b0710f (small blind) folded on the Flop
Seat 5: f92b7442 (big blind) folded before Flop
Seat 6: Hero folded before Flop (didn't bet)


Poker Hand #HD1750162562: Hold'em No Limit ($0.02/$0.05) - 2024/04/28 16:42:16
Table 'NLHBlue19' 6-max Seat #2 is the button
Seat 1: 410ebf92 ($5.26 in chips)
Seat 2: ee7d7866 ($5.31 in chips)
Seat 3: 6cf41ef1 ($4.94 in chips)
Seat 4: 13b0710f ($11.67 in chips)
Seat 5: f92b7442 ($4.63 in chips)
Seat 6: Hero ($5.05 in chips)
6cf41ef1: posts small blind $0.02
13b0710f: posts big blind $0.05
*** HOLE CARDS ***
Dealt to 410ebf92 
Dealt to ee7d7866 
Dealt to 6cf41ef1 
Dealt to 13b0710f 
Dealt to f92b7442 
Dealt to Hero [6d 2d]
f92b7442: folds
Hero: folds
410ebf92: raises $0.06 to $0.11
ee7d7866: folds
6cf41ef1: folds
13b0710f: calls $0.06
*** FLOP *** [As 3c 9d]
13b0710f: checks
410ebf92: bets $0.08
13b0710f: calls $0.08
*** TURN *** [As 3c 9d] [9s]
13b0710f: checks
410ebf92: checks
*** RIVER *** [As 3c 9d 9s] [8h]
13b0710f: checks
410ebf92: checks
13b0710f: shows [Qd 3d] (Pair of Nines and Pair of Treys)
410ebf92: shows [Js Kd] (Pair of Nines)
*** SHOWDOWN ***
13b0710f collected $0.38 from pot
*** SUMMARY ***
Total pot $0.4 | Rake $0.02 | Jackpot $0 | Bingo $0 | Fortune $0 | Tax $0
Board [As 3c 9d 9s 8h]
Seat 1: 410ebf92 showed [Js Kd] and lost with Pair of Nines
Seat 2: ee7d7866 (button) folded before Flop (didn't bet)
Seat 3: 6cf41ef1 (small blind) folded before Flop
Seat 4: 13b0710f (big blind) showed [Qd 3d] and won ($0.38) with Pair of Nines and Pair of Treys
Seat 5: f92b7442 folded before Flop (didn't bet)
Seat 6: Hero folded before Flop (didn't bet)


Poker Hand #HD1750162509: Hold'em No Limit ($0.02/$0.05) - 2024/04/28 16:41:49
Table 'NLHBlue19' 6-max Seat #1 is the button
Seat 1: 410ebf92 ($5.26 in chips)
Seat 2: ee7d7866 ($5.33 in chips)
Seat 3: 6cf41ef1 ($4.99 in chips)
Seat 4: 13b0710f ($11.67 in chips)
Seat 5: f92b7442 ($4.56 in chips)
Seat 6: Hero ($5.05 in chips)
ee7d7866: posts small blind $0.02
6cf41ef1: posts big blind $0.05
*** HOLE CARDS ***
Dealt to 410ebf92 
Dealt to ee7d7866 
Dealt to 6cf41ef1 
Dealt to 13b0710f 
Dealt to f92b7442 
Dealt to Hero [5c 3c]
13b0710f: folds
f92b7442: raises $0.1 to $0.15
Hero: folds
410ebf92: folds
ee7d7866: folds
6cf41ef1: folds
Uncalled bet ($0.1) returned to f92b7442
*** SHOWDOWN ***
f92b7442 collected $0.12 from pot
*** SUMMARY ***
Total pot $0.12 | Rake $0 | Jackpot $0 | Bingo $0 | Fortune $0 | Tax $0
Seat 1: 410ebf92 (button) folded before Flop (didn't bet)
Seat 2: ee7d7866 (small blind) folded before Flop
Seat 3: 6cf41ef1 (big blind) folded before Flop
Seat 4: 13b0710f folded before Flop (didn't bet)
Seat 5: f92b7442 collected ($0.12)
Seat 6: Hero folded before Flop (didn't bet)


Poker Hand #HD1750162473: Hold'em No Limit ($0.02/$0.05) - 2024/04/28 16:41:31
Table 'NLHBlue19' 6-max Seat #6 is the button
Seat 1: 410ebf92 ($5.28 in chips)
Seat 2: ee7d7866 ($5.31 in chips)
Seat 3: 6cf41ef1 ($4.99 in chips)
Seat 4: 13b0710f ($11.67 in chips)
Seat 5: f92b7442 ($4.56 in chips)
Seat 6: Hero ($5.05 in chips)
410ebf92: posts small blind $0.02
ee7d7866: posts big blind $0.05
*** HOLE CARDS ***
Dealt to 410ebf92 
Dealt to ee7d7866 
Dealt to 6cf41ef1 
Dealt to 13b0710f 
Dealt to f92b7442 
Dealt to Hero [Jc 5s]
6cf41ef1: folds
13b0710f: folds
f92b7442: folds
Hero: folds
410ebf92: folds
Uncalled bet ($0.03) returned to ee7d7866
*** SHOWDOWN ***
ee7d7866 collected $0.04 from pot
*** SUMMARY ***
Total pot $0.04 | Rake $0 | Jackpot $0 | Bingo $0 | Fortune $0 | Tax $0
Seat 1: 410ebf92 (small blind) folded before Flop
Seat 2: ee7d7866 (big blind) collected ($0.04)
Seat 3: 6cf41ef1 folded before Flop (didn't bet)
Seat 4: 13b0710f folded before Flop (didn't bet)
Seat 5: f92b7442 folded before Flop (didn't bet)
Seat 6: Hero (button) folded before Flop (didn't bet)


Poker Hand #HD1750162440: Hold'em No Limit ($0.02/$0.05) - 2024/04/28 16:41:10
Table 'NLHBlue19' 6-max Seat #5 is the button
Seat 1: 410ebf92 ($5.33 in chips)
Seat 2: ee7d7866 ($5.31 in chips)
Seat 3: 6cf41ef1 ($4.99 in chips)
Seat 4: 13b0710f ($11.67 in chips)
Seat 5: f92b7442 ($4.56 in chips)
Seat 6: Hero ($5 in chips)
Hero: posts small blind $0.02
410ebf92: posts big blind $0.05
*** HOLE CARDS ***
Dealt to 410ebf92 
Dealt to ee7d7866 
Dealt to 6cf41ef1 
Dealt to 13b0710f 
Dealt to f92b7442 
Dealt to Hero [Qh 9s]
ee7d7866: folds
6cf41ef1: folds
13b0710f: folds
f92b7442: folds
Hero: raises $0.1 to $0.15
410ebf92: folds
Uncalled bet ($0.1) returned to Hero
*** SHOWDOWN ***
Hero collected $0.1 from pot
*** SUMMARY ***
Total pot $0.1 | Rake $0 | Jackpot $0 | Bingo $0 | Fortune $0 | Tax $0
Seat 1: 410ebf92 (big blind) folded before Flop
Seat 2: ee7d7866 folded before Flop (didn't bet)
Seat 3: 6cf41ef1 folded before Flop (didn't bet)
Seat 4: 13b0710f folded before Flop (didn't bet)
Seat 5: f92b7442 (button) folded before Flop (didn't bet)
Seat 6: Hero (small blind) collected ($0.1)


Poker Hand #HD1750162389: Hold'em No Limit ($0.02/$0.05) - 2024/04/28 16:40:45
Table 'NLHBlue19' 6-max Seat #4 is the button
Seat 1: 410ebf92 ($5.43 in chips)
Seat 2: ee7d7866 ($5.31 in chips)
Seat 3: 6cf41ef1 ($4.83 in chips)
Seat 4: 13b0710f ($11.67 in chips)
Seat 5: f92b7442 ($4.58 in chips)
Seat 6: Hero ($5 in chips)
f92b7442: posts small blind $0.02
Hero: posts big blind $0.05
*** HOLE CARDS ***
Dealt to 410ebf92 
Dealt to ee7d7866 
Dealt to 6cf41ef1 
Dealt to 13b0710f 
Dealt to f92b7442 
Dealt to Hero [4d Jc]
410ebf92: raises $0.05 to $0.1
ee7d7866: folds
6cf41ef1: calls $0.1
13b0710f: folds
f92b7442: folds
Hero: folds
*** FLOP *** [9c 8s 4c]
410ebf92: checks
6cf41ef1: bets $0.17
410ebf92: folds
Uncalled bet ($0.17) returned to 6cf41ef1
*** SHOWDOWN ***
6cf41ef1 collected $0.26 from pot
*** SUMMARY ***
Total pot $0.27 | Rake $0.01 | Jackpot $0 | Bingo $0 | Fortune $0 | Tax $0
Board [9c 8s 4c]
Seat 1: 410ebf92 folded on the Flop
Seat 2: ee7d7866 folded before Flop (didn't bet)
Seat 3: 6cf41ef1 won ($0.26)
Seat 4: 13b0710f (button) folded before Flop (didn't bet)
Seat 5: f92b7442 (small blind) folded before Flop
Seat 6: Hero (big blind) folded before Flop


