Poker Hand #HD1757077818: Hold'em No Limit ($0.05/$0.1) - 2024/05/03 17:15:01
Table 'NLHRed48' 6-max Seat #4 is the button
Seat 1: Hero ($10.55 in chips)
Seat 2: 9fd59d01 ($11.44 in chips)
Seat 3: c01f46ff ($10.62 in chips)
Seat 4: d65fc92d ($10.76 in chips)
Seat 5: a2dc2dd5 ($8.89 in chips)
Seat 6: d5db1d43 ($11.14 in chips)
a2dc2dd5: posts small blind $0.05
d5db1d43: posts big blind $0.1
*** HOLE CARDS ***
Dealt to Hero [Kd 6c]
Dealt to 9fd59d01 
Dealt to c01f46ff 
Dealt to d65fc92d 
Dealt to a2dc2dd5 
Dealt to d5db1d43 
Hero: folds
9fd59d01: folds
c01f46ff: folds
d65fc92d: raises $0.15 to $0.25
a2dc2dd5: folds
d5db1d43: calls $0.15
*** FLOP *** [Jc 7h 4c]
d5db1d43: checks
d65fc92d: bets $0.31
d5db1d43: folds
Uncalled bet ($0.31) returned to d65fc92d
*** SHOWDOWN ***
d65fc92d collected $0.53 from pot
*** SUMMARY ***
Total pot $0.55 | Rake $0.02 | Jackpot $0 | Bingo $0 | Fortune $0 | Tax $0
Board [Jc 7h 4c]
Seat 1: Hero folded before Flop (didn't bet)
Seat 2: 9fd59d01 folded before Flop (didn't bet)
Seat 3: c01f46ff folded before Flop (didn't bet)
Seat 4: d65fc92d (button) won ($0.53)
Seat 5: a2dc2dd5 (small blind) folded before Flop
Seat 6: d5db1d43 (big blind) folded on the Flop


Poker Hand #HD1757077798: Hold'em No Limit ($0.05/$0.1) - 2024/05/03 17:14:53
Table 'NLHRed48' 6-max Seat #3 is the button
Seat 1: Hero ($10.55 in chips)
Seat 2: 9fd59d01 ($11.44 in chips)
Seat 3: c01f46ff ($10.62 in chips)
Seat 4: d65fc92d ($10.81 in chips)
Seat 5: a2dc2dd5 ($8.84 in chips)
Seat 6: d5db1d43 ($11.14 in chips)
d65fc92d: posts small blind $0.05
a2dc2dd5: posts big blind $0.1
*** HOLE CARDS ***
Dealt to Hero [3d 8d]
Dealt to 9fd59d01 
Dealt to c01f46ff 
Dealt to d65fc92d 
Dealt to a2dc2dd5 
Dealt to d5db1d43 
d5db1d43: folds
Hero: folds
9fd59d01: folds
c01f46ff: folds
d65fc92d: folds
Uncalled bet ($0.05) returned to a2dc2dd5
*** SHOWDOWN ***
a2dc2dd5 collected $0.1 from pot
*** SUMMARY ***
Total pot $0.1 | Rake $0 | Jackpot $0 | Bingo $0 | Fortune $0 | Tax $0
Seat 1: Hero folded before Flop (didn't bet)
Seat 2: 9fd59d01 folded before Flop (didn't bet)
Seat 3: c01f46ff (button) folded before Flop (didn't bet)
Seat 4: d65fc92d (small blind) folded before Flop
Seat 5: a2dc2dd5 (big blind) collected ($0.1)
Seat 6: d5db1d43 folded before Flop (didn't bet)


Poker Hand #HD1757077696: Hold'em No Limit ($0.05/$0.1) - 2024/05/03 17:14:12
Table 'NLHRed48' 6-max Seat #2 is the button
Seat 1: Hero ($10.55 in chips)
Seat 2: 9fd59d01 ($11.44 in chips)
Seat 3: c01f46ff ($11.52 in chips)
Seat 4: d65fc92d ($10 in chips)
Seat 5: a2dc2dd5 ($8.84 in chips)
Seat 6: d5db1d43 ($11.14 in chips)
c01f46ff: posts small blind $0.05
d65fc92d: posts big blind $0.1
*** HOLE CARDS ***
Dealt to Hero [8h Kc]
Dealt to 9fd59d01 
Dealt to c01f46ff 
Dealt to d65fc92d 
Dealt to a2dc2dd5 
Dealt to d5db1d43 
a2dc2dd5: folds
d5db1d43: folds
Hero: folds
9fd59d01: folds
c01f46ff: raises $0.2 to $0.3
d65fc92d: raises $0.6 to $0.9
c01f46ff: calls $0.6
*** FLOP *** [2h 8s 4h]
c01f46ff: checks
d65fc92d: bets $1
c01f46ff: folds
Uncalled bet ($1) returned to d65fc92d
*** SHOWDOWN ***
d65fc92d collected $1.71 from pot
*** SUMMARY ***
Total pot $1.8 | Rake $0.09 | Jackpot $0 | Bingo $0 | Fortune $0 | Tax $0
Board [2h 8s 4h]
Seat 1: Hero folded before Flop (didn't bet)
Seat 2: 9fd59d01 (button) folded before Flop (didn't bet)
Seat 3: c01f46ff (small blind) folded on the Flop
Seat 4: d65fc92d (big blind) won ($1.71)
Seat 5: a2dc2dd5 folded before Flop (didn't bet)
Seat 6: d5db1d43 folded before Flop (didn't bet)


Poker Hand #HD1757077654: Hold'em No Limit ($0.05/$0.1) - 2024/05/03 17:13:55
Table 'NLHRed48' 6-max Seat #1 is the button
Seat 1: Hero ($10.55 in chips)
Seat 2: 9fd59d01 ($11.49 in chips)
Seat 3: c01f46ff ($11.62 in chips)
Seat 4: d65fc92d ($10 in chips)
Seat 5: a2dc2dd5 ($8.69 in chips)
Seat 6: d5db1d43 ($11.14 in chips)
9fd59d01: posts small blind $0.05
c01f46ff: posts big blind $0.1
*** HOLE CARDS ***
Dealt to Hero [7c 6h]
Dealt to 9fd59d01 
Dealt to c01f46ff 
Dealt to d65fc92d 
Dealt to a2dc2dd5 
Dealt to d5db1d43 
d65fc92d: folds
a2dc2dd5: raises $0.15 to $0.25
d5db1d43: folds
Hero: folds
9fd59d01: folds
c01f46ff: folds
Uncalled bet ($0.15) returned to a2dc2dd5
*** SHOWDOWN ***
a2dc2dd5 collected $0.25 from pot
*** SUMMARY ***
Total pot $0.25 | Rake $0 | Jackpot $0 | Bingo $0 | Fortune $0 | Tax $0
Seat 1: Hero (button) folded before Flop (didn't bet)
Seat 2: 9fd59d01 (small blind) folded before Flop
Seat 3: c01f46ff (big blind) folded before Flop
Seat 4: d65fc92d folded before Flop (didn't bet)
Seat 5: a2dc2dd5 collected ($0.25)
Seat 6: d5db1d43 folded before Flop (didn't bet)


Poker Hand #HD1757077421: Hold'em No Limit ($0.05/$0.1) - 2024/05/03 17:12:13
Table 'NLHRed48' 6-max Seat #6 is the button
Seat 1: Hero ($10.6 in chips)
Seat 2: 9fd59d01 ($11.59 in chips)
Seat 3: c01f46ff ($9.47 in chips)
Seat 4: d65fc92d ($10.15 in chips)
Seat 5: a2dc2dd5 ($8.69 in chips)
Seat 6: d5db1d43 ($11.14 in chips)
Hero: posts small blind $0.05
9fd59d01: posts big blind $0.1
*** HOLE CARDS ***
Dealt to Hero [Kh 6s]
Dealt to 9fd59d01 
Dealt to c01f46ff 
Dealt to d65fc92d 
Dealt to a2dc2dd5 
Dealt to d5db1d43 
c01f46ff: raises $0.15 to $0.25
d65fc92d: calls $0.25
a2dc2dd5: folds
d5db1d43: folds
Hero: folds
9fd59d01: folds
*** FLOP *** [5h Jh 6c]
c01f46ff: checks
d65fc92d: bets $0.22
c01f46ff: calls $0.22
*** TURN *** [5h Jh 6c] [8d]
c01f46ff: checks
d65fc92d: bets $0.6
c01f46ff: calls $0.6
*** RIVER *** [5h Jh 6c 8d] [Qh]
c01f46ff: checks
d65fc92d: bets $1.26
c01f46ff: raises $2.34 to $3.6
d65fc92d: folds
Uncalled bet ($2.34) returned to c01f46ff
*** SHOWDOWN ***
c01f46ff collected $4.48 from pot
*** SUMMARY ***
Total pot $4.81 | Rake $0.23 | Jackpot $0.1 | Bingo $0 | Fortune $0 | Tax $0
Board [5h Jh 6c 8d Qh]
Seat 1: Hero (small blind) folded before Flop
Seat 2: 9fd59d01 (big blind) folded before Flop
Seat 3: c01f46ff won ($4.48)
Seat 4: d65fc92d folded on the River
Seat 5: a2dc2dd5 folded before Flop (didn't bet)
Seat 6: d5db1d43 (button) folded before Flop (didn't bet)


Poker Hand #HD1757077387: Hold'em No Limit ($0.05/$0.1) - 2024/05/03 17:12:02
Table 'NLHRed48' 6-max Seat #5 is the button
Seat 1: Hero ($10.7 in chips)
Seat 2: 9fd59d01 ($11.59 in chips)
Seat 3: c01f46ff ($9.47 in chips)
Seat 4: d65fc92d ($10 in chips)
Seat 5: a2dc2dd5 ($8.69 in chips)
Seat 6: d5db1d43 ($11.19 in chips)
d5db1d43: posts small blind $0.05
Hero: posts big blind $0.1
*** HOLE CARDS ***
Dealt to Hero [2d 5d]
Dealt to 9fd59d01 
Dealt to c01f46ff 
Dealt to d65fc92d 
Dealt to a2dc2dd5 
Dealt to d5db1d43 
9fd59d01: folds
c01f46ff: folds
d65fc92d: raises $0.15 to $0.25
a2dc2dd5: folds
d5db1d43: folds
Hero: folds
Uncalled bet ($0.15) returned to d65fc92d
*** SHOWDOWN ***
d65fc92d collected $0.25 from pot
*** SUMMARY ***
Total pot $0.25 | Rake $0 | Jackpot $0 | Bingo $0 | Fortune $0 | Tax $0
Seat 1: Hero (big blind) folded before Flop
Seat 2: 9fd59d01 folded before Flop (didn't bet)
Seat 3: c01f46ff folded before Flop (didn't bet)
Seat 4: d65fc92d collected ($0.25)
Seat 5: a2dc2dd5 (button) folded before Flop (didn't bet)
Seat 6: d5db1d43 (small blind) folded before Flop


Poker Hand #HD1757077298: Hold'em No Limit ($0.05/$0.1) - 2024/05/03 17:11:22
Table 'NLHRed48' 6-max Seat #4 is the button
Seat 1: Hero ($10.7 in chips)
Seat 2: 9fd59d01 ($11.84 in chips)
Seat 3: c01f46ff ($9.47 in chips)
Seat 4: d65fc92d ($10.57 in chips)
Seat 5: a2dc2dd5 ($8.74 in chips)
Seat 6: d5db1d43 ($10.09 in chips)
a2dc2dd5: posts small blind $0.05
d5db1d43: posts big blind $0.1
*** HOLE CARDS ***
Dealt to Hero [7h 8s]
Dealt to 9fd59d01 
Dealt to c01f46ff 
Dealt to d65fc92d 
Dealt to a2dc2dd5 
Dealt to d5db1d43 
Hero: folds
9fd59d01: raises $0.15 to $0.25
c01f46ff: folds
d65fc92d: raises $0.65 to $0.9
a2dc2dd5: folds
d5db1d43: raises $1.75 to $2.65
9fd59d01: folds
d65fc92d: folds
Uncalled bet ($1.75) returned to d5db1d43
*** SHOWDOWN ***
d5db1d43 collected $2 from pot
*** SUMMARY ***
Total pot $2.1 | Rake $0.1 | Jackpot $0 | Bingo $0 | Fortune $0 | Tax $0
Seat 1: Hero folded before Flop (didn't bet)
Seat 2: 9fd59d01 folded before Flop
Seat 3: c01f46ff folded before Flop (didn't bet)
Seat 4: d65fc92d (button) folded before Flop
Seat 5: a2dc2dd5 (small blind) folded before Flop
Seat 6: d5db1d43 (big blind) collected ($2)


Poker Hand #HD1757077250: Hold'em No Limit ($0.05/$0.1) - 2024/05/03 17:11:03
Table 'NLHRed48' 6-max Seat #3 is the button
Seat 1: Hero ($10.7 in chips)
Seat 2: 9fd59d01 ($11.84 in chips)
Seat 3: c01f46ff ($9.32 in chips)
Seat 4: d65fc92d ($10.62 in chips)
Seat 5: a2dc2dd5 ($8.84 in chips)
Seat 6: d5db1d43 ($10.09 in chips)
d65fc92d: posts small blind $0.05
a2dc2dd5: posts big blind $0.1
*** HOLE CARDS ***
Dealt to Hero [9s 6c]
Dealt to 9fd59d01 
Dealt to c01f46ff 
Dealt to d65fc92d 
Dealt to a2dc2dd5 
Dealt to d5db1d43 
d5db1d43: folds
Hero: folds
9fd59d01: folds
c01f46ff: raises $0.15 to $0.25
d65fc92d: folds
a2dc2dd5: folds
Uncalled bet ($0.15) returned to c01f46ff
*** SHOWDOWN ***
c01f46ff collected $0.25 from pot
*** SUMMARY ***
Total pot $0.25 | Rake $0 | Jackpot $0 | Bingo $0 | Fortune $0 | Tax $0
Seat 1: Hero folded before Flop (didn't bet)
Seat 2: 9fd59d01 folded before Flop (didn't bet)
Seat 3: c01f46ff (button) collected ($0.25)
Seat 4: d65fc92d (small blind) folded before Flop
Seat 5: a2dc2dd5 (big blind) folded before Flop
Seat 6: d5db1d43 folded before Flop (didn't bet)


Poker Hand #HD1757077212: Hold'em No Limit ($0.05/$0.1) - 2024/05/03 17:10:47
Table 'NLHRed48' 6-max Seat #2 is the button
Seat 1: Hero ($10.7 in chips)
Seat 2: 9fd59d01 ($11.69 in chips)
Seat 3: c01f46ff ($9.37 in chips)
Seat 4: d65fc92d ($10.72 in chips)
Seat 5: a2dc2dd5 ($8.84 in chips)
Seat 6: d5db1d43 ($10.09 in chips)
c01f46ff: posts small blind $0.05
d65fc92d: posts big blind $0.1
*** HOLE CARDS ***
Dealt to Hero [3d 6d]
Dealt to 9fd59d01 
Dealt to c01f46ff 
Dealt to d65fc92d 
Dealt to a2dc2dd5 
Dealt to d5db1d43 
a2dc2dd5: folds
d5db1d43: folds
Hero: folds
9fd59d01: raises $0.15 to $0.25
c01f46ff: folds
d65fc92d: folds
Uncalled bet ($0.15) returned to 9fd59d01
*** SHOWDOWN ***
9fd59d01 collected $0.25 from pot
*** SUMMARY ***
Total pot $0.25 | Rake $0 | Jackpot $0 | Bingo $0 | Fortune $0 | Tax $0
Seat 1: Hero folded before Flop (didn't bet)
Seat 2: 9fd59d01 (button) collected ($0.25)
Seat 3: c01f46ff (small blind) folded before Flop
Seat 4: d65fc92d (big blind) folded before Flop
Seat 5: a2dc2dd5 folded before Flop (didn't bet)
Seat 6: d5db1d43 folded before Flop (didn't bet)


Poker Hand #HD1757077059: Hold'em No Limit ($0.05/$0.1) - 2024/05/03 17:09:41
Table 'NLHRed48' 6-max Seat #1 is the button
Seat 1: Hero ($10.7 in chips)
Seat 2: 9fd59d01 ($11.74 in chips)
Seat 3: c01f46ff ($9.13 in chips)
Seat 4: d65fc92d ($10.72 in chips)
Seat 5: a2dc2dd5 ($8.84 in chips)
Seat 6: d5db1d43 ($10.3 in chips)
9fd59d01: posts small blind $0.05
c01f46ff: posts big blind $0.1
*** HOLE CARDS ***
Dealt to Hero [5c 9h]
Dealt to 9fd59d01 
Dealt to c01f46ff 
Dealt to d65fc92d 
Dealt to a2dc2dd5 
Dealt to d5db1d43 
d65fc92d: folds
a2dc2dd5: folds
d5db1d43: raises $0.11 to $0.21
Hero: folds
9fd59d01: folds
c01f46ff: calls $0.11
*** FLOP *** [2c Jc 8c]
c01f46ff: checks
d5db1d43: checks
*** TURN *** [2c Jc 8c] [Kc]
c01f46ff: checks
d5db1d43: checks
*** RIVER *** [2c Jc 8c Kc] [Qd]
c01f46ff: checks
d5db1d43: checks
c01f46ff: shows [9s Ks] (Pair of Kings)
d5db1d43: shows [Th Td] (Pair of Tens)
*** SHOWDOWN ***
c01f46ff collected $0.45 from pot
*** SUMMARY ***
Total pot $0.47 | Rake $0.02 | Jackpot $0 | Bingo $0 | Fortune $0 | Tax $0
Board [2c Jc 8c Kc Qd]
Seat 1: Hero (button) folded before Flop (didn't bet)
Seat 2: 9fd59d01 (small blind) folded before Flop
Seat 3: c01f46ff (big blind) showed [9s Ks] and won ($0.45) with Pair of Kings
Seat 4: d65fc92d folded before Flop (didn't bet)
Seat 5: a2dc2dd5 folded before Flop (didn't bet)
Seat 6: d5db1d43 showed [Th Td] and lost with Pair of Tens


Poker Hand #HD1757077005: Hold'em No Limit ($0.05/$0.1) - 2024/05/03 17:09:21
Table 'NLHRed48' 6-max Seat #6 is the button
Seat 1: Hero ($10.75 in chips)
Seat 2: 9fd59d01 ($11.84 in chips)
Seat 3: c01f46ff ($9.13 in chips)
Seat 4: d65fc92d ($10.72 in chips)
Seat 5: a2dc2dd5 ($8.84 in chips)
Seat 6: d5db1d43 ($10.15 in chips)
Hero: posts small blind $0.05
9fd59d01: posts big blind $0.1
*** HOLE CARDS ***
Dealt to Hero [8s 4c]
Dealt to 9fd59d01 
Dealt to c01f46ff 
Dealt to d65fc92d 
Dealt to a2dc2dd5 
Dealt to d5db1d43 
c01f46ff: folds
d65fc92d: folds
a2dc2dd5: folds
d5db1d43: raises $0.11 to $0.21
Hero: folds
9fd59d01: folds
Uncalled bet ($0.11) returned to d5db1d43
*** SHOWDOWN ***
d5db1d43 collected $0.25 from pot
*** SUMMARY ***
Total pot $0.25 | Rake $0 | Jackpot $0 | Bingo $0 | Fortune $0 | Tax $0
Seat 1: Hero (small blind) folded before Flop
Seat 2: 9fd59d01 (big blind) folded before Flop
Seat 3: c01f46ff folded before Flop (didn't bet)
Seat 4: d65fc92d folded before Flop (didn't bet)
Seat 5: a2dc2dd5 folded before Flop (didn't bet)
Seat 6: d5db1d43 (button) collected ($0.25)


Poker Hand #HD1757076962: Hold'em No Limit ($0.05/$0.1) - 2024/05/03 17:09:03
Table 'NLHRed48' 6-max Seat #5 is the button
Seat 1: Hero ($10.85 in chips)
Seat 2: 9fd59d01 ($11.84 in chips)
Seat 3: c01f46ff ($9.13 in chips)
Seat 4: d65fc92d ($10.57 in chips)
Seat 5: a2dc2dd5 ($8.84 in chips)
Seat 6: d5db1d43 ($10.2 in chips)
d5db1d43: posts small blind $0.05
Hero: posts big blind $0.1
*** HOLE CARDS ***
Dealt to Hero [8s 5h]
Dealt to 9fd59d01 
Dealt to c01f46ff 
Dealt to d65fc92d 
Dealt to a2dc2dd5 
Dealt to d5db1d43 
9fd59d01: folds
c01f46ff: folds
d65fc92d: raises $0.15 to $0.25
a2dc2dd5: folds
d5db1d43: folds
Hero: folds
Uncalled bet ($0.15) returned to d65fc92d
*** SHOWDOWN ***
d65fc92d collected $0.25 from pot
*** SUMMARY ***
Total pot $0.25 | Rake $0 | Jackpot $0 | Bingo $0 | Fortune $0 | Tax $0
Seat 1: Hero (big blind) folded before Flop
Seat 2: 9fd59d01 folded before Flop (didn't bet)
Seat 3: c01f46ff folded before Flop (didn't bet)
Seat 4: d65fc92d collected ($0.25)
Seat 5: a2dc2dd5 (button) folded before Flop (didn't bet)
Seat 6: d5db1d43 (small blind) folded before Flop


Poker Hand #HD1757076910: Hold'em No Limit ($0.05/$0.1) - 2024/05/03 17:08:43
Table 'NLHRed48' 6-max Seat #4 is the button
Seat 1: Hero ($10.85 in chips)
Seat 2: 9fd59d01 ($11.84 in chips)
Seat 3: c01f46ff ($9.13 in chips)
Seat 4: d65fc92d ($10.57 in chips)
Seat 5: a2dc2dd5 ($8.89 in chips)
Seat 6: d5db1d43 ($10.15 in chips)
a2dc2dd5: posts small blind $0.05
d5db1d43: posts big blind $0.1
*** HOLE CARDS ***
Dealt to Hero [4h 2h]
Dealt to 9fd59d01 
Dealt to c01f46ff 
Dealt to d65fc92d 
Dealt to a2dc2dd5 
Dealt to d5db1d43 
Hero: folds
9fd59d01: folds
c01f46ff: folds
d65fc92d: folds
a2dc2dd5: folds
Uncalled bet ($0.05) returned to d5db1d43
*** SHOWDOWN ***
d5db1d43 collected $0.1 from pot
*** SUMMARY ***
Total pot $0.1 | Rake $0 | Jackpot $0 | Bingo $0 | Fortune $0 | Tax $0
Seat 1: Hero folded before Flop (didn't bet)
Seat 2: 9fd59d01 folded before Flop (didn't bet)
Seat 3: c01f46ff folded before Flop (didn't bet)
Seat 4: d65fc92d (button) folded before Flop (didn't bet)
Seat 5: a2dc2dd5 (small blind) folded before Flop
Seat 6: d5db1d43 (big blind) collected ($0.1)


Poker Hand #HD1757076877: Hold'em No Limit ($0.05/$0.1) - 2024/05/03 17:08:28
Table 'NLHRed48' 6-max Seat #3 is the button
Seat 1: Hero ($10.85 in chips)
Seat 2: 9fd59d01 ($11.84 in chips)
Seat 3: c01f46ff ($9.13 in chips)
Seat 4: d65fc92d ($10.62 in chips)
Seat 5: a2dc2dd5 ($8.99 in chips)
Seat 6: d5db1d43 ($10 in chips)
d65fc92d: posts small blind $0.05
a2dc2dd5: posts big blind $0.1
*** HOLE CARDS ***
Dealt to Hero [4c 5d]
Dealt to 9fd59d01 
Dealt to c01f46ff 
Dealt to d65fc92d 
Dealt to a2dc2dd5 
Dealt to d5db1d43 
d5db1d43: raises $0.11 to $0.21
Hero: folds
9fd59d01: folds
c01f46ff: folds
d65fc92d: folds
a2dc2dd5: folds
Uncalled bet ($0.11) returned to d5db1d43
*** SHOWDOWN ***
d5db1d43 collected $0.25 from pot
*** SUMMARY ***
Total pot $0.25 | Rake $0 | Jackpot $0 | Bingo $0 | Fortune $0 | Tax $0
Seat 1: Hero folded before Flop (didn't bet)
Seat 2: 9fd59d01 folded before Flop (didn't bet)
Seat 3: c01f46ff (button) folded before Flop (didn't bet)
Seat 4: d65fc92d (small blind) folded before Flop
Seat 5: a2dc2dd5 (big blind) folded before Flop
Seat 6: d5db1d43 collected ($0.25)


Poker Hand #HD1757076863: Hold'em No Limit ($0.05/$0.1) - 2024/05/03 17:08:19
Table 'NLHRed48' 6-max Seat #2 is the button
Seat 1: Hero ($10.85 in chips)
Seat 2: 9fd59d01 ($11.84 in chips)
Seat 3: c01f46ff ($9.18 in chips)
Seat 4: d65fc92d ($10.57 in chips)
Seat 5: a2dc2dd5 ($8.99 in chips)
Seat 6: d5db1d43 ($10 in chips)
c01f46ff: posts small blind $0.05
d65fc92d: posts big blind $0.1
*** HOLE CARDS ***
Dealt to Hero [4d 3h]
Dealt to 9fd59d01 
Dealt to c01f46ff 
Dealt to d65fc92d 
Dealt to a2dc2dd5 
Dealt to d5db1d43 
a2dc2dd5: folds
d5db1d43: folds
Hero: folds
9fd59d01: folds
c01f46ff: folds
Uncalled bet ($0.05) returned to d65fc92d
*** SHOWDOWN ***
d65fc92d collected $0.1 from pot
*** SUMMARY ***
Total pot $0.1 | Rake $0 | Jackpot $0 | Bingo $0 | Fortune $0 | Tax $0
Seat 1: Hero folded before Flop (didn't bet)
Seat 2: 9fd59d01 (button) folded before Flop (didn't bet)
Seat 3: c01f46ff (small blind) folded before Flop
Seat 4: d65fc92d (big blind) collected ($0.1)
Seat 5: a2dc2dd5 folded before Flop (didn't bet)
Seat 6: d5db1d43 folded before Flop (didn't bet)


Poker Hand #HD1757076784: Hold'em No Limit ($0.05/$0.1) - 2024/05/03 17:07:42
Table 'NLHRed48' 6-max Seat #1 is the button
Seat 1: Hero ($10.85 in chips)
Seat 2: 9fd59d01 ($11.89 in chips)
Seat 3: c01f46ff ($8.9 in chips)
Seat 4: d65fc92d ($10.57 in chips)
Seat 5: a2dc2dd5 ($9.24 in chips)
Seat 6: d5db1d43 ($10 in chips)
9fd59d01: posts small blind $0.05
c01f46ff: posts big blind $0.1
*** HOLE CARDS ***
Dealt to Hero [5s 9s]
Dealt to 9fd59d01 
Dealt to c01f46ff 
Dealt to d65fc92d 
Dealt to a2dc2dd5 
Dealt to d5db1d43 
d65fc92d: folds
a2dc2dd5: raises $0.15 to $0.25
d5db1d43: folds
Hero: folds
9fd59d01: folds
c01f46ff: calls $0.15
*** FLOP *** [Th 3c As]
c01f46ff: checks
a2dc2dd5: checks
*** TURN *** [Th 3c As] [3s]
c01f46ff: bets $0.42
a2dc2dd5: folds
Uncalled bet ($0.42) returned to c01f46ff
*** SHOWDOWN ***
c01f46ff collected $0.53 from pot
*** SUMMARY ***
Total pot $0.55 | Rake $0.02 | Jackpot $0 | Bingo $0 | Fortune $0 | Tax $0
Board [Th 3c As 3s]
Seat 1: Hero (button) folded before Flop (didn't bet)
Seat 2: 9fd59d01 (small blind) folded before Flop
Seat 3: c01f46ff (big blind) won ($0.53)
Seat 4: d65fc92d folded before Flop (didn't bet)
Seat 5: a2dc2dd5 folded on the Turn
Seat 6: d5db1d43 folded before Flop (didn't bet)


Poker Hand #HD1757076709: Hold'em No Limit ($0.05/$0.1) - 2024/05/03 17:07:10
Table 'NLHRed48' 6-max Seat #6 is the button
Seat 1: Hero ($10.9 in chips)
Seat 2: 9fd59d01 ($11.99 in chips)
Seat 3: c01f46ff ($8.9 in chips)
Seat 4: d65fc92d ($10.15 in chips)
Seat 5: a2dc2dd5 ($9.54 in chips)
Seat 6: d5db1d43 ($10 in chips)
Hero: posts small blind $0.05
9fd59d01: posts big blind $0.1
*** HOLE CARDS ***
Dealt to Hero [7h 8d]
Dealt to 9fd59d01 
Dealt to c01f46ff 
Dealt to d65fc92d 
Dealt to a2dc2dd5 
Dealt to d5db1d43 
c01f46ff: folds
d65fc92d: raises $0.2 to $0.3
a2dc2dd5: calls $0.3
d5db1d43: folds
Hero: folds
9fd59d01: folds
*** FLOP *** [Tc 5h Jc]
d65fc92d: bets $0.42
a2dc2dd5: folds
Uncalled bet ($0.42) returned to d65fc92d
*** SHOWDOWN ***
d65fc92d collected $0.72 from pot
*** SUMMARY ***
Total pot $0.75 | Rake $0.03 | Jackpot $0 | Bingo $0 | Fortune $0 | Tax $0
Board [Tc 5h Jc]
Seat 1: Hero (small blind) folded before Flop
Seat 2: 9fd59d01 (big blind) folded before Flop
Seat 3: c01f46ff folded before Flop (didn't bet)
Seat 4: d65fc92d won ($0.72)
Seat 5: a2dc2dd5 folded on the Flop
Seat 6: d5db1d43 (button) folded before Flop (didn't bet)


Poker Hand #HD1757076642: Hold'em No Limit ($0.05/$0.1) - 2024/05/03 17:06:39
Table 'NLHRed48' 6-max Seat #5 is the button
Seat 1: Hero ($11 in chips)
Seat 2: 9fd59d01 ($11.99 in chips)
Seat 3: c01f46ff ($8.9 in chips)
Seat 4: d65fc92d ($10 in chips)
Seat 5: a2dc2dd5 ($9.54 in chips)
Seat 6: d5db1d43 ($10.05 in chips)
d5db1d43: posts small blind $0.05
Hero: posts big blind $0.1
*** HOLE CARDS ***
Dealt to Hero [5c 4s]
Dealt to 9fd59d01 
Dealt to c01f46ff 
Dealt to d65fc92d 
Dealt to a2dc2dd5 
Dealt to d5db1d43 
9fd59d01: folds
c01f46ff: folds
d65fc92d: raises $0.15 to $0.25
a2dc2dd5: folds
d5db1d43: folds
Hero: folds
Uncalled bet ($0.15) returned to d65fc92d
*** SHOWDOWN ***
d65fc92d collected $0.25 from pot
*** SUMMARY ***
Total pot $0.25 | Rake $0 | Jackpot $0 | Bingo $0 | Fortune $0 | Tax $0
Seat 1: Hero (big blind) folded before Flop
Seat 2: 9fd59d01 folded before Flop (didn't bet)
Seat 3: c01f46ff folded before Flop (didn't bet)
Seat 4: d65fc92d collected ($0.25)
Seat 5: a2dc2dd5 (button) folded before Flop (didn't bet)
Seat 6: d5db1d43 (small blind) folded before Flop


Poker Hand #HD1757076574: Hold'em No Limit ($0.05/$0.1) - 2024/05/03 17:06:09
Table 'NLHRed48' 6-max Seat #4 is the button
Seat 1: Hero ($11 in chips)
Seat 2: 9fd59d01 ($11.99 in chips)
Seat 3: c01f46ff ($8.9 in chips)
Seat 4: d65fc92d ($10 in chips)
Seat 5: a2dc2dd5 ($9.45 in chips)
Seat 6: d5db1d43 ($10.15 in chips)
a2dc2dd5: posts small blind $0.05
d5db1d43: posts big blind $0.1
*** HOLE CARDS ***
Dealt to Hero [7s 3h]
Dealt to 9fd59d01 
Dealt to c01f46ff 
Dealt to d65fc92d 
Dealt to a2dc2dd5 
Dealt to d5db1d43 
Hero: folds
9fd59d01: folds
c01f46ff: folds
d65fc92d: folds
a2dc2dd5: calls $0.05
d5db1d43: checks
*** FLOP *** [6h 2d 6c]
a2dc2dd5: checks
d5db1d43: checks
*** TURN *** [6h 2d 6c] [9d]
a2dc2dd5: checks
d5db1d43: checks
*** RIVER *** [6h 2d 6c 9d] [Kh]
a2dc2dd5: bets $0.16
d5db1d43: folds
Uncalled bet ($0.16) returned to a2dc2dd5
*** SHOWDOWN ***
a2dc2dd5 collected $0.19 from pot
*** SUMMARY ***
Total pot $0.2 | Rake $0.01 | Jackpot $0 | Bingo $0 | Fortune $0 | Tax $0
Board [6h 2d 6c 9d Kh]
Seat 1: Hero folded before Flop (didn't bet)
Seat 2: 9fd59d01 folded before Flop (didn't bet)
Seat 3: c01f46ff folded before Flop (didn't bet)
Seat 4: d65fc92d (button) folded before Flop (didn't bet)
Seat 5: a2dc2dd5 (small blind) won ($0.19)
Seat 6: d5db1d43 (big blind) folded on the River


Poker Hand #HD1757076532: Hold'em No Limit ($0.05/$0.1) - 2024/05/03 17:05:52
Table 'NLHRed48' 6-max Seat #3 is the button
Seat 1: Hero ($10.85 in chips)
Seat 2: 9fd59d01 ($11.99 in chips)
Seat 3: c01f46ff ($8.9 in chips)
Seat 4: d65fc92d ($10 in chips)
Seat 5: a2dc2dd5 ($9.55 in chips)
Seat 6: d5db1d43 ($10.15 in chips)
d65fc92d: posts small blind $0.05
a2dc2dd5: posts big blind $0.1
*** HOLE CARDS ***
Dealt to Hero [Ad 9d]
Dealt to 9fd59d01 
Dealt to c01f46ff 
Dealt to d65fc92d 
Dealt to a2dc2dd5 
Dealt to d5db1d43 
d5db1d43: folds
Hero: raises $0.1 to $0.2
9fd59d01: folds
c01f46ff: folds
d65fc92d: folds
a2dc2dd5: folds
Uncalled bet ($0.1) returned to Hero
*** SHOWDOWN ***
Hero collected $0.25 from pot
*** SUMMARY ***
Total pot $0.25 | Rake $0 | Jackpot $0 | Bingo $0 | Fortune $0 | Tax $0
Seat 1: Hero collected ($0.25)
Seat 2: 9fd59d01 folded before Flop (didn't bet)
Seat 3: c01f46ff (button) folded before Flop (didn't bet)
Seat 4: d65fc92d (small blind) folded before Flop
Seat 5: a2dc2dd5 (big blind) folded before Flop
Seat 6: d5db1d43 folded before Flop (didn't bet)


Poker Hand #HD1757076469: Hold'em No Limit ($0.05/$0.1) - 2024/05/03 17:05:18
Table 'NLHRed48' 6-max Seat #2 is the button
Seat 1: Hero ($10.85 in chips)
Seat 2: 9fd59d01 ($11.99 in chips)
Seat 3: c01f46ff ($8.95 in chips)
Seat 4: d65fc92d ($10 in chips)
Seat 5: a2dc2dd5 ($9.55 in chips)
Seat 6: d5db1d43 ($10 in chips)
c01f46ff: posts small blind $0.05
d65fc92d: posts big blind $0.1
*** HOLE CARDS ***
Dealt to Hero [4d 4h]
Dealt to 9fd59d01 
Dealt to c01f46ff 
Dealt to d65fc92d 
Dealt to a2dc2dd5 
Dealt to d5db1d43 
a2dc2dd5: folds
d5db1d43: raises $0.12 to $0.22
Hero: folds
9fd59d01: folds
c01f46ff: folds
d65fc92d: folds
Uncalled bet ($0.12) returned to d5db1d43
*** SHOWDOWN ***
d5db1d43 collected $0.25 from pot
*** SUMMARY ***
Total pot $0.25 | Rake $0 | Jackpot $0 | Bingo $0 | Fortune $0 | Tax $0
Seat 1: Hero folded before Flop (didn't bet)
Seat 2: 9fd59d01 (button) folded before Flop (didn't bet)
Seat 3: c01f46ff (small blind) folded before Flop
Seat 4: d65fc92d (big blind) folded before Flop
Seat 5: a2dc2dd5 folded before Flop (didn't bet)
Seat 6: d5db1d43 collected ($0.25)


Poker Hand #HD1757076443: Hold'em No Limit ($0.05/$0.1) - 2024/05/03 17:05:05
Table 'NLHRed48' 6-max Seat #1 is the button
Seat 1: Hero ($10.85 in chips)
Seat 2: 9fd59d01 ($11.89 in chips)
Seat 3: c01f46ff ($9.05 in chips)
Seat 5: a2dc2dd5 ($9.55 in chips)
Seat 6: d5db1d43 ($10 in chips)
9fd59d01: posts small blind $0.05
c01f46ff: posts big blind $0.1
*** HOLE CARDS ***
Dealt to Hero [Ts 6h]
Dealt to 9fd59d01 
Dealt to c01f46ff 
Dealt to a2dc2dd5 
Dealt to d5db1d43 
a2dc2dd5: folds
d5db1d43: folds
Hero: folds
9fd59d01: raises $0.15 to $0.25
c01f46ff: folds
Uncalled bet ($0.15) returned to 9fd59d01
*** SHOWDOWN ***
9fd59d01 collected $0.2 from pot
*** SUMMARY ***
Total pot $0.2 | Rake $0 | Jackpot $0 | Bingo $0 | Fortune $0 | Tax $0
Seat 1: Hero (button) folded before Flop (didn't bet)
Seat 2: 9fd59d01 (small blind) collected ($0.2)
Seat 3: c01f46ff (big blind) folded before Flop
Seat 5: a2dc2dd5 folded before Flop (didn't bet)
Seat 6: d5db1d43 folded before Flop (didn't bet)


Poker Hand #HD1757076418: Hold'em No Limit ($0.05/$0.1) - 2024/05/03 17:04:57
Table 'NLHRed48' 6-max Seat #6 is the button
Seat 1: Hero ($10.9 in chips)
Seat 2: 9fd59d01 ($11.84 in chips)
Seat 3: c01f46ff ($9.05 in chips)
Seat 5: a2dc2dd5 ($9.55 in chips)
Seat 6: d5db1d43 ($10 in chips)
Hero: posts small blind $0.05
9fd59d01: posts big blind $0.1
*** HOLE CARDS ***
Dealt to Hero [2s 9d]
Dealt to 9fd59d01 
Dealt to c01f46ff 
Dealt to a2dc2dd5 
Dealt to d5db1d43 
c01f46ff: folds
a2dc2dd5: folds
d5db1d43: folds
Hero: folds
Uncalled bet ($0.05) returned to 9fd59d01
*** SHOWDOWN ***
9fd59d01 collected $0.1 from pot
*** SUMMARY ***
Total pot $0.1 | Rake $0 | Jackpot $0 | Bingo $0 | Fortune $0 | Tax $0
Seat 1: Hero (small blind) folded before Flop
Seat 2: 9fd59d01 (big blind) collected ($0.1)
Seat 3: c01f46ff folded before Flop (didn't bet)
Seat 5: a2dc2dd5 folded before Flop (didn't bet)
Seat 6: d5db1d43 (button) folded before Flop (didn't bet)


Poker Hand #HD1757076395: Hold'em No Limit ($0.05/$0.1) - 2024/05/03 17:04:49
Table 'NLHRed48' 6-max Seat #5 is the button
Seat 1: Hero ($10.85 in chips)
Seat 2: 9fd59d01 ($11.84 in chips)
Seat 3: c01f46ff ($9.05 in chips)
Seat 5: a2dc2dd5 ($9.55 in chips)
Seat 6: d5db1d43 ($10.05 in chips)
d5db1d43: posts small blind $0.05
Hero: posts big blind $0.1
*** HOLE CARDS ***
Dealt to Hero [7c Jc]
Dealt to 9fd59d01 
Dealt to c01f46ff 
Dealt to a2dc2dd5 
Dealt to d5db1d43 
9fd59d01: folds
c01f46ff: folds
a2dc2dd5: folds
d5db1d43: folds
Uncalled bet ($0.05) returned to Hero
*** SHOWDOWN ***
Hero collected $0.1 from pot
*** SUMMARY ***
Total pot $0.1 | Rake $0 | Jackpot $0 | Bingo $0 | Fortune $0 | Tax $0
Seat 1: Hero (big blind) collected ($0.1)
Seat 2: 9fd59d01 folded before Flop (didn't bet)
Seat 3: c01f46ff folded before Flop (didn't bet)
Seat 5: a2dc2dd5 (button) folded before Flop (didn't bet)
Seat 6: d5db1d43 (small blind) folded before Flop


Poker Hand #HD1757076345: Hold'em No Limit ($0.05/$0.1) - 2024/05/03 17:04:26
Table 'NLHRed48' 6-max Seat #3 is the button
Seat 1: Hero ($10.85 in chips)
Seat 2: 9fd59d01 ($11.84 in chips)
Seat 3: c01f46ff ($9.05 in chips)
Seat 5: a2dc2dd5 ($9.6 in chips)
Seat 6: d5db1d43 ($10 in chips)
a2dc2dd5: posts small blind $0.05
d5db1d43: posts big blind $0.1
*** HOLE CARDS ***
Dealt to Hero [5h Qh]
Dealt to 9fd59d01 
Dealt to c01f46ff 
Dealt to a2dc2dd5 
Dealt to d5db1d43 
Hero: folds
9fd59d01: folds
c01f46ff: folds
a2dc2dd5: folds
Uncalled bet ($0.05) returned to d5db1d43
*** SHOWDOWN ***
d5db1d43 collected $0.1 from pot
*** SUMMARY ***
Total pot $0.1 | Rake $0 | Jackpot $0 | Bingo $0 | Fortune $0 | Tax $0
Seat 1: Hero folded before Flop (didn't bet)
Seat 2: 9fd59d01 folded before Flop (didn't bet)
Seat 3: c01f46ff (button) folded before Flop (didn't bet)
Seat 5: a2dc2dd5 (small blind) folded before Flop
Seat 6: d5db1d43 (big blind) collected ($0.1)


Poker Hand #HD1757076307: Hold'em No Limit ($0.05/$0.1) - 2024/05/03 17:04:07
Table 'NLHRed48' 6-max Seat #2 is the button
Seat 1: Hero ($10.85 in chips)
Seat 2: 9fd59d01 ($11.69 in chips)
Seat 3: c01f46ff ($9.1 in chips)
Seat 5: a2dc2dd5 ($9.7 in chips)
Seat 6: d5db1d43 ($10 in chips)
c01f46ff: posts small blind $0.05
a2dc2dd5: posts big blind $0.1
*** HOLE CARDS ***
Dealt to Hero [7c 9h]
Dealt to 9fd59d01 
Dealt to c01f46ff 
Dealt to a2dc2dd5 
Dealt to d5db1d43 
d5db1d43: folds
Hero: folds
9fd59d01: raises $0.15 to $0.25
c01f46ff: folds
a2dc2dd5: folds
Uncalled bet ($0.15) returned to 9fd59d01
*** SHOWDOWN ***
9fd59d01 collected $0.25 from pot
*** SUMMARY ***
Total pot $0.25 | Rake $0 | Jackpot $0 | Bingo $0 | Fortune $0 | Tax $0
Seat 1: Hero folded before Flop (didn't bet)
Seat 2: 9fd59d01 (button) collected ($0.25)
Seat 3: c01f46ff (small blind) folded before Flop
Seat 5: a2dc2dd5 (big blind) folded before Flop
Seat 6: d5db1d43 folded before Flop (didn't bet)


Poker Hand #HD1757076267: Hold'em No Limit ($0.05/$0.1) - 2024/05/03 17:03:47
Table 'NLHRed48' 6-max Seat #1 is the button
Seat 1: Hero ($10.85 in chips)
Seat 2: 9fd59d01 ($11.74 in chips)
Seat 3: c01f46ff ($9.2 in chips)
Seat 4: 83691b0a ($9.01 in chips)
Seat 5: a2dc2dd5 ($9.55 in chips)
Seat 6: d5db1d43 ($10 in chips)
9fd59d01: posts small blind $0.05
c01f46ff: posts big blind $0.1
*** HOLE CARDS ***
Dealt to Hero [Qh 7h]
Dealt to 9fd59d01 
Dealt to c01f46ff 
Dealt to 83691b0a 
Dealt to a2dc2dd5 
Dealt to d5db1d43 
83691b0a: folds
a2dc2dd5: raises $0.15 to $0.25
d5db1d43: folds
Hero: folds
9fd59d01: folds
c01f46ff: folds
Uncalled bet ($0.15) returned to a2dc2dd5
*** SHOWDOWN ***
a2dc2dd5 collected $0.25 from pot
*** SUMMARY ***
Total pot $0.25 | Rake $0 | Jackpot $0 | Bingo $0 | Fortune $0 | Tax $0
Seat 1: Hero (button) folded before Flop (didn't bet)
Seat 2: 9fd59d01 (small blind) folded before Flop
Seat 3: c01f46ff (big blind) folded before Flop
Seat 4: 83691b0a folded before Flop (didn't bet)
Seat 5: a2dc2dd5 collected ($0.25)
Seat 6: d5db1d43 folded before Flop (didn't bet)


Poker Hand #HD1757076191: Hold'em No Limit ($0.05/$0.1) - 2024/05/03 17:03:13
Table 'NLHRed48' 6-max Seat #6 is the button
Seat 1: Hero ($10.4 in chips)
Seat 2: 9fd59d01 ($12.24 in chips)
Seat 3: c01f46ff ($9.2 in chips)
Seat 4: 83691b0a ($9.01 in chips)
Seat 5: a2dc2dd5 ($9.55 in chips)
Seat 6: d5db1d43 ($10 in chips)
Hero: posts small blind $0.05
9fd59d01: posts big blind $0.1
*** HOLE CARDS ***
Dealt to Hero [Kh Th]
Dealt to 9fd59d01 
Dealt to c01f46ff 
Dealt to 83691b0a 
Dealt to a2dc2dd5 
Dealt to d5db1d43 
c01f46ff: folds
83691b0a: folds
a2dc2dd5: folds
d5db1d43: folds
Hero: raises $0.2 to $0.3
9fd59d01: calls $0.2
*** FLOP *** [9c 2h Ts]
Hero: bets $0.2
9fd59d01: calls $0.2
*** TURN *** [9c 2h Ts] [3c]
Hero: bets $0.66
9fd59d01: folds
Uncalled bet ($0.66) returned to Hero
*** SHOWDOWN ***
Hero collected $0.95 from pot
*** SUMMARY ***
Total pot $1 | Rake $0.05 | Jackpot $0 | Bingo $0 | Fortune $0 | Tax $0
Board [9c 2h Ts 3c]
Seat 1: Hero (small blind) won ($0.95)
Seat 2: 9fd59d01 (big blind) folded on the Turn
Seat 3: c01f46ff folded before Flop (didn't bet)
Seat 4: 83691b0a folded before Flop (didn't bet)
Seat 5: a2dc2dd5 folded before Flop (didn't bet)
Seat 6: d5db1d43 (button) folded before Flop (didn't bet)


Poker Hand #HD1757076154: Hold'em No Limit ($0.05/$0.1) - 2024/05/03 17:02:53
Table 'NLHRed48' 6-max Seat #5 is the button
Seat 1: Hero ($10.5 in chips)
Seat 2: 9fd59d01 ($12.24 in chips)
Seat 3: c01f46ff ($9.05 in chips)
Seat 4: 83691b0a ($9.01 in chips)
Seat 5: a2dc2dd5 ($9.55 in chips)
Seat 6: d5db1d43 ($10.05 in chips)
d5db1d43: posts small blind $0.05
Hero: posts big blind $0.1
*** HOLE CARDS ***
Dealt to Hero [Td 6d]
Dealt to 9fd59d01 
Dealt to c01f46ff 
Dealt to 83691b0a 
Dealt to a2dc2dd5 
Dealt to d5db1d43 
9fd59d01: folds
c01f46ff: raises $0.15 to $0.25
83691b0a: folds
a2dc2dd5: folds
d5db1d43: folds
Hero: folds
Uncalled bet ($0.15) returned to c01f46ff
*** SHOWDOWN ***
c01f46ff collected $0.25 from pot
*** SUMMARY ***
Total pot $0.25 | Rake $0 | Jackpot $0 | Bingo $0 | Fortune $0 | Tax $0
Seat 1: Hero (big blind) folded before Flop
Seat 2: 9fd59d01 folded before Flop (didn't bet)
Seat 3: c01f46ff collected ($0.25)
Seat 4: 83691b0a folded before Flop (didn't bet)
Seat 5: a2dc2dd5 (button) folded before Flop (didn't bet)
Seat 6: d5db1d43 (small blind) folded before Flop


Poker Hand #HD1757076133: Hold'em No Limit ($0.05/$0.1) - 2024/05/03 17:02:45
Table 'NLHRed48' 6-max Seat #4 is the button
Seat 1: Hero ($10.5 in chips)
Seat 2: 9fd59d01 ($12.24 in chips)
Seat 3: c01f46ff ($9.05 in chips)
Seat 4: 83691b0a ($9.01 in chips)
Seat 5: a2dc2dd5 ($9.6 in chips)
Seat 6: d5db1d43 ($10 in chips)
a2dc2dd5: posts small blind $0.05
d5db1d43: posts big blind $0.1
*** HOLE CARDS ***
Dealt to Hero [7d 6s]
Dealt to 9fd59d01 
Dealt to c01f46ff 
Dealt to 83691b0a 
Dealt to a2dc2dd5 
Dealt to d5db1d43 
Hero: folds
9fd59d01: folds
c01f46ff: folds
83691b0a: folds
a2dc2dd5: folds
Uncalled bet ($0.05) returned to d5db1d43
*** SHOWDOWN ***
d5db1d43 collected $0.1 from pot
*** SUMMARY ***
Total pot $0.1 | Rake $0 | Jackpot $0 | Bingo $0 | Fortune $0 | Tax $0
Seat 1: Hero folded before Flop (didn't bet)
Seat 2: 9fd59d01 folded before Flop (didn't bet)
Seat 3: c01f46ff folded before Flop (didn't bet)
Seat 4: 83691b0a (button) folded before Flop (didn't bet)
Seat 5: a2dc2dd5 (small blind) folded before Flop
Seat 6: d5db1d43 (big blind) collected ($0.1)


Poker Hand #HD1757076017: Hold'em No Limit ($0.05/$0.1) - 2024/05/03 17:01:45
Table 'NLHRed48' 6-max Seat #3 is the button
Seat 1: Hero ($10.5 in chips)
Seat 2: 9fd59d01 ($11.37 in chips)
Seat 3: c01f46ff ($9.3 in chips)
Seat 4: 83691b0a ($9.06 in chips)
Seat 5: a2dc2dd5 ($10.25 in chips)
Seat 6: d5db1d43 ($10 in chips)
83691b0a: posts small blind $0.05
a2dc2dd5: posts big blind $0.1
*** HOLE CARDS ***
Dealt to Hero [9c Qs]
Dealt to 9fd59d01 
Dealt to c01f46ff 
Dealt to 83691b0a 
Dealt to a2dc2dd5 
Dealt to d5db1d43 
d5db1d43: folds
Hero: folds
9fd59d01: raises $0.15 to $0.25
c01f46ff: calls $0.25
83691b0a: folds
a2dc2dd5: calls $0.15
*** FLOP *** [Ac Qh Jc]
a2dc2dd5: checks
9fd59d01: checks
c01f46ff: checks
*** TURN *** [Ac Qh Jc] [5c]
a2dc2dd5: checks
9fd59d01: bets $0.4
c01f46ff: folds
a2dc2dd5: calls $0.4
*** RIVER *** [Ac Qh Jc 5c] [Kd]
a2dc2dd5: checks
9fd59d01: checks
a2dc2dd5: shows [2s As] (Pair of Aces)
9fd59d01: shows [Ah Jh] (Pair of Aces and Pair of Jacks)
*** SHOWDOWN ***
9fd59d01 collected $1.52 from pot
*** SUMMARY ***
Total pot $1.6 | Rake $0.08 | Jackpot $0 | Bingo $0 | Fortune $0 | Tax $0
Board [Ac Qh Jc 5c Kd]
Seat 1: Hero folded before Flop (didn't bet)
Seat 2: 9fd59d01 showed [Ah Jh] and won ($1.52) with Pair of Aces and Pair of Jacks
Seat 3: c01f46ff (button) folded on the Turn
Seat 4: 83691b0a (small blind) folded before Flop
Seat 5: a2dc2dd5 (big blind) showed [2s As] and lost with Pair of Aces
Seat 6: d5db1d43 folded before Flop (didn't bet)


Poker Hand #HD1757075950: Hold'em No Limit ($0.05/$0.1) - 2024/05/03 17:01:07
Table 'NLHRed48' 6-max Seat #2 is the button
Seat 1: Hero ($10.5 in chips)
Seat 2: 9fd59d01 ($10.59 in chips)
Seat 3: c01f46ff ($9.35 in chips)
Seat 4: 83691b0a ($9.16 in chips)
Seat 5: a2dc2dd5 ($10.25 in chips)
Seat 6: d5db1d43 ($10.08 in chips)
c01f46ff: posts small blind $0.05
83691b0a: posts big blind $0.1
*** HOLE CARDS ***
Dealt to Hero [3d 8c]
Dealt to 9fd59d01 
Dealt to c01f46ff 
Dealt to 83691b0a 
Dealt to a2dc2dd5 
Dealt to d5db1d43 
a2dc2dd5: folds
d5db1d43: raises $0.11 to $0.21
Hero: folds
9fd59d01: raises $0.49 to $0.7
c01f46ff: folds
83691b0a: folds
d5db1d43: calls $0.49
*** FLOP *** [2s 7c Kh]
d5db1d43: checks
9fd59d01: bets $0.52
d5db1d43: folds
Uncalled bet ($0.52) returned to 9fd59d01
*** SHOWDOWN ***
9fd59d01 collected $1.48 from pot
*** SUMMARY ***
Total pot $1.55 | Rake $0.07 | Jackpot $0 | Bingo $0 | Fortune $0 | Tax $0
Board [2s 7c Kh]
Seat 1: Hero folded before Flop (didn't bet)
Seat 2: 9fd59d01 (button) won ($1.48)
Seat 3: c01f46ff (small blind) folded before Flop
Seat 4: 83691b0a (big blind) folded before Flop
Seat 5: a2dc2dd5 folded before Flop (didn't bet)
Seat 6: d5db1d43 folded on the Flop


Poker Hand #HD1757075825: Hold'em No Limit ($0.05/$0.1) - 2024/05/03 17:00:08
Table 'NLHRed48' 6-max Seat #1 is the button
Seat 1: Hero ($10.5 in chips)
Seat 2: 9fd59d01 ($10 in chips)
Seat 3: c01f46ff ($10 in chips)
Seat 4: 83691b0a ($9.16 in chips)
Seat 5: a2dc2dd5 ($10.25 in chips)
Seat 6: d5db1d43 ($10.08 in chips)
9fd59d01: posts small blind $0.05
c01f46ff: posts big blind $0.1
*** HOLE CARDS ***
Dealt to Hero [Qc 7s]
Dealt to 9fd59d01 
Dealt to c01f46ff 
Dealt to 83691b0a 
Dealt to a2dc2dd5 
Dealt to d5db1d43 
83691b0a: folds
a2dc2dd5: folds
d5db1d43: folds
Hero: folds
9fd59d01: raises $0.15 to $0.25
c01f46ff: calls $0.15
*** FLOP *** [Kd 7h 4s]
9fd59d01: checks
c01f46ff: checks
*** TURN *** [Kd 7h 4s] [8h]
9fd59d01: bets $0.4
c01f46ff: calls $0.4
*** RIVER *** [Kd 7h 4s 8h] [2s]
9fd59d01: bets $1.95
c01f46ff: folds
Uncalled bet ($1.95) returned to 9fd59d01
*** SHOWDOWN ***
9fd59d01 collected $1.24 from pot
*** SUMMARY ***
Total pot $1.3 | Rake $0.06 | Jackpot $0 | Bingo $0 | Fortune $0 | Tax $0
Board [Kd 7h 4s 8h 2s]
Seat 1: Hero (button) folded before Flop (didn't bet)
Seat 2: 9fd59d01 (small blind) won ($1.24)
Seat 3: c01f46ff (big blind) folded on the River
Seat 4: 83691b0a folded before Flop (didn't bet)
Seat 5: a2dc2dd5 folded before Flop (didn't bet)
Seat 6: d5db1d43 folded before Flop (didn't bet)


Poker Hand #HD1757075803: Hold'em No Limit ($0.05/$0.1) - 2024/05/03 16:59:55
Table 'NLHRed48' 6-max Seat #6 is the button
Seat 1: Hero ($10.55 in chips)
Seat 2: 9fd59d01 ($10 in chips)
Seat 4: 83691b0a ($9.16 in chips)
Seat 5: a2dc2dd5 ($10.1 in chips)
Seat 6: d5db1d43 ($10.08 in chips)
Hero: posts small blind $0.05
9fd59d01: posts big blind $0.1
*** HOLE CARDS ***
Dealt to Hero [6s 6h]
Dealt to 9fd59d01 
Dealt to 83691b0a 
Dealt to a2dc2dd5 
Dealt to d5db1d43 
83691b0a: folds
a2dc2dd5: raises $0.15 to $0.25
d5db1d43: folds
Hero: folds
9fd59d01: folds
Uncalled bet ($0.15) returned to a2dc2dd5
*** SHOWDOWN ***
a2dc2dd5 collected $0.25 from pot
*** SUMMARY ***
Total pot $0.25 | Rake $0 | Jackpot $0 | Bingo $0 | Fortune $0 | Tax $0
Seat 1: Hero (small blind) folded before Flop
Seat 2: 9fd59d01 (big blind) folded before Flop
Seat 4: 83691b0a folded before Flop (didn't bet)
Seat 5: a2dc2dd5 collected ($0.25)
Seat 6: d5db1d43 (button) folded before Flop (didn't bet)


Poker Hand #HD1757075761: Hold'em No Limit ($0.05/$0.1) - 2024/05/03 16:59:32
Table 'NLHRed48' 6-max Seat #5 is the button
Seat 1: Hero ($10.65 in chips)
Seat 2: 9fd59d01 ($10 in chips)
Seat 4: 83691b0a ($9.16 in chips)
Seat 5: a2dc2dd5 ($9.95 in chips)
Seat 6: d5db1d43 ($10.13 in chips)
d5db1d43: posts small blind $0.05
Hero: posts big blind $0.1
*** HOLE CARDS ***
Dealt to Hero [4d 6s]
Dealt to 9fd59d01 
Dealt to 83691b0a 
Dealt to a2dc2dd5 
Dealt to d5db1d43 
9fd59d01: folds
83691b0a: folds
a2dc2dd5: raises $0.15 to $0.25
d5db1d43: folds
Hero: folds
Uncalled bet ($0.15) returned to a2dc2dd5
*** SHOWDOWN ***
a2dc2dd5 collected $0.25 from pot
*** SUMMARY ***
Total pot $0.25 | Rake $0 | Jackpot $0 | Bingo $0 | Fortune $0 | Tax $0
Seat 1: Hero (big blind) folded before Flop
Seat 2: 9fd59d01 folded before Flop (didn't bet)
Seat 4: 83691b0a folded before Flop (didn't bet)
Seat 5: a2dc2dd5 (button) collected ($0.25)
Seat 6: d5db1d43 (small blind) folded before Flop


Poker Hand #HD1757075720: Hold'em No Limit ($0.05/$0.1) - 2024/05/03 16:59:15
Table 'NLHRed48' 6-max Seat #4 is the button
Seat 1: Hero ($10.65 in chips)
Seat 2: 9fd59d01 ($10 in chips)
Seat 4: 83691b0a ($9.01 in chips)
Seat 5: a2dc2dd5 ($10 in chips)
Seat 6: d5db1d43 ($10.23 in chips)
a2dc2dd5: posts small blind $0.05
d5db1d43: posts big blind $0.1
*** HOLE CARDS ***
Dealt to Hero [6s Ad]
Dealt to 9fd59d01 
Dealt to 83691b0a 
Dealt to a2dc2dd5 
Dealt to d5db1d43 
Hero: folds
9fd59d01: folds
83691b0a: raises $0.4 to $0.5
a2dc2dd5: folds
d5db1d43: folds
Uncalled bet ($0.4) returned to 83691b0a
*** SHOWDOWN ***
83691b0a collected $0.25 from pot
*** SUMMARY ***
Total pot $0.25 | Rake $0 | Jackpot $0 | Bingo $0 | Fortune $0 | Tax $0
Seat 1: Hero folded before Flop (didn't bet)
Seat 2: 9fd59d01 folded before Flop (didn't bet)
Seat 4: 83691b0a (button) collected ($0.25)
Seat 5: a2dc2dd5 (small blind) folded before Flop
Seat 6: d5db1d43 (big blind) folded before Flop


Poker Hand #HD1757075690: Hold'em No Limit ($0.05/$0.1) - 2024/05/03 16:59:02
Table 'NLHRed48' 6-max Seat #2 is the button
Seat 1: Hero ($10.65 in chips)
Seat 2: 9fd59d01 ($10 in chips)
Seat 4: 83691b0a ($9.06 in chips)
Seat 5: a2dc2dd5 ($9.95 in chips)
Seat 6: d5db1d43 ($10.23 in chips)
83691b0a: posts small blind $0.05
a2dc2dd5: posts big blind $0.1
*** HOLE CARDS ***
Dealt to Hero [3s Ac]
Dealt to 9fd59d01 
Dealt to 83691b0a 
Dealt to a2dc2dd5 
Dealt to d5db1d43 
d5db1d43: folds
Hero: folds
9fd59d01: folds
83691b0a: folds
Uncalled bet ($0.05) returned to a2dc2dd5
*** SHOWDOWN ***
a2dc2dd5 collected $0.1 from pot
*** SUMMARY ***
Total pot $0.1 | Rake $0 | Jackpot $0 | Bingo $0 | Fortune $0 | Tax $0
Seat 1: Hero folded before Flop (didn't bet)
Seat 2: 9fd59d01 (button) folded before Flop (didn't bet)
Seat 4: 83691b0a (small blind) folded before Flop
Seat 5: a2dc2dd5 (big blind) collected ($0.1)
Seat 6: d5db1d43 folded before Flop (didn't bet)


Poker Hand #HD1757075651: Hold'em No Limit ($0.05/$0.1) - 2024/05/03 16:58:47
Table 'NLHRed48' 6-max Seat #1 is the button
Seat 1: Hero ($10.5 in chips)
Seat 2: 9fd59d01 ($10.05 in chips)
Seat 4: 83691b0a ($9.16 in chips)
Seat 5: a2dc2dd5 ($9.95 in chips)
Seat 6: d5db1d43 ($10.23 in chips)
9fd59d01: posts small blind $0.05
83691b0a: posts big blind $0.1
*** HOLE CARDS ***
Dealt to Hero [8d 6d]
Dealt to 9fd59d01 
Dealt to 83691b0a 
Dealt to a2dc2dd5 
Dealt to d5db1d43 
a2dc2dd5: folds
d5db1d43: folds
Hero: raises $0.14 to $0.24
9fd59d01: folds
83691b0a: folds
Uncalled bet ($0.14) returned to Hero
*** SHOWDOWN ***
Hero collected $0.25 from pot
*** SUMMARY ***
Total pot $0.25 | Rake $0 | Jackpot $0 | Bingo $0 | Fortune $0 | Tax $0
Seat 1: Hero (button) collected ($0.25)
Seat 2: 9fd59d01 (small blind) folded before Flop
Seat 4: 83691b0a (big blind) folded before Flop
Seat 5: a2dc2dd5 folded before Flop (didn't bet)
Seat 6: d5db1d43 folded before Flop (didn't bet)


Poker Hand #HD1756975630: Hold'em No Limit ($0.05/$0.1) - 2024/05/03 16:58:36
Table 'NLHRed48' 6-max Seat #6 is the button
Seat 1: Hero ($10.55 in chips)
Seat 2: 9fd59d01 ($10.15 in chips)
Seat 4: 83691b0a ($9.16 in chips)
Seat 5: a2dc2dd5 ($9.8 in chips)
Seat 6: d5db1d43 ($10.23 in chips)
Hero: posts small blind $0.05
9fd59d01: posts big blind $0.1
*** HOLE CARDS ***
Dealt to Hero [Jh 6c]
Dealt to 9fd59d01 
Dealt to 83691b0a 
Dealt to a2dc2dd5 
Dealt to d5db1d43 
83691b0a: folds
a2dc2dd5: raises $0.15 to $0.25
d5db1d43: folds
Hero: folds
9fd59d01: folds
Uncalled bet ($0.15) returned to a2dc2dd5
*** SHOWDOWN ***
a2dc2dd5 collected $0.25 from pot
*** SUMMARY ***
Total pot $0.25 | Rake $0 | Jackpot $0 | Bingo $0 | Fortune $0 | Tax $0
Seat 1: Hero (small blind) folded before Flop
Seat 2: 9fd59d01 (big blind) folded before Flop
Seat 4: 83691b0a folded before Flop (didn't bet)
Seat 5: a2dc2dd5 collected ($0.25)
Seat 6: d5db1d43 (button) folded before Flop (didn't bet)


Poker Hand #HD1756975611: Hold'em No Limit ($0.05/$0.1) - 2024/05/03 16:58:29
Table 'NLHRed48' 6-max Seat #5 is the button
Seat 1: Hero ($10.5 in chips)
Seat 2: 9fd59d01 ($10.15 in chips)
Seat 4: 83691b0a ($9.16 in chips)
Seat 5: a2dc2dd5 ($9.8 in chips)
Seat 6: d5db1d43 ($10.28 in chips)
d5db1d43: posts small blind $0.05
Hero: posts big blind $0.1
*** HOLE CARDS ***
Dealt to Hero [2s 4s]
Dealt to 9fd59d01 
Dealt to 83691b0a 
Dealt to a2dc2dd5 
Dealt to d5db1d43 
9fd59d01: folds
83691b0a: folds
a2dc2dd5: folds
d5db1d43: folds
Uncalled bet ($0.05) returned to Hero
*** SHOWDOWN ***
Hero collected $0.1 from pot
*** SUMMARY ***
Total pot $0.1 | Rake $0 | Jackpot $0 | Bingo $0 | Fortune $0 | Tax $0
Seat 1: Hero (big blind) collected ($0.1)
Seat 2: 9fd59d01 folded before Flop (didn't bet)
Seat 4: 83691b0a folded before Flop (didn't bet)
Seat 5: a2dc2dd5 (button) folded before Flop (didn't bet)
Seat 6: d5db1d43 (small blind) folded before Flop


Poker Hand #HD1756975454: Hold'em No Limit ($0.05/$0.1) - 2024/05/03 16:57:12
Table 'NLHRed48' 6-max Seat #4 is the button
Seat 1: Hero ($10.5 in chips)
Seat 2: 9fd59d01 ($10.15 in chips)
Seat 3: a63375b4 ($10.15 in chips)
Seat 4: 83691b0a ($9.36 in chips)
Seat 5: a2dc2dd5 ($9.9 in chips)
Seat 6: d5db1d43 ($10 in chips)
a2dc2dd5: posts small blind $0.05
d5db1d43: posts big blind $0.1
*** HOLE CARDS ***
Dealt to Hero [9h 4s]
Dealt to 9fd59d01 
Dealt to a63375b4 
Dealt to 83691b0a 
Dealt to a2dc2dd5 
Dealt to d5db1d43 
Hero: folds
9fd59d01: folds
a63375b4: folds
83691b0a: calls $0.1
a2dc2dd5: calls $0.05
d5db1d43: checks
*** FLOP *** [2h Kd 4c]
a2dc2dd5: checks
d5db1d43: checks
83691b0a: checks
*** TURN *** [2h Kd 4c] [Th]
a2dc2dd5: checks
d5db1d43: checks
83691b0a: checks
*** RIVER *** [2h Kd 4c Th] [5c]
a2dc2dd5: checks
d5db1d43: bets $0.1
83691b0a: calls $0.1
a2dc2dd5: folds
d5db1d43: shows [7s Ts] (Pair of Tens)
83691b0a: shows [7h 7d] (Pair of Sevens)
*** SHOWDOWN ***
d5db1d43 collected $0.48 from pot
*** SUMMARY ***
Total pot $0.5 | Rake $0.02 | Jackpot $0 | Bingo $0 | Fortune $0 | Tax $0
Board [2h Kd 4c Th 5c]
Seat 1: Hero folded before Flop (didn't bet)
Seat 2: 9fd59d01 folded before Flop (didn't bet)
Seat 3: a63375b4 folded before Flop (didn't bet)
Seat 4: 83691b0a (button) showed [7h 7d] and lost with Pair of Sevens
Seat 5: a2dc2dd5 (small blind) folded on the River
Seat 6: d5db1d43 (big blind) showed [7s Ts] and won ($0.48) with Pair of Tens


Poker Hand #HD1756975420: Hold'em No Limit ($0.05/$0.1) - 2024/05/03 16:56:59
Table 'NLHRed48' 6-max Seat #3 is the button
Seat 1: Hero ($10.5 in chips)
Seat 2: 9fd59d01 ($10.15 in chips)
Seat 3: a63375b4 ($10 in chips)
Seat 4: 83691b0a ($9.41 in chips)
Seat 5: a2dc2dd5 ($10 in chips)
83691b0a: posts small blind $0.05
a2dc2dd5: posts big blind $0.1
*** HOLE CARDS ***
Dealt to Hero [7h Qd]
Dealt to 9fd59d01 
Dealt to a63375b4 
Dealt to 83691b0a 
Dealt to a2dc2dd5 
Hero: folds
9fd59d01: folds
a63375b4: raises $0.15 to $0.25
83691b0a: folds
a2dc2dd5: folds
Uncalled bet ($0.15) returned to a63375b4
*** SHOWDOWN ***
a63375b4 collected $0.25 from pot
*** SUMMARY ***
Total pot $0.25 | Rake $0 | Jackpot $0 | Bingo $0 | Fortune $0 | Tax $0
Seat 1: Hero folded before Flop (didn't bet)
Seat 2: 9fd59d01 folded before Flop (didn't bet)
Seat 3: a63375b4 (button) collected ($0.25)
Seat 4: 83691b0a (small blind) folded before Flop
Seat 5: a2dc2dd5 (big blind) folded before Flop


Poker Hand #HD1756975401: Hold'em No Limit ($0.05/$0.1) - 2024/05/03 16:56:49
Table 'NLHRed48' 6-max Seat #2 is the button
Seat 1: Hero ($10.5 in chips)
Seat 2: 9fd59d01 ($10 in chips)
Seat 3: a63375b4 ($10 in chips)
Seat 4: 83691b0a ($9.51 in chips)
a63375b4: posts small blind $0.05
83691b0a: posts big blind $0.1
*** HOLE CARDS ***
Dealt to Hero [Js 6h]
Dealt to 9fd59d01 
Dealt to a63375b4 
Dealt to 83691b0a 
Hero: folds
9fd59d01: raises $0.15 to $0.25
a63375b4: folds
83691b0a: folds
Uncalled bet ($0.15) returned to 9fd59d01
*** SHOWDOWN ***
9fd59d01 collected $0.25 from pot
*** SUMMARY ***
Total pot $0.25 | Rake $0 | Jackpot $0 | Bingo $0 | Fortune $0 | Tax $0
Seat 1: Hero folded before Flop (didn't bet)
Seat 2: 9fd59d01 (button) collected ($0.25)
Seat 3: a63375b4 (small blind) folded before Flop
Seat 4: 83691b0a (big blind) folded before Flop


Poker Hand #HD1756975300: Hold'em No Limit ($0.05/$0.1) - 2024/05/03 16:56:03
Table 'NLHRed48' 6-max Seat #1 is the button
Seat 1: Hero ($10.5 in chips)
Seat 2: 9fd59d01 ($10.05 in chips)
Seat 3: a63375b4 ($10 in chips)
Seat 4: 83691b0a ($9.01 in chips)
9fd59d01: posts small blind $0.05
a63375b4: posts big blind $0.1
*** HOLE CARDS ***
Dealt to Hero [3d 3h]
Dealt to 9fd59d01 
Dealt to a63375b4 
Dealt to 83691b0a 
83691b0a: calls $0.1
Hero: folds
9fd59d01: folds
a63375b4: checks
*** FLOP *** [Ac 2d 4d]
a63375b4: checks
83691b0a: bets $0.4
a63375b4: calls $0.4
*** TURN *** [Ac 2d 4d] [9s]
a63375b4: checks
83691b0a: checks
*** RIVER *** [Ac 2d 4d 9s] [Qc]
a63375b4: checks
83691b0a: checks
a63375b4: shows [Jd 9d] (Pair of Nines)
83691b0a: shows [Kh Qh] (Pair of Queens)
*** SHOWDOWN ***
83691b0a collected $1 from pot
*** SUMMARY ***
Total pot $1.05 | Rake $0.05 | Jackpot $0 | Bingo $0 | Fortune $0 | Tax $0
Board [Ac 2d 4d 9s Qc]
Seat 1: Hero (button) folded before Flop (didn't bet)
Seat 2: 9fd59d01 (small blind) folded before Flop
Seat 3: a63375b4 (big blind) showed [Jd 9d] and lost with Pair of Nines
Seat 4: 83691b0a showed [Kh Qh] and won ($1) with Pair of Queens


Poker Hand #HD1756975279: Hold'em No Limit ($0.05/$0.1) - 2024/05/03 16:55:54
Table 'NLHRed48' 6-max Seat #4 is the button
Seat 1: Hero ($10.55 in chips)
Seat 2: 9fd59d01 ($10 in chips)
Seat 3: a63375b4 ($10 in chips)
Seat 4: 83691b0a ($9.01 in chips)
Hero: posts small blind $0.05
9fd59d01: posts big blind $0.1
*** HOLE CARDS ***
Dealt to Hero [2d 7s]
Dealt to 9fd59d01 
Dealt to a63375b4 
Dealt to 83691b0a 
a63375b4: folds
83691b0a: folds
Hero: folds
Uncalled bet ($0.05) returned to 9fd59d01
*** SHOWDOWN ***
9fd59d01 collected $0.1 from pot
*** SUMMARY ***
Total pot $0.1 | Rake $0 | Jackpot $0 | Bingo $0 | Fortune $0 | Tax $0
Seat 1: Hero (small blind) folded before Flop
Seat 2: 9fd59d01 (big blind) collected ($0.1)
Seat 3: a63375b4 folded before Flop (didn't bet)
Seat 4: 83691b0a (button) folded before Flop (didn't bet)


Poker Hand #HD1756975193: Hold'em No Limit ($0.05/$0.1) - 2024/05/03 16:55:11
Table 'NLHRed48' 6-max Seat #3 is the button
Seat 1: Hero ($10.1 in chips)
Seat 2: 9fd59d01 ($10 in chips)
Seat 3: a63375b4 ($10 in chips)
Seat 4: 83691b0a ($9.06 in chips)
83691b0a: posts small blind $0.05
Hero: posts big blind $0.1
*** HOLE CARDS ***
Dealt to Hero [9h 7h]
Dealt to 9fd59d01 
Dealt to a63375b4 
Dealt to 83691b0a 
9fd59d01: folds
a63375b4: raises $0.15 to $0.25
83691b0a: folds
Hero: calls $0.15
*** FLOP *** [Jd 2h 8d]
Hero: checks
a63375b4: bets $0.19
Hero: raises $0.41 to $0.6
a63375b4: folds
Uncalled bet ($0.41) returned to Hero
*** SHOWDOWN ***
Hero collected $0.89 from pot
*** SUMMARY ***
Total pot $0.93 | Rake $0.04 | Jackpot $0 | Bingo $0 | Fortune $0 | Tax $0
Board [Jd 2h 8d]
Seat 1: Hero (big blind) won ($0.89)
Seat 2: 9fd59d01 folded before Flop (didn't bet)
Seat 3: a63375b4 (button) folded on the Flop
Seat 4: 83691b0a (small blind) folded before Flop


Poker Hand #HD1756975159: Hold'em No Limit ($0.05/$0.1) - 2024/05/03 16:54:55
Table 'NLHRed48' 6-max Seat #2 is the button
Seat 1: Hero ($10.1 in chips)
Seat 2: 9fd59d01 ($10 in chips)
Seat 3: a63375b4 ($10.05 in chips)
Seat 4: 83691b0a ($9.01 in chips)
Seat 5: da86ebc6 ($4.66 in chips)
a63375b4: posts small blind $0.05
83691b0a: posts big blind $0.1
*** HOLE CARDS ***
Dealt to Hero [Ah 2c]
Dealt to 9fd59d01 
Dealt to a63375b4 
Dealt to 83691b0a 
Dealt to da86ebc6 
da86ebc6: folds
Hero: folds
9fd59d01: folds
a63375b4: folds
Uncalled bet ($0.05) returned to 83691b0a
*** SHOWDOWN ***
83691b0a collected $0.1 from pot
*** SUMMARY ***
Total pot $0.1 | Rake $0 | Jackpot $0 | Bingo $0 | Fortune $0 | Tax $0
Seat 1: Hero folded before Flop (didn't bet)
Seat 2: 9fd59d01 (button) folded before Flop (didn't bet)
Seat 3: a63375b4 (small blind) folded before Flop
Seat 4: 83691b0a (big blind) collected ($0.1)
Seat 5: da86ebc6 folded before Flop (didn't bet)


Poker Hand #HD1756975121: Hold'em No Limit ($0.05/$0.1) - 2024/05/03 16:54:38
Table 'NLHRed48' 6-max Seat #1 is the button
Seat 1: Hero ($10.1 in chips)
Seat 2: 9fd59d01 ($10.05 in chips)
Seat 3: a63375b4 ($10 in chips)
Seat 4: 83691b0a ($9.01 in chips)
Seat 5: da86ebc6 ($4.66 in chips)
9fd59d01: posts small blind $0.05
a63375b4: posts big blind $0.1
*** HOLE CARDS ***
Dealt to Hero [6h 5d]
Dealt to 9fd59d01 
Dealt to a63375b4 
Dealt to 83691b0a 
Dealt to da86ebc6 
83691b0a: folds
da86ebc6: folds
Hero: folds
9fd59d01: folds
Uncalled bet ($0.05) returned to a63375b4
*** SHOWDOWN ***
a63375b4 collected $0.1 from pot
*** SUMMARY ***
Total pot $0.1 | Rake $0 | Jackpot $0 | Bingo $0 | Fortune $0 | Tax $0
Seat 1: Hero (button) folded before Flop (didn't bet)
Seat 2: 9fd59d01 (small blind) folded before Flop
Seat 3: a63375b4 (big blind) collected ($0.1)
Seat 4: 83691b0a folded before Flop (didn't bet)
Seat 5: da86ebc6 folded before Flop (didn't bet)


Poker Hand #HD1756975091: Hold'em No Limit ($0.05/$0.1) - 2024/05/03 16:54:27
Table 'NLHRed48' 6-max Seat #5 is the button
Seat 1: Hero ($10.15 in chips)
Seat 2: 9fd59d01 ($10 in chips)
Seat 3: a63375b4 ($10 in chips)
Seat 4: 83691b0a ($9.01 in chips)
Seat 5: da86ebc6 ($4.66 in chips)
Hero: posts small blind $0.05
9fd59d01: posts big blind $0.1
*** HOLE CARDS ***
Dealt to Hero [7c 2s]
Dealt to 9fd59d01 
Dealt to a63375b4 
Dealt to 83691b0a 
Dealt to da86ebc6 
a63375b4: folds
83691b0a: folds
da86ebc6: folds
Hero: folds
Uncalled bet ($0.05) returned to 9fd59d01
*** SHOWDOWN ***
9fd59d01 collected $0.1 from pot
*** SUMMARY ***
Total pot $0.1 | Rake $0 | Jackpot $0 | Bingo $0 | Fortune $0 | Tax $0
Seat 1: Hero (small blind) folded before Flop
Seat 2: 9fd59d01 (big blind) collected ($0.1)
Seat 3: a63375b4 folded before Flop (didn't bet)
Seat 4: 83691b0a folded before Flop (didn't bet)
Seat 5: da86ebc6 (button) folded before Flop (didn't bet)


Poker Hand #HD1756975021: Hold'em No Limit ($0.05/$0.1) - 2024/05/03 16:53:57
Table 'NLHRed48' 6-max Seat #4 is the button
Seat 1: Hero ($10 in chips)
Seat 3: a63375b4 ($10 in chips)
Seat 4: 83691b0a ($9.01 in chips)
Seat 5: da86ebc6 ($4.71 in chips)
Seat 6: 464a29e5 ($4.1 in chips)
da86ebc6: posts small blind $0.05
464a29e5: posts big blind $0.1
*** HOLE CARDS ***
Dealt to Hero [8d 7d]
Dealt to a63375b4 
Dealt to 83691b0a 
Dealt to da86ebc6 
Dealt to 464a29e5 
Hero: raises $0.1 to $0.2
a63375b4: folds
83691b0a: folds
da86ebc6: folds
464a29e5: folds
Uncalled bet ($0.1) returned to Hero
*** SHOWDOWN ***
Hero collected $0.25 from pot
*** SUMMARY ***
Total pot $0.25 | Rake $0 | Jackpot $0 | Bingo $0 | Fortune $0 | Tax $0
Seat 1: Hero collected ($0.25)
Seat 3: a63375b4 folded before Flop (didn't bet)
Seat 4: 83691b0a (button) folded before Flop (didn't bet)
Seat 5: da86ebc6 (small blind) folded before Flop
Seat 6: 464a29e5 (big blind) folded before Flop


Poker Hand #HD1756974866: Hold'em No Limit ($0.05/$0.1) - 2024/05/03 16:52:46
Table 'NLHRed48' 6-max Seat #3 is the button
Seat 1: Hero ($10 in chips)
Seat 3: a63375b4 ($10 in chips)
Seat 4: 83691b0a ($9.64 in chips)
Seat 5: da86ebc6 ($3.54 in chips)
Seat 6: 464a29e5 ($4.1 in chips)
83691b0a: posts small blind $0.05
da86ebc6: posts big blind $0.1
*** HOLE CARDS ***
Dealt to Hero [Ah 6c]
Dealt to a63375b4 
Dealt to 83691b0a 
Dealt to da86ebc6 
Dealt to 464a29e5 
464a29e5: folds
Hero: folds
a63375b4: raises $0.15 to $0.25
83691b0a: calls $0.2
da86ebc6: calls $0.15
*** FLOP *** [4c 9s 9d]
83691b0a: checks
da86ebc6: checks
a63375b4: bets $0.38
83691b0a: calls $0.38
da86ebc6: calls $0.38
*** TURN *** [4c 9s 9d] [Qs]
83691b0a: checks
da86ebc6: bets $2.91 and is all-in
a63375b4: folds
83691b0a: folds
Uncalled bet ($2.91) returned to da86ebc6
*** SHOWDOWN ***
da86ebc6 collected $1.8 from pot
*** SUMMARY ***
Total pot $1.89 | Rake $0.09 | Jackpot $0 | Bingo $0 | Fortune $0 | Tax $0
Board [4c 9s 9d Qs]
Seat 1: Hero folded before Flop (didn't bet)
Seat 3: a63375b4 (button) folded on the Turn
Seat 4: 83691b0a (small blind) folded on the Turn
Seat 5: da86ebc6 (big blind) won ($1.8)
Seat 6: 464a29e5 folded before Flop (didn't bet)


Poker Hand #HD1756974733: Hold'em No Limit ($0.05/$0.1) - 2024/05/03 16:51:38
Table 'NLHRed48' 6-max Seat #1 is the button
Seat 1: Hero ($10 in chips)
Seat 3: a63375b4 ($10.6 in chips)
Seat 4: 83691b0a ($6.4 in chips)
Seat 5: da86ebc6 ($3.54 in chips)
Seat 6: 464a29e5 ($4.1 in chips)
a63375b4: posts small blind $0.05
83691b0a: posts big blind $0.1
*** HOLE CARDS ***
Dealt to Hero [Ks 3d]
Dealt to a63375b4 
Dealt to 83691b0a 
Dealt to da86ebc6 
Dealt to 464a29e5 
da86ebc6: folds
464a29e5: folds
Hero: folds
a63375b4: raises $0.25 to $0.35
83691b0a: raises $0.25 to $0.6
a63375b4: calls $0.25
*** FLOP *** [Ad Qc 8h]
a63375b4: checks
83691b0a: checks
*** TURN *** [Ad Qc 8h] [Ac]
a63375b4: checks
83691b0a: checks
*** RIVER *** [Ad Qc 8h Ac] [9s]
a63375b4: checks
83691b0a: bets $3.1
a63375b4: calls $3.1
83691b0a: shows [Ah Jh] (Three Aces)
a63375b4: shows [9d 8d] (Pair of Aces and Pair of Nines)
*** SHOWDOWN ***
83691b0a collected $6.94 from pot
*** SUMMARY ***
Total pot $7.4 | Rake $0.36 | Jackpot $0.1 | Bingo $0 | Fortune $0 | Tax $0
Board [Ad Qc 8h Ac 9s]
Seat 1: Hero (button) folded before Flop (didn't bet)
Seat 3: a63375b4 (small blind) showed [9d 8d] and lost with Pair of Aces and Pair of Nines
Seat 4: 83691b0a (big blind) showed [Ah Jh] and won ($6.94) with Three Aces
Seat 5: da86ebc6 folded before Flop (didn't bet)
Seat 6: 464a29e5 folded before Flop (didn't bet)


Poker Hand #HD1756974642: Hold'em No Limit ($0.05/$0.1) - 2024/05/03 16:50:58
Table 'NLHRed48' 6-max Seat #6 is the button
Seat 1: Hero ($10 in chips)
Seat 3: a63375b4 ($10.15 in chips)
Seat 4: 83691b0a ($6.84 in chips)
Seat 5: da86ebc6 ($3.54 in chips)
Seat 6: 464a29e5 ($4.1 in chips)
Hero: posts small blind $0.05
a63375b4: posts big blind $0.1
*** HOLE CARDS ***
Dealt to Hero [3c 3d]
Dealt to a63375b4 
Dealt to 83691b0a 
Dealt to da86ebc6 
Dealt to 464a29e5 
83691b0a: calls $0.1
da86ebc6: folds
464a29e5: folds
Hero: folds
a63375b4: raises $0.34 to $0.44
83691b0a: calls $0.34
*** FLOP *** [4d 4c Ks]
a63375b4: bets $0.31
83691b0a: folds
Uncalled bet ($0.31) returned to a63375b4
*** SHOWDOWN ***
a63375b4 collected $0.89 from pot
*** SUMMARY ***
Total pot $0.93 | Rake $0.04 | Jackpot $0 | Bingo $0 | Fortune $0 | Tax $0
Board [4d 4c Ks]
Seat 1: Hero (small blind) folded before Flop
Seat 3: a63375b4 (big blind) won ($0.89)
Seat 4: 83691b0a folded on the Flop
Seat 5: da86ebc6 folded before Flop (didn't bet)
Seat 6: 464a29e5 (button) folded before Flop (didn't bet)


Poker Hand #HD1756974505: Hold'em No Limit ($0.05/$0.1) - 2024/05/03 16:49:53
Table 'NLHRed48' 6-max Seat #5 is the button
Seat 1: Hero ($10 in chips)
Seat 2: 4127edfc ($10.44 in chips)
Seat 3: a63375b4 ($10.15 in chips)
Seat 4: 83691b0a ($6.84 in chips)
Seat 5: da86ebc6 ($2.86 in chips)
Seat 6: 464a29e5 ($4.75 in chips)
464a29e5: posts small blind $0.05
Hero: posts big blind $0.1
*** HOLE CARDS ***
Dealt to Hero [9c Qc]
Dealt to 4127edfc 
Dealt to a63375b4 
Dealt to 83691b0a 
Dealt to da86ebc6 
Dealt to 464a29e5 
4127edfc: folds
a63375b4: folds
83691b0a: folds
da86ebc6: calls $0.1
464a29e5: raises $0.1 to $0.2
Hero: folds
da86ebc6: calls $0.1
*** FLOP *** [Td 8d 5d]
464a29e5: checks
da86ebc6: bets $0.17
464a29e5: raises $0.28 to $0.45
da86ebc6: calls $0.28
*** TURN *** [Td 8d 5d] [4d]
464a29e5: checks
da86ebc6: bets $0.47
464a29e5: folds
Uncalled bet ($0.47) returned to da86ebc6
*** SHOWDOWN ***
da86ebc6 collected $1.33 from pot
*** SUMMARY ***
Total pot $1.4 | Rake $0.07 | Jackpot $0 | Bingo $0 | Fortune $0 | Tax $0
Board [Td 8d 5d 4d]
Seat 1: Hero (big blind) folded before Flop
Seat 2: 4127edfc folded before Flop (didn't bet)
Seat 3: a63375b4 folded before Flop (didn't bet)
Seat 4: 83691b0a folded before Flop (didn't bet)
Seat 5: da86ebc6 (button) won ($1.33)
Seat 6: 464a29e5 (small blind) folded on the Turn


Poker Hand #HD1756974395: Hold'em No Limit ($0.05/$0.1) - 2024/05/03 16:48:59
Table 'NLHRed48' 6-max Seat #4 is the button
Seat 1: Hero ($10 in chips)
Seat 2: 4127edfc ($11.81 in chips)
Seat 3: a63375b4 ($10.15 in chips)
Seat 4: 83691b0a ($6.84 in chips)
Seat 5: da86ebc6 ($2.91 in chips)
Seat 6: 464a29e5 ($3.49 in chips)
da86ebc6: posts small blind $0.05
464a29e5: posts big blind $0.1
*** HOLE CARDS ***
Dealt to Hero [6s 3s]
Dealt to 4127edfc 
Dealt to a63375b4 
Dealt to 83691b0a 
Dealt to da86ebc6 
Dealt to 464a29e5 
Hero: folds
4127edfc: raises $0.15 to $0.25
a63375b4: folds
83691b0a: folds
da86ebc6: folds
464a29e5: calls $0.15
*** FLOP *** [3d Ts 8c]
464a29e5: checks
4127edfc: bets $0.28
464a29e5: calls $0.28
*** TURN *** [3d Ts 8c] [4s]
464a29e5: checks
4127edfc: bets $0.84
464a29e5: calls $0.84
*** RIVER *** [3d Ts 8c 4s] [Ks]
464a29e5: bets $2.12 and is all-in
4127edfc: folds
Uncalled bet ($2.12) returned to 464a29e5
*** SHOWDOWN ***
464a29e5 collected $2.63 from pot
*** SUMMARY ***
Total pot $2.79 | Rake $0.16 | Jackpot $0 | Bingo $0 | Fortune $0 | Tax $0
Board [3d Ts 8c 4s Ks]
Seat 1: Hero folded before Flop (didn't bet)
Seat 2: 4127edfc folded on the River
Seat 3: a63375b4 folded before Flop (didn't bet)
Seat 4: 83691b0a (button) folded before Flop (didn't bet)
Seat 5: da86ebc6 (small blind) folded before Flop
Seat 6: 464a29e5 (big blind) won ($2.63)


Poker Hand #HD1756974364: Hold'em No Limit ($0.05/$0.1) - 2024/05/03 16:48:44
Table 'NLHRed48' 6-max Seat #3 is the button
Seat 1: Hero ($10 in chips)
Seat 2: 4127edfc ($11.81 in chips)
Seat 3: a63375b4 ($10 in chips)
Seat 4: 83691b0a ($6.89 in chips)
Seat 5: da86ebc6 ($3.01 in chips)
Seat 6: 464a29e5 ($3.49 in chips)
83691b0a: posts small blind $0.05
da86ebc6: posts big blind $0.1
*** HOLE CARDS ***
Dealt to Hero [6s 9h]
Dealt to 4127edfc 
Dealt to a63375b4 
Dealt to 83691b0a 
Dealt to da86ebc6 
Dealt to 464a29e5 
464a29e5: folds
Hero: folds
4127edfc: folds
a63375b4: raises $0.15 to $0.25
83691b0a: folds
da86ebc6: folds
Uncalled bet ($0.15) returned to a63375b4
*** SHOWDOWN ***
a63375b4 collected $0.25 from pot
*** SUMMARY ***
Total pot $0.25 | Rake $0 | Jackpot $0 | Bingo $0 | Fortune $0 | Tax $0
Seat 1: Hero folded before Flop (didn't bet)
Seat 2: 4127edfc folded before Flop (didn't bet)
Seat 3: a63375b4 (button) collected ($0.25)
Seat 4: 83691b0a (small blind) folded before Flop
Seat 5: da86ebc6 (big blind) folded before Flop
Seat 6: 464a29e5 folded before Flop (didn't bet)


Poker Hand #HD1756974239: Hold'em No Limit ($0.05/$0.1) - 2024/05/03 16:47:39
Table 'NLHRed48' 6-max Seat #2 is the button
Seat 1: Hero ($10 in chips)
Seat 2: 4127edfc ($11.81 in chips)
Seat 3: a63375b4 ($10 in chips)
Seat 4: 83691b0a ($7.43 in chips)
Seat 5: da86ebc6 ($2.47 in chips)
Seat 6: 464a29e5 ($3.49 in chips)
a63375b4: posts small blind $0.05
83691b0a: posts big blind $0.1
*** HOLE CARDS ***
Dealt to Hero [6c 7d]
Dealt to 4127edfc 
Dealt to a63375b4 
Dealt to 83691b0a 
Dealt to da86ebc6 
Dealt to 464a29e5 
da86ebc6: calls $0.1
464a29e5: folds
Hero: folds
4127edfc: folds
a63375b4: folds
83691b0a: raises $0.1 to $0.2
da86ebc6: calls $0.1
*** FLOP *** [9s 6d Tc]
83691b0a: checks
da86ebc6: bets $0.34
83691b0a: calls $0.34
*** TURN *** [9s 6d Tc] [9d]
83691b0a: checks
da86ebc6: bets $1.93 and is all-in
83691b0a: folds
Uncalled bet ($1.93) returned to da86ebc6
*** SHOWDOWN ***
da86ebc6 collected $1.08 from pot
*** SUMMARY ***
Total pot $1.13 | Rake $0.05 | Jackpot $0 | Bingo $0 | Fortune $0 | Tax $0
Board [9s 6d Tc 9d]
Seat 1: Hero folded before Flop (didn't bet)
Seat 2: 4127edfc (button) folded before Flop (didn't bet)
Seat 3: a63375b4 (small blind) folded before Flop
Seat 4: 83691b0a (big blind) folded on the Turn
Seat 5: da86ebc6 won ($1.08)
Seat 6: 464a29e5 folded before Flop (didn't bet)


Poker Hand #HD1756974136: Hold'em No Limit ($0.05/$0.1) - 2024/05/03 16:46:47
Table 'NLHRed48' 6-max Seat #1 is the button
Seat 1: Hero ($10 in chips)
Seat 2: 4127edfc ($11.86 in chips)
Seat 3: a63375b4 ($10 in chips)
Seat 4: 83691b0a ($7.43 in chips)
Seat 5: da86ebc6 ($3.02 in chips)
Seat 6: 464a29e5 ($2.86 in chips)
4127edfc: posts small blind $0.05
a63375b4: posts big blind $0.1
*** HOLE CARDS ***
Dealt to Hero [5h 3c]
Dealt to 4127edfc 
Dealt to a63375b4 
Dealt to 83691b0a 
Dealt to da86ebc6 
Dealt to 464a29e5 
83691b0a: folds
da86ebc6: calls $0.1
464a29e5: raises $0.2 to $0.3
Hero: folds
4127edfc: folds
a63375b4: folds
da86ebc6: calls $0.2
*** FLOP *** [6c 9h 7h]
da86ebc6: checks
464a29e5: bets $0.25
da86ebc6: calls $0.25
*** TURN *** [6c 9h 7h] [5c]
da86ebc6: checks
464a29e5: checks
*** RIVER *** [6c 9h 7h 5c] [Td]
da86ebc6: checks
464a29e5: checks
da86ebc6: shows [Jh Kh] (King-High)
464a29e5: shows [Qh Ac] (Ace-High)
*** SHOWDOWN ***
464a29e5 collected $1.18 from pot
*** SUMMARY ***
Total pot $1.25 | Rake $0.07 | Jackpot $0 | Bingo $0 | Fortune $0 | Tax $0
Board [6c 9h 7h 5c Td]
Seat 1: Hero (button) folded before Flop (didn't bet)
Seat 2: 4127edfc (small blind) folded before Flop
Seat 3: a63375b4 (big blind) folded before Flop
Seat 4: 83691b0a folded before Flop (didn't bet)
Seat 5: da86ebc6 showed [Jh Kh] and lost with King-High
Seat 6: 464a29e5 showed [Qh Ac] and won ($1.18) with Ace-High


Poker Hand #HD1756974103: Hold'em No Limit ($0.05/$0.1) - 2024/05/03 16:46:29
Table 'NLHRed48' 6-max Seat #6 is the button
Seat 1: Hero ($10 in chips)
Seat 2: 4127edfc ($11.81 in chips)
Seat 3: a63375b4 ($10 in chips)
Seat 4: 83691b0a ($7.43 in chips)
Seat 5: da86ebc6 ($3.02 in chips)
Seat 6: 464a29e5 ($2.86 in chips)
Hero: posts small blind $0.05
4127edfc: posts big blind $0.1
*** HOLE CARDS ***
Dealt to Hero [Ac 3s]
Dealt to 4127edfc 
Dealt to a63375b4 
Dealt to 83691b0a 
Dealt to da86ebc6 
Dealt to 464a29e5 
a63375b4: folds
83691b0a: folds
da86ebc6: folds
464a29e5: folds
Hero: folds
Uncalled bet ($0.05) returned to 4127edfc
*** SHOWDOWN ***
4127edfc collected $0.1 from pot
*** SUMMARY ***
Total pot $0.1 | Rake $0 | Jackpot $0 | Bingo $0 | Fortune $0 | Tax $0
Seat 1: Hero (small blind) folded before Flop
Seat 2: 4127edfc (big blind) collected ($0.1)
Seat 3: a63375b4 folded before Flop (didn't bet)
Seat 4: 83691b0a folded before Flop (didn't bet)
Seat 5: da86ebc6 folded before Flop (didn't bet)
Seat 6: 464a29e5 (button) folded before Flop (didn't bet)


Poker Hand #HD1756974026: Hold'em No Limit ($0.05/$0.1) - 2024/05/03 16:45:53
Table 'NLHRed48' 6-max Seat #5 is the button
Seat 1: Hero ($10 in chips)
Seat 2: 4127edfc ($11.53 in chips)
Seat 3: a63375b4 ($10 in chips)
Seat 4: 83691b0a ($7.43 in chips)
Seat 5: da86ebc6 ($3.02 in chips)
Seat 6: 464a29e5 ($2.91 in chips)
464a29e5: posts small blind $0.05
Hero: posts big blind $0.1
*** HOLE CARDS ***
Dealt to Hero [8s Ts]
Dealt to 4127edfc 
Dealt to a63375b4 
Dealt to 83691b0a 
Dealt to da86ebc6 
Dealt to 464a29e5 
4127edfc: raises $0.15 to $0.25
a63375b4: folds
83691b0a: folds
da86ebc6: folds
464a29e5: folds
Hero: calls $0.15
*** FLOP *** [9d Ah 3c]
Hero: checks
4127edfc: bets $0.28
Hero: folds
Uncalled bet ($0.28) returned to 4127edfc
*** SHOWDOWN ***
4127edfc collected $0.53 from pot
*** SUMMARY ***
Total pot $0.55 | Rake $0.02 | Jackpot $0 | Bingo $0 | Fortune $0 | Tax $0
Board [9d Ah 3c]
Seat 1: Hero (big blind) folded on the Flop
Seat 2: 4127edfc won ($0.53)
Seat 3: a63375b4 folded before Flop (didn't bet)
Seat 4: 83691b0a folded before Flop (didn't bet)
Seat 5: da86ebc6 (button) folded before Flop (didn't bet)
Seat 6: 464a29e5 (small blind) folded before Flop


Poker Hand #HD1756973842: Hold'em No Limit ($0.05/$0.1) - 2024/05/03 16:44:29
Table 'NLHRed48' 6-max Seat #4 is the button
Seat 1: Hero ($10 in chips)
Seat 2: 4127edfc ($11.53 in chips)
Seat 3: a63375b4 ($11.57 in chips)
Seat 4: 83691b0a ($5.7 in chips)
Seat 5: da86ebc6 ($3.07 in chips)
Seat 6: 464a29e5 ($3.01 in chips)
da86ebc6: posts small blind $0.05
464a29e5: posts big blind $0.1
*** HOLE CARDS ***
Dealt to Hero [Th 5s]
Dealt to 4127edfc 
Dealt to a63375b4 
Dealt to 83691b0a 
Dealt to da86ebc6 
Dealt to 464a29e5 
Hero: folds
4127edfc: folds
a63375b4: raises $0.15 to $0.25
83691b0a: raises $0.25 to $0.5
da86ebc6: folds
464a29e5: folds
a63375b4: calls $0.25
*** FLOP *** [Tc 7c 8d]
a63375b4: checks
83691b0a: bets $0.2
a63375b4: calls $0.2
*** TURN *** [Tc 7c 8d] [Jd]
a63375b4: checks
83691b0a: checks
*** RIVER *** [Tc 7c 8d Jd] [3s]
a63375b4: bets $1.17
83691b0a: raises $3.83 to $5 and is all-in
a63375b4: folds
Uncalled bet ($3.83) returned to 83691b0a
*** SHOWDOWN ***
83691b0a collected $3.6 from pot
*** SUMMARY ***
Total pot $3.89 | Rake $0.19 | Jackpot $0.1 | Bingo $0 | Fortune $0 | Tax $0
Board [Tc 7c 8d Jd 3s]
Seat 1: Hero folded before Flop (didn't bet)
Seat 2: 4127edfc folded before Flop (didn't bet)
Seat 3: a63375b4 folded on the River
Seat 4: 83691b0a (button) won ($3.6)
Seat 5: da86ebc6 (small blind) folded before Flop
Seat 6: 464a29e5 (big blind) folded before Flop


Poker Hand #HD1756973738: Hold'em No Limit ($0.05/$0.1) - 2024/05/03 16:43:42
Table 'NLHRed48' 6-max Seat #3 is the button
Seat 1: Hero ($10 in chips)
Seat 2: 4127edfc ($11.53 in chips)
Seat 3: a63375b4 ($11.57 in chips)
Seat 4: 83691b0a ($6.53 in chips)
Seat 5: da86ebc6 ($3.17 in chips)
Seat 6: 464a29e5 ($2.18 in chips)
83691b0a: posts small blind $0.05
da86ebc6: posts big blind $0.1
*** HOLE CARDS ***
Dealt to Hero [4s 3c]
Dealt to 4127edfc 
Dealt to a63375b4 
Dealt to 83691b0a 
Dealt to da86ebc6 
Dealt to 464a29e5 
464a29e5: raises $0.1 to $0.2
Hero: folds
4127edfc: folds
a63375b4: folds
83691b0a: raises $0.1 to $0.3
da86ebc6: folds
464a29e5: calls $0.1
*** FLOP *** [6s 8s Qs]
83691b0a: checks
464a29e5: bets $0.53
83691b0a: calls $0.53
*** TURN *** [6s 8s Qs] [4h]
83691b0a: checks
464a29e5: bets $1.35 and is all-in
83691b0a: folds
Uncalled bet ($1.35) returned to 464a29e5
*** SHOWDOWN ***
464a29e5 collected $1.66 from pot
*** SUMMARY ***
Total pot $1.76 | Rake $0.1 | Jackpot $0 | Bingo $0 | Fortune $0 | Tax $0
Board [6s 8s Qs 4h]
Seat 1: Hero folded before Flop (didn't bet)
Seat 2: 4127edfc folded before Flop (didn't bet)
Seat 3: a63375b4 (button) folded before Flop (didn't bet)
Seat 4: 83691b0a (small blind) folded on the Turn
Seat 5: da86ebc6 (big blind) folded before Flop
Seat 6: 464a29e5 won ($1.66)


Poker Hand #HD1756973699: Hold'em No Limit ($0.05/$0.1) - 2024/05/03 16:43:21
Table 'NLHRed48' 6-max Seat #2 is the button
Seat 1: Hero ($10 in chips)
Seat 2: 4127edfc ($11.78 in chips)
Seat 3: a63375b4 ($11.25 in chips)
Seat 4: 83691b0a ($6.63 in chips)
Seat 5: da86ebc6 ($3.17 in chips)
Seat 6: 464a29e5 ($2.18 in chips)
a63375b4: posts small blind $0.05
83691b0a: posts big blind $0.1
*** HOLE CARDS ***
Dealt to Hero [2d 5c]
Dealt to 4127edfc 
Dealt to a63375b4 
Dealt to 83691b0a 
Dealt to da86ebc6 
Dealt to 464a29e5 
da86ebc6: folds
464a29e5: folds
Hero: folds
4127edfc: raises $0.15 to $0.25
a63375b4: raises $0.81 to $1.06
83691b0a: folds
4127edfc: folds
Uncalled bet ($0.81) returned to a63375b4
*** SHOWDOWN ***
a63375b4 collected $0.57 from pot
*** SUMMARY ***
Total pot $0.6 | Rake $0.03 | Jackpot $0 | Bingo $0 | Fortune $0 | Tax $0
Seat 1: Hero folded before Flop (didn't bet)
Seat 2: 4127edfc (button) folded before Flop
Seat 3: a63375b4 (small blind) collected ($0.57)
Seat 4: 83691b0a (big blind) folded before Flop
Seat 5: da86ebc6 folded before Flop (didn't bet)
Seat 6: 464a29e5 folded before Flop (didn't bet)


Poker Hand #HD1756973644: Hold'em No Limit ($0.05/$0.1) - 2024/05/03 16:42:55
Table 'NLHRed48' 6-max Seat #1 is the button
Seat 1: Hero ($10 in chips)
Seat 2: 4127edfc ($11.83 in chips)
Seat 3: a63375b4 ($11.2 in chips)
Seat 4: 83691b0a ($6.63 in chips)
Seat 5: da86ebc6 ($3.17 in chips)
Seat 6: 464a29e5 ($2.18 in chips)
4127edfc: posts small blind $0.05
a63375b4: posts big blind $0.1
*** HOLE CARDS ***
Dealt to Hero [5s 6s]
Dealt to 4127edfc 
Dealt to a63375b4 
Dealt to 83691b0a 
Dealt to da86ebc6 
Dealt to 464a29e5 
83691b0a: folds
da86ebc6: folds
464a29e5: folds
Hero: folds
4127edfc: folds
Uncalled bet ($0.05) returned to a63375b4
*** SHOWDOWN ***
a63375b4 collected $0.1 from pot
*** SUMMARY ***
Total pot $0.1 | Rake $0 | Jackpot $0 | Bingo $0 | Fortune $0 | Tax $0
Seat 1: Hero (button) folded before Flop (didn't bet)
Seat 2: 4127edfc (small blind) folded before Flop
Seat 3: a63375b4 (big blind) collected ($0.1)
Seat 4: 83691b0a folded before Flop (didn't bet)
Seat 5: da86ebc6 folded before Flop (didn't bet)
Seat 6: 464a29e5 folded before Flop (didn't bet)


Poker Hand #HD1756973499: Hold'em No Limit ($0.05/$0.1) - 2024/05/03 16:41:44
Table 'NLHRed48' 6-max Seat #6 is the button
Seat 1: Hero ($10.02 in chips)
Seat 2: 4127edfc ($12.08 in chips)
Seat 3: a63375b4 ($10.15 in chips)
Seat 4: 83691b0a ($6.63 in chips)
Seat 5: da86ebc6 ($4.02 in chips)
Seat 6: 464a29e5 ($2.18 in chips)
Hero: posts small blind $0.05
4127edfc: posts big blind $0.1
*** HOLE CARDS ***
Dealt to Hero [7h 8h]
Dealt to 4127edfc 
Dealt to a63375b4 
Dealt to 83691b0a 
Dealt to da86ebc6 
Dealt to 464a29e5 
a63375b4: raises $0.15 to $0.25
83691b0a: folds
da86ebc6: calls $0.25
464a29e5: folds
Hero: folds
4127edfc: calls $0.15
*** FLOP *** [Jh Kd 6d]
4127edfc: checks
a63375b4: bets $0.6
da86ebc6: calls $0.6
4127edfc: folds
*** TURN *** [Jh Kd 6d] [Ks]
a63375b4: bets $1
da86ebc6: folds
Uncalled bet ($1) returned to a63375b4
*** SHOWDOWN ***
a63375b4 collected $1.9 from pot
*** SUMMARY ***
Total pot $2 | Rake $0.1 | Jackpot $0 | Bingo $0 | Fortune $0 | Tax $0
Board [Jh Kd 6d Ks]
Seat 1: Hero (small blind) folded before Flop
Seat 2: 4127edfc (big blind) folded on the Flop
Seat 3: a63375b4 won ($1.9)
Seat 4: 83691b0a folded before Flop (didn't bet)
Seat 5: da86ebc6 folded on the Turn
Seat 6: 464a29e5 (button) folded before Flop (didn't bet)


Poker Hand #HD1756973319: Hold'em No Limit ($0.05/$0.1) - 2024/05/03 16:40:16
Table 'NLHRed48' 6-max Seat #5 is the button
Seat 1: Hero ($12.16 in chips)
Seat 2: 4127edfc ($12.08 in chips)
Seat 3: a63375b4 ($10.15 in chips)
Seat 4: 83691b0a ($6.63 in chips)
Seat 5: da86ebc6 ($2.14 in chips)
Seat 6: 464a29e5 ($2.23 in chips)
464a29e5: posts small blind $0.05
Hero: posts big blind $0.1
*** HOLE CARDS ***
Dealt to Hero [7d Kd]
Dealt to 4127edfc 
Dealt to a63375b4 
Dealt to 83691b0a 
Dealt to da86ebc6 
Dealt to 464a29e5 
4127edfc: folds
a63375b4: folds
83691b0a: folds
da86ebc6: calls $0.1
464a29e5: folds
Hero: checks
*** FLOP *** [2s 8h Kh]
Hero: checks
da86ebc6: checks
*** TURN *** [2s 8h Kh] [7c]
Hero: bets $0.17
da86ebc6: calls $0.17
*** RIVER *** [2s 8h Kh 7c] [6c]
Hero: bets $0.39
da86ebc6: raises $1.48 to $1.87 and is all-in
Hero: calls $1.48
da86ebc6: shows [5d 9d] (Nines-High Straight)
Hero: shows [7d Kd] (Pair of Kings and Pair of Sevens)
*** SHOWDOWN ***
da86ebc6 collected $4.02 from pot
*** SUMMARY ***
Total pot $4.33 | Rake $0.21 | Jackpot $0.1 | Bingo $0 | Fortune $0 | Tax $0
Board [2s 8h Kh 7c 6c]
Seat 1: Hero (big blind) showed [7d Kd] and lost with Pair of Kings and Pair of Sevens
Seat 2: 4127edfc folded before Flop (didn't bet)
Seat 3: a63375b4 folded before Flop (didn't bet)
Seat 4: 83691b0a folded before Flop (didn't bet)
Seat 5: da86ebc6 (button) showed [5d 9d] and won ($4.02) with Nines-High Straight
Seat 6: 464a29e5 (small blind) folded before Flop


Poker Hand #HD1756973204: Hold'em No Limit ($0.05/$0.1) - 2024/05/03 16:39:16
Table 'NLHRed48' 6-max Seat #4 is the button
Seat 1: Hero ($12.16 in chips)
Seat 2: 4127edfc ($12.08 in chips)
Seat 3: a63375b4 ($10.15 in chips)
Seat 4: 83691b0a ($6.63 in chips)
Seat 5: da86ebc6 ($2.05 in chips)
Seat 6: 464a29e5 ($2.33 in chips)
da86ebc6: posts small blind $0.05
464a29e5: posts big blind $0.1
*** HOLE CARDS ***
Dealt to Hero [7h Qc]
Dealt to 4127edfc 
Dealt to a63375b4 
Dealt to 83691b0a 
Dealt to da86ebc6 
Dealt to 464a29e5 
Hero: folds
4127edfc: folds
a63375b4: folds
83691b0a: folds
da86ebc6: calls $0.05
464a29e5: checks
*** FLOP *** [5d 8c 2d]
da86ebc6: checks
464a29e5: checks
*** TURN *** [5d 8c 2d] [5c]
da86ebc6: bets $0.15
464a29e5: folds
Uncalled bet ($0.15) returned to da86ebc6
*** SHOWDOWN ***
da86ebc6 collected $0.19 from pot
*** SUMMARY ***
Total pot $0.2 | Rake $0.01 | Jackpot $0 | Bingo $0 | Fortune $0 | Tax $0
Board [5d 8c 2d 5c]
Seat 1: Hero folded before Flop (didn't bet)
Seat 2: 4127edfc folded before Flop (didn't bet)
Seat 3: a63375b4 folded before Flop (didn't bet)
Seat 4: 83691b0a (button) folded before Flop (didn't bet)
Seat 5: da86ebc6 (small blind) won ($0.19)
Seat 6: 464a29e5 (big blind) folded on the Turn


Poker Hand #HD1756973168: Hold'em No Limit ($0.05/$0.1) - 2024/05/03 16:39:02
Table 'NLHRed48' 6-max Seat #3 is the button
Seat 1: Hero ($12.16 in chips)
Seat 2: 4127edfc ($12.08 in chips)
Seat 3: a63375b4 ($10.15 in chips)
Seat 4: 83691b0a ($6.68 in chips)
Seat 5: da86ebc6 ($2 in chips)
Seat 6: 464a29e5 ($2.33 in chips)
83691b0a: posts small blind $0.05
da86ebc6: posts big blind $0.1
*** HOLE CARDS ***
Dealt to Hero [3d 3h]
Dealt to 4127edfc 
Dealt to a63375b4 
Dealt to 83691b0a 
Dealt to da86ebc6 
Dealt to 464a29e5 
464a29e5: folds
Hero: folds
4127edfc: folds
a63375b4: folds
83691b0a: folds
Uncalled bet ($0.05) returned to da86ebc6
*** SHOWDOWN ***
da86ebc6 collected $0.1 from pot
*** SUMMARY ***
Total pot $0.1 | Rake $0 | Jackpot $0 | Bingo $0 | Fortune $0 | Tax $0
Seat 1: Hero folded before Flop (didn't bet)
Seat 2: 4127edfc folded before Flop (didn't bet)
Seat 3: a63375b4 (button) folded before Flop (didn't bet)
Seat 4: 83691b0a (small blind) folded before Flop
Seat 5: da86ebc6 (big blind) collected ($0.1)
Seat 6: 464a29e5 folded before Flop (didn't bet)


Poker Hand #HD1756973117: Hold'em No Limit ($0.05/$0.1) - 2024/05/03 16:38:39
Table 'NLHRed48' 6-max Seat #2 is the button
Seat 1: Hero ($12.16 in chips)
Seat 2: 4127edfc ($12.08 in chips)
Seat 3: a63375b4 ($10.05 in chips)
Seat 4: 83691b0a ($6.78 in chips)
Seat 6: 464a29e5 ($2.33 in chips)
a63375b4: posts small blind $0.05
83691b0a: posts big blind $0.1
*** HOLE CARDS ***
Dealt to Hero [Td 3s]
Dealt to 4127edfc 
Dealt to a63375b4 
Dealt to 83691b0a 
Dealt to 464a29e5 
464a29e5: folds
Hero: folds
4127edfc: folds
a63375b4: raises $0.25 to $0.35
83691b0a: folds
Uncalled bet ($0.25) returned to a63375b4
*** SHOWDOWN ***
a63375b4 collected $0.2 from pot
*** SUMMARY ***
Total pot $0.2 | Rake $0 | Jackpot $0 | Bingo $0 | Fortune $0 | Tax $0
Seat 1: Hero folded before Flop (didn't bet)
Seat 2: 4127edfc (button) folded before Flop (didn't bet)
Seat 3: a63375b4 (small blind) collected ($0.2)
Seat 4: 83691b0a (big blind) folded before Flop
Seat 6: 464a29e5 folded before Flop (didn't bet)


Poker Hand #HD1756973084: Hold'em No Limit ($0.05/$0.1) - 2024/05/03 16:38:24
Table 'NLHRed48' 6-max Seat #1 is the button
Seat 1: Hero ($12.16 in chips)
Seat 2: 4127edfc ($12.13 in chips)
Seat 3: a63375b4 ($10 in chips)
Seat 4: 83691b0a ($6.78 in chips)
Seat 6: 464a29e5 ($2.33 in chips)
4127edfc: posts small blind $0.05
a63375b4: posts big blind $0.1
*** HOLE CARDS ***
Dealt to Hero [4c 6h]
Dealt to 4127edfc 
Dealt to a63375b4 
Dealt to 83691b0a 
Dealt to 464a29e5 
83691b0a: folds
464a29e5: folds
Hero: folds
4127edfc: folds
Uncalled bet ($0.05) returned to a63375b4
*** SHOWDOWN ***
a63375b4 collected $0.1 from pot
*** SUMMARY ***
Total pot $0.1 | Rake $0 | Jackpot $0 | Bingo $0 | Fortune $0 | Tax $0
Seat 1: Hero (button) folded before Flop (didn't bet)
Seat 2: 4127edfc (small blind) folded before Flop
Seat 3: a63375b4 (big blind) collected ($0.1)
Seat 4: 83691b0a folded before Flop (didn't bet)
Seat 6: 464a29e5 folded before Flop (didn't bet)


Poker Hand #HD1756973059: Hold'em No Limit ($0.05/$0.1) - 2024/05/03 16:38:14
Table 'NLHRed48' 6-max Seat #6 is the button
Seat 1: Hero ($12.21 in chips)
Seat 2: 4127edfc ($12.08 in chips)
Seat 4: 83691b0a ($6.78 in chips)
Seat 6: 464a29e5 ($2.33 in chips)
Hero: posts small blind $0.05
4127edfc: posts big blind $0.1
*** HOLE CARDS ***
Dealt to Hero [3d Jc]
Dealt to 4127edfc 
Dealt to 83691b0a 
Dealt to 464a29e5 
83691b0a: folds
464a29e5: folds
Hero: folds
Uncalled bet ($0.05) returned to 4127edfc
*** SHOWDOWN ***
4127edfc collected $0.1 from pot
*** SUMMARY ***
Total pot $0.1 | Rake $0 | Jackpot $0 | Bingo $0 | Fortune $0 | Tax $0
Seat 1: Hero (small blind) folded before Flop
Seat 2: 4127edfc (big blind) collected ($0.1)
Seat 4: 83691b0a folded before Flop (didn't bet)
Seat 6: 464a29e5 (button) folded before Flop (didn't bet)


Poker Hand #HD1756973035: Hold'em No Limit ($0.05/$0.1) - 2024/05/03 16:38:02
Table 'NLHRed48' 6-max Seat #4 is the button
Seat 1: Hero ($12.16 in chips)
Seat 2: 4127edfc ($12.08 in chips)
Seat 4: 83691b0a ($6.78 in chips)
Seat 6: 464a29e5 ($2.38 in chips)
464a29e5: posts small blind $0.05
Hero: posts big blind $0.1
*** HOLE CARDS ***
Dealt to Hero [Jd 5h]
Dealt to 4127edfc 
Dealt to 83691b0a 
Dealt to 464a29e5 
4127edfc: folds
83691b0a: folds
464a29e5: folds
Uncalled bet ($0.05) returned to Hero
*** SHOWDOWN ***
Hero collected $0.1 from pot
*** SUMMARY ***
Total pot $0.1 | Rake $0 | Jackpot $0 | Bingo $0 | Fortune $0 | Tax $0
Seat 1: Hero (big blind) collected ($0.1)
Seat 2: 4127edfc folded before Flop (didn't bet)
Seat 4: 83691b0a (button) folded before Flop (didn't bet)
Seat 6: 464a29e5 (small blind) folded before Flop


Poker Hand #HD1756973013: Hold'em No Limit ($0.05/$0.1) - 2024/05/03 16:37:52
Table 'NLHRed48' 6-max Seat #2 is the button
Seat 1: Hero ($12.01 in chips)
Seat 2: 4127edfc ($12.08 in chips)
Seat 4: 83691b0a ($6.83 in chips)
Seat 6: 464a29e5 ($2.48 in chips)
83691b0a: posts small blind $0.05
464a29e5: posts big blind $0.1
*** HOLE CARDS ***
Dealt to Hero [Th Tc]
Dealt to 4127edfc 
Dealt to 83691b0a 
Dealt to 464a29e5 
Hero: raises $0.1 to $0.2
4127edfc: folds
83691b0a: folds
464a29e5: folds
Uncalled bet ($0.1) returned to Hero
*** SHOWDOWN ***
Hero collected $0.25 from pot
*** SUMMARY ***
Total pot $0.25 | Rake $0 | Jackpot $0 | Bingo $0 | Fortune $0 | Tax $0
Seat 1: Hero collected ($0.25)
Seat 2: 4127edfc (button) folded before Flop (didn't bet)
Seat 4: 83691b0a (small blind) folded before Flop
Seat 6: 464a29e5 (big blind) folded before Flop


Poker Hand #HD1756972862: Hold'em No Limit ($0.05/$0.1) - 2024/05/03 16:36:41
Table 'NLHRed48' 6-max Seat #1 is the button
Seat 1: Hero ($12.01 in chips)
Seat 2: 4127edfc ($12.13 in chips)
Seat 4: 83691b0a ($6.69 in chips)
Seat 5: c97455b1 ($17.36 in chips)
Seat 6: 464a29e5 ($2.58 in chips)
4127edfc: posts small blind $0.05
83691b0a: posts big blind $0.1
*** HOLE CARDS ***
Dealt to Hero [Ac 3s]
Dealt to 4127edfc 
Dealt to 83691b0a 
Dealt to c97455b1 
Dealt to 464a29e5 
c97455b1: folds
464a29e5: calls $0.1
Hero: folds
4127edfc: folds
83691b0a: checks
*** FLOP *** [7s 7c Tc]
83691b0a: checks
464a29e5: checks
*** TURN *** [7s 7c Tc] [Js]
83691b0a: checks
464a29e5: checks
*** RIVER *** [7s 7c Tc Js] [4h]
83691b0a: checks
464a29e5: checks
83691b0a: shows [5c Kh] (Pair of Sevens)
464a29e5: shows [8h Qh] (Pair of Sevens)
*** SHOWDOWN ***
83691b0a collected $0.24 from pot
*** SUMMARY ***
Total pot $0.25 | Rake $0.01 | Jackpot $0 | Bingo $0 | Fortune $0 | Tax $0
Board [7s 7c Tc Js 4h]
Seat 1: Hero (button) folded before Flop (didn't bet)
Seat 2: 4127edfc (small blind) folded before Flop
Seat 4: 83691b0a (big blind) showed [5c Kh] and won ($0.24) with Pair of Sevens
Seat 5: c97455b1 folded before Flop (didn't bet)
Seat 6: 464a29e5 showed [8h Qh] and lost with Pair of Sevens


Poker Hand #HD1756972840: Hold'em No Limit ($0.05/$0.1) - 2024/05/03 16:36:30
Table 'NLHRed48' 6-max Seat #6 is the button
Seat 1: Hero ($12.06 in chips)
Seat 2: 4127edfc ($12.08 in chips)
Seat 3: 99ea293e ($29.16 in chips)
Seat 4: 83691b0a ($6.69 in chips)
Seat 5: c97455b1 ($17.36 in chips)
Seat 6: 464a29e5 ($2.58 in chips)
Hero: posts small blind $0.05
4127edfc: posts big blind $0.1
*** HOLE CARDS ***
Dealt to Hero [4s 7c]
Dealt to 4127edfc 
Dealt to 99ea293e 
Dealt to 83691b0a 
Dealt to c97455b1 
Dealt to 464a29e5 
99ea293e: folds
83691b0a: folds
c97455b1: folds
464a29e5: folds
Hero: folds
Uncalled bet ($0.05) returned to 4127edfc
*** SHOWDOWN ***
4127edfc collected $0.1 from pot
*** SUMMARY ***
Total pot $0.1 | Rake $0 | Jackpot $0 | Bingo $0 | Fortune $0 | Tax $0
Seat 1: Hero (small blind) folded before Flop
Seat 2: 4127edfc (big blind) collected ($0.1)
Seat 3: 99ea293e folded before Flop (didn't bet)
Seat 4: 83691b0a folded before Flop (didn't bet)
Seat 5: c97455b1 folded before Flop (didn't bet)
Seat 6: 464a29e5 (button) folded before Flop (didn't bet)


Poker Hand #HD1756972723: Hold'em No Limit ($0.05/$0.1) - 2024/05/03 16:35:37
Table 'NLHRed48' 6-max Seat #5 is the button
Seat 1: Hero ($12.16 in chips)
Seat 2: 4127edfc ($12.08 in chips)
Seat 3: 99ea293e ($29.16 in chips)
Seat 4: 83691b0a ($5.76 in chips)
Seat 5: c97455b1 ($17.81 in chips)
Seat 6: 464a29e5 ($3.03 in chips)
464a29e5: posts small blind $0.05
Hero: posts big blind $0.1
*** HOLE CARDS ***
Dealt to Hero [Ks 9c]
Dealt to 4127edfc 
Dealt to 99ea293e 
Dealt to 83691b0a 
Dealt to c97455b1 
Dealt to 464a29e5 
4127edfc: folds
99ea293e: folds
83691b0a: calls $0.1
c97455b1: raises $0.35 to $0.45
464a29e5: calls $0.4
Hero: folds
83691b0a: raises $5.31 to $5.76 and is all-in
c97455b1: folds
464a29e5: folds
Uncalled bet ($5.31) returned to 83691b0a
*** SHOWDOWN ***
83691b0a collected $1.38 from pot
*** SUMMARY ***
Total pot $1.45 | Rake $0.07 | Jackpot $0 | Bingo $0 | Fortune $0 | Tax $0
Seat 1: Hero (big blind) folded before Flop
Seat 2: 4127edfc folded before Flop (didn't bet)
Seat 3: 99ea293e folded before Flop (didn't bet)
Seat 4: 83691b0a collected ($1.38)
Seat 5: c97455b1 (button) folded before Flop
Seat 6: 464a29e5 (small blind) folded before Flop


Poker Hand #HD1756972689: Hold'em No Limit ($0.05/$0.1) - 2024/05/03 16:35:18
Table 'NLHRed48' 6-max Seat #4 is the button
Seat 1: Hero ($12.16 in chips)
Seat 2: 4127edfc ($12.08 in chips)
Seat 3: 99ea293e ($29.16 in chips)
Seat 4: 83691b0a ($5.76 in chips)
Seat 5: c97455b1 ($17.71 in chips)
Seat 6: 464a29e5 ($3.13 in chips)
c97455b1: posts small blind $0.05
464a29e5: posts big blind $0.1
*** HOLE CARDS ***
Dealt to Hero [Qs 2s]
Dealt to 4127edfc 
Dealt to 99ea293e 
Dealt to 83691b0a 
Dealt to c97455b1 
Dealt to 464a29e5 
Hero: folds
4127edfc: folds
99ea293e: folds
83691b0a: folds
c97455b1: raises $0.2 to $0.3
464a29e5: folds
Uncalled bet ($0.2) returned to c97455b1
*** SHOWDOWN ***
c97455b1 collected $0.2 from pot
*** SUMMARY ***
Total pot $0.2 | Rake $0 | Jackpot $0 | Bingo $0 | Fortune $0 | Tax $0
Seat 1: Hero folded before Flop (didn't bet)
Seat 2: 4127edfc folded before Flop (didn't bet)
Seat 3: 99ea293e folded before Flop (didn't bet)
Seat 4: 83691b0a (button) folded before Flop (didn't bet)
Seat 5: c97455b1 (small blind) collected ($0.2)
Seat 6: 464a29e5 (big blind) folded before Flop


Poker Hand #HD1756972601: Hold'em No Limit ($0.05/$0.1) - 2024/05/03 16:34:35
Table 'NLHRed48' 6-max Seat #3 is the button
Seat 1: Hero ($12.36 in chips)
Seat 2: 4127edfc ($12.08 in chips)
Seat 3: 99ea293e ($29.16 in chips)
Seat 4: 83691b0a ($5.81 in chips)
Seat 5: c97455b1 ($17.48 in chips)
Seat 6: 464a29e5 ($3.13 in chips)
83691b0a: posts small blind $0.05
c97455b1: posts big blind $0.1
*** HOLE CARDS ***
Dealt to Hero [6s 6c]
Dealt to 4127edfc 
Dealt to 99ea293e 
Dealt to 83691b0a 
Dealt to c97455b1 
Dealt to 464a29e5 
464a29e5: folds
Hero: raises $0.1 to $0.2
4127edfc: folds
99ea293e: folds
83691b0a: folds
c97455b1: calls $0.1
*** FLOP *** [Jc Qh 7h]
c97455b1: checks
Hero: checks
*** TURN *** [Jc Qh 7h] [8h]
c97455b1: checks
Hero: checks
*** RIVER *** [Jc Qh 7h 8h] [Tc]
c97455b1: bets $0.15
Hero: folds
Uncalled bet ($0.15) returned to c97455b1
*** SHOWDOWN ***
c97455b1 collected $0.43 from pot
*** SUMMARY ***
Total pot $0.45 | Rake $0.02 | Jackpot $0 | Bingo $0 | Fortune $0 | Tax $0
Board [Jc Qh 7h 8h Tc]
Seat 1: Hero folded on the River
Seat 2: 4127edfc folded before Flop (didn't bet)
Seat 3: 99ea293e (button) folded before Flop (didn't bet)
Seat 4: 83691b0a (small blind) folded before Flop
Seat 5: c97455b1 (big blind) won ($0.43)
Seat 6: 464a29e5 folded before Flop (didn't bet)


Poker Hand #HD1756972547: Hold'em No Limit ($0.05/$0.1) - 2024/05/03 16:34:12
Table 'NLHRed48' 6-max Seat #2 is the button
Seat 1: Hero ($12.36 in chips)
Seat 2: 4127edfc ($12.08 in chips)
Seat 3: 99ea293e ($29.21 in chips)
Seat 4: 83691b0a ($5.91 in chips)
Seat 5: c97455b1 ($17.48 in chips)
Seat 6: 464a29e5 ($2.98 in chips)
99ea293e: posts small blind $0.05
83691b0a: posts big blind $0.1
*** HOLE CARDS ***
Dealt to Hero [Ah 4c]
Dealt to 4127edfc 
Dealt to 99ea293e 
Dealt to 83691b0a 
Dealt to c97455b1 
Dealt to 464a29e5 
c97455b1: folds
464a29e5: raises $0.1 to $0.2
Hero: folds
4127edfc: folds
99ea293e: folds
83691b0a: folds
Uncalled bet ($0.1) returned to 464a29e5
*** SHOWDOWN ***
464a29e5 collected $0.25 from pot
*** SUMMARY ***
Total pot $0.25 | Rake $0 | Jackpot $0 | Bingo $0 | Fortune $0 | Tax $0
Seat 1: Hero folded before Flop (didn't bet)
Seat 2: 4127edfc (button) folded before Flop (didn't bet)
Seat 3: 99ea293e (small blind) folded before Flop
Seat 4: 83691b0a (big blind) folded before Flop
Seat 5: c97455b1 folded before Flop (didn't bet)
Seat 6: 464a29e5 collected ($0.25)


Poker Hand #HD1756972372: Hold'em No Limit ($0.05/$0.1) - 2024/05/03 16:32:49
Table 'NLHRed48' 6-max Seat #1 is the button
Seat 1: Hero ($12.36 in chips)
Seat 2: 4127edfc ($13.08 in chips)
Seat 3: 99ea293e ($26.1 in chips)
Seat 4: 83691b0a ($8.41 in chips)
Seat 5: c97455b1 ($17.48 in chips)
Seat 6: 464a29e5 ($2.98 in chips)
4127edfc: posts small blind $0.05
99ea293e: posts big blind $0.1
*** HOLE CARDS ***
Dealt to Hero [3d Jd]
Dealt to 4127edfc 
Dealt to 99ea293e 
Dealt to 83691b0a 
Dealt to c97455b1 
Dealt to 464a29e5 
83691b0a: calls $0.1
c97455b1: folds
464a29e5: folds
Hero: folds
4127edfc: raises $0.4 to $0.5
99ea293e: calls $0.4
83691b0a: calls $0.4
*** FLOP *** [6c 2d 9c]
4127edfc: bets $0.5
99ea293e: calls $0.5
83691b0a: calls $0.5
*** TURN *** [6c 2d 9c] [6s]
4127edfc: checks
99ea293e: bets $0.75
83691b0a: raises $0.75 to $1.5
4127edfc: folds
99ea293e: calls $0.75
*** RIVER *** [6c 2d 9c 6s] [Jh]
99ea293e: checks
83691b0a: checks
99ea293e: shows [8s 8d] (Pair of Eights and Pair of Sixes)
83691b0a: shows [3s 2c] (Pair of Sixes and Pair of Twos)
*** SHOWDOWN ***
99ea293e collected $5.61 from pot
*** SUMMARY ***
Total pot $6 | Rake $0.29 | Jackpot $0.1 | Bingo $0 | Fortune $0 | Tax $0
Board [6c 2d 9c 6s Jh]
Seat 1: Hero (button) folded before Flop (didn't bet)
Seat 2: 4127edfc (small blind) folded on the Turn
Seat 3: 99ea293e (big blind) showed [8s 8d] and won ($5.61) with Pair of Eights and Pair of Sixes
Seat 4: 83691b0a showed [3s 2c] and lost with Pair of Sixes and Pair of Twos
Seat 5: c97455b1 folded before Flop (didn't bet)
Seat 6: 464a29e5 folded before Flop (didn't bet)


Poker Hand #HD1756972199: Hold'em No Limit ($0.05/$0.1) - 2024/05/03 16:31:19
Table 'NLHRed48' 6-max Seat #6 is the button
Seat 1: Hero ($12.41 in chips)
Seat 2: 4127edfc ($13.7 in chips)
Seat 3: 99ea293e ($24.9 in chips)
Seat 4: 83691b0a ($9.03 in chips)
Seat 5: c97455b1 ($17.48 in chips)
Seat 6: 464a29e5 ($2.98 in chips)
Hero: posts small blind $0.05
4127edfc: posts big blind $0.1
*** HOLE CARDS ***
Dealt to Hero [6c Kc]
Dealt to 4127edfc 
Dealt to 99ea293e 
Dealt to 83691b0a 
Dealt to c97455b1 
Dealt to 464a29e5 
99ea293e: raises $0.2 to $0.3
83691b0a: calls $0.3
c97455b1: folds
464a29e5: folds
Hero: folds
4127edfc: calls $0.2
*** FLOP *** [9h Ad 8d]
4127edfc: checks
99ea293e: checks
83691b0a: checks
*** TURN *** [9h Ad 8d] [8s]
4127edfc: checks
99ea293e: checks
83691b0a: checks
*** RIVER *** [9h Ad 8d 8s] [Ts]
4127edfc: checks
99ea293e: checks
83691b0a: bets $0.32
4127edfc: calls $0.32
99ea293e: calls $0.32
83691b0a: shows [Jc Tc] (Pair of Tens and Pair of Eights)
4127edfc: shows [Kd 9d] (Pair of Nines and Pair of Eights)
99ea293e: shows [Qs Ac] (Pair of Aces and Pair of Eights)
*** SHOWDOWN ***
99ea293e collected $1.82 from pot
*** SUMMARY ***
Total pot $1.91 | Rake $0.09 | Jackpot $0 | Bingo $0 | Fortune $0 | Tax $0
Board [9h Ad 8d 8s Ts]
Seat 1: Hero (small blind) folded before Flop
Seat 2: 4127edfc (big blind) showed [Kd 9d] and lost with Pair of Nines and Pair of Eights
Seat 3: 99ea293e showed [Qs Ac] and won ($1.82) with Pair of Aces and Pair of Eights
Seat 4: 83691b0a showed [Jc Tc] and lost with Pair of Tens and Pair of Eights
Seat 5: c97455b1 folded before Flop (didn't bet)
Seat 6: 464a29e5 (button) folded before Flop (didn't bet)


Poker Hand #HD1756972153: Hold'em No Limit ($0.05/$0.1) - 2024/05/03 16:30:52
Table 'NLHRed48' 6-max Seat #5 is the button
Seat 1: Hero ($12.51 in chips)
Seat 2: 4127edfc ($13.7 in chips)
Seat 3: 99ea293e ($24.9 in chips)
Seat 4: 83691b0a ($9.03 in chips)
Seat 5: c97455b1 ($17.48 in chips)
Seat 6: 464a29e5 ($2.89 in chips)
464a29e5: posts small blind $0.05
Hero: posts big blind $0.1
*** HOLE CARDS ***
Dealt to Hero [5s 3c]
Dealt to 4127edfc 
Dealt to 99ea293e 
Dealt to 83691b0a 
Dealt to c97455b1 
Dealt to 464a29e5 
4127edfc: folds
99ea293e: folds
83691b0a: folds
c97455b1: folds
464a29e5: calls $0.05
Hero: checks
*** FLOP *** [Qs 8s 4s]
464a29e5: bets $0.2
Hero: folds
Uncalled bet ($0.2) returned to 464a29e5
*** SHOWDOWN ***
464a29e5 collected $0.19 from pot
*** SUMMARY ***
Total pot $0.2 | Rake $0.01 | Jackpot $0 | Bingo $0 | Fortune $0 | Tax $0
Board [Qs 8s 4s]
Seat 1: Hero (big blind) folded on the Flop
Seat 2: 4127edfc folded before Flop (didn't bet)
Seat 3: 99ea293e folded before Flop (didn't bet)
Seat 4: 83691b0a folded before Flop (didn't bet)
Seat 5: c97455b1 (button) folded before Flop (didn't bet)
Seat 6: 464a29e5 (small blind) won ($0.19)


Poker Hand #HD1756972055: Hold'em No Limit ($0.05/$0.1) - 2024/05/03 16:30:10
Table 'NLHRed48' 6-max Seat #4 is the button
Seat 1: Hero ($12.51 in chips)
Seat 2: 4127edfc ($13.7 in chips)
Seat 3: 99ea293e ($25.1 in chips)
Seat 4: 83691b0a ($9.03 in chips)
Seat 5: c97455b1 ($17.53 in chips)
Seat 6: 464a29e5 ($2.66 in chips)
c97455b1: posts small blind $0.05
464a29e5: posts big blind $0.1
*** HOLE CARDS ***
Dealt to Hero [8h 4c]
Dealt to 4127edfc 
Dealt to 99ea293e 
Dealt to 83691b0a 
Dealt to c97455b1 
Dealt to 464a29e5 
Hero: folds
4127edfc: folds
99ea293e: raises $0.1 to $0.2
83691b0a: folds
c97455b1: folds
464a29e5: calls $0.1
*** FLOP *** [Jd Qc Jc]
464a29e5: bets $0.23
99ea293e: folds
Uncalled bet ($0.23) returned to 464a29e5
*** SHOWDOWN ***
464a29e5 collected $0.43 from pot
*** SUMMARY ***
Total pot $0.45 | Rake $0.02 | Jackpot $0 | Bingo $0 | Fortune $0 | Tax $0
Board [Jd Qc Jc]
Seat 1: Hero folded before Flop (didn't bet)
Seat 2: 4127edfc folded before Flop (didn't bet)
Seat 3: 99ea293e folded on the Flop
Seat 4: 83691b0a (button) folded before Flop (didn't bet)
Seat 5: c97455b1 (small blind) folded before Flop
Seat 6: 464a29e5 (big blind) won ($0.43)


Poker Hand #HD1756972028: Hold'em No Limit ($0.05/$0.1) - 2024/05/03 16:29:58
Table 'NLHRed48' 6-max Seat #3 is the button
Seat 1: Hero ($12.51 in chips)
Seat 2: 4127edfc ($13.7 in chips)
Seat 3: 99ea293e ($25.1 in chips)
Seat 4: 83691b0a ($9.08 in chips)
Seat 5: c97455b1 ($17.48 in chips)
Seat 6: 464a29e5 ($2.66 in chips)
83691b0a: posts small blind $0.05
c97455b1: posts big blind $0.1
*** HOLE CARDS ***
Dealt to Hero [2c 5d]
Dealt to 4127edfc 
Dealt to 99ea293e 
Dealt to 83691b0a 
Dealt to c97455b1 
Dealt to 464a29e5 
464a29e5: folds
Hero: folds
4127edfc: folds
99ea293e: folds
83691b0a: folds
Uncalled bet ($0.05) returned to c97455b1
*** SHOWDOWN ***
c97455b1 collected $0.1 from pot
*** SUMMARY ***
Total pot $0.1 | Rake $0 | Jackpot $0 | Bingo $0 | Fortune $0 | Tax $0
Seat 1: Hero folded before Flop (didn't bet)
Seat 2: 4127edfc folded before Flop (didn't bet)
Seat 3: 99ea293e (button) folded before Flop (didn't bet)
Seat 4: 83691b0a (small blind) folded before Flop
Seat 5: c97455b1 (big blind) collected ($0.1)
Seat 6: 464a29e5 folded before Flop (didn't bet)


Poker Hand #HD1756971991: Hold'em No Limit ($0.05/$0.1) - 2024/05/03 16:29:39
Table 'NLHRed48' 6-max Seat #2 is the button
Seat 1: Hero ($12.36 in chips)
Seat 2: 4127edfc ($13.7 in chips)
Seat 3: 99ea293e ($25.15 in chips)
Seat 4: 83691b0a ($9.18 in chips)
Seat 5: c97455b1 ($17.48 in chips)
Seat 6: 464a29e5 ($2.66 in chips)
99ea293e: posts small blind $0.05
83691b0a: posts big blind $0.1
*** HOLE CARDS ***
Dealt to Hero [Qh Kh]
Dealt to 4127edfc 
Dealt to 99ea293e 
Dealt to 83691b0a 
Dealt to c97455b1 
Dealt to 464a29e5 
c97455b1: folds
464a29e5: folds
Hero: raises $0.14 to $0.24
4127edfc: folds
99ea293e: folds
83691b0a: folds
Uncalled bet ($0.14) returned to Hero
*** SHOWDOWN ***
Hero collected $0.25 from pot
*** SUMMARY ***
Total pot $0.25 | Rake $0 | Jackpot $0 | Bingo $0 | Fortune $0 | Tax $0
Seat 1: Hero collected ($0.25)
Seat 2: 4127edfc (button) folded before Flop (didn't bet)
Seat 3: 99ea293e (small blind) folded before Flop
Seat 4: 83691b0a (big blind) folded before Flop
Seat 5: c97455b1 folded before Flop (didn't bet)
Seat 6: 464a29e5 folded before Flop (didn't bet)


Poker Hand #HD1756971860: Hold'em No Limit ($0.05/$0.1) - 2024/05/03 16:28:32
Table 'NLHRed48' 6-max Seat #1 is the button
Seat 1: Hero ($11.48 in chips)
Seat 2: 4127edfc ($13.75 in chips)
Seat 3: 99ea293e ($25.25 in chips)
Seat 4: 83691b0a ($10 in chips)
Seat 5: c97455b1 ($17.48 in chips)
Seat 6: 464a29e5 ($2.66 in chips)
4127edfc: posts small blind $0.05
99ea293e: posts big blind $0.1
*** HOLE CARDS ***
Dealt to Hero [Ad Ac]
Dealt to 4127edfc 
Dealt to 99ea293e 
Dealt to 83691b0a 
Dealt to c97455b1 
Dealt to 464a29e5 
83691b0a: calls $0.1
c97455b1: folds
464a29e5: folds
Hero: raises $0.3 to $0.4
4127edfc: folds
99ea293e: folds
83691b0a: calls $0.3
*** FLOP *** [As Ts 9d]
83691b0a: checks
Hero: bets $0.42
83691b0a: calls $0.42
*** TURN *** [As Ts 9d] [8c]
83691b0a: checks
Hero: bets $1.39
83691b0a: folds
Uncalled bet ($1.39) returned to Hero
*** SHOWDOWN ***
Hero collected $1.7 from pot
*** SUMMARY ***
Total pot $1.79 | Rake $0.09 | Jackpot $0 | Bingo $0 | Fortune $0 | Tax $0
Board [As Ts 9d 8c]
Seat 1: Hero (button) won ($1.7)
Seat 2: 4127edfc (small blind) folded before Flop
Seat 3: 99ea293e (big blind) folded before Flop
Seat 4: 83691b0a folded on the Turn
Seat 5: c97455b1 folded before Flop (didn't bet)
Seat 6: 464a29e5 folded before Flop (didn't bet)


Poker Hand #HD1756971835: Hold'em No Limit ($0.05/$0.1) - 2024/05/03 16:28:21
Table 'NLHRed48' 6-max Seat #6 is the button
Seat 1: Hero ($11.53 in chips)
Seat 2: 4127edfc ($13.7 in chips)
Seat 3: 99ea293e ($25.25 in chips)
Seat 4: 83691b0a ($10 in chips)
Seat 5: c97455b1 ($17.48 in chips)
Seat 6: 464a29e5 ($2.66 in chips)
Hero: posts small blind $0.05
4127edfc: posts big blind $0.1
*** HOLE CARDS ***
Dealt to Hero [4d 7d]
Dealt to 4127edfc 
Dealt to 99ea293e 
Dealt to 83691b0a 
Dealt to c97455b1 
Dealt to 464a29e5 
99ea293e: folds
83691b0a: folds
c97455b1: folds
464a29e5: folds
Hero: folds
Uncalled bet ($0.05) returned to 4127edfc
*** SHOWDOWN ***
4127edfc collected $0.1 from pot
*** SUMMARY ***
Total pot $0.1 | Rake $0 | Jackpot $0 | Bingo $0 | Fortune $0 | Tax $0
Seat 1: Hero (small blind) folded before Flop
Seat 2: 4127edfc (big blind) collected ($0.1)
Seat 3: 99ea293e folded before Flop (didn't bet)
Seat 4: 83691b0a folded before Flop (didn't bet)
Seat 5: c97455b1 folded before Flop (didn't bet)
Seat 6: 464a29e5 (button) folded before Flop (didn't bet)


Poker Hand #HD1756971760: Hold'em No Limit ($0.05/$0.1) - 2024/05/03 16:27:46
Table 'NLHRed48' 6-max Seat #5 is the button
Seat 1: Hero ($11.73 in chips)
Seat 2: 4127edfc ($13.7 in chips)
Seat 3: 99ea293e ($25.25 in chips)
Seat 5: c97455b1 ($17.48 in chips)
Seat 6: 464a29e5 ($2.48 in chips)
464a29e5: posts small blind $0.05
Hero: posts big blind $0.1
*** HOLE CARDS ***
Dealt to Hero [9c 5c]
Dealt to 4127edfc 
Dealt to 99ea293e 
Dealt to c97455b1 
Dealt to 464a29e5 
4127edfc: folds
99ea293e: folds
c97455b1: folds
464a29e5: raises $0.1 to $0.2
Hero: calls $0.1
*** FLOP *** [6d 3s 3c]
464a29e5: bets $0.2
Hero: folds
Uncalled bet ($0.2) returned to 464a29e5
*** SHOWDOWN ***
464a29e5 collected $0.38 from pot
*** SUMMARY ***
Total pot $0.4 | Rake $0.02 | Jackpot $0 | Bingo $0 | Fortune $0 | Tax $0
Board [6d 3s 3c]
Seat 1: Hero (big blind) folded on the Flop
Seat 2: 4127edfc folded before Flop (didn't bet)
Seat 3: 99ea293e folded before Flop (didn't bet)
Seat 5: c97455b1 (button) folded before Flop (didn't bet)
Seat 6: 464a29e5 (small blind) won ($0.38)


Poker Hand #HD1756971580: Hold'em No Limit ($0.05/$0.1) - 2024/05/03 16:26:17
Table 'NLHRed48' 6-max Seat #4 is the button
Seat 1: Hero ($11.73 in chips)
Seat 2: 4127edfc ($10 in chips)
Seat 3: 99ea293e ($25.25 in chips)
Seat 4: 83691b0a ($4.05 in chips)
Seat 5: c97455b1 ($17.53 in chips)
Seat 6: 464a29e5 ($2.58 in chips)
c97455b1: posts small blind $0.05
464a29e5: posts big blind $0.1
*** HOLE CARDS ***
Dealt to Hero [Tc 3c]
Dealt to 4127edfc 
Dealt to 99ea293e 
Dealt to 83691b0a 
Dealt to c97455b1 
Dealt to 464a29e5 
Hero: folds
4127edfc: raises $0.15 to $0.25
99ea293e: folds
83691b0a: raises $0.15 to $0.4
c97455b1: folds
464a29e5: folds
4127edfc: calls $0.15
*** FLOP *** [4h Qs 4c]
4127edfc: bets $0.48
83691b0a: calls $0.48
*** TURN *** [4h Qs 4c] [9h]
4127edfc: bets $1.44
83691b0a: calls $1.44
*** RIVER *** [4h Qs 4c 9h] [5s]
4127edfc: bets $1.85
83691b0a: calls $1.73 and is all-in
Uncalled bet ($0.12) returned to 4127edfc
4127edfc: shows [9d 9c] (Nines Full over Fours)
83691b0a: shows [Jc Ac] (Pair of Fours)
*** SHOWDOWN ***
4127edfc collected $7.75 from pot
*** SUMMARY ***
Total pot $8.25 | Rake $0.4 | Jackpot $0.1 | Bingo $0 | Fortune $0 | Tax $0
Board [4h Qs 4c 9h 5s]
Seat 1: Hero folded before Flop (didn't bet)
Seat 2: 4127edfc showed [9d 9c] and won ($7.75) with Nines Full over Fours
Seat 3: 99ea293e folded before Flop (didn't bet)
Seat 4: 83691b0a (button) showed [Jc Ac] and lost with Pair of Fours
Seat 5: c97455b1 (small blind) folded before Flop
Seat 6: 464a29e5 (big blind) folded before Flop


Poker Hand #HD1756971526: Hold'em No Limit ($0.05/$0.1) - 2024/05/03 16:25:55
Table 'NLHRed48' 6-max Seat #3 is the button
Seat 1: Hero ($11.73 in chips)
Seat 2: 4127edfc ($10 in chips)
Seat 3: 99ea293e ($25.25 in chips)
Seat 4: 83691b0a ($4.1 in chips)
Seat 5: c97455b1 ($17.63 in chips)
Seat 6: 464a29e5 ($2.43 in chips)
83691b0a: posts small blind $0.05
c97455b1: posts big blind $0.1
*** HOLE CARDS ***
Dealt to Hero [Qc 7h]
Dealt to 4127edfc 
Dealt to 99ea293e 
Dealt to 83691b0a 
Dealt to c97455b1 
Dealt to 464a29e5 
464a29e5: raises $0.1 to $0.2
Hero: folds
4127edfc: folds
99ea293e: folds
83691b0a: folds
c97455b1: folds
Uncalled bet ($0.1) returned to 464a29e5
*** SHOWDOWN ***
464a29e5 collected $0.25 from pot
*** SUMMARY ***
Total pot $0.25 | Rake $0 | Jackpot $0 | Bingo $0 | Fortune $0 | Tax $0
Seat 1: Hero folded before Flop (didn't bet)
Seat 2: 4127edfc folded before Flop (didn't bet)
Seat 3: 99ea293e (button) folded before Flop (didn't bet)
Seat 4: 83691b0a (small blind) folded before Flop
Seat 5: c97455b1 (big blind) folded before Flop
Seat 6: 464a29e5 collected ($0.25)


Poker Hand #HD1756971404: Hold'em No Limit ($0.05/$0.1) - 2024/05/03 16:24:57
Table 'NLHRed48' 6-max Seat #2 is the button
Seat 1: Hero ($11.73 in chips)
Seat 2: 4127edfc ($10 in chips)
Seat 3: 99ea293e ($24.88 in chips)
Seat 4: 83691b0a ($4.2 in chips)
Seat 5: c97455b1 ($17.93 in chips)
Seat 6: 464a29e5 ($2.43 in chips)
99ea293e: posts small blind $0.05
83691b0a: posts big blind $0.1
*** HOLE CARDS ***
Dealt to Hero [5s 2c]
Dealt to 4127edfc 
Dealt to 99ea293e 
Dealt to 83691b0a 
Dealt to c97455b1 
Dealt to 464a29e5 
c97455b1: raises $0.2 to $0.3
464a29e5: folds
Hero: folds
4127edfc: folds
99ea293e: calls $0.25
83691b0a: folds
*** FLOP *** [5h 9c Qs]
99ea293e: checks
c97455b1: checks
*** TURN *** [5h 9c Qs] [Td]
99ea293e: checks
c97455b1: checks
*** RIVER *** [5h 9c Qs Td] [4s]
99ea293e: checks
c97455b1: checks
99ea293e: shows [8c 8h] (Pair of Eights)
c97455b1: shows [7c 7d] (Pair of Sevens)
*** SHOWDOWN ***
99ea293e collected $0.67 from pot
*** SUMMARY ***
Total pot $0.7 | Rake $0.03 | Jackpot $0 | Bingo $0 | Fortune $0 | Tax $0
Board [5h 9c Qs Td 4s]
Seat 1: Hero folded before Flop (didn't bet)
Seat 2: 4127edfc (button) folded before Flop (didn't bet)
Seat 3: 99ea293e (small blind) showed [8c 8h] and won ($0.67) with Pair of Eights
Seat 4: 83691b0a (big blind) folded before Flop
Seat 5: c97455b1 showed [7c 7d] and lost with Pair of Sevens
Seat 6: 464a29e5 folded before Flop (didn't bet)


Poker Hand #HD1756971303: Hold'em No Limit ($0.05/$0.1) - 2024/05/03 16:24:06
Table 'NLHRed48' 6-max Seat #1 is the button
Seat 1: Hero ($11.73 in chips)
Seat 2: 4127edfc ($10 in chips)
Seat 3: 99ea293e ($24.41 in chips)
Seat 5: c97455b1 ($17.93 in chips)
Seat 6: 464a29e5 ($2.68 in chips)
4127edfc: posts small blind $0.05
99ea293e: posts big blind $0.1
464a29e5: posts big blind $0.1
*** HOLE CARDS ***
Dealt to Hero [Qs 5d]
Dealt to 4127edfc 
Dealt to 99ea293e 
Dealt to c97455b1 
Dealt to 464a29e5 
c97455b1: folds
464a29e5: checks
Hero: folds
4127edfc: calls $0.05
99ea293e: checks
*** FLOP *** [6d 3c 9h]
4127edfc: bets $0.15
99ea293e: calls $0.15
464a29e5: calls $0.15
*** TURN *** [6d 3c 9h] [4c]
4127edfc: checks
99ea293e: bets $1.1
464a29e5: folds
4127edfc: folds
Uncalled bet ($1.1) returned to 99ea293e
*** SHOWDOWN ***
99ea293e collected $0.72 from pot
*** SUMMARY ***
Total pot $0.75 | Rake $0.03 | Jackpot $0 | Bingo $0 | Fortune $0 | Tax $0
Board [6d 3c 9h 4c]
Seat 1: Hero (button) folded before Flop (didn't bet)
Seat 2: 4127edfc (small blind) folded on the Turn
Seat 3: 99ea293e (big blind) won ($0.72)
Seat 5: c97455b1 folded before Flop (didn't bet)
Seat 6: 464a29e5 folded on the Turn


Poker Hand #HD1756971257: Hold'em No Limit ($0.05/$0.1) - 2024/05/03 16:23:44
Table 'NLHRed48' 6-max Seat #5 is the button
Seat 1: Hero ($11.78 in chips)
Seat 2: 4127edfc ($10 in chips)
Seat 3: 99ea293e ($24.41 in chips)
Seat 5: c97455b1 ($17.78 in chips)
Hero: posts small blind $0.05
4127edfc: posts big blind $0.1
*** HOLE CARDS ***
Dealt to Hero [Jd Qs]
Dealt to 4127edfc 
Dealt to 99ea293e 
Dealt to c97455b1 
99ea293e: folds
c97455b1: raises $0.2 to $0.3
Hero: folds
4127edfc: folds
Uncalled bet ($0.2) returned to c97455b1
*** SHOWDOWN ***
c97455b1 collected $0.25 from pot
*** SUMMARY ***
Total pot $0.25 | Rake $0 | Jackpot $0 | Bingo $0 | Fortune $0 | Tax $0
Seat 1: Hero (small blind) folded before Flop
Seat 2: 4127edfc (big blind) folded before Flop
Seat 3: 99ea293e folded before Flop (didn't bet)
Seat 5: c97455b1 (button) collected ($0.25)


Poker Hand #HD1756971122: Hold'em No Limit ($0.05/$0.1) - 2024/05/03 16:22:41
Table 'NLHRed48' 6-max Seat #4 is the button
Seat 1: Hero ($12.4 in chips)
Seat 3: 99ea293e ($23.8 in chips)
Seat 4: 88203d88 ($10 in chips)
Seat 5: c97455b1 ($17.83 in chips)
c97455b1: posts small blind $0.05
Hero: posts big blind $0.1
*** HOLE CARDS ***
Dealt to Hero [Qh Jd]
Dealt to 99ea293e 
Dealt to 88203d88 
Dealt to c97455b1 
99ea293e: raises $0.1 to $0.2
88203d88: folds
c97455b1: folds
Hero: calls $0.1
*** FLOP *** [Td 8s 7h]
Hero: checks
99ea293e: bets $0.12
Hero: calls $0.12
*** TURN *** [Td 8s 7h] [Ac]
Hero: checks
99ea293e: checks
*** RIVER *** [Td 8s 7h Ac] [8c]
Hero: bets $0.3
99ea293e: raises $1.45 to $1.75
Hero: folds
Uncalled bet ($1.45) returned to 99ea293e
*** SHOWDOWN ***
99ea293e collected $1.23 from pot
*** SUMMARY ***
Total pot $1.29 | Rake $0.06 | Jackpot $0 | Bingo $0 | Fortune $0 | Tax $0
Board [Td 8s 7h Ac 8c]
Seat 1: Hero (big blind) folded on the River
Seat 3: 99ea293e won ($1.23)
Seat 4: 88203d88 (button) folded before Flop (didn't bet)
Seat 5: c97455b1 (small blind) folded before Flop


Poker Hand #HD1756971069: Hold'em No Limit ($0.05/$0.1) - 2024/05/03 16:22:13
Table 'NLHRed48' 6-max Seat #3 is the button
Seat 1: Hero ($12.25 in chips)
Seat 3: 99ea293e ($23.8 in chips)
Seat 4: 88203d88 ($10 in chips)
Seat 5: c97455b1 ($17.93 in chips)
Seat 6: 8cc07c0b ($7.65 in chips)
88203d88: posts small blind $0.05
c97455b1: posts big blind $0.1
*** HOLE CARDS ***
Dealt to Hero [6d 6h]
Dealt to 99ea293e 
Dealt to 88203d88 
Dealt to c97455b1 
Dealt to 8cc07c0b 
8cc07c0b: folds
Hero: raises $0.1 to $0.2
99ea293e: folds
88203d88: folds
c97455b1: folds
Uncalled bet ($0.1) returned to Hero
*** SHOWDOWN ***
Hero collected $0.25 from pot
*** SUMMARY ***
Total pot $0.25 | Rake $0 | Jackpot $0 | Bingo $0 | Fortune $0 | Tax $0
Seat 1: Hero collected ($0.25)
Seat 3: 99ea293e (button) folded before Flop (didn't bet)
Seat 4: 88203d88 (small blind) folded before Flop
Seat 5: c97455b1 (big blind) folded before Flop
Seat 6: 8cc07c0b folded before Flop (didn't bet)


Poker Hand #HD1756971037: Hold'em No Limit ($0.05/$0.1) - 2024/05/03 16:21:57
Table 'NLHRed48' 6-max Seat #1 is the button
Seat 1: Hero ($12.25 in chips)
Seat 3: 99ea293e ($23.85 in chips)
Seat 4: 88203d88 ($10 in chips)
Seat 5: c97455b1 ($17.93 in chips)
Seat 6: 8cc07c0b ($7.5 in chips)
99ea293e: posts small blind $0.05
88203d88: posts big blind $0.1
*** HOLE CARDS ***
Dealt to Hero [Td Kc]
Dealt to 99ea293e 
Dealt to 88203d88 
Dealt to c97455b1 
Dealt to 8cc07c0b 
c97455b1: folds
8cc07c0b: raises $0.2 to $0.3
Hero: folds
99ea293e: folds
88203d88: folds
Uncalled bet ($0.2) returned to 8cc07c0b
*** SHOWDOWN ***
8cc07c0b collected $0.25 from pot
*** SUMMARY ***
Total pot $0.25 | Rake $0 | Jackpot $0 | Bingo $0 | Fortune $0 | Tax $0
Seat 1: Hero (button) folded before Flop (didn't bet)
Seat 3: 99ea293e (small blind) folded before Flop
Seat 4: 88203d88 (big blind) folded before Flop
Seat 5: c97455b1 folded before Flop (didn't bet)
Seat 6: 8cc07c0b collected ($0.25)


Poker Hand #HD1756970916: Hold'em No Limit ($0.05/$0.1) - 2024/05/03 16:20:58
Table 'NLHRed48' 6-max Seat #6 is the button
Seat 1: Hero ($12.3 in chips)
Seat 3: 99ea293e ($22.54 in chips)
Seat 4: 88203d88 ($10 in chips)
Seat 5: c97455b1 ($17.93 in chips)
Seat 6: 8cc07c0b ($9 in chips)
Hero: posts small blind $0.05
99ea293e: posts big blind $0.1
*** HOLE CARDS ***
Dealt to Hero [7s 8d]
Dealt to 99ea293e 
Dealt to 88203d88 
Dealt to c97455b1 
Dealt to 8cc07c0b 
88203d88: folds
c97455b1: folds
8cc07c0b: raises $0.3 to $0.4
Hero: folds
99ea293e: raises $1.1 to $1.5
8cc07c0b: calls $1.1
*** FLOP *** [6d 4d Ks]
99ea293e: bets $1
8cc07c0b: folds
Uncalled bet ($1) returned to 99ea293e
*** SHOWDOWN ***
99ea293e collected $2.81 from pot
*** SUMMARY ***
Total pot $3.05 | Rake $0.14 | Jackpot $0.1 | Bingo $0 | Fortune $0 | Tax $0
Board [6d 4d Ks]
Seat 1: Hero (small blind) folded before Flop
Seat 3: 99ea293e (big blind) won ($2.81)
Seat 4: 88203d88 folded before Flop (didn't bet)
Seat 5: c97455b1 folded before Flop (didn't bet)
Seat 6: 8cc07c0b (button) folded on the Flop


Poker Hand #HD1756970846: Hold'em No Limit ($0.05/$0.1) - 2024/05/03 16:20:22
Table 'NLHRed48' 6-max Seat #5 is the button
Seat 1: Hero ($12.4 in chips)
Seat 2: a74e32a ($13.5 in chips)
Seat 3: 99ea293e ($22.54 in chips)
Seat 4: 88203d88 ($10 in chips)
Seat 5: c97455b1 ($17.93 in chips)
Seat 6: 8cc07c0b ($8.91 in chips)
8cc07c0b: posts small blind $0.05
Hero: posts big blind $0.1
*** HOLE CARDS ***
Dealt to Hero [7h Qc]
Dealt to a74e32a 
Dealt to 99ea293e 
Dealt to 88203d88 
Dealt to c97455b1 
Dealt to 8cc07c0b 
a74e32a: folds
99ea293e: folds
88203d88: folds
c97455b1: folds
8cc07c0b: calls $0.05
Hero: checks
*** FLOP *** [Kc Qd Jh]
8cc07c0b: checks
Hero: checks
*** TURN *** [Kc Qd Jh] [3d]
8cc07c0b: checks
Hero: checks
*** RIVER *** [Kc Qd Jh 3d] [Ad]
8cc07c0b: bets $0.1
Hero: folds
Uncalled bet ($0.1) returned to 8cc07c0b
*** SHOWDOWN ***
8cc07c0b collected $0.19 from pot
*** SUMMARY ***
Total pot $0.2 | Rake $0.01 | Jackpot $0 | Bingo $0 | Fortune $0 | Tax $0
Board [Kc Qd Jh 3d Ad]
Seat 1: Hero (big blind) folded on the River
Seat 2: a74e32a folded before Flop (didn't bet)
Seat 3: 99ea293e folded before Flop (didn't bet)
Seat 4: 88203d88 folded before Flop (didn't bet)
Seat 5: c97455b1 (button) folded before Flop (didn't bet)
Seat 6: 8cc07c0b (small blind) won ($0.19)


Poker Hand #HD1756970716: Hold'em No Limit ($0.05/$0.1) - 2024/05/03 16:19:16
Table 'NLHRed48' 6-max Seat #4 is the button
Seat 1: Hero ($12.4 in chips)
Seat 2: a74e32a ($13.5 in chips)
Seat 3: 99ea293e ($22.54 in chips)
Seat 4: 88203d88 ($10.14 in chips)
Seat 5: c97455b1 ($17.98 in chips)
Seat 6: 8cc07c0b ($8.63 in chips)
c97455b1: posts small blind $0.05
8cc07c0b: posts big blind $0.1
*** HOLE CARDS ***
Dealt to Hero [6s 9c]
Dealt to a74e32a 
Dealt to 99ea293e 
Dealt to 88203d88 
Dealt to c97455b1 
Dealt to 8cc07c0b 
Hero: folds
a74e32a: folds
99ea293e: folds
88203d88: raises $0.15 to $0.25
c97455b1: folds
8cc07c0b: calls $0.15
*** FLOP *** [9d 3s 5d]
8cc07c0b: checks
88203d88: checks
*** TURN *** [9d 3s 5d] [2s]
8cc07c0b: checks
88203d88: checks
*** RIVER *** [9d 3s 5d 2s] [Ts]
8cc07c0b: checks
88203d88: checks
8cc07c0b: shows [Kc 8s] (King-High)
88203d88: shows [Jd 7d] (Jack-High)
*** SHOWDOWN ***
8cc07c0b collected $0.53 from pot
*** SUMMARY ***
Total pot $0.55 | Rake $0.02 | Jackpot $0 | Bingo $0 | Fortune $0 | Tax $0
Board [9d 3s 5d 2s Ts]
Seat 1: Hero folded before Flop (didn't bet)
Seat 2: a74e32a folded before Flop (didn't bet)
Seat 3: 99ea293e folded before Flop (didn't bet)
Seat 4: 88203d88 (button) showed [Jd 7d] and lost with Jack-High
Seat 5: c97455b1 (small blind) folded before Flop
Seat 6: 8cc07c0b (big blind) showed [Kc 8s] and won ($0.53) with King-High


Poker Hand #HD1756970611: Hold'em No Limit ($0.05/$0.1) - 2024/05/03 16:18:23
Table 'NLHRed48' 6-max Seat #3 is the button
Seat 1: Hero ($12.4 in chips)
Seat 2: a74e32a ($13.5 in chips)
Seat 3: 99ea293e ($22.54 in chips)
Seat 4: 88203d88 ($10.19 in chips)
Seat 5: c97455b1 ($18.08 in chips)
Seat 6: 8cc07c0b ($8.49 in chips)
88203d88: posts small blind $0.05
c97455b1: posts big blind $0.1
*** HOLE CARDS ***
Dealt to Hero [6s 3h]
Dealt to a74e32a 
Dealt to 99ea293e 
Dealt to 88203d88 
Dealt to c97455b1 
Dealt to 8cc07c0b 
8cc07c0b: calls $0.1
Hero: folds
a74e32a: folds
99ea293e: folds
88203d88: folds
c97455b1: checks
*** FLOP *** [9h Qd 8d]
c97455b1: checks
8cc07c0b: checks
*** TURN *** [9h Qd 8d] [Ad]
c97455b1: checks
8cc07c0b: checks
*** RIVER *** [9h Qd 8d Ad] [2c]
c97455b1: checks
8cc07c0b: bets $0.13
c97455b1: folds
Uncalled bet ($0.13) returned to 8cc07c0b
*** SHOWDOWN ***
8cc07c0b collected $0.24 from pot
*** SUMMARY ***
Total pot $0.25 | Rake $0.01 | Jackpot $0 | Bingo $0 | Fortune $0 | Tax $0
Board [9h Qd 8d Ad 2c]
Seat 1: Hero folded before Flop (didn't bet)
Seat 2: a74e32a folded before Flop (didn't bet)
Seat 3: 99ea293e (button) folded before Flop (didn't bet)
Seat 4: 88203d88 (small blind) folded before Flop
Seat 5: c97455b1 (big blind) folded on the River
Seat 6: 8cc07c0b won ($0.24)


Poker Hand #HD1756970498: Hold'em No Limit ($0.05/$0.1) - 2024/05/03 16:17:33
Table 'NLHRed48' 6-max Seat #2 is the button
Seat 1: Hero ($12.4 in chips)
Seat 2: a74e32a ($13.5 in chips)
Seat 3: 99ea293e ($22.64 in chips)
Seat 4: 88203d88 ($10 in chips)
Seat 5: c97455b1 ($18.08 in chips)
Seat 6: 8cc07c0b ($8.59 in chips)
99ea293e: posts small blind $0.05
88203d88: posts big blind $0.1
*** HOLE CARDS ***
Dealt to Hero [6c 9h]
Dealt to a74e32a 
Dealt to 99ea293e 
Dealt to 88203d88 
Dealt to c97455b1 
Dealt to 8cc07c0b 
c97455b1: folds
8cc07c0b: calls $0.1
Hero: folds
a74e32a: folds
99ea293e: calls $0.05
88203d88: checks
*** FLOP *** [Jc 3h 3d]
99ea293e: checks
88203d88: checks
8cc07c0b: checks
*** TURN *** [Jc 3h 3d] [Ah]
99ea293e: checks
88203d88: checks
8cc07c0b: checks
*** RIVER *** [Jc 3h 3d Ah] [Ac]
99ea293e: checks
88203d88: checks
8cc07c0b: checks
99ea293e: shows [Kc Td] (Pair of Aces and Pair of Treys)
88203d88: shows [8c Js] (Pair of Aces and Pair of Jacks)
8cc07c0b: shows [5d Kh] (Pair of Aces and Pair of Treys)
*** SHOWDOWN ***
88203d88 collected $0.29 from pot
*** SUMMARY ***
Total pot $0.3 | Rake $0.01 | Jackpot $0 | Bingo $0 | Fortune $0 | Tax $0
Board [Jc 3h 3d Ah Ac]
Seat 1: Hero folded before Flop (didn't bet)
Seat 2: a74e32a (button) folded before Flop (didn't bet)
Seat 3: 99ea293e (small blind) showed [Kc Td] and lost with Pair of Aces and Pair of Treys
Seat 4: 88203d88 (big blind) showed [8c Js] and won ($0.29) with Pair of Aces and Pair of Jacks
Seat 5: c97455b1 folded before Flop (didn't bet)
Seat 6: 8cc07c0b showed [5d Kh] and lost with Pair of Aces and Pair of Treys


Poker Hand #HD1756970435: Hold'em No Limit ($0.05/$0.1) - 2024/05/03 16:17:01
Table 'NLHRed48' 6-max Seat #1 is the button
Seat 1: Hero ($12.4 in chips)
Seat 2: a74e32a ($14.4 in chips)
Seat 3: 99ea293e ($22.74 in chips)
Seat 4: 88203d88 ($10 in chips)
Seat 5: c97455b1 ($18.08 in chips)
Seat 6: 8cc07c0b ($7.68 in chips)
a74e32a: posts small blind $0.05
99ea293e: posts big blind $0.1
*** HOLE CARDS ***
Dealt to Hero [2h As]
Dealt to a74e32a 
Dealt to 99ea293e 
Dealt to 88203d88 
Dealt to c97455b1 
Dealt to 8cc07c0b 
88203d88: folds
c97455b1: folds
8cc07c0b: calls $0.1
Hero: folds
a74e32a: calls $0.05
99ea293e: checks
*** FLOP *** [2c 8c 8s]
a74e32a: checks
99ea293e: checks
8cc07c0b: checks
*** TURN *** [2c 8c 8s] [3s]
a74e32a: bets $0.23
99ea293e: folds
8cc07c0b: calls $0.23
*** RIVER *** [2c 8c 8s 3s] [Qc]
a74e32a: checks
8cc07c0b: bets $0.57
a74e32a: calls $0.57
8cc07c0b: shows [Qs 5s] (Pair of Queens and Pair of Eights)
a74e32a: shows [2d 5d] (Pair of Eights and Pair of Twos)
*** SHOWDOWN ***
8cc07c0b collected $1.81 from pot
*** SUMMARY ***
Total pot $1.9 | Rake $0.09 | Jackpot $0 | Bingo $0 | Fortune $0 | Tax $0
Board [2c 8c 8s 3s Qc]
Seat 1: Hero (button) folded before Flop (didn't bet)
Seat 2: a74e32a (small blind) showed [2d 5d] and lost with Pair of Eights and Pair of Twos
Seat 3: 99ea293e (big blind) folded on the Turn
Seat 4: 88203d88 folded before Flop (didn't bet)
Seat 5: c97455b1 folded before Flop (didn't bet)
Seat 6: 8cc07c0b showed [Qs 5s] and won ($1.81) with Pair of Queens and Pair of Eights


Poker Hand #HD1756970325: Hold'em No Limit ($0.05/$0.1) - 2024/05/03 16:16:04
Table 'NLHRed48' 6-max Seat #6 is the button
Seat 1: Hero ($11.4 in chips)
Seat 2: a74e32a ($14.5 in chips)
Seat 3: 99ea293e ($22.74 in chips)
Seat 4: 88203d88 ($10 in chips)
Seat 5: c97455b1 ($18.08 in chips)
Seat 6: 8cc07c0b ($8.68 in chips)
Hero: posts small blind $0.05
a74e32a: posts big blind $0.1
*** HOLE CARDS ***
Dealt to Hero [Qc Kc]
Dealt to a74e32a 
Dealt to 99ea293e 
Dealt to 88203d88 
Dealt to c97455b1 
Dealt to 8cc07c0b 
99ea293e: folds
88203d88: folds
c97455b1: folds
8cc07c0b: calls $0.1
Hero: raises $0.3 to $0.4
a74e32a: folds
8cc07c0b: calls $0.3
*** FLOP *** [2c 7c 8s]
Hero: bets $0.6
8cc07c0b: calls $0.6
*** TURN *** [2c 7c 8s] [8d]
Hero: bets $1
8cc07c0b: folds
Uncalled bet ($1) returned to Hero
*** SHOWDOWN ***
Hero collected $2 from pot
*** SUMMARY ***
Total pot $2.1 | Rake $0.1 | Jackpot $0 | Bingo $0 | Fortune $0 | Tax $0
Board [2c 7c 8s 8d]
Seat 1: Hero (small blind) won ($2)
Seat 2: a74e32a (big blind) folded before Flop
Seat 3: 99ea293e folded before Flop (didn't bet)
Seat 4: 88203d88 folded before Flop (didn't bet)
Seat 5: c97455b1 folded before Flop (didn't bet)
Seat 6: 8cc07c0b (button) folded on the Turn


Poker Hand #HD1756970201: Hold'em No Limit ($0.05/$0.1) - 2024/05/03 16:15:05
Table 'NLHRed48' 6-max Seat #5 is the button
Seat 1: Hero ($11.5 in chips)
Seat 2: a74e32a ($13.4 in chips)
Seat 3: 99ea293e ($22.74 in chips)
Seat 4: 88203d88 ($10 in chips)
Seat 5: c97455b1 ($18.08 in chips)
Seat 6: 8cc07c0b ($8.98 in chips)
8cc07c0b: posts small blind $0.05
Hero: posts big blind $0.1
*** HOLE CARDS ***
Dealt to Hero [8h 9s]
Dealt to a74e32a 
Dealt to 99ea293e 
Dealt to 88203d88 
Dealt to c97455b1 
Dealt to 8cc07c0b 
a74e32a: raises $0.2 to $0.3
99ea293e: folds
88203d88: calls $0.3
c97455b1: folds
8cc07c0b: calls $0.25
Hero: folds
*** FLOP *** [3h 2c Ks]
8cc07c0b: checks
a74e32a: checks
88203d88: checks
*** TURN *** [3h 2c Ks] [Ac]
8cc07c0b: checks
a74e32a: bets $0.5
88203d88: calls $0.5
8cc07c0b: folds
*** RIVER *** [3h 2c Ks Ac] [Tc]
a74e32a: checks
88203d88: checks
a74e32a: shows [Kc Ah] (Pair of Aces and Pair of Kings)
88203d88: shows [As 7s] (Pair of Aces)
*** SHOWDOWN ***
a74e32a collected $1.9 from pot
*** SUMMARY ***
Total pot $2 | Rake $0.1 | Jackpot $0 | Bingo $0 | Fortune $0 | Tax $0
Board [3h 2c Ks Ac Tc]
Seat 1: Hero (big blind) folded before Flop
Seat 2: a74e32a showed [Kc Ah] and won ($1.9) with Pair of Aces and Pair of Kings
Seat 3: 99ea293e folded before Flop (didn't bet)
Seat 4: 88203d88 showed [As 7s] and lost with Pair of Aces
Seat 5: c97455b1 (button) folded before Flop (didn't bet)
Seat 6: 8cc07c0b (small blind) folded on the Turn


Poker Hand #HD1756970082: Hold'em No Limit ($0.05/$0.1) - 2024/05/03 16:14:04
Table 'NLHRed48' 6-max Seat #4 is the button
Seat 1: Hero ($10.88 in chips)
Seat 2: a74e32a ($13.4 in chips)
Seat 3: 99ea293e ($22.74 in chips)
Seat 4: 88203d88 ($10 in chips)
Seat 5: c97455b1 ($18.13 in chips)
Seat 6: 8cc07c0b ($9.4 in chips)
c97455b1: posts small blind $0.05
8cc07c0b: posts big blind $0.1
*** HOLE CARDS ***
Dealt to Hero [Qs 9s]
Dealt to a74e32a 
Dealt to 99ea293e 
Dealt to 88203d88 
Dealt to c97455b1 
Dealt to 8cc07c0b 
Hero: raises $0.1 to $0.2
a74e32a: folds
99ea293e: folds
88203d88: calls $0.2
c97455b1: folds
8cc07c0b: calls $0.1
*** FLOP *** [Kh 4c 2h]
8cc07c0b: checks
Hero: checks
88203d88: checks
*** TURN *** [Kh 4c 2h] [4s]
8cc07c0b: checks
Hero: checks
88203d88: checks
*** RIVER *** [Kh 4c 2h 4s] [Qc]
8cc07c0b: bets $0.22
Hero: calls $0.22
88203d88: folds
8cc07c0b: shows [Jh 9h] (Pair of Fours)
Hero: shows [Qs 9s] (Pair of Queens and Pair of Fours)
*** SHOWDOWN ***
Hero collected $1.04 from pot
*** SUMMARY ***
Total pot $1.09 | Rake $0.05 | Jackpot $0 | Bingo $0 | Fortune $0 | Tax $0
Board [Kh 4c 2h 4s Qc]
Seat 1: Hero showed [Qs 9s] and won ($1.04) with Pair of Queens and Pair of Fours
Seat 2: a74e32a folded before Flop (didn't bet)
Seat 3: 99ea293e folded before Flop (didn't bet)
Seat 4: 88203d88 (button) folded on the River
Seat 5: c97455b1 (small blind) folded before Flop
Seat 6: 8cc07c0b (big blind) showed [Jh 9h] and lost with Pair of Fours


Poker Hand #HD1756969976: Hold'em No Limit ($0.05/$0.1) - 2024/05/03 16:13:10
Table 'NLHRed48' 6-max Seat #3 is the button
Seat 1: Hero ($10.88 in chips)
Seat 2: a74e32a ($13.4 in chips)
Seat 3: 99ea293e ($22.74 in chips)
Seat 4: 88203d88 ($10.05 in chips)
Seat 5: c97455b1 ($18.33 in chips)
Seat 6: 8cc07c0b ($8.22 in chips)
88203d88: posts small blind $0.05
c97455b1: posts big blind $0.1
*** HOLE CARDS ***
Dealt to Hero [7d As]
Dealt to a74e32a 
Dealt to 99ea293e 
Dealt to 88203d88 
Dealt to c97455b1 
Dealt to 8cc07c0b 
8cc07c0b: raises $0.1 to $0.2
Hero: folds
a74e32a: folds
99ea293e: folds
88203d88: calls $0.15
c97455b1: calls $0.1
*** FLOP *** [9c Ts Qc]
88203d88: checks
c97455b1: checks
8cc07c0b: checks
*** TURN *** [9c Ts Qc] [5h]
88203d88: bets $0.3
c97455b1: folds
8cc07c0b: calls $0.3
*** RIVER *** [9c Ts Qc 5h] [8s]
88203d88: bets $0.6
8cc07c0b: raises $1.2 to $1.8
88203d88: folds
Uncalled bet ($1.2) returned to 8cc07c0b
8cc07c0b: shows [Jd] (Queens-High Straight)
*** SHOWDOWN ***
8cc07c0b collected $2.28 from pot
*** SUMMARY ***
Total pot $2.4 | Rake $0.12 | Jackpot $0 | Bingo $0 | Fortune $0 | Tax $0
Board [9c Ts Qc 5h 8s]
Seat 1: Hero folded before Flop (didn't bet)
Seat 2: a74e32a folded before Flop (didn't bet)
Seat 3: 99ea293e (button) folded before Flop (didn't bet)
Seat 4: 88203d88 (small blind) folded on the River
Seat 5: c97455b1 (big blind) folded on the Turn
Seat 6: 8cc07c0b showed [Jd] and won ($2.28)


Poker Hand #HD1756969916: Hold'em No Limit ($0.05/$0.1) - 2024/05/03 16:12:44
Table 'NLHRed48' 6-max Seat #2 is the button
Seat 1: Hero ($10.88 in chips)
Seat 2: a74e32a ($12.14 in chips)
Seat 3: 99ea293e ($22.79 in chips)
Seat 4: 88203d88 ($10.15 in chips)
Seat 5: c97455b1 ($18.33 in chips)
Seat 6: 8cc07c0b ($9.46 in chips)
99ea293e: posts small blind $0.05
88203d88: posts big blind $0.1
*** HOLE CARDS ***
Dealt to Hero [Qd 6d]
Dealt to a74e32a 
Dealt to 99ea293e 
Dealt to 88203d88 
Dealt to c97455b1 
Dealt to 8cc07c0b 
c97455b1: folds
8cc07c0b: calls $0.1
Hero: folds
a74e32a: raises $0.35 to $0.45
99ea293e: folds
88203d88: folds
8cc07c0b: calls $0.35
*** FLOP *** [Js Ts 6c]
8cc07c0b: checks
a74e32a: bets $0.79
8cc07c0b: calls $0.79
*** TURN *** [Js Ts 6c] [2h]
8cc07c0b: checks
a74e32a: bets $2.63
8cc07c0b: folds
Uncalled bet ($2.63) returned to a74e32a
*** SHOWDOWN ***
a74e32a collected $2.5 from pot
*** SUMMARY ***
Total pot $2.63 | Rake $0.13 | Jackpot $0 | Bingo $0 | Fortune $0 | Tax $0
Board [Js Ts 6c 2h]
Seat 1: Hero folded before Flop (didn't bet)
Seat 2: a74e32a (button) won ($2.5)
Seat 3: 99ea293e (small blind) folded before Flop
Seat 4: 88203d88 (big blind) folded before Flop
Seat 5: c97455b1 folded before Flop (didn't bet)
Seat 6: 8cc07c0b folded on the Turn


Poker Hand #HD1756969894: Hold'em No Limit ($0.05/$0.1) - 2024/05/03 16:12:33
Table 'NLHRed48' 6-max Seat #1 is the button
Seat 1: Hero ($10.88 in chips)
Seat 2: a74e32a ($12.04 in chips)
Seat 3: 99ea293e ($22.89 in chips)
Seat 4: 88203d88 ($10.15 in chips)
Seat 5: c97455b1 ($18.33 in chips)
Seat 6: 8cc07c0b ($9.46 in chips)
a74e32a: posts small blind $0.05
99ea293e: posts big blind $0.1
*** HOLE CARDS ***
Dealt to Hero [8c 4c]
Dealt to a74e32a 
Dealt to 99ea293e 
Dealt to 88203d88 
Dealt to c97455b1 
Dealt to 8cc07c0b 
88203d88: folds
c97455b1: folds
8cc07c0b: folds
Hero: folds
a74e32a: raises $0.2 to $0.3
99ea293e: folds
Uncalled bet ($0.2) returned to a74e32a
*** SHOWDOWN ***
a74e32a collected $0.2 from pot
*** SUMMARY ***
Total pot $0.2 | Rake $0 | Jackpot $0 | Bingo $0 | Fortune $0 | Tax $0
Seat 1: Hero (button) folded before Flop (didn't bet)
Seat 2: a74e32a (small blind) collected ($0.2)
Seat 3: 99ea293e (big blind) folded before Flop
Seat 4: 88203d88 folded before Flop (didn't bet)
Seat 5: c97455b1 folded before Flop (didn't bet)
Seat 6: 8cc07c0b folded before Flop (didn't bet)


Poker Hand #HD1756969846: Hold'em No Limit ($0.05/$0.1) - 2024/05/03 16:12:10
Table 'NLHRed48' 6-max Seat #6 is the button
Seat 1: Hero ($10.93 in chips)
Seat 2: a74e32a ($12.34 in chips)
Seat 3: 99ea293e ($22.89 in chips)
Seat 4: 88203d88 ($10.15 in chips)
Seat 5: c97455b1 ($18.01 in chips)
Seat 6: 8cc07c0b ($9.46 in chips)
Hero: posts small blind $0.05
a74e32a: posts big blind $0.1
*** HOLE CARDS ***
Dealt to Hero [Td 5h]
Dealt to a74e32a 
Dealt to 99ea293e 
Dealt to 88203d88 
Dealt to c97455b1 
Dealt to 8cc07c0b 
99ea293e: folds
88203d88: folds
c97455b1: raises $0.2 to $0.3
8cc07c0b: folds
Hero: folds
a74e32a: calls $0.2
*** FLOP *** [Ah 4s Ac]
a74e32a: checks
c97455b1: bets $0.22
a74e32a: folds
Uncalled bet ($0.22) returned to c97455b1
*** SHOWDOWN ***
c97455b1 collected $0.62 from pot
*** SUMMARY ***
Total pot $0.65 | Rake $0.03 | Jackpot $0 | Bingo $0 | Fortune $0 | Tax $0
Board [Ah 4s Ac]
Seat 1: Hero (small blind) folded before Flop
Seat 2: a74e32a (big blind) folded on the Flop
Seat 3: 99ea293e folded before Flop (didn't bet)
Seat 4: 88203d88 folded before Flop (didn't bet)
Seat 5: c97455b1 won ($0.62)
Seat 6: 8cc07c0b (button) folded before Flop (didn't bet)


Poker Hand #HD1756969762: Hold'em No Limit ($0.05/$0.1) - 2024/05/03 16:11:27
Table 'NLHRed48' 6-max Seat #5 is the button
Seat 1: Hero ($11.03 in chips)
Seat 2: a74e32a ($12.19 in chips)
Seat 3: 99ea293e ($22.89 in chips)
Seat 4: 88203d88 ($10 in chips)
Seat 5: c97455b1 ($18.01 in chips)
Seat 6: 8cc07c0b ($9.76 in chips)
8cc07c0b: posts small blind $0.05
Hero: posts big blind $0.1
*** HOLE CARDS ***
Dealt to Hero [2d 5c]
Dealt to a74e32a 
Dealt to 99ea293e 
Dealt to 88203d88 
Dealt to c97455b1 
Dealt to 8cc07c0b 
a74e32a: raises $0.2 to $0.3
99ea293e: folds
88203d88: calls $0.3
c97455b1: folds
8cc07c0b: calls $0.25
Hero: folds
*** FLOP *** [Jh Td 3d]
8cc07c0b: checks
a74e32a: checks
88203d88: checks
*** TURN *** [Jh Td 3d] [Qd]
8cc07c0b: checks
a74e32a: bets $0.5
88203d88: calls $0.5
8cc07c0b: folds
*** RIVER *** [Jh Td 3d Qd] [Ts]
a74e32a: checks
88203d88: checks
a74e32a: shows [Qs Kd] (Pair of Queens and Pair of Tens)
88203d88: shows [Qh Kh] (Pair of Queens and Pair of Tens)
*** SHOWDOWN ***
a74e32a collected $0.95 from pot
88203d88 collected $0.95 from pot
*** SUMMARY ***
Total pot $2 | Rake $0.1 | Jackpot $0 | Bingo $0 | Fortune $0 | Tax $0
Board [Jh Td 3d Qd Ts]
Seat 1: Hero (big blind) folded before Flop
Seat 2: a74e32a showed [Qs Kd] and won ($0.95) with Pair of Queens and Pair of Tens
Seat 3: 99ea293e folded before Flop (didn't bet)
Seat 4: 88203d88 showed [Qh Kh] and won ($0.95) with Pair of Queens and Pair of Tens
Seat 5: c97455b1 (button) folded before Flop (didn't bet)
Seat 6: 8cc07c0b (small blind) folded on the Turn


Poker Hand #HD1756969709: Hold'em No Limit ($0.05/$0.1) - 2024/05/03 16:11:03
Table 'NLHRed48' 6-max Seat #4 is the button
Seat 1: Hero ($11.03 in chips)
Seat 2: a74e32a ($12.19 in chips)
Seat 3: 99ea293e ($22.89 in chips)
Seat 4: 88203d88 ($10 in chips)
Seat 5: c97455b1 ($18.06 in chips)
Seat 6: 8cc07c0b ($9.71 in chips)
c97455b1: posts small blind $0.05
8cc07c0b: posts big blind $0.1
*** HOLE CARDS ***
Dealt to Hero [Qs 8d]
Dealt to a74e32a 
Dealt to 99ea293e 
Dealt to 88203d88 
Dealt to c97455b1 
Dealt to 8cc07c0b 
Hero: folds
a74e32a: folds
99ea293e: folds
88203d88: folds
c97455b1: folds
Uncalled bet ($0.05) returned to 8cc07c0b
*** SHOWDOWN ***
8cc07c0b collected $0.1 from pot
*** SUMMARY ***
Total pot $0.1 | Rake $0 | Jackpot $0 | Bingo $0 | Fortune $0 | Tax $0
Seat 1: Hero folded before Flop (didn't bet)
Seat 2: a74e32a folded before Flop (didn't bet)
Seat 3: 99ea293e folded before Flop (didn't bet)
Seat 4: 88203d88 (button) folded before Flop (didn't bet)
Seat 5: c97455b1 (small blind) folded before Flop
Seat 6: 8cc07c0b (big blind) collected ($0.1)


Poker Hand #HD1756969626: Hold'em No Limit ($0.05/$0.1) - 2024/05/03 16:10:27
Table 'NLHRed48' 6-max Seat #3 is the button
Seat 1: Hero ($11.03 in chips)
Seat 2: a74e32a ($12.19 in chips)
Seat 3: 99ea293e ($22.89 in chips)
Seat 4: 88203d88 ($10 in chips)
Seat 5: c97455b1 ($17.83 in chips)
Seat 6: 8cc07c0b ($9.91 in chips)
88203d88: posts small blind $0.05
c97455b1: posts big blind $0.1
*** HOLE CARDS ***
Dealt to Hero [Ac 5s]
Dealt to a74e32a 
Dealt to 99ea293e 
Dealt to 88203d88 
Dealt to c97455b1 
Dealt to 8cc07c0b 
8cc07c0b: calls $0.1
Hero: folds
a74e32a: folds
99ea293e: folds
88203d88: folds
c97455b1: checks
*** FLOP *** [Tc 3s 7s]
c97455b1: bets $0.1
8cc07c0b: calls $0.1
*** TURN *** [Tc 3s 7s] [Ts]
c97455b1: bets $0.15
8cc07c0b: folds
Uncalled bet ($0.15) returned to c97455b1
*** SHOWDOWN ***
c97455b1 collected $0.43 from pot
*** SUMMARY ***
Total pot $0.45 | Rake $0.02 | Jackpot $0 | Bingo $0 | Fortune $0 | Tax $0
Board [Tc 3s 7s Ts]
Seat 1: Hero folded before Flop (didn't bet)
Seat 2: a74e32a folded before Flop (didn't bet)
Seat 3: 99ea293e (button) folded before Flop (didn't bet)
Seat 4: 88203d88 (small blind) folded before Flop
Seat 5: c97455b1 (big blind) won ($0.43)
Seat 6: 8cc07c0b folded on the Turn


Poker Hand #HD1756969551: Hold'em No Limit ($0.05/$0.1) - 2024/05/03 16:09:44
Table 'NLHRed48' 6-max Seat #2 is the button
Seat 1: Hero ($11.37 in chips)
Seat 2: a74e32a ($12.19 in chips)
Seat 3: 99ea293e ($22.94 in chips)
Seat 4: 88203d88 ($10 in chips)
Seat 5: c97455b1 ($17.83 in chips)
Seat 6: 8cc07c0b ($9.46 in chips)
99ea293e: posts small blind $0.05
88203d88: posts big blind $0.1
*** HOLE CARDS ***
Dealt to Hero [Th Ad]
Dealt to a74e32a 
Dealt to 99ea293e 
Dealt to 88203d88 
Dealt to c97455b1 
Dealt to 8cc07c0b 
c97455b1: folds
8cc07c0b: calls $0.1
Hero: raises $0.24 to $0.34
a74e32a: folds
99ea293e: folds
88203d88: folds
8cc07c0b: calls $0.24
*** FLOP *** [9c 7h 6c]
8cc07c0b: checks
Hero: checks
*** TURN *** [9c 7h 6c] [4h]
8cc07c0b: checks
Hero: checks
*** RIVER *** [9c 7h 6c 4h] [3h]
8cc07c0b: bets $0.42
Hero: folds
Uncalled bet ($0.42) returned to 8cc07c0b
*** SHOWDOWN ***
8cc07c0b collected $0.79 from pot
*** SUMMARY ***
Total pot $0.83 | Rake $0.04 | Jackpot $0 | Bingo $0 | Fortune $0 | Tax $0
Board [9c 7h 6c 4h 3h]
Seat 1: Hero folded on the River
Seat 2: a74e32a (button) folded before Flop (didn't bet)
Seat 3: 99ea293e (small blind) folded before Flop
Seat 4: 88203d88 (big blind) folded before Flop
Seat 5: c97455b1 folded before Flop (didn't bet)
Seat 6: 8cc07c0b won ($0.79)


Poker Hand #HD1756969516: Hold'em No Limit ($0.05/$0.1) - 2024/05/03 16:09:32
Table 'NLHRed48' 6-max Seat #1 is the button
Seat 1: Hero ($11.37 in chips)
Seat 2: a74e32a ($12.09 in chips)
Seat 3: 99ea293e ($23.04 in chips)
Seat 4: 88203d88 ($10 in chips)
Seat 5: c97455b1 ($17.83 in chips)
Seat 6: 8cc07c0b ($9.46 in chips)
a74e32a: posts small blind $0.05
99ea293e: posts big blind $0.1
*** HOLE CARDS ***
Dealt to Hero [Jh 4h]
Dealt to a74e32a 
Dealt to 99ea293e 
Dealt to 88203d88 
Dealt to c97455b1 
Dealt to 8cc07c0b 
88203d88: folds
c97455b1: folds
8cc07c0b: folds
Hero: folds
a74e32a: raises $0.2 to $0.3
99ea293e: folds
Uncalled bet ($0.2) returned to a74e32a
*** SHOWDOWN ***
a74e32a collected $0.2 from pot
*** SUMMARY ***
Total pot $0.2 | Rake $0 | Jackpot $0 | Bingo $0 | Fortune $0 | Tax $0
Seat 1: Hero (button) folded before Flop (didn't bet)
Seat 2: a74e32a (small blind) collected ($0.2)
Seat 3: 99ea293e (big blind) folded before Flop
Seat 4: 88203d88 folded before Flop (didn't bet)
Seat 5: c97455b1 folded before Flop (didn't bet)
Seat 6: 8cc07c0b folded before Flop (didn't bet)


Poker Hand #HD1756969490: Hold'em No Limit ($0.05/$0.1) - 2024/05/03 16:09:19
Table 'NLHRed48' 6-max Seat #6 is the button
Seat 1: Hero ($11.42 in chips)
Seat 2: a74e32a ($12.04 in chips)
Seat 3: 99ea293e ($23.04 in chips)
Seat 4: 88203d88 ($10 in chips)
Seat 5: c97455b1 ($17.83 in chips)
Seat 6: 8cc07c0b ($9.46 in chips)
Hero: posts small blind $0.05
a74e32a: posts big blind $0.1
*** HOLE CARDS ***
Dealt to Hero [4d 2s]
Dealt to a74e32a 
Dealt to 99ea293e 
Dealt to 88203d88 
Dealt to c97455b1 
Dealt to 8cc07c0b 
99ea293e: folds
88203d88: folds
c97455b1: folds
8cc07c0b: folds
Hero: folds
Uncalled bet ($0.05) returned to a74e32a
*** SHOWDOWN ***
a74e32a collected $0.1 from pot
*** SUMMARY ***
Total pot $0.1 | Rake $0 | Jackpot $0 | Bingo $0 | Fortune $0 | Tax $0
Seat 1: Hero (small blind) folded before Flop
Seat 2: a74e32a (big blind) collected ($0.1)
Seat 3: 99ea293e folded before Flop (didn't bet)
Seat 4: 88203d88 folded before Flop (didn't bet)
Seat 5: c97455b1 folded before Flop (didn't bet)
Seat 6: 8cc07c0b (button) folded before Flop (didn't bet)


Poker Hand #HD1756969429: Hold'em No Limit ($0.05/$0.1) - 2024/05/03 16:08:56
Table 'NLHRed48' 6-max Seat #5 is the button
Seat 1: Hero ($11.52 in chips)
Seat 2: a74e32a ($12.04 in chips)
Seat 3: 99ea293e ($23.04 in chips)
Seat 4: 88203d88 ($10 in chips)
Seat 5: c97455b1 ($17.68 in chips)
Seat 6: 8cc07c0b ($9.51 in chips)
8cc07c0b: posts small blind $0.05
Hero: posts big blind $0.1
*** HOLE CARDS ***
Dealt to Hero [Kh 9s]
Dealt to a74e32a 
Dealt to 99ea293e 
Dealt to 88203d88 
Dealt to c97455b1 
Dealt to 8cc07c0b 
a74e32a: folds
99ea293e: folds
88203d88: folds
c97455b1: raises $0.2 to $0.3
8cc07c0b: folds
Hero: folds
Uncalled bet ($0.2) returned to c97455b1
*** SHOWDOWN ***
c97455b1 collected $0.25 from pot
*** SUMMARY ***
Total pot $0.25 | Rake $0 | Jackpot $0 | Bingo $0 | Fortune $0 | Tax $0
Seat 1: Hero (big blind) folded before Flop
Seat 2: a74e32a folded before Flop (didn't bet)
Seat 3: 99ea293e folded before Flop (didn't bet)
Seat 4: 88203d88 folded before Flop (didn't bet)
Seat 5: c97455b1 (button) collected ($0.25)
Seat 6: 8cc07c0b (small blind) folded before Flop


Poker Hand #HD1756969339: Hold'em No Limit ($0.05/$0.1) - 2024/05/03 16:08:15
Table 'NLHRed48' 6-max Seat #4 is the button
Seat 1: Hero ($11.52 in chips)
Seat 2: a74e32a ($12.04 in chips)
Seat 3: 99ea293e ($23.04 in chips)
Seat 4: 88203d88 ($10.19 in chips)
Seat 5: c97455b1 ($17.73 in chips)
Seat 6: 8cc07c0b ($8.14 in chips)
c97455b1: posts small blind $0.05
8cc07c0b: posts big blind $0.1
*** HOLE CARDS ***
Dealt to Hero [9s 4s]
Dealt to a74e32a 
Dealt to 99ea293e 
Dealt to 88203d88 
Dealt to c97455b1 
Dealt to 8cc07c0b 
Hero: folds
a74e32a: folds
99ea293e: folds
88203d88: raises $0.15 to $0.25
c97455b1: folds
8cc07c0b: calls $0.15
*** FLOP *** [Th 4h 3d]
8cc07c0b: checks
88203d88: bets $0.42
8cc07c0b: calls $0.42
*** TURN *** [Th 4h 3d] [Kc]
8cc07c0b: checks
88203d88: bets $0.9
8cc07c0b: calls $0.9
*** RIVER *** [Th 4h 3d Kc] [9c]
8cc07c0b: checks
88203d88: checks
8cc07c0b: shows [Kd Qh] (Pair of Kings)
88203d88: shows [Ad Tc] (Pair of Tens)
*** SHOWDOWN ***
8cc07c0b collected $2.94 from pot
*** SUMMARY ***
Total pot $3.19 | Rake $0.15 | Jackpot $0.1 | Bingo $0 | Fortune $0 | Tax $0
Board [Th 4h 3d Kc 9c]
Seat 1: Hero folded before Flop (didn't bet)
Seat 2: a74e32a folded before Flop (didn't bet)
Seat 3: 99ea293e folded before Flop (didn't bet)
Seat 4: 88203d88 (button) showed [Ad Tc] and lost with Pair of Tens
Seat 5: c97455b1 (small blind) folded before Flop
Seat 6: 8cc07c0b (big blind) showed [Kd Qh] and won ($2.94) with Pair of Kings


Poker Hand #HD1756969248: Hold'em No Limit ($0.05/$0.1) - 2024/05/03 16:07:26
Table 'NLHRed48' 6-max Seat #3 is the button
Seat 1: Hero ($11.52 in chips)
Seat 2: a74e32a ($11.52 in chips)
Seat 3: 99ea293e ($23.04 in chips)
Seat 4: 88203d88 ($10.24 in chips)
Seat 5: c97455b1 ($18.25 in chips)
Seat 6: 8cc07c0b ($8.14 in chips)
88203d88: posts small blind $0.05
c97455b1: posts big blind $0.1
*** HOLE CARDS ***
Dealt to Hero [8h 9d]
Dealt to a74e32a 
Dealt to 99ea293e 
Dealt to 88203d88 
Dealt to c97455b1 
Dealt to 8cc07c0b 
8cc07c0b: folds
Hero: folds
a74e32a: raises $0.2 to $0.3
99ea293e: folds
88203d88: folds
c97455b1: calls $0.2
*** FLOP *** [8c 3d 5c]
c97455b1: checks
a74e32a: checks
*** TURN *** [8c 3d 5c] [Jc]
c97455b1: checks
a74e32a: checks
*** RIVER *** [8c 3d 5c Jc] [Jd]
c97455b1: checks
a74e32a: bets $0.22
c97455b1: calls $0.22
a74e32a: shows [5s Ah] (Pair of Jacks and Pair of Fives)
c97455b1: shows [4s As] (Pair of Jacks)
*** SHOWDOWN ***
a74e32a collected $1.04 from pot
*** SUMMARY ***
Total pot $1.09 | Rake $0.05 | Jackpot $0 | Bingo $0 | Fortune $0 | Tax $0
Board [8c 3d 5c Jc Jd]
Seat 1: Hero folded before Flop (didn't bet)
Seat 2: a74e32a showed [5s Ah] and won ($1.04) with Pair of Jacks and Pair of Fives
Seat 3: 99ea293e (button) folded before Flop (didn't bet)
Seat 4: 88203d88 (small blind) folded before Flop
Seat 5: c97455b1 (big blind) showed [4s As] and lost with Pair of Jacks
Seat 6: 8cc07c0b folded before Flop (didn't bet)


Poker Hand #HD1756969130: Hold'em No Limit ($0.05/$0.1) - 2024/05/03 16:06:28
Table 'NLHRed48' 6-max Seat #2 is the button
Seat 1: Hero ($11.86 in chips)
Seat 2: a74e32a ($10.21 in chips)
Seat 3: 99ea293e ($23.09 in chips)
Seat 4: 88203d88 ($10.34 in chips)
Seat 5: c97455b1 ($18.25 in chips)
Seat 6: 8cc07c0b ($9.07 in chips)
99ea293e: posts small blind $0.05
88203d88: posts big blind $0.1
*** HOLE CARDS ***
Dealt to Hero [7h 7d]
Dealt to a74e32a 
Dealt to 99ea293e 
Dealt to 88203d88 
Dealt to c97455b1 
Dealt to 8cc07c0b 
c97455b1: folds
8cc07c0b: calls $0.1
Hero: raises $0.24 to $0.34
a74e32a: calls $0.34
99ea293e: folds
88203d88: folds
8cc07c0b: calls $0.24
*** FLOP *** [Qd 2d 5d]
8cc07c0b: checks
Hero: checks
a74e32a: checks
*** TURN *** [Qd 2d 5d] [Tc]
8cc07c0b: checks
Hero: checks
a74e32a: bets $0.59
8cc07c0b: calls $0.59
Hero: folds
*** RIVER *** [Qd 2d 5d Tc] [6h]
8cc07c0b: checks
a74e32a: bets $1.77
8cc07c0b: folds
Uncalled bet ($1.77) returned to a74e32a
*** SHOWDOWN ***
a74e32a collected $2.24 from pot
*** SUMMARY ***
Total pot $2.35 | Rake $0.11 | Jackpot $0 | Bingo $0 | Fortune $0 | Tax $0
Board [Qd 2d 5d Tc 6h]
Seat 1: Hero folded on the Turn
Seat 2: a74e32a (button) won ($2.24)
Seat 3: 99ea293e (small blind) folded before Flop
Seat 4: 88203d88 (big blind) folded before Flop
Seat 5: c97455b1 folded before Flop (didn't bet)
Seat 6: 8cc07c0b folded on the River


Poker Hand #HD1756969073: Hold'em No Limit ($0.05/$0.1) - 2024/05/03 16:06:03
Table 'NLHRed48' 6-max Seat #1 is the button
Seat 1: Hero ($11.86 in chips)
Seat 2: a74e32a ($10.26 in chips)
Seat 3: 99ea293e ($22.94 in chips)
Seat 4: 88203d88 ($10.34 in chips)
Seat 5: c97455b1 ($18.25 in chips)
Seat 6: 8cc07c0b ($9.17 in chips)
a74e32a: posts small blind $0.05
99ea293e: posts big blind $0.1
*** HOLE CARDS ***
Dealt to Hero [9s 4d]
Dealt to a74e32a 
Dealt to 99ea293e 
Dealt to 88203d88 
Dealt to c97455b1 
Dealt to 8cc07c0b 
88203d88: folds
c97455b1: folds
8cc07c0b: calls $0.1
Hero: folds
a74e32a: folds
99ea293e: raises $0.4 to $0.5
8cc07c0b: folds
Uncalled bet ($0.4) returned to 99ea293e
*** SHOWDOWN ***
99ea293e collected $0.25 from pot
*** SUMMARY ***
Total pot $0.25 | Rake $0 | Jackpot $0 | Bingo $0 | Fortune $0 | Tax $0
Seat 1: Hero (button) folded before Flop (didn't bet)
Seat 2: a74e32a (small blind) folded before Flop
Seat 3: 99ea293e (big blind) collected ($0.25)
Seat 4: 88203d88 folded before Flop (didn't bet)
Seat 5: c97455b1 folded before Flop (didn't bet)
Seat 6: 8cc07c0b folded before Flop


Poker Hand #HD1756968907: Hold'em No Limit ($0.05/$0.1) - 2024/05/03 16:04:53
Table 'NLHRed48' 6-max Seat #6 is the button
Seat 1: Hero ($10.1 in chips)
Seat 2: a74e32a ($11.26 in chips)
Seat 3: 99ea293e ($22.94 in chips)
Seat 4: 88203d88 ($10.34 in chips)
Seat 5: c97455b1 ($18.25 in chips)
Seat 6: 8cc07c0b ($10.17 in chips)
Hero: posts small blind $0.05
a74e32a: posts big blind $0.1
*** HOLE CARDS ***
Dealt to Hero [Ts As]
Dealt to a74e32a 
Dealt to 99ea293e 
Dealt to 88203d88 
Dealt to c97455b1 
Dealt to 8cc07c0b 
99ea293e: folds
88203d88: folds
c97455b1: folds
8cc07c0b: calls $0.1
Hero: raises $0.3 to $0.4
a74e32a: calls $0.3
8cc07c0b: calls $0.3
*** FLOP *** [Qs Jd 5h]
Hero: checks
a74e32a: bets $0.6
8cc07c0b: calls $0.6
Hero: calls $0.6
*** TURN *** [Qs Jd 5h] [7h]
Hero: checks
a74e32a: checks
8cc07c0b: checks
*** RIVER *** [Qs Jd 5h 7h] [Jc]
Hero: bets $1.3
a74e32a: folds
8cc07c0b: folds
Uncalled bet ($1.3) returned to Hero
*** SHOWDOWN ***
Hero collected $2.76 from pot
*** SUMMARY ***
Total pot $3 | Rake $0.14 | Jackpot $0.1 | Bingo $0 | Fortune $0 | Tax $0
Board [Qs Jd 5h 7h Jc]
Seat 1: Hero (small blind) won ($2.76)
Seat 2: a74e32a (big blind) folded on the River
Seat 3: 99ea293e folded before Flop (didn't bet)
Seat 4: 88203d88 folded before Flop (didn't bet)
Seat 5: c97455b1 folded before Flop (didn't bet)
Seat 6: 8cc07c0b (button) folded on the River


Poker Hand #HD1756968859: Hold'em No Limit ($0.05/$0.1) - 2024/05/03 16:04:32
Table 'NLHRed48' 6-max Seat #5 is the button
Seat 1: Hero ($10.05 in chips)
Seat 2: a74e32a ($11.26 in chips)
Seat 3: 99ea293e ($22.94 in chips)
Seat 4: 88203d88 ($10.34 in chips)
Seat 5: c97455b1 ($18.25 in chips)
Seat 6: 8cc07c0b ($10.22 in chips)
8cc07c0b: posts small blind $0.05
Hero: posts big blind $0.1
*** HOLE CARDS ***
Dealt to Hero [4d Jh]
Dealt to a74e32a 
Dealt to 99ea293e 
Dealt to 88203d88 
Dealt to c97455b1 
Dealt to 8cc07c0b 
a74e32a: folds
99ea293e: folds
88203d88: folds
c97455b1: folds
8cc07c0b: folds
Uncalled bet ($0.05) returned to Hero
*** SHOWDOWN ***
Hero collected $0.1 from pot
*** SUMMARY ***
Total pot $0.1 | Rake $0 | Jackpot $0 | Bingo $0 | Fortune $0 | Tax $0
Seat 1: Hero (big blind) collected ($0.1)
Seat 2: a74e32a folded before Flop (didn't bet)
Seat 3: 99ea293e folded before Flop (didn't bet)
Seat 4: 88203d88 folded before Flop (didn't bet)
Seat 5: c97455b1 (button) folded before Flop (didn't bet)
Seat 6: 8cc07c0b (small blind) folded before Flop


Poker Hand #HD1756968787: Hold'em No Limit ($0.05/$0.1) - 2024/05/03 16:03:58
Table 'NLHRed48' 6-max Seat #4 is the button
Seat 1: Hero ($10.05 in chips)
Seat 2: a74e32a ($11.78 in chips)
Seat 3: 99ea293e ($22.94 in chips)
Seat 4: 88203d88 ($10.34 in chips)
Seat 5: c97455b1 ($18.3 in chips)
Seat 6: 8cc07c0b ($9.7 in chips)
c97455b1: posts small blind $0.05
8cc07c0b: posts big blind $0.1
*** HOLE CARDS ***
Dealt to Hero [7d Ks]
Dealt to a74e32a 
Dealt to 99ea293e 
Dealt to 88203d88 
Dealt to c97455b1 
Dealt to 8cc07c0b 
Hero: folds
a74e32a: raises $0.2 to $0.3
99ea293e: folds
88203d88: folds
c97455b1: folds
8cc07c0b: calls $0.2
*** FLOP *** [9d 4d 3h]
8cc07c0b: checks
a74e32a: bets $0.22
8cc07c0b: calls $0.22
*** TURN *** [9d 4d 3h] [3s]
8cc07c0b: checks
a74e32a: checks
*** RIVER *** [9d 4d 3h 3s] [Qs]
8cc07c0b: checks
a74e32a: checks
8cc07c0b: shows [9c 5c] (Pair of Nines and Pair of Treys)
a74e32a: shows [Th As] (Pair of Treys)
*** SHOWDOWN ***
8cc07c0b collected $1.04 from pot
*** SUMMARY ***
Total pot $1.09 | Rake $0.05 | Jackpot $0 | Bingo $0 | Fortune $0 | Tax $0
Board [9d 4d 3h 3s Qs]
Seat 1: Hero folded before Flop (didn't bet)
Seat 2: a74e32a showed [Th As] and lost with Pair of Treys
Seat 3: 99ea293e folded before Flop (didn't bet)
Seat 4: 88203d88 (button) folded before Flop (didn't bet)
Seat 5: c97455b1 (small blind) folded before Flop
Seat 6: 8cc07c0b (big blind) showed [9c 5c] and won ($1.04) with Pair of Nines and Pair of Treys


Poker Hand #HD1756968728: Hold'em No Limit ($0.05/$0.1) - 2024/05/03 16:03:32
Table 'NLHRed48' 6-max Seat #3 is the button
Seat 1: Hero ($10.05 in chips)
Seat 2: a74e32a ($11.36 in chips)
Seat 3: 99ea293e ($22.94 in chips)
Seat 4: 88203d88 ($10.39 in chips)
Seat 5: c97455b1 ($18.4 in chips)
Seat 6: 8cc07c0b ($10 in chips)
88203d88: posts small blind $0.05
c97455b1: posts big blind $0.1
*** HOLE CARDS ***
Dealt to Hero [6c 5s]
Dealt to a74e32a 
Dealt to 99ea293e 
Dealt to 88203d88 
Dealt to c97455b1 
Dealt to 8cc07c0b 
8cc07c0b: calls $0.1
Hero: folds
a74e32a: raises $0.2 to $0.3
99ea293e: folds
88203d88: folds
c97455b1: folds
8cc07c0b: calls $0.2
*** FLOP *** [5d Ad 3c]
8cc07c0b: checks
a74e32a: bets $0.38
8cc07c0b: folds
Uncalled bet ($0.38) returned to a74e32a
*** SHOWDOWN ***
a74e32a collected $0.72 from pot
*** SUMMARY ***
Total pot $0.75 | Rake $0.03 | Jackpot $0 | Bingo $0 | Fortune $0 | Tax $0
Board [5d Ad 3c]
Seat 1: Hero folded before Flop (didn't bet)
Seat 2: a74e32a won ($0.72)
Seat 3: 99ea293e (button) folded before Flop (didn't bet)
Seat 4: 88203d88 (small blind) folded before Flop
Seat 5: c97455b1 (big blind) folded before Flop
Seat 6: 8cc07c0b folded on the Flop


Poker Hand #HD1756968690: Hold'em No Limit ($0.05/$0.1) - 2024/05/03 16:03:13
Table 'NLHRed48' 6-max Seat #2 is the button
Seat 1: Hero ($10.05 in chips)
Seat 2: a74e32a ($11.21 in chips)
Seat 3: 99ea293e ($22.99 in chips)
Seat 4: 88203d88 ($10.49 in chips)
Seat 5: c97455b1 ($18.4 in chips)
99ea293e: posts small blind $0.05
88203d88: posts big blind $0.1
*** HOLE CARDS ***
Dealt to Hero [Jd 3h]
Dealt to a74e32a 
Dealt to 99ea293e 
Dealt to 88203d88 
Dealt to c97455b1 
c97455b1: folds
Hero: folds
a74e32a: raises $0.15 to $0.25
99ea293e: folds
88203d88: folds
Uncalled bet ($0.15) returned to a74e32a
*** SHOWDOWN ***
a74e32a collected $0.25 from pot
*** SUMMARY ***
Total pot $0.25 | Rake $0 | Jackpot $0 | Bingo $0 | Fortune $0 | Tax $0
Seat 1: Hero folded before Flop (didn't bet)
Seat 2: a74e32a (button) collected ($0.25)
Seat 3: 99ea293e (small blind) folded before Flop
Seat 4: 88203d88 (big blind) folded before Flop
Seat 5: c97455b1 folded before Flop (didn't bet)


Poker Hand #HD1756968496: Hold'em No Limit ($0.05/$0.1) - 2024/05/03 16:01:31
Table 'NLHRed48' 6-max Seat #1 is the button
Seat 1: Hero ($10.05 in chips)
Seat 2: a74e32a ($11.26 in chips)
Seat 3: 99ea293e ($23.44 in chips)
Seat 4: 88203d88 ($10.49 in chips)
Seat 5: c97455b1 ($13.52 in chips)
Seat 6: 8cc07c0b ($5 in chips)
a74e32a: posts small blind $0.05
99ea293e: posts big blind $0.1
8cc07c0b: posts big blind $0.1
*** HOLE CARDS ***
Dealt to Hero [5d 4h]
Dealt to a74e32a 
Dealt to 99ea293e 
Dealt to 88203d88 
Dealt to c97455b1 
Dealt to 8cc07c0b 
88203d88: folds
c97455b1: raises $0.35 to $0.45
8cc07c0b: calls $0.35
Hero: folds
a74e32a: folds
99ea293e: calls $0.35
*** FLOP *** [6s 9s Ah]
99ea293e: checks
c97455b1: bets $0.7
8cc07c0b: calls $0.7
99ea293e: folds
*** TURN *** [6s 9s Ah] [6h]
c97455b1: bets $1.4
8cc07c0b: calls $1.4
*** RIVER *** [6s 9s Ah 6h] [9d]
c97455b1: checks
8cc07c0b: bets $2.45 and is all-in
c97455b1: calls $2.45
8cc07c0b: shows [Ac 2h] (Pair of Aces and Pair of Nines)
c97455b1: shows [Ad Jc] (Pair of Aces and Pair of Nines)
*** SHOWDOWN ***
c97455b1 collected $9.88 from pot
*** SUMMARY ***
Total pot $10.5 | Rake $0.52 | Jackpot $0.1 | Bingo $0 | Fortune $0 | Tax $0
Board [6s 9s Ah 6h 9d]
Seat 1: Hero (button) folded before Flop (didn't bet)
Seat 2: a74e32a (small blind) folded before Flop
Seat 3: 99ea293e (big blind) folded on the Flop
Seat 4: 88203d88 folded before Flop (didn't bet)
Seat 5: c97455b1 showed [Ad Jc] and won ($9.88) with Pair of Aces and Pair of Nines
Seat 6: 8cc07c0b showed [Ac 2h] and lost with Pair of Aces and Pair of Nines


Poker Hand #HD1756968376: Hold'em No Limit ($0.05/$0.1) - 2024/05/03 16:00:41
Table 'NLHRed48' 6-max Seat #5 is the button
Seat 1: Hero ($10.15 in chips)
Seat 2: a74e32a ($10.59 in chips)
Seat 3: 99ea293e ($23.44 in chips)
Seat 4: 88203d88 ($11.07 in chips)
Seat 5: c97455b1 ($13.52 in chips)
Seat 6: 14021672 ($10 in chips)
14021672: posts small blind $0.05
Hero: posts big blind $0.1
*** HOLE CARDS ***
Dealt to Hero [4s 3h]
Dealt to a74e32a 
Dealt to 99ea293e 
Dealt to 88203d88 
Dealt to c97455b1 
Dealt to 14021672 
a74e32a: raises $0.15 to $0.25
99ea293e: folds
88203d88: calls $0.25
c97455b1: folds
14021672: folds
Hero: folds
*** FLOP *** [3s Kh 7c]
a74e32a: checks
88203d88: checks
*** TURN *** [3s Kh 7c] [Ah]
a74e32a: checks
88203d88: bets $0.33
a74e32a: calls $0.33
*** RIVER *** [3s Kh 7c Ah] [Tc]
a74e32a: checks
88203d88: checks
a74e32a: shows [Qc Th] (Pair of Tens)
88203d88: shows [8d 8c] (Pair of Eights)
*** SHOWDOWN ***
a74e32a collected $1.25 from pot
*** SUMMARY ***
Total pot $1.31 | Rake $0.06 | Jackpot $0 | Bingo $0 | Fortune $0 | Tax $0
Board [3s Kh 7c Ah Tc]
Seat 1: Hero (big blind) folded before Flop
Seat 2: a74e32a showed [Qc Th] and won ($1.25) with Pair of Tens
Seat 3: 99ea293e folded before Flop (didn't bet)
Seat 4: 88203d88 showed [8d 8c] and lost with Pair of Eights
Seat 5: c97455b1 (button) folded before Flop (didn't bet)
Seat 6: 14021672 (small blind) folded before Flop


Poker Hand #HD1756968337: Hold'em No Limit ($0.05/$0.1) - 2024/05/03 16:00:21
Table 'NLHRed48' 6-max Seat #4 is the button
Seat 1: Hero ($10.15 in chips)
Seat 2: a74e32a ($10.59 in chips)
Seat 3: 99ea293e ($23.44 in chips)
Seat 4: 88203d88 ($11.07 in chips)
Seat 5: c97455b1 ($13.42 in chips)
Seat 6: 14021672 ($10 in chips)
c97455b1: posts small blind $0.05
14021672: posts big blind $0.1
*** HOLE CARDS ***
Dealt to Hero [5c 7d]
Dealt to a74e32a 
Dealt to 99ea293e 
Dealt to 88203d88 
Dealt to c97455b1 
Dealt to 14021672 
Hero: folds
a74e32a: folds
99ea293e: folds
88203d88: folds
c97455b1: raises $0.2 to $0.3
14021672: folds
Uncalled bet ($0.2) returned to c97455b1
*** SHOWDOWN ***
c97455b1 collected $0.2 from pot
*** SUMMARY ***
Total pot $0.2 | Rake $0 | Jackpot $0 | Bingo $0 | Fortune $0 | Tax $0
Seat 1: Hero folded before Flop (didn't bet)
Seat 2: a74e32a folded before Flop (didn't bet)
Seat 3: 99ea293e folded before Flop (didn't bet)
Seat 4: 88203d88 (button) folded before Flop (didn't bet)
Seat 5: c97455b1 (small blind) collected ($0.2)
Seat 6: 14021672 (big blind) folded before Flop


Poker Hand #HD1756968251: Hold'em No Limit ($0.05/$0.1) - 2024/05/03 15:59:37
Table 'NLHRed48' 6-max Seat #3 is the button
Seat 1: Hero ($10.15 in chips)
Seat 2: a74e32a ($10 in chips)
Seat 3: 99ea293e ($23.44 in chips)
Seat 4: 88203d88 ($11.62 in chips)
Seat 5: c97455b1 ($13.52 in chips)
Seat 6: 1527c468 ($10.3 in chips)
88203d88: posts small blind $0.05
c97455b1: posts big blind $0.1
a74e32a: posts big blind $0.1
*** HOLE CARDS ***
Dealt to Hero [Kh 2d]
Dealt to a74e32a 
Dealt to 99ea293e 
Dealt to 88203d88 
Dealt to c97455b1 
Dealt to 1527c468 
1527c468: folds
Hero: folds
a74e32a: checks
99ea293e: folds
88203d88: raises $0.15 to $0.25
c97455b1: folds
a74e32a: calls $0.15
*** FLOP *** [3d 9s Qc]
88203d88: bets $0.3
a74e32a: calls $0.3
*** TURN *** [3d 9s Qc] [6h]
88203d88: checks
a74e32a: checks
*** RIVER *** [3d 9s Qc 6h] [6c]
88203d88: checks
a74e32a: bets $0.4
88203d88: folds
Uncalled bet ($0.4) returned to a74e32a
*** SHOWDOWN ***
a74e32a collected $1.14 from pot
*** SUMMARY ***
Total pot $1.2 | Rake $0.06 | Jackpot $0 | Bingo $0 | Fortune $0 | Tax $0
Board [3d 9s Qc 6h 6c]
Seat 1: Hero folded before Flop (didn't bet)
Seat 2: a74e32a won ($1.14)
Seat 3: 99ea293e (button) folded before Flop (didn't bet)
Seat 4: 88203d88 (small blind) folded on the River
Seat 5: c97455b1 (big blind) folded before Flop
Seat 6: 1527c468 folded before Flop (didn't bet)


Poker Hand #HD1756968211: Hold'em No Limit ($0.05/$0.1) - 2024/05/03 15:59:20
Table 'NLHRed48' 6-max Seat #1 is the button
Seat 1: Hero ($10.15 in chips)
Seat 3: 99ea293e ($23.49 in chips)
Seat 4: 88203d88 ($11.72 in chips)
Seat 5: c97455b1 ($13.52 in chips)
Seat 6: 1527c468 ($10.15 in chips)
99ea293e: posts small blind $0.05
88203d88: posts big blind $0.1
*** HOLE CARDS ***
Dealt to Hero [Jc 8s]
Dealt to 99ea293e 
Dealt to 88203d88 
Dealt to c97455b1 
Dealt to 1527c468 
c97455b1: folds
1527c468: raises $0.15 to $0.25
Hero: folds
99ea293e: folds
88203d88: folds
Uncalled bet ($0.15) returned to 1527c468
*** SHOWDOWN ***
1527c468 collected $0.25 from pot
*** SUMMARY ***
Total pot $0.25 | Rake $0 | Jackpot $0 | Bingo $0 | Fortune $0 | Tax $0
Seat 1: Hero (button) folded before Flop (didn't bet)
Seat 3: 99ea293e (small blind) folded before Flop
Seat 4: 88203d88 (big blind) folded before Flop
Seat 5: c97455b1 folded before Flop (didn't bet)
Seat 6: 1527c468 collected ($0.25)


Poker Hand #HD1756968140: Hold'em No Limit ($0.05/$0.1) - 2024/05/03 15:58:50
Table 'NLHRed48' 6-max Seat #6 is the button
Seat 1: Hero ($10.2 in chips)
Seat 3: 99ea293e ($23.59 in chips)
Seat 4: 88203d88 ($11.72 in chips)
Seat 5: c97455b1 ($13.52 in chips)
Seat 6: 1527c468 ($10 in chips)
Hero: posts small blind $0.05
99ea293e: posts big blind $0.1
*** HOLE CARDS ***
Dealt to Hero [6s 7c]
Dealt to 99ea293e 
Dealt to 88203d88 
Dealt to c97455b1 
Dealt to 1527c468 
88203d88: folds
c97455b1: folds
1527c468: raises $0.15 to $0.25
Hero: folds
99ea293e: folds
Uncalled bet ($0.15) returned to 1527c468
*** SHOWDOWN ***
1527c468 collected $0.25 from pot
*** SUMMARY ***
Total pot $0.25 | Rake $0 | Jackpot $0 | Bingo $0 | Fortune $0 | Tax $0
Seat 1: Hero (small blind) folded before Flop
Seat 3: 99ea293e (big blind) folded before Flop
Seat 4: 88203d88 folded before Flop (didn't bet)
Seat 5: c97455b1 folded before Flop (didn't bet)
Seat 6: 1527c468 (button) collected ($0.25)


Poker Hand #HD1756968017: Hold'em No Limit ($0.05/$0.1) - 2024/05/03 15:57:53
Table 'NLHRed48' 6-max Seat #5 is the button
Seat 1: Hero ($10 in chips)
Seat 2: 863a3dc4 ($12.22 in chips)
Seat 3: 99ea293e ($23.59 in chips)
Seat 4: 88203d88 ($11.72 in chips)
Seat 5: c97455b1 ($13.52 in chips)
Seat 6: 1527c468 ($10 in chips)
1527c468: posts small blind $0.05
Hero: posts big blind $0.1
*** HOLE CARDS ***
Dealt to Hero [3s 3d]
Dealt to 863a3dc4 
Dealt to 99ea293e 
Dealt to 88203d88 
Dealt to c97455b1 
Dealt to 1527c468 
863a3dc4: folds
99ea293e: folds
88203d88: folds
c97455b1: folds
1527c468: raises $0.12 to $0.22
Hero: calls $0.12
*** FLOP *** [Js 7d 9c]
1527c468: checks
Hero: checks
*** TURN *** [Js 7d 9c] [Qh]
1527c468: checks
Hero: checks
*** RIVER *** [Js 7d 9c Qh] [6h]
1527c468: checks
Hero: checks
1527c468: shows [Ah 4s] (Ace-High)
Hero: shows [3s 3d] (Pair of Treys)
*** SHOWDOWN ***
Hero collected $0.42 from pot
*** SUMMARY ***
Total pot $0.44 | Rake $0.02 | Jackpot $0 | Bingo $0 | Fortune $0 | Tax $0
Board [Js 7d 9c Qh 6h]
Seat 1: Hero (big blind) showed [3s 3d] and won ($0.42) with Pair of Treys
Seat 2: 863a3dc4 folded before Flop (didn't bet)
Seat 3: 99ea293e folded before Flop (didn't bet)
Seat 4: 88203d88 folded before Flop (didn't bet)
Seat 5: c97455b1 (button) folded before Flop (didn't bet)
Seat 6: 1527c468 (small blind) showed [Ah 4s] and lost with Ace-High


Poker Hand #HD1756967882: Hold'em No Limit ($0.05/$0.1) - 2024/05/03 15:56:41
Table 'NLHRed48' 6-max Seat #4 is the button
Seat 1: Hero ($10 in chips)
Seat 2: 863a3dc4 ($12.22 in chips)
Seat 3: 99ea293e ($23.59 in chips)
Seat 4: 88203d88 ($10.15 in chips)
Seat 5: c97455b1 ($13.57 in chips)
Seat 6: 1527c468 ($10 in chips)
c97455b1: posts small blind $0.05
1527c468: posts big blind $0.1
*** HOLE CARDS ***
Dealt to Hero [As Kd]
Dealt to 863a3dc4 
Dealt to 99ea293e 
Dealt to 88203d88 
Dealt to c97455b1 
Dealt to 1527c468 
Hero: raises $0.1 to $0.2
863a3dc4: folds
99ea293e: folds
88203d88: calls $0.2
c97455b1: folds
1527c468: calls $0.1
*** FLOP *** [2h 7s Ts]
1527c468: checks
Hero: checks
88203d88: checks
*** TURN *** [2h 7s Ts] [Jh]
1527c468: bets $0.3
Hero: calls $0.3
88203d88: calls $0.3
*** RIVER *** [2h 7s Ts Jh] [Jd]
1527c468: bets $0.66
Hero: folds
88203d88: raises $1.36 to $2.02
1527c468: folds
Uncalled bet ($1.36) returned to 88203d88
*** SHOWDOWN ***
88203d88 collected $2.73 from pot
*** SUMMARY ***
Total pot $2.87 | Rake $0.14 | Jackpot $0 | Bingo $0 | Fortune $0 | Tax $0
Board [2h 7s Ts Jh Jd]
Seat 1: Hero folded on the River
Seat 2: 863a3dc4 folded before Flop (didn't bet)
Seat 3: 99ea293e folded before Flop (didn't bet)
Seat 4: 88203d88 (button) won ($2.73)
Seat 5: c97455b1 (small blind) folded before Flop
Seat 6: 1527c468 (big blind) folded on the River


Poker Hand #HD1756967860: Hold'em No Limit ($0.05/$0.1) - 2024/05/03 15:56:27
Table 'NLHRed48' 6-max Seat #3 is the button
Seat 1: Hero ($10 in chips)
Seat 2: 863a3dc4 ($12.22 in chips)
Seat 3: 99ea293e ($23.59 in chips)
Seat 4: 88203d88 ($10.05 in chips)
Seat 5: c97455b1 ($13.67 in chips)
88203d88: posts small blind $0.05
c97455b1: posts big blind $0.1
*** HOLE CARDS ***
Dealt to Hero [5d 3h]
Dealt to 863a3dc4 
Dealt to 99ea293e 
Dealt to 88203d88 
Dealt to c97455b1 
Hero: folds
863a3dc4: folds
99ea293e: folds
88203d88: raises $0.2 to $0.3
c97455b1: folds
Uncalled bet ($0.2) returned to 88203d88
*** SHOWDOWN ***
88203d88 collected $0.2 from pot
*** SUMMARY ***
Total pot $0.2 | Rake $0 | Jackpot $0 | Bingo $0 | Fortune $0 | Tax $0
Seat 1: Hero folded before Flop (didn't bet)
Seat 2: 863a3dc4 folded before Flop (didn't bet)
Seat 3: 99ea293e (button) folded before Flop (didn't bet)
Seat 4: 88203d88 (small blind) collected ($0.2)
Seat 5: c97455b1 (big blind) folded before Flop


Poker Hand #HD1756967662: Hold'em No Limit ($0.05/$0.1) - 2024/05/03 15:54:56
Table 'NLHRed48' 6-max Seat #2 is the button
Seat 1: Hero ($10 in chips)
Seat 2: 863a3dc4 ($12.22 in chips)
Seat 3: 99ea293e ($20.48 in chips)
Seat 4: 88203d88 ($10.15 in chips)
Seat 5: c97455b1 ($17.12 in chips)
99ea293e: posts small blind $0.05
88203d88: posts big blind $0.1
*** HOLE CARDS ***
Dealt to Hero [Ks Jd]
Dealt to 863a3dc4 
Dealt to 99ea293e 
Dealt to 88203d88 
Dealt to c97455b1 
c97455b1: raises $0.2 to $0.3
Hero: folds
863a3dc4: folds
99ea293e: raises $0.7 to $1
88203d88: folds
c97455b1: calls $0.7
*** FLOP *** [6c 8d 5c]
99ea293e: checks
c97455b1: bets $0.7
99ea293e: calls $0.7
*** TURN *** [6c 8d 5c] [Th]
99ea293e: checks
c97455b1: bets $1.75
99ea293e: calls $1.75
*** RIVER *** [6c 8d 5c Th] [3h]
99ea293e: checks
c97455b1: checks
99ea293e: shows [Ad As] (Pair of Aces)
c97455b1: shows [9d 9s] (Pair of Nines)
*** SHOWDOWN ***
99ea293e collected $6.56 from pot
*** SUMMARY ***
Total pot $7 | Rake $0.34 | Jackpot $0.1 | Bingo $0 | Fortune $0 | Tax $0
Board [6c 8d 5c Th 3h]
Seat 1: Hero folded before Flop (didn't bet)
Seat 2: 863a3dc4 (button) folded before Flop (didn't bet)
Seat 3: 99ea293e (small blind) showed [Ad As] and won ($6.56) with Pair of Aces
Seat 4: 88203d88 (big blind) folded before Flop
Seat 5: c97455b1 showed [9d 9s] and lost with Pair of Nines


Poker Hand #HD1756967628: Hold'em No Limit ($0.05/$0.1) - 2024/05/03 15:54:42
Table 'NLHRed48' 6-max Seat #1 is the button
Seat 1: Hero ($10 in chips)
Seat 2: 863a3dc4 ($12.27 in chips)
Seat 3: 99ea293e ($20.58 in chips)
Seat 4: 88203d88 ($10 in chips)
Seat 5: c97455b1 ($17.12 in chips)
863a3dc4: posts small blind $0.05
99ea293e: posts big blind $0.1
*** HOLE CARDS ***
Dealt to Hero [2h 7s]
Dealt to 863a3dc4 
Dealt to 99ea293e 
Dealt to 88203d88 
Dealt to c97455b1 
88203d88: raises $0.15 to $0.25
c97455b1: folds
Hero: folds
863a3dc4: folds
99ea293e: folds
Uncalled bet ($0.15) returned to 88203d88
*** SHOWDOWN ***
88203d88 collected $0.25 from pot
*** SUMMARY ***
Total pot $0.25 | Rake $0 | Jackpot $0 | Bingo $0 | Fortune $0 | Tax $0
Seat 1: Hero (button) folded before Flop (didn't bet)
Seat 2: 863a3dc4 (small blind) folded before Flop
Seat 3: 99ea293e (big blind) folded before Flop
Seat 4: 88203d88 collected ($0.25)
Seat 5: c97455b1 folded before Flop (didn't bet)


Poker Hand #HD1756967480: Hold'em No Limit ($0.05/$0.1) - 2024/05/03 15:53:29
Table 'NLHRed48' 6-max Seat #5 is the button
Seat 1: Hero ($10 in chips)
Seat 2: 863a3dc4 ($10.95 in chips)
Seat 3: 99ea293e ($20.58 in chips)
Seat 4: 88203d88 ($10 in chips)
Seat 5: c97455b1 ($17.12 in chips)
Hero: posts small blind $0.05
863a3dc4: posts big blind $0.1
*** HOLE CARDS ***
Dealt to Hero [9d 6d]
Dealt to 863a3dc4 
Dealt to 99ea293e 
Dealt to 88203d88 
Dealt to c97455b1 
99ea293e: folds
88203d88: raises $0.15 to $0.25
c97455b1: folds
Hero: folds
863a3dc4: calls $0.15
*** FLOP *** [9s Jd 2d]
863a3dc4: checks
88203d88: bets $0.28
863a3dc4: calls $0.28
*** TURN *** [9s Jd 2d] [Kd]
863a3dc4: checks
88203d88: checks
*** RIVER *** [9s Jd 2d Kd] [5c]
863a3dc4: bets $0.88
88203d88: calls $0.88
863a3dc4: shows [Tc Kc] (Pair of Kings)
88203d88: shows [Jh Ac] (Pair of Jacks)
*** SHOWDOWN ***
863a3dc4 collected $2.73 from pot
*** SUMMARY ***
Total pot $2.87 | Rake $0.14 | Jackpot $0 | Bingo $0 | Fortune $0 | Tax $0
Board [9s Jd 2d Kd 5c]
Seat 1: Hero (small blind) folded before Flop
Seat 2: 863a3dc4 (big blind) showed [Tc Kc] and won ($2.73) with Pair of Kings
Seat 3: 99ea293e folded before Flop (didn't bet)
Seat 4: 88203d88 showed [Jh Ac] and lost with Pair of Jacks
Seat 5: c97455b1 (button) folded before Flop (didn't bet)


Poker Hand #HD1756967312: Hold'em No Limit ($0.05/$0.1) - 2024/05/03 15:52:08
Table 'NLHRed48' 6-max Seat #4 is the button
Seat 1: Hero ($10 in chips)
Seat 2: 863a3dc4 ($11.21 in chips)
Seat 3: 99ea293e ($20.58 in chips)
Seat 4: 88203d88 ($10 in chips)
Seat 5: c97455b1 ($12.41 in chips)
c97455b1: posts small blind $0.05
Hero: posts big blind $0.1
*** HOLE CARDS ***
Dealt to Hero [9c Tc]
Dealt to 863a3dc4 
Dealt to 99ea293e 
Dealt to 88203d88 
Dealt to c97455b1 
863a3dc4: raises $0.16 to $0.26
99ea293e: folds
88203d88: folds
c97455b1: calls $0.21
Hero: calls $0.16
*** FLOP *** [8h 7d 5c]
c97455b1: checks
Hero: bets $0.3
863a3dc4: folds
c97455b1: raises $1.04 to $1.34
Hero: calls $1.04
*** TURN *** [8h 7d 5c] [Th]
c97455b1: bets $3.46
Hero: calls $3.46
*** RIVER *** [8h 7d 5c Th] [Ac]
c97455b1: bets $7.35 and is all-in
Hero: folds
Uncalled bet ($7.35) returned to c97455b1
*** SHOWDOWN ***
c97455b1 collected $9.77 from pot
*** SUMMARY ***
Total pot $10.38 | Rake $0.51 | Jackpot $0.1 | Bingo $0 | Fortune $0 | Tax $0
Board [8h 7d 5c Th Ac]
Seat 1: Hero (big blind) folded on the River
Seat 2: 863a3dc4 folded on the Flop
Seat 3: 99ea293e folded before Flop (didn't bet)
Seat 4: 88203d88 (button) folded before Flop (didn't bet)
Seat 5: c97455b1 (small blind) won ($9.77)


