Poker Hand #HD1778205219: Hold'em No Limit ($0.05/$0.1) - 2024/05/18 20:07:43
Table 'NLHRed20' 6-max Seat #3 is the button
Seat 1: 95d5c1e6 ($8.98 in chips)
Seat 2: 42f3d9e3 ($10.3 in chips)
Seat 3: Hero ($23.78 in chips)
Seat 4: 4fc8e97a ($9.9 in chips)
Seat 6: f05188bd ($5.79 in chips)
4fc8e97a: posts small blind $0.05
f05188bd: posts big blind $0.1
*** HOLE CARDS ***
Dealt to 95d5c1e6 
Dealt to 42f3d9e3 
Dealt to Hero [8h Jd]
Dealt to 4fc8e97a 
Dealt to f05188bd 
95d5c1e6: folds
42f3d9e3: calls $0.1
Hero: folds
4fc8e97a: folds
f05188bd: checks
*** FLOP *** [9s Jh Js]
f05188bd: checks
42f3d9e3: bets $0.13
f05188bd: calls $0.13
*** TURN *** [9s Jh Js] [Kc]
f05188bd: checks
42f3d9e3: checks
*** RIVER *** [9s Jh Js Kc] [3d]
f05188bd: checks
42f3d9e3: checks
f05188bd: shows [Ad 9c] (Pair of Jacks and Pair of Nines)
42f3d9e3: shows [5s Ah] (Pair of Jacks)
*** SHOWDOWN ***
f05188bd collected $0.49 from pot
*** SUMMARY ***
Total pot $0.51 | Rake $0.02 | Jackpot $0 | Bingo $0 | Fortune $0 | Tax $0
Board [9s Jh Js Kc 3d]
Seat 1: 95d5c1e6 folded before Flop (didn't bet)
Seat 2: 42f3d9e3 showed [5s Ah] and lost with Pair of Jacks
Seat 3: Hero (button) folded before Flop (didn't bet)
Seat 4: 4fc8e97a (small blind) folded before Flop
Seat 6: f05188bd (big blind) showed [Ad 9c] and won ($0.49) with Pair of Jacks and Pair of Nines


Poker Hand #HD1778204944: Hold'em No Limit ($0.05/$0.1) - 2024/05/18 20:05:36
Table 'NLHRed20' 6-max Seat #2 is the button
Seat 1: 95d5c1e6 ($8.98 in chips)
Seat 2: 42f3d9e3 ($10.3 in chips)
Seat 3: Hero ($23.83 in chips)
Seat 4: 4fc8e97a ($10 in chips)
Seat 5: adf14364 ($13.03 in chips)
Seat 6: f05188bd ($4.64 in chips)
Hero: posts small blind $0.05
4fc8e97a: posts big blind $0.1
*** HOLE CARDS ***
Dealt to 95d5c1e6 
Dealt to 42f3d9e3 
Dealt to Hero [Tc Jd]
Dealt to 4fc8e97a 
Dealt to adf14364 
Dealt to f05188bd 
adf14364: raises $0.11 to $0.21
f05188bd: calls $0.21
95d5c1e6: folds
42f3d9e3: folds
Hero: folds
4fc8e97a: folds
*** FLOP *** [6h 6d Ah]
adf14364: bets $0.19
f05188bd: calls $0.19
*** TURN *** [6h 6d Ah] [9s]
adf14364: checks
f05188bd: bets $0.72
adf14364: calls $0.72
*** RIVER *** [6h 6d Ah 9s] [5s]
adf14364: checks
f05188bd: bets $3.52 and is all-in
adf14364: folds
Uncalled bet ($3.52) returned to f05188bd
*** SHOWDOWN ***
f05188bd collected $2.27 from pot
*** SUMMARY ***
Total pot $2.39 | Rake $0.12 | Jackpot $0 | Bingo $0 | Fortune $0 | Tax $0
Board [6h 6d Ah 9s 5s]
Seat 1: 95d5c1e6 folded before Flop (didn't bet)
Seat 2: 42f3d9e3 (button) folded before Flop (didn't bet)
Seat 3: Hero (small blind) folded before Flop
Seat 4: 4fc8e97a (big blind) folded before Flop
Seat 5: adf14364 folded on the River
Seat 6: f05188bd won ($2.27)


Poker Hand #HD1778204913: Hold'em No Limit ($0.05/$0.1) - 2024/05/18 20:05:21
Table 'NLHRed20' 6-max Seat #1 is the button
Seat 1: 95d5c1e6 ($8.98 in chips)
Seat 2: 42f3d9e3 ($10.35 in chips)
Seat 3: Hero ($23.78 in chips)
Seat 5: adf14364 ($13.03 in chips)
Seat 6: f05188bd ($4.64 in chips)
42f3d9e3: posts small blind $0.05
Hero: posts big blind $0.1
*** HOLE CARDS ***
Dealt to 95d5c1e6 
Dealt to 42f3d9e3 
Dealt to Hero [3c Ah]
Dealt to adf14364 
Dealt to f05188bd 
adf14364: folds
f05188bd: folds
95d5c1e6: folds
42f3d9e3: folds
Uncalled bet ($0.05) returned to Hero
*** SHOWDOWN ***
Hero collected $0.1 from pot
*** SUMMARY ***
Total pot $0.1 | Rake $0 | Jackpot $0 | Bingo $0 | Fortune $0 | Tax $0
Seat 1: 95d5c1e6 (button) folded before Flop (didn't bet)
Seat 2: 42f3d9e3 (small blind) folded before Flop
Seat 3: Hero (big blind) collected ($0.1)
Seat 5: adf14364 folded before Flop (didn't bet)
Seat 6: f05188bd folded before Flop (didn't bet)


Poker Hand #HD1778204867: Hold'em No Limit ($0.05/$0.1) - 2024/05/18 20:04:59
Table 'NLHRed20' 6-max Seat #6 is the button
Seat 1: 95d5c1e6 ($9.28 in chips)
Seat 2: 42f3d9e3 ($10.08 in chips)
Seat 3: Hero ($23.78 in chips)
Seat 5: adf14364 ($13.03 in chips)
Seat 6: f05188bd ($4.64 in chips)
95d5c1e6: posts small blind $0.05
42f3d9e3: posts big blind $0.1
*** HOLE CARDS ***
Dealt to 95d5c1e6 
Dealt to 42f3d9e3 
Dealt to Hero [8c 7s]
Dealt to adf14364 
Dealt to f05188bd 
Hero: folds
adf14364: folds
f05188bd: folds
95d5c1e6: raises $0.2 to $0.3
42f3d9e3: raises $0.45 to $0.75
95d5c1e6: folds
Uncalled bet ($0.45) returned to 42f3d9e3
*** SHOWDOWN ***
42f3d9e3 collected $0.57 from pot
*** SUMMARY ***
Total pot $0.6 | Rake $0.03 | Jackpot $0 | Bingo $0 | Fortune $0 | Tax $0
Seat 1: 95d5c1e6 (small blind) folded before Flop
Seat 2: 42f3d9e3 (big blind) collected ($0.57)
Seat 3: Hero folded before Flop (didn't bet)
Seat 5: adf14364 folded before Flop (didn't bet)
Seat 6: f05188bd (button) folded before Flop (didn't bet)


Poker Hand #HD1778204815: Hold'em No Limit ($0.05/$0.1) - 2024/05/18 20:04:32
Table 'NLHRed20' 6-max Seat #5 is the button
Seat 1: 95d5c1e6 ($8.92 in chips)
Seat 2: 42f3d9e3 ($10.08 in chips)
Seat 3: Hero ($23.78 in chips)
Seat 5: adf14364 ($13.03 in chips)
Seat 6: f05188bd ($5.04 in chips)
f05188bd: posts small blind $0.05
95d5c1e6: posts big blind $0.1
*** HOLE CARDS ***
Dealt to 95d5c1e6 
Dealt to 42f3d9e3 
Dealt to Hero [Kc 9d]
Dealt to adf14364 
Dealt to f05188bd 
42f3d9e3: folds
Hero: folds
adf14364: folds
f05188bd: raises $0.1 to $0.2
95d5c1e6: calls $0.1
*** FLOP *** [7s 7h 9s]
f05188bd: bets $0.2
95d5c1e6: raises $0.5 to $0.7
f05188bd: folds
Uncalled bet ($0.5) returned to 95d5c1e6
*** SHOWDOWN ***
95d5c1e6 collected $0.76 from pot
*** SUMMARY ***
Total pot $0.8 | Rake $0.04 | Jackpot $0 | Bingo $0 | Fortune $0 | Tax $0
Board [7s 7h 9s]
Seat 1: 95d5c1e6 (big blind) won ($0.76)
Seat 2: 42f3d9e3 folded before Flop (didn't bet)
Seat 3: Hero folded before Flop (didn't bet)
Seat 5: adf14364 (button) folded before Flop (didn't bet)
Seat 6: f05188bd (small blind) folded on the Flop


Poker Hand #HD1778204688: Hold'em No Limit ($0.05/$0.1) - 2024/05/18 20:03:31
Table 'NLHRed20' 6-max Seat #3 is the button
Seat 1: 95d5c1e6 ($8.92 in chips)
Seat 2: 42f3d9e3 ($10.88 in chips)
Seat 3: Hero ($22.91 in chips)
Seat 5: adf14364 ($13.08 in chips)
Seat 6: f05188bd ($5.14 in chips)
adf14364: posts small blind $0.05
f05188bd: posts big blind $0.1
*** HOLE CARDS ***
Dealt to 95d5c1e6 
Dealt to 42f3d9e3 
Dealt to Hero [Kh Th]
Dealt to adf14364 
Dealt to f05188bd 
95d5c1e6: folds
42f3d9e3: raises $0.15 to $0.25
Hero: raises $0.55 to $0.8
adf14364: folds
f05188bd: folds
42f3d9e3: calls $0.55
*** FLOP *** [2s 4h 5c]
42f3d9e3: checks
Hero: checks
*** TURN *** [2s 4h 5c] [Qd]
42f3d9e3: checks
Hero: bets $0.9
42f3d9e3: folds
Uncalled bet ($0.9) returned to Hero
*** SHOWDOWN ***
Hero collected $1.67 from pot
*** SUMMARY ***
Total pot $1.75 | Rake $0.08 | Jackpot $0 | Bingo $0 | Fortune $0 | Tax $0
Board [2s 4h 5c Qd]
Seat 1: 95d5c1e6 folded before Flop (didn't bet)
Seat 2: 42f3d9e3 folded on the Turn
Seat 3: Hero (button) won ($1.67)
Seat 5: adf14364 (small blind) folded before Flop
Seat 6: f05188bd (big blind) folded before Flop


Poker Hand #HD1778204622: Hold'em No Limit ($0.05/$0.1) - 2024/05/18 20:03:04
Table 'NLHRed20' 6-max Seat #2 is the button
Seat 1: 95d5c1e6 ($8.92 in chips)
Seat 2: 42f3d9e3 ($10.88 in chips)
Seat 3: Hero ($22.96 in chips)
Seat 5: adf14364 ($13.18 in chips)
Seat 6: f05188bd ($5 in chips)
Hero: posts small blind $0.05
adf14364: posts big blind $0.1
f05188bd: posts big blind $0.1
*** HOLE CARDS ***
Dealt to 95d5c1e6 
Dealt to 42f3d9e3 
Dealt to Hero [Kd 9h]
Dealt to adf14364 
Dealt to f05188bd 
f05188bd: checks
95d5c1e6: folds
42f3d9e3: folds
Hero: folds
adf14364: checks
*** FLOP *** [2d 2c Jh]
adf14364: checks
f05188bd: bets $0.13
adf14364: folds
Uncalled bet ($0.13) returned to f05188bd
*** SHOWDOWN ***
f05188bd collected $0.24 from pot
*** SUMMARY ***
Total pot $0.25 | Rake $0.01 | Jackpot $0 | Bingo $0 | Fortune $0 | Tax $0
Board [2d 2c Jh]
Seat 1: 95d5c1e6 folded before Flop (didn't bet)
Seat 2: 42f3d9e3 (button) folded before Flop (didn't bet)
Seat 3: Hero (small blind) folded before Flop
Seat 5: adf14364 (big blind) folded on the Flop
Seat 6: f05188bd won ($0.24)


Poker Hand #HD1778204591: Hold'em No Limit ($0.05/$0.1) - 2024/05/18 20:02:47
Table 'NLHRed20' 6-max Seat #1 is the button
Seat 1: 95d5c1e6 ($8.92 in chips)
Seat 2: 42f3d9e3 ($10.78 in chips)
Seat 3: Hero ($23.06 in chips)
Seat 5: adf14364 ($13.18 in chips)
42f3d9e3: posts small blind $0.05
Hero: posts big blind $0.1
*** HOLE CARDS ***
Dealt to 95d5c1e6 
Dealt to 42f3d9e3 
Dealt to Hero [Js 2h]
Dealt to adf14364 
adf14364: folds
95d5c1e6: folds
42f3d9e3: raises $0.15 to $0.25
Hero: folds
Uncalled bet ($0.15) returned to 42f3d9e3
*** SHOWDOWN ***
42f3d9e3 collected $0.2 from pot
*** SUMMARY ***
Total pot $0.2 | Rake $0 | Jackpot $0 | Bingo $0 | Fortune $0 | Tax $0
Seat 1: 95d5c1e6 (button) folded before Flop (didn't bet)
Seat 2: 42f3d9e3 (small blind) collected ($0.2)
Seat 3: Hero (big blind) folded before Flop
Seat 5: adf14364 folded before Flop (didn't bet)


Poker Hand #HD1778204551: Hold'em No Limit ($0.05/$0.1) - 2024/05/18 20:02:31
Table 'NLHRed20' 6-max Seat #5 is the button
Seat 1: 95d5c1e6 ($8.97 in chips)
Seat 2: 42f3d9e3 ($10.73 in chips)
Seat 3: Hero ($23.06 in chips)
Seat 5: adf14364 ($13.18 in chips)
95d5c1e6: posts small blind $0.05
42f3d9e3: posts big blind $0.1
*** HOLE CARDS ***
Dealt to 95d5c1e6 
Dealt to 42f3d9e3 
Dealt to Hero [2c 6s]
Dealt to adf14364 
Hero: folds
adf14364: folds
95d5c1e6: folds
Uncalled bet ($0.05) returned to 42f3d9e3
*** SHOWDOWN ***
42f3d9e3 collected $0.1 from pot
*** SUMMARY ***
Total pot $0.1 | Rake $0 | Jackpot $0 | Bingo $0 | Fortune $0 | Tax $0
Seat 1: 95d5c1e6 (small blind) folded before Flop
Seat 2: 42f3d9e3 (big blind) collected ($0.1)
Seat 3: Hero folded before Flop (didn't bet)
Seat 5: adf14364 (button) folded before Flop (didn't bet)


Poker Hand #HD1778204528: Hold'em No Limit ($0.05/$0.1) - 2024/05/18 20:02:21
Table 'NLHRed20' 6-max Seat #3 is the button
Seat 1: 95d5c1e6 ($8.97 in chips)
Seat 2: 42f3d9e3 ($10.73 in chips)
Seat 3: Hero ($22.91 in chips)
Seat 5: adf14364 ($13.23 in chips)
Seat 6: 369c716 ($9.11 in chips)
adf14364: posts small blind $0.05
369c716: posts big blind $0.1
*** HOLE CARDS ***
Dealt to 95d5c1e6 
Dealt to 42f3d9e3 
Dealt to Hero [6s Ac]
Dealt to adf14364 
Dealt to 369c716 
95d5c1e6: folds
42f3d9e3: folds
Hero: raises $0.14 to $0.24
adf14364: folds
369c716: folds
Uncalled bet ($0.14) returned to Hero
*** SHOWDOWN ***
Hero collected $0.25 from pot
*** SUMMARY ***
Total pot $0.25 | Rake $0 | Jackpot $0 | Bingo $0 | Fortune $0 | Tax $0
Seat 1: 95d5c1e6 folded before Flop (didn't bet)
Seat 2: 42f3d9e3 folded before Flop (didn't bet)
Seat 3: Hero (button) collected ($0.25)
Seat 5: adf14364 (small blind) folded before Flop
Seat 6: 369c716 (big blind) folded before Flop


Poker Hand #HD1778204511: Hold'em No Limit ($0.05/$0.1) - 2024/05/18 20:02:14
Table 'NLHRed20' 6-max Seat #2 is the button
Seat 1: 95d5c1e6 ($8.97 in chips)
Seat 2: 42f3d9e3 ($10.73 in chips)
Seat 3: Hero ($22.96 in chips)
Seat 5: adf14364 ($13.18 in chips)
Seat 6: 369c716 ($9.11 in chips)
Hero: posts small blind $0.05
adf14364: posts big blind $0.1
*** HOLE CARDS ***
Dealt to 95d5c1e6 
Dealt to 42f3d9e3 
Dealt to Hero [Ks 8d]
Dealt to adf14364 
Dealt to 369c716 
369c716: folds
95d5c1e6: folds
42f3d9e3: folds
Hero: folds
Uncalled bet ($0.05) returned to adf14364
*** SHOWDOWN ***
adf14364 collected $0.1 from pot
*** SUMMARY ***
Total pot $0.1 | Rake $0 | Jackpot $0 | Bingo $0 | Fortune $0 | Tax $0
Seat 1: 95d5c1e6 folded before Flop (didn't bet)
Seat 2: 42f3d9e3 (button) folded before Flop (didn't bet)
Seat 3: Hero (small blind) folded before Flop
Seat 5: adf14364 (big blind) collected ($0.1)
Seat 6: 369c716 folded before Flop (didn't bet)


Poker Hand #HD1778204479: Hold'em No Limit ($0.05/$0.1) - 2024/05/18 20:02:02
Table 'NLHRed20' 6-max Seat #1 is the button
Seat 1: 95d5c1e6 ($8.82 in chips)
Seat 2: 42f3d9e3 ($10.78 in chips)
Seat 3: Hero ($23.06 in chips)
Seat 5: adf14364 ($13.18 in chips)
Seat 6: 369c716 ($9.11 in chips)
42f3d9e3: posts small blind $0.05
Hero: posts big blind $0.1
*** HOLE CARDS ***
Dealt to 95d5c1e6 
Dealt to 42f3d9e3 
Dealt to Hero [7s Ah]
Dealt to adf14364 
Dealt to 369c716 
adf14364: folds
369c716: folds
95d5c1e6: raises $0.2 to $0.3
42f3d9e3: folds
Hero: folds
Uncalled bet ($0.2) returned to 95d5c1e6
*** SHOWDOWN ***
95d5c1e6 collected $0.25 from pot
*** SUMMARY ***
Total pot $0.25 | Rake $0 | Jackpot $0 | Bingo $0 | Fortune $0 | Tax $0
Seat 1: 95d5c1e6 (button) collected ($0.25)
Seat 2: 42f3d9e3 (small blind) folded before Flop
Seat 3: Hero (big blind) folded before Flop
Seat 5: adf14364 folded before Flop (didn't bet)
Seat 6: 369c716 folded before Flop (didn't bet)


Poker Hand #HD1778204452: Hold'em No Limit ($0.05/$0.1) - 2024/05/18 20:01:51
Table 'NLHRed20' 6-max Seat #6 is the button
Seat 1: 95d5c1e6 ($8.87 in chips)
Seat 2: 42f3d9e3 ($10.88 in chips)
Seat 3: Hero ($23.06 in chips)
Seat 5: adf14364 ($13.18 in chips)
Seat 6: 369c716 ($8.96 in chips)
95d5c1e6: posts small blind $0.05
42f3d9e3: posts big blind $0.1
*** HOLE CARDS ***
Dealt to 95d5c1e6 
Dealt to 42f3d9e3 
Dealt to Hero [8s Qd]
Dealt to adf14364 
Dealt to 369c716 
Hero: folds
adf14364: folds
369c716: raises $0.15 to $0.25
95d5c1e6: folds
42f3d9e3: folds
Uncalled bet ($0.15) returned to 369c716
*** SHOWDOWN ***
369c716 collected $0.25 from pot
*** SUMMARY ***
Total pot $0.25 | Rake $0 | Jackpot $0 | Bingo $0 | Fortune $0 | Tax $0
Seat 1: 95d5c1e6 (small blind) folded before Flop
Seat 2: 42f3d9e3 (big blind) folded before Flop
Seat 3: Hero folded before Flop (didn't bet)
Seat 5: adf14364 folded before Flop (didn't bet)
Seat 6: 369c716 (button) collected ($0.25)


Poker Hand #HD1778204339: Hold'em No Limit ($0.05/$0.1) - 2024/05/18 20:00:55
Table 'NLHRed20' 6-max Seat #5 is the button
Seat 1: 95d5c1e6 ($10 in chips)
Seat 2: 42f3d9e3 ($9.62 in chips)
Seat 3: Hero ($23.06 in chips)
Seat 5: adf14364 ($13.18 in chips)
Seat 6: 369c716 ($9.21 in chips)
369c716: posts small blind $0.05
95d5c1e6: posts big blind $0.1
*** HOLE CARDS ***
Dealt to 95d5c1e6 
Dealt to 42f3d9e3 
Dealt to Hero [6h Qh]
Dealt to adf14364 
Dealt to 369c716 
42f3d9e3: raises $0.15 to $0.25
Hero: folds
adf14364: folds
369c716: calls $0.2
95d5c1e6: calls $0.15
*** FLOP *** [Kh 5c Tc]
369c716: checks
95d5c1e6: checks
42f3d9e3: bets $0.38
369c716: folds
95d5c1e6: calls $0.38
*** TURN *** [Kh 5c Tc] [Ah]
95d5c1e6: checks
42f3d9e3: bets $0.5
95d5c1e6: calls $0.5
*** RIVER *** [Kh 5c Tc Ah] [9h]
95d5c1e6: checks
42f3d9e3: checks
95d5c1e6: shows [Ks 7s] (Pair of Kings)
42f3d9e3: shows [Ad Jh] (Pair of Aces)
*** SHOWDOWN ***
42f3d9e3 collected $2.39 from pot
*** SUMMARY ***
Total pot $2.51 | Rake $0.12 | Jackpot $0 | Bingo $0 | Fortune $0 | Tax $0
Board [Kh 5c Tc Ah 9h]
Seat 1: 95d5c1e6 (big blind) showed [Ks 7s] and lost with Pair of Kings
Seat 2: 42f3d9e3 showed [Ad Jh] and won ($2.39) with Pair of Aces
Seat 3: Hero folded before Flop (didn't bet)
Seat 5: adf14364 (button) folded before Flop (didn't bet)
Seat 6: 369c716 (small blind) folded on the Flop


Poker Hand #HD1778204276: Hold'em No Limit ($0.05/$0.1) - 2024/05/18 20:00:25
Table 'NLHRed20' 6-max Seat #3 is the button
Seat 2: 42f3d9e3 ($9.62 in chips)
Seat 3: Hero ($23.06 in chips)
Seat 5: adf14364 ($12.91 in chips)
Seat 6: 369c716 ($9.51 in chips)
adf14364: posts small blind $0.05
369c716: posts big blind $0.1
*** HOLE CARDS ***
Dealt to 42f3d9e3 
Dealt to Hero [6d 4s]
Dealt to adf14364 
Dealt to 369c716 
42f3d9e3: folds
Hero: folds
adf14364: raises $0.2 to $0.3
369c716: calls $0.2
*** FLOP *** [Ks 8c 7s]
adf14364: bets $0.2
369c716: folds
Uncalled bet ($0.2) returned to adf14364
*** SHOWDOWN ***
adf14364 collected $0.57 from pot
*** SUMMARY ***
Total pot $0.6 | Rake $0.03 | Jackpot $0 | Bingo $0 | Fortune $0 | Tax $0
Board [Ks 8c 7s]
Seat 2: 42f3d9e3 folded before Flop (didn't bet)
Seat 3: Hero (button) folded before Flop (didn't bet)
Seat 5: adf14364 (small blind) won ($0.57)
Seat 6: 369c716 (big blind) folded on the Flop


Poker Hand #HD1778204205: Hold'em No Limit ($0.05/$0.1) - 2024/05/18 19:59:54
Table 'NLHRed20' 6-max Seat #2 is the button
Seat 2: 42f3d9e3 ($9.48 in chips)
Seat 3: Hero ($23.11 in chips)
Seat 5: adf14364 ($13.01 in chips)
Seat 6: 369c716 ($9.51 in chips)
Hero: posts small blind $0.05
adf14364: posts big blind $0.1
*** HOLE CARDS ***
Dealt to 42f3d9e3 
Dealt to Hero [Ks 3d]
Dealt to adf14364 
Dealt to 369c716 
369c716: folds
42f3d9e3: calls $0.1
Hero: folds
adf14364: checks
*** FLOP *** [Ts 4h 7s]
adf14364: checks
42f3d9e3: checks
*** TURN *** [Ts 4h 7s] [9s]
adf14364: checks
42f3d9e3: bets $0.13
adf14364: folds
Uncalled bet ($0.13) returned to 42f3d9e3
*** SHOWDOWN ***
42f3d9e3 collected $0.24 from pot
*** SUMMARY ***
Total pot $0.25 | Rake $0.01 | Jackpot $0 | Bingo $0 | Fortune $0 | Tax $0
Board [Ts 4h 7s 9s]
Seat 2: 42f3d9e3 (button) won ($0.24)
Seat 3: Hero (small blind) folded before Flop
Seat 5: adf14364 (big blind) folded on the Turn
Seat 6: 369c716 folded before Flop (didn't bet)


Poker Hand #HD1778204173: Hold'em No Limit ($0.05/$0.1) - 2024/05/18 19:59:42
Table 'NLHRed20' 6-max Seat #6 is the button
Seat 2: 42f3d9e3 ($9.53 in chips)
Seat 3: Hero ($23.21 in chips)
Seat 5: adf14364 ($13.01 in chips)
Seat 6: 369c716 ($9.36 in chips)
42f3d9e3: posts small blind $0.05
Hero: posts big blind $0.1
*** HOLE CARDS ***
Dealt to 42f3d9e3 
Dealt to Hero [4s 7s]
Dealt to adf14364 
Dealt to 369c716 
adf14364: folds
369c716: raises $0.15 to $0.25
42f3d9e3: folds
Hero: folds
Uncalled bet ($0.15) returned to 369c716
*** SHOWDOWN ***
369c716 collected $0.25 from pot
*** SUMMARY ***
Total pot $0.25 | Rake $0 | Jackpot $0 | Bingo $0 | Fortune $0 | Tax $0
Seat 2: 42f3d9e3 (small blind) folded before Flop
Seat 3: Hero (big blind) folded before Flop
Seat 5: adf14364 folded before Flop (didn't bet)
Seat 6: 369c716 (button) collected ($0.25)


Poker Hand #HD1778204068: Hold'em No Limit ($0.05/$0.1) - 2024/05/18 19:58:57
Table 'NLHRed20' 6-max Seat #5 is the button
Seat 1: c8b74d98 ($7.49 in chips)
Seat 2: 42f3d9e3 ($9.53 in chips)
Seat 3: Hero ($21.36 in chips)
Seat 5: adf14364 ($13.01 in chips)
Seat 6: 369c716 ($9.41 in chips)
369c716: posts small blind $0.05
c8b74d98: posts big blind $0.1
*** HOLE CARDS ***
Dealt to c8b74d98 
Dealt to 42f3d9e3 
Dealt to Hero [Jc Js]
Dealt to adf14364 
Dealt to 369c716 
42f3d9e3: folds
Hero: raises $0.1 to $0.2
adf14364: folds
369c716: folds
c8b74d98: raises $0.45 to $0.65
Hero: calls $0.45
*** FLOP *** [4c Kc 2d]
c8b74d98: bets $0.45
Hero: calls $0.45
*** TURN *** [4c Kc 2d] [Kh]
c8b74d98: checks
Hero: checks
*** RIVER *** [4c Kc 2d Kh] [2s]
c8b74d98: checks
Hero: bets $1
c8b74d98: calls $1
Hero: shows [Jc Js] (Pair of Kings and Pair of Jacks)
c8b74d98: shows [Qc As] (Pair of Kings and Pair of Twos)
42f3d9e3: shows [Kd] (Kings Full over Twos)
*** SHOWDOWN ***
Hero collected $3.95 from pot
*** SUMMARY ***
Total pot $4.25 | Rake $0.2 | Jackpot $0.1 | Bingo $0 | Fortune $0 | Tax $0
Board [4c Kc 2d Kh 2s]
Seat 1: c8b74d98 (big blind) showed [Qc As] and lost with Pair of Kings and Pair of Twos
Seat 2: 42f3d9e3 folded before Flop (didn't bet)
Seat 3: Hero showed [Jc Js] and won ($3.95) with Pair of Kings and Pair of Jacks
Seat 5: adf14364 (button) folded before Flop (didn't bet)
Seat 6: 369c716 (small blind) folded before Flop


Poker Hand #HD1778203913: Hold'em No Limit ($0.05/$0.1) - 2024/05/18 19:57:47
Table 'NLHRed20' 6-max Seat #4 is the button
Seat 1: c8b74d98 ($9.9 in chips)
Seat 2: 42f3d9e3 ($7.21 in chips)
Seat 3: Hero ($21.36 in chips)
Seat 4: 4fc8e97a ($10 in chips)
Seat 5: adf14364 ($13.06 in chips)
Seat 6: 369c716 ($9.61 in chips)
adf14364: posts small blind $0.05
369c716: posts big blind $0.1
*** HOLE CARDS ***
Dealt to c8b74d98 
Dealt to 42f3d9e3 
Dealt to Hero [Qh Ts]
Dealt to 4fc8e97a 
Dealt to adf14364 
Dealt to 369c716 
c8b74d98: raises $0.1 to $0.2
42f3d9e3: calls $0.2
Hero: folds
4fc8e97a: folds
adf14364: folds
369c716: calls $0.1
*** FLOP *** [7h 3s Kd]
369c716: checks
c8b74d98: bets $0.2
42f3d9e3: calls $0.2
369c716: folds
*** TURN *** [7h 3s Kd] [9h]
c8b74d98: bets $0.35
42f3d9e3: calls $0.35
*** RIVER *** [7h 3s Kd 9h] [6c]
c8b74d98: bets $0.65
42f3d9e3: raises $1.01 to $1.66
c8b74d98: calls $1.01
42f3d9e3: shows [Kc 9c] (Pair of Kings and Pair of Nines)
c8b74d98: shows [Ks Jd] (Pair of Kings)
*** SHOWDOWN ***
42f3d9e3 collected $4.73 from pot
*** SUMMARY ***
Total pot $5.07 | Rake $0.24 | Jackpot $0.1 | Bingo $0 | Fortune $0 | Tax $0
Board [7h 3s Kd 9h 6c]
Seat 1: c8b74d98 showed [Ks Jd] and lost with Pair of Kings
Seat 2: 42f3d9e3 showed [Kc 9c] and won ($4.73) with Pair of Kings and Pair of Nines
Seat 3: Hero folded before Flop (didn't bet)
Seat 4: 4fc8e97a (button) folded before Flop (didn't bet)
Seat 5: adf14364 (small blind) folded before Flop
Seat 6: 369c716 (big blind) folded on the Flop


Poker Hand #HD1778203851: Hold'em No Limit ($0.05/$0.1) - 2024/05/18 19:57:17
Table 'NLHRed20' 6-max Seat #3 is the button
Seat 1: c8b74d98 ($9.9 in chips)
Seat 2: 42f3d9e3 ($7.06 in chips)
Seat 3: Hero ($21.36 in chips)
Seat 4: 4fc8e97a ($10 in chips)
Seat 5: adf14364 ($13.16 in chips)
Seat 6: 369c716 ($9.61 in chips)
4fc8e97a: posts small blind $0.05
adf14364: posts big blind $0.1
*** HOLE CARDS ***
Dealt to c8b74d98 
Dealt to 42f3d9e3 
Dealt to Hero [6h 6s]
Dealt to 4fc8e97a 
Dealt to adf14364 
Dealt to 369c716 
369c716: folds
c8b74d98: folds
42f3d9e3: raises $0.15 to $0.25
Hero: folds
4fc8e97a: folds
adf14364: folds
Uncalled bet ($0.15) returned to 42f3d9e3
*** SHOWDOWN ***
42f3d9e3 collected $0.25 from pot
*** SUMMARY ***
Total pot $0.25 | Rake $0 | Jackpot $0 | Bingo $0 | Fortune $0 | Tax $0
Seat 1: c8b74d98 folded before Flop (didn't bet)
Seat 2: 42f3d9e3 collected ($0.25)
Seat 3: Hero (button) folded before Flop (didn't bet)
Seat 4: 4fc8e97a (small blind) folded before Flop
Seat 5: adf14364 (big blind) folded before Flop
Seat 6: 369c716 folded before Flop (didn't bet)


Poker Hand #HD1778203725: Hold'em No Limit ($0.05/$0.1) - 2024/05/18 19:56:18
Table 'NLHRed20' 6-max Seat #2 is the button
Seat 1: c8b74d98 ($9.9 in chips)
Seat 2: 42f3d9e3 ($6.19 in chips)
Seat 3: Hero ($21.41 in chips)
Seat 4: 4fc8e97a ($10.21 in chips)
Seat 5: adf14364 ($13.16 in chips)
Seat 6: 369c716 ($9.86 in chips)
Hero: posts small blind $0.05
4fc8e97a: posts big blind $0.1
*** HOLE CARDS ***
Dealt to c8b74d98 
Dealt to 42f3d9e3 
Dealt to Hero [4d 7h]
Dealt to 4fc8e97a 
Dealt to adf14364 
Dealt to 369c716 
adf14364: folds
369c716: raises $0.15 to $0.25
c8b74d98: folds
42f3d9e3: calls $0.25
Hero: folds
4fc8e97a: calls $0.15
*** FLOP *** [8h 6c 2c]
4fc8e97a: checks
369c716: checks
42f3d9e3: bets $0.4
4fc8e97a: calls $0.4
369c716: folds
*** TURN *** [8h 6c 2c] [5d]
4fc8e97a: checks
42f3d9e3: bets $1.2
4fc8e97a: folds
Uncalled bet ($1.2) returned to 42f3d9e3
*** SHOWDOWN ***
42f3d9e3 collected $1.52 from pot
*** SUMMARY ***
Total pot $1.6 | Rake $0.08 | Jackpot $0 | Bingo $0 | Fortune $0 | Tax $0
Board [8h 6c 2c 5d]
Seat 1: c8b74d98 folded before Flop (didn't bet)
Seat 2: 42f3d9e3 (button) won ($1.52)
Seat 3: Hero (small blind) folded before Flop
Seat 4: 4fc8e97a (big blind) folded on the Turn
Seat 5: adf14364 folded before Flop (didn't bet)
Seat 6: 369c716 folded on the Flop


Poker Hand #HD1778203624: Hold'em No Limit ($0.05/$0.1) - 2024/05/18 19:55:33
Table 'NLHRed20' 6-max Seat #1 is the button
Seat 1: c8b74d98 ($9.9 in chips)
Seat 2: 42f3d9e3 ($6.69 in chips)
Seat 3: Hero ($20.96 in chips)
Seat 4: 4fc8e97a ($10.21 in chips)
Seat 5: adf14364 ($13.16 in chips)
Seat 6: 369c716 ($9.86 in chips)
42f3d9e3: posts small blind $0.05
Hero: posts big blind $0.1
*** HOLE CARDS ***
Dealt to c8b74d98 
Dealt to 42f3d9e3 
Dealt to Hero [Qs Td]
Dealt to 4fc8e97a 
Dealt to adf14364 
Dealt to 369c716 
4fc8e97a: folds
adf14364: folds
369c716: folds
c8b74d98: folds
42f3d9e3: calls $0.05
Hero: checks
*** FLOP *** [3c 5d 9s]
42f3d9e3: checks
Hero: checks
*** TURN *** [3c 5d 9s] [Tc]
42f3d9e3: checks
Hero: bets $0.1
42f3d9e3: calls $0.1
*** RIVER *** [3c 5d 9s Tc] [Kd]
42f3d9e3: checks
Hero: bets $0.3
42f3d9e3: calls $0.3
Hero: shows [Qs Td] (Pair of Tens)
42f3d9e3: shows [8d 9d] (Pair of Nines)
*** SHOWDOWN ***
Hero collected $0.95 from pot
*** SUMMARY ***
Total pot $1 | Rake $0.05 | Jackpot $0 | Bingo $0 | Fortune $0 | Tax $0
Board [3c 5d 9s Tc Kd]
Seat 1: c8b74d98 (button) folded before Flop (didn't bet)
Seat 2: 42f3d9e3 (small blind) showed [8d 9d] and lost with Pair of Nines
Seat 3: Hero (big blind) showed [Qs Td] and won ($0.95) with Pair of Tens
Seat 4: 4fc8e97a folded before Flop (didn't bet)
Seat 5: adf14364 folded before Flop (didn't bet)
Seat 6: 369c716 folded before Flop (didn't bet)


Poker Hand #HD1778203475: Hold'em No Limit ($0.05/$0.1) - 2024/05/18 19:54:25
Table 'NLHRed20' 6-max Seat #6 is the button
Seat 1: c8b74d98 ($9.95 in chips)
Seat 2: 42f3d9e3 ($6.79 in chips)
Seat 3: Hero ($22.13 in chips)
Seat 4: 4fc8e97a ($10.21 in chips)
Seat 5: adf14364 ($11.96 in chips)
Seat 6: 369c716 ($9.86 in chips)
c8b74d98: posts small blind $0.05
42f3d9e3: posts big blind $0.1
*** HOLE CARDS ***
Dealt to c8b74d98 
Dealt to 42f3d9e3 
Dealt to Hero [8h 8c]
Dealt to 4fc8e97a 
Dealt to adf14364 
Dealt to 369c716 
Hero: raises $0.1 to $0.2
4fc8e97a: folds
adf14364: raises $0.47 to $0.67
369c716: folds
c8b74d98: folds
42f3d9e3: folds
Hero: calls $0.47
*** FLOP *** [Qs 2d 7h]
Hero: checks
adf14364: bets $0.5
Hero: calls $0.5
*** TURN *** [Qs 2d 7h] [2s]
Hero: checks
adf14364: checks
*** RIVER *** [Qs 2d 7h 2s] [Ah]
Hero: checks
adf14364: checks
Hero: shows [8h 8c] (Pair of Eights and Pair of Twos)
adf14364: shows [9c 9h] (Pair of Nines and Pair of Twos)
*** SHOWDOWN ***
adf14364 collected $2.37 from pot
*** SUMMARY ***
Total pot $2.49 | Rake $0.12 | Jackpot $0 | Bingo $0 | Fortune $0 | Tax $0
Board [Qs 2d 7h 2s Ah]
Seat 1: c8b74d98 (small blind) folded before Flop
Seat 2: 42f3d9e3 (big blind) folded before Flop
Seat 3: Hero showed [8h 8c] and lost with Pair of Eights and Pair of Twos
Seat 4: 4fc8e97a folded before Flop (didn't bet)
Seat 5: adf14364 showed [9c 9h] and won ($2.37) with Pair of Nines and Pair of Twos
Seat 6: 369c716 (button) folded before Flop (didn't bet)


Poker Hand #HD1778203453: Hold'em No Limit ($0.05/$0.1) - 2024/05/18 19:54:14
Table 'NLHRed20' 6-max Seat #5 is the button
Seat 1: c8b74d98 ($9.9 in chips)
Seat 2: 42f3d9e3 ($6.79 in chips)
Seat 3: Hero ($22.13 in chips)
Seat 4: 4fc8e97a ($10.21 in chips)
Seat 5: adf14364 ($11.96 in chips)
Seat 6: 369c716 ($9.91 in chips)
369c716: posts small blind $0.05
c8b74d98: posts big blind $0.1
*** HOLE CARDS ***
Dealt to c8b74d98 
Dealt to 42f3d9e3 
Dealt to Hero [Ts Kh]
Dealt to 4fc8e97a 
Dealt to adf14364 
Dealt to 369c716 
42f3d9e3: folds
Hero: folds
4fc8e97a: folds
adf14364: folds
369c716: folds
Uncalled bet ($0.05) returned to c8b74d98
*** SHOWDOWN ***
c8b74d98 collected $0.1 from pot
*** SUMMARY ***
Total pot $0.1 | Rake $0 | Jackpot $0 | Bingo $0 | Fortune $0 | Tax $0
Seat 1: c8b74d98 (big blind) collected ($0.1)
Seat 2: 42f3d9e3 folded before Flop (didn't bet)
Seat 3: Hero folded before Flop (didn't bet)
Seat 4: 4fc8e97a folded before Flop (didn't bet)
Seat 5: adf14364 (button) folded before Flop (didn't bet)
Seat 6: 369c716 (small blind) folded before Flop


Poker Hand #HD1778203353: Hold'em No Limit ($0.05/$0.1) - 2024/05/18 19:53:37
Table 'NLHRed20' 6-max Seat #4 is the button
Seat 1: c8b74d98 ($9.9 in chips)
Seat 2: 42f3d9e3 ($6.79 in chips)
Seat 3: Hero ($22.13 in chips)
Seat 4: 4fc8e97a ($10.44 in chips)
Seat 5: adf14364 ($11.65 in chips)
Seat 6: 369c716 ($10.01 in chips)
adf14364: posts small blind $0.05
369c716: posts big blind $0.1
*** HOLE CARDS ***
Dealt to c8b74d98 
Dealt to 42f3d9e3 
Dealt to Hero [6h As]
Dealt to 4fc8e97a 
Dealt to adf14364 
Dealt to 369c716 
c8b74d98: folds
42f3d9e3: folds
Hero: folds
4fc8e97a: raises $0.13 to $0.23
adf14364: raises $0.87 to $1.1
369c716: folds
4fc8e97a: folds
Uncalled bet ($0.87) returned to adf14364
*** SHOWDOWN ***
adf14364 collected $0.54 from pot
*** SUMMARY ***
Total pot $0.56 | Rake $0.02 | Jackpot $0 | Bingo $0 | Fortune $0 | Tax $0
Seat 1: c8b74d98 folded before Flop (didn't bet)
Seat 2: 42f3d9e3 folded before Flop (didn't bet)
Seat 3: Hero folded before Flop (didn't bet)
Seat 4: 4fc8e97a (button) folded before Flop
Seat 5: adf14364 (small blind) collected ($0.54)
Seat 6: 369c716 (big blind) folded before Flop


Poker Hand #HD1778203317: Hold'em No Limit ($0.05/$0.1) - 2024/05/18 19:53:18
Table 'NLHRed20' 6-max Seat #3 is the button
Seat 1: c8b74d98 ($9.9 in chips)
Seat 2: 42f3d9e3 ($6.79 in chips)
Seat 3: Hero ($22.13 in chips)
Seat 4: 4fc8e97a ($10.49 in chips)
Seat 5: adf14364 ($11.6 in chips)
Seat 6: 369c716 ($10.01 in chips)
4fc8e97a: posts small blind $0.05
adf14364: posts big blind $0.1
*** HOLE CARDS ***
Dealt to c8b74d98 
Dealt to 42f3d9e3 
Dealt to Hero [4d 3d]
Dealt to 4fc8e97a 
Dealt to adf14364 
Dealt to 369c716 
369c716: folds
c8b74d98: folds
42f3d9e3: folds
Hero: folds
4fc8e97a: folds
Uncalled bet ($0.05) returned to adf14364
*** SHOWDOWN ***
adf14364 collected $0.1 from pot
*** SUMMARY ***
Total pot $0.1 | Rake $0 | Jackpot $0 | Bingo $0 | Fortune $0 | Tax $0
Seat 1: c8b74d98 folded before Flop (didn't bet)
Seat 2: 42f3d9e3 folded before Flop (didn't bet)
Seat 3: Hero (button) folded before Flop (didn't bet)
Seat 4: 4fc8e97a (small blind) folded before Flop
Seat 5: adf14364 (big blind) collected ($0.1)
Seat 6: 369c716 folded before Flop (didn't bet)


Poker Hand #HD1778203274: Hold'em No Limit ($0.05/$0.1) - 2024/05/18 19:52:57
Table 'NLHRed20' 6-max Seat #2 is the button
Seat 1: c8b74d98 ($9.9 in chips)
Seat 2: 42f3d9e3 ($6.64 in chips)
Seat 3: Hero ($22.18 in chips)
Seat 4: 4fc8e97a ($10.59 in chips)
Seat 5: adf14364 ($11.6 in chips)
Seat 6: 369c716 ($10.01 in chips)
Hero: posts small blind $0.05
4fc8e97a: posts big blind $0.1
*** HOLE CARDS ***
Dealt to c8b74d98 
Dealt to 42f3d9e3 
Dealt to Hero [Ks 6c]
Dealt to 4fc8e97a 
Dealt to adf14364 
Dealt to 369c716 
adf14364: folds
369c716: folds
c8b74d98: folds
42f3d9e3: raises $0.15 to $0.25
Hero: folds
4fc8e97a: folds
Uncalled bet ($0.15) returned to 42f3d9e3
*** SHOWDOWN ***
42f3d9e3 collected $0.25 from pot
*** SUMMARY ***
Total pot $0.25 | Rake $0 | Jackpot $0 | Bingo $0 | Fortune $0 | Tax $0
Seat 1: c8b74d98 folded before Flop (didn't bet)
Seat 2: 42f3d9e3 (button) collected ($0.25)
Seat 3: Hero (small blind) folded before Flop
Seat 4: 4fc8e97a (big blind) folded before Flop
Seat 5: adf14364 folded before Flop (didn't bet)
Seat 6: 369c716 folded before Flop (didn't bet)


Poker Hand #HD1778203236: Hold'em No Limit ($0.05/$0.1) - 2024/05/18 19:52:41
Table 'NLHRed20' 6-max Seat #1 is the button
Seat 1: c8b74d98 ($9.9 in chips)
Seat 2: 42f3d9e3 ($6.69 in chips)
Seat 3: Hero ($22.13 in chips)
Seat 4: 4fc8e97a ($10.59 in chips)
Seat 5: adf14364 ($11.6 in chips)
Seat 6: 369c716 ($10.01 in chips)
42f3d9e3: posts small blind $0.05
Hero: posts big blind $0.1
*** HOLE CARDS ***
Dealt to c8b74d98 
Dealt to 42f3d9e3 
Dealt to Hero [Qc Kh]
Dealt to 4fc8e97a 
Dealt to adf14364 
Dealt to 369c716 
4fc8e97a: folds
adf14364: folds
369c716: folds
c8b74d98: folds
42f3d9e3: folds
Uncalled bet ($0.05) returned to Hero
*** SHOWDOWN ***
Hero collected $0.1 from pot
*** SUMMARY ***
Total pot $0.1 | Rake $0 | Jackpot $0 | Bingo $0 | Fortune $0 | Tax $0
Seat 1: c8b74d98 (button) folded before Flop (didn't bet)
Seat 2: 42f3d9e3 (small blind) folded before Flop
Seat 3: Hero (big blind) collected ($0.1)
Seat 4: 4fc8e97a folded before Flop (didn't bet)
Seat 5: adf14364 folded before Flop (didn't bet)
Seat 6: 369c716 folded before Flop (didn't bet)


Poker Hand #HD1778203204: Hold'em No Limit ($0.05/$0.1) - 2024/05/18 19:52:25
Table 'NLHRed20' 6-max Seat #6 is the button
Seat 1: c8b74d98 ($9.95 in chips)
Seat 2: 42f3d9e3 ($6.79 in chips)
Seat 3: Hero ($22.13 in chips)
Seat 4: 4fc8e97a ($10.44 in chips)
Seat 5: adf14364 ($11.6 in chips)
Seat 6: 369c716 ($10.01 in chips)
c8b74d98: posts small blind $0.05
42f3d9e3: posts big blind $0.1
*** HOLE CARDS ***
Dealt to c8b74d98 
Dealt to 42f3d9e3 
Dealt to Hero [Js Tc]
Dealt to 4fc8e97a 
Dealt to adf14364 
Dealt to 369c716 
Hero: folds
4fc8e97a: raises $0.13 to $0.23
adf14364: folds
369c716: folds
c8b74d98: folds
42f3d9e3: folds
Uncalled bet ($0.13) returned to 4fc8e97a
*** SHOWDOWN ***
4fc8e97a collected $0.25 from pot
*** SUMMARY ***
Total pot $0.25 | Rake $0 | Jackpot $0 | Bingo $0 | Fortune $0 | Tax $0
Seat 1: c8b74d98 (small blind) folded before Flop
Seat 2: 42f3d9e3 (big blind) folded before Flop
Seat 3: Hero folded before Flop (didn't bet)
Seat 4: 4fc8e97a collected ($0.25)
Seat 5: adf14364 folded before Flop (didn't bet)
Seat 6: 369c716 (button) folded before Flop (didn't bet)


Poker Hand #HD1778203150: Hold'em No Limit ($0.05/$0.1) - 2024/05/18 19:51:59
Table 'NLHRed20' 6-max Seat #5 is the button
Seat 1: c8b74d98 ($10.05 in chips)
Seat 2: 42f3d9e3 ($6.79 in chips)
Seat 3: Hero ($22.13 in chips)
Seat 4: 4fc8e97a ($10.44 in chips)
Seat 5: adf14364 ($11.6 in chips)
Seat 6: 369c716 ($9.91 in chips)
369c716: posts small blind $0.05
c8b74d98: posts big blind $0.1
*** HOLE CARDS ***
Dealt to c8b74d98 
Dealt to 42f3d9e3 
Dealt to Hero [5c Jd]
Dealt to 4fc8e97a 
Dealt to adf14364 
Dealt to 369c716 
42f3d9e3: folds
Hero: folds
4fc8e97a: folds
adf14364: folds
369c716: raises $0.15 to $0.25
c8b74d98: folds
Uncalled bet ($0.15) returned to 369c716
*** SHOWDOWN ***
369c716 collected $0.2 from pot
*** SUMMARY ***
Total pot $0.2 | Rake $0 | Jackpot $0 | Bingo $0 | Fortune $0 | Tax $0
Seat 1: c8b74d98 (big blind) folded before Flop
Seat 2: 42f3d9e3 folded before Flop (didn't bet)
Seat 3: Hero folded before Flop (didn't bet)
Seat 4: 4fc8e97a folded before Flop (didn't bet)
Seat 5: adf14364 (button) folded before Flop (didn't bet)
Seat 6: 369c716 (small blind) collected ($0.2)


Poker Hand #HD1778203101: Hold'em No Limit ($0.05/$0.1) - 2024/05/18 19:51:41
Table 'NLHRed20' 6-max Seat #4 is the button
Seat 1: c8b74d98 ($10.05 in chips)
Seat 2: 42f3d9e3 ($6.79 in chips)
Seat 3: Hero ($22.13 in chips)
Seat 4: 4fc8e97a ($10.44 in chips)
Seat 5: adf14364 ($11.65 in chips)
Seat 6: 369c716 ($9.86 in chips)
adf14364: posts small blind $0.05
369c716: posts big blind $0.1
*** HOLE CARDS ***
Dealt to c8b74d98 
Dealt to 42f3d9e3 
Dealt to Hero [Jd 8c]
Dealt to 4fc8e97a 
Dealt to adf14364 
Dealt to 369c716 
c8b74d98: folds
42f3d9e3: folds
Hero: folds
4fc8e97a: folds
adf14364: folds
Uncalled bet ($0.05) returned to 369c716
*** SHOWDOWN ***
369c716 collected $0.1 from pot
*** SUMMARY ***
Total pot $0.1 | Rake $0 | Jackpot $0 | Bingo $0 | Fortune $0 | Tax $0
Seat 1: c8b74d98 folded before Flop (didn't bet)
Seat 2: 42f3d9e3 folded before Flop (didn't bet)
Seat 3: Hero folded before Flop (didn't bet)
Seat 4: 4fc8e97a (button) folded before Flop (didn't bet)
Seat 5: adf14364 (small blind) folded before Flop
Seat 6: 369c716 (big blind) collected ($0.1)


Poker Hand #HD1778203071: Hold'em No Limit ($0.05/$0.1) - 2024/05/18 19:51:26
Table 'NLHRed20' 6-max Seat #3 is the button
Seat 1: c8b74d98 ($10.05 in chips)
Seat 2: 42f3d9e3 ($6.79 in chips)
Seat 3: Hero ($22.13 in chips)
Seat 4: 4fc8e97a ($10.49 in chips)
Seat 5: adf14364 ($11.6 in chips)
Seat 6: 369c716 ($9.86 in chips)
4fc8e97a: posts small blind $0.05
adf14364: posts big blind $0.1
*** HOLE CARDS ***
Dealt to c8b74d98 
Dealt to 42f3d9e3 
Dealt to Hero [Kc 5s]
Dealt to 4fc8e97a 
Dealt to adf14364 
Dealt to 369c716 
369c716: folds
c8b74d98: folds
42f3d9e3: folds
Hero: folds
4fc8e97a: folds
Uncalled bet ($0.05) returned to adf14364
*** SHOWDOWN ***
adf14364 collected $0.1 from pot
*** SUMMARY ***
Total pot $0.1 | Rake $0 | Jackpot $0 | Bingo $0 | Fortune $0 | Tax $0
Seat 1: c8b74d98 folded before Flop (didn't bet)
Seat 2: 42f3d9e3 folded before Flop (didn't bet)
Seat 3: Hero (button) folded before Flop (didn't bet)
Seat 4: 4fc8e97a (small blind) folded before Flop
Seat 5: adf14364 (big blind) collected ($0.1)
Seat 6: 369c716 folded before Flop (didn't bet)


Poker Hand #HD1778203011: Hold'em No Limit ($0.05/$0.1) - 2024/05/18 19:50:59
Table 'NLHRed20' 6-max Seat #2 is the button
Seat 1: c8b74d98 ($10.05 in chips)
Seat 2: 42f3d9e3 ($6.79 in chips)
Seat 3: Hero ($22.18 in chips)
Seat 4: 4fc8e97a ($10.59 in chips)
Seat 5: adf14364 ($11.6 in chips)
Seat 6: 369c716 ($9.71 in chips)
Hero: posts small blind $0.05
4fc8e97a: posts big blind $0.1
*** HOLE CARDS ***
Dealt to c8b74d98 
Dealt to 42f3d9e3 
Dealt to Hero [Ts 8s]
Dealt to 4fc8e97a 
Dealt to adf14364 
Dealt to 369c716 
adf14364: folds
369c716: raises $0.15 to $0.25
c8b74d98: folds
42f3d9e3: folds
Hero: folds
4fc8e97a: folds
Uncalled bet ($0.15) returned to 369c716
*** SHOWDOWN ***
369c716 collected $0.25 from pot
*** SUMMARY ***
Total pot $0.25 | Rake $0 | Jackpot $0 | Bingo $0 | Fortune $0 | Tax $0
Seat 1: c8b74d98 folded before Flop (didn't bet)
Seat 2: 42f3d9e3 (button) folded before Flop (didn't bet)
Seat 3: Hero (small blind) folded before Flop
Seat 4: 4fc8e97a (big blind) folded before Flop
Seat 5: adf14364 folded before Flop (didn't bet)
Seat 6: 369c716 collected ($0.25)


Poker Hand #HD1778202905: Hold'em No Limit ($0.05/$0.1) - 2024/05/18 19:50:08
Table 'NLHRed20' 6-max Seat #1 is the button
Seat 1: c8b74d98 ($10.05 in chips)
Seat 2: 42f3d9e3 ($6.48 in chips)
Seat 3: Hero ($22.28 in chips)
Seat 4: 4fc8e97a ($10.82 in chips)
Seat 5: adf14364 ($11.6 in chips)
Seat 6: 369c716 ($9.71 in chips)
42f3d9e3: posts small blind $0.05
Hero: posts big blind $0.1
*** HOLE CARDS ***
Dealt to c8b74d98 
Dealt to 42f3d9e3 
Dealt to Hero [4c 6s]
Dealt to 4fc8e97a 
Dealt to adf14364 
Dealt to 369c716 
4fc8e97a: raises $0.13 to $0.23
adf14364: folds
369c716: folds
c8b74d98: folds
42f3d9e3: calls $0.18
Hero: folds
*** FLOP *** [Kd 2d 9s]
42f3d9e3: checks
4fc8e97a: checks
*** TURN *** [Kd 2d 9s] [Jc]
42f3d9e3: checks
4fc8e97a: checks
*** RIVER *** [Kd 2d 9s Jc] [7s]
42f3d9e3: checks
4fc8e97a: checks
42f3d9e3: shows [8s 8h] (Pair of Eights)
4fc8e97a: shows [Ah Qc] (Ace-High)
*** SHOWDOWN ***
42f3d9e3 collected $0.54 from pot
*** SUMMARY ***
Total pot $0.56 | Rake $0.02 | Jackpot $0 | Bingo $0 | Fortune $0 | Tax $0
Board [Kd 2d 9s Jc 7s]
Seat 1: c8b74d98 (button) folded before Flop (didn't bet)
Seat 2: 42f3d9e3 (small blind) showed [8s 8h] and won ($0.54) with Pair of Eights
Seat 3: Hero (big blind) folded before Flop
Seat 4: 4fc8e97a showed [Ah Qc] and lost with Ace-High
Seat 5: adf14364 folded before Flop (didn't bet)
Seat 6: 369c716 folded before Flop (didn't bet)


Poker Hand #HD1778202777: Hold'em No Limit ($0.05/$0.1) - 2024/05/18 19:49:13
Table 'NLHRed20' 6-max Seat #6 is the button
Seat 1: c8b74d98 ($10.1 in chips)
Seat 2: 42f3d9e3 ($6.58 in chips)
Seat 3: Hero ($22.28 in chips)
Seat 4: 4fc8e97a ($10.15 in chips)
Seat 5: adf14364 ($11.6 in chips)
Seat 6: 369c716 ($10.29 in chips)
c8b74d98: posts small blind $0.05
42f3d9e3: posts big blind $0.1
*** HOLE CARDS ***
Dealt to c8b74d98 
Dealt to 42f3d9e3 
Dealt to Hero [Jc 9s]
Dealt to 4fc8e97a 
Dealt to adf14364 
Dealt to 369c716 
Hero: folds
4fc8e97a: raises $0.13 to $0.23
adf14364: folds
369c716: calls $0.23
c8b74d98: folds
42f3d9e3: folds
*** FLOP *** [Qc 8d Qh]
4fc8e97a: bets $0.35
369c716: calls $0.35
*** TURN *** [Qc 8d Qh] [6h]
4fc8e97a: bets $1
369c716: folds
Uncalled bet ($1) returned to 4fc8e97a
*** SHOWDOWN ***
4fc8e97a collected $1.25 from pot
*** SUMMARY ***
Total pot $1.31 | Rake $0.06 | Jackpot $0 | Bingo $0 | Fortune $0 | Tax $0
Board [Qc 8d Qh 6h]
Seat 1: c8b74d98 (small blind) folded before Flop
Seat 2: 42f3d9e3 (big blind) folded before Flop
Seat 3: Hero folded before Flop (didn't bet)
Seat 4: 4fc8e97a won ($1.25)
Seat 5: adf14364 folded before Flop (didn't bet)
Seat 6: 369c716 (button) folded on the Turn


Poker Hand #HD1778202605: Hold'em No Limit ($0.05/$0.1) - 2024/05/18 19:47:51
Table 'NLHRed20' 6-max Seat #5 is the button
Seat 1: c8b74d98 ($10.2 in chips)
Seat 2: 42f3d9e3 ($8.3 in chips)
Seat 3: Hero ($22.28 in chips)
Seat 4: 4fc8e97a ($10.15 in chips)
Seat 5: adf14364 ($10 in chips)
Seat 6: 369c716 ($10.34 in chips)
369c716: posts small blind $0.05
c8b74d98: posts big blind $0.1
*** HOLE CARDS ***
Dealt to c8b74d98 
Dealt to 42f3d9e3 
Dealt to Hero [2h 4h]
Dealt to 4fc8e97a 
Dealt to adf14364 
Dealt to 369c716 
42f3d9e3: calls $0.1
Hero: folds
4fc8e97a: folds
adf14364: raises $0.27 to $0.37
369c716: folds
c8b74d98: folds
42f3d9e3: calls $0.27
*** FLOP *** [Jd 3h Qh]
42f3d9e3: bets $0.45
adf14364: raises $0.9 to $1.35
42f3d9e3: calls $0.9
*** TURN *** [Jd 3h Qh] [Jh]
42f3d9e3: checks
adf14364: bets $2.7
42f3d9e3: folds
Uncalled bet ($2.7) returned to adf14364
*** SHOWDOWN ***
adf14364 collected $3.32 from pot
*** SUMMARY ***
Total pot $3.59 | Rake $0.17 | Jackpot $0.1 | Bingo $0 | Fortune $0 | Tax $0
Board [Jd 3h Qh Jh]
Seat 1: c8b74d98 (big blind) folded before Flop
Seat 2: 42f3d9e3 folded on the Turn
Seat 3: Hero folded before Flop (didn't bet)
Seat 4: 4fc8e97a folded before Flop (didn't bet)
Seat 5: adf14364 (button) won ($3.32)
Seat 6: 369c716 (small blind) folded before Flop


Poker Hand #HD1778202571: Hold'em No Limit ($0.05/$0.1) - 2024/05/18 19:47:35
Table 'NLHRed20' 6-max Seat #4 is the button
Seat 1: c8b74d98 ($10.2 in chips)
Seat 2: 42f3d9e3 ($8.3 in chips)
Seat 3: Hero ($22.28 in chips)
Seat 4: 4fc8e97a ($10 in chips)
Seat 5: adf14364 ($10 in chips)
Seat 6: 369c716 ($10.44 in chips)
adf14364: posts small blind $0.05
369c716: posts big blind $0.1
*** HOLE CARDS ***
Dealt to c8b74d98 
Dealt to 42f3d9e3 
Dealt to Hero [Th 3c]
Dealt to 4fc8e97a 
Dealt to adf14364 
Dealt to 369c716 
c8b74d98: folds
42f3d9e3: folds
Hero: folds
4fc8e97a: raises $0.13 to $0.23
adf14364: folds
369c716: folds
Uncalled bet ($0.13) returned to 4fc8e97a
*** SHOWDOWN ***
4fc8e97a collected $0.25 from pot
*** SUMMARY ***
Total pot $0.25 | Rake $0 | Jackpot $0 | Bingo $0 | Fortune $0 | Tax $0
Seat 1: c8b74d98 folded before Flop (didn't bet)
Seat 2: 42f3d9e3 folded before Flop (didn't bet)
Seat 3: Hero folded before Flop (didn't bet)
Seat 4: 4fc8e97a (button) collected ($0.25)
Seat 5: adf14364 (small blind) folded before Flop
Seat 6: 369c716 (big blind) folded before Flop


Poker Hand #HD1778202478: Hold'em No Limit ($0.05/$0.1) - 2024/05/18 19:46:55
Table 'NLHRed20' 6-max Seat #3 is the button
Seat 1: c8b74d98 ($10.2 in chips)
Seat 2: 42f3d9e3 ($8.02 in chips)
Seat 3: Hero ($22.28 in chips)
Seat 4: 4fc8e97a ($10 in chips)
Seat 5: adf14364 ($10 in chips)
Seat 6: 369c716 ($10.44 in chips)
4fc8e97a: posts small blind $0.05
adf14364: posts big blind $0.1
*** HOLE CARDS ***
Dealt to c8b74d98 
Dealt to 42f3d9e3 
Dealt to Hero [5h 2h]
Dealt to 4fc8e97a 
Dealt to adf14364 
Dealt to 369c716 
369c716: folds
c8b74d98: folds
42f3d9e3: raises $0.15 to $0.25
Hero: folds
4fc8e97a: folds
adf14364: calls $0.15
*** FLOP *** [7h 7c 2c]
adf14364: checks
42f3d9e3: checks
*** TURN *** [7h 7c 2c] [6c]
adf14364: checks
42f3d9e3: bets $0.19
adf14364: folds
Uncalled bet ($0.19) returned to 42f3d9e3
*** SHOWDOWN ***
42f3d9e3 collected $0.53 from pot
*** SUMMARY ***
Total pot $0.55 | Rake $0.02 | Jackpot $0 | Bingo $0 | Fortune $0 | Tax $0
Board [7h 7c 2c 6c]
Seat 1: c8b74d98 folded before Flop (didn't bet)
Seat 2: 42f3d9e3 won ($0.53)
Seat 3: Hero (button) folded before Flop (didn't bet)
Seat 4: 4fc8e97a (small blind) folded before Flop
Seat 5: adf14364 (big blind) folded on the Turn
Seat 6: 369c716 folded before Flop (didn't bet)


Poker Hand #HD1778202391: Hold'em No Limit ($0.05/$0.1) - 2024/05/18 19:46:09
Table 'NLHRed20' 6-max Seat #2 is the button
Seat 1: c8b74d98 ($10.2 in chips)
Seat 2: 42f3d9e3 ($8.62 in chips)
Seat 3: Hero ($22.33 in chips)
Seat 4: 4fc8e97a ($10 in chips)
Seat 5: adf14364 ($10 in chips)
Seat 6: 369c716 ($9.77 in chips)
Hero: posts small blind $0.05
4fc8e97a: posts big blind $0.1
*** HOLE CARDS ***
Dealt to c8b74d98 
Dealt to 42f3d9e3 
Dealt to Hero [4c Ks]
Dealt to 4fc8e97a 
Dealt to adf14364 
Dealt to 369c716 
adf14364: folds
369c716: raises $0.15 to $0.25
c8b74d98: folds
42f3d9e3: calls $0.25
Hero: folds
4fc8e97a: folds
*** FLOP *** [Jc 6h 8h]
369c716: bets $0.35
42f3d9e3: calls $0.35
*** TURN *** [Jc 6h 8h] [Jd]
369c716: checks
42f3d9e3: checks
*** RIVER *** [Jc 6h 8h Jd] [7s]
369c716: checks
42f3d9e3: checks
369c716: shows [8d Ad] (Pair of Jacks and Pair of Eights)
42f3d9e3: shows [Kd Tc] (Pair of Jacks)
*** SHOWDOWN ***
369c716 collected $1.27 from pot
*** SUMMARY ***
Total pot $1.35 | Rake $0.08 | Jackpot $0 | Bingo $0 | Fortune $0 | Tax $0
Board [Jc 6h 8h Jd 7s]
Seat 1: c8b74d98 folded before Flop (didn't bet)
Seat 2: 42f3d9e3 (button) showed [Kd Tc] and lost with Pair of Jacks
Seat 3: Hero (small blind) folded before Flop
Seat 4: 4fc8e97a (big blind) folded before Flop
Seat 5: adf14364 folded before Flop (didn't bet)
Seat 6: 369c716 showed [8d Ad] and won ($1.27) with Pair of Jacks and Pair of Eights


Poker Hand #HD1778202250: Hold'em No Limit ($0.05/$0.1) - 2024/05/18 19:45:02
Table 'NLHRed20' 6-max Seat #1 is the button
Seat 1: c8b74d98 ($10.78 in chips)
Seat 2: 42f3d9e3 ($8.67 in chips)
Seat 3: Hero ($20.99 in chips)
Seat 4: 4fc8e97a ($10 in chips)
Seat 5: adf14364 ($10 in chips)
Seat 6: 369c716 ($10 in chips)
42f3d9e3: posts small blind $0.05
Hero: posts big blind $0.1
*** HOLE CARDS ***
Dealt to c8b74d98 
Dealt to 42f3d9e3 
Dealt to Hero [9c 7c]
Dealt to 4fc8e97a 
Dealt to adf14364 
Dealt to 369c716 
4fc8e97a: raises $0.13 to $0.23
adf14364: folds
369c716: calls $0.23
c8b74d98: calls $0.23
42f3d9e3: folds
Hero: calls $0.13
*** FLOP *** [8c 5s Qc]
Hero: checks
4fc8e97a: bets $0.35
369c716: folds
c8b74d98: calls $0.35
Hero: calls $0.35
*** TURN *** [8c 5s Qc] [Tc]
Hero: checks
4fc8e97a: checks
c8b74d98: checks
*** RIVER *** [8c 5s Qc Tc] [2d]
Hero: bets $1.1
4fc8e97a: folds
c8b74d98: folds
Uncalled bet ($1.1) returned to Hero
*** SHOWDOWN ***
Hero collected $1.92 from pot
*** SUMMARY ***
Total pot $2.02 | Rake $0.1 | Jackpot $0 | Bingo $0 | Fortune $0 | Tax $0
Board [8c 5s Qc Tc 2d]
Seat 1: c8b74d98 (button) folded on the River
Seat 2: 42f3d9e3 (small blind) folded before Flop
Seat 3: Hero (big blind) won ($1.92)
Seat 4: 4fc8e97a folded on the River
Seat 5: adf14364 folded before Flop (didn't bet)
Seat 6: 369c716 folded on the Flop


Poker Hand #HD1778202168: Hold'em No Limit ($0.05/$0.1) - 2024/05/18 19:44:25
Table 'NLHRed20' 6-max Seat #6 is the button
Seat 1: c8b74d98 ($10.83 in chips)
Seat 2: 42f3d9e3 ($8.77 in chips)
Seat 3: Hero ($20.99 in chips)
Seat 4: 4fc8e97a ($10 in chips)
Seat 5: adf14364 ($10 in chips)
Seat 6: 369c716 ($9.85 in chips)
c8b74d98: posts small blind $0.05
42f3d9e3: posts big blind $0.1
*** HOLE CARDS ***
Dealt to c8b74d98 
Dealt to 42f3d9e3 
Dealt to Hero [6h 3s]
Dealt to 4fc8e97a 
Dealt to adf14364 
Dealt to 369c716 
Hero: folds
4fc8e97a: folds
adf14364: folds
369c716: raises $0.15 to $0.25
c8b74d98: folds
42f3d9e3: folds
Uncalled bet ($0.15) returned to 369c716
*** SHOWDOWN ***
369c716 collected $0.25 from pot
*** SUMMARY ***
Total pot $0.25 | Rake $0 | Jackpot $0 | Bingo $0 | Fortune $0 | Tax $0
Seat 1: c8b74d98 (small blind) folded before Flop
Seat 2: 42f3d9e3 (big blind) folded before Flop
Seat 3: Hero folded before Flop (didn't bet)
Seat 4: 4fc8e97a folded before Flop (didn't bet)
Seat 5: adf14364 folded before Flop (didn't bet)
Seat 6: 369c716 (button) collected ($0.25)


Poker Hand #HD1778202045: Hold'em No Limit ($0.05/$0.1) - 2024/05/18 19:43:20
Table 'NLHRed20' 6-max Seat #5 is the button
Seat 1: c8b74d98 ($10.93 in chips)
Seat 2: 42f3d9e3 ($7.89 in chips)
Seat 3: Hero ($20.99 in chips)
Seat 4: 4fc8e97a ($10 in chips)
Seat 5: adf14364 ($10.51 in chips)
Seat 6: 369c716 ($9.9 in chips)
369c716: posts small blind $0.05
c8b74d98: posts big blind $0.1
*** HOLE CARDS ***
Dealt to c8b74d98 
Dealt to 42f3d9e3 
Dealt to Hero [Kd 8c]
Dealt to 4fc8e97a 
Dealt to adf14364 
Dealt to 369c716 
42f3d9e3: calls $0.1
Hero: folds
4fc8e97a: folds
adf14364: raises $0.27 to $0.37
369c716: folds
c8b74d98: folds
42f3d9e3: calls $0.27
*** FLOP *** [Ts 3s Td]
42f3d9e3: checks
adf14364: bets $0.45
42f3d9e3: calls $0.45
*** TURN *** [Ts 3s Td] [5h]
42f3d9e3: checks
adf14364: checks
*** RIVER *** [Ts 3s Td 5h] [7d]
42f3d9e3: checks
adf14364: checks
42f3d9e3: shows [As 2s] (Pair of Tens)
adf14364: shows [Ks Jd] (Pair of Tens)
*** SHOWDOWN ***
42f3d9e3 collected $1.7 from pot
*** SUMMARY ***
Total pot $1.79 | Rake $0.09 | Jackpot $0 | Bingo $0 | Fortune $0 | Tax $0
Board [Ts 3s Td 5h 7d]
Seat 1: c8b74d98 (big blind) folded before Flop
Seat 2: 42f3d9e3 showed [As 2s] and won ($1.7) with Pair of Tens
Seat 3: Hero folded before Flop (didn't bet)
Seat 4: 4fc8e97a folded before Flop (didn't bet)
Seat 5: adf14364 (button) showed [Ks Jd] and lost with Pair of Tens
Seat 6: 369c716 (small blind) folded before Flop


Poker Hand #HD1778201937: Hold'em No Limit ($0.05/$0.1) - 2024/05/18 19:42:27
Table 'NLHRed20' 6-max Seat #4 is the button
Seat 1: c8b74d98 ($9.7 in chips)
Seat 2: 42f3d9e3 ($7.89 in chips)
Seat 3: Hero ($20.99 in chips)
Seat 4: 4fc8e97a ($10.39 in chips)
Seat 5: adf14364 ($10.56 in chips)
Seat 6: 369c716 ($10 in chips)
adf14364: posts small blind $0.05
369c716: posts big blind $0.1
*** HOLE CARDS ***
Dealt to c8b74d98 
Dealt to 42f3d9e3 
Dealt to Hero [6s Kh]
Dealt to 4fc8e97a 
Dealt to adf14364 
Dealt to 369c716 
c8b74d98: raises $0.15 to $0.25
42f3d9e3: folds
Hero: folds
4fc8e97a: raises $0.5 to $0.75
adf14364: folds
369c716: folds
c8b74d98: calls $0.5
*** FLOP *** [5d Kc 7d]
c8b74d98: checks
4fc8e97a: checks
*** TURN *** [5d Kc 7d] [7h]
c8b74d98: bets $0.45
4fc8e97a: calls $0.45
*** RIVER *** [5d Kc 7d 7h] [4d]
c8b74d98: bets $0.65
4fc8e97a: folds
Uncalled bet ($0.65) returned to c8b74d98
*** SHOWDOWN ***
c8b74d98 collected $2.43 from pot
*** SUMMARY ***
Total pot $2.55 | Rake $0.12 | Jackpot $0 | Bingo $0 | Fortune $0 | Tax $0
Board [5d Kc 7d 7h 4d]
Seat 1: c8b74d98 won ($2.43)
Seat 2: 42f3d9e3 folded before Flop (didn't bet)
Seat 3: Hero folded before Flop (didn't bet)
Seat 4: 4fc8e97a (button) folded on the River
Seat 5: adf14364 (small blind) folded before Flop
Seat 6: 369c716 (big blind) folded before Flop


Poker Hand #HD1778201892: Hold'em No Limit ($0.05/$0.1) - 2024/05/18 19:42:08
Table 'NLHRed20' 6-max Seat #3 is the button
Seat 1: c8b74d98 ($9.7 in chips)
Seat 2: 42f3d9e3 ($7.89 in chips)
Seat 3: Hero ($20.99 in chips)
Seat 4: 4fc8e97a ($10.29 in chips)
Seat 5: adf14364 ($10.66 in chips)
4fc8e97a: posts small blind $0.05
adf14364: posts big blind $0.1
*** HOLE CARDS ***
Dealt to c8b74d98 
Dealt to 42f3d9e3 
Dealt to Hero [4c Kd]
Dealt to 4fc8e97a 
Dealt to adf14364 
c8b74d98: folds
42f3d9e3: folds
Hero: folds
4fc8e97a: raises $0.2 to $0.3
adf14364: folds
Uncalled bet ($0.2) returned to 4fc8e97a
*** SHOWDOWN ***
4fc8e97a collected $0.2 from pot
*** SUMMARY ***
Total pot $0.2 | Rake $0 | Jackpot $0 | Bingo $0 | Fortune $0 | Tax $0
Seat 1: c8b74d98 folded before Flop (didn't bet)
Seat 2: 42f3d9e3 folded before Flop (didn't bet)
Seat 3: Hero (button) folded before Flop (didn't bet)
Seat 4: 4fc8e97a (small blind) collected ($0.2)
Seat 5: adf14364 (big blind) folded before Flop


Poker Hand #HD1778201869: Hold'em No Limit ($0.05/$0.1) - 2024/05/18 19:41:59
Table 'NLHRed20' 6-max Seat #2 is the button
Seat 1: c8b74d98 ($9.7 in chips)
Seat 2: 42f3d9e3 ($7.89 in chips)
Seat 3: Hero ($21.04 in chips)
Seat 4: 4fc8e97a ($10.24 in chips)
Seat 5: adf14364 ($10.66 in chips)
Hero: posts small blind $0.05
4fc8e97a: posts big blind $0.1
*** HOLE CARDS ***
Dealt to c8b74d98 
Dealt to 42f3d9e3 
Dealt to Hero [Td 4s]
Dealt to 4fc8e97a 
Dealt to adf14364 
adf14364: folds
c8b74d98: folds
42f3d9e3: folds
Hero: folds
Uncalled bet ($0.05) returned to 4fc8e97a
*** SHOWDOWN ***
4fc8e97a collected $0.1 from pot
*** SUMMARY ***
Total pot $0.1 | Rake $0 | Jackpot $0 | Bingo $0 | Fortune $0 | Tax $0
Seat 1: c8b74d98 folded before Flop (didn't bet)
Seat 2: 42f3d9e3 (button) folded before Flop (didn't bet)
Seat 3: Hero (small blind) folded before Flop
Seat 4: 4fc8e97a (big blind) collected ($0.1)
Seat 5: adf14364 folded before Flop (didn't bet)


Poker Hand #HD1778201839: Hold'em No Limit ($0.05/$0.1) - 2024/05/18 19:41:41
Table 'NLHRed20' 6-max Seat #1 is the button
Seat 1: c8b74d98 ($9.7 in chips)
Seat 2: 42f3d9e3 ($7.94 in chips)
Seat 3: Hero ($21.14 in chips)
Seat 4: 4fc8e97a ($10.24 in chips)
Seat 5: adf14364 ($10.51 in chips)
42f3d9e3: posts small blind $0.05
Hero: posts big blind $0.1
*** HOLE CARDS ***
Dealt to c8b74d98 
Dealt to 42f3d9e3 
Dealt to Hero [6s Ks]
Dealt to 4fc8e97a 
Dealt to adf14364 
4fc8e97a: folds
adf14364: raises $0.13 to $0.23
c8b74d98: folds
42f3d9e3: folds
Hero: folds
Uncalled bet ($0.13) returned to adf14364
*** SHOWDOWN ***
adf14364 collected $0.25 from pot
*** SUMMARY ***
Total pot $0.25 | Rake $0 | Jackpot $0 | Bingo $0 | Fortune $0 | Tax $0
Seat 1: c8b74d98 (button) folded before Flop (didn't bet)
Seat 2: 42f3d9e3 (small blind) folded before Flop
Seat 3: Hero (big blind) folded before Flop
Seat 4: 4fc8e97a folded before Flop (didn't bet)
Seat 5: adf14364 collected ($0.25)


Poker Hand #HD1778201800: Hold'em No Limit ($0.05/$0.1) - 2024/05/18 19:41:27
Table 'NLHRed20' 6-max Seat #5 is the button
Seat 1: c8b74d98 ($9.75 in chips)
Seat 2: 42f3d9e3 ($8.04 in chips)
Seat 3: Hero ($21.14 in chips)
Seat 4: 4fc8e97a ($10.24 in chips)
Seat 5: adf14364 ($10.36 in chips)
c8b74d98: posts small blind $0.05
42f3d9e3: posts big blind $0.1
*** HOLE CARDS ***
Dealt to c8b74d98 
Dealt to 42f3d9e3 
Dealt to Hero [Qh 4c]
Dealt to 4fc8e97a 
Dealt to adf14364 
Hero: folds
4fc8e97a: folds
adf14364: raises $0.15 to $0.25
c8b74d98: folds
42f3d9e3: folds
Uncalled bet ($0.15) returned to adf14364
*** SHOWDOWN ***
adf14364 collected $0.25 from pot
*** SUMMARY ***
Total pot $0.25 | Rake $0 | Jackpot $0 | Bingo $0 | Fortune $0 | Tax $0
Seat 1: c8b74d98 (small blind) folded before Flop
Seat 2: 42f3d9e3 (big blind) folded before Flop
Seat 3: Hero folded before Flop (didn't bet)
Seat 4: 4fc8e97a folded before Flop (didn't bet)
Seat 5: adf14364 (button) collected ($0.25)


Poker Hand #HD1778201754: Hold'em No Limit ($0.05/$0.1) - 2024/05/18 19:41:04
Table 'NLHRed20' 6-max Seat #4 is the button
Seat 1: c8b74d98 ($9.85 in chips)
Seat 2: 42f3d9e3 ($8.14 in chips)
Seat 3: Hero ($21.14 in chips)
Seat 4: 4fc8e97a ($10 in chips)
Seat 5: adf14364 ($10.41 in chips)
adf14364: posts small blind $0.05
c8b74d98: posts big blind $0.1
*** HOLE CARDS ***
Dealt to c8b74d98 
Dealt to 42f3d9e3 
Dealt to Hero [5c Tc]
Dealt to 4fc8e97a 
Dealt to adf14364 
42f3d9e3: calls $0.1
Hero: folds
4fc8e97a: raises $0.3 to $0.4
adf14364: folds
c8b74d98: folds
42f3d9e3: folds
Uncalled bet ($0.3) returned to 4fc8e97a
*** SHOWDOWN ***
4fc8e97a collected $0.34 from pot
*** SUMMARY ***
Total pot $0.35 | Rake $0.01 | Jackpot $0 | Bingo $0 | Fortune $0 | Tax $0
Seat 1: c8b74d98 (big blind) folded before Flop
Seat 2: 42f3d9e3 folded before Flop
Seat 3: Hero folded before Flop (didn't bet)
Seat 4: 4fc8e97a (button) collected ($0.34)
Seat 5: adf14364 (small blind) folded before Flop


Poker Hand #HD1778201644: Hold'em No Limit ($0.05/$0.1) - 2024/05/18 19:40:14
Table 'NLHRed20' 6-max Seat #3 is the button
Seat 1: c8b74d98 ($9.85 in chips)
Seat 2: 42f3d9e3 ($8 in chips)
Seat 3: Hero ($21.14 in chips)
Seat 4: 4fc8e97a ($10 in chips)
Seat 5: adf14364 ($10.51 in chips)
Seat 6: 3e025311 ($11.8 in chips)
4fc8e97a: posts small blind $0.05
adf14364: posts big blind $0.1
42f3d9e3: posts big blind $0.1
*** HOLE CARDS ***
Dealt to c8b74d98 
Dealt to 42f3d9e3 
Dealt to Hero [2c Jd]
Dealt to 4fc8e97a 
Dealt to adf14364 
Dealt to 3e025311 
3e025311: folds
c8b74d98: folds
42f3d9e3: checks
Hero: folds
4fc8e97a: folds
adf14364: checks
*** FLOP *** [7s 9d Td]
adf14364: checks
42f3d9e3: checks
*** TURN *** [7s 9d Td] [Qd]
adf14364: checks
42f3d9e3: checks
*** RIVER *** [7s 9d Td Qd] [2d]
adf14364: checks
42f3d9e3: bets $0.25
adf14364: folds
Uncalled bet ($0.25) returned to 42f3d9e3
*** SHOWDOWN ***
42f3d9e3 collected $0.24 from pot
*** SUMMARY ***
Total pot $0.25 | Rake $0.01 | Jackpot $0 | Bingo $0 | Fortune $0 | Tax $0
Board [7s 9d Td Qd 2d]
Seat 1: c8b74d98 folded before Flop (didn't bet)
Seat 2: 42f3d9e3 won ($0.24)
Seat 3: Hero (button) folded before Flop (didn't bet)
Seat 4: 4fc8e97a (small blind) folded before Flop
Seat 5: adf14364 (big blind) folded on the River
Seat 6: 3e025311 folded before Flop (didn't bet)


Poker Hand #HD1778201542: Hold'em No Limit ($0.05/$0.1) - 2024/05/18 19:39:23
Table 'NLHRed20' 6-max Seat #1 is the button
Seat 1: c8b74d98 ($9.85 in chips)
Seat 3: Hero ($21.19 in chips)
Seat 4: 4fc8e97a ($10 in chips)
Seat 5: adf14364 ($10.51 in chips)
Seat 6: 3e025311 ($11.57 in chips)
Hero: posts small blind $0.05
4fc8e97a: posts big blind $0.1
*** HOLE CARDS ***
Dealt to c8b74d98 
Dealt to Hero [7s 5s]
Dealt to 4fc8e97a 
Dealt to adf14364 
Dealt to 3e025311 
adf14364: folds
3e025311: raises $0.1 to $0.2
c8b74d98: folds
Hero: folds
4fc8e97a: calls $0.1
*** FLOP *** [4s 3d 3s]
4fc8e97a: checks
3e025311: checks
*** TURN *** [4s 3d 3s] [Kh]
4fc8e97a: checks
3e025311: bets $0.27
4fc8e97a: folds
Uncalled bet ($0.27) returned to 3e025311
*** SHOWDOWN ***
3e025311 collected $0.43 from pot
*** SUMMARY ***
Total pot $0.45 | Rake $0.02 | Jackpot $0 | Bingo $0 | Fortune $0 | Tax $0
Board [4s 3d 3s Kh]
Seat 1: c8b74d98 (button) folded before Flop (didn't bet)
Seat 3: Hero (small blind) folded before Flop
Seat 4: 4fc8e97a (big blind) folded on the Turn
Seat 5: adf14364 folded before Flop (didn't bet)
Seat 6: 3e025311 won ($0.43)


Poker Hand #HD1778201461: Hold'em No Limit ($0.05/$0.1) - 2024/05/18 19:38:41
Table 'NLHRed20' 6-max Seat #6 is the button
Seat 1: c8b74d98 ($10.08 in chips)
Seat 2: 81becd5c ($7.13 in chips)
Seat 3: Hero ($21.19 in chips)
Seat 4: 4fc8e97a ($10 in chips)
Seat 5: adf14364 ($10.2 in chips)
Seat 6: 3e025311 ($11.57 in chips)
c8b74d98: posts small blind $0.05
81becd5c: posts big blind $0.1
*** HOLE CARDS ***
Dealt to c8b74d98 
Dealt to 81becd5c 
Dealt to Hero [Jh 7d]
Dealt to 4fc8e97a 
Dealt to adf14364 
Dealt to 3e025311 
Hero: folds
4fc8e97a: folds
adf14364: raises $0.13 to $0.23
3e025311: folds
c8b74d98: calls $0.18
81becd5c: folds
*** FLOP *** [Qd 5c Jc]
c8b74d98: checks
adf14364: bets $0.28
c8b74d98: folds
Uncalled bet ($0.28) returned to adf14364
*** SHOWDOWN ***
adf14364 collected $0.54 from pot
*** SUMMARY ***
Total pot $0.56 | Rake $0.02 | Jackpot $0 | Bingo $0 | Fortune $0 | Tax $0
Board [Qd 5c Jc]
Seat 1: c8b74d98 (small blind) folded on the Flop
Seat 2: 81becd5c (big blind) folded before Flop
Seat 3: Hero folded before Flop (didn't bet)
Seat 4: 4fc8e97a folded before Flop (didn't bet)
Seat 5: adf14364 won ($0.54)
Seat 6: 3e025311 (button) folded before Flop (didn't bet)


Poker Hand #HD1778201432: Hold'em No Limit ($0.05/$0.1) - 2024/05/18 19:38:29
Table 'NLHRed20' 6-max Seat #5 is the button
Seat 1: c8b74d98 ($10.03 in chips)
Seat 3: Hero ($21.19 in chips)
Seat 4: 4fc8e97a ($8.82 in chips)
Seat 5: adf14364 ($10.2 in chips)
Seat 6: 3e025311 ($11.62 in chips)
3e025311: posts small blind $0.05
c8b74d98: posts big blind $0.1
*** HOLE CARDS ***
Dealt to c8b74d98 
Dealt to Hero [8s 2d]
Dealt to 4fc8e97a 
Dealt to adf14364 
Dealt to 3e025311 
Hero: folds
4fc8e97a: folds
adf14364: folds
3e025311: folds
Uncalled bet ($0.05) returned to c8b74d98
*** SHOWDOWN ***
c8b74d98 collected $0.1 from pot
*** SUMMARY ***
Total pot $0.1 | Rake $0 | Jackpot $0 | Bingo $0 | Fortune $0 | Tax $0
Seat 1: c8b74d98 (big blind) collected ($0.1)
Seat 3: Hero folded before Flop (didn't bet)
Seat 4: 4fc8e97a folded before Flop (didn't bet)
Seat 5: adf14364 (button) folded before Flop (didn't bet)
Seat 6: 3e025311 (small blind) folded before Flop


Poker Hand #HD1778201260: Hold'em No Limit ($0.05/$0.1) - 2024/05/18 19:37:11
Table 'NLHRed20' 6-max Seat #4 is the button
Seat 1: c8b74d98 ($10.03 in chips)
Seat 3: Hero ($21.19 in chips)
Seat 4: 4fc8e97a ($10.5 in chips)
Seat 5: adf14364 ($10.25 in chips)
Seat 6: 3e025311 ($10.15 in chips)
adf14364: posts small blind $0.05
3e025311: posts big blind $0.1
*** HOLE CARDS ***
Dealt to c8b74d98 
Dealt to Hero [2d 7h]
Dealt to 4fc8e97a 
Dealt to adf14364 
Dealt to 3e025311 
c8b74d98: folds
Hero: folds
4fc8e97a: raises $0.13 to $0.23
adf14364: folds
3e025311: raises $0.77 to $1
4fc8e97a: calls $0.77
*** FLOP *** [6h 8d Qs]
3e025311: bets $0.68
4fc8e97a: calls $0.68
*** TURN *** [6h 8d Qs] [Js]
3e025311: bets $2.05
4fc8e97a: folds
Uncalled bet ($2.05) returned to 3e025311
*** SHOWDOWN ***
3e025311 collected $3.15 from pot
*** SUMMARY ***
Total pot $3.41 | Rake $0.16 | Jackpot $0.1 | Bingo $0 | Fortune $0 | Tax $0
Board [6h 8d Qs Js]
Seat 1: c8b74d98 folded before Flop (didn't bet)
Seat 3: Hero folded before Flop (didn't bet)
Seat 4: 4fc8e97a (button) folded on the Turn
Seat 5: adf14364 (small blind) folded before Flop
Seat 6: 3e025311 (big blind) won ($3.15)


Poker Hand #HD1778201240: Hold'em No Limit ($0.05/$0.1) - 2024/05/18 19:36:59
Table 'NLHRed20' 6-max Seat #3 is the button
Seat 1: c8b74d98 ($10.03 in chips)
Seat 3: Hero ($21.19 in chips)
Seat 4: 4fc8e97a ($10.55 in chips)
Seat 5: adf14364 ($10.2 in chips)
Seat 6: 3e025311 ($10.15 in chips)
4fc8e97a: posts small blind $0.05
adf14364: posts big blind $0.1
*** HOLE CARDS ***
Dealt to c8b74d98 
Dealt to Hero [2h 7d]
Dealt to 4fc8e97a 
Dealt to adf14364 
Dealt to 3e025311 
3e025311: folds
c8b74d98: folds
Hero: folds
4fc8e97a: folds
Uncalled bet ($0.05) returned to adf14364
*** SHOWDOWN ***
adf14364 collected $0.1 from pot
*** SUMMARY ***
Total pot $0.1 | Rake $0 | Jackpot $0 | Bingo $0 | Fortune $0 | Tax $0
Seat 1: c8b74d98 folded before Flop (didn't bet)
Seat 3: Hero (button) folded before Flop (didn't bet)
Seat 4: 4fc8e97a (small blind) folded before Flop
Seat 5: adf14364 (big blind) collected ($0.1)
Seat 6: 3e025311 folded before Flop (didn't bet)


Poker Hand #HD1778201205: Hold'em No Limit ($0.05/$0.1) - 2024/05/18 19:36:44
Table 'NLHRed20' 6-max Seat #1 is the button
Seat 1: c8b74d98 ($10.03 in chips)
Seat 3: Hero ($21.24 in chips)
Seat 4: 4fc8e97a ($10.65 in chips)
Seat 5: adf14364 ($10.2 in chips)
Seat 6: 3e025311 ($10 in chips)
Hero: posts small blind $0.05
4fc8e97a: posts big blind $0.1
*** HOLE CARDS ***
Dealt to c8b74d98 
Dealt to Hero [2h 4d]
Dealt to 4fc8e97a 
Dealt to adf14364 
Dealt to 3e025311 
adf14364: folds
3e025311: raises $0.1 to $0.2
c8b74d98: folds
Hero: folds
4fc8e97a: folds
Uncalled bet ($0.1) returned to 3e025311
*** SHOWDOWN ***
3e025311 collected $0.25 from pot
*** SUMMARY ***
Total pot $0.25 | Rake $0 | Jackpot $0 | Bingo $0 | Fortune $0 | Tax $0
Seat 1: c8b74d98 (button) folded before Flop (didn't bet)
Seat 3: Hero (small blind) folded before Flop
Seat 4: 4fc8e97a (big blind) folded before Flop
Seat 5: adf14364 folded before Flop (didn't bet)
Seat 6: 3e025311 collected ($0.25)


Poker Hand #HD1778201173: Hold'em No Limit ($0.05/$0.1) - 2024/05/18 19:36:29
Table 'NLHRed20' 6-max Seat #6 is the button
Seat 1: c8b74d98 ($10.08 in chips)
Seat 3: Hero ($21.34 in chips)
Seat 4: 4fc8e97a ($10.65 in chips)
Seat 5: adf14364 ($10.05 in chips)
Seat 6: 3e025311 ($10 in chips)
c8b74d98: posts small blind $0.05
Hero: posts big blind $0.1
*** HOLE CARDS ***
Dealt to c8b74d98 
Dealt to Hero [2d Jc]
Dealt to 4fc8e97a 
Dealt to adf14364 
Dealt to 3e025311 
4fc8e97a: folds
adf14364: raises $0.13 to $0.23
3e025311: folds
c8b74d98: folds
Hero: folds
Uncalled bet ($0.13) returned to adf14364
*** SHOWDOWN ***
adf14364 collected $0.25 from pot
*** SUMMARY ***
Total pot $0.25 | Rake $0 | Jackpot $0 | Bingo $0 | Fortune $0 | Tax $0
Seat 1: c8b74d98 (small blind) folded before Flop
Seat 3: Hero (big blind) folded before Flop
Seat 4: 4fc8e97a folded before Flop (didn't bet)
Seat 5: adf14364 collected ($0.25)
Seat 6: 3e025311 (button) folded before Flop (didn't bet)


Poker Hand #HD1778201061: Hold'em No Limit ($0.05/$0.1) - 2024/05/18 19:35:37
Table 'NLHRed20' 6-max Seat #5 is the button
Seat 1: c8b74d98 ($9.85 in chips)
Seat 3: Hero ($21.54 in chips)
Seat 4: 4fc8e97a ($10.65 in chips)
Seat 5: adf14364 ($10.05 in chips)
Seat 6: 3e025311 ($10.05 in chips)
3e025311: posts small blind $0.05
c8b74d98: posts big blind $0.1
*** HOLE CARDS ***
Dealt to c8b74d98 
Dealt to Hero [Jh Ac]
Dealt to 4fc8e97a 
Dealt to adf14364 
Dealt to 3e025311 
Hero: raises $0.1 to $0.2
4fc8e97a: folds
adf14364: folds
3e025311: folds
c8b74d98: calls $0.1
*** FLOP *** [Qd 3h 5h]
c8b74d98: checks
Hero: checks
*** TURN *** [Qd 3h 5h] [6s]
c8b74d98: checks
Hero: checks
*** RIVER *** [Qd 3h 5h 6s] [Qc]
c8b74d98: bets $0.25
Hero: folds
Uncalled bet ($0.25) returned to c8b74d98
*** SHOWDOWN ***
c8b74d98 collected $0.43 from pot
*** SUMMARY ***
Total pot $0.45 | Rake $0.02 | Jackpot $0 | Bingo $0 | Fortune $0 | Tax $0
Board [Qd 3h 5h 6s Qc]
Seat 1: c8b74d98 (big blind) won ($0.43)
Seat 3: Hero folded on the River
Seat 4: 4fc8e97a folded before Flop (didn't bet)
Seat 5: adf14364 (button) folded before Flop (didn't bet)
Seat 6: 3e025311 (small blind) folded before Flop


Poker Hand #HD1778201039: Hold'em No Limit ($0.05/$0.1) - 2024/05/18 19:35:28
Table 'NLHRed20' 6-max Seat #4 is the button
Seat 1: c8b74d98 ($9.85 in chips)
Seat 3: Hero ($21.54 in chips)
Seat 4: 4fc8e97a ($10.65 in chips)
Seat 5: adf14364 ($10.1 in chips)
Seat 6: 3e025311 ($10 in chips)
adf14364: posts small blind $0.05
3e025311: posts big blind $0.1
*** HOLE CARDS ***
Dealt to c8b74d98 
Dealt to Hero [2h 8h]
Dealt to 4fc8e97a 
Dealt to adf14364 
Dealt to 3e025311 
c8b74d98: folds
Hero: folds
4fc8e97a: folds
adf14364: folds
Uncalled bet ($0.05) returned to 3e025311
*** SHOWDOWN ***
3e025311 collected $0.1 from pot
*** SUMMARY ***
Total pot $0.1 | Rake $0 | Jackpot $0 | Bingo $0 | Fortune $0 | Tax $0
Seat 1: c8b74d98 folded before Flop (didn't bet)
Seat 3: Hero folded before Flop (didn't bet)
Seat 4: 4fc8e97a (button) folded before Flop (didn't bet)
Seat 5: adf14364 (small blind) folded before Flop
Seat 6: 3e025311 (big blind) collected ($0.1)


Poker Hand #HD1778200978: Hold'em No Limit ($0.05/$0.1) - 2024/05/18 19:34:58
Table 'NLHRed20' 6-max Seat #3 is the button
Seat 1: c8b74d98 ($9.85 in chips)
Seat 3: Hero ($21.54 in chips)
Seat 4: 4fc8e97a ($10.37 in chips)
Seat 5: adf14364 ($10.2 in chips)
Seat 6: 3e025311 ($10 in chips)
4fc8e97a: posts small blind $0.05
adf14364: posts big blind $0.1
*** HOLE CARDS ***
Dealt to c8b74d98 
Dealt to Hero [8c Jd]
Dealt to 4fc8e97a 
Dealt to adf14364 
Dealt to 3e025311 
3e025311: raises $0.1 to $0.2
c8b74d98: folds
Hero: folds
4fc8e97a: raises $0.7 to $0.9
adf14364: folds
3e025311: folds
Uncalled bet ($0.7) returned to 4fc8e97a
*** SHOWDOWN ***
4fc8e97a collected $0.48 from pot
*** SUMMARY ***
Total pot $0.5 | Rake $0.02 | Jackpot $0 | Bingo $0 | Fortune $0 | Tax $0
Seat 1: c8b74d98 folded before Flop (didn't bet)
Seat 3: Hero (button) folded before Flop (didn't bet)
Seat 4: 4fc8e97a (small blind) collected ($0.48)
Seat 5: adf14364 (big blind) folded before Flop
Seat 6: 3e025311 folded before Flop


Poker Hand #HD1778200905: Hold'em No Limit ($0.05/$0.1) - 2024/05/18 19:34:18
Table 'NLHRed20' 6-max Seat #1 is the button
Seat 1: c8b74d98 ($9.85 in chips)
Seat 3: Hero ($21.59 in chips)
Seat 4: 4fc8e97a ($10 in chips)
Seat 5: adf14364 ($10.2 in chips)
Seat 6: 3e025311 ($10 in chips)
Hero: posts small blind $0.05
4fc8e97a: posts big blind $0.1
*** HOLE CARDS ***
Dealt to c8b74d98 
Dealt to Hero [Qc 6d]
Dealt to 4fc8e97a 
Dealt to adf14364 
Dealt to 3e025311 
adf14364: folds
3e025311: raises $0.1 to $0.2
c8b74d98: folds
Hero: folds
4fc8e97a: calls $0.1
*** FLOP *** [Ah 5c 6h]
4fc8e97a: checks
3e025311: bets $0.15
4fc8e97a: raises $0.6 to $0.75
3e025311: folds
Uncalled bet ($0.6) returned to 4fc8e97a
*** SHOWDOWN ***
4fc8e97a collected $0.72 from pot
*** SUMMARY ***
Total pot $0.75 | Rake $0.03 | Jackpot $0 | Bingo $0 | Fortune $0 | Tax $0
Board [Ah 5c 6h]
Seat 1: c8b74d98 (button) folded before Flop (didn't bet)
Seat 3: Hero (small blind) folded before Flop
Seat 4: 4fc8e97a (big blind) won ($0.72)
Seat 5: adf14364 folded before Flop (didn't bet)
Seat 6: 3e025311 folded on the Flop


Poker Hand #HD1778200883: Hold'em No Limit ($0.05/$0.1) - 2024/05/18 19:34:08
Table 'NLHRed20' 6-max Seat #6 is the button
Seat 1: c8b74d98 ($9.9 in chips)
Seat 3: Hero ($21.54 in chips)
Seat 4: 4fc8e97a ($10 in chips)
Seat 5: adf14364 ($10.2 in chips)
Seat 6: 3e025311 ($10 in chips)
c8b74d98: posts small blind $0.05
Hero: posts big blind $0.1
*** HOLE CARDS ***
Dealt to c8b74d98 
Dealt to Hero [5h Qd]
Dealt to 4fc8e97a 
Dealt to adf14364 
Dealt to 3e025311 
4fc8e97a: folds
adf14364: folds
3e025311: folds
c8b74d98: folds
Uncalled bet ($0.05) returned to Hero
*** SHOWDOWN ***
Hero collected $0.1 from pot
*** SUMMARY ***
Total pot $0.1 | Rake $0 | Jackpot $0 | Bingo $0 | Fortune $0 | Tax $0
Seat 1: c8b74d98 (small blind) folded before Flop
Seat 3: Hero (big blind) collected ($0.1)
Seat 4: 4fc8e97a folded before Flop (didn't bet)
Seat 5: adf14364 folded before Flop (didn't bet)
Seat 6: 3e025311 (button) folded before Flop (didn't bet)


Poker Hand #HD1778200866: Hold'em No Limit ($0.05/$0.1) - 2024/05/18 19:34:00
Table 'NLHRed20' 6-max Seat #5 is the button
Seat 1: c8b74d98 ($10 in chips)
Seat 3: Hero ($21.54 in chips)
Seat 5: adf14364 ($10.05 in chips)
Seat 6: 3e025311 ($10 in chips)
3e025311: posts small blind $0.05
c8b74d98: posts big blind $0.1
*** HOLE CARDS ***
Dealt to c8b74d98 
Dealt to Hero [Ad 7h]
Dealt to adf14364 
Dealt to 3e025311 
Hero: folds
adf14364: raises $0.15 to $0.25
3e025311: folds
c8b74d98: folds
Uncalled bet ($0.15) returned to adf14364
*** SHOWDOWN ***
adf14364 collected $0.25 from pot
*** SUMMARY ***
Total pot $0.25 | Rake $0 | Jackpot $0 | Bingo $0 | Fortune $0 | Tax $0
Seat 1: c8b74d98 (big blind) folded before Flop
Seat 3: Hero folded before Flop (didn't bet)
Seat 5: adf14364 (button) collected ($0.25)
Seat 6: 3e025311 (small blind) folded before Flop


Poker Hand #HD1778200729: Hold'em No Limit ($0.05/$0.1) - 2024/05/18 19:32:57
Table 'NLHRed20' 6-max Seat #3 is the button
Seat 3: Hero ($12.18 in chips)
Seat 4: 4fc8e97a ($9.9 in chips)
Seat 5: adf14364 ($10.15 in chips)
Seat 6: 3e025311 ($10 in chips)
4fc8e97a: posts small blind $0.05
adf14364: posts big blind $0.1
*** HOLE CARDS ***
Dealt to Hero [Kh Ks]
Dealt to 4fc8e97a 
Dealt to adf14364 
Dealt to 3e025311 
3e025311: raises $0.1 to $0.2
Hero: raises $0.5 to $0.7
4fc8e97a: raises $0.95 to $1.65
adf14364: folds
3e025311: folds
Hero: raises $10.53 to $12.18 and is all-in
4fc8e97a: calls $8.25 and is all-in
Uncalled bet ($2.28) returned to Hero
Hero: shows [Kh Ks]
4fc8e97a: shows [Kc Ac]
*** FIRST FLOP *** [Kd 2d 2s]
*** FIRST TURN *** [Kd 2d 2s] [4s]
*** FIRST RIVER *** [Kd 2d 2s 4s] [Jh]
*** SECOND FLOP *** [5c 8s 2h]
*** SECOND TURN *** [5c 8s 2h] [Td]
*** SECOND RIVER *** [5c 8s 2h Td] [8h]
*** FIRST SHOWDOWN ***
Hero collected $9.63 from pot
*** SECOND SHOWDOWN ***
Hero collected $9.63 from pot
*** SUMMARY ***
Total pot $20.1 | Rake $0.74 | Jackpot $0.1 | Bingo $0 | Fortune $0 | Tax $0
Hand was run two times
FIRST Board [Kd 2d 2s 4s Jh]
SECOND Board [5c 8s 2h Td 8h]
Seat 3: Hero (button) showed [Kh Ks] and won ($9.63) with Kings Full over Twos, and won ($9.63) with Pair of Kings and Pair of Eights
Seat 4: 4fc8e97a (small blind) showed [Kc Ac] and lost with Pair of Kings and Pair of Twos, and lost with Pair of Eights
Seat 5: adf14364 (big blind) folded before Flop
Seat 6: 3e025311 folded before Flop


Poker Hand #HD1778200698: Hold'em No Limit ($0.05/$0.1) - 2024/05/18 19:32:41
Table 'NLHRed20' 6-max Seat #6 is the button
Seat 3: Hero ($12.23 in chips)
Seat 4: 4fc8e97a ($10 in chips)
Seat 5: adf14364 ($10 in chips)
Seat 6: 3e025311 ($10 in chips)
Hero: posts small blind $0.05
4fc8e97a: posts big blind $0.1
*** HOLE CARDS ***
Dealt to Hero [Ac 3d]
Dealt to 4fc8e97a 
Dealt to adf14364 
Dealt to 3e025311 
adf14364: raises $0.13 to $0.23
3e025311: folds
Hero: folds
4fc8e97a: folds
Uncalled bet ($0.13) returned to adf14364
*** SHOWDOWN ***
adf14364 collected $0.25 from pot
*** SUMMARY ***
Total pot $0.25 | Rake $0 | Jackpot $0 | Bingo $0 | Fortune $0 | Tax $0
Seat 3: Hero (small blind) folded before Flop
Seat 4: 4fc8e97a (big blind) folded before Flop
Seat 5: adf14364 collected ($0.25)
Seat 6: 3e025311 (button) folded before Flop (didn't bet)


Poker Hand #HD1778200586: Hold'em No Limit ($0.05/$0.1) - 2024/05/18 19:31:47
Table 'NLHRed20' 6-max Seat #5 is the button
Seat 2: a6ab4c4f ($2 in chips)
Seat 3: Hero ($10.47 in chips)
Seat 5: adf14364 ($10 in chips)
Seat 6: 3e025311 ($10.05 in chips)
3e025311: posts small blind $0.05
a6ab4c4f: posts big blind $0.1
*** HOLE CARDS ***
Dealt to a6ab4c4f 
Dealt to Hero [9c 9h]
Dealt to adf14364 
Dealt to 3e025311 
Hero: raises $0.1 to $0.2
adf14364: folds
3e025311: folds
a6ab4c4f: calls $0.1
*** FLOP *** [4s 3d 6d]
a6ab4c4f: bets $1.8 and is all-in
Hero: calls $1.8
a6ab4c4f: shows [9d 6s] (Pair of Sixes)
Hero: shows [9c 9h] (Pair of Nines)
*** TURN *** [4s 3d 6d] [Qh]
*** RIVER *** [4s 3d 6d Qh] [Ah]
*** SHOWDOWN ***
Hero collected $3.76 from pot
*** SUMMARY ***
Total pot $4.05 | Rake $0.19 | Jackpot $0.1 | Bingo $0 | Fortune $0 | Tax $0
Board [4s 3d 6d Qh Ah]
Seat 2: a6ab4c4f (big blind) showed [9d 6s] and lost with Pair of Sixes
Seat 3: Hero showed [9c 9h] and won ($3.76) with Pair of Nines
Seat 5: adf14364 (button) folded before Flop (didn't bet)
Seat 6: 3e025311 (small blind) folded before Flop


Poker Hand #HD1778200537: Hold'em No Limit ($0.05/$0.1) - 2024/05/18 19:31:24
Table 'NLHRed20' 6-max Seat #3 is the button
Seat 1: 71c940ca ($14.88 in chips)
Seat 3: Hero ($10.47 in chips)
Seat 5: adf14364 ($10 in chips)
Seat 6: 3e025311 ($10 in chips)
adf14364: posts small blind $0.05
3e025311: posts big blind $0.1
*** HOLE CARDS ***
Dealt to 71c940ca 
Dealt to Hero [8h 7d]
Dealt to adf14364 
Dealt to 3e025311 
71c940ca: folds
Hero: folds
adf14364: folds
Uncalled bet ($0.05) returned to 3e025311
*** SHOWDOWN ***
3e025311 collected $0.1 from pot
*** SUMMARY ***
Total pot $0.1 | Rake $0 | Jackpot $0 | Bingo $0 | Fortune $0 | Tax $0
Seat 1: 71c940ca folded before Flop (didn't bet)
Seat 3: Hero (button) folded before Flop (didn't bet)
Seat 5: adf14364 (small blind) folded before Flop
Seat 6: 3e025311 (big blind) collected ($0.1)


Poker Hand #HD1778200484: Hold'em No Limit ($0.05/$0.1) - 2024/05/18 19:30:55
Table 'NLHRed20' 6-max Seat #2 is the button
Seat 1: 71c940ca ($14.88 in chips)
Seat 2: 4f287003 ($29 in chips)
Seat 3: Hero ($10 in chips)
Seat 5: adf14364 ($10 in chips)
Seat 6: 3e025311 ($10.09 in chips)
Hero: posts small blind $0.05
adf14364: posts big blind $0.1
*** HOLE CARDS ***
Dealt to 71c940ca 
Dealt to 4f287003 
Dealt to Hero [Kc Kd]
Dealt to adf14364 
Dealt to 3e025311 
3e025311: raises $0.1 to $0.2
71c940ca: folds
4f287003: calls $0.2
Hero: raises $1 to $1.2
adf14364: folds
3e025311: folds
4f287003: folds
Uncalled bet ($1) returned to Hero
*** SHOWDOWN ***
Hero collected $0.67 from pot
*** SUMMARY ***
Total pot $0.7 | Rake $0.03 | Jackpot $0 | Bingo $0 | Fortune $0 | Tax $0
Seat 1: 71c940ca folded before Flop (didn't bet)
Seat 2: 4f287003 (button) folded before Flop
Seat 3: Hero (small blind) collected ($0.67)
Seat 5: adf14364 (big blind) folded before Flop
Seat 6: 3e025311 folded before Flop


Poker Hand #HD1778200403: Hold'em No Limit ($0.05/$0.1) - 2024/05/18 19:30:14
Table 'NLHRed20' 6-max Seat #1 is the button
Seat 1: 71c940ca ($15.13 in chips)
Seat 2: 4f287003 ($28.68 in chips)
Seat 3: Hero ($10 in chips)
Seat 4: 4ccf2fe9 ($10.38 in chips)
Seat 5: adf14364 ($10 in chips)
Seat 6: 3e025311 ($10.09 in chips)
4f287003: posts small blind $0.05
Hero: posts big blind $0.1
*** HOLE CARDS ***
Dealt to 71c940ca 
Dealt to 4f287003 
Dealt to Hero [Jh 4c]
Dealt to 4ccf2fe9 
Dealt to adf14364 
Dealt to 3e025311 
4ccf2fe9: folds
adf14364: folds
3e025311: folds
71c940ca: raises $0.15 to $0.25
4f287003: raises $0.45 to $0.7
Hero: folds
71c940ca: folds
Uncalled bet ($0.45) returned to 4f287003
*** SHOWDOWN ***
4f287003 collected $0.57 from pot
*** SUMMARY ***
Total pot $0.6 | Rake $0.03 | Jackpot $0 | Bingo $0 | Fortune $0 | Tax $0
Seat 1: 71c940ca (button) folded before Flop
Seat 2: 4f287003 (small blind) collected ($0.57)
Seat 3: Hero (big blind) folded before Flop
Seat 4: 4ccf2fe9 folded before Flop (didn't bet)
Seat 5: adf14364 folded before Flop (didn't bet)
Seat 6: 3e025311 folded before Flop (didn't bet)


Poker Hand #HD1778200350: Hold'em No Limit ($0.05/$0.1) - 2024/05/18 19:29:49
Table 'NLHRed20' 6-max Seat #6 is the button
Seat 1: 71c940ca ($15.18 in chips)
Seat 2: 4f287003 ($28.78 in chips)
Seat 3: Hero ($10 in chips)
Seat 4: 4ccf2fe9 ($10.23 in chips)
Seat 5: adf14364 ($10 in chips)
Seat 6: 3e025311 ($10.09 in chips)
71c940ca: posts small blind $0.05
4f287003: posts big blind $0.1
*** HOLE CARDS ***
Dealt to 71c940ca 
Dealt to 4f287003 
Dealt to Hero [3s 8h]
Dealt to 4ccf2fe9 
Dealt to adf14364 
Dealt to 3e025311 
Hero: folds
4ccf2fe9: raises $0.1 to $0.2
adf14364: folds
3e025311: folds
71c940ca: folds
4f287003: folds
Uncalled bet ($0.1) returned to 4ccf2fe9
*** SHOWDOWN ***
4ccf2fe9 collected $0.25 from pot
*** SUMMARY ***
Total pot $0.25 | Rake $0 | Jackpot $0 | Bingo $0 | Fortune $0 | Tax $0
Seat 1: 71c940ca (small blind) folded before Flop
Seat 2: 4f287003 (big blind) folded before Flop
Seat 3: Hero folded before Flop (didn't bet)
Seat 4: 4ccf2fe9 collected ($0.25)
Seat 5: adf14364 folded before Flop (didn't bet)
Seat 6: 3e025311 (button) folded before Flop (didn't bet)


Poker Hand #HD1778200312: Hold'em No Limit ($0.05/$0.1) - 2024/05/18 19:29:30
Table 'NLHRed20' 6-max Seat #5 is the button
Seat 1: 71c940ca ($15.13 in chips)
Seat 2: 4f287003 ($28.78 in chips)
Seat 3: Hero ($10 in chips)
Seat 4: 4ccf2fe9 ($10.23 in chips)
Seat 5: adf14364 ($10 in chips)
Seat 6: 3e025311 ($10.14 in chips)
3e025311: posts small blind $0.05
71c940ca: posts big blind $0.1
*** HOLE CARDS ***
Dealt to 71c940ca 
Dealt to 4f287003 
Dealt to Hero [7s 5h]
Dealt to 4ccf2fe9 
Dealt to adf14364 
Dealt to 3e025311 
4f287003: folds
Hero: folds
4ccf2fe9: folds
adf14364: folds
3e025311: folds
Uncalled bet ($0.05) returned to 71c940ca
*** SHOWDOWN ***
71c940ca collected $0.1 from pot
*** SUMMARY ***
Total pot $0.1 | Rake $0 | Jackpot $0 | Bingo $0 | Fortune $0 | Tax $0
Seat 1: 71c940ca (big blind) collected ($0.1)
Seat 2: 4f287003 folded before Flop (didn't bet)
Seat 3: Hero folded before Flop (didn't bet)
Seat 4: 4ccf2fe9 folded before Flop (didn't bet)
Seat 5: adf14364 (button) folded before Flop (didn't bet)
Seat 6: 3e025311 (small blind) folded before Flop


Poker Hand #HD1778200214: Hold'em No Limit ($0.05/$0.1) - 2024/05/18 19:28:44
Table 'NLHRed20' 6-max Seat #4 is the button
Seat 1: 71c940ca ($15.13 in chips)
Seat 2: 4f287003 ($28.88 in chips)
Seat 3: Hero ($10 in chips)
Seat 4: 4ccf2fe9 ($10.23 in chips)
Seat 5: adf14364 ($10 in chips)
Seat 6: 3e025311 ($10 in chips)
adf14364: posts small blind $0.05
3e025311: posts big blind $0.1
*** HOLE CARDS ***
Dealt to 71c940ca 
Dealt to 4f287003 
Dealt to Hero [7s 2s]
Dealt to 4ccf2fe9 
Dealt to adf14364 
Dealt to 3e025311 
71c940ca: folds
4f287003: calls $0.1
Hero: folds
4ccf2fe9: folds
adf14364: folds
3e025311: checks
*** FLOP *** [9d Qs Td]
3e025311: checks
4f287003: checks
*** TURN *** [9d Qs Td] [Ad]
3e025311: checks
4f287003: checks
*** RIVER *** [9d Qs Td Ad] [9s]
3e025311: bets $0.25
4f287003: folds
Uncalled bet ($0.25) returned to 3e025311
*** SHOWDOWN ***
3e025311 collected $0.24 from pot
*** SUMMARY ***
Total pot $0.25 | Rake $0.01 | Jackpot $0 | Bingo $0 | Fortune $0 | Tax $0
Board [9d Qs Td Ad 9s]
Seat 1: 71c940ca folded before Flop (didn't bet)
Seat 2: 4f287003 folded on the River
Seat 3: Hero folded before Flop (didn't bet)
Seat 4: 4ccf2fe9 (button) folded before Flop (didn't bet)
Seat 5: adf14364 (small blind) folded before Flop
Seat 6: 3e025311 (big blind) won ($0.24)


Poker Hand #HD1778200118: Hold'em No Limit ($0.05/$0.1) - 2024/05/18 19:27:57
Table 'NLHRed20' 6-max Seat #3 is the button
Seat 1: 71c940ca ($15.13 in chips)
Seat 2: 4f287003 ($28.62 in chips)
Seat 3: Hero ($10 in chips)
Seat 4: 4ccf2fe9 ($10.28 in chips)
Seat 5: adf14364 ($10.15 in chips)
Seat 6: 3e025311 ($10 in chips)
4ccf2fe9: posts small blind $0.05
adf14364: posts big blind $0.1
*** HOLE CARDS ***
Dealt to 71c940ca 
Dealt to 4f287003 
Dealt to Hero [3d Ks]
Dealt to 4ccf2fe9 
Dealt to adf14364 
Dealt to 3e025311 
3e025311: folds
71c940ca: folds
4f287003: calls $0.1
Hero: folds
4ccf2fe9: folds
adf14364: checks
*** FLOP *** [Tc 8s Th]
adf14364: checks
4f287003: checks
*** TURN *** [Tc 8s Th] [4h]
adf14364: checks
4f287003: bets $0.13
adf14364: calls $0.13
*** RIVER *** [Tc 8s Th 4h] [3s]
adf14364: checks
4f287003: checks
adf14364: shows [9c 7s] (Pair of Tens)
4f287003: shows [4d 5h] (Pair of Tens and Pair of Fours)
*** SHOWDOWN ***
4f287003 collected $0.49 from pot
*** SUMMARY ***
Total pot $0.51 | Rake $0.02 | Jackpot $0 | Bingo $0 | Fortune $0 | Tax $0
Board [Tc 8s Th 4h 3s]
Seat 1: 71c940ca folded before Flop (didn't bet)
Seat 2: 4f287003 showed [4d 5h] and won ($0.49) with Pair of Tens and Pair of Fours
Seat 3: Hero (button) folded before Flop (didn't bet)
Seat 4: 4ccf2fe9 (small blind) folded before Flop
Seat 5: adf14364 (big blind) showed [9c 7s] and lost with Pair of Tens
Seat 6: 3e025311 folded before Flop (didn't bet)


Poker Hand #HD1778200048: Hold'em No Limit ($0.05/$0.1) - 2024/05/18 19:27:24
Table 'NLHRed20' 6-max Seat #2 is the button
Seat 1: 71c940ca ($15.38 in chips)
Seat 2: 4f287003 ($28.62 in chips)
Seat 3: Hero ($10 in chips)
Seat 4: 4ccf2fe9 ($10 in chips)
Seat 5: adf14364 ($10.15 in chips)
Seat 6: 3e025311 ($10 in chips)
Hero: posts small blind $0.05
4ccf2fe9: posts big blind $0.1
*** HOLE CARDS ***
Dealt to 71c940ca 
Dealt to 4f287003 
Dealt to Hero [8d 2d]
Dealt to 4ccf2fe9 
Dealt to adf14364 
Dealt to 3e025311 
adf14364: folds
3e025311: folds
71c940ca: raises $0.15 to $0.25
4f287003: folds
Hero: folds
4ccf2fe9: raises $0.85 to $1.1
71c940ca: folds
Uncalled bet ($0.85) returned to 4ccf2fe9
*** SHOWDOWN ***
4ccf2fe9 collected $0.53 from pot
*** SUMMARY ***
Total pot $0.55 | Rake $0.02 | Jackpot $0 | Bingo $0 | Fortune $0 | Tax $0
Seat 1: 71c940ca folded before Flop
Seat 2: 4f287003 (button) folded before Flop (didn't bet)
Seat 3: Hero (small blind) folded before Flop
Seat 4: 4ccf2fe9 (big blind) collected ($0.53)
Seat 5: adf14364 folded before Flop (didn't bet)
Seat 6: 3e025311 folded before Flop (didn't bet)


Poker Hand #HD1778200008: Hold'em No Limit ($0.05/$0.1) - 2024/05/18 19:27:08
Table 'NLHRed20' 6-max Seat #1 is the button
Seat 1: 71c940ca ($15.38 in chips)
Seat 2: 4f287003 ($28.67 in chips)
Seat 3: Hero ($10 in chips)
Seat 4: 4ccf2fe9 ($10 in chips)
Seat 5: adf14364 ($10 in chips)
Seat 6: 3e025311 ($10 in chips)
4f287003: posts small blind $0.05
Hero: posts big blind $0.1
*** HOLE CARDS ***
Dealt to 71c940ca 
Dealt to 4f287003 
Dealt to Hero [4s Td]
Dealt to 4ccf2fe9 
Dealt to adf14364 
Dealt to 3e025311 
4ccf2fe9: folds
adf14364: raises $0.1 to $0.2
3e025311: folds
71c940ca: folds
4f287003: folds
Hero: folds
Uncalled bet ($0.1) returned to adf14364
*** SHOWDOWN ***
adf14364 collected $0.25 from pot
*** SUMMARY ***
Total pot $0.25 | Rake $0 | Jackpot $0 | Bingo $0 | Fortune $0 | Tax $0
Seat 1: 71c940ca (button) folded before Flop (didn't bet)
Seat 2: 4f287003 (small blind) folded before Flop
Seat 3: Hero (big blind) folded before Flop
Seat 4: 4ccf2fe9 folded before Flop (didn't bet)
Seat 5: adf14364 collected ($0.25)
Seat 6: 3e025311 folded before Flop (didn't bet)


Poker Hand #HD1778199991: Hold'em No Limit ($0.05/$0.1) - 2024/05/18 19:27:00
Table 'NLHRed20' 6-max Seat #6 is the button
Seat 1: 71c940ca ($15.43 in chips)
Seat 2: 4f287003 ($28.62 in chips)
Seat 3: Hero ($10 in chips)
Seat 4: 4ccf2fe9 ($10 in chips)
Seat 5: adf14364 ($10 in chips)
Seat 6: 3e025311 ($10 in chips)
71c940ca: posts small blind $0.05
4f287003: posts big blind $0.1
*** HOLE CARDS ***
Dealt to 71c940ca 
Dealt to 4f287003 
Dealt to Hero [Jh 9d]
Dealt to 4ccf2fe9 
Dealt to adf14364 
Dealt to 3e025311 
Hero: folds
4ccf2fe9: folds
adf14364: folds
3e025311: folds
71c940ca: folds
Uncalled bet ($0.05) returned to 4f287003
*** SHOWDOWN ***
4f287003 collected $0.1 from pot
*** SUMMARY ***
Total pot $0.1 | Rake $0 | Jackpot $0 | Bingo $0 | Fortune $0 | Tax $0
Seat 1: 71c940ca (small blind) folded before Flop
Seat 2: 4f287003 (big blind) collected ($0.1)
Seat 3: Hero folded before Flop (didn't bet)
Seat 4: 4ccf2fe9 folded before Flop (didn't bet)
Seat 5: adf14364 folded before Flop (didn't bet)
Seat 6: 3e025311 (button) folded before Flop (didn't bet)


Poker Hand #HD1778199814: Hold'em No Limit ($0.05/$0.1) - 2024/05/18 19:25:37
Table 'NLHRed20' 6-max Seat #5 is the button
Seat 1: 71c940ca ($14.98 in chips)
Seat 2: 4f287003 ($28.62 in chips)
Seat 3: Hero ($10 in chips)
Seat 4: 4ccf2fe9 ($10 in chips)
Seat 5: adf14364 ($10 in chips)
Seat 6: 3e025311 ($10 in chips)
3e025311: posts small blind $0.05
71c940ca: posts big blind $0.1
*** HOLE CARDS ***
Dealt to 71c940ca 
Dealt to 4f287003 
Dealt to Hero [Kc 4s]
Dealt to 4ccf2fe9 
Dealt to adf14364 
Dealt to 3e025311 
4f287003: folds
Hero: folds
4ccf2fe9: folds
adf14364: folds
3e025311: raises $0.2 to $0.3
71c940ca: calls $0.2
*** FLOP *** [3s Ah 6s]
3e025311: bets $0.2
71c940ca: calls $0.2
*** TURN *** [3s Ah 6s] [6c]
3e025311: checks
71c940ca: checks
*** RIVER *** [3s Ah 6s 6c] [3h]
3e025311: checks
71c940ca: bets $1.5
3e025311: folds
Uncalled bet ($1.5) returned to 71c940ca
*** SHOWDOWN ***
71c940ca collected $0.95 from pot
*** SUMMARY ***
Total pot $1 | Rake $0.05 | Jackpot $0 | Bingo $0 | Fortune $0 | Tax $0
Board [3s Ah 6s 6c 3h]
Seat 1: 71c940ca (big blind) won ($0.95)
Seat 2: 4f287003 folded before Flop (didn't bet)
Seat 3: Hero folded before Flop (didn't bet)
Seat 4: 4ccf2fe9 folded before Flop (didn't bet)
Seat 5: adf14364 (button) folded before Flop (didn't bet)
Seat 6: 3e025311 (small blind) folded on the River


Poker Hand #HD1778199683: Hold'em No Limit ($0.05/$0.1) - 2024/05/18 19:24:38
Table 'NLHRed20' 6-max Seat #4 is the button
Seat 1: 71c940ca ($14.98 in chips)
Seat 2: 4f287003 ($28.07 in chips)
Seat 3: Hero ($10 in chips)
Seat 4: 4ccf2fe9 ($10 in chips)
Seat 5: adf14364 ($10 in chips)
Seat 6: 3e025311 ($10 in chips)
adf14364: posts small blind $0.05
3e025311: posts big blind $0.1
*** HOLE CARDS ***
Dealt to 71c940ca 
Dealt to 4f287003 
Dealt to Hero [9d As]
Dealt to 4ccf2fe9 
Dealt to adf14364 
Dealt to 3e025311 
71c940ca: folds
4f287003: calls $0.1
Hero: folds
4ccf2fe9: folds
adf14364: calls $0.05
3e025311: raises $0.4 to $0.5
4f287003: calls $0.4
adf14364: folds
*** FLOP *** [5d Jc 9s]
3e025311: checks
4f287003: bets $0.37
3e025311: folds
Uncalled bet ($0.37) returned to 4f287003
*** SHOWDOWN ***
4f287003 collected $1.05 from pot
*** SUMMARY ***
Total pot $1.1 | Rake $0.05 | Jackpot $0 | Bingo $0 | Fortune $0 | Tax $0
Board [5d Jc 9s]
Seat 1: 71c940ca folded before Flop (didn't bet)
Seat 2: 4f287003 won ($1.05)
Seat 3: Hero folded before Flop (didn't bet)
Seat 4: 4ccf2fe9 (button) folded before Flop (didn't bet)
Seat 5: adf14364 (small blind) folded before Flop
Seat 6: 3e025311 (big blind) folded on the Flop


Poker Hand #HD1778199572: Hold'em No Limit ($0.05/$0.1) - 2024/05/18 19:23:46
Table 'NLHRed20' 6-max Seat #3 is the button
Seat 1: 71c940ca ($14.98 in chips)
Seat 2: 4f287003 ($27.18 in chips)
Seat 3: Hero ($10 in chips)
Seat 4: 4ccf2fe9 ($10 in chips)
Seat 5: adf14364 ($10.15 in chips)
4ccf2fe9: posts small blind $0.05
adf14364: posts big blind $0.1
*** HOLE CARDS ***
Dealt to 71c940ca 
Dealt to 4f287003 
Dealt to Hero [6s 9c]
Dealt to 4ccf2fe9 
Dealt to adf14364 
71c940ca: folds
4f287003: calls $0.1
Hero: folds
4ccf2fe9: folds
adf14364: raises $0.35 to $0.45
4f287003: calls $0.35
*** FLOP *** [Qd Kc 2d]
adf14364: bets $0.48
4f287003: calls $0.48
*** TURN *** [Qd Kc 2d] [Qs]
adf14364: checks
4f287003: bets $1.44
adf14364: folds
Uncalled bet ($1.44) returned to 4f287003
*** SHOWDOWN ***
4f287003 collected $1.82 from pot
*** SUMMARY ***
Total pot $1.91 | Rake $0.09 | Jackpot $0 | Bingo $0 | Fortune $0 | Tax $0
Board [Qd Kc 2d Qs]
Seat 1: 71c940ca folded before Flop (didn't bet)
Seat 2: 4f287003 won ($1.82)
Seat 3: Hero (button) folded before Flop (didn't bet)
Seat 4: 4ccf2fe9 (small blind) folded before Flop
Seat 5: adf14364 (big blind) folded on the Turn


Poker Hand #HD1778199522: Hold'em No Limit ($0.05/$0.1) - 2024/05/18 19:23:21
Table 'NLHRed20' 6-max Seat #2 is the button
Seat 1: 71c940ca ($14.83 in chips)
Seat 2: 4f287003 ($27.18 in chips)
Seat 3: Hero ($10.05 in chips)
Seat 4: 4ccf2fe9 ($10 in chips)
Seat 5: adf14364 ($10.15 in chips)
Hero: posts small blind $0.05
4ccf2fe9: posts big blind $0.1
*** HOLE CARDS ***
Dealt to 71c940ca 
Dealt to 4f287003 
Dealt to Hero [9c Qd]
Dealt to 4ccf2fe9 
Dealt to adf14364 
adf14364: folds
71c940ca: raises $0.2 to $0.3
4f287003: folds
Hero: folds
4ccf2fe9: folds
Uncalled bet ($0.2) returned to 71c940ca
*** SHOWDOWN ***
71c940ca collected $0.25 from pot
*** SUMMARY ***
Total pot $0.25 | Rake $0 | Jackpot $0 | Bingo $0 | Fortune $0 | Tax $0
Seat 1: 71c940ca collected ($0.25)
Seat 2: 4f287003 (button) folded before Flop (didn't bet)
Seat 3: Hero (small blind) folded before Flop
Seat 4: 4ccf2fe9 (big blind) folded before Flop
Seat 5: adf14364 folded before Flop (didn't bet)


Poker Hand #HD1778199479: Hold'em No Limit ($0.05/$0.1) - 2024/05/18 19:23:01
Table 'NLHRed20' 6-max Seat #1 is the button
Seat 1: 71c940ca ($14.68 in chips)
Seat 2: 4f287003 ($27.23 in chips)
Seat 3: Hero ($10.15 in chips)
Seat 4: 4ccf2fe9 ($10 in chips)
Seat 5: adf14364 ($10.15 in chips)
4f287003: posts small blind $0.05
Hero: posts big blind $0.1
*** HOLE CARDS ***
Dealt to 71c940ca 
Dealt to 4f287003 
Dealt to Hero [4h 9s]
Dealt to 4ccf2fe9 
Dealt to adf14364 
4ccf2fe9: folds
adf14364: folds
71c940ca: raises $0.15 to $0.25
4f287003: folds
Hero: folds
Uncalled bet ($0.15) returned to 71c940ca
*** SHOWDOWN ***
71c940ca collected $0.25 from pot
*** SUMMARY ***
Total pot $0.25 | Rake $0 | Jackpot $0 | Bingo $0 | Fortune $0 | Tax $0
Seat 1: 71c940ca (button) collected ($0.25)
Seat 2: 4f287003 (small blind) folded before Flop
Seat 3: Hero (big blind) folded before Flop
Seat 4: 4ccf2fe9 folded before Flop (didn't bet)
Seat 5: adf14364 folded before Flop (didn't bet)


Poker Hand #HD1778199449: Hold'em No Limit ($0.05/$0.1) - 2024/05/18 19:22:47
Table 'NLHRed20' 6-max Seat #5 is the button
Seat 1: 71c940ca ($14.73 in chips)
Seat 2: 4f287003 ($27.33 in chips)
Seat 3: Hero ($10.15 in chips)
Seat 4: 4ccf2fe9 ($10 in chips)
Seat 5: adf14364 ($10 in chips)
71c940ca: posts small blind $0.05
4f287003: posts big blind $0.1
*** HOLE CARDS ***
Dealt to 71c940ca 
Dealt to 4f287003 
Dealt to Hero [6c 4d]
Dealt to 4ccf2fe9 
Dealt to adf14364 
Hero: folds
4ccf2fe9: folds
adf14364: raises $0.15 to $0.25
71c940ca: folds
4f287003: folds
Uncalled bet ($0.15) returned to adf14364
*** SHOWDOWN ***
adf14364 collected $0.25 from pot
*** SUMMARY ***
Total pot $0.25 | Rake $0 | Jackpot $0 | Bingo $0 | Fortune $0 | Tax $0
Seat 1: 71c940ca (small blind) folded before Flop
Seat 2: 4f287003 (big blind) folded before Flop
Seat 3: Hero folded before Flop (didn't bet)
Seat 4: 4ccf2fe9 folded before Flop (didn't bet)
Seat 5: adf14364 (button) collected ($0.25)


Poker Hand #HD1778199320: Hold'em No Limit ($0.05/$0.1) - 2024/05/18 19:21:43
Table 'NLHRed20' 6-max Seat #4 is the button
Seat 1: 71c940ca ($14.19 in chips)
Seat 2: 4f287003 ($27.33 in chips)
Seat 3: Hero ($10.15 in chips)
Seat 4: 4ccf2fe9 ($10 in chips)
Seat 5: adf14364 ($10 in chips)
adf14364: posts small blind $0.05
71c940ca: posts big blind $0.1
*** HOLE CARDS ***
Dealt to 71c940ca 
Dealt to 4f287003 
Dealt to Hero [Ad 6h]
Dealt to 4ccf2fe9 
Dealt to adf14364 
4f287003: folds
Hero: folds
4ccf2fe9: folds
adf14364: raises $0.2 to $0.3
71c940ca: calls $0.2
*** FLOP *** [8d 2d Qd]
adf14364: checks
71c940ca: bets $0.3
adf14364: calls $0.3
*** TURN *** [8d 2d Qd] [6d]
adf14364: checks
71c940ca: checks
*** RIVER *** [8d 2d Qd 6d] [Tc]
adf14364: checks
71c940ca: bets $0.5
adf14364: folds
Uncalled bet ($0.5) returned to 71c940ca
*** SHOWDOWN ***
71c940ca collected $1.14 from pot
*** SUMMARY ***
Total pot $1.2 | Rake $0.06 | Jackpot $0 | Bingo $0 | Fortune $0 | Tax $0
Board [8d 2d Qd 6d Tc]
Seat 1: 71c940ca (big blind) won ($1.14)
Seat 2: 4f287003 folded before Flop (didn't bet)
Seat 3: Hero folded before Flop (didn't bet)
Seat 4: 4ccf2fe9 (button) folded before Flop (didn't bet)
Seat 5: adf14364 (small blind) folded on the River


Poker Hand #HD1778199290: Hold'em No Limit ($0.05/$0.1) - 2024/05/18 19:21:33
Table 'NLHRed20' 6-max Seat #3 is the button
Seat 1: 71c940ca ($14.19 in chips)
Seat 2: 4f287003 ($27.33 in chips)
Seat 3: Hero ($10 in chips)
Seat 4: 4ccf2fe9 ($10 in chips)
Seat 5: adf14364 ($10 in chips)
Seat 6: 9fc721e6 ($12.59 in chips)
4ccf2fe9: posts small blind $0.05
adf14364: posts big blind $0.1
*** HOLE CARDS ***
Dealt to 71c940ca 
Dealt to 4f287003 
Dealt to Hero [Ac 9c]
Dealt to 4ccf2fe9 
Dealt to adf14364 
Dealt to 9fc721e6 
9fc721e6: folds
71c940ca: folds
4f287003: folds
Hero: raises $0.14 to $0.24
4ccf2fe9: folds
adf14364: folds
Uncalled bet ($0.14) returned to Hero
*** SHOWDOWN ***
Hero collected $0.25 from pot
*** SUMMARY ***
Total pot $0.25 | Rake $0 | Jackpot $0 | Bingo $0 | Fortune $0 | Tax $0
Seat 1: 71c940ca folded before Flop (didn't bet)
Seat 2: 4f287003 folded before Flop (didn't bet)
Seat 3: Hero (button) collected ($0.25)
Seat 4: 4ccf2fe9 (small blind) folded before Flop
Seat 5: adf14364 (big blind) folded before Flop
Seat 6: 9fc721e6 folded before Flop (didn't bet)


Poker Hand #HD1778199123: Hold'em No Limit ($0.05/$0.1) - 2024/05/18 19:20:12
Table 'NLHRed20' 6-max Seat #2 is the button
Seat 1: 71c940ca ($15.24 in chips)
Seat 2: 4f287003 ($26.1 in chips)
Seat 3: Hero ($10 in chips)
Seat 4: 4ccf2fe9 ($10 in chips)
Seat 5: adf14364 ($10 in chips)
Seat 6: 9fc721e6 ($12.59 in chips)
Hero: posts small blind $0.05
4ccf2fe9: posts big blind $0.1
*** HOLE CARDS ***
Dealt to 71c940ca 
Dealt to 4f287003 
Dealt to Hero [7c Kd]
Dealt to 4ccf2fe9 
Dealt to adf14364 
Dealt to 9fc721e6 
adf14364: folds
9fc721e6: folds
71c940ca: raises $0.15 to $0.25
4f287003: calls $0.25
Hero: folds
4ccf2fe9: calls $0.15
*** FLOP *** [7h 8h 9s]
4ccf2fe9: checks
71c940ca: bets $0.3
4f287003: calls $0.3
4ccf2fe9: folds
*** TURN *** [7h 8h 9s] [Js]
71c940ca: bets $0.5
4f287003: calls $0.5
*** RIVER *** [7h 8h 9s Js] [9h]
71c940ca: checks
4f287003: bets $1
71c940ca: folds
Uncalled bet ($1) returned to 4f287003
*** SHOWDOWN ***
4f287003 collected $2.28 from pot
*** SUMMARY ***
Total pot $2.4 | Rake $0.12 | Jackpot $0 | Bingo $0 | Fortune $0 | Tax $0
Board [7h 8h 9s Js 9h]
Seat 1: 71c940ca folded on the River
Seat 2: 4f287003 (button) won ($2.28)
Seat 3: Hero (small blind) folded before Flop
Seat 4: 4ccf2fe9 (big blind) folded on the Flop
Seat 5: adf14364 folded before Flop (didn't bet)
Seat 6: 9fc721e6 folded before Flop (didn't bet)


Poker Hand #HD1778199010: Hold'em No Limit ($0.05/$0.1) - 2024/05/18 19:19:17
Table 'NLHRed20' 6-max Seat #1 is the button
Seat 1: 71c940ca ($15.24 in chips)
Seat 2: 4f287003 ($26.15 in chips)
Seat 3: Hero ($10 in chips)
Seat 4: 4ccf2fe9 ($10 in chips)
Seat 5: adf14364 ($10.29 in chips)
Seat 6: 9fc721e6 ($12.09 in chips)
4f287003: posts small blind $0.05
Hero: posts big blind $0.1
*** HOLE CARDS ***
Dealt to 71c940ca 
Dealt to 4f287003 
Dealt to Hero [5c 2d]
Dealt to 4ccf2fe9 
Dealt to adf14364 
Dealt to 9fc721e6 
4ccf2fe9: folds
adf14364: raises $0.1 to $0.2
9fc721e6: calls $0.2
71c940ca: folds
4f287003: folds
Hero: folds
*** FLOP *** [7c Kc Ac]
adf14364: bets $0.19
9fc721e6: calls $0.19
*** TURN *** [7c Kc Ac] [3c]
adf14364: checks
9fc721e6: bets $0.31
adf14364: folds
Uncalled bet ($0.31) returned to 9fc721e6
*** SHOWDOWN ***
9fc721e6 collected $0.89 from pot
*** SUMMARY ***
Total pot $0.93 | Rake $0.04 | Jackpot $0 | Bingo $0 | Fortune $0 | Tax $0
Board [7c Kc Ac 3c]
Seat 1: 71c940ca (button) folded before Flop (didn't bet)
Seat 2: 4f287003 (small blind) folded before Flop
Seat 3: Hero (big blind) folded before Flop
Seat 4: 4ccf2fe9 folded before Flop (didn't bet)
Seat 5: adf14364 folded on the Turn
Seat 6: 9fc721e6 won ($0.89)


Poker Hand #HD1778198879: Hold'em No Limit ($0.05/$0.1) - 2024/05/18 19:18:19
Table 'NLHRed20' 6-max Seat #6 is the button
Seat 1: 71c940ca ($15.29 in chips)
Seat 2: 4f287003 ($25.59 in chips)
Seat 3: Hero ($10 in chips)
Seat 4: 4ccf2fe9 ($10 in chips)
Seat 5: adf14364 ($10.29 in chips)
Seat 6: 9fc721e6 ($12.66 in chips)
71c940ca: posts small blind $0.05
4f287003: posts big blind $0.1
*** HOLE CARDS ***
Dealt to 71c940ca 
Dealt to 4f287003 
Dealt to Hero [6c 8h]
Dealt to 4ccf2fe9 
Dealt to adf14364 
Dealt to 9fc721e6 
Hero: folds
4ccf2fe9: folds
adf14364: folds
9fc721e6: raises $0.13 to $0.23
71c940ca: folds
4f287003: calls $0.13
*** FLOP *** [Jd Ac 8d]
4f287003: checks
9fc721e6: bets $0.34
4f287003: calls $0.34
*** TURN *** [Jd Ac 8d] [7c]
4f287003: checks
9fc721e6: checks
*** RIVER *** [Jd Ac 8d 7c] [3c]
4f287003: bets $0.79
9fc721e6: folds
Uncalled bet ($0.79) returned to 4f287003
*** SHOWDOWN ***
4f287003 collected $1.13 from pot
*** SUMMARY ***
Total pot $1.19 | Rake $0.06 | Jackpot $0 | Bingo $0 | Fortune $0 | Tax $0
Board [Jd Ac 8d 7c 3c]
Seat 1: 71c940ca (small blind) folded before Flop
Seat 2: 4f287003 (big blind) won ($1.13)
Seat 3: Hero folded before Flop (didn't bet)
Seat 4: 4ccf2fe9 folded before Flop (didn't bet)
Seat 5: adf14364 folded before Flop (didn't bet)
Seat 6: 9fc721e6 (button) folded on the River


Poker Hand #HD1778198741: Hold'em No Limit ($0.05/$0.1) - 2024/05/18 19:17:14
Table 'NLHRed20' 6-max Seat #5 is the button
Seat 1: 71c940ca ($14.15 in chips)
Seat 2: 4f287003 ($25.79 in chips)
Seat 3: Hero ($10.36 in chips)
Seat 4: 4ccf2fe9 ($10 in chips)
Seat 5: adf14364 ($10.29 in chips)
Seat 6: 9fc721e6 ($12.71 in chips)
9fc721e6: posts small blind $0.05
71c940ca: posts big blind $0.1
*** HOLE CARDS ***
Dealt to 71c940ca 
Dealt to 4f287003 
Dealt to Hero [Ad Jh]
Dealt to 4ccf2fe9 
Dealt to adf14364 
Dealt to 9fc721e6 
4f287003: calls $0.1
Hero: raises $0.1 to $0.2
4ccf2fe9: folds
adf14364: folds
9fc721e6: folds
71c940ca: calls $0.1
4f287003: calls $0.1
*** FLOP *** [4d Ah 2h]
71c940ca: bets $0.8
4f287003: folds
Hero: calls $0.8
*** TURN *** [4d Ah 2h] [5c]
71c940ca: bets $2.1
Hero: folds
Uncalled bet ($2.1) returned to 71c940ca
*** SHOWDOWN ***
71c940ca collected $2.14 from pot
*** SUMMARY ***
Total pot $2.25 | Rake $0.11 | Jackpot $0 | Bingo $0 | Fortune $0 | Tax $0
Board [4d Ah 2h 5c]
Seat 1: 71c940ca (big blind) won ($2.14)
Seat 2: 4f287003 folded on the Flop
Seat 3: Hero folded on the Turn
Seat 4: 4ccf2fe9 folded before Flop (didn't bet)
Seat 5: adf14364 (button) folded before Flop (didn't bet)
Seat 6: 9fc721e6 (small blind) folded before Flop


Poker Hand #HD1778198695: Hold'em No Limit ($0.05/$0.1) - 2024/05/18 19:16:57
Table 'NLHRed20' 6-max Seat #4 is the button
Seat 1: 71c940ca ($14.15 in chips)
Seat 2: 4f287003 ($25.64 in chips)
Seat 3: Hero ($10.36 in chips)
Seat 4: 4ccf2fe9 ($10 in chips)
Seat 5: adf14364 ($10.34 in chips)
Seat 6: 9fc721e6 ($12.81 in chips)
adf14364: posts small blind $0.05
9fc721e6: posts big blind $0.1
*** HOLE CARDS ***
Dealt to 71c940ca 
Dealt to 4f287003 
Dealt to Hero [7h Qd]
Dealt to 4ccf2fe9 
Dealt to adf14364 
Dealt to 9fc721e6 
71c940ca: folds
4f287003: raises $0.15 to $0.25
Hero: folds
4ccf2fe9: folds
adf14364: folds
9fc721e6: folds
Uncalled bet ($0.15) returned to 4f287003
*** SHOWDOWN ***
4f287003 collected $0.25 from pot
*** SUMMARY ***
Total pot $0.25 | Rake $0 | Jackpot $0 | Bingo $0 | Fortune $0 | Tax $0
Seat 1: 71c940ca folded before Flop (didn't bet)
Seat 2: 4f287003 collected ($0.25)
Seat 3: Hero folded before Flop (didn't bet)
Seat 4: 4ccf2fe9 (button) folded before Flop (didn't bet)
Seat 5: adf14364 (small blind) folded before Flop
Seat 6: 9fc721e6 (big blind) folded before Flop


Poker Hand #HD1778198556: Hold'em No Limit ($0.05/$0.1) - 2024/05/18 19:15:50
Table 'NLHRed20' 6-max Seat #3 is the button
Seat 1: 71c940ca ($14.15 in chips)
Seat 2: 4f287003 ($25.74 in chips)
Seat 3: Hero ($10.36 in chips)
Seat 4: 4ccf2fe9 ($10 in chips)
Seat 5: adf14364 ($10.15 in chips)
Seat 6: 9fc721e6 ($12.81 in chips)
4ccf2fe9: posts small blind $0.05
adf14364: posts big blind $0.1
*** HOLE CARDS ***
Dealt to 71c940ca 
Dealt to 4f287003 
Dealt to Hero [Ts 9d]
Dealt to 4ccf2fe9 
Dealt to adf14364 
Dealt to 9fc721e6 
9fc721e6: folds
71c940ca: folds
4f287003: calls $0.1
Hero: folds
4ccf2fe9: calls $0.05
adf14364: checks
*** FLOP *** [4h 5s 8s]
4ccf2fe9: checks
adf14364: checks
4f287003: checks
*** TURN *** [4h 5s 8s] [Jc]
4ccf2fe9: checks
adf14364: checks
4f287003: checks
*** RIVER *** [4h 5s 8s Jc] [2c]
4ccf2fe9: checks
adf14364: checks
4f287003: checks
4ccf2fe9: shows [9h 7h] (Jack-High)
adf14364: shows [4s Tc] (Pair of Fours)
4f287003: shows [Qc Ad] (Ace-High)
*** SHOWDOWN ***
adf14364 collected $0.29 from pot
*** SUMMARY ***
Total pot $0.3 | Rake $0.01 | Jackpot $0 | Bingo $0 | Fortune $0 | Tax $0
Board [4h 5s 8s Jc 2c]
Seat 1: 71c940ca folded before Flop (didn't bet)
Seat 2: 4f287003 showed [Qc Ad] and lost with Ace-High
Seat 3: Hero (button) folded before Flop (didn't bet)
Seat 4: 4ccf2fe9 (small blind) showed [9h 7h] and lost with Jack-High
Seat 5: adf14364 (big blind) showed [4s Tc] and won ($0.29) with Pair of Fours
Seat 6: 9fc721e6 folded before Flop (didn't bet)


Poker Hand #HD1778198481: Hold'em No Limit ($0.05/$0.1) - 2024/05/18 19:15:09
Table 'NLHRed20' 6-max Seat #2 is the button
Seat 1: 71c940ca ($14.65 in chips)
Seat 2: 4f287003 ($25.14 in chips)
Seat 3: Hero ($10.41 in chips)
Seat 4: 4ccf2fe9 ($10 in chips)
Seat 5: adf14364 ($10.15 in chips)
Seat 6: 9fc721e6 ($12.81 in chips)
Hero: posts small blind $0.05
4ccf2fe9: posts big blind $0.1
*** HOLE CARDS ***
Dealt to 71c940ca 
Dealt to 4f287003 
Dealt to Hero [Qs 2h]
Dealt to 4ccf2fe9 
Dealt to adf14364 
Dealt to 9fc721e6 
adf14364: folds
9fc721e6: folds
71c940ca: raises $0.15 to $0.25
4f287003: calls $0.25
Hero: folds
4ccf2fe9: folds
*** FLOP *** [Td 6h 2s]
71c940ca: bets $0.25
4f287003: calls $0.25
*** TURN *** [Td 6h 2s] [Js]
71c940ca: checks
4f287003: bets $0.76
71c940ca: folds
Uncalled bet ($0.76) returned to 4f287003
*** SHOWDOWN ***
4f287003 collected $1.1 from pot
*** SUMMARY ***
Total pot $1.15 | Rake $0.05 | Jackpot $0 | Bingo $0 | Fortune $0 | Tax $0
Board [Td 6h 2s Js]
Seat 1: 71c940ca folded on the Turn
Seat 2: 4f287003 (button) won ($1.1)
Seat 3: Hero (small blind) folded before Flop
Seat 4: 4ccf2fe9 (big blind) folded before Flop
Seat 5: adf14364 folded before Flop (didn't bet)
Seat 6: 9fc721e6 folded before Flop (didn't bet)


Poker Hand #HD1778198445: Hold'em No Limit ($0.05/$0.1) - 2024/05/18 19:14:58
Table 'NLHRed20' 6-max Seat #1 is the button
Seat 1: 71c940ca ($14.65 in chips)
Seat 2: 4f287003 ($25.19 in chips)
Seat 3: Hero ($10.36 in chips)
Seat 4: 4ccf2fe9 ($10 in chips)
Seat 5: adf14364 ($10.15 in chips)
Seat 6: 9fc721e6 ($12.81 in chips)
4f287003: posts small blind $0.05
Hero: posts big blind $0.1
*** HOLE CARDS ***
Dealt to 71c940ca 
Dealt to 4f287003 
Dealt to Hero [7d 9d]
Dealt to 4ccf2fe9 
Dealt to adf14364 
Dealt to 9fc721e6 
4ccf2fe9: folds
adf14364: folds
9fc721e6: folds
71c940ca: folds
4f287003: folds
Uncalled bet ($0.05) returned to Hero
*** SHOWDOWN ***
Hero collected $0.1 from pot
*** SUMMARY ***
Total pot $0.1 | Rake $0 | Jackpot $0 | Bingo $0 | Fortune $0 | Tax $0
Seat 1: 71c940ca (button) folded before Flop (didn't bet)
Seat 2: 4f287003 (small blind) folded before Flop
Seat 3: Hero (big blind) collected ($0.1)
Seat 4: 4ccf2fe9 folded before Flop (didn't bet)
Seat 5: adf14364 folded before Flop (didn't bet)
Seat 6: 9fc721e6 folded before Flop (didn't bet)


Poker Hand #HD1778198413: Hold'em No Limit ($0.05/$0.1) - 2024/05/18 19:14:42
Table 'NLHRed20' 6-max Seat #6 is the button
Seat 1: 71c940ca ($14.7 in chips)
Seat 2: 4f287003 ($25.14 in chips)
Seat 3: Hero ($10.36 in chips)
Seat 4: 4ccf2fe9 ($10 in chips)
Seat 5: adf14364 ($10.15 in chips)
Seat 6: 9fc721e6 ($12.81 in chips)
71c940ca: posts small blind $0.05
4f287003: posts big blind $0.1
*** HOLE CARDS ***
Dealt to 71c940ca 
Dealt to 4f287003 
Dealt to Hero [3h Ad]
Dealt to 4ccf2fe9 
Dealt to adf14364 
Dealt to 9fc721e6 
Hero: folds
4ccf2fe9: folds
adf14364: folds
9fc721e6: folds
71c940ca: folds
Uncalled bet ($0.05) returned to 4f287003
*** SHOWDOWN ***
4f287003 collected $0.1 from pot
*** SUMMARY ***
Total pot $0.1 | Rake $0 | Jackpot $0 | Bingo $0 | Fortune $0 | Tax $0
Seat 1: 71c940ca (small blind) folded before Flop
Seat 2: 4f287003 (big blind) collected ($0.1)
Seat 3: Hero folded before Flop (didn't bet)
Seat 4: 4ccf2fe9 folded before Flop (didn't bet)
Seat 5: adf14364 folded before Flop (didn't bet)
Seat 6: 9fc721e6 (button) folded before Flop (didn't bet)


Poker Hand #HD1778198381: Hold'em No Limit ($0.05/$0.1) - 2024/05/18 19:14:25
Table 'NLHRed20' 6-max Seat #5 is the button
Seat 1: 71c940ca ($14.8 in chips)
Seat 2: 4f287003 ($25.14 in chips)
Seat 3: Hero ($10.36 in chips)
Seat 4: 4ccf2fe9 ($10 in chips)
Seat 5: adf14364 ($10 in chips)
Seat 6: 9fc721e6 ($12.86 in chips)
9fc721e6: posts small blind $0.05
71c940ca: posts big blind $0.1
*** HOLE CARDS ***
Dealt to 71c940ca 
Dealt to 4f287003 
Dealt to Hero [6c As]
Dealt to 4ccf2fe9 
Dealt to adf14364 
Dealt to 9fc721e6 
4f287003: folds
Hero: folds
4ccf2fe9: folds
adf14364: raises $0.13 to $0.23
9fc721e6: folds
71c940ca: folds
Uncalled bet ($0.13) returned to adf14364
*** SHOWDOWN ***
adf14364 collected $0.25 from pot
*** SUMMARY ***
Total pot $0.25 | Rake $0 | Jackpot $0 | Bingo $0 | Fortune $0 | Tax $0
Seat 1: 71c940ca (big blind) folded before Flop
Seat 2: 4f287003 folded before Flop (didn't bet)
Seat 3: Hero folded before Flop (didn't bet)
Seat 4: 4ccf2fe9 folded before Flop (didn't bet)
Seat 5: adf14364 (button) collected ($0.25)
Seat 6: 9fc721e6 (small blind) folded before Flop


Poker Hand #HD1778198245: Hold'em No Limit ($0.05/$0.1) - 2024/05/18 19:13:22
Table 'NLHRed20' 6-max Seat #4 is the button
Seat 1: 71c940ca ($14.8 in chips)
Seat 2: 4f287003 ($25.89 in chips)
Seat 3: Hero ($10.36 in chips)
Seat 4: 4ccf2fe9 ($10 in chips)
Seat 5: adf14364 ($10 in chips)
Seat 6: 9fc721e6 ($12.13 in chips)
adf14364: posts small blind $0.05
9fc721e6: posts big blind $0.1
*** HOLE CARDS ***
Dealt to 71c940ca 
Dealt to 4f287003 
Dealt to Hero [9d Jd]
Dealt to 4ccf2fe9 
Dealt to adf14364 
Dealt to 9fc721e6 
71c940ca: folds
4f287003: raises $0.15 to $0.25
Hero: folds
4ccf2fe9: folds
adf14364: folds
9fc721e6: calls $0.15
*** FLOP *** [6c Ad Ah]
9fc721e6: checks
4f287003: checks
*** TURN *** [6c Ad Ah] [2s]
9fc721e6: checks
4f287003: checks
*** RIVER *** [6c Ad Ah 2s] [2d]
9fc721e6: bets $0.5
4f287003: calls $0.5
9fc721e6: shows [As 3s] (Aces Full over Twos)
4f287003: shows [Jh Kh] (Pair of Aces and Pair of Twos)
*** SHOWDOWN ***
9fc721e6 collected $1.48 from pot
*** SUMMARY ***
Total pot $1.55 | Rake $0.07 | Jackpot $0 | Bingo $0 | Fortune $0 | Tax $0
Board [6c Ad Ah 2s 2d]
Seat 1: 71c940ca folded before Flop (didn't bet)
Seat 2: 4f287003 showed [Jh Kh] and lost with Pair of Aces and Pair of Twos
Seat 3: Hero folded before Flop (didn't bet)
Seat 4: 4ccf2fe9 (button) folded before Flop (didn't bet)
Seat 5: adf14364 (small blind) folded before Flop
Seat 6: 9fc721e6 (big blind) showed [As 3s] and won ($1.48) with Aces Full over Twos


Poker Hand #HD1778198217: Hold'em No Limit ($0.05/$0.1) - 2024/05/18 19:13:08
Table 'NLHRed20' 6-max Seat #3 is the button
Seat 1: 71c940ca ($14.8 in chips)
Seat 2: 4f287003 ($25.89 in chips)
Seat 3: Hero ($10.36 in chips)
Seat 4: 4ccf2fe9 ($10 in chips)
Seat 5: adf14364 ($10 in chips)
Seat 6: 9fc721e6 ($11.98 in chips)
4ccf2fe9: posts small blind $0.05
adf14364: posts big blind $0.1
*** HOLE CARDS ***
Dealt to 71c940ca 
Dealt to 4f287003 
Dealt to Hero [Qh 2c]
Dealt to 4ccf2fe9 
Dealt to adf14364 
Dealt to 9fc721e6 
9fc721e6: raises $0.11 to $0.21
71c940ca: folds
4f287003: folds
Hero: folds
4ccf2fe9: folds
adf14364: folds
Uncalled bet ($0.11) returned to 9fc721e6
*** SHOWDOWN ***
9fc721e6 collected $0.25 from pot
*** SUMMARY ***
Total pot $0.25 | Rake $0 | Jackpot $0 | Bingo $0 | Fortune $0 | Tax $0
Seat 1: 71c940ca folded before Flop (didn't bet)
Seat 2: 4f287003 folded before Flop (didn't bet)
Seat 3: Hero (button) folded before Flop (didn't bet)
Seat 4: 4ccf2fe9 (small blind) folded before Flop
Seat 5: adf14364 (big blind) folded before Flop
Seat 6: 9fc721e6 collected ($0.25)


Poker Hand #HD1778198137: Hold'em No Limit ($0.05/$0.1) - 2024/05/18 19:12:30
Table 'NLHRed20' 6-max Seat #2 is the button
Seat 1: 71c940ca ($14.8 in chips)
Seat 2: 4f287003 ($25.45 in chips)
Seat 3: Hero ($10.41 in chips)
Seat 4: 4ccf2fe9 ($10.15 in chips)
Seat 5: adf14364 ($10.11 in chips)
Seat 6: 9fc721e6 ($11.98 in chips)
Hero: posts small blind $0.05
4ccf2fe9: posts big blind $0.1
*** HOLE CARDS ***
Dealt to 71c940ca 
Dealt to 4f287003 
Dealt to Hero [6c Jh]
Dealt to 4ccf2fe9 
Dealt to adf14364 
Dealt to 9fc721e6 
adf14364: raises $0.11 to $0.21
9fc721e6: folds
71c940ca: folds
4f287003: calls $0.21
Hero: folds
4ccf2fe9: calls $0.11
*** FLOP *** [2h 8d 4s]
4ccf2fe9: checks
adf14364: checks
4f287003: bets $0.51
4ccf2fe9: folds
adf14364: folds
Uncalled bet ($0.51) returned to 4f287003
*** SHOWDOWN ***
4f287003 collected $0.65 from pot
*** SUMMARY ***
Total pot $0.68 | Rake $0.03 | Jackpot $0 | Bingo $0 | Fortune $0 | Tax $0
Board [2h 8d 4s]
Seat 1: 71c940ca folded before Flop (didn't bet)
Seat 2: 4f287003 (button) won ($0.65)
Seat 3: Hero (small blind) folded before Flop
Seat 4: 4ccf2fe9 (big blind) folded on the Flop
Seat 5: adf14364 folded on the Flop
Seat 6: 9fc721e6 folded before Flop (didn't bet)


Poker Hand #HD1778198090: Hold'em No Limit ($0.05/$0.1) - 2024/05/18 19:12:12
Table 'NLHRed20' 6-max Seat #1 is the button
Seat 1: 71c940ca ($14.8 in chips)
Seat 2: 4f287003 ($25.5 in chips)
Seat 3: Hero ($10.51 in chips)
Seat 4: 4ccf2fe9 ($10 in chips)
Seat 5: adf14364 ($10.11 in chips)
Seat 6: 9fc721e6 ($11.98 in chips)
4f287003: posts small blind $0.05
Hero: posts big blind $0.1
*** HOLE CARDS ***
Dealt to 71c940ca 
Dealt to 4f287003 
Dealt to Hero [Td 4s]
Dealt to 4ccf2fe9 
Dealt to adf14364 
Dealt to 9fc721e6 
4ccf2fe9: raises $0.1 to $0.2
adf14364: folds
9fc721e6: folds
71c940ca: folds
4f287003: folds
Hero: folds
Uncalled bet ($0.1) returned to 4ccf2fe9
*** SHOWDOWN ***
4ccf2fe9 collected $0.25 from pot
*** SUMMARY ***
Total pot $0.25 | Rake $0 | Jackpot $0 | Bingo $0 | Fortune $0 | Tax $0
Seat 1: 71c940ca (button) folded before Flop (didn't bet)
Seat 2: 4f287003 (small blind) folded before Flop
Seat 3: Hero (big blind) folded before Flop
Seat 4: 4ccf2fe9 collected ($0.25)
Seat 5: adf14364 folded before Flop (didn't bet)
Seat 6: 9fc721e6 folded before Flop (didn't bet)


Poker Hand #HD1778197966: Hold'em No Limit ($0.05/$0.1) - 2024/05/18 19:11:12
Table 'NLHRed20' 6-max Seat #6 is the button
Seat 1: 71c940ca ($14.85 in chips)
Seat 2: 4f287003 ($27.19 in chips)
Seat 3: Hero ($10.51 in chips)
Seat 4: 4ccf2fe9 ($10 in chips)
Seat 5: adf14364 ($10.11 in chips)
Seat 6: 9fc721e6 ($10.5 in chips)
71c940ca: posts small blind $0.05
4f287003: posts big blind $0.1
*** HOLE CARDS ***
Dealt to 71c940ca 
Dealt to 4f287003 
Dealt to Hero [4d 5h]
Dealt to 4ccf2fe9 
Dealt to adf14364 
Dealt to 9fc721e6 
Hero: folds
4ccf2fe9: folds
adf14364: folds
9fc721e6: raises $0.13 to $0.23
71c940ca: folds
4f287003: raises $0.49 to $0.72
9fc721e6: calls $0.49
*** FLOP *** [6d Qh 8s]
4f287003: checks
9fc721e6: bets $0.97
4f287003: calls $0.97
*** TURN *** [6d Qh 8s] [4s]
4f287003: checks
9fc721e6: bets $1.95
4f287003: folds
Uncalled bet ($1.95) returned to 9fc721e6
*** SHOWDOWN ***
9fc721e6 collected $3.17 from pot
*** SUMMARY ***
Total pot $3.43 | Rake $0.16 | Jackpot $0.1 | Bingo $0 | Fortune $0 | Tax $0
Board [6d Qh 8s 4s]
Seat 1: 71c940ca (small blind) folded before Flop
Seat 2: 4f287003 (big blind) folded on the Turn
Seat 3: Hero folded before Flop (didn't bet)
Seat 4: 4ccf2fe9 folded before Flop (didn't bet)
Seat 5: adf14364 folded before Flop (didn't bet)
Seat 6: 9fc721e6 (button) won ($3.17)


Poker Hand #HD1778197904: Hold'em No Limit ($0.05/$0.1) - 2024/05/18 19:10:36
Table 'NLHRed20' 6-max Seat #5 is the button
Seat 1: 71c940ca ($14.62 in chips)
Seat 2: 4f287003 ($27.19 in chips)
Seat 3: Hero ($10.51 in chips)
Seat 4: 4ccf2fe9 ($10 in chips)
Seat 5: adf14364 ($10.11 in chips)
Seat 6: 9fc721e6 ($10.55 in chips)
9fc721e6: posts small blind $0.05
71c940ca: posts big blind $0.1
*** HOLE CARDS ***
Dealt to 71c940ca 
Dealt to 4f287003 
Dealt to Hero [9s 5d]
Dealt to 4ccf2fe9 
Dealt to adf14364 
Dealt to 9fc721e6 
4f287003: folds
Hero: folds
4ccf2fe9: raises $0.1 to $0.2
adf14364: folds
9fc721e6: folds
71c940ca: calls $0.1
*** FLOP *** [4c Kc 8c]
71c940ca: bets $0.3
4ccf2fe9: folds
Uncalled bet ($0.3) returned to 71c940ca
*** SHOWDOWN ***
71c940ca collected $0.43 from pot
*** SUMMARY ***
Total pot $0.45 | Rake $0.02 | Jackpot $0 | Bingo $0 | Fortune $0 | Tax $0
Board [4c Kc 8c]
Seat 1: 71c940ca (big blind) won ($0.43)
Seat 2: 4f287003 folded before Flop (didn't bet)
Seat 3: Hero folded before Flop (didn't bet)
Seat 4: 4ccf2fe9 folded on the Flop
Seat 5: adf14364 (button) folded before Flop (didn't bet)
Seat 6: 9fc721e6 (small blind) folded before Flop


Poker Hand #HD1778197872: Hold'em No Limit ($0.05/$0.1) - 2024/05/18 19:10:25
Table 'NLHRed20' 6-max Seat #4 is the button
Seat 1: 71c940ca ($14.62 in chips)
Seat 2: 4f287003 ($27.19 in chips)
Seat 3: Hero ($10.51 in chips)
Seat 4: 4ccf2fe9 ($10 in chips)
Seat 5: adf14364 ($10.16 in chips)
Seat 6: 9fc721e6 ($10.5 in chips)
adf14364: posts small blind $0.05
9fc721e6: posts big blind $0.1
*** HOLE CARDS ***
Dealt to 71c940ca 
Dealt to 4f287003 
Dealt to Hero [9d Tc]
Dealt to 4ccf2fe9 
Dealt to adf14364 
Dealt to 9fc721e6 
71c940ca: folds
4f287003: folds
Hero: folds
4ccf2fe9: folds
adf14364: folds
Uncalled bet ($0.05) returned to 9fc721e6
*** SHOWDOWN ***
9fc721e6 collected $0.1 from pot
*** SUMMARY ***
Total pot $0.1 | Rake $0 | Jackpot $0 | Bingo $0 | Fortune $0 | Tax $0
Seat 1: 71c940ca folded before Flop (didn't bet)
Seat 2: 4f287003 folded before Flop (didn't bet)
Seat 3: Hero folded before Flop (didn't bet)
Seat 4: 4ccf2fe9 (button) folded before Flop (didn't bet)
Seat 5: adf14364 (small blind) folded before Flop
Seat 6: 9fc721e6 (big blind) collected ($0.1)


Poker Hand #HD1778197751: Hold'em No Limit ($0.05/$0.1) - 2024/05/18 19:09:28
Table 'NLHRed20' 6-max Seat #3 is the button
Seat 1: 71c940ca ($14.62 in chips)
Seat 2: 4f287003 ($26.91 in chips)
Seat 3: Hero ($10.51 in chips)
Seat 4: 4ccf2fe9 ($10 in chips)
Seat 5: adf14364 ($10.41 in chips)
Seat 6: 9fc721e6 ($10.5 in chips)
4ccf2fe9: posts small blind $0.05
adf14364: posts big blind $0.1
*** HOLE CARDS ***
Dealt to 71c940ca 
Dealt to 4f287003 
Dealt to Hero [9d 6c]
Dealt to 4ccf2fe9 
Dealt to adf14364 
Dealt to 9fc721e6 
9fc721e6: folds
71c940ca: folds
4f287003: raises $0.15 to $0.25
Hero: folds
4ccf2fe9: folds
adf14364: calls $0.15
*** FLOP *** [7d 3h 7s]
adf14364: checks
4f287003: checks
*** TURN *** [7d 3h 7s] [3s]
adf14364: checks
4f287003: bets $0.42
adf14364: folds
Uncalled bet ($0.42) returned to 4f287003
*** SHOWDOWN ***
4f287003 collected $0.53 from pot
*** SUMMARY ***
Total pot $0.55 | Rake $0.02 | Jackpot $0 | Bingo $0 | Fortune $0 | Tax $0
Board [7d 3h 7s 3s]
Seat 1: 71c940ca folded before Flop (didn't bet)
Seat 2: 4f287003 won ($0.53)
Seat 3: Hero (button) folded before Flop (didn't bet)
Seat 4: 4ccf2fe9 (small blind) folded before Flop
Seat 5: adf14364 (big blind) folded on the Turn
Seat 6: 9fc721e6 folded before Flop (didn't bet)


Poker Hand #HD1778197717: Hold'em No Limit ($0.05/$0.1) - 2024/05/18 19:09:13
Table 'NLHRed20' 6-max Seat #2 is the button
Seat 1: 71c940ca ($14.62 in chips)
Seat 2: 4f287003 ($26.76 in chips)
Seat 3: Hero ($10.56 in chips)
Seat 4: 4ccf2fe9 ($10.1 in chips)
Seat 5: adf14364 ($10.41 in chips)
Seat 6: 9fc721e6 ($10.5 in chips)
Hero: posts small blind $0.05
4ccf2fe9: posts big blind $0.1
*** HOLE CARDS ***
Dealt to 71c940ca 
Dealt to 4f287003 
Dealt to Hero [9h Ad]
Dealt to 4ccf2fe9 
Dealt to adf14364 
Dealt to 9fc721e6 
adf14364: folds
9fc721e6: folds
71c940ca: folds
4f287003: raises $0.15 to $0.25
Hero: folds
4ccf2fe9: folds
Uncalled bet ($0.15) returned to 4f287003
*** SHOWDOWN ***
4f287003 collected $0.25 from pot
*** SUMMARY ***
Total pot $0.25 | Rake $0 | Jackpot $0 | Bingo $0 | Fortune $0 | Tax $0
Seat 1: 71c940ca folded before Flop (didn't bet)
Seat 2: 4f287003 (button) collected ($0.25)
Seat 3: Hero (small blind) folded before Flop
Seat 4: 4ccf2fe9 (big blind) folded before Flop
Seat 5: adf14364 folded before Flop (didn't bet)
Seat 6: 9fc721e6 folded before Flop (didn't bet)


Poker Hand #HD1778197636: Hold'em No Limit ($0.05/$0.1) - 2024/05/18 19:08:35
Table 'NLHRed20' 6-max Seat #1 is the button
Seat 1: 71c940ca ($14.3 in chips)
Seat 2: 4f287003 ($27.01 in chips)
Seat 3: Hero ($10.66 in chips)
Seat 4: 4ccf2fe9 ($10.1 in chips)
Seat 5: adf14364 ($10.41 in chips)
Seat 6: 9fc721e6 ($10.5 in chips)
4f287003: posts small blind $0.05
Hero: posts big blind $0.1
*** HOLE CARDS ***
Dealt to 71c940ca 
Dealt to 4f287003 
Dealt to Hero [6d 4h]
Dealt to 4ccf2fe9 
Dealt to adf14364 
Dealt to 9fc721e6 
4ccf2fe9: folds
adf14364: folds
9fc721e6: folds
71c940ca: raises $0.15 to $0.25
4f287003: calls $0.2
Hero: folds
*** FLOP *** [Th 7s 6s]
4f287003: checks
71c940ca: bets $0.3
4f287003: folds
Uncalled bet ($0.3) returned to 71c940ca
*** SHOWDOWN ***
71c940ca collected $0.57 from pot
*** SUMMARY ***
Total pot $0.6 | Rake $0.03 | Jackpot $0 | Bingo $0 | Fortune $0 | Tax $0
Board [Th 7s 6s]
Seat 1: 71c940ca (button) won ($0.57)
Seat 2: 4f287003 (small blind) folded on the Flop
Seat 3: Hero (big blind) folded before Flop
Seat 4: 4ccf2fe9 folded before Flop (didn't bet)
Seat 5: adf14364 folded before Flop (didn't bet)
Seat 6: 9fc721e6 folded before Flop (didn't bet)


Poker Hand #HD1778197600: Hold'em No Limit ($0.05/$0.1) - 2024/05/18 19:08:20
Table 'NLHRed20' 6-max Seat #6 is the button
Seat 1: 71c940ca ($14.35 in chips)
Seat 2: 4f287003 ($26.96 in chips)
Seat 3: Hero ($10.66 in chips)
Seat 4: 4ccf2fe9 ($10.1 in chips)
Seat 5: adf14364 ($10.41 in chips)
Seat 6: 9fc721e6 ($10.5 in chips)
71c940ca: posts small blind $0.05
4f287003: posts big blind $0.1
*** HOLE CARDS ***
Dealt to 71c940ca 
Dealt to 4f287003 
Dealt to Hero [Td 8d]
Dealt to 4ccf2fe9 
Dealt to adf14364 
Dealt to 9fc721e6 
Hero: folds
4ccf2fe9: folds
adf14364: folds
9fc721e6: folds
71c940ca: folds
Uncalled bet ($0.05) returned to 4f287003
*** SHOWDOWN ***
4f287003 collected $0.1 from pot
*** SUMMARY ***
Total pot $0.1 | Rake $0 | Jackpot $0 | Bingo $0 | Fortune $0 | Tax $0
Seat 1: 71c940ca (small blind) folded before Flop
Seat 2: 4f287003 (big blind) collected ($0.1)
Seat 3: Hero folded before Flop (didn't bet)
Seat 4: 4ccf2fe9 folded before Flop (didn't bet)
Seat 5: adf14364 folded before Flop (didn't bet)
Seat 6: 9fc721e6 (button) folded before Flop (didn't bet)


Poker Hand #HD1778197576: Hold'em No Limit ($0.05/$0.1) - 2024/05/18 19:08:07
Table 'NLHRed20' 6-max Seat #5 is the button
Seat 1: 71c940ca ($14.45 in chips)
Seat 2: 4f287003 ($26.96 in chips)
Seat 3: Hero ($10.66 in chips)
Seat 4: 4ccf2fe9 ($10.1 in chips)
Seat 5: adf14364 ($10.41 in chips)
Seat 6: 9fc721e6 ($10.4 in chips)
9fc721e6: posts small blind $0.05
71c940ca: posts big blind $0.1
*** HOLE CARDS ***
Dealt to 71c940ca 
Dealt to 4f287003 
Dealt to Hero [Ts 3d]
Dealt to 4ccf2fe9 
Dealt to adf14364 
Dealt to 9fc721e6 
4f287003: folds
Hero: folds
4ccf2fe9: folds
adf14364: folds
9fc721e6: raises $0.17 to $0.27
71c940ca: folds
Uncalled bet ($0.17) returned to 9fc721e6
*** SHOWDOWN ***
9fc721e6 collected $0.2 from pot
*** SUMMARY ***
Total pot $0.2 | Rake $0 | Jackpot $0 | Bingo $0 | Fortune $0 | Tax $0
Seat 1: 71c940ca (big blind) folded before Flop
Seat 2: 4f287003 folded before Flop (didn't bet)
Seat 3: Hero folded before Flop (didn't bet)
Seat 4: 4ccf2fe9 folded before Flop (didn't bet)
Seat 5: adf14364 (button) folded before Flop (didn't bet)
Seat 6: 9fc721e6 (small blind) collected ($0.2)


Poker Hand #HD1778197529: Hold'em No Limit ($0.05/$0.1) - 2024/05/18 19:07:47
Table 'NLHRed20' 6-max Seat #4 is the button
Seat 1: 71c940ca ($14.45 in chips)
Seat 2: 4f287003 ($26.96 in chips)
Seat 3: Hero ($10.66 in chips)
Seat 4: 4ccf2fe9 ($10.1 in chips)
Seat 5: adf14364 ($10.46 in chips)
Seat 6: 9fc721e6 ($10.35 in chips)
adf14364: posts small blind $0.05
9fc721e6: posts big blind $0.1
*** HOLE CARDS ***
Dealt to 71c940ca 
Dealt to 4f287003 
Dealt to Hero [Ts 3c]
Dealt to 4ccf2fe9 
Dealt to adf14364 
Dealt to 9fc721e6 
71c940ca: folds
4f287003: folds
Hero: folds
4ccf2fe9: folds
adf14364: folds
Uncalled bet ($0.05) returned to 9fc721e6
*** SHOWDOWN ***
9fc721e6 collected $0.1 from pot
*** SUMMARY ***
Total pot $0.1 | Rake $0 | Jackpot $0 | Bingo $0 | Fortune $0 | Tax $0
Seat 1: 71c940ca folded before Flop (didn't bet)
Seat 2: 4f287003 folded before Flop (didn't bet)
Seat 3: Hero folded before Flop (didn't bet)
Seat 4: 4ccf2fe9 (button) folded before Flop (didn't bet)
Seat 5: adf14364 (small blind) folded before Flop
Seat 6: 9fc721e6 (big blind) collected ($0.1)


Poker Hand #HD1778197470: Hold'em No Limit ($0.05/$0.1) - 2024/05/18 19:07:16
Table 'NLHRed20' 6-max Seat #3 is the button
Seat 1: 71c940ca ($14.45 in chips)
Seat 2: 4f287003 ($27.41 in chips)
Seat 3: Hero ($10.66 in chips)
Seat 4: 4ccf2fe9 ($10.15 in chips)
Seat 5: adf14364 ($10 in chips)
Seat 6: 9fc721e6 ($10.35 in chips)
4ccf2fe9: posts small blind $0.05
adf14364: posts big blind $0.1
*** HOLE CARDS ***
Dealt to 71c940ca 
Dealt to 4f287003 
Dealt to Hero [Qc 7s]
Dealt to 4ccf2fe9 
Dealt to adf14364 
Dealt to 9fc721e6 
9fc721e6: folds
71c940ca: folds
4f287003: calls $0.1
Hero: folds
4ccf2fe9: folds
adf14364: raises $0.35 to $0.45
4f287003: calls $0.35
*** FLOP *** [As Jc 8c]
adf14364: bets $0.32
4f287003: folds
Uncalled bet ($0.32) returned to adf14364
*** SHOWDOWN ***
adf14364 collected $0.91 from pot
*** SUMMARY ***
Total pot $0.95 | Rake $0.04 | Jackpot $0 | Bingo $0 | Fortune $0 | Tax $0
Board [As Jc 8c]
Seat 1: 71c940ca folded before Flop (didn't bet)
Seat 2: 4f287003 folded on the Flop
Seat 3: Hero (button) folded before Flop (didn't bet)
Seat 4: 4ccf2fe9 (small blind) folded before Flop
Seat 5: adf14364 (big blind) won ($0.91)
Seat 6: 9fc721e6 folded before Flop (didn't bet)


Poker Hand #HD1778197439: Hold'em No Limit ($0.05/$0.1) - 2024/05/18 19:07:03
Table 'NLHRed20' 6-max Seat #2 is the button
Seat 1: 71c940ca ($14.45 in chips)
Seat 2: 4f287003 ($27.41 in chips)
Seat 3: Hero ($10.71 in chips)
Seat 4: 4ccf2fe9 ($10.1 in chips)
Seat 5: adf14364 ($10 in chips)
Seat 6: 9fc721e6 ($10.35 in chips)
Hero: posts small blind $0.05
4ccf2fe9: posts big blind $0.1
*** HOLE CARDS ***
Dealt to 71c940ca 
Dealt to 4f287003 
Dealt to Hero [3h Tc]
Dealt to 4ccf2fe9 
Dealt to adf14364 
Dealt to 9fc721e6 
adf14364: folds
9fc721e6: folds
71c940ca: folds
4f287003: folds
Hero: folds
Uncalled bet ($0.05) returned to 4ccf2fe9
*** SHOWDOWN ***
4ccf2fe9 collected $0.1 from pot
*** SUMMARY ***
Total pot $0.1 | Rake $0 | Jackpot $0 | Bingo $0 | Fortune $0 | Tax $0
Seat 1: 71c940ca folded before Flop (didn't bet)
Seat 2: 4f287003 (button) folded before Flop (didn't bet)
Seat 3: Hero (small blind) folded before Flop
Seat 4: 4ccf2fe9 (big blind) collected ($0.1)
Seat 5: adf14364 folded before Flop (didn't bet)
Seat 6: 9fc721e6 folded before Flop (didn't bet)


Poker Hand #HD1778197368: Hold'em No Limit ($0.05/$0.1) - 2024/05/18 19:06:31
Table 'NLHRed20' 6-max Seat #1 is the button
Seat 1: 71c940ca ($14.45 in chips)
Seat 2: 4f287003 ($27.62 in chips)
Seat 3: Hero ($10.32 in chips)
Seat 4: 4ccf2fe9 ($10.1 in chips)
Seat 5: adf14364 ($10.05 in chips)
Seat 6: 9fc721e6 ($10.35 in chips)
4f287003: posts small blind $0.05
Hero: posts big blind $0.1
*** HOLE CARDS ***
Dealt to 71c940ca 
Dealt to 4f287003 
Dealt to Hero [Ks Ac]
Dealt to 4ccf2fe9 
Dealt to adf14364 
Dealt to 9fc721e6 
4ccf2fe9: folds
adf14364: raises $0.11 to $0.21
9fc721e6: folds
71c940ca: folds
4f287003: calls $0.16
Hero: raises $0.99 to $1.2
adf14364: folds
4f287003: folds
Uncalled bet ($0.99) returned to Hero
*** SHOWDOWN ***
Hero collected $0.6 from pot
*** SUMMARY ***
Total pot $0.63 | Rake $0.03 | Jackpot $0 | Bingo $0 | Fortune $0 | Tax $0
Seat 1: 71c940ca (button) folded before Flop (didn't bet)
Seat 2: 4f287003 (small blind) folded before Flop
Seat 3: Hero (big blind) collected ($0.6)
Seat 4: 4ccf2fe9 folded before Flop (didn't bet)
Seat 5: adf14364 folded before Flop
Seat 6: 9fc721e6 folded before Flop (didn't bet)


Poker Hand #HD1778197331: Hold'em No Limit ($0.05/$0.1) - 2024/05/18 19:06:12
Table 'NLHRed20' 6-max Seat #6 is the button
Seat 1: 71c940ca ($14.5 in chips)
Seat 2: 4f287003 ($27.72 in chips)
Seat 3: Hero ($10.32 in chips)
Seat 4: 4ccf2fe9 ($10.1 in chips)
Seat 5: adf14364 ($10.28 in chips)
Seat 6: 9fc721e6 ($10 in chips)
71c940ca: posts small blind $0.05
4f287003: posts big blind $0.1
*** HOLE CARDS ***
Dealt to 71c940ca 
Dealt to 4f287003 
Dealt to Hero [Th 5d]
Dealt to 4ccf2fe9 
Dealt to adf14364 
Dealt to 9fc721e6 
Hero: folds
4ccf2fe9: folds
adf14364: raises $0.13 to $0.23
9fc721e6: raises $0.47 to $0.7
71c940ca: folds
4f287003: folds
adf14364: folds
Uncalled bet ($0.47) returned to 9fc721e6
*** SHOWDOWN ***
9fc721e6 collected $0.58 from pot
*** SUMMARY ***
Total pot $0.61 | Rake $0.03 | Jackpot $0 | Bingo $0 | Fortune $0 | Tax $0
Seat 1: 71c940ca (small blind) folded before Flop
Seat 2: 4f287003 (big blind) folded before Flop
Seat 3: Hero folded before Flop (didn't bet)
Seat 4: 4ccf2fe9 folded before Flop (didn't bet)
Seat 5: adf14364 folded before Flop
Seat 6: 9fc721e6 (button) collected ($0.58)


Poker Hand #HD1778197173: Hold'em No Limit ($0.05/$0.1) - 2024/05/18 19:04:59
Table 'NLHRed20' 6-max Seat #5 is the button
Seat 1: 71c940ca ($10 in chips)
Seat 2: 4f287003 ($27.72 in chips)
Seat 3: Hero ($10.32 in chips)
Seat 4: 4ccf2fe9 ($10.1 in chips)
Seat 5: adf14364 ($10.28 in chips)
Seat 6: 9fc721e6 ($10.28 in chips)
9fc721e6: posts small blind $0.05
71c940ca: posts big blind $0.1
*** HOLE CARDS ***
Dealt to 71c940ca 
Dealt to 4f287003 
Dealt to Hero [6d 5d]
Dealt to 4ccf2fe9 
Dealt to adf14364 
Dealt to 9fc721e6 
4f287003: folds
Hero: folds
4ccf2fe9: folds
adf14364: folds
9fc721e6: raises $0.17 to $0.27
71c940ca: raises $0.63 to $0.9
9fc721e6: calls $0.63
*** FLOP *** [7s 9s Ad]
9fc721e6: checks
71c940ca: bets $0.6
9fc721e6: calls $0.6
*** TURN *** [7s 9s Ad] [Kc]
9fc721e6: checks
71c940ca: bets $1.9
9fc721e6: calls $1.9
*** RIVER *** [7s 9s Ad Kc] [3c]
9fc721e6: checks
71c940ca: bets $1.7
9fc721e6: calls $1.7
71c940ca: shows [Qs As] (Pair of Aces)
9fc721e6: shows [Ah 5h] (Pair of Aces)
*** SHOWDOWN ***
71c940ca collected $9.6 from pot
*** SUMMARY ***
Total pot $10.2 | Rake $0.5 | Jackpot $0.1 | Bingo $0 | Fortune $0 | Tax $0
Board [7s 9s Ad Kc 3c]
Seat 1: 71c940ca (big blind) showed [Qs As] and won ($9.6) with Pair of Aces
Seat 2: 4f287003 folded before Flop (didn't bet)
Seat 3: Hero folded before Flop (didn't bet)
Seat 4: 4ccf2fe9 folded before Flop (didn't bet)
Seat 5: adf14364 (button) folded before Flop (didn't bet)
Seat 6: 9fc721e6 (small blind) showed [Ah 5h] and lost with Pair of Aces


Poker Hand #HD1778197059: Hold'em No Limit ($0.05/$0.1) - 2024/05/18 19:04:08
Table 'NLHRed20' 6-max Seat #4 is the button
Seat 1: 71c940ca ($10 in chips)
Seat 2: 4f287003 ($27.97 in chips)
Seat 3: Hero ($10.32 in chips)
Seat 4: 4ccf2fe9 ($10.1 in chips)
Seat 5: adf14364 ($10.33 in chips)
Seat 6: 9fc721e6 ($10 in chips)
adf14364: posts small blind $0.05
9fc721e6: posts big blind $0.1
*** HOLE CARDS ***
Dealt to 71c940ca 
Dealt to 4f287003 
Dealt to Hero [7d 8h]
Dealt to 4ccf2fe9 
Dealt to adf14364 
Dealt to 9fc721e6 
71c940ca: folds
4f287003: raises $0.15 to $0.25
Hero: folds
4ccf2fe9: folds
adf14364: folds
9fc721e6: calls $0.15
*** FLOP *** [7s Qs 5d]
9fc721e6: checks
4f287003: checks
*** TURN *** [7s Qs 5d] [3c]
9fc721e6: checks
4f287003: checks
*** RIVER *** [7s Qs 5d 3c] [4s]
9fc721e6: checks
4f287003: checks
9fc721e6: shows [Ah Js] (Ace-High)
4f287003: shows [Kc Tc] (King-High)
*** SHOWDOWN ***
9fc721e6 collected $0.53 from pot
*** SUMMARY ***
Total pot $0.55 | Rake $0.02 | Jackpot $0 | Bingo $0 | Fortune $0 | Tax $0
Board [7s Qs 5d 3c 4s]
Seat 1: 71c940ca folded before Flop (didn't bet)
Seat 2: 4f287003 showed [Kc Tc] and lost with King-High
Seat 3: Hero folded before Flop (didn't bet)
Seat 4: 4ccf2fe9 (button) folded before Flop (didn't bet)
Seat 5: adf14364 (small blind) folded before Flop
Seat 6: 9fc721e6 (big blind) showed [Ah Js] and won ($0.53) with Ace-High


Poker Hand #HD1778197019: Hold'em No Limit ($0.05/$0.1) - 2024/05/18 19:03:53
Table 'NLHRed20' 6-max Seat #3 is the button
Seat 1: 71c940ca ($10 in chips)
Seat 2: 4f287003 ($27.82 in chips)
Seat 3: Hero ($10.32 in chips)
Seat 4: 4ccf2fe9 ($10.15 in chips)
Seat 5: adf14364 ($10.43 in chips)
Seat 6: 9fc721e6 ($10 in chips)
4ccf2fe9: posts small blind $0.05
adf14364: posts big blind $0.1
*** HOLE CARDS ***
Dealt to 71c940ca 
Dealt to 4f287003 
Dealt to Hero [7s 2h]
Dealt to 4ccf2fe9 
Dealt to adf14364 
Dealt to 9fc721e6 
9fc721e6: folds
71c940ca: folds
4f287003: raises $0.15 to $0.25
Hero: folds
4ccf2fe9: folds
adf14364: folds
Uncalled bet ($0.15) returned to 4f287003
*** SHOWDOWN ***
4f287003 collected $0.25 from pot
*** SUMMARY ***
Total pot $0.25 | Rake $0 | Jackpot $0 | Bingo $0 | Fortune $0 | Tax $0
Seat 1: 71c940ca folded before Flop (didn't bet)
Seat 2: 4f287003 collected ($0.25)
Seat 3: Hero (button) folded before Flop (didn't bet)
Seat 4: 4ccf2fe9 (small blind) folded before Flop
Seat 5: adf14364 (big blind) folded before Flop
Seat 6: 9fc721e6 folded before Flop (didn't bet)


Poker Hand #HD1778196961: Hold'em No Limit ($0.05/$0.1) - 2024/05/18 19:03:24
Table 'NLHRed20' 6-max Seat #2 is the button
Seat 1: 71c940ca ($10 in chips)
Seat 2: 4f287003 ($28.07 in chips)
Seat 3: Hero ($10 in chips)
Seat 4: 4ccf2fe9 ($10.25 in chips)
Seat 5: adf14364 ($10.43 in chips)
Seat 6: 9fc721e6 ($10 in chips)
Hero: posts small blind $0.05
4ccf2fe9: posts big blind $0.1
*** HOLE CARDS ***
Dealt to 71c940ca 
Dealt to 4f287003 
Dealt to Hero [Qd Ac]
Dealt to 4ccf2fe9 
Dealt to adf14364 
Dealt to 9fc721e6 
adf14364: folds
9fc721e6: folds
71c940ca: folds
4f287003: raises $0.15 to $0.25
Hero: raises $0.85 to $1.1
4ccf2fe9: folds
4f287003: folds
Uncalled bet ($0.85) returned to Hero
*** SHOWDOWN ***
Hero collected $0.57 from pot
*** SUMMARY ***
Total pot $0.6 | Rake $0.03 | Jackpot $0 | Bingo $0 | Fortune $0 | Tax $0
Seat 1: 71c940ca folded before Flop (didn't bet)
Seat 2: 4f287003 (button) folded before Flop
Seat 3: Hero (small blind) collected ($0.57)
Seat 4: 4ccf2fe9 (big blind) folded before Flop
Seat 5: adf14364 folded before Flop (didn't bet)
Seat 6: 9fc721e6 folded before Flop (didn't bet)


Poker Hand #HD1778196937: Hold'em No Limit ($0.05/$0.1) - 2024/05/18 19:03:11
Table 'NLHRed20' 6-max Seat #1 is the button
Seat 1: 71c940ca ($10 in chips)
Seat 2: 4f287003 ($27.97 in chips)
Seat 3: Hero ($10 in chips)
Seat 4: 4ccf2fe9 ($10.25 in chips)
Seat 5: adf14364 ($10.43 in chips)
Seat 6: 9fc721e6 ($10 in chips)
4f287003: posts small blind $0.05
Hero: posts big blind $0.1
*** HOLE CARDS ***
Dealt to 71c940ca 
Dealt to 4f287003 
Dealt to Hero [7h 4d]
Dealt to 4ccf2fe9 
Dealt to adf14364 
Dealt to 9fc721e6 
4ccf2fe9: folds
adf14364: folds
9fc721e6: folds
71c940ca: folds
4f287003: raises $0.2 to $0.3
Hero: folds
Uncalled bet ($0.2) returned to 4f287003
*** SHOWDOWN ***
4f287003 collected $0.2 from pot
*** SUMMARY ***
Total pot $0.2 | Rake $0 | Jackpot $0 | Bingo $0 | Fortune $0 | Tax $0
Seat 1: 71c940ca (button) folded before Flop (didn't bet)
Seat 2: 4f287003 (small blind) collected ($0.2)
Seat 3: Hero (big blind) folded before Flop
Seat 4: 4ccf2fe9 folded before Flop (didn't bet)
Seat 5: adf14364 folded before Flop (didn't bet)
Seat 6: 9fc721e6 folded before Flop (didn't bet)


