Poker Hand #HD1713646690: Hold'em No Limit ($0.02/$0.05) - 2024/04/03 12:21:50
Table 'NLHBlue18' 6-max Seat #5 is the button
Seat 3: e1cc3947 ($5 in chips)
Seat 4: Hero ($5.02 in chips)
Seat 5: 31fb914d ($7.35 in chips)
e1cc3947: posts small blind $0.02
Hero: posts big blind $0.05
*** HOLE CARDS ***
Dealt to e1cc3947 
Dealt to Hero [8d Js]
Dealt to 31fb914d 
31fb914d: raises $0.07 to $0.12
e1cc3947: raises $0.38 to $0.5
Hero: folds
31fb914d: calls $0.38
*** FLOP *** [2s Qc 8c]
e1cc3947: bets $0.35
31fb914d: folds
Uncalled bet ($0.35) returned to e1cc3947
*** SHOWDOWN ***
e1cc3947 collected $1 from pot
*** SUMMARY ***
Total pot $1.05 | Rake $0.05 | Jackpot $0 | Bingo $0 | Fortune $0 | Tax $0
Board [2s Qc 8c]
Seat 3: e1cc3947 (small blind) won ($1)
Seat 4: Hero (big blind) folded before Flop
Seat 5: 31fb914d (button) folded on the Flop


Poker Hand #HD1713646631: Hold'em No Limit ($0.02/$0.05) - 2024/04/03 12:21:15
Table 'NLHBlue18' 6-max Seat #4 is the button
Seat 3: e1cc3947 ($5 in chips)
Seat 4: Hero ($5.22 in chips)
Seat 5: 31fb914d ($7.12 in chips)
31fb914d: posts small blind $0.02
e1cc3947: posts big blind $0.05
*** HOLE CARDS ***
Dealt to e1cc3947 
Dealt to Hero [Kh Qs]
Dealt to 31fb914d 
Hero: raises $0.15 to $0.2
31fb914d: raises $0.4 to $0.6
e1cc3947: folds
Hero: folds
Uncalled bet ($0.4) returned to 31fb914d
*** SHOWDOWN ***
31fb914d collected $0.43 from pot
*** SUMMARY ***
Total pot $0.45 | Rake $0.02 | Jackpot $0 | Bingo $0 | Fortune $0 | Tax $0
Seat 3: e1cc3947 (big blind) folded before Flop
Seat 4: Hero (button) folded before Flop
Seat 5: 31fb914d (small blind) collected ($0.43)


Poker Hand #HD1713646615: Hold'em No Limit ($0.02/$0.05) - 2024/04/03 12:21:07
Table 'NLHBlue18' 6-max Seat #3 is the button
Seat 3: e1cc3947 ($5 in chips)
Seat 4: Hero ($5.24 in chips)
Seat 5: 31fb914d ($7.1 in chips)
Hero: posts small blind $0.02
31fb914d: posts big blind $0.05
*** HOLE CARDS ***
Dealt to e1cc3947 
Dealt to Hero [Qs 3d]
Dealt to 31fb914d 
e1cc3947: folds
Hero: folds
Uncalled bet ($0.03) returned to 31fb914d
*** SHOWDOWN ***
31fb914d collected $0.04 from pot
*** SUMMARY ***
Total pot $0.04 | Rake $0 | Jackpot $0 | Bingo $0 | Fortune $0 | Tax $0
Seat 3: e1cc3947 (button) folded before Flop (didn't bet)
Seat 4: Hero (small blind) folded before Flop
Seat 5: 31fb914d (big blind) collected ($0.04)


Poker Hand #HD1713646581: Hold'em No Limit ($0.02/$0.05) - 2024/04/03 12:20:53
Table 'NLHBlue18' 6-max Seat #5 is the button
Seat 3: e1cc3947 ($5.02 in chips)
Seat 4: Hero ($5.22 in chips)
Seat 5: 31fb914d ($7.1 in chips)
e1cc3947: posts small blind $0.02
Hero: posts big blind $0.05
*** HOLE CARDS ***
Dealt to e1cc3947 
Dealt to Hero [8c Ts]
Dealt to 31fb914d 
31fb914d: folds
e1cc3947: folds
Uncalled bet ($0.03) returned to Hero
*** SHOWDOWN ***
Hero collected $0.04 from pot
*** SUMMARY ***
Total pot $0.04 | Rake $0 | Jackpot $0 | Bingo $0 | Fortune $0 | Tax $0
Seat 3: e1cc3947 (small blind) folded before Flop
Seat 4: Hero (big blind) collected ($0.04)
Seat 5: 31fb914d (button) folded before Flop (didn't bet)


Poker Hand #HD1713646561: Hold'em No Limit ($0.02/$0.05) - 2024/04/03 12:20:43
Table 'NLHBlue18' 6-max Seat #4 is the button
Seat 3: e1cc3947 ($5 in chips)
Seat 4: Hero ($5.22 in chips)
Seat 5: 31fb914d ($7.12 in chips)
31fb914d: posts small blind $0.02
e1cc3947: posts big blind $0.05
*** HOLE CARDS ***
Dealt to e1cc3947 
Dealt to Hero [3d Ks]
Dealt to 31fb914d 
Hero: folds
31fb914d: folds
Uncalled bet ($0.03) returned to e1cc3947
*** SHOWDOWN ***
e1cc3947 collected $0.04 from pot
*** SUMMARY ***
Total pot $0.04 | Rake $0 | Jackpot $0 | Bingo $0 | Fortune $0 | Tax $0
Seat 3: e1cc3947 (big blind) collected ($0.04)
Seat 4: Hero (button) folded before Flop (didn't bet)
Seat 5: 31fb914d (small blind) folded before Flop


Poker Hand #HD1713646544: Hold'em No Limit ($0.02/$0.05) - 2024/04/03 12:20:35
Table 'NLHBlue18' 6-max Seat #3 is the button
Seat 3: e1cc3947 ($5 in chips)
Seat 4: Hero ($5.24 in chips)
Seat 5: 31fb914d ($7.1 in chips)
Hero: posts small blind $0.02
31fb914d: posts big blind $0.05
*** HOLE CARDS ***
Dealt to e1cc3947 
Dealt to Hero [8d 6c]
Dealt to 31fb914d 
e1cc3947: folds
Hero: folds
Uncalled bet ($0.03) returned to 31fb914d
*** SHOWDOWN ***
31fb914d collected $0.04 from pot
*** SUMMARY ***
Total pot $0.04 | Rake $0 | Jackpot $0 | Bingo $0 | Fortune $0 | Tax $0
Seat 3: e1cc3947 (button) folded before Flop (didn't bet)
Seat 4: Hero (small blind) folded before Flop
Seat 5: 31fb914d (big blind) collected ($0.04)


Poker Hand #HD1713646511: Hold'em No Limit ($0.02/$0.05) - 2024/04/03 12:20:18
Table 'NLHBlue18' 6-max Seat #5 is the button
Seat 3: e1cc3947 ($5.02 in chips)
Seat 4: Hero ($5.22 in chips)
Seat 5: 31fb914d ($7.1 in chips)
e1cc3947: posts small blind $0.02
Hero: posts big blind $0.05
*** HOLE CARDS ***
Dealt to e1cc3947 
Dealt to Hero [Ac 4c]
Dealt to 31fb914d 
31fb914d: folds
e1cc3947: folds
Uncalled bet ($0.03) returned to Hero
*** SHOWDOWN ***
Hero collected $0.04 from pot
*** SUMMARY ***
Total pot $0.04 | Rake $0 | Jackpot $0 | Bingo $0 | Fortune $0 | Tax $0
Seat 3: e1cc3947 (small blind) folded before Flop
Seat 4: Hero (big blind) collected ($0.04)
Seat 5: 31fb914d (button) folded before Flop (didn't bet)


Poker Hand #HD1713646496: Hold'em No Limit ($0.02/$0.05) - 2024/04/03 12:20:08
Table 'NLHBlue18' 6-max Seat #4 is the button
Seat 3: e1cc3947 ($5 in chips)
Seat 4: Hero ($5.22 in chips)
Seat 5: 31fb914d ($7.12 in chips)
31fb914d: posts small blind $0.02
e1cc3947: posts big blind $0.05
*** HOLE CARDS ***
Dealt to e1cc3947 
Dealt to Hero [Ah 3h]
Dealt to 31fb914d 
Hero: folds
31fb914d: folds
Uncalled bet ($0.03) returned to e1cc3947
*** SHOWDOWN ***
e1cc3947 collected $0.04 from pot
*** SUMMARY ***
Total pot $0.04 | Rake $0 | Jackpot $0 | Bingo $0 | Fortune $0 | Tax $0
Seat 3: e1cc3947 (big blind) collected ($0.04)
Seat 4: Hero (button) folded before Flop (didn't bet)
Seat 5: 31fb914d (small blind) folded before Flop


Poker Hand #HD1713646458: Hold'em No Limit ($0.02/$0.05) - 2024/04/03 12:19:50
Table 'NLHBlue18' 6-max Seat #6 is the button
Seat 1: 9ccee8e0 ($5.04 in chips)
Seat 4: Hero ($5.27 in chips)
Seat 5: 31fb914d ($7.05 in chips)
Seat 6: bfd5c1a9 ($5 in chips)
9ccee8e0: posts small blind $0.02
Hero: posts big blind $0.05
*** HOLE CARDS ***
Dealt to 9ccee8e0 
Dealt to Hero [7d Ts]
Dealt to 31fb914d 
Dealt to bfd5c1a9 
31fb914d: raises $0.2 to $0.25
bfd5c1a9: folds
9ccee8e0: folds
Hero: folds
Uncalled bet ($0.2) returned to 31fb914d
*** SHOWDOWN ***
31fb914d collected $0.12 from pot
*** SUMMARY ***
Total pot $0.12 | Rake $0 | Jackpot $0 | Bingo $0 | Fortune $0 | Tax $0
Seat 1: 9ccee8e0 (small blind) folded before Flop
Seat 4: Hero (big blind) folded before Flop
Seat 5: 31fb914d collected ($0.12)
Seat 6: bfd5c1a9 (button) folded before Flop (didn't bet)


Poker Hand #HD1713646407: Hold'em No Limit ($0.02/$0.05) - 2024/04/03 12:19:31
Table 'NLHBlue18' 6-max Seat #5 is the button
Seat 1: 9ccee8e0 ($5.09 in chips)
Seat 2: 9d4ede41 ($5.69 in chips)
Seat 4: Hero ($5.27 in chips)
Seat 5: 31fb914d ($6.98 in chips)
Seat 6: bfd5c1a9 ($5 in chips)
bfd5c1a9: posts small blind $0.02
9ccee8e0: posts big blind $0.05
*** HOLE CARDS ***
Dealt to 9ccee8e0 
Dealt to 9d4ede41 
Dealt to Hero [Jd 5c]
Dealt to 31fb914d 
Dealt to bfd5c1a9 
9d4ede41: folds
Hero: folds
31fb914d: raises $0.07 to $0.12
bfd5c1a9: folds
9ccee8e0: folds
Uncalled bet ($0.07) returned to 31fb914d
*** SHOWDOWN ***
31fb914d collected $0.12 from pot
*** SUMMARY ***
Total pot $0.12 | Rake $0 | Jackpot $0 | Bingo $0 | Fortune $0 | Tax $0
Seat 1: 9ccee8e0 (big blind) folded before Flop
Seat 2: 9d4ede41 folded before Flop (didn't bet)
Seat 4: Hero folded before Flop (didn't bet)
Seat 5: 31fb914d (button) collected ($0.12)
Seat 6: bfd5c1a9 (small blind) folded before Flop


Poker Hand #HD1713646363: Hold'em No Limit ($0.02/$0.05) - 2024/04/03 12:19:09
Table 'NLHBlue18' 6-max Seat #4 is the button
Seat 1: 9ccee8e0 ($5.09 in chips)
Seat 2: 9d4ede41 ($5.81 in chips)
Seat 4: Hero ($5.09 in chips)
Seat 5: 31fb914d ($7 in chips)
Seat 6: bfd5c1a9 ($5 in chips)
31fb914d: posts small blind $0.02
bfd5c1a9: posts big blind $0.05
*** HOLE CARDS ***
Dealt to 9ccee8e0 
Dealt to 9d4ede41 
Dealt to Hero [Kh As]
Dealt to 31fb914d 
Dealt to bfd5c1a9 
9ccee8e0: folds
9d4ede41: raises $0.07 to $0.12
Hero: raises $0.28 to $0.4
31fb914d: folds
bfd5c1a9: folds
9d4ede41: folds
Uncalled bet ($0.28) returned to Hero
*** SHOWDOWN ***
Hero collected $0.3 from pot
*** SUMMARY ***
Total pot $0.31 | Rake $0.01 | Jackpot $0 | Bingo $0 | Fortune $0 | Tax $0
Seat 1: 9ccee8e0 folded before Flop (didn't bet)
Seat 2: 9d4ede41 folded before Flop
Seat 4: Hero (button) collected ($0.3)
Seat 5: 31fb914d (small blind) folded before Flop
Seat 6: bfd5c1a9 (big blind) folded before Flop


Poker Hand #HD1713646329: Hold'em No Limit ($0.02/$0.05) - 2024/04/03 12:18:53
Table 'NLHBlue18' 6-max Seat #2 is the button
Seat 1: 9ccee8e0 ($5.02 in chips)
Seat 2: 9d4ede41 ($5.81 in chips)
Seat 3: 128bcd23 ($18.95 in chips)
Seat 4: Hero ($5.14 in chips)
Seat 5: 31fb914d ($7 in chips)
Seat 6: bfd5c1a9 ($5 in chips)
128bcd23: posts small blind $0.02
Hero: posts big blind $0.05
*** HOLE CARDS ***
Dealt to 9ccee8e0 
Dealt to 9d4ede41 
Dealt to 128bcd23 
Dealt to Hero [Qc 3h]
Dealt to 31fb914d 
Dealt to bfd5c1a9 
31fb914d: folds
bfd5c1a9: folds
9ccee8e0: raises $0.08 to $0.13
9d4ede41: folds
128bcd23: folds
Hero: folds
Uncalled bet ($0.08) returned to 9ccee8e0
*** SHOWDOWN ***
9ccee8e0 collected $0.12 from pot
*** SUMMARY ***
Total pot $0.12 | Rake $0 | Jackpot $0 | Bingo $0 | Fortune $0 | Tax $0
Seat 1: 9ccee8e0 collected ($0.12)
Seat 2: 9d4ede41 (button) folded before Flop (didn't bet)
Seat 3: 128bcd23 (small blind) folded before Flop
Seat 4: Hero (big blind) folded before Flop
Seat 5: 31fb914d folded before Flop (didn't bet)
Seat 6: bfd5c1a9 folded before Flop (didn't bet)


Poker Hand #HD1713646277: Hold'em No Limit ($0.02/$0.05) - 2024/04/03 12:18:25
Table 'NLHBlue18' 6-max Seat #1 is the button
Seat 1: 9ccee8e0 ($5.02 in chips)
Seat 2: 9d4ede41 ($5.83 in chips)
Seat 3: 128bcd23 ($19.1 in chips)
Seat 4: Hero ($5.14 in chips)
Seat 5: 31fb914d ($6.84 in chips)
Seat 6: bfd5c1a9 ($5 in chips)
9d4ede41: posts small blind $0.02
128bcd23: posts big blind $0.05
*** HOLE CARDS ***
Dealt to 9ccee8e0 
Dealt to 9d4ede41 
Dealt to 128bcd23 
Dealt to Hero [8s Qc]
Dealt to 31fb914d 
Dealt to bfd5c1a9 
Hero: folds
31fb914d: raises $0.1 to $0.15
bfd5c1a9: folds
9ccee8e0: folds
9d4ede41: folds
128bcd23: calls $0.1
*** FLOP *** [Kc Jh Ks]
128bcd23: checks
31fb914d: bets $0.11
128bcd23: folds
Uncalled bet ($0.11) returned to 31fb914d
*** SHOWDOWN ***
31fb914d collected $0.31 from pot
*** SUMMARY ***
Total pot $0.32 | Rake $0.01 | Jackpot $0 | Bingo $0 | Fortune $0 | Tax $0
Board [Kc Jh Ks]
Seat 1: 9ccee8e0 (button) folded before Flop (didn't bet)
Seat 2: 9d4ede41 (small blind) folded before Flop
Seat 3: 128bcd23 (big blind) folded on the Flop
Seat 4: Hero folded before Flop (didn't bet)
Seat 5: 31fb914d won ($0.31)
Seat 6: bfd5c1a9 folded before Flop (didn't bet)


Poker Hand #HD1713646223: Hold'em No Limit ($0.02/$0.05) - 2024/04/03 12:17:58
Table 'NLHBlue18' 6-max Seat #6 is the button
Seat 1: 9ccee8e0 ($5.04 in chips)
Seat 2: 9d4ede41 ($5.88 in chips)
Seat 3: 128bcd23 ($19.3 in chips)
Seat 4: Hero ($5.14 in chips)
Seat 5: 31fb914d ($6.59 in chips)
Seat 6: bfd5c1a9 ($5 in chips)
9ccee8e0: posts small blind $0.02
9d4ede41: posts big blind $0.05
*** HOLE CARDS ***
Dealt to 9ccee8e0 
Dealt to 9d4ede41 
Dealt to 128bcd23 
Dealt to Hero [Js 5h]
Dealt to 31fb914d 
Dealt to bfd5c1a9 
128bcd23: calls $0.05
Hero: folds
31fb914d: raises $0.15 to $0.2
bfd5c1a9: folds
9ccee8e0: folds
9d4ede41: folds
128bcd23: calls $0.15
*** FLOP *** [6d Kh Ad]
128bcd23: checks
31fb914d: bets $0.16
128bcd23: folds
Uncalled bet ($0.16) returned to 31fb914d
*** SHOWDOWN ***
31fb914d collected $0.45 from pot
*** SUMMARY ***
Total pot $0.47 | Rake $0.02 | Jackpot $0 | Bingo $0 | Fortune $0 | Tax $0
Board [6d Kh Ad]
Seat 1: 9ccee8e0 (small blind) folded before Flop
Seat 2: 9d4ede41 (big blind) folded before Flop
Seat 3: 128bcd23 folded on the Flop
Seat 4: Hero folded before Flop (didn't bet)
Seat 5: 31fb914d won ($0.45)
Seat 6: bfd5c1a9 (button) folded before Flop (didn't bet)


Poker Hand #HD1713646174: Hold'em No Limit ($0.02/$0.05) - 2024/04/03 12:17:27
Table 'NLHBlue18' 6-max Seat #5 is the button
Seat 1: 9ccee8e0 ($5.17 in chips)
Seat 2: 9d4ede41 ($5.88 in chips)
Seat 3: 128bcd23 ($19.3 in chips)
Seat 4: Hero ($5 in chips)
Seat 5: 31fb914d ($6.59 in chips)
Seat 6: bfd5c1a9 ($5 in chips)
bfd5c1a9: posts small blind $0.02
9ccee8e0: posts big blind $0.05
*** HOLE CARDS ***
Dealt to 9ccee8e0 
Dealt to 9d4ede41 
Dealt to 128bcd23 
Dealt to Hero [Jh Ks]
Dealt to 31fb914d 
Dealt to bfd5c1a9 
9d4ede41: folds
128bcd23: folds
Hero: raises $0.08 to $0.13
31fb914d: folds
bfd5c1a9: folds
9ccee8e0: calls $0.08
*** FLOP *** [7s Ad Qd]
9ccee8e0: checks
Hero: bets $0.1
9ccee8e0: folds
Uncalled bet ($0.1) returned to Hero
*** SHOWDOWN ***
Hero collected $0.27 from pot
*** SUMMARY ***
Total pot $0.28 | Rake $0.01 | Jackpot $0 | Bingo $0 | Fortune $0 | Tax $0
Board [7s Ad Qd]
Seat 1: 9ccee8e0 (big blind) folded on the Flop
Seat 2: 9d4ede41 folded before Flop (didn't bet)
Seat 3: 128bcd23 folded before Flop (didn't bet)
Seat 4: Hero won ($0.27)
Seat 5: 31fb914d (button) folded before Flop (didn't bet)
Seat 6: bfd5c1a9 (small blind) folded before Flop


Poker Hand #HD1713646088: Hold'em No Limit ($0.02/$0.05) - 2024/04/03 12:16:49
Table 'NLHBlue18' 6-max Seat #4 is the button
Seat 1: 9ccee8e0 ($5.17 in chips)
Seat 2: 9d4ede41 ($5.88 in chips)
Seat 3: 128bcd23 ($19.3 in chips)
Seat 4: Hero ($5 in chips)
Seat 5: 31fb914d ($6 in chips)
Seat 6: bfd5c1a9 ($5 in chips)
31fb914d: posts small blind $0.02
bfd5c1a9: posts big blind $0.05
*** HOLE CARDS ***
Dealt to 9ccee8e0 
Dealt to 9d4ede41 
Dealt to 128bcd23 
Dealt to Hero [9h Kc]
Dealt to 31fb914d 
Dealt to bfd5c1a9 
9ccee8e0: folds
9d4ede41: folds
128bcd23: folds
Hero: raises $0.08 to $0.13
31fb914d: calls $0.11
bfd5c1a9: folds
*** FLOP *** [Jh 3s 7d]
31fb914d: checks
Hero: checks
*** TURN *** [Jh 3s 7d] [3d]
31fb914d: checks
Hero: checks
*** RIVER *** [Jh 3s 7d 3d] [Ks]
31fb914d: bets $0.47
Hero: calls $0.47
31fb914d: shows [3c 3h] (Four Treys)
Hero: shows [9h Kc] (Pair of Kings and Pair of Treys)
*** SHOWDOWN ***
31fb914d collected $1.19 from pot
*** SUMMARY ***
Total pot $1.25 | Rake $0.06 | Jackpot $0 | Bingo $0 | Fortune $0 | Tax $0
Board [Jh 3s 7d 3d Ks]
Seat 1: 9ccee8e0 folded before Flop (didn't bet)
Seat 2: 9d4ede41 folded before Flop (didn't bet)
Seat 3: 128bcd23 folded before Flop (didn't bet)
Seat 4: Hero (button) showed [9h Kc] and lost with Pair of Kings and Pair of Treys
Seat 5: 31fb914d (small blind) showed [3c 3h] and won ($1.19) with Four Treys
Seat 6: bfd5c1a9 (big blind) folded before Flop


Poker Hand #HD1713645999: Hold'em No Limit ($0.02/$0.05) - 2024/04/03 12:16:03
Table 'NLHBlue18' 6-max Seat #3 is the button
Seat 1: 9ccee8e0 ($5.17 in chips)
Seat 2: 9d4ede41 ($6.29 in chips)
Seat 3: 128bcd23 ($18.87 in chips)
Seat 4: Hero ($5 in chips)
Seat 5: 31fb914d ($6.05 in chips)
Seat 6: bfd5c1a9 ($5 in chips)
Hero: posts small blind $0.02
31fb914d: posts big blind $0.05
*** HOLE CARDS ***
Dealt to 9ccee8e0 
Dealt to 9d4ede41 
Dealt to 128bcd23 
Dealt to Hero [Td 7s]
Dealt to 31fb914d 
Dealt to bfd5c1a9 
bfd5c1a9: folds
9ccee8e0: folds
9d4ede41: raises $0.07 to $0.12
128bcd23: calls $0.12
Hero: folds
31fb914d: folds
*** FLOP *** [5d 2d Qh]
9d4ede41: bets $0.11
128bcd23: calls $0.11
*** TURN *** [5d 2d Qh] [6h]
9d4ede41: bets $0.18
128bcd23: calls $0.18
*** RIVER *** [5d 2d Qh 6h] [3d]
9d4ede41: checks
128bcd23: bets $0.67
9d4ede41: folds
Uncalled bet ($0.67) returned to 128bcd23
*** SHOWDOWN ***
128bcd23 collected $0.84 from pot
*** SUMMARY ***
Total pot $0.89 | Rake $0.05 | Jackpot $0 | Bingo $0 | Fortune $0 | Tax $0
Board [5d 2d Qh 6h 3d]
Seat 1: 9ccee8e0 folded before Flop (didn't bet)
Seat 2: 9d4ede41 folded on the River
Seat 3: 128bcd23 (button) won ($0.84)
Seat 4: Hero (small blind) folded before Flop
Seat 5: 31fb914d (big blind) folded before Flop
Seat 6: bfd5c1a9 folded before Flop (didn't bet)


Poker Hand #HD1713645913: Hold'em No Limit ($0.02/$0.05) - 2024/04/03 12:15:07
Table 'NLHBlue18' 6-max Seat #2 is the button
Seat 1: 9ccee8e0 ($5.17 in chips)
Seat 2: 9d4ede41 ($6.29 in chips)
Seat 3: 128bcd23 ($19.93 in chips)
Seat 4: Hero ($5 in chips)
Seat 5: 31fb914d ($5 in chips)
Seat 6: bfd5c1a9 ($5 in chips)
128bcd23: posts small blind $0.02
Hero: posts big blind $0.05
*** HOLE CARDS ***
Dealt to 9ccee8e0 
Dealt to 9d4ede41 
Dealt to 128bcd23 
Dealt to Hero [Td 7d]
Dealt to 31fb914d 
Dealt to bfd5c1a9 
31fb914d: raises $0.1 to $0.15
bfd5c1a9: folds
9ccee8e0: folds
9d4ede41: folds
128bcd23: calls $0.13
Hero: calls $0.1
*** FLOP *** [Qd 9c Th]
128bcd23: checks
Hero: checks
31fb914d: bets $0.34
128bcd23: calls $0.34
Hero: folds
*** TURN *** [Qd 9c Th] [3h]
128bcd23: checks
31fb914d: checks
*** RIVER *** [Qd 9c Th 3h] [5h]
128bcd23: bets $0.57
31fb914d: calls $0.57
128bcd23: shows [8d 7s] (Queen-High)
31fb914d: shows [Kd Kc] (Pair of Kings)
*** SHOWDOWN ***
31fb914d collected $2.11 from pot
*** SUMMARY ***
Total pot $2.27 | Rake $0.11 | Jackpot $0.05 | Bingo $0 | Fortune $0 | Tax $0
Board [Qd 9c Th 3h 5h]
Seat 1: 9ccee8e0 folded before Flop (didn't bet)
Seat 2: 9d4ede41 (button) folded before Flop (didn't bet)
Seat 3: 128bcd23 (small blind) showed [8d 7s] and lost with Queen-High
Seat 4: Hero (big blind) folded on the Flop
Seat 5: 31fb914d showed [Kd Kc] and won ($2.11) with Pair of Kings
Seat 6: bfd5c1a9 folded before Flop (didn't bet)


Poker Hand #HD1713645857: Hold'em No Limit ($0.02/$0.05) - 2024/04/03 12:14:40
Table 'NLHBlue18' 6-max Seat #1 is the button
Seat 1: 9ccee8e0 ($5.17 in chips)
Seat 2: 9d4ede41 ($6.31 in chips)
Seat 3: 128bcd23 ($19.82 in chips)
Seat 4: Hero ($5 in chips)
Seat 5: 31fb914d ($5 in chips)
Seat 6: bfd5c1a9 ($5 in chips)
9d4ede41: posts small blind $0.02
128bcd23: posts big blind $0.05
*** HOLE CARDS ***
Dealt to 9ccee8e0 
Dealt to 9d4ede41 
Dealt to 128bcd23 
Dealt to Hero [9d Jd]
Dealt to 31fb914d 
Dealt to bfd5c1a9 
Hero: raises $0.05 to $0.1
31fb914d: folds
bfd5c1a9: folds
9ccee8e0: folds
9d4ede41: folds
128bcd23: calls $0.05
*** FLOP *** [7s 4c Ac]
128bcd23: checks
Hero: checks
*** TURN *** [7s 4c Ac] [Tc]
128bcd23: bets $0.08
Hero: folds
Uncalled bet ($0.08) returned to 128bcd23
128bcd23: shows [Kc 3c] (Ace High Flush)
*** SHOWDOWN ***
128bcd23 collected $0.21 from pot
*** SUMMARY ***
Total pot $0.22 | Rake $0.01 | Jackpot $0 | Bingo $0 | Fortune $0 | Tax $0
Board [7s 4c Ac Tc]
Seat 1: 9ccee8e0 (button) folded before Flop (didn't bet)
Seat 2: 9d4ede41 (small blind) folded before Flop
Seat 3: 128bcd23 (big blind) showed [Kc 3c] and won ($0.21)
Seat 4: Hero folded on the Turn
Seat 5: 31fb914d folded before Flop (didn't bet)
Seat 6: bfd5c1a9 folded before Flop (didn't bet)


Poker Hand #HD1713645801: Hold'em No Limit ($0.02/$0.05) - 2024/04/03 12:14:09
Table 'NLHBlue18' 6-max Seat #6 is the button
Seat 1: 9ccee8e0 ($5.19 in chips)
Seat 2: 9d4ede41 ($6.15 in chips)
Seat 3: 128bcd23 ($19.97 in chips)
Seat 4: Hero ($5 in chips)
Seat 5: 31fb914d ($5 in chips)
Seat 6: bfd5c1a9 ($5 in chips)
9ccee8e0: posts small blind $0.02
9d4ede41: posts big blind $0.05
*** HOLE CARDS ***
Dealt to 9ccee8e0 
Dealt to 9d4ede41 
Dealt to 128bcd23 
Dealt to Hero [6c Tc]
Dealt to 31fb914d 
Dealt to bfd5c1a9 
128bcd23: calls $0.05
Hero: folds
31fb914d: folds
bfd5c1a9: folds
9ccee8e0: folds
9d4ede41: checks
*** FLOP *** [2s Jc 2h]
9d4ede41: checks
128bcd23: checks
*** TURN *** [2s Jc 2h] [Kc]
9d4ede41: bets $0.05
128bcd23: calls $0.05
*** RIVER *** [2s Jc 2h Kc] [9s]
9d4ede41: bets $0.05
128bcd23: calls $0.05
9d4ede41: shows [Js 5c] (Pair of Jacks and Pair of Twos)
128bcd23: shows [4h Ac] (Pair of Twos)
*** SHOWDOWN ***
9d4ede41 collected $0.31 from pot
*** SUMMARY ***
Total pot $0.32 | Rake $0.01 | Jackpot $0 | Bingo $0 | Fortune $0 | Tax $0
Board [2s Jc 2h Kc 9s]
Seat 1: 9ccee8e0 (small blind) folded before Flop
Seat 2: 9d4ede41 (big blind) showed [Js 5c] and won ($0.31) with Pair of Jacks and Pair of Twos
Seat 3: 128bcd23 showed [4h Ac] and lost with Pair of Twos
Seat 4: Hero folded before Flop (didn't bet)
Seat 5: 31fb914d folded before Flop (didn't bet)
Seat 6: bfd5c1a9 (button) folded before Flop (didn't bet)


Poker Hand #HD1713645706: Hold'em No Limit ($0.02/$0.05) - 2024/04/03 12:13:22
Table 'NLHBlue18' 6-max Seat #5 is the button
Seat 1: 9ccee8e0 ($5 in chips)
Seat 2: 9d4ede41 ($6.15 in chips)
Seat 3: 128bcd23 ($20.15 in chips)
Seat 4: Hero ($5 in chips)
Seat 5: 31fb914d ($5 in chips)
Seat 6: bfd5c1a9 ($5 in chips)
bfd5c1a9: posts small blind $0.02
9ccee8e0: posts big blind $0.05
*** HOLE CARDS ***
Dealt to 9ccee8e0 
Dealt to 9d4ede41 
Dealt to 128bcd23 
Dealt to Hero [2c 8d]
Dealt to 31fb914d 
Dealt to bfd5c1a9 
9d4ede41: folds
128bcd23: calls $0.05
Hero: folds
31fb914d: folds
bfd5c1a9: folds
9ccee8e0: checks
*** FLOP *** [Jh 9d Ac]
9ccee8e0: bets $0.05
128bcd23: calls $0.05
*** TURN *** [Jh 9d Ac] [Kh]
9ccee8e0: checks
128bcd23: bets $0.08
9ccee8e0: calls $0.08
*** RIVER *** [Jh 9d Ac Kh] [8c]
9ccee8e0: checks
128bcd23: checks
9ccee8e0: shows [Jd Th] (Pair of Jacks)
128bcd23: shows [5d 2h] (Ace-High)
*** SHOWDOWN ***
9ccee8e0 collected $0.37 from pot
*** SUMMARY ***
Total pot $0.38 | Rake $0.01 | Jackpot $0 | Bingo $0 | Fortune $0 | Tax $0
Board [Jh 9d Ac Kh 8c]
Seat 1: 9ccee8e0 (big blind) showed [Jd Th] and won ($0.37) with Pair of Jacks
Seat 2: 9d4ede41 folded before Flop (didn't bet)
Seat 3: 128bcd23 showed [5d 2h] and lost with Ace-High
Seat 4: Hero folded before Flop (didn't bet)
Seat 5: 31fb914d (button) folded before Flop (didn't bet)
Seat 6: bfd5c1a9 (small blind) folded before Flop


Poker Hand #HD1713565550: Hold'em No Limit ($0.02/$0.05) - 2024/04/03 12:11:55
Table 'NLHBlue18' 6-max Seat #4 is the button
Seat 1: 9ccee8e0 ($5 in chips)
Seat 2: 9d4ede41 ($6.27 in chips)
Seat 3: 128bcd23 ($15.4 in chips)
Seat 4: Hero ($5 in chips)
Seat 5: 31fb914d ($5.27 in chips)
Seat 6: bfd5c1a9 ($5 in chips)
31fb914d: posts small blind $0.02
bfd5c1a9: posts big blind $0.05
*** HOLE CARDS ***
Dealt to 9ccee8e0 
Dealt to 9d4ede41 
Dealt to 128bcd23 
Dealt to Hero [4c 7s]
Dealt to 31fb914d 
Dealt to bfd5c1a9 
9ccee8e0: folds
9d4ede41: raises $0.07 to $0.12
128bcd23: calls $0.12
Hero: folds
31fb914d: raises $0.63 to $0.75
bfd5c1a9: folds
9d4ede41: folds
128bcd23: calls $0.63
*** FLOP *** [7c 6d Td]
31fb914d: bets $0.56
128bcd23: calls $0.56
*** TURN *** [7c 6d Td] [Ac]
31fb914d: bets $3.96 and is all-in
128bcd23: calls $3.96
31fb914d: shows [Jh As] (Pair of Aces)
128bcd23: shows [Ad Qh] (Pair of Aces)
*** FIRST RIVER *** [7c 6d Td Ac] [Ah]
*** SECOND RIVER *** [7c 6d Td Ac] [6s]
*** FIRST SHOWDOWN ***
128bcd23 collected $5.01 from pot
*** SECOND SHOWDOWN ***
128bcd23 collected $5.01 from pot
*** SUMMARY ***
Total pot $10.71 | Rake $0.64 | Jackpot $0.05 | Bingo $0 | Fortune $0 | Tax $0
Hand was run two times
FIRST Board [7c 6d Td Ac Ah]
SECOND Board [6s]
Seat 1: 9ccee8e0 folded before Flop (didn't bet)
Seat 2: 9d4ede41 folded before Flop
Seat 3: 128bcd23 showed [Ad Qh] and won ($5.01) with Three Aces, and won ($5.01)
Seat 4: Hero (button) folded before Flop (didn't bet)
Seat 5: 31fb914d (small blind) showed [Jh As] and lost with Three Aces, and lost
Seat 6: bfd5c1a9 (big blind) folded before Flop


Poker Hand #HD1713565491: Hold'em No Limit ($0.02/$0.05) - 2024/04/03 12:11:24
Table 'NLHBlue18' 6-max Seat #3 is the button
Seat 1: 9ccee8e0 ($5 in chips)
Seat 2: 9d4ede41 ($6.27 in chips)
Seat 3: 128bcd23 ($15.6 in chips)
Seat 4: Hero ($5 in chips)
Seat 5: 31fb914d ($5.07 in chips)
Seat 6: bfd5c1a9 ($5 in chips)
Hero: posts small blind $0.02
31fb914d: posts big blind $0.05
*** HOLE CARDS ***
Dealt to 9ccee8e0 
Dealt to 9d4ede41 
Dealt to 128bcd23 
Dealt to Hero [5s 3h]
Dealt to 31fb914d 
Dealt to bfd5c1a9 
bfd5c1a9: folds
9ccee8e0: folds
9d4ede41: folds
128bcd23: calls $0.05
Hero: folds
31fb914d: raises $0.15 to $0.2
128bcd23: calls $0.15
*** FLOP *** [Kh 3c As]
31fb914d: checks
128bcd23: checks
*** TURN *** [Kh 3c As] [8c]
31fb914d: bets $0.14
128bcd23: folds
Uncalled bet ($0.14) returned to 31fb914d
*** SHOWDOWN ***
31fb914d collected $0.4 from pot
*** SUMMARY ***
Total pot $0.42 | Rake $0.02 | Jackpot $0 | Bingo $0 | Fortune $0 | Tax $0
Board [Kh 3c As 8c]
Seat 1: 9ccee8e0 folded before Flop (didn't bet)
Seat 2: 9d4ede41 folded before Flop (didn't bet)
Seat 3: 128bcd23 (button) folded on the Turn
Seat 4: Hero (small blind) folded before Flop
Seat 5: 31fb914d (big blind) won ($0.4)
Seat 6: bfd5c1a9 folded before Flop (didn't bet)


Poker Hand #HD1713565379: Hold'em No Limit ($0.02/$0.05) - 2024/04/03 12:10:20
Table 'NLHBlue18' 6-max Seat #2 is the button
Seat 1: 9ccee8e0 ($5 in chips)
Seat 2: 9d4ede41 ($6.27 in chips)
Seat 3: 128bcd23 ($15.31 in chips)
Seat 4: Hero ($5 in chips)
Seat 5: 31fb914d ($5.34 in chips)
Seat 6: bfd5c1a9 ($5 in chips)
128bcd23: posts small blind $0.02
Hero: posts big blind $0.05
*** HOLE CARDS ***
Dealt to 9ccee8e0 
Dealt to 9d4ede41 
Dealt to 128bcd23 
Dealt to Hero [7d 6d]
Dealt to 31fb914d 
Dealt to bfd5c1a9 
31fb914d: raises $0.1 to $0.15
bfd5c1a9: folds
9ccee8e0: folds
9d4ede41: folds
128bcd23: calls $0.13
Hero: folds
*** FLOP *** [Jc 7s Ad]
128bcd23: checks
31fb914d: bets $0.12
128bcd23: calls $0.12
*** TURN *** [Jc 7s Ad] [Jh]
128bcd23: checks
31fb914d: checks
*** RIVER *** [Jc 7s Ad Jh] [5c]
128bcd23: bets $0.45
31fb914d: folds
Uncalled bet ($0.45) returned to 128bcd23
*** SHOWDOWN ***
128bcd23 collected $0.56 from pot
*** SUMMARY ***
Total pot $0.59 | Rake $0.03 | Jackpot $0 | Bingo $0 | Fortune $0 | Tax $0
Board [Jc 7s Ad Jh 5c]
Seat 1: 9ccee8e0 folded before Flop (didn't bet)
Seat 2: 9d4ede41 (button) folded before Flop (didn't bet)
Seat 3: 128bcd23 (small blind) won ($0.56)
Seat 4: Hero (big blind) folded before Flop
Seat 5: 31fb914d folded on the River
Seat 6: bfd5c1a9 folded before Flop (didn't bet)


Poker Hand #HD1713565266: Hold'em No Limit ($0.02/$0.05) - 2024/04/03 12:09:14
Table 'NLHBlue18' 6-max Seat #1 is the button
Seat 1: 9ccee8e0 ($5 in chips)
Seat 2: 9d4ede41 ($6.29 in chips)
Seat 3: 128bcd23 ($15.17 in chips)
Seat 4: Hero ($5 in chips)
Seat 5: 31fb914d ($5.34 in chips)
Seat 6: bfd5c1a9 ($5 in chips)
9d4ede41: posts small blind $0.02
128bcd23: posts big blind $0.05
*** HOLE CARDS ***
Dealt to 9ccee8e0 
Dealt to 9d4ede41 
Dealt to 128bcd23 
Dealt to Hero [7d Ac]
Dealt to 31fb914d 
Dealt to bfd5c1a9 
Hero: folds
31fb914d: folds
bfd5c1a9: raises $0.08 to $0.13
9ccee8e0: folds
9d4ede41: folds
128bcd23: calls $0.08
*** FLOP *** [6d 4s 6s]
128bcd23: checks
bfd5c1a9: checks
*** TURN *** [6d 4s 6s] [Qh]
128bcd23: bets $0.1
bfd5c1a9: folds
Uncalled bet ($0.1) returned to 128bcd23
*** SHOWDOWN ***
128bcd23 collected $0.27 from pot
*** SUMMARY ***
Total pot $0.28 | Rake $0.01 | Jackpot $0 | Bingo $0 | Fortune $0 | Tax $0
Board [6d 4s 6s Qh]
Seat 1: 9ccee8e0 (button) folded before Flop (didn't bet)
Seat 2: 9d4ede41 (small blind) folded before Flop
Seat 3: 128bcd23 (big blind) won ($0.27)
Seat 4: Hero folded before Flop (didn't bet)
Seat 5: 31fb914d folded before Flop (didn't bet)
Seat 6: bfd5c1a9 folded on the Turn


Poker Hand #HD1713565211: Hold'em No Limit ($0.02/$0.05) - 2024/04/03 12:08:45
Table 'NLHBlue18' 6-max Seat #6 is the button
Seat 1: 9ccee8e0 ($5.01 in chips)
Seat 2: 9d4ede41 ($6.34 in chips)
Seat 3: 128bcd23 ($15.1 in chips)
Seat 4: Hero ($5 in chips)
Seat 5: 31fb914d ($5.34 in chips)
Seat 6: bfd5c1a9 ($5 in chips)
9ccee8e0: posts small blind $0.02
9d4ede41: posts big blind $0.05
*** HOLE CARDS ***
Dealt to 9ccee8e0 
Dealt to 9d4ede41 
Dealt to 128bcd23 
Dealt to Hero [2s 7d]
Dealt to 31fb914d 
Dealt to bfd5c1a9 
128bcd23: calls $0.05
Hero: folds
31fb914d: folds
bfd5c1a9: folds
9ccee8e0: folds
9d4ede41: checks
*** FLOP *** [6c Ts 2h]
9d4ede41: checks
128bcd23: checks
*** TURN *** [6c Ts 2h] [Kd]
9d4ede41: checks
128bcd23: checks
*** RIVER *** [6c Ts 2h Kd] [Ad]
9d4ede41: checks
128bcd23: bets $0.06
9d4ede41: folds
Uncalled bet ($0.06) returned to 128bcd23
*** SHOWDOWN ***
128bcd23 collected $0.12 from pot
*** SUMMARY ***
Total pot $0.12 | Rake $0 | Jackpot $0 | Bingo $0 | Fortune $0 | Tax $0
Board [6c Ts 2h Kd Ad]
Seat 1: 9ccee8e0 (small blind) folded before Flop
Seat 2: 9d4ede41 (big blind) folded on the River
Seat 3: 128bcd23 won ($0.12)
Seat 4: Hero folded before Flop (didn't bet)
Seat 5: 31fb914d folded before Flop (didn't bet)
Seat 6: bfd5c1a9 (button) folded before Flop (didn't bet)


Poker Hand #HD1713565105: Hold'em No Limit ($0.02/$0.05) - 2024/04/03 12:07:45
Table 'NLHBlue18' 6-max Seat #5 is the button
Seat 1: 9ccee8e0 ($5.16 in chips)
Seat 2: 9d4ede41 ($6.34 in chips)
Seat 3: 128bcd23 ($14.66 in chips)
Seat 4: Hero ($5.07 in chips)
Seat 5: 31fb914d ($5.34 in chips)
Seat 6: bfd5c1a9 ($5 in chips)
bfd5c1a9: posts small blind $0.02
9ccee8e0: posts big blind $0.05
*** HOLE CARDS ***
Dealt to 9ccee8e0 
Dealt to 9d4ede41 
Dealt to 128bcd23 
Dealt to Hero [Ad 7d]
Dealt to 31fb914d 
Dealt to bfd5c1a9 
9d4ede41: folds
128bcd23: calls $0.05
Hero: raises $0.1 to $0.15
31fb914d: folds
bfd5c1a9: folds
9ccee8e0: calls $0.1
128bcd23: calls $0.1
*** FLOP *** [Kd 5d 2h]
9ccee8e0: checks
128bcd23: checks
Hero: checks
*** TURN *** [Kd 5d 2h] [Js]
9ccee8e0: checks
128bcd23: bets $0.16
Hero: calls $0.16
9ccee8e0: folds
*** RIVER *** [Kd 5d 2h Js] [9h]
128bcd23: bets $0.6
Hero: folds
Uncalled bet ($0.6) returned to 128bcd23
*** SHOWDOWN ***
128bcd23 collected $0.75 from pot
*** SUMMARY ***
Total pot $0.79 | Rake $0.04 | Jackpot $0 | Bingo $0 | Fortune $0 | Tax $0
Board [Kd 5d 2h Js 9h]
Seat 1: 9ccee8e0 (big blind) folded on the Turn
Seat 2: 9d4ede41 folded before Flop (didn't bet)
Seat 3: 128bcd23 won ($0.75)
Seat 4: Hero folded on the River
Seat 5: 31fb914d (button) folded before Flop (didn't bet)
Seat 6: bfd5c1a9 (small blind) folded before Flop


Poker Hand #HD1713565071: Hold'em No Limit ($0.02/$0.05) - 2024/04/03 12:07:26
Table 'NLHBlue18' 6-max Seat #4 is the button
Seat 1: 9ccee8e0 ($5.16 in chips)
Seat 2: 9d4ede41 ($6.34 in chips)
Seat 3: 128bcd23 ($14.66 in chips)
Seat 4: Hero ($5 in chips)
Seat 5: 31fb914d ($5.36 in chips)
Seat 6: bfd5c1a9 ($5 in chips)
31fb914d: posts small blind $0.02
bfd5c1a9: posts big blind $0.05
*** HOLE CARDS ***
Dealt to 9ccee8e0 
Dealt to 9d4ede41 
Dealt to 128bcd23 
Dealt to Hero [5d Kd]
Dealt to 31fb914d 
Dealt to bfd5c1a9 
9ccee8e0: folds
9d4ede41: folds
128bcd23: folds
Hero: raises $0.08 to $0.13
31fb914d: folds
bfd5c1a9: folds
Uncalled bet ($0.08) returned to Hero
*** SHOWDOWN ***
Hero collected $0.12 from pot
*** SUMMARY ***
Total pot $0.12 | Rake $0 | Jackpot $0 | Bingo $0 | Fortune $0 | Tax $0
Seat 1: 9ccee8e0 folded before Flop (didn't bet)
Seat 2: 9d4ede41 folded before Flop (didn't bet)
Seat 3: 128bcd23 folded before Flop (didn't bet)
Seat 4: Hero (button) collected ($0.12)
Seat 5: 31fb914d (small blind) folded before Flop
Seat 6: bfd5c1a9 (big blind) folded before Flop


Poker Hand #HD1713565048: Hold'em No Limit ($0.02/$0.05) - 2024/04/03 12:07:08
Table 'NLHBlue18' 6-max Seat #3 is the button
Seat 1: 9ccee8e0 ($5.09 in chips)
Seat 2: 9d4ede41 ($6.34 in chips)
Seat 3: 128bcd23 ($14.66 in chips)
Seat 4: Hero ($5 in chips)
Seat 5: 31fb914d ($5.41 in chips)
Seat 6: bfd5c1a9 ($5 in chips)
Hero: posts small blind $0.02
31fb914d: posts big blind $0.05
*** HOLE CARDS ***
Dealt to 9ccee8e0 
Dealt to 9d4ede41 
Dealt to 128bcd23 
Dealt to Hero [2c 8h]
Dealt to 31fb914d 
Dealt to bfd5c1a9 
bfd5c1a9: folds
9ccee8e0: raises $0.08 to $0.13
9d4ede41: folds
128bcd23: folds
Hero: folds
31fb914d: folds
Uncalled bet ($0.08) returned to 9ccee8e0
*** SHOWDOWN ***
9ccee8e0 collected $0.12 from pot
*** SUMMARY ***
Total pot $0.12 | Rake $0 | Jackpot $0 | Bingo $0 | Fortune $0 | Tax $0
Seat 1: 9ccee8e0 collected ($0.12)
Seat 2: 9d4ede41 folded before Flop (didn't bet)
Seat 3: 128bcd23 (button) folded before Flop (didn't bet)
Seat 4: Hero (small blind) folded before Flop
Seat 5: 31fb914d (big blind) folded before Flop
Seat 6: bfd5c1a9 folded before Flop (didn't bet)


Poker Hand #HD1713564968: Hold'em No Limit ($0.02/$0.05) - 2024/04/03 12:06:25
Table 'NLHBlue18' 6-max Seat #2 is the button
Seat 1: 9ccee8e0 ($5.09 in chips)
Seat 2: 9d4ede41 ($6.34 in chips)
Seat 3: 128bcd23 ($14.37 in chips)
Seat 4: Hero ($5 in chips)
Seat 5: 31fb914d ($5.68 in chips)
Seat 6: bfd5c1a9 ($5 in chips)
128bcd23: posts small blind $0.02
Hero: posts big blind $0.05
*** HOLE CARDS ***
Dealt to 9ccee8e0 
Dealt to 9d4ede41 
Dealt to 128bcd23 
Dealt to Hero [7c Qd]
Dealt to 31fb914d 
Dealt to bfd5c1a9 
31fb914d: raises $0.1 to $0.15
bfd5c1a9: folds
9ccee8e0: folds
9d4ede41: folds
128bcd23: calls $0.13
Hero: folds
*** FLOP *** [6c Ac 8c]
128bcd23: checks
31fb914d: checks
*** TURN *** [6c Ac 8c] [3d]
128bcd23: bets $0.12
31fb914d: calls $0.12
*** RIVER *** [6c Ac 8c 3d] [8h]
128bcd23: bets $0.2
31fb914d: folds
Uncalled bet ($0.2) returned to 128bcd23
*** SHOWDOWN ***
128bcd23 collected $0.56 from pot
*** SUMMARY ***
Total pot $0.59 | Rake $0.03 | Jackpot $0 | Bingo $0 | Fortune $0 | Tax $0
Board [6c Ac 8c 3d 8h]
Seat 1: 9ccee8e0 folded before Flop (didn't bet)
Seat 2: 9d4ede41 (button) folded before Flop (didn't bet)
Seat 3: 128bcd23 (small blind) won ($0.56)
Seat 4: Hero (big blind) folded before Flop
Seat 5: 31fb914d folded on the River
Seat 6: bfd5c1a9 folded before Flop (didn't bet)


Poker Hand #HD1713564914: Hold'em No Limit ($0.02/$0.05) - 2024/04/03 12:05:50
Table 'NLHBlue18' 6-max Seat #1 is the button
Seat 1: 9ccee8e0 ($5.3 in chips)
Seat 2: 9d4ede41 ($6.36 in chips)
Seat 3: 128bcd23 ($14.16 in chips)
Seat 4: Hero ($5 in chips)
Seat 5: 31fb914d ($5.68 in chips)
Seat 6: bfd5c1a9 ($5 in chips)
9d4ede41: posts small blind $0.02
128bcd23: posts big blind $0.05
*** HOLE CARDS ***
Dealt to 9ccee8e0 
Dealt to 9d4ede41 
Dealt to 128bcd23 
Dealt to Hero [5s 5c]
Dealt to 31fb914d 
Dealt to bfd5c1a9 
Hero: folds
31fb914d: folds
bfd5c1a9: folds
9ccee8e0: raises $0.05 to $0.1
9d4ede41: folds
128bcd23: calls $0.05
*** FLOP *** [9h Qs 2d]
128bcd23: bets $0.11
9ccee8e0: calls $0.11
*** TURN *** [9h Qs 2d] [Ts]
128bcd23: checks
9ccee8e0: checks
*** RIVER *** [9h Qs 2d Ts] [6c]
128bcd23: bets $0.15
9ccee8e0: folds
Uncalled bet ($0.15) returned to 128bcd23
*** SHOWDOWN ***
128bcd23 collected $0.42 from pot
*** SUMMARY ***
Total pot $0.44 | Rake $0.02 | Jackpot $0 | Bingo $0 | Fortune $0 | Tax $0
Board [9h Qs 2d Ts 6c]
Seat 1: 9ccee8e0 (button) folded on the River
Seat 2: 9d4ede41 (small blind) folded before Flop
Seat 3: 128bcd23 (big blind) won ($0.42)
Seat 4: Hero folded before Flop (didn't bet)
Seat 5: 31fb914d folded before Flop (didn't bet)
Seat 6: bfd5c1a9 folded before Flop (didn't bet)


Poker Hand #HD1713564889: Hold'em No Limit ($0.02/$0.05) - 2024/04/03 12:05:35
Table 'NLHBlue18' 6-max Seat #6 is the button
Seat 1: 9ccee8e0 ($5.32 in chips)
Seat 2: 9d4ede41 ($6.41 in chips)
Seat 3: 128bcd23 ($14.09 in chips)
Seat 4: Hero ($5 in chips)
Seat 5: 31fb914d ($5.68 in chips)
Seat 6: bfd5c1a9 ($5 in chips)
9ccee8e0: posts small blind $0.02
9d4ede41: posts big blind $0.05
*** HOLE CARDS ***
Dealt to 9ccee8e0 
Dealt to 9d4ede41 
Dealt to 128bcd23 
Dealt to Hero [As 4c]
Dealt to 31fb914d 
Dealt to bfd5c1a9 
128bcd23: raises $0.1 to $0.15
Hero: folds
31fb914d: folds
bfd5c1a9: folds
9ccee8e0: folds
9d4ede41: folds
Uncalled bet ($0.1) returned to 128bcd23
*** SHOWDOWN ***
128bcd23 collected $0.12 from pot
*** SUMMARY ***
Total pot $0.12 | Rake $0 | Jackpot $0 | Bingo $0 | Fortune $0 | Tax $0
Seat 1: 9ccee8e0 (small blind) folded before Flop
Seat 2: 9d4ede41 (big blind) folded before Flop
Seat 3: 128bcd23 collected ($0.12)
Seat 4: Hero folded before Flop (didn't bet)
Seat 5: 31fb914d folded before Flop (didn't bet)
Seat 6: bfd5c1a9 (button) folded before Flop (didn't bet)


Poker Hand #HD1713564823: Hold'em No Limit ($0.02/$0.05) - 2024/04/03 12:05:03
Table 'NLHBlue18' 6-max Seat #5 is the button
Seat 1: 9ccee8e0 ($5.3 in chips)
Seat 2: 9d4ede41 ($6.41 in chips)
Seat 3: 128bcd23 ($14.09 in chips)
Seat 4: Hero ($5 in chips)
Seat 5: 31fb914d ($5.68 in chips)
Seat 6: bfd5c1a9 ($5 in chips)
bfd5c1a9: posts small blind $0.02
9ccee8e0: posts big blind $0.05
*** HOLE CARDS ***
Dealt to 9ccee8e0 
Dealt to 9d4ede41 
Dealt to 128bcd23 
Dealt to Hero [3h 6s]
Dealt to 31fb914d 
Dealt to bfd5c1a9 
9d4ede41: folds
128bcd23: folds
Hero: folds
31fb914d: folds
bfd5c1a9: folds
Uncalled bet ($0.03) returned to 9ccee8e0
*** SHOWDOWN ***
9ccee8e0 collected $0.04 from pot
*** SUMMARY ***
Total pot $0.04 | Rake $0 | Jackpot $0 | Bingo $0 | Fortune $0 | Tax $0
Seat 1: 9ccee8e0 (big blind) collected ($0.04)
Seat 2: 9d4ede41 folded before Flop (didn't bet)
Seat 3: 128bcd23 folded before Flop (didn't bet)
Seat 4: Hero folded before Flop (didn't bet)
Seat 5: 31fb914d (button) folded before Flop (didn't bet)
Seat 6: bfd5c1a9 (small blind) folded before Flop


Poker Hand #HD1713564766: Hold'em No Limit ($0.02/$0.05) - 2024/04/03 12:04:32
Table 'NLHBlue18' 6-max Seat #4 is the button
Seat 1: 9ccee8e0 ($5.3 in chips)
Seat 2: 9d4ede41 ($6.41 in chips)
Seat 3: 128bcd23 ($14.02 in chips)
Seat 4: Hero ($5 in chips)
Seat 5: 31fb914d ($5.7 in chips)
Seat 6: bfd5c1a9 ($5 in chips)
31fb914d: posts small blind $0.02
bfd5c1a9: posts big blind $0.05
*** HOLE CARDS ***
Dealt to 9ccee8e0 
Dealt to 9d4ede41 
Dealt to 128bcd23 
Dealt to Hero [2c 9c]
Dealt to 31fb914d 
Dealt to bfd5c1a9 
9ccee8e0: folds
9d4ede41: folds
128bcd23: calls $0.05
Hero: folds
31fb914d: folds
bfd5c1a9: checks
*** FLOP *** [Qh Qd 3s]
bfd5c1a9: checks
128bcd23: checks
*** TURN *** [Qh Qd 3s] [7d]
bfd5c1a9: checks
128bcd23: bets $0.09
bfd5c1a9: folds
Uncalled bet ($0.09) returned to 128bcd23
*** SHOWDOWN ***
128bcd23 collected $0.12 from pot
*** SUMMARY ***
Total pot $0.12 | Rake $0 | Jackpot $0 | Bingo $0 | Fortune $0 | Tax $0
Board [Qh Qd 3s 7d]
Seat 1: 9ccee8e0 folded before Flop (didn't bet)
Seat 2: 9d4ede41 folded before Flop (didn't bet)
Seat 3: 128bcd23 won ($0.12)
Seat 4: Hero (button) folded before Flop (didn't bet)
Seat 5: 31fb914d (small blind) folded before Flop
Seat 6: bfd5c1a9 (big blind) folded on the Turn


Poker Hand #HD1713564658: Hold'em No Limit ($0.02/$0.05) - 2024/04/03 12:03:28
Table 'NLHBlue18' 6-max Seat #3 is the button
Seat 1: 9ccee8e0 ($5.3 in chips)
Seat 2: 9d4ede41 ($6.41 in chips)
Seat 3: 128bcd23 ($13.95 in chips)
Seat 4: Hero ($5 in chips)
Seat 5: 31fb914d ($5.75 in chips)
Seat 6: bfd5c1a9 ($5 in chips)
Hero: posts small blind $0.02
31fb914d: posts big blind $0.05
*** HOLE CARDS ***
Dealt to 9ccee8e0 
Dealt to 9d4ede41 
Dealt to 128bcd23 
Dealt to Hero [Td 5d]
Dealt to 31fb914d 
Dealt to bfd5c1a9 
bfd5c1a9: folds
9ccee8e0: folds
9d4ede41: folds
128bcd23: calls $0.05
Hero: folds
31fb914d: checks
*** FLOP *** [9c 2s Kh]
31fb914d: checks
128bcd23: checks
*** TURN *** [9c 2s Kh] [Ac]
31fb914d: checks
128bcd23: checks
*** RIVER *** [9c 2s Kh Ac] [3d]
31fb914d: checks
128bcd23: bets $0.06
31fb914d: folds
Uncalled bet ($0.06) returned to 128bcd23
*** SHOWDOWN ***
128bcd23 collected $0.12 from pot
*** SUMMARY ***
Total pot $0.12 | Rake $0 | Jackpot $0 | Bingo $0 | Fortune $0 | Tax $0
Board [9c 2s Kh Ac 3d]
Seat 1: 9ccee8e0 folded before Flop (didn't bet)
Seat 2: 9d4ede41 folded before Flop (didn't bet)
Seat 3: 128bcd23 (button) won ($0.12)
Seat 4: Hero (small blind) folded before Flop
Seat 5: 31fb914d (big blind) folded on the River
Seat 6: bfd5c1a9 folded before Flop (didn't bet)


Poker Hand #HD1713564587: Hold'em No Limit ($0.02/$0.05) - 2024/04/03 12:02:55
Table 'NLHBlue18' 6-max Seat #2 is the button
Seat 1: 9ccee8e0 ($5.3 in chips)
Seat 2: 9d4ede41 ($6.41 in chips)
Seat 3: 128bcd23 ($13.97 in chips)
Seat 4: Hero ($5 in chips)
Seat 5: 31fb914d ($5.68 in chips)
Seat 6: bfd5c1a9 ($5 in chips)
128bcd23: posts small blind $0.02
Hero: posts big blind $0.05
*** HOLE CARDS ***
Dealt to 9ccee8e0 
Dealt to 9d4ede41 
Dealt to 128bcd23 
Dealt to Hero [3c 8c]
Dealt to 31fb914d 
Dealt to bfd5c1a9 
31fb914d: raises $0.12 to $0.17
bfd5c1a9: folds
9ccee8e0: folds
9d4ede41: folds
128bcd23: folds
Hero: folds
Uncalled bet ($0.12) returned to 31fb914d
*** SHOWDOWN ***
31fb914d collected $0.12 from pot
*** SUMMARY ***
Total pot $0.12 | Rake $0 | Jackpot $0 | Bingo $0 | Fortune $0 | Tax $0
Seat 1: 9ccee8e0 folded before Flop (didn't bet)
Seat 2: 9d4ede41 (button) folded before Flop (didn't bet)
Seat 3: 128bcd23 (small blind) folded before Flop
Seat 4: Hero (big blind) folded before Flop
Seat 5: 31fb914d collected ($0.12)
Seat 6: bfd5c1a9 folded before Flop (didn't bet)


Poker Hand #HD1713564538: Hold'em No Limit ($0.02/$0.05) - 2024/04/03 12:02:26
Table 'NLHBlue18' 6-max Seat #1 is the button
Seat 1: 9ccee8e0 ($5.3 in chips)
Seat 2: 9d4ede41 ($6.43 in chips)
Seat 3: 128bcd23 ($14.02 in chips)
Seat 4: Hero ($5 in chips)
Seat 5: 31fb914d ($5.52 in chips)
Seat 6: bfd5c1a9 ($5 in chips)
9d4ede41: posts small blind $0.02
128bcd23: posts big blind $0.05
*** HOLE CARDS ***
Dealt to 9ccee8e0 
Dealt to 9d4ede41 
Dealt to 128bcd23 
Dealt to Hero [Ac 9h]
Dealt to 31fb914d 
Dealt to bfd5c1a9 
Hero: raises $0.05 to $0.1
31fb914d: raises $0.25 to $0.35
bfd5c1a9: folds
9ccee8e0: folds
9d4ede41: folds
128bcd23: folds
Hero: folds
Uncalled bet ($0.25) returned to 31fb914d
*** SHOWDOWN ***
31fb914d collected $0.26 from pot
*** SUMMARY ***
Total pot $0.27 | Rake $0.01 | Jackpot $0 | Bingo $0 | Fortune $0 | Tax $0
Seat 1: 9ccee8e0 (button) folded before Flop (didn't bet)
Seat 2: 9d4ede41 (small blind) folded before Flop
Seat 3: 128bcd23 (big blind) folded before Flop
Seat 4: Hero folded before Flop
Seat 5: 31fb914d collected ($0.26)
Seat 6: bfd5c1a9 folded before Flop (didn't bet)


Poker Hand #HD1713564441: Hold'em No Limit ($0.02/$0.05) - 2024/04/03 12:01:34
Table 'NLHBlue18' 6-max Seat #6 is the button
Seat 1: 9ccee8e0 ($5.32 in chips)
Seat 2: 9d4ede41 ($5.74 in chips)
Seat 3: 128bcd23 ($14.02 in chips)
Seat 4: Hero ($5 in chips)
Seat 5: 31fb914d ($5.52 in chips)
Seat 6: bfd5c1a9 ($5 in chips)
9ccee8e0: posts small blind $0.02
9d4ede41: posts big blind $0.05
*** HOLE CARDS ***
Dealt to 9ccee8e0 
Dealt to 9d4ede41 
Dealt to 128bcd23 
Dealt to Hero [Jh As]
Dealt to 31fb914d 
Dealt to bfd5c1a9 
128bcd23: folds
Hero: raises $0.05 to $0.1
31fb914d: folds
bfd5c1a9: calls $0.1
9ccee8e0: folds
9d4ede41: raises $0.54 to $0.64
Hero: folds
bfd5c1a9: calls $0.54
*** FLOP *** [Qc 6d 7c]
9d4ede41: bets $0.7
bfd5c1a9: folds
Uncalled bet ($0.7) returned to 9d4ede41
*** SHOWDOWN ***
9d4ede41 collected $1.33 from pot
*** SUMMARY ***
Total pot $1.4 | Rake $0.07 | Jackpot $0 | Bingo $0 | Fortune $0 | Tax $0
Board [Qc 6d 7c]
Seat 1: 9ccee8e0 (small blind) folded before Flop
Seat 2: 9d4ede41 (big blind) won ($1.33)
Seat 3: 128bcd23 folded before Flop (didn't bet)
Seat 4: Hero folded before Flop
Seat 5: 31fb914d folded before Flop (didn't bet)
Seat 6: bfd5c1a9 (button) folded on the Flop


Poker Hand #HD1713564296: Hold'em No Limit ($0.02/$0.05) - 2024/04/03 12:00:23
Table 'NLHBlue18' 6-max Seat #5 is the button
Seat 1: 9ccee8e0 ($5.37 in chips)
Seat 2: 9d4ede41 ($5.74 in chips)
Seat 3: 128bcd23 ($9.44 in chips)
Seat 4: Hero ($5.07 in chips)
Seat 5: 31fb914d ($5.52 in chips)
Seat 6: bfd5c1a9 ($5.02 in chips)
bfd5c1a9: posts small blind $0.02
9ccee8e0: posts big blind $0.05
*** HOLE CARDS ***
Dealt to 9ccee8e0 
Dealt to 9d4ede41 
Dealt to 128bcd23 
Dealt to Hero [Qh As]
Dealt to 31fb914d 
Dealt to bfd5c1a9 
9d4ede41: folds
128bcd23: calls $0.05
Hero: raises $0.12 to $0.17
31fb914d: folds
bfd5c1a9: raises $0.53 to $0.7
9ccee8e0: folds
128bcd23: calls $0.65
Hero: folds
*** FLOP *** [4d 2d 7c]
bfd5c1a9: bets $0.81
128bcd23: raises $1.62 to $2.43
bfd5c1a9: raises $1.89 to $4.32 and is all-in
128bcd23: calls $1.89
bfd5c1a9: shows [Jh Jd] (Pair of Jacks)
128bcd23: shows [7d 7h] (Three Sevens)
*** TURN *** [4d 2d 7c] [8h]
*** RIVER *** [4d 2d 7c 8h] [8c]
*** SHOWDOWN ***
128bcd23 collected $9.6 from pot
*** SUMMARY ***
Total pot $10.26 | Rake $0.61 | Jackpot $0.05 | Bingo $0 | Fortune $0 | Tax $0
Board [4d 2d 7c 8h 8c]
Seat 1: 9ccee8e0 (big blind) folded before Flop
Seat 2: 9d4ede41 folded before Flop (didn't bet)
Seat 3: 128bcd23 showed [7d 7h] and won ($9.6) with Sevens Full over Eights
Seat 4: Hero folded before Flop
Seat 5: 31fb914d (button) folded before Flop (didn't bet)
Seat 6: bfd5c1a9 (small blind) showed [Jh Jd] and lost with Pair of Jacks and Pair of Eights


Poker Hand #HD1713564251: Hold'em No Limit ($0.02/$0.05) - 2024/04/03 11:59:59
Table 'NLHBlue18' 6-max Seat #4 is the button
Seat 1: 9ccee8e0 ($5.37 in chips)
Seat 2: 9d4ede41 ($5.74 in chips)
Seat 3: 128bcd23 ($9.44 in chips)
Seat 4: Hero ($5 in chips)
Seat 5: 31fb914d ($5.54 in chips)
Seat 6: bfd5c1a9 ($5.07 in chips)
31fb914d: posts small blind $0.02
bfd5c1a9: posts big blind $0.05
*** HOLE CARDS ***
Dealt to 9ccee8e0 
Dealt to 9d4ede41 
Dealt to 128bcd23 
Dealt to Hero [Qs Td]
Dealt to 31fb914d 
Dealt to bfd5c1a9 
9ccee8e0: folds
9d4ede41: folds
128bcd23: folds
Hero: raises $0.08 to $0.13
31fb914d: folds
bfd5c1a9: folds
Uncalled bet ($0.08) returned to Hero
*** SHOWDOWN ***
Hero collected $0.12 from pot
*** SUMMARY ***
Total pot $0.12 | Rake $0 | Jackpot $0 | Bingo $0 | Fortune $0 | Tax $0
Seat 1: 9ccee8e0 folded before Flop (didn't bet)
Seat 2: 9d4ede41 folded before Flop (didn't bet)
Seat 3: 128bcd23 folded before Flop (didn't bet)
Seat 4: Hero (button) collected ($0.12)
Seat 5: 31fb914d (small blind) folded before Flop
Seat 6: bfd5c1a9 (big blind) folded before Flop


Poker Hand #HD1713564181: Hold'em No Limit ($0.02/$0.05) - 2024/04/03 11:59:20
Table 'NLHBlue18' 6-max Seat #3 is the button
Seat 1: 9ccee8e0 ($5.37 in chips)
Seat 2: 9d4ede41 ($5.74 in chips)
Seat 3: 128bcd23 ($9.43 in chips)
Seat 4: Hero ($5 in chips)
Seat 5: 31fb914d ($5.53 in chips)
Seat 6: bfd5c1a9 ($5.07 in chips)
Hero: posts small blind $0.02
31fb914d: posts big blind $0.05
*** HOLE CARDS ***
Dealt to 9ccee8e0 
Dealt to 9d4ede41 
Dealt to 128bcd23 
Dealt to Hero [8c 4s]
Dealt to 31fb914d 
Dealt to bfd5c1a9 
bfd5c1a9: folds
9ccee8e0: folds
9d4ede41: folds
128bcd23: calls $0.05
Hero: folds
31fb914d: checks
*** FLOP *** [9d Js Jd]
31fb914d: checks
128bcd23: checks
*** TURN *** [9d Js Jd] [3h]
31fb914d: checks
128bcd23: checks
*** RIVER *** [9d Js Jd 3h] [8s]
31fb914d: checks
128bcd23: checks
31fb914d: shows [Kh 2c] (Pair of Jacks)
128bcd23: shows [Kc 5s] (Pair of Jacks)
*** SHOWDOWN ***
31fb914d collected $0.06 from pot
128bcd23 collected $0.06 from pot
*** SUMMARY ***
Total pot $0.12 | Rake $0 | Jackpot $0 | Bingo $0 | Fortune $0 | Tax $0
Board [9d Js Jd 3h 8s]
Seat 1: 9ccee8e0 folded before Flop (didn't bet)
Seat 2: 9d4ede41 folded before Flop (didn't bet)
Seat 3: 128bcd23 (button) showed [Kc 5s] and won ($0.06) with Pair of Jacks
Seat 4: Hero (small blind) folded before Flop
Seat 5: 31fb914d (big blind) showed [Kh 2c] and won ($0.06) with Pair of Jacks
Seat 6: bfd5c1a9 folded before Flop (didn't bet)


Poker Hand #HD1713564132: Hold'em No Limit ($0.02/$0.05) - 2024/04/03 11:58:55
Table 'NLHBlue18' 6-max Seat #2 is the button
Seat 1: 9ccee8e0 ($5.37 in chips)
Seat 2: 9d4ede41 ($5.74 in chips)
Seat 3: 128bcd23 ($9.45 in chips)
Seat 4: Hero ($5 in chips)
Seat 5: 31fb914d ($5.53 in chips)
Seat 6: bfd5c1a9 ($5 in chips)
128bcd23: posts small blind $0.02
Hero: posts big blind $0.05
*** HOLE CARDS ***
Dealt to 9ccee8e0 
Dealt to 9d4ede41 
Dealt to 128bcd23 
Dealt to Hero [5s 3c]
Dealt to 31fb914d 
Dealt to bfd5c1a9 
31fb914d: folds
bfd5c1a9: raises $0.08 to $0.13
9ccee8e0: folds
9d4ede41: folds
128bcd23: folds
Hero: folds
Uncalled bet ($0.08) returned to bfd5c1a9
*** SHOWDOWN ***
bfd5c1a9 collected $0.12 from pot
*** SUMMARY ***
Total pot $0.12 | Rake $0 | Jackpot $0 | Bingo $0 | Fortune $0 | Tax $0
Seat 1: 9ccee8e0 folded before Flop (didn't bet)
Seat 2: 9d4ede41 (button) folded before Flop (didn't bet)
Seat 3: 128bcd23 (small blind) folded before Flop
Seat 4: Hero (big blind) folded before Flop
Seat 5: 31fb914d folded before Flop (didn't bet)
Seat 6: bfd5c1a9 collected ($0.12)


