Poker Hand #HD1747210475: Hold'em No Limit ($0.02/$0.05) - 2024/04/26 12:55:06
Table 'NLHBlue31' 6-max Seat #1 is the button
Seat 1: 9fbd93c3 ($11 in chips)
Seat 2: b93d45ce ($5.43 in chips)
Seat 4: cb53538e ($5.34 in chips)
Seat 5: c6bc8ad6 ($5.44 in chips)
Seat 6: Hero ($5 in chips)
b93d45ce: posts small blind $0.02
cb53538e: posts big blind $0.05
*** HOLE CARDS ***
Dealt to 9fbd93c3 
Dealt to b93d45ce 
Dealt to cb53538e 
Dealt to c6bc8ad6 
Dealt to Hero [Qc 4d]
c6bc8ad6: folds
Hero: folds
9fbd93c3: raises $0.06 to $0.11
b93d45ce: raises $0.45 to $0.56
cb53538e: folds
9fbd93c3: folds
Uncalled bet ($0.45) returned to b93d45ce
*** SHOWDOWN ***
b93d45ce collected $0.26 from pot
*** SUMMARY ***
Total pot $0.27 | Rake $0.01 | Jackpot $0 | Bingo $0 | Fortune $0 | Tax $0
Seat 1: 9fbd93c3 (button) folded before Flop
Seat 2: b93d45ce (small blind) collected ($0.26)
Seat 4: cb53538e (big blind) folded before Flop
Seat 5: c6bc8ad6 folded before Flop (didn't bet)
Seat 6: Hero folded before Flop (didn't bet)


Poker Hand #HD1747210383: Hold'em No Limit ($0.02/$0.05) - 2024/04/26 12:54:07
Table 'NLHBlue31' 6-max Seat #6 is the button
Seat 1: 9fbd93c3 ($11.28 in chips)
Seat 2: b93d45ce ($5.17 in chips)
Seat 3: f6b40a83 ($9.01 in chips)
Seat 4: cb53538e ($5.34 in chips)
Seat 5: c6bc8ad6 ($5.44 in chips)
Seat 6: Hero ($5 in chips)
9fbd93c3: posts small blind $0.02
b93d45ce: posts big blind $0.05
*** HOLE CARDS ***
Dealt to 9fbd93c3 
Dealt to b93d45ce 
Dealt to f6b40a83 
Dealt to cb53538e 
Dealt to c6bc8ad6 
Dealt to Hero [7d 9c]
f6b40a83: folds
cb53538e: folds
c6bc8ad6: folds
Hero: folds
9fbd93c3: raises $0.1 to $0.15
b93d45ce: calls $0.1
*** FLOP *** [7c 5h 6s]
9fbd93c3: checks
b93d45ce: bets $0.13
9fbd93c3: calls $0.13
*** TURN *** [7c 5h 6s] [4d]
9fbd93c3: checks
b93d45ce: checks
*** RIVER *** [7c 5h 6s 4d] [5d]
9fbd93c3: checks
b93d45ce: bets $0.35
9fbd93c3: folds
Uncalled bet ($0.35) returned to b93d45ce
*** SHOWDOWN ***
b93d45ce collected $0.54 from pot
*** SUMMARY ***
Total pot $0.56 | Rake $0.02 | Jackpot $0 | Bingo $0 | Fortune $0 | Tax $0
Board [7c 5h 6s 4d 5d]
Seat 1: 9fbd93c3 (small blind) folded on the River
Seat 2: b93d45ce (big blind) won ($0.54)
Seat 3: f6b40a83 folded before Flop (didn't bet)
Seat 4: cb53538e folded before Flop (didn't bet)
Seat 5: c6bc8ad6 folded before Flop (didn't bet)
Seat 6: Hero (button) folded before Flop (didn't bet)


Poker Hand #HD1747210323: Hold'em No Limit ($0.02/$0.05) - 2024/04/26 12:53:20
Table 'NLHBlue31' 6-max Seat #5 is the button
Seat 1: 9fbd93c3 ($11.33 in chips)
Seat 2: b93d45ce ($5.17 in chips)
Seat 3: f6b40a83 ($9.01 in chips)
Seat 4: cb53538e ($4.88 in chips)
Seat 5: c6bc8ad6 ($5.44 in chips)
Seat 6: Hero ($5 in chips)
Hero: posts small blind $0.02
9fbd93c3: posts big blind $0.05
*** HOLE CARDS ***
Dealt to 9fbd93c3 
Dealt to b93d45ce 
Dealt to f6b40a83 
Dealt to cb53538e 
Dealt to c6bc8ad6 
Dealt to Hero [Ks Ac]
b93d45ce: folds
f6b40a83: folds
cb53538e: raises $0.06 to $0.11
c6bc8ad6: folds
Hero: raises $0.34 to $0.45
9fbd93c3: folds
cb53538e: calls $0.34
*** FLOP *** [3d 7d 8d]
Hero: checks
cb53538e: bets $0.35
Hero: folds
Uncalled bet ($0.35) returned to cb53538e
*** SHOWDOWN ***
cb53538e collected $0.91 from pot
*** SUMMARY ***
Total pot $0.95 | Rake $0.04 | Jackpot $0 | Bingo $0 | Fortune $0 | Tax $0
Board [3d 7d 8d]
Seat 1: 9fbd93c3 (big blind) folded before Flop
Seat 2: b93d45ce folded before Flop (didn't bet)
Seat 3: f6b40a83 folded before Flop (didn't bet)
Seat 4: cb53538e won ($0.91)
Seat 5: c6bc8ad6 (button) folded before Flop (didn't bet)
Seat 6: Hero (small blind) folded on the Flop


Poker Hand #HD1747210275: Hold'em No Limit ($0.02/$0.05) - 2024/04/26 12:52:50
Table 'NLHBlue31' 6-max Seat #4 is the button
Seat 1: 9fbd93c3 ($11.33 in chips)
Seat 2: b93d45ce ($5.17 in chips)
Seat 3: f6b40a83 ($9.01 in chips)
Seat 4: cb53538e ($4.88 in chips)
Seat 5: c6bc8ad6 ($5.3 in chips)
Seat 6: Hero ($5.07 in chips)
c6bc8ad6: posts small blind $0.02
Hero: posts big blind $0.05
*** HOLE CARDS ***
Dealt to 9fbd93c3 
Dealt to b93d45ce 
Dealt to f6b40a83 
Dealt to cb53538e 
Dealt to c6bc8ad6 
Dealt to Hero [4s As]
9fbd93c3: folds
b93d45ce: folds
f6b40a83: folds
cb53538e: folds
c6bc8ad6: raises $0.1 to $0.15
Hero: calls $0.1
*** FLOP *** [Qh 5d 7c]
c6bc8ad6: bets $0.23
Hero: folds
Uncalled bet ($0.23) returned to c6bc8ad6
*** SHOWDOWN ***
c6bc8ad6 collected $0.29 from pot
*** SUMMARY ***
Total pot $0.3 | Rake $0.01 | Jackpot $0 | Bingo $0 | Fortune $0 | Tax $0
Board [Qh 5d 7c]
Seat 1: 9fbd93c3 folded before Flop (didn't bet)
Seat 2: b93d45ce folded before Flop (didn't bet)
Seat 3: f6b40a83 folded before Flop (didn't bet)
Seat 4: cb53538e (button) folded before Flop (didn't bet)
Seat 5: c6bc8ad6 (small blind) won ($0.29)
Seat 6: Hero (big blind) folded on the Flop


Poker Hand #HD1747210227: Hold'em No Limit ($0.02/$0.05) - 2024/04/26 12:52:16
Table 'NLHBlue31' 6-max Seat #3 is the button
Seat 1: 9fbd93c3 ($11.33 in chips)
Seat 2: b93d45ce ($5.17 in chips)
Seat 3: f6b40a83 ($9.01 in chips)
Seat 4: cb53538e ($5.05 in chips)
Seat 5: c6bc8ad6 ($5.14 in chips)
Seat 6: Hero ($5.07 in chips)
cb53538e: posts small blind $0.02
c6bc8ad6: posts big blind $0.05
*** HOLE CARDS ***
Dealt to 9fbd93c3 
Dealt to b93d45ce 
Dealt to f6b40a83 
Dealt to cb53538e 
Dealt to c6bc8ad6 
Dealt to Hero [7d Kc]
Hero: folds
9fbd93c3: folds
b93d45ce: folds
f6b40a83: folds
cb53538e: raises $0.05 to $0.1
c6bc8ad6: calls $0.05
*** FLOP *** [Ah 9h 4s]
cb53538e: bets $0.07
c6bc8ad6: raises $0.26 to $0.33
cb53538e: folds
Uncalled bet ($0.26) returned to c6bc8ad6
*** SHOWDOWN ***
c6bc8ad6 collected $0.33 from pot
*** SUMMARY ***
Total pot $0.34 | Rake $0.01 | Jackpot $0 | Bingo $0 | Fortune $0 | Tax $0
Board [Ah 9h 4s]
Seat 1: 9fbd93c3 folded before Flop (didn't bet)
Seat 2: b93d45ce folded before Flop (didn't bet)
Seat 3: f6b40a83 (button) folded before Flop (didn't bet)
Seat 4: cb53538e (small blind) folded on the Flop
Seat 5: c6bc8ad6 (big blind) won ($0.33)
Seat 6: Hero folded before Flop (didn't bet)


Poker Hand #HD1747210187: Hold'em No Limit ($0.02/$0.05) - 2024/04/26 12:51:42
Table 'NLHBlue31' 6-max Seat #2 is the button
Seat 1: 9fbd93c3 ($11.44 in chips)
Seat 2: b93d45ce ($5.17 in chips)
Seat 3: f6b40a83 ($9.03 in chips)
Seat 4: cb53538e ($4.93 in chips)
Seat 5: c6bc8ad6 ($5.14 in chips)
Seat 6: Hero ($5.07 in chips)
f6b40a83: posts small blind $0.02
cb53538e: posts big blind $0.05
*** HOLE CARDS ***
Dealt to 9fbd93c3 
Dealt to b93d45ce 
Dealt to f6b40a83 
Dealt to cb53538e 
Dealt to c6bc8ad6 
Dealt to Hero [2d 9s]
c6bc8ad6: folds
Hero: folds
9fbd93c3: raises $0.06 to $0.11
b93d45ce: folds
f6b40a83: folds
cb53538e: raises $0.19 to $0.3
9fbd93c3: folds
Uncalled bet ($0.19) returned to cb53538e
*** SHOWDOWN ***
cb53538e collected $0.23 from pot
*** SUMMARY ***
Total pot $0.24 | Rake $0.01 | Jackpot $0 | Bingo $0 | Fortune $0 | Tax $0
Seat 1: 9fbd93c3 folded before Flop
Seat 2: b93d45ce (button) folded before Flop (didn't bet)
Seat 3: f6b40a83 (small blind) folded before Flop
Seat 4: cb53538e (big blind) collected ($0.23)
Seat 5: c6bc8ad6 folded before Flop (didn't bet)
Seat 6: Hero folded before Flop (didn't bet)


Poker Hand #HD1747210166: Hold'em No Limit ($0.02/$0.05) - 2024/04/26 12:51:26
Table 'NLHBlue31' 6-max Seat #1 is the button
Seat 1: 9fbd93c3 ($11.44 in chips)
Seat 2: b93d45ce ($5.19 in chips)
Seat 3: f6b40a83 ($9.01 in chips)
Seat 4: cb53538e ($4.93 in chips)
Seat 5: c6bc8ad6 ($5.14 in chips)
Seat 6: Hero ($5.07 in chips)
b93d45ce: posts small blind $0.02
f6b40a83: posts big blind $0.05
*** HOLE CARDS ***
Dealt to 9fbd93c3 
Dealt to b93d45ce 
Dealt to f6b40a83 
Dealt to cb53538e 
Dealt to c6bc8ad6 
Dealt to Hero [3h 2d]
cb53538e: folds
c6bc8ad6: folds
Hero: folds
9fbd93c3: folds
b93d45ce: folds
Uncalled bet ($0.03) returned to f6b40a83
*** SHOWDOWN ***
f6b40a83 collected $0.04 from pot
*** SUMMARY ***
Total pot $0.04 | Rake $0 | Jackpot $0 | Bingo $0 | Fortune $0 | Tax $0
Seat 1: 9fbd93c3 (button) folded before Flop (didn't bet)
Seat 2: b93d45ce (small blind) folded before Flop
Seat 3: f6b40a83 (big blind) collected ($0.04)
Seat 4: cb53538e folded before Flop (didn't bet)
Seat 5: c6bc8ad6 folded before Flop (didn't bet)
Seat 6: Hero folded before Flop (didn't bet)


Poker Hand #HD1747210130: Hold'em No Limit ($0.02/$0.05) - 2024/04/26 12:50:59
Table 'NLHBlue31' 6-max Seat #6 is the button
Seat 1: 9fbd93c3 ($11.46 in chips)
Seat 2: b93d45ce ($5.24 in chips)
Seat 3: f6b40a83 ($9.01 in chips)
Seat 4: cb53538e ($4.93 in chips)
Seat 5: c6bc8ad6 ($5.07 in chips)
Seat 6: Hero ($5.07 in chips)
9fbd93c3: posts small blind $0.02
b93d45ce: posts big blind $0.05
*** HOLE CARDS ***
Dealt to 9fbd93c3 
Dealt to b93d45ce 
Dealt to f6b40a83 
Dealt to cb53538e 
Dealt to c6bc8ad6 
Dealt to Hero [2s Ad]
f6b40a83: folds
cb53538e: folds
c6bc8ad6: raises $0.08 to $0.13
Hero: folds
9fbd93c3: folds
b93d45ce: folds
Uncalled bet ($0.08) returned to c6bc8ad6
*** SHOWDOWN ***
c6bc8ad6 collected $0.12 from pot
*** SUMMARY ***
Total pot $0.12 | Rake $0 | Jackpot $0 | Bingo $0 | Fortune $0 | Tax $0
Seat 1: 9fbd93c3 (small blind) folded before Flop
Seat 2: b93d45ce (big blind) folded before Flop
Seat 3: f6b40a83 folded before Flop (didn't bet)
Seat 4: cb53538e folded before Flop (didn't bet)
Seat 5: c6bc8ad6 collected ($0.12)
Seat 6: Hero (button) folded before Flop (didn't bet)


Poker Hand #HD1747210097: Hold'em No Limit ($0.02/$0.05) - 2024/04/26 12:50:37
Table 'NLHBlue31' 6-max Seat #5 is the button
Seat 1: 9fbd93c3 ($11.51 in chips)
Seat 2: b93d45ce ($5.17 in chips)
Seat 3: f6b40a83 ($9.01 in chips)
Seat 4: cb53538e ($4.93 in chips)
Seat 5: c6bc8ad6 ($5.07 in chips)
Seat 6: Hero ($5.09 in chips)
Hero: posts small blind $0.02
9fbd93c3: posts big blind $0.05
*** HOLE CARDS ***
Dealt to 9fbd93c3 
Dealt to b93d45ce 
Dealt to f6b40a83 
Dealt to cb53538e 
Dealt to c6bc8ad6 
Dealt to Hero [6s 5h]
b93d45ce: raises $0.07 to $0.12
f6b40a83: folds
cb53538e: folds
c6bc8ad6: folds
Hero: folds
9fbd93c3: folds
Uncalled bet ($0.07) returned to b93d45ce
*** SHOWDOWN ***
b93d45ce collected $0.12 from pot
*** SUMMARY ***
Total pot $0.12 | Rake $0 | Jackpot $0 | Bingo $0 | Fortune $0 | Tax $0
Seat 1: 9fbd93c3 (big blind) folded before Flop
Seat 2: b93d45ce collected ($0.12)
Seat 3: f6b40a83 folded before Flop (didn't bet)
Seat 4: cb53538e folded before Flop (didn't bet)
Seat 5: c6bc8ad6 (button) folded before Flop (didn't bet)
Seat 6: Hero (small blind) folded before Flop


Poker Hand #HD1747210078: Hold'em No Limit ($0.02/$0.05) - 2024/04/26 12:50:25
Table 'NLHBlue31' 6-max Seat #4 is the button
Seat 1: 9fbd93c3 ($11.51 in chips)
Seat 2: b93d45ce ($5.17 in chips)
Seat 3: f6b40a83 ($9.01 in chips)
Seat 4: cb53538e ($4.93 in chips)
Seat 5: c6bc8ad6 ($5.09 in chips)
Seat 6: Hero ($5.07 in chips)
c6bc8ad6: posts small blind $0.02
Hero: posts big blind $0.05
*** HOLE CARDS ***
Dealt to 9fbd93c3 
Dealt to b93d45ce 
Dealt to f6b40a83 
Dealt to cb53538e 
Dealt to c6bc8ad6 
Dealt to Hero [6h 8h]
9fbd93c3: folds
b93d45ce: folds
f6b40a83: folds
cb53538e: folds
c6bc8ad6: folds
Uncalled bet ($0.03) returned to Hero
*** SHOWDOWN ***
Hero collected $0.04 from pot
*** SUMMARY ***
Total pot $0.04 | Rake $0 | Jackpot $0 | Bingo $0 | Fortune $0 | Tax $0
Seat 1: 9fbd93c3 folded before Flop (didn't bet)
Seat 2: b93d45ce folded before Flop (didn't bet)
Seat 3: f6b40a83 folded before Flop (didn't bet)
Seat 4: cb53538e (button) folded before Flop (didn't bet)
Seat 5: c6bc8ad6 (small blind) folded before Flop
Seat 6: Hero (big blind) collected ($0.04)


Poker Hand #HD1747210060: Hold'em No Limit ($0.02/$0.05) - 2024/04/26 12:50:11
Table 'NLHBlue31' 6-max Seat #3 is the button
Seat 1: 9fbd93c3 ($11.51 in chips)
Seat 2: b93d45ce ($5.17 in chips)
Seat 3: f6b40a83 ($9.01 in chips)
Seat 4: cb53538e ($4.95 in chips)
Seat 5: c6bc8ad6 ($5.07 in chips)
Seat 6: Hero ($5.07 in chips)
cb53538e: posts small blind $0.02
c6bc8ad6: posts big blind $0.05
*** HOLE CARDS ***
Dealt to 9fbd93c3 
Dealt to b93d45ce 
Dealt to f6b40a83 
Dealt to cb53538e 
Dealt to c6bc8ad6 
Dealt to Hero [Jd 9c]
Hero: folds
9fbd93c3: folds
b93d45ce: folds
f6b40a83: folds
cb53538e: folds
Uncalled bet ($0.03) returned to c6bc8ad6
*** SHOWDOWN ***
c6bc8ad6 collected $0.04 from pot
*** SUMMARY ***
Total pot $0.04 | Rake $0 | Jackpot $0 | Bingo $0 | Fortune $0 | Tax $0
Seat 1: 9fbd93c3 folded before Flop (didn't bet)
Seat 2: b93d45ce folded before Flop (didn't bet)
Seat 3: f6b40a83 (button) folded before Flop (didn't bet)
Seat 4: cb53538e (small blind) folded before Flop
Seat 5: c6bc8ad6 (big blind) collected ($0.04)
Seat 6: Hero folded before Flop (didn't bet)


Poker Hand #HD1747210032: Hold'em No Limit ($0.02/$0.05) - 2024/04/26 12:49:54
Table 'NLHBlue31' 6-max Seat #2 is the button
Seat 1: 9fbd93c3 ($11.51 in chips)
Seat 2: b93d45ce ($5.17 in chips)
Seat 3: f6b40a83 ($9.03 in chips)
Seat 4: cb53538e ($5 in chips)
Seat 5: c6bc8ad6 ($5 in chips)
Seat 6: Hero ($5.07 in chips)
f6b40a83: posts small blind $0.02
cb53538e: posts big blind $0.05
*** HOLE CARDS ***
Dealt to 9fbd93c3 
Dealt to b93d45ce 
Dealt to f6b40a83 
Dealt to cb53538e 
Dealt to c6bc8ad6 
Dealt to Hero [5s 8c]
c6bc8ad6: raises $0.09 to $0.14
Hero: folds
9fbd93c3: folds
b93d45ce: folds
f6b40a83: folds
cb53538e: folds
Uncalled bet ($0.09) returned to c6bc8ad6
*** SHOWDOWN ***
c6bc8ad6 collected $0.12 from pot
*** SUMMARY ***
Total pot $0.12 | Rake $0 | Jackpot $0 | Bingo $0 | Fortune $0 | Tax $0
Seat 1: 9fbd93c3 folded before Flop (didn't bet)
Seat 2: b93d45ce (button) folded before Flop (didn't bet)
Seat 3: f6b40a83 (small blind) folded before Flop
Seat 4: cb53538e (big blind) folded before Flop
Seat 5: c6bc8ad6 collected ($0.12)
Seat 6: Hero folded before Flop (didn't bet)


Poker Hand #HD1747210003: Hold'em No Limit ($0.02/$0.05) - 2024/04/26 12:49:36
Table 'NLHBlue31' 6-max Seat #1 is the button
Seat 1: 9fbd93c3 ($11.44 in chips)
Seat 2: b93d45ce ($5.19 in chips)
Seat 3: f6b40a83 ($9.08 in chips)
Seat 5: c6bc8ad6 ($5 in chips)
Seat 6: Hero ($5.07 in chips)
b93d45ce: posts small blind $0.02
f6b40a83: posts big blind $0.05
*** HOLE CARDS ***
Dealt to 9fbd93c3 
Dealt to b93d45ce 
Dealt to f6b40a83 
Dealt to c6bc8ad6 
Dealt to Hero [3d Kc]
c6bc8ad6: folds
Hero: folds
9fbd93c3: raises $0.06 to $0.11
b93d45ce: folds
f6b40a83: folds
Uncalled bet ($0.06) returned to 9fbd93c3
*** SHOWDOWN ***
9fbd93c3 collected $0.12 from pot
*** SUMMARY ***
Total pot $0.12 | Rake $0 | Jackpot $0 | Bingo $0 | Fortune $0 | Tax $0
Seat 1: 9fbd93c3 (button) collected ($0.12)
Seat 2: b93d45ce (small blind) folded before Flop
Seat 3: f6b40a83 (big blind) folded before Flop
Seat 5: c6bc8ad6 folded before Flop (didn't bet)
Seat 6: Hero folded before Flop (didn't bet)


Poker Hand #HD1747209982: Hold'em No Limit ($0.02/$0.05) - 2024/04/26 12:49:22
Table 'NLHBlue31' 6-max Seat #6 is the button
Seat 1: 9fbd93c3 ($11.46 in chips)
Seat 2: b93d45ce ($5.24 in chips)
Seat 3: f6b40a83 ($9.08 in chips)
Seat 5: c6bc8ad6 ($5 in chips)
Seat 6: Hero ($5 in chips)
9fbd93c3: posts small blind $0.02
b93d45ce: posts big blind $0.05
*** HOLE CARDS ***
Dealt to 9fbd93c3 
Dealt to b93d45ce 
Dealt to f6b40a83 
Dealt to c6bc8ad6 
Dealt to Hero [Kc Ah]
f6b40a83: folds
c6bc8ad6: folds
Hero: raises $0.07 to $0.12
9fbd93c3: folds
b93d45ce: folds
Uncalled bet ($0.07) returned to Hero
*** SHOWDOWN ***
Hero collected $0.12 from pot
*** SUMMARY ***
Total pot $0.12 | Rake $0 | Jackpot $0 | Bingo $0 | Fortune $0 | Tax $0
Seat 1: 9fbd93c3 (small blind) folded before Flop
Seat 2: b93d45ce (big blind) folded before Flop
Seat 3: f6b40a83 folded before Flop (didn't bet)
Seat 5: c6bc8ad6 folded before Flop (didn't bet)
Seat 6: Hero (button) collected ($0.12)


Poker Hand #HD1747209969: Hold'em No Limit ($0.02/$0.05) - 2024/04/26 12:49:14
Table 'NLHBlue31' 6-max Seat #5 is the button
Seat 1: 9fbd93c3 ($11.44 in chips)
Seat 2: b93d45ce ($5.24 in chips)
Seat 3: f6b40a83 ($9.08 in chips)
Seat 5: c6bc8ad6 ($5 in chips)
Seat 6: Hero ($5.02 in chips)
Hero: posts small blind $0.02
9fbd93c3: posts big blind $0.05
*** HOLE CARDS ***
Dealt to 9fbd93c3 
Dealt to b93d45ce 
Dealt to f6b40a83 
Dealt to c6bc8ad6 
Dealt to Hero [9d 2h]
b93d45ce: folds
f6b40a83: folds
c6bc8ad6: folds
Hero: folds
Uncalled bet ($0.03) returned to 9fbd93c3
*** SHOWDOWN ***
9fbd93c3 collected $0.04 from pot
*** SUMMARY ***
Total pot $0.04 | Rake $0 | Jackpot $0 | Bingo $0 | Fortune $0 | Tax $0
Seat 1: 9fbd93c3 (big blind) collected ($0.04)
Seat 2: b93d45ce folded before Flop (didn't bet)
Seat 3: f6b40a83 folded before Flop (didn't bet)
Seat 5: c6bc8ad6 (button) folded before Flop (didn't bet)
Seat 6: Hero (small blind) folded before Flop


Poker Hand #HD1747209930: Hold'em No Limit ($0.02/$0.05) - 2024/04/26 12:48:49
Table 'NLHBlue31' 6-max Seat #3 is the button
Seat 1: 9fbd93c3 ($11.55 in chips)
Seat 2: b93d45ce ($5.07 in chips)
Seat 3: f6b40a83 ($9.08 in chips)
Seat 5: c6bc8ad6 ($5 in chips)
Seat 6: Hero ($5.07 in chips)
c6bc8ad6: posts small blind $0.02
Hero: posts big blind $0.05
*** HOLE CARDS ***
Dealt to 9fbd93c3 
Dealt to b93d45ce 
Dealt to f6b40a83 
Dealt to c6bc8ad6 
Dealt to Hero [9h Jh]
9fbd93c3: raises $0.06 to $0.11
b93d45ce: raises $0.23 to $0.34
f6b40a83: folds
c6bc8ad6: folds
Hero: folds
9fbd93c3: folds
Uncalled bet ($0.23) returned to b93d45ce
*** SHOWDOWN ***
b93d45ce collected $0.28 from pot
*** SUMMARY ***
Total pot $0.29 | Rake $0.01 | Jackpot $0 | Bingo $0 | Fortune $0 | Tax $0
Seat 1: 9fbd93c3 folded before Flop
Seat 2: b93d45ce collected ($0.28)
Seat 3: f6b40a83 (button) folded before Flop (didn't bet)
Seat 5: c6bc8ad6 (small blind) folded before Flop
Seat 6: Hero (big blind) folded before Flop


Poker Hand #HD1747209909: Hold'em No Limit ($0.02/$0.05) - 2024/04/26 12:48:32
Table 'NLHBlue31' 6-max Seat #2 is the button
Seat 1: 9fbd93c3 ($11.55 in chips)
Seat 2: b93d45ce ($5 in chips)
Seat 3: f6b40a83 ($9.1 in chips)
Seat 5: c6bc8ad6 ($5.04 in chips)
Seat 6: Hero ($5.07 in chips)
f6b40a83: posts small blind $0.02
c6bc8ad6: posts big blind $0.05
*** HOLE CARDS ***
Dealt to 9fbd93c3 
Dealt to b93d45ce 
Dealt to f6b40a83 
Dealt to c6bc8ad6 
Dealt to Hero [Qc 5s]
Hero: folds
9fbd93c3: folds
b93d45ce: raises $0.07 to $0.12
f6b40a83: folds
c6bc8ad6: folds
Uncalled bet ($0.07) returned to b93d45ce
*** SHOWDOWN ***
b93d45ce collected $0.12 from pot
*** SUMMARY ***
Total pot $0.12 | Rake $0 | Jackpot $0 | Bingo $0 | Fortune $0 | Tax $0
Seat 1: 9fbd93c3 folded before Flop (didn't bet)
Seat 2: b93d45ce (button) collected ($0.12)
Seat 3: f6b40a83 (small blind) folded before Flop
Seat 5: c6bc8ad6 (big blind) folded before Flop
Seat 6: Hero folded before Flop (didn't bet)


Poker Hand #HD1747209895: Hold'em No Limit ($0.02/$0.05) - 2024/04/26 12:48:23
Table 'NLHBlue31' 6-max Seat #1 is the button
Seat 1: 9fbd93c3 ($11.55 in chips)
Seat 2: b93d45ce ($5.02 in chips)
Seat 3: f6b40a83 ($9.08 in chips)
Seat 5: c6bc8ad6 ($5.04 in chips)
Seat 6: Hero ($5.07 in chips)
b93d45ce: posts small blind $0.02
f6b40a83: posts big blind $0.05
*** HOLE CARDS ***
Dealt to 9fbd93c3 
Dealt to b93d45ce 
Dealt to f6b40a83 
Dealt to c6bc8ad6 
Dealt to Hero [9c 3d]
c6bc8ad6: folds
Hero: folds
9fbd93c3: folds
b93d45ce: folds
Uncalled bet ($0.03) returned to f6b40a83
*** SHOWDOWN ***
f6b40a83 collected $0.04 from pot
*** SUMMARY ***
Total pot $0.04 | Rake $0 | Jackpot $0 | Bingo $0 | Fortune $0 | Tax $0
Seat 1: 9fbd93c3 (button) folded before Flop (didn't bet)
Seat 2: b93d45ce (small blind) folded before Flop
Seat 3: f6b40a83 (big blind) collected ($0.04)
Seat 5: c6bc8ad6 folded before Flop (didn't bet)
Seat 6: Hero folded before Flop (didn't bet)


Poker Hand #HD1747209879: Hold'em No Limit ($0.02/$0.05) - 2024/04/26 12:48:14
Table 'NLHBlue31' 6-max Seat #6 is the button
Seat 1: 9fbd93c3 ($11.57 in chips)
Seat 2: b93d45ce ($5 in chips)
Seat 3: f6b40a83 ($9.08 in chips)
Seat 5: c6bc8ad6 ($5.04 in chips)
Seat 6: Hero ($5.07 in chips)
9fbd93c3: posts small blind $0.02
b93d45ce: posts big blind $0.05
*** HOLE CARDS ***
Dealt to 9fbd93c3 
Dealt to b93d45ce 
Dealt to f6b40a83 
Dealt to c6bc8ad6 
Dealt to Hero [6h Qs]
f6b40a83: folds
c6bc8ad6: folds
Hero: folds
9fbd93c3: folds
Uncalled bet ($0.03) returned to b93d45ce
*** SHOWDOWN ***
b93d45ce collected $0.04 from pot
*** SUMMARY ***
Total pot $0.04 | Rake $0 | Jackpot $0 | Bingo $0 | Fortune $0 | Tax $0
Seat 1: 9fbd93c3 (small blind) folded before Flop
Seat 2: b93d45ce (big blind) collected ($0.04)
Seat 3: f6b40a83 folded before Flop (didn't bet)
Seat 5: c6bc8ad6 folded before Flop (didn't bet)
Seat 6: Hero (button) folded before Flop (didn't bet)


Poker Hand #HD1747209857: Hold'em No Limit ($0.02/$0.05) - 2024/04/26 12:47:57
Table 'NLHBlue31' 6-max Seat #5 is the button
Seat 1: 9fbd93c3 ($11.62 in chips)
Seat 3: f6b40a83 ($9.01 in chips)
Seat 4: e6612b67 ($6.75 in chips)
Seat 5: c6bc8ad6 ($5.04 in chips)
Seat 6: Hero ($5.09 in chips)
Hero: posts small blind $0.02
9fbd93c3: posts big blind $0.05
*** HOLE CARDS ***
Dealt to 9fbd93c3 
Dealt to f6b40a83 
Dealt to e6612b67 
Dealt to c6bc8ad6 
Dealt to Hero [5h 3h]
f6b40a83: raises $0.15 to $0.2
e6612b67: folds
c6bc8ad6: folds
Hero: folds
9fbd93c3: folds
Uncalled bet ($0.15) returned to f6b40a83
*** SHOWDOWN ***
f6b40a83 collected $0.12 from pot
*** SUMMARY ***
Total pot $0.12 | Rake $0 | Jackpot $0 | Bingo $0 | Fortune $0 | Tax $0
Seat 1: 9fbd93c3 (big blind) folded before Flop
Seat 3: f6b40a83 collected ($0.12)
Seat 4: e6612b67 folded before Flop (didn't bet)
Seat 5: c6bc8ad6 (button) folded before Flop (didn't bet)
Seat 6: Hero (small blind) folded before Flop


Poker Hand #HD1747209828: Hold'em No Limit ($0.02/$0.05) - 2024/04/26 12:47:38
Table 'NLHBlue31' 6-max Seat #4 is the button
Seat 1: 9fbd93c3 ($11.62 in chips)
Seat 3: f6b40a83 ($9.01 in chips)
Seat 4: e6612b67 ($6.75 in chips)
Seat 5: c6bc8ad6 ($5.06 in chips)
Seat 6: Hero ($5.07 in chips)
c6bc8ad6: posts small blind $0.02
Hero: posts big blind $0.05
*** HOLE CARDS ***
Dealt to 9fbd93c3 
Dealt to f6b40a83 
Dealt to e6612b67 
Dealt to c6bc8ad6 
Dealt to Hero [9h 6s]
9fbd93c3: folds
f6b40a83: folds
e6612b67: folds
c6bc8ad6: folds
Uncalled bet ($0.03) returned to Hero
*** SHOWDOWN ***
Hero collected $0.04 from pot
*** SUMMARY ***
Total pot $0.04 | Rake $0 | Jackpot $0 | Bingo $0 | Fortune $0 | Tax $0
Seat 1: 9fbd93c3 folded before Flop (didn't bet)
Seat 3: f6b40a83 folded before Flop (didn't bet)
Seat 4: e6612b67 (button) folded before Flop (didn't bet)
Seat 5: c6bc8ad6 (small blind) folded before Flop
Seat 6: Hero (big blind) collected ($0.04)


Poker Hand #HD1747209768: Hold'em No Limit ($0.02/$0.05) - 2024/04/26 12:47:07
Table 'NLHBlue31' 6-max Seat #3 is the button
Seat 1: 9fbd93c3 ($11.62 in chips)
Seat 3: f6b40a83 ($9.01 in chips)
Seat 4: e6612b67 ($6.63 in chips)
Seat 5: c6bc8ad6 ($5.19 in chips)
Seat 6: Hero ($5.07 in chips)
e6612b67: posts small blind $0.02
c6bc8ad6: posts big blind $0.05
*** HOLE CARDS ***
Dealt to 9fbd93c3 
Dealt to f6b40a83 
Dealt to e6612b67 
Dealt to c6bc8ad6 
Dealt to Hero [2d Ad]
Hero: folds
9fbd93c3: folds
f6b40a83: folds
e6612b67: raises $0.08 to $0.13
c6bc8ad6: calls $0.08
*** FLOP *** [2c 5c 8c]
e6612b67: bets $0.13
c6bc8ad6: folds
Uncalled bet ($0.13) returned to e6612b67
*** SHOWDOWN ***
e6612b67 collected $0.25 from pot
*** SUMMARY ***
Total pot $0.26 | Rake $0.01 | Jackpot $0 | Bingo $0 | Fortune $0 | Tax $0
Board [2c 5c 8c]
Seat 1: 9fbd93c3 folded before Flop (didn't bet)
Seat 3: f6b40a83 (button) folded before Flop (didn't bet)
Seat 4: e6612b67 (small blind) won ($0.25)
Seat 5: c6bc8ad6 (big blind) folded on the Flop
Seat 6: Hero folded before Flop (didn't bet)


Poker Hand #HD1747209753: Hold'em No Limit ($0.02/$0.05) - 2024/04/26 12:46:55
Table 'NLHBlue31' 6-max Seat #1 is the button
Seat 1: 9fbd93c3 ($11.62 in chips)
Seat 3: f6b40a83 ($9.03 in chips)
Seat 4: e6612b67 ($6.61 in chips)
Seat 5: c6bc8ad6 ($5.19 in chips)
Seat 6: Hero ($5.07 in chips)
f6b40a83: posts small blind $0.02
e6612b67: posts big blind $0.05
*** HOLE CARDS ***
Dealt to 9fbd93c3 
Dealt to f6b40a83 
Dealt to e6612b67 
Dealt to c6bc8ad6 
Dealt to Hero [5s Td]
c6bc8ad6: folds
Hero: folds
9fbd93c3: folds
f6b40a83: folds
Uncalled bet ($0.03) returned to e6612b67
*** SHOWDOWN ***
e6612b67 collected $0.04 from pot
*** SUMMARY ***
Total pot $0.04 | Rake $0 | Jackpot $0 | Bingo $0 | Fortune $0 | Tax $0
Seat 1: 9fbd93c3 (button) folded before Flop (didn't bet)
Seat 3: f6b40a83 (small blind) folded before Flop
Seat 4: e6612b67 (big blind) collected ($0.04)
Seat 5: c6bc8ad6 folded before Flop (didn't bet)
Seat 6: Hero folded before Flop (didn't bet)


Poker Hand #HD1747209726: Hold'em No Limit ($0.02/$0.05) - 2024/04/26 12:46:39
Table 'NLHBlue31' 6-max Seat #6 is the button
Seat 1: 9fbd93c3 ($11.64 in chips)
Seat 3: f6b40a83 ($9.08 in chips)
Seat 4: e6612b67 ($6.61 in chips)
Seat 5: c6bc8ad6 ($5.19 in chips)
Seat 6: Hero ($5 in chips)
9fbd93c3: posts small blind $0.02
f6b40a83: posts big blind $0.05
*** HOLE CARDS ***
Dealt to 9fbd93c3 
Dealt to f6b40a83 
Dealt to e6612b67 
Dealt to c6bc8ad6 
Dealt to Hero [Qs Ks]
e6612b67: folds
c6bc8ad6: folds
Hero: raises $0.07 to $0.12
9fbd93c3: folds
f6b40a83: folds
Uncalled bet ($0.07) returned to Hero
*** SHOWDOWN ***
Hero collected $0.12 from pot
*** SUMMARY ***
Total pot $0.12 | Rake $0 | Jackpot $0 | Bingo $0 | Fortune $0 | Tax $0
Seat 1: 9fbd93c3 (small blind) folded before Flop
Seat 3: f6b40a83 (big blind) folded before Flop
Seat 4: e6612b67 folded before Flop (didn't bet)
Seat 5: c6bc8ad6 folded before Flop (didn't bet)
Seat 6: Hero (button) collected ($0.12)


Poker Hand #HD1747209656: Hold'em No Limit ($0.02/$0.05) - 2024/04/26 12:45:58
Table 'NLHBlue31' 6-max Seat #5 is the button
Seat 1: 9fbd93c3 ($11.77 in chips)
Seat 3: f6b40a83 ($9.08 in chips)
Seat 4: e6612b67 ($6.47 in chips)
Seat 5: c6bc8ad6 ($5.19 in chips)
Seat 6: Hero ($5 in chips)
Hero: posts small blind $0.02
9fbd93c3: posts big blind $0.05
*** HOLE CARDS ***
Dealt to 9fbd93c3 
Dealt to f6b40a83 
Dealt to e6612b67 
Dealt to c6bc8ad6 
Dealt to Hero [Td 2s]
f6b40a83: folds
e6612b67: raises $0.08 to $0.13
c6bc8ad6: folds
Hero: folds
9fbd93c3: calls $0.08
*** FLOP *** [3h 2h 4s]
9fbd93c3: checks
e6612b67: bets $0.21
9fbd93c3: folds
Uncalled bet ($0.21) returned to e6612b67
*** SHOWDOWN ***
e6612b67 collected $0.27 from pot
*** SUMMARY ***
Total pot $0.28 | Rake $0.01 | Jackpot $0 | Bingo $0 | Fortune $0 | Tax $0
Board [3h 2h 4s]
Seat 1: 9fbd93c3 (big blind) folded on the Flop
Seat 3: f6b40a83 folded before Flop (didn't bet)
Seat 4: e6612b67 won ($0.27)
Seat 5: c6bc8ad6 (button) folded before Flop (didn't bet)
Seat 6: Hero (small blind) folded before Flop


Poker Hand #HD1747209606: Hold'em No Limit ($0.02/$0.05) - 2024/04/26 12:45:32
Table 'NLHBlue31' 6-max Seat #4 is the button
Seat 1: 9fbd93c3 ($11.88 in chips)
Seat 3: f6b40a83 ($9.08 in chips)
Seat 4: e6612b67 ($6.3 in chips)
Seat 5: c6bc8ad6 ($5.21 in chips)
Seat 6: Hero ($5 in chips)
c6bc8ad6: posts small blind $0.02
Hero: posts big blind $0.05
*** HOLE CARDS ***
Dealt to 9fbd93c3 
Dealt to f6b40a83 
Dealt to e6612b67 
Dealt to c6bc8ad6 
Dealt to Hero [5d Qs]
9fbd93c3: raises $0.06 to $0.11
f6b40a83: folds
e6612b67: raises $0.35 to $0.46
c6bc8ad6: folds
Hero: folds
9fbd93c3: folds
Uncalled bet ($0.35) returned to e6612b67
*** SHOWDOWN ***
e6612b67 collected $0.28 from pot
*** SUMMARY ***
Total pot $0.29 | Rake $0.01 | Jackpot $0 | Bingo $0 | Fortune $0 | Tax $0
Seat 1: 9fbd93c3 folded before Flop
Seat 3: f6b40a83 folded before Flop (didn't bet)
Seat 4: e6612b67 (button) collected ($0.28)
Seat 5: c6bc8ad6 (small blind) folded before Flop
Seat 6: Hero (big blind) folded before Flop


Poker Hand #HD1747209595: Hold'em No Limit ($0.02/$0.05) - 2024/04/26 12:45:24
Table 'NLHBlue31' 6-max Seat #3 is the button
Seat 1: 9fbd93c3 ($11.88 in chips)
Seat 3: f6b40a83 ($9.08 in chips)
Seat 4: e6612b67 ($6.32 in chips)
Seat 5: c6bc8ad6 ($5.19 in chips)
Seat 6: Hero ($5 in chips)
e6612b67: posts small blind $0.02
c6bc8ad6: posts big blind $0.05
*** HOLE CARDS ***
Dealt to 9fbd93c3 
Dealt to f6b40a83 
Dealt to e6612b67 
Dealt to c6bc8ad6 
Dealt to Hero [7s 5s]
Hero: folds
9fbd93c3: folds
f6b40a83: folds
e6612b67: folds
Uncalled bet ($0.03) returned to c6bc8ad6
*** SHOWDOWN ***
c6bc8ad6 collected $0.04 from pot
*** SUMMARY ***
Total pot $0.04 | Rake $0 | Jackpot $0 | Bingo $0 | Fortune $0 | Tax $0
Seat 1: 9fbd93c3 folded before Flop (didn't bet)
Seat 3: f6b40a83 (button) folded before Flop (didn't bet)
Seat 4: e6612b67 (small blind) folded before Flop
Seat 5: c6bc8ad6 (big blind) collected ($0.04)
Seat 6: Hero folded before Flop (didn't bet)


Poker Hand #HD1747209548: Hold'em No Limit ($0.02/$0.05) - 2024/04/26 12:44:49
Table 'NLHBlue31' 6-max Seat #1 is the button
Seat 1: 9fbd93c3 ($11.88 in chips)
Seat 3: f6b40a83 ($9.23 in chips)
Seat 4: e6612b67 ($6.37 in chips)
Seat 5: c6bc8ad6 ($5 in chips)
Seat 6: Hero ($5 in chips)
f6b40a83: posts small blind $0.02
e6612b67: posts big blind $0.05
*** HOLE CARDS ***
Dealt to 9fbd93c3 
Dealt to f6b40a83 
Dealt to e6612b67 
Dealt to c6bc8ad6 
Dealt to Hero [Kc 9h]
c6bc8ad6: raises $0.1 to $0.15
Hero: folds
9fbd93c3: folds
f6b40a83: calls $0.13
e6612b67: folds
*** FLOP *** [3d 6d 9d]
f6b40a83: checks
c6bc8ad6: bets $0.18
f6b40a83: folds
Uncalled bet ($0.18) returned to c6bc8ad6
*** SHOWDOWN ***
c6bc8ad6 collected $0.34 from pot
*** SUMMARY ***
Total pot $0.35 | Rake $0.01 | Jackpot $0 | Bingo $0 | Fortune $0 | Tax $0
Board [3d 6d 9d]
Seat 1: 9fbd93c3 (button) folded before Flop (didn't bet)
Seat 3: f6b40a83 (small blind) folded on the Flop
Seat 4: e6612b67 (big blind) folded before Flop
Seat 5: c6bc8ad6 won ($0.34)
Seat 6: Hero folded before Flop (didn't bet)


Poker Hand #HD1747209520: Hold'em No Limit ($0.02/$0.05) - 2024/04/26 12:44:30
Table 'NLHBlue31' 6-max Seat #6 is the button
Seat 1: 9fbd93c3 ($11.9 in chips)
Seat 3: f6b40a83 ($9.21 in chips)
Seat 4: e6612b67 ($6.37 in chips)
Seat 5: c6bc8ad6 ($5 in chips)
Seat 6: Hero ($5 in chips)
9fbd93c3: posts small blind $0.02
f6b40a83: posts big blind $0.05
*** HOLE CARDS ***
Dealt to 9fbd93c3 
Dealt to f6b40a83 
Dealt to e6612b67 
Dealt to c6bc8ad6 
Dealt to Hero [3h 3c]
e6612b67: folds
c6bc8ad6: folds
Hero: folds
9fbd93c3: folds
Uncalled bet ($0.03) returned to f6b40a83
*** SHOWDOWN ***
f6b40a83 collected $0.04 from pot
*** SUMMARY ***
Total pot $0.04 | Rake $0 | Jackpot $0 | Bingo $0 | Fortune $0 | Tax $0
Seat 1: 9fbd93c3 (small blind) folded before Flop
Seat 3: f6b40a83 (big blind) collected ($0.04)
Seat 4: e6612b67 folded before Flop (didn't bet)
Seat 5: c6bc8ad6 folded before Flop (didn't bet)
Seat 6: Hero (button) folded before Flop (didn't bet)


Poker Hand #HD1747209488: Hold'em No Limit ($0.02/$0.05) - 2024/04/26 12:44:04
Table 'NLHBlue31' 6-max Seat #5 is the button
Seat 1: 9fbd93c3 ($11.76 in chips)
Seat 3: f6b40a83 ($9.21 in chips)
Seat 4: e6612b67 ($6.37 in chips)
Seat 5: c6bc8ad6 ($5 in chips)
Seat 6: Hero ($5.02 in chips)
Hero: posts small blind $0.02
9fbd93c3: posts big blind $0.05
*** HOLE CARDS ***
Dealt to 9fbd93c3 
Dealt to f6b40a83 
Dealt to e6612b67 
Dealt to c6bc8ad6 
Dealt to Hero [Kc 6c]
f6b40a83: folds
e6612b67: folds
c6bc8ad6: folds
Hero: raises $0.1 to $0.15
9fbd93c3: raises $0.29 to $0.44
Hero: folds
Uncalled bet ($0.29) returned to 9fbd93c3
*** SHOWDOWN ***
9fbd93c3 collected $0.29 from pot
*** SUMMARY ***
Total pot $0.3 | Rake $0.01 | Jackpot $0 | Bingo $0 | Fortune $0 | Tax $0
Seat 1: 9fbd93c3 (big blind) collected ($0.29)
Seat 3: f6b40a83 folded before Flop (didn't bet)
Seat 4: e6612b67 folded before Flop (didn't bet)
Seat 5: c6bc8ad6 (button) folded before Flop (didn't bet)
Seat 6: Hero (small blind) folded before Flop


Poker Hand #HD1747209417: Hold'em No Limit ($0.02/$0.05) - 2024/04/26 12:43:13
Table 'NLHBlue31' 6-max Seat #4 is the button
Seat 1: 9fbd93c3 ($11.76 in chips)
Seat 3: f6b40a83 ($8.82 in chips)
Seat 4: e6612b67 ($6.37 in chips)
Seat 5: c6bc8ad6 ($5 in chips)
Seat 6: Hero ($5.07 in chips)
c6bc8ad6: posts small blind $0.02
Hero: posts big blind $0.05
*** HOLE CARDS ***
Dealt to 9fbd93c3 
Dealt to f6b40a83 
Dealt to e6612b67 
Dealt to c6bc8ad6 
Dealt to Hero [4d Ac]
9fbd93c3: folds
f6b40a83: raises $0.1 to $0.15
e6612b67: folds
c6bc8ad6: calls $0.13
Hero: folds
*** FLOP *** [6h 5d 8h]
c6bc8ad6: checks
f6b40a83: checks
*** TURN *** [6h 5d 8h] [3h]
c6bc8ad6: bets $0.18
f6b40a83: calls $0.18
*** RIVER *** [6h 5d 8h 3h] [Jh]
c6bc8ad6: bets $0.05
f6b40a83: raises $0.61 to $0.66
c6bc8ad6: folds
Uncalled bet ($0.61) returned to f6b40a83
*** SHOWDOWN ***
f6b40a83 collected $0.77 from pot
*** SUMMARY ***
Total pot $0.81 | Rake $0.04 | Jackpot $0 | Bingo $0 | Fortune $0 | Tax $0
Board [6h 5d 8h 3h Jh]
Seat 1: 9fbd93c3 folded before Flop (didn't bet)
Seat 3: f6b40a83 won ($0.77)
Seat 4: e6612b67 (button) folded before Flop (didn't bet)
Seat 5: c6bc8ad6 (small blind) folded on the River
Seat 6: Hero (big blind) folded before Flop


Poker Hand #HD1747209400: Hold'em No Limit ($0.02/$0.05) - 2024/04/26 12:42:56
Table 'NLHBlue31' 6-max Seat #3 is the button
Seat 1: 9fbd93c3 ($11.76 in chips)
Seat 3: f6b40a83 ($8.82 in chips)
Seat 4: e6612b67 ($6.39 in chips)
Seat 5: c6bc8ad6 ($5 in chips)
Seat 6: Hero ($5 in chips)
e6612b67: posts small blind $0.02
c6bc8ad6: posts big blind $0.05
*** HOLE CARDS ***
Dealt to 9fbd93c3 
Dealt to f6b40a83 
Dealt to e6612b67 
Dealt to c6bc8ad6 
Dealt to Hero [As Kc]
Hero: raises $0.05 to $0.1
9fbd93c3: folds
f6b40a83: folds
e6612b67: folds
c6bc8ad6: folds
Uncalled bet ($0.05) returned to Hero
*** SHOWDOWN ***
Hero collected $0.12 from pot
*** SUMMARY ***
Total pot $0.12 | Rake $0 | Jackpot $0 | Bingo $0 | Fortune $0 | Tax $0
Seat 1: 9fbd93c3 folded before Flop (didn't bet)
Seat 3: f6b40a83 (button) folded before Flop (didn't bet)
Seat 4: e6612b67 (small blind) folded before Flop
Seat 5: c6bc8ad6 (big blind) folded before Flop
Seat 6: Hero collected ($0.12)


Poker Hand #HD1747209288: Hold'em No Limit ($0.02/$0.05) - 2024/04/26 12:41:32
Table 'NLHBlue31' 6-max Seat #1 is the button
Seat 1: 9fbd93c3 ($11.76 in chips)
Seat 3: f6b40a83 ($8.13 in chips)
Seat 4: e6612b67 ($6.76 in chips)
Seat 5: c6bc8ad6 ($5 in chips)
Seat 6: Hero ($5 in chips)
f6b40a83: posts small blind $0.02
e6612b67: posts big blind $0.05
*** HOLE CARDS ***
Dealt to 9fbd93c3 
Dealt to f6b40a83 
Dealt to e6612b67 
Dealt to c6bc8ad6 
Dealt to Hero [5s 8h]
c6bc8ad6: raises $0.08 to $0.13
Hero: folds
9fbd93c3: folds
f6b40a83: raises $0.24 to $0.37
e6612b67: calls $0.32
c6bc8ad6: calls $0.24
*** FLOP *** [4s 9c 5h]
f6b40a83: bets $0.56
e6612b67: folds
c6bc8ad6: folds
Uncalled bet ($0.56) returned to f6b40a83
*** SHOWDOWN ***
f6b40a83 collected $1.06 from pot
*** SUMMARY ***
Total pot $1.11 | Rake $0.05 | Jackpot $0 | Bingo $0 | Fortune $0 | Tax $0
Board [4s 9c 5h]
Seat 1: 9fbd93c3 (button) folded before Flop (didn't bet)
Seat 3: f6b40a83 (small blind) won ($1.06)
Seat 4: e6612b67 (big blind) folded on the Flop
Seat 5: c6bc8ad6 folded on the Flop
Seat 6: Hero folded before Flop (didn't bet)


Poker Hand #HD1747209269: Hold'em No Limit ($0.02/$0.05) - 2024/04/26 12:41:16
Table 'NLHBlue31' 6-max Seat #6 is the button
Seat 1: 9fbd93c3 ($11.78 in chips)
Seat 3: f6b40a83 ($8.11 in chips)
Seat 4: e6612b67 ($6.76 in chips)
Seat 5: c6bc8ad6 ($5 in chips)
Seat 6: Hero ($5 in chips)
9fbd93c3: posts small blind $0.02
f6b40a83: posts big blind $0.05
*** HOLE CARDS ***
Dealt to 9fbd93c3 
Dealt to f6b40a83 
Dealt to e6612b67 
Dealt to c6bc8ad6 
Dealt to Hero [4s 8d]
e6612b67: folds
c6bc8ad6: folds
Hero: folds
9fbd93c3: folds
Uncalled bet ($0.03) returned to f6b40a83
*** SHOWDOWN ***
f6b40a83 collected $0.04 from pot
*** SUMMARY ***
Total pot $0.04 | Rake $0 | Jackpot $0 | Bingo $0 | Fortune $0 | Tax $0
Seat 1: 9fbd93c3 (small blind) folded before Flop
Seat 3: f6b40a83 (big blind) collected ($0.04)
Seat 4: e6612b67 folded before Flop (didn't bet)
Seat 5: c6bc8ad6 folded before Flop (didn't bet)
Seat 6: Hero (button) folded before Flop (didn't bet)


Poker Hand #HD1747209228: Hold'em No Limit ($0.02/$0.05) - 2024/04/26 12:40:52
Table 'NLHBlue31' 6-max Seat #5 is the button
Seat 1: 9fbd93c3 ($11.83 in chips)
Seat 3: f6b40a83 ($8.11 in chips)
Seat 4: e6612b67 ($6.69 in chips)
Seat 5: c6bc8ad6 ($5 in chips)
Seat 6: Hero ($5 in chips)
Hero: posts small blind $0.02
9fbd93c3: posts big blind $0.05
*** HOLE CARDS ***
Dealt to 9fbd93c3 
Dealt to f6b40a83 
Dealt to e6612b67 
Dealt to c6bc8ad6 
Dealt to Hero [9s Ah]
f6b40a83: folds
e6612b67: raises $0.08 to $0.13
c6bc8ad6: folds
Hero: folds
9fbd93c3: folds
Uncalled bet ($0.08) returned to e6612b67
*** SHOWDOWN ***
e6612b67 collected $0.12 from pot
*** SUMMARY ***
Total pot $0.12 | Rake $0 | Jackpot $0 | Bingo $0 | Fortune $0 | Tax $0
Seat 1: 9fbd93c3 (big blind) folded before Flop
Seat 3: f6b40a83 folded before Flop (didn't bet)
Seat 4: e6612b67 collected ($0.12)
Seat 5: c6bc8ad6 (button) folded before Flop (didn't bet)
Seat 6: Hero (small blind) folded before Flop


Poker Hand #HD1747209166: Hold'em No Limit ($0.02/$0.05) - 2024/04/26 12:40:03
Table 'NLHBlue31' 6-max Seat #4 is the button
Seat 1: 9fbd93c3 ($11.83 in chips)
Seat 3: f6b40a83 ($7.65 in chips)
Seat 4: e6612b67 ($6.69 in chips)
Seat 5: c6bc8ad6 ($5.02 in chips)
Seat 6: Hero ($5 in chips)
c6bc8ad6: posts small blind $0.02
Hero: posts big blind $0.05
*** HOLE CARDS ***
Dealt to 9fbd93c3 
Dealt to f6b40a83 
Dealt to e6612b67 
Dealt to c6bc8ad6 
Dealt to Hero [Qd Js]
9fbd93c3: folds
f6b40a83: raises $0.15 to $0.2
e6612b67: folds
c6bc8ad6: folds
Hero: calls $0.15
*** FLOP *** [As Td 7c]
Hero: checks
f6b40a83: checks
*** TURN *** [As Td 7c] [4d]
Hero: bets $0.28
f6b40a83: calls $0.28
*** RIVER *** [As Td 7c 4d] [Jh]
Hero: checks
f6b40a83: bets $0.49
Hero: folds
Uncalled bet ($0.49) returned to f6b40a83
*** SHOWDOWN ***
f6b40a83 collected $0.94 from pot
*** SUMMARY ***
Total pot $0.98 | Rake $0.04 | Jackpot $0 | Bingo $0 | Fortune $0 | Tax $0
Board [As Td 7c 4d Jh]
Seat 1: 9fbd93c3 folded before Flop (didn't bet)
Seat 3: f6b40a83 won ($0.94)
Seat 4: e6612b67 (button) folded before Flop (didn't bet)
Seat 5: c6bc8ad6 (small blind) folded before Flop
Seat 6: Hero (big blind) folded on the River


Poker Hand #HD1747209147: Hold'em No Limit ($0.02/$0.05) - 2024/04/26 12:39:51
Table 'NLHBlue31' 6-max Seat #3 is the button
Seat 1: 9fbd93c3 ($11.83 in chips)
Seat 3: f6b40a83 ($7.65 in chips)
Seat 4: e6612b67 ($6.71 in chips)
Seat 5: c6bc8ad6 ($5 in chips)
Seat 6: Hero ($5 in chips)
e6612b67: posts small blind $0.02
c6bc8ad6: posts big blind $0.05
*** HOLE CARDS ***
Dealt to 9fbd93c3 
Dealt to f6b40a83 
Dealt to e6612b67 
Dealt to c6bc8ad6 
Dealt to Hero [Ks 7d]
Hero: folds
9fbd93c3: folds
f6b40a83: folds
e6612b67: folds
Uncalled bet ($0.03) returned to c6bc8ad6
*** SHOWDOWN ***
c6bc8ad6 collected $0.04 from pot
*** SUMMARY ***
Total pot $0.04 | Rake $0 | Jackpot $0 | Bingo $0 | Fortune $0 | Tax $0
Seat 1: 9fbd93c3 folded before Flop (didn't bet)
Seat 3: f6b40a83 (button) folded before Flop (didn't bet)
Seat 4: e6612b67 (small blind) folded before Flop
Seat 5: c6bc8ad6 (big blind) collected ($0.04)
Seat 6: Hero folded before Flop (didn't bet)


Poker Hand #HD1747209119: Hold'em No Limit ($0.02/$0.05) - 2024/04/26 12:39:26
Table 'NLHBlue31' 6-max Seat #2 is the button
Seat 1: 9fbd93c3 ($11.83 in chips)
Seat 2: da6b79fa ($8.03 in chips)
Seat 3: f6b40a83 ($7.67 in chips)
Seat 4: e6612b67 ($6.69 in chips)
Seat 5: c6bc8ad6 ($5 in chips)
Seat 6: Hero ($5 in chips)
f6b40a83: posts small blind $0.02
e6612b67: posts big blind $0.05
*** HOLE CARDS ***
Dealt to 9fbd93c3 
Dealt to da6b79fa 
Dealt to f6b40a83 
Dealt to e6612b67 
Dealt to c6bc8ad6 
Dealt to Hero [7c Jc]
c6bc8ad6: folds
Hero: folds
9fbd93c3: folds
da6b79fa: folds
f6b40a83: folds
Uncalled bet ($0.03) returned to e6612b67
*** SHOWDOWN ***
e6612b67 collected $0.04 from pot
*** SUMMARY ***
Total pot $0.04 | Rake $0 | Jackpot $0 | Bingo $0 | Fortune $0 | Tax $0
Seat 1: 9fbd93c3 folded before Flop (didn't bet)
Seat 2: da6b79fa (button) folded before Flop (didn't bet)
Seat 3: f6b40a83 (small blind) folded before Flop
Seat 4: e6612b67 (big blind) collected ($0.04)
Seat 5: c6bc8ad6 folded before Flop (didn't bet)
Seat 6: Hero folded before Flop (didn't bet)


Poker Hand #HD1747209037: Hold'em No Limit ($0.02/$0.05) - 2024/04/26 12:38:33
Table 'NLHBlue31' 6-max Seat #1 is the button
Seat 1: 9fbd93c3 ($11.83 in chips)
Seat 2: da6b79fa ($8.16 in chips)
Seat 3: f6b40a83 ($7.72 in chips)
Seat 4: e6612b67 ($6.52 in chips)
Seat 5: c6bc8ad6 ($5 in chips)
Seat 6: Hero ($5 in chips)
da6b79fa: posts small blind $0.02
f6b40a83: posts big blind $0.05
*** HOLE CARDS ***
Dealt to 9fbd93c3 
Dealt to da6b79fa 
Dealt to f6b40a83 
Dealt to e6612b67 
Dealt to c6bc8ad6 
Dealt to Hero [Td 7c]
e6612b67: raises $0.08 to $0.13
c6bc8ad6: folds
Hero: folds
9fbd93c3: folds
da6b79fa: calls $0.11
f6b40a83: folds
*** FLOP *** [6s 6d 2d]
da6b79fa: checks
e6612b67: checks
*** TURN *** [6s 6d 2d] [5c]
da6b79fa: checks
e6612b67: bets $0.16
da6b79fa: folds
Uncalled bet ($0.16) returned to e6612b67
*** SHOWDOWN ***
e6612b67 collected $0.3 from pot
*** SUMMARY ***
Total pot $0.31 | Rake $0.01 | Jackpot $0 | Bingo $0 | Fortune $0 | Tax $0
Board [6s 6d 2d 5c]
Seat 1: 9fbd93c3 (button) folded before Flop (didn't bet)
Seat 2: da6b79fa (small blind) folded on the Turn
Seat 3: f6b40a83 (big blind) folded before Flop
Seat 4: e6612b67 won ($0.3)
Seat 5: c6bc8ad6 folded before Flop (didn't bet)
Seat 6: Hero folded before Flop (didn't bet)


Poker Hand #HD1747209013: Hold'em No Limit ($0.02/$0.05) - 2024/04/26 12:38:14
Table 'NLHBlue31' 6-max Seat #6 is the button
Seat 1: 9fbd93c3 ($11.85 in chips)
Seat 2: da6b79fa ($8.14 in chips)
Seat 3: f6b40a83 ($7.72 in chips)
Seat 4: e6612b67 ($6.52 in chips)
Seat 5: c6bc8ad6 ($5 in chips)
Seat 6: Hero ($5 in chips)
9fbd93c3: posts small blind $0.02
da6b79fa: posts big blind $0.05
*** HOLE CARDS ***
Dealt to 9fbd93c3 
Dealt to da6b79fa 
Dealt to f6b40a83 
Dealt to e6612b67 
Dealt to c6bc8ad6 
Dealt to Hero [6c 5c]
f6b40a83: folds
e6612b67: folds
c6bc8ad6: folds
Hero: folds
9fbd93c3: folds
Uncalled bet ($0.03) returned to da6b79fa
*** SHOWDOWN ***
da6b79fa collected $0.04 from pot
*** SUMMARY ***
Total pot $0.04 | Rake $0 | Jackpot $0 | Bingo $0 | Fortune $0 | Tax $0
Seat 1: 9fbd93c3 (small blind) folded before Flop
Seat 2: da6b79fa (big blind) collected ($0.04)
Seat 3: f6b40a83 folded before Flop (didn't bet)
Seat 4: e6612b67 folded before Flop (didn't bet)
Seat 5: c6bc8ad6 folded before Flop (didn't bet)
Seat 6: Hero (button) folded before Flop (didn't bet)


Poker Hand #HD1747208993: Hold'em No Limit ($0.02/$0.05) - 2024/04/26 12:37:59
Table 'NLHBlue31' 6-max Seat #5 is the button
Seat 1: 9fbd93c3 ($11.83 in chips)
Seat 2: da6b79fa ($8.14 in chips)
Seat 3: f6b40a83 ($7.72 in chips)
Seat 4: e6612b67 ($6.52 in chips)
Seat 5: c6bc8ad6 ($5 in chips)
Seat 6: Hero ($5 in chips)
Hero: posts small blind $0.02
9fbd93c3: posts big blind $0.05
*** HOLE CARDS ***
Dealt to 9fbd93c3 
Dealt to da6b79fa 
Dealt to f6b40a83 
Dealt to e6612b67 
Dealt to c6bc8ad6 
Dealt to Hero [3h 5s]
da6b79fa: folds
f6b40a83: folds
e6612b67: folds
c6bc8ad6: folds
Hero: folds
Uncalled bet ($0.03) returned to 9fbd93c3
*** SHOWDOWN ***
9fbd93c3 collected $0.04 from pot
*** SUMMARY ***
Total pot $0.04 | Rake $0 | Jackpot $0 | Bingo $0 | Fortune $0 | Tax $0
Seat 1: 9fbd93c3 (big blind) collected ($0.04)
Seat 2: da6b79fa folded before Flop (didn't bet)
Seat 3: f6b40a83 folded before Flop (didn't bet)
Seat 4: e6612b67 folded before Flop (didn't bet)
Seat 5: c6bc8ad6 (button) folded before Flop (didn't bet)
Seat 6: Hero (small blind) folded before Flop


Poker Hand #HD1747208973: Hold'em No Limit ($0.02/$0.05) - 2024/04/26 12:37:44
Table 'NLHBlue31' 6-max Seat #4 is the button
Seat 1: 9fbd93c3 ($11.83 in chips)
Seat 2: da6b79fa ($8.14 in chips)
Seat 3: f6b40a83 ($7.72 in chips)
Seat 4: e6612b67 ($6.45 in chips)
Seat 5: c6bc8ad6 ($5 in chips)
Seat 6: Hero ($5 in chips)
c6bc8ad6: posts small blind $0.02
Hero: posts big blind $0.05
*** HOLE CARDS ***
Dealt to 9fbd93c3 
Dealt to da6b79fa 
Dealt to f6b40a83 
Dealt to e6612b67 
Dealt to c6bc8ad6 
Dealt to Hero [6s Js]
9fbd93c3: folds
da6b79fa: folds
f6b40a83: folds
e6612b67: raises $0.08 to $0.13
c6bc8ad6: folds
Hero: folds
Uncalled bet ($0.08) returned to e6612b67
*** SHOWDOWN ***
e6612b67 collected $0.12 from pot
*** SUMMARY ***
Total pot $0.12 | Rake $0 | Jackpot $0 | Bingo $0 | Fortune $0 | Tax $0
Seat 1: 9fbd93c3 folded before Flop (didn't bet)
Seat 2: da6b79fa folded before Flop (didn't bet)
Seat 3: f6b40a83 folded before Flop (didn't bet)
Seat 4: e6612b67 (button) collected ($0.12)
Seat 5: c6bc8ad6 (small blind) folded before Flop
Seat 6: Hero (big blind) folded before Flop


