Poker Hand #HD1851075424: Hold'em No Limit ($0.05/$0.1) - 2024/07/10 15:13:57
Table 'NLHRed72' 6-max Seat #3 is the button
Seat 1: Hero ($11.79 in chips)
Seat 3: d0db80f ($11.25 in chips)
Seat 4: 852fea68 ($8.89 in chips)
Seat 5: b4df0012 ($10.57 in chips)
Seat 6: ecd4aaba ($11.06 in chips)
852fea68: posts small blind $0.05
b4df0012: posts big blind $0.1
*** HOLE CARDS ***
Dealt to Hero [4s Qc]
Dealt to d0db80f 
Dealt to 852fea68 
Dealt to b4df0012 
Dealt to ecd4aaba 
ecd4aaba: folds
Hero: folds
d0db80f: raises $0.1 to $0.2
852fea68: raises $0.1 to $0.3
b4df0012: folds
d0db80f: raises $0.53 to $0.83
852fea68: calls $0.53
*** FLOP *** [6s Kc 4h]
852fea68: bets $0.59
d0db80f: calls $0.59
*** TURN *** [6s Kc 4h] [4d]
852fea68: bets $0.98
d0db80f: raises $1.62 to $2.6
852fea68: calls $1.62
*** RIVER *** [6s Kc 4h 4d] [2c]
852fea68: bets $4.87 and is all-in
d0db80f: calls $4.87
852fea68: shows [3h 5s] (Sixes-High Straight)
d0db80f: shows [Kd Jc] (Pair of Kings and Pair of Fours)
*** SHOWDOWN ***
852fea68 collected $16.9 from pot
*** SUMMARY ***
Total pot $17.88 | Rake $0.88 | Jackpot $0.1 | Bingo $0 | Fortune $0 | Tax $0
Board [6s Kc 4h 4d 2c]
Seat 1: Hero folded before Flop (didn't bet)
Seat 3: d0db80f (button) showed [Kd Jc] and lost with Pair of Kings and Pair of Fours
Seat 4: 852fea68 (small blind) showed [3h 5s] and won ($16.9) with Sixes-High Straight
Seat 5: b4df0012 (big blind) folded before Flop
Seat 6: ecd4aaba folded before Flop (didn't bet)


Poker Hand #HD1851075338: Hold'em No Limit ($0.05/$0.1) - 2024/07/10 15:13:17
Table 'NLHRed72' 6-max Seat #1 is the button
Seat 1: Hero ($11.52 in chips)
Seat 3: d0db80f ($11.3 in chips)
Seat 4: 852fea68 ($9.13 in chips)
Seat 5: b4df0012 ($10.57 in chips)
Seat 6: ecd4aaba ($11.06 in chips)
d0db80f: posts small blind $0.05
852fea68: posts big blind $0.1
*** HOLE CARDS ***
Dealt to Hero [Qd 9h]
Dealt to d0db80f 
Dealt to 852fea68 
Dealt to b4df0012 
Dealt to ecd4aaba 
b4df0012: folds
ecd4aaba: folds
Hero: raises $0.14 to $0.24
d0db80f: folds
852fea68: calls $0.14
*** FLOP *** [7c 9d Qh]
852fea68: checks
Hero: bets $0.35
852fea68: folds
Uncalled bet ($0.35) returned to Hero
*** SHOWDOWN ***
Hero collected $0.51 from pot
*** SUMMARY ***
Total pot $0.53 | Rake $0.02 | Jackpot $0 | Bingo $0 | Fortune $0 | Tax $0
Board [7c 9d Qh]
Seat 1: Hero (button) won ($0.51)
Seat 3: d0db80f (small blind) folded before Flop
Seat 4: 852fea68 (big blind) folded on the Flop
Seat 5: b4df0012 folded before Flop (didn't bet)
Seat 6: ecd4aaba folded before Flop (didn't bet)


Poker Hand #HD1851075301: Hold'em No Limit ($0.05/$0.1) - 2024/07/10 15:12:59
Table 'NLHRed72' 6-max Seat #6 is the button
Seat 1: Hero ($11.57 in chips)
Seat 3: d0db80f ($11.4 in chips)
Seat 4: 852fea68 ($9.13 in chips)
Seat 5: b4df0012 ($10.42 in chips)
Seat 6: ecd4aaba ($11.06 in chips)
Hero: posts small blind $0.05
d0db80f: posts big blind $0.1
*** HOLE CARDS ***
Dealt to Hero [4h 2d]
Dealt to d0db80f 
Dealt to 852fea68 
Dealt to b4df0012 
Dealt to ecd4aaba 
852fea68: folds
b4df0012: raises $0.12 to $0.22
ecd4aaba: folds
Hero: folds
d0db80f: folds
Uncalled bet ($0.12) returned to b4df0012
*** SHOWDOWN ***
b4df0012 collected $0.25 from pot
*** SUMMARY ***
Total pot $0.25 | Rake $0 | Jackpot $0 | Bingo $0 | Fortune $0 | Tax $0
Seat 1: Hero (small blind) folded before Flop
Seat 3: d0db80f (big blind) folded before Flop
Seat 4: 852fea68 folded before Flop (didn't bet)
Seat 5: b4df0012 collected ($0.25)
Seat 6: ecd4aaba (button) folded before Flop (didn't bet)


Poker Hand #HD1851075274: Hold'em No Limit ($0.05/$0.1) - 2024/07/10 15:12:45
Table 'NLHRed72' 6-max Seat #5 is the button
Seat 1: Hero ($11.67 in chips)
Seat 3: d0db80f ($11.4 in chips)
Seat 4: 852fea68 ($8.98 in chips)
Seat 5: b4df0012 ($10.42 in chips)
Seat 6: ecd4aaba ($11.11 in chips)
ecd4aaba: posts small blind $0.05
Hero: posts big blind $0.1
*** HOLE CARDS ***
Dealt to Hero [9s 3d]
Dealt to d0db80f 
Dealt to 852fea68 
Dealt to b4df0012 
Dealt to ecd4aaba 
d0db80f: folds
852fea68: raises $0.2 to $0.3
b4df0012: folds
ecd4aaba: folds
Hero: folds
Uncalled bet ($0.2) returned to 852fea68
*** SHOWDOWN ***
852fea68 collected $0.25 from pot
*** SUMMARY ***
Total pot $0.25 | Rake $0 | Jackpot $0 | Bingo $0 | Fortune $0 | Tax $0
Seat 1: Hero (big blind) folded before Flop
Seat 3: d0db80f folded before Flop (didn't bet)
Seat 4: 852fea68 collected ($0.25)
Seat 5: b4df0012 (button) folded before Flop (didn't bet)
Seat 6: ecd4aaba (small blind) folded before Flop


Poker Hand #HD1851075098: Hold'em No Limit ($0.05/$0.1) - 2024/07/10 15:11:24
Table 'NLHRed72' 6-max Seat #4 is the button
Seat 1: Hero ($11.67 in chips)
Seat 3: d0db80f ($10 in chips)
Seat 4: 852fea68 ($8.98 in chips)
Seat 5: b4df0012 ($10.47 in chips)
Seat 6: ecd4aaba ($12.71 in chips)
b4df0012: posts small blind $0.05
ecd4aaba: posts big blind $0.1
d0db80f: posts big blind $0.1
*** HOLE CARDS ***
Dealt to Hero [Qs Jd]
Dealt to d0db80f 
Dealt to 852fea68 
Dealt to b4df0012 
Dealt to ecd4aaba 
Hero: folds
d0db80f: checks
852fea68: folds
b4df0012: folds
ecd4aaba: raises $0.35 to $0.45
d0db80f: calls $0.35
*** FLOP *** [Th 2h 7c]
ecd4aaba: bets $0.5
d0db80f: raises $0.65 to $1.15
ecd4aaba: calls $0.65
*** TURN *** [Th 2h 7c] [5h]
ecd4aaba: checks
d0db80f: bets $2.44
ecd4aaba: folds
Uncalled bet ($2.44) returned to d0db80f
*** SHOWDOWN ***
d0db80f collected $3 from pot
*** SUMMARY ***
Total pot $3.25 | Rake $0.15 | Jackpot $0.1 | Bingo $0 | Fortune $0 | Tax $0
Board [Th 2h 7c 5h]
Seat 1: Hero folded before Flop (didn't bet)
Seat 3: d0db80f won ($3)
Seat 4: 852fea68 (button) folded before Flop (didn't bet)
Seat 5: b4df0012 (small blind) folded before Flop
Seat 6: ecd4aaba (big blind) folded on the Turn


Poker Hand #HD1851074942: Hold'em No Limit ($0.05/$0.1) - 2024/07/10 15:10:10
Table 'NLHRed72' 6-max Seat #2 is the button
Seat 1: Hero ($11.22 in chips)
Seat 2: 25806002 ($9.93 in chips)
Seat 4: 852fea68 ($9.22 in chips)
Seat 5: b4df0012 ($10.71 in chips)
Seat 6: ecd4aaba ($12.71 in chips)
852fea68: posts small blind $0.05
b4df0012: posts big blind $0.1
*** HOLE CARDS ***
Dealt to Hero [Kd Td]
Dealt to 25806002 
Dealt to 852fea68 
Dealt to b4df0012 
Dealt to ecd4aaba 
ecd4aaba: folds
Hero: raises $0.14 to $0.24
25806002: folds
852fea68: calls $0.19
b4df0012: calls $0.14
*** FLOP *** [Jc 8d Ac]
852fea68: checks
b4df0012: checks
Hero: bets $0.48
852fea68: folds
b4df0012: folds
Uncalled bet ($0.48) returned to Hero
*** SHOWDOWN ***
Hero collected $0.69 from pot
*** SUMMARY ***
Total pot $0.72 | Rake $0.03 | Jackpot $0 | Bingo $0 | Fortune $0 | Tax $0
Board [Jc 8d Ac]
Seat 1: Hero won ($0.69)
Seat 2: 25806002 (button) folded before Flop (didn't bet)
Seat 4: 852fea68 (small blind) folded on the Flop
Seat 5: b4df0012 (big blind) folded on the Flop
Seat 6: ecd4aaba folded before Flop (didn't bet)


Poker Hand #HD1851074785: Hold'em No Limit ($0.05/$0.1) - 2024/07/10 15:08:57
Table 'NLHRed72' 6-max Seat #1 is the button
Seat 1: Hero ($11.22 in chips)
Seat 2: 25806002 ($9.98 in chips)
Seat 4: 852fea68 ($9.47 in chips)
Seat 5: b4df0012 ($10.71 in chips)
Seat 6: ecd4aaba ($12.44 in chips)
25806002: posts small blind $0.05
852fea68: posts big blind $0.1
*** HOLE CARDS ***
Dealt to Hero [4s 6d]
Dealt to 25806002 
Dealt to 852fea68 
Dealt to b4df0012 
Dealt to ecd4aaba 
b4df0012: folds
ecd4aaba: raises $0.15 to $0.25
Hero: folds
25806002: folds
852fea68: calls $0.15
*** FLOP *** [Kh Kd As]
852fea68: checks
ecd4aaba: checks
*** TURN *** [Kh Kd As] [2d]
852fea68: checks
ecd4aaba: bets $0.41
852fea68: folds
Uncalled bet ($0.41) returned to ecd4aaba
*** SHOWDOWN ***
ecd4aaba collected $0.52 from pot
*** SUMMARY ***
Total pot $0.55 | Rake $0.03 | Jackpot $0 | Bingo $0 | Fortune $0 | Tax $0
Board [Kh Kd As 2d]
Seat 1: Hero (button) folded before Flop (didn't bet)
Seat 2: 25806002 (small blind) folded before Flop
Seat 4: 852fea68 (big blind) folded on the Turn
Seat 5: b4df0012 folded before Flop (didn't bet)
Seat 6: ecd4aaba won ($0.52)


Poker Hand #HD1851074694: Hold'em No Limit ($0.05/$0.1) - 2024/07/10 15:08:20
Table 'NLHRed72' 6-max Seat #6 is the button
Seat 1: Hero ($11.27 in chips)
Seat 2: 25806002 ($10.08 in chips)
Seat 3: 3e7a6452 ($10.78 in chips)
Seat 4: 852fea68 ($9.72 in chips)
Seat 5: b4df0012 ($10.71 in chips)
Seat 6: ecd4aaba ($12.44 in chips)
Hero: posts small blind $0.05
25806002: posts big blind $0.1
*** HOLE CARDS ***
Dealt to Hero [4s Ac]
Dealt to 25806002 
Dealt to 3e7a6452 
Dealt to 852fea68 
Dealt to b4df0012 
Dealt to ecd4aaba 
3e7a6452: raises $0.15 to $0.25
852fea68: calls $0.25
b4df0012: folds
ecd4aaba: folds
Hero: folds
25806002: folds
*** FLOP *** [9h Kc 7s]
3e7a6452: bets $0.33
852fea68: folds
Uncalled bet ($0.33) returned to 3e7a6452
*** SHOWDOWN ***
3e7a6452 collected $0.62 from pot
*** SUMMARY ***
Total pot $0.65 | Rake $0.03 | Jackpot $0 | Bingo $0 | Fortune $0 | Tax $0
Board [9h Kc 7s]
Seat 1: Hero (small blind) folded before Flop
Seat 2: 25806002 (big blind) folded before Flop
Seat 3: 3e7a6452 won ($0.62)
Seat 4: 852fea68 folded on the Flop
Seat 5: b4df0012 folded before Flop (didn't bet)
Seat 6: ecd4aaba (button) folded before Flop (didn't bet)


Poker Hand #HD1851074569: Hold'em No Limit ($0.05/$0.1) - 2024/07/10 15:07:26
Table 'NLHRed72' 6-max Seat #5 is the button
Seat 1: Hero ($10.64 in chips)
Seat 2: 25806002 ($10.08 in chips)
Seat 3: 3e7a6452 ($10.78 in chips)
Seat 4: 852fea68 ($9.72 in chips)
Seat 5: b4df0012 ($10.71 in chips)
Seat 6: ecd4aaba ($13.14 in chips)
ecd4aaba: posts small blind $0.05
Hero: posts big blind $0.1
*** HOLE CARDS ***
Dealt to Hero [Tc Qh]
Dealt to 25806002 
Dealt to 3e7a6452 
Dealt to 852fea68 
Dealt to b4df0012 
Dealt to ecd4aaba 
25806002: folds
3e7a6452: folds
852fea68: folds
b4df0012: folds
ecd4aaba: raises $0.2 to $0.3
Hero: calls $0.2
*** FLOP *** [9d 3d Qd]
ecd4aaba: bets $0.4
Hero: calls $0.4
*** TURN *** [9d 3d Qd] [4c]
ecd4aaba: checks
Hero: checks
*** RIVER *** [9d 3d Qd 4c] [8d]
ecd4aaba: checks
Hero: checks
ecd4aaba: shows [9c Js] (Pair of Nines)
Hero: shows [Tc Qh] (Pair of Queens)
*** SHOWDOWN ***
Hero collected $1.33 from pot
*** SUMMARY ***
Total pot $1.4 | Rake $0.07 | Jackpot $0 | Bingo $0 | Fortune $0 | Tax $0
Board [9d 3d Qd 4c 8d]
Seat 1: Hero (big blind) showed [Tc Qh] and won ($1.33) with Pair of Queens
Seat 2: 25806002 folded before Flop (didn't bet)
Seat 3: 3e7a6452 folded before Flop (didn't bet)
Seat 4: 852fea68 folded before Flop (didn't bet)
Seat 5: b4df0012 (button) folded before Flop (didn't bet)
Seat 6: ecd4aaba (small blind) showed [9c Js] and lost with Pair of Nines


Poker Hand #HD1851074543: Hold'em No Limit ($0.05/$0.1) - 2024/07/10 15:07:12
Table 'NLHRed72' 6-max Seat #4 is the button
Seat 1: Hero ($10.64 in chips)
Seat 2: 25806002 ($10.08 in chips)
Seat 3: 3e7a6452 ($10.78 in chips)
Seat 4: 852fea68 ($9.57 in chips)
Seat 5: b4df0012 ($10.76 in chips)
Seat 6: ecd4aaba ($13.24 in chips)
b4df0012: posts small blind $0.05
ecd4aaba: posts big blind $0.1
*** HOLE CARDS ***
Dealt to Hero [2s 9d]
Dealt to 25806002 
Dealt to 3e7a6452 
Dealt to 852fea68 
Dealt to b4df0012 
Dealt to ecd4aaba 
Hero: folds
25806002: folds
3e7a6452: folds
852fea68: raises $0.2 to $0.3
b4df0012: folds
ecd4aaba: folds
Uncalled bet ($0.2) returned to 852fea68
*** SHOWDOWN ***
852fea68 collected $0.25 from pot
*** SUMMARY ***
Total pot $0.25 | Rake $0 | Jackpot $0 | Bingo $0 | Fortune $0 | Tax $0
Seat 1: Hero folded before Flop (didn't bet)
Seat 2: 25806002 folded before Flop (didn't bet)
Seat 3: 3e7a6452 folded before Flop (didn't bet)
Seat 4: 852fea68 (button) collected ($0.25)
Seat 5: b4df0012 (small blind) folded before Flop
Seat 6: ecd4aaba (big blind) folded before Flop


Poker Hand #HD1851074421: Hold'em No Limit ($0.05/$0.1) - 2024/07/10 15:06:13
Table 'NLHRed72' 6-max Seat #3 is the button
Seat 1: Hero ($10 in chips)
Seat 2: 25806002 ($10.08 in chips)
Seat 3: 3e7a6452 ($10.78 in chips)
Seat 4: 852fea68 ($10.17 in chips)
Seat 5: b4df0012 ($10.86 in chips)
Seat 6: ecd4aaba ($13.24 in chips)
852fea68: posts small blind $0.05
b4df0012: posts big blind $0.1
*** HOLE CARDS ***
Dealt to Hero [Jc Kh]
Dealt to 25806002 
Dealt to 3e7a6452 
Dealt to 852fea68 
Dealt to b4df0012 
Dealt to ecd4aaba 
ecd4aaba: folds
Hero: raises $0.1 to $0.2
25806002: folds
3e7a6452: folds
852fea68: calls $0.15
b4df0012: folds
*** FLOP *** [7s 6c Qd]
852fea68: checks
Hero: checks
*** TURN *** [7s 6c Qd] [Ks]
852fea68: checks
Hero: checks
*** RIVER *** [7s 6c Qd Ks] [Qc]
852fea68: bets $0.1
Hero: raises $0.3 to $0.4
852fea68: calls $0.3
Hero: shows [Jc Kh] (Pair of Kings and Pair of Queens)
852fea68: shows [6h 8d] (Pair of Queens and Pair of Sixes)
*** SHOWDOWN ***
Hero collected $1.24 from pot
*** SUMMARY ***
Total pot $1.3 | Rake $0.06 | Jackpot $0 | Bingo $0 | Fortune $0 | Tax $0
Board [7s 6c Qd Ks Qc]
Seat 1: Hero showed [Jc Kh] and won ($1.24) with Pair of Kings and Pair of Queens
Seat 2: 25806002 folded before Flop (didn't bet)
Seat 3: 3e7a6452 (button) folded before Flop (didn't bet)
Seat 4: 852fea68 (small blind) showed [6h 8d] and lost with Pair of Queens and Pair of Sixes
Seat 5: b4df0012 (big blind) folded before Flop
Seat 6: ecd4aaba folded before Flop (didn't bet)


Poker Hand #HD1851074379: Hold'em No Limit ($0.05/$0.1) - 2024/07/10 15:05:47
Table 'NLHRed72' 6-max Seat #2 is the button
Seat 1: Hero ($10 in chips)
Seat 2: 25806002 ($9.85 in chips)
Seat 3: 3e7a6452 ($10.83 in chips)
Seat 4: 852fea68 ($10.37 in chips)
Seat 5: b4df0012 ($10.86 in chips)
Seat 6: ecd4aaba ($13.24 in chips)
3e7a6452: posts small blind $0.05
852fea68: posts big blind $0.1
*** HOLE CARDS ***
Dealt to Hero [5d Th]
Dealt to 25806002 
Dealt to 3e7a6452 
Dealt to 852fea68 
Dealt to b4df0012 
Dealt to ecd4aaba 
b4df0012: folds
ecd4aaba: folds
Hero: folds
25806002: raises $0.1 to $0.2
3e7a6452: folds
852fea68: calls $0.1
*** FLOP *** [2h Ad 3d]
852fea68: checks
25806002: bets $0.15
852fea68: folds
Uncalled bet ($0.15) returned to 25806002
*** SHOWDOWN ***
25806002 collected $0.43 from pot
*** SUMMARY ***
Total pot $0.45 | Rake $0.02 | Jackpot $0 | Bingo $0 | Fortune $0 | Tax $0
Board [2h Ad 3d]
Seat 1: Hero folded before Flop (didn't bet)
Seat 2: 25806002 (button) won ($0.43)
Seat 3: 3e7a6452 (small blind) folded before Flop
Seat 4: 852fea68 (big blind) folded on the Flop
Seat 5: b4df0012 folded before Flop (didn't bet)
Seat 6: ecd4aaba folded before Flop (didn't bet)


Poker Hand #HD1851074347: Hold'em No Limit ($0.05/$0.1) - 2024/07/10 15:05:35
Table 'NLHRed72' 6-max Seat #1 is the button
Seat 1: Hero ($10 in chips)
Seat 2: 25806002 ($9.9 in chips)
Seat 3: 3e7a6452 ($10.93 in chips)
Seat 4: 852fea68 ($10.37 in chips)
Seat 5: b4df0012 ($10.86 in chips)
Seat 6: ecd4aaba ($13.09 in chips)
25806002: posts small blind $0.05
3e7a6452: posts big blind $0.1
*** HOLE CARDS ***
Dealt to Hero [9c 5d]
Dealt to 25806002 
Dealt to 3e7a6452 
Dealt to 852fea68 
Dealt to b4df0012 
Dealt to ecd4aaba 
852fea68: folds
b4df0012: folds
ecd4aaba: raises $0.15 to $0.25
Hero: folds
25806002: folds
3e7a6452: folds
Uncalled bet ($0.15) returned to ecd4aaba
*** SHOWDOWN ***
ecd4aaba collected $0.25 from pot
*** SUMMARY ***
Total pot $0.25 | Rake $0 | Jackpot $0 | Bingo $0 | Fortune $0 | Tax $0
Seat 1: Hero (button) folded before Flop (didn't bet)
Seat 2: 25806002 (small blind) folded before Flop
Seat 3: 3e7a6452 (big blind) folded before Flop
Seat 4: 852fea68 folded before Flop (didn't bet)
Seat 5: b4df0012 folded before Flop (didn't bet)
Seat 6: ecd4aaba collected ($0.25)


Poker Hand #HD1851074227: Hold'em No Limit ($0.05/$0.1) - 2024/07/10 15:04:43
Table 'NLHRed72' 6-max Seat #6 is the button
Seat 1: Hero ($10 in chips)
Seat 2: 25806002 ($10 in chips)
Seat 3: 3e7a6452 ($10.93 in chips)
Seat 4: 852fea68 ($9.59 in chips)
Seat 5: b4df0012 ($10.86 in chips)
Seat 6: ecd4aaba ($13.79 in chips)
Hero: posts small blind $0.05
25806002: posts big blind $0.1
*** HOLE CARDS ***
Dealt to Hero [Ts Jc]
Dealt to 25806002 
Dealt to 3e7a6452 
Dealt to 852fea68 
Dealt to b4df0012 
Dealt to ecd4aaba 
3e7a6452: folds
852fea68: raises $0.1 to $0.2
b4df0012: folds
ecd4aaba: calls $0.2
Hero: folds
25806002: folds
*** FLOP *** [6s Qh Td]
852fea68: checks
ecd4aaba: checks
*** TURN *** [6s Qh Td] [Tc]
852fea68: bets $0.2
ecd4aaba: calls $0.2
*** RIVER *** [6s Qh Td Tc] [9c]
852fea68: bets $0.3
ecd4aaba: calls $0.3
852fea68: shows [3c 3h] (Pair of Tens and Pair of Treys)
ecd4aaba: shows [2s 2c] (Pair of Tens and Pair of Twos)
*** SHOWDOWN ***
852fea68 collected $1.48 from pot
*** SUMMARY ***
Total pot $1.55 | Rake $0.07 | Jackpot $0 | Bingo $0 | Fortune $0 | Tax $0
Board [6s Qh Td Tc 9c]
Seat 1: Hero (small blind) folded before Flop
Seat 2: 25806002 (big blind) folded before Flop
Seat 3: 3e7a6452 folded before Flop (didn't bet)
Seat 4: 852fea68 showed [3c 3h] and won ($1.48) with Pair of Tens and Pair of Treys
Seat 5: b4df0012 folded before Flop (didn't bet)
Seat 6: ecd4aaba (button) showed [2s 2c] and lost with Pair of Tens and Pair of Twos


Poker Hand #HD1851074140: Hold'em No Limit ($0.05/$0.1) - 2024/07/10 15:03:58
Table 'NLHRed72' 6-max Seat #5 is the button
Seat 1: Hero ($10 in chips)
Seat 2: 25806002 ($10 in chips)
Seat 3: 3e7a6452 ($10.93 in chips)
Seat 4: 852fea68 ($9.59 in chips)
Seat 5: b4df0012 ($10.54 in chips)
Seat 6: ecd4aaba ($14.03 in chips)
ecd4aaba: posts small blind $0.05
Hero: posts big blind $0.1
*** HOLE CARDS ***
Dealt to Hero [Jc 7d]
Dealt to 25806002 
Dealt to 3e7a6452 
Dealt to 852fea68 
Dealt to b4df0012 
Dealt to ecd4aaba 
25806002: folds
3e7a6452: folds
852fea68: folds
b4df0012: raises $0.14 to $0.24
ecd4aaba: calls $0.19
Hero: folds
*** FLOP *** [Ah 3s 6c]
ecd4aaba: checks
b4df0012: bets $0.2
ecd4aaba: folds
Uncalled bet ($0.2) returned to b4df0012
*** SHOWDOWN ***
b4df0012 collected $0.56 from pot
*** SUMMARY ***
Total pot $0.58 | Rake $0.02 | Jackpot $0 | Bingo $0 | Fortune $0 | Tax $0
Board [Ah 3s 6c]
Seat 1: Hero (big blind) folded before Flop
Seat 2: 25806002 folded before Flop (didn't bet)
Seat 3: 3e7a6452 folded before Flop (didn't bet)
Seat 4: 852fea68 folded before Flop (didn't bet)
Seat 5: b4df0012 (button) won ($0.56)
Seat 6: ecd4aaba (small blind) folded on the Flop


