Poker Hand #HD1826811585: Hold'em No Limit ($0.05/$0.1) - 2024/06/22 19:11:05
Table 'NLHRed12' 6-max Seat #6 is the button
Seat 1: 70049aa1 ($10.74 in chips)
Seat 4: c5ffb94b ($4.76 in chips)
Seat 5: 2e6795f2 ($23.7 in chips)
Seat 6: Hero ($15.28 in chips)
70049aa1: posts small blind $0.05
c5ffb94b: posts big blind $0.1
*** HOLE CARDS ***
Dealt to 70049aa1 
Dealt to c5ffb94b 
Dealt to 2e6795f2 
Dealt to Hero [7s Qs]
2e6795f2: folds
Hero: folds
70049aa1: folds
Uncalled bet ($0.05) returned to c5ffb94b
*** SHOWDOWN ***
c5ffb94b collected $0.1 from pot
*** SUMMARY ***
Total pot $0.1 | Rake $0 | Jackpot $0 | Bingo $0 | Fortune $0 | Tax $0
Seat 1: 70049aa1 (small blind) folded before Flop
Seat 4: c5ffb94b (big blind) collected ($0.1)
Seat 5: 2e6795f2 folded before Flop (didn't bet)
Seat 6: Hero (button) folded before Flop (didn't bet)


Poker Hand #HD1826811552: Hold'em No Limit ($0.05/$0.1) - 2024/06/22 19:10:46
Table 'NLHRed12' 6-max Seat #5 is the button
Seat 1: 70049aa1 ($10.84 in chips)
Seat 4: c5ffb94b ($4.76 in chips)
Seat 5: 2e6795f2 ($23.95 in chips)
Seat 6: Hero ($14.96 in chips)
Hero: posts small blind $0.05
70049aa1: posts big blind $0.1
*** HOLE CARDS ***
Dealt to 70049aa1 
Dealt to c5ffb94b 
Dealt to 2e6795f2 
Dealt to Hero [9d 9s]
c5ffb94b: folds
2e6795f2: raises $0.15 to $0.25
Hero: raises $0.75 to $1
70049aa1: folds
2e6795f2: folds
Uncalled bet ($0.75) returned to Hero
*** SHOWDOWN ***
Hero collected $0.57 from pot
*** SUMMARY ***
Total pot $0.6 | Rake $0.03 | Jackpot $0 | Bingo $0 | Fortune $0 | Tax $0
Seat 1: 70049aa1 (big blind) folded before Flop
Seat 4: c5ffb94b folded before Flop (didn't bet)
Seat 5: 2e6795f2 (button) folded before Flop
Seat 6: Hero (small blind) collected ($0.57)


Poker Hand #HD1826811528: Hold'em No Limit ($0.05/$0.1) - 2024/06/22 19:10:35
Table 'NLHRed12' 6-max Seat #4 is the button
Seat 1: 70049aa1 ($10.84 in chips)
Seat 2: 6fea418b ($13.47 in chips)
Seat 4: c5ffb94b ($4.76 in chips)
Seat 5: 2e6795f2 ($24 in chips)
Seat 6: Hero ($14.91 in chips)
2e6795f2: posts small blind $0.05
Hero: posts big blind $0.1
*** HOLE CARDS ***
Dealt to 70049aa1 
Dealt to 6fea418b 
Dealt to c5ffb94b 
Dealt to 2e6795f2 
Dealt to Hero [9c 6s]
70049aa1: folds
6fea418b: folds
c5ffb94b: folds
2e6795f2: folds
Uncalled bet ($0.05) returned to Hero
*** SHOWDOWN ***
Hero collected $0.1 from pot
*** SUMMARY ***
Total pot $0.1 | Rake $0 | Jackpot $0 | Bingo $0 | Fortune $0 | Tax $0
Seat 1: 70049aa1 folded before Flop (didn't bet)
Seat 2: 6fea418b folded before Flop (didn't bet)
Seat 4: c5ffb94b (button) folded before Flop (didn't bet)
Seat 5: 2e6795f2 (small blind) folded before Flop
Seat 6: Hero (big blind) collected ($0.1)


Poker Hand #HD1826811507: Hold'em No Limit ($0.05/$0.1) - 2024/06/22 19:10:20
Table 'NLHRed12' 6-max Seat #3 is the button
Seat 1: 70049aa1 ($10.84 in chips)
Seat 2: 6fea418b ($13.47 in chips)
Seat 3: ee20331a ($4.85 in chips)
Seat 4: c5ffb94b ($4.86 in chips)
Seat 5: 2e6795f2 ($23.9 in chips)
Seat 6: Hero ($14.91 in chips)
c5ffb94b: posts small blind $0.05
2e6795f2: posts big blind $0.1
*** HOLE CARDS ***
Dealt to 70049aa1 
Dealt to 6fea418b 
Dealt to ee20331a 
Dealt to c5ffb94b 
Dealt to 2e6795f2 
Dealt to Hero [5d Jh]
Hero: folds
70049aa1: folds
6fea418b: folds
ee20331a: folds
c5ffb94b: calls $0.05
2e6795f2: raises $0.4 to $0.5
c5ffb94b: folds
Uncalled bet ($0.4) returned to 2e6795f2
*** SHOWDOWN ***
2e6795f2 collected $0.2 from pot
*** SUMMARY ***
Total pot $0.2 | Rake $0 | Jackpot $0 | Bingo $0 | Fortune $0 | Tax $0
Seat 1: 70049aa1 folded before Flop (didn't bet)
Seat 2: 6fea418b folded before Flop (didn't bet)
Seat 3: ee20331a (button) folded before Flop (didn't bet)
Seat 4: c5ffb94b (small blind) folded before Flop
Seat 5: 2e6795f2 (big blind) collected ($0.2)
Seat 6: Hero folded before Flop (didn't bet)


Poker Hand #HD1826811353: Hold'em No Limit ($0.05/$0.1) - 2024/06/22 19:08:55
Table 'NLHRed12' 6-max Seat #2 is the button
Seat 1: 70049aa1 ($10.84 in chips)
Seat 2: 6fea418b ($13.47 in chips)
Seat 3: ee20331a ($7.96 in chips)
Seat 4: c5ffb94b ($4.96 in chips)
Seat 5: 2e6795f2 ($23.9 in chips)
Seat 6: Hero ($12.11 in chips)
ee20331a: posts small blind $0.05
c5ffb94b: posts big blind $0.1
*** HOLE CARDS ***
Dealt to 70049aa1 
Dealt to 6fea418b 
Dealt to ee20331a 
Dealt to c5ffb94b 
Dealt to 2e6795f2 
Dealt to Hero [Td 9d]
2e6795f2: folds
Hero: raises $0.1 to $0.2
70049aa1: folds
6fea418b: folds
ee20331a: calls $0.15
c5ffb94b: folds
*** FLOP *** [Th 3h 8c]
ee20331a: bets $0.38
Hero: calls $0.38
*** TURN *** [Th 3h 8c] [6s]
ee20331a: bets $0.95
Hero: calls $0.95
*** RIVER *** [Th 3h 8c 6s] [8s]
ee20331a: bets $1.58
Hero: calls $1.58
ee20331a: shows [7s 6h] (Pair of Eights and Pair of Sixes)
Hero: shows [Td 9d] (Pair of Tens and Pair of Eights)
*** SHOWDOWN ***
Hero collected $5.91 from pot
*** SUMMARY ***
Total pot $6.32 | Rake $0.31 | Jackpot $0.1 | Bingo $0 | Fortune $0 | Tax $0
Board [Th 3h 8c 6s 8s]
Seat 1: 70049aa1 folded before Flop (didn't bet)
Seat 2: 6fea418b (button) folded before Flop (didn't bet)
Seat 3: ee20331a (small blind) showed [7s 6h] and lost with Pair of Eights and Pair of Sixes
Seat 4: c5ffb94b (big blind) folded before Flop
Seat 5: 2e6795f2 folded before Flop (didn't bet)
Seat 6: Hero showed [Td 9d] and won ($5.91) with Pair of Tens and Pair of Eights


Poker Hand #HD1826811334: Hold'em No Limit ($0.05/$0.1) - 2024/06/22 19:08:44
Table 'NLHRed12' 6-max Seat #1 is the button
Seat 1: 70049aa1 ($10.84 in chips)
Seat 2: 6fea418b ($13.52 in chips)
Seat 3: ee20331a ($7.91 in chips)
Seat 4: c5ffb94b ($4.96 in chips)
Seat 5: 2e6795f2 ($23.9 in chips)
Seat 6: Hero ($12.11 in chips)
6fea418b: posts small blind $0.05
ee20331a: posts big blind $0.1
*** HOLE CARDS ***
Dealt to 70049aa1 
Dealt to 6fea418b 
Dealt to ee20331a 
Dealt to c5ffb94b 
Dealt to 2e6795f2 
Dealt to Hero [4c 9s]
c5ffb94b: folds
2e6795f2: folds
Hero: folds
70049aa1: folds
6fea418b: folds
Uncalled bet ($0.05) returned to ee20331a
*** SHOWDOWN ***
ee20331a collected $0.1 from pot
*** SUMMARY ***
Total pot $0.1 | Rake $0 | Jackpot $0 | Bingo $0 | Fortune $0 | Tax $0
Seat 1: 70049aa1 (button) folded before Flop (didn't bet)
Seat 2: 6fea418b (small blind) folded before Flop
Seat 3: ee20331a (big blind) collected ($0.1)
Seat 4: c5ffb94b folded before Flop (didn't bet)
Seat 5: 2e6795f2 folded before Flop (didn't bet)
Seat 6: Hero folded before Flop (didn't bet)


Poker Hand #HD1826811265: Hold'em No Limit ($0.05/$0.1) - 2024/06/22 19:08:06
Table 'NLHRed12' 6-max Seat #6 is the button
Seat 1: 70049aa1 ($10.89 in chips)
Seat 2: 6fea418b ($13.29 in chips)
Seat 3: ee20331a ($8.11 in chips)
Seat 4: c5ffb94b ($4.96 in chips)
Seat 5: 2e6795f2 ($23.9 in chips)
Seat 6: Hero ($12.11 in chips)
70049aa1: posts small blind $0.05
6fea418b: posts big blind $0.1
*** HOLE CARDS ***
Dealt to 70049aa1 
Dealt to 6fea418b 
Dealt to ee20331a 
Dealt to c5ffb94b 
Dealt to 2e6795f2 
Dealt to Hero [3c Kh]
ee20331a: calls $0.1
c5ffb94b: folds
2e6795f2: folds
Hero: folds
70049aa1: folds
6fea418b: checks
*** FLOP *** [Ks 7d Js]
6fea418b: bets $0.1
ee20331a: calls $0.1
*** TURN *** [Ks 7d Js] [3d]
6fea418b: bets $0.15
ee20331a: folds
Uncalled bet ($0.15) returned to 6fea418b
*** SHOWDOWN ***
6fea418b collected $0.43 from pot
*** SUMMARY ***
Total pot $0.45 | Rake $0.02 | Jackpot $0 | Bingo $0 | Fortune $0 | Tax $0
Board [Ks 7d Js 3d]
Seat 1: 70049aa1 (small blind) folded before Flop
Seat 2: 6fea418b (big blind) won ($0.43)
Seat 3: ee20331a folded on the Turn
Seat 4: c5ffb94b folded before Flop (didn't bet)
Seat 5: 2e6795f2 folded before Flop (didn't bet)
Seat 6: Hero (button) folded before Flop (didn't bet)


Poker Hand #HD1826811196: Hold'em No Limit ($0.05/$0.1) - 2024/06/22 19:07:31
Table 'NLHRed12' 6-max Seat #5 is the button
Seat 1: 70049aa1 ($10.62 in chips)
Seat 2: 6fea418b ($13.29 in chips)
Seat 3: ee20331a ($8.11 in chips)
Seat 4: c5ffb94b ($4.96 in chips)
Seat 5: 2e6795f2 ($23.9 in chips)
Seat 6: Hero ($12.41 in chips)
Hero: posts small blind $0.05
70049aa1: posts big blind $0.1
*** HOLE CARDS ***
Dealt to 70049aa1 
Dealt to 6fea418b 
Dealt to ee20331a 
Dealt to c5ffb94b 
Dealt to 2e6795f2 
Dealt to Hero [Ts Tc]
6fea418b: folds
ee20331a: folds
c5ffb94b: folds
2e6795f2: folds
Hero: raises $0.2 to $0.3
70049aa1: calls $0.2
*** FLOP *** [Ad Qh 7d]
Hero: checks
70049aa1: checks
*** TURN *** [Ad Qh 7d] [4s]
Hero: checks
70049aa1: bets $0.45
Hero: folds
Uncalled bet ($0.45) returned to 70049aa1
*** SHOWDOWN ***
70049aa1 collected $0.57 from pot
*** SUMMARY ***
Total pot $0.6 | Rake $0.03 | Jackpot $0 | Bingo $0 | Fortune $0 | Tax $0
Board [Ad Qh 7d 4s]
Seat 1: 70049aa1 (big blind) won ($0.57)
Seat 2: 6fea418b folded before Flop (didn't bet)
Seat 3: ee20331a folded before Flop (didn't bet)
Seat 4: c5ffb94b folded before Flop (didn't bet)
Seat 5: 2e6795f2 (button) folded before Flop (didn't bet)
Seat 6: Hero (small blind) folded on the Turn


Poker Hand #HD1826811134: Hold'em No Limit ($0.05/$0.1) - 2024/06/22 19:06:56
Table 'NLHRed12' 6-max Seat #4 is the button
Seat 1: 70049aa1 ($10 in chips)
Seat 2: 6fea418b ($13.29 in chips)
Seat 3: ee20331a ($8.64 in chips)
Seat 4: c5ffb94b ($4.96 in chips)
Seat 5: 2e6795f2 ($23.95 in chips)
Seat 6: Hero ($12.51 in chips)
2e6795f2: posts small blind $0.05
Hero: posts big blind $0.1
*** HOLE CARDS ***
Dealt to 70049aa1 
Dealt to 6fea418b 
Dealt to ee20331a 
Dealt to c5ffb94b 
Dealt to 2e6795f2 
Dealt to Hero [Ac 2h]
70049aa1: raises $0.18 to $0.28
6fea418b: folds
ee20331a: calls $0.28
c5ffb94b: folds
2e6795f2: folds
Hero: folds
*** FLOP *** [6d 3s Jc]
70049aa1: bets $0.25
ee20331a: calls $0.25
*** TURN *** [6d 3s Jc] [4c]
70049aa1: bets $1.25
ee20331a: folds
Uncalled bet ($1.25) returned to 70049aa1
*** SHOWDOWN ***
70049aa1 collected $1.15 from pot
*** SUMMARY ***
Total pot $1.21 | Rake $0.06 | Jackpot $0 | Bingo $0 | Fortune $0 | Tax $0
Board [6d 3s Jc 4c]
Seat 1: 70049aa1 won ($1.15)
Seat 2: 6fea418b folded before Flop (didn't bet)
Seat 3: ee20331a folded on the Turn
Seat 4: c5ffb94b (button) folded before Flop (didn't bet)
Seat 5: 2e6795f2 (small blind) folded before Flop
Seat 6: Hero (big blind) folded before Flop


Poker Hand #HD1826811095: Hold'em No Limit ($0.05/$0.1) - 2024/06/22 19:06:33
Table 'NLHRed12' 6-max Seat #3 is the button
Seat 1: 70049aa1 ($10 in chips)
Seat 2: 6fea418b ($12.89 in chips)
Seat 3: ee20331a ($8.64 in chips)
Seat 4: c5ffb94b ($5.01 in chips)
Seat 5: 2e6795f2 ($24.05 in chips)
Seat 6: Hero ($12.51 in chips)
c5ffb94b: posts small blind $0.05
2e6795f2: posts big blind $0.1
*** HOLE CARDS ***
Dealt to 70049aa1 
Dealt to 6fea418b 
Dealt to ee20331a 
Dealt to c5ffb94b 
Dealt to 2e6795f2 
Dealt to Hero [5s 4s]
Hero: folds
70049aa1: raises $0.18 to $0.28
6fea418b: raises $0.52 to $0.8
ee20331a: folds
c5ffb94b: folds
2e6795f2: folds
70049aa1: folds
Uncalled bet ($0.52) returned to 6fea418b
*** SHOWDOWN ***
6fea418b collected $0.68 from pot
*** SUMMARY ***
Total pot $0.71 | Rake $0.03 | Jackpot $0 | Bingo $0 | Fortune $0 | Tax $0
Seat 1: 70049aa1 folded before Flop
Seat 2: 6fea418b collected ($0.68)
Seat 3: ee20331a (button) folded before Flop (didn't bet)
Seat 4: c5ffb94b (small blind) folded before Flop
Seat 5: 2e6795f2 (big blind) folded before Flop
Seat 6: Hero folded before Flop (didn't bet)


Poker Hand #HD1826811040: Hold'em No Limit ($0.05/$0.1) - 2024/06/22 19:06:03
Table 'NLHRed12' 6-max Seat #2 is the button
Seat 1: 70049aa1 ($10 in chips)
Seat 2: 6fea418b ($12.89 in chips)
Seat 3: ee20331a ($8.69 in chips)
Seat 4: c5ffb94b ($4.78 in chips)
Seat 5: 2e6795f2 ($24.05 in chips)
Seat 6: Hero ($12.71 in chips)
ee20331a: posts small blind $0.05
c5ffb94b: posts big blind $0.1
*** HOLE CARDS ***
Dealt to 70049aa1 
Dealt to 6fea418b 
Dealt to ee20331a 
Dealt to c5ffb94b 
Dealt to 2e6795f2 
Dealt to Hero [As Th]
2e6795f2: folds
Hero: raises $0.1 to $0.2
70049aa1: folds
6fea418b: folds
ee20331a: folds
c5ffb94b: calls $0.1
*** FLOP *** [8c 4s Kh]
c5ffb94b: checks
Hero: checks
*** TURN *** [8c 4s Kh] [5d]
c5ffb94b: checks
Hero: checks
*** RIVER *** [8c 4s Kh 5d] [9s]
c5ffb94b: bets $0.1
Hero: folds
Uncalled bet ($0.1) returned to c5ffb94b
*** SHOWDOWN ***
c5ffb94b collected $0.43 from pot
*** SUMMARY ***
Total pot $0.45 | Rake $0.02 | Jackpot $0 | Bingo $0 | Fortune $0 | Tax $0
Board [8c 4s Kh 5d 9s]
Seat 1: 70049aa1 folded before Flop (didn't bet)
Seat 2: 6fea418b (button) folded before Flop (didn't bet)
Seat 3: ee20331a (small blind) folded before Flop
Seat 4: c5ffb94b (big blind) won ($0.43)
Seat 5: 2e6795f2 folded before Flop (didn't bet)
Seat 6: Hero folded on the River


Poker Hand #HD1826810974: Hold'em No Limit ($0.05/$0.1) - 2024/06/22 19:05:34
Table 'NLHRed12' 6-max Seat #1 is the button
Seat 1: 70049aa1 ($10 in chips)
Seat 2: 6fea418b ($12.94 in chips)
Seat 3: ee20331a ($8.89 in chips)
Seat 4: c5ffb94b ($4.55 in chips)
Seat 5: 2e6795f2 ($24.05 in chips)
Seat 6: Hero ($12.71 in chips)
6fea418b: posts small blind $0.05
ee20331a: posts big blind $0.1
*** HOLE CARDS ***
Dealt to 70049aa1 
Dealt to 6fea418b 
Dealt to ee20331a 
Dealt to c5ffb94b 
Dealt to 2e6795f2 
Dealt to Hero [6h 8s]
c5ffb94b: raises $0.1 to $0.2
2e6795f2: folds
Hero: folds
70049aa1: folds
6fea418b: folds
ee20331a: calls $0.1
*** FLOP *** [As Ad Td]
ee20331a: checks
c5ffb94b: bets $0.31
ee20331a: folds
Uncalled bet ($0.31) returned to c5ffb94b
*** SHOWDOWN ***
c5ffb94b collected $0.43 from pot
*** SUMMARY ***
Total pot $0.45 | Rake $0.02 | Jackpot $0 | Bingo $0 | Fortune $0 | Tax $0
Board [As Ad Td]
Seat 1: 70049aa1 (button) folded before Flop (didn't bet)
Seat 2: 6fea418b (small blind) folded before Flop
Seat 3: ee20331a (big blind) folded on the Flop
Seat 4: c5ffb94b won ($0.43)
Seat 5: 2e6795f2 folded before Flop (didn't bet)
Seat 6: Hero folded before Flop (didn't bet)


Poker Hand #HD1826810905: Hold'em No Limit ($0.05/$0.1) - 2024/06/22 19:05:02
Table 'NLHRed12' 6-max Seat #6 is the button
Seat 1: 70049aa1 ($10 in chips)
Seat 2: 6fea418b ($13.04 in chips)
Seat 3: ee20331a ($8.75 in chips)
Seat 4: c5ffb94b ($4.55 in chips)
Seat 5: 2e6795f2 ($24.05 in chips)
Seat 6: Hero ($12.71 in chips)
70049aa1: posts small blind $0.05
6fea418b: posts big blind $0.1
*** HOLE CARDS ***
Dealt to 70049aa1 
Dealt to 6fea418b 
Dealt to ee20331a 
Dealt to c5ffb94b 
Dealt to 2e6795f2 
Dealt to Hero [8c Js]
ee20331a: calls $0.1
c5ffb94b: folds
2e6795f2: folds
Hero: folds
70049aa1: folds
6fea418b: checks
*** FLOP *** [5c Kc 2s]
6fea418b: checks
ee20331a: checks
*** TURN *** [5c Kc 2s] [9s]
6fea418b: checks
ee20331a: bets $0.25
6fea418b: folds
Uncalled bet ($0.25) returned to ee20331a
*** SHOWDOWN ***
ee20331a collected $0.24 from pot
*** SUMMARY ***
Total pot $0.25 | Rake $0.01 | Jackpot $0 | Bingo $0 | Fortune $0 | Tax $0
Board [5c Kc 2s 9s]
Seat 1: 70049aa1 (small blind) folded before Flop
Seat 2: 6fea418b (big blind) folded on the Turn
Seat 3: ee20331a won ($0.24)
Seat 4: c5ffb94b folded before Flop (didn't bet)
Seat 5: 2e6795f2 folded before Flop (didn't bet)
Seat 6: Hero (button) folded before Flop (didn't bet)


Poker Hand #HD1826810854: Hold'em No Limit ($0.05/$0.1) - 2024/06/22 19:04:34
Table 'NLHRed12' 6-max Seat #5 is the button
Seat 1: 70049aa1 ($10 in chips)
Seat 2: 6fea418b ($13.04 in chips)
Seat 3: ee20331a ($8.75 in chips)
Seat 4: c5ffb94b ($4.4 in chips)
Seat 5: 2e6795f2 ($24.05 in chips)
Seat 6: Hero ($12.76 in chips)
Hero: posts small blind $0.05
70049aa1: posts big blind $0.1
*** HOLE CARDS ***
Dealt to 70049aa1 
Dealt to 6fea418b 
Dealt to ee20331a 
Dealt to c5ffb94b 
Dealt to 2e6795f2 
Dealt to Hero [2d 4s]
6fea418b: folds
ee20331a: folds
c5ffb94b: raises $0.15 to $0.25
2e6795f2: folds
Hero: folds
70049aa1: folds
Uncalled bet ($0.15) returned to c5ffb94b
*** SHOWDOWN ***
c5ffb94b collected $0.25 from pot
*** SUMMARY ***
Total pot $0.25 | Rake $0 | Jackpot $0 | Bingo $0 | Fortune $0 | Tax $0
Seat 1: 70049aa1 (big blind) folded before Flop
Seat 2: 6fea418b folded before Flop (didn't bet)
Seat 3: ee20331a folded before Flop (didn't bet)
Seat 4: c5ffb94b collected ($0.25)
Seat 5: 2e6795f2 (button) folded before Flop (didn't bet)
Seat 6: Hero (small blind) folded before Flop


Poker Hand #HD1826810801: Hold'em No Limit ($0.05/$0.1) - 2024/06/22 19:04:02
Table 'NLHRed12' 6-max Seat #4 is the button
Seat 1: 70049aa1 ($10 in chips)
Seat 2: 6fea418b ($13.04 in chips)
Seat 3: ee20331a ($9.09 in chips)
Seat 4: c5ffb94b ($3.95 in chips)
Seat 5: 2e6795f2 ($24.1 in chips)
Seat 6: Hero ($12.86 in chips)
2e6795f2: posts small blind $0.05
Hero: posts big blind $0.1
*** HOLE CARDS ***
Dealt to 70049aa1 
Dealt to 6fea418b 
Dealt to ee20331a 
Dealt to c5ffb94b 
Dealt to 2e6795f2 
Dealt to Hero [8s 5d]
70049aa1: folds
6fea418b: folds
ee20331a: calls $0.1
c5ffb94b: raises $0.24 to $0.34
2e6795f2: folds
Hero: folds
ee20331a: calls $0.24
*** FLOP *** [Qd Ac 9s]
ee20331a: checks
c5ffb94b: bets $0.56
ee20331a: folds
Uncalled bet ($0.56) returned to c5ffb94b
*** SHOWDOWN ***
c5ffb94b collected $0.79 from pot
*** SUMMARY ***
Total pot $0.83 | Rake $0.04 | Jackpot $0 | Bingo $0 | Fortune $0 | Tax $0
Board [Qd Ac 9s]
Seat 1: 70049aa1 folded before Flop (didn't bet)
Seat 2: 6fea418b folded before Flop (didn't bet)
Seat 3: ee20331a folded on the Flop
Seat 4: c5ffb94b (button) won ($0.79)
Seat 5: 2e6795f2 (small blind) folded before Flop
Seat 6: Hero (big blind) folded before Flop


Poker Hand #HD1826810283: Hold'em No Limit ($0.05/$0.1) - 2024/06/22 18:59:35
Table 'NLHRed12' 6-max Seat #6 is the button
Seat 1: 70049aa1 ($10 in chips)
Seat 2: 6fea418b ($10 in chips)
Seat 3: ee20331a ($11.61 in chips)
Seat 4: c5ffb94b ($4 in chips)
Seat 5: 2e6795f2 ($23.91 in chips)
Seat 6: Hero ($12.86 in chips)
70049aa1: posts small blind $0.05
6fea418b: posts big blind $0.1
*** HOLE CARDS ***
Dealt to 70049aa1 
Dealt to 6fea418b 
Dealt to ee20331a 
Dealt to c5ffb94b 
Dealt to 2e6795f2 
Dealt to Hero [Qs 6d]
ee20331a: calls $0.1
c5ffb94b: raises $0.25 to $0.35
2e6795f2: folds
Hero: folds
70049aa1: folds
6fea418b: folds
ee20331a: calls $0.25
*** FLOP *** [5h Qc 5d]
ee20331a: bets $0.85
c5ffb94b: folds
Uncalled bet ($0.85) returned to ee20331a
*** SHOWDOWN ***
ee20331a collected $0.81 from pot
*** SUMMARY ***
Total pot $0.85 | Rake $0.04 | Jackpot $0 | Bingo $0 | Fortune $0 | Tax $0
Board [5h Qc 5d]
Seat 1: 70049aa1 (small blind) folded before Flop
Seat 2: 6fea418b (big blind) folded before Flop
Seat 3: ee20331a won ($0.81)
Seat 4: c5ffb94b folded on the Flop
Seat 5: 2e6795f2 folded before Flop (didn't bet)
Seat 6: Hero (button) folded before Flop (didn't bet)


Poker Hand #HD1826810225: Hold'em No Limit ($0.05/$0.1) - 2024/06/22 18:59:10
Table 'NLHRed12' 6-max Seat #5 is the button
Seat 1: 70049aa1 ($10 in chips)
Seat 2: 6fea418b ($10 in chips)
Seat 3: ee20331a ($11.61 in chips)
Seat 4: c5ffb94b ($4 in chips)
Seat 5: 2e6795f2 ($23.63 in chips)
Seat 6: Hero ($12.91 in chips)
Hero: posts small blind $0.05
70049aa1: posts big blind $0.1
*** HOLE CARDS ***
Dealt to 70049aa1 
Dealt to 6fea418b 
Dealt to ee20331a 
Dealt to c5ffb94b 
Dealt to 2e6795f2 
Dealt to Hero [8h 9c]
6fea418b: folds
ee20331a: folds
c5ffb94b: folds
2e6795f2: raises $0.15 to $0.25
Hero: folds
70049aa1: calls $0.15
*** FLOP *** [4c Jd Qd]
70049aa1: checks
2e6795f2: bets $0.37
70049aa1: folds
Uncalled bet ($0.37) returned to 2e6795f2
*** SHOWDOWN ***
2e6795f2 collected $0.53 from pot
*** SUMMARY ***
Total pot $0.55 | Rake $0.02 | Jackpot $0 | Bingo $0 | Fortune $0 | Tax $0
Board [4c Jd Qd]
Seat 1: 70049aa1 (big blind) folded on the Flop
Seat 2: 6fea418b folded before Flop (didn't bet)
Seat 3: ee20331a folded before Flop (didn't bet)
Seat 4: c5ffb94b folded before Flop (didn't bet)
Seat 5: 2e6795f2 (button) won ($0.53)
Seat 6: Hero (small blind) folded before Flop


Poker Hand #HD1826810127: Hold'em No Limit ($0.05/$0.1) - 2024/06/22 18:58:19
Table 'NLHRed12' 6-max Seat #4 is the button
Seat 1: 70049aa1 ($10 in chips)
Seat 2: 6fea418b ($10 in chips)
Seat 3: ee20331a ($11.86 in chips)
Seat 4: c5ffb94b ($3.85 in chips)
Seat 5: 2e6795f2 ($23.68 in chips)
Seat 6: Hero ($11.23 in chips)
2e6795f2: posts small blind $0.05
Hero: posts big blind $0.1
*** HOLE CARDS ***
Dealt to 70049aa1 
Dealt to 6fea418b 
Dealt to ee20331a 
Dealt to c5ffb94b 
Dealt to 2e6795f2 
Dealt to Hero [5h 4h]
70049aa1: folds
6fea418b: raises $0.15 to $0.25
ee20331a: calls $0.25
c5ffb94b: folds
2e6795f2: folds
Hero: calls $0.15
*** FLOP *** [3c 6h 7c]
Hero: checks
6fea418b: bets $0.4
ee20331a: folds
Hero: raises $1 to $1.4
6fea418b: calls $1
*** TURN *** [3c 6h 7c] [Qc]
Hero: bets $1.6
6fea418b: folds
Uncalled bet ($1.6) returned to Hero
*** SHOWDOWN ***
Hero collected $3.33 from pot
*** SUMMARY ***
Total pot $3.6 | Rake $0.17 | Jackpot $0.1 | Bingo $0 | Fortune $0 | Tax $0
Board [3c 6h 7c Qc]
Seat 1: 70049aa1 folded before Flop (didn't bet)
Seat 2: 6fea418b folded on the Turn
Seat 3: ee20331a folded on the Flop
Seat 4: c5ffb94b (button) folded before Flop (didn't bet)
Seat 5: 2e6795f2 (small blind) folded before Flop
Seat 6: Hero (big blind) won ($3.33)


Poker Hand #HD1826810055: Hold'em No Limit ($0.05/$0.1) - 2024/06/22 18:57:46
Table 'NLHRed12' 6-max Seat #3 is the button
Seat 1: 70049aa1 ($10 in chips)
Seat 2: 6fea418b ($10 in chips)
Seat 3: ee20331a ($11.72 in chips)
Seat 4: c5ffb94b ($3.9 in chips)
Seat 5: 2e6795f2 ($23.78 in chips)
Seat 6: Hero ($11.23 in chips)
c5ffb94b: posts small blind $0.05
2e6795f2: posts big blind $0.1
*** HOLE CARDS ***
Dealt to 70049aa1 
Dealt to 6fea418b 
Dealt to ee20331a 
Dealt to c5ffb94b 
Dealt to 2e6795f2 
Dealt to Hero [9s 6s]
Hero: folds
70049aa1: folds
6fea418b: folds
ee20331a: calls $0.1
c5ffb94b: folds
2e6795f2: checks
*** FLOP *** [Ac 3d 6c]
2e6795f2: checks
ee20331a: checks
*** TURN *** [Ac 3d 6c] [Tc]
2e6795f2: checks
ee20331a: bets $0.25
2e6795f2: folds
Uncalled bet ($0.25) returned to ee20331a
*** SHOWDOWN ***
ee20331a collected $0.24 from pot
*** SUMMARY ***
Total pot $0.25 | Rake $0.01 | Jackpot $0 | Bingo $0 | Fortune $0 | Tax $0
Board [Ac 3d 6c Tc]
Seat 1: 70049aa1 folded before Flop (didn't bet)
Seat 2: 6fea418b folded before Flop (didn't bet)
Seat 3: ee20331a (button) won ($0.24)
Seat 4: c5ffb94b (small blind) folded before Flop
Seat 5: 2e6795f2 (big blind) folded on the Turn
Seat 6: Hero folded before Flop (didn't bet)


Poker Hand #HD1826809973: Hold'em No Limit ($0.05/$0.1) - 2024/06/22 18:57:06
Table 'NLHRed12' 6-max Seat #2 is the button
Seat 1: 70049aa1 ($10 in chips)
Seat 2: 6fea418b ($10.15 in chips)
Seat 3: ee20331a ($11.22 in chips)
Seat 4: c5ffb94b ($4 in chips)
Seat 5: 2e6795f2 ($23.78 in chips)
Seat 6: Hero ($11.23 in chips)
ee20331a: posts small blind $0.05
c5ffb94b: posts big blind $0.1
*** HOLE CARDS ***
Dealt to 70049aa1 
Dealt to 6fea418b 
Dealt to ee20331a 
Dealt to c5ffb94b 
Dealt to 2e6795f2 
Dealt to Hero [3h 8c]
2e6795f2: folds
Hero: folds
70049aa1: folds
6fea418b: raises $0.15 to $0.25
ee20331a: calls $0.2
c5ffb94b: folds
*** FLOP *** [3c Td Qs]
ee20331a: checks
6fea418b: bets $0.2
ee20331a: calls $0.2
*** TURN *** [3c Td Qs] [Th]
ee20331a: checks
6fea418b: checks
*** RIVER *** [3c Td Qs Th] [7d]
ee20331a: bets $1
6fea418b: folds
Uncalled bet ($1) returned to ee20331a
*** SHOWDOWN ***
ee20331a collected $0.95 from pot
*** SUMMARY ***
Total pot $1 | Rake $0.05 | Jackpot $0 | Bingo $0 | Fortune $0 | Tax $0
Board [3c Td Qs Th 7d]
Seat 1: 70049aa1 folded before Flop (didn't bet)
Seat 2: 6fea418b (button) folded on the River
Seat 3: ee20331a (small blind) won ($0.95)
Seat 4: c5ffb94b (big blind) folded before Flop
Seat 5: 2e6795f2 folded before Flop (didn't bet)
Seat 6: Hero folded before Flop (didn't bet)


Poker Hand #HD1826809939: Hold'em No Limit ($0.05/$0.1) - 2024/06/22 18:56:54
Table 'NLHRed12' 6-max Seat #1 is the button
Seat 1: 70049aa1 ($10 in chips)
Seat 2: 6fea418b ($10.2 in chips)
Seat 3: ee20331a ($11.17 in chips)
Seat 4: c5ffb94b ($4 in chips)
Seat 5: 2e6795f2 ($23.78 in chips)
Seat 6: Hero ($11.23 in chips)
6fea418b: posts small blind $0.05
ee20331a: posts big blind $0.1
*** HOLE CARDS ***
Dealt to 70049aa1 
Dealt to 6fea418b 
Dealt to ee20331a 
Dealt to c5ffb94b 
Dealt to 2e6795f2 
Dealt to Hero [6c 2d]
c5ffb94b: folds
2e6795f2: folds
Hero: folds
70049aa1: folds
6fea418b: folds
Uncalled bet ($0.05) returned to ee20331a
*** SHOWDOWN ***
ee20331a collected $0.1 from pot
*** SUMMARY ***
Total pot $0.1 | Rake $0 | Jackpot $0 | Bingo $0 | Fortune $0 | Tax $0
Seat 1: 70049aa1 (button) folded before Flop (didn't bet)
Seat 2: 6fea418b (small blind) folded before Flop
Seat 3: ee20331a (big blind) collected ($0.1)
Seat 4: c5ffb94b folded before Flop (didn't bet)
Seat 5: 2e6795f2 folded before Flop (didn't bet)
Seat 6: Hero folded before Flop (didn't bet)


Poker Hand #HD1826809906: Hold'em No Limit ($0.05/$0.1) - 2024/06/22 18:56:36
Table 'NLHRed12' 6-max Seat #6 is the button
Seat 1: 70049aa1 ($10 in chips)
Seat 2: 6fea418b ($10.3 in chips)
Seat 3: ee20331a ($11.17 in chips)
Seat 4: c5ffb94b ($3.97 in chips)
Seat 5: 2e6795f2 ($23.78 in chips)
Seat 6: Hero ($10.9 in chips)
70049aa1: posts small blind $0.05
6fea418b: posts big blind $0.1
*** HOLE CARDS ***
Dealt to 70049aa1 
Dealt to 6fea418b 
Dealt to ee20331a 
Dealt to c5ffb94b 
Dealt to 2e6795f2 
Dealt to Hero [Kh Kd]
ee20331a: folds
c5ffb94b: raises $0.1 to $0.2
2e6795f2: folds
Hero: raises $0.5 to $0.7
70049aa1: folds
6fea418b: folds
c5ffb94b: folds
Uncalled bet ($0.5) returned to Hero
*** SHOWDOWN ***
Hero collected $0.53 from pot
*** SUMMARY ***
Total pot $0.55 | Rake $0.02 | Jackpot $0 | Bingo $0 | Fortune $0 | Tax $0
Seat 1: 70049aa1 (small blind) folded before Flop
Seat 2: 6fea418b (big blind) folded before Flop
Seat 3: ee20331a folded before Flop (didn't bet)
Seat 4: c5ffb94b folded before Flop
Seat 5: 2e6795f2 folded before Flop (didn't bet)
Seat 6: Hero (button) collected ($0.53)


Poker Hand #HD1826809840: Hold'em No Limit ($0.05/$0.1) - 2024/06/22 18:56:07
Table 'NLHRed12' 6-max Seat #5 is the button
Seat 1: 70049aa1 ($10 in chips)
Seat 2: 6fea418b ($10.3 in chips)
Seat 3: ee20331a ($11.27 in chips)
Seat 4: c5ffb94b ($3.97 in chips)
Seat 5: 2e6795f2 ($23.54 in chips)
Seat 6: Hero ($10.95 in chips)
Hero: posts small blind $0.05
70049aa1: posts big blind $0.1
*** HOLE CARDS ***
Dealt to 70049aa1 
Dealt to 6fea418b 
Dealt to ee20331a 
Dealt to c5ffb94b 
Dealt to 2e6795f2 
Dealt to Hero [Qs 7c]
6fea418b: folds
ee20331a: calls $0.1
c5ffb94b: folds
2e6795f2: raises $0.35 to $0.45
Hero: folds
70049aa1: folds
ee20331a: folds
Uncalled bet ($0.35) returned to 2e6795f2
*** SHOWDOWN ***
2e6795f2 collected $0.34 from pot
*** SUMMARY ***
Total pot $0.35 | Rake $0.01 | Jackpot $0 | Bingo $0 | Fortune $0 | Tax $0
Seat 1: 70049aa1 (big blind) folded before Flop
Seat 2: 6fea418b folded before Flop (didn't bet)
Seat 3: ee20331a folded before Flop
Seat 4: c5ffb94b folded before Flop (didn't bet)
Seat 5: 2e6795f2 (button) collected ($0.34)
Seat 6: Hero (small blind) folded before Flop


Poker Hand #HD1826809736: Hold'em No Limit ($0.05/$0.1) - 2024/06/22 18:55:13
Table 'NLHRed12' 6-max Seat #4 is the button
Seat 1: 70049aa1 ($10 in chips)
Seat 2: 6fea418b ($10.3 in chips)
Seat 3: ee20331a ($11.08 in chips)
Seat 4: c5ffb94b ($3.97 in chips)
Seat 5: 2e6795f2 ($23.64 in chips)
Seat 6: Hero ($11.05 in chips)
2e6795f2: posts small blind $0.05
Hero: posts big blind $0.1
*** HOLE CARDS ***
Dealt to 70049aa1 
Dealt to 6fea418b 
Dealt to ee20331a 
Dealt to c5ffb94b 
Dealt to 2e6795f2 
Dealt to Hero [4d 2c]
70049aa1: folds
6fea418b: folds
ee20331a: calls $0.1
c5ffb94b: folds
2e6795f2: calls $0.05
Hero: checks
*** FLOP *** [9c 9s 4c]
2e6795f2: checks
Hero: checks
ee20331a: checks
*** TURN *** [9c 9s 4c] [8d]
2e6795f2: checks
Hero: checks
ee20331a: checks
*** RIVER *** [9c 9s 4c 8d] [Qd]
2e6795f2: checks
Hero: checks
ee20331a: bets $0.3
2e6795f2: folds
Hero: folds
Uncalled bet ($0.3) returned to ee20331a
*** SHOWDOWN ***
ee20331a collected $0.29 from pot
*** SUMMARY ***
Total pot $0.3 | Rake $0.01 | Jackpot $0 | Bingo $0 | Fortune $0 | Tax $0
Board [9c 9s 4c 8d Qd]
Seat 1: 70049aa1 folded before Flop (didn't bet)
Seat 2: 6fea418b folded before Flop (didn't bet)
Seat 3: ee20331a won ($0.29)
Seat 4: c5ffb94b (button) folded before Flop (didn't bet)
Seat 5: 2e6795f2 (small blind) folded on the River
Seat 6: Hero (big blind) folded on the River


Poker Hand #HD1826809696: Hold'em No Limit ($0.05/$0.1) - 2024/06/22 18:54:54
Table 'NLHRed12' 6-max Seat #3 is the button
Seat 1: 70049aa1 ($10 in chips)
Seat 2: 6fea418b ($10.3 in chips)
Seat 3: ee20331a ($11.08 in chips)
Seat 4: c5ffb94b ($4.07 in chips)
Seat 5: 2e6795f2 ($23.54 in chips)
Seat 6: Hero ($11.05 in chips)
c5ffb94b: posts small blind $0.05
2e6795f2: posts big blind $0.1
*** HOLE CARDS ***
Dealt to 70049aa1 
Dealt to 6fea418b 
Dealt to ee20331a 
Dealt to c5ffb94b 
Dealt to 2e6795f2 
Dealt to Hero [Ac 8d]
Hero: folds
70049aa1: folds
6fea418b: folds
ee20331a: folds
c5ffb94b: calls $0.05
2e6795f2: raises $0.3 to $0.4
c5ffb94b: folds
Uncalled bet ($0.3) returned to 2e6795f2
*** SHOWDOWN ***
2e6795f2 collected $0.2 from pot
*** SUMMARY ***
Total pot $0.2 | Rake $0 | Jackpot $0 | Bingo $0 | Fortune $0 | Tax $0
Seat 1: 70049aa1 folded before Flop (didn't bet)
Seat 2: 6fea418b folded before Flop (didn't bet)
Seat 3: ee20331a (button) folded before Flop (didn't bet)
Seat 4: c5ffb94b (small blind) folded before Flop
Seat 5: 2e6795f2 (big blind) collected ($0.2)
Seat 6: Hero folded before Flop (didn't bet)


Poker Hand #HD1826809664: Hold'em No Limit ($0.05/$0.1) - 2024/06/22 18:54:41
Table 'NLHRed12' 6-max Seat #2 is the button
Seat 1: 70049aa1 ($10 in chips)
Seat 2: 6fea418b ($10.3 in chips)
Seat 3: ee20331a ($11.13 in chips)
Seat 4: c5ffb94b ($4.02 in chips)
Seat 5: 2e6795f2 ($23.54 in chips)
Seat 6: Hero ($11.05 in chips)
ee20331a: posts small blind $0.05
c5ffb94b: posts big blind $0.1
*** HOLE CARDS ***
Dealt to 70049aa1 
Dealt to 6fea418b 
Dealt to ee20331a 
Dealt to c5ffb94b 
Dealt to 2e6795f2 
Dealt to Hero [3d Qs]
2e6795f2: folds
Hero: folds
70049aa1: folds
6fea418b: folds
ee20331a: folds
Uncalled bet ($0.05) returned to c5ffb94b
*** SHOWDOWN ***
c5ffb94b collected $0.1 from pot
*** SUMMARY ***
Total pot $0.1 | Rake $0 | Jackpot $0 | Bingo $0 | Fortune $0 | Tax $0
Seat 1: 70049aa1 folded before Flop (didn't bet)
Seat 2: 6fea418b (button) folded before Flop (didn't bet)
Seat 3: ee20331a (small blind) folded before Flop
Seat 4: c5ffb94b (big blind) collected ($0.1)
Seat 5: 2e6795f2 folded before Flop (didn't bet)
Seat 6: Hero folded before Flop (didn't bet)


Poker Hand #HD1826809646: Hold'em No Limit ($0.05/$0.1) - 2024/06/22 18:54:29
Table 'NLHRed12' 6-max Seat #1 is the button
Seat 1: 70049aa1 ($10 in chips)
Seat 2: 6fea418b ($10.35 in chips)
Seat 3: ee20331a ($11.08 in chips)
Seat 4: c5ffb94b ($4.02 in chips)
Seat 5: 2e6795f2 ($23.54 in chips)
Seat 6: Hero ($11.05 in chips)
6fea418b: posts small blind $0.05
ee20331a: posts big blind $0.1
*** HOLE CARDS ***
Dealt to 70049aa1 
Dealt to 6fea418b 
Dealt to ee20331a 
Dealt to c5ffb94b 
Dealt to 2e6795f2 
Dealt to Hero [3d 4h]
c5ffb94b: folds
2e6795f2: folds
Hero: folds
70049aa1: folds
6fea418b: folds
Uncalled bet ($0.05) returned to ee20331a
*** SHOWDOWN ***
ee20331a collected $0.1 from pot
*** SUMMARY ***
Total pot $0.1 | Rake $0 | Jackpot $0 | Bingo $0 | Fortune $0 | Tax $0
Seat 1: 70049aa1 (button) folded before Flop (didn't bet)
Seat 2: 6fea418b (small blind) folded before Flop
Seat 3: ee20331a (big blind) collected ($0.1)
Seat 4: c5ffb94b folded before Flop (didn't bet)
Seat 5: 2e6795f2 folded before Flop (didn't bet)
Seat 6: Hero folded before Flop (didn't bet)


Poker Hand #HD1826809587: Hold'em No Limit ($0.05/$0.1) - 2024/06/22 18:53:59
Table 'NLHRed12' 6-max Seat #6 is the button
Seat 1: 70049aa1 ($10.05 in chips)
Seat 2: 6fea418b ($10.45 in chips)
Seat 3: ee20331a ($11.52 in chips)
Seat 4: c5ffb94b ($4.02 in chips)
Seat 5: 2e6795f2 ($23.54 in chips)
Seat 6: Hero ($10.51 in chips)
70049aa1: posts small blind $0.05
6fea418b: posts big blind $0.1
*** HOLE CARDS ***
Dealt to 70049aa1 
Dealt to 6fea418b 
Dealt to ee20331a 
Dealt to c5ffb94b 
Dealt to 2e6795f2 
Dealt to Hero [Kh Th]
ee20331a: calls $0.1
c5ffb94b: folds
2e6795f2: folds
Hero: raises $0.34 to $0.44
70049aa1: folds
6fea418b: folds
ee20331a: calls $0.34
*** FLOP *** [Qh 4d 4h]
ee20331a: checks
Hero: bets $0.6
ee20331a: folds
Uncalled bet ($0.6) returned to Hero
*** SHOWDOWN ***
Hero collected $0.98 from pot
*** SUMMARY ***
Total pot $1.03 | Rake $0.05 | Jackpot $0 | Bingo $0 | Fortune $0 | Tax $0
Board [Qh 4d 4h]
Seat 1: 70049aa1 (small blind) folded before Flop
Seat 2: 6fea418b (big blind) folded before Flop
Seat 3: ee20331a folded on the Flop
Seat 4: c5ffb94b folded before Flop (didn't bet)
Seat 5: 2e6795f2 folded before Flop (didn't bet)
Seat 6: Hero (button) won ($0.98)


Poker Hand #HD1826809572: Hold'em No Limit ($0.05/$0.1) - 2024/06/22 18:53:48
Table 'NLHRed12' 6-max Seat #5 is the button
Seat 1: 70049aa1 ($10 in chips)
Seat 2: 6fea418b ($10.45 in chips)
Seat 3: ee20331a ($11.52 in chips)
Seat 4: c5ffb94b ($4.02 in chips)
Seat 5: 2e6795f2 ($23.54 in chips)
Seat 6: Hero ($10.56 in chips)
Hero: posts small blind $0.05
70049aa1: posts big blind $0.1
*** HOLE CARDS ***
Dealt to 70049aa1 
Dealt to 6fea418b 
Dealt to ee20331a 
Dealt to c5ffb94b 
Dealt to 2e6795f2 
Dealt to Hero [6h Kd]
6fea418b: folds
ee20331a: folds
c5ffb94b: folds
2e6795f2: folds
Hero: folds
Uncalled bet ($0.05) returned to 70049aa1
*** SHOWDOWN ***
70049aa1 collected $0.1 from pot
*** SUMMARY ***
Total pot $0.1 | Rake $0 | Jackpot $0 | Bingo $0 | Fortune $0 | Tax $0
Seat 1: 70049aa1 (big blind) collected ($0.1)
Seat 2: 6fea418b folded before Flop (didn't bet)
Seat 3: ee20331a folded before Flop (didn't bet)
Seat 4: c5ffb94b folded before Flop (didn't bet)
Seat 5: 2e6795f2 (button) folded before Flop (didn't bet)
Seat 6: Hero (small blind) folded before Flop


Poker Hand #HD1826809529: Hold'em No Limit ($0.05/$0.1) - 2024/06/22 18:53:26
Table 'NLHRed12' 6-max Seat #4 is the button
Seat 2: 6fea418b ($10.45 in chips)
Seat 3: ee20331a ($11.62 in chips)
Seat 4: c5ffb94b ($4.02 in chips)
Seat 5: 2e6795f2 ($23.35 in chips)
Seat 6: Hero ($10.66 in chips)
2e6795f2: posts small blind $0.05
Hero: posts big blind $0.1
*** HOLE CARDS ***
Dealt to 6fea418b 
Dealt to ee20331a 
Dealt to c5ffb94b 
Dealt to 2e6795f2 
Dealt to Hero [Kc 7h]
6fea418b: folds
ee20331a: calls $0.1
c5ffb94b: folds
2e6795f2: raises $0.4 to $0.5
Hero: folds
ee20331a: folds
Uncalled bet ($0.4) returned to 2e6795f2
*** SHOWDOWN ***
2e6795f2 collected $0.29 from pot
*** SUMMARY ***
Total pot $0.3 | Rake $0.01 | Jackpot $0 | Bingo $0 | Fortune $0 | Tax $0
Seat 2: 6fea418b folded before Flop (didn't bet)
Seat 3: ee20331a folded before Flop
Seat 4: c5ffb94b (button) folded before Flop (didn't bet)
Seat 5: 2e6795f2 (small blind) collected ($0.29)
Seat 6: Hero (big blind) folded before Flop


Poker Hand #HD1826809440: Hold'em No Limit ($0.05/$0.1) - 2024/06/22 18:52:40
Table 'NLHRed12' 6-max Seat #3 is the button
Seat 2: 6fea418b ($10.45 in chips)
Seat 3: ee20331a ($11.97 in chips)
Seat 4: c5ffb94b ($4.07 in chips)
Seat 5: 2e6795f2 ($22.98 in chips)
Seat 6: Hero ($10.66 in chips)
c5ffb94b: posts small blind $0.05
2e6795f2: posts big blind $0.1
*** HOLE CARDS ***
Dealt to 6fea418b 
Dealt to ee20331a 
Dealt to c5ffb94b 
Dealt to 2e6795f2 
Dealt to Hero [5c Qh]
Hero: folds
6fea418b: folds
ee20331a: calls $0.1
c5ffb94b: folds
2e6795f2: checks
*** FLOP *** [8s Qs 4c]
2e6795f2: checks
ee20331a: bets $0.25
2e6795f2: calls $0.25
*** TURN *** [8s Qs 4c] [Kc]
2e6795f2: checks
ee20331a: checks
*** RIVER *** [8s Qs 4c Kc] [Jh]
2e6795f2: checks
ee20331a: checks
2e6795f2: shows [Td Js] (Pair of Jacks)
ee20331a: shows [8h 9s] (Pair of Eights)
*** SHOWDOWN ***
2e6795f2 collected $0.72 from pot
*** SUMMARY ***
Total pot $0.75 | Rake $0.03 | Jackpot $0 | Bingo $0 | Fortune $0 | Tax $0
Board [8s Qs 4c Kc Jh]
Seat 2: 6fea418b folded before Flop (didn't bet)
Seat 3: ee20331a (button) showed [8h 9s] and lost with Pair of Eights
Seat 4: c5ffb94b (small blind) folded before Flop
Seat 5: 2e6795f2 (big blind) showed [Td Js] and won ($0.72) with Pair of Jacks
Seat 6: Hero folded before Flop (didn't bet)


Poker Hand #HD1826809345: Hold'em No Limit ($0.05/$0.1) - 2024/06/22 18:51:56
Table 'NLHRed12' 6-max Seat #2 is the button
Seat 2: 6fea418b ($10 in chips)
Seat 3: ee20331a ($12.02 in chips)
Seat 4: c5ffb94b ($4.51 in chips)
Seat 5: 2e6795f2 ($22.98 in chips)
Seat 6: Hero ($10.66 in chips)
ee20331a: posts small blind $0.05
c5ffb94b: posts big blind $0.1
*** HOLE CARDS ***
Dealt to 6fea418b 
Dealt to ee20331a 
Dealt to c5ffb94b 
Dealt to 2e6795f2 
Dealt to Hero [7h 5c]
2e6795f2: folds
Hero: folds
6fea418b: raises $0.15 to $0.25
ee20331a: folds
c5ffb94b: calls $0.15
*** FLOP *** [6c 9d Qd]
c5ffb94b: checks
6fea418b: bets $0.19
c5ffb94b: calls $0.19
*** TURN *** [6c 9d Qd] [Kc]
c5ffb94b: checks
6fea418b: checks
*** RIVER *** [6c 9d Qd Kc] [Js]
c5ffb94b: checks
6fea418b: checks
c5ffb94b: shows [6h Ac] (Pair of Sixes)
6fea418b: shows [Ah Ad] (Pair of Aces)
*** SHOWDOWN ***
6fea418b collected $0.89 from pot
*** SUMMARY ***
Total pot $0.93 | Rake $0.04 | Jackpot $0 | Bingo $0 | Fortune $0 | Tax $0
Board [6c 9d Qd Kc Js]
Seat 2: 6fea418b (button) showed [Ah Ad] and won ($0.89) with Pair of Aces
Seat 3: ee20331a (small blind) folded before Flop
Seat 4: c5ffb94b (big blind) showed [6h Ac] and lost with Pair of Sixes
Seat 5: 2e6795f2 folded before Flop (didn't bet)
Seat 6: Hero folded before Flop (didn't bet)


Poker Hand #HD1826809259: Hold'em No Limit ($0.05/$0.1) - 2024/06/22 18:51:14
Table 'NLHRed12' 6-max Seat #6 is the button
Seat 1: 39b0e60d ($10 in chips)
Seat 2: 6fea418b ($10 in chips)
Seat 3: ee20331a ($11.76 in chips)
Seat 4: c5ffb94b ($4.51 in chips)
Seat 5: 2e6795f2 ($22.98 in chips)
Seat 6: Hero ($10.66 in chips)
39b0e60d: posts small blind $0.05
6fea418b: posts big blind $0.1
*** HOLE CARDS ***
Dealt to 39b0e60d 
Dealt to 6fea418b 
Dealt to ee20331a 
Dealt to c5ffb94b 
Dealt to 2e6795f2 
Dealt to Hero [9d 4h]
ee20331a: calls $0.1
c5ffb94b: folds
2e6795f2: folds
Hero: folds
39b0e60d: folds
6fea418b: checks
*** FLOP *** [Ad 5c Ah]
6fea418b: checks
ee20331a: checks
*** TURN *** [Ad 5c Ah] [9h]
6fea418b: checks
ee20331a: checks
*** RIVER *** [Ad 5c Ah 9h] [Kd]
6fea418b: bets $0.13
ee20331a: raises $0.51 to $0.64
6fea418b: folds
Uncalled bet ($0.51) returned to ee20331a
*** SHOWDOWN ***
ee20331a collected $0.49 from pot
*** SUMMARY ***
Total pot $0.51 | Rake $0.02 | Jackpot $0 | Bingo $0 | Fortune $0 | Tax $0
Board [Ad 5c Ah 9h Kd]
Seat 1: 39b0e60d (small blind) folded before Flop
Seat 2: 6fea418b (big blind) folded on the River
Seat 3: ee20331a won ($0.49)
Seat 4: c5ffb94b folded before Flop (didn't bet)
Seat 5: 2e6795f2 folded before Flop (didn't bet)
Seat 6: Hero (button) folded before Flop (didn't bet)


Poker Hand #HD1826809202: Hold'em No Limit ($0.05/$0.1) - 2024/06/22 18:50:47
Table 'NLHRed12' 6-max Seat #5 is the button
Seat 1: 39b0e60d ($10 in chips)
Seat 2: 6fea418b ($10 in chips)
Seat 3: ee20331a ($11.25 in chips)
Seat 4: c5ffb94b ($4.51 in chips)
Seat 5: 2e6795f2 ($23.38 in chips)
Seat 6: Hero ($10.71 in chips)
Hero: posts small blind $0.05
39b0e60d: posts big blind $0.1
*** HOLE CARDS ***
Dealt to 39b0e60d 
Dealt to 6fea418b 
Dealt to ee20331a 
Dealt to c5ffb94b 
Dealt to 2e6795f2 
Dealt to Hero [Jd 3h]
6fea418b: folds
ee20331a: calls $0.1
c5ffb94b: folds
2e6795f2: raises $0.3 to $0.4
Hero: folds
39b0e60d: folds
ee20331a: raises $0.72 to $1.12
2e6795f2: folds
Uncalled bet ($0.72) returned to ee20331a
*** SHOWDOWN ***
ee20331a collected $0.91 from pot
*** SUMMARY ***
Total pot $0.95 | Rake $0.04 | Jackpot $0 | Bingo $0 | Fortune $0 | Tax $0
Seat 1: 39b0e60d (big blind) folded before Flop
Seat 2: 6fea418b folded before Flop (didn't bet)
Seat 3: ee20331a collected ($0.91)
Seat 4: c5ffb94b folded before Flop (didn't bet)
Seat 5: 2e6795f2 (button) folded before Flop
Seat 6: Hero (small blind) folded before Flop


Poker Hand #HD1826809162: Hold'em No Limit ($0.05/$0.1) - 2024/06/22 18:50:30
Table 'NLHRed12' 6-max Seat #4 is the button
Seat 1: 39b0e60d ($10 in chips)
Seat 2: 6fea418b ($10 in chips)
Seat 3: ee20331a ($11.1 in chips)
Seat 4: c5ffb94b ($4.51 in chips)
Seat 5: 2e6795f2 ($23.43 in chips)
Seat 6: Hero ($10.81 in chips)
2e6795f2: posts small blind $0.05
Hero: posts big blind $0.1
*** HOLE CARDS ***
Dealt to 39b0e60d 
Dealt to 6fea418b 
Dealt to ee20331a 
Dealt to c5ffb94b 
Dealt to 2e6795f2 
Dealt to Hero [Js 4c]
39b0e60d: folds
6fea418b: folds
ee20331a: raises $0.2 to $0.3
c5ffb94b: folds
2e6795f2: folds
Hero: folds
Uncalled bet ($0.2) returned to ee20331a
*** SHOWDOWN ***
ee20331a collected $0.25 from pot
*** SUMMARY ***
Total pot $0.25 | Rake $0 | Jackpot $0 | Bingo $0 | Fortune $0 | Tax $0
Seat 1: 39b0e60d folded before Flop (didn't bet)
Seat 2: 6fea418b folded before Flop (didn't bet)
Seat 3: ee20331a collected ($0.25)
Seat 4: c5ffb94b (button) folded before Flop (didn't bet)
Seat 5: 2e6795f2 (small blind) folded before Flop
Seat 6: Hero (big blind) folded before Flop


Poker Hand #HD1826809039: Hold'em No Limit ($0.05/$0.1) - 2024/06/22 18:49:33
Table 'NLHRed12' 6-max Seat #3 is the button
Seat 1: 39b0e60d ($10 in chips)
Seat 2: 6fea418b ($10 in chips)
Seat 3: ee20331a ($10.6 in chips)
Seat 4: c5ffb94b ($4.56 in chips)
Seat 5: 2e6795f2 ($23.53 in chips)
Seat 6: Hero ($10.81 in chips)
c5ffb94b: posts small blind $0.05
2e6795f2: posts big blind $0.1
*** HOLE CARDS ***
Dealt to 39b0e60d 
Dealt to 6fea418b 
Dealt to ee20331a 
Dealt to c5ffb94b 
Dealt to 2e6795f2 
Dealt to Hero [7c 8c]
Hero: folds
39b0e60d: raises $0.1 to $0.2
6fea418b: folds
ee20331a: calls $0.2
c5ffb94b: folds
2e6795f2: folds
*** FLOP *** [8h As 7s]
39b0e60d: bets $0.19
ee20331a: calls $0.19
*** TURN *** [8h As 7s] [3s]
39b0e60d: checks
ee20331a: bets $0.7
39b0e60d: folds
Uncalled bet ($0.7) returned to ee20331a
*** SHOWDOWN ***
ee20331a collected $0.89 from pot
*** SUMMARY ***
Total pot $0.93 | Rake $0.04 | Jackpot $0 | Bingo $0 | Fortune $0 | Tax $0
Board [8h As 7s 3s]
Seat 1: 39b0e60d folded on the Turn
Seat 2: 6fea418b folded before Flop (didn't bet)
Seat 3: ee20331a (button) won ($0.89)
Seat 4: c5ffb94b (small blind) folded before Flop
Seat 5: 2e6795f2 (big blind) folded before Flop
Seat 6: Hero folded before Flop (didn't bet)


Poker Hand #HD1826809017: Hold'em No Limit ($0.05/$0.1) - 2024/06/22 18:49:21
Table 'NLHRed12' 6-max Seat #2 is the button
Seat 1: 39b0e60d ($10 in chips)
Seat 2: 6fea418b ($10 in chips)
Seat 3: ee20331a ($10.65 in chips)
Seat 4: c5ffb94b ($4.66 in chips)
Seat 5: 2e6795f2 ($23.38 in chips)
Seat 6: Hero ($10.81 in chips)
ee20331a: posts small blind $0.05
c5ffb94b: posts big blind $0.1
*** HOLE CARDS ***
Dealt to 39b0e60d 
Dealt to 6fea418b 
Dealt to ee20331a 
Dealt to c5ffb94b 
Dealt to 2e6795f2 
Dealt to Hero [Td Jc]
2e6795f2: raises $0.2 to $0.3
Hero: folds
39b0e60d: folds
6fea418b: folds
ee20331a: folds
c5ffb94b: folds
Uncalled bet ($0.2) returned to 2e6795f2
*** SHOWDOWN ***
2e6795f2 collected $0.25 from pot
*** SUMMARY ***
Total pot $0.25 | Rake $0 | Jackpot $0 | Bingo $0 | Fortune $0 | Tax $0
Seat 1: 39b0e60d folded before Flop (didn't bet)
Seat 2: 6fea418b (button) folded before Flop (didn't bet)
Seat 3: ee20331a (small blind) folded before Flop
Seat 4: c5ffb94b (big blind) folded before Flop
Seat 5: 2e6795f2 collected ($0.25)
Seat 6: Hero folded before Flop (didn't bet)


Poker Hand #HD1826808953: Hold'em No Limit ($0.05/$0.1) - 2024/06/22 18:48:52
Table 'NLHRed12' 6-max Seat #1 is the button
Seat 1: 39b0e60d ($10 in chips)
Seat 2: 6fea418b ($10 in chips)
Seat 3: ee20331a ($11.16 in chips)
Seat 4: c5ffb94b ($4.15 in chips)
Seat 5: 2e6795f2 ($23.38 in chips)
Seat 6: Hero ($10.81 in chips)
6fea418b: posts small blind $0.05
ee20331a: posts big blind $0.1
*** HOLE CARDS ***
Dealt to 39b0e60d 
Dealt to 6fea418b 
Dealt to ee20331a 
Dealt to c5ffb94b 
Dealt to 2e6795f2 
Dealt to Hero [2h Jh]
c5ffb94b: raises $0.15 to $0.25
2e6795f2: folds
Hero: folds
39b0e60d: folds
6fea418b: folds
ee20331a: calls $0.15
*** FLOP *** [3d Kc Th]
ee20331a: checks
c5ffb94b: bets $0.26
ee20331a: calls $0.26
*** TURN *** [3d Kc Th] [5d]
ee20331a: checks
c5ffb94b: bets $0.75
ee20331a: folds
Uncalled bet ($0.75) returned to c5ffb94b
*** SHOWDOWN ***
c5ffb94b collected $1.02 from pot
*** SUMMARY ***
Total pot $1.07 | Rake $0.05 | Jackpot $0 | Bingo $0 | Fortune $0 | Tax $0
Board [3d Kc Th 5d]
Seat 1: 39b0e60d (button) folded before Flop (didn't bet)
Seat 2: 6fea418b (small blind) folded before Flop
Seat 3: ee20331a (big blind) folded on the Turn
Seat 4: c5ffb94b won ($1.02)
Seat 5: 2e6795f2 folded before Flop (didn't bet)
Seat 6: Hero folded before Flop (didn't bet)


Poker Hand #HD1826808880: Hold'em No Limit ($0.05/$0.1) - 2024/06/22 18:48:15
Table 'NLHRed12' 6-max Seat #6 is the button
Seat 1: 39b0e60d ($10 in chips)
Seat 2: 6fea418b ($10 in chips)
Seat 3: ee20331a ($10.25 in chips)
Seat 4: c5ffb94b ($4.15 in chips)
Seat 5: 2e6795f2 ($24.23 in chips)
Seat 6: Hero ($10.81 in chips)
39b0e60d: posts small blind $0.05
6fea418b: posts big blind $0.1
*** HOLE CARDS ***
Dealt to 39b0e60d 
Dealt to 6fea418b 
Dealt to ee20331a 
Dealt to c5ffb94b 
Dealt to 2e6795f2 
Dealt to Hero [3s 4h]
ee20331a: raises $0.2 to $0.3
c5ffb94b: folds
2e6795f2: raises $0.55 to $0.85
Hero: folds
39b0e60d: folds
6fea418b: folds
ee20331a: raises $1.39 to $2.24
2e6795f2: folds
Uncalled bet ($1.39) returned to ee20331a
*** SHOWDOWN ***
ee20331a collected $1.76 from pot
*** SUMMARY ***
Total pot $1.85 | Rake $0.09 | Jackpot $0 | Bingo $0 | Fortune $0 | Tax $0
Seat 1: 39b0e60d (small blind) folded before Flop
Seat 2: 6fea418b (big blind) folded before Flop
Seat 3: ee20331a collected ($1.76)
Seat 4: c5ffb94b folded before Flop (didn't bet)
Seat 5: 2e6795f2 folded before Flop
Seat 6: Hero (button) folded before Flop (didn't bet)


Poker Hand #HD1826808828: Hold'em No Limit ($0.05/$0.1) - 2024/06/22 18:47:50
Table 'NLHRed12' 6-max Seat #5 is the button
Seat 1: 39b0e60d ($10 in chips)
Seat 3: ee20331a ($10.25 in chips)
Seat 4: c5ffb94b ($4 in chips)
Seat 5: 2e6795f2 ($24.23 in chips)
Seat 6: Hero ($10.86 in chips)
Hero: posts small blind $0.05
39b0e60d: posts big blind $0.1
*** HOLE CARDS ***
Dealt to 39b0e60d 
Dealt to ee20331a 
Dealt to c5ffb94b 
Dealt to 2e6795f2 
Dealt to Hero [4h Ts]
ee20331a: folds
c5ffb94b: raises $0.12 to $0.22
2e6795f2: folds
Hero: folds
39b0e60d: folds
Uncalled bet ($0.12) returned to c5ffb94b
*** SHOWDOWN ***
c5ffb94b collected $0.25 from pot
*** SUMMARY ***
Total pot $0.25 | Rake $0 | Jackpot $0 | Bingo $0 | Fortune $0 | Tax $0
Seat 1: 39b0e60d (big blind) folded before Flop
Seat 3: ee20331a folded before Flop (didn't bet)
Seat 4: c5ffb94b collected ($0.25)
Seat 5: 2e6795f2 (button) folded before Flop (didn't bet)
Seat 6: Hero (small blind) folded before Flop


Poker Hand #HD1826808759: Hold'em No Limit ($0.05/$0.1) - 2024/06/22 18:47:16
Table 'NLHRed12' 6-max Seat #4 is the button
Seat 1: fe3b8362 ($17.98 in chips)
Seat 3: ee20331a ($9.8 in chips)
Seat 4: c5ffb94b ($4.05 in chips)
Seat 5: 2e6795f2 ($24.28 in chips)
Seat 6: Hero ($10.96 in chips)
2e6795f2: posts small blind $0.05
Hero: posts big blind $0.1
*** HOLE CARDS ***
Dealt to fe3b8362 
Dealt to ee20331a 
Dealt to c5ffb94b 
Dealt to 2e6795f2 
Dealt to Hero [Ks 9h]
fe3b8362: folds
ee20331a: calls $0.1
c5ffb94b: raises $0.24 to $0.34
2e6795f2: folds
Hero: folds
ee20331a: raises $0.83 to $1.17
c5ffb94b: folds
Uncalled bet ($0.83) returned to ee20331a
*** SHOWDOWN ***
ee20331a collected $0.79 from pot
*** SUMMARY ***
Total pot $0.83 | Rake $0.04 | Jackpot $0 | Bingo $0 | Fortune $0 | Tax $0
Seat 1: fe3b8362 folded before Flop (didn't bet)
Seat 3: ee20331a collected ($0.79)
Seat 4: c5ffb94b (button) folded before Flop
Seat 5: 2e6795f2 (small blind) folded before Flop
Seat 6: Hero (big blind) folded before Flop


Poker Hand #HD1826808653: Hold'em No Limit ($0.05/$0.1) - 2024/06/22 18:46:23
Table 'NLHRed12' 6-max Seat #3 is the button
Seat 1: fe3b8362 ($17.98 in chips)
Seat 3: ee20331a ($9.8 in chips)
Seat 4: c5ffb94b ($4.45 in chips)
Seat 5: 2e6795f2 ($23.92 in chips)
Seat 6: Hero ($10.96 in chips)
c5ffb94b: posts small blind $0.05
2e6795f2: posts big blind $0.1
*** HOLE CARDS ***
Dealt to fe3b8362 
Dealt to ee20331a 
Dealt to c5ffb94b 
Dealt to 2e6795f2 
Dealt to Hero [6h 7c]
Hero: folds
fe3b8362: folds
ee20331a: folds
c5ffb94b: calls $0.05
2e6795f2: raises $0.3 to $0.4
c5ffb94b: calls $0.3
*** FLOP *** [Qc 8h 5c]
c5ffb94b: checks
2e6795f2: checks
*** TURN *** [Qc 8h 5c] [7h]
c5ffb94b: checks
2e6795f2: checks
*** RIVER *** [Qc 8h 5c 7h] [Kh]
c5ffb94b: checks
2e6795f2: checks
c5ffb94b: shows [3s 4s] (King-High)
2e6795f2: shows [Ad 9d] (Ace-High)
*** SHOWDOWN ***
2e6795f2 collected $0.76 from pot
*** SUMMARY ***
Total pot $0.8 | Rake $0.04 | Jackpot $0 | Bingo $0 | Fortune $0 | Tax $0
Board [Qc 8h 5c 7h Kh]
Seat 1: fe3b8362 folded before Flop (didn't bet)
Seat 3: ee20331a (button) folded before Flop (didn't bet)
Seat 4: c5ffb94b (small blind) showed [3s 4s] and lost with King-High
Seat 5: 2e6795f2 (big blind) showed [Ad 9d] and won ($0.76) with Ace-High
Seat 6: Hero folded before Flop (didn't bet)


Poker Hand #HD1826808528: Hold'em No Limit ($0.05/$0.1) - 2024/06/22 18:45:22
Table 'NLHRed12' 6-max Seat #1 is the button
Seat 1: fe3b8362 ($17.98 in chips)
Seat 3: ee20331a ($10.04 in chips)
Seat 4: c5ffb94b ($4 in chips)
Seat 5: 2e6795f2 ($23.92 in chips)
Seat 6: Hero ($11.2 in chips)
ee20331a: posts small blind $0.05
c5ffb94b: posts big blind $0.1
*** HOLE CARDS ***
Dealt to fe3b8362 
Dealt to ee20331a 
Dealt to c5ffb94b 
Dealt to 2e6795f2 
Dealt to Hero [Js 7s]
2e6795f2: folds
Hero: raises $0.14 to $0.24
fe3b8362: folds
ee20331a: calls $0.19
c5ffb94b: calls $0.14
*** FLOP *** [5d 8h 3c]
ee20331a: checks
c5ffb94b: checks
Hero: checks
*** TURN *** [5d 8h 3c] [2c]
ee20331a: checks
c5ffb94b: bets $0.24
Hero: folds
ee20331a: folds
Uncalled bet ($0.24) returned to c5ffb94b
*** SHOWDOWN ***
c5ffb94b collected $0.69 from pot
*** SUMMARY ***
Total pot $0.72 | Rake $0.03 | Jackpot $0 | Bingo $0 | Fortune $0 | Tax $0
Board [5d 8h 3c 2c]
Seat 1: fe3b8362 (button) folded before Flop (didn't bet)
Seat 3: ee20331a (small blind) folded on the Turn
Seat 4: c5ffb94b (big blind) won ($0.69)
Seat 5: 2e6795f2 folded before Flop (didn't bet)
Seat 6: Hero folded on the Turn


Poker Hand #HD1826808492: Hold'em No Limit ($0.05/$0.1) - 2024/06/22 18:45:05
Table 'NLHRed12' 6-max Seat #6 is the button
Seat 1: fe3b8362 ($18.03 in chips)
Seat 3: ee20331a ($9.99 in chips)
Seat 4: c5ffb94b ($4 in chips)
Seat 5: 2e6795f2 ($23.92 in chips)
Seat 6: Hero ($11.2 in chips)
fe3b8362: posts small blind $0.05
ee20331a: posts big blind $0.1
*** HOLE CARDS ***
Dealt to fe3b8362 
Dealt to ee20331a 
Dealt to c5ffb94b 
Dealt to 2e6795f2 
Dealt to Hero [Jh 5c]
c5ffb94b: folds
2e6795f2: folds
Hero: folds
fe3b8362: folds
Uncalled bet ($0.05) returned to ee20331a
*** SHOWDOWN ***
ee20331a collected $0.1 from pot
*** SUMMARY ***
Total pot $0.1 | Rake $0 | Jackpot $0 | Bingo $0 | Fortune $0 | Tax $0
Seat 1: fe3b8362 (small blind) folded before Flop
Seat 3: ee20331a (big blind) collected ($0.1)
Seat 4: c5ffb94b folded before Flop (didn't bet)
Seat 5: 2e6795f2 folded before Flop (didn't bet)
Seat 6: Hero (button) folded before Flop (didn't bet)


Poker Hand #HD1826808402: Hold'em No Limit ($0.05/$0.1) - 2024/06/22 18:44:21
Table 'NLHRed12' 6-max Seat #5 is the button
Seat 1: fe3b8362 ($17.98 in chips)
Seat 3: ee20331a ($9.99 in chips)
Seat 4: c5ffb94b ($3.85 in chips)
Seat 5: 2e6795f2 ($23.92 in chips)
Seat 6: Hero ($11.25 in chips)
Hero: posts small blind $0.05
fe3b8362: posts big blind $0.1
*** HOLE CARDS ***
Dealt to fe3b8362 
Dealt to ee20331a 
Dealt to c5ffb94b 
Dealt to 2e6795f2 
Dealt to Hero [9s Jh]
ee20331a: folds
c5ffb94b: folds
2e6795f2: folds
Hero: folds
Uncalled bet ($0.05) returned to fe3b8362
*** SHOWDOWN ***
fe3b8362 collected $0.1 from pot
*** SUMMARY ***
Total pot $0.1 | Rake $0 | Jackpot $0 | Bingo $0 | Fortune $0 | Tax $0
Seat 1: fe3b8362 (big blind) collected ($0.1)
Seat 3: ee20331a folded before Flop (didn't bet)
Seat 4: c5ffb94b folded before Flop (didn't bet)
Seat 5: 2e6795f2 (button) folded before Flop (didn't bet)
Seat 6: Hero (small blind) folded before Flop


Poker Hand #HD1826808308: Hold'em No Limit ($0.05/$0.1) - 2024/06/22 18:43:32
Table 'NLHRed12' 6-max Seat #4 is the button
Seat 1: fe3b8362 ($17.98 in chips)
Seat 3: ee20331a ($9.8 in chips)
Seat 4: c5ffb94b ($3.85 in chips)
Seat 5: 2e6795f2 ($24.02 in chips)
Seat 6: Hero ($11.35 in chips)
2e6795f2: posts small blind $0.05
Hero: posts big blind $0.1
*** HOLE CARDS ***
Dealt to fe3b8362 
Dealt to ee20331a 
Dealt to c5ffb94b 
Dealt to 2e6795f2 
Dealt to Hero [3d Tc]
fe3b8362: folds
ee20331a: calls $0.1
c5ffb94b: folds
2e6795f2: calls $0.05
Hero: checks
*** FLOP *** [Js 4s 2c]
2e6795f2: checks
Hero: checks
ee20331a: bets $0.3
2e6795f2: folds
Hero: folds
Uncalled bet ($0.3) returned to ee20331a
*** SHOWDOWN ***
ee20331a collected $0.29 from pot
*** SUMMARY ***
Total pot $0.3 | Rake $0.01 | Jackpot $0 | Bingo $0 | Fortune $0 | Tax $0
Board [Js 4s 2c]
Seat 1: fe3b8362 folded before Flop (didn't bet)
Seat 3: ee20331a won ($0.29)
Seat 4: c5ffb94b (button) folded before Flop (didn't bet)
Seat 5: 2e6795f2 (small blind) folded on the Flop
Seat 6: Hero (big blind) folded on the Flop


Poker Hand #HD1826808186: Hold'em No Limit ($0.05/$0.1) - 2024/06/22 18:42:33
Table 'NLHRed12' 6-max Seat #3 is the button
Seat 1: fe3b8362 ($17.65 in chips)
Seat 2: b59305d2 ($9.6 in chips)
Seat 3: ee20331a ($10 in chips)
Seat 4: c5ffb94b ($3.9 in chips)
Seat 5: 2e6795f2 ($24.12 in chips)
Seat 6: Hero ($11.35 in chips)
c5ffb94b: posts small blind $0.05
2e6795f2: posts big blind $0.1
*** HOLE CARDS ***
Dealt to fe3b8362 
Dealt to b59305d2 
Dealt to ee20331a 
Dealt to c5ffb94b 
Dealt to 2e6795f2 
Dealt to Hero [3h 5c]
Hero: folds
fe3b8362: raises $0.1 to $0.2
b59305d2: folds
ee20331a: calls $0.2
c5ffb94b: folds
2e6795f2: folds
*** FLOP *** [7h Ac Ts]
fe3b8362: checks
ee20331a: checks
*** TURN *** [7h Ac Ts] [Ah]
fe3b8362: checks
ee20331a: checks
*** RIVER *** [7h Ac Ts Ah] [7c]
fe3b8362: checks
ee20331a: checks
fe3b8362: shows [Jd Td] (Pair of Aces and Pair of Tens)
ee20331a: shows [Qd 5d] (Pair of Aces and Pair of Sevens)
*** SHOWDOWN ***
fe3b8362 collected $0.53 from pot
*** SUMMARY ***
Total pot $0.55 | Rake $0.02 | Jackpot $0 | Bingo $0 | Fortune $0 | Tax $0
Board [7h Ac Ts Ah 7c]
Seat 1: fe3b8362 showed [Jd Td] and won ($0.53) with Pair of Aces and Pair of Tens
Seat 2: b59305d2 folded before Flop (didn't bet)
Seat 3: ee20331a (button) showed [Qd 5d] and lost with Pair of Aces and Pair of Sevens
Seat 4: c5ffb94b (small blind) folded before Flop
Seat 5: 2e6795f2 (big blind) folded before Flop
Seat 6: Hero folded before Flop (didn't bet)


Poker Hand #HD1826808026: Hold'em No Limit ($0.05/$0.1) - 2024/06/22 18:41:16
Table 'NLHRed12' 6-max Seat #2 is the button
Seat 1: fe3b8362 ($9.16 in chips)
Seat 2: b59305d2 ($9.85 in chips)
Seat 3: ee20331a ($14.5 in chips)
Seat 4: c5ffb94b ($4 in chips)
Seat 5: 2e6795f2 ($24.12 in chips)
Seat 6: Hero ($11.35 in chips)
ee20331a: posts small blind $0.05
c5ffb94b: posts big blind $0.1
*** HOLE CARDS ***
Dealt to fe3b8362 
Dealt to b59305d2 
Dealt to ee20331a 
Dealt to c5ffb94b 
Dealt to 2e6795f2 
Dealt to Hero [Th 3c]
2e6795f2: folds
Hero: folds
fe3b8362: raises $0.15 to $0.25
b59305d2: calls $0.25
ee20331a: raises $0.64 to $0.89
c5ffb94b: folds
fe3b8362: calls $0.64
b59305d2: folds
*** FLOP *** [4h Qd Ks]
ee20331a: bets $2.13
fe3b8362: calls $2.13
*** TURN *** [4h Qd Ks] [9d]
ee20331a: bets $6.39
fe3b8362: calls $6.14 and is all-in
Uncalled bet ($0.25) returned to ee20331a
ee20331a: shows [Ad Qh] (Pair of Queens)
fe3b8362: shows [Ts Kh] (Pair of Kings)
*** RIVER *** [4h Qd Ks 9d] [Jh]
*** SHOWDOWN ***
fe3b8362 collected $17.65 from pot
*** SUMMARY ***
Total pot $18.67 | Rake $0.92 | Jackpot $0.1 | Bingo $0 | Fortune $0 | Tax $0
Board [4h Qd Ks 9d Jh]
Seat 1: fe3b8362 showed [Ts Kh] and won ($17.65) with Kings-High Straight
Seat 2: b59305d2 (button) folded before Flop
Seat 3: ee20331a (small blind) showed [Ad Qh] and lost with Pair of Queens
Seat 4: c5ffb94b (big blind) folded before Flop
Seat 5: 2e6795f2 folded before Flop (didn't bet)
Seat 6: Hero folded before Flop (didn't bet)


Poker Hand #HD1826807899: Hold'em No Limit ($0.05/$0.1) - 2024/06/22 18:40:17
Table 'NLHRed12' 6-max Seat #1 is the button
Seat 1: fe3b8362 ($4.83 in chips)
Seat 2: b59305d2 ($9.9 in chips)
Seat 3: ee20331a ($19.33 in chips)
Seat 4: c5ffb94b ($4 in chips)
Seat 5: 2e6795f2 ($24.12 in chips)
Seat 6: Hero ($11.35 in chips)
b59305d2: posts small blind $0.05
ee20331a: posts big blind $0.1
*** HOLE CARDS ***
Dealt to fe3b8362 
Dealt to b59305d2 
Dealt to ee20331a 
Dealt to c5ffb94b 
Dealt to 2e6795f2 
Dealt to Hero [9d 6h]
c5ffb94b: folds
2e6795f2: folds
Hero: folds
fe3b8362: raises $0.15 to $0.25
b59305d2: folds
ee20331a: calls $0.15
*** FLOP *** [2d Tc 6d]
ee20331a: checks
fe3b8362: bets $0.31
ee20331a: calls $0.31
*** TURN *** [2d Tc 6d] [7s]
ee20331a: checks
fe3b8362: bets $0.88
ee20331a: calls $0.88
*** RIVER *** [2d Tc 6d 7s] [Qh]
ee20331a: checks
fe3b8362: bets $3.39 and is all-in
ee20331a: calls $3.39
fe3b8362: shows [Qc Td] (Pair of Queens and Pair of Tens)
ee20331a: shows [Th Kd] (Pair of Tens)
*** SHOWDOWN ***
fe3b8362 collected $9.13 from pot
*** SUMMARY ***
Total pot $9.71 | Rake $0.48 | Jackpot $0.1 | Bingo $0 | Fortune $0 | Tax $0
Board [2d Tc 6d 7s Qh]
Seat 1: fe3b8362 (button) showed [Qc Td] and won ($9.13) with Pair of Queens and Pair of Tens
Seat 2: b59305d2 (small blind) folded before Flop
Seat 3: ee20331a (big blind) showed [Th Kd] and lost with Pair of Tens
Seat 4: c5ffb94b folded before Flop (didn't bet)
Seat 5: 2e6795f2 folded before Flop (didn't bet)
Seat 6: Hero folded before Flop (didn't bet)


Poker Hand #HD1826807731: Hold'em No Limit ($0.05/$0.1) - 2024/06/22 18:38:49
Table 'NLHRed12' 6-max Seat #6 is the button
Seat 1: fe3b8362 ($9.56 in chips)
Seat 2: b59305d2 ($10 in chips)
Seat 3: ee20331a ($19.33 in chips)
Seat 4: c5ffb94b ($4 in chips)
Seat 5: 2e6795f2 ($19.86 in chips)
Seat 6: Hero ($11.35 in chips)
fe3b8362: posts small blind $0.05
b59305d2: posts big blind $0.1
*** HOLE CARDS ***
Dealt to fe3b8362 
Dealt to b59305d2 
Dealt to ee20331a 
Dealt to c5ffb94b 
Dealt to 2e6795f2 
Dealt to Hero [9s Jh]
ee20331a: folds
c5ffb94b: folds
2e6795f2: raises $0.15 to $0.25
Hero: folds
fe3b8362: raises $0.85 to $1.1
b59305d2: folds
2e6795f2: calls $0.85
*** FLOP *** [Qs 4s 7d]
fe3b8362: bets $0.76
2e6795f2: calls $0.76
*** TURN *** [Qs 4s 7d] [Td]
fe3b8362: bets $2.87
2e6795f2: calls $2.87
*** RIVER *** [Qs 4s 7d Td] [9d]
fe3b8362: checks
2e6795f2: checks
fe3b8362: shows [Kd Qc] (Pair of Queens)
2e6795f2: shows [Qd Ah] (Pair of Queens)
*** SHOWDOWN ***
2e6795f2 collected $8.99 from pot
*** SUMMARY ***
Total pot $9.56 | Rake $0.47 | Jackpot $0.1 | Bingo $0 | Fortune $0 | Tax $0
Board [Qs 4s 7d Td 9d]
Seat 1: fe3b8362 (small blind) showed [Kd Qc] and lost with Pair of Queens
Seat 2: b59305d2 (big blind) folded before Flop
Seat 3: ee20331a folded before Flop (didn't bet)
Seat 4: c5ffb94b folded before Flop (didn't bet)
Seat 5: 2e6795f2 showed [Qd Ah] and won ($8.99) with Pair of Queens
Seat 6: Hero (button) folded before Flop (didn't bet)


Poker Hand #HD1826807715: Hold'em No Limit ($0.05/$0.1) - 2024/06/22 18:38:40
Table 'NLHRed12' 6-max Seat #5 is the button
Seat 1: fe3b8362 ($9.51 in chips)
Seat 3: ee20331a ($19.33 in chips)
Seat 5: 2e6795f2 ($19.86 in chips)
Seat 6: Hero ($11.4 in chips)
Hero: posts small blind $0.05
fe3b8362: posts big blind $0.1
*** HOLE CARDS ***
Dealt to fe3b8362 
Dealt to ee20331a 
Dealt to 2e6795f2 
Dealt to Hero [2c Jd]
ee20331a: folds
2e6795f2: folds
Hero: folds
Uncalled bet ($0.05) returned to fe3b8362
*** SHOWDOWN ***
fe3b8362 collected $0.1 from pot
*** SUMMARY ***
Total pot $0.1 | Rake $0 | Jackpot $0 | Bingo $0 | Fortune $0 | Tax $0
Seat 1: fe3b8362 (big blind) collected ($0.1)
Seat 3: ee20331a folded before Flop (didn't bet)
Seat 5: 2e6795f2 (button) folded before Flop (didn't bet)
Seat 6: Hero (small blind) folded before Flop


Poker Hand #HD1826807584: Hold'em No Limit ($0.05/$0.1) - 2024/06/22 18:37:37
Table 'NLHRed12' 6-max Seat #4 is the button
Seat 1: fe3b8362 ($9.51 in chips)
Seat 3: ee20331a ($15.66 in chips)
Seat 4: c5ffb94b ($4.02 in chips)
Seat 5: 2e6795f2 ($19.91 in chips)
Seat 6: Hero ($11.5 in chips)
2e6795f2: posts small blind $0.05
Hero: posts big blind $0.1
*** HOLE CARDS ***
Dealt to fe3b8362 
Dealt to ee20331a 
Dealt to c5ffb94b 
Dealt to 2e6795f2 
Dealt to Hero [6d 2c]
fe3b8362: folds
ee20331a: raises $0.2 to $0.3
c5ffb94b: raises $0.66 to $0.96
2e6795f2: folds
Hero: folds
ee20331a: calls $0.66
*** FLOP *** [6c 9h 8s]
ee20331a: checks
c5ffb94b: bets $1.39
ee20331a: calls $1.39
*** TURN *** [6c 9h 8s] [Ah]
ee20331a: checks
c5ffb94b: bets $1.67 and is all-in
ee20331a: calls $1.67
c5ffb94b: shows [Qs Qc] (Pair of Queens)
ee20331a: shows [7s As] (Pair of Aces)
*** RIVER *** [6c 9h 8s Ah] [Ac]
*** SHOWDOWN ***
ee20331a collected $7.69 from pot
*** SUMMARY ***
Total pot $8.19 | Rake $0.4 | Jackpot $0.1 | Bingo $0 | Fortune $0 | Tax $0
Board [6c 9h 8s Ah Ac]
Seat 1: fe3b8362 folded before Flop (didn't bet)
Seat 3: ee20331a showed [7s As] and won ($7.69) with Three Aces
Seat 4: c5ffb94b (button) showed [Qs Qc] and lost with Pair of Aces and Pair of Queens
Seat 5: 2e6795f2 (small blind) folded before Flop
Seat 6: Hero (big blind) folded before Flop


Poker Hand #HD1826807549: Hold'em No Limit ($0.05/$0.1) - 2024/06/22 18:37:19
Table 'NLHRed12' 6-max Seat #3 is the button
Seat 1: fe3b8362 ($9.36 in chips)
Seat 3: ee20331a ($15.66 in chips)
Seat 4: c5ffb94b ($4.07 in chips)
Seat 5: 2e6795f2 ($20.01 in chips)
Seat 6: Hero ($11.5 in chips)
c5ffb94b: posts small blind $0.05
2e6795f2: posts big blind $0.1
*** HOLE CARDS ***
Dealt to fe3b8362 
Dealt to ee20331a 
Dealt to c5ffb94b 
Dealt to 2e6795f2 
Dealt to Hero [8c Qc]
Hero: folds
fe3b8362: raises $0.15 to $0.25
ee20331a: folds
c5ffb94b: folds
2e6795f2: folds
Uncalled bet ($0.15) returned to fe3b8362
*** SHOWDOWN ***
fe3b8362 collected $0.25 from pot
*** SUMMARY ***
Total pot $0.25 | Rake $0 | Jackpot $0 | Bingo $0 | Fortune $0 | Tax $0
Seat 1: fe3b8362 collected ($0.25)
Seat 3: ee20331a (button) folded before Flop (didn't bet)
Seat 4: c5ffb94b (small blind) folded before Flop
Seat 5: 2e6795f2 (big blind) folded before Flop
Seat 6: Hero folded before Flop (didn't bet)


Poker Hand #HD1826807486: Hold'em No Limit ($0.05/$0.1) - 2024/06/22 18:36:47
Table 'NLHRed12' 6-max Seat #1 is the button
Seat 1: fe3b8362 ($9.61 in chips)
Seat 3: ee20331a ($15.19 in chips)
Seat 4: c5ffb94b ($4.32 in chips)
Seat 5: 2e6795f2 ($20.01 in chips)
Seat 6: Hero ($11.5 in chips)
ee20331a: posts small blind $0.05
c5ffb94b: posts big blind $0.1
*** HOLE CARDS ***
Dealt to fe3b8362 
Dealt to ee20331a 
Dealt to c5ffb94b 
Dealt to 2e6795f2 
Dealt to Hero [Qh 7s]
2e6795f2: folds
Hero: folds
fe3b8362: raises $0.15 to $0.25
ee20331a: calls $0.2
c5ffb94b: calls $0.15
*** FLOP *** [7d 6c 2d]
ee20331a: bets $0.57
c5ffb94b: folds
fe3b8362: folds
Uncalled bet ($0.57) returned to ee20331a
*** SHOWDOWN ***
ee20331a collected $0.72 from pot
*** SUMMARY ***
Total pot $0.75 | Rake $0.03 | Jackpot $0 | Bingo $0 | Fortune $0 | Tax $0
Board [7d 6c 2d]
Seat 1: fe3b8362 (button) folded on the Flop
Seat 3: ee20331a (small blind) won ($0.72)
Seat 4: c5ffb94b (big blind) folded on the Flop
Seat 5: 2e6795f2 folded before Flop (didn't bet)
Seat 6: Hero folded before Flop (didn't bet)


Poker Hand #HD1826807420: Hold'em No Limit ($0.05/$0.1) - 2024/06/22 18:36:18
Table 'NLHRed12' 6-max Seat #6 is the button
Seat 1: fe3b8362 ($9.86 in chips)
Seat 2: c964c736 ($1.81 in chips)
Seat 3: ee20331a ($15.19 in chips)
Seat 4: c5ffb94b ($4 in chips)
Seat 5: 2e6795f2 ($20.01 in chips)
Seat 6: Hero ($11.5 in chips)
fe3b8362: posts small blind $0.05
c964c736: posts big blind $0.1
*** HOLE CARDS ***
Dealt to fe3b8362 
Dealt to c964c736 
Dealt to ee20331a 
Dealt to c5ffb94b 
Dealt to 2e6795f2 
Dealt to Hero [8d Tc]
ee20331a: folds
c5ffb94b: raises $0.15 to $0.25
2e6795f2: folds
Hero: folds
fe3b8362: calls $0.2
c964c736: folds
*** FLOP *** [Ad Kd 7h]
fe3b8362: checks
c5ffb94b: checks
*** TURN *** [Ad Kd 7h] [Td]
fe3b8362: checks
c5ffb94b: bets $0.28
fe3b8362: folds
Uncalled bet ($0.28) returned to c5ffb94b
*** SHOWDOWN ***
c5ffb94b collected $0.57 from pot
*** SUMMARY ***
Total pot $0.6 | Rake $0.03 | Jackpot $0 | Bingo $0 | Fortune $0 | Tax $0
Board [Ad Kd 7h Td]
Seat 1: fe3b8362 (small blind) folded on the Turn
Seat 2: c964c736 (big blind) folded before Flop
Seat 3: ee20331a folded before Flop (didn't bet)
Seat 4: c5ffb94b won ($0.57)
Seat 5: 2e6795f2 folded before Flop (didn't bet)
Seat 6: Hero (button) folded before Flop (didn't bet)


Poker Hand #HD1826807343: Hold'em No Limit ($0.05/$0.1) - 2024/06/22 18:35:42
Table 'NLHRed12' 6-max Seat #5 is the button
Seat 1: fe3b8362 ($9.6 in chips)
Seat 2: c964c736 ($2.04 in chips)
Seat 3: ee20331a ($15.19 in chips)
Seat 4: c5ffb94b ($4 in chips)
Seat 5: 2e6795f2 ($20.01 in chips)
Seat 6: Hero ($11.55 in chips)
Hero: posts small blind $0.05
fe3b8362: posts big blind $0.1
*** HOLE CARDS ***
Dealt to fe3b8362 
Dealt to c964c736 
Dealt to ee20331a 
Dealt to c5ffb94b 
Dealt to 2e6795f2 
Dealt to Hero [2s 7h]
c964c736: calls $0.1
ee20331a: folds
c5ffb94b: folds
2e6795f2: folds
Hero: folds
fe3b8362: checks
*** FLOP *** [5c Ac 3d]
fe3b8362: checks
c964c736: checks
*** TURN *** [5c Ac 3d] [As]
fe3b8362: checks
c964c736: bets $0.13
fe3b8362: calls $0.13
*** RIVER *** [5c Ac 3d As] [3s]
fe3b8362: checks
c964c736: checks
fe3b8362: shows [5h 2h] (Pair of Aces and Pair of Fives)
c964c736: shows [9d 8d] (Pair of Aces and Pair of Treys)
*** SHOWDOWN ***
fe3b8362 collected $0.49 from pot
*** SUMMARY ***
Total pot $0.51 | Rake $0.02 | Jackpot $0 | Bingo $0 | Fortune $0 | Tax $0
Board [5c Ac 3d As 3s]
Seat 1: fe3b8362 (big blind) showed [5h 2h] and won ($0.49) with Pair of Aces and Pair of Fives
Seat 2: c964c736 showed [9d 8d] and lost with Pair of Aces and Pair of Treys
Seat 3: ee20331a folded before Flop (didn't bet)
Seat 4: c5ffb94b folded before Flop (didn't bet)
Seat 5: 2e6795f2 (button) folded before Flop (didn't bet)
Seat 6: Hero (small blind) folded before Flop


Poker Hand #HD1826807280: Hold'em No Limit ($0.05/$0.1) - 2024/06/22 18:35:17
Table 'NLHRed12' 6-max Seat #4 is the button
Seat 1: fe3b8362 ($9.6 in chips)
Seat 2: c964c736 ($2.14 in chips)
Seat 3: ee20331a ($15.29 in chips)
Seat 4: c5ffb94b ($3.83 in chips)
Seat 5: 2e6795f2 ($20.06 in chips)
Seat 6: Hero ($11.22 in chips)
2e6795f2: posts small blind $0.05
Hero: posts big blind $0.1
*** HOLE CARDS ***
Dealt to fe3b8362 
Dealt to c964c736 
Dealt to ee20331a 
Dealt to c5ffb94b 
Dealt to 2e6795f2 
Dealt to Hero [Kh Qh]
fe3b8362: folds
c964c736: calls $0.1
ee20331a: calls $0.1
c5ffb94b: calls $0.1
2e6795f2: folds
Hero: raises $0.5 to $0.6
c964c736: folds
ee20331a: folds
c5ffb94b: folds
Uncalled bet ($0.5) returned to Hero
*** SHOWDOWN ***
Hero collected $0.43 from pot
*** SUMMARY ***
Total pot $0.45 | Rake $0.02 | Jackpot $0 | Bingo $0 | Fortune $0 | Tax $0
Seat 1: fe3b8362 folded before Flop (didn't bet)
Seat 2: c964c736 folded before Flop
Seat 3: ee20331a folded before Flop
Seat 4: c5ffb94b (button) folded before Flop
Seat 5: 2e6795f2 (small blind) folded before Flop
Seat 6: Hero (big blind) collected ($0.43)


Poker Hand #HD1826807205: Hold'em No Limit ($0.05/$0.1) - 2024/06/22 18:34:43
Table 'NLHRed12' 6-max Seat #3 is the button
Seat 1: fe3b8362 ($9.6 in chips)
Seat 2: c964c736 ($2 in chips)
Seat 3: ee20331a ($15.29 in chips)
Seat 4: c5ffb94b ($3.88 in chips)
Seat 5: 2e6795f2 ($20.16 in chips)
Seat 6: Hero ($11.22 in chips)
c5ffb94b: posts small blind $0.05
2e6795f2: posts big blind $0.1
c964c736: posts big blind $0.1
*** HOLE CARDS ***
Dealt to fe3b8362 
Dealt to c964c736 
Dealt to ee20331a 
Dealt to c5ffb94b 
Dealt to 2e6795f2 
Dealt to Hero [3d Ac]
Hero: folds
fe3b8362: folds
c964c736: checks
ee20331a: folds
c5ffb94b: folds
2e6795f2: checks
*** FLOP *** [4s 7h Jh]
2e6795f2: checks
c964c736: bets $0.13
2e6795f2: folds
Uncalled bet ($0.13) returned to c964c736
*** SHOWDOWN ***
c964c736 collected $0.24 from pot
*** SUMMARY ***
Total pot $0.25 | Rake $0.01 | Jackpot $0 | Bingo $0 | Fortune $0 | Tax $0
Board [4s 7h Jh]
Seat 1: fe3b8362 folded before Flop (didn't bet)
Seat 2: c964c736 won ($0.24)
Seat 3: ee20331a (button) folded before Flop (didn't bet)
Seat 4: c5ffb94b (small blind) folded before Flop
Seat 5: 2e6795f2 (big blind) folded on the Flop
Seat 6: Hero folded before Flop (didn't bet)


Poker Hand #HD1826807114: Hold'em No Limit ($0.05/$0.1) - 2024/06/22 18:33:56
Table 'NLHRed12' 6-max Seat #1 is the button
Seat 1: fe3b8362 ($9.85 in chips)
Seat 3: ee20331a ($14.82 in chips)
Seat 4: c5ffb94b ($4.13 in chips)
Seat 5: 2e6795f2 ($20.16 in chips)
Seat 6: Hero ($11.22 in chips)
ee20331a: posts small blind $0.05
c5ffb94b: posts big blind $0.1
*** HOLE CARDS ***
Dealt to fe3b8362 
Dealt to ee20331a 
Dealt to c5ffb94b 
Dealt to 2e6795f2 
Dealt to Hero [Tc Jd]
2e6795f2: folds
Hero: folds
fe3b8362: raises $0.15 to $0.25
ee20331a: calls $0.2
c5ffb94b: calls $0.15
*** FLOP *** [7c 6h 6c]
ee20331a: bets $0.38
c5ffb94b: folds
fe3b8362: folds
Uncalled bet ($0.38) returned to ee20331a
*** SHOWDOWN ***
ee20331a collected $0.72 from pot
*** SUMMARY ***
Total pot $0.75 | Rake $0.03 | Jackpot $0 | Bingo $0 | Fortune $0 | Tax $0
Board [7c 6h 6c]
Seat 1: fe3b8362 (button) folded on the Flop
Seat 3: ee20331a (small blind) won ($0.72)
Seat 4: c5ffb94b (big blind) folded on the Flop
Seat 5: 2e6795f2 folded before Flop (didn't bet)
Seat 6: Hero folded before Flop (didn't bet)


Poker Hand #HD1826807060: Hold'em No Limit ($0.05/$0.1) - 2024/06/22 18:33:34
Table 'NLHRed12' 6-max Seat #6 is the button
Seat 1: fe3b8362 ($9.9 in chips)
Seat 2: c67d2533 ($6.76 in chips)
Seat 3: ee20331a ($14.82 in chips)
Seat 4: c5ffb94b ($4.13 in chips)
Seat 5: 2e6795f2 ($20.01 in chips)
Seat 6: Hero ($11.22 in chips)
fe3b8362: posts small blind $0.05
c67d2533: posts big blind $0.1
*** HOLE CARDS ***
Dealt to fe3b8362 
Dealt to c67d2533 
Dealt to ee20331a 
Dealt to c5ffb94b 
Dealt to 2e6795f2 
Dealt to Hero [5s 5c]
ee20331a: folds
c5ffb94b: folds
2e6795f2: raises $0.15 to $0.25
Hero: folds
fe3b8362: folds
c67d2533: folds
Uncalled bet ($0.15) returned to 2e6795f2
*** SHOWDOWN ***
2e6795f2 collected $0.25 from pot
*** SUMMARY ***
Total pot $0.25 | Rake $0 | Jackpot $0 | Bingo $0 | Fortune $0 | Tax $0
Seat 1: fe3b8362 (small blind) folded before Flop
Seat 2: c67d2533 (big blind) folded before Flop
Seat 3: ee20331a folded before Flop (didn't bet)
Seat 4: c5ffb94b folded before Flop (didn't bet)
Seat 5: 2e6795f2 collected ($0.25)
Seat 6: Hero (button) folded before Flop (didn't bet)


Poker Hand #HD1826806935: Hold'em No Limit ($0.05/$0.1) - 2024/06/22 18:32:36
Table 'NLHRed12' 6-max Seat #5 is the button
Seat 1: fe3b8362 ($10 in chips)
Seat 2: c67d2533 ($6.21 in chips)
Seat 3: ee20331a ($15.27 in chips)
Seat 4: c5ffb94b ($4.13 in chips)
Seat 5: 2e6795f2 ($20.01 in chips)
Seat 6: Hero ($11.27 in chips)
Hero: posts small blind $0.05
fe3b8362: posts big blind $0.1
*** HOLE CARDS ***
Dealt to fe3b8362 
Dealt to c67d2533 
Dealt to ee20331a 
Dealt to c5ffb94b 
Dealt to 2e6795f2 
Dealt to Hero [Ts 6c]
c67d2533: calls $0.1
ee20331a: calls $0.1
c5ffb94b: folds
2e6795f2: folds
Hero: folds
fe3b8362: checks
*** FLOP *** [8d Qc Th]
fe3b8362: checks
c67d2533: bets $0.35
ee20331a: calls $0.35
fe3b8362: folds
*** TURN *** [8d Qc Th] [Jd]
c67d2533: bets $1.05
ee20331a: folds
Uncalled bet ($1.05) returned to c67d2533
*** SHOWDOWN ***
c67d2533 collected $1 from pot
*** SUMMARY ***
Total pot $1.05 | Rake $0.05 | Jackpot $0 | Bingo $0 | Fortune $0 | Tax $0
Board [8d Qc Th Jd]
Seat 1: fe3b8362 (big blind) folded on the Flop
Seat 2: c67d2533 won ($1)
Seat 3: ee20331a folded on the Turn
Seat 4: c5ffb94b folded before Flop (didn't bet)
Seat 5: 2e6795f2 (button) folded before Flop (didn't bet)
Seat 6: Hero (small blind) folded before Flop


Poker Hand #HD1826806902: Hold'em No Limit ($0.05/$0.1) - 2024/06/22 18:32:22
Table 'NLHRed12' 6-max Seat #4 is the button
Seat 2: c67d2533 ($6.06 in chips)
Seat 3: ee20331a ($15.27 in chips)
Seat 4: c5ffb94b ($4.13 in chips)
Seat 5: 2e6795f2 ($20.06 in chips)
Seat 6: Hero ($11.37 in chips)
2e6795f2: posts small blind $0.05
Hero: posts big blind $0.1
*** HOLE CARDS ***
Dealt to c67d2533 
Dealt to ee20331a 
Dealt to c5ffb94b 
Dealt to 2e6795f2 
Dealt to Hero [Jh 7c]
c67d2533: raises $5.96 to $6.06 and is all-in
ee20331a: folds
c5ffb94b: folds
2e6795f2: folds
Hero: folds
Uncalled bet ($5.96) returned to c67d2533
*** SHOWDOWN ***
c67d2533 collected $0.25 from pot
*** SUMMARY ***
Total pot $0.25 | Rake $0 | Jackpot $0 | Bingo $0 | Fortune $0 | Tax $0
Seat 2: c67d2533 collected ($0.25)
Seat 3: ee20331a folded before Flop (didn't bet)
Seat 4: c5ffb94b (button) folded before Flop (didn't bet)
Seat 5: 2e6795f2 (small blind) folded before Flop
Seat 6: Hero (big blind) folded before Flop


Poker Hand #HD1826806771: Hold'em No Limit ($0.05/$0.1) - 2024/06/22 18:31:18
Table 'NLHRed12' 6-max Seat #3 is the button
Seat 2: c67d2533 ($6.46 in chips)
Seat 3: ee20331a ($15.27 in chips)
Seat 4: c5ffb94b ($4.23 in chips)
Seat 5: 2e6795f2 ($19.6 in chips)
Seat 6: Hero ($11.37 in chips)
c5ffb94b: posts small blind $0.05
2e6795f2: posts big blind $0.1
c67d2533: posts big blind $0.1
*** HOLE CARDS ***
Dealt to c67d2533 
Dealt to ee20331a 
Dealt to c5ffb94b 
Dealt to 2e6795f2 
Dealt to Hero [Jd 3s]
Hero: folds
c67d2533: checks
ee20331a: folds
c5ffb94b: calls $0.05
2e6795f2: checks
*** FLOP *** [Qc 8s 4d]
c5ffb94b: checks
2e6795f2: checks
c67d2533: bets $0.3
c5ffb94b: folds
2e6795f2: calls $0.3
*** TURN *** [Qc 8s 4d] [Qd]
2e6795f2: checks
c67d2533: checks
*** RIVER *** [Qc 8s 4d Qd] [Td]
2e6795f2: checks
c67d2533: checks
2e6795f2: shows [Th 4h] (Pair of Queens and Pair of Tens)
c67d2533: shows [7s 7d] (Pair of Queens and Pair of Sevens)
*** SHOWDOWN ***
2e6795f2 collected $0.86 from pot
*** SUMMARY ***
Total pot $0.9 | Rake $0.04 | Jackpot $0 | Bingo $0 | Fortune $0 | Tax $0
Board [Qc 8s 4d Qd Td]
Seat 2: c67d2533 showed [7s 7d] and lost with Pair of Queens and Pair of Sevens
Seat 3: ee20331a (button) folded before Flop (didn't bet)
Seat 4: c5ffb94b (small blind) folded on the Flop
Seat 5: 2e6795f2 (big blind) showed [Th 4h] and won ($0.86) with Pair of Queens and Pair of Tens
Seat 6: Hero folded before Flop (didn't bet)


Poker Hand #HD1826806660: Hold'em No Limit ($0.05/$0.1) - 2024/06/22 18:30:25
Table 'NLHRed12' 6-max Seat #6 is the button
Seat 3: ee20331a ($16.68 in chips)
Seat 4: c5ffb94b ($4.33 in chips)
Seat 5: 2e6795f2 ($19.6 in chips)
Seat 6: Hero ($10 in chips)
ee20331a: posts small blind $0.05
c5ffb94b: posts big blind $0.1
*** HOLE CARDS ***
Dealt to ee20331a 
Dealt to c5ffb94b 
Dealt to 2e6795f2 
Dealt to Hero [2c Ac]
2e6795f2: folds
Hero: raises $0.14 to $0.24
ee20331a: calls $0.19
c5ffb94b: folds
*** FLOP *** [8c 5h Ah]
ee20331a: bets $0.44
Hero: calls $0.44
*** TURN *** [8c 5h Ah] [2d]
ee20331a: bets $0.73
Hero: calls $0.73
*** RIVER *** [8c 5h Ah 2d] [2s]
ee20331a: checks
Hero: bets $1.93
ee20331a: folds
Uncalled bet ($1.93) returned to Hero
*** SHOWDOWN ***
Hero collected $2.78 from pot
*** SUMMARY ***
Total pot $2.92 | Rake $0.14 | Jackpot $0 | Bingo $0 | Fortune $0 | Tax $0
Board [8c 5h Ah 2d 2s]
Seat 3: ee20331a (small blind) folded on the River
Seat 4: c5ffb94b (big blind) folded before Flop
Seat 5: 2e6795f2 folded before Flop (didn't bet)
Seat 6: Hero (button) won ($2.78)


Poker Hand #HD1826806630: Hold'em No Limit ($0.05/$0.1) - 2024/06/22 18:30:14
Table 'NLHRed12' 6-max Seat #5 is the button
Seat 3: ee20331a ($16.78 in chips)
Seat 4: c5ffb94b ($4.18 in chips)
Seat 5: 2e6795f2 ($19.6 in chips)
Seat 6: Hero ($10 in chips)
Hero: posts small blind $0.05
ee20331a: posts big blind $0.1
*** HOLE CARDS ***
Dealt to ee20331a 
Dealt to c5ffb94b 
Dealt to 2e6795f2 
Dealt to Hero [8s 6h]
c5ffb94b: raises $0.1 to $0.2
2e6795f2: folds
Hero: folds
ee20331a: folds
Uncalled bet ($0.1) returned to c5ffb94b
*** SHOWDOWN ***
c5ffb94b collected $0.25 from pot
*** SUMMARY ***
Total pot $0.25 | Rake $0 | Jackpot $0 | Bingo $0 | Fortune $0 | Tax $0
Seat 3: ee20331a (big blind) folded before Flop
Seat 4: c5ffb94b collected ($0.25)
Seat 5: 2e6795f2 (button) folded before Flop (didn't bet)
Seat 6: Hero (small blind) folded before Flop


Poker Hand #HD1826806611: Hold'em No Limit ($0.05/$0.1) - 2024/06/22 18:30:05
Table 'NLHRed12' 6-max Seat #4 is the button
Seat 3: ee20331a ($16.78 in chips)
Seat 4: c5ffb94b ($4.03 in chips)
Seat 5: 2e6795f2 ($19.65 in chips)
Seat 6: Hero ($10 in chips)
2e6795f2: posts small blind $0.05
Hero: posts big blind $0.1
*** HOLE CARDS ***
Dealt to ee20331a 
Dealt to c5ffb94b 
Dealt to 2e6795f2 
Dealt to Hero [5h Jd]
ee20331a: folds
c5ffb94b: raises $0.15 to $0.25
2e6795f2: folds
Hero: folds
Uncalled bet ($0.15) returned to c5ffb94b
*** SHOWDOWN ***
c5ffb94b collected $0.25 from pot
*** SUMMARY ***
Total pot $0.25 | Rake $0 | Jackpot $0 | Bingo $0 | Fortune $0 | Tax $0
Seat 3: ee20331a folded before Flop (didn't bet)
Seat 4: c5ffb94b (button) collected ($0.25)
Seat 5: 2e6795f2 (small blind) folded before Flop
Seat 6: Hero (big blind) folded before Flop


Poker Hand #HD1826806538: Hold'em No Limit ($0.05/$0.1) - 2024/06/22 18:29:29
Table 'NLHRed12' 6-max Seat #3 is the button
Seat 3: ee20331a ($16.59 in chips)
Seat 4: c5ffb94b ($4.13 in chips)
Seat 5: 2e6795f2 ($19.75 in chips)
Seat 6: Hero ($10 in chips)
c5ffb94b: posts small blind $0.05
2e6795f2: posts big blind $0.1
*** HOLE CARDS ***
Dealt to ee20331a 
Dealt to c5ffb94b 
Dealt to 2e6795f2 
Dealt to Hero [9d Qh]
Hero: folds
ee20331a: calls $0.1
c5ffb94b: calls $0.05
2e6795f2: checks
*** FLOP *** [9s 9c Ah]
c5ffb94b: checks
2e6795f2: checks
ee20331a: bets $0.15
c5ffb94b: folds
2e6795f2: folds
Uncalled bet ($0.15) returned to ee20331a
*** SHOWDOWN ***
ee20331a collected $0.29 from pot
*** SUMMARY ***
Total pot $0.3 | Rake $0.01 | Jackpot $0 | Bingo $0 | Fortune $0 | Tax $0
Board [9s 9c Ah]
Seat 3: ee20331a (button) won ($0.29)
Seat 4: c5ffb94b (small blind) folded on the Flop
Seat 5: 2e6795f2 (big blind) folded on the Flop
Seat 6: Hero folded before Flop (didn't bet)


Poker Hand #HD1826806490: Hold'em No Limit ($0.05/$0.1) - 2024/06/22 18:29:09
Table 'NLHRed12' 6-max Seat #6 is the button
Seat 3: ee20331a ($16.5 in chips)
Seat 4: c5ffb94b ($4.23 in chips)
Seat 5: 2e6795f2 ($19.75 in chips)
Seat 6: Hero ($10 in chips)
ee20331a: posts small blind $0.05
c5ffb94b: posts big blind $0.1
*** HOLE CARDS ***
Dealt to ee20331a 
Dealt to c5ffb94b 
Dealt to 2e6795f2 
Dealt to Hero [3s 4h]
2e6795f2: folds
Hero: folds
ee20331a: calls $0.05
c5ffb94b: checks
*** FLOP *** [6d 6h 9s]
ee20331a: bets $0.2
c5ffb94b: folds
Uncalled bet ($0.2) returned to ee20331a
*** SHOWDOWN ***
ee20331a collected $0.19 from pot
*** SUMMARY ***
Total pot $0.2 | Rake $0.01 | Jackpot $0 | Bingo $0 | Fortune $0 | Tax $0
Board [6d 6h 9s]
Seat 3: ee20331a (small blind) won ($0.19)
Seat 4: c5ffb94b (big blind) folded on the Flop
Seat 5: 2e6795f2 folded before Flop (didn't bet)
Seat 6: Hero (button) folded before Flop (didn't bet)


Poker Hand #HD1826806443: Hold'em No Limit ($0.05/$0.1) - 2024/06/22 18:28:45
Table 'NLHRed12' 6-max Seat #5 is the button
Seat 3: ee20331a ($16.7 in chips)
Seat 4: c5ffb94b ($4 in chips)
Seat 5: 2e6795f2 ($19.75 in chips)
Seat 6: Hero ($10 in chips)
Hero: posts small blind $0.05
ee20331a: posts big blind $0.1
*** HOLE CARDS ***
Dealt to ee20331a 
Dealt to c5ffb94b 
Dealt to 2e6795f2 
Dealt to Hero [2c 7h]
c5ffb94b: raises $0.1 to $0.2
2e6795f2: folds
Hero: folds
ee20331a: calls $0.1
*** FLOP *** [7s 9s Qc]
ee20331a: checks
c5ffb94b: bets $0.21
ee20331a: folds
Uncalled bet ($0.21) returned to c5ffb94b
*** SHOWDOWN ***
c5ffb94b collected $0.43 from pot
*** SUMMARY ***
Total pot $0.45 | Rake $0.02 | Jackpot $0 | Bingo $0 | Fortune $0 | Tax $0
Board [7s 9s Qc]
Seat 3: ee20331a (big blind) folded on the Flop
Seat 4: c5ffb94b won ($0.43)
Seat 5: 2e6795f2 (button) folded before Flop (didn't bet)
Seat 6: Hero (small blind) folded before Flop


Poker Hand #HD1826806405: Hold'em No Limit ($0.05/$0.1) - 2024/06/22 18:28:26
Table 'NLHRed12' 6-max Seat #4 is the button
Seat 1: fd000057 ($21.5 in chips)
Seat 3: ee20331a ($16.56 in chips)
Seat 4: c5ffb94b ($4 in chips)
Seat 5: 2e6795f2 ($19.8 in chips)
Seat 6: Hero ($10 in chips)
2e6795f2: posts small blind $0.05
Hero: posts big blind $0.1
*** HOLE CARDS ***
Dealt to fd000057 
Dealt to ee20331a 
Dealt to c5ffb94b 
Dealt to 2e6795f2 
Dealt to Hero [7c 9s]
fd000057: folds
ee20331a: calls $0.1
c5ffb94b: folds
2e6795f2: folds
Hero: checks
*** FLOP *** [4c 9h 4d]
Hero: checks
ee20331a: bets $0.13
Hero: folds
Uncalled bet ($0.13) returned to ee20331a
*** SHOWDOWN ***
ee20331a collected $0.24 from pot
*** SUMMARY ***
Total pot $0.25 | Rake $0.01 | Jackpot $0 | Bingo $0 | Fortune $0 | Tax $0
Board [4c 9h 4d]
Seat 1: fd000057 folded before Flop (didn't bet)
Seat 3: ee20331a won ($0.24)
Seat 4: c5ffb94b (button) folded before Flop (didn't bet)
Seat 5: 2e6795f2 (small blind) folded before Flop
Seat 6: Hero (big blind) folded on the Flop


Poker Hand #HD1826806323: Hold'em No Limit ($0.05/$0.1) - 2024/06/22 18:27:49
Table 'NLHRed12' 6-max Seat #3 is the button
Seat 1: fd000057 ($21.5 in chips)
Seat 3: ee20331a ($16.56 in chips)
Seat 4: c5ffb94b ($3.9 in chips)
Seat 5: 2e6795f2 ($19.71 in chips)
Seat 6: Hero ($10 in chips)
c5ffb94b: posts small blind $0.05
2e6795f2: posts big blind $0.1
*** HOLE CARDS ***
Dealt to fd000057 
Dealt to ee20331a 
Dealt to c5ffb94b 
Dealt to 2e6795f2 
Dealt to Hero [2c 5c]
Hero: folds
fd000057: folds
ee20331a: folds
c5ffb94b: calls $0.05
2e6795f2: checks
*** FLOP *** [Tc Qh 3h]
c5ffb94b: checks
2e6795f2: checks
*** TURN *** [Tc Qh 3h] [7d]
c5ffb94b: checks
2e6795f2: checks
*** RIVER *** [Tc Qh 3h 7d] [8s]
c5ffb94b: checks
2e6795f2: checks
c5ffb94b: shows [5d Ac] (Ace-High)
2e6795f2: shows [4s Td] (Pair of Tens)
*** SHOWDOWN ***
2e6795f2 collected $0.19 from pot
*** SUMMARY ***
Total pot $0.2 | Rake $0.01 | Jackpot $0 | Bingo $0 | Fortune $0 | Tax $0
Board [Tc Qh 3h 7d 8s]
Seat 1: fd000057 folded before Flop (didn't bet)
Seat 3: ee20331a (button) folded before Flop (didn't bet)
Seat 4: c5ffb94b (small blind) showed [5d Ac] and lost with Ace-High
Seat 5: 2e6795f2 (big blind) showed [4s Td] and won ($0.19) with Pair of Tens
Seat 6: Hero folded before Flop (didn't bet)


Poker Hand #HD1826806239: Hold'em No Limit ($0.05/$0.1) - 2024/06/22 18:27:11
Table 'NLHRed12' 6-max Seat #1 is the button
Seat 1: fd000057 ($21.5 in chips)
Seat 3: ee20331a ($16.24 in chips)
Seat 4: c5ffb94b ($4 in chips)
Seat 5: 2e6795f2 ($19.71 in chips)
Seat 6: Hero ($10.1 in chips)
ee20331a: posts small blind $0.05
c5ffb94b: posts big blind $0.1
*** HOLE CARDS ***
Dealt to fd000057 
Dealt to ee20331a 
Dealt to c5ffb94b 
Dealt to 2e6795f2 
Dealt to Hero [Kh Td]
2e6795f2: folds
Hero: raises $0.14 to $0.24
fd000057: folds
ee20331a: calls $0.19
c5ffb94b: folds
*** FLOP *** [5s As 8c]
ee20331a: checks
Hero: checks
*** TURN *** [5s As 8c] [Ac]
ee20331a: bets $0.29
Hero: folds
Uncalled bet ($0.29) returned to ee20331a
*** SHOWDOWN ***
ee20331a collected $0.56 from pot
*** SUMMARY ***
Total pot $0.58 | Rake $0.02 | Jackpot $0 | Bingo $0 | Fortune $0 | Tax $0
Board [5s As 8c Ac]
Seat 1: fd000057 (button) folded before Flop (didn't bet)
Seat 3: ee20331a (small blind) won ($0.56)
Seat 4: c5ffb94b (big blind) folded before Flop
Seat 5: 2e6795f2 folded before Flop (didn't bet)
Seat 6: Hero folded on the Turn


Poker Hand #HD1826806137: Hold'em No Limit ($0.05/$0.1) - 2024/06/22 18:26:16
Table 'NLHRed12' 6-max Seat #6 is the button
Seat 1: fd000057 ($21.8 in chips)
Seat 2: eb9bb41b ($2.53 in chips)
Seat 3: ee20331a ($13.77 in chips)
Seat 4: c5ffb94b ($4 in chips)
Seat 5: 2e6795f2 ($19.71 in chips)
Seat 6: Hero ($10.1 in chips)
fd000057: posts small blind $0.05
eb9bb41b: posts big blind $0.1
*** HOLE CARDS ***
Dealt to fd000057 
Dealt to eb9bb41b 
Dealt to ee20331a 
Dealt to c5ffb94b 
Dealt to 2e6795f2 
Dealt to Hero [2s 9s]
ee20331a: calls $0.1
c5ffb94b: folds
2e6795f2: folds
Hero: folds
fd000057: calls $0.05
eb9bb41b: checks
*** FLOP *** [6d 7s 8s]
fd000057: bets $0.2
eb9bb41b: calls $0.2
ee20331a: calls $0.2
*** TURN *** [6d 7s 8s] [Th]
fd000057: checks
eb9bb41b: bets $0.9
ee20331a: calls $0.9
fd000057: folds
*** RIVER *** [6d 7s 8s Th] [4c]
eb9bb41b: checks
ee20331a: bets $1.35
eb9bb41b: calls $1.33 and is all-in
Uncalled bet ($0.02) returned to ee20331a
ee20331a: shows [Kc 9d] (Tens-High Straight)
eb9bb41b: shows [8c 4h] (Pair of Eights and Pair of Fours)
*** SHOWDOWN ***
ee20331a collected $5 from pot
*** SUMMARY ***
Total pot $5.36 | Rake $0.26 | Jackpot $0.1 | Bingo $0 | Fortune $0 | Tax $0
Board [6d 7s 8s Th 4c]
Seat 1: fd000057 (small blind) folded on the Turn
Seat 2: eb9bb41b (big blind) showed [8c 4h] and lost with Pair of Eights and Pair of Fours
Seat 3: ee20331a showed [Kc 9d] and won ($5) with Tens-High Straight
Seat 4: c5ffb94b folded before Flop (didn't bet)
Seat 5: 2e6795f2 folded before Flop (didn't bet)
Seat 6: Hero (button) folded before Flop (didn't bet)


Poker Hand #HD1826806101: Hold'em No Limit ($0.05/$0.1) - 2024/06/22 18:26:03
Table 'NLHRed12' 6-max Seat #5 is the button
Seat 1: fd000057 ($21.9 in chips)
Seat 2: eb9bb41b ($2.53 in chips)
Seat 3: ee20331a ($13.77 in chips)
Seat 4: c5ffb94b ($4 in chips)
Seat 5: 2e6795f2 ($19.71 in chips)
Seat 6: Hero ($10 in chips)
Hero: posts small blind $0.05
fd000057: posts big blind $0.1
*** HOLE CARDS ***
Dealt to fd000057 
Dealt to eb9bb41b 
Dealt to ee20331a 
Dealt to c5ffb94b 
Dealt to 2e6795f2 
Dealt to Hero [Kd Ad]
eb9bb41b: folds
ee20331a: folds
c5ffb94b: folds
2e6795f2: folds
Hero: raises $0.2 to $0.3
fd000057: folds
Uncalled bet ($0.2) returned to Hero
*** SHOWDOWN ***
Hero collected $0.2 from pot
*** SUMMARY ***
Total pot $0.2 | Rake $0 | Jackpot $0 | Bingo $0 | Fortune $0 | Tax $0
Seat 1: fd000057 (big blind) folded before Flop
Seat 2: eb9bb41b folded before Flop (didn't bet)
Seat 3: ee20331a folded before Flop (didn't bet)
Seat 4: c5ffb94b folded before Flop (didn't bet)
Seat 5: 2e6795f2 (button) folded before Flop (didn't bet)
Seat 6: Hero (small blind) collected ($0.2)


Poker Hand #HD1826805924: Hold'em No Limit ($0.05/$0.1) - 2024/06/22 18:24:46
Table 'NLHRed12' 6-max Seat #4 is the button
Seat 1: fd000057 ($20.31 in chips)
Seat 2: eb9bb41b ($2.73 in chips)
Seat 3: ee20331a ($13.77 in chips)
Seat 4: c5ffb94b ($4 in chips)
Seat 5: 2e6795f2 ($19.76 in chips)
Seat 6: Hero ($10.63 in chips)
2e6795f2: posts small blind $0.05
Hero: posts big blind $0.1
*** HOLE CARDS ***
Dealt to fd000057 
Dealt to eb9bb41b 
Dealt to ee20331a 
Dealt to c5ffb94b 
Dealt to 2e6795f2 
Dealt to Hero [9h Ac]
fd000057: raises $0.1 to $0.2
eb9bb41b: calls $0.2
ee20331a: folds
c5ffb94b: folds
2e6795f2: folds
Hero: calls $0.1
*** FLOP *** [2c 6c 5c]
Hero: checks
fd000057: bets $0.2
eb9bb41b: folds
Hero: raises $0.5 to $0.7
fd000057: calls $0.5
*** TURN *** [2c 6c 5c] [9d]
Hero: bets $0.7
fd000057: calls $0.7
*** RIVER *** [2c 6c 5c 9d] [6d]
Hero: checks
fd000057: checks
Hero: shows [9h Ac] (Pair of Nines and Pair of Sixes)
fd000057: shows [Qd Qs] (Pair of Queens and Pair of Sixes)
*** SHOWDOWN ***
fd000057 collected $3.19 from pot
*** SUMMARY ***
Total pot $3.45 | Rake $0.16 | Jackpot $0.1 | Bingo $0 | Fortune $0 | Tax $0
Board [2c 6c 5c 9d 6d]
Seat 1: fd000057 showed [Qd Qs] and won ($3.19) with Pair of Queens and Pair of Sixes
Seat 2: eb9bb41b folded on the Flop
Seat 3: ee20331a folded before Flop (didn't bet)
Seat 4: c5ffb94b (button) folded before Flop (didn't bet)
Seat 5: 2e6795f2 (small blind) folded before Flop
Seat 6: Hero (big blind) showed [9h Ac] and lost with Pair of Nines and Pair of Sixes


Poker Hand #HD1826805839: Hold'em No Limit ($0.05/$0.1) - 2024/06/22 18:24:06
Table 'NLHRed12' 6-max Seat #3 is the button
Seat 1: fd000057 ($20.31 in chips)
Seat 2: eb9bb41b ($2.31 in chips)
Seat 3: ee20331a ($14.07 in chips)
Seat 4: c5ffb94b ($3.9 in chips)
Seat 5: 2e6795f2 ($19.86 in chips)
Seat 6: Hero ($10.63 in chips)
c5ffb94b: posts small blind $0.05
2e6795f2: posts big blind $0.1
*** HOLE CARDS ***
Dealt to fd000057 
Dealt to eb9bb41b 
Dealt to ee20331a 
Dealt to c5ffb94b 
Dealt to 2e6795f2 
Dealt to Hero [7h 9d]
Hero: folds
fd000057: folds
eb9bb41b: calls $0.1
ee20331a: raises $0.2 to $0.3
c5ffb94b: folds
2e6795f2: folds
eb9bb41b: calls $0.2
*** FLOP *** [3d 6c 5d]
eb9bb41b: checks
ee20331a: checks
*** TURN *** [3d 6c 5d] [4d]
eb9bb41b: bets $0.51
ee20331a: folds
Uncalled bet ($0.51) returned to eb9bb41b
eb9bb41b: shows [2s] (Sixes-High Straight)
*** SHOWDOWN ***
eb9bb41b collected $0.72 from pot
*** SUMMARY ***
Total pot $0.75 | Rake $0.03 | Jackpot $0 | Bingo $0 | Fortune $0 | Tax $0
Board [3d 6c 5d 4d]
Seat 1: fd000057 folded before Flop (didn't bet)
Seat 2: eb9bb41b showed [2s] and won ($0.72)
Seat 3: ee20331a (button) folded on the Turn
Seat 4: c5ffb94b (small blind) folded before Flop
Seat 5: 2e6795f2 (big blind) folded before Flop
Seat 6: Hero folded before Flop (didn't bet)


Poker Hand #HD1826805740: Hold'em No Limit ($0.05/$0.1) - 2024/06/22 18:23:22
Table 'NLHRed12' 6-max Seat #2 is the button
Seat 1: fd000057 ($20.31 in chips)
Seat 2: eb9bb41b ($2.17 in chips)
Seat 3: ee20331a ($14.12 in chips)
Seat 4: c5ffb94b ($4 in chips)
Seat 5: 2e6795f2 ($19.86 in chips)
Seat 6: Hero ($10.63 in chips)
ee20331a: posts small blind $0.05
c5ffb94b: posts big blind $0.1
*** HOLE CARDS ***
Dealt to fd000057 
Dealt to eb9bb41b 
Dealt to ee20331a 
Dealt to c5ffb94b 
Dealt to 2e6795f2 
Dealt to Hero [3d 4d]
2e6795f2: folds
Hero: folds
fd000057: folds
eb9bb41b: calls $0.1
ee20331a: folds
c5ffb94b: checks
*** FLOP *** [6h 6s 8s]
c5ffb94b: checks
eb9bb41b: bets $0.25
c5ffb94b: folds
Uncalled bet ($0.25) returned to eb9bb41b
*** SHOWDOWN ***
eb9bb41b collected $0.24 from pot
*** SUMMARY ***
Total pot $0.25 | Rake $0.01 | Jackpot $0 | Bingo $0 | Fortune $0 | Tax $0
Board [6h 6s 8s]
Seat 1: fd000057 folded before Flop (didn't bet)
Seat 2: eb9bb41b (button) won ($0.24)
Seat 3: ee20331a (small blind) folded before Flop
Seat 4: c5ffb94b (big blind) folded on the Flop
Seat 5: 2e6795f2 folded before Flop (didn't bet)
Seat 6: Hero folded before Flop (didn't bet)


Poker Hand #HD1826805695: Hold'em No Limit ($0.05/$0.1) - 2024/06/22 18:23:00
Table 'NLHRed12' 6-max Seat #1 is the button
Seat 1: fd000057 ($20.31 in chips)
Seat 2: eb9bb41b ($2.27 in chips)
Seat 3: ee20331a ($14.02 in chips)
Seat 4: c5ffb94b ($4 in chips)
Seat 5: 2e6795f2 ($19.86 in chips)
Seat 6: Hero ($10.63 in chips)
eb9bb41b: posts small blind $0.05
ee20331a: posts big blind $0.1
*** HOLE CARDS ***
Dealt to fd000057 
Dealt to eb9bb41b 
Dealt to ee20331a 
Dealt to c5ffb94b 
Dealt to 2e6795f2 
Dealt to Hero [8s 4s]
c5ffb94b: folds
2e6795f2: folds
Hero: folds
fd000057: folds
eb9bb41b: calls $0.05
ee20331a: raises $0.2 to $0.3
eb9bb41b: folds
Uncalled bet ($0.2) returned to ee20331a
*** SHOWDOWN ***
ee20331a collected $0.2 from pot
*** SUMMARY ***
Total pot $0.2 | Rake $0 | Jackpot $0 | Bingo $0 | Fortune $0 | Tax $0
Seat 1: fd000057 (button) folded before Flop (didn't bet)
Seat 2: eb9bb41b (small blind) folded before Flop
Seat 3: ee20331a (big blind) collected ($0.2)
Seat 4: c5ffb94b folded before Flop (didn't bet)
Seat 5: 2e6795f2 folded before Flop (didn't bet)
Seat 6: Hero folded before Flop (didn't bet)


Poker Hand #HD1826725612: Hold'em No Limit ($0.05/$0.1) - 2024/06/22 18:22:21
Table 'NLHRed12' 6-max Seat #6 is the button
Seat 1: fd000057 ($20.36 in chips)
Seat 2: eb9bb41b ($2.37 in chips)
Seat 3: ee20331a ($13.88 in chips)
Seat 4: c5ffb94b ($4 in chips)
Seat 5: 2e6795f2 ($19.86 in chips)
Seat 6: Hero ($10.63 in chips)
fd000057: posts small blind $0.05
eb9bb41b: posts big blind $0.1
*** HOLE CARDS ***
Dealt to fd000057 
Dealt to eb9bb41b 
Dealt to ee20331a 
Dealt to c5ffb94b 
Dealt to 2e6795f2 
Dealt to Hero [Qd 2c]
ee20331a: calls $0.1
c5ffb94b: folds
2e6795f2: folds
Hero: folds
fd000057: folds
eb9bb41b: checks
*** FLOP *** [3d Qc 5h]
eb9bb41b: checks
ee20331a: bets $0.25
eb9bb41b: folds
Uncalled bet ($0.25) returned to ee20331a
*** SHOWDOWN ***
ee20331a collected $0.24 from pot
*** SUMMARY ***
Total pot $0.25 | Rake $0.01 | Jackpot $0 | Bingo $0 | Fortune $0 | Tax $0
Board [3d Qc 5h]
Seat 1: fd000057 (small blind) folded before Flop
Seat 2: eb9bb41b (big blind) folded on the Flop
Seat 3: ee20331a won ($0.24)
Seat 4: c5ffb94b folded before Flop (didn't bet)
Seat 5: 2e6795f2 folded before Flop (didn't bet)
Seat 6: Hero (button) folded before Flop (didn't bet)


Poker Hand #HD1826725528: Hold'em No Limit ($0.05/$0.1) - 2024/06/22 18:21:41
Table 'NLHRed12' 6-max Seat #5 is the button
Seat 1: fd000057 ($20.71 in chips)
Seat 2: eb9bb41b ($2 in chips)
Seat 3: ee20331a ($13.88 in chips)
Seat 4: c5ffb94b ($3.6 in chips)
Seat 5: 2e6795f2 ($19.86 in chips)
Seat 6: Hero ($10.68 in chips)
Hero: posts small blind $0.05
fd000057: posts big blind $0.1
*** HOLE CARDS ***
Dealt to fd000057 
Dealt to eb9bb41b 
Dealt to ee20331a 
Dealt to c5ffb94b 
Dealt to 2e6795f2 
Dealt to Hero [7c Jh]
eb9bb41b: calls $0.1
ee20331a: folds
c5ffb94b: folds
2e6795f2: folds
Hero: folds
fd000057: checks
*** FLOP *** [2c Tc 8s]
fd000057: checks
eb9bb41b: bets $0.25
fd000057: calls $0.25
*** TURN *** [2c Tc 8s] [2s]
fd000057: checks
eb9bb41b: checks
*** RIVER *** [2c Tc 8s 2s] [Qd]
fd000057: checks
eb9bb41b: bets $0.75
fd000057: folds
Uncalled bet ($0.75) returned to eb9bb41b
*** SHOWDOWN ***
eb9bb41b collected $0.72 from pot
*** SUMMARY ***
Total pot $0.75 | Rake $0.03 | Jackpot $0 | Bingo $0 | Fortune $0 | Tax $0
Board [2c Tc 8s 2s Qd]
Seat 1: fd000057 (big blind) folded on the River
Seat 2: eb9bb41b won ($0.72)
Seat 3: ee20331a folded before Flop (didn't bet)
Seat 4: c5ffb94b folded before Flop (didn't bet)
Seat 5: 2e6795f2 (button) folded before Flop (didn't bet)
Seat 6: Hero (small blind) folded before Flop


Poker Hand #HD1826725448: Hold'em No Limit ($0.05/$0.1) - 2024/06/22 18:21:04
Table 'NLHRed12' 6-max Seat #4 is the button
Seat 1: fd000057 ($20.71 in chips)
Seat 3: ee20331a ($14.22 in chips)
Seat 4: c5ffb94b ($3.94 in chips)
Seat 5: 2e6795f2 ($19.91 in chips)
Seat 6: Hero ($10 in chips)
2e6795f2: posts small blind $0.05
Hero: posts big blind $0.1
*** HOLE CARDS ***
Dealt to fd000057 
Dealt to ee20331a 
Dealt to c5ffb94b 
Dealt to 2e6795f2 
Dealt to Hero [As Ts]
fd000057: folds
ee20331a: calls $0.1
c5ffb94b: raises $0.24 to $0.34
2e6795f2: folds
Hero: calls $0.24
ee20331a: calls $0.24
*** FLOP *** [Qc Jc 8h]
Hero: checks
ee20331a: checks
c5ffb94b: checks
*** TURN *** [Qc Jc 8h] [Js]
Hero: bets $0.3
ee20331a: folds
c5ffb94b: folds
Uncalled bet ($0.3) returned to Hero
*** SHOWDOWN ***
Hero collected $1.02 from pot
*** SUMMARY ***
Total pot $1.07 | Rake $0.05 | Jackpot $0 | Bingo $0 | Fortune $0 | Tax $0
Board [Qc Jc 8h Js]
Seat 1: fd000057 folded before Flop (didn't bet)
Seat 3: ee20331a folded on the Turn
Seat 4: c5ffb94b (button) folded on the Turn
Seat 5: 2e6795f2 (small blind) folded before Flop
Seat 6: Hero (big blind) won ($1.02)


Poker Hand #HD1826725347: Hold'em No Limit ($0.05/$0.1) - 2024/06/22 18:20:15
Table 'NLHRed12' 6-max Seat #3 is the button
Seat 1: fd000057 ($20.71 in chips)
Seat 2: eb9bb41b ($2 in chips)
Seat 3: ee20331a ($14.22 in chips)
Seat 4: c5ffb94b ($3.99 in chips)
Seat 5: 2e6795f2 ($18.15 in chips)
Seat 6: Hero ($10 in chips)
c5ffb94b: posts small blind $0.05
2e6795f2: posts big blind $0.1
eb9bb41b: posts big blind $0.1
*** HOLE CARDS ***
Dealt to fd000057 
Dealt to eb9bb41b 
Dealt to ee20331a 
Dealt to c5ffb94b 
Dealt to 2e6795f2 
Dealt to Hero [2h 6h]
Hero: folds
fd000057: folds
eb9bb41b: checks
ee20331a: folds
c5ffb94b: folds
2e6795f2: checks
*** FLOP *** [9s 5s 2d]
2e6795f2: checks
eb9bb41b: bets $0.17
2e6795f2: calls $0.17
*** TURN *** [9s 5s 2d] [7h]
2e6795f2: checks
eb9bb41b: bets $0.59
2e6795f2: calls $0.59
*** RIVER *** [9s 5s 2d 7h] [3h]
2e6795f2: checks
eb9bb41b: bets $1.14 and is all-in
2e6795f2: calls $1.14
eb9bb41b: shows [7d Qd] (Pair of Sevens)
2e6795f2: shows [9h Qc] (Pair of Nines)
*** SHOWDOWN ***
2e6795f2 collected $3.76 from pot
*** SUMMARY ***
Total pot $4.05 | Rake $0.19 | Jackpot $0.1 | Bingo $0 | Fortune $0 | Tax $0
Board [9s 5s 2d 7h 3h]
Seat 1: fd000057 folded before Flop (didn't bet)
Seat 2: eb9bb41b showed [7d Qd] and lost with Pair of Sevens
Seat 3: ee20331a (button) folded before Flop (didn't bet)
Seat 4: c5ffb94b (small blind) folded before Flop
Seat 5: 2e6795f2 (big blind) showed [9h Qc] and won ($3.76) with Pair of Nines
Seat 6: Hero folded before Flop (didn't bet)


Poker Hand #HD1826725276: Hold'em No Limit ($0.05/$0.1) - 2024/06/22 18:19:42
Table 'NLHRed12' 6-max Seat #1 is the button
Seat 1: fd000057 ($20.71 in chips)
Seat 3: ee20331a ($14.13 in chips)
Seat 4: c5ffb94b ($4.09 in chips)
Seat 5: 2e6795f2 ($18.15 in chips)
Seat 6: Hero ($10 in chips)
ee20331a: posts small blind $0.05
c5ffb94b: posts big blind $0.1
*** HOLE CARDS ***
Dealt to fd000057 
Dealt to ee20331a 
Dealt to c5ffb94b 
Dealt to 2e6795f2 
Dealt to Hero [Jd 7h]
2e6795f2: folds
Hero: folds
fd000057: folds
ee20331a: calls $0.05
c5ffb94b: checks
*** FLOP *** [7s Jh Kh]
ee20331a: checks
c5ffb94b: checks
*** TURN *** [7s Jh Kh] [3c]
ee20331a: checks
c5ffb94b: checks
*** RIVER *** [7s Jh Kh 3c] [3h]
ee20331a: checks
c5ffb94b: checks
ee20331a: shows [Ah 9d] (Pair of Treys)
c5ffb94b: shows [2d Qh] (Pair of Treys)
*** SHOWDOWN ***
ee20331a collected $0.19 from pot
*** SUMMARY ***
Total pot $0.2 | Rake $0.01 | Jackpot $0 | Bingo $0 | Fortune $0 | Tax $0
Board [7s Jh Kh 3c 3h]
Seat 1: fd000057 (button) folded before Flop (didn't bet)
Seat 3: ee20331a (small blind) showed [Ah 9d] and won ($0.19) with Pair of Treys
Seat 4: c5ffb94b (big blind) showed [2d Qh] and lost with Pair of Treys
Seat 5: 2e6795f2 folded before Flop (didn't bet)
Seat 6: Hero folded before Flop (didn't bet)


Poker Hand #HD1826725243: Hold'em No Limit ($0.05/$0.1) - 2024/06/22 18:19:30
Table 'NLHRed12' 6-max Seat #6 is the button
Seat 1: fd000057 ($20.76 in chips)
Seat 3: ee20331a ($14.23 in chips)
Seat 4: c5ffb94b ($3.94 in chips)
Seat 5: 2e6795f2 ($18.15 in chips)
Seat 6: Hero ($10 in chips)
fd000057: posts small blind $0.05
ee20331a: posts big blind $0.1
*** HOLE CARDS ***
Dealt to fd000057 
Dealt to ee20331a 
Dealt to c5ffb94b 
Dealt to 2e6795f2 
Dealt to Hero [6d Kc]
c5ffb94b: raises $0.1 to $0.2
2e6795f2: folds
Hero: folds
fd000057: folds
ee20331a: folds
Uncalled bet ($0.1) returned to c5ffb94b
*** SHOWDOWN ***
c5ffb94b collected $0.25 from pot
*** SUMMARY ***
Total pot $0.25 | Rake $0 | Jackpot $0 | Bingo $0 | Fortune $0 | Tax $0
Seat 1: fd000057 (small blind) folded before Flop
Seat 3: ee20331a (big blind) folded before Flop
Seat 4: c5ffb94b collected ($0.25)
Seat 5: 2e6795f2 folded before Flop (didn't bet)
Seat 6: Hero (button) folded before Flop (didn't bet)


Poker Hand #HD1826725164: Hold'em No Limit ($0.05/$0.1) - 2024/06/22 18:18:54
Table 'NLHRed12' 6-max Seat #5 is the button
Seat 1: fd000057 ($20.86 in chips)
Seat 2: 4ad443f0 ($4.15 in chips)
Seat 3: ee20331a ($13.72 in chips)
Seat 4: c5ffb94b ($3.94 in chips)
Seat 5: 2e6795f2 ($18.55 in chips)
Seat 6: Hero ($10 in chips)
Hero: posts small blind $0.05
fd000057: posts big blind $0.1
*** HOLE CARDS ***
Dealt to fd000057 
Dealt to 4ad443f0 
Dealt to ee20331a 
Dealt to c5ffb94b 
Dealt to 2e6795f2 
Dealt to Hero [Qs 7s]
4ad443f0: folds
ee20331a: calls $0.1
c5ffb94b: folds
2e6795f2: raises $0.3 to $0.4
Hero: folds
fd000057: folds
ee20331a: calls $0.3
*** FLOP *** [Ts 6d Js]
ee20331a: checks
2e6795f2: checks
*** TURN *** [Ts 6d Js] [As]
ee20331a: bets $0.72
2e6795f2: folds
Uncalled bet ($0.72) returned to ee20331a
*** SHOWDOWN ***
ee20331a collected $0.91 from pot
*** SUMMARY ***
Total pot $0.95 | Rake $0.04 | Jackpot $0 | Bingo $0 | Fortune $0 | Tax $0
Board [Ts 6d Js As]
Seat 1: fd000057 (big blind) folded before Flop
Seat 2: 4ad443f0 folded before Flop (didn't bet)
Seat 3: ee20331a won ($0.91)
Seat 4: c5ffb94b folded before Flop (didn't bet)
Seat 5: 2e6795f2 (button) folded on the Turn
Seat 6: Hero (small blind) folded before Flop


Poker Hand #HD1826725121: Hold'em No Limit ($0.05/$0.1) - 2024/06/22 18:18:31
Table 'NLHRed12' 6-max Seat #4 is the button
Seat 1: fd000057 ($20.86 in chips)
Seat 2: 4ad443f0 ($3.91 in chips)
Seat 3: ee20331a ($13.82 in chips)
Seat 4: c5ffb94b ($3.94 in chips)
Seat 5: 2e6795f2 ($18.6 in chips)
Seat 6: Hero ($10 in chips)
2e6795f2: posts small blind $0.05
Hero: posts big blind $0.1
*** HOLE CARDS ***
Dealt to fd000057 
Dealt to 4ad443f0 
Dealt to ee20331a 
Dealt to c5ffb94b 
Dealt to 2e6795f2 
Dealt to Hero [5s 2d]
fd000057: folds
4ad443f0: calls $0.1
ee20331a: calls $0.1
c5ffb94b: folds
2e6795f2: folds
Hero: checks
*** FLOP *** [Jh 2h Tc]
Hero: checks
4ad443f0: bets $0.35
ee20331a: folds
Hero: folds
Uncalled bet ($0.35) returned to 4ad443f0
*** SHOWDOWN ***
4ad443f0 collected $0.34 from pot
*** SUMMARY ***
Total pot $0.35 | Rake $0.01 | Jackpot $0 | Bingo $0 | Fortune $0 | Tax $0
Board [Jh 2h Tc]
Seat 1: fd000057 folded before Flop (didn't bet)
Seat 2: 4ad443f0 won ($0.34)
Seat 3: ee20331a folded on the Flop
Seat 4: c5ffb94b (button) folded before Flop (didn't bet)
Seat 5: 2e6795f2 (small blind) folded before Flop
Seat 6: Hero (big blind) folded on the Flop


Poker Hand #HD1826725023: Hold'em No Limit ($0.05/$0.1) - 2024/06/22 18:17:46
Table 'NLHRed12' 6-max Seat #3 is the button
Seat 1: fd000057 ($20.86 in chips)
Seat 2: 4ad443f0 ($3.07 in chips)
Seat 3: ee20331a ($14.12 in chips)
Seat 4: c5ffb94b ($4.24 in chips)
Seat 5: 2e6795f2 ($18.9 in chips)
Seat 6: Hero ($10 in chips)
c5ffb94b: posts small blind $0.05
2e6795f2: posts big blind $0.1
4ad443f0: posts big blind $0.1
*** HOLE CARDS ***
Dealt to fd000057 
Dealt to 4ad443f0 
Dealt to ee20331a 
Dealt to c5ffb94b 
Dealt to 2e6795f2 
Dealt to Hero [Js Th]
Hero: folds
fd000057: folds
4ad443f0: raises $0.2 to $0.3
ee20331a: calls $0.3
c5ffb94b: calls $0.25
2e6795f2: calls $0.2
*** FLOP *** [Qd Ts 3d]
c5ffb94b: checks
2e6795f2: checks
4ad443f0: bets $1
ee20331a: folds
c5ffb94b: folds
2e6795f2: folds
Uncalled bet ($1) returned to 4ad443f0
*** SHOWDOWN ***
4ad443f0 collected $1.14 from pot
*** SUMMARY ***
Total pot $1.2 | Rake $0.06 | Jackpot $0 | Bingo $0 | Fortune $0 | Tax $0
Board [Qd Ts 3d]
Seat 1: fd000057 folded before Flop (didn't bet)
Seat 2: 4ad443f0 won ($1.14)
Seat 3: ee20331a (button) folded on the Flop
Seat 4: c5ffb94b (small blind) folded on the Flop
Seat 5: 2e6795f2 (big blind) folded on the Flop
Seat 6: Hero folded before Flop (didn't bet)


Poker Hand #HD1826724966: Hold'em No Limit ($0.05/$0.1) - 2024/06/22 18:17:23
Table 'NLHRed12' 6-max Seat #1 is the button
Seat 1: fd000057 ($20.86 in chips)
Seat 3: ee20331a ($14.22 in chips)
Seat 4: c5ffb94b ($4.15 in chips)
Seat 5: 2e6795f2 ($18.9 in chips)
Seat 6: Hero ($10 in chips)
ee20331a: posts small blind $0.05
c5ffb94b: posts big blind $0.1
*** HOLE CARDS ***
Dealt to fd000057 
Dealt to ee20331a 
Dealt to c5ffb94b 
Dealt to 2e6795f2 
Dealt to Hero [Jh 7s]
2e6795f2: folds
Hero: folds
fd000057: folds
ee20331a: calls $0.05
c5ffb94b: checks
*** FLOP *** [Ts 3d Kd]
ee20331a: checks
c5ffb94b: bets $0.14
ee20331a: folds
Uncalled bet ($0.14) returned to c5ffb94b
*** SHOWDOWN ***
c5ffb94b collected $0.19 from pot
*** SUMMARY ***
Total pot $0.2 | Rake $0.01 | Jackpot $0 | Bingo $0 | Fortune $0 | Tax $0
Board [Ts 3d Kd]
Seat 1: fd000057 (button) folded before Flop (didn't bet)
Seat 3: ee20331a (small blind) folded on the Flop
Seat 4: c5ffb94b (big blind) won ($0.19)
Seat 5: 2e6795f2 folded before Flop (didn't bet)
Seat 6: Hero folded before Flop (didn't bet)


Poker Hand #HD1826724883: Hold'em No Limit ($0.05/$0.1) - 2024/06/22 18:16:43
Table 'NLHRed12' 6-max Seat #6 is the button
Seat 1: fd000057 ($20.87 in chips)
Seat 3: ee20331a ($14.23 in chips)
Seat 4: c5ffb94b ($4.15 in chips)
Seat 5: 2e6795f2 ($18.9 in chips)
Seat 6: Hero ($10 in chips)
fd000057: posts small blind $0.05
ee20331a: posts big blind $0.1
*** HOLE CARDS ***
Dealt to fd000057 
Dealt to ee20331a 
Dealt to c5ffb94b 
Dealt to 2e6795f2 
Dealt to Hero [5h 2d]
c5ffb94b: folds
2e6795f2: folds
Hero: folds
fd000057: calls $0.05
ee20331a: checks
*** FLOP *** [Jd 4c 8c]
fd000057: checks
ee20331a: bets $0.2
fd000057: calls $0.2
*** TURN *** [Jd 4c 8c] [Tc]
fd000057: checks
ee20331a: checks
*** RIVER *** [Jd 4c 8c Tc] [8h]
fd000057: checks
ee20331a: checks
fd000057: shows [4d 5d] (Pair of Eights and Pair of Fours)
ee20331a: shows [7s 4h] (Pair of Eights and Pair of Fours)
*** SHOWDOWN ***
fd000057 collected $0.29 from pot
ee20331a collected $0.29 from pot
*** SUMMARY ***
Total pot $0.6 | Rake $0.02 | Jackpot $0 | Bingo $0 | Fortune $0 | Tax $0
Board [Jd 4c 8c Tc 8h]
Seat 1: fd000057 (small blind) showed [4d 5d] and won ($0.29) with Pair of Eights and Pair of Fours
Seat 3: ee20331a (big blind) showed [7s 4h] and won ($0.29) with Pair of Eights and Pair of Fours
Seat 4: c5ffb94b folded before Flop (didn't bet)
Seat 5: 2e6795f2 folded before Flop (didn't bet)
Seat 6: Hero (button) folded before Flop (didn't bet)


Poker Hand #HD1826724838: Hold'em No Limit ($0.05/$0.1) - 2024/06/22 18:16:25
Table 'NLHRed12' 6-max Seat #5 is the button
Seat 1: fd000057 ($20.97 in chips)
Seat 4: c5ffb94b ($4 in chips)
Seat 5: 2e6795f2 ($18.9 in chips)
Seat 6: Hero ($10.05 in chips)
Hero: posts small blind $0.05
fd000057: posts big blind $0.1
*** HOLE CARDS ***
Dealt to fd000057 
Dealt to c5ffb94b 
Dealt to 2e6795f2 
Dealt to Hero [Tc As]
c5ffb94b: raises $0.1 to $0.2
2e6795f2: folds
Hero: folds
fd000057: folds
Uncalled bet ($0.1) returned to c5ffb94b
*** SHOWDOWN ***
c5ffb94b collected $0.25 from pot
*** SUMMARY ***
Total pot $0.25 | Rake $0 | Jackpot $0 | Bingo $0 | Fortune $0 | Tax $0
Seat 1: fd000057 (big blind) folded before Flop
Seat 4: c5ffb94b collected ($0.25)
Seat 5: 2e6795f2 (button) folded before Flop (didn't bet)
Seat 6: Hero (small blind) folded before Flop


Poker Hand #HD1826724772: Hold'em No Limit ($0.05/$0.1) - 2024/06/22 18:15:51
Table 'NLHRed12' 6-max Seat #4 is the button
Seat 1: fd000057 ($20.97 in chips)
Seat 3: ee20331a ($14.23 in chips)
Seat 4: c5ffb94b ($4 in chips)
Seat 5: 2e6795f2 ($18.8 in chips)
Seat 6: Hero ($10.15 in chips)
2e6795f2: posts small blind $0.05
Hero: posts big blind $0.1
*** HOLE CARDS ***
Dealt to fd000057 
Dealt to ee20331a 
Dealt to c5ffb94b 
Dealt to 2e6795f2 
Dealt to Hero [5c 3c]
fd000057: folds
ee20331a: folds
c5ffb94b: folds
2e6795f2: raises $0.2 to $0.3
Hero: folds
Uncalled bet ($0.2) returned to 2e6795f2
*** SHOWDOWN ***
2e6795f2 collected $0.2 from pot
*** SUMMARY ***
Total pot $0.2 | Rake $0 | Jackpot $0 | Bingo $0 | Fortune $0 | Tax $0
Seat 1: fd000057 folded before Flop (didn't bet)
Seat 3: ee20331a folded before Flop (didn't bet)
Seat 4: c5ffb94b (button) folded before Flop (didn't bet)
Seat 5: 2e6795f2 (small blind) collected ($0.2)
Seat 6: Hero (big blind) folded before Flop


Poker Hand #HD1826724729: Hold'em No Limit ($0.05/$0.1) - 2024/06/22 18:15:32
Table 'NLHRed12' 6-max Seat #3 is the button
Seat 1: fd000057 ($20.97 in chips)
Seat 3: ee20331a ($14.23 in chips)
Seat 4: c5ffb94b ($4.05 in chips)
Seat 5: 2e6795f2 ($18.9 in chips)
Seat 6: Hero ($10 in chips)
c5ffb94b: posts small blind $0.05
2e6795f2: posts big blind $0.1
*** HOLE CARDS ***
Dealt to fd000057 
Dealt to ee20331a 
Dealt to c5ffb94b 
Dealt to 2e6795f2 
Dealt to Hero [Ad Ts]
Hero: raises $0.1 to $0.2
fd000057: folds
ee20331a: folds
c5ffb94b: folds
2e6795f2: folds
Uncalled bet ($0.1) returned to Hero
*** SHOWDOWN ***
Hero collected $0.25 from pot
*** SUMMARY ***
Total pot $0.25 | Rake $0 | Jackpot $0 | Bingo $0 | Fortune $0 | Tax $0
Seat 1: fd000057 folded before Flop (didn't bet)
Seat 3: ee20331a (button) folded before Flop (didn't bet)
Seat 4: c5ffb94b (small blind) folded before Flop
Seat 5: 2e6795f2 (big blind) folded before Flop
Seat 6: Hero collected ($0.25)


Poker Hand #HD1826724705: Hold'em No Limit ($0.05/$0.1) - 2024/06/22 18:15:17
Table 'NLHRed12' 6-max Seat #1 is the button
Seat 1: fd000057 ($20.82 in chips)
Seat 3: ee20331a ($14.28 in chips)
Seat 4: c5ffb94b ($4.15 in chips)
Seat 5: 2e6795f2 ($18.9 in chips)
Seat 6: Hero ($10 in chips)
ee20331a: posts small blind $0.05
c5ffb94b: posts big blind $0.1
*** HOLE CARDS ***
Dealt to fd000057 
Dealt to ee20331a 
Dealt to c5ffb94b 
Dealt to 2e6795f2 
Dealt to Hero [8d 3d]
2e6795f2: folds
Hero: folds
fd000057: raises $0.15 to $0.25
ee20331a: folds
c5ffb94b: folds
Uncalled bet ($0.15) returned to fd000057
*** SHOWDOWN ***
fd000057 collected $0.25 from pot
*** SUMMARY ***
Total pot $0.25 | Rake $0 | Jackpot $0 | Bingo $0 | Fortune $0 | Tax $0
Seat 1: fd000057 (button) collected ($0.25)
Seat 3: ee20331a (small blind) folded before Flop
Seat 4: c5ffb94b (big blind) folded before Flop
Seat 5: 2e6795f2 folded before Flop (didn't bet)
Seat 6: Hero folded before Flop (didn't bet)


Poker Hand #HD1826724661: Hold'em No Limit ($0.05/$0.1) - 2024/06/22 18:15:02
Table 'NLHRed12' 6-max Seat #6 is the button
Seat 1: fd000057 ($20.87 in chips)
Seat 2: ef5da04 ($10 in chips)
Seat 3: ee20331a ($14.28 in chips)
Seat 4: c5ffb94b ($4 in chips)
Seat 5: 2e6795f2 ($18.9 in chips)
Seat 6: Hero ($10 in chips)
fd000057: posts small blind $0.05
ef5da04: posts big blind $0.1
*** HOLE CARDS ***
Dealt to fd000057 
Dealt to ef5da04 
Dealt to ee20331a 
Dealt to c5ffb94b 
Dealt to 2e6795f2 
Dealt to Hero [9h 4c]
ee20331a: folds
c5ffb94b: raises $0.1 to $0.2
2e6795f2: folds
Hero: folds
fd000057: folds
ef5da04: folds
Uncalled bet ($0.1) returned to c5ffb94b
*** SHOWDOWN ***
c5ffb94b collected $0.25 from pot
*** SUMMARY ***
Total pot $0.25 | Rake $0 | Jackpot $0 | Bingo $0 | Fortune $0 | Tax $0
Seat 1: fd000057 (small blind) folded before Flop
Seat 2: ef5da04 (big blind) folded before Flop
Seat 3: ee20331a folded before Flop (didn't bet)
Seat 4: c5ffb94b collected ($0.25)
Seat 5: 2e6795f2 folded before Flop (didn't bet)
Seat 6: Hero (button) folded before Flop (didn't bet)


Poker Hand #HD1826724608: Hold'em No Limit ($0.05/$0.1) - 2024/06/22 18:14:39
Table 'NLHRed12' 6-max Seat #5 is the button
Seat 1: fd000057 ($20.73 in chips)
Seat 2: ef5da04 ($10 in chips)
Seat 3: ee20331a ($14.38 in chips)
Seat 4: c5ffb94b ($4 in chips)
Seat 5: 2e6795f2 ($18.9 in chips)
Seat 6: Hero ($10 in chips)
Hero: posts small blind $0.05
fd000057: posts big blind $0.1
*** HOLE CARDS ***
Dealt to fd000057 
Dealt to ef5da04 
Dealt to ee20331a 
Dealt to c5ffb94b 
Dealt to 2e6795f2 
Dealt to Hero [Qs 8h]
ef5da04: folds
ee20331a: calls $0.1
c5ffb94b: folds
2e6795f2: folds
Hero: folds
fd000057: checks
*** FLOP *** [8s Kc 8c]
fd000057: bets $0.1
ee20331a: folds
Uncalled bet ($0.1) returned to fd000057
*** SHOWDOWN ***
fd000057 collected $0.24 from pot
*** SUMMARY ***
Total pot $0.25 | Rake $0.01 | Jackpot $0 | Bingo $0 | Fortune $0 | Tax $0
Board [8s Kc 8c]
Seat 1: fd000057 (big blind) won ($0.24)
Seat 2: ef5da04 folded before Flop (didn't bet)
Seat 3: ee20331a folded on the Flop
Seat 4: c5ffb94b folded before Flop (didn't bet)
Seat 5: 2e6795f2 (button) folded before Flop (didn't bet)
Seat 6: Hero (small blind) folded before Flop


Poker Hand #HD1826724515: Hold'em No Limit ($0.05/$0.1) - 2024/06/22 18:13:53
Table 'NLHRed12' 6-max Seat #4 is the button
Seat 1: fd000057 ($20.73 in chips)
Seat 2: ef5da04 ($10 in chips)
Seat 3: ee20331a ($13.88 in chips)
Seat 4: c5ffb94b ($4 in chips)
Seat 5: 2e6795f2 ($18.95 in chips)
Seat 6: Hero ($10 in chips)
2e6795f2: posts small blind $0.05
Hero: posts big blind $0.1
*** HOLE CARDS ***
Dealt to fd000057 
Dealt to ef5da04 
Dealt to ee20331a 
Dealt to c5ffb94b 
Dealt to 2e6795f2 
Dealt to Hero [4h Jc]
fd000057: folds
ef5da04: folds
ee20331a: calls $0.1
c5ffb94b: folds
2e6795f2: folds
Hero: checks
*** FLOP *** [2c Ts Qc]
Hero: checks
ee20331a: checks
*** TURN *** [2c Ts Qc] [Ad]
Hero: bets $0.1
ee20331a: calls $0.1
*** RIVER *** [2c Ts Qc Ad] [3s]
Hero: bets $0.3
ee20331a: calls $0.3
Hero: shows [4h Jc] (Ace-High)
ee20331a: shows [7h Ac] (Pair of Aces)
*** SHOWDOWN ***
ee20331a collected $1 from pot
*** SUMMARY ***
Total pot $1.05 | Rake $0.05 | Jackpot $0 | Bingo $0 | Fortune $0 | Tax $0
Board [2c Ts Qc Ad 3s]
Seat 1: fd000057 folded before Flop (didn't bet)
Seat 2: ef5da04 folded before Flop (didn't bet)
Seat 3: ee20331a showed [7h Ac] and won ($1) with Pair of Aces
Seat 4: c5ffb94b (button) folded before Flop (didn't bet)
Seat 5: 2e6795f2 (small blind) folded before Flop
Seat 6: Hero (big blind) showed [4h Jc] and lost with Ace-High


Poker Hand #HD1826724468: Hold'em No Limit ($0.05/$0.1) - 2024/06/22 18:13:33
Table 'NLHRed12' 6-max Seat #3 is the button
Seat 1: fd000057 ($20.73 in chips)
Seat 2: ef5da04 ($10 in chips)
Seat 3: ee20331a ($13.88 in chips)
Seat 4: c5ffb94b ($3.7 in chips)
Seat 5: 2e6795f2 ($18.9 in chips)
Seat 6: Hero ($10 in chips)
c5ffb94b: posts small blind $0.05
2e6795f2: posts big blind $0.1
*** HOLE CARDS ***
Dealt to fd000057 
Dealt to ef5da04 
Dealt to ee20331a 
Dealt to c5ffb94b 
Dealt to 2e6795f2 
Dealt to Hero [9c Js]
Hero: folds
fd000057: folds
ef5da04: folds
ee20331a: folds
c5ffb94b: folds
Uncalled bet ($0.05) returned to 2e6795f2
*** SHOWDOWN ***
2e6795f2 collected $0.1 from pot
*** SUMMARY ***
Total pot $0.1 | Rake $0 | Jackpot $0 | Bingo $0 | Fortune $0 | Tax $0
Seat 1: fd000057 folded before Flop (didn't bet)
Seat 2: ef5da04 folded before Flop (didn't bet)
Seat 3: ee20331a (button) folded before Flop (didn't bet)
Seat 4: c5ffb94b (small blind) folded before Flop
Seat 5: 2e6795f2 (big blind) collected ($0.1)
Seat 6: Hero folded before Flop (didn't bet)


Poker Hand #HD1826724383: Hold'em No Limit ($0.05/$0.1) - 2024/06/22 18:12:51
Table 'NLHRed12' 6-max Seat #2 is the button
Seat 1: fd000057 ($20.73 in chips)
Seat 2: ef5da04 ($10 in chips)
Seat 3: ee20331a ($13.61 in chips)
Seat 4: c5ffb94b ($4 in chips)
Seat 5: 2e6795f2 ($18.9 in chips)
Seat 6: Hero ($10 in chips)
ee20331a: posts small blind $0.05
c5ffb94b: posts big blind $0.1
*** HOLE CARDS ***
Dealt to fd000057 
Dealt to ef5da04 
Dealt to ee20331a 
Dealt to c5ffb94b 
Dealt to 2e6795f2 
Dealt to Hero [Qd 9s]
2e6795f2: folds
Hero: folds
fd000057: folds
ef5da04: folds
ee20331a: raises $0.2 to $0.3
c5ffb94b: calls $0.2
*** FLOP *** [5h 4d 9d]
ee20331a: bets $0.45
c5ffb94b: folds
Uncalled bet ($0.45) returned to ee20331a
*** SHOWDOWN ***
ee20331a collected $0.57 from pot
*** SUMMARY ***
Total pot $0.6 | Rake $0.03 | Jackpot $0 | Bingo $0 | Fortune $0 | Tax $0
Board [5h 4d 9d]
Seat 1: fd000057 folded before Flop (didn't bet)
Seat 2: ef5da04 (button) folded before Flop (didn't bet)
Seat 3: ee20331a (small blind) won ($0.57)
Seat 4: c5ffb94b (big blind) folded on the Flop
Seat 5: 2e6795f2 folded before Flop (didn't bet)
Seat 6: Hero folded before Flop (didn't bet)


Poker Hand #HD1826724201: Hold'em No Limit ($0.05/$0.1) - 2024/06/22 18:11:27
Table 'NLHRed12' 6-max Seat #1 is the button
Seat 1: fd000057 ($20.98 in chips)
Seat 2: ef5da04 ($11.44 in chips)
Seat 3: ee20331a ($10.15 in chips)
Seat 5: 2e6795f2 ($18.9 in chips)
Seat 6: Hero ($10 in chips)
ef5da04: posts small blind $0.05
ee20331a: posts big blind $0.1
*** HOLE CARDS ***
Dealt to fd000057 
Dealt to ef5da04 
Dealt to ee20331a 
Dealt to 2e6795f2 
Dealt to Hero [9s 7d]
2e6795f2: folds
Hero: folds
fd000057: raises $0.15 to $0.25
ef5da04: calls $0.2
ee20331a: calls $0.15
*** FLOP *** [3d 8d 3h]
ef5da04: checks
ee20331a: checks
fd000057: checks
*** TURN *** [3d 8d 3h] [Jh]
ef5da04: bets $0.38
ee20331a: calls $0.38
fd000057: folds
*** RIVER *** [3d 8d 3h Jh] [2d]
ef5da04: checks
ee20331a: bets $3.05
ef5da04: calls $3.05
ee20331a: shows [Jd 6d] (Jack High Flush)
ef5da04: shows [Ks Js] (Pair of Jacks and Pair of Treys)
*** SHOWDOWN ***
ee20331a collected $7.14 from pot
*** SUMMARY ***
Total pot $7.61 | Rake $0.37 | Jackpot $0.1 | Bingo $0 | Fortune $0 | Tax $0
Board [3d 8d 3h Jh 2d]
Seat 1: fd000057 (button) folded on the Turn
Seat 2: ef5da04 (small blind) showed [Ks Js] and lost with Pair of Jacks and Pair of Treys
Seat 3: ee20331a (big blind) showed [Jd 6d] and won ($7.14) with Jack High Flush
Seat 5: 2e6795f2 folded before Flop (didn't bet)
Seat 6: Hero folded before Flop (didn't bet)


Poker Hand #HD1826724172: Hold'em No Limit ($0.05/$0.1) - 2024/06/22 18:11:15
Table 'NLHRed12' 6-max Seat #6 is the button
Seat 1: fd000057 ($21.03 in chips)
Seat 2: ef5da04 ($11.54 in chips)
Seat 3: ee20331a ($10 in chips)
Seat 5: 2e6795f2 ($18.9 in chips)
Seat 6: Hero ($10 in chips)
fd000057: posts small blind $0.05
ef5da04: posts big blind $0.1
*** HOLE CARDS ***
Dealt to fd000057 
Dealt to ef5da04 
Dealt to ee20331a 
Dealt to 2e6795f2 
Dealt to Hero [9d Ah]
ee20331a: raises $0.2 to $0.3
2e6795f2: folds
Hero: folds
fd000057: folds
ef5da04: folds
Uncalled bet ($0.2) returned to ee20331a
*** SHOWDOWN ***
ee20331a collected $0.25 from pot
*** SUMMARY ***
Total pot $0.25 | Rake $0 | Jackpot $0 | Bingo $0 | Fortune $0 | Tax $0
Seat 1: fd000057 (small blind) folded before Flop
Seat 2: ef5da04 (big blind) folded before Flop
Seat 3: ee20331a collected ($0.25)
Seat 5: 2e6795f2 folded before Flop (didn't bet)
Seat 6: Hero (button) folded before Flop (didn't bet)


Poker Hand #HD1826724148: Hold'em No Limit ($0.05/$0.1) - 2024/06/22 18:11:06
Table 'NLHRed12' 6-max Seat #5 is the button
Seat 1: fd000057 ($20.98 in chips)
Seat 2: ef5da04 ($11.54 in chips)
Seat 3: ee20331a ($10 in chips)
Seat 5: 2e6795f2 ($18.9 in chips)
Seat 6: Hero ($10.05 in chips)
Hero: posts small blind $0.05
fd000057: posts big blind $0.1
*** HOLE CARDS ***
Dealt to fd000057 
Dealt to ef5da04 
Dealt to ee20331a 
Dealt to 2e6795f2 
Dealt to Hero [5s 4d]
ef5da04: folds
ee20331a: folds
2e6795f2: folds
Hero: folds
Uncalled bet ($0.05) returned to fd000057
*** SHOWDOWN ***
fd000057 collected $0.1 from pot
*** SUMMARY ***
Total pot $0.1 | Rake $0 | Jackpot $0 | Bingo $0 | Fortune $0 | Tax $0
Seat 1: fd000057 (big blind) collected ($0.1)
Seat 2: ef5da04 folded before Flop (didn't bet)
Seat 3: ee20331a folded before Flop (didn't bet)
Seat 5: 2e6795f2 (button) folded before Flop (didn't bet)
Seat 6: Hero (small blind) folded before Flop


Poker Hand #HD1826723979: Hold'em No Limit ($0.05/$0.1) - 2024/06/22 18:09:50
Table 'NLHRed12' 6-max Seat #3 is the button
Seat 1: fd000057 ($20.98 in chips)
Seat 2: ef5da04 ($11.54 in chips)
Seat 3: ee20331a ($13.32 in chips)
Seat 5: 2e6795f2 ($15.04 in chips)
Seat 6: Hero ($10.15 in chips)
2e6795f2: posts small blind $0.05
Hero: posts big blind $0.1
*** HOLE CARDS ***
Dealt to fd000057 
Dealt to ef5da04 
Dealt to ee20331a 
Dealt to 2e6795f2 
Dealt to Hero [3h 7h]
fd000057: folds
ef5da04: folds
ee20331a: calls $0.1
2e6795f2: raises $0.4 to $0.5
Hero: folds
ee20331a: calls $0.4
*** FLOP *** [Jc 4s Kd]
2e6795f2: bets $0.37
ee20331a: calls $0.37
*** TURN *** [Jc 4s Kd] [Qd]
2e6795f2: bets $0.61
ee20331a: calls $0.61
*** RIVER *** [Jc 4s Kd Qd] [Qs]
2e6795f2: bets $2.8
ee20331a: calls $2.8
2e6795f2: shows [Qc Ac] (Three Queens)
ee20331a: shows [Kh Tc] (Pair of Kings and Pair of Queens)
*** SHOWDOWN ***
2e6795f2 collected $8.14 from pot
*** SUMMARY ***
Total pot $8.66 | Rake $0.42 | Jackpot $0.1 | Bingo $0 | Fortune $0 | Tax $0
Board [Jc 4s Kd Qd Qs]
Seat 1: fd000057 folded before Flop (didn't bet)
Seat 2: ef5da04 folded before Flop (didn't bet)
Seat 3: ee20331a (button) showed [Kh Tc] and lost with Pair of Kings and Pair of Queens
Seat 5: 2e6795f2 (small blind) showed [Qc Ac] and won ($8.14) with Three Queens
Seat 6: Hero (big blind) folded before Flop


Poker Hand #HD1826723852: Hold'em No Limit ($0.05/$0.1) - 2024/06/22 18:08:50
Table 'NLHRed12' 6-max Seat #2 is the button
Seat 1: fd000057 ($21.43 in chips)
Seat 2: ef5da04 ($11.54 in chips)
Seat 3: ee20331a ($12.82 in chips)
Seat 5: 2e6795f2 ($15.14 in chips)
Seat 6: Hero ($10.15 in chips)
ee20331a: posts small blind $0.05
2e6795f2: posts big blind $0.1
*** HOLE CARDS ***
Dealt to fd000057 
Dealt to ef5da04 
Dealt to ee20331a 
Dealt to 2e6795f2 
Dealt to Hero [5c Kc]
Hero: folds
fd000057: raises $0.15 to $0.25
ef5da04: folds
ee20331a: calls $0.2
2e6795f2: folds
*** FLOP *** [Ad 3d 8s]
ee20331a: checks
fd000057: bets $0.2
ee20331a: calls $0.2
*** TURN *** [Ad 3d 8s] [Th]
ee20331a: checks
fd000057: checks
*** RIVER *** [Ad 3d 8s Th] [3c]
ee20331a: bets $1
fd000057: folds
Uncalled bet ($1) returned to ee20331a
*** SHOWDOWN ***
ee20331a collected $0.95 from pot
*** SUMMARY ***
Total pot $1 | Rake $0.05 | Jackpot $0 | Bingo $0 | Fortune $0 | Tax $0
Board [Ad 3d 8s Th 3c]
Seat 1: fd000057 folded on the River
Seat 2: ef5da04 (button) folded before Flop (didn't bet)
Seat 3: ee20331a (small blind) won ($0.95)
Seat 5: 2e6795f2 (big blind) folded before Flop
Seat 6: Hero folded before Flop (didn't bet)


Poker Hand #HD1826723775: Hold'em No Limit ($0.05/$0.1) - 2024/06/22 18:08:17
Table 'NLHRed12' 6-max Seat #1 is the button
Seat 1: fd000057 ($21.15 in chips)
Seat 2: ef5da04 ($11.59 in chips)
Seat 3: ee20331a ($13.07 in chips)
Seat 4: f68134e2 ($10.64 in chips)
Seat 5: 2e6795f2 ($15.14 in chips)
Seat 6: Hero ($10.15 in chips)
ef5da04: posts small blind $0.05
ee20331a: posts big blind $0.1
*** HOLE CARDS ***
Dealt to fd000057 
Dealt to ef5da04 
Dealt to ee20331a 
Dealt to f68134e2 
Dealt to 2e6795f2 
Dealt to Hero [Ah 4c]
f68134e2: folds
2e6795f2: folds
Hero: folds
fd000057: raises $0.15 to $0.25
ef5da04: folds
ee20331a: calls $0.15
*** FLOP *** [Ac Qs 4h]
ee20331a: checks
fd000057: bets $0.2
ee20331a: folds
Uncalled bet ($0.2) returned to fd000057
*** SHOWDOWN ***
fd000057 collected $0.53 from pot
*** SUMMARY ***
Total pot $0.55 | Rake $0.02 | Jackpot $0 | Bingo $0 | Fortune $0 | Tax $0
Board [Ac Qs 4h]
Seat 1: fd000057 (button) won ($0.53)
Seat 2: ef5da04 (small blind) folded before Flop
Seat 3: ee20331a (big blind) folded on the Flop
Seat 4: f68134e2 folded before Flop (didn't bet)
Seat 5: 2e6795f2 folded before Flop (didn't bet)
Seat 6: Hero folded before Flop (didn't bet)


Poker Hand #HD1826723730: Hold'em No Limit ($0.05/$0.1) - 2024/06/22 18:07:53
Table 'NLHRed12' 6-max Seat #6 is the button
Seat 1: fd000057 ($21.2 in chips)
Seat 2: ef5da04 ($11.69 in chips)
Seat 3: ee20331a ($13.07 in chips)
Seat 4: f68134e2 ($10.64 in chips)
Seat 5: 2e6795f2 ($15.14 in chips)
Seat 6: Hero ($10 in chips)
fd000057: posts small blind $0.05
ef5da04: posts big blind $0.1
*** HOLE CARDS ***
Dealt to fd000057 
Dealt to ef5da04 
Dealt to ee20331a 
Dealt to f68134e2 
Dealt to 2e6795f2 
Dealt to Hero [6d Qd]
ee20331a: folds
f68134e2: folds
2e6795f2: folds
Hero: raises $0.14 to $0.24
fd000057: folds
ef5da04: folds
Uncalled bet ($0.14) returned to Hero
*** SHOWDOWN ***
Hero collected $0.25 from pot
*** SUMMARY ***
Total pot $0.25 | Rake $0 | Jackpot $0 | Bingo $0 | Fortune $0 | Tax $0
Seat 1: fd000057 (small blind) folded before Flop
Seat 2: ef5da04 (big blind) folded before Flop
Seat 3: ee20331a folded before Flop (didn't bet)
Seat 4: f68134e2 folded before Flop (didn't bet)
Seat 5: 2e6795f2 folded before Flop (didn't bet)
Seat 6: Hero (button) collected ($0.25)


Poker Hand #HD1826723650: Hold'em No Limit ($0.05/$0.1) - 2024/06/22 18:07:17
Table 'NLHRed12' 6-max Seat #5 is the button
Seat 1: fd000057 ($21.3 in chips)
Seat 2: ef5da04 ($11.69 in chips)
Seat 3: ee20331a ($13.17 in chips)
Seat 4: f68134e2 ($10.4 in chips)
Seat 5: 2e6795f2 ($15.14 in chips)
Seat 6: Hero ($10 in chips)
Hero: posts small blind $0.05
fd000057: posts big blind $0.1
*** HOLE CARDS ***
Dealt to fd000057 
Dealt to ef5da04 
Dealt to ee20331a 
Dealt to f68134e2 
Dealt to 2e6795f2 
Dealt to Hero [Kd 5h]
ef5da04: folds
ee20331a: calls $0.1
f68134e2: raises $0.44 to $0.54
2e6795f2: folds
Hero: folds
fd000057: folds
ee20331a: folds
Uncalled bet ($0.44) returned to f68134e2
*** SHOWDOWN ***
f68134e2 collected $0.34 from pot
*** SUMMARY ***
Total pot $0.35 | Rake $0.01 | Jackpot $0 | Bingo $0 | Fortune $0 | Tax $0
Seat 1: fd000057 (big blind) folded before Flop
Seat 2: ef5da04 folded before Flop (didn't bet)
Seat 3: ee20331a folded before Flop
Seat 4: f68134e2 collected ($0.34)
Seat 5: 2e6795f2 (button) folded before Flop (didn't bet)
Seat 6: Hero (small blind) folded before Flop


Poker Hand #HD1826723531: Hold'em No Limit ($0.05/$0.1) - 2024/06/22 18:06:30
Table 'NLHRed12' 6-max Seat #4 is the button
Seat 1: fd000057 ($21.3 in chips)
Seat 2: ef5da04 ($11.69 in chips)
Seat 3: ee20331a ($13.03 in chips)
Seat 4: f68134e2 ($10.4 in chips)
Seat 5: 2e6795f2 ($15.19 in chips)
Seat 6: Hero ($10 in chips)
2e6795f2: posts small blind $0.05
Hero: posts big blind $0.1
*** HOLE CARDS ***
Dealt to fd000057 
Dealt to ef5da04 
Dealt to ee20331a 
Dealt to f68134e2 
Dealt to 2e6795f2 
Dealt to Hero [Jc As]
fd000057: folds
ef5da04: folds
ee20331a: calls $0.1
f68134e2: folds
2e6795f2: folds
Hero: checks
*** FLOP *** [6c 9d 8d]
Hero: checks
ee20331a: bets $0.25
Hero: folds
Uncalled bet ($0.25) returned to ee20331a
*** SHOWDOWN ***
ee20331a collected $0.24 from pot
*** SUMMARY ***
Total pot $0.25 | Rake $0.01 | Jackpot $0 | Bingo $0 | Fortune $0 | Tax $0
Board [6c 9d 8d]
Seat 1: fd000057 folded before Flop (didn't bet)
Seat 2: ef5da04 folded before Flop (didn't bet)
Seat 3: ee20331a won ($0.24)
Seat 4: f68134e2 (button) folded before Flop (didn't bet)
Seat 5: 2e6795f2 (small blind) folded before Flop
Seat 6: Hero (big blind) folded on the Flop


Poker Hand #HD1826723487: Hold'em No Limit ($0.05/$0.1) - 2024/06/22 18:06:10
Table 'NLHRed12' 6-max Seat #3 is the button
Seat 1: fd000057 ($21.15 in chips)
Seat 2: ef5da04 ($11.69 in chips)
Seat 3: ee20331a ($13.03 in chips)
Seat 4: f68134e2 ($10.45 in chips)
Seat 5: 2e6795f2 ($15.29 in chips)
Seat 6: Hero ($10 in chips)
f68134e2: posts small blind $0.05
2e6795f2: posts big blind $0.1
*** HOLE CARDS ***
Dealt to fd000057 
Dealt to ef5da04 
Dealt to ee20331a 
Dealt to f68134e2 
Dealt to 2e6795f2 
Dealt to Hero [Kd 3h]
Hero: folds
fd000057: raises $0.1 to $0.2
ef5da04: folds
ee20331a: folds
f68134e2: folds
2e6795f2: folds
Uncalled bet ($0.1) returned to fd000057
*** SHOWDOWN ***
fd000057 collected $0.25 from pot
*** SUMMARY ***
Total pot $0.25 | Rake $0 | Jackpot $0 | Bingo $0 | Fortune $0 | Tax $0
Seat 1: fd000057 collected ($0.25)
Seat 2: ef5da04 folded before Flop (didn't bet)
Seat 3: ee20331a (button) folded before Flop (didn't bet)
Seat 4: f68134e2 (small blind) folded before Flop
Seat 5: 2e6795f2 (big blind) folded before Flop
Seat 6: Hero folded before Flop (didn't bet)


Poker Hand #HD1826723466: Hold'em No Limit ($0.05/$0.1) - 2024/06/22 18:06:00
Table 'NLHRed12' 6-max Seat #2 is the button
Seat 1: fd000057 ($21.15 in chips)
Seat 2: ef5da04 ($11.69 in chips)
Seat 3: ee20331a ($13.08 in chips)
Seat 4: f68134e2 ($10.4 in chips)
Seat 5: 2e6795f2 ($15.29 in chips)
Seat 6: Hero ($10 in chips)
ee20331a: posts small blind $0.05
f68134e2: posts big blind $0.1
*** HOLE CARDS ***
Dealt to fd000057 
Dealt to ef5da04 
Dealt to ee20331a 
Dealt to f68134e2 
Dealt to 2e6795f2 
Dealt to Hero [Tc 3d]
2e6795f2: folds
Hero: folds
fd000057: folds
ef5da04: folds
ee20331a: folds
Uncalled bet ($0.05) returned to f68134e2
*** SHOWDOWN ***
f68134e2 collected $0.1 from pot
*** SUMMARY ***
Total pot $0.1 | Rake $0 | Jackpot $0 | Bingo $0 | Fortune $0 | Tax $0
Seat 1: fd000057 folded before Flop (didn't bet)
Seat 2: ef5da04 (button) folded before Flop (didn't bet)
Seat 3: ee20331a (small blind) folded before Flop
Seat 4: f68134e2 (big blind) collected ($0.1)
Seat 5: 2e6795f2 folded before Flop (didn't bet)
Seat 6: Hero folded before Flop (didn't bet)


Poker Hand #HD1826723404: Hold'em No Limit ($0.05/$0.1) - 2024/06/22 18:05:30
Table 'NLHRed12' 6-max Seat #1 is the button
Seat 1: fd000057 ($20.73 in chips)
Seat 2: ef5da04 ($11.74 in chips)
Seat 3: ee20331a ($13.18 in chips)
Seat 4: f68134e2 ($10.7 in chips)
Seat 5: 2e6795f2 ($15.29 in chips)
Seat 6: Hero ($10 in chips)
ef5da04: posts small blind $0.05
ee20331a: posts big blind $0.1
*** HOLE CARDS ***
Dealt to fd000057 
Dealt to ef5da04 
Dealt to ee20331a 
Dealt to f68134e2 
Dealt to 2e6795f2 
Dealt to Hero [9c As]
f68134e2: raises $0.2 to $0.3
2e6795f2: folds
Hero: folds
fd000057: raises $0.5 to $0.8
ef5da04: folds
ee20331a: folds
f68134e2: folds
Uncalled bet ($0.5) returned to fd000057
*** SHOWDOWN ***
fd000057 collected $0.72 from pot
*** SUMMARY ***
Total pot $0.75 | Rake $0.03 | Jackpot $0 | Bingo $0 | Fortune $0 | Tax $0
Seat 1: fd000057 (button) collected ($0.72)
Seat 2: ef5da04 (small blind) folded before Flop
Seat 3: ee20331a (big blind) folded before Flop
Seat 4: f68134e2 folded before Flop
Seat 5: 2e6795f2 folded before Flop (didn't bet)
Seat 6: Hero folded before Flop (didn't bet)


Poker Hand #HD1826723314: Hold'em No Limit ($0.05/$0.1) - 2024/06/22 18:04:42
Table 'NLHRed12' 6-max Seat #6 is the button
Seat 1: fd000057 ($20.78 in chips)
Seat 2: ef5da04 ($11.99 in chips)
Seat 3: ee20331a ($13.18 in chips)
Seat 4: f68134e2 ($10.7 in chips)
Seat 5: 2e6795f2 ($15.01 in chips)
Seat 6: Hero ($10 in chips)
fd000057: posts small blind $0.05
ef5da04: posts big blind $0.1
*** HOLE CARDS ***
Dealt to fd000057 
Dealt to ef5da04 
Dealt to ee20331a 
Dealt to f68134e2 
Dealt to 2e6795f2 
Dealt to Hero [5d Kc]
ee20331a: folds
f68134e2: folds
2e6795f2: raises $0.15 to $0.25
Hero: folds
fd000057: folds
ef5da04: calls $0.15
*** FLOP *** [8d 8c Kd]
ef5da04: checks
2e6795f2: checks
*** TURN *** [8d 8c Kd] [Jc]
ef5da04: checks
2e6795f2: bets $0.19
ef5da04: folds
Uncalled bet ($0.19) returned to 2e6795f2
*** SHOWDOWN ***
2e6795f2 collected $0.53 from pot
*** SUMMARY ***
Total pot $0.55 | Rake $0.02 | Jackpot $0 | Bingo $0 | Fortune $0 | Tax $0
Board [8d 8c Kd Jc]
Seat 1: fd000057 (small blind) folded before Flop
Seat 2: ef5da04 (big blind) folded on the Turn
Seat 3: ee20331a folded before Flop (didn't bet)
Seat 4: f68134e2 folded before Flop (didn't bet)
Seat 5: 2e6795f2 won ($0.53)
Seat 6: Hero (button) folded before Flop (didn't bet)


Poker Hand #HD1826723261: Hold'em No Limit ($0.05/$0.1) - 2024/06/22 18:04:22
Table 'NLHRed12' 6-max Seat #5 is the button
Seat 1: fd000057 ($20.5 in chips)
Seat 2: ef5da04 ($11.99 in chips)
Seat 4: f68134e2 ($10.7 in chips)
Seat 5: 2e6795f2 ($15.26 in chips)
Seat 6: Hero ($10 in chips)
Hero: posts small blind $0.05
fd000057: posts big blind $0.1
*** HOLE CARDS ***
Dealt to fd000057 
Dealt to ef5da04 
Dealt to f68134e2 
Dealt to 2e6795f2 
Dealt to Hero [8c 6h]
ef5da04: folds
f68134e2: folds
2e6795f2: raises $0.15 to $0.25
Hero: folds
fd000057: raises $0.85 to $1.1
2e6795f2: folds
Uncalled bet ($0.85) returned to fd000057
*** SHOWDOWN ***
fd000057 collected $0.53 from pot
*** SUMMARY ***
Total pot $0.55 | Rake $0.02 | Jackpot $0 | Bingo $0 | Fortune $0 | Tax $0
Seat 1: fd000057 (big blind) collected ($0.53)
Seat 2: ef5da04 folded before Flop (didn't bet)
Seat 4: f68134e2 folded before Flop (didn't bet)
Seat 5: 2e6795f2 (button) folded before Flop
Seat 6: Hero (small blind) folded before Flop


Poker Hand #HD1826723213: Hold'em No Limit ($0.05/$0.1) - 2024/06/22 18:04:00
Table 'NLHRed12' 6-max Seat #4 is the button
Seat 1: fd000057 ($20.5 in chips)
Seat 2: ef5da04 ($11.99 in chips)
Seat 3: ee20331a ($13.18 in chips)
Seat 4: f68134e2 ($10.7 in chips)
Seat 5: 2e6795f2 ($15.16 in chips)
Seat 6: Hero ($10.07 in chips)
2e6795f2: posts small blind $0.05
Hero: posts big blind $0.1
*** HOLE CARDS ***
Dealt to fd000057 
Dealt to ef5da04 
Dealt to ee20331a 
Dealt to f68134e2 
Dealt to 2e6795f2 
Dealt to Hero [6s 2d]
fd000057: folds
ef5da04: folds
ee20331a: folds
f68134e2: folds
2e6795f2: raises $0.2 to $0.3
Hero: folds
Uncalled bet ($0.2) returned to 2e6795f2
*** SHOWDOWN ***
2e6795f2 collected $0.2 from pot
*** SUMMARY ***
Total pot $0.2 | Rake $0 | Jackpot $0 | Bingo $0 | Fortune $0 | Tax $0
Seat 1: fd000057 folded before Flop (didn't bet)
Seat 2: ef5da04 folded before Flop (didn't bet)
Seat 3: ee20331a folded before Flop (didn't bet)
Seat 4: f68134e2 (button) folded before Flop (didn't bet)
Seat 5: 2e6795f2 (small blind) collected ($0.2)
Seat 6: Hero (big blind) folded before Flop


Poker Hand #HD1826723131: Hold'em No Limit ($0.05/$0.1) - 2024/06/22 18:03:26
Table 'NLHRed12' 6-max Seat #3 is the button
Seat 1: fd000057 ($20.5 in chips)
Seat 2: ef5da04 ($11.99 in chips)
Seat 3: ee20331a ($12.86 in chips)
Seat 4: f68134e2 ($10.75 in chips)
Seat 5: 2e6795f2 ($15.46 in chips)
Seat 6: Hero ($10.07 in chips)
f68134e2: posts small blind $0.05
2e6795f2: posts big blind $0.1
*** HOLE CARDS ***
Dealt to fd000057 
Dealt to ef5da04 
Dealt to ee20331a 
Dealt to f68134e2 
Dealt to 2e6795f2 
Dealt to Hero [7s 3d]
Hero: folds
fd000057: folds
ef5da04: folds
ee20331a: raises $0.2 to $0.3
f68134e2: folds
2e6795f2: calls $0.2
*** FLOP *** [7h Th 6c]
2e6795f2: checks
ee20331a: checks
*** TURN *** [7h Th 6c] [9d]
2e6795f2: checks
ee20331a: checks
*** RIVER *** [7h Th 6c 9d] [5c]
2e6795f2: checks
ee20331a: checks
2e6795f2: shows [Kc 2c] (King-High)
ee20331a: shows [Ad Qs] (Ace-High)
*** SHOWDOWN ***
ee20331a collected $0.62 from pot
*** SUMMARY ***
Total pot $0.65 | Rake $0.03 | Jackpot $0 | Bingo $0 | Fortune $0 | Tax $0
Board [7h Th 6c 9d 5c]
Seat 1: fd000057 folded before Flop (didn't bet)
Seat 2: ef5da04 folded before Flop (didn't bet)
Seat 3: ee20331a (button) showed [Ad Qs] and won ($0.62) with Ace-High
Seat 4: f68134e2 (small blind) folded before Flop
Seat 5: 2e6795f2 (big blind) showed [Kc 2c] and lost with King-High
Seat 6: Hero folded before Flop (didn't bet)


Poker Hand #HD1826723059: Hold'em No Limit ($0.05/$0.1) - 2024/06/22 18:02:54
Table 'NLHRed12' 6-max Seat #2 is the button
Seat 1: fd000057 ($20.75 in chips)
Seat 2: ef5da04 ($11.99 in chips)
Seat 3: ee20331a ($12.54 in chips)
Seat 4: f68134e2 ($10.85 in chips)
Seat 5: 2e6795f2 ($15.46 in chips)
Seat 6: Hero ($10.07 in chips)
ee20331a: posts small blind $0.05
f68134e2: posts big blind $0.1
*** HOLE CARDS ***
Dealt to fd000057 
Dealt to ef5da04 
Dealt to ee20331a 
Dealt to f68134e2 
Dealt to 2e6795f2 
Dealt to Hero [3d 5d]
2e6795f2: folds
Hero: folds
fd000057: raises $0.15 to $0.25
ef5da04: folds
ee20331a: calls $0.2
f68134e2: folds
*** FLOP *** [Jh 2c 6s]
ee20331a: checks
fd000057: checks
*** TURN *** [Jh 2c 6s] [Jc]
ee20331a: bets $0.45
fd000057: folds
Uncalled bet ($0.45) returned to ee20331a
*** SHOWDOWN ***
ee20331a collected $0.57 from pot
*** SUMMARY ***
Total pot $0.6 | Rake $0.03 | Jackpot $0 | Bingo $0 | Fortune $0 | Tax $0
Board [Jh 2c 6s Jc]
Seat 1: fd000057 folded on the Turn
Seat 2: ef5da04 (button) folded before Flop (didn't bet)
Seat 3: ee20331a (small blind) won ($0.57)
Seat 4: f68134e2 (big blind) folded before Flop
Seat 5: 2e6795f2 folded before Flop (didn't bet)
Seat 6: Hero folded before Flop (didn't bet)


Poker Hand #HD1826723028: Hold'em No Limit ($0.05/$0.1) - 2024/06/22 18:02:39
Table 'NLHRed12' 6-max Seat #1 is the button
Seat 1: fd000057 ($20.75 in chips)
Seat 2: ef5da04 ($12.04 in chips)
Seat 3: ee20331a ($12.64 in chips)
Seat 4: f68134e2 ($10.85 in chips)
Seat 5: 2e6795f2 ($15.31 in chips)
Seat 6: Hero ($10.07 in chips)
ef5da04: posts small blind $0.05
ee20331a: posts big blind $0.1
*** HOLE CARDS ***
Dealt to fd000057 
Dealt to ef5da04 
Dealt to ee20331a 
Dealt to f68134e2 
Dealt to 2e6795f2 
Dealt to Hero [Td 6c]
f68134e2: folds
2e6795f2: raises $0.2 to $0.3
Hero: folds
fd000057: folds
ef5da04: folds
ee20331a: folds
Uncalled bet ($0.2) returned to 2e6795f2
*** SHOWDOWN ***
2e6795f2 collected $0.25 from pot
*** SUMMARY ***
Total pot $0.25 | Rake $0 | Jackpot $0 | Bingo $0 | Fortune $0 | Tax $0
Seat 1: fd000057 (button) folded before Flop (didn't bet)
Seat 2: ef5da04 (small blind) folded before Flop
Seat 3: ee20331a (big blind) folded before Flop
Seat 4: f68134e2 folded before Flop (didn't bet)
Seat 5: 2e6795f2 collected ($0.25)
Seat 6: Hero folded before Flop (didn't bet)


Poker Hand #HD1826722983: Hold'em No Limit ($0.05/$0.1) - 2024/06/22 18:02:17
Table 'NLHRed12' 6-max Seat #6 is the button
Seat 1: fd000057 ($20.8 in chips)
Seat 2: ef5da04 ($12.14 in chips)
Seat 3: ee20331a ($12.74 in chips)
Seat 4: f68134e2 ($10.61 in chips)
Seat 5: 2e6795f2 ($15.31 in chips)
Seat 6: Hero ($10.07 in chips)
fd000057: posts small blind $0.05
ef5da04: posts big blind $0.1
*** HOLE CARDS ***
Dealt to fd000057 
Dealt to ef5da04 
Dealt to ee20331a 
Dealt to f68134e2 
Dealt to 2e6795f2 
Dealt to Hero [7s Ts]
ee20331a: calls $0.1
f68134e2: raises $0.4 to $0.5
2e6795f2: folds
Hero: folds
fd000057: folds
ef5da04: folds
ee20331a: folds
Uncalled bet ($0.4) returned to f68134e2
*** SHOWDOWN ***
f68134e2 collected $0.34 from pot
*** SUMMARY ***
Total pot $0.35 | Rake $0.01 | Jackpot $0 | Bingo $0 | Fortune $0 | Tax $0
Seat 1: fd000057 (small blind) folded before Flop
Seat 2: ef5da04 (big blind) folded before Flop
Seat 3: ee20331a folded before Flop
Seat 4: f68134e2 collected ($0.34)
Seat 5: 2e6795f2 folded before Flop (didn't bet)
Seat 6: Hero (button) folded before Flop (didn't bet)


Poker Hand #HD1826722923: Hold'em No Limit ($0.05/$0.1) - 2024/06/22 18:01:47
Table 'NLHRed12' 6-max Seat #5 is the button
Seat 1: fd000057 ($21.1 in chips)
Seat 2: ef5da04 ($12.14 in chips)
Seat 3: ee20331a ($12.74 in chips)
Seat 4: f68134e2 ($10.29 in chips)
Seat 5: 2e6795f2 ($15.31 in chips)
Seat 6: Hero ($10.12 in chips)
Hero: posts small blind $0.05
fd000057: posts big blind $0.1
*** HOLE CARDS ***
Dealt to fd000057 
Dealt to ef5da04 
Dealt to ee20331a 
Dealt to f68134e2 
Dealt to 2e6795f2 
Dealt to Hero [6s Tc]
ef5da04: folds
ee20331a: folds
f68134e2: raises $0.2 to $0.3
2e6795f2: folds
Hero: folds
fd000057: calls $0.2
*** FLOP *** [2d 7c Qd]
fd000057: checks
f68134e2: bets $0.49
fd000057: folds
Uncalled bet ($0.49) returned to f68134e2
*** SHOWDOWN ***
f68134e2 collected $0.62 from pot
*** SUMMARY ***
Total pot $0.65 | Rake $0.03 | Jackpot $0 | Bingo $0 | Fortune $0 | Tax $0
Board [2d 7c Qd]
Seat 1: fd000057 (big blind) folded on the Flop
Seat 2: ef5da04 folded before Flop (didn't bet)
Seat 3: ee20331a folded before Flop (didn't bet)
Seat 4: f68134e2 won ($0.62)
Seat 5: 2e6795f2 (button) folded before Flop (didn't bet)
Seat 6: Hero (small blind) folded before Flop


Poker Hand #HD1826722816: Hold'em No Limit ($0.05/$0.1) - 2024/06/22 18:00:59
Table 'NLHRed12' 6-max Seat #4 is the button
Seat 1: fd000057 ($21.1 in chips)
Seat 2: ef5da04 ($12.35 in chips)
Seat 3: ee20331a ($12.74 in chips)
Seat 4: f68134e2 ($9.95 in chips)
Seat 5: 2e6795f2 ($15.36 in chips)
Seat 6: Hero ($10.22 in chips)
2e6795f2: posts small blind $0.05
Hero: posts big blind $0.1
*** HOLE CARDS ***
Dealt to fd000057 
Dealt to ef5da04 
Dealt to ee20331a 
Dealt to f68134e2 
Dealt to 2e6795f2 
Dealt to Hero [Qh 9s]
fd000057: folds
ef5da04: raises $0.11 to $0.21
ee20331a: folds
f68134e2: raises $0.72 to $0.93
2e6795f2: folds
Hero: folds
ef5da04: folds
Uncalled bet ($0.72) returned to f68134e2
*** SHOWDOWN ***
f68134e2 collected $0.55 from pot
*** SUMMARY ***
Total pot $0.57 | Rake $0.02 | Jackpot $0 | Bingo $0 | Fortune $0 | Tax $0
Seat 1: fd000057 folded before Flop (didn't bet)
Seat 2: ef5da04 folded before Flop
Seat 3: ee20331a folded before Flop (didn't bet)
Seat 4: f68134e2 (button) collected ($0.55)
Seat 5: 2e6795f2 (small blind) folded before Flop
Seat 6: Hero (big blind) folded before Flop


Poker Hand #HD1826722766: Hold'em No Limit ($0.05/$0.1) - 2024/06/22 18:00:31
Table 'NLHRed12' 6-max Seat #3 is the button
Seat 1: fd000057 ($20.95 in chips)
Seat 2: ef5da04 ($12.35 in chips)
Seat 3: ee20331a ($12.74 in chips)
Seat 4: f68134e2 ($10 in chips)
Seat 5: 2e6795f2 ($15.46 in chips)
Seat 6: Hero ($10.22 in chips)
f68134e2: posts small blind $0.05
2e6795f2: posts big blind $0.1
*** HOLE CARDS ***
Dealt to fd000057 
Dealt to ef5da04 
Dealt to ee20331a 
Dealt to f68134e2 
Dealt to 2e6795f2 
Dealt to Hero [8c 3s]
Hero: folds
fd000057: raises $0.1 to $0.2
ef5da04: folds
ee20331a: folds
f68134e2: folds
2e6795f2: folds
Uncalled bet ($0.1) returned to fd000057
*** SHOWDOWN ***
fd000057 collected $0.25 from pot
*** SUMMARY ***
Total pot $0.25 | Rake $0 | Jackpot $0 | Bingo $0 | Fortune $0 | Tax $0
Seat 1: fd000057 collected ($0.25)
Seat 2: ef5da04 folded before Flop (didn't bet)
Seat 3: ee20331a (button) folded before Flop (didn't bet)
Seat 4: f68134e2 (small blind) folded before Flop
Seat 5: 2e6795f2 (big blind) folded before Flop
Seat 6: Hero folded before Flop (didn't bet)


Poker Hand #HD1826722734: Hold'em No Limit ($0.05/$0.1) - 2024/06/22 18:00:16
Table 'NLHRed12' 6-max Seat #2 is the button
Seat 1: fd000057 ($20.95 in chips)
Seat 2: ef5da04 ($12.35 in chips)
Seat 3: ee20331a ($12.79 in chips)
Seat 4: f68134e2 ($9.95 in chips)
Seat 5: 2e6795f2 ($15.31 in chips)
Seat 6: Hero ($10.22 in chips)
ee20331a: posts small blind $0.05
f68134e2: posts big blind $0.1
*** HOLE CARDS ***
Dealt to fd000057 
Dealt to ef5da04 
Dealt to ee20331a 
Dealt to f68134e2 
Dealt to 2e6795f2 
Dealt to Hero [5h 8d]
2e6795f2: raises $0.2 to $0.3
Hero: folds
fd000057: folds
ef5da04: folds
ee20331a: folds
f68134e2: folds
Uncalled bet ($0.2) returned to 2e6795f2
*** SHOWDOWN ***
2e6795f2 collected $0.25 from pot
*** SUMMARY ***
Total pot $0.25 | Rake $0 | Jackpot $0 | Bingo $0 | Fortune $0 | Tax $0
Seat 1: fd000057 folded before Flop (didn't bet)
Seat 2: ef5da04 (button) folded before Flop (didn't bet)
Seat 3: ee20331a (small blind) folded before Flop
Seat 4: f68134e2 (big blind) folded before Flop
Seat 5: 2e6795f2 collected ($0.25)
Seat 6: Hero folded before Flop (didn't bet)


Poker Hand #HD1826722683: Hold'em No Limit ($0.05/$0.1) - 2024/06/22 17:59:51
Table 'NLHRed12' 6-max Seat #1 is the button
Seat 1: fd000057 ($20.95 in chips)
Seat 2: ef5da04 ($12.4 in chips)
Seat 3: ee20331a ($12.74 in chips)
Seat 4: f68134e2 ($9.95 in chips)
Seat 5: 2e6795f2 ($15.31 in chips)
Seat 6: Hero ($10.22 in chips)
ef5da04: posts small blind $0.05
ee20331a: posts big blind $0.1
*** HOLE CARDS ***
Dealt to fd000057 
Dealt to ef5da04 
Dealt to ee20331a 
Dealt to f68134e2 
Dealt to 2e6795f2 
Dealt to Hero [2s 8s]
f68134e2: folds
2e6795f2: folds
Hero: folds
fd000057: folds
ef5da04: folds
Uncalled bet ($0.05) returned to ee20331a
*** SHOWDOWN ***
ee20331a collected $0.1 from pot
*** SUMMARY ***
Total pot $0.1 | Rake $0 | Jackpot $0 | Bingo $0 | Fortune $0 | Tax $0
Seat 1: fd000057 (button) folded before Flop (didn't bet)
Seat 2: ef5da04 (small blind) folded before Flop
Seat 3: ee20331a (big blind) collected ($0.1)
Seat 4: f68134e2 folded before Flop (didn't bet)
Seat 5: 2e6795f2 folded before Flop (didn't bet)
Seat 6: Hero folded before Flop (didn't bet)


Poker Hand #HD1826722650: Hold'em No Limit ($0.05/$0.1) - 2024/06/22 17:59:32
Table 'NLHRed12' 6-max Seat #6 is the button
Seat 1: fd000057 ($21 in chips)
Seat 2: ef5da04 ($12.35 in chips)
Seat 3: ee20331a ($12.74 in chips)
Seat 4: f68134e2 ($9.95 in chips)
Seat 5: 2e6795f2 ($15.31 in chips)
Seat 6: Hero ($10.22 in chips)
fd000057: posts small blind $0.05
ef5da04: posts big blind $0.1
*** HOLE CARDS ***
Dealt to fd000057 
Dealt to ef5da04 
Dealt to ee20331a 
Dealt to f68134e2 
Dealt to 2e6795f2 
Dealt to Hero [4c 5s]
ee20331a: folds
f68134e2: folds
2e6795f2: folds
Hero: folds
fd000057: folds
Uncalled bet ($0.05) returned to ef5da04
*** SHOWDOWN ***
ef5da04 collected $0.1 from pot
*** SUMMARY ***
Total pot $0.1 | Rake $0 | Jackpot $0 | Bingo $0 | Fortune $0 | Tax $0
Seat 1: fd000057 (small blind) folded before Flop
Seat 2: ef5da04 (big blind) collected ($0.1)
Seat 3: ee20331a folded before Flop (didn't bet)
Seat 4: f68134e2 folded before Flop (didn't bet)
Seat 5: 2e6795f2 folded before Flop (didn't bet)
Seat 6: Hero (button) folded before Flop (didn't bet)


Poker Hand #HD1826722604: Hold'em No Limit ($0.05/$0.1) - 2024/06/22 17:59:14
Table 'NLHRed12' 6-max Seat #5 is the button
Seat 1: fd000057 ($20.95 in chips)
Seat 2: ef5da04 ($12.35 in chips)
Seat 3: ee20331a ($12.74 in chips)
Seat 4: f68134e2 ($9.95 in chips)
Seat 5: 2e6795f2 ($15.31 in chips)
Seat 6: Hero ($10.27 in chips)
Hero: posts small blind $0.05
fd000057: posts big blind $0.1
*** HOLE CARDS ***
Dealt to fd000057 
Dealt to ef5da04 
Dealt to ee20331a 
Dealt to f68134e2 
Dealt to 2e6795f2 
Dealt to Hero [7c Kh]
ef5da04: folds
ee20331a: folds
f68134e2: folds
2e6795f2: folds
Hero: folds
Uncalled bet ($0.05) returned to fd000057
*** SHOWDOWN ***
fd000057 collected $0.1 from pot
*** SUMMARY ***
Total pot $0.1 | Rake $0 | Jackpot $0 | Bingo $0 | Fortune $0 | Tax $0
Seat 1: fd000057 (big blind) collected ($0.1)
Seat 2: ef5da04 folded before Flop (didn't bet)
Seat 3: ee20331a folded before Flop (didn't bet)
Seat 4: f68134e2 folded before Flop (didn't bet)
Seat 5: 2e6795f2 (button) folded before Flop (didn't bet)
Seat 6: Hero (small blind) folded before Flop


Poker Hand #HD1826722555: Hold'em No Limit ($0.05/$0.1) - 2024/06/22 17:58:52
Table 'NLHRed12' 6-max Seat #4 is the button
Seat 1: fd000057 ($20.8 in chips)
Seat 2: ef5da04 ($12.35 in chips)
Seat 3: ee20331a ($12.74 in chips)
Seat 4: f68134e2 ($9.95 in chips)
Seat 5: 2e6795f2 ($15.36 in chips)
Seat 6: Hero ($10.37 in chips)
2e6795f2: posts small blind $0.05
Hero: posts big blind $0.1
*** HOLE CARDS ***
Dealt to fd000057 
Dealt to ef5da04 
Dealt to ee20331a 
Dealt to f68134e2 
Dealt to 2e6795f2 
Dealt to Hero [4s 7h]
fd000057: raises $0.1 to $0.2
ef5da04: folds
ee20331a: folds
f68134e2: folds
2e6795f2: folds
Hero: folds
Uncalled bet ($0.1) returned to fd000057
*** SHOWDOWN ***
fd000057 collected $0.25 from pot
*** SUMMARY ***
Total pot $0.25 | Rake $0 | Jackpot $0 | Bingo $0 | Fortune $0 | Tax $0
Seat 1: fd000057 collected ($0.25)
Seat 2: ef5da04 folded before Flop (didn't bet)
Seat 3: ee20331a folded before Flop (didn't bet)
Seat 4: f68134e2 (button) folded before Flop (didn't bet)
Seat 5: 2e6795f2 (small blind) folded before Flop
Seat 6: Hero (big blind) folded before Flop


Poker Hand #HD1826722532: Hold'em No Limit ($0.05/$0.1) - 2024/06/22 17:58:41
Table 'NLHRed12' 6-max Seat #3 is the button
Seat 1: fd000057 ($20.8 in chips)
Seat 2: ef5da04 ($12.35 in chips)
Seat 3: ee20331a ($12.74 in chips)
Seat 4: f68134e2 ($10 in chips)
Seat 5: 2e6795f2 ($15.31 in chips)
Seat 6: Hero ($10.37 in chips)
f68134e2: posts small blind $0.05
2e6795f2: posts big blind $0.1
*** HOLE CARDS ***
Dealt to fd000057 
Dealt to ef5da04 
Dealt to ee20331a 
Dealt to f68134e2 
Dealt to 2e6795f2 
Dealt to Hero [Jh 5d]
Hero: folds
fd000057: folds
ef5da04: folds
ee20331a: folds
f68134e2: folds
Uncalled bet ($0.05) returned to 2e6795f2
*** SHOWDOWN ***
2e6795f2 collected $0.1 from pot
*** SUMMARY ***
Total pot $0.1 | Rake $0 | Jackpot $0 | Bingo $0 | Fortune $0 | Tax $0
Seat 1: fd000057 folded before Flop (didn't bet)
Seat 2: ef5da04 folded before Flop (didn't bet)
Seat 3: ee20331a (button) folded before Flop (didn't bet)
Seat 4: f68134e2 (small blind) folded before Flop
Seat 5: 2e6795f2 (big blind) collected ($0.1)
Seat 6: Hero folded before Flop (didn't bet)


Poker Hand #HD1826722482: Hold'em No Limit ($0.05/$0.1) - 2024/06/22 17:58:16
Table 'NLHRed12' 6-max Seat #2 is the button
Seat 1: fd000057 ($21.05 in chips)
Seat 2: ef5da04 ($11.98 in chips)
Seat 3: ee20331a ($12.79 in chips)
Seat 4: f68134e2 ($10 in chips)
Seat 5: 2e6795f2 ($15.31 in chips)
Seat 6: Hero ($10.37 in chips)
ee20331a: posts small blind $0.05
f68134e2: posts big blind $0.1
*** HOLE CARDS ***
Dealt to fd000057 
Dealt to ef5da04 
Dealt to ee20331a 
Dealt to f68134e2 
Dealt to 2e6795f2 
Dealt to Hero [Qh 8d]
2e6795f2: folds
Hero: folds
fd000057: raises $0.15 to $0.25
ef5da04: raises $0.47 to $0.72
ee20331a: folds
f68134e2: folds
fd000057: folds
Uncalled bet ($0.47) returned to ef5da04
*** SHOWDOWN ***
ef5da04 collected $0.62 from pot
*** SUMMARY ***
Total pot $0.65 | Rake $0.03 | Jackpot $0 | Bingo $0 | Fortune $0 | Tax $0
Seat 1: fd000057 folded before Flop
Seat 2: ef5da04 (button) collected ($0.62)
Seat 3: ee20331a (small blind) folded before Flop
Seat 4: f68134e2 (big blind) folded before Flop
Seat 5: 2e6795f2 folded before Flop (didn't bet)
Seat 6: Hero folded before Flop (didn't bet)


Poker Hand #HD1826722360: Hold'em No Limit ($0.05/$0.1) - 2024/06/22 17:57:21
Table 'NLHRed12' 6-max Seat #1 is the button
Seat 1: fd000057 ($21.05 in chips)
Seat 2: ef5da04 ($12.48 in chips)
Seat 3: ee20331a ($12.34 in chips)
Seat 4: f68134e2 ($10 in chips)
Seat 5: 2e6795f2 ($15.31 in chips)
Seat 6: Hero ($10.37 in chips)
ef5da04: posts small blind $0.05
ee20331a: posts big blind $0.1
*** HOLE CARDS ***
Dealt to fd000057 
Dealt to ef5da04 
Dealt to ee20331a 
Dealt to f68134e2 
Dealt to 2e6795f2 
Dealt to Hero [3h 4s]
f68134e2: folds
2e6795f2: folds
Hero: folds
fd000057: folds
ef5da04: raises $0.2 to $0.3
ee20331a: calls $0.2
*** FLOP *** [As Ks 3c]
ef5da04: bets $0.2
ee20331a: raises $0.5 to $0.7
ef5da04: folds
Uncalled bet ($0.5) returned to ee20331a
*** SHOWDOWN ***
ee20331a collected $0.95 from pot
*** SUMMARY ***
Total pot $1 | Rake $0.05 | Jackpot $0 | Bingo $0 | Fortune $0 | Tax $0
Board [As Ks 3c]
Seat 1: fd000057 (button) folded before Flop (didn't bet)
Seat 2: ef5da04 (small blind) folded on the Flop
Seat 3: ee20331a (big blind) won ($0.95)
Seat 4: f68134e2 folded before Flop (didn't bet)
Seat 5: 2e6795f2 folded before Flop (didn't bet)
Seat 6: Hero folded before Flop (didn't bet)


Poker Hand #HD1826722322: Hold'em No Limit ($0.05/$0.1) - 2024/06/22 17:57:05
Table 'NLHRed12' 6-max Seat #6 is the button
Seat 1: fd000057 ($21.1 in chips)
Seat 2: ef5da04 ($12.58 in chips)
Seat 3: ee20331a ($12.34 in chips)
Seat 4: f68134e2 ($10 in chips)
Seat 5: 2e6795f2 ($15.16 in chips)
Seat 6: Hero ($10.37 in chips)
fd000057: posts small blind $0.05
ef5da04: posts big blind $0.1
*** HOLE CARDS ***
Dealt to fd000057 
Dealt to ef5da04 
Dealt to ee20331a 
Dealt to f68134e2 
Dealt to 2e6795f2 
Dealt to Hero [5c 9d]
ee20331a: folds
f68134e2: folds
2e6795f2: raises $0.15 to $0.25
Hero: folds
fd000057: folds
ef5da04: folds
Uncalled bet ($0.15) returned to 2e6795f2
*** SHOWDOWN ***
2e6795f2 collected $0.25 from pot
*** SUMMARY ***
Total pot $0.25 | Rake $0 | Jackpot $0 | Bingo $0 | Fortune $0 | Tax $0
Seat 1: fd000057 (small blind) folded before Flop
Seat 2: ef5da04 (big blind) folded before Flop
Seat 3: ee20331a folded before Flop (didn't bet)
Seat 4: f68134e2 folded before Flop (didn't bet)
Seat 5: 2e6795f2 collected ($0.25)
Seat 6: Hero (button) folded before Flop (didn't bet)


Poker Hand #HD1826722268: Hold'em No Limit ($0.05/$0.1) - 2024/06/22 17:56:42
Table 'NLHRed12' 6-max Seat #5 is the button
Seat 1: fd000057 ($21.2 in chips)
Seat 2: ef5da04 ($12.58 in chips)
Seat 3: ee20331a ($12.34 in chips)
Seat 4: f68134e2 ($10 in chips)
Seat 5: 2e6795f2 ($15.16 in chips)
Seat 6: Hero ($10.27 in chips)
Hero: posts small blind $0.05
fd000057: posts big blind $0.1
*** HOLE CARDS ***
Dealt to fd000057 
Dealt to ef5da04 
Dealt to ee20331a 
Dealt to f68134e2 
Dealt to 2e6795f2 
Dealt to Hero [2c Kc]
ef5da04: folds
ee20331a: folds
f68134e2: folds
2e6795f2: folds
Hero: raises $0.2 to $0.3
fd000057: folds
Uncalled bet ($0.2) returned to Hero
*** SHOWDOWN ***
Hero collected $0.2 from pot
*** SUMMARY ***
Total pot $0.2 | Rake $0 | Jackpot $0 | Bingo $0 | Fortune $0 | Tax $0
Seat 1: fd000057 (big blind) folded before Flop
Seat 2: ef5da04 folded before Flop (didn't bet)
Seat 3: ee20331a folded before Flop (didn't bet)
Seat 4: f68134e2 folded before Flop (didn't bet)
Seat 5: 2e6795f2 (button) folded before Flop (didn't bet)
Seat 6: Hero (small blind) collected ($0.2)


Poker Hand #HD1826722171: Hold'em No Limit ($0.05/$0.1) - 2024/06/22 17:55:59
Table 'NLHRed12' 6-max Seat #4 is the button
Seat 1: fd000057 ($21.2 in chips)
Seat 2: ef5da04 ($12.58 in chips)
Seat 3: ee20331a ($12.34 in chips)
Seat 4: f68134e2 ($10 in chips)
Seat 5: 2e6795f2 ($15.46 in chips)
Seat 6: Hero ($10 in chips)
2e6795f2: posts small blind $0.05
Hero: posts big blind $0.1
*** HOLE CARDS ***
Dealt to fd000057 
Dealt to ef5da04 
Dealt to ee20331a 
Dealt to f68134e2 
Dealt to 2e6795f2 
Dealt to Hero [6s 9s]
fd000057: folds
ef5da04: folds
ee20331a: folds
f68134e2: folds
2e6795f2: raises $0.2 to $0.3
Hero: calls $0.2
*** FLOP *** [2c 7h 7c]
2e6795f2: checks
Hero: checks
*** TURN *** [2c 7h 7c] [3s]
2e6795f2: checks
Hero: bets $0.4
2e6795f2: folds
Uncalled bet ($0.4) returned to Hero
*** SHOWDOWN ***
Hero collected $0.57 from pot
*** SUMMARY ***
Total pot $0.6 | Rake $0.03 | Jackpot $0 | Bingo $0 | Fortune $0 | Tax $0
Board [2c 7h 7c 3s]
Seat 1: fd000057 folded before Flop (didn't bet)
Seat 2: ef5da04 folded before Flop (didn't bet)
Seat 3: ee20331a folded before Flop (didn't bet)
Seat 4: f68134e2 (button) folded before Flop (didn't bet)
Seat 5: 2e6795f2 (small blind) folded on the Turn
Seat 6: Hero (big blind) won ($0.57)


Poker Hand #HD1826722017: Hold'em No Limit ($0.05/$0.1) - 2024/06/22 17:54:44
Table 'NLHRed12' 6-max Seat #3 is the button
Seat 1: fd000057 ($23.3 in chips)
Seat 2: ef5da04 ($10.64 in chips)
Seat 3: ee20331a ($12.34 in chips)
Seat 4: f68134e2 ($10.05 in chips)
Seat 5: 2e6795f2 ($15.56 in chips)
Seat 6: Hero ($10 in chips)
f68134e2: posts small blind $0.05
2e6795f2: posts big blind $0.1
*** HOLE CARDS ***
Dealt to fd000057 
Dealt to ef5da04 
Dealt to ee20331a 
Dealt to f68134e2 
Dealt to 2e6795f2 
Dealt to Hero [5c 4h]
Hero: folds
fd000057: raises $0.15 to $0.25
ef5da04: raises $0.47 to $0.72
ee20331a: folds
f68134e2: folds
2e6795f2: folds
fd000057: raises $1.38 to $2.1
ef5da04: calls $1.38
*** FLOP *** [Jc 2d 9d]
fd000057: checks
ef5da04: bets $2.15
fd000057: folds
Uncalled bet ($2.15) returned to ef5da04
*** SHOWDOWN ***
ef5da04 collected $4.04 from pot
*** SUMMARY ***
Total pot $4.35 | Rake $0.21 | Jackpot $0.1 | Bingo $0 | Fortune $0 | Tax $0
Board [Jc 2d 9d]
Seat 1: fd000057 folded on the Flop
Seat 2: ef5da04 won ($4.04)
Seat 3: ee20331a (button) folded before Flop (didn't bet)
Seat 4: f68134e2 (small blind) folded before Flop
Seat 5: 2e6795f2 (big blind) folded before Flop
Seat 6: Hero folded before Flop (didn't bet)


Poker Hand #HD1826721967: Hold'em No Limit ($0.05/$0.1) - 2024/06/22 17:54:21
Table 'NLHRed12' 6-max Seat #2 is the button
Seat 1: fd000057 ($23.3 in chips)
Seat 2: ef5da04 ($10.64 in chips)
Seat 3: ee20331a ($12.39 in chips)
Seat 4: f68134e2 ($10 in chips)
Seat 5: 2e6795f2 ($15.56 in chips)
Seat 6: Hero ($10 in chips)
ee20331a: posts small blind $0.05
f68134e2: posts big blind $0.1
*** HOLE CARDS ***
Dealt to fd000057 
Dealt to ef5da04 
Dealt to ee20331a 
Dealt to f68134e2 
Dealt to 2e6795f2 
Dealt to Hero [7h 6h]
2e6795f2: folds
Hero: folds
fd000057: folds
ef5da04: folds
ee20331a: folds
Uncalled bet ($0.05) returned to f68134e2
*** SHOWDOWN ***
f68134e2 collected $0.1 from pot
*** SUMMARY ***
Total pot $0.1 | Rake $0 | Jackpot $0 | Bingo $0 | Fortune $0 | Tax $0
Seat 1: fd000057 folded before Flop (didn't bet)
Seat 2: ef5da04 (button) folded before Flop (didn't bet)
Seat 3: ee20331a (small blind) folded before Flop
Seat 4: f68134e2 (big blind) collected ($0.1)
Seat 5: 2e6795f2 folded before Flop (didn't bet)
Seat 6: Hero folded before Flop (didn't bet)


Poker Hand #HD1826721826: Hold'em No Limit ($0.05/$0.1) - 2024/06/22 17:53:10
Table 'NLHRed12' 6-max Seat #1 is the button
Seat 1: fd000057 ($23.3 in chips)
Seat 2: ef5da04 ($10.69 in chips)
Seat 3: ee20331a ($10.8 in chips)
Seat 4: f68134e2 ($9.95 in chips)
Seat 5: 2e6795f2 ($15.56 in chips)
Seat 6: Hero ($10 in chips)
ef5da04: posts small blind $0.05
ee20331a: posts big blind $0.1
*** HOLE CARDS ***
Dealt to fd000057 
Dealt to ef5da04 
Dealt to ee20331a 
Dealt to f68134e2 
Dealt to 2e6795f2 
Dealt to Hero [Tc 9s]
f68134e2: raises $0.2 to $0.3
2e6795f2: folds
Hero: folds
fd000057: folds
ef5da04: folds
ee20331a: calls $0.2
*** FLOP *** [8s 4h 6s]
ee20331a: checks
f68134e2: checks
*** TURN *** [8s 4h 6s] [Jh]
ee20331a: bets $0.33
f68134e2: raises $1.19 to $1.52
ee20331a: calls $1.19
*** RIVER *** [8s 4h 6s Jh] [7d]
ee20331a: bets $2.77
f68134e2: folds
Uncalled bet ($2.77) returned to ee20331a
*** SHOWDOWN ***
ee20331a collected $3.41 from pot
*** SUMMARY ***
Total pot $3.69 | Rake $0.18 | Jackpot $0.1 | Bingo $0 | Fortune $0 | Tax $0
Board [8s 4h 6s Jh 7d]
Seat 1: fd000057 (button) folded before Flop (didn't bet)
Seat 2: ef5da04 (small blind) folded before Flop
Seat 3: ee20331a (big blind) won ($3.41)
Seat 4: f68134e2 folded on the River
Seat 5: 2e6795f2 folded before Flop (didn't bet)
Seat 6: Hero folded before Flop (didn't bet)


Poker Hand #HD1826721724: Hold'em No Limit ($0.05/$0.1) - 2024/06/22 17:52:19
Table 'NLHRed12' 6-max Seat #6 is the button
Seat 1: fd000057 ($22.8 in chips)
Seat 2: ef5da04 ($10.79 in chips)
Seat 3: ee20331a ($10.8 in chips)
Seat 4: f68134e2 ($9.95 in chips)
Seat 5: 2e6795f2 ($15.56 in chips)
Seat 6: Hero ($10 in chips)
fd000057: posts small blind $0.05
ef5da04: posts big blind $0.1
*** HOLE CARDS ***
Dealt to fd000057 
Dealt to ef5da04 
Dealt to ee20331a 
Dealt to f68134e2 
Dealt to 2e6795f2 
Dealt to Hero [Kd Ad]
ee20331a: folds
f68134e2: folds
2e6795f2: folds
Hero: raises $0.14 to $0.24
fd000057: calls $0.19
ef5da04: folds
*** FLOP *** [Qh Js 5s]
fd000057: checks
Hero: bets $0.2
fd000057: calls $0.2
*** TURN *** [Qh Js 5s] [7c]
fd000057: checks
Hero: checks
*** RIVER *** [Qh Js 5s 7c] [6s]
fd000057: bets $0.7
Hero: folds
Uncalled bet ($0.7) returned to fd000057
*** SHOWDOWN ***
fd000057 collected $0.94 from pot
*** SUMMARY ***
Total pot $0.98 | Rake $0.04 | Jackpot $0 | Bingo $0 | Fortune $0 | Tax $0
Board [Qh Js 5s 7c 6s]
Seat 1: fd000057 (small blind) won ($0.94)
Seat 2: ef5da04 (big blind) folded before Flop
Seat 3: ee20331a folded before Flop (didn't bet)
Seat 4: f68134e2 folded before Flop (didn't bet)
Seat 5: 2e6795f2 folded before Flop (didn't bet)
Seat 6: Hero (button) folded on the River


Poker Hand #HD1826721702: Hold'em No Limit ($0.05/$0.1) - 2024/06/22 17:52:09
Table 'NLHRed12' 6-max Seat #5 is the button
Seat 1: fd000057 ($22.75 in chips)
Seat 2: ef5da04 ($10.79 in chips)
Seat 3: ee20331a ($10.8 in chips)
Seat 4: f68134e2 ($9.95 in chips)
Seat 5: 2e6795f2 ($15.56 in chips)
Seat 6: Hero ($10 in chips)
Hero: posts small blind $0.05
fd000057: posts big blind $0.1
*** HOLE CARDS ***
Dealt to fd000057 
Dealt to ef5da04 
Dealt to ee20331a 
Dealt to f68134e2 
Dealt to 2e6795f2 
Dealt to Hero [9d 3s]
ef5da04: folds
ee20331a: folds
f68134e2: folds
2e6795f2: folds
Hero: folds
Uncalled bet ($0.05) returned to fd000057
*** SHOWDOWN ***
fd000057 collected $0.1 from pot
*** SUMMARY ***
Total pot $0.1 | Rake $0 | Jackpot $0 | Bingo $0 | Fortune $0 | Tax $0
Seat 1: fd000057 (big blind) collected ($0.1)
Seat 2: ef5da04 folded before Flop (didn't bet)
Seat 3: ee20331a folded before Flop (didn't bet)
Seat 4: f68134e2 folded before Flop (didn't bet)
Seat 5: 2e6795f2 (button) folded before Flop (didn't bet)
Seat 6: Hero (small blind) folded before Flop


Poker Hand #HD1826721632: Hold'em No Limit ($0.05/$0.1) - 2024/06/22 17:51:34
Table 'NLHRed12' 6-max Seat #4 is the button
Seat 1: fd000057 ($22.33 in chips)
Seat 2: ef5da04 ($10.79 in chips)
Seat 3: ee20331a ($11 in chips)
Seat 4: f68134e2 ($9.95 in chips)
Seat 5: 2e6795f2 ($15.61 in chips)
Seat 6: Hero ($10 in chips)
2e6795f2: posts small blind $0.05
Hero: posts big blind $0.1
*** HOLE CARDS ***
Dealt to fd000057 
Dealt to ef5da04 
Dealt to ee20331a 
Dealt to f68134e2 
Dealt to 2e6795f2 
Dealt to Hero [4d Ah]
fd000057: raises $0.1 to $0.2
ef5da04: folds
ee20331a: calls $0.2
f68134e2: folds
2e6795f2: folds
Hero: calls $0.1
*** FLOP *** [Js 8d 9d]
Hero: checks
fd000057: bets $0.4
ee20331a: folds
Hero: folds
Uncalled bet ($0.4) returned to fd000057
*** SHOWDOWN ***
fd000057 collected $0.62 from pot
*** SUMMARY ***
Total pot $0.65 | Rake $0.03 | Jackpot $0 | Bingo $0 | Fortune $0 | Tax $0
Board [Js 8d 9d]
Seat 1: fd000057 won ($0.62)
Seat 2: ef5da04 folded before Flop (didn't bet)
Seat 3: ee20331a folded on the Flop
Seat 4: f68134e2 (button) folded before Flop (didn't bet)
Seat 5: 2e6795f2 (small blind) folded before Flop
Seat 6: Hero (big blind) folded on the Flop


