Poker Hand #HD1737761810: Hold'em No Limit ($0.02/$0.05) - 2024/04/19 20:37:53
Table 'NLHBlue28' 6-max Seat #2 is the button
Seat 1: b8fba79f ($4.68 in chips)
Seat 2: 1ac8f090 ($5.07 in chips)
Seat 4: 4880cf07 ($7.21 in chips)
Seat 5: 6912b7b2 ($5.07 in chips)
Seat 6: Hero ($5 in chips)
4880cf07: posts small blind $0.02
6912b7b2: posts big blind $0.05
*** HOLE CARDS ***
Dealt to b8fba79f 
Dealt to 1ac8f090 
Dealt to 4880cf07 
Dealt to 6912b7b2 
Dealt to Hero [5h 2h]
Hero: folds
b8fba79f: folds
1ac8f090: raises $0.08 to $0.13
4880cf07: folds
6912b7b2: folds
Uncalled bet ($0.08) returned to 1ac8f090
*** SHOWDOWN ***
1ac8f090 collected $0.12 from pot
*** SUMMARY ***
Total pot $0.12 | Rake $0 | Jackpot $0 | Bingo $0 | Fortune $0 | Tax $0
Seat 1: b8fba79f folded before Flop (didn't bet)
Seat 2: 1ac8f090 (button) collected ($0.12)
Seat 4: 4880cf07 (small blind) folded before Flop
Seat 5: 6912b7b2 (big blind) folded before Flop
Seat 6: Hero folded before Flop (didn't bet)


Poker Hand #HD1737761777: Hold'em No Limit ($0.02/$0.05) - 2024/04/19 20:37:36
Table 'NLHBlue28' 6-max Seat #1 is the button
Seat 1: b8fba79f ($4.68 in chips)
Seat 2: 1ac8f090 ($5.02 in chips)
Seat 4: 4880cf07 ($7.26 in chips)
Seat 5: 6912b7b2 ($5.07 in chips)
Seat 6: Hero ($5 in chips)
1ac8f090: posts small blind $0.02
4880cf07: posts big blind $0.05
*** HOLE CARDS ***
Dealt to b8fba79f 
Dealt to 1ac8f090 
Dealt to 4880cf07 
Dealt to 6912b7b2 
Dealt to Hero [Tc 4s]
6912b7b2: folds
Hero: folds
b8fba79f: folds
1ac8f090: raises $0.1 to $0.15
4880cf07: folds
Uncalled bet ($0.1) returned to 1ac8f090
*** SHOWDOWN ***
1ac8f090 collected $0.1 from pot
*** SUMMARY ***
Total pot $0.1 | Rake $0 | Jackpot $0 | Bingo $0 | Fortune $0 | Tax $0
Seat 1: b8fba79f (button) folded before Flop (didn't bet)
Seat 2: 1ac8f090 (small blind) collected ($0.1)
Seat 4: 4880cf07 (big blind) folded before Flop
Seat 5: 6912b7b2 folded before Flop (didn't bet)
Seat 6: Hero folded before Flop (didn't bet)


Poker Hand #HD1737761665: Hold'em No Limit ($0.02/$0.05) - 2024/04/19 20:36:29
Table 'NLHBlue28' 6-max Seat #6 is the button
Seat 1: b8fba79f ($4.63 in chips)
Seat 2: 1ac8f090 ($5.07 in chips)
Seat 4: 4880cf07 ($7.26 in chips)
Seat 5: 6912b7b2 ($5.07 in chips)
Seat 6: Hero ($5 in chips)
b8fba79f: posts small blind $0.02
1ac8f090: posts big blind $0.05
*** HOLE CARDS ***
Dealt to b8fba79f 
Dealt to 1ac8f090 
Dealt to 4880cf07 
Dealt to 6912b7b2 
Dealt to Hero [3c 4c]
4880cf07: folds
6912b7b2: folds
Hero: folds
b8fba79f: calls $0.03
1ac8f090: checks
*** FLOP *** [Ts Ah 9c]
b8fba79f: checks
1ac8f090: checks
*** TURN *** [Ts Ah 9c] [3d]
b8fba79f: checks
1ac8f090: checks
*** RIVER *** [Ts Ah 9c 3d] [5d]
b8fba79f: checks
1ac8f090: checks
b8fba79f: shows [Tc Jd] (Pair of Tens)
1ac8f090: shows [8d 5h] (Pair of Fives)
*** SHOWDOWN ***
b8fba79f collected $0.1 from pot
*** SUMMARY ***
Total pot $0.1 | Rake $0 | Jackpot $0 | Bingo $0 | Fortune $0 | Tax $0
Board [Ts Ah 9c 3d 5d]
Seat 1: b8fba79f (small blind) showed [Tc Jd] and won ($0.1) with Pair of Tens
Seat 2: 1ac8f090 (big blind) showed [8d 5h] and lost with Pair of Fives
Seat 4: 4880cf07 folded before Flop (didn't bet)
Seat 5: 6912b7b2 folded before Flop (didn't bet)
Seat 6: Hero (button) folded before Flop (didn't bet)


Poker Hand #HD1737761641: Hold'em No Limit ($0.02/$0.05) - 2024/04/19 20:36:16
Table 'NLHBlue28' 6-max Seat #5 is the button
Seat 1: b8fba79f ($4.68 in chips)
Seat 2: 1ac8f090 ($5.07 in chips)
Seat 4: 4880cf07 ($7.26 in chips)
Seat 5: 6912b7b2 ($5 in chips)
Seat 6: Hero ($5 in chips)
Hero: posts small blind $0.02
b8fba79f: posts big blind $0.05
*** HOLE CARDS ***
Dealt to b8fba79f 
Dealt to 1ac8f090 
Dealt to 4880cf07 
Dealt to 6912b7b2 
Dealt to Hero [Qs 3d]
1ac8f090: folds
4880cf07: folds
6912b7b2: raises $0.08 to $0.13
Hero: folds
b8fba79f: folds
Uncalled bet ($0.08) returned to 6912b7b2
*** SHOWDOWN ***
6912b7b2 collected $0.12 from pot
*** SUMMARY ***
Total pot $0.12 | Rake $0 | Jackpot $0 | Bingo $0 | Fortune $0 | Tax $0
Seat 1: b8fba79f (big blind) folded before Flop
Seat 2: 1ac8f090 folded before Flop (didn't bet)
Seat 4: 4880cf07 folded before Flop (didn't bet)
Seat 5: 6912b7b2 (button) collected ($0.12)
Seat 6: Hero (small blind) folded before Flop


Poker Hand #HD1737761605: Hold'em No Limit ($0.02/$0.05) - 2024/04/19 20:35:53
Table 'NLHBlue28' 6-max Seat #4 is the button
Seat 1: b8fba79f ($4.68 in chips)
Seat 2: 1ac8f090 ($5 in chips)
Seat 4: 4880cf07 ($7.26 in chips)
Seat 5: 6912b7b2 ($5 in chips)
Seat 6: Hero ($5 in chips)
6912b7b2: posts small blind $0.02
Hero: posts big blind $0.05
*** HOLE CARDS ***
Dealt to b8fba79f 
Dealt to 1ac8f090 
Dealt to 4880cf07 
Dealt to 6912b7b2 
Dealt to Hero [Qc 8h]
b8fba79f: folds
1ac8f090: raises $0.08 to $0.13
4880cf07: folds
6912b7b2: folds
Hero: folds
Uncalled bet ($0.08) returned to 1ac8f090
*** SHOWDOWN ***
1ac8f090 collected $0.12 from pot
*** SUMMARY ***
Total pot $0.12 | Rake $0 | Jackpot $0 | Bingo $0 | Fortune $0 | Tax $0
Seat 1: b8fba79f folded before Flop (didn't bet)
Seat 2: 1ac8f090 collected ($0.12)
Seat 4: 4880cf07 (button) folded before Flop (didn't bet)
Seat 5: 6912b7b2 (small blind) folded before Flop
Seat 6: Hero (big blind) folded before Flop


Poker Hand #HD1737761553: Hold'em No Limit ($0.02/$0.05) - 2024/04/19 20:35:29
Table 'NLHBlue28' 6-max Seat #2 is the button
Seat 1: b8fba79f ($4.83 in chips)
Seat 2: 1ac8f090 ($5 in chips)
Seat 4: 4880cf07 ($7.07 in chips)
Seat 5: 6912b7b2 ($5 in chips)
Seat 6: Hero ($5 in chips)
4880cf07: posts small blind $0.02
6912b7b2: posts big blind $0.05
*** HOLE CARDS ***
Dealt to b8fba79f 
Dealt to 1ac8f090 
Dealt to 4880cf07 
Dealt to 6912b7b2 
Dealt to Hero [7h 8d]
Hero: folds
b8fba79f: raises $0.1 to $0.15
1ac8f090: folds
4880cf07: raises $0.35 to $0.5
6912b7b2: folds
b8fba79f: folds
Uncalled bet ($0.35) returned to 4880cf07
*** SHOWDOWN ***
4880cf07 collected $0.34 from pot
*** SUMMARY ***
Total pot $0.35 | Rake $0.01 | Jackpot $0 | Bingo $0 | Fortune $0 | Tax $0
Seat 1: b8fba79f folded before Flop
Seat 2: 1ac8f090 (button) folded before Flop (didn't bet)
Seat 4: 4880cf07 (small blind) collected ($0.34)
Seat 5: 6912b7b2 (big blind) folded before Flop
Seat 6: Hero folded before Flop (didn't bet)


Poker Hand #HD1737761515: Hold'em No Limit ($0.02/$0.05) - 2024/04/19 20:35:04
Table 'NLHBlue28' 6-max Seat #1 is the button
Seat 1: b8fba79f ($4.76 in chips)
Seat 2: 1ac8f090 ($5.02 in chips)
Seat 4: 4880cf07 ($7.12 in chips)
Seat 5: 6912b7b2 ($5 in chips)
Seat 6: Hero ($5 in chips)
1ac8f090: posts small blind $0.02
4880cf07: posts big blind $0.05
*** HOLE CARDS ***
Dealt to b8fba79f 
Dealt to 1ac8f090 
Dealt to 4880cf07 
Dealt to 6912b7b2 
Dealt to Hero [2s Qs]
6912b7b2: folds
Hero: folds
b8fba79f: calls $0.05
1ac8f090: folds
4880cf07: checks
*** FLOP *** [As Qd Kc]
4880cf07: checks
b8fba79f: bets $0.09
4880cf07: folds
Uncalled bet ($0.09) returned to b8fba79f
*** SHOWDOWN ***
b8fba79f collected $0.12 from pot
*** SUMMARY ***
Total pot $0.12 | Rake $0 | Jackpot $0 | Bingo $0 | Fortune $0 | Tax $0
Board [As Qd Kc]
Seat 1: b8fba79f (button) won ($0.12)
Seat 2: 1ac8f090 (small blind) folded before Flop
Seat 4: 4880cf07 (big blind) folded on the Flop
Seat 5: 6912b7b2 folded before Flop (didn't bet)
Seat 6: Hero folded before Flop (didn't bet)


Poker Hand #HD1737761495: Hold'em No Limit ($0.02/$0.05) - 2024/04/19 20:34:52
Table 'NLHBlue28' 6-max Seat #6 is the button
Seat 1: b8fba79f ($4.78 in chips)
Seat 2: 1ac8f090 ($5 in chips)
Seat 4: 4880cf07 ($7.12 in chips)
Seat 5: 6912b7b2 ($5 in chips)
Seat 6: Hero ($5 in chips)
b8fba79f: posts small blind $0.02
1ac8f090: posts big blind $0.05
*** HOLE CARDS ***
Dealt to b8fba79f 
Dealt to 1ac8f090 
Dealt to 4880cf07 
Dealt to 6912b7b2 
Dealt to Hero [7h 3c]
4880cf07: folds
6912b7b2: folds
Hero: folds
b8fba79f: folds
Uncalled bet ($0.03) returned to 1ac8f090
*** SHOWDOWN ***
1ac8f090 collected $0.04 from pot
*** SUMMARY ***
Total pot $0.04 | Rake $0 | Jackpot $0 | Bingo $0 | Fortune $0 | Tax $0
Seat 1: b8fba79f (small blind) folded before Flop
Seat 2: 1ac8f090 (big blind) collected ($0.04)
Seat 4: 4880cf07 folded before Flop (didn't bet)
Seat 5: 6912b7b2 folded before Flop (didn't bet)
Seat 6: Hero (button) folded before Flop (didn't bet)


Poker Hand #HD1737761469: Hold'em No Limit ($0.02/$0.05) - 2024/04/19 20:34:38
Table 'NLHBlue28' 6-max Seat #5 is the button
Seat 1: b8fba79f ($4.76 in chips)
Seat 2: 1ac8f090 ($5 in chips)
Seat 4: 4880cf07 ($7.12 in chips)
Seat 5: 6912b7b2 ($5 in chips)
Seat 6: Hero ($5.02 in chips)
Hero: posts small blind $0.02
b8fba79f: posts big blind $0.05
*** HOLE CARDS ***
Dealt to b8fba79f 
Dealt to 1ac8f090 
Dealt to 4880cf07 
Dealt to 6912b7b2 
Dealt to Hero [Jd 5h]
1ac8f090: folds
4880cf07: folds
6912b7b2: folds
Hero: folds
Uncalled bet ($0.03) returned to b8fba79f
*** SHOWDOWN ***
b8fba79f collected $0.04 from pot
*** SUMMARY ***
Total pot $0.04 | Rake $0 | Jackpot $0 | Bingo $0 | Fortune $0 | Tax $0
Seat 1: b8fba79f (big blind) collected ($0.04)
Seat 2: 1ac8f090 folded before Flop (didn't bet)
Seat 4: 4880cf07 folded before Flop (didn't bet)
Seat 5: 6912b7b2 (button) folded before Flop (didn't bet)
Seat 6: Hero (small blind) folded before Flop


Poker Hand #HD1737761413: Hold'em No Limit ($0.02/$0.05) - 2024/04/19 20:34:16
Table 'NLHBlue28' 6-max Seat #4 is the button
Seat 1: b8fba79f ($4.76 in chips)
Seat 2: 1ac8f090 ($5 in chips)
Seat 4: 4880cf07 ($7.12 in chips)
Seat 5: 6912b7b2 ($5.02 in chips)
Seat 6: Hero ($5 in chips)
6912b7b2: posts small blind $0.02
Hero: posts big blind $0.05
*** HOLE CARDS ***
Dealt to b8fba79f 
Dealt to 1ac8f090 
Dealt to 4880cf07 
Dealt to 6912b7b2 
Dealt to Hero [Qh 2d]
b8fba79f: folds
1ac8f090: folds
4880cf07: folds
6912b7b2: folds
Uncalled bet ($0.03) returned to Hero
*** SHOWDOWN ***
Hero collected $0.04 from pot
*** SUMMARY ***
Total pot $0.04 | Rake $0 | Jackpot $0 | Bingo $0 | Fortune $0 | Tax $0
Seat 1: b8fba79f folded before Flop (didn't bet)
Seat 2: 1ac8f090 folded before Flop (didn't bet)
Seat 4: 4880cf07 (button) folded before Flop (didn't bet)
Seat 5: 6912b7b2 (small blind) folded before Flop
Seat 6: Hero (big blind) collected ($0.04)


Poker Hand #HD1737761384: Hold'em No Limit ($0.02/$0.05) - 2024/04/19 20:34:02
Table 'NLHBlue28' 6-max Seat #2 is the button
Seat 1: b8fba79f ($4.76 in chips)
Seat 2: 1ac8f090 ($5 in chips)
Seat 4: 4880cf07 ($7.14 in chips)
Seat 5: 6912b7b2 ($5 in chips)
Seat 6: Hero ($5 in chips)
4880cf07: posts small blind $0.02
6912b7b2: posts big blind $0.05
*** HOLE CARDS ***
Dealt to b8fba79f 
Dealt to 1ac8f090 
Dealt to 4880cf07 
Dealt to 6912b7b2 
Dealt to Hero [6d Qc]
Hero: folds
b8fba79f: folds
1ac8f090: folds
4880cf07: folds
Uncalled bet ($0.03) returned to 6912b7b2
*** SHOWDOWN ***
6912b7b2 collected $0.04 from pot
*** SUMMARY ***
Total pot $0.04 | Rake $0 | Jackpot $0 | Bingo $0 | Fortune $0 | Tax $0
Seat 1: b8fba79f folded before Flop (didn't bet)
Seat 2: 1ac8f090 (button) folded before Flop (didn't bet)
Seat 4: 4880cf07 (small blind) folded before Flop
Seat 5: 6912b7b2 (big blind) collected ($0.04)
Seat 6: Hero folded before Flop (didn't bet)


Poker Hand #HD1737761338: Hold'em No Limit ($0.02/$0.05) - 2024/04/19 20:33:41
Table 'NLHBlue28' 6-max Seat #1 is the button
Seat 1: b8fba79f ($4.76 in chips)
Seat 2: 1ac8f090 ($5 in chips)
Seat 4: 4880cf07 ($7.12 in chips)
Seat 5: 6912b7b2 ($5 in chips)
Seat 6: Hero ($5 in chips)
1ac8f090: posts small blind $0.02
4880cf07: posts big blind $0.05
*** HOLE CARDS ***
Dealt to b8fba79f 
Dealt to 1ac8f090 
Dealt to 4880cf07 
Dealt to 6912b7b2 
Dealt to Hero [9d 5d]
6912b7b2: folds
Hero: folds
b8fba79f: folds
1ac8f090: folds
Uncalled bet ($0.03) returned to 4880cf07
*** SHOWDOWN ***
4880cf07 collected $0.04 from pot
*** SUMMARY ***
Total pot $0.04 | Rake $0 | Jackpot $0 | Bingo $0 | Fortune $0 | Tax $0
Seat 1: b8fba79f (button) folded before Flop (didn't bet)
Seat 2: 1ac8f090 (small blind) folded before Flop
Seat 4: 4880cf07 (big blind) collected ($0.04)
Seat 5: 6912b7b2 folded before Flop (didn't bet)
Seat 6: Hero folded before Flop (didn't bet)


Poker Hand #HD1737761274: Hold'em No Limit ($0.02/$0.05) - 2024/04/19 20:33:02
Table 'NLHBlue28' 6-max Seat #6 is the button
Seat 1: b8fba79f ($4.78 in chips)
Seat 2: 1ac8f090 ($5 in chips)
Seat 3: d1edf278 ($6.09 in chips)
Seat 4: 4880cf07 ($7.05 in chips)
Seat 5: 6912b7b2 ($5 in chips)
Seat 6: Hero ($5 in chips)
b8fba79f: posts small blind $0.02
1ac8f090: posts big blind $0.05
*** HOLE CARDS ***
Dealt to b8fba79f 
Dealt to 1ac8f090 
Dealt to d1edf278 
Dealt to 4880cf07 
Dealt to 6912b7b2 
Dealt to Hero [3d 3s]
d1edf278: folds
4880cf07: raises $0.1 to $0.15
6912b7b2: folds
Hero: folds
b8fba79f: folds
1ac8f090: folds
Uncalled bet ($0.1) returned to 4880cf07
*** SHOWDOWN ***
4880cf07 collected $0.12 from pot
*** SUMMARY ***
Total pot $0.12 | Rake $0 | Jackpot $0 | Bingo $0 | Fortune $0 | Tax $0
Seat 1: b8fba79f (small blind) folded before Flop
Seat 2: 1ac8f090 (big blind) folded before Flop
Seat 3: d1edf278 folded before Flop (didn't bet)
Seat 4: 4880cf07 collected ($0.12)
Seat 5: 6912b7b2 folded before Flop (didn't bet)
Seat 6: Hero (button) folded before Flop (didn't bet)


Poker Hand #HD1737761068: Hold'em No Limit ($0.02/$0.05) - 2024/04/19 20:31:06
Table 'NLHBlue28' 6-max Seat #5 is the button
Seat 1: b8fba79f ($4.83 in chips)
Seat 3: d1edf278 ($6.09 in chips)
Seat 4: 4880cf07 ($5.09 in chips)
Seat 5: 6912b7b2 ($5 in chips)
Seat 6: Hero ($6.2 in chips)
Hero: posts small blind $0.02
b8fba79f: posts big blind $0.05
*** HOLE CARDS ***
Dealt to b8fba79f 
Dealt to d1edf278 
Dealt to 4880cf07 
Dealt to 6912b7b2 
Dealt to Hero [Kd Qc]
d1edf278: folds
4880cf07: raises $0.1 to $0.15
6912b7b2: folds
Hero: raises $0.4 to $0.55
b8fba79f: folds
4880cf07: calls $0.4
*** FLOP *** [Jh 8d 9c]
Hero: bets $0.35
4880cf07: calls $0.35
*** TURN *** [Jh 8d 9c] [7s]
Hero: checks
4880cf07: bets $0.5
Hero: raises $0.77 to $1.27
4880cf07: raises $2.92 to $4.19 and is all-in
Hero: folds
Uncalled bet ($2.92) returned to 4880cf07
4880cf07: shows [Jc Kc] (Pair of Jacks)
*** SHOWDOWN ***
4880cf07 collected $4.13 from pot
*** SUMMARY ***
Total pot $4.39 | Rake $0.21 | Jackpot $0.05 | Bingo $0 | Fortune $0 | Tax $0
Board [Jh 8d 9c 7s]
Seat 1: b8fba79f (big blind) folded before Flop
Seat 3: d1edf278 folded before Flop (didn't bet)
Seat 4: 4880cf07 showed [Jc Kc] and won ($4.13)
Seat 5: 6912b7b2 (button) folded before Flop (didn't bet)
Seat 6: Hero (small blind) folded on the Turn


Poker Hand #HD1737760998: Hold'em No Limit ($0.02/$0.05) - 2024/04/19 20:30:29
Table 'NLHBlue28' 6-max Seat #4 is the button
Seat 1: b8fba79f ($4.83 in chips)
Seat 3: d1edf278 ($6.09 in chips)
Seat 4: 4880cf07 ($5.09 in chips)
Seat 5: 6912b7b2 ($5 in chips)
Seat 6: Hero ($6.06 in chips)
6912b7b2: posts small blind $0.02
Hero: posts big blind $0.05
*** HOLE CARDS ***
Dealt to b8fba79f 
Dealt to d1edf278 
Dealt to 4880cf07 
Dealt to 6912b7b2 
Dealt to Hero [Jh Kd]
b8fba79f: folds
d1edf278: folds
4880cf07: folds
6912b7b2: raises $0.1 to $0.15
Hero: raises $0.3 to $0.45
6912b7b2: folds
Uncalled bet ($0.3) returned to Hero
*** SHOWDOWN ***
Hero collected $0.29 from pot
*** SUMMARY ***
Total pot $0.3 | Rake $0.01 | Jackpot $0 | Bingo $0 | Fortune $0 | Tax $0
Seat 1: b8fba79f folded before Flop (didn't bet)
Seat 3: d1edf278 folded before Flop (didn't bet)
Seat 4: 4880cf07 (button) folded before Flop (didn't bet)
Seat 5: 6912b7b2 (small blind) folded before Flop
Seat 6: Hero (big blind) collected ($0.29)


Poker Hand #HD1737760959: Hold'em No Limit ($0.02/$0.05) - 2024/04/19 20:30:11
Table 'NLHBlue28' 6-max Seat #3 is the button
Seat 1: b8fba79f ($4.83 in chips)
Seat 3: d1edf278 ($6.09 in chips)
Seat 4: 4880cf07 ($5.04 in chips)
Seat 5: 6912b7b2 ($5 in chips)
Seat 6: Hero ($6.06 in chips)
4880cf07: posts small blind $0.02
6912b7b2: posts big blind $0.05
*** HOLE CARDS ***
Dealt to b8fba79f 
Dealt to d1edf278 
Dealt to 4880cf07 
Dealt to 6912b7b2 
Dealt to Hero [Jd 6d]
Hero: folds
b8fba79f: folds
d1edf278: folds
4880cf07: raises $0.1 to $0.15
6912b7b2: folds
Uncalled bet ($0.1) returned to 4880cf07
*** SHOWDOWN ***
4880cf07 collected $0.1 from pot
*** SUMMARY ***
Total pot $0.1 | Rake $0 | Jackpot $0 | Bingo $0 | Fortune $0 | Tax $0
Seat 1: b8fba79f folded before Flop (didn't bet)
Seat 3: d1edf278 (button) folded before Flop (didn't bet)
Seat 4: 4880cf07 (small blind) collected ($0.1)
Seat 5: 6912b7b2 (big blind) folded before Flop
Seat 6: Hero folded before Flop (didn't bet)


Poker Hand #HD1737760920: Hold'em No Limit ($0.02/$0.05) - 2024/04/19 20:29:48
Table 'NLHBlue28' 6-max Seat #1 is the button
Seat 1: b8fba79f ($4.76 in chips)
Seat 3: d1edf278 ($6.11 in chips)
Seat 4: 4880cf07 ($5.09 in chips)
Seat 6: Hero ($6.06 in chips)
d1edf278: posts small blind $0.02
4880cf07: posts big blind $0.05
*** HOLE CARDS ***
Dealt to b8fba79f 
Dealt to d1edf278 
Dealt to 4880cf07 
Dealt to Hero [2s 9s]
Hero: folds
b8fba79f: raises $0.1 to $0.15
d1edf278: folds
4880cf07: folds
Uncalled bet ($0.1) returned to b8fba79f
*** SHOWDOWN ***
b8fba79f collected $0.12 from pot
*** SUMMARY ***
Total pot $0.12 | Rake $0 | Jackpot $0 | Bingo $0 | Fortune $0 | Tax $0
Seat 1: b8fba79f (button) collected ($0.12)
Seat 3: d1edf278 (small blind) folded before Flop
Seat 4: 4880cf07 (big blind) folded before Flop
Seat 6: Hero folded before Flop (didn't bet)


Poker Hand #HD1737760852: Hold'em No Limit ($0.02/$0.05) - 2024/04/19 20:29:13
Table 'NLHBlue28' 6-max Seat #6 is the button
Seat 1: b8fba79f ($4.71 in chips)
Seat 3: d1edf278 ($6.16 in chips)
Seat 4: 4880cf07 ($5.09 in chips)
Seat 6: Hero ($6.06 in chips)
b8fba79f: posts small blind $0.02
d1edf278: posts big blind $0.05
*** HOLE CARDS ***
Dealt to b8fba79f 
Dealt to d1edf278 
Dealt to 4880cf07 
Dealt to Hero [2d 4d]
4880cf07: folds
Hero: folds
b8fba79f: calls $0.03
d1edf278: checks
*** FLOP *** [8c 8d As]
b8fba79f: bets $0.09
d1edf278: folds
Uncalled bet ($0.09) returned to b8fba79f
*** SHOWDOWN ***
b8fba79f collected $0.1 from pot
*** SUMMARY ***
Total pot $0.1 | Rake $0 | Jackpot $0 | Bingo $0 | Fortune $0 | Tax $0
Board [8c 8d As]
Seat 1: b8fba79f (small blind) won ($0.1)
Seat 3: d1edf278 (big blind) folded on the Flop
Seat 4: 4880cf07 folded before Flop (didn't bet)
Seat 6: Hero (button) folded before Flop (didn't bet)


Poker Hand #HD1737760807: Hold'em No Limit ($0.02/$0.05) - 2024/04/19 20:28:47
Table 'NLHBlue28' 6-max Seat #4 is the button
Seat 1: b8fba79f ($4.76 in chips)
Seat 3: d1edf278 ($6.16 in chips)
Seat 4: 4880cf07 ($5.21 in chips)
Seat 6: Hero ($5.9 in chips)
Hero: posts small blind $0.02
b8fba79f: posts big blind $0.05
*** HOLE CARDS ***
Dealt to b8fba79f 
Dealt to d1edf278 
Dealt to 4880cf07 
Dealt to Hero [Kc Jc]
d1edf278: folds
4880cf07: raises $0.07 to $0.12
Hero: raises $0.33 to $0.45
b8fba79f: folds
4880cf07: folds
Uncalled bet ($0.33) returned to Hero
*** SHOWDOWN ***
Hero collected $0.28 from pot
*** SUMMARY ***
Total pot $0.29 | Rake $0.01 | Jackpot $0 | Bingo $0 | Fortune $0 | Tax $0
Seat 1: b8fba79f (big blind) folded before Flop
Seat 3: d1edf278 folded before Flop (didn't bet)
Seat 4: 4880cf07 (button) folded before Flop
Seat 6: Hero (small blind) collected ($0.28)


Poker Hand #HD1737760761: Hold'em No Limit ($0.02/$0.05) - 2024/04/19 20:28:20
Table 'NLHBlue28' 6-max Seat #3 is the button
Seat 1: b8fba79f ($4.69 in chips)
Seat 3: d1edf278 ($6.16 in chips)
Seat 4: 4880cf07 ($5.23 in chips)
Seat 6: Hero ($5.95 in chips)
4880cf07: posts small blind $0.02
Hero: posts big blind $0.05
*** HOLE CARDS ***
Dealt to b8fba79f 
Dealt to d1edf278 
Dealt to 4880cf07 
Dealt to Hero [2s 8d]
b8fba79f: raises $0.1 to $0.15
d1edf278: folds
4880cf07: folds
Hero: folds
Uncalled bet ($0.1) returned to b8fba79f
*** SHOWDOWN ***
b8fba79f collected $0.12 from pot
*** SUMMARY ***
Total pot $0.12 | Rake $0 | Jackpot $0 | Bingo $0 | Fortune $0 | Tax $0
Seat 1: b8fba79f collected ($0.12)
Seat 3: d1edf278 (button) folded before Flop (didn't bet)
Seat 4: 4880cf07 (small blind) folded before Flop
Seat 6: Hero (big blind) folded before Flop


Poker Hand #HD1737760738: Hold'em No Limit ($0.02/$0.05) - 2024/04/19 20:28:08
Table 'NLHBlue28' 6-max Seat #1 is the button
Seat 1: b8fba79f ($4.69 in chips)
Seat 3: d1edf278 ($6.18 in chips)
Seat 4: 4880cf07 ($5.21 in chips)
Seat 5: e352e90a ($7.54 in chips)
Seat 6: Hero ($5.95 in chips)
d1edf278: posts small blind $0.02
4880cf07: posts big blind $0.05
*** HOLE CARDS ***
Dealt to b8fba79f 
Dealt to d1edf278 
Dealt to 4880cf07 
Dealt to e352e90a 
Dealt to Hero [3h 7d]
e352e90a: folds
Hero: folds
b8fba79f: folds
d1edf278: folds
Uncalled bet ($0.03) returned to 4880cf07
*** SHOWDOWN ***
4880cf07 collected $0.04 from pot
*** SUMMARY ***
Total pot $0.04 | Rake $0 | Jackpot $0 | Bingo $0 | Fortune $0 | Tax $0
Seat 1: b8fba79f (button) folded before Flop (didn't bet)
Seat 3: d1edf278 (small blind) folded before Flop
Seat 4: 4880cf07 (big blind) collected ($0.04)
Seat 5: e352e90a folded before Flop (didn't bet)
Seat 6: Hero folded before Flop (didn't bet)


Poker Hand #HD1737760713: Hold'em No Limit ($0.02/$0.05) - 2024/04/19 20:27:54
Table 'NLHBlue28' 6-max Seat #6 is the button
Seat 1: b8fba79f ($4.71 in chips)
Seat 3: d1edf278 ($6.23 in chips)
Seat 4: 4880cf07 ($5.21 in chips)
Seat 5: e352e90a ($7.47 in chips)
Seat 6: Hero ($5.95 in chips)
b8fba79f: posts small blind $0.02
d1edf278: posts big blind $0.05
*** HOLE CARDS ***
Dealt to b8fba79f 
Dealt to d1edf278 
Dealt to 4880cf07 
Dealt to e352e90a 
Dealt to Hero [7c 6c]
4880cf07: folds
e352e90a: raises $0.07 to $0.12
Hero: folds
b8fba79f: folds
d1edf278: folds
Uncalled bet ($0.07) returned to e352e90a
*** SHOWDOWN ***
e352e90a collected $0.12 from pot
*** SUMMARY ***
Total pot $0.12 | Rake $0 | Jackpot $0 | Bingo $0 | Fortune $0 | Tax $0
Seat 1: b8fba79f (small blind) folded before Flop
Seat 3: d1edf278 (big blind) folded before Flop
Seat 4: 4880cf07 folded before Flop (didn't bet)
Seat 5: e352e90a collected ($0.12)
Seat 6: Hero (button) folded before Flop (didn't bet)


Poker Hand #HD1737760661: Hold'em No Limit ($0.02/$0.05) - 2024/04/19 20:27:22
Table 'NLHBlue28' 6-max Seat #5 is the button
Seat 1: b8fba79f ($4.86 in chips)
Seat 3: d1edf278 ($6.23 in chips)
Seat 4: 4880cf07 ($5.05 in chips)
Seat 5: e352e90a ($7.47 in chips)
Seat 6: Hero ($5.97 in chips)
Hero: posts small blind $0.02
b8fba79f: posts big blind $0.05
*** HOLE CARDS ***
Dealt to b8fba79f 
Dealt to d1edf278 
Dealt to 4880cf07 
Dealt to e352e90a 
Dealt to Hero [5h Qd]
d1edf278: folds
4880cf07: raises $0.1 to $0.15
e352e90a: folds
Hero: folds
b8fba79f: calls $0.1
*** FLOP *** [Ks 9d Kc]
b8fba79f: checks
4880cf07: bets $0.11
b8fba79f: folds
Uncalled bet ($0.11) returned to 4880cf07
*** SHOWDOWN ***
4880cf07 collected $0.31 from pot
*** SUMMARY ***
Total pot $0.32 | Rake $0.01 | Jackpot $0 | Bingo $0 | Fortune $0 | Tax $0
Board [Ks 9d Kc]
Seat 1: b8fba79f (big blind) folded on the Flop
Seat 3: d1edf278 folded before Flop (didn't bet)
Seat 4: 4880cf07 won ($0.31)
Seat 5: e352e90a (button) folded before Flop (didn't bet)
Seat 6: Hero (small blind) folded before Flop


Poker Hand #HD1737760622: Hold'em No Limit ($0.02/$0.05) - 2024/04/19 20:27:01
Table 'NLHBlue28' 6-max Seat #4 is the button
Seat 1: b8fba79f ($4.86 in chips)
Seat 3: d1edf278 ($6.16 in chips)
Seat 4: 4880cf07 ($5.05 in chips)
Seat 5: e352e90a ($7.49 in chips)
Seat 6: Hero ($6.02 in chips)
e352e90a: posts small blind $0.02
Hero: posts big blind $0.05
*** HOLE CARDS ***
Dealt to b8fba79f 
Dealt to d1edf278 
Dealt to 4880cf07 
Dealt to e352e90a 
Dealt to Hero [Qs 5c]
b8fba79f: folds
d1edf278: raises $0.05 to $0.1
4880cf07: folds
e352e90a: folds
Hero: folds
Uncalled bet ($0.05) returned to d1edf278
*** SHOWDOWN ***
d1edf278 collected $0.12 from pot
*** SUMMARY ***
Total pot $0.12 | Rake $0 | Jackpot $0 | Bingo $0 | Fortune $0 | Tax $0
Seat 1: b8fba79f folded before Flop (didn't bet)
Seat 3: d1edf278 collected ($0.12)
Seat 4: 4880cf07 (button) folded before Flop (didn't bet)
Seat 5: e352e90a (small blind) folded before Flop
Seat 6: Hero (big blind) folded before Flop


Poker Hand #HD1737760579: Hold'em No Limit ($0.02/$0.05) - 2024/04/19 20:26:38
Table 'NLHBlue28' 6-max Seat #3 is the button
Seat 1: b8fba79f ($4.79 in chips)
Seat 3: d1edf278 ($6.16 in chips)
Seat 4: 4880cf07 ($5.07 in chips)
Seat 5: e352e90a ($7.54 in chips)
Seat 6: Hero ($6.02 in chips)
4880cf07: posts small blind $0.02
e352e90a: posts big blind $0.05
*** HOLE CARDS ***
Dealt to b8fba79f 
Dealt to d1edf278 
Dealt to 4880cf07 
Dealt to e352e90a 
Dealt to Hero [Qh Td]
Hero: folds
b8fba79f: raises $0.1 to $0.15
d1edf278: folds
4880cf07: folds
e352e90a: folds
Uncalled bet ($0.1) returned to b8fba79f
*** SHOWDOWN ***
b8fba79f collected $0.12 from pot
*** SUMMARY ***
Total pot $0.12 | Rake $0 | Jackpot $0 | Bingo $0 | Fortune $0 | Tax $0
Seat 1: b8fba79f collected ($0.12)
Seat 3: d1edf278 (button) folded before Flop (didn't bet)
Seat 4: 4880cf07 (small blind) folded before Flop
Seat 5: e352e90a (big blind) folded before Flop
Seat 6: Hero folded before Flop (didn't bet)


Poker Hand #HD1737760478: Hold'em No Limit ($0.02/$0.05) - 2024/04/19 20:25:41
Table 'NLHBlue28' 6-max Seat #1 is the button
Seat 1: b8fba79f ($4.79 in chips)
Seat 2: bb010682 ($5 in chips)
Seat 3: d1edf278 ($6.21 in chips)
Seat 4: 4880cf07 ($5 in chips)
Seat 5: e352e90a ($7.54 in chips)
Seat 6: Hero ($6.02 in chips)
bb010682: posts small blind $0.02
d1edf278: posts big blind $0.05
*** HOLE CARDS ***
Dealt to b8fba79f 
Dealt to bb010682 
Dealt to d1edf278 
Dealt to 4880cf07 
Dealt to e352e90a 
Dealt to Hero [4c 7c]
4880cf07: raises $0.1 to $0.15
e352e90a: folds
Hero: folds
b8fba79f: folds
bb010682: folds
d1edf278: folds
Uncalled bet ($0.1) returned to 4880cf07
*** SHOWDOWN ***
4880cf07 collected $0.12 from pot
*** SUMMARY ***
Total pot $0.12 | Rake $0 | Jackpot $0 | Bingo $0 | Fortune $0 | Tax $0
Seat 1: b8fba79f (button) folded before Flop (didn't bet)
Seat 2: bb010682 (small blind) folded before Flop
Seat 3: d1edf278 (big blind) folded before Flop
Seat 4: 4880cf07 collected ($0.12)
Seat 5: e352e90a folded before Flop (didn't bet)
Seat 6: Hero folded before Flop (didn't bet)


Poker Hand #HD1737760419: Hold'em No Limit ($0.02/$0.05) - 2024/04/19 20:25:09
Table 'NLHBlue28' 6-max Seat #6 is the button
Seat 1: b8fba79f ($4.81 in chips)
Seat 2: bb010682 ($5 in chips)
Seat 3: d1edf278 ($6.21 in chips)
Seat 4: 4880cf07 ($5 in chips)
Seat 5: e352e90a ($7.66 in chips)
Seat 6: Hero ($5.84 in chips)
b8fba79f: posts small blind $0.02
bb010682: posts big blind $0.05
*** HOLE CARDS ***
Dealt to b8fba79f 
Dealt to bb010682 
Dealt to d1edf278 
Dealt to 4880cf07 
Dealt to e352e90a 
Dealt to Hero [Qs Qh]
d1edf278: folds
4880cf07: folds
e352e90a: raises $0.07 to $0.12
Hero: raises $0.38 to $0.5
b8fba79f: folds
bb010682: folds
e352e90a: folds
Uncalled bet ($0.38) returned to Hero
*** SHOWDOWN ***
Hero collected $0.3 from pot
*** SUMMARY ***
Total pot $0.31 | Rake $0.01 | Jackpot $0 | Bingo $0 | Fortune $0 | Tax $0
Seat 1: b8fba79f (small blind) folded before Flop
Seat 2: bb010682 (big blind) folded before Flop
Seat 3: d1edf278 folded before Flop (didn't bet)
Seat 4: 4880cf07 folded before Flop (didn't bet)
Seat 5: e352e90a folded before Flop
Seat 6: Hero (button) collected ($0.3)


Poker Hand #HD1737760302: Hold'em No Limit ($0.02/$0.05) - 2024/04/19 20:24:07
Table 'NLHBlue28' 6-max Seat #5 is the button
Seat 1: b8fba79f ($4.86 in chips)
Seat 2: bb010682 ($5.33 in chips)
Seat 3: d1edf278 ($6.21 in chips)
Seat 4: 4880cf07 ($5 in chips)
Seat 5: e352e90a ($7.66 in chips)
Seat 6: Hero ($5 in chips)
Hero: posts small blind $0.02
b8fba79f: posts big blind $0.05
*** HOLE CARDS ***
Dealt to b8fba79f 
Dealt to bb010682 
Dealt to d1edf278 
Dealt to 4880cf07 
Dealt to e352e90a 
Dealt to Hero [Td Th]
bb010682: raises $0.1 to $0.15
d1edf278: folds
4880cf07: folds
e352e90a: folds
Hero: raises $0.4 to $0.55
b8fba79f: folds
bb010682: calls $0.4
*** FLOP *** [Jd 4s 2d]
Hero: checks
bb010682: bets $0.38
Hero: calls $0.38
*** TURN *** [Jd 4s 2d] [Ac]
Hero: checks
bb010682: checks
*** RIVER *** [Jd 4s 2d Ac] [Kc]
Hero: checks
bb010682: checks
Hero: shows [Td Th] (Pair of Tens)
bb010682: shows [6d 6s] (Pair of Sixes)
*** SHOWDOWN ***
Hero collected $1.77 from pot
*** SUMMARY ***
Total pot $1.91 | Rake $0.09 | Jackpot $0.05 | Bingo $0 | Fortune $0 | Tax $0
Board [Jd 4s 2d Ac Kc]
Seat 1: b8fba79f (big blind) folded before Flop
Seat 2: bb010682 showed [6d 6s] and lost with Pair of Sixes
Seat 3: d1edf278 folded before Flop (didn't bet)
Seat 4: 4880cf07 folded before Flop (didn't bet)
Seat 5: e352e90a (button) folded before Flop (didn't bet)
Seat 6: Hero (small blind) showed [Td Th] and won ($1.77) with Pair of Tens


Poker Hand #HD1737760260: Hold'em No Limit ($0.02/$0.05) - 2024/04/19 20:23:39
Table 'NLHBlue28' 6-max Seat #4 is the button
Seat 1: b8fba79f ($4.86 in chips)
Seat 2: bb010682 ($5.33 in chips)
Seat 3: d1edf278 ($6.14 in chips)
Seat 4: 4880cf07 ($5 in chips)
Seat 5: e352e90a ($7.68 in chips)
Seat 6: Hero ($5 in chips)
e352e90a: posts small blind $0.02
Hero: posts big blind $0.05
*** HOLE CARDS ***
Dealt to b8fba79f 
Dealt to bb010682 
Dealt to d1edf278 
Dealt to 4880cf07 
Dealt to e352e90a 
Dealt to Hero [7s 5h]
b8fba79f: folds
bb010682: folds
d1edf278: raises $0.05 to $0.1
4880cf07: folds
e352e90a: folds
Hero: folds
Uncalled bet ($0.05) returned to d1edf278
*** SHOWDOWN ***
d1edf278 collected $0.12 from pot
*** SUMMARY ***
Total pot $0.12 | Rake $0 | Jackpot $0 | Bingo $0 | Fortune $0 | Tax $0
Seat 1: b8fba79f folded before Flop (didn't bet)
Seat 2: bb010682 folded before Flop (didn't bet)
Seat 3: d1edf278 collected ($0.12)
Seat 4: 4880cf07 (button) folded before Flop (didn't bet)
Seat 5: e352e90a (small blind) folded before Flop
Seat 6: Hero (big blind) folded before Flop


Poker Hand #HD1737760211: Hold'em No Limit ($0.02/$0.05) - 2024/04/19 20:23:16
Table 'NLHBlue28' 6-max Seat #3 is the button
Seat 1: b8fba79f ($4.86 in chips)
Seat 2: bb010682 ($5.26 in chips)
Seat 3: d1edf278 ($6.14 in chips)
Seat 4: 4880cf07 ($5 in chips)
Seat 5: e352e90a ($7.73 in chips)
Seat 6: Hero ($5 in chips)
4880cf07: posts small blind $0.02
e352e90a: posts big blind $0.05
*** HOLE CARDS ***
Dealt to b8fba79f 
Dealt to bb010682 
Dealt to d1edf278 
Dealt to 4880cf07 
Dealt to e352e90a 
Dealt to Hero [Jc 4h]
Hero: folds
b8fba79f: folds
bb010682: raises $0.1 to $0.15
d1edf278: folds
4880cf07: folds
e352e90a: folds
Uncalled bet ($0.1) returned to bb010682
*** SHOWDOWN ***
bb010682 collected $0.12 from pot
*** SUMMARY ***
Total pot $0.12 | Rake $0 | Jackpot $0 | Bingo $0 | Fortune $0 | Tax $0
Seat 1: b8fba79f folded before Flop (didn't bet)
Seat 2: bb010682 collected ($0.12)
Seat 3: d1edf278 (button) folded before Flop (didn't bet)
Seat 4: 4880cf07 (small blind) folded before Flop
Seat 5: e352e90a (big blind) folded before Flop
Seat 6: Hero folded before Flop (didn't bet)


Poker Hand #HD1737760134: Hold'em No Limit ($0.02/$0.05) - 2024/04/19 20:22:35
Table 'NLHBlue28' 6-max Seat #2 is the button
Seat 1: b8fba79f ($4.96 in chips)
Seat 2: bb010682 ($5.26 in chips)
Seat 3: d1edf278 ($5.9 in chips)
Seat 4: 4880cf07 ($5 in chips)
Seat 5: e352e90a ($7.73 in chips)
Seat 6: Hero ($5 in chips)
d1edf278: posts small blind $0.02
4880cf07: posts big blind $0.05
*** HOLE CARDS ***
Dealt to b8fba79f 
Dealt to bb010682 
Dealt to d1edf278 
Dealt to 4880cf07 
Dealt to e352e90a 
Dealt to Hero [Ac 9c]
e352e90a: folds
Hero: raises $0.05 to $0.1
b8fba79f: calls $0.1
bb010682: folds
d1edf278: raises $0.55 to $0.65
4880cf07: folds
Hero: folds
b8fba79f: folds
Uncalled bet ($0.55) returned to d1edf278
*** SHOWDOWN ***
d1edf278 collected $0.34 from pot
*** SUMMARY ***
Total pot $0.35 | Rake $0.01 | Jackpot $0 | Bingo $0 | Fortune $0 | Tax $0
Seat 1: b8fba79f folded before Flop
Seat 2: bb010682 (button) folded before Flop (didn't bet)
Seat 3: d1edf278 (small blind) collected ($0.34)
Seat 4: 4880cf07 (big blind) folded before Flop
Seat 5: e352e90a folded before Flop (didn't bet)
Seat 6: Hero folded before Flop


Poker Hand #HD1737760087: Hold'em No Limit ($0.02/$0.05) - 2024/04/19 20:22:09
Table 'NLHBlue28' 6-max Seat #1 is the button
Seat 1: b8fba79f ($5.11 in chips)
Seat 2: bb010682 ($5.07 in chips)
Seat 3: d1edf278 ($5.95 in chips)
Seat 4: 4880cf07 ($5 in chips)
Seat 5: e352e90a ($7.73 in chips)
Seat 6: Hero ($5 in chips)
bb010682: posts small blind $0.02
d1edf278: posts big blind $0.05
*** HOLE CARDS ***
Dealt to b8fba79f 
Dealt to bb010682 
Dealt to d1edf278 
Dealt to 4880cf07 
Dealt to e352e90a 
Dealt to Hero [4s 7d]
4880cf07: folds
e352e90a: folds
Hero: folds
b8fba79f: raises $0.1 to $0.15
bb010682: raises $0.45 to $0.6
d1edf278: folds
b8fba79f: folds
Uncalled bet ($0.45) returned to bb010682
*** SHOWDOWN ***
bb010682 collected $0.34 from pot
*** SUMMARY ***
Total pot $0.35 | Rake $0.01 | Jackpot $0 | Bingo $0 | Fortune $0 | Tax $0
Seat 1: b8fba79f (button) folded before Flop
Seat 2: bb010682 (small blind) collected ($0.34)
Seat 3: d1edf278 (big blind) folded before Flop
Seat 4: 4880cf07 folded before Flop (didn't bet)
Seat 5: e352e90a folded before Flop (didn't bet)
Seat 6: Hero folded before Flop (didn't bet)


Poker Hand #HD1737760013: Hold'em No Limit ($0.02/$0.05) - 2024/04/19 20:21:27
Table 'NLHBlue28' 6-max Seat #6 is the button
Seat 1: b8fba79f ($4.92 in chips)
Seat 2: bb010682 ($5.12 in chips)
Seat 3: d1edf278 ($5.95 in chips)
Seat 4: 4880cf07 ($5 in chips)
Seat 5: e352e90a ($7.73 in chips)
Seat 6: Hero ($5 in chips)
b8fba79f: posts small blind $0.02
bb010682: posts big blind $0.05
*** HOLE CARDS ***
Dealt to b8fba79f 
Dealt to bb010682 
Dealt to d1edf278 
Dealt to 4880cf07 
Dealt to e352e90a 
Dealt to Hero [8d Js]
d1edf278: folds
4880cf07: raises $0.1 to $0.15
e352e90a: folds
Hero: folds
b8fba79f: raises $0.35 to $0.5
bb010682: folds
4880cf07: folds
Uncalled bet ($0.35) returned to b8fba79f
*** SHOWDOWN ***
b8fba79f collected $0.34 from pot
*** SUMMARY ***
Total pot $0.35 | Rake $0.01 | Jackpot $0 | Bingo $0 | Fortune $0 | Tax $0
Seat 1: b8fba79f (small blind) collected ($0.34)
Seat 2: bb010682 (big blind) folded before Flop
Seat 3: d1edf278 folded before Flop (didn't bet)
Seat 4: 4880cf07 folded before Flop
Seat 5: e352e90a folded before Flop (didn't bet)
Seat 6: Hero (button) folded before Flop (didn't bet)


Poker Hand #HD1737759875: Hold'em No Limit ($0.02/$0.05) - 2024/04/19 20:20:08
Table 'NLHBlue28' 6-max Seat #5 is the button
Seat 1: b8fba79f ($4.97 in chips)
Seat 2: bb010682 ($5.12 in chips)
Seat 3: d1edf278 ($5 in chips)
Seat 4: 4880cf07 ($5 in chips)
Seat 5: e352e90a ($7.73 in chips)
Seat 6: Hero ($5.39 in chips)
Hero: posts small blind $0.02
b8fba79f: posts big blind $0.05
*** HOLE CARDS ***
Dealt to b8fba79f 
Dealt to bb010682 
Dealt to d1edf278 
Dealt to 4880cf07 
Dealt to e352e90a 
Dealt to Hero [Qs Ks]
bb010682: folds
d1edf278: raises $0.05 to $0.1
4880cf07: folds
e352e90a: folds
Hero: raises $0.35 to $0.45
b8fba79f: folds
d1edf278: raises $0.6 to $1.05
Hero: calls $0.6
*** FLOP *** [8h 9s 8d]
Hero: checks
d1edf278: bets $0.56
Hero: folds
Uncalled bet ($0.56) returned to d1edf278
*** SHOWDOWN ***
d1edf278 collected $2 from pot
*** SUMMARY ***
Total pot $2.15 | Rake $0.1 | Jackpot $0.05 | Bingo $0 | Fortune $0 | Tax $0
Board [8h 9s 8d]
Seat 1: b8fba79f (big blind) folded before Flop
Seat 2: bb010682 folded before Flop (didn't bet)
Seat 3: d1edf278 won ($2)
Seat 4: 4880cf07 folded before Flop (didn't bet)
Seat 5: e352e90a (button) folded before Flop (didn't bet)
Seat 6: Hero (small blind) folded on the Flop


Poker Hand #HD1737759836: Hold'em No Limit ($0.02/$0.05) - 2024/04/19 20:19:47
Table 'NLHBlue28' 6-max Seat #4 is the button
Seat 1: b8fba79f ($4.97 in chips)
Seat 2: bb010682 ($5.05 in chips)
Seat 3: d1edf278 ($5 in chips)
Seat 4: 4880cf07 ($5 in chips)
Seat 5: e352e90a ($7.75 in chips)
Seat 6: Hero ($5.44 in chips)
e352e90a: posts small blind $0.02
Hero: posts big blind $0.05
*** HOLE CARDS ***
Dealt to b8fba79f 
Dealt to bb010682 
Dealt to d1edf278 
Dealt to 4880cf07 
Dealt to e352e90a 
Dealt to Hero [2c Ad]
b8fba79f: folds
bb010682: raises $0.1 to $0.15
d1edf278: folds
4880cf07: folds
e352e90a: folds
Hero: folds
Uncalled bet ($0.1) returned to bb010682
*** SHOWDOWN ***
bb010682 collected $0.12 from pot
*** SUMMARY ***
Total pot $0.12 | Rake $0 | Jackpot $0 | Bingo $0 | Fortune $0 | Tax $0
Seat 1: b8fba79f folded before Flop (didn't bet)
Seat 2: bb010682 collected ($0.12)
Seat 3: d1edf278 folded before Flop (didn't bet)
Seat 4: 4880cf07 (button) folded before Flop (didn't bet)
Seat 5: e352e90a (small blind) folded before Flop
Seat 6: Hero (big blind) folded before Flop


Poker Hand #HD1737759806: Hold'em No Limit ($0.02/$0.05) - 2024/04/19 20:19:30
Table 'NLHBlue28' 6-max Seat #3 is the button
Seat 1: b8fba79f ($4.97 in chips)
Seat 2: bb010682 ($5.05 in chips)
Seat 3: d1edf278 ($5 in chips)
Seat 4: 4880cf07 ($5.01 in chips)
Seat 5: e352e90a ($7.73 in chips)
Seat 6: Hero ($5.44 in chips)
4880cf07: posts small blind $0.02
e352e90a: posts big blind $0.05
*** HOLE CARDS ***
Dealt to b8fba79f 
Dealt to bb010682 
Dealt to d1edf278 
Dealt to 4880cf07 
Dealt to e352e90a 
Dealt to Hero [6s 8s]
Hero: folds
b8fba79f: folds
bb010682: folds
d1edf278: folds
4880cf07: folds
Uncalled bet ($0.03) returned to e352e90a
*** SHOWDOWN ***
e352e90a collected $0.04 from pot
*** SUMMARY ***
Total pot $0.04 | Rake $0 | Jackpot $0 | Bingo $0 | Fortune $0 | Tax $0
Seat 1: b8fba79f folded before Flop (didn't bet)
Seat 2: bb010682 folded before Flop (didn't bet)
Seat 3: d1edf278 (button) folded before Flop (didn't bet)
Seat 4: 4880cf07 (small blind) folded before Flop
Seat 5: e352e90a (big blind) collected ($0.04)
Seat 6: Hero folded before Flop (didn't bet)


Poker Hand #HD1737759773: Hold'em No Limit ($0.02/$0.05) - 2024/04/19 20:19:13
Table 'NLHBlue28' 6-max Seat #2 is the button
Seat 1: b8fba79f ($4.97 in chips)
Seat 2: bb010682 ($5.05 in chips)
Seat 3: d1edf278 ($5 in chips)
Seat 4: 4880cf07 ($5.06 in chips)
Seat 5: e352e90a ($7.73 in chips)
Seat 6: Hero ($5.37 in chips)
d1edf278: posts small blind $0.02
4880cf07: posts big blind $0.05
*** HOLE CARDS ***
Dealt to b8fba79f 
Dealt to bb010682 
Dealt to d1edf278 
Dealt to 4880cf07 
Dealt to e352e90a 
Dealt to Hero [Qc Js]
e352e90a: folds
Hero: raises $0.05 to $0.1
b8fba79f: folds
bb010682: folds
d1edf278: folds
4880cf07: folds
Uncalled bet ($0.05) returned to Hero
*** SHOWDOWN ***
Hero collected $0.12 from pot
*** SUMMARY ***
Total pot $0.12 | Rake $0 | Jackpot $0 | Bingo $0 | Fortune $0 | Tax $0
Seat 1: b8fba79f folded before Flop (didn't bet)
Seat 2: bb010682 (button) folded before Flop (didn't bet)
Seat 3: d1edf278 (small blind) folded before Flop
Seat 4: 4880cf07 (big blind) folded before Flop
Seat 5: e352e90a folded before Flop (didn't bet)
Seat 6: Hero collected ($0.12)


Poker Hand #HD1737759700: Hold'em No Limit ($0.02/$0.05) - 2024/04/19 20:18:26
Table 'NLHBlue28' 6-max Seat #1 is the button
Seat 1: b8fba79f ($4.97 in chips)
Seat 2: bb010682 ($5 in chips)
Seat 3: d1edf278 ($5 in chips)
Seat 4: 4880cf07 ($5.06 in chips)
Seat 5: e352e90a ($7.73 in chips)
Seat 6: Hero ($5.37 in chips)
bb010682: posts small blind $0.02
d1edf278: posts big blind $0.05
*** HOLE CARDS ***
Dealt to b8fba79f 
Dealt to bb010682 
Dealt to d1edf278 
Dealt to 4880cf07 
Dealt to e352e90a 
Dealt to Hero [2s 5s]
4880cf07: folds
e352e90a: folds
Hero: folds
b8fba79f: folds
bb010682: raises $0.1 to $0.15
d1edf278: folds
Uncalled bet ($0.1) returned to bb010682
*** SHOWDOWN ***
bb010682 collected $0.1 from pot
*** SUMMARY ***
Total pot $0.1 | Rake $0 | Jackpot $0 | Bingo $0 | Fortune $0 | Tax $0
Seat 1: b8fba79f (button) folded before Flop (didn't bet)
Seat 2: bb010682 (small blind) collected ($0.1)
Seat 3: d1edf278 (big blind) folded before Flop
Seat 4: 4880cf07 folded before Flop (didn't bet)
Seat 5: e352e90a folded before Flop (didn't bet)
Seat 6: Hero folded before Flop (didn't bet)


Poker Hand #HD1737759668: Hold'em No Limit ($0.02/$0.05) - 2024/04/19 20:18:08
Table 'NLHBlue28' 6-max Seat #6 is the button
Seat 1: b8fba79f ($4.99 in chips)
Seat 2: bb010682 ($5.02 in chips)
Seat 4: 4880cf07 ($5.06 in chips)
Seat 5: e352e90a ($7.66 in chips)
Seat 6: Hero ($5.37 in chips)
b8fba79f: posts small blind $0.02
bb010682: posts big blind $0.05
*** HOLE CARDS ***
Dealt to b8fba79f 
Dealt to bb010682 
Dealt to 4880cf07 
Dealt to e352e90a 
Dealt to Hero [2d Tc]
4880cf07: folds
e352e90a: raises $0.07 to $0.12
Hero: folds
b8fba79f: folds
bb010682: folds
Uncalled bet ($0.07) returned to e352e90a
*** SHOWDOWN ***
e352e90a collected $0.12 from pot
*** SUMMARY ***
Total pot $0.12 | Rake $0 | Jackpot $0 | Bingo $0 | Fortune $0 | Tax $0
Seat 1: b8fba79f (small blind) folded before Flop
Seat 2: bb010682 (big blind) folded before Flop
Seat 4: 4880cf07 folded before Flop (didn't bet)
Seat 5: e352e90a collected ($0.12)
Seat 6: Hero (button) folded before Flop (didn't bet)


Poker Hand #HD1737759613: Hold'em No Limit ($0.02/$0.05) - 2024/04/19 20:17:37
Table 'NLHBlue28' 6-max Seat #5 is the button
Seat 1: b8fba79f ($4.54 in chips)
Seat 2: bb010682 ($5.49 in chips)
Seat 4: 4880cf07 ($5.06 in chips)
Seat 5: e352e90a ($7.66 in chips)
Seat 6: Hero ($5.39 in chips)
Hero: posts small blind $0.02
b8fba79f: posts big blind $0.05
*** HOLE CARDS ***
Dealt to b8fba79f 
Dealt to bb010682 
Dealt to 4880cf07 
Dealt to e352e90a 
Dealt to Hero [7c Jh]
bb010682: raises $0.1 to $0.15
4880cf07: folds
e352e90a: folds
Hero: folds
b8fba79f: raises $0.32 to $0.47
bb010682: calls $0.32
*** FLOP *** [8d 4d 5c]
b8fba79f: checks
bb010682: checks
*** TURN *** [8d 4d 5c] [2s]
b8fba79f: bets $0.72
bb010682: folds
Uncalled bet ($0.72) returned to b8fba79f
*** SHOWDOWN ***
b8fba79f collected $0.92 from pot
*** SUMMARY ***
Total pot $0.96 | Rake $0.04 | Jackpot $0 | Bingo $0 | Fortune $0 | Tax $0
Board [8d 4d 5c 2s]
Seat 1: b8fba79f (big blind) won ($0.92)
Seat 2: bb010682 folded on the Turn
Seat 4: 4880cf07 folded before Flop (didn't bet)
Seat 5: e352e90a (button) folded before Flop (didn't bet)
Seat 6: Hero (small blind) folded before Flop


Poker Hand #HD1737759558: Hold'em No Limit ($0.02/$0.05) - 2024/04/19 20:17:03
Table 'NLHBlue28' 6-max Seat #4 is the button
Seat 1: b8fba79f ($4.59 in chips)
Seat 2: bb010682 ($5.37 in chips)
Seat 4: 4880cf07 ($5.06 in chips)
Seat 5: e352e90a ($7.68 in chips)
Seat 6: Hero ($5.44 in chips)
e352e90a: posts small blind $0.02
Hero: posts big blind $0.05
*** HOLE CARDS ***
Dealt to b8fba79f 
Dealt to bb010682 
Dealt to 4880cf07 
Dealt to e352e90a 
Dealt to Hero [2s 8c]
b8fba79f: calls $0.05
bb010682: raises $0.15 to $0.2
4880cf07: folds
e352e90a: folds
Hero: folds
b8fba79f: folds
Uncalled bet ($0.15) returned to bb010682
*** SHOWDOWN ***
bb010682 collected $0.17 from pot
*** SUMMARY ***
Total pot $0.17 | Rake $0 | Jackpot $0 | Bingo $0 | Fortune $0 | Tax $0
Seat 1: b8fba79f folded before Flop
Seat 2: bb010682 collected ($0.17)
Seat 4: 4880cf07 (button) folded before Flop (didn't bet)
Seat 5: e352e90a (small blind) folded before Flop
Seat 6: Hero (big blind) folded before Flop


Poker Hand #HD1737759505: Hold'em No Limit ($0.02/$0.05) - 2024/04/19 20:16:30
Table 'NLHBlue28' 6-max Seat #2 is the button
Seat 1: b8fba79f ($4.59 in chips)
Seat 2: bb010682 ($5.52 in chips)
Seat 4: 4880cf07 ($5.08 in chips)
Seat 5: e352e90a ($7.52 in chips)
Seat 6: Hero ($5.44 in chips)
4880cf07: posts small blind $0.02
e352e90a: posts big blind $0.05
*** HOLE CARDS ***
Dealt to b8fba79f 
Dealt to bb010682 
Dealt to 4880cf07 
Dealt to e352e90a 
Dealt to Hero [9c 3s]
Hero: folds
b8fba79f: folds
bb010682: raises $0.1 to $0.15
4880cf07: folds
e352e90a: raises $0.49 to $0.64
bb010682: folds
Uncalled bet ($0.49) returned to e352e90a
*** SHOWDOWN ***
e352e90a collected $0.31 from pot
*** SUMMARY ***
Total pot $0.32 | Rake $0.01 | Jackpot $0 | Bingo $0 | Fortune $0 | Tax $0
Seat 1: b8fba79f folded before Flop (didn't bet)
Seat 2: bb010682 (button) folded before Flop
Seat 4: 4880cf07 (small blind) folded before Flop
Seat 5: e352e90a (big blind) collected ($0.31)
Seat 6: Hero folded before Flop (didn't bet)


Poker Hand #HD1737759464: Hold'em No Limit ($0.02/$0.05) - 2024/04/19 20:16:08
Table 'NLHBlue28' 6-max Seat #1 is the button
Seat 1: b8fba79f ($4.59 in chips)
Seat 2: bb010682 ($5.36 in chips)
Seat 4: 4880cf07 ($5.13 in chips)
Seat 5: e352e90a ($7.52 in chips)
Seat 6: Hero ($5.56 in chips)
bb010682: posts small blind $0.02
4880cf07: posts big blind $0.05
*** HOLE CARDS ***
Dealt to b8fba79f 
Dealt to bb010682 
Dealt to 4880cf07 
Dealt to e352e90a 
Dealt to Hero [Th Js]
e352e90a: folds
Hero: raises $0.07 to $0.12
b8fba79f: folds
bb010682: raises $0.38 to $0.5
4880cf07: folds
Hero: folds
Uncalled bet ($0.38) returned to bb010682
*** SHOWDOWN ***
bb010682 collected $0.28 from pot
*** SUMMARY ***
Total pot $0.29 | Rake $0.01 | Jackpot $0 | Bingo $0 | Fortune $0 | Tax $0
Seat 1: b8fba79f (button) folded before Flop (didn't bet)
Seat 2: bb010682 (small blind) collected ($0.28)
Seat 4: 4880cf07 (big blind) folded before Flop
Seat 5: e352e90a folded before Flop (didn't bet)
Seat 6: Hero folded before Flop


Poker Hand #HD1737759426: Hold'em No Limit ($0.02/$0.05) - 2024/04/19 20:15:48
Table 'NLHBlue28' 6-max Seat #6 is the button
Seat 1: b8fba79f ($4.61 in chips)
Seat 2: bb010682 ($5.34 in chips)
Seat 3: 600acc03 ($5.61 in chips)
Seat 4: 4880cf07 ($5.13 in chips)
Seat 5: e352e90a ($7.52 in chips)
Seat 6: Hero ($5.56 in chips)
b8fba79f: posts small blind $0.02
bb010682: posts big blind $0.05
*** HOLE CARDS ***
Dealt to b8fba79f 
Dealt to bb010682 
Dealt to 600acc03 
Dealt to 4880cf07 
Dealt to e352e90a 
Dealt to Hero [5c Js]
600acc03: folds
4880cf07: folds
e352e90a: folds
Hero: folds
b8fba79f: folds
Uncalled bet ($0.03) returned to bb010682
*** SHOWDOWN ***
bb010682 collected $0.04 from pot
*** SUMMARY ***
Total pot $0.04 | Rake $0 | Jackpot $0 | Bingo $0 | Fortune $0 | Tax $0
Seat 1: b8fba79f (small blind) folded before Flop
Seat 2: bb010682 (big blind) collected ($0.04)
Seat 3: 600acc03 folded before Flop (didn't bet)
Seat 4: 4880cf07 folded before Flop (didn't bet)
Seat 5: e352e90a folded before Flop (didn't bet)
Seat 6: Hero (button) folded before Flop (didn't bet)


Poker Hand #HD1737759355: Hold'em No Limit ($0.02/$0.05) - 2024/04/19 20:15:03
Table 'NLHBlue28' 6-max Seat #5 is the button
Seat 1: b8fba79f ($4.66 in chips)
Seat 2: bb010682 ($5.64 in chips)
Seat 3: 600acc03 ($5.61 in chips)
Seat 4: 4880cf07 ($5.13 in chips)
Seat 5: e352e90a ($7.52 in chips)
Seat 6: Hero ($5.24 in chips)
Hero: posts small blind $0.02
b8fba79f: posts big blind $0.05
*** HOLE CARDS ***
Dealt to b8fba79f 
Dealt to bb010682 
Dealt to 600acc03 
Dealt to 4880cf07 
Dealt to e352e90a 
Dealt to Hero [Ad Js]
bb010682: raises $0.1 to $0.15
600acc03: folds
4880cf07: folds
e352e90a: folds
Hero: calls $0.13
b8fba79f: folds
*** FLOP *** [2d 8s 5h]
Hero: checks
bb010682: checks
*** TURN *** [2d 8s 5h] [9d]
Hero: bets $0.15
bb010682: calls $0.15
*** RIVER *** [2d 8s 5h 9d] [5c]
Hero: checks
bb010682: checks
Hero: shows [Ad Js] (Pair of Fives)
bb010682: shows [Qs Jc] (Pair of Fives)
*** SHOWDOWN ***
Hero collected $0.62 from pot
*** SUMMARY ***
Total pot $0.65 | Rake $0.03 | Jackpot $0 | Bingo $0 | Fortune $0 | Tax $0
Board [2d 8s 5h 9d 5c]
Seat 1: b8fba79f (big blind) folded before Flop
Seat 2: bb010682 showed [Qs Jc] and lost with Pair of Fives
Seat 3: 600acc03 folded before Flop (didn't bet)
Seat 4: 4880cf07 folded before Flop (didn't bet)
Seat 5: e352e90a (button) folded before Flop (didn't bet)
Seat 6: Hero (small blind) showed [Ad Js] and won ($0.62) with Pair of Fives


Poker Hand #HD1737759272: Hold'em No Limit ($0.02/$0.05) - 2024/04/19 20:14:20
Table 'NLHBlue28' 6-max Seat #4 is the button
Seat 1: b8fba79f ($4.66 in chips)
Seat 2: bb010682 ($5.64 in chips)
Seat 3: 600acc03 ($5.61 in chips)
Seat 4: 4880cf07 ($5 in chips)
Seat 5: e352e90a ($7.54 in chips)
Seat 6: Hero ($5.36 in chips)
e352e90a: posts small blind $0.02
Hero: posts big blind $0.05
*** HOLE CARDS ***
Dealt to b8fba79f 
Dealt to bb010682 
Dealt to 600acc03 
Dealt to 4880cf07 
Dealt to e352e90a 
Dealt to Hero [7s As]
b8fba79f: folds
bb010682: folds
600acc03: folds
4880cf07: raises $0.07 to $0.12
e352e90a: folds
Hero: calls $0.07
*** FLOP *** [2s Th Jd]
Hero: checks
4880cf07: bets $0.09
Hero: folds
Uncalled bet ($0.09) returned to 4880cf07
*** SHOWDOWN ***
4880cf07 collected $0.25 from pot
*** SUMMARY ***
Total pot $0.26 | Rake $0.01 | Jackpot $0 | Bingo $0 | Fortune $0 | Tax $0
Board [2s Th Jd]
Seat 1: b8fba79f folded before Flop (didn't bet)
Seat 2: bb010682 folded before Flop (didn't bet)
Seat 3: 600acc03 folded before Flop (didn't bet)
Seat 4: 4880cf07 (button) won ($0.25)
Seat 5: e352e90a (small blind) folded before Flop
Seat 6: Hero (big blind) folded on the Flop


Poker Hand #HD1737759183: Hold'em No Limit ($0.02/$0.05) - 2024/04/19 20:13:30
Table 'NLHBlue28' 6-max Seat #3 is the button
Seat 1: b8fba79f ($4.66 in chips)
Seat 2: bb010682 ($6.55 in chips)
Seat 3: 600acc03 ($4.77 in chips)
Seat 4: 4880cf07 ($5 in chips)
Seat 5: e352e90a ($7.59 in chips)
Seat 6: Hero ($5.36 in chips)
4880cf07: posts small blind $0.02
e352e90a: posts big blind $0.05
*** HOLE CARDS ***
Dealt to b8fba79f 
Dealt to bb010682 
Dealt to 600acc03 
Dealt to 4880cf07 
Dealt to e352e90a 
Dealt to Hero [9s 7h]
Hero: folds
b8fba79f: folds
bb010682: raises $0.1 to $0.15
600acc03: calls $0.15
4880cf07: folds
e352e90a: folds
*** FLOP *** [Jh 9d Kh]
bb010682: bets $0.19
600acc03: calls $0.19
*** TURN *** [Jh 9d Kh] [8c]
bb010682: bets $0.57
600acc03: calls $0.57
*** RIVER *** [Jh 9d Kh 8c] [Ks]
bb010682: checks
600acc03: checks
bb010682: shows [8s Js] (Pair of Kings and Pair of Jacks)
600acc03: shows [4c Kc] (Three Kings)
*** SHOWDOWN ***
600acc03 collected $1.75 from pot
*** SUMMARY ***
Total pot $1.89 | Rake $0.09 | Jackpot $0.05 | Bingo $0 | Fortune $0 | Tax $0
Board [Jh 9d Kh 8c Ks]
Seat 1: b8fba79f folded before Flop (didn't bet)
Seat 2: bb010682 showed [8s Js] and lost with Pair of Kings and Pair of Jacks
Seat 3: 600acc03 (button) showed [4c Kc] and won ($1.75) with Three Kings
Seat 4: 4880cf07 (small blind) folded before Flop
Seat 5: e352e90a (big blind) folded before Flop
Seat 6: Hero folded before Flop (didn't bet)


Poker Hand #HD1737759079: Hold'em No Limit ($0.02/$0.05) - 2024/04/19 20:12:35
Table 'NLHBlue28' 6-max Seat #2 is the button
Seat 1: b8fba79f ($4.25 in chips)
Seat 2: bb010682 ($6.93 in chips)
Seat 3: 600acc03 ($4.79 in chips)
Seat 4: 4880cf07 ($5 in chips)
Seat 5: e352e90a ($7.59 in chips)
Seat 6: Hero ($5.36 in chips)
600acc03: posts small blind $0.02
4880cf07: posts big blind $0.05
*** HOLE CARDS ***
Dealt to b8fba79f 
Dealt to bb010682 
Dealt to 600acc03 
Dealt to 4880cf07 
Dealt to e352e90a 
Dealt to Hero [3d 4c]
e352e90a: folds
Hero: folds
b8fba79f: raises $0.1 to $0.15
bb010682: calls $0.15
600acc03: folds
4880cf07: folds
*** FLOP *** [4h 8s 9s]
b8fba79f: bets $0.23
bb010682: calls $0.23
*** TURN *** [4h 8s 9s] [7d]
b8fba79f: bets $0.5
bb010682: folds
Uncalled bet ($0.5) returned to b8fba79f
*** SHOWDOWN ***
b8fba79f collected $0.79 from pot
*** SUMMARY ***
Total pot $0.83 | Rake $0.04 | Jackpot $0 | Bingo $0 | Fortune $0 | Tax $0
Board [4h 8s 9s 7d]
Seat 1: b8fba79f won ($0.79)
Seat 2: bb010682 (button) folded on the Turn
Seat 3: 600acc03 (small blind) folded before Flop
Seat 4: 4880cf07 (big blind) folded before Flop
Seat 5: e352e90a folded before Flop (didn't bet)
Seat 6: Hero folded before Flop (didn't bet)


Poker Hand #HD1737759042: Hold'em No Limit ($0.02/$0.05) - 2024/04/19 20:12:13
Table 'NLHBlue28' 6-max Seat #1 is the button
Seat 1: b8fba79f ($4.25 in chips)
Seat 2: bb010682 ($6.95 in chips)
Seat 3: 600acc03 ($4.77 in chips)
Seat 4: 4880cf07 ($5 in chips)
Seat 5: e352e90a ($7.59 in chips)
Seat 6: Hero ($5.36 in chips)
bb010682: posts small blind $0.02
600acc03: posts big blind $0.05
*** HOLE CARDS ***
Dealt to b8fba79f 
Dealt to bb010682 
Dealt to 600acc03 
Dealt to 4880cf07 
Dealt to e352e90a 
Dealt to Hero [2d 8s]
4880cf07: folds
e352e90a: folds
Hero: folds
b8fba79f: folds
bb010682: folds
Uncalled bet ($0.03) returned to 600acc03
*** SHOWDOWN ***
600acc03 collected $0.04 from pot
*** SUMMARY ***
Total pot $0.04 | Rake $0 | Jackpot $0 | Bingo $0 | Fortune $0 | Tax $0
Seat 1: b8fba79f (button) folded before Flop (didn't bet)
Seat 2: bb010682 (small blind) folded before Flop
Seat 3: 600acc03 (big blind) collected ($0.04)
Seat 4: 4880cf07 folded before Flop (didn't bet)
Seat 5: e352e90a folded before Flop (didn't bet)
Seat 6: Hero folded before Flop (didn't bet)


Poker Hand #HD1737759011: Hold'em No Limit ($0.02/$0.05) - 2024/04/19 20:11:56
Table 'NLHBlue28' 6-max Seat #6 is the button
Seat 1: b8fba79f ($4.27 in chips)
Seat 2: bb010682 ($6.93 in chips)
Seat 3: 600acc03 ($4.77 in chips)
Seat 4: 4880cf07 ($5 in chips)
Seat 5: e352e90a ($7.59 in chips)
Seat 6: Hero ($5.36 in chips)
b8fba79f: posts small blind $0.02
bb010682: posts big blind $0.05
*** HOLE CARDS ***
Dealt to b8fba79f 
Dealt to bb010682 
Dealt to 600acc03 
Dealt to 4880cf07 
Dealt to e352e90a 
Dealt to Hero [9d 5s]
600acc03: folds
4880cf07: folds
e352e90a: folds
Hero: folds
b8fba79f: folds
Uncalled bet ($0.03) returned to bb010682
*** SHOWDOWN ***
bb010682 collected $0.04 from pot
*** SUMMARY ***
Total pot $0.04 | Rake $0 | Jackpot $0 | Bingo $0 | Fortune $0 | Tax $0
Seat 1: b8fba79f (small blind) folded before Flop
Seat 2: bb010682 (big blind) collected ($0.04)
Seat 3: 600acc03 folded before Flop (didn't bet)
Seat 4: 4880cf07 folded before Flop (didn't bet)
Seat 5: e352e90a folded before Flop (didn't bet)
Seat 6: Hero (button) folded before Flop (didn't bet)


Poker Hand #HD1737758955: Hold'em No Limit ($0.02/$0.05) - 2024/04/19 20:11:21
Table 'NLHBlue28' 6-max Seat #5 is the button
Seat 1: b8fba79f ($4.39 in chips)
Seat 2: bb010682 ($6.93 in chips)
Seat 3: 600acc03 ($4.64 in chips)
Seat 4: 4880cf07 ($5 in chips)
Seat 5: e352e90a ($7.59 in chips)
Seat 6: Hero ($5.38 in chips)
Hero: posts small blind $0.02
b8fba79f: posts big blind $0.05
*** HOLE CARDS ***
Dealt to b8fba79f 
Dealt to bb010682 
Dealt to 600acc03 
Dealt to 4880cf07 
Dealt to e352e90a 
Dealt to Hero [2h Ah]
bb010682: folds
600acc03: raises $0.07 to $0.12
4880cf07: folds
e352e90a: folds
Hero: folds
b8fba79f: calls $0.07
*** FLOP *** [6d 9s 3s]
b8fba79f: checks
600acc03: bets $0.1
b8fba79f: folds
Uncalled bet ($0.1) returned to 600acc03
*** SHOWDOWN ***
600acc03 collected $0.25 from pot
*** SUMMARY ***
Total pot $0.26 | Rake $0.01 | Jackpot $0 | Bingo $0 | Fortune $0 | Tax $0
Board [6d 9s 3s]
Seat 1: b8fba79f (big blind) folded on the Flop
Seat 2: bb010682 folded before Flop (didn't bet)
Seat 3: 600acc03 won ($0.25)
Seat 4: 4880cf07 folded before Flop (didn't bet)
Seat 5: e352e90a (button) folded before Flop (didn't bet)
Seat 6: Hero (small blind) folded before Flop


Poker Hand #HD1737758932: Hold'em No Limit ($0.02/$0.05) - 2024/04/19 20:11:06
Table 'NLHBlue28' 6-max Seat #4 is the button
Seat 1: b8fba79f ($4.39 in chips)
Seat 2: bb010682 ($6.93 in chips)
Seat 3: 600acc03 ($4.64 in chips)
Seat 4: 4880cf07 ($5 in chips)
Seat 5: e352e90a ($7.54 in chips)
Seat 6: Hero ($5.43 in chips)
e352e90a: posts small blind $0.02
Hero: posts big blind $0.05
*** HOLE CARDS ***
Dealt to b8fba79f 
Dealt to bb010682 
Dealt to 600acc03 
Dealt to 4880cf07 
Dealt to e352e90a 
Dealt to Hero [Jh 2c]
b8fba79f: folds
bb010682: folds
600acc03: folds
4880cf07: folds
e352e90a: raises $0.1 to $0.15
Hero: folds
Uncalled bet ($0.1) returned to e352e90a
*** SHOWDOWN ***
e352e90a collected $0.1 from pot
*** SUMMARY ***
Total pot $0.1 | Rake $0 | Jackpot $0 | Bingo $0 | Fortune $0 | Tax $0
Seat 1: b8fba79f folded before Flop (didn't bet)
Seat 2: bb010682 folded before Flop (didn't bet)
Seat 3: 600acc03 folded before Flop (didn't bet)
Seat 4: 4880cf07 (button) folded before Flop (didn't bet)
Seat 5: e352e90a (small blind) collected ($0.1)
Seat 6: Hero (big blind) folded before Flop


Poker Hand #HD1737758819: Hold'em No Limit ($0.02/$0.05) - 2024/04/19 20:09:57
Table 'NLHBlue28' 6-max Seat #3 is the button
Seat 1: b8fba79f ($4.39 in chips)
Seat 2: bb010682 ($7.63 in chips)
Seat 3: 600acc03 ($5.34 in chips)
Seat 4: 4880cf07 ($5.02 in chips)
Seat 5: e352e90a ($6.27 in chips)
Seat 6: Hero ($5.43 in chips)
4880cf07: posts small blind $0.02
e352e90a: posts big blind $0.05
*** HOLE CARDS ***
Dealt to b8fba79f 
Dealt to bb010682 
Dealt to 600acc03 
Dealt to 4880cf07 
Dealt to e352e90a 
Dealt to Hero [5c Qs]
Hero: folds
b8fba79f: folds
bb010682: raises $0.1 to $0.15
600acc03: calls $0.15
4880cf07: folds
e352e90a: raises $0.55 to $0.7
bb010682: calls $0.55
600acc03: calls $0.55
*** FLOP *** [Ah Kd 8h]
e352e90a: checks
bb010682: checks
600acc03: checks
*** TURN *** [Ah Kd 8h] [2c]
e352e90a: bets $0.62
bb010682: folds
600acc03: folds
Uncalled bet ($0.62) returned to e352e90a
*** SHOWDOWN ***
e352e90a collected $1.97 from pot
*** SUMMARY ***
Total pot $2.12 | Rake $0.1 | Jackpot $0.05 | Bingo $0 | Fortune $0 | Tax $0
Board [Ah Kd 8h 2c]
Seat 1: b8fba79f folded before Flop (didn't bet)
Seat 2: bb010682 folded on the Turn
Seat 3: 600acc03 (button) folded on the Turn
Seat 4: 4880cf07 (small blind) folded before Flop
Seat 5: e352e90a (big blind) won ($1.97)
Seat 6: Hero folded before Flop (didn't bet)


Poker Hand #HD1737758794: Hold'em No Limit ($0.02/$0.05) - 2024/04/19 20:09:44
Table 'NLHBlue28' 6-max Seat #2 is the button
Seat 1: b8fba79f ($4.39 in chips)
Seat 2: bb010682 ($7.63 in chips)
Seat 3: 600acc03 ($5.36 in chips)
Seat 4: 4880cf07 ($5 in chips)
Seat 5: e352e90a ($6.27 in chips)
Seat 6: Hero ($5.43 in chips)
600acc03: posts small blind $0.02
4880cf07: posts big blind $0.05
*** HOLE CARDS ***
Dealt to b8fba79f 
Dealt to bb010682 
Dealt to 600acc03 
Dealt to 4880cf07 
Dealt to e352e90a 
Dealt to Hero [Kd 2c]
e352e90a: folds
Hero: folds
b8fba79f: folds
bb010682: folds
600acc03: folds
Uncalled bet ($0.03) returned to 4880cf07
*** SHOWDOWN ***
4880cf07 collected $0.04 from pot
*** SUMMARY ***
Total pot $0.04 | Rake $0 | Jackpot $0 | Bingo $0 | Fortune $0 | Tax $0
Seat 1: b8fba79f folded before Flop (didn't bet)
Seat 2: bb010682 (button) folded before Flop (didn't bet)
Seat 3: 600acc03 (small blind) folded before Flop
Seat 4: 4880cf07 (big blind) collected ($0.04)
Seat 5: e352e90a folded before Flop (didn't bet)
Seat 6: Hero folded before Flop (didn't bet)


Poker Hand #HD1737758701: Hold'em No Limit ($0.02/$0.05) - 2024/04/19 20:08:45
Table 'NLHBlue28' 6-max Seat #1 is the button
Seat 1: b8fba79f ($4.39 in chips)
Seat 2: bb010682 ($7.93 in chips)
Seat 3: 600acc03 ($5.09 in chips)
Seat 4: 4880cf07 ($5 in chips)
Seat 5: e352e90a ($6.27 in chips)
Seat 6: Hero ($5.43 in chips)
bb010682: posts small blind $0.02
600acc03: posts big blind $0.05
*** HOLE CARDS ***
Dealt to b8fba79f 
Dealt to bb010682 
Dealt to 600acc03 
Dealt to 4880cf07 
Dealt to e352e90a 
Dealt to Hero [Ah 5d]
4880cf07: folds
e352e90a: folds
Hero: folds
b8fba79f: folds
bb010682: raises $0.1 to $0.15
600acc03: calls $0.1
*** FLOP *** [4d Kc Ts]
bb010682: bets $0.15
600acc03: calls $0.15
*** TURN *** [4d Kc Ts] [Kd]
bb010682: checks
600acc03: checks
*** RIVER *** [4d Kc Ts Kd] [2s]
bb010682: checks
600acc03: checks
bb010682: shows [5s 3d] (Pair of Kings)
600acc03: shows [Ac Th] (Pair of Kings and Pair of Tens)
*** SHOWDOWN ***
600acc03 collected $0.57 from pot
*** SUMMARY ***
Total pot $0.6 | Rake $0.03 | Jackpot $0 | Bingo $0 | Fortune $0 | Tax $0
Board [4d Kc Ts Kd 2s]
Seat 1: b8fba79f (button) folded before Flop (didn't bet)
Seat 2: bb010682 (small blind) showed [5s 3d] and lost with Pair of Kings
Seat 3: 600acc03 (big blind) showed [Ac Th] and won ($0.57) with Pair of Kings and Pair of Tens
Seat 4: 4880cf07 folded before Flop (didn't bet)
Seat 5: e352e90a folded before Flop (didn't bet)
Seat 6: Hero folded before Flop (didn't bet)


Poker Hand #HD1737758621: Hold'em No Limit ($0.02/$0.05) - 2024/04/19 20:07:58
Table 'NLHBlue28' 6-max Seat #6 is the button
Seat 1: b8fba79f ($4.41 in chips)
Seat 2: bb010682 ($8.61 in chips)
Seat 3: 600acc03 ($4.45 in chips)
Seat 4: 4880cf07 ($5 in chips)
Seat 5: e352e90a ($6.27 in chips)
Seat 6: Hero ($5.43 in chips)
b8fba79f: posts small blind $0.02
bb010682: posts big blind $0.05
*** HOLE CARDS ***
Dealt to b8fba79f 
Dealt to bb010682 
Dealt to 600acc03 
Dealt to 4880cf07 
Dealt to e352e90a 
Dealt to Hero [7s 7h]
600acc03: raises $0.05 to $0.1
4880cf07: folds
e352e90a: folds
Hero: folds
b8fba79f: folds
bb010682: raises $0.3 to $0.4
600acc03: calls $0.3
*** FLOP *** [2d 5c Jd]
bb010682: bets $0.28
600acc03: raises $0.46 to $0.74
bb010682: folds
Uncalled bet ($0.46) returned to 600acc03
*** SHOWDOWN ***
600acc03 collected $1.32 from pot
*** SUMMARY ***
Total pot $1.38 | Rake $0.06 | Jackpot $0 | Bingo $0 | Fortune $0 | Tax $0
Board [2d 5c Jd]
Seat 1: b8fba79f (small blind) folded before Flop
Seat 2: bb010682 (big blind) folded on the Flop
Seat 3: 600acc03 won ($1.32)
Seat 4: 4880cf07 folded before Flop (didn't bet)
Seat 5: e352e90a folded before Flop (didn't bet)
Seat 6: Hero (button) folded before Flop (didn't bet)


Poker Hand #HD1737758588: Hold'em No Limit ($0.02/$0.05) - 2024/04/19 20:07:38
Table 'NLHBlue28' 6-max Seat #5 is the button
Seat 1: b8fba79f ($4.39 in chips)
Seat 2: bb010682 ($8.61 in chips)
Seat 3: 600acc03 ($4.45 in chips)
Seat 4: 4880cf07 ($5 in chips)
Seat 5: e352e90a ($6.27 in chips)
Seat 6: Hero ($5.45 in chips)
Hero: posts small blind $0.02
b8fba79f: posts big blind $0.05
*** HOLE CARDS ***
Dealt to b8fba79f 
Dealt to bb010682 
Dealt to 600acc03 
Dealt to 4880cf07 
Dealt to e352e90a 
Dealt to Hero [5c 4s]
bb010682: folds
600acc03: folds
4880cf07: folds
e352e90a: folds
Hero: folds
Uncalled bet ($0.03) returned to b8fba79f
*** SHOWDOWN ***
b8fba79f collected $0.04 from pot
*** SUMMARY ***
Total pot $0.04 | Rake $0 | Jackpot $0 | Bingo $0 | Fortune $0 | Tax $0
Seat 1: b8fba79f (big blind) collected ($0.04)
Seat 2: bb010682 folded before Flop (didn't bet)
Seat 3: 600acc03 folded before Flop (didn't bet)
Seat 4: 4880cf07 folded before Flop (didn't bet)
Seat 5: e352e90a (button) folded before Flop (didn't bet)
Seat 6: Hero (small blind) folded before Flop


Poker Hand #HD1737758536: Hold'em No Limit ($0.02/$0.05) - 2024/04/19 20:07:07
Table 'NLHBlue28' 6-max Seat #4 is the button
Seat 1: b8fba79f ($4.39 in chips)
Seat 2: bb010682 ($8.61 in chips)
Seat 3: 600acc03 ($4.52 in chips)
Seat 4: 4880cf07 ($5 in chips)
Seat 5: e352e90a ($6.15 in chips)
Seat 6: Hero ($5.5 in chips)
e352e90a: posts small blind $0.02
Hero: posts big blind $0.05
600acc03: posts big blind $0.05
600acc03: posts missed blind $0.02
*** HOLE CARDS ***
Dealt to b8fba79f 
Dealt to bb010682 
Dealt to 600acc03 
Dealt to 4880cf07 
Dealt to e352e90a 
Dealt to Hero [9c Kd]
b8fba79f: folds
bb010682: folds
600acc03: checks
4880cf07: folds
e352e90a: raises $0.19 to $0.24
Hero: folds
600acc03: folds
Uncalled bet ($0.19) returned to e352e90a
*** SHOWDOWN ***
e352e90a collected $0.17 from pot
*** SUMMARY ***
Total pot $0.17 | Rake $0 | Jackpot $0 | Bingo $0 | Fortune $0 | Tax $0
Seat 1: b8fba79f folded before Flop (didn't bet)
Seat 2: bb010682 folded before Flop (didn't bet)
Seat 3: 600acc03 folded before Flop
Seat 4: 4880cf07 (button) folded before Flop (didn't bet)
Seat 5: e352e90a (small blind) collected ($0.17)
Seat 6: Hero (big blind) folded before Flop


Poker Hand #HD1737758449: Hold'em No Limit ($0.02/$0.05) - 2024/04/19 20:06:18
Table 'NLHBlue28' 6-max Seat #2 is the button
Seat 1: b8fba79f ($4.39 in chips)
Seat 2: bb010682 ($8.87 in chips)
Seat 4: 4880cf07 ($5 in chips)
Seat 5: e352e90a ($5.89 in chips)
Seat 6: Hero ($5.5 in chips)
4880cf07: posts small blind $0.02
e352e90a: posts big blind $0.05
*** HOLE CARDS ***
Dealt to b8fba79f 
Dealt to bb010682 
Dealt to 4880cf07 
Dealt to e352e90a 
Dealt to Hero [9h 4h]
Hero: folds
b8fba79f: folds
bb010682: raises $0.1 to $0.15
4880cf07: folds
e352e90a: calls $0.1
*** FLOP *** [Ad Td 9d]
e352e90a: checks
bb010682: bets $0.11
e352e90a: calls $0.11
*** TURN *** [Ad Td 9d] [2h]
e352e90a: checks
bb010682: checks
*** RIVER *** [Ad Td 9d 2h] [4s]
e352e90a: bets $0.41
bb010682: folds
Uncalled bet ($0.41) returned to e352e90a
*** SHOWDOWN ***
e352e90a collected $0.52 from pot
*** SUMMARY ***
Total pot $0.54 | Rake $0.02 | Jackpot $0 | Bingo $0 | Fortune $0 | Tax $0
Board [Ad Td 9d 2h 4s]
Seat 1: b8fba79f folded before Flop (didn't bet)
Seat 2: bb010682 (button) folded on the River
Seat 4: 4880cf07 (small blind) folded before Flop
Seat 5: e352e90a (big blind) won ($0.52)
Seat 6: Hero folded before Flop (didn't bet)


Poker Hand #HD1737758398: Hold'em No Limit ($0.02/$0.05) - 2024/04/19 20:05:54
Table 'NLHBlue28' 6-max Seat #1 is the button
Seat 1: b8fba79f ($4.51 in chips)
Seat 2: bb010682 ($8.6 in chips)
Seat 4: 4880cf07 ($5 in chips)
Seat 5: e352e90a ($5.89 in chips)
Seat 6: Hero ($5.62 in chips)
bb010682: posts small blind $0.02
4880cf07: posts big blind $0.05
*** HOLE CARDS ***
Dealt to b8fba79f 
Dealt to bb010682 
Dealt to 4880cf07 
Dealt to e352e90a 
Dealt to Hero [Kh Qd]
e352e90a: folds
Hero: raises $0.07 to $0.12
b8fba79f: calls $0.12
bb010682: raises $0.41 to $0.53
4880cf07: folds
Hero: folds
b8fba79f: folds
Uncalled bet ($0.41) returned to bb010682
*** SHOWDOWN ***
bb010682 collected $0.39 from pot
*** SUMMARY ***
Total pot $0.41 | Rake $0.02 | Jackpot $0 | Bingo $0 | Fortune $0 | Tax $0
Seat 1: b8fba79f (button) folded before Flop
Seat 2: bb010682 (small blind) collected ($0.39)
Seat 4: 4880cf07 (big blind) folded before Flop
Seat 5: e352e90a folded before Flop (didn't bet)
Seat 6: Hero folded before Flop


Poker Hand #HD1737758275: Hold'em No Limit ($0.02/$0.05) - 2024/04/19 20:04:45
Table 'NLHBlue28' 6-max Seat #6 is the button
Seat 1: b8fba79f ($4.53 in chips)
Seat 2: bb010682 ($8.09 in chips)
Seat 3: 600acc03 ($4.52 in chips)
Seat 4: 4880cf07 ($5 in chips)
Seat 5: e352e90a ($6.43 in chips)
Seat 6: Hero ($5.62 in chips)
b8fba79f: posts small blind $0.02
bb010682: posts big blind $0.05
*** HOLE CARDS ***
Dealt to b8fba79f 
Dealt to bb010682 
Dealt to 600acc03 
Dealt to 4880cf07 
Dealt to e352e90a 
Dealt to Hero [5d Ah]
600acc03: folds
4880cf07: folds
e352e90a: raises $0.07 to $0.12
Hero: folds
b8fba79f: folds
bb010682: calls $0.07
*** FLOP *** [Ts 2c 7d]
bb010682: checks
e352e90a: bets $0.09
bb010682: calls $0.09
*** TURN *** [Ts 2c 7d] [Ad]
bb010682: checks
e352e90a: bets $0.33
bb010682: calls $0.33
*** RIVER *** [Ts 2c 7d Ad] [Tc]
bb010682: checks
e352e90a: checks
bb010682: shows [Js Qh] (Pair of Tens)
e352e90a: shows [Qc 9c] (Pair of Tens)
*** SHOWDOWN ***
bb010682 collected $1.05 from pot
*** SUMMARY ***
Total pot $1.1 | Rake $0.05 | Jackpot $0 | Bingo $0 | Fortune $0 | Tax $0
Board [Ts 2c 7d Ad Tc]
Seat 1: b8fba79f (small blind) folded before Flop
Seat 2: bb010682 (big blind) showed [Js Qh] and won ($1.05) with Pair of Tens
Seat 3: 600acc03 folded before Flop (didn't bet)
Seat 4: 4880cf07 folded before Flop (didn't bet)
Seat 5: e352e90a showed [Qc 9c] and lost with Pair of Tens
Seat 6: Hero (button) folded before Flop (didn't bet)


Poker Hand #HD1737758254: Hold'em No Limit ($0.02/$0.05) - 2024/04/19 20:04:31
Table 'NLHBlue28' 6-max Seat #5 is the button
Seat 1: b8fba79f ($4.58 in chips)
Seat 2: bb010682 ($8.09 in chips)
Seat 3: 600acc03 ($4.52 in chips)
Seat 4: 4880cf07 ($5 in chips)
Seat 5: e352e90a ($6.36 in chips)
Seat 6: Hero ($5.64 in chips)
Hero: posts small blind $0.02
b8fba79f: posts big blind $0.05
*** HOLE CARDS ***
Dealt to b8fba79f 
Dealt to bb010682 
Dealt to 600acc03 
Dealt to 4880cf07 
Dealt to e352e90a 
Dealt to Hero [4h As]
bb010682: folds
600acc03: folds
4880cf07: folds
e352e90a: raises $0.07 to $0.12
Hero: folds
b8fba79f: folds
Uncalled bet ($0.07) returned to e352e90a
*** SHOWDOWN ***
e352e90a collected $0.12 from pot
*** SUMMARY ***
Total pot $0.12 | Rake $0 | Jackpot $0 | Bingo $0 | Fortune $0 | Tax $0
Seat 1: b8fba79f (big blind) folded before Flop
Seat 2: bb010682 folded before Flop (didn't bet)
Seat 3: 600acc03 folded before Flop (didn't bet)
Seat 4: 4880cf07 folded before Flop (didn't bet)
Seat 5: e352e90a (button) collected ($0.12)
Seat 6: Hero (small blind) folded before Flop


Poker Hand #HD1737758154: Hold'em No Limit ($0.02/$0.05) - 2024/04/19 20:03:42
Table 'NLHBlue28' 6-max Seat #4 is the button
Seat 1: b8fba79f ($4.28 in chips)
Seat 2: bb010682 ($8.09 in chips)
Seat 3: 600acc03 ($4.67 in chips)
Seat 4: 4880cf07 ($5 in chips)
Seat 5: e352e90a ($6.38 in chips)
Seat 6: Hero ($5.79 in chips)
e352e90a: posts small blind $0.02
Hero: posts big blind $0.05
*** HOLE CARDS ***
Dealt to b8fba79f 
Dealt to bb010682 
Dealt to 600acc03 
Dealt to 4880cf07 
Dealt to e352e90a 
Dealt to Hero [6h 6c]
b8fba79f: raises $0.1 to $0.15
bb010682: folds
600acc03: calls $0.15
4880cf07: folds
e352e90a: folds
Hero: calls $0.1
*** FLOP *** [5d 9d As]
Hero: checks
b8fba79f: checks
600acc03: checks
*** TURN *** [5d 9d As] [Jd]
Hero: checks
b8fba79f: checks
600acc03: checks
*** RIVER *** [5d 9d As Jd] [Ah]
Hero: checks
b8fba79f: checks
600acc03: checks
Hero: shows [6h 6c] (Pair of Aces and Pair of Sixes)
b8fba79f: shows [Tc Js] (Pair of Aces and Pair of Jacks)
600acc03: shows [9h Ks] (Pair of Aces and Pair of Nines)
*** SHOWDOWN ***
b8fba79f collected $0.45 from pot
*** SUMMARY ***
Total pot $0.47 | Rake $0.02 | Jackpot $0 | Bingo $0 | Fortune $0 | Tax $0
Board [5d 9d As Jd Ah]
Seat 1: b8fba79f showed [Tc Js] and won ($0.45) with Pair of Aces and Pair of Jacks
Seat 2: bb010682 folded before Flop (didn't bet)
Seat 3: 600acc03 showed [9h Ks] and lost with Pair of Aces and Pair of Nines
Seat 4: 4880cf07 (button) folded before Flop (didn't bet)
Seat 5: e352e90a (small blind) folded before Flop
Seat 6: Hero (big blind) showed [6h 6c] and lost with Pair of Aces and Pair of Sixes


Poker Hand #HD1737758061: Hold'em No Limit ($0.02/$0.05) - 2024/04/19 20:02:53
Table 'NLHBlue28' 6-max Seat #3 is the button
Seat 1: b8fba79f ($4.28 in chips)
Seat 2: bb010682 ($8.09 in chips)
Seat 3: 600acc03 ($5.36 in chips)
Seat 4: 4880cf07 ($5 in chips)
Seat 5: e352e90a ($5.74 in chips)
Seat 6: Hero ($5.79 in chips)
4880cf07: posts small blind $0.02
e352e90a: posts big blind $0.05
*** HOLE CARDS ***
Dealt to b8fba79f 
Dealt to bb010682 
Dealt to 600acc03 
Dealt to 4880cf07 
Dealt to e352e90a 
Dealt to Hero [7h 9d]
Hero: folds
b8fba79f: folds
bb010682: folds
600acc03: raises $0.05 to $0.1
4880cf07: folds
e352e90a: calls $0.05
*** FLOP *** [4d Qs As]
e352e90a: checks
600acc03: checks
*** TURN *** [4d Qs As] [6h]
e352e90a: bets $0.17
600acc03: calls $0.17
*** RIVER *** [4d Qs As 6h] [Ad]
e352e90a: bets $0.42
600acc03: calls $0.42
e352e90a: shows [Th Ac] (Three Aces)
600acc03: shows [5c 6c] (Pair of Aces and Pair of Sixes)
*** SHOWDOWN ***
e352e90a collected $1.33 from pot
*** SUMMARY ***
Total pot $1.4 | Rake $0.07 | Jackpot $0 | Bingo $0 | Fortune $0 | Tax $0
Board [4d Qs As 6h Ad]
Seat 1: b8fba79f folded before Flop (didn't bet)
Seat 2: bb010682 folded before Flop (didn't bet)
Seat 3: 600acc03 (button) showed [5c 6c] and lost with Pair of Aces and Pair of Sixes
Seat 4: 4880cf07 (small blind) folded before Flop
Seat 5: e352e90a (big blind) showed [Th Ac] and won ($1.33) with Three Aces
Seat 6: Hero folded before Flop (didn't bet)


Poker Hand #HD1737758013: Hold'em No Limit ($0.02/$0.05) - 2024/04/19 20:02:25
Table 'NLHBlue28' 6-max Seat #2 is the button
Seat 1: b8fba79f ($4.12 in chips)
Seat 2: bb010682 ($8.09 in chips)
Seat 3: 600acc03 ($5.38 in chips)
Seat 4: 4880cf07 ($5 in chips)
Seat 5: e352e90a ($5.74 in chips)
Seat 6: Hero ($5.89 in chips)
600acc03: posts small blind $0.02
4880cf07: posts big blind $0.05
*** HOLE CARDS ***
Dealt to b8fba79f 
Dealt to bb010682 
Dealt to 600acc03 
Dealt to 4880cf07 
Dealt to e352e90a 
Dealt to Hero [Ac Jd]
e352e90a: folds
Hero: raises $0.05 to $0.1
b8fba79f: raises $0.27 to $0.37
bb010682: folds
600acc03: folds
4880cf07: folds
Hero: folds
Uncalled bet ($0.27) returned to b8fba79f
*** SHOWDOWN ***
b8fba79f collected $0.26 from pot
*** SUMMARY ***
Total pot $0.27 | Rake $0.01 | Jackpot $0 | Bingo $0 | Fortune $0 | Tax $0
Seat 1: b8fba79f collected ($0.26)
Seat 2: bb010682 (button) folded before Flop (didn't bet)
Seat 3: 600acc03 (small blind) folded before Flop
Seat 4: 4880cf07 (big blind) folded before Flop
Seat 5: e352e90a folded before Flop (didn't bet)
Seat 6: Hero folded before Flop


Poker Hand #HD1737757919: Hold'em No Limit ($0.02/$0.05) - 2024/04/19 20:01:30
Table 'NLHBlue28' 6-max Seat #1 is the button
Seat 1: b8fba79f ($4.12 in chips)
Seat 2: bb010682 ($8.59 in chips)
Seat 3: 600acc03 ($4.93 in chips)
Seat 5: e352e90a ($5.74 in chips)
Seat 6: Hero ($5.89 in chips)
bb010682: posts small blind $0.02
600acc03: posts big blind $0.05
*** HOLE CARDS ***
Dealt to b8fba79f 
Dealt to bb010682 
Dealt to 600acc03 
Dealt to e352e90a 
Dealt to Hero [3c Js]
e352e90a: folds
Hero: folds
b8fba79f: folds
bb010682: raises $0.1 to $0.15
600acc03: calls $0.1
*** FLOP *** [Ts 7h 6s]
bb010682: bets $0.15
600acc03: calls $0.15
*** TURN *** [Ts 7h 6s] [7s]
bb010682: checks
600acc03: bets $0.2
bb010682: calls $0.2
*** RIVER *** [Ts 7h 6s 7s] [Kh]
bb010682: checks
600acc03: bets $1
bb010682: folds
Uncalled bet ($1) returned to 600acc03
*** SHOWDOWN ***
600acc03 collected $0.95 from pot
*** SUMMARY ***
Total pot $1 | Rake $0.05 | Jackpot $0 | Bingo $0 | Fortune $0 | Tax $0
Board [Ts 7h 6s 7s Kh]
Seat 1: b8fba79f (button) folded before Flop (didn't bet)
Seat 2: bb010682 (small blind) folded on the River
Seat 3: 600acc03 (big blind) won ($0.95)
Seat 5: e352e90a folded before Flop (didn't bet)
Seat 6: Hero folded before Flop (didn't bet)


Poker Hand #HD1737757862: Hold'em No Limit ($0.02/$0.05) - 2024/04/19 20:00:58
Table 'NLHBlue28' 6-max Seat #6 is the button
Seat 1: b8fba79f ($4.17 in chips)
Seat 2: bb010682 ($8.54 in chips)
Seat 3: 600acc03 ($4.93 in chips)
Seat 5: e352e90a ($5.74 in chips)
Seat 6: Hero ($5.89 in chips)
b8fba79f: posts small blind $0.02
bb010682: posts big blind $0.05
*** HOLE CARDS ***
Dealt to b8fba79f 
Dealt to bb010682 
Dealt to 600acc03 
Dealt to e352e90a 
Dealt to Hero [8c Td]
600acc03: folds
e352e90a: folds
Hero: folds
b8fba79f: calls $0.03
bb010682: raises $0.15 to $0.2
b8fba79f: folds
Uncalled bet ($0.15) returned to bb010682
*** SHOWDOWN ***
bb010682 collected $0.1 from pot
*** SUMMARY ***
Total pot $0.1 | Rake $0 | Jackpot $0 | Bingo $0 | Fortune $0 | Tax $0
Seat 1: b8fba79f (small blind) folded before Flop
Seat 2: bb010682 (big blind) collected ($0.1)
Seat 3: 600acc03 folded before Flop (didn't bet)
Seat 5: e352e90a folded before Flop (didn't bet)
Seat 6: Hero (button) folded before Flop (didn't bet)


Poker Hand #HD1737757848: Hold'em No Limit ($0.02/$0.05) - 2024/04/19 20:00:48
Table 'NLHBlue28' 6-max Seat #5 is the button
Seat 1: b8fba79f ($4.15 in chips)
Seat 2: bb010682 ($8.54 in chips)
Seat 3: 600acc03 ($4.93 in chips)
Seat 5: e352e90a ($5.74 in chips)
Seat 6: Hero ($5.91 in chips)
Hero: posts small blind $0.02
b8fba79f: posts big blind $0.05
*** HOLE CARDS ***
Dealt to b8fba79f 
Dealt to bb010682 
Dealt to 600acc03 
Dealt to e352e90a 
Dealt to Hero [Th 5c]
bb010682: folds
600acc03: folds
e352e90a: folds
Hero: folds
Uncalled bet ($0.03) returned to b8fba79f
*** SHOWDOWN ***
b8fba79f collected $0.04 from pot
*** SUMMARY ***
Total pot $0.04 | Rake $0 | Jackpot $0 | Bingo $0 | Fortune $0 | Tax $0
Seat 1: b8fba79f (big blind) collected ($0.04)
Seat 2: bb010682 folded before Flop (didn't bet)
Seat 3: 600acc03 folded before Flop (didn't bet)
Seat 5: e352e90a (button) folded before Flop (didn't bet)
Seat 6: Hero (small blind) folded before Flop


Poker Hand #HD1737757783: Hold'em No Limit ($0.02/$0.05) - 2024/04/19 20:00:16
Table 'NLHBlue28' 6-max Seat #3 is the button
Seat 1: b8fba79f ($4.3 in chips)
Seat 2: bb010682 ($8.69 in chips)
Seat 3: 600acc03 ($4.93 in chips)
Seat 5: e352e90a ($5.41 in chips)
Seat 6: Hero ($5.96 in chips)
e352e90a: posts small blind $0.02
Hero: posts big blind $0.05
*** HOLE CARDS ***
Dealt to b8fba79f 
Dealt to bb010682 
Dealt to 600acc03 
Dealt to e352e90a 
Dealt to Hero [7d Qd]
b8fba79f: raises $0.1 to $0.15
bb010682: calls $0.15
600acc03: folds
e352e90a: raises $0.57 to $0.72
Hero: folds
b8fba79f: folds
bb010682: folds
Uncalled bet ($0.57) returned to e352e90a
*** SHOWDOWN ***
e352e90a collected $0.48 from pot
*** SUMMARY ***
Total pot $0.5 | Rake $0.02 | Jackpot $0 | Bingo $0 | Fortune $0 | Tax $0
Seat 1: b8fba79f folded before Flop
Seat 2: bb010682 folded before Flop
Seat 3: 600acc03 (button) folded before Flop (didn't bet)
Seat 5: e352e90a (small blind) collected ($0.48)
Seat 6: Hero (big blind) folded before Flop


Poker Hand #HD1737757737: Hold'em No Limit ($0.02/$0.05) - 2024/04/19 19:59:43
Table 'NLHBlue28' 6-max Seat #2 is the button
Seat 1: b8fba79f ($4.3 in chips)
Seat 2: bb010682 ($8.62 in chips)
Seat 3: 600acc03 ($4.95 in chips)
Seat 4: 2ffe39e4 ($11.05 in chips)
Seat 5: e352e90a ($5.41 in chips)
Seat 6: Hero ($5.96 in chips)
600acc03: posts small blind $0.02
2ffe39e4: posts big blind $0.05
*** HOLE CARDS ***
Dealt to b8fba79f 
Dealt to bb010682 
Dealt to 600acc03 
Dealt to 2ffe39e4 
Dealt to e352e90a 
Dealt to Hero [Tc Jd]
e352e90a: folds
Hero: folds
b8fba79f: folds
bb010682: raises $0.1 to $0.15
600acc03: folds
2ffe39e4: folds
Uncalled bet ($0.1) returned to bb010682
*** SHOWDOWN ***
bb010682 collected $0.12 from pot
*** SUMMARY ***
Total pot $0.12 | Rake $0 | Jackpot $0 | Bingo $0 | Fortune $0 | Tax $0
Seat 1: b8fba79f folded before Flop (didn't bet)
Seat 2: bb010682 (button) collected ($0.12)
Seat 3: 600acc03 (small blind) folded before Flop
Seat 4: 2ffe39e4 (big blind) folded before Flop
Seat 5: e352e90a folded before Flop (didn't bet)
Seat 6: Hero folded before Flop (didn't bet)


Poker Hand #HD1737757682: Hold'em No Limit ($0.02/$0.05) - 2024/04/19 19:59:11
Table 'NLHBlue28' 6-max Seat #1 is the button
Seat 1: b8fba79f ($4.09 in chips)
Seat 2: bb010682 ($8.64 in chips)
Seat 3: 600acc03 ($5 in chips)
Seat 4: 2ffe39e4 ($11.2 in chips)
Seat 5: e352e90a ($5.41 in chips)
Seat 6: Hero ($5.96 in chips)
bb010682: posts small blind $0.02
600acc03: posts big blind $0.05
*** HOLE CARDS ***
Dealt to b8fba79f 
Dealt to bb010682 
Dealt to 600acc03 
Dealt to 2ffe39e4 
Dealt to e352e90a 
Dealt to Hero [7c 7d]
2ffe39e4: raises $0.1 to $0.15
e352e90a: folds
Hero: folds
b8fba79f: raises $0.37 to $0.52
bb010682: folds
600acc03: folds
2ffe39e4: folds
Uncalled bet ($0.37) returned to b8fba79f
*** SHOWDOWN ***
b8fba79f collected $0.36 from pot
*** SUMMARY ***
Total pot $0.37 | Rake $0.01 | Jackpot $0 | Bingo $0 | Fortune $0 | Tax $0
Seat 1: b8fba79f (button) collected ($0.36)
Seat 2: bb010682 (small blind) folded before Flop
Seat 3: 600acc03 (big blind) folded before Flop
Seat 4: 2ffe39e4 folded before Flop
Seat 5: e352e90a folded before Flop (didn't bet)
Seat 6: Hero folded before Flop (didn't bet)


Poker Hand #HD1737757643: Hold'em No Limit ($0.02/$0.05) - 2024/04/19 19:58:51
Table 'NLHBlue28' 6-max Seat #6 is the button
Seat 1: b8fba79f ($4.04 in chips)
Seat 2: bb010682 ($8.69 in chips)
Seat 4: 2ffe39e4 ($11.2 in chips)
Seat 5: e352e90a ($5.41 in chips)
Seat 6: Hero ($5.96 in chips)
b8fba79f: posts small blind $0.02
bb010682: posts big blind $0.05
*** HOLE CARDS ***
Dealt to b8fba79f 
Dealt to bb010682 
Dealt to 2ffe39e4 
Dealt to e352e90a 
Dealt to Hero [9d 2d]
2ffe39e4: folds
e352e90a: folds
Hero: folds
b8fba79f: calls $0.03
bb010682: checks
*** FLOP *** [Ad Td Ah]
b8fba79f: bets $0.1
bb010682: folds
Uncalled bet ($0.1) returned to b8fba79f
*** SHOWDOWN ***
b8fba79f collected $0.1 from pot
*** SUMMARY ***
Total pot $0.1 | Rake $0 | Jackpot $0 | Bingo $0 | Fortune $0 | Tax $0
Board [Ad Td Ah]
Seat 1: b8fba79f (small blind) won ($0.1)
Seat 2: bb010682 (big blind) folded on the Flop
Seat 4: 2ffe39e4 folded before Flop (didn't bet)
Seat 5: e352e90a folded before Flop (didn't bet)
Seat 6: Hero (button) folded before Flop (didn't bet)


Poker Hand #HD1737757615: Hold'em No Limit ($0.02/$0.05) - 2024/04/19 19:58:29
Table 'NLHBlue28' 6-max Seat #5 is the button
Seat 1: b8fba79f ($4.09 in chips)
Seat 2: bb010682 ($8.62 in chips)
Seat 4: 2ffe39e4 ($11.2 in chips)
Seat 5: e352e90a ($5.41 in chips)
Seat 6: Hero ($5.98 in chips)
Hero: posts small blind $0.02
b8fba79f: posts big blind $0.05
*** HOLE CARDS ***
Dealt to b8fba79f 
Dealt to bb010682 
Dealt to 2ffe39e4 
Dealt to e352e90a 
Dealt to Hero [Qs Td]
bb010682: raises $0.1 to $0.15
2ffe39e4: folds
e352e90a: folds
Hero: folds
b8fba79f: folds
Uncalled bet ($0.1) returned to bb010682
*** SHOWDOWN ***
bb010682 collected $0.12 from pot
*** SUMMARY ***
Total pot $0.12 | Rake $0 | Jackpot $0 | Bingo $0 | Fortune $0 | Tax $0
Seat 1: b8fba79f (big blind) folded before Flop
Seat 2: bb010682 collected ($0.12)
Seat 4: 2ffe39e4 folded before Flop (didn't bet)
Seat 5: e352e90a (button) folded before Flop (didn't bet)
Seat 6: Hero (small blind) folded before Flop


Poker Hand #HD1737757552: Hold'em No Limit ($0.02/$0.05) - 2024/04/19 19:57:54
Table 'NLHBlue28' 6-max Seat #4 is the button
Seat 1: b8fba79f ($4.09 in chips)
Seat 2: bb010682 ($8.93 in chips)
Seat 4: 2ffe39e4 ($11.2 in chips)
Seat 5: e352e90a ($5.43 in chips)
Seat 6: Hero ($5.68 in chips)
e352e90a: posts small blind $0.02
Hero: posts big blind $0.05
*** HOLE CARDS ***
Dealt to b8fba79f 
Dealt to bb010682 
Dealt to 2ffe39e4 
Dealt to e352e90a 
Dealt to Hero [Jc 9d]
b8fba79f: folds
bb010682: raises $0.1 to $0.15
2ffe39e4: folds
e352e90a: folds
Hero: calls $0.1
*** FLOP *** [Qd Jh Qh]
Hero: checks
bb010682: bets $0.16
Hero: calls $0.16
*** TURN *** [Qd Jh Qh] [6d]
Hero: checks
bb010682: checks
*** RIVER *** [Qd Jh Qh 6d] [Qs]
Hero: checks
bb010682: checks
Hero: shows [Jc 9d] (Queens Full over Jacks)
bb010682: shows [5h 4c] (Three Queens)
*** SHOWDOWN ***
Hero collected $0.61 from pot
*** SUMMARY ***
Total pot $0.64 | Rake $0.03 | Jackpot $0 | Bingo $0 | Fortune $0 | Tax $0
Board [Qd Jh Qh 6d Qs]
Seat 1: b8fba79f folded before Flop (didn't bet)
Seat 2: bb010682 showed [5h 4c] and lost with Three Queens
Seat 4: 2ffe39e4 (button) folded before Flop (didn't bet)
Seat 5: e352e90a (small blind) folded before Flop
Seat 6: Hero (big blind) showed [Jc 9d] and won ($0.61) with Queens Full over Jacks


Poker Hand #HD1737757436: Hold'em No Limit ($0.02/$0.05) - 2024/04/19 19:56:42
Table 'NLHBlue28' 6-max Seat #2 is the button
Seat 1: b8fba79f ($4.09 in chips)
Seat 2: bb010682 ($9.08 in chips)
Seat 3: 14a950be ($5.42 in chips)
Seat 4: 2ffe39e4 ($6.18 in chips)
Seat 5: e352e90a ($5.43 in chips)
Seat 6: Hero ($5.68 in chips)
14a950be: posts small blind $0.02
2ffe39e4: posts big blind $0.05
*** HOLE CARDS ***
Dealt to b8fba79f 
Dealt to bb010682 
Dealt to 14a950be 
Dealt to 2ffe39e4 
Dealt to e352e90a 
Dealt to Hero [2h 8s]
e352e90a: folds
Hero: folds
b8fba79f: folds
bb010682: raises $0.1 to $0.15
14a950be: calls $0.13
2ffe39e4: raises $0.6 to $0.75
bb010682: folds
14a950be: calls $0.6
*** FLOP *** [9c Qd 9d]
14a950be: bets $0.55
2ffe39e4: calls $0.55
*** TURN *** [9c Qd 9d] [Jc]
14a950be: bets $0.91
2ffe39e4: raises $0.91 to $1.82
14a950be: raises $2.3 to $4.12 and is all-in
2ffe39e4: calls $2.3
14a950be: shows [Kc Kh] (Pair of Kings and Pair of Nines)
2ffe39e4: shows [Qh Qs] (Queens Full over Nines)
*** RIVER *** [9c Qd 9d Jc] [Ah]
*** SHOWDOWN ***
2ffe39e4 collected $10.44 from pot
*** SUMMARY ***
Total pot $10.99 | Rake $0.5 | Jackpot $0.05 | Bingo $0 | Fortune $0 | Tax $0
Board [9c Qd 9d Jc Ah]
Seat 1: b8fba79f folded before Flop (didn't bet)
Seat 2: bb010682 (button) folded before Flop
Seat 3: 14a950be (small blind) showed [Kc Kh] and lost with Pair of Kings and Pair of Nines
Seat 4: 2ffe39e4 (big blind) showed [Qh Qs] and won ($10.44) with Queens Full over Nines
Seat 5: e352e90a folded before Flop (didn't bet)
Seat 6: Hero folded before Flop (didn't bet)


Poker Hand #HD1737757321: Hold'em No Limit ($0.02/$0.05) - 2024/04/19 19:55:33
Table 'NLHBlue28' 6-max Seat #1 is the button
Seat 1: b8fba79f ($4.09 in chips)
Seat 2: bb010682 ($9.48 in chips)
Seat 3: 14a950be ($4.87 in chips)
Seat 4: 2ffe39e4 ($6.38 in chips)
Seat 5: e352e90a ($5.43 in chips)
Seat 6: Hero ($5.68 in chips)
bb010682: posts small blind $0.02
14a950be: posts big blind $0.05
*** HOLE CARDS ***
Dealt to b8fba79f 
Dealt to bb010682 
Dealt to 14a950be 
Dealt to 2ffe39e4 
Dealt to e352e90a 
Dealt to Hero [5c Qh]
2ffe39e4: calls $0.05
e352e90a: folds
Hero: folds
b8fba79f: folds
bb010682: calls $0.03
14a950be: checks
*** FLOP *** [9h 6d 7h]
bb010682: checks
14a950be: bets $0.15
2ffe39e4: calls $0.15
bb010682: calls $0.15
*** TURN *** [9h 6d 7h] [7c]
bb010682: checks
14a950be: bets $0.2
2ffe39e4: folds
bb010682: calls $0.2
*** RIVER *** [9h 6d 7h 7c] [6h]
bb010682: checks
14a950be: bets $0.75
bb010682: folds
Uncalled bet ($0.75) returned to 14a950be
*** SHOWDOWN ***
14a950be collected $0.95 from pot
*** SUMMARY ***
Total pot $1 | Rake $0.05 | Jackpot $0 | Bingo $0 | Fortune $0 | Tax $0
Board [9h 6d 7h 7c 6h]
Seat 1: b8fba79f (button) folded before Flop (didn't bet)
Seat 2: bb010682 (small blind) folded on the River
Seat 3: 14a950be (big blind) won ($0.95)
Seat 4: 2ffe39e4 folded on the Turn
Seat 5: e352e90a folded before Flop (didn't bet)
Seat 6: Hero folded before Flop (didn't bet)


Poker Hand #HD1737757216: Hold'em No Limit ($0.02/$0.05) - 2024/04/19 19:54:44
Table 'NLHBlue28' 6-max Seat #6 is the button
Seat 1: b8fba79f ($4.41 in chips)
Seat 2: bb010682 ($9.53 in chips)
Seat 3: 14a950be ($4.87 in chips)
Seat 4: 2ffe39e4 ($6.38 in chips)
Seat 5: e352e90a ($5.43 in chips)
Seat 6: Hero ($5.34 in chips)
b8fba79f: posts small blind $0.02
bb010682: posts big blind $0.05
*** HOLE CARDS ***
Dealt to b8fba79f 
Dealt to bb010682 
Dealt to 14a950be 
Dealt to 2ffe39e4 
Dealt to e352e90a 
Dealt to Hero [Kh Qs]
14a950be: folds
2ffe39e4: folds
e352e90a: folds
Hero: raises $0.07 to $0.12
b8fba79f: calls $0.1
bb010682: folds
*** FLOP *** [Th 2h 9c]
b8fba79f: checks
Hero: checks
*** TURN *** [Th 2h 9c] [Qd]
b8fba79f: checks
Hero: bets $0.2
b8fba79f: calls $0.2
*** RIVER *** [Th 2h 9c Qd] [7d]
b8fba79f: checks
Hero: bets $0.4
b8fba79f: folds
Uncalled bet ($0.4) returned to Hero
*** SHOWDOWN ***
Hero collected $0.66 from pot
*** SUMMARY ***
Total pot $0.69 | Rake $0.03 | Jackpot $0 | Bingo $0 | Fortune $0 | Tax $0
Board [Th 2h 9c Qd 7d]
Seat 1: b8fba79f (small blind) folded on the River
Seat 2: bb010682 (big blind) folded before Flop
Seat 3: 14a950be folded before Flop (didn't bet)
Seat 4: 2ffe39e4 folded before Flop (didn't bet)
Seat 5: e352e90a folded before Flop (didn't bet)
Seat 6: Hero (button) won ($0.66)


Poker Hand #HD1737757187: Hold'em No Limit ($0.02/$0.05) - 2024/04/19 19:54:26
Table 'NLHBlue28' 6-max Seat #5 is the button
Seat 1: b8fba79f ($4.46 in chips)
Seat 2: bb010682 ($9.53 in chips)
Seat 3: 14a950be ($4.87 in chips)
Seat 4: 2ffe39e4 ($6.31 in chips)
Seat 5: e352e90a ($5.43 in chips)
Seat 6: Hero ($5.36 in chips)
Hero: posts small blind $0.02
b8fba79f: posts big blind $0.05
*** HOLE CARDS ***
Dealt to b8fba79f 
Dealt to bb010682 
Dealt to 14a950be 
Dealt to 2ffe39e4 
Dealt to e352e90a 
Dealt to Hero [2c Jd]
bb010682: folds
14a950be: folds
2ffe39e4: raises $0.1 to $0.15
e352e90a: folds
Hero: folds
b8fba79f: folds
Uncalled bet ($0.1) returned to 2ffe39e4
*** SHOWDOWN ***
2ffe39e4 collected $0.12 from pot
*** SUMMARY ***
Total pot $0.12 | Rake $0 | Jackpot $0 | Bingo $0 | Fortune $0 | Tax $0
Seat 1: b8fba79f (big blind) folded before Flop
Seat 2: bb010682 folded before Flop (didn't bet)
Seat 3: 14a950be folded before Flop (didn't bet)
Seat 4: 2ffe39e4 collected ($0.12)
Seat 5: e352e90a (button) folded before Flop (didn't bet)
Seat 6: Hero (small blind) folded before Flop


Poker Hand #HD1737757162: Hold'em No Limit ($0.02/$0.05) - 2024/04/19 19:54:14
Table 'NLHBlue28' 6-max Seat #4 is the button
Seat 1: b8fba79f ($4.46 in chips)
Seat 2: bb010682 ($9.46 in chips)
Seat 3: 14a950be ($4.87 in chips)
Seat 4: 2ffe39e4 ($6.31 in chips)
Seat 5: e352e90a ($5.45 in chips)
Seat 6: Hero ($5.41 in chips)
e352e90a: posts small blind $0.02
Hero: posts big blind $0.05
*** HOLE CARDS ***
Dealt to b8fba79f 
Dealt to bb010682 
Dealt to 14a950be 
Dealt to 2ffe39e4 
Dealt to e352e90a 
Dealt to Hero [3s Kd]
b8fba79f: folds
bb010682: raises $0.1 to $0.15
14a950be: folds
2ffe39e4: folds
e352e90a: folds
Hero: folds
Uncalled bet ($0.1) returned to bb010682
*** SHOWDOWN ***
bb010682 collected $0.12 from pot
*** SUMMARY ***
Total pot $0.12 | Rake $0 | Jackpot $0 | Bingo $0 | Fortune $0 | Tax $0
Seat 1: b8fba79f folded before Flop (didn't bet)
Seat 2: bb010682 collected ($0.12)
Seat 3: 14a950be folded before Flop (didn't bet)
Seat 4: 2ffe39e4 (button) folded before Flop (didn't bet)
Seat 5: e352e90a (small blind) folded before Flop
Seat 6: Hero (big blind) folded before Flop


Poker Hand #HD1737757091: Hold'em No Limit ($0.02/$0.05) - 2024/04/19 19:53:35
Table 'NLHBlue28' 6-max Seat #3 is the button
Seat 1: b8fba79f ($4.74 in chips)
Seat 2: bb010682 ($9.46 in chips)
Seat 3: 14a950be ($4.87 in chips)
Seat 4: 2ffe39e4 ($6.33 in chips)
Seat 5: e352e90a ($5.5 in chips)
Seat 6: Hero ($5.09 in chips)
2ffe39e4: posts small blind $0.02
e352e90a: posts big blind $0.05
*** HOLE CARDS ***
Dealt to b8fba79f 
Dealt to bb010682 
Dealt to 14a950be 
Dealt to 2ffe39e4 
Dealt to e352e90a 
Dealt to Hero [Kd Qc]
Hero: raises $0.05 to $0.1
b8fba79f: calls $0.1
bb010682: folds
14a950be: folds
2ffe39e4: folds
e352e90a: folds
*** FLOP *** [7d Tc Js]
Hero: checks
b8fba79f: bets $0.18
Hero: raises $0.32 to $0.5
b8fba79f: folds
Uncalled bet ($0.32) returned to Hero
*** SHOWDOWN ***
Hero collected $0.6 from pot
*** SUMMARY ***
Total pot $0.63 | Rake $0.03 | Jackpot $0 | Bingo $0 | Fortune $0 | Tax $0
Board [7d Tc Js]
Seat 1: b8fba79f folded on the Flop
Seat 2: bb010682 folded before Flop (didn't bet)
Seat 3: 14a950be (button) folded before Flop (didn't bet)
Seat 4: 2ffe39e4 (small blind) folded before Flop
Seat 5: e352e90a (big blind) folded before Flop
Seat 6: Hero won ($0.6)


Poker Hand #HD1737757051: Hold'em No Limit ($0.02/$0.05) - 2024/04/19 19:53:11
Table 'NLHBlue28' 6-max Seat #2 is the button
Seat 1: b8fba79f ($4.74 in chips)
Seat 2: bb010682 ($9.28 in chips)
Seat 3: 14a950be ($4.89 in chips)
Seat 4: 2ffe39e4 ($6.38 in chips)
Seat 5: e352e90a ($5.62 in chips)
Seat 6: Hero ($5.09 in chips)
14a950be: posts small blind $0.02
2ffe39e4: posts big blind $0.05
*** HOLE CARDS ***
Dealt to b8fba79f 
Dealt to bb010682 
Dealt to 14a950be 
Dealt to 2ffe39e4 
Dealt to e352e90a 
Dealt to Hero [Jd Qs]
e352e90a: raises $0.07 to $0.12
Hero: folds
b8fba79f: folds
bb010682: raises $0.24 to $0.36
14a950be: folds
2ffe39e4: folds
e352e90a: folds
Uncalled bet ($0.24) returned to bb010682
*** SHOWDOWN ***
bb010682 collected $0.3 from pot
*** SUMMARY ***
Total pot $0.31 | Rake $0.01 | Jackpot $0 | Bingo $0 | Fortune $0 | Tax $0
Seat 1: b8fba79f folded before Flop (didn't bet)
Seat 2: bb010682 (button) collected ($0.3)
Seat 3: 14a950be (small blind) folded before Flop
Seat 4: 2ffe39e4 (big blind) folded before Flop
Seat 5: e352e90a folded before Flop
Seat 6: Hero folded before Flop (didn't bet)


Poker Hand #HD1737757006: Hold'em No Limit ($0.02/$0.05) - 2024/04/19 19:52:47
Table 'NLHBlue28' 6-max Seat #1 is the button
Seat 1: b8fba79f ($4.56 in chips)
Seat 2: bb010682 ($9.3 in chips)
Seat 3: 14a950be ($4.94 in chips)
Seat 4: 2ffe39e4 ($6.38 in chips)
Seat 5: e352e90a ($5.62 in chips)
Seat 6: Hero ($5.21 in chips)
bb010682: posts small blind $0.02
14a950be: posts big blind $0.05
*** HOLE CARDS ***
Dealt to b8fba79f 
Dealt to bb010682 
Dealt to 14a950be 
Dealt to 2ffe39e4 
Dealt to e352e90a 
Dealt to Hero [Qc Js]
2ffe39e4: folds
e352e90a: folds
Hero: raises $0.07 to $0.12
b8fba79f: raises $0.31 to $0.43
bb010682: folds
14a950be: folds
Hero: folds
Uncalled bet ($0.31) returned to b8fba79f
*** SHOWDOWN ***
b8fba79f collected $0.3 from pot
*** SUMMARY ***
Total pot $0.31 | Rake $0.01 | Jackpot $0 | Bingo $0 | Fortune $0 | Tax $0
Seat 1: b8fba79f (button) collected ($0.3)
Seat 2: bb010682 (small blind) folded before Flop
Seat 3: 14a950be (big blind) folded before Flop
Seat 4: 2ffe39e4 folded before Flop (didn't bet)
Seat 5: e352e90a folded before Flop (didn't bet)
Seat 6: Hero folded before Flop


Poker Hand #HD1737756978: Hold'em No Limit ($0.02/$0.05) - 2024/04/19 19:52:31
Table 'NLHBlue28' 6-max Seat #6 is the button
Seat 1: b8fba79f ($4.58 in chips)
Seat 2: bb010682 ($9.35 in chips)
Seat 3: 14a950be ($4.94 in chips)
Seat 4: 2ffe39e4 ($6.31 in chips)
Seat 5: e352e90a ($5.62 in chips)
Seat 6: Hero ($5.21 in chips)
b8fba79f: posts small blind $0.02
bb010682: posts big blind $0.05
*** HOLE CARDS ***
Dealt to b8fba79f 
Dealt to bb010682 
Dealt to 14a950be 
Dealt to 2ffe39e4 
Dealt to e352e90a 
Dealt to Hero [5s Ks]
14a950be: folds
2ffe39e4: raises $0.1 to $0.15
e352e90a: folds
Hero: folds
b8fba79f: folds
bb010682: folds
Uncalled bet ($0.1) returned to 2ffe39e4
*** SHOWDOWN ***
2ffe39e4 collected $0.12 from pot
*** SUMMARY ***
Total pot $0.12 | Rake $0 | Jackpot $0 | Bingo $0 | Fortune $0 | Tax $0
Seat 1: b8fba79f (small blind) folded before Flop
Seat 2: bb010682 (big blind) folded before Flop
Seat 3: 14a950be folded before Flop (didn't bet)
Seat 4: 2ffe39e4 collected ($0.12)
Seat 5: e352e90a folded before Flop (didn't bet)
Seat 6: Hero (button) folded before Flop (didn't bet)


Poker Hand #HD1737756917: Hold'em No Limit ($0.02/$0.05) - 2024/04/19 19:52:00
Table 'NLHBlue28' 6-max Seat #5 is the button
Seat 1: b8fba79f ($4.63 in chips)
Seat 2: bb010682 ($9.5 in chips)
Seat 3: 14a950be ($4.94 in chips)
Seat 4: 2ffe39e4 ($6.1 in chips)
Seat 5: e352e90a ($5.62 in chips)
Seat 6: Hero ($5.23 in chips)
Hero: posts small blind $0.02
b8fba79f: posts big blind $0.05
*** HOLE CARDS ***
Dealt to b8fba79f 
Dealt to bb010682 
Dealt to 14a950be 
Dealt to 2ffe39e4 
Dealt to e352e90a 
Dealt to Hero [Jh 3c]
bb010682: raises $0.1 to $0.15
14a950be: folds
2ffe39e4: calls $0.15
e352e90a: folds
Hero: folds
b8fba79f: folds
*** FLOP *** [5h Ts Tc]
bb010682: checks
2ffe39e4: bets $0.19
bb010682: folds
Uncalled bet ($0.19) returned to 2ffe39e4
*** SHOWDOWN ***
2ffe39e4 collected $0.36 from pot
*** SUMMARY ***
Total pot $0.37 | Rake $0.01 | Jackpot $0 | Bingo $0 | Fortune $0 | Tax $0
Board [5h Ts Tc]
Seat 1: b8fba79f (big blind) folded before Flop
Seat 2: bb010682 folded on the Flop
Seat 3: 14a950be folded before Flop (didn't bet)
Seat 4: 2ffe39e4 won ($0.36)
Seat 5: e352e90a (button) folded before Flop (didn't bet)
Seat 6: Hero (small blind) folded before Flop


Poker Hand #HD1737756785: Hold'em No Limit ($0.02/$0.05) - 2024/04/19 19:50:40
Table 'NLHBlue28' 6-max Seat #4 is the button
Seat 1: b8fba79f ($4.63 in chips)
Seat 2: bb010682 ($9.5 in chips)
Seat 3: 14a950be ($4.71 in chips)
Seat 4: 2ffe39e4 ($6.28 in chips)
Seat 5: e352e90a ($5.64 in chips)
Seat 6: Hero ($5.28 in chips)
e352e90a: posts small blind $0.02
Hero: posts big blind $0.05
*** HOLE CARDS ***
Dealt to b8fba79f 
Dealt to bb010682 
Dealt to 14a950be 
Dealt to 2ffe39e4 
Dealt to e352e90a 
Dealt to Hero [Th 4c]
b8fba79f: folds
bb010682: folds
14a950be: calls $0.05
2ffe39e4: calls $0.05
e352e90a: folds
Hero: checks
*** FLOP *** [7d Td 3h]
Hero: checks
14a950be: checks
2ffe39e4: checks
*** TURN *** [7d Td 3h] [8d]
Hero: checks
14a950be: bets $0.13
2ffe39e4: calls $0.13
Hero: folds
*** RIVER *** [7d Td 3h 8d] [5d]
14a950be: checks
2ffe39e4: checks
14a950be: shows [Ah As] (Pair of Aces)
2ffe39e4: shows [Kc 9s] (King-High)
*** SHOWDOWN ***
14a950be collected $0.41 from pot
*** SUMMARY ***
Total pot $0.43 | Rake $0.02 | Jackpot $0 | Bingo $0 | Fortune $0 | Tax $0
Board [7d Td 3h 8d 5d]
Seat 1: b8fba79f folded before Flop (didn't bet)
Seat 2: bb010682 folded before Flop (didn't bet)
Seat 3: 14a950be showed [Ah As] and won ($0.41) with Pair of Aces
Seat 4: 2ffe39e4 (button) showed [Kc 9s] and lost with King-High
Seat 5: e352e90a (small blind) folded before Flop
Seat 6: Hero (big blind) folded on the Turn


Poker Hand #HD1737756755: Hold'em No Limit ($0.02/$0.05) - 2024/04/19 19:50:24
Table 'NLHBlue28' 6-max Seat #3 is the button
Seat 1: b8fba79f ($4.56 in chips)
Seat 2: bb010682 ($9.5 in chips)
Seat 3: 14a950be ($4.71 in chips)
Seat 4: 2ffe39e4 ($6.3 in chips)
Seat 5: e352e90a ($5.69 in chips)
Seat 6: Hero ($5.28 in chips)
2ffe39e4: posts small blind $0.02
e352e90a: posts big blind $0.05
*** HOLE CARDS ***
Dealt to b8fba79f 
Dealt to bb010682 
Dealt to 14a950be 
Dealt to 2ffe39e4 
Dealt to e352e90a 
Dealt to Hero [Jh 7h]
Hero: folds
b8fba79f: raises $0.1 to $0.15
bb010682: folds
14a950be: folds
2ffe39e4: folds
e352e90a: folds
Uncalled bet ($0.1) returned to b8fba79f
*** SHOWDOWN ***
b8fba79f collected $0.12 from pot
*** SUMMARY ***
Total pot $0.12 | Rake $0 | Jackpot $0 | Bingo $0 | Fortune $0 | Tax $0
Seat 1: b8fba79f collected ($0.12)
Seat 2: bb010682 folded before Flop (didn't bet)
Seat 3: 14a950be (button) folded before Flop (didn't bet)
Seat 4: 2ffe39e4 (small blind) folded before Flop
Seat 5: e352e90a (big blind) folded before Flop
Seat 6: Hero folded before Flop (didn't bet)


Poker Hand #HD1737756668: Hold'em No Limit ($0.02/$0.05) - 2024/04/19 19:49:38
Table 'NLHBlue28' 6-max Seat #2 is the button
Seat 1: b8fba79f ($4.76 in chips)
Seat 2: bb010682 ($9.25 in chips)
Seat 3: 14a950be ($4.73 in chips)
Seat 4: 2ffe39e4 ($6.35 in chips)
Seat 5: e352e90a ($5.69 in chips)
Seat 6: Hero ($5.28 in chips)
14a950be: posts small blind $0.02
2ffe39e4: posts big blind $0.05
*** HOLE CARDS ***
Dealt to b8fba79f 
Dealt to bb010682 
Dealt to 14a950be 
Dealt to 2ffe39e4 
Dealt to e352e90a 
Dealt to Hero [3s 9c]
e352e90a: folds
Hero: folds
b8fba79f: calls $0.05
bb010682: raises $0.15 to $0.2
14a950be: folds
2ffe39e4: folds
b8fba79f: calls $0.15
*** FLOP *** [Kh 8c 4d]
b8fba79f: checks
bb010682: bets $0.16
b8fba79f: folds
Uncalled bet ($0.16) returned to bb010682
*** SHOWDOWN ***
bb010682 collected $0.45 from pot
*** SUMMARY ***
Total pot $0.47 | Rake $0.02 | Jackpot $0 | Bingo $0 | Fortune $0 | Tax $0
Board [Kh 8c 4d]
Seat 1: b8fba79f folded on the Flop
Seat 2: bb010682 (button) won ($0.45)
Seat 3: 14a950be (small blind) folded before Flop
Seat 4: 2ffe39e4 (big blind) folded before Flop
Seat 5: e352e90a folded before Flop (didn't bet)
Seat 6: Hero folded before Flop (didn't bet)


Poker Hand #HD1737756563: Hold'em No Limit ($0.02/$0.05) - 2024/04/19 19:48:39
Table 'NLHBlue28' 6-max Seat #1 is the button
Seat 1: b8fba79f ($5.08 in chips)
Seat 2: bb010682 ($9.27 in chips)
Seat 3: 14a950be ($4.78 in chips)
Seat 4: 2ffe39e4 ($6.35 in chips)
Seat 5: e352e90a ($5.33 in chips)
Seat 6: Hero ($5.28 in chips)
bb010682: posts small blind $0.02
14a950be: posts big blind $0.05
*** HOLE CARDS ***
Dealt to b8fba79f 
Dealt to bb010682 
Dealt to 14a950be 
Dealt to 2ffe39e4 
Dealt to e352e90a 
Dealt to Hero [Kh 8h]
2ffe39e4: folds
e352e90a: raises $0.07 to $0.12
Hero: folds
b8fba79f: calls $0.12
bb010682: folds
14a950be: folds
*** FLOP *** [6c 9c Qs]
e352e90a: checks
b8fba79f: bets $0.2
e352e90a: calls $0.2
*** TURN *** [6c 9c Qs] [Qh]
e352e90a: checks
b8fba79f: checks
*** RIVER *** [6c 9c Qs Qh] [4c]
e352e90a: checks
b8fba79f: checks
e352e90a: shows [7s 7d] (Pair of Queens and Pair of Sevens)
b8fba79f: shows [3d 3s] (Pair of Queens and Pair of Treys)
*** SHOWDOWN ***
e352e90a collected $0.68 from pot
*** SUMMARY ***
Total pot $0.71 | Rake $0.03 | Jackpot $0 | Bingo $0 | Fortune $0 | Tax $0
Board [6c 9c Qs Qh 4c]
Seat 1: b8fba79f (button) showed [3d 3s] and lost with Pair of Queens and Pair of Treys
Seat 2: bb010682 (small blind) folded before Flop
Seat 3: 14a950be (big blind) folded before Flop
Seat 4: 2ffe39e4 folded before Flop (didn't bet)
Seat 5: e352e90a showed [7s 7d] and won ($0.68) with Pair of Queens and Pair of Sevens
Seat 6: Hero folded before Flop (didn't bet)


Poker Hand #HD1737756510: Hold'em No Limit ($0.02/$0.05) - 2024/04/19 19:48:08
Table 'NLHBlue28' 6-max Seat #6 is the button
Seat 1: b8fba79f ($5.23 in chips)
Seat 2: bb010682 ($8.99 in chips)
Seat 3: 14a950be ($4.93 in chips)
Seat 4: 2ffe39e4 ($6.35 in chips)
Seat 5: e352e90a ($5.33 in chips)
Seat 6: Hero ($5.28 in chips)
b8fba79f: posts small blind $0.02
bb010682: posts big blind $0.05
*** HOLE CARDS ***
Dealt to b8fba79f 
Dealt to bb010682 
Dealt to 14a950be 
Dealt to 2ffe39e4 
Dealt to e352e90a 
Dealt to Hero [Js 8d]
14a950be: raises $0.1 to $0.15
2ffe39e4: folds
e352e90a: folds
Hero: folds
b8fba79f: calls $0.13
bb010682: raises $0.45 to $0.6
14a950be: folds
b8fba79f: folds
Uncalled bet ($0.45) returned to bb010682
*** SHOWDOWN ***
bb010682 collected $0.43 from pot
*** SUMMARY ***
Total pot $0.45 | Rake $0.02 | Jackpot $0 | Bingo $0 | Fortune $0 | Tax $0
Seat 1: b8fba79f (small blind) folded before Flop
Seat 2: bb010682 (big blind) collected ($0.43)
Seat 3: 14a950be folded before Flop
Seat 4: 2ffe39e4 folded before Flop (didn't bet)
Seat 5: e352e90a folded before Flop (didn't bet)
Seat 6: Hero (button) folded before Flop (didn't bet)


Poker Hand #HD1737756483: Hold'em No Limit ($0.02/$0.05) - 2024/04/19 19:47:52
Table 'NLHBlue28' 6-max Seat #5 is the button
Seat 1: b8fba79f ($5.28 in chips)
Seat 2: bb010682 ($8.99 in chips)
Seat 3: 14a950be ($4.93 in chips)
Seat 4: 2ffe39e4 ($6.28 in chips)
Seat 5: e352e90a ($5.33 in chips)
Seat 6: Hero ($5.3 in chips)
Hero: posts small blind $0.02
b8fba79f: posts big blind $0.05
*** HOLE CARDS ***
Dealt to b8fba79f 
Dealt to bb010682 
Dealt to 14a950be 
Dealt to 2ffe39e4 
Dealt to e352e90a 
Dealt to Hero [Qd 5c]
bb010682: folds
14a950be: folds
2ffe39e4: raises $0.1 to $0.15
e352e90a: folds
Hero: folds
b8fba79f: folds
Uncalled bet ($0.1) returned to 2ffe39e4
*** SHOWDOWN ***
2ffe39e4 collected $0.12 from pot
*** SUMMARY ***
Total pot $0.12 | Rake $0 | Jackpot $0 | Bingo $0 | Fortune $0 | Tax $0
Seat 1: b8fba79f (big blind) folded before Flop
Seat 2: bb010682 folded before Flop (didn't bet)
Seat 3: 14a950be folded before Flop (didn't bet)
Seat 4: 2ffe39e4 collected ($0.12)
Seat 5: e352e90a (button) folded before Flop (didn't bet)
Seat 6: Hero (small blind) folded before Flop


Poker Hand #HD1737756402: Hold'em No Limit ($0.02/$0.05) - 2024/04/19 19:47:12
Table 'NLHBlue28' 6-max Seat #4 is the button
Seat 1: b8fba79f ($5.07 in chips)
Seat 2: bb010682 ($8.99 in chips)
Seat 3: 14a950be ($4.93 in chips)
Seat 4: 2ffe39e4 ($6.43 in chips)
Seat 5: e352e90a ($5.35 in chips)
Seat 6: Hero ($5.35 in chips)
e352e90a: posts small blind $0.02
Hero: posts big blind $0.05
*** HOLE CARDS ***
Dealt to b8fba79f 
Dealt to bb010682 
Dealt to 14a950be 
Dealt to 2ffe39e4 
Dealt to e352e90a 
Dealt to Hero [Qd 9s]
b8fba79f: raises $0.1 to $0.15
bb010682: folds
14a950be: folds
2ffe39e4: calls $0.15
e352e90a: folds
Hero: folds
*** FLOP *** [As Ah Jd]
b8fba79f: checks
2ffe39e4: checks
*** TURN *** [As Ah Jd] [7c]
b8fba79f: bets $0.19
2ffe39e4: folds
Uncalled bet ($0.19) returned to b8fba79f
*** SHOWDOWN ***
b8fba79f collected $0.36 from pot
*** SUMMARY ***
Total pot $0.37 | Rake $0.01 | Jackpot $0 | Bingo $0 | Fortune $0 | Tax $0
Board [As Ah Jd 7c]
Seat 1: b8fba79f won ($0.36)
Seat 2: bb010682 folded before Flop (didn't bet)
Seat 3: 14a950be folded before Flop (didn't bet)
Seat 4: 2ffe39e4 (button) folded on the Turn
Seat 5: e352e90a (small blind) folded before Flop
Seat 6: Hero (big blind) folded before Flop


Poker Hand #HD1737756383: Hold'em No Limit ($0.02/$0.05) - 2024/04/19 19:47:02
Table 'NLHBlue28' 6-max Seat #3 is the button
Seat 1: b8fba79f ($5.07 in chips)
Seat 2: bb010682 ($8.99 in chips)
Seat 3: 14a950be ($4.93 in chips)
Seat 4: 2ffe39e4 ($6.45 in chips)
Seat 5: e352e90a ($5.33 in chips)
Seat 6: Hero ($5.35 in chips)
2ffe39e4: posts small blind $0.02
e352e90a: posts big blind $0.05
*** HOLE CARDS ***
Dealt to b8fba79f 
Dealt to bb010682 
Dealt to 14a950be 
Dealt to 2ffe39e4 
Dealt to e352e90a 
Dealt to Hero [4d Js]
Hero: folds
b8fba79f: folds
bb010682: folds
14a950be: folds
2ffe39e4: folds
Uncalled bet ($0.03) returned to e352e90a
*** SHOWDOWN ***
e352e90a collected $0.04 from pot
*** SUMMARY ***
Total pot $0.04 | Rake $0 | Jackpot $0 | Bingo $0 | Fortune $0 | Tax $0
Seat 1: b8fba79f folded before Flop (didn't bet)
Seat 2: bb010682 folded before Flop (didn't bet)
Seat 3: 14a950be (button) folded before Flop (didn't bet)
Seat 4: 2ffe39e4 (small blind) folded before Flop
Seat 5: e352e90a (big blind) collected ($0.04)
Seat 6: Hero folded before Flop (didn't bet)


Poker Hand #HD1737756308: Hold'em No Limit ($0.02/$0.05) - 2024/04/19 19:46:22
Table 'NLHBlue28' 6-max Seat #2 is the button
Seat 1: b8fba79f ($5.07 in chips)
Seat 2: bb010682 ($8.99 in chips)
Seat 3: 14a950be ($4.95 in chips)
Seat 4: 2ffe39e4 ($6.16 in chips)
Seat 5: e352e90a ($5.63 in chips)
Seat 6: Hero ($5.35 in chips)
14a950be: posts small blind $0.02
2ffe39e4: posts big blind $0.05
*** HOLE CARDS ***
Dealt to b8fba79f 
Dealt to bb010682 
Dealt to 14a950be 
Dealt to 2ffe39e4 
Dealt to e352e90a 
Dealt to Hero [2s 4s]
e352e90a: raises $0.07 to $0.12
Hero: folds
b8fba79f: folds
bb010682: folds
14a950be: folds
2ffe39e4: calls $0.07
*** FLOP *** [Qc 6h 6d]
2ffe39e4: checks
e352e90a: checks
*** TURN *** [Qc 6h 6d] [Ad]
2ffe39e4: checks
e352e90a: bets $0.18
2ffe39e4: calls $0.18
*** RIVER *** [Qc 6h 6d Ad] [Tc]
2ffe39e4: checks
e352e90a: checks
2ffe39e4: shows [Qs Kh] (Pair of Queens and Pair of Sixes)
e352e90a: shows [8c 8h] (Pair of Eights and Pair of Sixes)
*** SHOWDOWN ***
2ffe39e4 collected $0.59 from pot
*** SUMMARY ***
Total pot $0.62 | Rake $0.03 | Jackpot $0 | Bingo $0 | Fortune $0 | Tax $0
Board [Qc 6h 6d Ad Tc]
Seat 1: b8fba79f folded before Flop (didn't bet)
Seat 2: bb010682 (button) folded before Flop (didn't bet)
Seat 3: 14a950be (small blind) folded before Flop
Seat 4: 2ffe39e4 (big blind) showed [Qs Kh] and won ($0.59) with Pair of Queens and Pair of Sixes
Seat 5: e352e90a showed [8c 8h] and lost with Pair of Eights and Pair of Sixes
Seat 6: Hero folded before Flop (didn't bet)


Poker Hand #HD1737756265: Hold'em No Limit ($0.02/$0.05) - 2024/04/19 19:45:56
Table 'NLHBlue28' 6-max Seat #1 is the button
Seat 1: b8fba79f ($5.07 in chips)
Seat 2: bb010682 ($9.01 in chips)
Seat 3: 14a950be ($5 in chips)
Seat 4: 2ffe39e4 ($6.31 in chips)
Seat 5: e352e90a ($5.42 in chips)
Seat 6: Hero ($5.35 in chips)
bb010682: posts small blind $0.02
14a950be: posts big blind $0.05
*** HOLE CARDS ***
Dealt to b8fba79f 
Dealt to bb010682 
Dealt to 14a950be 
Dealt to 2ffe39e4 
Dealt to e352e90a 
Dealt to Hero [5s 6c]
2ffe39e4: raises $0.1 to $0.15
e352e90a: raises $0.31 to $0.46
Hero: folds
b8fba79f: folds
bb010682: folds
14a950be: folds
2ffe39e4: folds
Uncalled bet ($0.31) returned to e352e90a
*** SHOWDOWN ***
e352e90a collected $0.36 from pot
*** SUMMARY ***
Total pot $0.37 | Rake $0.01 | Jackpot $0 | Bingo $0 | Fortune $0 | Tax $0
Seat 1: b8fba79f (button) folded before Flop (didn't bet)
Seat 2: bb010682 (small blind) folded before Flop
Seat 3: 14a950be (big blind) folded before Flop
Seat 4: 2ffe39e4 folded before Flop
Seat 5: e352e90a collected ($0.36)
Seat 6: Hero folded before Flop (didn't bet)


Poker Hand #HD1737756240: Hold'em No Limit ($0.02/$0.05) - 2024/04/19 19:45:38
Table 'NLHBlue28' 6-max Seat #6 is the button
Seat 1: b8fba79f ($5.02 in chips)
Seat 2: bb010682 ($9.06 in chips)
Seat 4: 2ffe39e4 ($6.31 in chips)
Seat 5: e352e90a ($5.42 in chips)
Seat 6: Hero ($5.35 in chips)
b8fba79f: posts small blind $0.02
bb010682: posts big blind $0.05
*** HOLE CARDS ***
Dealt to b8fba79f 
Dealt to bb010682 
Dealt to 2ffe39e4 
Dealt to e352e90a 
Dealt to Hero [5c 6s]
2ffe39e4: folds
e352e90a: folds
Hero: folds
b8fba79f: calls $0.03
bb010682: checks
*** FLOP *** [2c 7c 9h]
b8fba79f: bets $0.05
bb010682: folds
Uncalled bet ($0.05) returned to b8fba79f
*** SHOWDOWN ***
b8fba79f collected $0.1 from pot
*** SUMMARY ***
Total pot $0.1 | Rake $0 | Jackpot $0 | Bingo $0 | Fortune $0 | Tax $0
Board [2c 7c 9h]
Seat 1: b8fba79f (small blind) won ($0.1)
Seat 2: bb010682 (big blind) folded on the Flop
Seat 4: 2ffe39e4 folded before Flop (didn't bet)
Seat 5: e352e90a folded before Flop (didn't bet)
Seat 6: Hero (button) folded before Flop (didn't bet)


Poker Hand #HD1737756222: Hold'em No Limit ($0.02/$0.05) - 2024/04/19 19:45:30
Table 'NLHBlue28' 6-max Seat #5 is the button
Seat 1: b8fba79f ($5 in chips)
Seat 2: bb010682 ($9.06 in chips)
Seat 4: 2ffe39e4 ($6.31 in chips)
Seat 5: e352e90a ($5.42 in chips)
Seat 6: Hero ($5.37 in chips)
Hero: posts small blind $0.02
b8fba79f: posts big blind $0.05
*** HOLE CARDS ***
Dealt to b8fba79f 
Dealt to bb010682 
Dealt to 2ffe39e4 
Dealt to e352e90a 
Dealt to Hero [8d 3d]
bb010682: folds
2ffe39e4: folds
e352e90a: folds
Hero: folds
Uncalled bet ($0.03) returned to b8fba79f
*** SHOWDOWN ***
b8fba79f collected $0.04 from pot
*** SUMMARY ***
Total pot $0.04 | Rake $0 | Jackpot $0 | Bingo $0 | Fortune $0 | Tax $0
Seat 1: b8fba79f (big blind) collected ($0.04)
Seat 2: bb010682 folded before Flop (didn't bet)
Seat 4: 2ffe39e4 folded before Flop (didn't bet)
Seat 5: e352e90a (button) folded before Flop (didn't bet)
Seat 6: Hero (small blind) folded before Flop


Poker Hand #HD1737756199: Hold'em No Limit ($0.02/$0.05) - 2024/04/19 19:45:17
Table 'NLHBlue28' 6-max Seat #4 is the button
Seat 2: bb010682 ($8.99 in chips)
Seat 4: 2ffe39e4 ($6.31 in chips)
Seat 5: e352e90a ($5.44 in chips)
Seat 6: Hero ($5.42 in chips)
e352e90a: posts small blind $0.02
Hero: posts big blind $0.05
*** HOLE CARDS ***
Dealt to bb010682 
Dealt to 2ffe39e4 
Dealt to e352e90a 
Dealt to Hero [7h 3s]
bb010682: raises $0.1 to $0.15
2ffe39e4: folds
e352e90a: folds
Hero: folds
Uncalled bet ($0.1) returned to bb010682
*** SHOWDOWN ***
bb010682 collected $0.12 from pot
*** SUMMARY ***
Total pot $0.12 | Rake $0 | Jackpot $0 | Bingo $0 | Fortune $0 | Tax $0
Seat 2: bb010682 collected ($0.12)
Seat 4: 2ffe39e4 (button) folded before Flop (didn't bet)
Seat 5: e352e90a (small blind) folded before Flop
Seat 6: Hero (big blind) folded before Flop


Poker Hand #HD1737756076: Hold'em No Limit ($0.02/$0.05) - 2024/04/19 19:44:10
Table 'NLHBlue28' 6-max Seat #2 is the button
Seat 1: f6710a9b ($5.39 in chips)
Seat 2: bb010682 ($9.27 in chips)
Seat 3: d31e1c34 ($7.47 in chips)
Seat 4: 2ffe39e4 ($6.43 in chips)
Seat 5: e352e90a ($5.05 in chips)
Seat 6: Hero ($5.42 in chips)
d31e1c34: posts small blind $0.02
2ffe39e4: posts big blind $0.05
*** HOLE CARDS ***
Dealt to f6710a9b 
Dealt to bb010682 
Dealt to d31e1c34 
Dealt to 2ffe39e4 
Dealt to e352e90a 
Dealt to Hero [Ac 7c]
e352e90a: raises $0.07 to $0.12
Hero: folds
f6710a9b: folds
bb010682: calls $0.12
d31e1c34: folds
2ffe39e4: calls $0.07
*** FLOP *** [8s Td 8d]
2ffe39e4: checks
e352e90a: checks
bb010682: checks
*** TURN *** [8s Td 8d] [4s]
2ffe39e4: checks
e352e90a: bets $0.16
bb010682: calls $0.16
2ffe39e4: folds
*** RIVER *** [8s Td 8d 4s] [5s]
e352e90a: bets $0.24
bb010682: folds
Uncalled bet ($0.24) returned to e352e90a
*** SHOWDOWN ***
e352e90a collected $0.67 from pot
*** SUMMARY ***
Total pot $0.7 | Rake $0.03 | Jackpot $0 | Bingo $0 | Fortune $0 | Tax $0
Board [8s Td 8d 4s 5s]
Seat 1: f6710a9b folded before Flop (didn't bet)
Seat 2: bb010682 (button) folded on the River
Seat 3: d31e1c34 (small blind) folded before Flop
Seat 4: 2ffe39e4 (big blind) folded on the Turn
Seat 5: e352e90a won ($0.67)
Seat 6: Hero folded before Flop (didn't bet)


Poker Hand #HD1737756019: Hold'em No Limit ($0.02/$0.05) - 2024/04/19 19:43:36
Table 'NLHBlue28' 6-max Seat #1 is the button
Seat 1: f6710a9b ($5 in chips)
Seat 2: bb010682 ($9.29 in chips)
Seat 3: d31e1c34 ($7.52 in chips)
Seat 4: 2ffe39e4 ($6.43 in chips)
Seat 5: e352e90a ($5.4 in chips)
Seat 6: Hero ($5.42 in chips)
bb010682: posts small blind $0.02
d31e1c34: posts big blind $0.05
*** HOLE CARDS ***
Dealt to f6710a9b 
Dealt to bb010682 
Dealt to d31e1c34 
Dealt to 2ffe39e4 
Dealt to e352e90a 
Dealt to Hero [4c 4d]
2ffe39e4: folds
e352e90a: raises $0.07 to $0.12
Hero: folds
f6710a9b: raises $0.23 to $0.35
bb010682: folds
d31e1c34: folds
e352e90a: calls $0.23
*** FLOP *** [9d Td 5c]
e352e90a: checks
f6710a9b: bets $0.4
e352e90a: folds
Uncalled bet ($0.4) returned to f6710a9b
*** SHOWDOWN ***
f6710a9b collected $0.74 from pot
*** SUMMARY ***
Total pot $0.77 | Rake $0.03 | Jackpot $0 | Bingo $0 | Fortune $0 | Tax $0
Board [9d Td 5c]
Seat 1: f6710a9b (button) won ($0.74)
Seat 2: bb010682 (small blind) folded before Flop
Seat 3: d31e1c34 (big blind) folded before Flop
Seat 4: 2ffe39e4 folded before Flop (didn't bet)
Seat 5: e352e90a folded on the Flop
Seat 6: Hero folded before Flop (didn't bet)


Poker Hand #HD1737755967: Hold'em No Limit ($0.02/$0.05) - 2024/04/19 19:43:04
Table 'NLHBlue28' 6-max Seat #6 is the button
Seat 1: f6710a9b ($5 in chips)
Seat 2: bb010682 ($9.34 in chips)
Seat 3: d31e1c34 ($7.52 in chips)
Seat 4: 2ffe39e4 ($6.58 in chips)
Seat 5: e352e90a ($5.19 in chips)
Seat 6: Hero ($5.42 in chips)
f6710a9b: posts small blind $0.02
bb010682: posts big blind $0.05
*** HOLE CARDS ***
Dealt to f6710a9b 
Dealt to bb010682 
Dealt to d31e1c34 
Dealt to 2ffe39e4 
Dealt to e352e90a 
Dealt to Hero [Ad 2c]
d31e1c34: folds
2ffe39e4: raises $0.1 to $0.15
e352e90a: raises $0.31 to $0.46
Hero: folds
f6710a9b: folds
bb010682: folds
2ffe39e4: folds
Uncalled bet ($0.31) returned to e352e90a
*** SHOWDOWN ***
e352e90a collected $0.36 from pot
*** SUMMARY ***
Total pot $0.37 | Rake $0.01 | Jackpot $0 | Bingo $0 | Fortune $0 | Tax $0
Seat 1: f6710a9b (small blind) folded before Flop
Seat 2: bb010682 (big blind) folded before Flop
Seat 3: d31e1c34 folded before Flop (didn't bet)
Seat 4: 2ffe39e4 folded before Flop
Seat 5: e352e90a collected ($0.36)
Seat 6: Hero (button) folded before Flop (didn't bet)


Poker Hand #HD1737755932: Hold'em No Limit ($0.02/$0.05) - 2024/04/19 19:42:48
Table 'NLHBlue28' 6-max Seat #5 is the button
Seat 1: f6710a9b ($5 in chips)
Seat 2: bb010682 ($9.34 in chips)
Seat 3: d31e1c34 ($7.52 in chips)
Seat 4: 2ffe39e4 ($6.51 in chips)
Seat 5: e352e90a ($5.19 in chips)
Seat 6: Hero ($5.44 in chips)
Hero: posts small blind $0.02
f6710a9b: posts big blind $0.05
*** HOLE CARDS ***
Dealt to f6710a9b 
Dealt to bb010682 
Dealt to d31e1c34 
Dealt to 2ffe39e4 
Dealt to e352e90a 
Dealt to Hero [4c 6c]
bb010682: folds
d31e1c34: folds
2ffe39e4: raises $0.1 to $0.15
e352e90a: folds
Hero: folds
f6710a9b: folds
Uncalled bet ($0.1) returned to 2ffe39e4
*** SHOWDOWN ***
2ffe39e4 collected $0.12 from pot
*** SUMMARY ***
Total pot $0.12 | Rake $0 | Jackpot $0 | Bingo $0 | Fortune $0 | Tax $0
Seat 1: f6710a9b (big blind) folded before Flop
Seat 2: bb010682 folded before Flop (didn't bet)
Seat 3: d31e1c34 folded before Flop (didn't bet)
Seat 4: 2ffe39e4 collected ($0.12)
Seat 5: e352e90a (button) folded before Flop (didn't bet)
Seat 6: Hero (small blind) folded before Flop


Poker Hand #HD1737755902: Hold'em No Limit ($0.02/$0.05) - 2024/04/19 19:42:31
Table 'NLHBlue28' 6-max Seat #4 is the button
Seat 2: bb010682 ($9.34 in chips)
Seat 3: d31e1c34 ($7.52 in chips)
Seat 4: 2ffe39e4 ($6.51 in chips)
Seat 5: e352e90a ($5.14 in chips)
Seat 6: Hero ($5.49 in chips)
e352e90a: posts small blind $0.02
Hero: posts big blind $0.05
*** HOLE CARDS ***
Dealt to bb010682 
Dealt to d31e1c34 
Dealt to 2ffe39e4 
Dealt to e352e90a 
Dealt to Hero [4h Ad]
bb010682: folds
d31e1c34: folds
2ffe39e4: folds
e352e90a: raises $0.1 to $0.15
Hero: folds
Uncalled bet ($0.1) returned to e352e90a
*** SHOWDOWN ***
e352e90a collected $0.1 from pot
*** SUMMARY ***
Total pot $0.1 | Rake $0 | Jackpot $0 | Bingo $0 | Fortune $0 | Tax $0
Seat 2: bb010682 folded before Flop (didn't bet)
Seat 3: d31e1c34 folded before Flop (didn't bet)
Seat 4: 2ffe39e4 (button) folded before Flop (didn't bet)
Seat 5: e352e90a (small blind) collected ($0.1)
Seat 6: Hero (big blind) folded before Flop


Poker Hand #HD1737755886: Hold'em No Limit ($0.02/$0.05) - 2024/04/19 19:42:21
Table 'NLHBlue28' 6-max Seat #3 is the button
Seat 2: bb010682 ($9.27 in chips)
Seat 3: d31e1c34 ($7.52 in chips)
Seat 4: 2ffe39e4 ($6.53 in chips)
Seat 5: e352e90a ($5.19 in chips)
Seat 6: Hero ($5.49 in chips)
2ffe39e4: posts small blind $0.02
e352e90a: posts big blind $0.05
*** HOLE CARDS ***
Dealt to bb010682 
Dealt to d31e1c34 
Dealt to 2ffe39e4 
Dealt to e352e90a 
Dealt to Hero [6s 9d]
Hero: folds
bb010682: raises $0.1 to $0.15
d31e1c34: folds
2ffe39e4: folds
e352e90a: folds
Uncalled bet ($0.1) returned to bb010682
*** SHOWDOWN ***
bb010682 collected $0.12 from pot
*** SUMMARY ***
Total pot $0.12 | Rake $0 | Jackpot $0 | Bingo $0 | Fortune $0 | Tax $0
Seat 2: bb010682 collected ($0.12)
Seat 3: d31e1c34 (button) folded before Flop (didn't bet)
Seat 4: 2ffe39e4 (small blind) folded before Flop
Seat 5: e352e90a (big blind) folded before Flop
Seat 6: Hero folded before Flop (didn't bet)


Poker Hand #HD1737755861: Hold'em No Limit ($0.02/$0.05) - 2024/04/19 19:42:09
Table 'NLHBlue28' 6-max Seat #2 is the button
Seat 2: bb010682 ($9.27 in chips)
Seat 3: d31e1c34 ($7.54 in chips)
Seat 4: 2ffe39e4 ($6.51 in chips)
Seat 5: e352e90a ($5.19 in chips)
Seat 6: Hero ($5.49 in chips)
d31e1c34: posts small blind $0.02
2ffe39e4: posts big blind $0.05
*** HOLE CARDS ***
Dealt to bb010682 
Dealt to d31e1c34 
Dealt to 2ffe39e4 
Dealt to e352e90a 
Dealt to Hero [Ks 2c]
e352e90a: folds
Hero: folds
bb010682: folds
d31e1c34: folds
Uncalled bet ($0.03) returned to 2ffe39e4
*** SHOWDOWN ***
2ffe39e4 collected $0.04 from pot
*** SUMMARY ***
Total pot $0.04 | Rake $0 | Jackpot $0 | Bingo $0 | Fortune $0 | Tax $0
Seat 2: bb010682 (button) folded before Flop (didn't bet)
Seat 3: d31e1c34 (small blind) folded before Flop
Seat 4: 2ffe39e4 (big blind) collected ($0.04)
Seat 5: e352e90a folded before Flop (didn't bet)
Seat 6: Hero folded before Flop (didn't bet)


Poker Hand #HD1737755796: Hold'em No Limit ($0.02/$0.05) - 2024/04/19 19:41:28
Table 'NLHBlue28' 6-max Seat #6 is the button
Seat 2: bb010682 ($9.39 in chips)
Seat 3: d31e1c34 ($7.59 in chips)
Seat 4: 2ffe39e4 ($6.51 in chips)
Seat 5: e352e90a ($5.03 in chips)
Seat 6: Hero ($5.49 in chips)
bb010682: posts small blind $0.02
d31e1c34: posts big blind $0.05
*** HOLE CARDS ***
Dealt to bb010682 
Dealt to d31e1c34 
Dealt to 2ffe39e4 
Dealt to e352e90a 
Dealt to Hero [8h Js]
2ffe39e4: folds
e352e90a: raises $0.07 to $0.12
Hero: folds
bb010682: calls $0.1
d31e1c34: folds
*** FLOP *** [Jd Ad 9c]
bb010682: checks
e352e90a: checks
*** TURN *** [Jd Ad 9c] [Qs]
bb010682: checks
e352e90a: bets $0.2
bb010682: folds
Uncalled bet ($0.2) returned to e352e90a
*** SHOWDOWN ***
e352e90a collected $0.28 from pot
*** SUMMARY ***
Total pot $0.29 | Rake $0.01 | Jackpot $0 | Bingo $0 | Fortune $0 | Tax $0
Board [Jd Ad 9c Qs]
Seat 2: bb010682 (small blind) folded on the Turn
Seat 3: d31e1c34 (big blind) folded before Flop
Seat 4: 2ffe39e4 folded before Flop (didn't bet)
Seat 5: e352e90a won ($0.28)
Seat 6: Hero (button) folded before Flop (didn't bet)


Poker Hand #HD1737755779: Hold'em No Limit ($0.02/$0.05) - 2024/04/19 19:41:18
Table 'NLHBlue28' 6-max Seat #5 is the button
Seat 2: bb010682 ($9.37 in chips)
Seat 3: d31e1c34 ($7.59 in chips)
Seat 4: 2ffe39e4 ($6.51 in chips)
Seat 5: e352e90a ($5.03 in chips)
Seat 6: Hero ($5.51 in chips)
Hero: posts small blind $0.02
bb010682: posts big blind $0.05
*** HOLE CARDS ***
Dealt to bb010682 
Dealt to d31e1c34 
Dealt to 2ffe39e4 
Dealt to e352e90a 
Dealt to Hero [Ts 2s]
d31e1c34: folds
2ffe39e4: folds
e352e90a: folds
Hero: folds
Uncalled bet ($0.03) returned to bb010682
*** SHOWDOWN ***
bb010682 collected $0.04 from pot
*** SUMMARY ***
Total pot $0.04 | Rake $0 | Jackpot $0 | Bingo $0 | Fortune $0 | Tax $0
Seat 2: bb010682 (big blind) collected ($0.04)
Seat 3: d31e1c34 folded before Flop (didn't bet)
Seat 4: 2ffe39e4 folded before Flop (didn't bet)
Seat 5: e352e90a (button) folded before Flop (didn't bet)
Seat 6: Hero (small blind) folded before Flop


Poker Hand #HD1737755743: Hold'em No Limit ($0.02/$0.05) - 2024/04/19 19:40:59
Table 'NLHBlue28' 6-max Seat #4 is the button
Seat 1: cc03b1db ($5.67 in chips)
Seat 2: bb010682 ($9.37 in chips)
Seat 3: d31e1c34 ($7.59 in chips)
Seat 4: 2ffe39e4 ($6.51 in chips)
Seat 5: e352e90a ($5.05 in chips)
Seat 6: Hero ($5.56 in chips)
e352e90a: posts small blind $0.02
Hero: posts big blind $0.05
*** HOLE CARDS ***
Dealt to cc03b1db 
Dealt to bb010682 
Dealt to d31e1c34 
Dealt to 2ffe39e4 
Dealt to e352e90a 
Dealt to Hero [4s Kh]
cc03b1db: raises $0.1 to $0.15
bb010682: folds
d31e1c34: folds
2ffe39e4: folds
e352e90a: folds
Hero: folds
Uncalled bet ($0.1) returned to cc03b1db
*** SHOWDOWN ***
cc03b1db collected $0.12 from pot
*** SUMMARY ***
Total pot $0.12 | Rake $0 | Jackpot $0 | Bingo $0 | Fortune $0 | Tax $0
Seat 1: cc03b1db collected ($0.12)
Seat 2: bb010682 folded before Flop (didn't bet)
Seat 3: d31e1c34 folded before Flop (didn't bet)
Seat 4: 2ffe39e4 (button) folded before Flop (didn't bet)
Seat 5: e352e90a (small blind) folded before Flop
Seat 6: Hero (big blind) folded before Flop


Poker Hand #HD1737755720: Hold'em No Limit ($0.02/$0.05) - 2024/04/19 19:40:47
Table 'NLHBlue28' 6-max Seat #3 is the button
Seat 1: cc03b1db ($5.67 in chips)
Seat 2: bb010682 ($9.37 in chips)
Seat 3: d31e1c34 ($7.59 in chips)
Seat 4: 2ffe39e4 ($6.53 in chips)
Seat 5: e352e90a ($5.03 in chips)
Seat 6: Hero ($5.56 in chips)
2ffe39e4: posts small blind $0.02
e352e90a: posts big blind $0.05
*** HOLE CARDS ***
Dealt to cc03b1db 
Dealt to bb010682 
Dealt to d31e1c34 
Dealt to 2ffe39e4 
Dealt to e352e90a 
Dealt to Hero [2h 6c]
Hero: folds
cc03b1db: folds
bb010682: folds
d31e1c34: folds
2ffe39e4: folds
Uncalled bet ($0.03) returned to e352e90a
*** SHOWDOWN ***
e352e90a collected $0.04 from pot
*** SUMMARY ***
Total pot $0.04 | Rake $0 | Jackpot $0 | Bingo $0 | Fortune $0 | Tax $0
Seat 1: cc03b1db folded before Flop (didn't bet)
Seat 2: bb010682 folded before Flop (didn't bet)
Seat 3: d31e1c34 (button) folded before Flop (didn't bet)
Seat 4: 2ffe39e4 (small blind) folded before Flop
Seat 5: e352e90a (big blind) collected ($0.04)
Seat 6: Hero folded before Flop (didn't bet)


Poker Hand #HD1737615620: Hold'em No Limit ($0.02/$0.05) - 2024/04/19 19:39:49
Table 'NLHBlue28' 6-max Seat #2 is the button
Seat 1: cc03b1db ($5.67 in chips)
Seat 2: bb010682 ($9.91 in chips)
Seat 3: d31e1c34 ($7.61 in chips)
Seat 4: 2ffe39e4 ($6.58 in chips)
Seat 5: e352e90a ($5.03 in chips)
Seat 6: Hero ($5 in chips)
d31e1c34: posts small blind $0.02
2ffe39e4: posts big blind $0.05
*** HOLE CARDS ***
Dealt to cc03b1db 
Dealt to bb010682 
Dealt to d31e1c34 
Dealt to 2ffe39e4 
Dealt to e352e90a 
Dealt to Hero [Td Kd]
e352e90a: folds
Hero: raises $0.05 to $0.1
cc03b1db: folds
bb010682: raises $0.21 to $0.31
d31e1c34: folds
2ffe39e4: folds
Hero: calls $0.21
*** FLOP *** [4h 3d Qd]
Hero: checks
bb010682: bets $0.23
Hero: raises $0.57 to $0.8
bb010682: folds
Uncalled bet ($0.57) returned to Hero
*** SHOWDOWN ***
Hero collected $1.1 from pot
*** SUMMARY ***
Total pot $1.15 | Rake $0.05 | Jackpot $0 | Bingo $0 | Fortune $0 | Tax $0
Board [4h 3d Qd]
Seat 1: cc03b1db folded before Flop (didn't bet)
Seat 2: bb010682 (button) folded on the Flop
Seat 3: d31e1c34 (small blind) folded before Flop
Seat 4: 2ffe39e4 (big blind) folded before Flop
Seat 5: e352e90a folded before Flop (didn't bet)
Seat 6: Hero won ($1.1)


Poker Hand #HD1737615603: Hold'em No Limit ($0.02/$0.05) - 2024/04/19 19:39:36
Table 'NLHBlue28' 6-max Seat #1 is the button
Seat 1: cc03b1db ($5.67 in chips)
Seat 2: bb010682 ($9.93 in chips)
Seat 3: d31e1c34 ($7.59 in chips)
Seat 4: 2ffe39e4 ($6.58 in chips)
Seat 5: e352e90a ($5.03 in chips)
Seat 6: Hero ($5 in chips)
bb010682: posts small blind $0.02
d31e1c34: posts big blind $0.05
*** HOLE CARDS ***
Dealt to cc03b1db 
Dealt to bb010682 
Dealt to d31e1c34 
Dealt to 2ffe39e4 
Dealt to e352e90a 
Dealt to Hero [5h Th]
2ffe39e4: folds
e352e90a: folds
Hero: folds
cc03b1db: folds
bb010682: folds
Uncalled bet ($0.03) returned to d31e1c34
*** SHOWDOWN ***
d31e1c34 collected $0.04 from pot
*** SUMMARY ***
Total pot $0.04 | Rake $0 | Jackpot $0 | Bingo $0 | Fortune $0 | Tax $0
Seat 1: cc03b1db (button) folded before Flop (didn't bet)
Seat 2: bb010682 (small blind) folded before Flop
Seat 3: d31e1c34 (big blind) collected ($0.04)
Seat 4: 2ffe39e4 folded before Flop (didn't bet)
Seat 5: e352e90a folded before Flop (didn't bet)
Seat 6: Hero folded before Flop (didn't bet)


Poker Hand #HD1737615575: Hold'em No Limit ($0.02/$0.05) - 2024/04/19 19:39:17
Table 'NLHBlue28' 6-max Seat #6 is the button
Seat 1: cc03b1db ($5.62 in chips)
Seat 2: bb010682 ($9.98 in chips)
Seat 3: d31e1c34 ($7.59 in chips)
Seat 4: 2ffe39e4 ($6.58 in chips)
Seat 5: e352e90a ($5.03 in chips)
Seat 6: Hero ($5 in chips)
cc03b1db: posts small blind $0.02
bb010682: posts big blind $0.05
*** HOLE CARDS ***
Dealt to cc03b1db 
Dealt to bb010682 
Dealt to d31e1c34 
Dealt to 2ffe39e4 
Dealt to e352e90a 
Dealt to Hero [Kc 2s]
d31e1c34: folds
2ffe39e4: folds
e352e90a: folds
Hero: folds
cc03b1db: raises $0.1 to $0.15
bb010682: folds
Uncalled bet ($0.1) returned to cc03b1db
*** SHOWDOWN ***
cc03b1db collected $0.1 from pot
*** SUMMARY ***
Total pot $0.1 | Rake $0 | Jackpot $0 | Bingo $0 | Fortune $0 | Tax $0
Seat 1: cc03b1db (small blind) collected ($0.1)
Seat 2: bb010682 (big blind) folded before Flop
Seat 3: d31e1c34 folded before Flop (didn't bet)
Seat 4: 2ffe39e4 folded before Flop (didn't bet)
Seat 5: e352e90a folded before Flop (didn't bet)
Seat 6: Hero (button) folded before Flop (didn't bet)


Poker Hand #HD1737615544: Hold'em No Limit ($0.02/$0.05) - 2024/04/19 19:39:01
Table 'NLHBlue28' 6-max Seat #5 is the button
Seat 1: cc03b1db ($5.67 in chips)
Seat 2: bb010682 ($9.98 in chips)
Seat 3: d31e1c34 ($7.59 in chips)
Seat 4: 2ffe39e4 ($6.51 in chips)
Seat 5: e352e90a ($5.03 in chips)
Seat 6: Hero ($5 in chips)
Hero: posts small blind $0.02
cc03b1db: posts big blind $0.05
*** HOLE CARDS ***
Dealt to cc03b1db 
Dealt to bb010682 
Dealt to d31e1c34 
Dealt to 2ffe39e4 
Dealt to e352e90a 
Dealt to Hero [9d 4c]
bb010682: folds
d31e1c34: folds
2ffe39e4: raises $0.1 to $0.15
e352e90a: folds
Hero: folds
cc03b1db: folds
Uncalled bet ($0.1) returned to 2ffe39e4
*** SHOWDOWN ***
2ffe39e4 collected $0.12 from pot
*** SUMMARY ***
Total pot $0.12 | Rake $0 | Jackpot $0 | Bingo $0 | Fortune $0 | Tax $0
Seat 1: cc03b1db (big blind) folded before Flop
Seat 2: bb010682 folded before Flop (didn't bet)
Seat 3: d31e1c34 folded before Flop (didn't bet)
Seat 4: 2ffe39e4 collected ($0.12)
Seat 5: e352e90a (button) folded before Flop (didn't bet)
Seat 6: Hero (small blind) folded before Flop


Poker Hand #HD1737615440: Hold'em No Limit ($0.02/$0.05) - 2024/04/19 19:38:01
Table 'NLHBlue28' 6-max Seat #4 is the button
Seat 1: cc03b1db ($5.67 in chips)
Seat 2: bb010682 ($9.98 in chips)
Seat 3: d31e1c34 ($7.59 in chips)
Seat 4: 2ffe39e4 ($5.92 in chips)
Seat 5: e352e90a ($5.05 in chips)
Seat 6: Hero ($5.07 in chips)
e352e90a: posts small blind $0.02
Hero: posts big blind $0.05
*** HOLE CARDS ***
Dealt to cc03b1db 
Dealt to bb010682 
Dealt to d31e1c34 
Dealt to 2ffe39e4 
Dealt to e352e90a 
Dealt to Hero [Ts Kc]
cc03b1db: folds
bb010682: folds
d31e1c34: folds
2ffe39e4: raises $0.1 to $0.15
e352e90a: folds
Hero: calls $0.1
*** FLOP *** [2d Ah Qs]
Hero: checks
2ffe39e4: bets $0.16
Hero: calls $0.16
*** TURN *** [2d Ah Qs] [Kd]
Hero: checks
2ffe39e4: bets $0.32
Hero: calls $0.32
*** RIVER *** [2d Ah Qs Kd] [2c]
Hero: checks
2ffe39e4: checks
Hero: shows [Ts Kc] (Pair of Kings and Pair of Twos)
2ffe39e4: shows [Ac Jd] (Pair of Aces and Pair of Twos)
*** SHOWDOWN ***
2ffe39e4 collected $1.22 from pot
*** SUMMARY ***
Total pot $1.28 | Rake $0.06 | Jackpot $0 | Bingo $0 | Fortune $0 | Tax $0
Board [2d Ah Qs Kd 2c]
Seat 1: cc03b1db folded before Flop (didn't bet)
Seat 2: bb010682 folded before Flop (didn't bet)
Seat 3: d31e1c34 folded before Flop (didn't bet)
Seat 4: 2ffe39e4 (button) showed [Ac Jd] and won ($1.22) with Pair of Aces and Pair of Twos
Seat 5: e352e90a (small blind) folded before Flop
Seat 6: Hero (big blind) showed [Ts Kc] and lost with Pair of Kings and Pair of Twos


Poker Hand #HD1737615418: Hold'em No Limit ($0.02/$0.05) - 2024/04/19 19:37:48
Table 'NLHBlue28' 6-max Seat #3 is the button
Seat 1: cc03b1db ($5.67 in chips)
Seat 2: bb010682 ($9.98 in chips)
Seat 3: d31e1c34 ($7.52 in chips)
Seat 4: 2ffe39e4 ($5.94 in chips)
Seat 5: e352e90a ($5 in chips)
Seat 6: Hero ($5.07 in chips)
2ffe39e4: posts small blind $0.02
e352e90a: posts big blind $0.05
*** HOLE CARDS ***
Dealt to cc03b1db 
Dealt to bb010682 
Dealt to d31e1c34 
Dealt to 2ffe39e4 
Dealt to e352e90a 
Dealt to Hero [8c 9d]
Hero: folds
cc03b1db: folds
bb010682: folds
d31e1c34: raises $0.07 to $0.12
2ffe39e4: folds
e352e90a: folds
Uncalled bet ($0.07) returned to d31e1c34
*** SHOWDOWN ***
d31e1c34 collected $0.12 from pot
*** SUMMARY ***
Total pot $0.12 | Rake $0 | Jackpot $0 | Bingo $0 | Fortune $0 | Tax $0
Seat 1: cc03b1db folded before Flop (didn't bet)
Seat 2: bb010682 folded before Flop (didn't bet)
Seat 3: d31e1c34 (button) collected ($0.12)
Seat 4: 2ffe39e4 (small blind) folded before Flop
Seat 5: e352e90a (big blind) folded before Flop
Seat 6: Hero folded before Flop (didn't bet)


Poker Hand #HD1737615375: Hold'em No Limit ($0.02/$0.05) - 2024/04/19 19:37:28
Table 'NLHBlue28' 6-max Seat #2 is the button
Seat 1: cc03b1db ($5.67 in chips)
Seat 2: bb010682 ($9.98 in chips)
Seat 3: d31e1c34 ($7.54 in chips)
Seat 4: 2ffe39e4 ($5.99 in chips)
Seat 6: Hero ($5 in chips)
d31e1c34: posts small blind $0.02
2ffe39e4: posts big blind $0.05
*** HOLE CARDS ***
Dealt to cc03b1db 
Dealt to bb010682 
Dealt to d31e1c34 
Dealt to 2ffe39e4 
Dealt to Hero [Kc Jd]
Hero: raises $0.05 to $0.1
cc03b1db: folds
bb010682: folds
d31e1c34: folds
2ffe39e4: folds
Uncalled bet ($0.05) returned to Hero
*** SHOWDOWN ***
Hero collected $0.12 from pot
*** SUMMARY ***
Total pot $0.12 | Rake $0 | Jackpot $0 | Bingo $0 | Fortune $0 | Tax $0
Seat 1: cc03b1db folded before Flop (didn't bet)
Seat 2: bb010682 (button) folded before Flop (didn't bet)
Seat 3: d31e1c34 (small blind) folded before Flop
Seat 4: 2ffe39e4 (big blind) folded before Flop
Seat 6: Hero collected ($0.12)


Poker Hand #HD1737615231: Hold'em No Limit ($0.02/$0.05) - 2024/04/19 19:36:04
Table 'NLHBlue28' 6-max Seat #1 is the button
Seat 1: cc03b1db ($5.39 in chips)
Seat 2: bb010682 ($10.13 in chips)
Seat 3: d31e1c34 ($7.69 in chips)
Seat 4: 2ffe39e4 ($5.99 in chips)
Seat 6: Hero ($5 in chips)
bb010682: posts small blind $0.02
d31e1c34: posts big blind $0.05
*** HOLE CARDS ***
Dealt to cc03b1db 
Dealt to bb010682 
Dealt to d31e1c34 
Dealt to 2ffe39e4 
Dealt to Hero [Kd 2d]
2ffe39e4: folds
Hero: folds
cc03b1db: raises $0.1 to $0.15
bb010682: calls $0.13
d31e1c34: calls $0.1
*** FLOP *** [6s Tc Jc]
bb010682: checks
d31e1c34: checks
cc03b1db: checks
*** TURN *** [6s Tc Jc] [8h]
bb010682: checks
d31e1c34: checks
cc03b1db: checks
*** RIVER *** [6s Tc Jc 8h] [9d]
bb010682: checks
d31e1c34: checks
cc03b1db: checks
bb010682: shows [2s Ks] (King-High)
d31e1c34: shows [5d 5s] (Pair of Fives)
cc03b1db: shows [Ts As] (Pair of Tens)
*** SHOWDOWN ***
cc03b1db collected $0.43 from pot
*** SUMMARY ***
Total pot $0.45 | Rake $0.02 | Jackpot $0 | Bingo $0 | Fortune $0 | Tax $0
Board [6s Tc Jc 8h 9d]
Seat 1: cc03b1db (button) showed [Ts As] and won ($0.43) with Pair of Tens
Seat 2: bb010682 (small blind) showed [2s Ks] and lost with King-High
Seat 3: d31e1c34 (big blind) showed [5d 5s] and lost with Pair of Fives
Seat 4: 2ffe39e4 folded before Flop (didn't bet)
Seat 6: Hero folded before Flop (didn't bet)


Poker Hand #HD1737615190: Hold'em No Limit ($0.02/$0.05) - 2024/04/19 19:35:43
Table 'NLHBlue28' 6-max Seat #6 is the button
Seat 1: cc03b1db ($5.34 in chips)
Seat 2: bb010682 ($10.18 in chips)
Seat 3: d31e1c34 ($7.69 in chips)
Seat 4: 2ffe39e4 ($5.99 in chips)
Seat 6: Hero ($5 in chips)
cc03b1db: posts small blind $0.02
bb010682: posts big blind $0.05
*** HOLE CARDS ***
Dealt to cc03b1db 
Dealt to bb010682 
Dealt to d31e1c34 
Dealt to 2ffe39e4 
Dealt to Hero [Jc 7d]
d31e1c34: folds
2ffe39e4: folds
Hero: folds
cc03b1db: raises $0.1 to $0.15
bb010682: folds
Uncalled bet ($0.1) returned to cc03b1db
*** SHOWDOWN ***
cc03b1db collected $0.1 from pot
*** SUMMARY ***
Total pot $0.1 | Rake $0 | Jackpot $0 | Bingo $0 | Fortune $0 | Tax $0
Seat 1: cc03b1db (small blind) collected ($0.1)
Seat 2: bb010682 (big blind) folded before Flop
Seat 3: d31e1c34 folded before Flop (didn't bet)
Seat 4: 2ffe39e4 folded before Flop (didn't bet)
Seat 6: Hero (button) folded before Flop (didn't bet)


Poker Hand #HD1737615153: Hold'em No Limit ($0.02/$0.05) - 2024/04/19 19:35:22
Table 'NLHBlue28' 6-max Seat #4 is the button
Seat 1: cc03b1db ($5.39 in chips)
Seat 2: bb010682 ($10.18 in chips)
Seat 3: d31e1c34 ($7.69 in chips)
Seat 4: 2ffe39e4 ($5.92 in chips)
Seat 6: Hero ($5 in chips)
Hero: posts small blind $0.02
cc03b1db: posts big blind $0.05
*** HOLE CARDS ***
Dealt to cc03b1db 
Dealt to bb010682 
Dealt to d31e1c34 
Dealt to 2ffe39e4 
Dealt to Hero [9c 8s]
bb010682: folds
d31e1c34: folds
2ffe39e4: raises $0.1 to $0.15
Hero: folds
cc03b1db: folds
Uncalled bet ($0.1) returned to 2ffe39e4
*** SHOWDOWN ***
2ffe39e4 collected $0.12 from pot
*** SUMMARY ***
Total pot $0.12 | Rake $0 | Jackpot $0 | Bingo $0 | Fortune $0 | Tax $0
Seat 1: cc03b1db (big blind) folded before Flop
Seat 2: bb010682 folded before Flop (didn't bet)
Seat 3: d31e1c34 folded before Flop (didn't bet)
Seat 4: 2ffe39e4 (button) collected ($0.12)
Seat 6: Hero (small blind) folded before Flop


Poker Hand #HD1737615135: Hold'em No Limit ($0.02/$0.05) - 2024/04/19 19:35:10
Table 'NLHBlue28' 6-max Seat #3 is the button
Seat 1: cc03b1db ($5.39 in chips)
Seat 2: bb010682 ($10.11 in chips)
Seat 3: d31e1c34 ($7.69 in chips)
Seat 4: 2ffe39e4 ($5.94 in chips)
Seat 6: Hero ($5 in chips)
2ffe39e4: posts small blind $0.02
Hero: posts big blind $0.05
*** HOLE CARDS ***
Dealt to cc03b1db 
Dealt to bb010682 
Dealt to d31e1c34 
Dealt to 2ffe39e4 
Dealt to Hero [Qh 3d]
cc03b1db: folds
bb010682: raises $0.1 to $0.15
d31e1c34: folds
2ffe39e4: folds
Hero: folds
Uncalled bet ($0.1) returned to bb010682
*** SHOWDOWN ***
bb010682 collected $0.12 from pot
*** SUMMARY ***
Total pot $0.12 | Rake $0 | Jackpot $0 | Bingo $0 | Fortune $0 | Tax $0
Seat 1: cc03b1db folded before Flop (didn't bet)
Seat 2: bb010682 collected ($0.12)
Seat 3: d31e1c34 (button) folded before Flop (didn't bet)
Seat 4: 2ffe39e4 (small blind) folded before Flop
Seat 6: Hero (big blind) folded before Flop


Poker Hand #HD1737615099: Hold'em No Limit ($0.02/$0.05) - 2024/04/19 19:34:53
Table 'NLHBlue28' 6-max Seat #2 is the button
Seat 1: cc03b1db ($5.39 in chips)
Seat 2: bb010682 ($10.04 in chips)
Seat 3: d31e1c34 ($7.71 in chips)
Seat 4: 2ffe39e4 ($5.99 in chips)
Seat 6: Hero ($5 in chips)
d31e1c34: posts small blind $0.02
2ffe39e4: posts big blind $0.05
*** HOLE CARDS ***
Dealt to cc03b1db 
Dealt to bb010682 
Dealt to d31e1c34 
Dealt to 2ffe39e4 
Dealt to Hero [Qd 7s]
Hero: folds
cc03b1db: folds
bb010682: raises $0.1 to $0.15
d31e1c34: folds
2ffe39e4: folds
Uncalled bet ($0.1) returned to bb010682
*** SHOWDOWN ***
bb010682 collected $0.12 from pot
*** SUMMARY ***
Total pot $0.12 | Rake $0 | Jackpot $0 | Bingo $0 | Fortune $0 | Tax $0
Seat 1: cc03b1db folded before Flop (didn't bet)
Seat 2: bb010682 (button) collected ($0.12)
Seat 3: d31e1c34 (small blind) folded before Flop
Seat 4: 2ffe39e4 (big blind) folded before Flop
Seat 6: Hero folded before Flop (didn't bet)


Poker Hand #HD1737615078: Hold'em No Limit ($0.02/$0.05) - 2024/04/19 19:34:37
Table 'NLHBlue28' 6-max Seat #1 is the button
Seat 1: cc03b1db ($5.39 in chips)
Seat 2: bb010682 ($10.06 in chips)
Seat 3: d31e1c34 ($7.76 in chips)
Seat 4: 2ffe39e4 ($5.92 in chips)
Seat 6: Hero ($5 in chips)
bb010682: posts small blind $0.02
d31e1c34: posts big blind $0.05
*** HOLE CARDS ***
Dealt to cc03b1db 
Dealt to bb010682 
Dealt to d31e1c34 
Dealt to 2ffe39e4 
Dealt to Hero [2c Kh]
2ffe39e4: raises $0.1 to $0.15
Hero: folds
cc03b1db: folds
bb010682: folds
d31e1c34: folds
Uncalled bet ($0.1) returned to 2ffe39e4
*** SHOWDOWN ***
2ffe39e4 collected $0.12 from pot
*** SUMMARY ***
Total pot $0.12 | Rake $0 | Jackpot $0 | Bingo $0 | Fortune $0 | Tax $0
Seat 1: cc03b1db (button) folded before Flop (didn't bet)
Seat 2: bb010682 (small blind) folded before Flop
Seat 3: d31e1c34 (big blind) folded before Flop
Seat 4: 2ffe39e4 collected ($0.12)
Seat 6: Hero folded before Flop (didn't bet)


Poker Hand #HD1737615070: Hold'em No Limit ($0.02/$0.05) - 2024/04/19 19:34:30
Table 'NLHBlue28' 6-max Seat #6 is the button
Seat 1: cc03b1db ($5.41 in chips)
Seat 2: bb010682 ($10.04 in chips)
Seat 3: d31e1c34 ($7.76 in chips)
Seat 4: 2ffe39e4 ($5.92 in chips)
Seat 6: Hero ($5 in chips)
cc03b1db: posts small blind $0.02
bb010682: posts big blind $0.05
*** HOLE CARDS ***
Dealt to cc03b1db 
Dealt to bb010682 
Dealt to d31e1c34 
Dealt to 2ffe39e4 
Dealt to Hero [6c 5s]
d31e1c34: folds
2ffe39e4: folds
Hero: folds
cc03b1db: folds
Uncalled bet ($0.03) returned to bb010682
*** SHOWDOWN ***
bb010682 collected $0.04 from pot
*** SUMMARY ***
Total pot $0.04 | Rake $0 | Jackpot $0 | Bingo $0 | Fortune $0 | Tax $0
Seat 1: cc03b1db (small blind) folded before Flop
Seat 2: bb010682 (big blind) collected ($0.04)
Seat 3: d31e1c34 folded before Flop (didn't bet)
Seat 4: 2ffe39e4 folded before Flop (didn't bet)
Seat 6: Hero (button) folded before Flop (didn't bet)


Poker Hand #HD1737614945: Hold'em No Limit ($0.02/$0.05) - 2024/04/19 19:33:16
Table 'NLHBlue28' 6-max Seat #5 is the button
Seat 1: cc03b1db ($5.14 in chips)
Seat 2: bb010682 ($10.04 in chips)
Seat 3: d31e1c34 ($7.76 in chips)
Seat 4: 2ffe39e4 ($5.92 in chips)
Seat 5: ec1c57cd ($5 in chips)
Seat 6: Hero ($5.24 in chips)
Hero: posts small blind $0.02
cc03b1db: posts big blind $0.05
*** HOLE CARDS ***
Dealt to cc03b1db 
Dealt to bb010682 
Dealt to d31e1c34 
Dealt to 2ffe39e4 
Dealt to ec1c57cd 
Dealt to Hero [Td 9h]
bb010682: folds
d31e1c34: folds
2ffe39e4: folds
ec1c57cd: folds
Hero: raises $0.1 to $0.15
cc03b1db: calls $0.1
*** FLOP *** [9d Ks 4c]
Hero: checks
cc03b1db: bets $0.15
Hero: calls $0.15
*** TURN *** [9d Ks 4c] [3s]
Hero: checks
cc03b1db: bets $0.45
Hero: folds
Uncalled bet ($0.45) returned to cc03b1db
*** SHOWDOWN ***
cc03b1db collected $0.57 from pot
*** SUMMARY ***
Total pot $0.6 | Rake $0.03 | Jackpot $0 | Bingo $0 | Fortune $0 | Tax $0
Board [9d Ks 4c 3s]
Seat 1: cc03b1db (big blind) won ($0.57)
Seat 2: bb010682 folded before Flop (didn't bet)
Seat 3: d31e1c34 folded before Flop (didn't bet)
Seat 4: 2ffe39e4 folded before Flop (didn't bet)
Seat 5: ec1c57cd (button) folded before Flop (didn't bet)
Seat 6: Hero (small blind) folded on the Turn


Poker Hand #HD1737614923: Hold'em No Limit ($0.02/$0.05) - 2024/04/19 19:33:05
Table 'NLHBlue28' 6-max Seat #4 is the button
Seat 1: cc03b1db ($5.14 in chips)
Seat 2: bb010682 ($10.04 in chips)
Seat 3: d31e1c34 ($7.76 in chips)
Seat 4: 2ffe39e4 ($5.92 in chips)
Seat 5: ec1c57cd ($5.02 in chips)
Seat 6: Hero ($5.22 in chips)
ec1c57cd: posts small blind $0.02
Hero: posts big blind $0.05
*** HOLE CARDS ***
Dealt to cc03b1db 
Dealt to bb010682 
Dealt to d31e1c34 
Dealt to 2ffe39e4 
Dealt to ec1c57cd 
Dealt to Hero [Qs Qc]
cc03b1db: folds
bb010682: folds
d31e1c34: folds
2ffe39e4: folds
ec1c57cd: folds
Uncalled bet ($0.03) returned to Hero
*** SHOWDOWN ***
Hero collected $0.04 from pot
*** SUMMARY ***
Total pot $0.04 | Rake $0 | Jackpot $0 | Bingo $0 | Fortune $0 | Tax $0
Seat 1: cc03b1db folded before Flop (didn't bet)
Seat 2: bb010682 folded before Flop (didn't bet)
Seat 3: d31e1c34 folded before Flop (didn't bet)
Seat 4: 2ffe39e4 (button) folded before Flop (didn't bet)
Seat 5: ec1c57cd (small blind) folded before Flop
Seat 6: Hero (big blind) collected ($0.04)


Poker Hand #HD1737614820: Hold'em No Limit ($0.02/$0.05) - 2024/04/19 19:32:08
Table 'NLHBlue28' 6-max Seat #3 is the button
Seat 1: cc03b1db ($5.14 in chips)
Seat 2: bb010682 ($9.56 in chips)
Seat 3: d31e1c34 ($7.76 in chips)
Seat 4: 2ffe39e4 ($6.02 in chips)
Seat 5: ec1c57cd ($5.07 in chips)
Seat 6: Hero ($5.59 in chips)
2ffe39e4: posts small blind $0.02
ec1c57cd: posts big blind $0.05
*** HOLE CARDS ***
Dealt to cc03b1db 
Dealt to bb010682 
Dealt to d31e1c34 
Dealt to 2ffe39e4 
Dealt to ec1c57cd 
Dealt to Hero [Td Tc]
Hero: raises $0.05 to $0.1
cc03b1db: folds
bb010682: calls $0.1
d31e1c34: folds
2ffe39e4: calls $0.08
ec1c57cd: folds
*** FLOP *** [Qd 7c Kc]
2ffe39e4: checks
Hero: checks
bb010682: checks
*** TURN *** [Qd 7c Kc] [Qh]
2ffe39e4: checks
Hero: checks
bb010682: checks
*** RIVER *** [Qd 7c Kc Qh] [6c]
2ffe39e4: checks
Hero: checks
bb010682: bets $0.27
2ffe39e4: folds
Hero: calls $0.27
bb010682: shows [6d 6s] (Sixes Full over Queens)
Hero: shows [Td Tc] (Pair of Queens and Pair of Tens)
*** SHOWDOWN ***
bb010682 collected $0.85 from pot
*** SUMMARY ***
Total pot $0.89 | Rake $0.04 | Jackpot $0 | Bingo $0 | Fortune $0 | Tax $0
Board [Qd 7c Kc Qh 6c]
Seat 1: cc03b1db folded before Flop (didn't bet)
Seat 2: bb010682 showed [6d 6s] and won ($0.85) with Sixes Full over Queens
Seat 3: d31e1c34 (button) folded before Flop (didn't bet)
Seat 4: 2ffe39e4 (small blind) folded on the River
Seat 5: ec1c57cd (big blind) folded before Flop
Seat 6: Hero showed [Td Tc] and lost with Pair of Queens and Pair of Tens


Poker Hand #HD1737614735: Hold'em No Limit ($0.02/$0.05) - 2024/04/19 19:31:26
Table 'NLHBlue28' 6-max Seat #2 is the button
Seat 1: cc03b1db ($5.27 in chips)
Seat 2: bb010682 ($9.3 in chips)
Seat 3: d31e1c34 ($7.78 in chips)
Seat 4: 2ffe39e4 ($6.15 in chips)
Seat 5: ec1c57cd ($5.07 in chips)
Seat 6: Hero ($5.59 in chips)
d31e1c34: posts small blind $0.02
2ffe39e4: posts big blind $0.05
*** HOLE CARDS ***
Dealt to cc03b1db 
Dealt to bb010682 
Dealt to d31e1c34 
Dealt to 2ffe39e4 
Dealt to ec1c57cd 
Dealt to Hero [Qs 3c]
ec1c57cd: folds
Hero: folds
cc03b1db: raises $0.08 to $0.13
bb010682: calls $0.13
d31e1c34: folds
2ffe39e4: calls $0.08
*** FLOP *** [7h Td 9s]
2ffe39e4: checks
cc03b1db: checks
bb010682: bets $0.21
2ffe39e4: folds
cc03b1db: folds
Uncalled bet ($0.21) returned to bb010682
*** SHOWDOWN ***
bb010682 collected $0.39 from pot
*** SUMMARY ***
Total pot $0.41 | Rake $0.02 | Jackpot $0 | Bingo $0 | Fortune $0 | Tax $0
Board [7h Td 9s]
Seat 1: cc03b1db folded on the Flop
Seat 2: bb010682 (button) won ($0.39)
Seat 3: d31e1c34 (small blind) folded before Flop
Seat 4: 2ffe39e4 (big blind) folded on the Flop
Seat 5: ec1c57cd folded before Flop (didn't bet)
Seat 6: Hero folded before Flop (didn't bet)


Poker Hand #HD1737614648: Hold'em No Limit ($0.02/$0.05) - 2024/04/19 19:30:34
Table 'NLHBlue28' 6-max Seat #1 is the button
Seat 1: cc03b1db ($5.27 in chips)
Seat 2: bb010682 ($9.32 in chips)
Seat 3: d31e1c34 ($7.62 in chips)
Seat 4: 2ffe39e4 ($6.3 in chips)
Seat 5: ec1c57cd ($5.07 in chips)
Seat 6: Hero ($5.59 in chips)
bb010682: posts small blind $0.02
d31e1c34: posts big blind $0.05
*** HOLE CARDS ***
Dealt to cc03b1db 
Dealt to bb010682 
Dealt to d31e1c34 
Dealt to 2ffe39e4 
Dealt to ec1c57cd 
Dealt to Hero [Tc Jh]
2ffe39e4: raises $0.1 to $0.15
ec1c57cd: folds
Hero: folds
cc03b1db: folds
bb010682: folds
d31e1c34: calls $0.1
*** FLOP *** [3h 3s 6d]
d31e1c34: checks
2ffe39e4: checks
*** TURN *** [3h 3s 6d] [Qc]
d31e1c34: checks
2ffe39e4: checks
*** RIVER *** [3h 3s 6d Qc] [4s]
d31e1c34: checks
2ffe39e4: checks
d31e1c34: shows [5h Qh] (Pair of Queens and Pair of Treys)
2ffe39e4: shows [7h Ah] (Pair of Treys)
*** SHOWDOWN ***
d31e1c34 collected $0.31 from pot
*** SUMMARY ***
Total pot $0.32 | Rake $0.01 | Jackpot $0 | Bingo $0 | Fortune $0 | Tax $0
Board [3h 3s 6d Qc 4s]
Seat 1: cc03b1db (button) folded before Flop (didn't bet)
Seat 2: bb010682 (small blind) folded before Flop
Seat 3: d31e1c34 (big blind) showed [5h Qh] and won ($0.31) with Pair of Queens and Pair of Treys
Seat 4: 2ffe39e4 showed [7h Ah] and lost with Pair of Treys
Seat 5: ec1c57cd folded before Flop (didn't bet)
Seat 6: Hero folded before Flop (didn't bet)


Poker Hand #HD1737614615: Hold'em No Limit ($0.02/$0.05) - 2024/04/19 19:30:20
Table 'NLHBlue28' 6-max Seat #6 is the button
Seat 1: cc03b1db ($5.29 in chips)
Seat 2: bb010682 ($9.37 in chips)
Seat 3: d31e1c34 ($7.62 in chips)
Seat 4: 2ffe39e4 ($6.3 in chips)
Seat 5: ec1c57cd ($5.07 in chips)
Seat 6: Hero ($5.52 in chips)
cc03b1db: posts small blind $0.02
bb010682: posts big blind $0.05
*** HOLE CARDS ***
Dealt to cc03b1db 
Dealt to bb010682 
Dealt to d31e1c34 
Dealt to 2ffe39e4 
Dealt to ec1c57cd 
Dealt to Hero [As 8s]
d31e1c34: folds
2ffe39e4: folds
ec1c57cd: folds
Hero: raises $0.07 to $0.12
cc03b1db: folds
bb010682: folds
Uncalled bet ($0.07) returned to Hero
*** SHOWDOWN ***
Hero collected $0.12 from pot
*** SUMMARY ***
Total pot $0.12 | Rake $0 | Jackpot $0 | Bingo $0 | Fortune $0 | Tax $0
Seat 1: cc03b1db (small blind) folded before Flop
Seat 2: bb010682 (big blind) folded before Flop
Seat 3: d31e1c34 folded before Flop (didn't bet)
Seat 4: 2ffe39e4 folded before Flop (didn't bet)
Seat 5: ec1c57cd folded before Flop (didn't bet)
Seat 6: Hero (button) collected ($0.12)


Poker Hand #HD1737614590: Hold'em No Limit ($0.02/$0.05) - 2024/04/19 19:30:03
Table 'NLHBlue28' 6-max Seat #5 is the button
Seat 1: cc03b1db ($5.34 in chips)
Seat 2: bb010682 ($9.37 in chips)
Seat 3: d31e1c34 ($7.62 in chips)
Seat 4: 2ffe39e4 ($6.3 in chips)
Seat 5: ec1c57cd ($5 in chips)
Seat 6: Hero ($5.54 in chips)
Hero: posts small blind $0.02
cc03b1db: posts big blind $0.05
*** HOLE CARDS ***
Dealt to cc03b1db 
Dealt to bb010682 
Dealt to d31e1c34 
Dealt to 2ffe39e4 
Dealt to ec1c57cd 
Dealt to Hero [Qd 3d]
bb010682: folds
d31e1c34: folds
2ffe39e4: folds
ec1c57cd: raises $0.1 to $0.15
Hero: folds
cc03b1db: folds
Uncalled bet ($0.1) returned to ec1c57cd
*** SHOWDOWN ***
ec1c57cd collected $0.12 from pot
*** SUMMARY ***
Total pot $0.12 | Rake $0 | Jackpot $0 | Bingo $0 | Fortune $0 | Tax $0
Seat 1: cc03b1db (big blind) folded before Flop
Seat 2: bb010682 folded before Flop (didn't bet)
Seat 3: d31e1c34 folded before Flop (didn't bet)
Seat 4: 2ffe39e4 folded before Flop (didn't bet)
Seat 5: ec1c57cd (button) collected ($0.12)
Seat 6: Hero (small blind) folded before Flop


Poker Hand #HD1737614525: Hold'em No Limit ($0.02/$0.05) - 2024/04/19 19:29:32
Table 'NLHBlue28' 6-max Seat #4 is the button
Seat 1: cc03b1db ($5.34 in chips)
Seat 2: bb010682 ($8.96 in chips)
Seat 3: d31e1c34 ($8 in chips)
Seat 4: 2ffe39e4 ($6.3 in chips)
Seat 5: ec1c57cd ($5 in chips)
Seat 6: Hero ($5.59 in chips)
ec1c57cd: posts small blind $0.02
Hero: posts big blind $0.05
*** HOLE CARDS ***
Dealt to cc03b1db 
Dealt to bb010682 
Dealt to d31e1c34 
Dealt to 2ffe39e4 
Dealt to ec1c57cd 
Dealt to Hero [Th 5h]
cc03b1db: folds
bb010682: raises $0.1 to $0.15
d31e1c34: raises $0.23 to $0.38
2ffe39e4: folds
ec1c57cd: folds
Hero: folds
bb010682: raises $0.83 to $1.21
d31e1c34: folds
Uncalled bet ($0.83) returned to bb010682
*** SHOWDOWN ***
bb010682 collected $0.79 from pot
*** SUMMARY ***
Total pot $0.83 | Rake $0.04 | Jackpot $0 | Bingo $0 | Fortune $0 | Tax $0
Seat 1: cc03b1db folded before Flop (didn't bet)
Seat 2: bb010682 collected ($0.79)
Seat 3: d31e1c34 folded before Flop
Seat 4: 2ffe39e4 (button) folded before Flop (didn't bet)
Seat 5: ec1c57cd (small blind) folded before Flop
Seat 6: Hero (big blind) folded before Flop


Poker Hand #HD1737614483: Hold'em No Limit ($0.02/$0.05) - 2024/04/19 19:29:07
Table 'NLHBlue28' 6-max Seat #3 is the button
Seat 1: cc03b1db ($5.34 in chips)
Seat 2: bb010682 ($9.06 in chips)
Seat 3: d31e1c34 ($8 in chips)
Seat 4: 2ffe39e4 ($6.32 in chips)
Seat 5: ec1c57cd ($5 in chips)
Seat 6: Hero ($5.43 in chips)
2ffe39e4: posts small blind $0.02
ec1c57cd: posts big blind $0.05
*** HOLE CARDS ***
Dealt to cc03b1db 
Dealt to bb010682 
Dealt to d31e1c34 
Dealt to 2ffe39e4 
Dealt to ec1c57cd 
Dealt to Hero [Qd As]
Hero: raises $0.05 to $0.1
cc03b1db: folds
bb010682: calls $0.1
d31e1c34: folds
2ffe39e4: folds
ec1c57cd: folds
*** FLOP *** [6h 6d Ac]
Hero: bets $0.15
bb010682: folds
Uncalled bet ($0.15) returned to Hero
*** SHOWDOWN ***
Hero collected $0.26 from pot
*** SUMMARY ***
Total pot $0.27 | Rake $0.01 | Jackpot $0 | Bingo $0 | Fortune $0 | Tax $0
Board [6h 6d Ac]
Seat 1: cc03b1db folded before Flop (didn't bet)
Seat 2: bb010682 folded on the Flop
Seat 3: d31e1c34 (button) folded before Flop (didn't bet)
Seat 4: 2ffe39e4 (small blind) folded before Flop
Seat 5: ec1c57cd (big blind) folded before Flop
Seat 6: Hero won ($0.26)


Poker Hand #HD1737614395: Hold'em No Limit ($0.02/$0.05) - 2024/04/19 19:28:26
Table 'NLHBlue28' 6-max Seat #2 is the button
Seat 1: cc03b1db ($5.34 in chips)
Seat 2: bb010682 ($9.58 in chips)
Seat 3: d31e1c34 ($8.02 in chips)
Seat 4: 2ffe39e4 ($5.83 in chips)
Seat 5: ec1c57cd ($5 in chips)
Seat 6: Hero ($5.43 in chips)
d31e1c34: posts small blind $0.02
2ffe39e4: posts big blind $0.05
*** HOLE CARDS ***
Dealt to cc03b1db 
Dealt to bb010682 
Dealt to d31e1c34 
Dealt to 2ffe39e4 
Dealt to ec1c57cd 
Dealt to Hero [6h 4s]
ec1c57cd: folds
Hero: folds
cc03b1db: folds
bb010682: raises $0.1 to $0.15
d31e1c34: folds
2ffe39e4: raises $0.37 to $0.52
bb010682: calls $0.37
*** FLOP *** [4h 2c Qh]
2ffe39e4: checks
bb010682: checks
*** TURN *** [4h 2c Qh] [2d]
2ffe39e4: checks
bb010682: checks
*** RIVER *** [4h 2c Qh 2d] [Ah]
2ffe39e4: bets $1.06
bb010682: folds
Uncalled bet ($1.06) returned to 2ffe39e4
*** SHOWDOWN ***
2ffe39e4 collected $1.01 from pot
*** SUMMARY ***
Total pot $1.06 | Rake $0.05 | Jackpot $0 | Bingo $0 | Fortune $0 | Tax $0
Board [4h 2c Qh 2d Ah]
Seat 1: cc03b1db folded before Flop (didn't bet)
Seat 2: bb010682 (button) folded on the River
Seat 3: d31e1c34 (small blind) folded before Flop
Seat 4: 2ffe39e4 (big blind) won ($1.01)
Seat 5: ec1c57cd folded before Flop (didn't bet)
Seat 6: Hero folded before Flop (didn't bet)


Poker Hand #HD1737614335: Hold'em No Limit ($0.02/$0.05) - 2024/04/19 19:27:53
Table 'NLHBlue28' 6-max Seat #1 is the button
Seat 1: cc03b1db ($5.34 in chips)
Seat 2: bb010682 ($9.73 in chips)
Seat 3: d31e1c34 ($8.07 in chips)
Seat 4: 2ffe39e4 ($5.64 in chips)
Seat 5: ec1c57cd ($5 in chips)
Seat 6: Hero ($5.43 in chips)
bb010682: posts small blind $0.02
d31e1c34: posts big blind $0.05
*** HOLE CARDS ***
Dealt to cc03b1db 
Dealt to bb010682 
Dealt to d31e1c34 
Dealt to 2ffe39e4 
Dealt to ec1c57cd 
Dealt to Hero [8c Td]
2ffe39e4: raises $0.1 to $0.15
ec1c57cd: folds
Hero: folds
cc03b1db: folds
bb010682: calls $0.13
d31e1c34: folds
*** FLOP *** [Js Qh Ad]
bb010682: checks
2ffe39e4: checks
*** TURN *** [Js Qh Ad] [Qd]
bb010682: checks
2ffe39e4: checks
*** RIVER *** [Js Qh Ad Qd] [As]
bb010682: checks
2ffe39e4: bets $0.05
bb010682: folds
Uncalled bet ($0.05) returned to 2ffe39e4
*** SHOWDOWN ***
2ffe39e4 collected $0.34 from pot
*** SUMMARY ***
Total pot $0.35 | Rake $0.01 | Jackpot $0 | Bingo $0 | Fortune $0 | Tax $0
Board [Js Qh Ad Qd As]
Seat 1: cc03b1db (button) folded before Flop (didn't bet)
Seat 2: bb010682 (small blind) folded on the River
Seat 3: d31e1c34 (big blind) folded before Flop
Seat 4: 2ffe39e4 won ($0.34)
Seat 5: ec1c57cd folded before Flop (didn't bet)
Seat 6: Hero folded before Flop (didn't bet)


Poker Hand #HD1737614238: Hold'em No Limit ($0.02/$0.05) - 2024/04/19 19:26:53
Table 'NLHBlue28' 6-max Seat #6 is the button
Seat 1: cc03b1db ($5.46 in chips)
Seat 2: bb010682 ($9.5 in chips)
Seat 3: d31e1c34 ($8.19 in chips)
Seat 4: 2ffe39e4 ($5.64 in chips)
Seat 5: ec1c57cd ($5 in chips)
Seat 6: Hero ($5.43 in chips)
cc03b1db: posts small blind $0.02
bb010682: posts big blind $0.05
*** HOLE CARDS ***
Dealt to cc03b1db 
Dealt to bb010682 
Dealt to d31e1c34 
Dealt to 2ffe39e4 
Dealt to ec1c57cd 
Dealt to Hero [Qd 9h]
d31e1c34: raises $0.07 to $0.12
2ffe39e4: folds
ec1c57cd: folds
Hero: folds
cc03b1db: calls $0.1
bb010682: calls $0.07
*** FLOP *** [8h 2h 4c]
cc03b1db: checks
bb010682: checks
d31e1c34: checks
*** TURN *** [8h 2h 4c] [5c]
cc03b1db: checks
bb010682: checks
d31e1c34: checks
*** RIVER *** [8h 2h 4c 5c] [4h]
cc03b1db: checks
bb010682: checks
d31e1c34: checks
cc03b1db: shows [Ah Jd] (Pair of Fours)
bb010682: shows [5s 6h] (Pair of Fives and Pair of Fours)
d31e1c34: shows [Jc Qc] (Pair of Fours)
*** SHOWDOWN ***
bb010682 collected $0.35 from pot
*** SUMMARY ***
Total pot $0.36 | Rake $0.01 | Jackpot $0 | Bingo $0 | Fortune $0 | Tax $0
Board [8h 2h 4c 5c 4h]
Seat 1: cc03b1db (small blind) showed [Ah Jd] and lost with Pair of Fours
Seat 2: bb010682 (big blind) showed [5s 6h] and won ($0.35) with Pair of Fives and Pair of Fours
Seat 3: d31e1c34 showed [Jc Qc] and lost with Pair of Fours
Seat 4: 2ffe39e4 folded before Flop (didn't bet)
Seat 5: ec1c57cd folded before Flop (didn't bet)
Seat 6: Hero (button) folded before Flop (didn't bet)


Poker Hand #HD1737614199: Hold'em No Limit ($0.02/$0.05) - 2024/04/19 19:26:30
Table 'NLHBlue28' 6-max Seat #5 is the button
Seat 1: cc03b1db ($5.61 in chips)
Seat 2: bb010682 ($9.5 in chips)
Seat 3: d31e1c34 ($8.19 in chips)
Seat 4: 2ffe39e4 ($5.64 in chips)
Seat 5: ec1c57cd ($5 in chips)
Seat 6: Hero ($5.29 in chips)
Hero: posts small blind $0.02
cc03b1db: posts big blind $0.05
*** HOLE CARDS ***
Dealt to cc03b1db 
Dealt to bb010682 
Dealt to d31e1c34 
Dealt to 2ffe39e4 
Dealt to ec1c57cd 
Dealt to Hero [Qd Ad]
bb010682: folds
d31e1c34: folds
2ffe39e4: folds
ec1c57cd: folds
Hero: raises $0.1 to $0.15
cc03b1db: calls $0.1
*** FLOP *** [Ts 5h Th]
Hero: bets $0.15
cc03b1db: folds
Uncalled bet ($0.15) returned to Hero
*** SHOWDOWN ***
Hero collected $0.29 from pot
*** SUMMARY ***
Total pot $0.3 | Rake $0.01 | Jackpot $0 | Bingo $0 | Fortune $0 | Tax $0
Board [Ts 5h Th]
Seat 1: cc03b1db (big blind) folded on the Flop
Seat 2: bb010682 folded before Flop (didn't bet)
Seat 3: d31e1c34 folded before Flop (didn't bet)
Seat 4: 2ffe39e4 folded before Flop (didn't bet)
Seat 5: ec1c57cd (button) folded before Flop (didn't bet)
Seat 6: Hero (small blind) won ($0.29)


Poker Hand #HD1737614165: Hold'em No Limit ($0.02/$0.05) - 2024/04/19 19:26:15
Table 'NLHBlue28' 6-max Seat #4 is the button
Seat 1: cc03b1db ($5.54 in chips)
Seat 2: bb010682 ($9.5 in chips)
Seat 3: d31e1c34 ($8.19 in chips)
Seat 4: 2ffe39e4 ($5.64 in chips)
Seat 5: ec1c57cd ($5 in chips)
Seat 6: Hero ($5.34 in chips)
ec1c57cd: posts small blind $0.02
Hero: posts big blind $0.05
*** HOLE CARDS ***
Dealt to cc03b1db 
Dealt to bb010682 
Dealt to d31e1c34 
Dealt to 2ffe39e4 
Dealt to ec1c57cd 
Dealt to Hero [Qh 5s]
cc03b1db: raises $0.1 to $0.15
bb010682: folds
d31e1c34: folds
2ffe39e4: folds
ec1c57cd: folds
Hero: folds
Uncalled bet ($0.1) returned to cc03b1db
*** SHOWDOWN ***
cc03b1db collected $0.12 from pot
*** SUMMARY ***
Total pot $0.12 | Rake $0 | Jackpot $0 | Bingo $0 | Fortune $0 | Tax $0
Seat 1: cc03b1db collected ($0.12)
Seat 2: bb010682 folded before Flop (didn't bet)
Seat 3: d31e1c34 folded before Flop (didn't bet)
Seat 4: 2ffe39e4 (button) folded before Flop (didn't bet)
Seat 5: ec1c57cd (small blind) folded before Flop
Seat 6: Hero (big blind) folded before Flop


Poker Hand #HD1737614138: Hold'em No Limit ($0.02/$0.05) - 2024/04/19 19:26:00
Table 'NLHBlue28' 6-max Seat #3 is the button
Seat 1: cc03b1db ($5.54 in chips)
Seat 2: bb010682 ($9.5 in chips)
Seat 3: d31e1c34 ($8.19 in chips)
Seat 4: 2ffe39e4 ($5.66 in chips)
Seat 5: ec1c57cd ($5 in chips)
Seat 6: Hero ($5.27 in chips)
2ffe39e4: posts small blind $0.02
ec1c57cd: posts big blind $0.05
*** HOLE CARDS ***
Dealt to cc03b1db 
Dealt to bb010682 
Dealt to d31e1c34 
Dealt to 2ffe39e4 
Dealt to ec1c57cd 
Dealt to Hero [As Qc]
Hero: raises $0.05 to $0.1
cc03b1db: folds
bb010682: folds
d31e1c34: folds
2ffe39e4: folds
ec1c57cd: folds
Uncalled bet ($0.05) returned to Hero
*** SHOWDOWN ***
Hero collected $0.12 from pot
*** SUMMARY ***
Total pot $0.12 | Rake $0 | Jackpot $0 | Bingo $0 | Fortune $0 | Tax $0
Seat 1: cc03b1db folded before Flop (didn't bet)
Seat 2: bb010682 folded before Flop (didn't bet)
Seat 3: d31e1c34 (button) folded before Flop (didn't bet)
Seat 4: 2ffe39e4 (small blind) folded before Flop
Seat 5: ec1c57cd (big blind) folded before Flop
Seat 6: Hero collected ($0.12)


Poker Hand #HD1737614065: Hold'em No Limit ($0.02/$0.05) - 2024/04/19 19:25:16
Table 'NLHBlue28' 6-max Seat #2 is the button
Seat 1: cc03b1db ($5.33 in chips)
Seat 2: bb010682 ($9.65 in chips)
Seat 3: d31e1c34 ($8.21 in chips)
Seat 4: 2ffe39e4 ($5.71 in chips)
Seat 5: ec1c57cd ($5 in chips)
Seat 6: Hero ($5.27 in chips)
d31e1c34: posts small blind $0.02
2ffe39e4: posts big blind $0.05
*** HOLE CARDS ***
Dealt to cc03b1db 
Dealt to bb010682 
Dealt to d31e1c34 
Dealt to 2ffe39e4 
Dealt to ec1c57cd 
Dealt to Hero [Kh 7c]
ec1c57cd: folds
Hero: folds
cc03b1db: raises $0.1 to $0.15
bb010682: calls $0.15
d31e1c34: folds
2ffe39e4: folds
*** FLOP *** [7s Th Qh]
cc03b1db: checks
bb010682: checks
*** TURN *** [7s Th Qh] [3s]
cc03b1db: bets $0.28
bb010682: folds
Uncalled bet ($0.28) returned to cc03b1db
*** SHOWDOWN ***
cc03b1db collected $0.36 from pot
*** SUMMARY ***
Total pot $0.37 | Rake $0.01 | Jackpot $0 | Bingo $0 | Fortune $0 | Tax $0
Board [7s Th Qh 3s]
Seat 1: cc03b1db won ($0.36)
Seat 2: bb010682 (button) folded on the Turn
Seat 3: d31e1c34 (small blind) folded before Flop
Seat 4: 2ffe39e4 (big blind) folded before Flop
Seat 5: ec1c57cd folded before Flop (didn't bet)
Seat 6: Hero folded before Flop (didn't bet)


Poker Hand #HD1737613995: Hold'em No Limit ($0.02/$0.05) - 2024/04/19 19:24:40
Table 'NLHBlue28' 6-max Seat #1 is the button
Seat 1: cc03b1db ($5.17 in chips)
Seat 2: bb010682 ($9.67 in chips)
Seat 3: d31e1c34 ($8.36 in chips)
Seat 4: 2ffe39e4 ($5.71 in chips)
Seat 5: ec1c57cd ($5 in chips)
Seat 6: Hero ($5.27 in chips)
bb010682: posts small blind $0.02
d31e1c34: posts big blind $0.05
*** HOLE CARDS ***
Dealt to cc03b1db 
Dealt to bb010682 
Dealt to d31e1c34 
Dealt to 2ffe39e4 
Dealt to ec1c57cd 
Dealt to Hero [Kh 7h]
2ffe39e4: folds
ec1c57cd: folds
Hero: folds
cc03b1db: raises $0.1 to $0.15
bb010682: folds
d31e1c34: calls $0.1
*** FLOP *** [5d 9d 9c]
d31e1c34: checks
cc03b1db: bets $0.24
d31e1c34: folds
Uncalled bet ($0.24) returned to cc03b1db
*** SHOWDOWN ***
cc03b1db collected $0.31 from pot
*** SUMMARY ***
Total pot $0.32 | Rake $0.01 | Jackpot $0 | Bingo $0 | Fortune $0 | Tax $0
Board [5d 9d 9c]
Seat 1: cc03b1db (button) won ($0.31)
Seat 2: bb010682 (small blind) folded before Flop
Seat 3: d31e1c34 (big blind) folded on the Flop
Seat 4: 2ffe39e4 folded before Flop (didn't bet)
Seat 5: ec1c57cd folded before Flop (didn't bet)
Seat 6: Hero folded before Flop (didn't bet)


Poker Hand #HD1737613933: Hold'em No Limit ($0.02/$0.05) - 2024/04/19 19:24:05
Table 'NLHBlue28' 6-max Seat #6 is the button
Seat 1: cc03b1db ($5.19 in chips)
Seat 2: bb010682 ($9.79 in chips)
Seat 3: d31e1c34 ($8.36 in chips)
Seat 4: 2ffe39e4 ($5.71 in chips)
Seat 5: ec1c57cd ($5 in chips)
Seat 6: Hero ($5.14 in chips)
cc03b1db: posts small blind $0.02
bb010682: posts big blind $0.05
*** HOLE CARDS ***
Dealt to cc03b1db 
Dealt to bb010682 
Dealt to d31e1c34 
Dealt to 2ffe39e4 
Dealt to ec1c57cd 
Dealt to Hero [9s Jc]
d31e1c34: folds
2ffe39e4: folds
ec1c57cd: folds
Hero: raises $0.07 to $0.12
cc03b1db: folds
bb010682: calls $0.07
*** FLOP *** [Jh 7s Ts]
bb010682: checks
Hero: bets $0.15
bb010682: folds
Uncalled bet ($0.15) returned to Hero
*** SHOWDOWN ***
Hero collected $0.25 from pot
*** SUMMARY ***
Total pot $0.26 | Rake $0.01 | Jackpot $0 | Bingo $0 | Fortune $0 | Tax $0
Board [Jh 7s Ts]
Seat 1: cc03b1db (small blind) folded before Flop
Seat 2: bb010682 (big blind) folded on the Flop
Seat 3: d31e1c34 folded before Flop (didn't bet)
Seat 4: 2ffe39e4 folded before Flop (didn't bet)
Seat 5: ec1c57cd folded before Flop (didn't bet)
Seat 6: Hero (button) won ($0.25)


Poker Hand #HD1737613898: Hold'em No Limit ($0.02/$0.05) - 2024/04/19 19:23:50
Table 'NLHBlue28' 6-max Seat #5 is the button
Seat 1: cc03b1db ($5.17 in chips)
Seat 2: bb010682 ($9.79 in chips)
Seat 3: d31e1c34 ($8.36 in chips)
Seat 4: 2ffe39e4 ($5.71 in chips)
Seat 5: ec1c57cd ($5 in chips)
Seat 6: Hero ($5.16 in chips)
Hero: posts small blind $0.02
cc03b1db: posts big blind $0.05
*** HOLE CARDS ***
Dealt to cc03b1db 
Dealt to bb010682 
Dealt to d31e1c34 
Dealt to 2ffe39e4 
Dealt to ec1c57cd 
Dealt to Hero [3h Tc]
bb010682: folds
d31e1c34: folds
2ffe39e4: folds
ec1c57cd: folds
Hero: folds
Uncalled bet ($0.03) returned to cc03b1db
*** SHOWDOWN ***
cc03b1db collected $0.04 from pot
*** SUMMARY ***
Total pot $0.04 | Rake $0 | Jackpot $0 | Bingo $0 | Fortune $0 | Tax $0
Seat 1: cc03b1db (big blind) collected ($0.04)
Seat 2: bb010682 folded before Flop (didn't bet)
Seat 3: d31e1c34 folded before Flop (didn't bet)
Seat 4: 2ffe39e4 folded before Flop (didn't bet)
Seat 5: ec1c57cd (button) folded before Flop (didn't bet)
Seat 6: Hero (small blind) folded before Flop


Poker Hand #HD1737613857: Hold'em No Limit ($0.02/$0.05) - 2024/04/19 19:23:25
Table 'NLHBlue28' 6-max Seat #4 is the button
Seat 1: cc03b1db ($5.17 in chips)
Seat 2: bb010682 ($9.79 in chips)
Seat 3: d31e1c34 ($8.36 in chips)
Seat 4: 2ffe39e4 ($5.86 in chips)
Seat 5: ec1c57cd ($5.02 in chips)
Seat 6: Hero ($5 in chips)
ec1c57cd: posts small blind $0.02
Hero: posts big blind $0.05
*** HOLE CARDS ***
Dealt to cc03b1db 
Dealt to bb010682 
Dealt to d31e1c34 
Dealt to 2ffe39e4 
Dealt to ec1c57cd 
Dealt to Hero [Kc As]
cc03b1db: folds
bb010682: folds
d31e1c34: folds
2ffe39e4: raises $0.1 to $0.15
ec1c57cd: folds
Hero: raises $0.4 to $0.55
2ffe39e4: folds
Uncalled bet ($0.4) returned to Hero
*** SHOWDOWN ***
Hero collected $0.31 from pot
*** SUMMARY ***
Total pot $0.32 | Rake $0.01 | Jackpot $0 | Bingo $0 | Fortune $0 | Tax $0
Seat 1: cc03b1db folded before Flop (didn't bet)
Seat 2: bb010682 folded before Flop (didn't bet)
Seat 3: d31e1c34 folded before Flop (didn't bet)
Seat 4: 2ffe39e4 (button) folded before Flop
Seat 5: ec1c57cd (small blind) folded before Flop
Seat 6: Hero (big blind) collected ($0.31)


Poker Hand #HD1737613833: Hold'em No Limit ($0.02/$0.05) - 2024/04/19 19:23:14
Table 'NLHBlue28' 6-max Seat #3 is the button
Seat 1: cc03b1db ($5.17 in chips)
Seat 2: bb010682 ($9.79 in chips)
Seat 3: d31e1c34 ($8.36 in chips)
Seat 4: 2ffe39e4 ($5.88 in chips)
Seat 5: ec1c57cd ($5 in chips)
Seat 6: Hero ($5 in chips)
2ffe39e4: posts small blind $0.02
ec1c57cd: posts big blind $0.05
*** HOLE CARDS ***
Dealt to cc03b1db 
Dealt to bb010682 
Dealt to d31e1c34 
Dealt to 2ffe39e4 
Dealt to ec1c57cd 
Dealt to Hero [3s Tc]
Hero: folds
cc03b1db: folds
bb010682: folds
d31e1c34: folds
2ffe39e4: folds
Uncalled bet ($0.03) returned to ec1c57cd
*** SHOWDOWN ***
ec1c57cd collected $0.04 from pot
*** SUMMARY ***
Total pot $0.04 | Rake $0 | Jackpot $0 | Bingo $0 | Fortune $0 | Tax $0
Seat 1: cc03b1db folded before Flop (didn't bet)
Seat 2: bb010682 folded before Flop (didn't bet)
Seat 3: d31e1c34 (button) folded before Flop (didn't bet)
Seat 4: 2ffe39e4 (small blind) folded before Flop
Seat 5: ec1c57cd (big blind) collected ($0.04)
Seat 6: Hero folded before Flop (didn't bet)


Poker Hand #HD1737613706: Hold'em No Limit ($0.02/$0.05) - 2024/04/19 19:22:08
Table 'NLHBlue28' 6-max Seat #2 is the button
Seat 1: cc03b1db ($5.17 in chips)
Seat 2: bb010682 ($5.27 in chips)
Seat 3: d31e1c34 ($8.38 in chips)
Seat 4: 2ffe39e4 ($5.93 in chips)
Seat 5: ec1c57cd ($5 in chips)
Seat 6: Hero ($5 in chips)
d31e1c34: posts small blind $0.02
2ffe39e4: posts big blind $0.05
*** HOLE CARDS ***
Dealt to cc03b1db 
Dealt to bb010682 
Dealt to d31e1c34 
Dealt to 2ffe39e4 
Dealt to ec1c57cd 
Dealt to Hero [Jc Ah]
ec1c57cd: raises $0.1 to $0.15
Hero: folds
cc03b1db: folds
bb010682: calls $0.15
d31e1c34: folds
2ffe39e4: folds
*** FLOP *** [8d Th 7s]
ec1c57cd: bets $0.2
bb010682: calls $0.2
*** TURN *** [8d Th 7s] [3h]
ec1c57cd: bets $0.4
bb010682: calls $0.4
*** RIVER *** [8d Th 7s 3h] [8s]
ec1c57cd: bets $0.6
bb010682: raises $2.08 to $2.68
ec1c57cd: raises $1.57 to $4.25 and is all-in
bb010682: calls $1.57
ec1c57cd: shows [3d 3c] (Treys Full over Eights)
bb010682: shows [8h Tc] (Eights Full over Tens)
*** SHOWDOWN ***
bb010682 collected $9.52 from pot
*** SUMMARY ***
Total pot $10.07 | Rake $0.5 | Jackpot $0.05 | Bingo $0 | Fortune $0 | Tax $0
Board [8d Th 7s 3h 8s]
Seat 1: cc03b1db folded before Flop (didn't bet)
Seat 2: bb010682 (button) showed [8h Tc] and won ($9.52) with Eights Full over Tens
Seat 3: d31e1c34 (small blind) folded before Flop
Seat 4: 2ffe39e4 (big blind) folded before Flop
Seat 5: ec1c57cd showed [3d 3c] and lost with Treys Full over Eights
Seat 6: Hero folded before Flop (didn't bet)


Poker Hand #HD1737613669: Hold'em No Limit ($0.02/$0.05) - 2024/04/19 19:21:49
Table 'NLHBlue28' 6-max Seat #1 is the button
Seat 1: cc03b1db ($5.17 in chips)
Seat 2: bb010682 ($5.29 in chips)
Seat 3: d31e1c34 ($8.43 in chips)
Seat 4: 2ffe39e4 ($5.86 in chips)
Seat 5: ec1c57cd ($5 in chips)
Seat 6: Hero ($5 in chips)
bb010682: posts small blind $0.02
d31e1c34: posts big blind $0.05
*** HOLE CARDS ***
Dealt to cc03b1db 
Dealt to bb010682 
Dealt to d31e1c34 
Dealt to 2ffe39e4 
Dealt to ec1c57cd 
Dealt to Hero [8h 4s]
2ffe39e4: raises $0.1 to $0.15
ec1c57cd: folds
Hero: folds
cc03b1db: folds
bb010682: folds
d31e1c34: folds
Uncalled bet ($0.1) returned to 2ffe39e4
*** SHOWDOWN ***
2ffe39e4 collected $0.12 from pot
*** SUMMARY ***
Total pot $0.12 | Rake $0 | Jackpot $0 | Bingo $0 | Fortune $0 | Tax $0
Seat 1: cc03b1db (button) folded before Flop (didn't bet)
Seat 2: bb010682 (small blind) folded before Flop
Seat 3: d31e1c34 (big blind) folded before Flop
Seat 4: 2ffe39e4 collected ($0.12)
Seat 5: ec1c57cd folded before Flop (didn't bet)
Seat 6: Hero folded before Flop (didn't bet)


Poker Hand #HD1737613631: Hold'em No Limit ($0.02/$0.05) - 2024/04/19 19:21:29
Table 'NLHBlue28' 6-max Seat #6 is the button
Seat 1: cc03b1db ($5.19 in chips)
Seat 2: bb010682 ($5.34 in chips)
Seat 3: d31e1c34 ($8.43 in chips)
Seat 4: 2ffe39e4 ($5.79 in chips)
Seat 5: ec1c57cd ($5 in chips)
Seat 6: Hero ($5 in chips)
cc03b1db: posts small blind $0.02
bb010682: posts big blind $0.05
*** HOLE CARDS ***
Dealt to cc03b1db 
Dealt to bb010682 
Dealt to d31e1c34 
Dealt to 2ffe39e4 
Dealt to ec1c57cd 
Dealt to Hero [2c 5h]
d31e1c34: folds
2ffe39e4: raises $0.1 to $0.15
ec1c57cd: folds
Hero: folds
cc03b1db: folds
bb010682: folds
Uncalled bet ($0.1) returned to 2ffe39e4
*** SHOWDOWN ***
2ffe39e4 collected $0.12 from pot
*** SUMMARY ***
Total pot $0.12 | Rake $0 | Jackpot $0 | Bingo $0 | Fortune $0 | Tax $0
Seat 1: cc03b1db (small blind) folded before Flop
Seat 2: bb010682 (big blind) folded before Flop
Seat 3: d31e1c34 folded before Flop (didn't bet)
Seat 4: 2ffe39e4 collected ($0.12)
Seat 5: ec1c57cd folded before Flop (didn't bet)
Seat 6: Hero (button) folded before Flop (didn't bet)


Poker Hand #HD1737613587: Hold'em No Limit ($0.02/$0.05) - 2024/04/19 19:21:08
Table 'NLHBlue28' 6-max Seat #5 is the button
Seat 1: cc03b1db ($5.05 in chips)
Seat 2: bb010682 ($5.34 in chips)
Seat 3: d31e1c34 ($8.43 in chips)
Seat 4: 2ffe39e4 ($5.79 in chips)
Seat 5: ec1c57cd ($5 in chips)
Seat 6: Hero ($5 in chips)
Hero: posts small blind $0.02
cc03b1db: posts big blind $0.05
*** HOLE CARDS ***
Dealt to cc03b1db 
Dealt to bb010682 
Dealt to d31e1c34 
Dealt to 2ffe39e4 
Dealt to ec1c57cd 
Dealt to Hero [9h Td]
bb010682: folds
d31e1c34: folds
2ffe39e4: folds
ec1c57cd: folds
Hero: raises $0.1 to $0.15
cc03b1db: raises $0.41 to $0.56
Hero: folds
Uncalled bet ($0.41) returned to cc03b1db
*** SHOWDOWN ***
cc03b1db collected $0.29 from pot
*** SUMMARY ***
Total pot $0.3 | Rake $0.01 | Jackpot $0 | Bingo $0 | Fortune $0 | Tax $0
Seat 1: cc03b1db (big blind) collected ($0.29)
Seat 2: bb010682 folded before Flop (didn't bet)
Seat 3: d31e1c34 folded before Flop (didn't bet)
Seat 4: 2ffe39e4 folded before Flop (didn't bet)
Seat 5: ec1c57cd (button) folded before Flop (didn't bet)
Seat 6: Hero (small blind) folded before Flop


Poker Hand #HD1737613509: Hold'em No Limit ($0.02/$0.05) - 2024/04/19 19:20:19
Table 'NLHBlue28' 6-max Seat #4 is the button
Seat 1: cc03b1db ($5.05 in chips)
Seat 2: bb010682 ($5.49 in chips)
Seat 3: d31e1c34 ($8.43 in chips)
Seat 4: 2ffe39e4 ($5.58 in chips)
Seat 5: ec1c57cd ($5 in chips)
Seat 6: Hero ($5 in chips)
ec1c57cd: posts small blind $0.02
Hero: posts big blind $0.05
*** HOLE CARDS ***
Dealt to cc03b1db 
Dealt to bb010682 
Dealt to d31e1c34 
Dealt to 2ffe39e4 
Dealt to ec1c57cd 
Dealt to Hero [6h Kh]
cc03b1db: folds
bb010682: raises $0.1 to $0.15
d31e1c34: folds
2ffe39e4: calls $0.15
ec1c57cd: folds
Hero: folds
*** FLOP *** [7d 8d 6c]
bb010682: checks
2ffe39e4: bets $0.28
bb010682: folds
Uncalled bet ($0.28) returned to 2ffe39e4
*** SHOWDOWN ***
2ffe39e4 collected $0.36 from pot
*** SUMMARY ***
Total pot $0.37 | Rake $0.01 | Jackpot $0 | Bingo $0 | Fortune $0 | Tax $0
Board [7d 8d 6c]
Seat 1: cc03b1db folded before Flop (didn't bet)
Seat 2: bb010682 folded on the Flop
Seat 3: d31e1c34 folded before Flop (didn't bet)
Seat 4: 2ffe39e4 (button) won ($0.36)
Seat 5: ec1c57cd (small blind) folded before Flop
Seat 6: Hero (big blind) folded before Flop


Poker Hand #HD1737613468: Hold'em No Limit ($0.02/$0.05) - 2024/04/19 19:19:59
Table 'NLHBlue28' 6-max Seat #3 is the button
Seat 1: cc03b1db ($5.05 in chips)
Seat 2: bb010682 ($5.49 in chips)
Seat 3: d31e1c34 ($8.36 in chips)
Seat 4: 2ffe39e4 ($5.6 in chips)
Seat 5: ec1c57cd ($5 in chips)
Seat 6: Hero ($5 in chips)
2ffe39e4: posts small blind $0.02
ec1c57cd: posts big blind $0.05
*** HOLE CARDS ***
Dealt to cc03b1db 
Dealt to bb010682 
Dealt to d31e1c34 
Dealt to 2ffe39e4 
Dealt to ec1c57cd 
Dealt to Hero [Th 5s]
Hero: folds
cc03b1db: folds
bb010682: folds
d31e1c34: raises $0.07 to $0.12
2ffe39e4: folds
ec1c57cd: folds
Uncalled bet ($0.07) returned to d31e1c34
*** SHOWDOWN ***
d31e1c34 collected $0.12 from pot
*** SUMMARY ***
Total pot $0.12 | Rake $0 | Jackpot $0 | Bingo $0 | Fortune $0 | Tax $0
Seat 1: cc03b1db folded before Flop (didn't bet)
Seat 2: bb010682 folded before Flop (didn't bet)
Seat 3: d31e1c34 (button) collected ($0.12)
Seat 4: 2ffe39e4 (small blind) folded before Flop
Seat 5: ec1c57cd (big blind) folded before Flop
Seat 6: Hero folded before Flop (didn't bet)


Poker Hand #HD1737613371: Hold'em No Limit ($0.02/$0.05) - 2024/04/19 19:19:08
Table 'NLHBlue28' 6-max Seat #2 is the button
Seat 1: cc03b1db ($5.05 in chips)
Seat 2: bb010682 ($5.33 in chips)
Seat 3: d31e1c34 ($8.38 in chips)
Seat 4: 2ffe39e4 ($5.75 in chips)
Seat 5: ec1c57cd ($5 in chips)
Seat 6: Hero ($5 in chips)
d31e1c34: posts small blind $0.02
2ffe39e4: posts big blind $0.05
*** HOLE CARDS ***
Dealt to cc03b1db 
Dealt to bb010682 
Dealt to d31e1c34 
Dealt to 2ffe39e4 
Dealt to ec1c57cd 
Dealt to Hero [Kd 2c]
ec1c57cd: folds
Hero: folds
cc03b1db: folds
bb010682: raises $0.1 to $0.15
d31e1c34: folds
2ffe39e4: calls $0.1
*** FLOP *** [8d Ad 4d]
2ffe39e4: checks
bb010682: bets $0.11
2ffe39e4: folds
Uncalled bet ($0.11) returned to bb010682
*** SHOWDOWN ***
bb010682 collected $0.31 from pot
*** SUMMARY ***
Total pot $0.32 | Rake $0.01 | Jackpot $0 | Bingo $0 | Fortune $0 | Tax $0
Board [8d Ad 4d]
Seat 1: cc03b1db folded before Flop (didn't bet)
Seat 2: bb010682 (button) won ($0.31)
Seat 3: d31e1c34 (small blind) folded before Flop
Seat 4: 2ffe39e4 (big blind) folded on the Flop
Seat 5: ec1c57cd folded before Flop (didn't bet)
Seat 6: Hero folded before Flop (didn't bet)


Poker Hand #HD1737613278: Hold'em No Limit ($0.02/$0.05) - 2024/04/19 19:18:14
Table 'NLHBlue28' 6-max Seat #1 is the button
Seat 1: cc03b1db ($5.05 in chips)
Seat 2: bb010682 ($5.35 in chips)
Seat 3: d31e1c34 ($8.22 in chips)
Seat 4: 2ffe39e4 ($5.9 in chips)
Seat 5: ec1c57cd ($5 in chips)
Seat 6: Hero ($5 in chips)
bb010682: posts small blind $0.02
d31e1c34: posts big blind $0.05
*** HOLE CARDS ***
Dealt to cc03b1db 
Dealt to bb010682 
Dealt to d31e1c34 
Dealt to 2ffe39e4 
Dealt to ec1c57cd 
Dealt to Hero [6h 3c]
2ffe39e4: raises $0.1 to $0.15
ec1c57cd: folds
Hero: folds
cc03b1db: folds
bb010682: folds
d31e1c34: calls $0.1
*** FLOP *** [8s Jh 8d]
d31e1c34: checks
2ffe39e4: checks
*** TURN *** [8s Jh 8d] [Ad]
d31e1c34: checks
2ffe39e4: checks
*** RIVER *** [8s Jh 8d Ad] [8c]
d31e1c34: checks
2ffe39e4: checks
d31e1c34: shows [4s 4h] (Eights Full over Fours)
2ffe39e4: shows [6c 7c] (Three Eights)
*** SHOWDOWN ***
d31e1c34 collected $0.31 from pot
*** SUMMARY ***
Total pot $0.32 | Rake $0.01 | Jackpot $0 | Bingo $0 | Fortune $0 | Tax $0
Board [8s Jh 8d Ad 8c]
Seat 1: cc03b1db (button) folded before Flop (didn't bet)
Seat 2: bb010682 (small blind) folded before Flop
Seat 3: d31e1c34 (big blind) showed [4s 4h] and won ($0.31) with Eights Full over Fours
Seat 4: 2ffe39e4 showed [6c 7c] and lost with Three Eights
Seat 5: ec1c57cd folded before Flop (didn't bet)
Seat 6: Hero folded before Flop (didn't bet)


Poker Hand #HD1737613225: Hold'em No Limit ($0.02/$0.05) - 2024/04/19 19:17:44
Table 'NLHBlue28' 6-max Seat #6 is the button
Seat 1: cc03b1db ($5.07 in chips)
Seat 2: bb010682 ($5.33 in chips)
Seat 3: d31e1c34 ($8.22 in chips)
Seat 4: 2ffe39e4 ($5.9 in chips)
Seat 5: ec1c57cd ($5 in chips)
Seat 6: Hero ($5 in chips)
cc03b1db: posts small blind $0.02
bb010682: posts big blind $0.05
*** HOLE CARDS ***
Dealt to cc03b1db 
Dealt to bb010682 
Dealt to d31e1c34 
Dealt to 2ffe39e4 
Dealt to ec1c57cd 
Dealt to Hero [Ah 4d]
d31e1c34: folds
2ffe39e4: folds
ec1c57cd: folds
Hero: folds
cc03b1db: folds
Uncalled bet ($0.03) returned to bb010682
*** SHOWDOWN ***
bb010682 collected $0.04 from pot
*** SUMMARY ***
Total pot $0.04 | Rake $0 | Jackpot $0 | Bingo $0 | Fortune $0 | Tax $0
Seat 1: cc03b1db (small blind) folded before Flop
Seat 2: bb010682 (big blind) collected ($0.04)
Seat 3: d31e1c34 folded before Flop (didn't bet)
Seat 4: 2ffe39e4 folded before Flop (didn't bet)
Seat 5: ec1c57cd folded before Flop (didn't bet)
Seat 6: Hero (button) folded before Flop (didn't bet)


Poker Hand #HD1737613140: Hold'em No Limit ($0.02/$0.05) - 2024/04/19 19:17:02
Table 'NLHBlue28' 6-max Seat #5 is the button
Seat 1: cc03b1db ($5.66 in chips)
Seat 2: bb010682 ($5.33 in chips)
Seat 3: d31e1c34 ($8.22 in chips)
Seat 4: 2ffe39e4 ($5.35 in chips)
Seat 5: ec1c57cd ($5 in chips)
Seat 6: Hero ($5 in chips)
Hero: posts small blind $0.02
cc03b1db: posts big blind $0.05
*** HOLE CARDS ***
Dealt to cc03b1db 
Dealt to bb010682 
Dealt to d31e1c34 
Dealt to 2ffe39e4 
Dealt to ec1c57cd 
Dealt to Hero [6s 8d]
bb010682: folds
d31e1c34: folds
2ffe39e4: raises $0.1 to $0.15
ec1c57cd: folds
Hero: folds
cc03b1db: raises $0.44 to $0.59
2ffe39e4: raises $1.2 to $1.79
cc03b1db: folds
Uncalled bet ($1.2) returned to 2ffe39e4
*** SHOWDOWN ***
2ffe39e4 collected $1.14 from pot
*** SUMMARY ***
Total pot $1.2 | Rake $0.06 | Jackpot $0 | Bingo $0 | Fortune $0 | Tax $0
Seat 1: cc03b1db (big blind) folded before Flop
Seat 2: bb010682 folded before Flop (didn't bet)
Seat 3: d31e1c34 folded before Flop (didn't bet)
Seat 4: 2ffe39e4 collected ($1.14)
Seat 5: ec1c57cd (button) folded before Flop (didn't bet)
Seat 6: Hero (small blind) folded before Flop


Poker Hand #HD1737613122: Hold'em No Limit ($0.02/$0.05) - 2024/04/19 19:16:50
Table 'NLHBlue28' 6-max Seat #4 is the button
Seat 1: cc03b1db ($5.59 in chips)
Seat 2: bb010682 ($5.33 in chips)
Seat 3: d31e1c34 ($8.22 in chips)
Seat 4: 2ffe39e4 ($5.35 in chips)
Seat 5: ec1c57cd ($5 in chips)
Seat 6: Hero ($5 in chips)
ec1c57cd: posts small blind $0.02
Hero: posts big blind $0.05
*** HOLE CARDS ***
Dealt to cc03b1db 
Dealt to bb010682 
Dealt to d31e1c34 
Dealt to 2ffe39e4 
Dealt to ec1c57cd 
Dealt to Hero [6c Th]
cc03b1db: raises $0.1 to $0.15
bb010682: folds
d31e1c34: folds
2ffe39e4: folds
ec1c57cd: folds
Hero: folds
Uncalled bet ($0.1) returned to cc03b1db
*** SHOWDOWN ***
cc03b1db collected $0.12 from pot
*** SUMMARY ***
Total pot $0.12 | Rake $0 | Jackpot $0 | Bingo $0 | Fortune $0 | Tax $0
Seat 1: cc03b1db collected ($0.12)
Seat 2: bb010682 folded before Flop (didn't bet)
Seat 3: d31e1c34 folded before Flop (didn't bet)
Seat 4: 2ffe39e4 (button) folded before Flop (didn't bet)
Seat 5: ec1c57cd (small blind) folded before Flop
Seat 6: Hero (big blind) folded before Flop


Poker Hand #HD1737613048: Hold'em No Limit ($0.02/$0.05) - 2024/04/19 19:16:04
Table 'NLHBlue28' 6-max Seat #3 is the button
Seat 1: cc03b1db ($5.59 in chips)
Seat 2: bb010682 ($5.66 in chips)
Seat 3: d31e1c34 ($8.22 in chips)
Seat 4: 2ffe39e4 ($5 in chips)
Seat 5: ec1c57cd ($5 in chips)
Seat 6: Hero ($5 in chips)
2ffe39e4: posts small blind $0.02
ec1c57cd: posts big blind $0.05
*** HOLE CARDS ***
Dealt to cc03b1db 
Dealt to bb010682 
Dealt to d31e1c34 
Dealt to 2ffe39e4 
Dealt to ec1c57cd 
Dealt to Hero [3c 3h]
Hero: folds
cc03b1db: folds
bb010682: raises $0.1 to $0.15
d31e1c34: folds
2ffe39e4: calls $0.13
ec1c57cd: folds
*** FLOP *** [9s 6s Qd]
2ffe39e4: checks
bb010682: bets $0.18
2ffe39e4: calls $0.18
*** TURN *** [9s 6s Qd] [4s]
2ffe39e4: checks
bb010682: checks
*** RIVER *** [9s 6s Qd 4s] [Js]
2ffe39e4: checks
bb010682: checks
2ffe39e4: shows [Qh 5d] (Pair of Queens)
bb010682: shows [3d 4d] (Pair of Fours)
*** SHOWDOWN ***
2ffe39e4 collected $0.68 from pot
*** SUMMARY ***
Total pot $0.71 | Rake $0.03 | Jackpot $0 | Bingo $0 | Fortune $0 | Tax $0
Board [9s 6s Qd 4s Js]
Seat 1: cc03b1db folded before Flop (didn't bet)
Seat 2: bb010682 showed [3d 4d] and lost with Pair of Fours
Seat 3: d31e1c34 (button) folded before Flop (didn't bet)
Seat 4: 2ffe39e4 (small blind) showed [Qh 5d] and won ($0.68) with Pair of Queens
Seat 5: ec1c57cd (big blind) folded before Flop
Seat 6: Hero folded before Flop (didn't bet)


Poker Hand #HD1737613017: Hold'em No Limit ($0.02/$0.05) - 2024/04/19 19:15:50
Table 'NLHBlue28' 6-max Seat #2 is the button
Seat 1: cc03b1db ($5.59 in chips)
Seat 2: bb010682 ($5.59 in chips)
Seat 3: d31e1c34 ($8.24 in chips)
Seat 4: 2ffe39e4 ($5.05 in chips)
Seat 5: ec1c57cd ($5 in chips)
Seat 6: Hero ($5 in chips)
d31e1c34: posts small blind $0.02
2ffe39e4: posts big blind $0.05
*** HOLE CARDS ***
Dealt to cc03b1db 
Dealt to bb010682 
Dealt to d31e1c34 
Dealt to 2ffe39e4 
Dealt to ec1c57cd 
Dealt to Hero [Jc 2c]
ec1c57cd: folds
Hero: folds
cc03b1db: folds
bb010682: raises $0.1 to $0.15
d31e1c34: folds
2ffe39e4: folds
Uncalled bet ($0.1) returned to bb010682
*** SHOWDOWN ***
bb010682 collected $0.12 from pot
*** SUMMARY ***
Total pot $0.12 | Rake $0 | Jackpot $0 | Bingo $0 | Fortune $0 | Tax $0
Seat 1: cc03b1db folded before Flop (didn't bet)
Seat 2: bb010682 (button) collected ($0.12)
Seat 3: d31e1c34 (small blind) folded before Flop
Seat 4: 2ffe39e4 (big blind) folded before Flop
Seat 5: ec1c57cd folded before Flop (didn't bet)
Seat 6: Hero folded before Flop (didn't bet)


Poker Hand #HD1737612997: Hold'em No Limit ($0.02/$0.05) - 2024/04/19 19:15:39
Table 'NLHBlue28' 6-max Seat #1 is the button
Seat 1: cc03b1db ($5.59 in chips)
Seat 2: bb010682 ($5.61 in chips)
Seat 3: d31e1c34 ($8.22 in chips)
Seat 4: 2ffe39e4 ($5.05 in chips)
Seat 5: ec1c57cd ($5 in chips)
Seat 6: Hero ($5 in chips)
bb010682: posts small blind $0.02
d31e1c34: posts big blind $0.05
*** HOLE CARDS ***
Dealt to cc03b1db 
Dealt to bb010682 
Dealt to d31e1c34 
Dealt to 2ffe39e4 
Dealt to ec1c57cd 
Dealt to Hero [9c 8h]
2ffe39e4: folds
ec1c57cd: folds
Hero: folds
cc03b1db: folds
bb010682: folds
Uncalled bet ($0.03) returned to d31e1c34
*** SHOWDOWN ***
d31e1c34 collected $0.04 from pot
*** SUMMARY ***
Total pot $0.04 | Rake $0 | Jackpot $0 | Bingo $0 | Fortune $0 | Tax $0
Seat 1: cc03b1db (button) folded before Flop (didn't bet)
Seat 2: bb010682 (small blind) folded before Flop
Seat 3: d31e1c34 (big blind) collected ($0.04)
Seat 4: 2ffe39e4 folded before Flop (didn't bet)
Seat 5: ec1c57cd folded before Flop (didn't bet)
Seat 6: Hero folded before Flop (didn't bet)


Poker Hand #HD1737612891: Hold'em No Limit ($0.02/$0.05) - 2024/04/19 19:14:42
Table 'NLHBlue28' 6-max Seat #6 is the button
Seat 1: cc03b1db ($5.61 in chips)
Seat 2: bb010682 ($5.31 in chips)
Seat 3: d31e1c34 ($8.22 in chips)
Seat 4: 2ffe39e4 ($5.05 in chips)
Seat 5: ec1c57cd ($5 in chips)
Seat 6: Hero ($5 in chips)
cc03b1db: posts small blind $0.02
bb010682: posts big blind $0.05
*** HOLE CARDS ***
Dealt to cc03b1db 
Dealt to bb010682 
Dealt to d31e1c34 
Dealt to 2ffe39e4 
Dealt to ec1c57cd 
Dealt to Hero [7s 8d]
d31e1c34: folds
2ffe39e4: folds
ec1c57cd: raises $0.1 to $0.15
Hero: folds
cc03b1db: folds
bb010682: calls $0.1
*** FLOP *** [Qs Jd Ks]
bb010682: checks
ec1c57cd: checks
*** TURN *** [Qs Jd Ks] [Th]
bb010682: bets $0.16
ec1c57cd: calls $0.16
*** RIVER *** [Qs Jd Ks Th] [6h]
bb010682: bets $0.48
ec1c57cd: folds
Uncalled bet ($0.48) returned to bb010682
*** SHOWDOWN ***
bb010682 collected $0.61 from pot
*** SUMMARY ***
Total pot $0.64 | Rake $0.03 | Jackpot $0 | Bingo $0 | Fortune $0 | Tax $0
Board [Qs Jd Ks Th 6h]
Seat 1: cc03b1db (small blind) folded before Flop
Seat 2: bb010682 (big blind) won ($0.61)
Seat 3: d31e1c34 folded before Flop (didn't bet)
Seat 4: 2ffe39e4 folded before Flop (didn't bet)
Seat 5: ec1c57cd folded on the River
Seat 6: Hero (button) folded before Flop (didn't bet)


Poker Hand #HD1737612865: Hold'em No Limit ($0.02/$0.05) - 2024/04/19 19:14:29
Table 'NLHBlue28' 6-max Seat #5 is the button
Seat 1: cc03b1db ($5.59 in chips)
Seat 2: bb010682 ($5.31 in chips)
Seat 3: d31e1c34 ($8.22 in chips)
Seat 4: 2ffe39e4 ($5.05 in chips)
Seat 5: ec1c57cd ($5 in chips)
Seat 6: Hero ($5 in chips)
Hero: posts small blind $0.02
cc03b1db: posts big blind $0.05
*** HOLE CARDS ***
Dealt to cc03b1db 
Dealt to bb010682 
Dealt to d31e1c34 
Dealt to 2ffe39e4 
Dealt to ec1c57cd 
Dealt to Hero [3h 6s]
bb010682: folds
d31e1c34: folds
2ffe39e4: folds
ec1c57cd: folds
Hero: folds
Uncalled bet ($0.03) returned to cc03b1db
*** SHOWDOWN ***
cc03b1db collected $0.04 from pot
*** SUMMARY ***
Total pot $0.04 | Rake $0 | Jackpot $0 | Bingo $0 | Fortune $0 | Tax $0
Seat 1: cc03b1db (big blind) collected ($0.04)
Seat 2: bb010682 folded before Flop (didn't bet)
Seat 3: d31e1c34 folded before Flop (didn't bet)
Seat 4: 2ffe39e4 folded before Flop (didn't bet)
Seat 5: ec1c57cd (button) folded before Flop (didn't bet)
Seat 6: Hero (small blind) folded before Flop


Poker Hand #HD1737612766: Hold'em No Limit ($0.02/$0.05) - 2024/04/19 19:13:43
Table 'NLHBlue28' 6-max Seat #4 is the button
Seat 1: cc03b1db ($5.59 in chips)
Seat 2: bb010682 ($5.31 in chips)
Seat 3: d31e1c34 ($8.09 in chips)
Seat 4: 2ffe39e4 ($5.05 in chips)
Seat 5: ec1c57cd ($5 in chips)
Seat 6: Hero ($5 in chips)
ec1c57cd: posts small blind $0.02
Hero: posts big blind $0.05
*** HOLE CARDS ***
Dealt to cc03b1db 
Dealt to bb010682 
Dealt to d31e1c34 
Dealt to 2ffe39e4 
Dealt to ec1c57cd 
Dealt to Hero [7h As]
cc03b1db: folds
bb010682: folds
d31e1c34: raises $0.07 to $0.12
2ffe39e4: folds
ec1c57cd: folds
Hero: calls $0.07
*** FLOP *** [3s 3h 8c]
Hero: checks
d31e1c34: checks
*** TURN *** [3s 3h 8c] [Qd]
Hero: checks
d31e1c34: bets $0.24
Hero: folds
Uncalled bet ($0.24) returned to d31e1c34
*** SHOWDOWN ***
d31e1c34 collected $0.25 from pot
*** SUMMARY ***
Total pot $0.26 | Rake $0.01 | Jackpot $0 | Bingo $0 | Fortune $0 | Tax $0
Board [3s 3h 8c Qd]
Seat 1: cc03b1db folded before Flop (didn't bet)
Seat 2: bb010682 folded before Flop (didn't bet)
Seat 3: d31e1c34 won ($0.25)
Seat 4: 2ffe39e4 (button) folded before Flop (didn't bet)
Seat 5: ec1c57cd (small blind) folded before Flop
Seat 6: Hero (big blind) folded on the Turn


