Poker Hand #HD1811425718: Hold'em No Limit ($0.05/$0.1) - 2024/06/11 21:42:06
Table 'NLHRed31' 6-max Seat #4 is the button
Seat 1: f5f312c1 ($1.95 in chips)
Seat 3: 5de208ce ($13.15 in chips)
Seat 4: 84f17120 ($12.81 in chips)
Seat 5: dcdaa3cd ($10.04 in chips)
Seat 6: Hero ($10 in chips)
dcdaa3cd: posts small blind $0.05
Hero: posts big blind $0.1
*** HOLE CARDS ***
Dealt to f5f312c1 
Dealt to 5de208ce 
Dealt to 84f17120 
Dealt to dcdaa3cd 
Dealt to Hero [8h Ac]
f5f312c1: calls $0.1
5de208ce: folds
84f17120: folds
dcdaa3cd: folds
Hero: checks
*** FLOP *** [3d Ks Jd]
Hero: checks
f5f312c1: checks
*** TURN *** [3d Ks Jd] [9h]
Hero: checks
f5f312c1: checks
*** RIVER *** [3d Ks Jd 9h] [3h]
Hero: checks
f5f312c1: checks
Hero: shows [8h Ac] (Pair of Treys)
f5f312c1: shows [Qc 5s] (Pair of Treys)
*** SHOWDOWN ***
Hero collected $0.24 from pot
*** SUMMARY ***
Total pot $0.25 | Rake $0.01 | Jackpot $0 | Bingo $0 | Fortune $0 | Tax $0
Board [3d Ks Jd 9h 3h]
Seat 1: f5f312c1 showed [Qc 5s] and lost with Pair of Treys
Seat 3: 5de208ce folded before Flop (didn't bet)
Seat 4: 84f17120 (button) folded before Flop (didn't bet)
Seat 5: dcdaa3cd (small blind) folded before Flop
Seat 6: Hero (big blind) showed [8h Ac] and won ($0.24) with Pair of Treys


Poker Hand #HD1811425669: Hold'em No Limit ($0.05/$0.1) - 2024/06/11 21:41:43
Table 'NLHRed31' 6-max Seat #3 is the button
Seat 1: f5f312c1 ($2 in chips)
Seat 3: 5de208ce ($12.96 in chips)
Seat 4: 84f17120 ($12.86 in chips)
Seat 5: dcdaa3cd ($10.14 in chips)
Seat 6: Hero ($10 in chips)
84f17120: posts small blind $0.05
dcdaa3cd: posts big blind $0.1
f5f312c1: posts missed blind $0.05
*** HOLE CARDS ***
Dealt to f5f312c1 
Dealt to 5de208ce 
Dealt to 84f17120 
Dealt to dcdaa3cd 
Dealt to Hero [5s 7c]
Hero: folds
f5f312c1: folds
5de208ce: raises $0.15 to $0.25
84f17120: folds
dcdaa3cd: folds
Uncalled bet ($0.15) returned to 5de208ce
*** SHOWDOWN ***
5de208ce collected $0.29 from pot
*** SUMMARY ***
Total pot $0.3 | Rake $0.01 | Jackpot $0 | Bingo $0 | Fortune $0 | Tax $0
Seat 1: f5f312c1 folded before Flop
Seat 3: 5de208ce (button) collected ($0.29)
Seat 4: 84f17120 (small blind) folded before Flop
Seat 5: dcdaa3cd (big blind) folded before Flop
Seat 6: Hero folded before Flop (didn't bet)


Poker Hand #HD1811315585: Hold'em No Limit ($0.05/$0.1) - 2024/06/11 21:41:03
Table 'NLHRed31' 6-max Seat #6 is the button
Seat 3: 5de208ce ($13.01 in chips)
Seat 4: 84f17120 ($12.96 in chips)
Seat 5: dcdaa3cd ($10 in chips)
Seat 6: Hero ($10 in chips)
5de208ce: posts small blind $0.05
84f17120: posts big blind $0.1
dcdaa3cd: posts big blind $0.1
*** HOLE CARDS ***
Dealt to 5de208ce 
Dealt to 84f17120 
Dealt to dcdaa3cd 
Dealt to Hero [5h 2d]
dcdaa3cd: checks
Hero: folds
5de208ce: folds
84f17120: checks
*** FLOP *** [2c 2s 6s]
84f17120: checks
dcdaa3cd: checks
*** TURN *** [2c 2s 6s] [Kh]
84f17120: checks
dcdaa3cd: checks
*** RIVER *** [2c 2s 6s Kh] [7c]
84f17120: checks
dcdaa3cd: checks
84f17120: shows [8c 4c] (Pair of Twos)
dcdaa3cd: shows [9s Ah] (Pair of Twos)
*** SHOWDOWN ***
dcdaa3cd collected $0.24 from pot
*** SUMMARY ***
Total pot $0.25 | Rake $0.01 | Jackpot $0 | Bingo $0 | Fortune $0 | Tax $0
Board [2c 2s 6s Kh 7c]
Seat 3: 5de208ce (small blind) folded before Flop
Seat 4: 84f17120 (big blind) showed [8c 4c] and lost with Pair of Twos
Seat 5: dcdaa3cd showed [9s Ah] and won ($0.24) with Pair of Twos
Seat 6: Hero (button) folded before Flop (didn't bet)


Poker Hand #HD1811315449: Hold'em No Limit ($0.05/$0.1) - 2024/06/11 21:39:46
Table 'NLHRed31' 6-max Seat #4 is the button
Seat 1: f5f312c1 ($1.75 in chips)
Seat 3: 5de208ce ($11.48 in chips)
Seat 4: 84f17120 ($12.96 in chips)
Seat 6: Hero ($10 in chips)
Hero: posts small blind $0.05
f5f312c1: posts big blind $0.1
*** HOLE CARDS ***
Dealt to f5f312c1 
Dealt to 5de208ce 
Dealt to 84f17120 
Dealt to Hero [7h Qc]
5de208ce: raises $0.15 to $0.25
84f17120: folds
Hero: folds
f5f312c1: raises $0.15 to $0.4
5de208ce: raises $0.43 to $0.83
f5f312c1: raises $0.92 to $1.75 and is all-in
5de208ce: calls $0.92
f5f312c1: shows [Ts Ac]
5de208ce: shows [Kc Kd]
*** FLOP *** [6c 5s 6s]
*** TURN *** [6c 5s 6s] [3h]
*** RIVER *** [6c 5s 6s 3h] [8d]
*** SHOWDOWN ***
5de208ce collected $3.28 from pot
*** SUMMARY ***
Total pot $3.55 | Rake $0.17 | Jackpot $0.1 | Bingo $0 | Fortune $0 | Tax $0
Board [6c 5s 6s 3h 8d]
Seat 1: f5f312c1 (big blind) showed [Ts Ac] and lost with Pair of Sixes
Seat 3: 5de208ce showed [Kc Kd] and won ($3.28) with Pair of Kings and Pair of Sixes
Seat 4: 84f17120 (button) folded before Flop (didn't bet)
Seat 6: Hero (small blind) folded before Flop


Poker Hand #HD1811315331: Hold'em No Limit ($0.05/$0.1) - 2024/06/11 21:38:46
Table 'NLHRed31' 6-max Seat #3 is the button
Seat 1: f5f312c1 ($1.75 in chips)
Seat 2: 714a3edb ($10 in chips)
Seat 3: 5de208ce ($11.2 in chips)
Seat 4: 84f17120 ($13.01 in chips)
Seat 6: Hero ($10.15 in chips)
84f17120: posts small blind $0.05
Hero: posts big blind $0.1
*** HOLE CARDS ***
Dealt to f5f312c1 
Dealt to 714a3edb 
Dealt to 5de208ce 
Dealt to 84f17120 
Dealt to Hero [Ad 4c]
f5f312c1: folds
714a3edb: folds
5de208ce: raises $0.15 to $0.25
84f17120: folds
Hero: calls $0.15
*** FLOP *** [Qs Jc 6s]
Hero: checks
5de208ce: checks
*** TURN *** [Qs Jc 6s] [As]
Hero: checks
5de208ce: checks
*** RIVER *** [Qs Jc 6s As] [Ts]
Hero: checks
5de208ce: checks
Hero: shows [Ad 4c] (Pair of Aces)
5de208ce: shows [2h Kh] (Aces-High Straight)
*** SHOWDOWN ***
5de208ce collected $0.53 from pot
*** SUMMARY ***
Total pot $0.55 | Rake $0.02 | Jackpot $0 | Bingo $0 | Fortune $0 | Tax $0
Board [Qs Jc 6s As Ts]
Seat 1: f5f312c1 folded before Flop (didn't bet)
Seat 2: 714a3edb folded before Flop (didn't bet)
Seat 3: 5de208ce (button) showed [2h Kh] and won ($0.53) with Aces-High Straight
Seat 4: 84f17120 (small blind) folded before Flop
Seat 6: Hero (big blind) showed [Ad 4c] and lost with Pair of Aces


Poker Hand #HD1811315251: Hold'em No Limit ($0.05/$0.1) - 2024/06/11 21:38:03
Table 'NLHRed31' 6-max Seat #2 is the button
Seat 1: f5f312c1 ($2 in chips)
Seat 2: 714a3edb ($10 in chips)
Seat 3: 5de208ce ($11.3 in chips)
Seat 4: 84f17120 ($12.69 in chips)
Seat 5: 69f70968 ($10.91 in chips)
Seat 6: Hero ($10.15 in chips)
5de208ce: posts small blind $0.05
84f17120: posts big blind $0.1
f5f312c1: posts big blind $0.1
*** HOLE CARDS ***
Dealt to f5f312c1 
Dealt to 714a3edb 
Dealt to 5de208ce 
Dealt to 84f17120 
Dealt to 69f70968 
Dealt to Hero [Qc 9h]
69f70968: folds
Hero: folds
f5f312c1: checks
714a3edb: folds
5de208ce: calls $0.05
84f17120: raises $0.15 to $0.25
f5f312c1: calls $0.15
5de208ce: folds
*** FLOP *** [4s 9c 9d]
84f17120: checks
f5f312c1: checks
*** TURN *** [4s 9c 9d] [Qh]
84f17120: bets $0.2
f5f312c1: folds
Uncalled bet ($0.2) returned to 84f17120
*** SHOWDOWN ***
84f17120 collected $0.57 from pot
*** SUMMARY ***
Total pot $0.6 | Rake $0.03 | Jackpot $0 | Bingo $0 | Fortune $0 | Tax $0
Board [4s 9c 9d Qh]
Seat 1: f5f312c1 folded on the Turn
Seat 2: 714a3edb (button) folded before Flop (didn't bet)
Seat 3: 5de208ce (small blind) folded before Flop
Seat 4: 84f17120 (big blind) won ($0.57)
Seat 5: 69f70968 folded before Flop (didn't bet)
Seat 6: Hero folded before Flop (didn't bet)


Poker Hand #HD1811315159: Hold'em No Limit ($0.05/$0.1) - 2024/06/11 21:37:12
Table 'NLHRed31' 6-max Seat #6 is the button
Seat 2: 714a3edb ($10 in chips)
Seat 3: 5de208ce ($10.04 in chips)
Seat 4: 84f17120 ($12.69 in chips)
Seat 5: 69f70968 ($10.91 in chips)
Seat 6: Hero ($10.15 in chips)
714a3edb: posts small blind $0.05
5de208ce: posts big blind $0.1
*** HOLE CARDS ***
Dealt to 714a3edb 
Dealt to 5de208ce 
Dealt to 84f17120 
Dealt to 69f70968 
Dealt to Hero [3h 9c]
84f17120: folds
69f70968: folds
Hero: folds
714a3edb: raises $0.1 to $0.2
5de208ce: raises $0.4 to $0.6
714a3edb: raises $0.8 to $1.4
5de208ce: raises $8.64 to $10.04 and is all-in
714a3edb: folds
Uncalled bet ($8.64) returned to 5de208ce
*** SHOWDOWN ***
5de208ce collected $2.66 from pot
*** SUMMARY ***
Total pot $2.8 | Rake $0.14 | Jackpot $0 | Bingo $0 | Fortune $0 | Tax $0
Seat 2: 714a3edb (small blind) folded before Flop
Seat 3: 5de208ce (big blind) collected ($2.66)
Seat 4: 84f17120 folded before Flop (didn't bet)
Seat 5: 69f70968 folded before Flop (didn't bet)
Seat 6: Hero (button) folded before Flop (didn't bet)


Poker Hand #HD1811315123: Hold'em No Limit ($0.05/$0.1) - 2024/06/11 21:36:53
Table 'NLHRed31' 6-max Seat #5 is the button
Seat 2: 714a3edb ($10 in chips)
Seat 3: 5de208ce ($10.04 in chips)
Seat 4: 84f17120 ($12.69 in chips)
Seat 5: 69f70968 ($10.91 in chips)
Seat 6: Hero ($10.05 in chips)
Hero: posts small blind $0.05
714a3edb: posts big blind $0.1
*** HOLE CARDS ***
Dealt to 714a3edb 
Dealt to 5de208ce 
Dealt to 84f17120 
Dealt to 69f70968 
Dealt to Hero [Ad Ks]
5de208ce: folds
84f17120: folds
69f70968: folds
Hero: raises $0.2 to $0.3
714a3edb: folds
Uncalled bet ($0.2) returned to Hero
*** SHOWDOWN ***
Hero collected $0.2 from pot
*** SUMMARY ***
Total pot $0.2 | Rake $0 | Jackpot $0 | Bingo $0 | Fortune $0 | Tax $0
Seat 2: 714a3edb (big blind) folded before Flop
Seat 3: 5de208ce folded before Flop (didn't bet)
Seat 4: 84f17120 folded before Flop (didn't bet)
Seat 5: 69f70968 (button) folded before Flop (didn't bet)
Seat 6: Hero (small blind) collected ($0.2)


Poker Hand #HD1811315065: Hold'em No Limit ($0.05/$0.1) - 2024/06/11 21:36:26
Table 'NLHRed31' 6-max Seat #4 is the button
Seat 1: c14cee3e ($10.1 in chips)
Seat 3: 5de208ce ($10.04 in chips)
Seat 4: 84f17120 ($12.69 in chips)
Seat 5: 69f70968 ($10.96 in chips)
Seat 6: Hero ($10 in chips)
69f70968: posts small blind $0.05
Hero: posts big blind $0.1
*** HOLE CARDS ***
Dealt to c14cee3e 
Dealt to 5de208ce 
Dealt to 84f17120 
Dealt to 69f70968 
Dealt to Hero [3s 5s]
c14cee3e: folds
5de208ce: folds
84f17120: folds
69f70968: folds
Uncalled bet ($0.05) returned to Hero
*** SHOWDOWN ***
Hero collected $0.1 from pot
*** SUMMARY ***
Total pot $0.1 | Rake $0 | Jackpot $0 | Bingo $0 | Fortune $0 | Tax $0
Seat 1: c14cee3e folded before Flop (didn't bet)
Seat 3: 5de208ce folded before Flop (didn't bet)
Seat 4: 84f17120 (button) folded before Flop (didn't bet)
Seat 5: 69f70968 (small blind) folded before Flop
Seat 6: Hero (big blind) collected ($0.1)


Poker Hand #HD1811314978: Hold'em No Limit ($0.05/$0.1) - 2024/06/11 21:35:37
Table 'NLHRed31' 6-max Seat #3 is the button
Seat 1: c14cee3e ($10.1 in chips)
Seat 3: 5de208ce ($10.04 in chips)
Seat 4: 84f17120 ($12.74 in chips)
Seat 5: 69f70968 ($10.69 in chips)
Seat 6: Hero ($10.13 in chips)
84f17120: posts small blind $0.05
69f70968: posts big blind $0.1
*** HOLE CARDS ***
Dealt to c14cee3e 
Dealt to 5de208ce 
Dealt to 84f17120 
Dealt to 69f70968 
Dealt to Hero [8s As]
Hero: raises $0.14 to $0.24
c14cee3e: folds
5de208ce: folds
84f17120: folds
69f70968: raises $0.66 to $0.9
Hero: folds
Uncalled bet ($0.66) returned to 69f70968
*** SHOWDOWN ***
69f70968 collected $0.51 from pot
*** SUMMARY ***
Total pot $0.53 | Rake $0.02 | Jackpot $0 | Bingo $0 | Fortune $0 | Tax $0
Seat 1: c14cee3e folded before Flop (didn't bet)
Seat 3: 5de208ce (button) folded before Flop (didn't bet)
Seat 4: 84f17120 (small blind) folded before Flop
Seat 5: 69f70968 (big blind) collected ($0.51)
Seat 6: Hero folded before Flop


Poker Hand #HD1811314949: Hold'em No Limit ($0.05/$0.1) - 2024/06/11 21:35:24
Table 'NLHRed31' 6-max Seat #2 is the button
Seat 1: c14cee3e ($10.1 in chips)
Seat 2: bf96e7a4 ($6.7 in chips)
Seat 3: 5de208ce ($10.09 in chips)
Seat 4: 84f17120 ($12.69 in chips)
Seat 5: 69f70968 ($10.69 in chips)
Seat 6: Hero ($10.13 in chips)
5de208ce: posts small blind $0.05
84f17120: posts big blind $0.1
*** HOLE CARDS ***
Dealt to c14cee3e 
Dealt to bf96e7a4 
Dealt to 5de208ce 
Dealt to 84f17120 
Dealt to 69f70968 
Dealt to Hero [Kc 3s]
69f70968: folds
Hero: folds
c14cee3e: folds
bf96e7a4: folds
5de208ce: folds
Uncalled bet ($0.05) returned to 84f17120
*** SHOWDOWN ***
84f17120 collected $0.1 from pot
*** SUMMARY ***
Total pot $0.1 | Rake $0 | Jackpot $0 | Bingo $0 | Fortune $0 | Tax $0
Seat 1: c14cee3e folded before Flop (didn't bet)
Seat 2: bf96e7a4 (button) folded before Flop (didn't bet)
Seat 3: 5de208ce (small blind) folded before Flop
Seat 4: 84f17120 (big blind) collected ($0.1)
Seat 5: 69f70968 folded before Flop (didn't bet)
Seat 6: Hero folded before Flop (didn't bet)


Poker Hand #HD1811314846: Hold'em No Limit ($0.05/$0.1) - 2024/06/11 21:34:34
Table 'NLHRed31' 6-max Seat #1 is the button
Seat 1: c14cee3e ($10.1 in chips)
Seat 2: bf96e7a4 ($6.8 in chips)
Seat 3: 5de208ce ($10 in chips)
Seat 4: 84f17120 ($12.69 in chips)
Seat 5: 69f70968 ($10.69 in chips)
Seat 6: Hero ($10.13 in chips)
bf96e7a4: posts small blind $0.05
5de208ce: posts big blind $0.1
*** HOLE CARDS ***
Dealt to c14cee3e 
Dealt to bf96e7a4 
Dealt to 5de208ce 
Dealt to 84f17120 
Dealt to 69f70968 
Dealt to Hero [5c 6s]
84f17120: folds
69f70968: folds
Hero: folds
c14cee3e: folds
bf96e7a4: calls $0.05
5de208ce: checks
*** FLOP *** [8s 9c 9h]
bf96e7a4: checks
5de208ce: bets $0.1
bf96e7a4: folds
Uncalled bet ($0.1) returned to 5de208ce
*** SHOWDOWN ***
5de208ce collected $0.19 from pot
*** SUMMARY ***
Total pot $0.2 | Rake $0.01 | Jackpot $0 | Bingo $0 | Fortune $0 | Tax $0
Board [8s 9c 9h]
Seat 1: c14cee3e (button) folded before Flop (didn't bet)
Seat 2: bf96e7a4 (small blind) folded on the Flop
Seat 3: 5de208ce (big blind) won ($0.19)
Seat 4: 84f17120 folded before Flop (didn't bet)
Seat 5: 69f70968 folded before Flop (didn't bet)
Seat 6: Hero folded before Flop (didn't bet)


Poker Hand #HD1811314762: Hold'em No Limit ($0.05/$0.1) - 2024/06/11 21:33:53
Table 'NLHRed31' 6-max Seat #6 is the button
Seat 1: c14cee3e ($10 in chips)
Seat 2: bf96e7a4 ($6.9 in chips)
Seat 3: 5de208ce ($10 in chips)
Seat 4: 84f17120 ($12.69 in chips)
Seat 5: 69f70968 ($10.69 in chips)
Seat 6: Hero ($10.13 in chips)
c14cee3e: posts small blind $0.05
bf96e7a4: posts big blind $0.1
*** HOLE CARDS ***
Dealt to c14cee3e 
Dealt to bf96e7a4 
Dealt to 5de208ce 
Dealt to 84f17120 
Dealt to 69f70968 
Dealt to Hero [4c Qc]
5de208ce: folds
84f17120: folds
69f70968: folds
Hero: folds
c14cee3e: raises $0.1 to $0.2
bf96e7a4: folds
Uncalled bet ($0.1) returned to c14cee3e
*** SHOWDOWN ***
c14cee3e collected $0.2 from pot
*** SUMMARY ***
Total pot $0.2 | Rake $0 | Jackpot $0 | Bingo $0 | Fortune $0 | Tax $0
Seat 1: c14cee3e (small blind) collected ($0.2)
Seat 2: bf96e7a4 (big blind) folded before Flop
Seat 3: 5de208ce folded before Flop (didn't bet)
Seat 4: 84f17120 folded before Flop (didn't bet)
Seat 5: 69f70968 folded before Flop (didn't bet)
Seat 6: Hero (button) folded before Flop (didn't bet)


Poker Hand #HD1811314653: Hold'em No Limit ($0.05/$0.1) - 2024/06/11 21:32:58
Table 'NLHRed31' 6-max Seat #5 is the button
Seat 1: c14cee3e ($10.08 in chips)
Seat 2: bf96e7a4 ($6.64 in chips)
Seat 3: 5de208ce ($10 in chips)
Seat 4: 84f17120 ($12.69 in chips)
Seat 5: 69f70968 ($10.69 in chips)
Seat 6: Hero ($10.18 in chips)
Hero: posts small blind $0.05
c14cee3e: posts big blind $0.1
*** HOLE CARDS ***
Dealt to c14cee3e 
Dealt to bf96e7a4 
Dealt to 5de208ce 
Dealt to 84f17120 
Dealt to 69f70968 
Dealt to Hero [5h 8h]
bf96e7a4: calls $0.1
5de208ce: folds
84f17120: folds
69f70968: folds
Hero: folds
c14cee3e: checks
*** FLOP *** [Ad 6c 5d]
c14cee3e: checks
bf96e7a4: bets $0.13
c14cee3e: calls $0.13
*** TURN *** [Ad 6c 5d] [9c]
c14cee3e: checks
bf96e7a4: bets $0.26
c14cee3e: folds
Uncalled bet ($0.26) returned to bf96e7a4
*** SHOWDOWN ***
bf96e7a4 collected $0.49 from pot
*** SUMMARY ***
Total pot $0.51 | Rake $0.02 | Jackpot $0 | Bingo $0 | Fortune $0 | Tax $0
Board [Ad 6c 5d 9c]
Seat 1: c14cee3e (big blind) folded on the Turn
Seat 2: bf96e7a4 won ($0.49)
Seat 3: 5de208ce folded before Flop (didn't bet)
Seat 4: 84f17120 folded before Flop (didn't bet)
Seat 5: 69f70968 (button) folded before Flop (didn't bet)
Seat 6: Hero (small blind) folded before Flop


Poker Hand #HD1811314605: Hold'em No Limit ($0.05/$0.1) - 2024/06/11 21:32:34
Table 'NLHRed31' 6-max Seat #4 is the button
Seat 1: c14cee3e ($10.08 in chips)
Seat 2: bf96e7a4 ($6.64 in chips)
Seat 3: 5de208ce ($10 in chips)
Seat 4: 84f17120 ($12.69 in chips)
Seat 5: 69f70968 ($10.89 in chips)
Seat 6: Hero ($10 in chips)
69f70968: posts small blind $0.05
Hero: posts big blind $0.1
*** HOLE CARDS ***
Dealt to c14cee3e 
Dealt to bf96e7a4 
Dealt to 5de208ce 
Dealt to 84f17120 
Dealt to 69f70968 
Dealt to Hero [Jc Ks]
c14cee3e: folds
bf96e7a4: folds
5de208ce: folds
84f17120: folds
69f70968: raises $0.1 to $0.2
Hero: raises $0.6 to $0.8
69f70968: folds
Uncalled bet ($0.6) returned to Hero
*** SHOWDOWN ***
Hero collected $0.38 from pot
*** SUMMARY ***
Total pot $0.4 | Rake $0.02 | Jackpot $0 | Bingo $0 | Fortune $0 | Tax $0
Seat 1: c14cee3e folded before Flop (didn't bet)
Seat 2: bf96e7a4 folded before Flop (didn't bet)
Seat 3: 5de208ce folded before Flop (didn't bet)
Seat 4: 84f17120 (button) folded before Flop (didn't bet)
Seat 5: 69f70968 (small blind) folded before Flop
Seat 6: Hero (big blind) collected ($0.38)


Poker Hand #HD1811314573: Hold'em No Limit ($0.05/$0.1) - 2024/06/11 21:32:16
Table 'NLHRed31' 6-max Seat #3 is the button
Seat 1: c14cee3e ($10.08 in chips)
Seat 2: bf96e7a4 ($6.64 in chips)
Seat 3: 5de208ce ($10 in chips)
Seat 4: 84f17120 ($12.74 in chips)
Seat 5: 69f70968 ($10.84 in chips)
Seat 6: Hero ($10 in chips)
84f17120: posts small blind $0.05
69f70968: posts big blind $0.1
*** HOLE CARDS ***
Dealt to c14cee3e 
Dealt to bf96e7a4 
Dealt to 5de208ce 
Dealt to 84f17120 
Dealt to 69f70968 
Dealt to Hero [6s 8c]
Hero: folds
c14cee3e: folds
bf96e7a4: folds
5de208ce: folds
84f17120: folds
Uncalled bet ($0.05) returned to 69f70968
*** SHOWDOWN ***
69f70968 collected $0.1 from pot
*** SUMMARY ***
Total pot $0.1 | Rake $0 | Jackpot $0 | Bingo $0 | Fortune $0 | Tax $0
Seat 1: c14cee3e folded before Flop (didn't bet)
Seat 2: bf96e7a4 folded before Flop (didn't bet)
Seat 3: 5de208ce (button) folded before Flop (didn't bet)
Seat 4: 84f17120 (small blind) folded before Flop
Seat 5: 69f70968 (big blind) collected ($0.1)
Seat 6: Hero folded before Flop (didn't bet)


Poker Hand #HD1811314518: Hold'em No Limit ($0.05/$0.1) - 2024/06/11 21:31:51
Table 'NLHRed31' 6-max Seat #2 is the button
Seat 1: c14cee3e ($10.08 in chips)
Seat 2: bf96e7a4 ($6.64 in chips)
Seat 3: 5de208ce ($10 in chips)
Seat 4: 84f17120 ($12.69 in chips)
Seat 5: 69f70968 ($10.84 in chips)
Seat 6: Hero ($10 in chips)
5de208ce: posts small blind $0.05
84f17120: posts big blind $0.1
*** HOLE CARDS ***
Dealt to c14cee3e 
Dealt to bf96e7a4 
Dealt to 5de208ce 
Dealt to 84f17120 
Dealt to 69f70968 
Dealt to Hero [Tc 2c]
69f70968: folds
Hero: folds
c14cee3e: folds
bf96e7a4: folds
5de208ce: folds
Uncalled bet ($0.05) returned to 84f17120
*** SHOWDOWN ***
84f17120 collected $0.1 from pot
*** SUMMARY ***
Total pot $0.1 | Rake $0 | Jackpot $0 | Bingo $0 | Fortune $0 | Tax $0
Seat 1: c14cee3e folded before Flop (didn't bet)
Seat 2: bf96e7a4 (button) folded before Flop (didn't bet)
Seat 3: 5de208ce (small blind) folded before Flop
Seat 4: 84f17120 (big blind) collected ($0.1)
Seat 5: 69f70968 folded before Flop (didn't bet)
Seat 6: Hero folded before Flop (didn't bet)


Poker Hand #HD1811314363: Hold'em No Limit ($0.05/$0.1) - 2024/06/11 21:30:33
Table 'NLHRed31' 6-max Seat #1 is the button
Seat 1: c14cee3e ($10.08 in chips)
Seat 2: bf96e7a4 ($6.69 in chips)
Seat 3: 5de208ce ($10.32 in chips)
Seat 4: 84f17120 ($12.07 in chips)
Seat 5: 69f70968 ($10.84 in chips)
Seat 6: Hero ($10 in chips)
bf96e7a4: posts small blind $0.05
5de208ce: posts big blind $0.1
*** HOLE CARDS ***
Dealt to c14cee3e 
Dealt to bf96e7a4 
Dealt to 5de208ce 
Dealt to 84f17120 
Dealt to 69f70968 
Dealt to Hero [6s 9d]
84f17120: raises $0.2 to $0.3
69f70968: folds
Hero: folds
c14cee3e: folds
bf96e7a4: folds
5de208ce: calls $0.2
*** FLOP *** [Ts Tc 6h]
5de208ce: checks
84f17120: bets $0.33
5de208ce: calls $0.33
*** TURN *** [Ts Tc 6h] [7c]
5de208ce: checks
84f17120: bets $0.44
5de208ce: folds
Uncalled bet ($0.44) returned to 84f17120
*** SHOWDOWN ***
84f17120 collected $1.25 from pot
*** SUMMARY ***
Total pot $1.31 | Rake $0.06 | Jackpot $0 | Bingo $0 | Fortune $0 | Tax $0
Board [Ts Tc 6h 7c]
Seat 1: c14cee3e (button) folded before Flop (didn't bet)
Seat 2: bf96e7a4 (small blind) folded before Flop
Seat 3: 5de208ce (big blind) folded on the Turn
Seat 4: 84f17120 won ($1.25)
Seat 5: 69f70968 folded before Flop (didn't bet)
Seat 6: Hero folded before Flop (didn't bet)


Poker Hand #HD1811314335: Hold'em No Limit ($0.05/$0.1) - 2024/06/11 21:30:16
Table 'NLHRed31' 6-max Seat #6 is the button
Seat 1: c14cee3e ($10.13 in chips)
Seat 2: bf96e7a4 ($6.64 in chips)
Seat 3: 5de208ce ($10.32 in chips)
Seat 4: 84f17120 ($12.07 in chips)
Seat 5: 69f70968 ($10.84 in chips)
Seat 6: Hero ($10 in chips)
c14cee3e: posts small blind $0.05
bf96e7a4: posts big blind $0.1
*** HOLE CARDS ***
Dealt to c14cee3e 
Dealt to bf96e7a4 
Dealt to 5de208ce 
Dealt to 84f17120 
Dealt to 69f70968 
Dealt to Hero [7c Qd]
5de208ce: folds
84f17120: folds
69f70968: folds
Hero: folds
c14cee3e: folds
Uncalled bet ($0.05) returned to bf96e7a4
*** SHOWDOWN ***
bf96e7a4 collected $0.1 from pot
*** SUMMARY ***
Total pot $0.1 | Rake $0 | Jackpot $0 | Bingo $0 | Fortune $0 | Tax $0
Seat 1: c14cee3e (small blind) folded before Flop
Seat 2: bf96e7a4 (big blind) collected ($0.1)
Seat 3: 5de208ce folded before Flop (didn't bet)
Seat 4: 84f17120 folded before Flop (didn't bet)
Seat 5: 69f70968 folded before Flop (didn't bet)
Seat 6: Hero (button) folded before Flop (didn't bet)


Poker Hand #HD1811314221: Hold'em No Limit ($0.05/$0.1) - 2024/06/11 21:29:22
Table 'NLHRed31' 6-max Seat #5 is the button
Seat 1: c14cee3e ($10.23 in chips)
Seat 2: bf96e7a4 ($7.04 in chips)
Seat 3: 5de208ce ($10.32 in chips)
Seat 4: 84f17120 ($12.07 in chips)
Seat 5: 69f70968 ($10 in chips)
Seat 6: Hero ($10.05 in chips)
Hero: posts small blind $0.05
c14cee3e: posts big blind $0.1
*** HOLE CARDS ***
Dealt to c14cee3e 
Dealt to bf96e7a4 
Dealt to 5de208ce 
Dealt to 84f17120 
Dealt to 69f70968 
Dealt to Hero [9h 9s]
bf96e7a4: calls $0.1
5de208ce: folds
84f17120: folds
69f70968: raises $0.3 to $0.4
Hero: calls $0.35
c14cee3e: folds
bf96e7a4: calls $0.3
*** FLOP *** [Td 2s Ad]
Hero: checks
bf96e7a4: checks
69f70968: checks
*** TURN *** [Td 2s Ad] [8h]
Hero: checks
bf96e7a4: checks
69f70968: bets $0.75
Hero: folds
bf96e7a4: folds
Uncalled bet ($0.75) returned to 69f70968
*** SHOWDOWN ***
69f70968 collected $1.24 from pot
*** SUMMARY ***
Total pot $1.3 | Rake $0.06 | Jackpot $0 | Bingo $0 | Fortune $0 | Tax $0
Board [Td 2s Ad 8h]
Seat 1: c14cee3e (big blind) folded before Flop
Seat 2: bf96e7a4 folded on the Turn
Seat 3: 5de208ce folded before Flop (didn't bet)
Seat 4: 84f17120 folded before Flop (didn't bet)
Seat 5: 69f70968 (button) won ($1.24)
Seat 6: Hero (small blind) folded on the Turn


Poker Hand #HD1811314129: Hold'em No Limit ($0.05/$0.1) - 2024/06/11 21:28:38
Table 'NLHRed31' 6-max Seat #4 is the button
Seat 1: c14cee3e ($10.23 in chips)
Seat 2: bf96e7a4 ($6.62 in chips)
Seat 3: 5de208ce ($10.32 in chips)
Seat 4: 84f17120 ($12.37 in chips)
Seat 5: 69f70968 ($10 in chips)
Seat 6: Hero ($10.15 in chips)
69f70968: posts small blind $0.05
Hero: posts big blind $0.1
*** HOLE CARDS ***
Dealt to c14cee3e 
Dealt to bf96e7a4 
Dealt to 5de208ce 
Dealt to 84f17120 
Dealt to 69f70968 
Dealt to Hero [9h Ts]
c14cee3e: folds
bf96e7a4: calls $0.1
5de208ce: folds
84f17120: raises $0.2 to $0.3
69f70968: folds
Hero: folds
bf96e7a4: calls $0.2
*** FLOP *** [Qd 7h 6c]
bf96e7a4: checks
84f17120: checks
*** TURN *** [Qd 7h 6c] [9d]
bf96e7a4: checks
84f17120: checks
*** RIVER *** [Qd 7h 6c 9d] [Js]
bf96e7a4: checks
84f17120: checks
bf96e7a4: shows [Tc Kd] (Kings-High Straight)
84f17120: shows [8h Ah] (Ace-High)
*** SHOWDOWN ***
bf96e7a4 collected $0.72 from pot
*** SUMMARY ***
Total pot $0.75 | Rake $0.03 | Jackpot $0 | Bingo $0 | Fortune $0 | Tax $0
Board [Qd 7h 6c 9d Js]
Seat 1: c14cee3e folded before Flop (didn't bet)
Seat 2: bf96e7a4 showed [Tc Kd] and won ($0.72) with Kings-High Straight
Seat 3: 5de208ce folded before Flop (didn't bet)
Seat 4: 84f17120 (button) showed [8h Ah] and lost with Ace-High
Seat 5: 69f70968 (small blind) folded before Flop
Seat 6: Hero (big blind) folded before Flop


Poker Hand #HD1811314063: Hold'em No Limit ($0.05/$0.1) - 2024/06/11 21:27:58
Table 'NLHRed31' 6-max Seat #3 is the button
Seat 1: c14cee3e ($10.23 in chips)
Seat 2: bf96e7a4 ($6.48 in chips)
Seat 3: 5de208ce ($10.32 in chips)
Seat 4: 84f17120 ($12.42 in chips)
Seat 5: 69f70968 ($10 in chips)
Seat 6: Hero ($10.15 in chips)
84f17120: posts small blind $0.05
69f70968: posts big blind $0.1
*** HOLE CARDS ***
Dealt to c14cee3e 
Dealt to bf96e7a4 
Dealt to 5de208ce 
Dealt to 84f17120 
Dealt to 69f70968 
Dealt to Hero [6s 7c]
Hero: folds
c14cee3e: folds
bf96e7a4: calls $0.1
5de208ce: folds
84f17120: folds
69f70968: checks
*** FLOP *** [Qh 7d 5h]
69f70968: checks
bf96e7a4: checks
*** TURN *** [Qh 7d 5h] [4s]
69f70968: checks
bf96e7a4: checks
*** RIVER *** [Qh 7d 5h 4s] [4c]
69f70968: checks
bf96e7a4: checks
69f70968: shows [9d 2s] (Pair of Fours)
bf96e7a4: shows [Ah Jc] (Pair of Fours)
*** SHOWDOWN ***
bf96e7a4 collected $0.24 from pot
*** SUMMARY ***
Total pot $0.25 | Rake $0.01 | Jackpot $0 | Bingo $0 | Fortune $0 | Tax $0
Board [Qh 7d 5h 4s 4c]
Seat 1: c14cee3e folded before Flop (didn't bet)
Seat 2: bf96e7a4 showed [Ah Jc] and won ($0.24) with Pair of Fours
Seat 3: 5de208ce (button) folded before Flop (didn't bet)
Seat 4: 84f17120 (small blind) folded before Flop
Seat 5: 69f70968 (big blind) showed [9d 2s] and lost with Pair of Fours
Seat 6: Hero folded before Flop (didn't bet)


Poker Hand #HD1811314023: Hold'em No Limit ($0.05/$0.1) - 2024/06/11 21:27:43
Table 'NLHRed31' 6-max Seat #2 is the button
Seat 1: c14cee3e ($10.23 in chips)
Seat 2: bf96e7a4 ($6.48 in chips)
Seat 3: 5de208ce ($10.22 in chips)
Seat 4: 84f17120 ($12.52 in chips)
Seat 6: Hero ($10.15 in chips)
5de208ce: posts small blind $0.05
84f17120: posts big blind $0.1
*** HOLE CARDS ***
Dealt to c14cee3e 
Dealt to bf96e7a4 
Dealt to 5de208ce 
Dealt to 84f17120 
Dealt to Hero [Jc 6c]
Hero: folds
c14cee3e: folds
bf96e7a4: folds
5de208ce: raises $0.2 to $0.3
84f17120: folds
Uncalled bet ($0.2) returned to 5de208ce
*** SHOWDOWN ***
5de208ce collected $0.2 from pot
*** SUMMARY ***
Total pot $0.2 | Rake $0 | Jackpot $0 | Bingo $0 | Fortune $0 | Tax $0
Seat 1: c14cee3e folded before Flop (didn't bet)
Seat 2: bf96e7a4 (button) folded before Flop (didn't bet)
Seat 3: 5de208ce (small blind) collected ($0.2)
Seat 4: 84f17120 (big blind) folded before Flop
Seat 6: Hero folded before Flop (didn't bet)


Poker Hand #HD1811313987: Hold'em No Limit ($0.05/$0.1) - 2024/06/11 21:27:22
Table 'NLHRed31' 6-max Seat #1 is the button
Seat 1: c14cee3e ($10.23 in chips)
Seat 2: bf96e7a4 ($6.53 in chips)
Seat 3: 5de208ce ($10.32 in chips)
Seat 4: 84f17120 ($12.52 in chips)
Seat 6: Hero ($10 in chips)
bf96e7a4: posts small blind $0.05
5de208ce: posts big blind $0.1
*** HOLE CARDS ***
Dealt to c14cee3e 
Dealt to bf96e7a4 
Dealt to 5de208ce 
Dealt to 84f17120 
Dealt to Hero [8h Kh]
84f17120: folds
Hero: raises $0.14 to $0.24
c14cee3e: folds
bf96e7a4: folds
5de208ce: folds
Uncalled bet ($0.14) returned to Hero
*** SHOWDOWN ***
Hero collected $0.25 from pot
*** SUMMARY ***
Total pot $0.25 | Rake $0 | Jackpot $0 | Bingo $0 | Fortune $0 | Tax $0
Seat 1: c14cee3e (button) folded before Flop (didn't bet)
Seat 2: bf96e7a4 (small blind) folded before Flop
Seat 3: 5de208ce (big blind) folded before Flop
Seat 4: 84f17120 folded before Flop (didn't bet)
Seat 6: Hero collected ($0.25)


Poker Hand #HD1811313956: Hold'em No Limit ($0.05/$0.1) - 2024/06/11 21:27:06
Table 'NLHRed31' 6-max Seat #6 is the button
Seat 1: c14cee3e ($10.28 in chips)
Seat 2: bf96e7a4 ($6.48 in chips)
Seat 3: 5de208ce ($10.32 in chips)
Seat 4: 84f17120 ($12.52 in chips)
Seat 6: Hero ($10 in chips)
c14cee3e: posts small blind $0.05
bf96e7a4: posts big blind $0.1
*** HOLE CARDS ***
Dealt to c14cee3e 
Dealt to bf96e7a4 
Dealt to 5de208ce 
Dealt to 84f17120 
Dealt to Hero [Ac 3h]
5de208ce: folds
84f17120: folds
Hero: folds
c14cee3e: folds
Uncalled bet ($0.05) returned to bf96e7a4
*** SHOWDOWN ***
bf96e7a4 collected $0.1 from pot
*** SUMMARY ***
Total pot $0.1 | Rake $0 | Jackpot $0 | Bingo $0 | Fortune $0 | Tax $0
Seat 1: c14cee3e (small blind) folded before Flop
Seat 2: bf96e7a4 (big blind) collected ($0.1)
Seat 3: 5de208ce folded before Flop (didn't bet)
Seat 4: 84f17120 folded before Flop (didn't bet)
Seat 6: Hero (button) folded before Flop (didn't bet)


Poker Hand #HD1811313871: Hold'em No Limit ($0.05/$0.1) - 2024/06/11 21:26:19
Table 'NLHRed31' 6-max Seat #4 is the button
Seat 1: c14cee3e ($10.51 in chips)
Seat 2: bf96e7a4 ($6.22 in chips)
Seat 3: 5de208ce ($10.32 in chips)
Seat 4: 84f17120 ($12.52 in chips)
Seat 6: Hero ($10.05 in chips)
Hero: posts small blind $0.05
c14cee3e: posts big blind $0.1
*** HOLE CARDS ***
Dealt to c14cee3e 
Dealt to bf96e7a4 
Dealt to 5de208ce 
Dealt to 84f17120 
Dealt to Hero [3s 9d]
bf96e7a4: calls $0.1
5de208ce: folds
84f17120: folds
Hero: folds
c14cee3e: checks
*** FLOP *** [8c 9s Qh]
c14cee3e: checks
bf96e7a4: bets $0.13
c14cee3e: calls $0.13
*** TURN *** [8c 9s Qh] [4h]
c14cee3e: checks
bf96e7a4: bets $0.26
c14cee3e: folds
Uncalled bet ($0.26) returned to bf96e7a4
*** SHOWDOWN ***
bf96e7a4 collected $0.49 from pot
*** SUMMARY ***
Total pot $0.51 | Rake $0.02 | Jackpot $0 | Bingo $0 | Fortune $0 | Tax $0
Board [8c 9s Qh 4h]
Seat 1: c14cee3e (big blind) folded on the Turn
Seat 2: bf96e7a4 won ($0.49)
Seat 3: 5de208ce folded before Flop (didn't bet)
Seat 4: 84f17120 (button) folded before Flop (didn't bet)
Seat 6: Hero (small blind) folded before Flop


Poker Hand #HD1811313799: Hold'em No Limit ($0.05/$0.1) - 2024/06/11 21:25:40
Table 'NLHRed31' 6-max Seat #3 is the button
Seat 1: c14cee3e ($10 in chips)
Seat 2: bf96e7a4 ($6.62 in chips)
Seat 3: 5de208ce ($10.32 in chips)
Seat 4: 84f17120 ($12.57 in chips)
Seat 6: Hero ($10.15 in chips)
84f17120: posts small blind $0.05
Hero: posts big blind $0.1
*** HOLE CARDS ***
Dealt to c14cee3e 
Dealt to bf96e7a4 
Dealt to 5de208ce 
Dealt to 84f17120 
Dealt to Hero [4d 5h]
c14cee3e: raises $0.3 to $0.4
bf96e7a4: calls $0.4
5de208ce: folds
84f17120: folds
Hero: folds
*** FLOP *** [2h 8c Jh]
c14cee3e: checks
bf96e7a4: checks
*** TURN *** [2h 8c Jh] [6h]
c14cee3e: bets $0.24
bf96e7a4: folds
Uncalled bet ($0.24) returned to c14cee3e
*** SHOWDOWN ***
c14cee3e collected $0.91 from pot
*** SUMMARY ***
Total pot $0.95 | Rake $0.04 | Jackpot $0 | Bingo $0 | Fortune $0 | Tax $0
Board [2h 8c Jh 6h]
Seat 1: c14cee3e won ($0.91)
Seat 2: bf96e7a4 folded on the Turn
Seat 3: 5de208ce (button) folded before Flop (didn't bet)
Seat 4: 84f17120 (small blind) folded before Flop
Seat 6: Hero (big blind) folded before Flop


Poker Hand #HD1811313753: Hold'em No Limit ($0.05/$0.1) - 2024/06/11 21:25:19
Table 'NLHRed31' 6-max Seat #2 is the button
Seat 1: c14cee3e ($10 in chips)
Seat 2: bf96e7a4 ($6.62 in chips)
Seat 3: 5de208ce ($10.37 in chips)
Seat 4: 84f17120 ($12.67 in chips)
Seat 5: 7557bf28 ($11.25 in chips)
Seat 6: Hero ($10 in chips)
5de208ce: posts small blind $0.05
84f17120: posts big blind $0.1
*** HOLE CARDS ***
Dealt to c14cee3e 
Dealt to bf96e7a4 
Dealt to 5de208ce 
Dealt to 84f17120 
Dealt to 7557bf28 
Dealt to Hero [Ah Qd]
7557bf28: folds
Hero: raises $0.1 to $0.2
c14cee3e: folds
bf96e7a4: folds
5de208ce: folds
84f17120: folds
Uncalled bet ($0.1) returned to Hero
*** SHOWDOWN ***
Hero collected $0.25 from pot
*** SUMMARY ***
Total pot $0.25 | Rake $0 | Jackpot $0 | Bingo $0 | Fortune $0 | Tax $0
Seat 1: c14cee3e folded before Flop (didn't bet)
Seat 2: bf96e7a4 (button) folded before Flop (didn't bet)
Seat 3: 5de208ce (small blind) folded before Flop
Seat 4: 84f17120 (big blind) folded before Flop
Seat 5: 7557bf28 folded before Flop (didn't bet)
Seat 6: Hero collected ($0.25)


Poker Hand #HD1811313664: Hold'em No Limit ($0.05/$0.1) - 2024/06/11 21:24:38
Table 'NLHRed31' 6-max Seat #1 is the button
Seat 1: c14cee3e ($10 in chips)
Seat 2: bf96e7a4 ($6.3 in chips)
Seat 3: 5de208ce ($10.47 in chips)
Seat 4: 84f17120 ($12.67 in chips)
Seat 5: 7557bf28 ($11.25 in chips)
Seat 6: Hero ($10 in chips)
bf96e7a4: posts small blind $0.05
5de208ce: posts big blind $0.1
*** HOLE CARDS ***
Dealt to c14cee3e 
Dealt to bf96e7a4 
Dealt to 5de208ce 
Dealt to 84f17120 
Dealt to 7557bf28 
Dealt to Hero [9s 9c]
84f17120: folds
7557bf28: folds
Hero: raises $0.14 to $0.24
c14cee3e: folds
bf96e7a4: calls $0.19
5de208ce: folds
*** FLOP *** [As 2s 5h]
bf96e7a4: checks
Hero: checks
*** TURN *** [As 2s 5h] [Jh]
bf96e7a4: checks
Hero: checks
*** RIVER *** [As 2s 5h Jh] [5s]
bf96e7a4: bets $0.29
Hero: folds
Uncalled bet ($0.29) returned to bf96e7a4
*** SHOWDOWN ***
bf96e7a4 collected $0.56 from pot
*** SUMMARY ***
Total pot $0.58 | Rake $0.02 | Jackpot $0 | Bingo $0 | Fortune $0 | Tax $0
Board [As 2s 5h Jh 5s]
Seat 1: c14cee3e (button) folded before Flop (didn't bet)
Seat 2: bf96e7a4 (small blind) won ($0.56)
Seat 3: 5de208ce (big blind) folded before Flop
Seat 4: 84f17120 folded before Flop (didn't bet)
Seat 5: 7557bf28 folded before Flop (didn't bet)
Seat 6: Hero folded on the River


Poker Hand #HD1811313628: Hold'em No Limit ($0.05/$0.1) - 2024/06/11 21:24:20
Table 'NLHRed31' 6-max Seat #6 is the button
Seat 1: c14cee3e ($10 in chips)
Seat 2: bf96e7a4 ($6.25 in chips)
Seat 3: 5de208ce ($10.47 in chips)
Seat 4: 84f17120 ($12.67 in chips)
Seat 5: 7557bf28 ($11.25 in chips)
Seat 6: Hero ($10 in chips)
c14cee3e: posts small blind $0.05
bf96e7a4: posts big blind $0.1
*** HOLE CARDS ***
Dealt to c14cee3e 
Dealt to bf96e7a4 
Dealt to 5de208ce 
Dealt to 84f17120 
Dealt to 7557bf28 
Dealt to Hero [Kh 5s]
5de208ce: folds
84f17120: folds
7557bf28: folds
Hero: folds
c14cee3e: folds
Uncalled bet ($0.05) returned to bf96e7a4
*** SHOWDOWN ***
bf96e7a4 collected $0.1 from pot
*** SUMMARY ***
Total pot $0.1 | Rake $0 | Jackpot $0 | Bingo $0 | Fortune $0 | Tax $0
Seat 1: c14cee3e (small blind) folded before Flop
Seat 2: bf96e7a4 (big blind) collected ($0.1)
Seat 3: 5de208ce folded before Flop (didn't bet)
Seat 4: 84f17120 folded before Flop (didn't bet)
Seat 5: 7557bf28 folded before Flop (didn't bet)
Seat 6: Hero (button) folded before Flop (didn't bet)


Poker Hand #HD1811313576: Hold'em No Limit ($0.05/$0.1) - 2024/06/11 21:23:55
Table 'NLHRed31' 6-max Seat #5 is the button
Seat 1: c14cee3e ($10 in chips)
Seat 2: bf96e7a4 ($6.1 in chips)
Seat 3: 5de208ce ($10.47 in chips)
Seat 4: 84f17120 ($12.67 in chips)
Seat 5: 7557bf28 ($11.25 in chips)
Seat 6: Hero ($10 in chips)
Hero: posts small blind $0.05
c14cee3e: posts big blind $0.1
*** HOLE CARDS ***
Dealt to c14cee3e 
Dealt to bf96e7a4 
Dealt to 5de208ce 
Dealt to 84f17120 
Dealt to 7557bf28 
Dealt to Hero [Td 2d]
bf96e7a4: raises $0.2 to $0.3
5de208ce: folds
84f17120: folds
7557bf28: folds
Hero: folds
c14cee3e: folds
Uncalled bet ($0.2) returned to bf96e7a4
*** SHOWDOWN ***
bf96e7a4 collected $0.25 from pot
*** SUMMARY ***
Total pot $0.25 | Rake $0 | Jackpot $0 | Bingo $0 | Fortune $0 | Tax $0
Seat 1: c14cee3e (big blind) folded before Flop
Seat 2: bf96e7a4 collected ($0.25)
Seat 3: 5de208ce folded before Flop (didn't bet)
Seat 4: 84f17120 folded before Flop (didn't bet)
Seat 5: 7557bf28 (button) folded before Flop (didn't bet)
Seat 6: Hero (small blind) folded before Flop


Poker Hand #HD1811313526: Hold'em No Limit ($0.05/$0.1) - 2024/06/11 21:23:27
Table 'NLHRed31' 6-max Seat #4 is the button
Seat 1: c14cee3e ($10 in chips)
Seat 2: bf96e7a4 ($6.2 in chips)
Seat 3: 5de208ce ($10.47 in chips)
Seat 4: 84f17120 ($12.43 in chips)
Seat 5: 7557bf28 ($11.3 in chips)
Seat 6: Hero ($10 in chips)
7557bf28: posts small blind $0.05
Hero: posts big blind $0.1
*** HOLE CARDS ***
Dealt to c14cee3e 
Dealt to bf96e7a4 
Dealt to 5de208ce 
Dealt to 84f17120 
Dealt to 7557bf28 
Dealt to Hero [5d Td]
c14cee3e: folds
bf96e7a4: calls $0.1
5de208ce: folds
84f17120: raises $0.15 to $0.25
7557bf28: folds
Hero: folds
bf96e7a4: folds
Uncalled bet ($0.15) returned to 84f17120
*** SHOWDOWN ***
84f17120 collected $0.34 from pot
*** SUMMARY ***
Total pot $0.35 | Rake $0.01 | Jackpot $0 | Bingo $0 | Fortune $0 | Tax $0
Seat 1: c14cee3e folded before Flop (didn't bet)
Seat 2: bf96e7a4 folded before Flop
Seat 3: 5de208ce folded before Flop (didn't bet)
Seat 4: 84f17120 (button) collected ($0.34)
Seat 5: 7557bf28 (small blind) folded before Flop
Seat 6: Hero (big blind) folded before Flop


Poker Hand #HD1811313475: Hold'em No Limit ($0.05/$0.1) - 2024/06/11 21:23:01
Table 'NLHRed31' 6-max Seat #3 is the button
Seat 1: c14cee3e ($10 in chips)
Seat 2: bf96e7a4 ($6.2 in chips)
Seat 3: 5de208ce ($10.47 in chips)
Seat 4: 84f17120 ($12.48 in chips)
Seat 5: 7557bf28 ($11.25 in chips)
Seat 6: Hero ($10 in chips)
84f17120: posts small blind $0.05
7557bf28: posts big blind $0.1
*** HOLE CARDS ***
Dealt to c14cee3e 
Dealt to bf96e7a4 
Dealt to 5de208ce 
Dealt to 84f17120 
Dealt to 7557bf28 
Dealt to Hero [Ah 7d]
Hero: folds
c14cee3e: folds
bf96e7a4: folds
5de208ce: folds
84f17120: folds
Uncalled bet ($0.05) returned to 7557bf28
*** SHOWDOWN ***
7557bf28 collected $0.1 from pot
*** SUMMARY ***
Total pot $0.1 | Rake $0 | Jackpot $0 | Bingo $0 | Fortune $0 | Tax $0
Seat 1: c14cee3e folded before Flop (didn't bet)
Seat 2: bf96e7a4 folded before Flop (didn't bet)
Seat 3: 5de208ce (button) folded before Flop (didn't bet)
Seat 4: 84f17120 (small blind) folded before Flop
Seat 5: 7557bf28 (big blind) collected ($0.1)
Seat 6: Hero folded before Flop (didn't bet)


Poker Hand #HD1811313381: Hold'em No Limit ($0.05/$0.1) - 2024/06/11 21:22:18
Table 'NLHRed31' 6-max Seat #2 is the button
Seat 1: c14cee3e ($10 in chips)
Seat 2: bf96e7a4 ($6.2 in chips)
Seat 3: 5de208ce ($10.52 in chips)
Seat 4: 84f17120 ($12.25 in chips)
Seat 5: 7557bf28 ($11.25 in chips)
Seat 6: Hero ($10.03 in chips)
5de208ce: posts small blind $0.05
84f17120: posts big blind $0.1
*** HOLE CARDS ***
Dealt to c14cee3e 
Dealt to bf96e7a4 
Dealt to 5de208ce 
Dealt to 84f17120 
Dealt to 7557bf28 
Dealt to Hero [Ad 9d]
7557bf28: folds
Hero: raises $0.1 to $0.2
c14cee3e: folds
bf96e7a4: folds
5de208ce: folds
84f17120: calls $0.1
*** FLOP *** [Jc 6c 3c]
84f17120: checks
Hero: checks
*** TURN *** [Jc 6c 3c] [7c]
84f17120: bets $0.23
Hero: folds
Uncalled bet ($0.23) returned to 84f17120
*** SHOWDOWN ***
84f17120 collected $0.43 from pot
*** SUMMARY ***
Total pot $0.45 | Rake $0.02 | Jackpot $0 | Bingo $0 | Fortune $0 | Tax $0
Board [Jc 6c 3c 7c]
Seat 1: c14cee3e folded before Flop (didn't bet)
Seat 2: bf96e7a4 (button) folded before Flop (didn't bet)
Seat 3: 5de208ce (small blind) folded before Flop
Seat 4: 84f17120 (big blind) won ($0.43)
Seat 5: 7557bf28 folded before Flop (didn't bet)
Seat 6: Hero folded on the Turn


Poker Hand #HD1811313240: Hold'em No Limit ($0.05/$0.1) - 2024/06/11 21:21:05
Table 'NLHRed31' 6-max Seat #1 is the button
Seat 1: c14cee3e ($10 in chips)
Seat 2: bf96e7a4 ($6.4 in chips)
Seat 3: 5de208ce ($10.34 in chips)
Seat 4: 84f17120 ($12.25 in chips)
Seat 5: 7557bf28 ($11.25 in chips)
Seat 6: Hero ($10.03 in chips)
bf96e7a4: posts small blind $0.05
5de208ce: posts big blind $0.1
*** HOLE CARDS ***
Dealt to c14cee3e 
Dealt to bf96e7a4 
Dealt to 5de208ce 
Dealt to 84f17120 
Dealt to 7557bf28 
Dealt to Hero [8s Ac]
84f17120: folds
7557bf28: folds
Hero: folds
c14cee3e: folds
bf96e7a4: calls $0.05
5de208ce: checks
*** FLOP *** [6d Kd 9c]
bf96e7a4: checks
5de208ce: bets $0.1
bf96e7a4: calls $0.1
*** TURN *** [6d Kd 9c] [Jh]
bf96e7a4: checks
5de208ce: bets $0.2
bf96e7a4: folds
Uncalled bet ($0.2) returned to 5de208ce
*** SHOWDOWN ***
5de208ce collected $0.38 from pot
*** SUMMARY ***
Total pot $0.4 | Rake $0.02 | Jackpot $0 | Bingo $0 | Fortune $0 | Tax $0
Board [6d Kd 9c Jh]
Seat 1: c14cee3e (button) folded before Flop (didn't bet)
Seat 2: bf96e7a4 (small blind) folded on the Turn
Seat 3: 5de208ce (big blind) won ($0.38)
Seat 4: 84f17120 folded before Flop (didn't bet)
Seat 5: 7557bf28 folded before Flop (didn't bet)
Seat 6: Hero folded before Flop (didn't bet)


Poker Hand #HD1811313195: Hold'em No Limit ($0.05/$0.1) - 2024/06/11 21:20:47
Table 'NLHRed31' 6-max Seat #6 is the button
Seat 1: c14cee3e ($10 in chips)
Seat 2: bf96e7a4 ($6.5 in chips)
Seat 3: 5de208ce ($10.19 in chips)
Seat 4: 84f17120 ($12.25 in chips)
Seat 5: 7557bf28 ($11.25 in chips)
Seat 6: Hero ($10.03 in chips)
c14cee3e: posts small blind $0.05
bf96e7a4: posts big blind $0.1
*** HOLE CARDS ***
Dealt to c14cee3e 
Dealt to bf96e7a4 
Dealt to 5de208ce 
Dealt to 84f17120 
Dealt to 7557bf28 
Dealt to Hero [Jd 9s]
5de208ce: raises $0.15 to $0.25
84f17120: folds
7557bf28: folds
Hero: folds
c14cee3e: folds
bf96e7a4: folds
Uncalled bet ($0.15) returned to 5de208ce
*** SHOWDOWN ***
5de208ce collected $0.25 from pot
*** SUMMARY ***
Total pot $0.25 | Rake $0 | Jackpot $0 | Bingo $0 | Fortune $0 | Tax $0
Seat 1: c14cee3e (small blind) folded before Flop
Seat 2: bf96e7a4 (big blind) folded before Flop
Seat 3: 5de208ce collected ($0.25)
Seat 4: 84f17120 folded before Flop (didn't bet)
Seat 5: 7557bf28 folded before Flop (didn't bet)
Seat 6: Hero (button) folded before Flop (didn't bet)


Poker Hand #HD1811313133: Hold'em No Limit ($0.05/$0.1) - 2024/06/11 21:20:18
Table 'NLHRed31' 6-max Seat #5 is the button
Seat 1: c14cee3e ($10 in chips)
Seat 2: bf96e7a4 ($6.75 in chips)
Seat 3: 5de208ce ($10.19 in chips)
Seat 4: 84f17120 ($11.88 in chips)
Seat 5: 7557bf28 ($11.25 in chips)
Seat 6: Hero ($10.08 in chips)
Hero: posts small blind $0.05
c14cee3e: posts big blind $0.1
*** HOLE CARDS ***
Dealt to c14cee3e 
Dealt to bf96e7a4 
Dealt to 5de208ce 
Dealt to 84f17120 
Dealt to 7557bf28 
Dealt to Hero [Ac 5d]
bf96e7a4: calls $0.1
5de208ce: folds
84f17120: raises $0.15 to $0.25
7557bf28: folds
Hero: folds
c14cee3e: folds
bf96e7a4: calls $0.15
*** FLOP *** [Jc 2s 5c]
bf96e7a4: checks
84f17120: bets $0.22
bf96e7a4: folds
Uncalled bet ($0.22) returned to 84f17120
*** SHOWDOWN ***
84f17120 collected $0.62 from pot
*** SUMMARY ***
Total pot $0.65 | Rake $0.03 | Jackpot $0 | Bingo $0 | Fortune $0 | Tax $0
Board [Jc 2s 5c]
Seat 1: c14cee3e (big blind) folded before Flop
Seat 2: bf96e7a4 folded on the Flop
Seat 3: 5de208ce folded before Flop (didn't bet)
Seat 4: 84f17120 won ($0.62)
Seat 5: 7557bf28 (button) folded before Flop (didn't bet)
Seat 6: Hero (small blind) folded before Flop


Poker Hand #HD1811313044: Hold'em No Limit ($0.05/$0.1) - 2024/06/11 21:19:35
Table 'NLHRed31' 6-max Seat #4 is the button
Seat 2: bf96e7a4 ($6.38 in chips)
Seat 3: 5de208ce ($10.19 in chips)
Seat 4: 84f17120 ($12.13 in chips)
Seat 5: 7557bf28 ($11.3 in chips)
Seat 6: Hero ($10.18 in chips)
7557bf28: posts small blind $0.05
Hero: posts big blind $0.1
*** HOLE CARDS ***
Dealt to bf96e7a4 
Dealt to 5de208ce 
Dealt to 84f17120 
Dealt to 7557bf28 
Dealt to Hero [Kh 3s]
bf96e7a4: calls $0.1
5de208ce: folds
84f17120: raises $0.15 to $0.25
7557bf28: folds
Hero: folds
bf96e7a4: calls $0.15
*** FLOP *** [2h 5d Qc]
bf96e7a4: checks
84f17120: checks
*** TURN *** [2h 5d Qc] [8s]
bf96e7a4: checks
84f17120: checks
*** RIVER *** [2h 5d Qc 8s] [5h]
bf96e7a4: bets $0.33
84f17120: folds
Uncalled bet ($0.33) returned to bf96e7a4
*** SHOWDOWN ***
bf96e7a4 collected $0.62 from pot
*** SUMMARY ***
Total pot $0.65 | Rake $0.03 | Jackpot $0 | Bingo $0 | Fortune $0 | Tax $0
Board [2h 5d Qc 8s 5h]
Seat 2: bf96e7a4 won ($0.62)
Seat 3: 5de208ce folded before Flop (didn't bet)
Seat 4: 84f17120 (button) folded on the River
Seat 5: 7557bf28 (small blind) folded before Flop
Seat 6: Hero (big blind) folded before Flop


Poker Hand #HD1811312935: Hold'em No Limit ($0.05/$0.1) - 2024/06/11 21:18:43
Table 'NLHRed31' 6-max Seat #3 is the button
Seat 2: bf96e7a4 ($6.48 in chips)
Seat 3: 5de208ce ($10.19 in chips)
Seat 4: 84f17120 ($12.18 in chips)
Seat 5: 7557bf28 ($11.16 in chips)
Seat 6: Hero ($10.18 in chips)
84f17120: posts small blind $0.05
7557bf28: posts big blind $0.1
*** HOLE CARDS ***
Dealt to bf96e7a4 
Dealt to 5de208ce 
Dealt to 84f17120 
Dealt to 7557bf28 
Dealt to Hero [Qc 4c]
Hero: folds
bf96e7a4: calls $0.1
5de208ce: folds
84f17120: folds
7557bf28: checks
*** FLOP *** [Kh 7h Ts]
7557bf28: checks
bf96e7a4: checks
*** TURN *** [Kh 7h Ts] [Td]
7557bf28: checks
bf96e7a4: checks
*** RIVER *** [Kh 7h Ts Td] [3h]
7557bf28: checks
bf96e7a4: checks
7557bf28: shows [3d 2d] (Pair of Tens and Pair of Treys)
bf96e7a4: shows [8c 5h] (Pair of Tens)
*** SHOWDOWN ***
7557bf28 collected $0.24 from pot
*** SUMMARY ***
Total pot $0.25 | Rake $0.01 | Jackpot $0 | Bingo $0 | Fortune $0 | Tax $0
Board [Kh 7h Ts Td 3h]
Seat 2: bf96e7a4 showed [8c 5h] and lost with Pair of Tens
Seat 3: 5de208ce (button) folded before Flop (didn't bet)
Seat 4: 84f17120 (small blind) folded before Flop
Seat 5: 7557bf28 (big blind) showed [3d 2d] and won ($0.24) with Pair of Tens and Pair of Treys
Seat 6: Hero folded before Flop (didn't bet)


Poker Hand #HD1811312854: Hold'em No Limit ($0.05/$0.1) - 2024/06/11 21:18:00
Table 'NLHRed31' 6-max Seat #2 is the button
Seat 2: bf96e7a4 ($6.58 in chips)
Seat 3: 5de208ce ($10 in chips)
Seat 4: 84f17120 ($12.28 in chips)
Seat 5: 7557bf28 ($11.16 in chips)
Seat 6: Hero ($10.18 in chips)
5de208ce: posts small blind $0.05
84f17120: posts big blind $0.1
*** HOLE CARDS ***
Dealt to bf96e7a4 
Dealt to 5de208ce 
Dealt to 84f17120 
Dealt to 7557bf28 
Dealt to Hero [Kh 7c]
7557bf28: folds
Hero: folds
bf96e7a4: calls $0.1
5de208ce: raises $0.4 to $0.5
84f17120: folds
bf96e7a4: folds
Uncalled bet ($0.4) returned to 5de208ce
*** SHOWDOWN ***
5de208ce collected $0.29 from pot
*** SUMMARY ***
Total pot $0.3 | Rake $0.01 | Jackpot $0 | Bingo $0 | Fortune $0 | Tax $0
Seat 2: bf96e7a4 (button) folded before Flop
Seat 3: 5de208ce (small blind) collected ($0.29)
Seat 4: 84f17120 (big blind) folded before Flop
Seat 5: 7557bf28 folded before Flop (didn't bet)
Seat 6: Hero folded before Flop (didn't bet)


Poker Hand #HD1811312709: Hold'em No Limit ($0.05/$0.1) - 2024/06/11 21:16:47
Table 'NLHRed31' 6-max Seat #6 is the button
Seat 1: d79ad4bb ($1.92 in chips)
Seat 2: bf96e7a4 ($4.94 in chips)
Seat 3: 5de208ce ($10 in chips)
Seat 4: 84f17120 ($12.28 in chips)
Seat 5: 7557bf28 ($11.16 in chips)
Seat 6: Hero ($10.18 in chips)
d79ad4bb: posts small blind $0.05
bf96e7a4: posts big blind $0.1
*** HOLE CARDS ***
Dealt to d79ad4bb 
Dealt to bf96e7a4 
Dealt to 5de208ce 
Dealt to 84f17120 
Dealt to 7557bf28 
Dealt to Hero [Kh 8s]
5de208ce: folds
84f17120: folds
7557bf28: folds
Hero: folds
d79ad4bb: calls $0.05
bf96e7a4: checks
*** FLOP *** [4c 2h Ah]
d79ad4bb: checks
bf96e7a4: bets $0.2
d79ad4bb: raises $0.3 to $0.5
bf96e7a4: raises $0.6 to $1.1
d79ad4bb: calls $0.6
*** TURN *** [4c 2h Ah] [Td]
d79ad4bb: bets $0.72 and is all-in
bf96e7a4: calls $0.72
d79ad4bb: shows [Kc Ks] (Pair of Kings)
bf96e7a4: shows [4s 2s] (Pair of Fours and Pair of Twos)
*** RIVER *** [4c 2h Ah Td] [7c]
*** SHOWDOWN ***
bf96e7a4 collected $3.56 from pot
*** SUMMARY ***
Total pot $3.84 | Rake $0.18 | Jackpot $0.1 | Bingo $0 | Fortune $0 | Tax $0
Board [4c 2h Ah Td 7c]
Seat 1: d79ad4bb (small blind) showed [Kc Ks] and lost with Pair of Kings
Seat 2: bf96e7a4 (big blind) showed [4s 2s] and won ($3.56) with Pair of Fours and Pair of Twos
Seat 3: 5de208ce folded before Flop (didn't bet)
Seat 4: 84f17120 folded before Flop (didn't bet)
Seat 5: 7557bf28 folded before Flop (didn't bet)
Seat 6: Hero (button) folded before Flop (didn't bet)


Poker Hand #HD1811312588: Hold'em No Limit ($0.05/$0.1) - 2024/06/11 21:15:43
Table 'NLHRed31' 6-max Seat #5 is the button
Seat 1: d79ad4bb ($2.02 in chips)
Seat 2: bf96e7a4 ($5.34 in chips)
Seat 3: 5de208ce ($10 in chips)
Seat 4: 84f17120 ($12.28 in chips)
Seat 5: 7557bf28 ($10.65 in chips)
Seat 6: Hero ($10.23 in chips)
Hero: posts small blind $0.05
d79ad4bb: posts big blind $0.1
*** HOLE CARDS ***
Dealt to d79ad4bb 
Dealt to bf96e7a4 
Dealt to 5de208ce 
Dealt to 84f17120 
Dealt to 7557bf28 
Dealt to Hero [7s 5h]
bf96e7a4: calls $0.1
5de208ce: folds
84f17120: folds
7557bf28: raises $0.3 to $0.4
Hero: folds
d79ad4bb: folds
bf96e7a4: calls $0.3
*** FLOP *** [3h 8h 2h]
bf96e7a4: checks
7557bf28: bets $0.24
bf96e7a4: folds
Uncalled bet ($0.24) returned to 7557bf28
*** SHOWDOWN ***
7557bf28 collected $0.91 from pot
*** SUMMARY ***
Total pot $0.95 | Rake $0.04 | Jackpot $0 | Bingo $0 | Fortune $0 | Tax $0
Board [3h 8h 2h]
Seat 1: d79ad4bb (big blind) folded before Flop
Seat 2: bf96e7a4 folded on the Flop
Seat 3: 5de208ce folded before Flop (didn't bet)
Seat 4: 84f17120 folded before Flop (didn't bet)
Seat 5: 7557bf28 (button) won ($0.91)
Seat 6: Hero (small blind) folded before Flop


Poker Hand #HD1811312480: Hold'em No Limit ($0.05/$0.1) - 2024/06/11 21:14:46
Table 'NLHRed31' 6-max Seat #4 is the button
Seat 1: d79ad4bb ($1.76 in chips)
Seat 2: bf96e7a4 ($5.34 in chips)
Seat 3: 5de208ce ($10 in chips)
Seat 4: 84f17120 ($12.28 in chips)
Seat 5: 7557bf28 ($10.7 in chips)
Seat 6: Hero ($10.46 in chips)
7557bf28: posts small blind $0.05
Hero: posts big blind $0.1
*** HOLE CARDS ***
Dealt to d79ad4bb 
Dealt to bf96e7a4 
Dealt to 5de208ce 
Dealt to 84f17120 
Dealt to 7557bf28 
Dealt to Hero [8d 6d]
d79ad4bb: calls $0.1
bf96e7a4: folds
5de208ce: folds
84f17120: folds
7557bf28: folds
Hero: checks
*** FLOP *** [8s Qc 3c]
Hero: checks
d79ad4bb: bets $0.13
Hero: calls $0.13
*** TURN *** [8s Qc 3c] [9d]
Hero: checks
d79ad4bb: bets $0.26
Hero: folds
Uncalled bet ($0.26) returned to d79ad4bb
*** SHOWDOWN ***
d79ad4bb collected $0.49 from pot
*** SUMMARY ***
Total pot $0.51 | Rake $0.02 | Jackpot $0 | Bingo $0 | Fortune $0 | Tax $0
Board [8s Qc 3c 9d]
Seat 1: d79ad4bb won ($0.49)
Seat 2: bf96e7a4 folded before Flop (didn't bet)
Seat 3: 5de208ce folded before Flop (didn't bet)
Seat 4: 84f17120 (button) folded before Flop (didn't bet)
Seat 5: 7557bf28 (small blind) folded before Flop
Seat 6: Hero (big blind) folded on the Turn


Poker Hand #HD1811312411: Hold'em No Limit ($0.05/$0.1) - 2024/06/11 21:14:09
Table 'NLHRed31' 6-max Seat #3 is the button
Seat 1: d79ad4bb ($1.86 in chips)
Seat 2: bf96e7a4 ($5.44 in chips)
Seat 3: 5de208ce ($10 in chips)
Seat 4: 84f17120 ($12.58 in chips)
Seat 5: 7557bf28 ($10.24 in chips)
Seat 6: Hero ($10.46 in chips)
84f17120: posts small blind $0.05
7557bf28: posts big blind $0.1
*** HOLE CARDS ***
Dealt to d79ad4bb 
Dealt to bf96e7a4 
Dealt to 5de208ce 
Dealt to 84f17120 
Dealt to 7557bf28 
Dealt to Hero [5c Kc]
Hero: folds
d79ad4bb: calls $0.1
bf96e7a4: calls $0.1
5de208ce: folds
84f17120: raises $0.2 to $0.3
7557bf28: raises $0.7 to $1
d79ad4bb: folds
bf96e7a4: folds
84f17120: folds
Uncalled bet ($0.7) returned to 7557bf28
*** SHOWDOWN ***
7557bf28 collected $0.76 from pot
*** SUMMARY ***
Total pot $0.8 | Rake $0.04 | Jackpot $0 | Bingo $0 | Fortune $0 | Tax $0
Seat 1: d79ad4bb folded before Flop
Seat 2: bf96e7a4 folded before Flop
Seat 3: 5de208ce (button) folded before Flop (didn't bet)
Seat 4: 84f17120 (small blind) folded before Flop
Seat 5: 7557bf28 (big blind) collected ($0.76)
Seat 6: Hero folded before Flop (didn't bet)


Poker Hand #HD1811312334: Hold'em No Limit ($0.05/$0.1) - 2024/06/11 21:13:27
Table 'NLHRed31' 6-max Seat #2 is the button
Seat 1: d79ad4bb ($2.14 in chips)
Seat 2: bf96e7a4 ($5.04 in chips)
Seat 3: 5de208ce ($10 in chips)
Seat 4: 84f17120 ($12.68 in chips)
Seat 5: 7557bf28 ($10.24 in chips)
Seat 6: Hero ($10.46 in chips)
5de208ce: posts small blind $0.05
84f17120: posts big blind $0.1
*** HOLE CARDS ***
Dealt to d79ad4bb 
Dealt to bf96e7a4 
Dealt to 5de208ce 
Dealt to 84f17120 
Dealt to 7557bf28 
Dealt to Hero [2s 2d]
7557bf28: folds
Hero: folds
d79ad4bb: calls $0.1
bf96e7a4: calls $0.1
5de208ce: folds
84f17120: checks
*** FLOP *** [4s 3s 2h]
84f17120: checks
d79ad4bb: checks
bf96e7a4: bets $0.18
84f17120: folds
d79ad4bb: calls $0.18
*** TURN *** [4s 3s 2h] [3d]
d79ad4bb: checks
bf96e7a4: bets $0.54
d79ad4bb: folds
Uncalled bet ($0.54) returned to bf96e7a4
*** SHOWDOWN ***
bf96e7a4 collected $0.68 from pot
*** SUMMARY ***
Total pot $0.71 | Rake $0.03 | Jackpot $0 | Bingo $0 | Fortune $0 | Tax $0
Board [4s 3s 2h 3d]
Seat 1: d79ad4bb folded on the Turn
Seat 2: bf96e7a4 (button) won ($0.68)
Seat 3: 5de208ce (small blind) folded before Flop
Seat 4: 84f17120 (big blind) folded on the Flop
Seat 5: 7557bf28 folded before Flop (didn't bet)
Seat 6: Hero folded before Flop (didn't bet)


Poker Hand #HD1811312253: Hold'em No Limit ($0.05/$0.1) - 2024/06/11 21:12:43
Table 'NLHRed31' 6-max Seat #1 is the button
Seat 1: d79ad4bb ($2.14 in chips)
Seat 2: bf96e7a4 ($5.34 in chips)
Seat 3: 5de208ce ($10 in chips)
Seat 4: 84f17120 ($12.31 in chips)
Seat 5: 7557bf28 ($10.24 in chips)
Seat 6: Hero ($10.46 in chips)
bf96e7a4: posts small blind $0.05
5de208ce: posts big blind $0.1
*** HOLE CARDS ***
Dealt to d79ad4bb 
Dealt to bf96e7a4 
Dealt to 5de208ce 
Dealt to 84f17120 
Dealt to 7557bf28 
Dealt to Hero [Kh 8h]
84f17120: raises $0.2 to $0.3
7557bf28: folds
Hero: folds
d79ad4bb: folds
bf96e7a4: calls $0.25
5de208ce: folds
*** FLOP *** [Ks 9d 6s]
bf96e7a4: checks
84f17120: bets $0.35
bf96e7a4: folds
Uncalled bet ($0.35) returned to 84f17120
*** SHOWDOWN ***
84f17120 collected $0.67 from pot
*** SUMMARY ***
Total pot $0.7 | Rake $0.03 | Jackpot $0 | Bingo $0 | Fortune $0 | Tax $0
Board [Ks 9d 6s]
Seat 1: d79ad4bb (button) folded before Flop (didn't bet)
Seat 2: bf96e7a4 (small blind) folded on the Flop
Seat 3: 5de208ce (big blind) folded before Flop
Seat 4: 84f17120 won ($0.67)
Seat 5: 7557bf28 folded before Flop (didn't bet)
Seat 6: Hero folded before Flop (didn't bet)


Poker Hand #HD1811312173: Hold'em No Limit ($0.05/$0.1) - 2024/06/11 21:12:05
Table 'NLHRed31' 6-max Seat #6 is the button
Seat 1: d79ad4bb ($2.19 in chips)
Seat 2: bf96e7a4 ($5.58 in chips)
Seat 3: 5de208ce ($10 in chips)
Seat 4: 84f17120 ($12.31 in chips)
Seat 5: 7557bf28 ($10.24 in chips)
Seat 6: Hero ($10.19 in chips)
d79ad4bb: posts small blind $0.05
bf96e7a4: posts big blind $0.1
*** HOLE CARDS ***
Dealt to d79ad4bb 
Dealt to bf96e7a4 
Dealt to 5de208ce 
Dealt to 84f17120 
Dealt to 7557bf28 
Dealt to Hero [Kh Ad]
5de208ce: folds
84f17120: folds
7557bf28: folds
Hero: raises $0.14 to $0.24
d79ad4bb: folds
bf96e7a4: calls $0.14
*** FLOP *** [4d Qs Th]
bf96e7a4: checks
Hero: bets $0.3
bf96e7a4: folds
Uncalled bet ($0.3) returned to Hero
*** SHOWDOWN ***
Hero collected $0.51 from pot
*** SUMMARY ***
Total pot $0.53 | Rake $0.02 | Jackpot $0 | Bingo $0 | Fortune $0 | Tax $0
Board [4d Qs Th]
Seat 1: d79ad4bb (small blind) folded before Flop
Seat 2: bf96e7a4 (big blind) folded on the Flop
Seat 3: 5de208ce folded before Flop (didn't bet)
Seat 4: 84f17120 folded before Flop (didn't bet)
Seat 5: 7557bf28 folded before Flop (didn't bet)
Seat 6: Hero (button) won ($0.51)


Poker Hand #HD1811312127: Hold'em No Limit ($0.05/$0.1) - 2024/06/11 21:11:44
Table 'NLHRed31' 6-max Seat #5 is the button
Seat 1: d79ad4bb ($2.29 in chips)
Seat 2: bf96e7a4 ($5.68 in chips)
Seat 3: 5de208ce ($10 in chips)
Seat 4: 84f17120 ($12.31 in chips)
Seat 5: 7557bf28 ($10 in chips)
Seat 6: Hero ($10.24 in chips)
Hero: posts small blind $0.05
d79ad4bb: posts big blind $0.1
*** HOLE CARDS ***
Dealt to d79ad4bb 
Dealt to bf96e7a4 
Dealt to 5de208ce 
Dealt to 84f17120 
Dealt to 7557bf28 
Dealt to Hero [4d 9s]
bf96e7a4: calls $0.1
5de208ce: folds
84f17120: folds
7557bf28: raises $0.35 to $0.45
Hero: folds
d79ad4bb: folds
bf96e7a4: folds
Uncalled bet ($0.35) returned to 7557bf28
*** SHOWDOWN ***
7557bf28 collected $0.34 from pot
*** SUMMARY ***
Total pot $0.35 | Rake $0.01 | Jackpot $0 | Bingo $0 | Fortune $0 | Tax $0
Seat 1: d79ad4bb (big blind) folded before Flop
Seat 2: bf96e7a4 folded before Flop
Seat 3: 5de208ce folded before Flop (didn't bet)
Seat 4: 84f17120 folded before Flop (didn't bet)
Seat 5: 7557bf28 (button) collected ($0.34)
Seat 6: Hero (small blind) folded before Flop


Poker Hand #HD1811312056: Hold'em No Limit ($0.05/$0.1) - 2024/06/11 21:11:04
Table 'NLHRed31' 6-max Seat #4 is the button
Seat 1: d79ad4bb ($2.39 in chips)
Seat 2: bf96e7a4 ($5.78 in chips)
Seat 3: 5de208ce ($10 in chips)
Seat 4: 84f17120 ($12.31 in chips)
Seat 5: 7557bf28 ($10 in chips)
Seat 6: Hero ($10 in chips)
7557bf28: posts small blind $0.05
Hero: posts big blind $0.1
*** HOLE CARDS ***
Dealt to d79ad4bb 
Dealt to bf96e7a4 
Dealt to 5de208ce 
Dealt to 84f17120 
Dealt to 7557bf28 
Dealt to Hero [Qh Js]
d79ad4bb: calls $0.1
bf96e7a4: calls $0.1
5de208ce: folds
84f17120: folds
7557bf28: folds
Hero: raises $0.4 to $0.5
d79ad4bb: folds
bf96e7a4: folds
Uncalled bet ($0.4) returned to Hero
*** SHOWDOWN ***
Hero collected $0.34 from pot
*** SUMMARY ***
Total pot $0.35 | Rake $0.01 | Jackpot $0 | Bingo $0 | Fortune $0 | Tax $0
Seat 1: d79ad4bb folded before Flop
Seat 2: bf96e7a4 folded before Flop
Seat 3: 5de208ce folded before Flop (didn't bet)
Seat 4: 84f17120 (button) folded before Flop (didn't bet)
Seat 5: 7557bf28 (small blind) folded before Flop
Seat 6: Hero (big blind) collected ($0.34)


