Poker Hand #HD1806796515: Hold'em No Limit ($0.05/$0.1) - 2024/06/08 16:51:37
Table 'NLHRed19' 6-max Seat #3 is the button
Seat 1: 489b7b2e ($11.39 in chips)
Seat 2: edd53d7d ($10.55 in chips)
Seat 3: Hero ($10 in chips)
Seat 4: 6675f362 ($9.23 in chips)
Seat 5: deed745f ($12.42 in chips)
Seat 6: efbf2d5a ($27.98 in chips)
6675f362: posts small blind $0.05
deed745f: posts big blind $0.1
*** HOLE CARDS ***
Dealt to 489b7b2e 
Dealt to edd53d7d 
Dealt to Hero [8d Qc]
Dealt to 6675f362 
Dealt to deed745f 
Dealt to efbf2d5a 
efbf2d5a: folds
489b7b2e: folds
edd53d7d: folds
Hero: folds
6675f362: raises $0.1 to $0.2
deed745f: folds
Uncalled bet ($0.1) returned to 6675f362
*** SHOWDOWN ***
6675f362 collected $0.2 from pot
*** SUMMARY ***
Total pot $0.2 | Rake $0 | Jackpot $0 | Bingo $0 | Fortune $0 | Tax $0
Seat 1: 489b7b2e folded before Flop (didn't bet)
Seat 2: edd53d7d folded before Flop (didn't bet)
Seat 3: Hero (button) folded before Flop (didn't bet)
Seat 4: 6675f362 (small blind) collected ($0.2)
Seat 5: deed745f (big blind) folded before Flop
Seat 6: efbf2d5a folded before Flop (didn't bet)


Poker Hand #HD1806796463: Hold'em No Limit ($0.05/$0.1) - 2024/06/08 16:51:07
Table 'NLHRed19' 6-max Seat #2 is the button
Seat 1: 489b7b2e ($11.39 in chips)
Seat 2: edd53d7d ($10.55 in chips)
Seat 3: Hero ($10 in chips)
Seat 4: 6675f362 ($9.33 in chips)
Seat 5: deed745f ($12.42 in chips)
Seat 6: efbf2d5a ($27.83 in chips)
Hero: posts small blind $0.05
6675f362: posts big blind $0.1
*** HOLE CARDS ***
Dealt to 489b7b2e 
Dealt to edd53d7d 
Dealt to Hero [Kc 9d]
Dealt to 6675f362 
Dealt to deed745f 
Dealt to efbf2d5a 
deed745f: folds
efbf2d5a: raises $0.15 to $0.25
489b7b2e: folds
edd53d7d: folds
Hero: folds
6675f362: folds
Uncalled bet ($0.15) returned to efbf2d5a
*** SHOWDOWN ***
efbf2d5a collected $0.25 from pot
*** SUMMARY ***
Total pot $0.25 | Rake $0 | Jackpot $0 | Bingo $0 | Fortune $0 | Tax $0
Seat 1: 489b7b2e folded before Flop (didn't bet)
Seat 2: edd53d7d (button) folded before Flop (didn't bet)
Seat 3: Hero (small blind) folded before Flop
Seat 4: 6675f362 (big blind) folded before Flop
Seat 5: deed745f folded before Flop (didn't bet)
Seat 6: efbf2d5a collected ($0.25)


Poker Hand #HD1806796419: Hold'em No Limit ($0.05/$0.1) - 2024/06/08 16:50:44
Table 'NLHRed19' 6-max Seat #1 is the button
Seat 1: 489b7b2e ($11.24 in chips)
Seat 2: edd53d7d ($10.6 in chips)
Seat 3: Hero ($10 in chips)
Seat 4: 6675f362 ($9.33 in chips)
Seat 5: deed745f ($12.42 in chips)
Seat 6: efbf2d5a ($27.83 in chips)
edd53d7d: posts small blind $0.05
Hero: posts big blind $0.1
*** HOLE CARDS ***
Dealt to 489b7b2e 
Dealt to edd53d7d 
Dealt to Hero [Jd 3h]
Dealt to 6675f362 
Dealt to deed745f 
Dealt to efbf2d5a 
6675f362: folds
deed745f: folds
efbf2d5a: folds
489b7b2e: raises $0.16 to $0.26
edd53d7d: folds
Hero: folds
Uncalled bet ($0.16) returned to 489b7b2e
*** SHOWDOWN ***
489b7b2e collected $0.25 from pot
*** SUMMARY ***
Total pot $0.25 | Rake $0 | Jackpot $0 | Bingo $0 | Fortune $0 | Tax $0
Seat 1: 489b7b2e (button) collected ($0.25)
Seat 2: edd53d7d (small blind) folded before Flop
Seat 3: Hero (big blind) folded before Flop
Seat 4: 6675f362 folded before Flop (didn't bet)
Seat 5: deed745f folded before Flop (didn't bet)
Seat 6: efbf2d5a folded before Flop (didn't bet)


Poker Hand #HD1806796361: Hold'em No Limit ($0.05/$0.1) - 2024/06/08 16:50:13
Table 'NLHRed19' 6-max Seat #6 is the button
Seat 1: 489b7b2e ($10.92 in chips)
Seat 2: edd53d7d ($10.7 in chips)
Seat 3: Hero ($10 in chips)
Seat 4: 6675f362 ($9.33 in chips)
Seat 5: deed745f ($12.42 in chips)
Seat 6: efbf2d5a ($28.08 in chips)
489b7b2e: posts small blind $0.05
edd53d7d: posts big blind $0.1
*** HOLE CARDS ***
Dealt to 489b7b2e 
Dealt to edd53d7d 
Dealt to Hero [8c 2c]
Dealt to 6675f362 
Dealt to deed745f 
Dealt to efbf2d5a 
Hero: folds
6675f362: folds
deed745f: folds
efbf2d5a: raises $0.15 to $0.25
489b7b2e: raises $0.8 to $1.05
edd53d7d: folds
efbf2d5a: folds
Uncalled bet ($0.8) returned to 489b7b2e
*** SHOWDOWN ***
489b7b2e collected $0.57 from pot
*** SUMMARY ***
Total pot $0.6 | Rake $0.03 | Jackpot $0 | Bingo $0 | Fortune $0 | Tax $0
Seat 1: 489b7b2e (small blind) collected ($0.57)
Seat 2: edd53d7d (big blind) folded before Flop
Seat 3: Hero folded before Flop (didn't bet)
Seat 4: 6675f362 folded before Flop (didn't bet)
Seat 5: deed745f folded before Flop (didn't bet)
Seat 6: efbf2d5a (button) folded before Flop


Poker Hand #HD1806796249: Hold'em No Limit ($0.05/$0.1) - 2024/06/08 16:49:15
Table 'NLHRed19' 6-max Seat #5 is the button
Seat 1: 489b7b2e ($11.02 in chips)
Seat 2: edd53d7d ($10.7 in chips)
Seat 3: Hero ($10.6 in chips)
Seat 4: 6675f362 ($8.28 in chips)
Seat 5: deed745f ($12.42 in chips)
Seat 6: efbf2d5a ($28.13 in chips)
efbf2d5a: posts small blind $0.05
489b7b2e: posts big blind $0.1
*** HOLE CARDS ***
Dealt to 489b7b2e 
Dealt to edd53d7d 
Dealt to Hero [8c 9c]
Dealt to 6675f362 
Dealt to deed745f 
Dealt to efbf2d5a 
edd53d7d: folds
Hero: raises $0.1 to $0.2
6675f362: calls $0.2
deed745f: folds
efbf2d5a: folds
489b7b2e: folds
*** FLOP *** [9s Jd 7h]
Hero: bets $0.2
6675f362: calls $0.2
*** TURN *** [9s Jd 7h] [Ah]
Hero: bets $0.6
6675f362: calls $0.6
*** RIVER *** [9s Jd 7h Ah] [6h]
Hero: checks
6675f362: bets $1.08
Hero: folds
Uncalled bet ($1.08) returned to 6675f362
*** SHOWDOWN ***
6675f362 collected $2.05 from pot
*** SUMMARY ***
Total pot $2.15 | Rake $0.1 | Jackpot $0 | Bingo $0 | Fortune $0 | Tax $0
Board [9s Jd 7h Ah 6h]
Seat 1: 489b7b2e (big blind) folded before Flop
Seat 2: edd53d7d folded before Flop (didn't bet)
Seat 3: Hero folded on the River
Seat 4: 6675f362 won ($2.05)
Seat 5: deed745f (button) folded before Flop (didn't bet)
Seat 6: efbf2d5a (small blind) folded before Flop


Poker Hand #HD1806796221: Hold'em No Limit ($0.05/$0.1) - 2024/06/08 16:49:01
Table 'NLHRed19' 6-max Seat #4 is the button
Seat 1: 489b7b2e ($11.02 in chips)
Seat 2: edd53d7d ($10.7 in chips)
Seat 3: Hero ($10.6 in chips)
Seat 4: 6675f362 ($8.28 in chips)
Seat 5: deed745f ($12.47 in chips)
Seat 6: efbf2d5a ($28.08 in chips)
deed745f: posts small blind $0.05
efbf2d5a: posts big blind $0.1
*** HOLE CARDS ***
Dealt to 489b7b2e 
Dealt to edd53d7d 
Dealt to Hero [6d 3h]
Dealt to 6675f362 
Dealt to deed745f 
Dealt to efbf2d5a 
489b7b2e: folds
edd53d7d: folds
Hero: folds
6675f362: folds
deed745f: folds
Uncalled bet ($0.05) returned to efbf2d5a
*** SHOWDOWN ***
efbf2d5a collected $0.1 from pot
*** SUMMARY ***
Total pot $0.1 | Rake $0 | Jackpot $0 | Bingo $0 | Fortune $0 | Tax $0
Seat 1: 489b7b2e folded before Flop (didn't bet)
Seat 2: edd53d7d folded before Flop (didn't bet)
Seat 3: Hero folded before Flop (didn't bet)
Seat 4: 6675f362 (button) folded before Flop (didn't bet)
Seat 5: deed745f (small blind) folded before Flop
Seat 6: efbf2d5a (big blind) collected ($0.1)


Poker Hand #HD1806796192: Hold'em No Limit ($0.05/$0.1) - 2024/06/08 16:48:44
Table 'NLHRed19' 6-max Seat #3 is the button
Seat 1: 489b7b2e ($11.02 in chips)
Seat 2: edd53d7d ($10.7 in chips)
Seat 3: Hero ($10.6 in chips)
Seat 4: 6675f362 ($8.33 in chips)
Seat 5: deed745f ($12.42 in chips)
Seat 6: efbf2d5a ($28.08 in chips)
6675f362: posts small blind $0.05
deed745f: posts big blind $0.1
*** HOLE CARDS ***
Dealt to 489b7b2e 
Dealt to edd53d7d 
Dealt to Hero [Qs 7c]
Dealt to 6675f362 
Dealt to deed745f 
Dealt to efbf2d5a 
efbf2d5a: folds
489b7b2e: folds
edd53d7d: folds
Hero: folds
6675f362: folds
Uncalled bet ($0.05) returned to deed745f
*** SHOWDOWN ***
deed745f collected $0.1 from pot
*** SUMMARY ***
Total pot $0.1 | Rake $0 | Jackpot $0 | Bingo $0 | Fortune $0 | Tax $0
Seat 1: 489b7b2e folded before Flop (didn't bet)
Seat 2: edd53d7d folded before Flop (didn't bet)
Seat 3: Hero (button) folded before Flop (didn't bet)
Seat 4: 6675f362 (small blind) folded before Flop
Seat 5: deed745f (big blind) collected ($0.1)
Seat 6: efbf2d5a folded before Flop (didn't bet)


Poker Hand #HD1806796046: Hold'em No Limit ($0.05/$0.1) - 2024/06/08 16:47:28
Table 'NLHRed19' 6-max Seat #2 is the button
Seat 1: 489b7b2e ($11.02 in chips)
Seat 2: edd53d7d ($10.7 in chips)
Seat 3: Hero ($10.65 in chips)
Seat 4: 6675f362 ($8.43 in chips)
Seat 5: deed745f ($9.85 in chips)
Seat 6: efbf2d5a ($30.88 in chips)
Hero: posts small blind $0.05
6675f362: posts big blind $0.1
*** HOLE CARDS ***
Dealt to 489b7b2e 
Dealt to edd53d7d 
Dealt to Hero [9d 9h]
Dealt to 6675f362 
Dealt to deed745f 
Dealt to efbf2d5a 
deed745f: raises $0.1 to $0.2
efbf2d5a: raises $0.5 to $0.7
489b7b2e: folds
edd53d7d: folds
Hero: folds
6675f362: folds
deed745f: calls $0.5
*** FLOP *** [2c Td 4h]
deed745f: checks
efbf2d5a: bets $0.9
deed745f: calls $0.9
*** TURN *** [2c Td 4h] [As]
deed745f: checks
efbf2d5a: bets $1.2
deed745f: calls $1.2
*** RIVER *** [2c Td 4h As] [6h]
deed745f: checks
efbf2d5a: checks
deed745f: shows [2d 2h] (Three Twos)
efbf2d5a: shows [Kc Ks] (Pair of Kings)
*** SHOWDOWN ***
deed745f collected $5.37 from pot
*** SUMMARY ***
Total pot $5.75 | Rake $0.28 | Jackpot $0.1 | Bingo $0 | Fortune $0 | Tax $0
Board [2c Td 4h As 6h]
Seat 1: 489b7b2e folded before Flop (didn't bet)
Seat 2: edd53d7d (button) folded before Flop (didn't bet)
Seat 3: Hero (small blind) folded before Flop
Seat 4: 6675f362 (big blind) folded before Flop
Seat 5: deed745f showed [2d 2h] and won ($5.37) with Three Twos
Seat 6: efbf2d5a showed [Kc Ks] and lost with Pair of Kings


Poker Hand #HD1806796005: Hold'em No Limit ($0.05/$0.1) - 2024/06/08 16:47:03
Table 'NLHRed19' 6-max Seat #1 is the button
Seat 1: 489b7b2e ($11.02 in chips)
Seat 2: edd53d7d ($10.6 in chips)
Seat 3: Hero ($10.75 in chips)
Seat 4: 6675f362 ($8.43 in chips)
Seat 5: deed745f ($9.85 in chips)
Seat 6: efbf2d5a ($30.88 in chips)
edd53d7d: posts small blind $0.05
Hero: posts big blind $0.1
*** HOLE CARDS ***
Dealt to 489b7b2e 
Dealt to edd53d7d 
Dealt to Hero [Jc 6d]
Dealt to 6675f362 
Dealt to deed745f 
Dealt to efbf2d5a 
6675f362: folds
deed745f: folds
efbf2d5a: folds
489b7b2e: folds
edd53d7d: raises $0.1 to $0.2
Hero: folds
Uncalled bet ($0.1) returned to edd53d7d
*** SHOWDOWN ***
edd53d7d collected $0.2 from pot
*** SUMMARY ***
Total pot $0.2 | Rake $0 | Jackpot $0 | Bingo $0 | Fortune $0 | Tax $0
Seat 1: 489b7b2e (button) folded before Flop (didn't bet)
Seat 2: edd53d7d (small blind) collected ($0.2)
Seat 3: Hero (big blind) folded before Flop
Seat 4: 6675f362 folded before Flop (didn't bet)
Seat 5: deed745f folded before Flop (didn't bet)
Seat 6: efbf2d5a folded before Flop (didn't bet)


Poker Hand #HD1806795938: Hold'em No Limit ($0.05/$0.1) - 2024/06/08 16:46:26
Table 'NLHRed19' 6-max Seat #6 is the button
Seat 1: 489b7b2e ($10.74 in chips)
Seat 2: edd53d7d ($10.7 in chips)
Seat 3: Hero ($10.75 in chips)
Seat 4: 6675f362 ($8.63 in chips)
Seat 5: deed745f ($9.85 in chips)
Seat 6: efbf2d5a ($30.88 in chips)
489b7b2e: posts small blind $0.05
edd53d7d: posts big blind $0.1
*** HOLE CARDS ***
Dealt to 489b7b2e 
Dealt to edd53d7d 
Dealt to Hero [5s Jd]
Dealt to 6675f362 
Dealt to deed745f 
Dealt to efbf2d5a 
Hero: folds
6675f362: raises $0.1 to $0.2
deed745f: folds
efbf2d5a: folds
489b7b2e: raises $0.6 to $0.8
edd53d7d: folds
6675f362: folds
Uncalled bet ($0.6) returned to 489b7b2e
*** SHOWDOWN ***
489b7b2e collected $0.48 from pot
*** SUMMARY ***
Total pot $0.5 | Rake $0.02 | Jackpot $0 | Bingo $0 | Fortune $0 | Tax $0
Seat 1: 489b7b2e (small blind) collected ($0.48)
Seat 2: edd53d7d (big blind) folded before Flop
Seat 3: Hero folded before Flop (didn't bet)
Seat 4: 6675f362 folded before Flop
Seat 5: deed745f folded before Flop (didn't bet)
Seat 6: efbf2d5a (button) folded before Flop (didn't bet)


Poker Hand #HD1806795889: Hold'em No Limit ($0.05/$0.1) - 2024/06/08 16:45:59
Table 'NLHRed19' 6-max Seat #5 is the button
Seat 1: 489b7b2e ($10.84 in chips)
Seat 2: edd53d7d ($11 in chips)
Seat 3: Hero ($11.65 in chips)
Seat 4: 6675f362 ($8.63 in chips)
Seat 5: deed745f ($9.85 in chips)
Seat 6: efbf2d5a ($29.69 in chips)
efbf2d5a: posts small blind $0.05
489b7b2e: posts big blind $0.1
*** HOLE CARDS ***
Dealt to 489b7b2e 
Dealt to edd53d7d 
Dealt to Hero [Ts Tc]
Dealt to 6675f362 
Dealt to deed745f 
Dealt to efbf2d5a 
edd53d7d: raises $0.2 to $0.3
Hero: raises $0.6 to $0.9
6675f362: folds
deed745f: folds
efbf2d5a: raises $3.06 to $3.96
489b7b2e: folds
edd53d7d: folds
Hero: folds
Uncalled bet ($3.06) returned to efbf2d5a
*** SHOWDOWN ***
efbf2d5a collected $2.09 from pot
*** SUMMARY ***
Total pot $2.2 | Rake $0.11 | Jackpot $0 | Bingo $0 | Fortune $0 | Tax $0
Seat 1: 489b7b2e (big blind) folded before Flop
Seat 2: edd53d7d folded before Flop
Seat 3: Hero folded before Flop
Seat 4: 6675f362 folded before Flop (didn't bet)
Seat 5: deed745f (button) folded before Flop (didn't bet)
Seat 6: efbf2d5a (small blind) collected ($2.09)


Poker Hand #HD1806795871: Hold'em No Limit ($0.05/$0.1) - 2024/06/08 16:45:50
Table 'NLHRed19' 6-max Seat #4 is the button
Seat 2: edd53d7d ($11 in chips)
Seat 3: Hero ($11.65 in chips)
Seat 4: 6675f362 ($8.63 in chips)
Seat 5: deed745f ($9.9 in chips)
Seat 6: efbf2d5a ($29.64 in chips)
deed745f: posts small blind $0.05
efbf2d5a: posts big blind $0.1
*** HOLE CARDS ***
Dealt to edd53d7d 
Dealt to Hero [Qd 2h]
Dealt to 6675f362 
Dealt to deed745f 
Dealt to efbf2d5a 
edd53d7d: folds
Hero: folds
6675f362: folds
deed745f: folds
Uncalled bet ($0.05) returned to efbf2d5a
*** SHOWDOWN ***
efbf2d5a collected $0.1 from pot
*** SUMMARY ***
Total pot $0.1 | Rake $0 | Jackpot $0 | Bingo $0 | Fortune $0 | Tax $0
Seat 2: edd53d7d folded before Flop (didn't bet)
Seat 3: Hero folded before Flop (didn't bet)
Seat 4: 6675f362 (button) folded before Flop (didn't bet)
Seat 5: deed745f (small blind) folded before Flop
Seat 6: efbf2d5a (big blind) collected ($0.1)


Poker Hand #HD1806795842: Hold'em No Limit ($0.05/$0.1) - 2024/06/08 16:45:31
Table 'NLHRed19' 6-max Seat #3 is the button
Seat 2: edd53d7d ($10.85 in chips)
Seat 3: Hero ($11.65 in chips)
Seat 4: 6675f362 ($8.68 in chips)
Seat 5: deed745f ($10 in chips)
Seat 6: efbf2d5a ($29.64 in chips)
6675f362: posts small blind $0.05
deed745f: posts big blind $0.1
*** HOLE CARDS ***
Dealt to edd53d7d 
Dealt to Hero [2d 8s]
Dealt to 6675f362 
Dealt to deed745f 
Dealt to efbf2d5a 
efbf2d5a: folds
edd53d7d: raises $0.1 to $0.2
Hero: folds
6675f362: folds
deed745f: folds
Uncalled bet ($0.1) returned to edd53d7d
*** SHOWDOWN ***
edd53d7d collected $0.25 from pot
*** SUMMARY ***
Total pot $0.25 | Rake $0 | Jackpot $0 | Bingo $0 | Fortune $0 | Tax $0
Seat 2: edd53d7d collected ($0.25)
Seat 3: Hero (button) folded before Flop (didn't bet)
Seat 4: 6675f362 (small blind) folded before Flop
Seat 5: deed745f (big blind) folded before Flop
Seat 6: efbf2d5a folded before Flop (didn't bet)


Poker Hand #HD1806795791: Hold'em No Limit ($0.05/$0.1) - 2024/06/08 16:45:04
Table 'NLHRed19' 6-max Seat #2 is the button
Seat 2: edd53d7d ($10.7 in chips)
Seat 3: Hero ($11.7 in chips)
Seat 4: 6675f362 ($8.78 in chips)
Seat 5: deed745f ($8.8 in chips)
Seat 6: efbf2d5a ($29.64 in chips)
Hero: posts small blind $0.05
6675f362: posts big blind $0.1
*** HOLE CARDS ***
Dealt to edd53d7d 
Dealt to Hero [8d Qd]
Dealt to 6675f362 
Dealt to deed745f 
Dealt to efbf2d5a 
deed745f: folds
efbf2d5a: folds
edd53d7d: raises $0.1 to $0.2
Hero: folds
6675f362: folds
Uncalled bet ($0.1) returned to edd53d7d
*** SHOWDOWN ***
edd53d7d collected $0.25 from pot
*** SUMMARY ***
Total pot $0.25 | Rake $0 | Jackpot $0 | Bingo $0 | Fortune $0 | Tax $0
Seat 2: edd53d7d (button) collected ($0.25)
Seat 3: Hero (small blind) folded before Flop
Seat 4: 6675f362 (big blind) folded before Flop
Seat 5: deed745f folded before Flop (didn't bet)
Seat 6: efbf2d5a folded before Flop (didn't bet)


Poker Hand #HD1806795730: Hold'em No Limit ($0.05/$0.1) - 2024/06/08 16:44:31
Table 'NLHRed19' 6-max Seat #6 is the button
Seat 2: edd53d7d ($10.75 in chips)
Seat 3: Hero ($11.42 in chips)
Seat 4: 6675f362 ($8.78 in chips)
Seat 5: deed745f ($8.8 in chips)
Seat 6: efbf2d5a ($29.89 in chips)
edd53d7d: posts small blind $0.05
Hero: posts big blind $0.1
*** HOLE CARDS ***
Dealt to edd53d7d 
Dealt to Hero [Qc 7c]
Dealt to 6675f362 
Dealt to deed745f 
Dealt to efbf2d5a 
6675f362: folds
deed745f: folds
efbf2d5a: raises $0.15 to $0.25
edd53d7d: folds
Hero: calls $0.15
*** FLOP *** [2h 9d 7s]
Hero: checks
efbf2d5a: checks
*** TURN *** [2h 9d 7s] [5h]
Hero: bets $0.2
efbf2d5a: folds
Uncalled bet ($0.2) returned to Hero
*** SHOWDOWN ***
Hero collected $0.53 from pot
*** SUMMARY ***
Total pot $0.55 | Rake $0.02 | Jackpot $0 | Bingo $0 | Fortune $0 | Tax $0
Board [2h 9d 7s 5h]
Seat 2: edd53d7d (small blind) folded before Flop
Seat 3: Hero (big blind) won ($0.53)
Seat 4: 6675f362 folded before Flop (didn't bet)
Seat 5: deed745f folded before Flop (didn't bet)
Seat 6: efbf2d5a (button) folded on the Turn


Poker Hand #HD1806795702: Hold'em No Limit ($0.05/$0.1) - 2024/06/08 16:44:15
Table 'NLHRed19' 6-max Seat #5 is the button
Seat 2: edd53d7d ($10.85 in chips)
Seat 3: Hero ($11.42 in chips)
Seat 4: 6675f362 ($8.63 in chips)
Seat 5: deed745f ($8.8 in chips)
Seat 6: efbf2d5a ($29.94 in chips)
efbf2d5a: posts small blind $0.05
edd53d7d: posts big blind $0.1
*** HOLE CARDS ***
Dealt to edd53d7d 
Dealt to Hero [Js 3d]
Dealt to 6675f362 
Dealt to deed745f 
Dealt to efbf2d5a 
Hero: folds
6675f362: raises $0.1 to $0.2
deed745f: folds
efbf2d5a: folds
edd53d7d: folds
Uncalled bet ($0.1) returned to 6675f362
*** SHOWDOWN ***
6675f362 collected $0.25 from pot
*** SUMMARY ***
Total pot $0.25 | Rake $0 | Jackpot $0 | Bingo $0 | Fortune $0 | Tax $0
Seat 2: edd53d7d (big blind) folded before Flop
Seat 3: Hero folded before Flop (didn't bet)
Seat 4: 6675f362 collected ($0.25)
Seat 5: deed745f (button) folded before Flop (didn't bet)
Seat 6: efbf2d5a (small blind) folded before Flop


Poker Hand #HD1806795673: Hold'em No Limit ($0.05/$0.1) - 2024/06/08 16:43:59
Table 'NLHRed19' 6-max Seat #4 is the button
Seat 2: edd53d7d ($10.85 in chips)
Seat 3: Hero ($11.42 in chips)
Seat 4: 6675f362 ($8.63 in chips)
Seat 5: deed745f ($8.85 in chips)
Seat 6: efbf2d5a ($29.89 in chips)
deed745f: posts small blind $0.05
efbf2d5a: posts big blind $0.1
*** HOLE CARDS ***
Dealt to edd53d7d 
Dealt to Hero [Ts 4s]
Dealt to 6675f362 
Dealt to deed745f 
Dealt to efbf2d5a 
edd53d7d: folds
Hero: folds
6675f362: folds
deed745f: folds
Uncalled bet ($0.05) returned to efbf2d5a
*** SHOWDOWN ***
efbf2d5a collected $0.1 from pot
*** SUMMARY ***
Total pot $0.1 | Rake $0 | Jackpot $0 | Bingo $0 | Fortune $0 | Tax $0
Seat 2: edd53d7d folded before Flop (didn't bet)
Seat 3: Hero folded before Flop (didn't bet)
Seat 4: 6675f362 (button) folded before Flop (didn't bet)
Seat 5: deed745f (small blind) folded before Flop
Seat 6: efbf2d5a (big blind) collected ($0.1)


Poker Hand #HD1806695632: Hold'em No Limit ($0.05/$0.1) - 2024/06/08 16:43:38
Table 'NLHRed19' 6-max Seat #3 is the button
Seat 2: edd53d7d ($11.15 in chips)
Seat 3: Hero ($11 in chips)
Seat 4: 6675f362 ($8.68 in chips)
Seat 5: deed745f ($8.95 in chips)
Seat 6: efbf2d5a ($29.89 in chips)
6675f362: posts small blind $0.05
deed745f: posts big blind $0.1
*** HOLE CARDS ***
Dealt to edd53d7d 
Dealt to Hero [Kd Ac]
Dealt to 6675f362 
Dealt to deed745f 
Dealt to efbf2d5a 
efbf2d5a: folds
edd53d7d: raises $0.2 to $0.3
Hero: raises $0.9 to $1.2
6675f362: folds
deed745f: folds
edd53d7d: folds
Uncalled bet ($0.9) returned to Hero
*** SHOWDOWN ***
Hero collected $0.72 from pot
*** SUMMARY ***
Total pot $0.75 | Rake $0.03 | Jackpot $0 | Bingo $0 | Fortune $0 | Tax $0
Seat 2: edd53d7d folded before Flop
Seat 3: Hero (button) collected ($0.72)
Seat 4: 6675f362 (small blind) folded before Flop
Seat 5: deed745f (big blind) folded before Flop
Seat 6: efbf2d5a folded before Flop (didn't bet)


Poker Hand #HD1806695595: Hold'em No Limit ($0.05/$0.1) - 2024/06/08 16:43:14
Table 'NLHRed19' 6-max Seat #2 is the button
Seat 2: edd53d7d ($10.92 in chips)
Seat 3: Hero ($11.05 in chips)
Seat 4: 6675f362 ($8.88 in chips)
Seat 5: deed745f ($8.95 in chips)
Seat 6: efbf2d5a ($29.89 in chips)
Hero: posts small blind $0.05
6675f362: posts big blind $0.1
*** HOLE CARDS ***
Dealt to edd53d7d 
Dealt to Hero [3d 9c]
Dealt to 6675f362 
Dealt to deed745f 
Dealt to efbf2d5a 
deed745f: folds
efbf2d5a: folds
edd53d7d: raises $0.1 to $0.2
Hero: folds
6675f362: calls $0.1
*** FLOP *** [4s 6c 7c]
6675f362: checks
edd53d7d: bets $0.2
6675f362: folds
Uncalled bet ($0.2) returned to edd53d7d
*** SHOWDOWN ***
edd53d7d collected $0.43 from pot
*** SUMMARY ***
Total pot $0.45 | Rake $0.02 | Jackpot $0 | Bingo $0 | Fortune $0 | Tax $0
Board [4s 6c 7c]
Seat 2: edd53d7d (button) won ($0.43)
Seat 3: Hero (small blind) folded before Flop
Seat 4: 6675f362 (big blind) folded on the Flop
Seat 5: deed745f folded before Flop (didn't bet)
Seat 6: efbf2d5a folded before Flop (didn't bet)


Poker Hand #HD1806695478: Hold'em No Limit ($0.05/$0.1) - 2024/06/08 16:42:09
Table 'NLHRed19' 6-max Seat #6 is the button
Seat 1: 489b7b2e ($10.89 in chips)
Seat 2: edd53d7d ($11.02 in chips)
Seat 3: Hero ($10 in chips)
Seat 4: 6675f362 ($8.88 in chips)
Seat 5: deed745f ($9.95 in chips)
Seat 6: efbf2d5a ($29.89 in chips)
489b7b2e: posts small blind $0.05
edd53d7d: posts big blind $0.1
*** HOLE CARDS ***
Dealt to 489b7b2e 
Dealt to edd53d7d 
Dealt to Hero [Qs As]
Dealt to 6675f362 
Dealt to deed745f 
Dealt to efbf2d5a 
Hero: raises $0.1 to $0.2
6675f362: folds
deed745f: calls $0.2
efbf2d5a: folds
489b7b2e: folds
edd53d7d: folds
*** FLOP *** [3c Kc Ad]
Hero: bets $0.3
deed745f: calls $0.3
*** TURN *** [3c Kc Ad] [Ts]
Hero: bets $0.5
deed745f: calls $0.5
*** RIVER *** [3c Kc Ad Ts] [6s]
Hero: checks
deed745f: checks
Hero: shows [Qs As] (Pair of Aces)
deed745f: shows [Ac Jc] (Pair of Aces)
*** SHOWDOWN ***
Hero collected $2.05 from pot
*** SUMMARY ***
Total pot $2.15 | Rake $0.1 | Jackpot $0 | Bingo $0 | Fortune $0 | Tax $0
Board [3c Kc Ad Ts 6s]
Seat 1: 489b7b2e (small blind) folded before Flop
Seat 2: edd53d7d (big blind) folded before Flop
Seat 3: Hero showed [Qs As] and won ($2.05) with Pair of Aces
Seat 4: 6675f362 folded before Flop (didn't bet)
Seat 5: deed745f showed [Ac Jc] and lost with Pair of Aces
Seat 6: efbf2d5a (button) folded before Flop (didn't bet)


Poker Hand #HD1806695451: Hold'em No Limit ($0.05/$0.1) - 2024/06/08 16:41:55
Table 'NLHRed19' 6-max Seat #5 is the button
Seat 1: 489b7b2e ($10.84 in chips)
Seat 2: edd53d7d ($11.02 in chips)
Seat 3: Hero ($10 in chips)
Seat 4: 6675f362 ($8.88 in chips)
Seat 5: deed745f ($9.95 in chips)
Seat 6: efbf2d5a ($29.94 in chips)
efbf2d5a: posts small blind $0.05
489b7b2e: posts big blind $0.1
*** HOLE CARDS ***
Dealt to 489b7b2e 
Dealt to edd53d7d 
Dealt to Hero [5s 6d]
Dealt to 6675f362 
Dealt to deed745f 
Dealt to efbf2d5a 
edd53d7d: folds
Hero: folds
6675f362: folds
deed745f: folds
efbf2d5a: folds
Uncalled bet ($0.05) returned to 489b7b2e
*** SHOWDOWN ***
489b7b2e collected $0.1 from pot
*** SUMMARY ***
Total pot $0.1 | Rake $0 | Jackpot $0 | Bingo $0 | Fortune $0 | Tax $0
Seat 1: 489b7b2e (big blind) collected ($0.1)
Seat 2: edd53d7d folded before Flop (didn't bet)
Seat 3: Hero folded before Flop (didn't bet)
Seat 4: 6675f362 folded before Flop (didn't bet)
Seat 5: deed745f (button) folded before Flop (didn't bet)
Seat 6: efbf2d5a (small blind) folded before Flop


Poker Hand #HD1806695351: Hold'em No Limit ($0.05/$0.1) - 2024/06/08 16:40:53
Table 'NLHRed19' 6-max Seat #4 is the button
Seat 1: 489b7b2e ($10.51 in chips)
Seat 2: edd53d7d ($11.02 in chips)
Seat 3: Hero ($10 in chips)
Seat 4: 6675f362 ($9.08 in chips)
Seat 5: deed745f ($10 in chips)
Seat 6: efbf2d5a ($30.04 in chips)
deed745f: posts small blind $0.05
efbf2d5a: posts big blind $0.1
*** HOLE CARDS ***
Dealt to 489b7b2e 
Dealt to edd53d7d 
Dealt to Hero [3c Qh]
Dealt to 6675f362 
Dealt to deed745f 
Dealt to efbf2d5a 
489b7b2e: raises $0.1 to $0.2
edd53d7d: folds
Hero: folds
6675f362: calls $0.2
deed745f: folds
efbf2d5a: folds
*** FLOP *** [Qd 9h 4s]
489b7b2e: checks
6675f362: checks
*** TURN *** [Qd 9h 4s] [9s]
489b7b2e: bets $0.24
6675f362: folds
Uncalled bet ($0.24) returned to 489b7b2e
*** SHOWDOWN ***
489b7b2e collected $0.53 from pot
*** SUMMARY ***
Total pot $0.55 | Rake $0.02 | Jackpot $0 | Bingo $0 | Fortune $0 | Tax $0
Board [Qd 9h 4s 9s]
Seat 1: 489b7b2e won ($0.53)
Seat 2: edd53d7d folded before Flop (didn't bet)
Seat 3: Hero folded before Flop (didn't bet)
Seat 4: 6675f362 (button) folded on the Turn
Seat 5: deed745f (small blind) folded before Flop
Seat 6: efbf2d5a (big blind) folded before Flop


Poker Hand #HD1806695300: Hold'em No Limit ($0.05/$0.1) - 2024/06/08 16:40:25
Table 'NLHRed19' 6-max Seat #3 is the button
Seat 1: 489b7b2e ($10.51 in chips)
Seat 2: edd53d7d ($10.74 in chips)
Seat 3: Hero ($10 in chips)
Seat 4: 6675f362 ($9.28 in chips)
Seat 5: deed745f ($8.4 in chips)
Seat 6: efbf2d5a ($30.04 in chips)
6675f362: posts small blind $0.05
deed745f: posts big blind $0.1
*** HOLE CARDS ***
Dealt to 489b7b2e 
Dealt to edd53d7d 
Dealt to Hero [8h 4h]
Dealt to 6675f362 
Dealt to deed745f 
Dealt to efbf2d5a 
efbf2d5a: folds
489b7b2e: folds
edd53d7d: raises $0.1 to $0.2
Hero: folds
6675f362: calls $0.15
deed745f: folds
*** FLOP *** [7c 3h 6h]
6675f362: checks
edd53d7d: bets $0.2
6675f362: folds
Uncalled bet ($0.2) returned to edd53d7d
*** SHOWDOWN ***
edd53d7d collected $0.48 from pot
*** SUMMARY ***
Total pot $0.5 | Rake $0.02 | Jackpot $0 | Bingo $0 | Fortune $0 | Tax $0
Board [7c 3h 6h]
Seat 1: 489b7b2e folded before Flop (didn't bet)
Seat 2: edd53d7d won ($0.48)
Seat 3: Hero (button) folded before Flop (didn't bet)
Seat 4: 6675f362 (small blind) folded on the Flop
Seat 5: deed745f (big blind) folded before Flop
Seat 6: efbf2d5a folded before Flop (didn't bet)


Poker Hand #HD1806695198: Hold'em No Limit ($0.05/$0.1) - 2024/06/08 16:39:27
Table 'NLHRed19' 6-max Seat #2 is the button
Seat 1: 489b7b2e ($10.51 in chips)
Seat 2: edd53d7d ($10.74 in chips)
Seat 3: Hero ($10 in chips)
Seat 4: 6675f362 ($9.38 in chips)
Seat 5: deed745f ($10 in chips)
Seat 6: efbf2d5a ($28.55 in chips)
Hero: posts small blind $0.05
6675f362: posts big blind $0.1
deed745f: posts big blind $0.1
*** HOLE CARDS ***
Dealt to 489b7b2e 
Dealt to edd53d7d 
Dealt to Hero [5d Jh]
Dealt to 6675f362 
Dealt to deed745f 
Dealt to efbf2d5a 
deed745f: raises $0.1 to $0.2
efbf2d5a: raises $0.6 to $0.8
489b7b2e: folds
edd53d7d: folds
Hero: folds
6675f362: folds
deed745f: calls $0.6
*** FLOP *** [7h 3c Td]
deed745f: checks
efbf2d5a: bets $0.8
deed745f: calls $0.8
*** TURN *** [7h 3c Td] [4d]
deed745f: checks
efbf2d5a: bets $2.52
deed745f: folds
Uncalled bet ($2.52) returned to efbf2d5a
*** SHOWDOWN ***
efbf2d5a collected $3.09 from pot
*** SUMMARY ***
Total pot $3.35 | Rake $0.16 | Jackpot $0.1 | Bingo $0 | Fortune $0 | Tax $0
Board [7h 3c Td 4d]
Seat 1: 489b7b2e folded before Flop (didn't bet)
Seat 2: edd53d7d (button) folded before Flop (didn't bet)
Seat 3: Hero (small blind) folded before Flop
Seat 4: 6675f362 (big blind) folded before Flop
Seat 5: deed745f folded on the Turn
Seat 6: efbf2d5a won ($3.09)


Poker Hand #HD1806695152: Hold'em No Limit ($0.05/$0.1) - 2024/06/08 16:38:59
Table 'NLHRed19' 6-max Seat #1 is the button
Seat 1: 489b7b2e ($10.36 in chips)
Seat 2: edd53d7d ($10.79 in chips)
Seat 3: Hero ($10.08 in chips)
Seat 4: 6675f362 ($9.38 in chips)
Seat 6: efbf2d5a ($28.55 in chips)
edd53d7d: posts small blind $0.05
Hero: posts big blind $0.1
*** HOLE CARDS ***
Dealt to 489b7b2e 
Dealt to edd53d7d 
Dealt to Hero [9d Kh]
Dealt to 6675f362 
Dealt to efbf2d5a 
6675f362: folds
efbf2d5a: folds
489b7b2e: raises $0.15 to $0.25
edd53d7d: folds
Hero: folds
Uncalled bet ($0.15) returned to 489b7b2e
*** SHOWDOWN ***
489b7b2e collected $0.25 from pot
*** SUMMARY ***
Total pot $0.25 | Rake $0 | Jackpot $0 | Bingo $0 | Fortune $0 | Tax $0
Seat 1: 489b7b2e (button) collected ($0.25)
Seat 2: edd53d7d (small blind) folded before Flop
Seat 3: Hero (big blind) folded before Flop
Seat 4: 6675f362 folded before Flop (didn't bet)
Seat 6: efbf2d5a folded before Flop (didn't bet)


Poker Hand #HD1806695063: Hold'em No Limit ($0.05/$0.1) - 2024/06/08 16:38:11
Table 'NLHRed19' 6-max Seat #6 is the button
Seat 1: 489b7b2e ($10.56 in chips)
Seat 2: edd53d7d ($11.59 in chips)
Seat 3: Hero ($10.08 in chips)
Seat 4: 6675f362 ($8.28 in chips)
Seat 5: feadf75 ($2 in chips)
Seat 6: efbf2d5a ($28.55 in chips)
489b7b2e: posts small blind $0.05
edd53d7d: posts big blind $0.1
feadf75: posts big blind $0.1
*** HOLE CARDS ***
Dealt to 489b7b2e 
Dealt to edd53d7d 
Dealt to Hero [8h 2h]
Dealt to 6675f362 
Dealt to feadf75 
Dealt to efbf2d5a 
Hero: folds
6675f362: raises $0.1 to $0.2
feadf75: calls $0.1
efbf2d5a: folds
489b7b2e: calls $0.15
edd53d7d: calls $0.1
*** FLOP *** [Ac 8c 8s]
489b7b2e: checks
edd53d7d: bets $0.6
6675f362: calls $0.6
feadf75: folds
489b7b2e: folds
*** TURN *** [Ac 8c 8s] [As]
edd53d7d: checks
6675f362: bets $0.66
edd53d7d: folds
Uncalled bet ($0.66) returned to 6675f362
*** SHOWDOWN ***
6675f362 collected $1.9 from pot
*** SUMMARY ***
Total pot $2 | Rake $0.1 | Jackpot $0 | Bingo $0 | Fortune $0 | Tax $0
Board [Ac 8c 8s As]
Seat 1: 489b7b2e (small blind) folded on the Flop
Seat 2: edd53d7d (big blind) folded on the Turn
Seat 3: Hero folded before Flop (didn't bet)
Seat 4: 6675f362 won ($1.9)
Seat 5: feadf75 folded on the Flop
Seat 6: efbf2d5a (button) folded before Flop (didn't bet)


Poker Hand #HD1806695026: Hold'em No Limit ($0.05/$0.1) - 2024/06/08 16:37:43
Table 'NLHRed19' 6-max Seat #4 is the button
Seat 1: 489b7b2e ($10.46 in chips)
Seat 2: edd53d7d ($11.59 in chips)
Seat 3: Hero ($10.08 in chips)
Seat 4: 6675f362 ($8.28 in chips)
Seat 6: efbf2d5a ($28.65 in chips)
efbf2d5a: posts small blind $0.05
489b7b2e: posts big blind $0.1
*** HOLE CARDS ***
Dealt to 489b7b2e 
Dealt to edd53d7d 
Dealt to Hero [Qh 9d]
Dealt to 6675f362 
Dealt to efbf2d5a 
edd53d7d: folds
Hero: folds
6675f362: folds
efbf2d5a: calls $0.05
489b7b2e: raises $0.26 to $0.36
efbf2d5a: folds
Uncalled bet ($0.26) returned to 489b7b2e
*** SHOWDOWN ***
489b7b2e collected $0.2 from pot
*** SUMMARY ***
Total pot $0.2 | Rake $0 | Jackpot $0 | Bingo $0 | Fortune $0 | Tax $0
Seat 1: 489b7b2e (big blind) collected ($0.2)
Seat 2: edd53d7d folded before Flop (didn't bet)
Seat 3: Hero folded before Flop (didn't bet)
Seat 4: 6675f362 (button) folded before Flop (didn't bet)
Seat 6: efbf2d5a (small blind) folded before Flop


Poker Hand #HD1806694945: Hold'em No Limit ($0.05/$0.1) - 2024/06/08 16:36:57
Table 'NLHRed19' 6-max Seat #3 is the button
Seat 1: 489b7b2e ($10.46 in chips)
Seat 2: edd53d7d ($11.79 in chips)
Seat 3: Hero ($10.08 in chips)
Seat 4: 6675f362 ($9.88 in chips)
Seat 6: efbf2d5a ($27.11 in chips)
6675f362: posts small blind $0.05
efbf2d5a: posts big blind $0.1
*** HOLE CARDS ***
Dealt to 489b7b2e 
Dealt to edd53d7d 
Dealt to Hero [Jc 7c]
Dealt to 6675f362 
Dealt to efbf2d5a 
489b7b2e: folds
edd53d7d: raises $0.1 to $0.2
Hero: folds
6675f362: calls $0.15
efbf2d5a: calls $0.1
*** FLOP *** [Ts 7s Jh]
6675f362: checks
efbf2d5a: checks
edd53d7d: checks
*** TURN *** [Ts 7s Jh] [6c]
6675f362: bets $0.3
efbf2d5a: calls $0.3
edd53d7d: folds
*** RIVER *** [Ts 7s Jh 6c] [2s]
6675f362: bets $0.4
efbf2d5a: raises $0.7 to $1.1
6675f362: calls $0.7
efbf2d5a: shows [9s 8h] (Jacks-High Straight)
6675f362: shows [7h 6d] (Pair of Sevens and Pair of Sixes)
*** SHOWDOWN ***
efbf2d5a collected $3.14 from pot
*** SUMMARY ***
Total pot $3.4 | Rake $0.16 | Jackpot $0.1 | Bingo $0 | Fortune $0 | Tax $0
Board [Ts 7s Jh 6c 2s]
Seat 1: 489b7b2e folded before Flop (didn't bet)
Seat 2: edd53d7d folded on the Turn
Seat 3: Hero (button) folded before Flop (didn't bet)
Seat 4: 6675f362 (small blind) showed [7h 6d] and lost with Pair of Sevens and Pair of Sixes
Seat 6: efbf2d5a (big blind) showed [9s 8h] and won ($3.14) with Jacks-High Straight


Poker Hand #HD1806694888: Hold'em No Limit ($0.05/$0.1) - 2024/06/08 16:36:21
Table 'NLHRed19' 6-max Seat #2 is the button
Seat 2: edd53d7d ($12.69 in chips)
Seat 3: Hero ($10.13 in chips)
Seat 4: 6675f362 ($9.98 in chips)
Seat 6: efbf2d5a ($26.15 in chips)
Hero: posts small blind $0.05
6675f362: posts big blind $0.1
*** HOLE CARDS ***
Dealt to edd53d7d 
Dealt to Hero [Jd Td]
Dealt to 6675f362 
Dealt to efbf2d5a 
efbf2d5a: raises $0.15 to $0.25
edd53d7d: raises $0.65 to $0.9
Hero: folds
6675f362: folds
efbf2d5a: raises $1.67 to $2.57
edd53d7d: folds
Uncalled bet ($1.67) returned to efbf2d5a
*** SHOWDOWN ***
efbf2d5a collected $1.86 from pot
*** SUMMARY ***
Total pot $1.95 | Rake $0.09 | Jackpot $0 | Bingo $0 | Fortune $0 | Tax $0
Seat 2: edd53d7d (button) folded before Flop
Seat 3: Hero (small blind) folded before Flop
Seat 4: 6675f362 (big blind) folded before Flop
Seat 6: efbf2d5a collected ($1.86)


Poker Hand #HD1806694851: Hold'em No Limit ($0.05/$0.1) - 2024/06/08 16:35:59
Table 'NLHRed19' 6-max Seat #6 is the button
Seat 1: 489b7b2e ($10.51 in chips)
Seat 2: edd53d7d ($12.64 in chips)
Seat 3: Hero ($10.13 in chips)
Seat 4: 6675f362 ($9.98 in chips)
Seat 6: efbf2d5a ($26.15 in chips)
489b7b2e: posts small blind $0.05
edd53d7d: posts big blind $0.1
*** HOLE CARDS ***
Dealt to 489b7b2e 
Dealt to edd53d7d 
Dealt to Hero [As 7h]
Dealt to 6675f362 
Dealt to efbf2d5a 
Hero: folds
6675f362: folds
efbf2d5a: folds
489b7b2e: folds
Uncalled bet ($0.05) returned to edd53d7d
*** SHOWDOWN ***
edd53d7d collected $0.1 from pot
*** SUMMARY ***
Total pot $0.1 | Rake $0 | Jackpot $0 | Bingo $0 | Fortune $0 | Tax $0
Seat 1: 489b7b2e (small blind) folded before Flop
Seat 2: edd53d7d (big blind) collected ($0.1)
Seat 3: Hero folded before Flop (didn't bet)
Seat 4: 6675f362 folded before Flop (didn't bet)
Seat 6: efbf2d5a (button) folded before Flop (didn't bet)


Poker Hand #HD1806694826: Hold'em No Limit ($0.05/$0.1) - 2024/06/08 16:35:44
Table 'NLHRed19' 6-max Seat #4 is the button
Seat 1: 489b7b2e ($10.61 in chips)
Seat 2: edd53d7d ($12.64 in chips)
Seat 3: Hero ($10.13 in chips)
Seat 4: 6675f362 ($9.83 in chips)
Seat 6: efbf2d5a ($26.2 in chips)
efbf2d5a: posts small blind $0.05
489b7b2e: posts big blind $0.1
*** HOLE CARDS ***
Dealt to 489b7b2e 
Dealt to edd53d7d 
Dealt to Hero [4d Qd]
Dealt to 6675f362 
Dealt to efbf2d5a 
edd53d7d: folds
Hero: folds
6675f362: raises $0.1 to $0.2
efbf2d5a: folds
489b7b2e: folds
Uncalled bet ($0.1) returned to 6675f362
*** SHOWDOWN ***
6675f362 collected $0.25 from pot
*** SUMMARY ***
Total pot $0.25 | Rake $0 | Jackpot $0 | Bingo $0 | Fortune $0 | Tax $0
Seat 1: 489b7b2e (big blind) folded before Flop
Seat 2: edd53d7d folded before Flop (didn't bet)
Seat 3: Hero folded before Flop (didn't bet)
Seat 4: 6675f362 (button) collected ($0.25)
Seat 6: efbf2d5a (small blind) folded before Flop


Poker Hand #HD1806694804: Hold'em No Limit ($0.05/$0.1) - 2024/06/08 16:35:31
Table 'NLHRed19' 6-max Seat #3 is the button
Seat 1: 489b7b2e ($10.61 in chips)
Seat 2: edd53d7d ($12.64 in chips)
Seat 3: Hero ($10.13 in chips)
Seat 4: 6675f362 ($9.88 in chips)
Seat 6: efbf2d5a ($26.15 in chips)
6675f362: posts small blind $0.05
efbf2d5a: posts big blind $0.1
*** HOLE CARDS ***
Dealt to 489b7b2e 
Dealt to edd53d7d 
Dealt to Hero [Kc 2h]
Dealt to 6675f362 
Dealt to efbf2d5a 
489b7b2e: folds
edd53d7d: folds
Hero: folds
6675f362: folds
Uncalled bet ($0.05) returned to efbf2d5a
*** SHOWDOWN ***
efbf2d5a collected $0.1 from pot
*** SUMMARY ***
Total pot $0.1 | Rake $0 | Jackpot $0 | Bingo $0 | Fortune $0 | Tax $0
Seat 1: 489b7b2e folded before Flop (didn't bet)
Seat 2: edd53d7d folded before Flop (didn't bet)
Seat 3: Hero (button) folded before Flop (didn't bet)
Seat 4: 6675f362 (small blind) folded before Flop
Seat 6: efbf2d5a (big blind) collected ($0.1)


Poker Hand #HD1806694777: Hold'em No Limit ($0.05/$0.1) - 2024/06/08 16:35:18
Table 'NLHRed19' 6-max Seat #2 is the button
Seat 1: 489b7b2e ($10.61 in chips)
Seat 2: edd53d7d ($12.49 in chips)
Seat 3: Hero ($10.18 in chips)
Seat 4: 6675f362 ($9.98 in chips)
Seat 6: efbf2d5a ($26.15 in chips)
Hero: posts small blind $0.05
6675f362: posts big blind $0.1
*** HOLE CARDS ***
Dealt to 489b7b2e 
Dealt to edd53d7d 
Dealt to Hero [3s Js]
Dealt to 6675f362 
Dealt to efbf2d5a 
efbf2d5a: folds
489b7b2e: folds
edd53d7d: raises $0.1 to $0.2
Hero: folds
6675f362: folds
Uncalled bet ($0.1) returned to edd53d7d
*** SHOWDOWN ***
edd53d7d collected $0.25 from pot
*** SUMMARY ***
Total pot $0.25 | Rake $0 | Jackpot $0 | Bingo $0 | Fortune $0 | Tax $0
Seat 1: 489b7b2e folded before Flop (didn't bet)
Seat 2: edd53d7d (button) collected ($0.25)
Seat 3: Hero (small blind) folded before Flop
Seat 4: 6675f362 (big blind) folded before Flop
Seat 6: efbf2d5a folded before Flop (didn't bet)


Poker Hand #HD1806694732: Hold'em No Limit ($0.05/$0.1) - 2024/06/08 16:34:55
Table 'NLHRed19' 6-max Seat #1 is the button
Seat 1: 489b7b2e ($10.24 in chips)
Seat 2: edd53d7d ($12.54 in chips)
Seat 3: Hero ($10.28 in chips)
Seat 4: 6675f362 ($9.98 in chips)
Seat 6: efbf2d5a ($26.4 in chips)
edd53d7d: posts small blind $0.05
Hero: posts big blind $0.1
*** HOLE CARDS ***
Dealt to 489b7b2e 
Dealt to edd53d7d 
Dealt to Hero [5h 5c]
Dealt to 6675f362 
Dealt to efbf2d5a 
6675f362: folds
efbf2d5a: raises $0.15 to $0.25
489b7b2e: raises $0.5 to $0.75
edd53d7d: folds
Hero: folds
efbf2d5a: folds
Uncalled bet ($0.5) returned to 489b7b2e
*** SHOWDOWN ***
489b7b2e collected $0.62 from pot
*** SUMMARY ***
Total pot $0.65 | Rake $0.03 | Jackpot $0 | Bingo $0 | Fortune $0 | Tax $0
Seat 1: 489b7b2e (button) collected ($0.62)
Seat 2: edd53d7d (small blind) folded before Flop
Seat 3: Hero (big blind) folded before Flop
Seat 4: 6675f362 folded before Flop (didn't bet)
Seat 6: efbf2d5a folded before Flop


Poker Hand #HD1806694714: Hold'em No Limit ($0.05/$0.1) - 2024/06/08 16:34:46
Table 'NLHRed19' 6-max Seat #6 is the button
Seat 1: 489b7b2e ($10.29 in chips)
Seat 2: edd53d7d ($12.49 in chips)
Seat 3: Hero ($10.28 in chips)
Seat 4: 6675f362 ($9.98 in chips)
Seat 6: efbf2d5a ($26.4 in chips)
489b7b2e: posts small blind $0.05
edd53d7d: posts big blind $0.1
*** HOLE CARDS ***
Dealt to 489b7b2e 
Dealt to edd53d7d 
Dealt to Hero [4h 4c]
Dealt to 6675f362 
Dealt to efbf2d5a 
Hero: folds
6675f362: folds
efbf2d5a: folds
489b7b2e: folds
Uncalled bet ($0.05) returned to edd53d7d
*** SHOWDOWN ***
edd53d7d collected $0.1 from pot
*** SUMMARY ***
Total pot $0.1 | Rake $0 | Jackpot $0 | Bingo $0 | Fortune $0 | Tax $0
Seat 1: 489b7b2e (small blind) folded before Flop
Seat 2: edd53d7d (big blind) collected ($0.1)
Seat 3: Hero folded before Flop (didn't bet)
Seat 4: 6675f362 folded before Flop (didn't bet)
Seat 6: efbf2d5a (button) folded before Flop (didn't bet)


Poker Hand #HD1806694682: Hold'em No Limit ($0.05/$0.1) - 2024/06/08 16:34:30
Table 'NLHRed19' 6-max Seat #4 is the button
Seat 1: 489b7b2e ($10.39 in chips)
Seat 2: edd53d7d ($12.49 in chips)
Seat 3: Hero ($10.13 in chips)
Seat 4: 6675f362 ($9.98 in chips)
Seat 6: efbf2d5a ($26.45 in chips)
efbf2d5a: posts small blind $0.05
489b7b2e: posts big blind $0.1
*** HOLE CARDS ***
Dealt to 489b7b2e 
Dealt to edd53d7d 
Dealt to Hero [Kd Ad]
Dealt to 6675f362 
Dealt to efbf2d5a 
edd53d7d: folds
Hero: raises $0.1 to $0.2
6675f362: folds
efbf2d5a: folds
489b7b2e: folds
Uncalled bet ($0.1) returned to Hero
*** SHOWDOWN ***
Hero collected $0.25 from pot
*** SUMMARY ***
Total pot $0.25 | Rake $0 | Jackpot $0 | Bingo $0 | Fortune $0 | Tax $0
Seat 1: 489b7b2e (big blind) folded before Flop
Seat 2: edd53d7d folded before Flop (didn't bet)
Seat 3: Hero collected ($0.25)
Seat 4: 6675f362 (button) folded before Flop (didn't bet)
Seat 6: efbf2d5a (small blind) folded before Flop


Poker Hand #HD1806694574: Hold'em No Limit ($0.05/$0.1) - 2024/06/08 16:33:27
Table 'NLHRed19' 6-max Seat #3 is the button
Seat 1: 489b7b2e ($12.41 in chips)
Seat 2: edd53d7d ($10 in chips)
Seat 3: Hero ($10.13 in chips)
Seat 4: 6675f362 ($10.03 in chips)
Seat 6: efbf2d5a ($27.2 in chips)
6675f362: posts small blind $0.05
efbf2d5a: posts big blind $0.1
*** HOLE CARDS ***
Dealt to 489b7b2e 
Dealt to edd53d7d 
Dealt to Hero [5s 8c]
Dealt to 6675f362 
Dealt to efbf2d5a 
489b7b2e: raises $0.1 to $0.2
edd53d7d: raises $0.55 to $0.75
Hero: folds
6675f362: folds
efbf2d5a: calls $0.65
489b7b2e: raises $1.27 to $2.02
edd53d7d: raises $7.98 to $10 and is all-in
efbf2d5a: folds
489b7b2e: folds
Uncalled bet ($7.98) returned to edd53d7d
*** SHOWDOWN ***
edd53d7d collected $4.51 from pot
*** SUMMARY ***
Total pot $4.84 | Rake $0.23 | Jackpot $0.1 | Bingo $0 | Fortune $0 | Tax $0
Seat 1: 489b7b2e folded before Flop
Seat 2: edd53d7d collected ($4.51)
Seat 3: Hero (button) folded before Flop (didn't bet)
Seat 4: 6675f362 (small blind) folded before Flop
Seat 6: efbf2d5a (big blind) folded before Flop


Poker Hand #HD1806694540: Hold'em No Limit ($0.05/$0.1) - 2024/06/08 16:33:00
Table 'NLHRed19' 6-max Seat #2 is the button
Seat 1: 489b7b2e ($12.66 in chips)
Seat 2: edd53d7d ($10 in chips)
Seat 3: Hero ($10.18 in chips)
Seat 4: 6675f362 ($9.75 in chips)
Seat 6: efbf2d5a ($27.2 in chips)
Hero: posts small blind $0.05
6675f362: posts big blind $0.1
*** HOLE CARDS ***
Dealt to 489b7b2e 
Dealt to edd53d7d 
Dealt to Hero [2s Qc]
Dealt to 6675f362 
Dealt to efbf2d5a 
efbf2d5a: folds
489b7b2e: raises $0.15 to $0.25
edd53d7d: folds
Hero: folds
6675f362: raises $0.55 to $0.8
489b7b2e: folds
Uncalled bet ($0.55) returned to 6675f362
*** SHOWDOWN ***
6675f362 collected $0.53 from pot
*** SUMMARY ***
Total pot $0.55 | Rake $0.02 | Jackpot $0 | Bingo $0 | Fortune $0 | Tax $0
Seat 1: 489b7b2e folded before Flop
Seat 2: edd53d7d (button) folded before Flop (didn't bet)
Seat 3: Hero (small blind) folded before Flop
Seat 4: 6675f362 (big blind) collected ($0.53)
Seat 6: efbf2d5a folded before Flop (didn't bet)


Poker Hand #HD1806694493: Hold'em No Limit ($0.05/$0.1) - 2024/06/08 16:32:32
Table 'NLHRed19' 6-max Seat #1 is the button
Seat 1: 489b7b2e ($12.66 in chips)
Seat 2: edd53d7d ($10.13 in chips)
Seat 3: Hero ($10 in chips)
Seat 4: 6675f362 ($9.75 in chips)
Seat 6: efbf2d5a ($27.2 in chips)
edd53d7d: posts small blind $0.05
Hero: posts big blind $0.1
*** HOLE CARDS ***
Dealt to 489b7b2e 
Dealt to edd53d7d 
Dealt to Hero [Kc Jd]
Dealt to 6675f362 
Dealt to efbf2d5a 
6675f362: folds
efbf2d5a: folds
489b7b2e: folds
edd53d7d: raises $0.1 to $0.2
Hero: raises $0.5 to $0.7
edd53d7d: folds
Uncalled bet ($0.5) returned to Hero
*** SHOWDOWN ***
Hero collected $0.38 from pot
*** SUMMARY ***
Total pot $0.4 | Rake $0.02 | Jackpot $0 | Bingo $0 | Fortune $0 | Tax $0
Seat 1: 489b7b2e (button) folded before Flop (didn't bet)
Seat 2: edd53d7d (small blind) folded before Flop
Seat 3: Hero (big blind) collected ($0.38)
Seat 4: 6675f362 folded before Flop (didn't bet)
Seat 6: efbf2d5a folded before Flop (didn't bet)


Poker Hand #HD1806694466: Hold'em No Limit ($0.05/$0.1) - 2024/06/08 16:32:19
Table 'NLHRed19' 6-max Seat #6 is the button
Seat 1: 489b7b2e ($12.71 in chips)
Seat 2: edd53d7d ($10.23 in chips)
Seat 3: Hero ($10 in chips)
Seat 4: 6675f362 ($9.75 in chips)
Seat 6: efbf2d5a ($27.05 in chips)
489b7b2e: posts small blind $0.05
edd53d7d: posts big blind $0.1
*** HOLE CARDS ***
Dealt to 489b7b2e 
Dealt to edd53d7d 
Dealt to Hero [3s 8h]
Dealt to 6675f362 
Dealt to efbf2d5a 
Hero: folds
6675f362: folds
efbf2d5a: raises $0.15 to $0.25
489b7b2e: folds
edd53d7d: folds
Uncalled bet ($0.15) returned to efbf2d5a
*** SHOWDOWN ***
efbf2d5a collected $0.25 from pot
*** SUMMARY ***
Total pot $0.25 | Rake $0 | Jackpot $0 | Bingo $0 | Fortune $0 | Tax $0
Seat 1: 489b7b2e (small blind) folded before Flop
Seat 2: edd53d7d (big blind) folded before Flop
Seat 3: Hero folded before Flop (didn't bet)
Seat 4: 6675f362 folded before Flop (didn't bet)
Seat 6: efbf2d5a (button) collected ($0.25)


Poker Hand #HD1806694375: Hold'em No Limit ($0.05/$0.1) - 2024/06/08 16:31:23
Table 'NLHRed19' 6-max Seat #4 is the button
Seat 1: 489b7b2e ($12.26 in chips)
Seat 2: edd53d7d ($10.23 in chips)
Seat 3: Hero ($10 in chips)
Seat 4: 6675f362 ($9.75 in chips)
Seat 6: efbf2d5a ($27.1 in chips)
efbf2d5a: posts small blind $0.05
489b7b2e: posts big blind $0.1
*** HOLE CARDS ***
Dealt to 489b7b2e 
Dealt to edd53d7d 
Dealt to Hero [Qd Ah]
Dealt to 6675f362 
Dealt to efbf2d5a 
edd53d7d: folds
Hero: raises $0.14 to $0.24
6675f362: folds
efbf2d5a: folds
489b7b2e: calls $0.14
*** FLOP *** [Kh 6s 3d]
489b7b2e: checks
Hero: bets $0.2
489b7b2e: calls $0.2
*** TURN *** [Kh 6s 3d] [3c]
489b7b2e: checks
Hero: checks
*** RIVER *** [Kh 6s 3d 3c] [8s]
489b7b2e: checks
Hero: checks
489b7b2e: shows [3h 3s] (Four Treys)
Hero: shows [Qd Ah] (Pair of Treys)
*** SHOWDOWN ***
489b7b2e collected $0.89 from pot
*** SUMMARY ***
Total pot $0.93 | Rake $0.04 | Jackpot $0 | Bingo $0 | Fortune $0 | Tax $0
Board [Kh 6s 3d 3c 8s]
Seat 1: 489b7b2e (big blind) showed [3h 3s] and won ($0.89) with Four Treys
Seat 2: edd53d7d folded before Flop (didn't bet)
Seat 3: Hero showed [Qd Ah] and lost with Pair of Treys
Seat 4: 6675f362 (button) folded before Flop (didn't bet)
Seat 6: efbf2d5a (small blind) folded before Flop


Poker Hand #HD1806694342: Hold'em No Limit ($0.05/$0.1) - 2024/06/08 16:31:06
Table 'NLHRed19' 6-max Seat #3 is the button
Seat 1: 489b7b2e ($12.26 in chips)
Seat 2: edd53d7d ($10.23 in chips)
Seat 3: Hero ($10 in chips)
Seat 4: 6675f362 ($9.8 in chips)
Seat 6: efbf2d5a ($27.05 in chips)
6675f362: posts small blind $0.05
efbf2d5a: posts big blind $0.1
*** HOLE CARDS ***
Dealt to 489b7b2e 
Dealt to edd53d7d 
Dealt to Hero [4h 3s]
Dealt to 6675f362 
Dealt to efbf2d5a 
489b7b2e: folds
edd53d7d: folds
Hero: folds
6675f362: folds
Uncalled bet ($0.05) returned to efbf2d5a
*** SHOWDOWN ***
efbf2d5a collected $0.1 from pot
*** SUMMARY ***
Total pot $0.1 | Rake $0 | Jackpot $0 | Bingo $0 | Fortune $0 | Tax $0
Seat 1: 489b7b2e folded before Flop (didn't bet)
Seat 2: edd53d7d folded before Flop (didn't bet)
Seat 3: Hero (button) folded before Flop (didn't bet)
Seat 4: 6675f362 (small blind) folded before Flop
Seat 6: efbf2d5a (big blind) collected ($0.1)


Poker Hand #HD1806694296: Hold'em No Limit ($0.05/$0.1) - 2024/06/08 16:30:41
Table 'NLHRed19' 6-max Seat #2 is the button
Seat 1: 489b7b2e ($12.26 in chips)
Seat 2: edd53d7d ($10 in chips)
Seat 3: Hero ($10 in chips)
Seat 4: 6675f362 ($10 in chips)
Seat 6: efbf2d5a ($27.05 in chips)
Hero: posts small blind $0.05
6675f362: posts big blind $0.1
*** HOLE CARDS ***
Dealt to 489b7b2e 
Dealt to edd53d7d 
Dealt to Hero [4s 4h]
Dealt to 6675f362 
Dealt to efbf2d5a 
efbf2d5a: folds
489b7b2e: folds
edd53d7d: raises $0.1 to $0.2
Hero: folds
6675f362: calls $0.1
*** FLOP *** [3d Qs Jc]
6675f362: checks
edd53d7d: bets $0.1
6675f362: folds
Uncalled bet ($0.1) returned to edd53d7d
*** SHOWDOWN ***
edd53d7d collected $0.43 from pot
*** SUMMARY ***
Total pot $0.45 | Rake $0.02 | Jackpot $0 | Bingo $0 | Fortune $0 | Tax $0
Board [3d Qs Jc]
Seat 1: 489b7b2e folded before Flop (didn't bet)
Seat 2: edd53d7d (button) won ($0.43)
Seat 3: Hero (small blind) folded before Flop
Seat 4: 6675f362 (big blind) folded on the Flop
Seat 6: efbf2d5a folded before Flop (didn't bet)


Poker Hand #HD1806694273: Hold'em No Limit ($0.05/$0.1) - 2024/06/08 16:30:24
Table 'NLHRed19' 6-max Seat #1 is the button
Seat 1: 489b7b2e ($12.26 in chips)
Seat 2: edd53d7d ($10 in chips)
Seat 3: Hero ($10 in chips)
Seat 6: efbf2d5a ($26.9 in chips)
edd53d7d: posts small blind $0.05
Hero: posts big blind $0.1
*** HOLE CARDS ***
Dealt to 489b7b2e 
Dealt to edd53d7d 
Dealt to Hero [5d Qd]
Dealt to efbf2d5a 
efbf2d5a: raises $0.15 to $0.25
489b7b2e: folds
edd53d7d: folds
Hero: folds
Uncalled bet ($0.15) returned to efbf2d5a
*** SHOWDOWN ***
efbf2d5a collected $0.25 from pot
*** SUMMARY ***
Total pot $0.25 | Rake $0 | Jackpot $0 | Bingo $0 | Fortune $0 | Tax $0
Seat 1: 489b7b2e (button) folded before Flop (didn't bet)
Seat 2: edd53d7d (small blind) folded before Flop
Seat 3: Hero (big blind) folded before Flop
Seat 6: efbf2d5a collected ($0.25)


Poker Hand #HD1806694228: Hold'em No Limit ($0.05/$0.1) - 2024/06/08 16:30:02
Table 'NLHRed19' 6-max Seat #6 is the button
Seat 1: 489b7b2e ($11.94 in chips)
Seat 2: edd53d7d ($10 in chips)
Seat 3: Hero ($10 in chips)
Seat 6: efbf2d5a ($27.15 in chips)
489b7b2e: posts small blind $0.05
edd53d7d: posts big blind $0.1
*** HOLE CARDS ***
Dealt to 489b7b2e 
Dealt to edd53d7d 
Dealt to Hero [4s Kc]
Dealt to efbf2d5a 
Hero: folds
efbf2d5a: raises $0.15 to $0.25
489b7b2e: raises $0.8 to $1.05
edd53d7d: folds
efbf2d5a: folds
Uncalled bet ($0.8) returned to 489b7b2e
*** SHOWDOWN ***
489b7b2e collected $0.57 from pot
*** SUMMARY ***
Total pot $0.6 | Rake $0.03 | Jackpot $0 | Bingo $0 | Fortune $0 | Tax $0
Seat 1: 489b7b2e (small blind) collected ($0.57)
Seat 2: edd53d7d (big blind) folded before Flop
Seat 3: Hero folded before Flop (didn't bet)
Seat 6: efbf2d5a (button) folded before Flop


Poker Hand #HD1806694058: Hold'em No Limit ($0.05/$0.1) - 2024/06/08 16:28:22
Table 'NLHRed19' 6-max Seat #3 is the button
Seat 1: 489b7b2e ($11.94 in chips)
Seat 2: edd53d7d ($10 in chips)
Seat 3: Hero ($11.14 in chips)
Seat 5: 82e3f752 ($6.22 in chips)
Seat 6: efbf2d5a ($25.94 in chips)
82e3f752: posts small blind $0.05
efbf2d5a: posts big blind $0.1
*** HOLE CARDS ***
Dealt to 489b7b2e 
Dealt to edd53d7d 
Dealt to Hero [Kh Qh]
Dealt to 82e3f752 
Dealt to efbf2d5a 
489b7b2e: folds
edd53d7d: folds
Hero: raises $0.14 to $0.24
82e3f752: folds
efbf2d5a: calls $0.14
*** FLOP *** [8h Td 3c]
efbf2d5a: checks
Hero: checks
*** TURN *** [8h Td 3c] [Js]
efbf2d5a: checks
Hero: bets $0.3
efbf2d5a: calls $0.3
*** RIVER *** [8h Td 3c Js] [Tc]
efbf2d5a: checks
Hero: bets $0.75
efbf2d5a: calls $0.75
Hero: shows [Kh Qh] (Pair of Tens)
efbf2d5a: shows [Th Ah] (Three Tens)
*** SHOWDOWN ***
efbf2d5a collected $2.5 from pot
*** SUMMARY ***
Total pot $2.63 | Rake $0.13 | Jackpot $0 | Bingo $0 | Fortune $0 | Tax $0
Board [8h Td 3c Js Tc]
Seat 1: 489b7b2e folded before Flop (didn't bet)
Seat 2: edd53d7d folded before Flop (didn't bet)
Seat 3: Hero (button) showed [Kh Qh] and lost with Pair of Tens
Seat 5: 82e3f752 (small blind) folded before Flop
Seat 6: efbf2d5a (big blind) showed [Th Ah] and won ($2.5) with Three Tens


Poker Hand #HD1806694004: Hold'em No Limit ($0.05/$0.1) - 2024/06/08 16:27:48
Table 'NLHRed19' 6-max Seat #2 is the button
Seat 1: 489b7b2e ($11.94 in chips)
Seat 2: edd53d7d ($10 in chips)
Seat 3: Hero ($10.05 in chips)
Seat 5: 82e3f752 ($6.32 in chips)
Seat 6: efbf2d5a ($27.04 in chips)
Hero: posts small blind $0.05
82e3f752: posts big blind $0.1
*** HOLE CARDS ***
Dealt to 489b7b2e 
Dealt to edd53d7d 
Dealt to Hero [Ks Js]
Dealt to 82e3f752 
Dealt to efbf2d5a 
efbf2d5a: raises $0.15 to $0.25
489b7b2e: folds
edd53d7d: folds
Hero: raises $0.85 to $1.1
82e3f752: folds
efbf2d5a: calls $0.85
*** FLOP *** [9s 3h 6d]
Hero: bets $0.9
efbf2d5a: folds
Uncalled bet ($0.9) returned to Hero
*** SHOWDOWN ***
Hero collected $2.19 from pot
*** SUMMARY ***
Total pot $2.3 | Rake $0.11 | Jackpot $0 | Bingo $0 | Fortune $0 | Tax $0
Board [9s 3h 6d]
Seat 1: 489b7b2e folded before Flop (didn't bet)
Seat 2: edd53d7d (button) folded before Flop (didn't bet)
Seat 3: Hero (small blind) won ($2.19)
Seat 5: 82e3f752 (big blind) folded before Flop
Seat 6: efbf2d5a folded on the Flop


Poker Hand #HD1806693962: Hold'em No Limit ($0.05/$0.1) - 2024/06/08 16:27:25
Table 'NLHRed19' 6-max Seat #1 is the button
Seat 1: 489b7b2e ($11.94 in chips)
Seat 2: edd53d7d ($10.05 in chips)
Seat 3: Hero ($10 in chips)
Seat 4: bb8f9afb ($10 in chips)
Seat 5: 82e3f752 ($6.32 in chips)
Seat 6: efbf2d5a ($27.04 in chips)
edd53d7d: posts small blind $0.05
Hero: posts big blind $0.1
*** HOLE CARDS ***
Dealt to 489b7b2e 
Dealt to edd53d7d 
Dealt to Hero [9h 4c]
Dealt to bb8f9afb 
Dealt to 82e3f752 
Dealt to efbf2d5a 
bb8f9afb: folds
82e3f752: folds
efbf2d5a: folds
489b7b2e: folds
edd53d7d: folds
Uncalled bet ($0.05) returned to Hero
*** SHOWDOWN ***
Hero collected $0.1 from pot
*** SUMMARY ***
Total pot $0.1 | Rake $0 | Jackpot $0 | Bingo $0 | Fortune $0 | Tax $0
Seat 1: 489b7b2e (button) folded before Flop (didn't bet)
Seat 2: edd53d7d (small blind) folded before Flop
Seat 3: Hero (big blind) collected ($0.1)
Seat 4: bb8f9afb folded before Flop (didn't bet)
Seat 5: 82e3f752 folded before Flop (didn't bet)
Seat 6: efbf2d5a folded before Flop (didn't bet)


Poker Hand #HD1806693927: Hold'em No Limit ($0.05/$0.1) - 2024/06/08 16:27:06
Table 'NLHRed19' 6-max Seat #6 is the button
Seat 1: 489b7b2e ($11.99 in chips)
Seat 2: edd53d7d ($10 in chips)
Seat 3: Hero ($10 in chips)
Seat 4: bb8f9afb ($10 in chips)
Seat 5: 82e3f752 ($6.32 in chips)
Seat 6: efbf2d5a ($27.04 in chips)
489b7b2e: posts small blind $0.05
edd53d7d: posts big blind $0.1
*** HOLE CARDS ***
Dealt to 489b7b2e 
Dealt to edd53d7d 
Dealt to Hero [5s Kd]
Dealt to bb8f9afb 
Dealt to 82e3f752 
Dealt to efbf2d5a 
Hero: folds
bb8f9afb: folds
82e3f752: folds
efbf2d5a: folds
489b7b2e: folds
Uncalled bet ($0.05) returned to edd53d7d
*** SHOWDOWN ***
edd53d7d collected $0.1 from pot
*** SUMMARY ***
Total pot $0.1 | Rake $0 | Jackpot $0 | Bingo $0 | Fortune $0 | Tax $0
Seat 1: 489b7b2e (small blind) folded before Flop
Seat 2: edd53d7d (big blind) collected ($0.1)
Seat 3: Hero folded before Flop (didn't bet)
Seat 4: bb8f9afb folded before Flop (didn't bet)
Seat 5: 82e3f752 folded before Flop (didn't bet)
Seat 6: efbf2d5a (button) folded before Flop (didn't bet)


Poker Hand #HD1806693826: Hold'em No Limit ($0.05/$0.1) - 2024/06/08 16:26:05
Table 'NLHRed19' 6-max Seat #5 is the button
Seat 1: 489b7b2e ($11.57 in chips)
Seat 3: Hero ($10 in chips)
Seat 4: bb8f9afb ($10 in chips)
Seat 5: 82e3f752 ($6.52 in chips)
Seat 6: efbf2d5a ($27.09 in chips)
efbf2d5a: posts small blind $0.05
489b7b2e: posts big blind $0.1
*** HOLE CARDS ***
Dealt to 489b7b2e 
Dealt to Hero [Jc As]
Dealt to bb8f9afb 
Dealt to 82e3f752 
Dealt to efbf2d5a 
Hero: raises $0.1 to $0.2
bb8f9afb: folds
82e3f752: calls $0.2
efbf2d5a: folds
489b7b2e: calls $0.1
*** FLOP *** [7h 5d 7s]
489b7b2e: checks
Hero: checks
82e3f752: checks
*** TURN *** [7h 5d 7s] [5s]
489b7b2e: bets $0.37
Hero: folds
82e3f752: folds
Uncalled bet ($0.37) returned to 489b7b2e
*** SHOWDOWN ***
489b7b2e collected $0.62 from pot
*** SUMMARY ***
Total pot $0.65 | Rake $0.03 | Jackpot $0 | Bingo $0 | Fortune $0 | Tax $0
Board [7h 5d 7s 5s]
Seat 1: 489b7b2e (big blind) won ($0.62)
Seat 3: Hero folded on the Turn
Seat 4: bb8f9afb folded before Flop (didn't bet)
Seat 5: 82e3f752 (button) folded on the Turn
Seat 6: efbf2d5a (small blind) folded before Flop


Poker Hand #HD1806693705: Hold'em No Limit ($0.05/$0.1) - 2024/06/08 16:24:52
Table 'NLHRed19' 6-max Seat #4 is the button
Seat 1: 489b7b2e ($11.57 in chips)
Seat 2: 10de5b2b ($19.65 in chips)
Seat 3: Hero ($10 in chips)
Seat 4: bb8f9afb ($10 in chips)
Seat 5: 82e3f752 ($5.8 in chips)
Seat 6: efbf2d5a ($27.33 in chips)
82e3f752: posts small blind $0.05
efbf2d5a: posts big blind $0.1
*** HOLE CARDS ***
Dealt to 489b7b2e 
Dealt to 10de5b2b 
Dealt to Hero [Qc Ks]
Dealt to bb8f9afb 
Dealt to 82e3f752 
Dealt to efbf2d5a 
489b7b2e: folds
10de5b2b: folds
Hero: raises $0.14 to $0.24
bb8f9afb: folds
82e3f752: calls $0.19
efbf2d5a: calls $0.14
*** FLOP *** [Js 8d Jc]
82e3f752: checks
efbf2d5a: checks
Hero: checks
*** TURN *** [Js 8d Jc] [6h]
82e3f752: checks
efbf2d5a: checks
Hero: checks
*** RIVER *** [Js 8d Jc 6h] [Jd]
82e3f752: bets $0.3
efbf2d5a: folds
Hero: calls $0.3
82e3f752: shows [4c 4s] (Jacks Full over Fours)
Hero: shows [Qc Ks] (Three Jacks)
*** SHOWDOWN ***
82e3f752 collected $1.26 from pot
*** SUMMARY ***
Total pot $1.32 | Rake $0.06 | Jackpot $0 | Bingo $0 | Fortune $0 | Tax $0
Board [Js 8d Jc 6h Jd]
Seat 1: 489b7b2e folded before Flop (didn't bet)
Seat 2: 10de5b2b folded before Flop (didn't bet)
Seat 3: Hero showed [Qc Ks] and lost with Three Jacks
Seat 4: bb8f9afb (button) folded before Flop (didn't bet)
Seat 5: 82e3f752 (small blind) showed [4c 4s] and won ($1.26) with Jacks Full over Fours
Seat 6: efbf2d5a (big blind) folded on the River


Poker Hand #HD1806693625: Hold'em No Limit ($0.05/$0.1) - 2024/06/08 16:24:05
Table 'NLHRed19' 6-max Seat #3 is the button
Seat 1: 489b7b2e ($11.57 in chips)
Seat 2: 10de5b2b ($19.75 in chips)
Seat 3: Hero ($10 in chips)
Seat 4: bb8f9afb ($10.05 in chips)
Seat 5: 82e3f752 ($5.66 in chips)
Seat 6: efbf2d5a ($27.33 in chips)
bb8f9afb: posts small blind $0.05
82e3f752: posts big blind $0.1
*** HOLE CARDS ***
Dealt to 489b7b2e 
Dealt to 10de5b2b 
Dealt to Hero [6s Tc]
Dealt to bb8f9afb 
Dealt to 82e3f752 
Dealt to efbf2d5a 
efbf2d5a: folds
489b7b2e: folds
10de5b2b: calls $0.1
Hero: folds
bb8f9afb: folds
82e3f752: checks
*** FLOP *** [9d Ah Ad]
82e3f752: checks
10de5b2b: checks
*** TURN *** [9d Ah Ad] [5c]
82e3f752: checks
10de5b2b: checks
*** RIVER *** [9d Ah Ad 5c] [Kc]
82e3f752: bets $0.1
10de5b2b: folds
Uncalled bet ($0.1) returned to 82e3f752
*** SHOWDOWN ***
82e3f752 collected $0.24 from pot
*** SUMMARY ***
Total pot $0.25 | Rake $0.01 | Jackpot $0 | Bingo $0 | Fortune $0 | Tax $0
Board [9d Ah Ad 5c Kc]
Seat 1: 489b7b2e folded before Flop (didn't bet)
Seat 2: 10de5b2b folded on the River
Seat 3: Hero (button) folded before Flop (didn't bet)
Seat 4: bb8f9afb (small blind) folded before Flop
Seat 5: 82e3f752 (big blind) won ($0.24)
Seat 6: efbf2d5a folded before Flop (didn't bet)


Poker Hand #HD1806693607: Hold'em No Limit ($0.05/$0.1) - 2024/06/08 16:23:48
Table 'NLHRed19' 6-max Seat #2 is the button
Seat 1: 489b7b2e ($11.57 in chips)
Seat 2: 10de5b2b ($19.75 in chips)
Seat 3: Hero ($10 in chips)
Seat 4: bb8f9afb ($10 in chips)
Seat 5: 82e3f752 ($5.66 in chips)
Seat 6: efbf2d5a ($27.33 in chips)
Hero: posts small blind $0.05
bb8f9afb: posts big blind $0.1
*** HOLE CARDS ***
Dealt to 489b7b2e 
Dealt to 10de5b2b 
Dealt to Hero [3s Qc]
Dealt to bb8f9afb 
Dealt to 82e3f752 
Dealt to efbf2d5a 
82e3f752: folds
efbf2d5a: folds
489b7b2e: folds
10de5b2b: folds
Hero: folds
Uncalled bet ($0.05) returned to bb8f9afb
*** SHOWDOWN ***
bb8f9afb collected $0.1 from pot
*** SUMMARY ***
Total pot $0.1 | Rake $0 | Jackpot $0 | Bingo $0 | Fortune $0 | Tax $0
Seat 1: 489b7b2e folded before Flop (didn't bet)
Seat 2: 10de5b2b (button) folded before Flop (didn't bet)
Seat 3: Hero (small blind) folded before Flop
Seat 4: bb8f9afb (big blind) collected ($0.1)
Seat 5: 82e3f752 folded before Flop (didn't bet)
Seat 6: efbf2d5a folded before Flop (didn't bet)


Poker Hand #HD1806693586: Hold'em No Limit ($0.05/$0.1) - 2024/06/08 16:23:34
Table 'NLHRed19' 6-max Seat #1 is the button
Seat 1: 489b7b2e ($11.57 in chips)
Seat 2: 10de5b2b ($19.65 in chips)
Seat 3: Hero ($10 in chips)
Seat 5: 82e3f752 ($5.66 in chips)
Seat 6: efbf2d5a ($27.33 in chips)
10de5b2b: posts small blind $0.05
Hero: posts big blind $0.1
*** HOLE CARDS ***
Dealt to 489b7b2e 
Dealt to 10de5b2b 
Dealt to Hero [8c 9d]
Dealt to 82e3f752 
Dealt to efbf2d5a 
82e3f752: folds
efbf2d5a: folds
489b7b2e: folds
10de5b2b: raises $19.55 to $19.65 and is all-in
Hero: folds
Uncalled bet ($19.55) returned to 10de5b2b
*** SHOWDOWN ***
10de5b2b collected $0.2 from pot
*** SUMMARY ***
Total pot $0.2 | Rake $0 | Jackpot $0 | Bingo $0 | Fortune $0 | Tax $0
Seat 1: 489b7b2e (button) folded before Flop (didn't bet)
Seat 2: 10de5b2b (small blind) collected ($0.2)
Seat 3: Hero (big blind) folded before Flop
Seat 5: 82e3f752 folded before Flop (didn't bet)
Seat 6: efbf2d5a folded before Flop (didn't bet)


Poker Hand #HD1806693564: Hold'em No Limit ($0.05/$0.1) - 2024/06/08 16:23:19
Table 'NLHRed19' 6-max Seat #6 is the button
Seat 1: 489b7b2e ($11.62 in chips)
Seat 2: 10de5b2b ($19.75 in chips)
Seat 3: Hero ($10 in chips)
Seat 5: 82e3f752 ($5.51 in chips)
Seat 6: efbf2d5a ($27.33 in chips)
489b7b2e: posts small blind $0.05
10de5b2b: posts big blind $0.1
*** HOLE CARDS ***
Dealt to 489b7b2e 
Dealt to 10de5b2b 
Dealt to Hero [Tc 6c]
Dealt to 82e3f752 
Dealt to efbf2d5a 
Hero: folds
82e3f752: raises $0.15 to $0.25
efbf2d5a: folds
489b7b2e: folds
10de5b2b: folds
Uncalled bet ($0.15) returned to 82e3f752
*** SHOWDOWN ***
82e3f752 collected $0.25 from pot
*** SUMMARY ***
Total pot $0.25 | Rake $0 | Jackpot $0 | Bingo $0 | Fortune $0 | Tax $0
Seat 1: 489b7b2e (small blind) folded before Flop
Seat 2: 10de5b2b (big blind) folded before Flop
Seat 3: Hero folded before Flop (didn't bet)
Seat 5: 82e3f752 collected ($0.25)
Seat 6: efbf2d5a (button) folded before Flop (didn't bet)


Poker Hand #HD1806693548: Hold'em No Limit ($0.05/$0.1) - 2024/06/08 16:23:12
Table 'NLHRed19' 6-max Seat #5 is the button
Seat 1: 489b7b2e ($11.57 in chips)
Seat 2: 10de5b2b ($19.75 in chips)
Seat 3: Hero ($10 in chips)
Seat 5: 82e3f752 ($5.51 in chips)
Seat 6: efbf2d5a ($27.38 in chips)
efbf2d5a: posts small blind $0.05
489b7b2e: posts big blind $0.1
*** HOLE CARDS ***
Dealt to 489b7b2e 
Dealt to 10de5b2b 
Dealt to Hero [7h 6s]
Dealt to 82e3f752 
Dealt to efbf2d5a 
10de5b2b: folds
Hero: folds
82e3f752: folds
efbf2d5a: folds
Uncalled bet ($0.05) returned to 489b7b2e
*** SHOWDOWN ***
489b7b2e collected $0.1 from pot
*** SUMMARY ***
Total pot $0.1 | Rake $0 | Jackpot $0 | Bingo $0 | Fortune $0 | Tax $0
Seat 1: 489b7b2e (big blind) collected ($0.1)
Seat 2: 10de5b2b folded before Flop (didn't bet)
Seat 3: Hero folded before Flop (didn't bet)
Seat 5: 82e3f752 (button) folded before Flop (didn't bet)
Seat 6: efbf2d5a (small blind) folded before Flop


Poker Hand #HD1806693405: Hold'em No Limit ($0.05/$0.1) - 2024/06/08 16:21:44
Table 'NLHRed19' 6-max Seat #3 is the button
Seat 1: 489b7b2e ($11.02 in chips)
Seat 2: 10de5b2b ($19.75 in chips)
Seat 3: Hero ($10 in chips)
Seat 4: 8167233c ($31.95 in chips)
Seat 5: 82e3f752 ($5.91 in chips)
Seat 6: efbf2d5a ($27.38 in chips)
8167233c: posts small blind $0.05
82e3f752: posts big blind $0.1
*** HOLE CARDS ***
Dealt to 489b7b2e 
Dealt to 10de5b2b 
Dealt to Hero [2h 3s]
Dealt to 8167233c 
Dealt to 82e3f752 
Dealt to efbf2d5a 
efbf2d5a: folds
489b7b2e: raises $0.1 to $0.2
10de5b2b: folds
Hero: folds
8167233c: calls $0.15
82e3f752: calls $0.1
*** FLOP *** [9d Ks Js]
8167233c: checks
82e3f752: checks
489b7b2e: checks
*** TURN *** [9d Ks Js] [7s]
8167233c: checks
82e3f752: checks
489b7b2e: bets $0.2
8167233c: folds
82e3f752: calls $0.2
*** RIVER *** [9d Ks Js 7s] [8h]
82e3f752: checks
489b7b2e: checks
489b7b2e: shows [Jc Qs] (Pair of Jacks)
82e3f752: shows [4h 4s] (Pair of Fours)
*** SHOWDOWN ***
489b7b2e collected $0.95 from pot
*** SUMMARY ***
Total pot $1 | Rake $0.05 | Jackpot $0 | Bingo $0 | Fortune $0 | Tax $0
Board [9d Ks Js 7s 8h]
Seat 1: 489b7b2e showed [Jc Qs] and won ($0.95) with Pair of Jacks
Seat 2: 10de5b2b folded before Flop (didn't bet)
Seat 3: Hero (button) folded before Flop (didn't bet)
Seat 4: 8167233c (small blind) folded on the Turn
Seat 5: 82e3f752 (big blind) showed [4h 4s] and lost with Pair of Fours
Seat 6: efbf2d5a folded before Flop (didn't bet)


Poker Hand #HD1806693305: Hold'em No Limit ($0.05/$0.1) - 2024/06/08 16:20:46
Table 'NLHRed19' 6-max Seat #2 is the button
Seat 1: 489b7b2e ($11.02 in chips)
Seat 2: 10de5b2b ($19.75 in chips)
Seat 3: Hero ($10 in chips)
Seat 4: 8167233c ($32.2 in chips)
Seat 5: 82e3f752 ($5.63 in chips)
Seat 6: efbf2d5a ($27.38 in chips)
Hero: posts small blind $0.05
8167233c: posts big blind $0.1
*** HOLE CARDS ***
Dealt to 489b7b2e 
Dealt to 10de5b2b 
Dealt to Hero [3s Jc]
Dealt to 8167233c 
Dealt to 82e3f752 
Dealt to efbf2d5a 
82e3f752: raises $0.15 to $0.25
efbf2d5a: folds
489b7b2e: folds
10de5b2b: folds
Hero: folds
8167233c: calls $0.15
*** FLOP *** [2h 4s 8d]
8167233c: checks
82e3f752: checks
*** TURN *** [2h 4s 8d] [Jh]
8167233c: checks
82e3f752: bets $0.28
8167233c: folds
Uncalled bet ($0.28) returned to 82e3f752
*** SHOWDOWN ***
82e3f752 collected $0.53 from pot
*** SUMMARY ***
Total pot $0.55 | Rake $0.02 | Jackpot $0 | Bingo $0 | Fortune $0 | Tax $0
Board [2h 4s 8d Jh]
Seat 1: 489b7b2e folded before Flop (didn't bet)
Seat 2: 10de5b2b (button) folded before Flop (didn't bet)
Seat 3: Hero (small blind) folded before Flop
Seat 4: 8167233c (big blind) folded on the Turn
Seat 5: 82e3f752 won ($0.53)
Seat 6: efbf2d5a folded before Flop (didn't bet)


Poker Hand #HD1806693193: Hold'em No Limit ($0.05/$0.1) - 2024/06/08 16:19:38
Table 'NLHRed19' 6-max Seat #1 is the button
Seat 1: 489b7b2e ($11.02 in chips)
Seat 2: 10de5b2b ($19.8 in chips)
Seat 3: Hero ($10.1 in chips)
Seat 4: 8167233c ($30.44 in chips)
Seat 5: 82e3f752 ($5.63 in chips)
Seat 6: efbf2d5a ($27.38 in chips)
10de5b2b: posts small blind $0.05
Hero: posts big blind $0.1
*** HOLE CARDS ***
Dealt to 489b7b2e 
Dealt to 10de5b2b 
Dealt to Hero [Qh As]
Dealt to 8167233c 
Dealt to 82e3f752 
Dealt to efbf2d5a 
8167233c: calls $0.1
82e3f752: folds
efbf2d5a: folds
489b7b2e: folds
10de5b2b: folds
Hero: raises $0.3 to $0.4
8167233c: calls $0.3
*** FLOP *** [9s Ah Ks]
Hero: bets $0.29
8167233c: calls $0.29
*** TURN *** [9s Ah Ks] [Qc]
Hero: bets $0.5
8167233c: calls $0.5
*** RIVER *** [9s Ah Ks Qc] [Tc]
Hero: bets $0.81
8167233c: raises $2.03 to $2.84
Hero: folds
Uncalled bet ($2.03) returned to 8167233c
8167233c: shows [6s Qs] (Pair of Queens)
*** SHOWDOWN ***
8167233c collected $3.76 from pot
*** SUMMARY ***
Total pot $4.05 | Rake $0.19 | Jackpot $0.1 | Bingo $0 | Fortune $0 | Tax $0
Board [9s Ah Ks Qc Tc]
Seat 1: 489b7b2e (button) folded before Flop (didn't bet)
Seat 2: 10de5b2b (small blind) folded before Flop
Seat 3: Hero (big blind) folded on the River
Seat 4: 8167233c showed [6s Qs] and won ($3.76)
Seat 5: 82e3f752 folded before Flop (didn't bet)
Seat 6: efbf2d5a folded before Flop (didn't bet)


Poker Hand #HD1806693117: Hold'em No Limit ($0.05/$0.1) - 2024/06/08 16:18:55
Table 'NLHRed19' 6-max Seat #6 is the button
Seat 1: 489b7b2e ($11.07 in chips)
Seat 2: 10de5b2b ($19.35 in chips)
Seat 3: Hero ($10.1 in chips)
Seat 4: 8167233c ($30.44 in chips)
Seat 5: 82e3f752 ($5.63 in chips)
Seat 6: efbf2d5a ($27.82 in chips)
489b7b2e: posts small blind $0.05
10de5b2b: posts big blind $0.1
*** HOLE CARDS ***
Dealt to 489b7b2e 
Dealt to 10de5b2b 
Dealt to Hero [5h 3d]
Dealt to 8167233c 
Dealt to 82e3f752 
Dealt to efbf2d5a 
Hero: folds
8167233c: folds
82e3f752: folds
efbf2d5a: raises $0.15 to $0.25
489b7b2e: folds
10de5b2b: calls $0.15
*** FLOP *** [As 9d 5d]
10de5b2b: checks
efbf2d5a: bets $0.19
10de5b2b: calls $0.19
*** TURN *** [As 9d 5d] [Td]
10de5b2b: checks
efbf2d5a: checks
*** RIVER *** [As 9d 5d Td] [Th]
10de5b2b: bets $0.31
efbf2d5a: folds
Uncalled bet ($0.31) returned to 10de5b2b
*** SHOWDOWN ***
10de5b2b collected $0.89 from pot
*** SUMMARY ***
Total pot $0.93 | Rake $0.04 | Jackpot $0 | Bingo $0 | Fortune $0 | Tax $0
Board [As 9d 5d Td Th]
Seat 1: 489b7b2e (small blind) folded before Flop
Seat 2: 10de5b2b (big blind) won ($0.89)
Seat 3: Hero folded before Flop (didn't bet)
Seat 4: 8167233c folded before Flop (didn't bet)
Seat 5: 82e3f752 folded before Flop (didn't bet)
Seat 6: efbf2d5a (button) folded on the River


Poker Hand #HD1806693016: Hold'em No Limit ($0.05/$0.1) - 2024/06/08 16:17:51
Table 'NLHRed19' 6-max Seat #5 is the button
Seat 1: 489b7b2e ($10 in chips)
Seat 2: 10de5b2b ($19.35 in chips)
Seat 3: Hero ($10.1 in chips)
Seat 5: 82e3f752 ($6.76 in chips)
Seat 6: efbf2d5a ($27.87 in chips)
efbf2d5a: posts small blind $0.05
489b7b2e: posts big blind $0.1
*** HOLE CARDS ***
Dealt to 489b7b2e 
Dealt to 10de5b2b 
Dealt to Hero [7d Qd]
Dealt to 82e3f752 
Dealt to efbf2d5a 
10de5b2b: folds
Hero: folds
82e3f752: raises $0.15 to $0.25
efbf2d5a: folds
489b7b2e: calls $0.15
*** FLOP *** [Ts 6h 9c]
489b7b2e: checks
82e3f752: checks
*** TURN *** [Ts 6h 9c] [Jd]
489b7b2e: checks
82e3f752: bets $0.3
489b7b2e: calls $0.3
*** RIVER *** [Ts 6h 9c Jd] [2s]
489b7b2e: checks
82e3f752: bets $0.58
489b7b2e: calls $0.58
82e3f752: shows [Jh Kc] (Pair of Jacks)
489b7b2e: shows [6d Td] (Pair of Tens and Pair of Sixes)
*** SHOWDOWN ***
489b7b2e collected $2.2 from pot
*** SUMMARY ***
Total pot $2.31 | Rake $0.11 | Jackpot $0 | Bingo $0 | Fortune $0 | Tax $0
Board [Ts 6h 9c Jd 2s]
Seat 1: 489b7b2e (big blind) showed [6d Td] and won ($2.2) with Pair of Tens and Pair of Sixes
Seat 2: 10de5b2b folded before Flop (didn't bet)
Seat 3: Hero folded before Flop (didn't bet)
Seat 5: 82e3f752 (button) showed [Jh Kc] and lost with Pair of Jacks
Seat 6: efbf2d5a (small blind) folded before Flop


Poker Hand #HD1806692975: Hold'em No Limit ($0.05/$0.1) - 2024/06/08 16:17:26
Table 'NLHRed19' 6-max Seat #4 is the button
Seat 1: 489b7b2e ($10 in chips)
Seat 2: 10de5b2b ($19.35 in chips)
Seat 3: Hero ($10.1 in chips)
Seat 4: 8167233c ($30.44 in chips)
Seat 5: 82e3f752 ($6.81 in chips)
Seat 6: efbf2d5a ($27.82 in chips)
82e3f752: posts small blind $0.05
efbf2d5a: posts big blind $0.1
*** HOLE CARDS ***
Dealt to 489b7b2e 
Dealt to 10de5b2b 
Dealt to Hero [9s 4d]
Dealt to 8167233c 
Dealt to 82e3f752 
Dealt to efbf2d5a 
489b7b2e: folds
10de5b2b: folds
Hero: folds
8167233c: folds
82e3f752: folds
Uncalled bet ($0.05) returned to efbf2d5a
*** SHOWDOWN ***
efbf2d5a collected $0.1 from pot
*** SUMMARY ***
Total pot $0.1 | Rake $0 | Jackpot $0 | Bingo $0 | Fortune $0 | Tax $0
Seat 1: 489b7b2e folded before Flop (didn't bet)
Seat 2: 10de5b2b folded before Flop (didn't bet)
Seat 3: Hero folded before Flop (didn't bet)
Seat 4: 8167233c (button) folded before Flop (didn't bet)
Seat 5: 82e3f752 (small blind) folded before Flop
Seat 6: efbf2d5a (big blind) collected ($0.1)


Poker Hand #HD1806692565: Hold'em No Limit ($0.05/$0.1) - 2024/06/08 16:13:25
Table 'NLHRed19' 6-max Seat #3 is the button
Seat 1: 489b7b2e ($13.68 in chips)
Seat 2: 10de5b2b ($19.35 in chips)
Seat 3: Hero ($10.1 in chips)
Seat 4: 8167233c ($19.2 in chips)
Seat 5: 82e3f752 ($7.39 in chips)
Seat 6: efbf2d5a ($27.82 in chips)
8167233c: posts small blind $0.05
82e3f752: posts big blind $0.1
*** HOLE CARDS ***
Dealt to 489b7b2e 
Dealt to 10de5b2b 
Dealt to Hero [8s Ts]
Dealt to 8167233c 
Dealt to 82e3f752 
Dealt to efbf2d5a 
efbf2d5a: folds
489b7b2e: raises $0.1 to $0.2
10de5b2b: folds
Hero: folds
8167233c: raises $0.38 to $0.58
82e3f752: calls $0.48
489b7b2e: raises $1.06 to $1.64
8167233c: calls $1.06
82e3f752: folds
*** FLOP *** [Ah 5s 5c]
8167233c: checks
489b7b2e: bets $0.97
8167233c: calls $0.97
*** TURN *** [Ah 5s 5c] [7d]
8167233c: checks
489b7b2e: bets $1.92
8167233c: calls $1.92
*** RIVER *** [Ah 5s 5c 7d] [Tc]
8167233c: bets $7.23
489b7b2e: calls $7.23
8167233c: shows [7c Ac] (Pair of Aces and Pair of Sevens)
489b7b2e: shows [Qs Ad] (Pair of Aces and Pair of Fives)
*** SHOWDOWN ***
8167233c collected $23 from pot
*** SUMMARY ***
Total pot $24.1 | Rake $1 | Jackpot $0.1 | Bingo $0 | Fortune $0 | Tax $0
Board [Ah 5s 5c 7d Tc]
Seat 1: 489b7b2e showed [Qs Ad] and lost with Pair of Aces and Pair of Fives
Seat 2: 10de5b2b folded before Flop (didn't bet)
Seat 3: Hero (button) folded before Flop (didn't bet)
Seat 4: 8167233c (small blind) showed [7c Ac] and won ($23) with Pair of Aces and Pair of Sevens
Seat 5: 82e3f752 (big blind) folded before Flop
Seat 6: efbf2d5a folded before Flop (didn't bet)


Poker Hand #HD1806692535: Hold'em No Limit ($0.05/$0.1) - 2024/06/08 16:13:04
Table 'NLHRed19' 6-max Seat #2 is the button
Seat 1: 489b7b2e ($13.68 in chips)
Seat 2: 10de5b2b ($19.35 in chips)
Seat 3: Hero ($10 in chips)
Seat 4: 8167233c ($19.3 in chips)
Seat 5: 82e3f752 ($7.39 in chips)
Seat 6: efbf2d5a ($27.82 in chips)
Hero: posts small blind $0.05
8167233c: posts big blind $0.1
*** HOLE CARDS ***
Dealt to 489b7b2e 
Dealt to 10de5b2b 
Dealt to Hero [Qc Js]
Dealt to 8167233c 
Dealt to 82e3f752 
Dealt to efbf2d5a 
82e3f752: folds
efbf2d5a: folds
489b7b2e: folds
10de5b2b: folds
Hero: raises $0.2 to $0.3
8167233c: folds
Uncalled bet ($0.2) returned to Hero
*** SHOWDOWN ***
Hero collected $0.2 from pot
*** SUMMARY ***
Total pot $0.2 | Rake $0 | Jackpot $0 | Bingo $0 | Fortune $0 | Tax $0
Seat 1: 489b7b2e folded before Flop (didn't bet)
Seat 2: 10de5b2b (button) folded before Flop (didn't bet)
Seat 3: Hero (small blind) collected ($0.2)
Seat 4: 8167233c (big blind) folded before Flop
Seat 5: 82e3f752 folded before Flop (didn't bet)
Seat 6: efbf2d5a folded before Flop (didn't bet)


Poker Hand #HD1806692435: Hold'em No Limit ($0.05/$0.1) - 2024/06/08 16:12:07
Table 'NLHRed19' 6-max Seat #1 is the button
Seat 1: 489b7b2e ($13.68 in chips)
Seat 2: 10de5b2b ($19.4 in chips)
Seat 3: Hero ($10 in chips)
Seat 4: 8167233c ($21.35 in chips)
Seat 5: 82e3f752 ($7.39 in chips)
Seat 6: efbf2d5a ($25.92 in chips)
10de5b2b: posts small blind $0.05
Hero: posts big blind $0.1
*** HOLE CARDS ***
Dealt to 489b7b2e 
Dealt to 10de5b2b 
Dealt to Hero [8h 7c]
Dealt to 8167233c 
Dealt to 82e3f752 
Dealt to efbf2d5a 
8167233c: raises $0.3 to $0.4
82e3f752: folds
efbf2d5a: raises $0.8 to $1.2
489b7b2e: folds
10de5b2b: folds
Hero: folds
8167233c: calls $0.8
*** FLOP *** [3c 2d Kh]
8167233c: checks
efbf2d5a: checks
*** TURN *** [3c 2d Kh] [Qd]
8167233c: checks
efbf2d5a: bets $0.85
8167233c: calls $0.85
*** RIVER *** [3c 2d Kh Qd] [Ts]
8167233c: checks
efbf2d5a: checks
8167233c: shows [7s 7h] (Pair of Sevens)
efbf2d5a: shows [Qs Ah] (Pair of Queens)
*** SHOWDOWN ***
efbf2d5a collected $3.95 from pot
*** SUMMARY ***
Total pot $4.25 | Rake $0.2 | Jackpot $0.1 | Bingo $0 | Fortune $0 | Tax $0
Board [3c 2d Kh Qd Ts]
Seat 1: 489b7b2e (button) folded before Flop (didn't bet)
Seat 2: 10de5b2b (small blind) folded before Flop
Seat 3: Hero (big blind) folded before Flop
Seat 4: 8167233c showed [7s 7h] and lost with Pair of Sevens
Seat 5: 82e3f752 folded before Flop (didn't bet)
Seat 6: efbf2d5a showed [Qs Ah] and won ($3.95) with Pair of Queens


Poker Hand #HD1806692350: Hold'em No Limit ($0.05/$0.1) - 2024/06/08 16:11:20
Table 'NLHRed19' 6-max Seat #6 is the button
Seat 1: 489b7b2e ($13.73 in chips)
Seat 2: 10de5b2b ($18.95 in chips)
Seat 3: Hero ($10 in chips)
Seat 4: 8167233c ($21.35 in chips)
Seat 5: 82e3f752 ($7.39 in chips)
Seat 6: efbf2d5a ($26.36 in chips)
489b7b2e: posts small blind $0.05
10de5b2b: posts big blind $0.1
*** HOLE CARDS ***
Dealt to 489b7b2e 
Dealt to 10de5b2b 
Dealt to Hero [6d 9c]
Dealt to 8167233c 
Dealt to 82e3f752 
Dealt to efbf2d5a 
Hero: folds
8167233c: folds
82e3f752: folds
efbf2d5a: raises $0.15 to $0.25
489b7b2e: folds
10de5b2b: calls $0.15
*** FLOP *** [Js 2h 3c]
10de5b2b: checks
efbf2d5a: bets $0.19
10de5b2b: calls $0.19
*** TURN *** [Js 2h 3c] [Jd]
10de5b2b: checks
efbf2d5a: checks
*** RIVER *** [Js 2h 3c Jd] [2s]
10de5b2b: bets $0.31
efbf2d5a: folds
Uncalled bet ($0.31) returned to 10de5b2b
*** SHOWDOWN ***
10de5b2b collected $0.89 from pot
*** SUMMARY ***
Total pot $0.93 | Rake $0.04 | Jackpot $0 | Bingo $0 | Fortune $0 | Tax $0
Board [Js 2h 3c Jd 2s]
Seat 1: 489b7b2e (small blind) folded before Flop
Seat 2: 10de5b2b (big blind) won ($0.89)
Seat 3: Hero folded before Flop (didn't bet)
Seat 4: 8167233c folded before Flop (didn't bet)
Seat 5: 82e3f752 folded before Flop (didn't bet)
Seat 6: efbf2d5a (button) folded on the River


Poker Hand #HD1806692200: Hold'em No Limit ($0.05/$0.1) - 2024/06/08 16:09:58
Table 'NLHRed19' 6-max Seat #5 is the button
Seat 1: 489b7b2e ($12.85 in chips)
Seat 2: 10de5b2b ($18.95 in chips)
Seat 3: Hero ($10 in chips)
Seat 4: 8167233c ($22.27 in chips)
Seat 5: 82e3f752 ($7.39 in chips)
Seat 6: efbf2d5a ($26.41 in chips)
efbf2d5a: posts small blind $0.05
489b7b2e: posts big blind $0.1
*** HOLE CARDS ***
Dealt to 489b7b2e 
Dealt to 10de5b2b 
Dealt to Hero [Ks 9h]
Dealt to 8167233c 
Dealt to 82e3f752 
Dealt to efbf2d5a 
10de5b2b: folds
Hero: folds
8167233c: calls $0.1
82e3f752: folds
efbf2d5a: folds
489b7b2e: checks
*** FLOP *** [Qd Jc Jd]
489b7b2e: checks
8167233c: bets $0.25
489b7b2e: calls $0.25
*** TURN *** [Qd Jc Jd] [7s]
489b7b2e: checks
8167233c: checks
*** RIVER *** [Qd Jc Jd 7s] [Kd]
489b7b2e: checks
8167233c: bets $0.57
489b7b2e: raises $1.04 to $1.61
8167233c: folds
Uncalled bet ($1.04) returned to 489b7b2e
10de5b2b: shows [5d 2d] (King High Flush)
*** SHOWDOWN ***
489b7b2e collected $1.8 from pot
*** SUMMARY ***
Total pot $1.89 | Rake $0.09 | Jackpot $0 | Bingo $0 | Fortune $0 | Tax $0
Board [Qd Jc Jd 7s Kd]
Seat 1: 489b7b2e (big blind) won ($1.8)
Seat 2: 10de5b2b folded before Flop (didn't bet)
Seat 3: Hero folded before Flop (didn't bet)
Seat 4: 8167233c folded on the River
Seat 5: 82e3f752 (button) folded before Flop (didn't bet)
Seat 6: efbf2d5a (small blind) folded before Flop


Poker Hand #HD1806692144: Hold'em No Limit ($0.05/$0.1) - 2024/06/08 16:09:26
Table 'NLHRed19' 6-max Seat #4 is the button
Seat 1: 489b7b2e ($12.85 in chips)
Seat 2: 10de5b2b ($19.15 in chips)
Seat 3: Hero ($10 in chips)
Seat 4: 8167233c ($21.94 in chips)
Seat 5: 82e3f752 ($7.44 in chips)
Seat 6: efbf2d5a ($26.51 in chips)
82e3f752: posts small blind $0.05
efbf2d5a: posts big blind $0.1
*** HOLE CARDS ***
Dealt to 489b7b2e 
Dealt to 10de5b2b 
Dealt to Hero [Ts 4h]
Dealt to 8167233c 
Dealt to 82e3f752 
Dealt to efbf2d5a 
489b7b2e: folds
10de5b2b: raises $0.1 to $0.2
Hero: folds
8167233c: raises $0.55 to $0.75
82e3f752: folds
efbf2d5a: folds
10de5b2b: folds
Uncalled bet ($0.55) returned to 8167233c
*** SHOWDOWN ***
8167233c collected $0.53 from pot
*** SUMMARY ***
Total pot $0.55 | Rake $0.02 | Jackpot $0 | Bingo $0 | Fortune $0 | Tax $0
Seat 1: 489b7b2e folded before Flop (didn't bet)
Seat 2: 10de5b2b folded before Flop
Seat 3: Hero folded before Flop (didn't bet)
Seat 4: 8167233c (button) collected ($0.53)
Seat 5: 82e3f752 (small blind) folded before Flop
Seat 6: efbf2d5a (big blind) folded before Flop


Poker Hand #HD1806692033: Hold'em No Limit ($0.05/$0.1) - 2024/06/08 16:08:22
Table 'NLHRed19' 6-max Seat #3 is the button
Seat 1: 489b7b2e ($12.85 in chips)
Seat 2: 10de5b2b ($19.67 in chips)
Seat 3: Hero ($10 in chips)
Seat 4: 8167233c ($21.99 in chips)
Seat 5: 82e3f752 ($7.69 in chips)
Seat 6: efbf2d5a ($25.75 in chips)
8167233c: posts small blind $0.05
82e3f752: posts big blind $0.1
*** HOLE CARDS ***
Dealt to 489b7b2e 
Dealt to 10de5b2b 
Dealt to Hero [2c 7s]
Dealt to 8167233c 
Dealt to 82e3f752 
Dealt to efbf2d5a 
efbf2d5a: raises $0.15 to $0.25
489b7b2e: folds
10de5b2b: calls $0.25
Hero: folds
8167233c: folds
82e3f752: calls $0.15
*** FLOP *** [Kc Th 2d]
82e3f752: checks
efbf2d5a: bets $0.27
10de5b2b: calls $0.27
82e3f752: folds
*** TURN *** [Kc Th 2d] [8h]
efbf2d5a: checks
10de5b2b: checks
*** RIVER *** [Kc Th 2d 8h] [3c]
efbf2d5a: checks
10de5b2b: checks
efbf2d5a: shows [Ts Qs] (Pair of Tens)
10de5b2b: shows [9d 8d] (Pair of Eights)
*** SHOWDOWN ***
efbf2d5a collected $1.28 from pot
*** SUMMARY ***
Total pot $1.34 | Rake $0.06 | Jackpot $0 | Bingo $0 | Fortune $0 | Tax $0
Board [Kc Th 2d 8h 3c]
Seat 1: 489b7b2e folded before Flop (didn't bet)
Seat 2: 10de5b2b showed [9d 8d] and lost with Pair of Eights
Seat 3: Hero (button) folded before Flop (didn't bet)
Seat 4: 8167233c (small blind) folded before Flop
Seat 5: 82e3f752 (big blind) folded on the Flop
Seat 6: efbf2d5a showed [Ts Qs] and won ($1.28) with Pair of Tens


Poker Hand #HD1806692013: Hold'em No Limit ($0.05/$0.1) - 2024/06/08 16:08:11
Table 'NLHRed19' 6-max Seat #2 is the button
Seat 1: 489b7b2e ($12.85 in chips)
Seat 2: 10de5b2b ($19.67 in chips)
Seat 3: Hero ($10 in chips)
Seat 4: 8167233c ($21.94 in chips)
Seat 5: 82e3f752 ($7.69 in chips)
Seat 6: efbf2d5a ($25.75 in chips)
Hero: posts small blind $0.05
8167233c: posts big blind $0.1
*** HOLE CARDS ***
Dealt to 489b7b2e 
Dealt to 10de5b2b 
Dealt to Hero [7h 8s]
Dealt to 8167233c 
Dealt to 82e3f752 
Dealt to efbf2d5a 
82e3f752: folds
efbf2d5a: folds
489b7b2e: folds
10de5b2b: folds
Hero: folds
Uncalled bet ($0.05) returned to 8167233c
*** SHOWDOWN ***
8167233c collected $0.1 from pot
*** SUMMARY ***
Total pot $0.1 | Rake $0 | Jackpot $0 | Bingo $0 | Fortune $0 | Tax $0
Seat 1: 489b7b2e folded before Flop (didn't bet)
Seat 2: 10de5b2b (button) folded before Flop (didn't bet)
Seat 3: Hero (small blind) folded before Flop
Seat 4: 8167233c (big blind) collected ($0.1)
Seat 5: 82e3f752 folded before Flop (didn't bet)
Seat 6: efbf2d5a folded before Flop (didn't bet)


Poker Hand #HD1806691902: Hold'em No Limit ($0.05/$0.1) - 2024/06/08 16:07:06
Table 'NLHRed19' 6-max Seat #1 is the button
Seat 1: 489b7b2e ($13.11 in chips)
Seat 2: 10de5b2b ($19.34 in chips)
Seat 3: Hero ($10 in chips)
Seat 4: 8167233c ($21.94 in chips)
Seat 5: 82e3f752 ($7.69 in chips)
Seat 6: efbf2d5a ($25.75 in chips)
10de5b2b: posts small blind $0.05
Hero: posts big blind $0.1
*** HOLE CARDS ***
Dealt to 489b7b2e 
Dealt to 10de5b2b 
Dealt to Hero [8s 2d]
Dealt to 8167233c 
Dealt to 82e3f752 
Dealt to efbf2d5a 
8167233c: folds
82e3f752: folds
efbf2d5a: folds
489b7b2e: raises $0.16 to $0.26
10de5b2b: calls $0.21
Hero: folds
*** FLOP *** [9c 4d 2h]
10de5b2b: checks
489b7b2e: checks
*** TURN *** [9c 4d 2h] [7c]
10de5b2b: checks
489b7b2e: checks
*** RIVER *** [9c 4d 2h 7c] [5c]
10de5b2b: bets $0.21
489b7b2e: folds
Uncalled bet ($0.21) returned to 10de5b2b
*** SHOWDOWN ***
10de5b2b collected $0.59 from pot
*** SUMMARY ***
Total pot $0.62 | Rake $0.03 | Jackpot $0 | Bingo $0 | Fortune $0 | Tax $0
Board [9c 4d 2h 7c 5c]
Seat 1: 489b7b2e (button) folded on the River
Seat 2: 10de5b2b (small blind) won ($0.59)
Seat 3: Hero (big blind) folded before Flop
Seat 4: 8167233c folded before Flop (didn't bet)
Seat 5: 82e3f752 folded before Flop (didn't bet)
Seat 6: efbf2d5a folded before Flop (didn't bet)


Poker Hand #HD1806691848: Hold'em No Limit ($0.05/$0.1) - 2024/06/08 16:06:39
Table 'NLHRed19' 6-max Seat #6 is the button
Seat 1: 489b7b2e ($13.16 in chips)
Seat 2: 10de5b2b ($19.44 in chips)
Seat 3: Hero ($10 in chips)
Seat 4: 8167233c ($21.8 in chips)
Seat 5: 82e3f752 ($7.69 in chips)
Seat 6: efbf2d5a ($25.75 in chips)
489b7b2e: posts small blind $0.05
10de5b2b: posts big blind $0.1
*** HOLE CARDS ***
Dealt to 489b7b2e 
Dealt to 10de5b2b 
Dealt to Hero [Td 5c]
Dealt to 8167233c 
Dealt to 82e3f752 
Dealt to efbf2d5a 
Hero: folds
8167233c: calls $0.1
82e3f752: folds
efbf2d5a: folds
489b7b2e: folds
10de5b2b: checks
*** FLOP *** [Jd 3d Qh]
10de5b2b: checks
8167233c: bets $0.13
10de5b2b: folds
Uncalled bet ($0.13) returned to 8167233c
*** SHOWDOWN ***
8167233c collected $0.24 from pot
*** SUMMARY ***
Total pot $0.25 | Rake $0.01 | Jackpot $0 | Bingo $0 | Fortune $0 | Tax $0
Board [Jd 3d Qh]
Seat 1: 489b7b2e (small blind) folded before Flop
Seat 2: 10de5b2b (big blind) folded on the Flop
Seat 3: Hero folded before Flop (didn't bet)
Seat 4: 8167233c won ($0.24)
Seat 5: 82e3f752 folded before Flop (didn't bet)
Seat 6: efbf2d5a (button) folded before Flop (didn't bet)


Poker Hand #HD1806691800: Hold'em No Limit ($0.05/$0.1) - 2024/06/08 16:06:15
Table 'NLHRed19' 6-max Seat #5 is the button
Seat 1: 489b7b2e ($13.26 in chips)
Seat 2: 10de5b2b ($19.54 in chips)
Seat 3: Hero ($10 in chips)
Seat 5: 82e3f752 ($7.45 in chips)
Seat 6: efbf2d5a ($25.8 in chips)
efbf2d5a: posts small blind $0.05
489b7b2e: posts big blind $0.1
*** HOLE CARDS ***
Dealt to 489b7b2e 
Dealt to 10de5b2b 
Dealt to Hero [8h 9c]
Dealt to 82e3f752 
Dealt to efbf2d5a 
10de5b2b: calls $0.1
Hero: folds
82e3f752: raises $0.3 to $0.4
efbf2d5a: folds
489b7b2e: folds
10de5b2b: folds
Uncalled bet ($0.3) returned to 82e3f752
*** SHOWDOWN ***
82e3f752 collected $0.34 from pot
*** SUMMARY ***
Total pot $0.35 | Rake $0.01 | Jackpot $0 | Bingo $0 | Fortune $0 | Tax $0
Seat 1: 489b7b2e (big blind) folded before Flop
Seat 2: 10de5b2b folded before Flop
Seat 3: Hero folded before Flop (didn't bet)
Seat 5: 82e3f752 (button) collected ($0.34)
Seat 6: efbf2d5a (small blind) folded before Flop


Poker Hand #HD1806691750: Hold'em No Limit ($0.05/$0.1) - 2024/06/08 16:05:46
Table 'NLHRed19' 6-max Seat #4 is the button
Seat 1: 489b7b2e ($13.26 in chips)
Seat 2: 10de5b2b ($19.54 in chips)
Seat 3: Hero ($10 in chips)
Seat 4: 8167233c ($21.8 in chips)
Seat 5: 82e3f752 ($7.5 in chips)
Seat 6: efbf2d5a ($25.75 in chips)
82e3f752: posts small blind $0.05
efbf2d5a: posts big blind $0.1
*** HOLE CARDS ***
Dealt to 489b7b2e 
Dealt to 10de5b2b 
Dealt to Hero [5d 2d]
Dealt to 8167233c 
Dealt to 82e3f752 
Dealt to efbf2d5a 
489b7b2e: folds
10de5b2b: folds
Hero: folds
8167233c: folds
82e3f752: folds
Uncalled bet ($0.05) returned to efbf2d5a
*** SHOWDOWN ***
efbf2d5a collected $0.1 from pot
*** SUMMARY ***
Total pot $0.1 | Rake $0 | Jackpot $0 | Bingo $0 | Fortune $0 | Tax $0
Seat 1: 489b7b2e folded before Flop (didn't bet)
Seat 2: 10de5b2b folded before Flop (didn't bet)
Seat 3: Hero folded before Flop (didn't bet)
Seat 4: 8167233c (button) folded before Flop (didn't bet)
Seat 5: 82e3f752 (small blind) folded before Flop
Seat 6: efbf2d5a (big blind) collected ($0.1)


Poker Hand #HD1806691655: Hold'em No Limit ($0.05/$0.1) - 2024/06/08 16:04:53
Table 'NLHRed19' 6-max Seat #3 is the button
Seat 1: 489b7b2e ($13.26 in chips)
Seat 2: 10de5b2b ($18.81 in chips)
Seat 3: Hero ($10 in chips)
Seat 4: 8167233c ($22.5 in chips)
Seat 5: 82e3f752 ($7.6 in chips)
Seat 6: efbf2d5a ($25.75 in chips)
8167233c: posts small blind $0.05
82e3f752: posts big blind $0.1
*** HOLE CARDS ***
Dealt to 489b7b2e 
Dealt to 10de5b2b 
Dealt to Hero [2c Kh]
Dealt to 8167233c 
Dealt to 82e3f752 
Dealt to efbf2d5a 
efbf2d5a: folds
489b7b2e: folds
10de5b2b: calls $0.1
Hero: folds
8167233c: raises $0.1 to $0.2
82e3f752: folds
10de5b2b: calls $0.1
*** FLOP *** [Ks 8h 6d]
8167233c: checks
10de5b2b: checks
*** TURN *** [Ks 8h 6d] [Kc]
8167233c: checks
10de5b2b: checks
*** RIVER *** [Ks 8h 6d Kc] [Td]
8167233c: bets $0.5
10de5b2b: raises $0.5 to $1
8167233c: folds
Uncalled bet ($0.5) returned to 10de5b2b
*** SHOWDOWN ***
10de5b2b collected $1.43 from pot
*** SUMMARY ***
Total pot $1.5 | Rake $0.07 | Jackpot $0 | Bingo $0 | Fortune $0 | Tax $0
Board [Ks 8h 6d Kc Td]
Seat 1: 489b7b2e folded before Flop (didn't bet)
Seat 2: 10de5b2b won ($1.43)
Seat 3: Hero (button) folded before Flop (didn't bet)
Seat 4: 8167233c (small blind) folded on the River
Seat 5: 82e3f752 (big blind) folded before Flop
Seat 6: efbf2d5a folded before Flop (didn't bet)


Poker Hand #HD1806691632: Hold'em No Limit ($0.05/$0.1) - 2024/06/08 16:04:40
Table 'NLHRed19' 6-max Seat #2 is the button
Seat 1: 489b7b2e ($13.26 in chips)
Seat 2: 10de5b2b ($18.81 in chips)
Seat 3: Hero ($10 in chips)
Seat 4: 8167233c ($22.45 in chips)
Seat 5: 82e3f752 ($7.6 in chips)
Seat 6: efbf2d5a ($25.75 in chips)
Hero: posts small blind $0.05
8167233c: posts big blind $0.1
*** HOLE CARDS ***
Dealt to 489b7b2e 
Dealt to 10de5b2b 
Dealt to Hero [Qd 2d]
Dealt to 8167233c 
Dealt to 82e3f752 
Dealt to efbf2d5a 
82e3f752: folds
efbf2d5a: folds
489b7b2e: folds
10de5b2b: folds
Hero: folds
Uncalled bet ($0.05) returned to 8167233c
*** SHOWDOWN ***
8167233c collected $0.1 from pot
*** SUMMARY ***
Total pot $0.1 | Rake $0 | Jackpot $0 | Bingo $0 | Fortune $0 | Tax $0
Seat 1: 489b7b2e folded before Flop (didn't bet)
Seat 2: 10de5b2b (button) folded before Flop (didn't bet)
Seat 3: Hero (small blind) folded before Flop
Seat 4: 8167233c (big blind) collected ($0.1)
Seat 5: 82e3f752 folded before Flop (didn't bet)
Seat 6: efbf2d5a folded before Flop (didn't bet)


Poker Hand #HD1806691536: Hold'em No Limit ($0.05/$0.1) - 2024/06/08 16:03:45
Table 'NLHRed19' 6-max Seat #1 is the button
Seat 1: 489b7b2e ($13.52 in chips)
Seat 2: 10de5b2b ($18.32 in chips)
Seat 3: Hero ($10 in chips)
Seat 4: 8167233c ($22.45 in chips)
Seat 5: 82e3f752 ($7.6 in chips)
Seat 6: efbf2d5a ($25.75 in chips)
10de5b2b: posts small blind $0.05
Hero: posts big blind $0.1
*** HOLE CARDS ***
Dealt to 489b7b2e 
Dealt to 10de5b2b 
Dealt to Hero [3s As]
Dealt to 8167233c 
Dealt to 82e3f752 
Dealt to efbf2d5a 
8167233c: folds
82e3f752: folds
efbf2d5a: folds
489b7b2e: raises $0.16 to $0.26
10de5b2b: calls $0.21
Hero: calls $0.16
*** FLOP *** [7d 9h 2c]
10de5b2b: checks
Hero: checks
489b7b2e: checks
*** TURN *** [7d 9h 2c] [3c]
10de5b2b: bets $0.26
Hero: folds
489b7b2e: folds
Uncalled bet ($0.26) returned to 10de5b2b
*** SHOWDOWN ***
10de5b2b collected $0.75 from pot
*** SUMMARY ***
Total pot $0.78 | Rake $0.03 | Jackpot $0 | Bingo $0 | Fortune $0 | Tax $0
Board [7d 9h 2c 3c]
Seat 1: 489b7b2e (button) folded on the Turn
Seat 2: 10de5b2b (small blind) won ($0.75)
Seat 3: Hero (big blind) folded on the Turn
Seat 4: 8167233c folded before Flop (didn't bet)
Seat 5: 82e3f752 folded before Flop (didn't bet)
Seat 6: efbf2d5a folded before Flop (didn't bet)


Poker Hand #HD1806691399: Hold'em No Limit ($0.05/$0.1) - 2024/06/08 16:02:22
Table 'NLHRed19' 6-max Seat #6 is the button
Seat 1: 489b7b2e ($13.57 in chips)
Seat 2: 10de5b2b ($18.42 in chips)
Seat 3: Hero ($10.15 in chips)
Seat 4: 8167233c ($20.9 in chips)
Seat 5: 82e3f752 ($9.05 in chips)
Seat 6: efbf2d5a ($25.75 in chips)
489b7b2e: posts small blind $0.05
10de5b2b: posts big blind $0.1
*** HOLE CARDS ***
Dealt to 489b7b2e 
Dealt to 10de5b2b 
Dealt to Hero [Ad Js]
Dealt to 8167233c 
Dealt to 82e3f752 
Dealt to efbf2d5a 
Hero: raises $0.1 to $0.2
8167233c: calls $0.2
82e3f752: raises $0.6 to $0.8
efbf2d5a: folds
489b7b2e: folds
10de5b2b: folds
Hero: folds
8167233c: calls $0.6
*** FLOP *** [Ah 6c 7s]
8167233c: checks
82e3f752: bets $0.65
8167233c: calls $0.65
*** TURN *** [Ah 6c 7s] [8c]
8167233c: checks
82e3f752: checks
*** RIVER *** [Ah 6c 7s 8c] [5s]
8167233c: checks
82e3f752: checks
8167233c: shows [Ac 3c] (Pair of Aces)
82e3f752: shows [Jd Kd] (Ace-High)
*** SHOWDOWN ***
8167233c collected $3 from pot
*** SUMMARY ***
Total pot $3.25 | Rake $0.15 | Jackpot $0.1 | Bingo $0 | Fortune $0 | Tax $0
Board [Ah 6c 7s 8c 5s]
Seat 1: 489b7b2e (small blind) folded before Flop
Seat 2: 10de5b2b (big blind) folded before Flop
Seat 3: Hero folded before Flop
Seat 4: 8167233c showed [Ac 3c] and won ($3) with Pair of Aces
Seat 5: 82e3f752 showed [Jd Kd] and lost with Ace-High
Seat 6: efbf2d5a (button) folded before Flop (didn't bet)


Poker Hand #HD1806691354: Hold'em No Limit ($0.05/$0.1) - 2024/06/08 16:01:59
Table 'NLHRed19' 6-max Seat #5 is the button
Seat 1: 489b7b2e ($13.67 in chips)
Seat 2: 10de5b2b ($18.42 in chips)
Seat 3: Hero ($10 in chips)
Seat 4: 8167233c ($20.9 in chips)
Seat 5: 82e3f752 ($9.05 in chips)
Seat 6: efbf2d5a ($25.8 in chips)
efbf2d5a: posts small blind $0.05
489b7b2e: posts big blind $0.1
*** HOLE CARDS ***
Dealt to 489b7b2e 
Dealt to 10de5b2b 
Dealt to Hero [7d Ad]
Dealt to 8167233c 
Dealt to 82e3f752 
Dealt to efbf2d5a 
10de5b2b: folds
Hero: raises $0.1 to $0.2
8167233c: folds
82e3f752: folds
efbf2d5a: folds
489b7b2e: folds
Uncalled bet ($0.1) returned to Hero
*** SHOWDOWN ***
Hero collected $0.25 from pot
*** SUMMARY ***
Total pot $0.25 | Rake $0 | Jackpot $0 | Bingo $0 | Fortune $0 | Tax $0
Seat 1: 489b7b2e (big blind) folded before Flop
Seat 2: 10de5b2b folded before Flop (didn't bet)
Seat 3: Hero collected ($0.25)
Seat 4: 8167233c folded before Flop (didn't bet)
Seat 5: 82e3f752 (button) folded before Flop (didn't bet)
Seat 6: efbf2d5a (small blind) folded before Flop


Poker Hand #HD1806691324: Hold'em No Limit ($0.05/$0.1) - 2024/06/08 16:01:40
Table 'NLHRed19' 6-max Seat #4 is the button
Seat 1: 489b7b2e ($13.67 in chips)
Seat 2: 10de5b2b ($18.42 in chips)
Seat 3: Hero ($10 in chips)
Seat 4: 8167233c ($20.75 in chips)
Seat 5: 82e3f752 ($9.1 in chips)
Seat 6: efbf2d5a ($25.9 in chips)
82e3f752: posts small blind $0.05
efbf2d5a: posts big blind $0.1
*** HOLE CARDS ***
Dealt to 489b7b2e 
Dealt to 10de5b2b 
Dealt to Hero [4s 9h]
Dealt to 8167233c 
Dealt to 82e3f752 
Dealt to efbf2d5a 
489b7b2e: folds
10de5b2b: folds
Hero: folds
8167233c: raises $0.2 to $0.3
82e3f752: folds
efbf2d5a: folds
Uncalled bet ($0.2) returned to 8167233c
*** SHOWDOWN ***
8167233c collected $0.25 from pot
*** SUMMARY ***
Total pot $0.25 | Rake $0 | Jackpot $0 | Bingo $0 | Fortune $0 | Tax $0
Seat 1: 489b7b2e folded before Flop (didn't bet)
Seat 2: 10de5b2b folded before Flop (didn't bet)
Seat 3: Hero folded before Flop (didn't bet)
Seat 4: 8167233c (button) collected ($0.25)
Seat 5: 82e3f752 (small blind) folded before Flop
Seat 6: efbf2d5a (big blind) folded before Flop


Poker Hand #HD1806691221: Hold'em No Limit ($0.05/$0.1) - 2024/06/08 16:00:42
Table 'NLHRed19' 6-max Seat #3 is the button
Seat 1: 489b7b2e ($13.67 in chips)
Seat 2: 10de5b2b ($16.11 in chips)
Seat 3: Hero ($10 in chips)
Seat 4: 8167233c ($20.8 in chips)
Seat 5: 82e3f752 ($9.2 in chips)
Seat 6: efbf2d5a ($28.41 in chips)
8167233c: posts small blind $0.05
82e3f752: posts big blind $0.1
*** HOLE CARDS ***
Dealt to 489b7b2e 
Dealt to 10de5b2b 
Dealt to Hero [Ad 7d]
Dealt to 8167233c 
Dealt to 82e3f752 
Dealt to efbf2d5a 
efbf2d5a: raises $0.15 to $0.25
489b7b2e: folds
10de5b2b: raises $0.3 to $0.55
Hero: folds
8167233c: folds
82e3f752: folds
efbf2d5a: calls $0.3
*** FLOP *** [2h Qh 4s]
efbf2d5a: checks
10de5b2b: bets $0.63
efbf2d5a: calls $0.63
*** TURN *** [2h Qh 4s] [As]
efbf2d5a: checks
10de5b2b: checks
*** RIVER *** [2h Qh 4s As] [7s]
efbf2d5a: bets $1.33
10de5b2b: calls $1.33
efbf2d5a: shows [9d 9s] (Pair of Nines)
10de5b2b: shows [Kd Kh] (Pair of Kings)
*** SHOWDOWN ***
10de5b2b collected $4.82 from pot
*** SUMMARY ***
Total pot $5.17 | Rake $0.25 | Jackpot $0.1 | Bingo $0 | Fortune $0 | Tax $0
Board [2h Qh 4s As 7s]
Seat 1: 489b7b2e folded before Flop (didn't bet)
Seat 2: 10de5b2b showed [Kd Kh] and won ($4.82) with Pair of Kings
Seat 3: Hero (button) folded before Flop (didn't bet)
Seat 4: 8167233c (small blind) folded before Flop
Seat 5: 82e3f752 (big blind) folded before Flop
Seat 6: efbf2d5a showed [9d 9s] and lost with Pair of Nines


Poker Hand #HD1806691120: Hold'em No Limit ($0.05/$0.1) - 2024/06/08 15:59:46
Table 'NLHRed19' 6-max Seat #2 is the button
Seat 1: 489b7b2e ($13.67 in chips)
Seat 2: 10de5b2b ($16.11 in chips)
Seat 3: Hero ($10.05 in chips)
Seat 4: 8167233c ($20.53 in chips)
Seat 5: 82e3f752 ($9.2 in chips)
Seat 6: efbf2d5a ($28.41 in chips)
Hero: posts small blind $0.05
8167233c: posts big blind $0.1
*** HOLE CARDS ***
Dealt to 489b7b2e 
Dealt to 10de5b2b 
Dealt to Hero [Tc Kd]
Dealt to 8167233c 
Dealt to 82e3f752 
Dealt to efbf2d5a 
82e3f752: folds
efbf2d5a: folds
489b7b2e: folds
10de5b2b: folds
Hero: raises $0.2 to $0.3
8167233c: calls $0.2
*** FLOP *** [8s 8h 7c]
Hero: checks
8167233c: checks
*** TURN *** [8s 8h 7c] [5s]
Hero: checks
8167233c: checks
*** RIVER *** [8s 8h 7c 5s] [6h]
Hero: checks
8167233c: checks
Hero: shows [Tc Kd] (Pair of Eights)
8167233c: shows [6d As] (Pair of Eights and Pair of Sixes)
*** SHOWDOWN ***
8167233c collected $0.57 from pot
*** SUMMARY ***
Total pot $0.6 | Rake $0.03 | Jackpot $0 | Bingo $0 | Fortune $0 | Tax $0
Board [8s 8h 7c 5s 6h]
Seat 1: 489b7b2e folded before Flop (didn't bet)
Seat 2: 10de5b2b (button) folded before Flop (didn't bet)
Seat 3: Hero (small blind) showed [Tc Kd] and lost with Pair of Eights
Seat 4: 8167233c (big blind) showed [6d As] and won ($0.57) with Pair of Eights and Pair of Sixes
Seat 5: 82e3f752 folded before Flop (didn't bet)
Seat 6: efbf2d5a folded before Flop (didn't bet)


Poker Hand #HD1806691084: Hold'em No Limit ($0.05/$0.1) - 2024/06/08 15:59:25
Table 'NLHRed19' 6-max Seat #1 is the button
Seat 1: 489b7b2e ($13.67 in chips)
Seat 2: 10de5b2b ($16.16 in chips)
Seat 3: Hero ($10 in chips)
Seat 4: 8167233c ($20.53 in chips)
Seat 5: 82e3f752 ($9.2 in chips)
Seat 6: efbf2d5a ($28.41 in chips)
10de5b2b: posts small blind $0.05
Hero: posts big blind $0.1
*** HOLE CARDS ***
Dealt to 489b7b2e 
Dealt to 10de5b2b 
Dealt to Hero [5h 4c]
Dealt to 8167233c 
Dealt to 82e3f752 
Dealt to efbf2d5a 
8167233c: folds
82e3f752: folds
efbf2d5a: folds
489b7b2e: folds
10de5b2b: folds
Uncalled bet ($0.05) returned to Hero
*** SHOWDOWN ***
Hero collected $0.1 from pot
*** SUMMARY ***
Total pot $0.1 | Rake $0 | Jackpot $0 | Bingo $0 | Fortune $0 | Tax $0
Seat 1: 489b7b2e (button) folded before Flop (didn't bet)
Seat 2: 10de5b2b (small blind) folded before Flop
Seat 3: Hero (big blind) collected ($0.1)
Seat 4: 8167233c folded before Flop (didn't bet)
Seat 5: 82e3f752 folded before Flop (didn't bet)
Seat 6: efbf2d5a folded before Flop (didn't bet)


Poker Hand #HD1806691064: Hold'em No Limit ($0.05/$0.1) - 2024/06/08 15:59:09
Table 'NLHRed19' 6-max Seat #6 is the button
Seat 1: 489b7b2e ($13.72 in chips)
Seat 2: 10de5b2b ($16.11 in chips)
Seat 3: Hero ($10 in chips)
Seat 4: 8167233c ($20.53 in chips)
Seat 5: 82e3f752 ($9.2 in chips)
Seat 6: efbf2d5a ($28.41 in chips)
489b7b2e: posts small blind $0.05
10de5b2b: posts big blind $0.1
*** HOLE CARDS ***
Dealt to 489b7b2e 
Dealt to 10de5b2b 
Dealt to Hero [4c Tc]
Dealt to 8167233c 
Dealt to 82e3f752 
Dealt to efbf2d5a 
Hero: folds
8167233c: folds
82e3f752: folds
efbf2d5a: folds
489b7b2e: folds
Uncalled bet ($0.05) returned to 10de5b2b
*** SHOWDOWN ***
10de5b2b collected $0.1 from pot
*** SUMMARY ***
Total pot $0.1 | Rake $0 | Jackpot $0 | Bingo $0 | Fortune $0 | Tax $0
Seat 1: 489b7b2e (small blind) folded before Flop
Seat 2: 10de5b2b (big blind) collected ($0.1)
Seat 3: Hero folded before Flop (didn't bet)
Seat 4: 8167233c folded before Flop (didn't bet)
Seat 5: 82e3f752 folded before Flop (didn't bet)
Seat 6: efbf2d5a (button) folded before Flop (didn't bet)


Poker Hand #HD1806690981: Hold'em No Limit ($0.05/$0.1) - 2024/06/08 15:58:18
Table 'NLHRed19' 6-max Seat #5 is the button
Seat 1: 489b7b2e ($13.49 in chips)
Seat 2: 10de5b2b ($16.11 in chips)
Seat 3: Hero ($10 in chips)
Seat 4: 8167233c ($20.53 in chips)
Seat 5: 82e3f752 ($9.2 in chips)
Seat 6: efbf2d5a ($28.46 in chips)
efbf2d5a: posts small blind $0.05
489b7b2e: posts big blind $0.1
*** HOLE CARDS ***
Dealt to 489b7b2e 
Dealt to 10de5b2b 
Dealt to Hero [Ts Ad]
Dealt to 8167233c 
Dealt to 82e3f752 
Dealt to efbf2d5a 
10de5b2b: folds
Hero: raises $0.1 to $0.2
8167233c: folds
82e3f752: folds
efbf2d5a: folds
489b7b2e: calls $0.1
*** FLOP *** [Qs 8s 2c]
489b7b2e: checks
Hero: checks
*** TURN *** [Qs 8s 2c] [Qh]
489b7b2e: bets $0.12
Hero: folds
Uncalled bet ($0.12) returned to 489b7b2e
*** SHOWDOWN ***
489b7b2e collected $0.43 from pot
*** SUMMARY ***
Total pot $0.45 | Rake $0.02 | Jackpot $0 | Bingo $0 | Fortune $0 | Tax $0
Board [Qs 8s 2c Qh]
Seat 1: 489b7b2e (big blind) won ($0.43)
Seat 2: 10de5b2b folded before Flop (didn't bet)
Seat 3: Hero folded on the Turn
Seat 4: 8167233c folded before Flop (didn't bet)
Seat 5: 82e3f752 (button) folded before Flop (didn't bet)
Seat 6: efbf2d5a (small blind) folded before Flop


Poker Hand #HD1806690912: Hold'em No Limit ($0.05/$0.1) - 2024/06/08 15:57:41
Table 'NLHRed19' 6-max Seat #4 is the button
Seat 1: 489b7b2e ($13.49 in chips)
Seat 2: 10de5b2b ($15.87 in chips)
Seat 3: Hero ($10 in chips)
Seat 4: 8167233c ($20.63 in chips)
Seat 5: 82e3f752 ($9.25 in chips)
Seat 6: efbf2d5a ($28.56 in chips)
82e3f752: posts small blind $0.05
efbf2d5a: posts big blind $0.1
*** HOLE CARDS ***
Dealt to 489b7b2e 
Dealt to 10de5b2b 
Dealt to Hero [2c 4d]
Dealt to 8167233c 
Dealt to 82e3f752 
Dealt to efbf2d5a 
489b7b2e: folds
10de5b2b: calls $0.1
Hero: folds
8167233c: calls $0.1
82e3f752: folds
efbf2d5a: checks
*** FLOP *** [Qd 8d 4h]
efbf2d5a: checks
10de5b2b: bets $0.18
8167233c: folds
efbf2d5a: folds
Uncalled bet ($0.18) returned to 10de5b2b
*** SHOWDOWN ***
10de5b2b collected $0.34 from pot
*** SUMMARY ***
Total pot $0.35 | Rake $0.01 | Jackpot $0 | Bingo $0 | Fortune $0 | Tax $0
Board [Qd 8d 4h]
Seat 1: 489b7b2e folded before Flop (didn't bet)
Seat 2: 10de5b2b won ($0.34)
Seat 3: Hero folded before Flop (didn't bet)
Seat 4: 8167233c (button) folded on the Flop
Seat 5: 82e3f752 (small blind) folded before Flop
Seat 6: efbf2d5a (big blind) folded on the Flop


Poker Hand #HD1806690707: Hold'em No Limit ($0.05/$0.1) - 2024/06/08 15:55:44
Table 'NLHRed19' 6-max Seat #3 is the button
Seat 1: 489b7b2e ($13.49 in chips)
Seat 2: 10de5b2b ($15.87 in chips)
Seat 3: Hero ($10 in chips)
Seat 4: 8167233c ($20.16 in chips)
Seat 5: 82e3f752 ($9.5 in chips)
Seat 6: efbf2d5a ($28.81 in chips)
8167233c: posts small blind $0.05
82e3f752: posts big blind $0.1
*** HOLE CARDS ***
Dealt to 489b7b2e 
Dealt to 10de5b2b 
Dealt to Hero [5c Ts]
Dealt to 8167233c 
Dealt to 82e3f752 
Dealt to efbf2d5a 
efbf2d5a: raises $0.15 to $0.25
489b7b2e: folds
10de5b2b: folds
Hero: folds
8167233c: calls $0.2
82e3f752: calls $0.15
*** FLOP *** [Kc 5h Kd]
8167233c: checks
82e3f752: checks
efbf2d5a: checks
*** TURN *** [Kc 5h Kd] [9h]
8167233c: checks
82e3f752: checks
efbf2d5a: checks
*** RIVER *** [Kc 5h Kd 9h] [7s]
8167233c: bets $3.5
82e3f752: folds
efbf2d5a: folds
Uncalled bet ($3.5) returned to 8167233c
*** SHOWDOWN ***
8167233c collected $0.72 from pot
*** SUMMARY ***
Total pot $0.75 | Rake $0.03 | Jackpot $0 | Bingo $0 | Fortune $0 | Tax $0
Board [Kc 5h Kd 9h 7s]
Seat 1: 489b7b2e folded before Flop (didn't bet)
Seat 2: 10de5b2b folded before Flop (didn't bet)
Seat 3: Hero (button) folded before Flop (didn't bet)
Seat 4: 8167233c (small blind) won ($0.72)
Seat 5: 82e3f752 (big blind) folded on the River
Seat 6: efbf2d5a folded on the River


Poker Hand #HD1806690684: Hold'em No Limit ($0.05/$0.1) - 2024/06/08 15:55:30
Table 'NLHRed19' 6-max Seat #2 is the button
Seat 1: 489b7b2e ($13.49 in chips)
Seat 2: 10de5b2b ($15.87 in chips)
Seat 3: Hero ($10 in chips)
Seat 4: 8167233c ($20.11 in chips)
Seat 5: 82e3f752 ($9.5 in chips)
Seat 6: efbf2d5a ($28.81 in chips)
Hero: posts small blind $0.05
8167233c: posts big blind $0.1
*** HOLE CARDS ***
Dealt to 489b7b2e 
Dealt to 10de5b2b 
Dealt to Hero [Qh 2s]
Dealt to 8167233c 
Dealt to 82e3f752 
Dealt to efbf2d5a 
82e3f752: folds
efbf2d5a: folds
489b7b2e: folds
10de5b2b: folds
Hero: folds
Uncalled bet ($0.05) returned to 8167233c
*** SHOWDOWN ***
8167233c collected $0.1 from pot
*** SUMMARY ***
Total pot $0.1 | Rake $0 | Jackpot $0 | Bingo $0 | Fortune $0 | Tax $0
Seat 1: 489b7b2e folded before Flop (didn't bet)
Seat 2: 10de5b2b (button) folded before Flop (didn't bet)
Seat 3: Hero (small blind) folded before Flop
Seat 4: 8167233c (big blind) collected ($0.1)
Seat 5: 82e3f752 folded before Flop (didn't bet)
Seat 6: efbf2d5a folded before Flop (didn't bet)


Poker Hand #HD1806690501: Hold'em No Limit ($0.05/$0.1) - 2024/06/08 15:53:44
Table 'NLHRed19' 6-max Seat #1 is the button
Seat 1: 489b7b2e ($11.71 in chips)
Seat 2: 10de5b2b ($17.36 in chips)
Seat 3: Hero ($10 in chips)
Seat 4: 8167233c ($20.11 in chips)
Seat 5: 82e3f752 ($9.5 in chips)
Seat 6: efbf2d5a ($28.81 in chips)
10de5b2b: posts small blind $0.05
Hero: posts big blind $0.1
*** HOLE CARDS ***
Dealt to 489b7b2e 
Dealt to 10de5b2b 
Dealt to Hero [9s Th]
Dealt to 8167233c 
Dealt to 82e3f752 
Dealt to efbf2d5a 
8167233c: folds
82e3f752: folds
efbf2d5a: folds
489b7b2e: raises $0.16 to $0.26
10de5b2b: calls $0.21
Hero: calls $0.16
*** FLOP *** [8h Ah Qc]
10de5b2b: checks
Hero: bets $0.3
489b7b2e: calls $0.3
10de5b2b: calls $0.3
*** TURN *** [8h Ah Qc] [Ks]
10de5b2b: checks
Hero: checks
489b7b2e: bets $0.93
10de5b2b: calls $0.93
Hero: folds
*** RIVER *** [8h Ah Qc Ks] [5h]
10de5b2b: checks
489b7b2e: checks
10de5b2b: shows [9d As] (Pair of Aces)
489b7b2e: shows [Qh Qd] (Three Queens)
*** SHOWDOWN ***
489b7b2e collected $3.27 from pot
*** SUMMARY ***
Total pot $3.54 | Rake $0.17 | Jackpot $0.1 | Bingo $0 | Fortune $0 | Tax $0
Board [8h Ah Qc Ks 5h]
Seat 1: 489b7b2e (button) showed [Qh Qd] and won ($3.27) with Three Queens
Seat 2: 10de5b2b (small blind) showed [9d As] and lost with Pair of Aces
Seat 3: Hero (big blind) folded on the Turn
Seat 4: 8167233c folded before Flop (didn't bet)
Seat 5: 82e3f752 folded before Flop (didn't bet)
Seat 6: efbf2d5a folded before Flop (didn't bet)


Poker Hand #HD1806690392: Hold'em No Limit ($0.05/$0.1) - 2024/06/08 15:52:37
Table 'NLHRed19' 6-max Seat #6 is the button
Seat 1: 489b7b2e ($12.21 in chips)
Seat 2: 10de5b2b ($16.91 in chips)
Seat 3: Hero ($10 in chips)
Seat 4: 8167233c ($20.11 in chips)
Seat 5: 82e3f752 ($9.5 in chips)
Seat 6: efbf2d5a ($28.81 in chips)
489b7b2e: posts small blind $0.05
10de5b2b: posts big blind $0.1
*** HOLE CARDS ***
Dealt to 489b7b2e 
Dealt to 10de5b2b 
Dealt to Hero [6s Ks]
Dealt to 8167233c 
Dealt to 82e3f752 
Dealt to efbf2d5a 
Hero: folds
8167233c: folds
82e3f752: folds
efbf2d5a: folds
489b7b2e: raises $0.2 to $0.3
10de5b2b: calls $0.2
*** FLOP *** [Qc 3c 4s]
489b7b2e: bets $0.2
10de5b2b: calls $0.2
*** TURN *** [Qc 3c 4s] [6d]
489b7b2e: checks
10de5b2b: bets $0.5
489b7b2e: folds
Uncalled bet ($0.5) returned to 10de5b2b
*** SHOWDOWN ***
10de5b2b collected $0.95 from pot
*** SUMMARY ***
Total pot $1 | Rake $0.05 | Jackpot $0 | Bingo $0 | Fortune $0 | Tax $0
Board [Qc 3c 4s 6d]
Seat 1: 489b7b2e (small blind) folded on the Turn
Seat 2: 10de5b2b (big blind) won ($0.95)
Seat 3: Hero folded before Flop (didn't bet)
Seat 4: 8167233c folded before Flop (didn't bet)
Seat 5: 82e3f752 folded before Flop (didn't bet)
Seat 6: efbf2d5a (button) folded before Flop (didn't bet)


Poker Hand #HD1806690324: Hold'em No Limit ($0.05/$0.1) - 2024/06/08 15:51:55
Table 'NLHRed19' 6-max Seat #5 is the button
Seat 1: 489b7b2e ($12.31 in chips)
Seat 2: 10de5b2b ($16.58 in chips)
Seat 3: Hero ($10 in chips)
Seat 4: 8167233c ($20.11 in chips)
Seat 5: 82e3f752 ($9.7 in chips)
Seat 6: efbf2d5a ($28.86 in chips)
efbf2d5a: posts small blind $0.05
489b7b2e: posts big blind $0.1
*** HOLE CARDS ***
Dealt to 489b7b2e 
Dealt to 10de5b2b 
Dealt to Hero [3c Ah]
Dealt to 8167233c 
Dealt to 82e3f752 
Dealt to efbf2d5a 
10de5b2b: raises $0.1 to $0.2
Hero: folds
8167233c: folds
82e3f752: calls $0.2
efbf2d5a: folds
489b7b2e: folds
*** FLOP *** [8c Th 8d]
10de5b2b: bets $0.19
82e3f752: folds
Uncalled bet ($0.19) returned to 10de5b2b
*** SHOWDOWN ***
10de5b2b collected $0.53 from pot
*** SUMMARY ***
Total pot $0.55 | Rake $0.02 | Jackpot $0 | Bingo $0 | Fortune $0 | Tax $0
Board [8c Th 8d]
Seat 1: 489b7b2e (big blind) folded before Flop
Seat 2: 10de5b2b won ($0.53)
Seat 3: Hero folded before Flop (didn't bet)
Seat 4: 8167233c folded before Flop (didn't bet)
Seat 5: 82e3f752 (button) folded on the Flop
Seat 6: efbf2d5a (small blind) folded before Flop


Poker Hand #HD1806690229: Hold'em No Limit ($0.05/$0.1) - 2024/06/08 15:51:03
Table 'NLHRed19' 6-max Seat #4 is the button
Seat 1: 489b7b2e ($12.31 in chips)
Seat 2: 10de5b2b ($16.78 in chips)
Seat 3: Hero ($10 in chips)
Seat 4: 8167233c ($19.55 in chips)
Seat 5: 82e3f752 ($9.9 in chips)
Seat 6: efbf2d5a ($29.06 in chips)
82e3f752: posts small blind $0.05
efbf2d5a: posts big blind $0.1
*** HOLE CARDS ***
Dealt to 489b7b2e 
Dealt to 10de5b2b 
Dealt to Hero [8c Js]
Dealt to 8167233c 
Dealt to 82e3f752 
Dealt to efbf2d5a 
489b7b2e: folds
10de5b2b: raises $0.1 to $0.2
Hero: folds
8167233c: calls $0.2
82e3f752: calls $0.15
efbf2d5a: calls $0.1
*** FLOP *** [2c 8s 4h]
82e3f752: checks
efbf2d5a: checks
10de5b2b: checks
8167233c: bets $0.8
82e3f752: folds
efbf2d5a: folds
10de5b2b: folds
Uncalled bet ($0.8) returned to 8167233c
*** SHOWDOWN ***
8167233c collected $0.76 from pot
*** SUMMARY ***
Total pot $0.8 | Rake $0.04 | Jackpot $0 | Bingo $0 | Fortune $0 | Tax $0
Board [2c 8s 4h]
Seat 1: 489b7b2e folded before Flop (didn't bet)
Seat 2: 10de5b2b folded on the Flop
Seat 3: Hero folded before Flop (didn't bet)
Seat 4: 8167233c (button) won ($0.76)
Seat 5: 82e3f752 (small blind) folded on the Flop
Seat 6: efbf2d5a (big blind) folded on the Flop


Poker Hand #HD1806690197: Hold'em No Limit ($0.05/$0.1) - 2024/06/08 15:50:45
Table 'NLHRed19' 6-max Seat #3 is the button
Seat 1: 489b7b2e ($12.31 in chips)
Seat 2: 10de5b2b ($16.78 in chips)
Seat 3: Hero ($10 in chips)
Seat 4: 8167233c ($19.6 in chips)
Seat 5: 82e3f752 ($9.85 in chips)
Seat 6: efbf2d5a ($29.06 in chips)
8167233c: posts small blind $0.05
82e3f752: posts big blind $0.1
*** HOLE CARDS ***
Dealt to 489b7b2e 
Dealt to 10de5b2b 
Dealt to Hero [4d Qc]
Dealt to 8167233c 
Dealt to 82e3f752 
Dealt to efbf2d5a 
efbf2d5a: folds
489b7b2e: folds
10de5b2b: folds
Hero: folds
8167233c: folds
Uncalled bet ($0.05) returned to 82e3f752
*** SHOWDOWN ***
82e3f752 collected $0.1 from pot
*** SUMMARY ***
Total pot $0.1 | Rake $0 | Jackpot $0 | Bingo $0 | Fortune $0 | Tax $0
Seat 1: 489b7b2e folded before Flop (didn't bet)
Seat 2: 10de5b2b folded before Flop (didn't bet)
Seat 3: Hero (button) folded before Flop (didn't bet)
Seat 4: 8167233c (small blind) folded before Flop
Seat 5: 82e3f752 (big blind) collected ($0.1)
Seat 6: efbf2d5a folded before Flop (didn't bet)


Poker Hand #HD1806690165: Hold'em No Limit ($0.05/$0.1) - 2024/06/08 15:50:24
Table 'NLHRed19' 6-max Seat #2 is the button
Seat 1: 489b7b2e ($12.31 in chips)
Seat 2: 10de5b2b ($16.63 in chips)
Seat 3: Hero ($10.05 in chips)
Seat 4: 8167233c ($19.7 in chips)
Seat 5: 82e3f752 ($9.85 in chips)
Seat 6: efbf2d5a ($29.06 in chips)
Hero: posts small blind $0.05
8167233c: posts big blind $0.1
*** HOLE CARDS ***
Dealt to 489b7b2e 
Dealt to 10de5b2b 
Dealt to Hero [5h Kd]
Dealt to 8167233c 
Dealt to 82e3f752 
Dealt to efbf2d5a 
82e3f752: folds
efbf2d5a: folds
489b7b2e: folds
10de5b2b: raises $0.2 to $0.3
Hero: folds
8167233c: folds
Uncalled bet ($0.2) returned to 10de5b2b
*** SHOWDOWN ***
10de5b2b collected $0.25 from pot
*** SUMMARY ***
Total pot $0.25 | Rake $0 | Jackpot $0 | Bingo $0 | Fortune $0 | Tax $0
Seat 1: 489b7b2e folded before Flop (didn't bet)
Seat 2: 10de5b2b (button) collected ($0.25)
Seat 3: Hero (small blind) folded before Flop
Seat 4: 8167233c (big blind) folded before Flop
Seat 5: 82e3f752 folded before Flop (didn't bet)
Seat 6: efbf2d5a folded before Flop (didn't bet)


Poker Hand #HD1806690107: Hold'em No Limit ($0.05/$0.1) - 2024/06/08 15:49:47
Table 'NLHRed19' 6-max Seat #1 is the button
Seat 1: 489b7b2e ($12.31 in chips)
Seat 2: 10de5b2b ($16.83 in chips)
Seat 3: Hero ($10.15 in chips)
Seat 4: 8167233c ($19.42 in chips)
Seat 5: 82e3f752 ($9.85 in chips)
Seat 6: efbf2d5a ($29.06 in chips)
10de5b2b: posts small blind $0.05
Hero: posts big blind $0.1
*** HOLE CARDS ***
Dealt to 489b7b2e 
Dealt to 10de5b2b 
Dealt to Hero [Tc 5s]
Dealt to 8167233c 
Dealt to 82e3f752 
Dealt to efbf2d5a 
8167233c: raises $0.1 to $0.2
82e3f752: folds
efbf2d5a: folds
489b7b2e: folds
10de5b2b: calls $0.15
Hero: folds
*** FLOP *** [Kd 7s 5h]
10de5b2b: checks
8167233c: bets $0.25
10de5b2b: folds
Uncalled bet ($0.25) returned to 8167233c
*** SHOWDOWN ***
8167233c collected $0.48 from pot
*** SUMMARY ***
Total pot $0.5 | Rake $0.02 | Jackpot $0 | Bingo $0 | Fortune $0 | Tax $0
Board [Kd 7s 5h]
Seat 1: 489b7b2e (button) folded before Flop (didn't bet)
Seat 2: 10de5b2b (small blind) folded on the Flop
Seat 3: Hero (big blind) folded before Flop
Seat 4: 8167233c won ($0.48)
Seat 5: 82e3f752 folded before Flop (didn't bet)
Seat 6: efbf2d5a folded before Flop (didn't bet)


Poker Hand #HD1806690081: Hold'em No Limit ($0.05/$0.1) - 2024/06/08 15:49:25
Table 'NLHRed19' 6-max Seat #6 is the button
Seat 1: 489b7b2e ($12.36 in chips)
Seat 2: 10de5b2b ($16.78 in chips)
Seat 3: Hero ($10.15 in chips)
Seat 5: 82e3f752 ($9.85 in chips)
Seat 6: efbf2d5a ($29.06 in chips)
489b7b2e: posts small blind $0.05
10de5b2b: posts big blind $0.1
*** HOLE CARDS ***
Dealt to 489b7b2e 
Dealt to 10de5b2b 
Dealt to Hero [Ah 3c]
Dealt to 82e3f752 
Dealt to efbf2d5a 
Hero: folds
82e3f752: folds
efbf2d5a: folds
489b7b2e: folds
Uncalled bet ($0.05) returned to 10de5b2b
*** SHOWDOWN ***
10de5b2b collected $0.1 from pot
*** SUMMARY ***
Total pot $0.1 | Rake $0 | Jackpot $0 | Bingo $0 | Fortune $0 | Tax $0
Seat 1: 489b7b2e (small blind) folded before Flop
Seat 2: 10de5b2b (big blind) collected ($0.1)
Seat 3: Hero folded before Flop (didn't bet)
Seat 5: 82e3f752 folded before Flop (didn't bet)
Seat 6: efbf2d5a (button) folded before Flop (didn't bet)


Poker Hand #HD1806690046: Hold'em No Limit ($0.05/$0.1) - 2024/06/08 15:49:06
Table 'NLHRed19' 6-max Seat #5 is the button
Seat 1: 489b7b2e ($12.46 in chips)
Seat 2: 10de5b2b ($16.78 in chips)
Seat 3: Hero ($10 in chips)
Seat 5: 82e3f752 ($9.85 in chips)
Seat 6: efbf2d5a ($29.11 in chips)
efbf2d5a: posts small blind $0.05
489b7b2e: posts big blind $0.1
*** HOLE CARDS ***
Dealt to 489b7b2e 
Dealt to 10de5b2b 
Dealt to Hero [4s As]
Dealt to 82e3f752 
Dealt to efbf2d5a 
10de5b2b: folds
Hero: raises $0.1 to $0.2
82e3f752: folds
efbf2d5a: folds
489b7b2e: folds
Uncalled bet ($0.1) returned to Hero
*** SHOWDOWN ***
Hero collected $0.25 from pot
*** SUMMARY ***
Total pot $0.25 | Rake $0 | Jackpot $0 | Bingo $0 | Fortune $0 | Tax $0
Seat 1: 489b7b2e (big blind) folded before Flop
Seat 2: 10de5b2b folded before Flop (didn't bet)
Seat 3: Hero collected ($0.25)
Seat 5: 82e3f752 (button) folded before Flop (didn't bet)
Seat 6: efbf2d5a (small blind) folded before Flop


Poker Hand #HD1806690008: Hold'em No Limit ($0.05/$0.1) - 2024/06/08 15:48:46
Table 'NLHRed19' 6-max Seat #4 is the button
Seat 1: 489b7b2e ($12.46 in chips)
Seat 2: 10de5b2b ($16.78 in chips)
Seat 3: Hero ($10 in chips)
Seat 4: 8167233c ($19.42 in chips)
Seat 5: 82e3f752 ($9.9 in chips)
Seat 6: efbf2d5a ($29.06 in chips)
82e3f752: posts small blind $0.05
efbf2d5a: posts big blind $0.1
*** HOLE CARDS ***
Dealt to 489b7b2e 
Dealt to 10de5b2b 
Dealt to Hero [Ad 2s]
Dealt to 8167233c 
Dealt to 82e3f752 
Dealt to efbf2d5a 
489b7b2e: folds
10de5b2b: folds
Hero: folds
8167233c: folds
82e3f752: folds
Uncalled bet ($0.05) returned to efbf2d5a
*** SHOWDOWN ***
efbf2d5a collected $0.1 from pot
*** SUMMARY ***
Total pot $0.1 | Rake $0 | Jackpot $0 | Bingo $0 | Fortune $0 | Tax $0
Seat 1: 489b7b2e folded before Flop (didn't bet)
Seat 2: 10de5b2b folded before Flop (didn't bet)
Seat 3: Hero folded before Flop (didn't bet)
Seat 4: 8167233c (button) folded before Flop (didn't bet)
Seat 5: 82e3f752 (small blind) folded before Flop
Seat 6: efbf2d5a (big blind) collected ($0.1)


Poker Hand #HD1806689880: Hold'em No Limit ($0.05/$0.1) - 2024/06/08 15:47:27
Table 'NLHRed19' 6-max Seat #3 is the button
Seat 1: 489b7b2e ($12.46 in chips)
Seat 2: 10de5b2b ($16.78 in chips)
Seat 3: Hero ($10 in chips)
Seat 4: 8167233c ($10.42 in chips)
Seat 5: 82e3f752 ($10 in chips)
Seat 6: efbf2d5a ($29.06 in chips)
8167233c: posts small blind $0.05
82e3f752: posts big blind $0.1
*** HOLE CARDS ***
Dealt to 489b7b2e 
Dealt to 10de5b2b 
Dealt to Hero [Ad Ac]
Dealt to 8167233c 
Dealt to 82e3f752 
Dealt to efbf2d5a 
efbf2d5a: folds
489b7b2e: folds
10de5b2b: folds
Hero: raises $0.14 to $0.24
8167233c: raises $0.29 to $0.53
82e3f752: folds
Hero: raises $1.07 to $1.6
8167233c: calls $1.07
*** FLOP *** [Td Kd 8h]
8167233c: checks
Hero: bets $1.1
8167233c: calls $1.1
*** TURN *** [Td Kd 8h] [3c]
8167233c: checks
Hero: bets $2.3
8167233c: calls $2.3
*** RIVER *** [Td Kd 8h 3c] [Qh]
8167233c: bets $5.42 and is all-in
Hero: calls $5 and is all-in
Uncalled bet ($0.42) returned to 8167233c
8167233c: shows [Qc Kh] (Pair of Kings and Pair of Queens)
Hero: shows [Ad Ac] (Pair of Aces)
*** SHOWDOWN ***
8167233c collected $19 from pot
*** SUMMARY ***
Total pot $20.1 | Rake $1 | Jackpot $0.1 | Bingo $0 | Fortune $0 | Tax $0
Board [Td Kd 8h 3c Qh]
Seat 1: 489b7b2e folded before Flop (didn't bet)
Seat 2: 10de5b2b folded before Flop (didn't bet)
Seat 3: Hero (button) showed [Ad Ac] and lost with Pair of Aces
Seat 4: 8167233c (small blind) showed [Qc Kh] and won ($19) with Pair of Kings and Pair of Queens
Seat 5: 82e3f752 (big blind) folded before Flop
Seat 6: efbf2d5a folded before Flop (didn't bet)


Poker Hand #HD1806689761: Hold'em No Limit ($0.05/$0.1) - 2024/06/08 15:46:20
Table 'NLHRed19' 6-max Seat #2 is the button
Seat 1: 489b7b2e ($12.46 in chips)
Seat 2: 10de5b2b ($16.78 in chips)
Seat 3: Hero ($10 in chips)
Seat 4: 8167233c ($10.14 in chips)
Seat 6: efbf2d5a ($29.31 in chips)
Hero: posts small blind $0.05
8167233c: posts big blind $0.1
*** HOLE CARDS ***
Dealt to 489b7b2e 
Dealt to 10de5b2b 
Dealt to Hero [6c 9s]
Dealt to 8167233c 
Dealt to efbf2d5a 
efbf2d5a: raises $0.15 to $0.25
489b7b2e: folds
10de5b2b: folds
Hero: folds
8167233c: calls $0.15
*** FLOP *** [9d 5h 4d]
8167233c: checks
efbf2d5a: checks
*** TURN *** [9d 5h 4d] [3c]
8167233c: checks
efbf2d5a: checks
*** RIVER *** [9d 5h 4d 3c] [Ts]
8167233c: bets $0.42
efbf2d5a: folds
Uncalled bet ($0.42) returned to 8167233c
*** SHOWDOWN ***
8167233c collected $0.53 from pot
*** SUMMARY ***
Total pot $0.55 | Rake $0.02 | Jackpot $0 | Bingo $0 | Fortune $0 | Tax $0
Board [9d 5h 4d 3c Ts]
Seat 1: 489b7b2e folded before Flop (didn't bet)
Seat 2: 10de5b2b (button) folded before Flop (didn't bet)
Seat 3: Hero (small blind) folded before Flop
Seat 4: 8167233c (big blind) won ($0.53)
Seat 6: efbf2d5a folded on the River


Poker Hand #HD1806689687: Hold'em No Limit ($0.05/$0.1) - 2024/06/08 15:45:40
Table 'NLHRed19' 6-max Seat #1 is the button
Seat 1: 489b7b2e ($12.17 in chips)
Seat 2: 10de5b2b ($16.83 in chips)
Seat 3: Hero ($10.1 in chips)
Seat 4: 8167233c ($10.14 in chips)
Seat 6: efbf2d5a ($29.31 in chips)
10de5b2b: posts small blind $0.05
Hero: posts big blind $0.1
*** HOLE CARDS ***
Dealt to 489b7b2e 
Dealt to 10de5b2b 
Dealt to Hero [As 9s]
Dealt to 8167233c 
Dealt to efbf2d5a 
8167233c: folds
efbf2d5a: folds
489b7b2e: raises $0.16 to $0.26
10de5b2b: folds
Hero: calls $0.16
*** FLOP *** [Jd 7c Kd]
Hero: checks
489b7b2e: bets $0.19
Hero: folds
Uncalled bet ($0.19) returned to 489b7b2e
*** SHOWDOWN ***
489b7b2e collected $0.55 from pot
*** SUMMARY ***
Total pot $0.57 | Rake $0.02 | Jackpot $0 | Bingo $0 | Fortune $0 | Tax $0
Board [Jd 7c Kd]
Seat 1: 489b7b2e (button) won ($0.55)
Seat 2: 10de5b2b (small blind) folded before Flop
Seat 3: Hero (big blind) folded on the Flop
Seat 4: 8167233c folded before Flop (didn't bet)
Seat 6: efbf2d5a folded before Flop (didn't bet)


Poker Hand #HD1806689616: Hold'em No Limit ($0.05/$0.1) - 2024/06/08 15:44:59
Table 'NLHRed19' 6-max Seat #6 is the button
Seat 1: 489b7b2e ($12.22 in chips)
Seat 2: 10de5b2b ($16.93 in chips)
Seat 3: Hero ($10.1 in chips)
Seat 4: 8167233c ($10 in chips)
Seat 6: efbf2d5a ($29.31 in chips)
489b7b2e: posts small blind $0.05
10de5b2b: posts big blind $0.1
8167233c: posts big blind $0.1
8167233c: posts missed blind $0.05
*** HOLE CARDS ***
Dealt to 489b7b2e 
Dealt to 10de5b2b 
Dealt to Hero [Jd 2d]
Dealt to 8167233c 
Dealt to efbf2d5a 
Hero: folds
8167233c: checks
efbf2d5a: folds
489b7b2e: folds
10de5b2b: checks
*** FLOP *** [2s Js 9h]
10de5b2b: checks
8167233c: checks
*** TURN *** [2s Js 9h] [Kh]
10de5b2b: checks
8167233c: bets $0.23
10de5b2b: folds
Uncalled bet ($0.23) returned to 8167233c
*** SHOWDOWN ***
8167233c collected $0.29 from pot
*** SUMMARY ***
Total pot $0.3 | Rake $0.01 | Jackpot $0 | Bingo $0 | Fortune $0 | Tax $0
Board [2s Js 9h Kh]
Seat 1: 489b7b2e (small blind) folded before Flop
Seat 2: 10de5b2b (big blind) folded on the Turn
Seat 3: Hero folded before Flop (didn't bet)
Seat 4: 8167233c won ($0.29)
Seat 6: efbf2d5a (button) folded before Flop (didn't bet)


Poker Hand #HD1806689482: Hold'em No Limit ($0.05/$0.1) - 2024/06/08 15:43:36
Table 'NLHRed19' 6-max Seat #3 is the button
Seat 1: 489b7b2e ($10.22 in chips)
Seat 2: 10de5b2b ($19.2 in chips)
Seat 3: Hero ($10.1 in chips)
Seat 6: efbf2d5a ($29.36 in chips)
efbf2d5a: posts small blind $0.05
489b7b2e: posts big blind $0.1
*** HOLE CARDS ***
Dealt to 489b7b2e 
Dealt to 10de5b2b 
Dealt to Hero [9s Kh]
Dealt to efbf2d5a 
10de5b2b: raises $0.1 to $0.2
Hero: folds
efbf2d5a: folds
489b7b2e: calls $0.1
*** FLOP *** [4h 3h Td]
489b7b2e: checks
10de5b2b: bets $0.23
489b7b2e: calls $0.23
*** TURN *** [4h 3h Td] [Jc]
489b7b2e: checks
10de5b2b: bets $0.69
489b7b2e: calls $0.69
*** RIVER *** [4h 3h Td Jc] [4s]
489b7b2e: checks
10de5b2b: bets $1.15
489b7b2e: raises $2.4 to $3.55
10de5b2b: folds
Uncalled bet ($2.4) returned to 489b7b2e
*** SHOWDOWN ***
489b7b2e collected $4.27 from pot
*** SUMMARY ***
Total pot $4.59 | Rake $0.22 | Jackpot $0.1 | Bingo $0 | Fortune $0 | Tax $0
Board [4h 3h Td Jc 4s]
Seat 1: 489b7b2e (big blind) won ($4.27)
Seat 2: 10de5b2b folded on the River
Seat 3: Hero (button) folded before Flop (didn't bet)
Seat 6: efbf2d5a (small blind) folded before Flop


Poker Hand #HD1806689432: Hold'em No Limit ($0.05/$0.1) - 2024/06/08 15:43:03
Table 'NLHRed19' 6-max Seat #2 is the button
Seat 1: 489b7b2e ($10.22 in chips)
Seat 2: 10de5b2b ($19.55 in chips)
Seat 3: Hero ($10.15 in chips)
Seat 6: efbf2d5a ($28.99 in chips)
Hero: posts small blind $0.05
efbf2d5a: posts big blind $0.1
*** HOLE CARDS ***
Dealt to 489b7b2e 
Dealt to 10de5b2b 
Dealt to Hero [8c 3d]
Dealt to efbf2d5a 
489b7b2e: folds
10de5b2b: raises $0.1 to $0.2
Hero: folds
efbf2d5a: calls $0.1
*** FLOP *** [9h Ts Ac]
efbf2d5a: checks
10de5b2b: bets $0.15
efbf2d5a: calls $0.15
*** TURN *** [9h Ts Ac] [7h]
efbf2d5a: checks
10de5b2b: checks
*** RIVER *** [9h Ts Ac 7h] [Jd]
efbf2d5a: bets $0.35
10de5b2b: folds
Uncalled bet ($0.35) returned to efbf2d5a
*** SHOWDOWN ***
efbf2d5a collected $0.72 from pot
*** SUMMARY ***
Total pot $0.75 | Rake $0.03 | Jackpot $0 | Bingo $0 | Fortune $0 | Tax $0
Board [9h Ts Ac 7h Jd]
Seat 1: 489b7b2e folded before Flop (didn't bet)
Seat 2: 10de5b2b (button) folded on the River
Seat 3: Hero (small blind) folded before Flop
Seat 6: efbf2d5a (big blind) won ($0.72)


Poker Hand #HD1806689395: Hold'em No Limit ($0.05/$0.1) - 2024/06/08 15:42:43
Table 'NLHRed19' 6-max Seat #1 is the button
Seat 1: 489b7b2e ($10.22 in chips)
Seat 2: 10de5b2b ($19.6 in chips)
Seat 3: Hero ($10.1 in chips)
Seat 4: 8167233c ($10 in chips)
Seat 6: efbf2d5a ($28.99 in chips)
10de5b2b: posts small blind $0.05
Hero: posts big blind $0.1
*** HOLE CARDS ***
Dealt to 489b7b2e 
Dealt to 10de5b2b 
Dealt to Hero [Qd Tc]
Dealt to 8167233c 
Dealt to efbf2d5a 
8167233c: folds
efbf2d5a: folds
489b7b2e: folds
10de5b2b: folds
Uncalled bet ($0.05) returned to Hero
*** SHOWDOWN ***
Hero collected $0.1 from pot
*** SUMMARY ***
Total pot $0.1 | Rake $0 | Jackpot $0 | Bingo $0 | Fortune $0 | Tax $0
Seat 1: 489b7b2e (button) folded before Flop (didn't bet)
Seat 2: 10de5b2b (small blind) folded before Flop
Seat 3: Hero (big blind) collected ($0.1)
Seat 4: 8167233c folded before Flop (didn't bet)
Seat 6: efbf2d5a folded before Flop (didn't bet)


Poker Hand #HD1806689370: Hold'em No Limit ($0.05/$0.1) - 2024/06/08 15:42:28
Table 'NLHRed19' 6-max Seat #6 is the button
Seat 1: 489b7b2e ($10.27 in chips)
Seat 2: 10de5b2b ($19.55 in chips)
Seat 3: Hero ($10.1 in chips)
Seat 6: efbf2d5a ($28.99 in chips)
489b7b2e: posts small blind $0.05
10de5b2b: posts big blind $0.1
*** HOLE CARDS ***
Dealt to 489b7b2e 
Dealt to 10de5b2b 
Dealt to Hero [6h 2d]
Dealt to efbf2d5a 
Hero: folds
efbf2d5a: folds
489b7b2e: folds
Uncalled bet ($0.05) returned to 10de5b2b
*** SHOWDOWN ***
10de5b2b collected $0.1 from pot
*** SUMMARY ***
Total pot $0.1 | Rake $0 | Jackpot $0 | Bingo $0 | Fortune $0 | Tax $0
Seat 1: 489b7b2e (small blind) folded before Flop
Seat 2: 10de5b2b (big blind) collected ($0.1)
Seat 3: Hero folded before Flop (didn't bet)
Seat 6: efbf2d5a (button) folded before Flop (didn't bet)


Poker Hand #HD1806689319: Hold'em No Limit ($0.05/$0.1) - 2024/06/08 15:41:53
Table 'NLHRed19' 6-max Seat #4 is the button
Seat 1: 489b7b2e ($10 in chips)
Seat 2: 10de5b2b ($19.55 in chips)
Seat 3: Hero ($10.1 in chips)
Seat 4: 8167233c ($10 in chips)
Seat 6: efbf2d5a ($29.29 in chips)
efbf2d5a: posts small blind $0.05
489b7b2e: posts big blind $0.1
*** HOLE CARDS ***
Dealt to 489b7b2e 
Dealt to 10de5b2b 
Dealt to Hero [Ks 9c]
Dealt to 8167233c 
Dealt to efbf2d5a 
10de5b2b: folds
Hero: folds
8167233c: folds
efbf2d5a: raises $0.2 to $0.3
489b7b2e: calls $0.2
*** FLOP *** [3h 9d Th]
efbf2d5a: checks
489b7b2e: bets $0.2
efbf2d5a: folds
Uncalled bet ($0.2) returned to 489b7b2e
*** SHOWDOWN ***
489b7b2e collected $0.57 from pot
*** SUMMARY ***
Total pot $0.6 | Rake $0.03 | Jackpot $0 | Bingo $0 | Fortune $0 | Tax $0
Board [3h 9d Th]
Seat 1: 489b7b2e (big blind) won ($0.57)
Seat 2: 10de5b2b folded before Flop (didn't bet)
Seat 3: Hero folded before Flop (didn't bet)
Seat 4: 8167233c (button) folded before Flop (didn't bet)
Seat 6: efbf2d5a (small blind) folded on the Flop


Poker Hand #HD1806689214: Hold'em No Limit ($0.05/$0.1) - 2024/06/08 15:40:42
Table 'NLHRed19' 6-max Seat #3 is the button
Seat 2: 10de5b2b ($19.29 in chips)
Seat 3: Hero ($10.1 in chips)
Seat 4: 8167233c ($10.05 in chips)
Seat 6: efbf2d5a ($29.52 in chips)
8167233c: posts small blind $0.05
efbf2d5a: posts big blind $0.1
*** HOLE CARDS ***
Dealt to 10de5b2b 
Dealt to Hero [4c Ad]
Dealt to 8167233c 
Dealt to efbf2d5a 
10de5b2b: calls $0.1
Hero: folds
8167233c: folds
efbf2d5a: checks
*** FLOP *** [5d 4d 5s]
efbf2d5a: checks
10de5b2b: checks
*** TURN *** [5d 4d 5s] [Qc]
efbf2d5a: checks
10de5b2b: bets $0.13
efbf2d5a: calls $0.13
*** RIVER *** [5d 4d 5s Qc] [Td]
efbf2d5a: checks
10de5b2b: bets $0.17
efbf2d5a: folds
Uncalled bet ($0.17) returned to 10de5b2b
*** SHOWDOWN ***
10de5b2b collected $0.49 from pot
*** SUMMARY ***
Total pot $0.51 | Rake $0.02 | Jackpot $0 | Bingo $0 | Fortune $0 | Tax $0
Board [5d 4d 5s Qc Td]
Seat 2: 10de5b2b won ($0.49)
Seat 3: Hero (button) folded before Flop (didn't bet)
Seat 4: 8167233c (small blind) folded before Flop
Seat 6: efbf2d5a (big blind) folded on the River


Poker Hand #HD1806689196: Hold'em No Limit ($0.05/$0.1) - 2024/06/08 15:40:35
Table 'NLHRed19' 6-max Seat #2 is the button
Seat 2: 10de5b2b ($19.29 in chips)
Seat 3: Hero ($10.15 in chips)
Seat 4: 8167233c ($10 in chips)
Seat 6: efbf2d5a ($29.52 in chips)
Hero: posts small blind $0.05
8167233c: posts big blind $0.1
*** HOLE CARDS ***
Dealt to 10de5b2b 
Dealt to Hero [8s Td]
Dealt to 8167233c 
Dealt to efbf2d5a 
efbf2d5a: folds
10de5b2b: folds
Hero: folds
Uncalled bet ($0.05) returned to 8167233c
*** SHOWDOWN ***
8167233c collected $0.1 from pot
*** SUMMARY ***
Total pot $0.1 | Rake $0 | Jackpot $0 | Bingo $0 | Fortune $0 | Tax $0
Seat 2: 10de5b2b (button) folded before Flop (didn't bet)
Seat 3: Hero (small blind) folded before Flop
Seat 4: 8167233c (big blind) collected ($0.1)
Seat 6: efbf2d5a folded before Flop (didn't bet)


Poker Hand #HD1806689184: Hold'em No Limit ($0.05/$0.1) - 2024/06/08 15:40:29
Table 'NLHRed19' 6-max Seat #6 is the button
Seat 2: 10de5b2b ($19.34 in chips)
Seat 3: Hero ($10.1 in chips)
Seat 6: efbf2d5a ($29.52 in chips)
10de5b2b: posts small blind $0.05
Hero: posts big blind $0.1
*** HOLE CARDS ***
Dealt to 10de5b2b 
Dealt to Hero [Jd 6c]
Dealt to efbf2d5a 
efbf2d5a: folds
10de5b2b: folds
Uncalled bet ($0.05) returned to Hero
*** SHOWDOWN ***
Hero collected $0.1 from pot
*** SUMMARY ***
Total pot $0.1 | Rake $0 | Jackpot $0 | Bingo $0 | Fortune $0 | Tax $0
Seat 2: 10de5b2b (small blind) folded before Flop
Seat 3: Hero (big blind) collected ($0.1)
Seat 6: efbf2d5a (button) folded before Flop (didn't bet)


Poker Hand #HD1806689117: Hold'em No Limit ($0.05/$0.1) - 2024/06/08 15:39:44
Table 'NLHRed19' 6-max Seat #3 is the button
Seat 2: 10de5b2b ($19.97 in chips)
Seat 3: Hero ($10.1 in chips)
Seat 5: 42ebbffd ($10.86 in chips)
Seat 6: efbf2d5a ($28.9 in chips)
42ebbffd: posts small blind $0.05
efbf2d5a: posts big blind $0.1
*** HOLE CARDS ***
Dealt to 10de5b2b 
Dealt to Hero [4s 2c]
Dealt to 42ebbffd 
Dealt to efbf2d5a 
10de5b2b: raises $0.2 to $0.3
Hero: folds
42ebbffd: folds
efbf2d5a: calls $0.2
*** FLOP *** [7c 4d 5s]
efbf2d5a: checks
10de5b2b: bets $0.33
efbf2d5a: calls $0.33
*** TURN *** [7c 4d 5s] [Th]
efbf2d5a: checks
10de5b2b: checks
*** RIVER *** [7c 4d 5s Th] [8s]
efbf2d5a: bets $1.83
10de5b2b: folds
Uncalled bet ($1.83) returned to efbf2d5a
10de5b2b: shows [Ah] (Ace-High)
*** SHOWDOWN ***
efbf2d5a collected $1.25 from pot
*** SUMMARY ***
Total pot $1.31 | Rake $0.06 | Jackpot $0 | Bingo $0 | Fortune $0 | Tax $0
Board [7c 4d 5s Th 8s]
Seat 2: 10de5b2b folded on the River
Seat 3: Hero (button) folded before Flop (didn't bet)
Seat 5: 42ebbffd (small blind) folded before Flop
Seat 6: efbf2d5a (big blind) won ($1.25)


Poker Hand #HD1806689094: Hold'em No Limit ($0.05/$0.1) - 2024/06/08 15:39:33
Table 'NLHRed19' 6-max Seat #2 is the button
Seat 2: 10de5b2b ($19.97 in chips)
Seat 3: Hero ($10 in chips)
Seat 5: 42ebbffd ($10.96 in chips)
Seat 6: efbf2d5a ($28.9 in chips)
Hero: posts small blind $0.05
42ebbffd: posts big blind $0.1
*** HOLE CARDS ***
Dealt to 10de5b2b 
Dealt to Hero [Th Kh]
Dealt to 42ebbffd 
Dealt to efbf2d5a 
efbf2d5a: folds
10de5b2b: folds
Hero: raises $0.2 to $0.3
42ebbffd: folds
Uncalled bet ($0.2) returned to Hero
*** SHOWDOWN ***
Hero collected $0.2 from pot
*** SUMMARY ***
Total pot $0.2 | Rake $0 | Jackpot $0 | Bingo $0 | Fortune $0 | Tax $0
Seat 2: 10de5b2b (button) folded before Flop (didn't bet)
Seat 3: Hero (small blind) collected ($0.2)
Seat 5: 42ebbffd (big blind) folded before Flop
Seat 6: efbf2d5a folded before Flop (didn't bet)


Poker Hand #HD1806689077: Hold'em No Limit ($0.05/$0.1) - 2024/06/08 15:39:19
Table 'NLHRed19' 6-max Seat #6 is the button
Seat 2: 10de5b2b ($20.02 in chips)
Seat 3: Hero ($10 in chips)
Seat 4: 6d4b908c ($10.73 in chips)
Seat 5: 42ebbffd ($10.96 in chips)
Seat 6: efbf2d5a ($28.75 in chips)
10de5b2b: posts small blind $0.05
Hero: posts big blind $0.1
*** HOLE CARDS ***
Dealt to 10de5b2b 
Dealt to Hero [9s Ac]
Dealt to 6d4b908c 
Dealt to 42ebbffd 
Dealt to efbf2d5a 
6d4b908c: folds
42ebbffd: folds
efbf2d5a: raises $0.15 to $0.25
10de5b2b: folds
Hero: folds
Uncalled bet ($0.15) returned to efbf2d5a
*** SHOWDOWN ***
efbf2d5a collected $0.25 from pot
*** SUMMARY ***
Total pot $0.25 | Rake $0 | Jackpot $0 | Bingo $0 | Fortune $0 | Tax $0
Seat 2: 10de5b2b (small blind) folded before Flop
Seat 3: Hero (big blind) folded before Flop
Seat 4: 6d4b908c folded before Flop (didn't bet)
Seat 5: 42ebbffd folded before Flop (didn't bet)
Seat 6: efbf2d5a (button) collected ($0.25)


Poker Hand #HD1806689010: Hold'em No Limit ($0.05/$0.1) - 2024/06/08 15:38:35
Table 'NLHRed19' 6-max Seat #5 is the button
Seat 2: 10de5b2b ($19.65 in chips)
Seat 3: Hero ($10 in chips)
Seat 4: 6d4b908c ($10.73 in chips)
Seat 5: 42ebbffd ($11.31 in chips)
Seat 6: efbf2d5a ($28.8 in chips)
efbf2d5a: posts small blind $0.05
10de5b2b: posts big blind $0.1
*** HOLE CARDS ***
Dealt to 10de5b2b 
Dealt to Hero [Th 2h]
Dealt to 6d4b908c 
Dealt to 42ebbffd 
Dealt to efbf2d5a 
Hero: folds
6d4b908c: folds
42ebbffd: raises $0.1 to $0.2
efbf2d5a: folds
10de5b2b: calls $0.1
*** FLOP *** [8s Ts Kh]
10de5b2b: checks
42ebbffd: bets $0.15
10de5b2b: calls $0.15
*** TURN *** [8s Ts Kh] [Jc]
10de5b2b: checks
42ebbffd: checks
*** RIVER *** [8s Ts Kh Jc] [Kd]
10de5b2b: checks
42ebbffd: checks
10de5b2b: shows [Ad 8d] (Pair of Kings and Pair of Eights)
42ebbffd: shows [7d 7s] (Pair of Kings and Pair of Sevens)
*** SHOWDOWN ***
10de5b2b collected $0.72 from pot
*** SUMMARY ***
Total pot $0.75 | Rake $0.03 | Jackpot $0 | Bingo $0 | Fortune $0 | Tax $0
Board [8s Ts Kh Jc Kd]
Seat 2: 10de5b2b (big blind) showed [Ad 8d] and won ($0.72) with Pair of Kings and Pair of Eights
Seat 3: Hero folded before Flop (didn't bet)
Seat 4: 6d4b908c folded before Flop (didn't bet)
Seat 5: 42ebbffd (button) showed [7d 7s] and lost with Pair of Kings and Pair of Sevens
Seat 6: efbf2d5a (small blind) folded before Flop


Poker Hand #HD1806688977: Hold'em No Limit ($0.05/$0.1) - 2024/06/08 15:38:15
Table 'NLHRed19' 6-max Seat #4 is the button
Seat 2: 10de5b2b ($19.65 in chips)
Seat 3: Hero ($10 in chips)
Seat 4: 6d4b908c ($10.58 in chips)
Seat 5: 42ebbffd ($11.36 in chips)
Seat 6: efbf2d5a ($28.9 in chips)
42ebbffd: posts small blind $0.05
efbf2d5a: posts big blind $0.1
*** HOLE CARDS ***
Dealt to 10de5b2b 
Dealt to Hero [Kc 6s]
Dealt to 6d4b908c 
Dealt to 42ebbffd 
Dealt to efbf2d5a 
10de5b2b: folds
Hero: folds
6d4b908c: raises $0.15 to $0.25
42ebbffd: folds
efbf2d5a: folds
Uncalled bet ($0.15) returned to 6d4b908c
*** SHOWDOWN ***
6d4b908c collected $0.25 from pot
*** SUMMARY ***
Total pot $0.25 | Rake $0 | Jackpot $0 | Bingo $0 | Fortune $0 | Tax $0
Seat 2: 10de5b2b folded before Flop (didn't bet)
Seat 3: Hero folded before Flop (didn't bet)
Seat 4: 6d4b908c (button) collected ($0.25)
Seat 5: 42ebbffd (small blind) folded before Flop
Seat 6: efbf2d5a (big blind) folded before Flop


Poker Hand #HD1806688902: Hold'em No Limit ($0.05/$0.1) - 2024/06/08 15:37:28
Table 'NLHRed19' 6-max Seat #3 is the button
Seat 2: 10de5b2b ($19.65 in chips)
Seat 3: Hero ($10 in chips)
Seat 4: 6d4b908c ($10.63 in chips)
Seat 5: 42ebbffd ($10 in chips)
Seat 6: efbf2d5a ($30.35 in chips)
6d4b908c: posts small blind $0.05
42ebbffd: posts big blind $0.1
*** HOLE CARDS ***
Dealt to 10de5b2b 
Dealt to Hero [Ac Jd]
Dealt to 6d4b908c 
Dealt to 42ebbffd 
Dealt to efbf2d5a 
efbf2d5a: raises $0.15 to $0.25
10de5b2b: folds
Hero: folds
6d4b908c: folds
42ebbffd: raises $0.45 to $0.7
efbf2d5a: calls $0.45
*** FLOP *** [9d 7c Jh]
42ebbffd: bets $0.75
efbf2d5a: calls $0.75
*** TURN *** [9d 7c Jh] [Ts]
42ebbffd: bets $8.55 and is all-in
efbf2d5a: folds
Uncalled bet ($8.55) returned to 42ebbffd
*** SHOWDOWN ***
42ebbffd collected $2.81 from pot
*** SUMMARY ***
Total pot $2.95 | Rake $0.14 | Jackpot $0 | Bingo $0 | Fortune $0 | Tax $0
Board [9d 7c Jh Ts]
Seat 2: 10de5b2b folded before Flop (didn't bet)
Seat 3: Hero (button) folded before Flop (didn't bet)
Seat 4: 6d4b908c (small blind) folded before Flop
Seat 5: 42ebbffd (big blind) won ($2.81)
Seat 6: efbf2d5a folded on the Turn


Poker Hand #HD1806688889: Hold'em No Limit ($0.05/$0.1) - 2024/06/08 15:37:21
Table 'NLHRed19' 6-max Seat #2 is the button
Seat 2: 10de5b2b ($19.65 in chips)
Seat 3: Hero ($10 in chips)
Seat 4: 6d4b908c ($10.58 in chips)
Seat 6: efbf2d5a ($30.35 in chips)
Hero: posts small blind $0.05
6d4b908c: posts big blind $0.1
*** HOLE CARDS ***
Dealt to 10de5b2b 
Dealt to Hero [Td 7s]
Dealt to 6d4b908c 
Dealt to efbf2d5a 
efbf2d5a: folds
10de5b2b: folds
Hero: folds
Uncalled bet ($0.05) returned to 6d4b908c
*** SHOWDOWN ***
6d4b908c collected $0.1 from pot
*** SUMMARY ***
Total pot $0.1 | Rake $0 | Jackpot $0 | Bingo $0 | Fortune $0 | Tax $0
Seat 2: 10de5b2b (button) folded before Flop (didn't bet)
Seat 3: Hero (small blind) folded before Flop
Seat 4: 6d4b908c (big blind) collected ($0.1)
Seat 6: efbf2d5a folded before Flop (didn't bet)


Poker Hand #HD1806688857: Hold'em No Limit ($0.05/$0.1) - 2024/06/08 15:37:00
Table 'NLHRed19' 6-max Seat #6 is the button
Seat 2: 10de5b2b ($19.7 in chips)
Seat 3: Hero ($10 in chips)
Seat 4: 6d4b908c ($10.43 in chips)
Seat 6: efbf2d5a ($30.35 in chips)
10de5b2b: posts small blind $0.05
Hero: posts big blind $0.1
*** HOLE CARDS ***
Dealt to 10de5b2b 
Dealt to Hero [9c 6c]
Dealt to 6d4b908c 
Dealt to efbf2d5a 
6d4b908c: raises $0.13 to $0.23
efbf2d5a: folds
10de5b2b: folds
Hero: folds
Uncalled bet ($0.13) returned to 6d4b908c
*** SHOWDOWN ***
6d4b908c collected $0.25 from pot
*** SUMMARY ***
Total pot $0.25 | Rake $0 | Jackpot $0 | Bingo $0 | Fortune $0 | Tax $0
Seat 2: 10de5b2b (small blind) folded before Flop
Seat 3: Hero (big blind) folded before Flop
Seat 4: 6d4b908c collected ($0.25)
Seat 6: efbf2d5a (button) folded before Flop (didn't bet)


Poker Hand #HD1806688821: Hold'em No Limit ($0.05/$0.1) - 2024/06/08 15:36:41
Table 'NLHRed19' 6-max Seat #4 is the button
Seat 2: 10de5b2b ($19.6 in chips)
Seat 3: Hero ($10 in chips)
Seat 4: 6d4b908c ($10.43 in chips)
Seat 6: efbf2d5a ($30.45 in chips)
efbf2d5a: posts small blind $0.05
10de5b2b: posts big blind $0.1
*** HOLE CARDS ***
Dealt to 10de5b2b 
Dealt to Hero [8c 3s]
Dealt to 6d4b908c 
Dealt to efbf2d5a 
Hero: folds
6d4b908c: folds
efbf2d5a: calls $0.05
10de5b2b: raises $0.2 to $0.3
efbf2d5a: folds
Uncalled bet ($0.2) returned to 10de5b2b
*** SHOWDOWN ***
10de5b2b collected $0.2 from pot
*** SUMMARY ***
Total pot $0.2 | Rake $0 | Jackpot $0 | Bingo $0 | Fortune $0 | Tax $0
Seat 2: 10de5b2b (big blind) collected ($0.2)
Seat 3: Hero folded before Flop (didn't bet)
Seat 4: 6d4b908c (button) folded before Flop (didn't bet)
Seat 6: efbf2d5a (small blind) folded before Flop


Poker Hand #HD1806688738: Hold'em No Limit ($0.05/$0.1) - 2024/06/08 15:35:44
Table 'NLHRed19' 6-max Seat #3 is the button
Seat 2: 10de5b2b ($19.6 in chips)
Seat 3: Hero ($10.15 in chips)
Seat 4: 6d4b908c ($10.48 in chips)
Seat 6: efbf2d5a ($25.8 in chips)
6d4b908c: posts small blind $0.05
efbf2d5a: posts big blind $0.1
*** HOLE CARDS ***
Dealt to 10de5b2b 
Dealt to Hero [6d 6s]
Dealt to 6d4b908c 
Dealt to efbf2d5a 
10de5b2b: folds
Hero: raises $0.14 to $0.24
6d4b908c: folds
efbf2d5a: calls $0.14
*** FLOP *** [8h 5c 9d]
efbf2d5a: checks
Hero: checks
*** TURN *** [8h 5c 9d] [7s]
efbf2d5a: checks
Hero: bets $0.1
efbf2d5a: raises $1.02 to $1.12
Hero: calls $1.02
*** RIVER *** [8h 5c 9d 7s] [3d]
efbf2d5a: bets $3.86
Hero: calls $3.86
efbf2d5a: shows [Jc Td] (Jacks-High Straight)
Hero: shows [6d 6s] (Nines-High Straight)
*** SHOWDOWN ***
efbf2d5a collected $9.87 from pot
*** SUMMARY ***
Total pot $10.49 | Rake $0.52 | Jackpot $0.1 | Bingo $0 | Fortune $0 | Tax $0
Board [8h 5c 9d 7s 3d]
Seat 2: 10de5b2b folded before Flop (didn't bet)
Seat 3: Hero (button) showed [6d 6s] and lost with Nines-High Straight
Seat 4: 6d4b908c (small blind) folded before Flop
Seat 6: efbf2d5a (big blind) showed [Jc Td] and won ($9.87) with Jacks-High Straight


Poker Hand #HD1806688716: Hold'em No Limit ($0.05/$0.1) - 2024/06/08 15:35:32
Table 'NLHRed19' 6-max Seat #2 is the button
Seat 2: 10de5b2b ($19.6 in chips)
Seat 3: Hero ($10.05 in chips)
Seat 4: 6d4b908c ($10.58 in chips)
Seat 6: efbf2d5a ($25.8 in chips)
Hero: posts small blind $0.05
6d4b908c: posts big blind $0.1
*** HOLE CARDS ***
Dealt to 10de5b2b 
Dealt to Hero [Jd Ts]
Dealt to 6d4b908c 
Dealt to efbf2d5a 
efbf2d5a: folds
10de5b2b: folds
Hero: raises $0.2 to $0.3
6d4b908c: folds
Uncalled bet ($0.2) returned to Hero
*** SHOWDOWN ***
Hero collected $0.2 from pot
*** SUMMARY ***
Total pot $0.2 | Rake $0 | Jackpot $0 | Bingo $0 | Fortune $0 | Tax $0
Seat 2: 10de5b2b (button) folded before Flop (didn't bet)
Seat 3: Hero (small blind) collected ($0.2)
Seat 4: 6d4b908c (big blind) folded before Flop
Seat 6: efbf2d5a folded before Flop (didn't bet)


Poker Hand #HD1806688702: Hold'em No Limit ($0.05/$0.1) - 2024/06/08 15:35:22
Table 'NLHRed19' 6-max Seat #6 is the button
Seat 2: 10de5b2b ($19.65 in chips)
Seat 3: Hero ($10 in chips)
Seat 4: 6d4b908c ($10.58 in chips)
Seat 6: efbf2d5a ($25.8 in chips)
10de5b2b: posts small blind $0.05
Hero: posts big blind $0.1
*** HOLE CARDS ***
Dealt to 10de5b2b 
Dealt to Hero [Jc 5c]
Dealt to 6d4b908c 
Dealt to efbf2d5a 
6d4b908c: folds
efbf2d5a: folds
10de5b2b: folds
Uncalled bet ($0.05) returned to Hero
*** SHOWDOWN ***
Hero collected $0.1 from pot
*** SUMMARY ***
Total pot $0.1 | Rake $0 | Jackpot $0 | Bingo $0 | Fortune $0 | Tax $0
Seat 2: 10de5b2b (small blind) folded before Flop
Seat 3: Hero (big blind) collected ($0.1)
Seat 4: 6d4b908c folded before Flop (didn't bet)
Seat 6: efbf2d5a (button) folded before Flop (didn't bet)


Poker Hand #HD1806688649: Hold'em No Limit ($0.05/$0.1) - 2024/06/08 15:34:52
Table 'NLHRed19' 6-max Seat #4 is the button
Seat 2: 10de5b2b ($19.42 in chips)
Seat 3: Hero ($10 in chips)
Seat 4: 6d4b908c ($10.58 in chips)
Seat 6: efbf2d5a ($25.85 in chips)
efbf2d5a: posts small blind $0.05
10de5b2b: posts big blind $0.1
*** HOLE CARDS ***
Dealt to 10de5b2b 
Dealt to Hero [Ks Js]
Dealt to 6d4b908c 
Dealt to efbf2d5a 
Hero: raises $0.1 to $0.2
6d4b908c: folds
efbf2d5a: folds
10de5b2b: calls $0.1
*** FLOP *** [8d Qc 3d]
10de5b2b: bets $0.23
Hero: folds
Uncalled bet ($0.23) returned to 10de5b2b
*** SHOWDOWN ***
10de5b2b collected $0.43 from pot
*** SUMMARY ***
Total pot $0.45 | Rake $0.02 | Jackpot $0 | Bingo $0 | Fortune $0 | Tax $0
Board [8d Qc 3d]
Seat 2: 10de5b2b (big blind) won ($0.43)
Seat 3: Hero folded on the Flop
Seat 4: 6d4b908c (button) folded before Flop (didn't bet)
Seat 6: efbf2d5a (small blind) folded before Flop


Poker Hand #HD1806688631: Hold'em No Limit ($0.05/$0.1) - 2024/06/08 15:34:41
Table 'NLHRed19' 6-max Seat #3 is the button
Seat 2: 10de5b2b ($19.42 in chips)
Seat 3: Hero ($10 in chips)
Seat 4: 6d4b908c ($10.48 in chips)
Seat 6: efbf2d5a ($25.95 in chips)
6d4b908c: posts small blind $0.05
efbf2d5a: posts big blind $0.1
*** HOLE CARDS ***
Dealt to 10de5b2b 
Dealt to Hero [7h 5d]
Dealt to 6d4b908c 
Dealt to efbf2d5a 
10de5b2b: folds
Hero: folds
6d4b908c: raises $0.2 to $0.3
efbf2d5a: folds
Uncalled bet ($0.2) returned to 6d4b908c
*** SHOWDOWN ***
6d4b908c collected $0.2 from pot
*** SUMMARY ***
Total pot $0.2 | Rake $0 | Jackpot $0 | Bingo $0 | Fortune $0 | Tax $0
Seat 2: 10de5b2b folded before Flop (didn't bet)
Seat 3: Hero (button) folded before Flop (didn't bet)
Seat 4: 6d4b908c (small blind) collected ($0.2)
Seat 6: efbf2d5a (big blind) folded before Flop


Poker Hand #HD1806688619: Hold'em No Limit ($0.05/$0.1) - 2024/06/08 15:34:33
Table 'NLHRed19' 6-max Seat #2 is the button
Seat 2: 10de5b2b ($19.42 in chips)
Seat 3: Hero ($10 in chips)
Seat 4: 6d4b908c ($10.43 in chips)
Seat 6: efbf2d5a ($25.95 in chips)
Hero: posts small blind $0.05
6d4b908c: posts big blind $0.1
*** HOLE CARDS ***
Dealt to 10de5b2b 
Dealt to Hero [Ah 2s]
Dealt to 6d4b908c 
Dealt to efbf2d5a 
efbf2d5a: folds
10de5b2b: folds
Hero: folds
Uncalled bet ($0.05) returned to 6d4b908c
*** SHOWDOWN ***
6d4b908c collected $0.1 from pot
*** SUMMARY ***
Total pot $0.1 | Rake $0 | Jackpot $0 | Bingo $0 | Fortune $0 | Tax $0
Seat 2: 10de5b2b (button) folded before Flop (didn't bet)
Seat 3: Hero (small blind) folded before Flop
Seat 4: 6d4b908c (big blind) collected ($0.1)
Seat 6: efbf2d5a folded before Flop (didn't bet)


Poker Hand #HD1806688566: Hold'em No Limit ($0.05/$0.1) - 2024/06/08 15:34:03
Table 'NLHRed19' 6-max Seat #6 is the button
Seat 2: 10de5b2b ($19.62 in chips)
Seat 3: Hero ($10 in chips)
Seat 4: 6d4b908c ($10.15 in chips)
Seat 6: efbf2d5a ($25.95 in chips)
10de5b2b: posts small blind $0.05
Hero: posts big blind $0.1
*** HOLE CARDS ***
Dealt to 10de5b2b 
Dealt to Hero [2h Tc]
Dealt to 6d4b908c 
Dealt to efbf2d5a 
6d4b908c: raises $0.1 to $0.2
efbf2d5a: folds
10de5b2b: calls $0.15
Hero: folds
*** FLOP *** [9d 6s Qh]
10de5b2b: checks
6d4b908c: bets $0.25
10de5b2b: folds
Uncalled bet ($0.25) returned to 6d4b908c
*** SHOWDOWN ***
6d4b908c collected $0.48 from pot
*** SUMMARY ***
Total pot $0.5 | Rake $0.02 | Jackpot $0 | Bingo $0 | Fortune $0 | Tax $0
Board [9d 6s Qh]
Seat 2: 10de5b2b (small blind) folded on the Flop
Seat 3: Hero (big blind) folded before Flop
Seat 4: 6d4b908c won ($0.48)
Seat 6: efbf2d5a (button) folded before Flop (didn't bet)


Poker Hand #HD1806688546: Hold'em No Limit ($0.05/$0.1) - 2024/06/08 15:33:49
Table 'NLHRed19' 6-max Seat #4 is the button
Seat 2: 10de5b2b ($19.72 in chips)
Seat 3: Hero ($10 in chips)
Seat 4: 6d4b908c ($10 in chips)
Seat 6: efbf2d5a ($26 in chips)
efbf2d5a: posts small blind $0.05
10de5b2b: posts big blind $0.1
*** HOLE CARDS ***
Dealt to 10de5b2b 
Dealt to Hero [6d 7s]
Dealt to 6d4b908c 
Dealt to efbf2d5a 
Hero: folds
6d4b908c: raises $0.15 to $0.25
efbf2d5a: folds
10de5b2b: folds
Uncalled bet ($0.15) returned to 6d4b908c
*** SHOWDOWN ***
6d4b908c collected $0.25 from pot
*** SUMMARY ***
Total pot $0.25 | Rake $0 | Jackpot $0 | Bingo $0 | Fortune $0 | Tax $0
Seat 2: 10de5b2b (big blind) folded before Flop
Seat 3: Hero folded before Flop (didn't bet)
Seat 4: 6d4b908c (button) collected ($0.25)
Seat 6: efbf2d5a (small blind) folded before Flop


Poker Hand #HD1806688489: Hold'em No Limit ($0.05/$0.1) - 2024/06/08 15:33:12
Table 'NLHRed19' 6-max Seat #3 is the button
Seat 1: da80e704 ($10.12 in chips)
Seat 2: 10de5b2b ($19.72 in chips)
Seat 3: Hero ($10 in chips)
Seat 4: 6d4b908c ($10 in chips)
Seat 6: efbf2d5a ($25.55 in chips)
6d4b908c: posts small blind $0.05
efbf2d5a: posts big blind $0.1
*** HOLE CARDS ***
Dealt to da80e704 
Dealt to 10de5b2b 
Dealt to Hero [7s 5d]
Dealt to 6d4b908c 
Dealt to efbf2d5a 
da80e704: raises $0.15 to $0.25
10de5b2b: folds
Hero: folds
6d4b908c: folds
efbf2d5a: calls $0.15
*** FLOP *** [8s Jh 6h]
efbf2d5a: checks
da80e704: bets $0.19
efbf2d5a: raises $0.31 to $0.5
da80e704: folds
Uncalled bet ($0.31) returned to efbf2d5a
*** SHOWDOWN ***
efbf2d5a collected $0.89 from pot
*** SUMMARY ***
Total pot $0.93 | Rake $0.04 | Jackpot $0 | Bingo $0 | Fortune $0 | Tax $0
Board [8s Jh 6h]
Seat 1: da80e704 folded on the Flop
Seat 2: 10de5b2b folded before Flop (didn't bet)
Seat 3: Hero (button) folded before Flop (didn't bet)
Seat 4: 6d4b908c (small blind) folded before Flop
Seat 6: efbf2d5a (big blind) won ($0.89)


Poker Hand #HD1806688461: Hold'em No Limit ($0.05/$0.1) - 2024/06/08 15:32:57
Table 'NLHRed19' 6-max Seat #2 is the button
Seat 1: da80e704 ($10.12 in chips)
Seat 2: 10de5b2b ($19.57 in chips)
Seat 3: Hero ($10 in chips)
Seat 4: 6d4b908c ($10 in chips)
Seat 6: efbf2d5a ($25.55 in chips)
Hero: posts small blind $0.05
6d4b908c: posts big blind $0.1
*** HOLE CARDS ***
Dealt to da80e704 
Dealt to 10de5b2b 
Dealt to Hero [5s Th]
Dealt to 6d4b908c 
Dealt to efbf2d5a 
efbf2d5a: folds
da80e704: folds
10de5b2b: raises $0.1 to $0.2
Hero: folds
6d4b908c: folds
Uncalled bet ($0.1) returned to 10de5b2b
*** SHOWDOWN ***
10de5b2b collected $0.25 from pot
*** SUMMARY ***
Total pot $0.25 | Rake $0 | Jackpot $0 | Bingo $0 | Fortune $0 | Tax $0
Seat 1: da80e704 folded before Flop (didn't bet)
Seat 2: 10de5b2b (button) collected ($0.25)
Seat 3: Hero (small blind) folded before Flop
Seat 4: 6d4b908c (big blind) folded before Flop
Seat 6: efbf2d5a folded before Flop (didn't bet)


Poker Hand #HD1806688293: Hold'em No Limit ($0.05/$0.1) - 2024/06/08 15:31:14
Table 'NLHRed19' 6-max Seat #1 is the button
Seat 1: da80e704 ($10.37 in chips)
Seat 2: 10de5b2b ($10.21 in chips)
Seat 3: Hero ($11.34 in chips)
Seat 4: 6d4b908c ($10 in chips)
Seat 6: efbf2d5a ($25.55 in chips)
10de5b2b: posts small blind $0.05
Hero: posts big blind $0.1
*** HOLE CARDS ***
Dealt to da80e704 
Dealt to 10de5b2b 
Dealt to Hero [Ad Kd]
Dealt to 6d4b908c 
Dealt to efbf2d5a 
6d4b908c: folds
efbf2d5a: folds
da80e704: raises $0.15 to $0.25
10de5b2b: raises $0.3 to $0.55
Hero: raises $0.95 to $1.5
da80e704: folds
10de5b2b: calls $0.95
*** FLOP *** [Qc 9c 7s]
10de5b2b: checks
Hero: bets $0.8
10de5b2b: calls $0.8
*** TURN *** [Qc 9c 7s] [3d]
10de5b2b: checks
Hero: bets $2.2
10de5b2b: calls $2.2
*** RIVER *** [Qc 9c 7s 3d] [7d]
10de5b2b: checks
Hero: bets $6.84 and is all-in
10de5b2b: calls $5.71 and is all-in
Uncalled bet ($1.13) returned to Hero
Hero: shows [Ad Kd] (Pair of Sevens)
10de5b2b: shows [Th Ts] (Pair of Tens and Pair of Sevens)
*** SHOWDOWN ***
10de5b2b collected $19.57 from pot
*** SUMMARY ***
Total pot $20.67 | Rake $1 | Jackpot $0.1 | Bingo $0 | Fortune $0 | Tax $0
Board [Qc 9c 7s 3d 7d]
Seat 1: da80e704 (button) folded before Flop
Seat 2: 10de5b2b (small blind) showed [Th Ts] and won ($19.57) with Pair of Tens and Pair of Sevens
Seat 3: Hero (big blind) showed [Ad Kd] and lost with Pair of Sevens
Seat 4: 6d4b908c folded before Flop (didn't bet)
Seat 6: efbf2d5a folded before Flop (didn't bet)


Poker Hand #HD1806688194: Hold'em No Limit ($0.05/$0.1) - 2024/06/08 15:30:15
Table 'NLHRed19' 6-max Seat #6 is the button
Seat 1: da80e704 ($10.42 in chips)
Seat 2: 10de5b2b ($9.76 in chips)
Seat 3: Hero ($11.34 in chips)
Seat 4: 6d4b908c ($10 in chips)
Seat 6: efbf2d5a ($25.99 in chips)
da80e704: posts small blind $0.05
10de5b2b: posts big blind $0.1
*** HOLE CARDS ***
Dealt to da80e704 
Dealt to 10de5b2b 
Dealt to Hero [9c 3c]
Dealt to 6d4b908c 
Dealt to efbf2d5a 
Hero: folds
6d4b908c: folds
efbf2d5a: raises $0.15 to $0.25
da80e704: folds
10de5b2b: calls $0.15
*** FLOP *** [9h 5s 8s]
10de5b2b: checks
efbf2d5a: bets $0.19
10de5b2b: calls $0.19
*** TURN *** [9h 5s 8s] [Js]
10de5b2b: checks
efbf2d5a: checks
*** RIVER *** [9h 5s 8s Js] [4h]
10de5b2b: checks
efbf2d5a: checks
10de5b2b: shows [5c As] (Pair of Fives)
efbf2d5a: shows [Ac 7s] (Ace-High)
*** SHOWDOWN ***
10de5b2b collected $0.89 from pot
*** SUMMARY ***
Total pot $0.93 | Rake $0.04 | Jackpot $0 | Bingo $0 | Fortune $0 | Tax $0
Board [9h 5s 8s Js 4h]
Seat 1: da80e704 (small blind) folded before Flop
Seat 2: 10de5b2b (big blind) showed [5c As] and won ($0.89) with Pair of Fives
Seat 3: Hero folded before Flop (didn't bet)
Seat 4: 6d4b908c folded before Flop (didn't bet)
Seat 6: efbf2d5a (button) showed [Ac 7s] and lost with Ace-High


Poker Hand #HD1806688141: Hold'em No Limit ($0.05/$0.1) - 2024/06/08 15:29:43
Table 'NLHRed19' 6-max Seat #4 is the button
Seat 1: da80e704 ($10.15 in chips)
Seat 2: 10de5b2b ($9.76 in chips)
Seat 3: Hero ($11.34 in chips)
Seat 4: 6d4b908c ($10 in chips)
Seat 6: efbf2d5a ($26.29 in chips)
efbf2d5a: posts small blind $0.05
da80e704: posts big blind $0.1
*** HOLE CARDS ***
Dealt to da80e704 
Dealt to 10de5b2b 
Dealt to Hero [3s 2h]
Dealt to 6d4b908c 
Dealt to efbf2d5a 
10de5b2b: folds
Hero: folds
6d4b908c: folds
efbf2d5a: raises $0.2 to $0.3
da80e704: raises $0.6 to $0.9
efbf2d5a: folds
Uncalled bet ($0.6) returned to da80e704
*** SHOWDOWN ***
da80e704 collected $0.57 from pot
*** SUMMARY ***
Total pot $0.6 | Rake $0.03 | Jackpot $0 | Bingo $0 | Fortune $0 | Tax $0
Seat 1: da80e704 (big blind) collected ($0.57)
Seat 2: 10de5b2b folded before Flop (didn't bet)
Seat 3: Hero folded before Flop (didn't bet)
Seat 4: 6d4b908c (button) folded before Flop (didn't bet)
Seat 6: efbf2d5a (small blind) folded before Flop


Poker Hand #HD1806688121: Hold'em No Limit ($0.05/$0.1) - 2024/06/08 15:29:33
Table 'NLHRed19' 6-max Seat #3 is the button
Seat 1: da80e704 ($10.15 in chips)
Seat 2: 10de5b2b ($9.76 in chips)
Seat 3: Hero ($11.34 in chips)
Seat 4: 6d4b908c ($10 in chips)
Seat 6: efbf2d5a ($26.24 in chips)
6d4b908c: posts small blind $0.05
efbf2d5a: posts big blind $0.1
*** HOLE CARDS ***
Dealt to da80e704 
Dealt to 10de5b2b 
Dealt to Hero [4s 2h]
Dealt to 6d4b908c 
Dealt to efbf2d5a 
da80e704: folds
10de5b2b: folds
Hero: folds
6d4b908c: folds
Uncalled bet ($0.05) returned to efbf2d5a
*** SHOWDOWN ***
efbf2d5a collected $0.1 from pot
*** SUMMARY ***
Total pot $0.1 | Rake $0 | Jackpot $0 | Bingo $0 | Fortune $0 | Tax $0
Seat 1: da80e704 folded before Flop (didn't bet)
Seat 2: 10de5b2b folded before Flop (didn't bet)
Seat 3: Hero (button) folded before Flop (didn't bet)
Seat 4: 6d4b908c (small blind) folded before Flop
Seat 6: efbf2d5a (big blind) collected ($0.1)


Poker Hand #HD1806688094: Hold'em No Limit ($0.05/$0.1) - 2024/06/08 15:29:11
Table 'NLHRed19' 6-max Seat #2 is the button
Seat 1: da80e704 ($10 in chips)
Seat 2: 10de5b2b ($9.76 in chips)
Seat 3: Hero ($11.39 in chips)
Seat 4: 6d4b908c ($10 in chips)
Seat 5: 7d8706ec ($10.54 in chips)
Seat 6: efbf2d5a ($26.24 in chips)
Hero: posts small blind $0.05
6d4b908c: posts big blind $0.1
*** HOLE CARDS ***
Dealt to da80e704 
Dealt to 10de5b2b 
Dealt to Hero [5d 7d]
Dealt to 6d4b908c 
Dealt to 7d8706ec 
Dealt to efbf2d5a 
7d8706ec: folds
efbf2d5a: folds
da80e704: raises $0.15 to $0.25
10de5b2b: folds
Hero: folds
6d4b908c: folds
Uncalled bet ($0.15) returned to da80e704
*** SHOWDOWN ***
da80e704 collected $0.25 from pot
*** SUMMARY ***
Total pot $0.25 | Rake $0 | Jackpot $0 | Bingo $0 | Fortune $0 | Tax $0
Seat 1: da80e704 collected ($0.25)
Seat 2: 10de5b2b (button) folded before Flop (didn't bet)
Seat 3: Hero (small blind) folded before Flop
Seat 4: 6d4b908c (big blind) folded before Flop
Seat 5: 7d8706ec folded before Flop (didn't bet)
Seat 6: efbf2d5a folded before Flop (didn't bet)


Poker Hand #HD1806688069: Hold'em No Limit ($0.05/$0.1) - 2024/06/08 15:28:56
Table 'NLHRed19' 6-max Seat #1 is the button
Seat 1: da80e704 ($10 in chips)
Seat 2: 10de5b2b ($9.86 in chips)
Seat 3: Hero ($11.29 in chips)
Seat 5: 7d8706ec ($10.54 in chips)
Seat 6: efbf2d5a ($26.24 in chips)
10de5b2b: posts small blind $0.05
Hero: posts big blind $0.1
*** HOLE CARDS ***
Dealt to da80e704 
Dealt to 10de5b2b 
Dealt to Hero [Jc Kh]
Dealt to 7d8706ec 
Dealt to efbf2d5a 
7d8706ec: folds
efbf2d5a: folds
da80e704: folds
10de5b2b: calls $0.05
Hero: raises $0.3 to $0.4
10de5b2b: folds
Uncalled bet ($0.3) returned to Hero
*** SHOWDOWN ***
Hero collected $0.2 from pot
*** SUMMARY ***
Total pot $0.2 | Rake $0 | Jackpot $0 | Bingo $0 | Fortune $0 | Tax $0
Seat 1: da80e704 (button) folded before Flop (didn't bet)
Seat 2: 10de5b2b (small blind) folded before Flop
Seat 3: Hero (big blind) collected ($0.2)
Seat 5: 7d8706ec folded before Flop (didn't bet)
Seat 6: efbf2d5a folded before Flop (didn't bet)


Poker Hand #HD1806688022: Hold'em No Limit ($0.05/$0.1) - 2024/06/08 15:28:27
Table 'NLHRed19' 6-max Seat #6 is the button
Seat 1: da80e704 ($10.04 in chips)
Seat 2: 10de5b2b ($9.96 in chips)
Seat 3: Hero ($11.29 in chips)
Seat 5: 7d8706ec ($10.54 in chips)
Seat 6: efbf2d5a ($26.09 in chips)
da80e704: posts small blind $0.05
10de5b2b: posts big blind $0.1
*** HOLE CARDS ***
Dealt to da80e704 
Dealt to 10de5b2b 
Dealt to Hero [Kh 7s]
Dealt to 7d8706ec 
Dealt to efbf2d5a 
Hero: folds
7d8706ec: folds
efbf2d5a: raises $0.15 to $0.25
da80e704: folds
10de5b2b: folds
Uncalled bet ($0.15) returned to efbf2d5a
*** SHOWDOWN ***
efbf2d5a collected $0.25 from pot
*** SUMMARY ***
Total pot $0.25 | Rake $0 | Jackpot $0 | Bingo $0 | Fortune $0 | Tax $0
Seat 1: da80e704 (small blind) folded before Flop
Seat 2: 10de5b2b (big blind) folded before Flop
Seat 3: Hero folded before Flop (didn't bet)
Seat 5: 7d8706ec folded before Flop (didn't bet)
Seat 6: efbf2d5a (button) collected ($0.25)


Poker Hand #HD1806687974: Hold'em No Limit ($0.05/$0.1) - 2024/06/08 15:28:01
Table 'NLHRed19' 6-max Seat #5 is the button
Seat 1: da80e704 ($10.14 in chips)
Seat 2: 10de5b2b ($9.96 in chips)
Seat 3: Hero ($11.29 in chips)
Seat 5: 7d8706ec ($10.84 in chips)
Seat 6: efbf2d5a ($25.72 in chips)
efbf2d5a: posts small blind $0.05
da80e704: posts big blind $0.1
*** HOLE CARDS ***
Dealt to da80e704 
Dealt to 10de5b2b 
Dealt to Hero [8s 6d]
Dealt to 7d8706ec 
Dealt to efbf2d5a 
10de5b2b: folds
Hero: folds
7d8706ec: raises $0.2 to $0.3
efbf2d5a: raises $0.9 to $1.2
da80e704: folds
7d8706ec: folds
Uncalled bet ($0.9) returned to efbf2d5a
*** SHOWDOWN ***
efbf2d5a collected $0.67 from pot
*** SUMMARY ***
Total pot $0.7 | Rake $0.03 | Jackpot $0 | Bingo $0 | Fortune $0 | Tax $0
Seat 1: da80e704 (big blind) folded before Flop
Seat 2: 10de5b2b folded before Flop (didn't bet)
Seat 3: Hero folded before Flop (didn't bet)
Seat 5: 7d8706ec (button) folded before Flop
Seat 6: efbf2d5a (small blind) collected ($0.67)


Poker Hand #HD1806687926: Hold'em No Limit ($0.05/$0.1) - 2024/06/08 15:27:33
Table 'NLHRed19' 6-max Seat #3 is the button
Seat 1: da80e704 ($10.14 in chips)
Seat 2: 10de5b2b ($10.16 in chips)
Seat 3: Hero ($11.29 in chips)
Seat 5: 7d8706ec ($10.56 in chips)
Seat 6: efbf2d5a ($25.82 in chips)
7d8706ec: posts small blind $0.05
efbf2d5a: posts big blind $0.1
*** HOLE CARDS ***
Dealt to da80e704 
Dealt to 10de5b2b 
Dealt to Hero [3d 7d]
Dealt to 7d8706ec 
Dealt to efbf2d5a 
da80e704: folds
10de5b2b: raises $0.1 to $0.2
Hero: folds
7d8706ec: raises $0.5 to $0.7
efbf2d5a: folds
10de5b2b: folds
Uncalled bet ($0.5) returned to 7d8706ec
*** SHOWDOWN ***
7d8706ec collected $0.48 from pot
*** SUMMARY ***
Total pot $0.5 | Rake $0.02 | Jackpot $0 | Bingo $0 | Fortune $0 | Tax $0
Seat 1: da80e704 folded before Flop (didn't bet)
Seat 2: 10de5b2b folded before Flop
Seat 3: Hero (button) folded before Flop (didn't bet)
Seat 5: 7d8706ec (small blind) collected ($0.48)
Seat 6: efbf2d5a (big blind) folded before Flop


Poker Hand #HD1806687900: Hold'em No Limit ($0.05/$0.1) - 2024/06/08 15:27:21
Table 'NLHRed19' 6-max Seat #2 is the button
Seat 1: da80e704 ($10.14 in chips)
Seat 2: 10de5b2b ($10.01 in chips)
Seat 3: Hero ($11.34 in chips)
Seat 5: 7d8706ec ($10.66 in chips)
Seat 6: efbf2d5a ($25.82 in chips)
Hero: posts small blind $0.05
7d8706ec: posts big blind $0.1
*** HOLE CARDS ***
Dealt to da80e704 
Dealt to 10de5b2b 
Dealt to Hero [Kc 6d]
Dealt to 7d8706ec 
Dealt to efbf2d5a 
efbf2d5a: folds
da80e704: folds
10de5b2b: raises $0.2 to $0.3
Hero: folds
7d8706ec: folds
Uncalled bet ($0.2) returned to 10de5b2b
*** SHOWDOWN ***
10de5b2b collected $0.25 from pot
*** SUMMARY ***
Total pot $0.25 | Rake $0 | Jackpot $0 | Bingo $0 | Fortune $0 | Tax $0
Seat 1: da80e704 folded before Flop (didn't bet)
Seat 2: 10de5b2b (button) collected ($0.25)
Seat 3: Hero (small blind) folded before Flop
Seat 5: 7d8706ec (big blind) folded before Flop
Seat 6: efbf2d5a folded before Flop (didn't bet)


Poker Hand #HD1806687889: Hold'em No Limit ($0.05/$0.1) - 2024/06/08 15:27:12
Table 'NLHRed19' 6-max Seat #1 is the button
Seat 1: da80e704 ($10.14 in chips)
Seat 2: 10de5b2b ($10.06 in chips)
Seat 3: Hero ($11.29 in chips)
Seat 5: 7d8706ec ($10.66 in chips)
Seat 6: efbf2d5a ($25.82 in chips)
10de5b2b: posts small blind $0.05
Hero: posts big blind $0.1
*** HOLE CARDS ***
Dealt to da80e704 
Dealt to 10de5b2b 
Dealt to Hero [7d 8h]
Dealt to 7d8706ec 
Dealt to efbf2d5a 
7d8706ec: folds
efbf2d5a: folds
da80e704: folds
10de5b2b: folds
Uncalled bet ($0.05) returned to Hero
*** SHOWDOWN ***
Hero collected $0.1 from pot
*** SUMMARY ***
Total pot $0.1 | Rake $0 | Jackpot $0 | Bingo $0 | Fortune $0 | Tax $0
Seat 1: da80e704 (button) folded before Flop (didn't bet)
Seat 2: 10de5b2b (small blind) folded before Flop
Seat 3: Hero (big blind) collected ($0.1)
Seat 5: 7d8706ec folded before Flop (didn't bet)
Seat 6: efbf2d5a folded before Flop (didn't bet)


Poker Hand #HD1806687861: Hold'em No Limit ($0.05/$0.1) - 2024/06/08 15:26:55
Table 'NLHRed19' 6-max Seat #6 is the button
Seat 1: da80e704 ($10.19 in chips)
Seat 2: 10de5b2b ($10.01 in chips)
Seat 3: Hero ($11.29 in chips)
Seat 5: 7d8706ec ($10.66 in chips)
Seat 6: efbf2d5a ($25.82 in chips)
da80e704: posts small blind $0.05
10de5b2b: posts big blind $0.1
*** HOLE CARDS ***
Dealt to da80e704 
Dealt to 10de5b2b 
Dealt to Hero [Ac 2d]
Dealt to 7d8706ec 
Dealt to efbf2d5a 
Hero: folds
7d8706ec: folds
efbf2d5a: folds
da80e704: folds
Uncalled bet ($0.05) returned to 10de5b2b
*** SHOWDOWN ***
10de5b2b collected $0.1 from pot
*** SUMMARY ***
Total pot $0.1 | Rake $0 | Jackpot $0 | Bingo $0 | Fortune $0 | Tax $0
Seat 1: da80e704 (small blind) folded before Flop
Seat 2: 10de5b2b (big blind) collected ($0.1)
Seat 3: Hero folded before Flop (didn't bet)
Seat 5: 7d8706ec folded before Flop (didn't bet)
Seat 6: efbf2d5a (button) folded before Flop (didn't bet)


Poker Hand #HD1806687788: Hold'em No Limit ($0.05/$0.1) - 2024/06/08 15:26:03
Table 'NLHRed19' 6-max Seat #5 is the button
Seat 1: da80e704 ($10.39 in chips)
Seat 2: 10de5b2b ($10.01 in chips)
Seat 3: Hero ($11.29 in chips)
Seat 4: 19681700 ($12.92 in chips)
Seat 5: 7d8706ec ($10.66 in chips)
Seat 6: efbf2d5a ($25.87 in chips)
efbf2d5a: posts small blind $0.05
da80e704: posts big blind $0.1
*** HOLE CARDS ***
Dealt to da80e704 
Dealt to 10de5b2b 
Dealt to Hero [2c 3d]
Dealt to 19681700 
Dealt to 7d8706ec 
Dealt to efbf2d5a 
10de5b2b: folds
Hero: folds
19681700: calls $0.1
7d8706ec: folds
efbf2d5a: folds
da80e704: checks
*** FLOP *** [Qs 8d 6c]
da80e704: checks
19681700: checks
*** TURN *** [Qs 8d 6c] [9s]
da80e704: checks
19681700: checks
*** RIVER *** [Qs 8d 6c 9s] [4c]
da80e704: bets $0.1
19681700: raises $0.23 to $0.33
da80e704: folds
Uncalled bet ($0.23) returned to 19681700
*** SHOWDOWN ***
19681700 collected $0.43 from pot
*** SUMMARY ***
Total pot $0.45 | Rake $0.02 | Jackpot $0 | Bingo $0 | Fortune $0 | Tax $0
Board [Qs 8d 6c 9s 4c]
Seat 1: da80e704 (big blind) folded on the River
Seat 2: 10de5b2b folded before Flop (didn't bet)
Seat 3: Hero folded before Flop (didn't bet)
Seat 4: 19681700 won ($0.43)
Seat 5: 7d8706ec (button) folded before Flop (didn't bet)
Seat 6: efbf2d5a (small blind) folded before Flop


Poker Hand #HD1806687703: Hold'em No Limit ($0.05/$0.1) - 2024/06/08 15:25:10
Table 'NLHRed19' 6-max Seat #4 is the button
Seat 1: da80e704 ($10.39 in chips)
Seat 2: 10de5b2b ($10.01 in chips)
Seat 3: Hero ($10 in chips)
Seat 4: 19681700 ($12.92 in chips)
Seat 5: 7d8706ec ($11.98 in chips)
Seat 6: efbf2d5a ($25.97 in chips)
7d8706ec: posts small blind $0.05
efbf2d5a: posts big blind $0.1
*** HOLE CARDS ***
Dealt to da80e704 
Dealt to 10de5b2b 
Dealt to Hero [Ks Jd]
Dealt to 19681700 
Dealt to 7d8706ec 
Dealt to efbf2d5a 
da80e704: folds
10de5b2b: folds
Hero: raises $0.14 to $0.24
19681700: folds
7d8706ec: calls $0.19
efbf2d5a: folds
*** FLOP *** [8c 8d Js]
7d8706ec: checks
Hero: checks
*** TURN *** [8c 8d Js] [2c]
7d8706ec: checks
Hero: bets $0.3
7d8706ec: calls $0.3
*** RIVER *** [8c 8d Js 2c] [6h]
7d8706ec: checks
Hero: bets $0.78
7d8706ec: calls $0.78
Hero: shows [Ks Jd] (Pair of Jacks and Pair of Eights)
7d8706ec: shows [Jh Qh] (Pair of Jacks and Pair of Eights)
*** SHOWDOWN ***
Hero collected $2.61 from pot
*** SUMMARY ***
Total pot $2.74 | Rake $0.13 | Jackpot $0 | Bingo $0 | Fortune $0 | Tax $0
Board [8c 8d Js 2c 6h]
Seat 1: da80e704 folded before Flop (didn't bet)
Seat 2: 10de5b2b folded before Flop (didn't bet)
Seat 3: Hero showed [Ks Jd] and won ($2.61) with Pair of Jacks and Pair of Eights
Seat 4: 19681700 (button) folded before Flop (didn't bet)
Seat 5: 7d8706ec (small blind) showed [Jh Qh] and lost with Pair of Jacks and Pair of Eights
Seat 6: efbf2d5a (big blind) folded before Flop


Poker Hand #HD1806687635: Hold'em No Limit ($0.05/$0.1) - 2024/06/08 15:24:23
Table 'NLHRed19' 6-max Seat #3 is the button
Seat 1: da80e704 ($10.39 in chips)
Seat 2: 10de5b2b ($10.01 in chips)
Seat 3: Hero ($10 in chips)
Seat 4: 19681700 ($14.58 in chips)
Seat 5: 7d8706ec ($10.58 in chips)
Seat 6: efbf2d5a ($25.97 in chips)
19681700: posts small blind $0.05
7d8706ec: posts big blind $0.1
*** HOLE CARDS ***
Dealt to da80e704 
Dealt to 10de5b2b 
Dealt to Hero [5s Jc]
Dealt to 19681700 
Dealt to 7d8706ec 
Dealt to efbf2d5a 
efbf2d5a: folds
da80e704: folds
10de5b2b: folds
Hero: folds
19681700: raises $0.1 to $0.2
7d8706ec: calls $0.1
*** FLOP *** [Ks Jh 6h]
19681700: bets $0.3
7d8706ec: calls $0.3
*** TURN *** [Ks Jh 6h] [2s]
19681700: bets $0.5
7d8706ec: calls $0.5
*** RIVER *** [Ks Jh 6h 2s] [5d]
19681700: bets $0.66
7d8706ec: calls $0.66
19681700: shows [Th Jd] (Pair of Jacks)
7d8706ec: shows [Qs Js] (Pair of Jacks)
*** SHOWDOWN ***
7d8706ec collected $3.06 from pot
*** SUMMARY ***
Total pot $3.32 | Rake $0.16 | Jackpot $0.1 | Bingo $0 | Fortune $0 | Tax $0
Board [Ks Jh 6h 2s 5d]
Seat 1: da80e704 folded before Flop (didn't bet)
Seat 2: 10de5b2b folded before Flop (didn't bet)
Seat 3: Hero (button) folded before Flop (didn't bet)
Seat 4: 19681700 (small blind) showed [Th Jd] and lost with Pair of Jacks
Seat 5: 7d8706ec (big blind) showed [Qs Js] and won ($3.06) with Pair of Jacks
Seat 6: efbf2d5a folded before Flop (didn't bet)


Poker Hand #HD1806687560: Hold'em No Limit ($0.05/$0.1) - 2024/06/08 15:23:34
Table 'NLHRed19' 6-max Seat #2 is the button
Seat 1: da80e704 ($10.24 in chips)
Seat 2: 10de5b2b ($9.87 in chips)
Seat 3: Hero ($10 in chips)
Seat 4: 19681700 ($14.68 in chips)
Seat 5: 7d8706ec ($10.58 in chips)
Seat 6: efbf2d5a ($25.97 in chips)
Hero: posts small blind $0.05
19681700: posts big blind $0.1
*** HOLE CARDS ***
Dealt to da80e704 
Dealt to 10de5b2b 
Dealt to Hero [Js Ts]
Dealt to 19681700 
Dealt to 7d8706ec 
Dealt to efbf2d5a 
7d8706ec: folds
efbf2d5a: folds
da80e704: raises $0.15 to $0.25
10de5b2b: calls $0.25
Hero: calls $0.2
19681700: folds
*** FLOP *** [8c 4s Ac]
Hero: checks
da80e704: checks
10de5b2b: bets $0.29
Hero: folds
da80e704: calls $0.29
*** TURN *** [8c 4s Ac] [3d]
da80e704: checks
10de5b2b: checks
*** RIVER *** [8c 4s Ac 3d] [4c]
da80e704: checks
10de5b2b: checks
da80e704: shows [5d Ad] (Pair of Aces and Pair of Fours)
10de5b2b: shows [6h Ah] (Pair of Aces and Pair of Fours)
*** SHOWDOWN ***
da80e704 collected $0.69 from pot
10de5b2b collected $0.68 from pot
*** SUMMARY ***
Total pot $1.43 | Rake $0.06 | Jackpot $0 | Bingo $0 | Fortune $0 | Tax $0
Board [8c 4s Ac 3d 4c]
Seat 1: da80e704 showed [5d Ad] and won ($0.69) with Pair of Aces and Pair of Fours
Seat 2: 10de5b2b (button) showed [6h Ah] and won ($0.68) with Pair of Aces and Pair of Fours
Seat 3: Hero (small blind) folded on the Flop
Seat 4: 19681700 (big blind) folded before Flop
Seat 5: 7d8706ec folded before Flop (didn't bet)
Seat 6: efbf2d5a folded before Flop (didn't bet)


Poker Hand #HD1806687528: Hold'em No Limit ($0.05/$0.1) - 2024/06/08 15:23:11
Table 'NLHRed19' 6-max Seat #1 is the button
Seat 1: da80e704 ($10 in chips)
Seat 2: 10de5b2b ($9.92 in chips)
Seat 3: Hero ($10 in chips)
Seat 4: 19681700 ($14.78 in chips)
Seat 5: 7d8706ec ($10.58 in chips)
Seat 6: efbf2d5a ($25.97 in chips)
10de5b2b: posts small blind $0.05
Hero: posts big blind $0.1
*** HOLE CARDS ***
Dealt to da80e704 
Dealt to 10de5b2b 
Dealt to Hero [4d Kd]
Dealt to 19681700 
Dealt to 7d8706ec 
Dealt to efbf2d5a 
19681700: calls $0.1
7d8706ec: folds
efbf2d5a: folds
da80e704: raises $0.4 to $0.5
10de5b2b: folds
Hero: folds
19681700: folds
Uncalled bet ($0.4) returned to da80e704
*** SHOWDOWN ***
da80e704 collected $0.34 from pot
*** SUMMARY ***
Total pot $0.35 | Rake $0.01 | Jackpot $0 | Bingo $0 | Fortune $0 | Tax $0
Seat 1: da80e704 (button) collected ($0.34)
Seat 2: 10de5b2b (small blind) folded before Flop
Seat 3: Hero (big blind) folded before Flop
Seat 4: 19681700 folded before Flop
Seat 5: 7d8706ec folded before Flop (didn't bet)
Seat 6: efbf2d5a folded before Flop (didn't bet)


Poker Hand #HD1806687466: Hold'em No Limit ($0.05/$0.1) - 2024/06/08 15:22:39
Table 'NLHRed19' 6-max Seat #6 is the button
Seat 1: da80e704 ($10 in chips)
Seat 2: 10de5b2b ($9.55 in chips)
Seat 3: Hero ($10 in chips)
Seat 4: 19681700 ($15.13 in chips)
Seat 5: 7d8706ec ($10.58 in chips)
Seat 6: efbf2d5a ($25.97 in chips)
da80e704: posts small blind $0.05
10de5b2b: posts big blind $0.1
*** HOLE CARDS ***
Dealt to da80e704 
Dealt to 10de5b2b 
Dealt to Hero [Tc 6h]
Dealt to 19681700 
Dealt to 7d8706ec 
Dealt to efbf2d5a 
Hero: folds
19681700: calls $0.1
7d8706ec: folds
efbf2d5a: folds
da80e704: folds
10de5b2b: raises $0.25 to $0.35
19681700: calls $0.25
*** FLOP *** [6c 8c 8h]
10de5b2b: bets $0.38
19681700: folds
Uncalled bet ($0.38) returned to 10de5b2b
19681700: shows [2c Qh] (Pair of Eights)
*** SHOWDOWN ***
10de5b2b collected $0.72 from pot
*** SUMMARY ***
Total pot $0.75 | Rake $0.03 | Jackpot $0 | Bingo $0 | Fortune $0 | Tax $0
Board [6c 8c 8h]
Seat 1: da80e704 (small blind) folded before Flop
Seat 2: 10de5b2b (big blind) won ($0.72)
Seat 3: Hero folded before Flop (didn't bet)
Seat 4: 19681700 folded on the Flop
Seat 5: 7d8706ec folded before Flop (didn't bet)
Seat 6: efbf2d5a (button) folded before Flop (didn't bet)


Poker Hand #HD1806687402: Hold'em No Limit ($0.05/$0.1) - 2024/06/08 15:21:58
Table 'NLHRed19' 6-max Seat #5 is the button
Seat 1: da80e704 ($10 in chips)
Seat 2: 10de5b2b ($8.63 in chips)
Seat 3: Hero ($10 in chips)
Seat 4: 19681700 ($15.99 in chips)
Seat 5: 7d8706ec ($10.58 in chips)
Seat 6: efbf2d5a ($26.02 in chips)
efbf2d5a: posts small blind $0.05
da80e704: posts big blind $0.1
*** HOLE CARDS ***
Dealt to da80e704 
Dealt to 10de5b2b 
Dealt to Hero [9h 8d]
Dealt to 19681700 
Dealt to 7d8706ec 
Dealt to efbf2d5a 
10de5b2b: raises $0.1 to $0.2
Hero: folds
19681700: calls $0.2
7d8706ec: folds
efbf2d5a: folds
da80e704: folds
*** FLOP *** [Qd Qs 3s]
10de5b2b: checks
19681700: checks
*** TURN *** [Qd Qs 3s] [9c]
10de5b2b: bets $0.19
19681700: calls $0.19
*** RIVER *** [Qd Qs 3s 9c] [Qc]
10de5b2b: bets $0.47
19681700: calls $0.47
10de5b2b: shows [Kd 9d] (Queens Full over Nines)
19681700: shows [7c As] (Three Queens)
*** SHOWDOWN ***
10de5b2b collected $1.78 from pot
*** SUMMARY ***
Total pot $1.87 | Rake $0.09 | Jackpot $0 | Bingo $0 | Fortune $0 | Tax $0
Board [Qd Qs 3s 9c Qc]
Seat 1: da80e704 (big blind) folded before Flop
Seat 2: 10de5b2b showed [Kd 9d] and won ($1.78) with Queens Full over Nines
Seat 3: Hero folded before Flop (didn't bet)
Seat 4: 19681700 showed [7c As] and lost with Three Queens
Seat 5: 7d8706ec (button) folded before Flop (didn't bet)
Seat 6: efbf2d5a (small blind) folded before Flop


Poker Hand #HD1806687304: Hold'em No Limit ($0.05/$0.1) - 2024/06/08 15:20:59
Table 'NLHRed19' 6-max Seat #4 is the button
Seat 1: da80e704 ($10 in chips)
Seat 2: 10de5b2b ($8.63 in chips)
Seat 3: Hero ($10 in chips)
Seat 4: 19681700 ($16.64 in chips)
Seat 5: 7d8706ec ($9.9 in chips)
Seat 6: efbf2d5a ($26.12 in chips)
7d8706ec: posts small blind $0.05
efbf2d5a: posts big blind $0.1
*** HOLE CARDS ***
Dealt to da80e704 
Dealt to 10de5b2b 
Dealt to Hero [7s Ks]
Dealt to 19681700 
Dealt to 7d8706ec 
Dealt to efbf2d5a 
da80e704: folds
10de5b2b: folds
Hero: folds
19681700: calls $0.1
7d8706ec: calls $0.05
efbf2d5a: checks
*** FLOP *** [9s 8s 3c]
7d8706ec: bets $0.15
efbf2d5a: folds
19681700: calls $0.15
*** TURN *** [9s 8s 3c] [2h]
7d8706ec: bets $0.4
19681700: calls $0.4
*** RIVER *** [9s 8s 3c 2h] [9h]
7d8706ec: checks
19681700: checks
7d8706ec: shows [9c Jd] (Three Nines)
19681700: shows [3h Qs] (Pair of Nines and Pair of Treys)
*** SHOWDOWN ***
7d8706ec collected $1.33 from pot
*** SUMMARY ***
Total pot $1.4 | Rake $0.07 | Jackpot $0 | Bingo $0 | Fortune $0 | Tax $0
Board [9s 8s 3c 2h 9h]
Seat 1: da80e704 folded before Flop (didn't bet)
Seat 2: 10de5b2b folded before Flop (didn't bet)
Seat 3: Hero folded before Flop (didn't bet)
Seat 4: 19681700 (button) showed [3h Qs] and lost with Pair of Nines and Pair of Treys
Seat 5: 7d8706ec (small blind) showed [9c Jd] and won ($1.33) with Three Nines
Seat 6: efbf2d5a (big blind) folded on the Flop


Poker Hand #HD1806687197: Hold'em No Limit ($0.05/$0.1) - 2024/06/08 15:19:49
Table 'NLHRed19' 6-max Seat #3 is the button
Seat 1: da80e704 ($10 in chips)
Seat 2: 10de5b2b ($8.63 in chips)
Seat 3: Hero ($10 in chips)
Seat 4: 19681700 ($14.89 in chips)
Seat 5: 7d8706ec ($10 in chips)
Seat 6: efbf2d5a ($26.12 in chips)
19681700: posts small blind $0.05
7d8706ec: posts big blind $0.1
*** HOLE CARDS ***
Dealt to da80e704 
Dealt to 10de5b2b 
Dealt to Hero [Qd 8d]
Dealt to 19681700 
Dealt to 7d8706ec 
Dealt to efbf2d5a 
efbf2d5a: folds
da80e704: folds
10de5b2b: folds
Hero: raises $0.14 to $0.24
19681700: raises $0.2 to $0.44
7d8706ec: folds
Hero: calls $0.2
*** FLOP *** [Jc 7h 9d]
19681700: checks
Hero: checks
*** TURN *** [Jc 7h 9d] [6d]
19681700: bets $0.49
Hero: raises $1.01 to $1.5
19681700: calls $1.01
*** RIVER *** [Jc 7h 9d 6d] [6h]
19681700: checks
Hero: checks
19681700: shows [5d Ad] (Pair of Sixes)
Hero: shows [Qd 8d] (Pair of Sixes)
*** SHOWDOWN ***
19681700 collected $3.69 from pot
*** SUMMARY ***
Total pot $3.98 | Rake $0.19 | Jackpot $0.1 | Bingo $0 | Fortune $0 | Tax $0
Board [Jc 7h 9d 6d 6h]
Seat 1: da80e704 folded before Flop (didn't bet)
Seat 2: 10de5b2b folded before Flop (didn't bet)
Seat 3: Hero (button) showed [Qd 8d] and lost with Pair of Sixes
Seat 4: 19681700 (small blind) showed [5d Ad] and won ($3.69) with Pair of Sixes
Seat 5: 7d8706ec (big blind) folded before Flop
Seat 6: efbf2d5a folded before Flop (didn't bet)


Poker Hand #HD1806687154: Hold'em No Limit ($0.05/$0.1) - 2024/06/08 15:19:20
Table 'NLHRed19' 6-max Seat #2 is the button
Seat 1: da80e704 ($10 in chips)
Seat 2: 10de5b2b ($8.83 in chips)
Seat 3: Hero ($10 in chips)
Seat 4: 19681700 ($14.66 in chips)
Seat 5: 7d8706ec ($10 in chips)
Seat 6: efbf2d5a ($26.12 in chips)
Hero: posts small blind $0.05
19681700: posts big blind $0.1
*** HOLE CARDS ***
Dealt to da80e704 
Dealt to 10de5b2b 
Dealt to Hero [4h 2s]
Dealt to 19681700 
Dealt to 7d8706ec 
Dealt to efbf2d5a 
7d8706ec: folds
efbf2d5a: folds
da80e704: folds
10de5b2b: raises $0.1 to $0.2
Hero: folds
19681700: calls $0.1
*** FLOP *** [Kd 2d 9d]
19681700: bets $0.34
10de5b2b: folds
Uncalled bet ($0.34) returned to 19681700
*** SHOWDOWN ***
19681700 collected $0.43 from pot
*** SUMMARY ***
Total pot $0.45 | Rake $0.02 | Jackpot $0 | Bingo $0 | Fortune $0 | Tax $0
Board [Kd 2d 9d]
Seat 1: da80e704 folded before Flop (didn't bet)
Seat 2: 10de5b2b (button) folded on the Flop
Seat 3: Hero (small blind) folded before Flop
Seat 4: 19681700 (big blind) won ($0.43)
Seat 5: 7d8706ec folded before Flop (didn't bet)
Seat 6: efbf2d5a folded before Flop (didn't bet)


Poker Hand #HD1806687093: Hold'em No Limit ($0.05/$0.1) - 2024/06/08 15:18:42
Table 'NLHRed19' 6-max Seat #1 is the button
Seat 1: da80e704 ($10 in chips)
Seat 2: 10de5b2b ($8.93 in chips)
Seat 3: Hero ($10 in chips)
Seat 4: 19681700 ($14.47 in chips)
Seat 5: 7d8706ec ($10 in chips)
Seat 6: efbf2d5a ($26.12 in chips)
10de5b2b: posts small blind $0.05
Hero: posts big blind $0.1
*** HOLE CARDS ***
Dealt to da80e704 
Dealt to 10de5b2b 
Dealt to Hero [3d 6s]
Dealt to 19681700 
Dealt to 7d8706ec 
Dealt to efbf2d5a 
19681700: calls $0.1
7d8706ec: folds
efbf2d5a: folds
da80e704: folds
10de5b2b: calls $0.05
Hero: checks
*** FLOP *** [8c 3s 2c]
10de5b2b: checks
Hero: checks
19681700: checks
*** TURN *** [8c 3s 2c] [5s]
10de5b2b: checks
Hero: checks
19681700: checks
*** RIVER *** [8c 3s 2c 5s] [Ac]
10de5b2b: checks
Hero: checks
19681700: bets $0.23
10de5b2b: folds
Hero: folds
Uncalled bet ($0.23) returned to 19681700
*** SHOWDOWN ***
19681700 collected $0.29 from pot
*** SUMMARY ***
Total pot $0.3 | Rake $0.01 | Jackpot $0 | Bingo $0 | Fortune $0 | Tax $0
Board [8c 3s 2c 5s Ac]
Seat 1: da80e704 (button) folded before Flop (didn't bet)
Seat 2: 10de5b2b (small blind) folded on the River
Seat 3: Hero (big blind) folded on the River
Seat 4: 19681700 won ($0.29)
Seat 5: 7d8706ec folded before Flop (didn't bet)
Seat 6: efbf2d5a folded before Flop (didn't bet)


Poker Hand #HD1806687026: Hold'em No Limit ($0.05/$0.1) - 2024/06/08 15:17:58
Table 'NLHRed19' 6-max Seat #6 is the button
Seat 1: da80e704 ($10 in chips)
Seat 2: 10de5b2b ($9.03 in chips)
Seat 3: Hero ($10 in chips)
Seat 4: 19681700 ($11.86 in chips)
Seat 5: 7d8706ec ($10.44 in chips)
Seat 6: efbf2d5a ($26.12 in chips)
da80e704: posts small blind $0.05
10de5b2b: posts big blind $0.1
*** HOLE CARDS ***
Dealt to da80e704 
Dealt to 10de5b2b 
Dealt to Hero [3h Ac]
Dealt to 19681700 
Dealt to 7d8706ec 
Dealt to efbf2d5a 
Hero: folds
19681700: raises $0.1 to $0.2
7d8706ec: raises $0.6 to $0.8
efbf2d5a: folds
da80e704: folds
10de5b2b: folds
19681700: calls $0.6
*** FLOP *** [7s Kc 7d]
19681700: checks
7d8706ec: checks
*** TURN *** [7s Kc 7d] [7h]
19681700: bets $0.58
7d8706ec: calls $0.58
*** RIVER *** [7s Kc 7d 7h] [Qc]
19681700: bets $1.46
7d8706ec: calls $1.46
19681700: shows [9d Qd] (Sevens Full over Queens)
7d8706ec: shows [Js Jd] (Sevens Full over Jacks)
*** SHOWDOWN ***
19681700 collected $5.45 from pot
*** SUMMARY ***
Total pot $5.83 | Rake $0.28 | Jackpot $0.1 | Bingo $0 | Fortune $0 | Tax $0
Board [7s Kc 7d 7h Qc]
Seat 1: da80e704 (small blind) folded before Flop
Seat 2: 10de5b2b (big blind) folded before Flop
Seat 3: Hero folded before Flop (didn't bet)
Seat 4: 19681700 showed [9d Qd] and won ($5.45) with Sevens Full over Queens
Seat 5: 7d8706ec showed [Js Jd] and lost with Sevens Full over Jacks
Seat 6: efbf2d5a (button) folded before Flop (didn't bet)


Poker Hand #HD1806686961: Hold'em No Limit ($0.05/$0.1) - 2024/06/08 15:17:24
Table 'NLHRed19' 6-max Seat #5 is the button
Seat 1: da80e704 ($10 in chips)
Seat 2: 10de5b2b ($9.03 in chips)
Seat 3: Hero ($10 in chips)
Seat 4: 19681700 ($11.72 in chips)
Seat 5: 7d8706ec ($10.44 in chips)
Seat 6: efbf2d5a ($26.17 in chips)
efbf2d5a: posts small blind $0.05
da80e704: posts big blind $0.1
*** HOLE CARDS ***
Dealt to da80e704 
Dealt to 10de5b2b 
Dealt to Hero [9s 2h]
Dealt to 19681700 
Dealt to 7d8706ec 
Dealt to efbf2d5a 
10de5b2b: folds
Hero: folds
19681700: calls $0.1
7d8706ec: folds
efbf2d5a: folds
da80e704: checks
*** FLOP *** [Jc 6h 9h]
da80e704: checks
19681700: checks
*** TURN *** [Jc 6h 9h] [6c]
da80e704: checks
19681700: checks
*** RIVER *** [Jc 6h 9h 6c] [Qd]
da80e704: checks
19681700: checks
da80e704: shows [7d 3d] (Pair of Sixes)
19681700: shows [Ah 4d] (Pair of Sixes)
*** SHOWDOWN ***
19681700 collected $0.24 from pot
*** SUMMARY ***
Total pot $0.25 | Rake $0.01 | Jackpot $0 | Bingo $0 | Fortune $0 | Tax $0
Board [Jc 6h 9h 6c Qd]
Seat 1: da80e704 (big blind) showed [7d 3d] and lost with Pair of Sixes
Seat 2: 10de5b2b folded before Flop (didn't bet)
Seat 3: Hero folded before Flop (didn't bet)
Seat 4: 19681700 showed [Ah 4d] and won ($0.24) with Pair of Sixes
Seat 5: 7d8706ec (button) folded before Flop (didn't bet)
Seat 6: efbf2d5a (small blind) folded before Flop


Poker Hand #HD1806686913: Hold'em No Limit ($0.05/$0.1) - 2024/06/08 15:16:47
Table 'NLHRed19' 6-max Seat #4 is the button
Seat 1: da80e704 ($10 in chips)
Seat 2: 10de5b2b ($8.7 in chips)
Seat 3: Hero ($10 in chips)
Seat 4: 19681700 ($11.92 in chips)
Seat 5: 7d8706ec ($10.49 in chips)
Seat 6: efbf2d5a ($26.27 in chips)
7d8706ec: posts small blind $0.05
efbf2d5a: posts big blind $0.1
*** HOLE CARDS ***
Dealt to da80e704 
Dealt to 10de5b2b 
Dealt to Hero [Tc 9d]
Dealt to 19681700 
Dealt to 7d8706ec 
Dealt to efbf2d5a 
da80e704: folds
10de5b2b: raises $0.1 to $0.2
Hero: folds
19681700: calls $0.2
7d8706ec: folds
efbf2d5a: folds
*** FLOP *** [Kc 6d 6s]
10de5b2b: checks
19681700: checks
*** TURN *** [Kc 6d 6s] [Qh]
10de5b2b: checks
19681700: checks
*** RIVER *** [Kc 6d 6s Qh] [Ad]
10de5b2b: checks
19681700: checks
10de5b2b: shows [3s 3c] (Pair of Sixes and Pair of Treys)
19681700: shows [4s 7h] (Pair of Sixes)
*** SHOWDOWN ***
10de5b2b collected $0.53 from pot
*** SUMMARY ***
Total pot $0.55 | Rake $0.02 | Jackpot $0 | Bingo $0 | Fortune $0 | Tax $0
Board [Kc 6d 6s Qh Ad]
Seat 1: da80e704 folded before Flop (didn't bet)
Seat 2: 10de5b2b showed [3s 3c] and won ($0.53) with Pair of Sixes and Pair of Treys
Seat 3: Hero folded before Flop (didn't bet)
Seat 4: 19681700 (button) showed [4s 7h] and lost with Pair of Sixes
Seat 5: 7d8706ec (small blind) folded before Flop
Seat 6: efbf2d5a (big blind) folded before Flop


Poker Hand #HD1806686812: Hold'em No Limit ($0.05/$0.1) - 2024/06/08 15:15:40
Table 'NLHRed19' 6-max Seat #3 is the button
Seat 1: da80e704 ($10 in chips)
Seat 2: 10de5b2b ($14.97 in chips)
Seat 3: Hero ($10 in chips)
Seat 4: 19681700 ($6.27 in chips)
Seat 5: 7d8706ec ($10.59 in chips)
Seat 6: efbf2d5a ($26.27 in chips)
19681700: posts small blind $0.05
7d8706ec: posts big blind $0.1
*** HOLE CARDS ***
Dealt to da80e704 
Dealt to 10de5b2b 
Dealt to Hero [Jh 8d]
Dealt to 19681700 
Dealt to 7d8706ec 
Dealt to efbf2d5a 
efbf2d5a: folds
da80e704: folds
10de5b2b: raises $0.1 to $0.2
Hero: folds
19681700: calls $0.15
7d8706ec: folds
*** FLOP *** [Ts 2h 6d]
19681700: bets $0.38
10de5b2b: calls $0.38
*** TURN *** [Ts 2h 6d] [8s]
19681700: bets $0.95
10de5b2b: calls $0.95
*** RIVER *** [Ts 2h 6d 8s] [9c]
19681700: bets $4.74 and is all-in
10de5b2b: calls $4.74
19681700: shows [2s 6h] (Pair of Sixes and Pair of Twos)
10de5b2b: shows [Jc Tc] (Pair of Tens)
*** SHOWDOWN ***
19681700 collected $11.92 from pot
*** SUMMARY ***
Total pot $12.64 | Rake $0.62 | Jackpot $0.1 | Bingo $0 | Fortune $0 | Tax $0
Board [Ts 2h 6d 8s 9c]
Seat 1: da80e704 folded before Flop (didn't bet)
Seat 2: 10de5b2b showed [Jc Tc] and lost with Pair of Tens
Seat 3: Hero (button) folded before Flop (didn't bet)
Seat 4: 19681700 (small blind) showed [2s 6h] and won ($11.92) with Pair of Sixes and Pair of Twos
Seat 5: 7d8706ec (big blind) folded before Flop
Seat 6: efbf2d5a folded before Flop (didn't bet)


Poker Hand #HD1806686802: Hold'em No Limit ($0.05/$0.1) - 2024/06/08 15:15:32
Table 'NLHRed19' 6-max Seat #2 is the button
Seat 1: da80e704 ($10 in chips)
Seat 2: 10de5b2b ($14.97 in chips)
Seat 3: Hero ($10 in chips)
Seat 4: 19681700 ($6.22 in chips)
Seat 5: 7d8706ec ($10.59 in chips)
Seat 6: efbf2d5a ($26.27 in chips)
Hero: posts small blind $0.05
19681700: posts big blind $0.1
*** HOLE CARDS ***
Dealt to da80e704 
Dealt to 10de5b2b 
Dealt to Hero [2h As]
Dealt to 19681700 
Dealt to 7d8706ec 
Dealt to efbf2d5a 
7d8706ec: folds
efbf2d5a: folds
da80e704: folds
10de5b2b: folds
Hero: folds
Uncalled bet ($0.05) returned to 19681700
*** SHOWDOWN ***
19681700 collected $0.1 from pot
*** SUMMARY ***
Total pot $0.1 | Rake $0 | Jackpot $0 | Bingo $0 | Fortune $0 | Tax $0
Seat 1: da80e704 folded before Flop (didn't bet)
Seat 2: 10de5b2b (button) folded before Flop (didn't bet)
Seat 3: Hero (small blind) folded before Flop
Seat 4: 19681700 (big blind) collected ($0.1)
Seat 5: 7d8706ec folded before Flop (didn't bet)
Seat 6: efbf2d5a folded before Flop (didn't bet)


Poker Hand #HD1806686738: Hold'em No Limit ($0.05/$0.1) - 2024/06/08 15:14:49
Table 'NLHRed19' 6-max Seat #1 is the button
Seat 1: da80e704 ($10 in chips)
Seat 2: 10de5b2b ($15.02 in chips)
Seat 3: Hero ($10 in chips)
Seat 4: 19681700 ($10.82 in chips)
Seat 5: 7d8706ec ($10.59 in chips)
Seat 6: efbf2d5a ($22.08 in chips)
10de5b2b: posts small blind $0.05
Hero: posts big blind $0.1
*** HOLE CARDS ***
Dealt to da80e704 
Dealt to 10de5b2b 
Dealt to Hero [Js Ad]
Dealt to 19681700 
Dealt to 7d8706ec 
Dealt to efbf2d5a 
19681700: calls $0.1
7d8706ec: folds
efbf2d5a: raises $0.5 to $0.6
da80e704: folds
10de5b2b: folds
Hero: folds
19681700: calls $0.5
*** FLOP *** [3d Jc 9c]
19681700: checks
efbf2d5a: bets $1.02
19681700: calls $1.02
*** TURN *** [3d Jc 9c] [7s]
19681700: bets $1.12
efbf2d5a: calls $1.12
*** RIVER *** [3d Jc 9c 7s] [5d]
19681700: bets $1.86
efbf2d5a: calls $1.86
19681700: shows [Ac 7d] (Pair of Sevens)
efbf2d5a: shows [Kh Ks] (Pair of Kings)
*** SHOWDOWN ***
efbf2d5a collected $8.79 from pot
*** SUMMARY ***
Total pot $9.35 | Rake $0.46 | Jackpot $0.1 | Bingo $0 | Fortune $0 | Tax $0
Board [3d Jc 9c 7s 5d]
Seat 1: da80e704 (button) folded before Flop (didn't bet)
Seat 2: 10de5b2b (small blind) folded before Flop
Seat 3: Hero (big blind) folded before Flop
Seat 4: 19681700 showed [Ac 7d] and lost with Pair of Sevens
Seat 5: 7d8706ec folded before Flop (didn't bet)
Seat 6: efbf2d5a showed [Kh Ks] and won ($8.79) with Pair of Kings


Poker Hand #HD1806686699: Hold'em No Limit ($0.05/$0.1) - 2024/06/08 15:14:22
Table 'NLHRed19' 6-max Seat #6 is the button
Seat 1: da80e704 ($10 in chips)
Seat 2: 10de5b2b ($14.88 in chips)
Seat 3: Hero ($10 in chips)
Seat 4: 19681700 ($10.92 in chips)
Seat 5: 7d8706ec ($10.59 in chips)
Seat 6: efbf2d5a ($22.08 in chips)
da80e704: posts small blind $0.05
10de5b2b: posts big blind $0.1
*** HOLE CARDS ***
Dealt to da80e704 
Dealt to 10de5b2b 
Dealt to Hero [9d 4d]
Dealt to 19681700 
Dealt to 7d8706ec 
Dealt to efbf2d5a 
Hero: folds
19681700: calls $0.1
7d8706ec: folds
efbf2d5a: folds
da80e704: folds
10de5b2b: checks
*** FLOP *** [Kd Kc 4s]
10de5b2b: checks
19681700: checks
*** TURN *** [Kd Kc 4s] [6h]
10de5b2b: bets $0.13
19681700: folds
Uncalled bet ($0.13) returned to 10de5b2b
*** SHOWDOWN ***
10de5b2b collected $0.24 from pot
*** SUMMARY ***
Total pot $0.25 | Rake $0.01 | Jackpot $0 | Bingo $0 | Fortune $0 | Tax $0
Board [Kd Kc 4s 6h]
Seat 1: da80e704 (small blind) folded before Flop
Seat 2: 10de5b2b (big blind) won ($0.24)
Seat 3: Hero folded before Flop (didn't bet)
Seat 4: 19681700 folded on the Turn
Seat 5: 7d8706ec folded before Flop (didn't bet)
Seat 6: efbf2d5a (button) folded before Flop (didn't bet)


Poker Hand #HD1806686642: Hold'em No Limit ($0.05/$0.1) - 2024/06/08 15:13:48
Table 'NLHRed19' 6-max Seat #5 is the button
Seat 1: da80e704 ($10 in chips)
Seat 2: 10de5b2b ($14.55 in chips)
Seat 3: Hero ($10 in chips)
Seat 4: 19681700 ($11.02 in chips)
Seat 5: 7d8706ec ($10.69 in chips)
Seat 6: efbf2d5a ($22.13 in chips)
efbf2d5a: posts small blind $0.05
da80e704: posts big blind $0.1
*** HOLE CARDS ***
Dealt to da80e704 
Dealt to 10de5b2b 
Dealt to Hero [5d Qh]
Dealt to 19681700 
Dealt to 7d8706ec 
Dealt to efbf2d5a 
10de5b2b: calls $0.1
Hero: folds
19681700: calls $0.1
7d8706ec: calls $0.1
efbf2d5a: folds
da80e704: checks
*** FLOP *** [8h 8c Td]
da80e704: checks
10de5b2b: bets $0.15
19681700: folds
7d8706ec: folds
da80e704: folds
Uncalled bet ($0.15) returned to 10de5b2b
*** SHOWDOWN ***
10de5b2b collected $0.43 from pot
*** SUMMARY ***
Total pot $0.45 | Rake $0.02 | Jackpot $0 | Bingo $0 | Fortune $0 | Tax $0
Board [8h 8c Td]
Seat 1: da80e704 (big blind) folded on the Flop
Seat 2: 10de5b2b won ($0.43)
Seat 3: Hero folded before Flop (didn't bet)
Seat 4: 19681700 folded on the Flop
Seat 5: 7d8706ec (button) folded on the Flop
Seat 6: efbf2d5a (small blind) folded before Flop


Poker Hand #HD1806686599: Hold'em No Limit ($0.05/$0.1) - 2024/06/08 15:13:19
Table 'NLHRed19' 6-max Seat #4 is the button
Seat 1: da80e704 ($10 in chips)
Seat 2: 10de5b2b ($14.22 in chips)
Seat 3: Hero ($10 in chips)
Seat 4: 19681700 ($11.22 in chips)
Seat 5: 7d8706ec ($10.74 in chips)
Seat 6: efbf2d5a ($22.23 in chips)
7d8706ec: posts small blind $0.05
efbf2d5a: posts big blind $0.1
*** HOLE CARDS ***
Dealt to da80e704 
Dealt to 10de5b2b 
Dealt to Hero [9s Qh]
Dealt to 19681700 
Dealt to 7d8706ec 
Dealt to efbf2d5a 
da80e704: folds
10de5b2b: raises $0.1 to $0.2
Hero: folds
19681700: calls $0.2
7d8706ec: folds
efbf2d5a: folds
*** FLOP *** [6h 6d 5c]
10de5b2b: bets $0.19
19681700: folds
Uncalled bet ($0.19) returned to 10de5b2b
*** SHOWDOWN ***
10de5b2b collected $0.53 from pot
*** SUMMARY ***
Total pot $0.55 | Rake $0.02 | Jackpot $0 | Bingo $0 | Fortune $0 | Tax $0
Board [6h 6d 5c]
Seat 1: da80e704 folded before Flop (didn't bet)
Seat 2: 10de5b2b won ($0.53)
Seat 3: Hero folded before Flop (didn't bet)
Seat 4: 19681700 (button) folded on the Flop
Seat 5: 7d8706ec (small blind) folded before Flop
Seat 6: efbf2d5a (big blind) folded before Flop


Poker Hand #HD1806686488: Hold'em No Limit ($0.05/$0.1) - 2024/06/08 15:12:12
Table 'NLHRed19' 6-max Seat #3 is the button
Seat 1: da80e704 ($10 in chips)
Seat 2: 10de5b2b ($14.22 in chips)
Seat 3: Hero ($10 in chips)
Seat 4: 19681700 ($10.51 in chips)
Seat 5: 7d8706ec ($10.84 in chips)
Seat 6: efbf2d5a ($22.23 in chips)
19681700: posts small blind $0.05
7d8706ec: posts big blind $0.1
*** HOLE CARDS ***
Dealt to da80e704 
Dealt to 10de5b2b 
Dealt to Hero [9c 9s]
Dealt to 19681700 
Dealt to 7d8706ec 
Dealt to efbf2d5a 
efbf2d5a: folds
da80e704: folds
10de5b2b: folds
Hero: raises $0.14 to $0.24
19681700: calls $0.19
7d8706ec: folds
*** FLOP *** [7s 4d Tc]
19681700: checks
Hero: checks
*** TURN *** [7s 4d Tc] [Kh]
19681700: checks
Hero: checks
*** RIVER *** [7s 4d Tc Kh] [5c]
19681700: bets $0.44
Hero: calls $0.44
19681700: shows [6c 8s] (Eights-High Straight)
Hero: shows [9c 9s] (Pair of Nines)
*** SHOWDOWN ***
19681700 collected $1.39 from pot
*** SUMMARY ***
Total pot $1.46 | Rake $0.07 | Jackpot $0 | Bingo $0 | Fortune $0 | Tax $0
Board [7s 4d Tc Kh 5c]
Seat 1: da80e704 folded before Flop (didn't bet)
Seat 2: 10de5b2b folded before Flop (didn't bet)
Seat 3: Hero (button) showed [9c 9s] and lost with Pair of Nines
Seat 4: 19681700 (small blind) showed [6c 8s] and won ($1.39) with Eights-High Straight
Seat 5: 7d8706ec (big blind) folded before Flop
Seat 6: efbf2d5a folded before Flop (didn't bet)


Poker Hand #HD1806686452: Hold'em No Limit ($0.05/$0.1) - 2024/06/08 15:11:49
Table 'NLHRed19' 6-max Seat #2 is the button
Seat 1: da80e704 ($10 in chips)
Seat 2: 10de5b2b ($13.99 in chips)
Seat 3: Hero ($10 in chips)
Seat 4: 19681700 ($10.71 in chips)
Seat 5: 7d8706ec ($10.84 in chips)
Seat 6: efbf2d5a ($22.23 in chips)
Hero: posts small blind $0.05
19681700: posts big blind $0.1
*** HOLE CARDS ***
Dealt to da80e704 
Dealt to 10de5b2b 
Dealt to Hero [6d 4d]
Dealt to 19681700 
Dealt to 7d8706ec 
Dealt to efbf2d5a 
7d8706ec: folds
efbf2d5a: folds
da80e704: folds
10de5b2b: raises $0.1 to $0.2
Hero: folds
19681700: calls $0.1
*** FLOP *** [Qc 8d 3c]
19681700: checks
10de5b2b: bets $0.23
19681700: folds
Uncalled bet ($0.23) returned to 10de5b2b
19681700: shows [7s Td] (Queen-High)
*** SHOWDOWN ***
10de5b2b collected $0.43 from pot
*** SUMMARY ***
Total pot $0.45 | Rake $0.02 | Jackpot $0 | Bingo $0 | Fortune $0 | Tax $0
Board [Qc 8d 3c]
Seat 1: da80e704 folded before Flop (didn't bet)
Seat 2: 10de5b2b (button) won ($0.43)
Seat 3: Hero (small blind) folded before Flop
Seat 4: 19681700 (big blind) folded on the Flop
Seat 5: 7d8706ec folded before Flop (didn't bet)
Seat 6: efbf2d5a folded before Flop (didn't bet)


Poker Hand #HD1806686299: Hold'em No Limit ($0.05/$0.1) - 2024/06/08 15:10:14
Table 'NLHRed19' 6-max Seat #1 is the button
Seat 1: da80e704 ($10 in chips)
Seat 2: 10de5b2b ($14.19 in chips)
Seat 3: Hero ($10.83 in chips)
Seat 4: 19681700 ($12.11 in chips)
Seat 5: 7d8706ec ($10.84 in chips)
Seat 6: efbf2d5a ($10.9 in chips)
10de5b2b: posts small blind $0.05
Hero: posts big blind $0.1
*** HOLE CARDS ***
Dealt to da80e704 
Dealt to 10de5b2b 
Dealt to Hero [Kd Kh]
Dealt to 19681700 
Dealt to 7d8706ec 
Dealt to efbf2d5a 
19681700: raises $0.1 to $0.2
7d8706ec: folds
efbf2d5a: calls $0.2
da80e704: folds
10de5b2b: calls $0.15
Hero: raises $1.2 to $1.4
19681700: calls $1.2
efbf2d5a: calls $1.2
10de5b2b: folds
*** FLOP *** [2d Js Qd]
Hero: bets $0.8
19681700: folds
efbf2d5a: raises $1.98 to $2.78
Hero: calls $1.98
*** TURN *** [2d Js Qd] [7c]
Hero: checks
efbf2d5a: bets $6.72 and is all-in
Hero: calls $6.65 and is all-in
Uncalled bet ($0.07) returned to efbf2d5a
efbf2d5a: shows [2s 2h] (Three Twos)
Hero: shows [Kd Kh] (Pair of Kings)
*** RIVER *** [2d Js Qd 7c] [Th]
*** SHOWDOWN ***
efbf2d5a collected $22.16 from pot
*** SUMMARY ***
Total pot $23.26 | Rake $1 | Jackpot $0.1 | Bingo $0 | Fortune $0 | Tax $0
Board [2d Js Qd 7c Th]
Seat 1: da80e704 (button) folded before Flop (didn't bet)
Seat 2: 10de5b2b (small blind) folded before Flop
Seat 3: Hero (big blind) showed [Kd Kh] and lost with Pair of Kings
Seat 4: 19681700 folded on the Flop
Seat 5: 7d8706ec folded before Flop (didn't bet)
Seat 6: efbf2d5a showed [2s 2h] and won ($22.16) with Three Twos


Poker Hand #HD1806686180: Hold'em No Limit ($0.05/$0.1) - 2024/06/08 15:09:01
Table 'NLHRed19' 6-max Seat #6 is the button
Seat 1: da80e704 ($10 in chips)
Seat 2: 10de5b2b ($14.61 in chips)
Seat 3: Hero ($10 in chips)
Seat 4: 19681700 ($12.53 in chips)
Seat 5: 7d8706ec ($10.84 in chips)
Seat 6: efbf2d5a ($10.9 in chips)
da80e704: posts small blind $0.05
10de5b2b: posts big blind $0.1
*** HOLE CARDS ***
Dealt to da80e704 
Dealt to 10de5b2b 
Dealt to Hero [Ad 3d]
Dealt to 19681700 
Dealt to 7d8706ec 
Dealt to efbf2d5a 
Hero: raises $0.1 to $0.2
19681700: calls $0.2
7d8706ec: folds
efbf2d5a: folds
da80e704: folds
10de5b2b: calls $0.1
*** FLOP *** [6c 5s 4c]
10de5b2b: checks
Hero: checks
19681700: checks
*** TURN *** [6c 5s 4c] [7c]
10de5b2b: bets $0.22
Hero: calls $0.22
19681700: calls $0.22
*** RIVER *** [6c 5s 4c 7c] [Jd]
10de5b2b: checks
Hero: checks
19681700: checks
10de5b2b: shows [Kc 4d] (Pair of Fours)
Hero: shows [Ad 3d] (Sevens-High Straight)
19681700: shows [9h Td] (Jack-High)
*** SHOWDOWN ***
Hero collected $1.25 from pot
*** SUMMARY ***
Total pot $1.31 | Rake $0.06 | Jackpot $0 | Bingo $0 | Fortune $0 | Tax $0
Board [6c 5s 4c 7c Jd]
Seat 1: da80e704 (small blind) folded before Flop
Seat 2: 10de5b2b (big blind) showed [Kc 4d] and lost with Pair of Fours
Seat 3: Hero showed [Ad 3d] and won ($1.25) with Sevens-High Straight
Seat 4: 19681700 showed [9h Td] and lost with Jack-High
Seat 5: 7d8706ec folded before Flop (didn't bet)
Seat 6: efbf2d5a (button) folded before Flop (didn't bet)


Poker Hand #HD1806686112: Hold'em No Limit ($0.05/$0.1) - 2024/06/08 15:08:14
Table 'NLHRed19' 6-max Seat #5 is the button
Seat 1: da80e704 ($10 in chips)
Seat 2: 10de5b2b ($14.61 in chips)
Seat 3: Hero ($10 in chips)
Seat 4: 19681700 ($12.39 in chips)
Seat 5: 7d8706ec ($10.84 in chips)
Seat 6: efbf2d5a ($10.95 in chips)
efbf2d5a: posts small blind $0.05
da80e704: posts big blind $0.1
*** HOLE CARDS ***
Dealt to da80e704 
Dealt to 10de5b2b 
Dealt to Hero [8c 6c]
Dealt to 19681700 
Dealt to 7d8706ec 
Dealt to efbf2d5a 
10de5b2b: folds
Hero: folds
19681700: calls $0.1
7d8706ec: folds
efbf2d5a: folds
da80e704: checks
*** FLOP *** [Tc 3d 9d]
da80e704: checks
19681700: checks
*** TURN *** [Tc 3d 9d] [Js]
da80e704: checks
19681700: checks
*** RIVER *** [Tc 3d 9d Js] [3h]
da80e704: checks
19681700: bets $0.13
da80e704: folds
Uncalled bet ($0.13) returned to 19681700
*** SHOWDOWN ***
19681700 collected $0.24 from pot
*** SUMMARY ***
Total pot $0.25 | Rake $0.01 | Jackpot $0 | Bingo $0 | Fortune $0 | Tax $0
Board [Tc 3d 9d Js 3h]
Seat 1: da80e704 (big blind) folded on the River
Seat 2: 10de5b2b folded before Flop (didn't bet)
Seat 3: Hero folded before Flop (didn't bet)
Seat 4: 19681700 won ($0.24)
Seat 5: 7d8706ec (button) folded before Flop (didn't bet)
Seat 6: efbf2d5a (small blind) folded before Flop


Poker Hand #HD1806686041: Hold'em No Limit ($0.05/$0.1) - 2024/06/08 15:07:26
Table 'NLHRed19' 6-max Seat #4 is the button
Seat 2: 10de5b2b ($14.61 in chips)
Seat 3: Hero ($10 in chips)
Seat 4: 19681700 ($13.32 in chips)
Seat 5: 7d8706ec ($9.9 in chips)
Seat 6: efbf2d5a ($11.05 in chips)
7d8706ec: posts small blind $0.05
efbf2d5a: posts big blind $0.1
*** HOLE CARDS ***
Dealt to 10de5b2b 
Dealt to Hero [Jh 7c]
Dealt to 19681700 
Dealt to 7d8706ec 
Dealt to efbf2d5a 
10de5b2b: folds
Hero: folds
19681700: calls $0.1
7d8706ec: raises $0.2 to $0.3
efbf2d5a: folds
19681700: calls $0.2
*** FLOP *** [Th Ad Qc]
7d8706ec: bets $0.24
19681700: calls $0.24
*** TURN *** [Th Ad Qc] [2s]
7d8706ec: bets $0.39
19681700: calls $0.39
*** RIVER *** [Th Ad Qc 2s] [Qh]
7d8706ec: checks
19681700: checks
7d8706ec: shows [5h Ah] (Pair of Aces and Pair of Queens)
19681700: shows [2c Jd] (Pair of Queens and Pair of Twos)
*** SHOWDOWN ***
7d8706ec collected $1.87 from pot
*** SUMMARY ***
Total pot $1.96 | Rake $0.09 | Jackpot $0 | Bingo $0 | Fortune $0 | Tax $0
Board [Th Ad Qc 2s Qh]
Seat 2: 10de5b2b folded before Flop (didn't bet)
Seat 3: Hero folded before Flop (didn't bet)
Seat 4: 19681700 (button) showed [2c Jd] and lost with Pair of Queens and Pair of Twos
Seat 5: 7d8706ec (small blind) showed [5h Ah] and won ($1.87) with Pair of Aces and Pair of Queens
Seat 6: efbf2d5a (big blind) folded before Flop


Poker Hand #HD1806686018: Hold'em No Limit ($0.05/$0.1) - 2024/06/08 15:07:08
Table 'NLHRed19' 6-max Seat #3 is the button
Seat 1: 6902e38f ($10 in chips)
Seat 2: 10de5b2b ($14.61 in chips)
Seat 3: Hero ($10 in chips)
Seat 4: 19681700 ($13.22 in chips)
Seat 5: 7d8706ec ($10 in chips)
Seat 6: efbf2d5a ($11.05 in chips)
19681700: posts small blind $0.05
7d8706ec: posts big blind $0.1
*** HOLE CARDS ***
Dealt to 6902e38f 
Dealt to 10de5b2b 
Dealt to Hero [Ac 3s]
Dealt to 19681700 
Dealt to 7d8706ec 
Dealt to efbf2d5a 
efbf2d5a: folds
6902e38f: folds
10de5b2b: folds
Hero: folds
19681700: raises $0.1 to $0.2
7d8706ec: folds
Uncalled bet ($0.1) returned to 19681700
*** SHOWDOWN ***
19681700 collected $0.2 from pot
*** SUMMARY ***
Total pot $0.2 | Rake $0 | Jackpot $0 | Bingo $0 | Fortune $0 | Tax $0
Seat 1: 6902e38f folded before Flop (didn't bet)
Seat 2: 10de5b2b folded before Flop (didn't bet)
Seat 3: Hero (button) folded before Flop (didn't bet)
Seat 4: 19681700 (small blind) collected ($0.2)
Seat 5: 7d8706ec (big blind) folded before Flop
Seat 6: efbf2d5a folded before Flop (didn't bet)


Poker Hand #HD1806685962: Hold'em No Limit ($0.05/$0.1) - 2024/06/08 15:06:36
Table 'NLHRed19' 6-max Seat #2 is the button
Seat 1: 6902e38f ($10 in chips)
Seat 2: 10de5b2b ($14.61 in chips)
Seat 3: Hero ($10 in chips)
Seat 4: 19681700 ($12.95 in chips)
Seat 5: 26437548 ($10 in chips)
Seat 6: efbf2d5a ($11.05 in chips)
Hero: posts small blind $0.05
19681700: posts big blind $0.1
*** HOLE CARDS ***
Dealt to 6902e38f 
Dealt to 10de5b2b 
Dealt to Hero [Kc 9d]
Dealt to 19681700 
Dealt to 26437548 
Dealt to efbf2d5a 
26437548: folds
efbf2d5a: folds
6902e38f: folds
10de5b2b: folds
Hero: raises $0.2 to $0.3
19681700: raises $0.2 to $0.5
Hero: folds
Uncalled bet ($0.2) returned to 19681700
*** SHOWDOWN ***
19681700 collected $0.57 from pot
*** SUMMARY ***
Total pot $0.6 | Rake $0.03 | Jackpot $0 | Bingo $0 | Fortune $0 | Tax $0
Seat 1: 6902e38f folded before Flop (didn't bet)
Seat 2: 10de5b2b (button) folded before Flop (didn't bet)
Seat 3: Hero (small blind) folded before Flop
Seat 4: 19681700 (big blind) collected ($0.57)
Seat 5: 26437548 folded before Flop (didn't bet)
Seat 6: efbf2d5a folded before Flop (didn't bet)


Poker Hand #HD1806685870: Hold'em No Limit ($0.05/$0.1) - 2024/06/08 15:05:31
Table 'NLHRed19' 6-max Seat #1 is the button
Seat 1: 6902e38f ($10 in chips)
Seat 2: 10de5b2b ($14.71 in chips)
Seat 3: Hero ($10 in chips)
Seat 4: 19681700 ($12.67 in chips)
Seat 5: 26437548 ($10 in chips)
Seat 6: efbf2d5a ($11.05 in chips)
10de5b2b: posts small blind $0.05
Hero: posts big blind $0.1
*** HOLE CARDS ***
Dealt to 6902e38f 
Dealt to 10de5b2b 
Dealt to Hero [Td 7d]
Dealt to 19681700 
Dealt to 26437548 
Dealt to efbf2d5a 
19681700: calls $0.1
26437548: folds
efbf2d5a: folds
6902e38f: folds
10de5b2b: calls $0.05
Hero: checks
*** FLOP *** [9h Tc 2s]
10de5b2b: checks
Hero: bets $0.1
19681700: calls $0.1
10de5b2b: folds
*** TURN *** [9h Tc 2s] [Qh]
Hero: checks
19681700: bets $0.5
Hero: folds
Uncalled bet ($0.5) returned to 19681700
*** SHOWDOWN ***
19681700 collected $0.48 from pot
*** SUMMARY ***
Total pot $0.5 | Rake $0.02 | Jackpot $0 | Bingo $0 | Fortune $0 | Tax $0
Board [9h Tc 2s Qh]
Seat 1: 6902e38f (button) folded before Flop (didn't bet)
Seat 2: 10de5b2b (small blind) folded on the Flop
Seat 3: Hero (big blind) folded on the Turn
Seat 4: 19681700 won ($0.48)
Seat 5: 26437548 folded before Flop (didn't bet)
Seat 6: efbf2d5a folded before Flop (didn't bet)


