Poker Hand #HD1860596309: Hold'em No Limit ($0.05/$0.1) - 2024/07/17 11:42:38
Table 'NLHRed5' 6-max Seat #6 is the button
Seat 1: 93be84dc ($9.83 in chips)
Seat 2: 66861fcf ($2 in chips)
Seat 3: Hero ($10 in chips)
Seat 4: 790ef5e2 ($10.38 in chips)
Seat 6: 2a085004 ($17.28 in chips)
93be84dc: posts small blind $0.05
66861fcf: posts big blind $0.1
*** HOLE CARDS ***
Dealt to 93be84dc 
Dealt to 66861fcf 
Dealt to Hero [5c Qd]
Dealt to 790ef5e2 
Dealt to 2a085004 
Hero: folds
790ef5e2: folds
2a085004: folds
93be84dc: calls $0.05
66861fcf: checks
*** FLOP *** [Ks Ts 6h]
93be84dc: checks
66861fcf: checks
*** TURN *** [Ks Ts 6h] [6s]
93be84dc: checks
66861fcf: bets $0.1
93be84dc: folds
Uncalled bet ($0.1) returned to 66861fcf
*** SHOWDOWN ***
66861fcf collected $0.19 from pot
*** SUMMARY ***
Total pot $0.2 | Rake $0.01 | Jackpot $0 | Bingo $0 | Fortune $0 | Tax $0
Board [Ks Ts 6h 6s]
Seat 1: 93be84dc (small blind) folded on the Turn
Seat 2: 66861fcf (big blind) won ($0.19)
Seat 3: Hero folded before Flop (didn't bet)
Seat 4: 790ef5e2 folded before Flop (didn't bet)
Seat 6: 2a085004 (button) folded before Flop (didn't bet)


Poker Hand #HD1860596285: Hold'em No Limit ($0.05/$0.1) - 2024/07/17 11:42:27
Table 'NLHRed5' 6-max Seat #4 is the button
Seat 1: 93be84dc ($9.78 in chips)
Seat 3: Hero ($10 in chips)
Seat 4: 790ef5e2 ($10.38 in chips)
Seat 6: 2a085004 ($17.33 in chips)
2a085004: posts small blind $0.05
93be84dc: posts big blind $0.1
*** HOLE CARDS ***
Dealt to 93be84dc 
Dealt to Hero [Ah 3s]
Dealt to 790ef5e2 
Dealt to 2a085004 
Hero: folds
790ef5e2: folds
2a085004: folds
Uncalled bet ($0.05) returned to 93be84dc
*** SHOWDOWN ***
93be84dc collected $0.1 from pot
*** SUMMARY ***
Total pot $0.1 | Rake $0 | Jackpot $0 | Bingo $0 | Fortune $0 | Tax $0
Seat 1: 93be84dc (big blind) collected ($0.1)
Seat 3: Hero folded before Flop (didn't bet)
Seat 4: 790ef5e2 (button) folded before Flop (didn't bet)
Seat 6: 2a085004 (small blind) folded before Flop


Poker Hand #HD1860596213: Hold'em No Limit ($0.05/$0.1) - 2024/07/17 11:41:42
Table 'NLHRed5' 6-max Seat #3 is the button
Seat 1: 93be84dc ($9.78 in chips)
Seat 3: Hero ($10 in chips)
Seat 4: 790ef5e2 ($10.2 in chips)
Seat 6: 2a085004 ($17.53 in chips)
790ef5e2: posts small blind $0.05
2a085004: posts big blind $0.1
*** HOLE CARDS ***
Dealt to 93be84dc 
Dealt to Hero [2c Js]
Dealt to 790ef5e2 
Dealt to 2a085004 
93be84dc: folds
Hero: folds
790ef5e2: raises $0.1 to $0.2
2a085004: calls $0.1
*** FLOP *** [Kd 2d Jc]
790ef5e2: bets $0.2
2a085004: folds
Uncalled bet ($0.2) returned to 790ef5e2
*** SHOWDOWN ***
790ef5e2 collected $0.38 from pot
*** SUMMARY ***
Total pot $0.4 | Rake $0.02 | Jackpot $0 | Bingo $0 | Fortune $0 | Tax $0
Board [Kd 2d Jc]
Seat 1: 93be84dc folded before Flop (didn't bet)
Seat 3: Hero (button) folded before Flop (didn't bet)
Seat 4: 790ef5e2 (small blind) won ($0.38)
Seat 6: 2a085004 (big blind) folded on the Flop


Poker Hand #HD1860596189: Hold'em No Limit ($0.05/$0.1) - 2024/07/17 11:41:31
Table 'NLHRed5' 6-max Seat #1 is the button
Seat 1: 93be84dc ($9.78 in chips)
Seat 3: Hero ($10 in chips)
Seat 4: 790ef5e2 ($10.3 in chips)
Seat 5: 91af3ae0 ($5.2 in chips)
Seat 6: 2a085004 ($17.38 in chips)
Hero: posts small blind $0.05
790ef5e2: posts big blind $0.1
*** HOLE CARDS ***
Dealt to 93be84dc 
Dealt to Hero [2c Ac]
Dealt to 790ef5e2 
Dealt to 91af3ae0 
Dealt to 2a085004 
91af3ae0: folds
2a085004: raises $0.15 to $0.25
93be84dc: folds
Hero: folds
790ef5e2: folds
Uncalled bet ($0.15) returned to 2a085004
*** SHOWDOWN ***
2a085004 collected $0.25 from pot
*** SUMMARY ***
Total pot $0.25 | Rake $0 | Jackpot $0 | Bingo $0 | Fortune $0 | Tax $0
Seat 1: 93be84dc (button) folded before Flop (didn't bet)
Seat 3: Hero (small blind) folded before Flop
Seat 4: 790ef5e2 (big blind) folded before Flop
Seat 5: 91af3ae0 folded before Flop (didn't bet)
Seat 6: 2a085004 collected ($0.25)


Poker Hand #HD1860596117: Hold'em No Limit ($0.05/$0.1) - 2024/07/17 11:40:49
Table 'NLHRed5' 6-max Seat #6 is the button
Seat 1: 93be84dc ($10.03 in chips)
Seat 2: 66861fcf ($2.48 in chips)
Seat 3: Hero ($10 in chips)
Seat 4: 790ef5e2 ($10.3 in chips)
Seat 5: 91af3ae0 ($5.2 in chips)
Seat 6: 2a085004 ($15 in chips)
93be84dc: posts small blind $0.05
66861fcf: posts big blind $0.1
*** HOLE CARDS ***
Dealt to 93be84dc 
Dealt to 66861fcf 
Dealt to Hero [Kc 9h]
Dealt to 790ef5e2 
Dealt to 91af3ae0 
Dealt to 2a085004 
Hero: folds
790ef5e2: folds
91af3ae0: folds
2a085004: raises $0.15 to $0.25
93be84dc: calls $0.2
66861fcf: raises $2.23 to $2.48 and is all-in
2a085004: raises $12.52 to $15 and is all-in
93be84dc: folds
Uncalled bet ($12.52) returned to 2a085004
2a085004: shows [Js Jh]
66861fcf: shows [5c 5h]
*** FLOP *** [8s 4s 5d]
*** TURN *** [8s 4s 5d] [6d]
*** RIVER *** [8s 4s 5d 6d] [Jc]
*** SHOWDOWN ***
2a085004 collected $4.86 from pot
*** SUMMARY ***
Total pot $5.21 | Rake $0.25 | Jackpot $0.1 | Bingo $0 | Fortune $0 | Tax $0
Board [8s 4s 5d 6d Jc]
Seat 1: 93be84dc (small blind) folded before Flop
Seat 2: 66861fcf (big blind) showed [5c 5h] and lost with Three Fives
Seat 3: Hero folded before Flop (didn't bet)
Seat 4: 790ef5e2 folded before Flop (didn't bet)
Seat 5: 91af3ae0 folded before Flop (didn't bet)
Seat 6: 2a085004 (button) showed [Js Jh] and won ($4.86) with Three Jacks


Poker Hand #HD1860596091: Hold'em No Limit ($0.05/$0.1) - 2024/07/17 11:40:33
Table 'NLHRed5' 6-max Seat #5 is the button
Seat 1: 93be84dc ($9.98 in chips)
Seat 2: 66861fcf ($2.48 in chips)
Seat 3: Hero ($10 in chips)
Seat 4: 790ef5e2 ($10.3 in chips)
Seat 5: 91af3ae0 ($5.2 in chips)
Seat 6: 2a085004 ($15.05 in chips)
2a085004: posts small blind $0.05
93be84dc: posts big blind $0.1
*** HOLE CARDS ***
Dealt to 93be84dc 
Dealt to 66861fcf 
Dealt to Hero [5d Qc]
Dealt to 790ef5e2 
Dealt to 91af3ae0 
Dealt to 2a085004 
66861fcf: folds
Hero: folds
790ef5e2: folds
91af3ae0: folds
2a085004: folds
Uncalled bet ($0.05) returned to 93be84dc
*** SHOWDOWN ***
93be84dc collected $0.1 from pot
*** SUMMARY ***
Total pot $0.1 | Rake $0 | Jackpot $0 | Bingo $0 | Fortune $0 | Tax $0
Seat 1: 93be84dc (big blind) collected ($0.1)
Seat 2: 66861fcf folded before Flop (didn't bet)
Seat 3: Hero folded before Flop (didn't bet)
Seat 4: 790ef5e2 folded before Flop (didn't bet)
Seat 5: 91af3ae0 (button) folded before Flop (didn't bet)
Seat 6: 2a085004 (small blind) folded before Flop


Poker Hand #HD1860596027: Hold'em No Limit ($0.05/$0.1) - 2024/07/17 11:39:58
Table 'NLHRed5' 6-max Seat #4 is the button
Seat 1: 93be84dc ($9.98 in chips)
Seat 2: 66861fcf ($2.48 in chips)
Seat 3: Hero ($10 in chips)
Seat 4: 790ef5e2 ($10.15 in chips)
Seat 5: 91af3ae0 ($5.25 in chips)
Seat 6: 2a085004 ($15.15 in chips)
91af3ae0: posts small blind $0.05
2a085004: posts big blind $0.1
*** HOLE CARDS ***
Dealt to 93be84dc 
Dealt to 66861fcf 
Dealt to Hero [5d Td]
Dealt to 790ef5e2 
Dealt to 91af3ae0 
Dealt to 2a085004 
93be84dc: folds
66861fcf: folds
Hero: folds
790ef5e2: raises $0.12 to $0.22
91af3ae0: folds
2a085004: folds
Uncalled bet ($0.12) returned to 790ef5e2
*** SHOWDOWN ***
790ef5e2 collected $0.25 from pot
*** SUMMARY ***
Total pot $0.25 | Rake $0 | Jackpot $0 | Bingo $0 | Fortune $0 | Tax $0
Seat 1: 93be84dc folded before Flop (didn't bet)
Seat 2: 66861fcf folded before Flop (didn't bet)
Seat 3: Hero folded before Flop (didn't bet)
Seat 4: 790ef5e2 (button) collected ($0.25)
Seat 5: 91af3ae0 (small blind) folded before Flop
Seat 6: 2a085004 (big blind) folded before Flop


Poker Hand #HD1860596003: Hold'em No Limit ($0.05/$0.1) - 2024/07/17 11:39:44
Table 'NLHRed5' 6-max Seat #3 is the button
Seat 1: 93be84dc ($9.98 in chips)
Seat 2: 66861fcf ($2.33 in chips)
Seat 3: Hero ($10 in chips)
Seat 4: 790ef5e2 ($10.2 in chips)
Seat 5: 91af3ae0 ($5.35 in chips)
Seat 6: 2a085004 ($15.15 in chips)
790ef5e2: posts small blind $0.05
91af3ae0: posts big blind $0.1
*** HOLE CARDS ***
Dealt to 93be84dc 
Dealt to 66861fcf 
Dealt to Hero [Ts 9c]
Dealt to 790ef5e2 
Dealt to 91af3ae0 
Dealt to 2a085004 
2a085004: folds
93be84dc: folds
66861fcf: raises $0.1 to $0.2
Hero: folds
790ef5e2: folds
91af3ae0: folds
Uncalled bet ($0.1) returned to 66861fcf
*** SHOWDOWN ***
66861fcf collected $0.25 from pot
*** SUMMARY ***
Total pot $0.25 | Rake $0 | Jackpot $0 | Bingo $0 | Fortune $0 | Tax $0
Seat 1: 93be84dc folded before Flop (didn't bet)
Seat 2: 66861fcf collected ($0.25)
Seat 3: Hero (button) folded before Flop (didn't bet)
Seat 4: 790ef5e2 (small blind) folded before Flop
Seat 5: 91af3ae0 (big blind) folded before Flop
Seat 6: 2a085004 folded before Flop (didn't bet)


Poker Hand #HD1860595982: Hold'em No Limit ($0.05/$0.1) - 2024/07/17 11:39:29
Table 'NLHRed5' 6-max Seat #2 is the button
Seat 1: 93be84dc ($9.98 in chips)
Seat 2: 66861fcf ($2.33 in chips)
Seat 3: Hero ($10 in chips)
Seat 4: 790ef5e2 ($10.3 in chips)
Seat 5: 91af3ae0 ($5.35 in chips)
Seat 6: 2a085004 ($15 in chips)
Hero: posts small blind $0.05
790ef5e2: posts big blind $0.1
*** HOLE CARDS ***
Dealt to 93be84dc 
Dealt to 66861fcf 
Dealt to Hero [2h 7s]
Dealt to 790ef5e2 
Dealt to 91af3ae0 
Dealt to 2a085004 
91af3ae0: folds
2a085004: raises $0.15 to $0.25
93be84dc: folds
66861fcf: folds
Hero: folds
790ef5e2: folds
Uncalled bet ($0.15) returned to 2a085004
*** SHOWDOWN ***
2a085004 collected $0.25 from pot
*** SUMMARY ***
Total pot $0.25 | Rake $0 | Jackpot $0 | Bingo $0 | Fortune $0 | Tax $0
Seat 1: 93be84dc folded before Flop (didn't bet)
Seat 2: 66861fcf (button) folded before Flop (didn't bet)
Seat 3: Hero (small blind) folded before Flop
Seat 4: 790ef5e2 (big blind) folded before Flop
Seat 5: 91af3ae0 folded before Flop (didn't bet)
Seat 6: 2a085004 collected ($0.25)


Poker Hand #HD1860595942: Hold'em No Limit ($0.05/$0.1) - 2024/07/17 11:39:07
Table 'NLHRed5' 6-max Seat #1 is the button
Seat 1: 93be84dc ($10.18 in chips)
Seat 2: 66861fcf ($2.05 in chips)
Seat 3: Hero ($10 in chips)
Seat 4: 790ef5e2 ($10.3 in chips)
Seat 5: 91af3ae0 ($5.35 in chips)
Seat 6: 2a085004 ($15 in chips)
66861fcf: posts small blind $0.05
Hero: posts big blind $0.1
*** HOLE CARDS ***
Dealt to 93be84dc 
Dealt to 66861fcf 
Dealt to Hero [2c Td]
Dealt to 790ef5e2 
Dealt to 91af3ae0 
Dealt to 2a085004 
790ef5e2: folds
91af3ae0: folds
2a085004: folds
93be84dc: raises $0.1 to $0.2
66861fcf: raises $1.85 to $2.05 and is all-in
Hero: folds
93be84dc: folds
Uncalled bet ($1.85) returned to 66861fcf
*** SHOWDOWN ***
66861fcf collected $0.48 from pot
*** SUMMARY ***
Total pot $0.5 | Rake $0.02 | Jackpot $0 | Bingo $0 | Fortune $0 | Tax $0
Seat 1: 93be84dc (button) folded before Flop
Seat 2: 66861fcf (small blind) collected ($0.48)
Seat 3: Hero (big blind) folded before Flop
Seat 4: 790ef5e2 folded before Flop (didn't bet)
Seat 5: 91af3ae0 folded before Flop (didn't bet)
Seat 6: 2a085004 folded before Flop (didn't bet)


