Poker Hand #HD1809557668: Hold'em No Limit ($0.05/$0.1) - 2024/06/10 17:29:49
Table 'NLHRed6' 6-max Seat #1 is the button
Seat 1: Hero ($10 in chips)
Seat 2: 3b87e2fa ($25.02 in chips)
Seat 3: ad3436c ($10.41 in chips)
Seat 4: e51263c ($5.76 in chips)
Seat 5: 82f840ff ($10.8 in chips)
3b87e2fa: posts small blind $0.05
ad3436c: posts big blind $0.1
*** HOLE CARDS ***
Dealt to Hero [5d 8c]
Dealt to 3b87e2fa 
Dealt to ad3436c 
Dealt to e51263c 
Dealt to 82f840ff 
e51263c: folds
82f840ff: folds
Hero: folds
3b87e2fa: raises $0.2 to $0.3
ad3436c: folds
Uncalled bet ($0.2) returned to 3b87e2fa
*** SHOWDOWN ***
3b87e2fa collected $0.2 from pot
*** SUMMARY ***
Total pot $0.2 | Rake $0 | Jackpot $0 | Bingo $0 | Fortune $0 | Tax $0
Seat 1: Hero (button) folded before Flop (didn't bet)
Seat 2: 3b87e2fa (small blind) collected ($0.2)
Seat 3: ad3436c (big blind) folded before Flop
Seat 4: e51263c folded before Flop (didn't bet)
Seat 5: 82f840ff folded before Flop (didn't bet)


Poker Hand #HD1809557525: Hold'em No Limit ($0.05/$0.1) - 2024/06/10 17:29:00
Table 'NLHRed6' 6-max Seat #5 is the button
Seat 1: Hero ($10 in chips)
Seat 2: 3b87e2fa ($25.22 in chips)
Seat 3: ad3436c ($10.41 in chips)
Seat 4: e51263c ($5.53 in chips)
Seat 5: 82f840ff ($10.8 in chips)
Hero: posts small blind $0.05
3b87e2fa: posts big blind $0.1
*** HOLE CARDS ***
Dealt to Hero [Js 4h]
Dealt to 3b87e2fa 
Dealt to ad3436c 
Dealt to e51263c 
Dealt to 82f840ff 
ad3436c: folds
e51263c: raises $0.1 to $0.2
82f840ff: folds
Hero: folds
3b87e2fa: calls $0.1
*** FLOP *** [3h Ah Th]
3b87e2fa: checks
e51263c: bets $0.34
3b87e2fa: folds
Uncalled bet ($0.34) returned to e51263c
*** SHOWDOWN ***
e51263c collected $0.43 from pot
*** SUMMARY ***
Total pot $0.45 | Rake $0.02 | Jackpot $0 | Bingo $0 | Fortune $0 | Tax $0
Board [3h Ah Th]
Seat 1: Hero (small blind) folded before Flop
Seat 2: 3b87e2fa (big blind) folded on the Flop
Seat 3: ad3436c folded before Flop (didn't bet)
Seat 4: e51263c won ($0.43)
Seat 5: 82f840ff (button) folded before Flop (didn't bet)


Poker Hand #HD1809557476: Hold'em No Limit ($0.05/$0.1) - 2024/06/10 17:28:39
Table 'NLHRed6' 6-max Seat #4 is the button
Seat 1: Hero ($10 in chips)
Seat 2: 3b87e2fa ($25.22 in chips)
Seat 3: ad3436c ($10.26 in chips)
Seat 4: e51263c ($5.53 in chips)
Seat 5: 82f840ff ($10.85 in chips)
82f840ff: posts small blind $0.05
Hero: posts big blind $0.1
*** HOLE CARDS ***
Dealt to Hero [2h 3d]
Dealt to 3b87e2fa 
Dealt to ad3436c 
Dealt to e51263c 
Dealt to 82f840ff 
3b87e2fa: folds
ad3436c: raises $0.15 to $0.25
e51263c: folds
82f840ff: folds
Hero: folds
Uncalled bet ($0.15) returned to ad3436c
*** SHOWDOWN ***
ad3436c collected $0.25 from pot
*** SUMMARY ***
Total pot $0.25 | Rake $0 | Jackpot $0 | Bingo $0 | Fortune $0 | Tax $0
Seat 1: Hero (big blind) folded before Flop
Seat 2: 3b87e2fa folded before Flop (didn't bet)
Seat 3: ad3436c collected ($0.25)
Seat 4: e51263c (button) folded before Flop (didn't bet)
Seat 5: 82f840ff (small blind) folded before Flop


