Poker Hand #HD1757468201: Hold'em No Limit ($0.05/$0.1) - 2024/05/03 22:19:34
Table 'NLHRed19' 6-max Seat #5 is the button
Seat 1: Hero ($14.56 in chips)
Seat 2: de86c0c6 ($28.33 in chips)
Seat 3: 95a4c36a ($10 in chips)
Seat 4: 2a7a79f4 ($11.22 in chips)
Seat 5: 8c83ba25 ($10.91 in chips)
Seat 6: b1449b6d ($10.69 in chips)
b1449b6d: posts small blind $0.05
Hero: posts big blind $0.1
*** HOLE CARDS ***
Dealt to Hero [2h 8h]
Dealt to de86c0c6 
Dealt to 95a4c36a 
Dealt to 2a7a79f4 
Dealt to 8c83ba25 
Dealt to b1449b6d 
de86c0c6: raises $0.1 to $0.2
95a4c36a: raises $0.42 to $0.62
2a7a79f4: folds
8c83ba25: folds
b1449b6d: folds
Hero: folds
de86c0c6: calls $0.42
*** FLOP *** [Ks 8c 3s]
de86c0c6: checks
95a4c36a: bets $1.1
de86c0c6: folds
Uncalled bet ($1.1) returned to 95a4c36a
*** SHOWDOWN ***
95a4c36a collected $1.32 from pot
*** SUMMARY ***
Total pot $1.39 | Rake $0.07 | Jackpot $0 | Bingo $0 | Fortune $0 | Tax $0
Board [Ks 8c 3s]
Seat 1: Hero (big blind) folded before Flop
Seat 2: de86c0c6 folded on the Flop
Seat 3: 95a4c36a won ($1.32)
Seat 4: 2a7a79f4 folded before Flop (didn't bet)
Seat 5: 8c83ba25 (button) folded before Flop (didn't bet)
Seat 6: b1449b6d (small blind) folded before Flop


Poker Hand #HD1757468166: Hold'em No Limit ($0.05/$0.1) - 2024/05/03 22:19:15
Table 'NLHRed19' 6-max Seat #4 is the button
Seat 1: Hero ($14.56 in chips)
Seat 2: de86c0c6 ($28.33 in chips)
Seat 3: 95a4c36a ($10 in chips)
Seat 4: 2a7a79f4 ($11.22 in chips)
Seat 5: 8c83ba25 ($10.81 in chips)
Seat 6: b1449b6d ($10.79 in chips)
8c83ba25: posts small blind $0.05
b1449b6d: posts big blind $0.1
*** HOLE CARDS ***
Dealt to Hero [Jh 8d]
Dealt to de86c0c6 
Dealt to 95a4c36a 
Dealt to 2a7a79f4 
Dealt to 8c83ba25 
Dealt to b1449b6d 
Hero: folds
de86c0c6: folds
95a4c36a: folds
2a7a79f4: folds
8c83ba25: raises $0.15 to $0.25
b1449b6d: folds
Uncalled bet ($0.15) returned to 8c83ba25
*** SHOWDOWN ***
8c83ba25 collected $0.2 from pot
*** SUMMARY ***
Total pot $0.2 | Rake $0 | Jackpot $0 | Bingo $0 | Fortune $0 | Tax $0
Seat 1: Hero folded before Flop (didn't bet)
Seat 2: de86c0c6 folded before Flop (didn't bet)
Seat 3: 95a4c36a folded before Flop (didn't bet)
Seat 4: 2a7a79f4 (button) folded before Flop (didn't bet)
Seat 5: 8c83ba25 (small blind) collected ($0.2)
Seat 6: b1449b6d (big blind) folded before Flop


Poker Hand #HD1757468133: Hold'em No Limit ($0.05/$0.1) - 2024/05/03 22:18:58
Table 'NLHRed19' 6-max Seat #3 is the button
Seat 1: Hero ($14.41 in chips)
Seat 2: de86c0c6 ($28.33 in chips)
Seat 3: 95a4c36a ($10 in chips)
Seat 4: 2a7a79f4 ($11.27 in chips)
Seat 5: 8c83ba25 ($10.91 in chips)
Seat 6: b1449b6d ($10.79 in chips)
2a7a79f4: posts small blind $0.05
8c83ba25: posts big blind $0.1
*** HOLE CARDS ***
Dealt to Hero [5h 5d]
Dealt to de86c0c6 
Dealt to 95a4c36a 
Dealt to 2a7a79f4 
Dealt to 8c83ba25 
Dealt to b1449b6d 
b1449b6d: folds
Hero: raises $0.1 to $0.2
de86c0c6: folds
95a4c36a: folds
2a7a79f4: folds
8c83ba25: folds
Uncalled bet ($0.1) returned to Hero
*** SHOWDOWN ***
Hero collected $0.25 from pot
*** SUMMARY ***
Total pot $0.25 | Rake $0 | Jackpot $0 | Bingo $0 | Fortune $0 | Tax $0
Seat 1: Hero collected ($0.25)
Seat 2: de86c0c6 folded before Flop (didn't bet)
Seat 3: 95a4c36a (button) folded before Flop (didn't bet)
Seat 4: 2a7a79f4 (small blind) folded before Flop
Seat 5: 8c83ba25 (big blind) folded before Flop
Seat 6: b1449b6d folded before Flop (didn't bet)


Poker Hand #HD1757468105: Hold'em No Limit ($0.05/$0.1) - 2024/05/03 22:18:39
Table 'NLHRed19' 6-max Seat #2 is the button
Seat 1: Hero ($14.41 in chips)
Seat 2: de86c0c6 ($28.18 in chips)
Seat 3: 95a4c36a ($10.05 in chips)
Seat 4: 2a7a79f4 ($11.37 in chips)
Seat 5: 8c83ba25 ($10.91 in chips)
Seat 6: b1449b6d ($10.79 in chips)
95a4c36a: posts small blind $0.05
2a7a79f4: posts big blind $0.1
*** HOLE CARDS ***
Dealt to Hero [5s Ks]
Dealt to de86c0c6 
Dealt to 95a4c36a 
Dealt to 2a7a79f4 
Dealt to 8c83ba25 
Dealt to b1449b6d 
8c83ba25: folds
b1449b6d: folds
Hero: folds
de86c0c6: raises $0.15 to $0.25
95a4c36a: folds
2a7a79f4: folds
Uncalled bet ($0.15) returned to de86c0c6
*** SHOWDOWN ***
de86c0c6 collected $0.25 from pot
*** SUMMARY ***
Total pot $0.25 | Rake $0 | Jackpot $0 | Bingo $0 | Fortune $0 | Tax $0
Seat 1: Hero folded before Flop (didn't bet)
Seat 2: de86c0c6 (button) collected ($0.25)
Seat 3: 95a4c36a (small blind) folded before Flop
Seat 4: 2a7a79f4 (big blind) folded before Flop
Seat 5: 8c83ba25 folded before Flop (didn't bet)
Seat 6: b1449b6d folded before Flop (didn't bet)


Poker Hand #HD1757468084: Hold'em No Limit ($0.05/$0.1) - 2024/05/03 22:18:27
Table 'NLHRed19' 6-max Seat #1 is the button
Seat 1: Hero ($14.41 in chips)
Seat 2: de86c0c6 ($28.23 in chips)
Seat 3: 95a4c36a ($10 in chips)
Seat 4: 2a7a79f4 ($11.37 in chips)
Seat 5: 8c83ba25 ($10.91 in chips)
Seat 6: b1449b6d ($10.79 in chips)
de86c0c6: posts small blind $0.05
95a4c36a: posts big blind $0.1
*** HOLE CARDS ***
Dealt to Hero [Jh 7c]
Dealt to de86c0c6 
Dealt to 95a4c36a 
Dealt to 2a7a79f4 
Dealt to 8c83ba25 
Dealt to b1449b6d 
2a7a79f4: folds
8c83ba25: folds
b1449b6d: folds
Hero: folds
de86c0c6: folds
Uncalled bet ($0.05) returned to 95a4c36a
*** SHOWDOWN ***
95a4c36a collected $0.1 from pot
*** SUMMARY ***
Total pot $0.1 | Rake $0 | Jackpot $0 | Bingo $0 | Fortune $0 | Tax $0
Seat 1: Hero (button) folded before Flop (didn't bet)
Seat 2: de86c0c6 (small blind) folded before Flop
Seat 3: 95a4c36a (big blind) collected ($0.1)
Seat 4: 2a7a79f4 folded before Flop (didn't bet)
Seat 5: 8c83ba25 folded before Flop (didn't bet)
Seat 6: b1449b6d folded before Flop (didn't bet)


Poker Hand #HD1757468059: Hold'em No Limit ($0.05/$0.1) - 2024/05/03 22:18:13
Table 'NLHRed19' 6-max Seat #6 is the button
Seat 1: Hero ($14.46 in chips)
Seat 2: de86c0c6 ($28.33 in chips)
Seat 3: 95a4c36a ($10 in chips)
Seat 4: 2a7a79f4 ($11.22 in chips)
Seat 5: 8c83ba25 ($10.91 in chips)
Seat 6: b1449b6d ($10.79 in chips)
Hero: posts small blind $0.05
de86c0c6: posts big blind $0.1
*** HOLE CARDS ***
Dealt to Hero [Ts 4d]
Dealt to de86c0c6 
Dealt to 95a4c36a 
Dealt to 2a7a79f4 
Dealt to 8c83ba25 
Dealt to b1449b6d 
95a4c36a: folds
2a7a79f4: raises $0.2 to $0.3
8c83ba25: folds
b1449b6d: folds
Hero: folds
de86c0c6: folds
Uncalled bet ($0.2) returned to 2a7a79f4
*** SHOWDOWN ***
2a7a79f4 collected $0.25 from pot
*** SUMMARY ***
Total pot $0.25 | Rake $0 | Jackpot $0 | Bingo $0 | Fortune $0 | Tax $0
Seat 1: Hero (small blind) folded before Flop
Seat 2: de86c0c6 (big blind) folded before Flop
Seat 3: 95a4c36a folded before Flop (didn't bet)
Seat 4: 2a7a79f4 collected ($0.25)
Seat 5: 8c83ba25 folded before Flop (didn't bet)
Seat 6: b1449b6d (button) folded before Flop (didn't bet)


Poker Hand #HD1757468021: Hold'em No Limit ($0.05/$0.1) - 2024/05/03 22:17:54
Table 'NLHRed19' 6-max Seat #5 is the button
Seat 1: Hero ($14.56 in chips)
Seat 2: de86c0c6 ($28.33 in chips)
Seat 3: 95a4c36a ($10 in chips)
Seat 4: 2a7a79f4 ($11.22 in chips)
Seat 5: 8c83ba25 ($10.76 in chips)
Seat 6: b1449b6d ($10.84 in chips)
b1449b6d: posts small blind $0.05
Hero: posts big blind $0.1
*** HOLE CARDS ***
Dealt to Hero [3h 5c]
Dealt to de86c0c6 
Dealt to 95a4c36a 
Dealt to 2a7a79f4 
Dealt to 8c83ba25 
Dealt to b1449b6d 
de86c0c6: folds
95a4c36a: folds
2a7a79f4: folds
8c83ba25: raises $0.12 to $0.22
b1449b6d: folds
Hero: folds
Uncalled bet ($0.12) returned to 8c83ba25
*** SHOWDOWN ***
8c83ba25 collected $0.25 from pot
*** SUMMARY ***
Total pot $0.25 | Rake $0 | Jackpot $0 | Bingo $0 | Fortune $0 | Tax $0
Seat 1: Hero (big blind) folded before Flop
Seat 2: de86c0c6 folded before Flop (didn't bet)
Seat 3: 95a4c36a folded before Flop (didn't bet)
Seat 4: 2a7a79f4 folded before Flop (didn't bet)
Seat 5: 8c83ba25 (button) collected ($0.25)
Seat 6: b1449b6d (small blind) folded before Flop


Poker Hand #HD1757467973: Hold'em No Limit ($0.05/$0.1) - 2024/05/03 22:17:31
Table 'NLHRed19' 6-max Seat #4 is the button
Seat 1: Hero ($14.56 in chips)
Seat 2: de86c0c6 ($28.33 in chips)
Seat 3: 95a4c36a ($10 in chips)
Seat 4: 2a7a79f4 ($11.07 in chips)
Seat 5: 8c83ba25 ($10.81 in chips)
Seat 6: b1449b6d ($10.94 in chips)
8c83ba25: posts small blind $0.05
b1449b6d: posts big blind $0.1
*** HOLE CARDS ***
Dealt to Hero [As 3h]
Dealt to de86c0c6 
Dealt to 95a4c36a 
Dealt to 2a7a79f4 
Dealt to 8c83ba25 
Dealt to b1449b6d 
Hero: folds
de86c0c6: folds
95a4c36a: folds
2a7a79f4: raises $0.15 to $0.25
8c83ba25: folds
b1449b6d: folds
Uncalled bet ($0.15) returned to 2a7a79f4
*** SHOWDOWN ***
2a7a79f4 collected $0.25 from pot
*** SUMMARY ***
Total pot $0.25 | Rake $0 | Jackpot $0 | Bingo $0 | Fortune $0 | Tax $0
Seat 1: Hero folded before Flop (didn't bet)
Seat 2: de86c0c6 folded before Flop (didn't bet)
Seat 3: 95a4c36a folded before Flop (didn't bet)
Seat 4: 2a7a79f4 (button) collected ($0.25)
Seat 5: 8c83ba25 (small blind) folded before Flop
Seat 6: b1449b6d (big blind) folded before Flop


Poker Hand #HD1757467910: Hold'em No Limit ($0.05/$0.1) - 2024/05/03 22:16:58
Table 'NLHRed19' 6-max Seat #3 is the button
Seat 1: Hero ($14.33 in chips)
Seat 2: de86c0c6 ($28.33 in chips)
Seat 3: 95a4c36a ($10 in chips)
Seat 4: 2a7a79f4 ($11.12 in chips)
Seat 5: 8c83ba25 ($11.01 in chips)
Seat 6: b1449b6d ($10.94 in chips)
2a7a79f4: posts small blind $0.05
8c83ba25: posts big blind $0.1
*** HOLE CARDS ***
Dealt to Hero [8s 8d]
Dealt to de86c0c6 
Dealt to 95a4c36a 
Dealt to 2a7a79f4 
Dealt to 8c83ba25 
Dealt to b1449b6d 
b1449b6d: folds
Hero: raises $0.1 to $0.2
de86c0c6: folds
95a4c36a: folds
2a7a79f4: folds
8c83ba25: calls $0.1
*** FLOP *** [9h Tc 8c]
8c83ba25: checks
Hero: bets $0.3
8c83ba25: folds
Uncalled bet ($0.3) returned to Hero
*** SHOWDOWN ***
Hero collected $0.43 from pot
*** SUMMARY ***
Total pot $0.45 | Rake $0.02 | Jackpot $0 | Bingo $0 | Fortune $0 | Tax $0
Board [9h Tc 8c]
Seat 1: Hero won ($0.43)
Seat 2: de86c0c6 folded before Flop (didn't bet)
Seat 3: 95a4c36a (button) folded before Flop (didn't bet)
Seat 4: 2a7a79f4 (small blind) folded before Flop
Seat 5: 8c83ba25 (big blind) folded on the Flop
Seat 6: b1449b6d folded before Flop (didn't bet)


Poker Hand #HD1757467783: Hold'em No Limit ($0.05/$0.1) - 2024/05/03 22:15:54
Table 'NLHRed19' 6-max Seat #2 is the button
Seat 1: Hero ($14.57 in chips)
Seat 2: de86c0c6 ($19.09 in chips)
Seat 3: 95a4c36a ($10 in chips)
Seat 4: 2a7a79f4 ($11.22 in chips)
Seat 5: 8c83ba25 ($11.01 in chips)
Seat 6: b1449b6d ($10.94 in chips)
95a4c36a: posts small blind $0.05
2a7a79f4: posts big blind $0.1
*** HOLE CARDS ***
Dealt to Hero [7h 8h]
Dealt to de86c0c6 
Dealt to 95a4c36a 
Dealt to 2a7a79f4 
Dealt to 8c83ba25 
Dealt to b1449b6d 
8c83ba25: folds
b1449b6d: folds
Hero: raises $0.14 to $0.24
de86c0c6: raises $0.63 to $0.87
95a4c36a: raises $1.56 to $2.43
2a7a79f4: folds
Hero: folds
de86c0c6: raises $5.2 to $7.63
95a4c36a: raises $2.37 to $10 and is all-in
de86c0c6: calls $2.37
95a4c36a: shows [Js Jd]
de86c0c6: shows [Kc Kd]
*** FLOP *** [Qc 9s 3s]
*** TURN *** [Qc 9s 3s] [2c]
*** RIVER *** [Qc 9s 3s 2c] [6d]
*** SHOWDOWN ***
de86c0c6 collected $19.24 from pot
*** SUMMARY ***
Total pot $20.34 | Rake $1 | Jackpot $0.1 | Bingo $0 | Fortune $0 | Tax $0
Board [Qc 9s 3s 2c 6d]
Seat 1: Hero folded before Flop
Seat 2: de86c0c6 (button) showed [Kc Kd] and won ($19.24) with Pair of Kings
Seat 3: 95a4c36a (small blind) showed [Js Jd] and lost with Pair of Jacks
Seat 4: 2a7a79f4 (big blind) folded before Flop
Seat 5: 8c83ba25 folded before Flop (didn't bet)
Seat 6: b1449b6d folded before Flop (didn't bet)


Poker Hand #HD1757467753: Hold'em No Limit ($0.05/$0.1) - 2024/05/03 22:15:41
Table 'NLHRed19' 6-max Seat #1 is the button
Seat 1: Hero ($14.57 in chips)
Seat 2: de86c0c6 ($18.99 in chips)
Seat 3: 95a4c36a ($10 in chips)
Seat 4: 2a7a79f4 ($11.22 in chips)
Seat 5: 8c83ba25 ($11.01 in chips)
Seat 6: b1449b6d ($10.94 in chips)
de86c0c6: posts small blind $0.05
95a4c36a: posts big blind $0.1
*** HOLE CARDS ***
Dealt to Hero [8d 2d]
Dealt to de86c0c6 
Dealt to 95a4c36a 
Dealt to 2a7a79f4 
Dealt to 8c83ba25 
Dealt to b1449b6d 
2a7a79f4: folds
8c83ba25: folds
b1449b6d: folds
Hero: folds
de86c0c6: raises $0.2 to $0.3
95a4c36a: folds
Uncalled bet ($0.2) returned to de86c0c6
*** SHOWDOWN ***
de86c0c6 collected $0.2 from pot
*** SUMMARY ***
Total pot $0.2 | Rake $0 | Jackpot $0 | Bingo $0 | Fortune $0 | Tax $0
Seat 1: Hero (button) folded before Flop (didn't bet)
Seat 2: de86c0c6 (small blind) collected ($0.2)
Seat 3: 95a4c36a (big blind) folded before Flop
Seat 4: 2a7a79f4 folded before Flop (didn't bet)
Seat 5: 8c83ba25 folded before Flop (didn't bet)
Seat 6: b1449b6d folded before Flop (didn't bet)


Poker Hand #HD1757467624: Hold'em No Limit ($0.05/$0.1) - 2024/05/03 22:14:33
Table 'NLHRed19' 6-max Seat #6 is the button
Seat 1: Hero ($14.62 in chips)
Seat 2: de86c0c6 ($20.12 in chips)
Seat 3: 95a4c36a ($10 in chips)
Seat 4: 2a7a79f4 ($10.15 in chips)
Seat 5: 8c83ba25 ($11.01 in chips)
Seat 6: b1449b6d ($10.94 in chips)
Hero: posts small blind $0.05
de86c0c6: posts big blind $0.1
*** HOLE CARDS ***
Dealt to Hero [Th 5s]
Dealt to de86c0c6 
Dealt to 95a4c36a 
Dealt to 2a7a79f4 
Dealt to 8c83ba25 
Dealt to b1449b6d 
95a4c36a: folds
2a7a79f4: raises $0.2 to $0.3
8c83ba25: folds
b1449b6d: folds
Hero: folds
de86c0c6: calls $0.2
*** FLOP *** [7h 6s Jh]
de86c0c6: checks
2a7a79f4: bets $0.25
de86c0c6: calls $0.25
*** TURN *** [7h 6s Jh] [9d]
de86c0c6: checks
2a7a79f4: checks
*** RIVER *** [7h 6s Jh 9d] [Jc]
de86c0c6: bets $0.58
2a7a79f4: calls $0.58
de86c0c6: shows [Kd Td] (Pair of Jacks)
2a7a79f4: shows [7c Ac] (Pair of Jacks and Pair of Sevens)
*** SHOWDOWN ***
2a7a79f4 collected $2.2 from pot
*** SUMMARY ***
Total pot $2.31 | Rake $0.11 | Jackpot $0 | Bingo $0 | Fortune $0 | Tax $0
Board [7h 6s Jh 9d Jc]
Seat 1: Hero (small blind) folded before Flop
Seat 2: de86c0c6 (big blind) showed [Kd Td] and lost with Pair of Jacks
Seat 3: 95a4c36a folded before Flop (didn't bet)
Seat 4: 2a7a79f4 showed [7c Ac] and won ($2.2) with Pair of Jacks and Pair of Sevens
Seat 5: 8c83ba25 folded before Flop (didn't bet)
Seat 6: b1449b6d (button) folded before Flop (didn't bet)


Poker Hand #HD1757467609: Hold'em No Limit ($0.05/$0.1) - 2024/05/03 22:14:23
Table 'NLHRed19' 6-max Seat #5 is the button
Seat 1: Hero ($14.72 in chips)
Seat 2: de86c0c6 ($20.12 in chips)
Seat 3: 95a4c36a ($10 in chips)
Seat 4: 2a7a79f4 ($10 in chips)
Seat 5: 8c83ba25 ($11.01 in chips)
Seat 6: b1449b6d ($10.99 in chips)
b1449b6d: posts small blind $0.05
Hero: posts big blind $0.1
*** HOLE CARDS ***
Dealt to Hero [8h 5d]
Dealt to de86c0c6 
Dealt to 95a4c36a 
Dealt to 2a7a79f4 
Dealt to 8c83ba25 
Dealt to b1449b6d 
de86c0c6: folds
95a4c36a: folds
2a7a79f4: raises $0.15 to $0.25
8c83ba25: folds
b1449b6d: folds
Hero: folds
Uncalled bet ($0.15) returned to 2a7a79f4
*** SHOWDOWN ***
2a7a79f4 collected $0.25 from pot
*** SUMMARY ***
Total pot $0.25 | Rake $0 | Jackpot $0 | Bingo $0 | Fortune $0 | Tax $0
Seat 1: Hero (big blind) folded before Flop
Seat 2: de86c0c6 folded before Flop (didn't bet)
Seat 3: 95a4c36a folded before Flop (didn't bet)
Seat 4: 2a7a79f4 collected ($0.25)
Seat 5: 8c83ba25 (button) folded before Flop (didn't bet)
Seat 6: b1449b6d (small blind) folded before Flop


Poker Hand #HD1757467519: Hold'em No Limit ($0.05/$0.1) - 2024/05/03 22:13:33
Table 'NLHRed19' 6-max Seat #4 is the button
Seat 1: Hero ($14.72 in chips)
Seat 2: de86c0c6 ($19.1 in chips)
Seat 3: 95a4c36a ($10 in chips)
Seat 4: 2a7a79f4 ($10 in chips)
Seat 5: 8c83ba25 ($11.06 in chips)
Seat 6: b1449b6d ($11.09 in chips)
8c83ba25: posts small blind $0.05
b1449b6d: posts big blind $0.1
*** HOLE CARDS ***
Dealt to Hero [5h Js]
Dealt to de86c0c6 
Dealt to 95a4c36a 
Dealt to 2a7a79f4 
Dealt to 8c83ba25 
Dealt to b1449b6d 
Hero: folds
de86c0c6: raises $0.2 to $0.3
95a4c36a: calls $0.3
2a7a79f4: folds
8c83ba25: folds
b1449b6d: folds
*** FLOP *** [6s 7h 5c]
de86c0c6: bets $0.25
95a4c36a: calls $0.25
*** TURN *** [6s 7h 5c] [9s]
de86c0c6: checks
95a4c36a: checks
*** RIVER *** [6s 7h 5c 9s] [6c]
de86c0c6: bets $0.42
95a4c36a: calls $0.42
de86c0c6: shows [Qs Qh] (Pair of Queens and Pair of Sixes)
95a4c36a: shows [Jd Ac] (Pair of Sixes)
*** SHOWDOWN ***
de86c0c6 collected $1.99 from pot
*** SUMMARY ***
Total pot $2.09 | Rake $0.1 | Jackpot $0 | Bingo $0 | Fortune $0 | Tax $0
Board [6s 7h 5c 9s 6c]
Seat 1: Hero folded before Flop (didn't bet)
Seat 2: de86c0c6 showed [Qs Qh] and won ($1.99) with Pair of Queens and Pair of Sixes
Seat 3: 95a4c36a showed [Jd Ac] and lost with Pair of Sixes
Seat 4: 2a7a79f4 (button) folded before Flop (didn't bet)
Seat 5: 8c83ba25 (small blind) folded before Flop
Seat 6: b1449b6d (big blind) folded before Flop


Poker Hand #HD1757467272: Hold'em No Limit ($0.05/$0.1) - 2024/05/03 22:11:22
Table 'NLHRed19' 6-max Seat #3 is the button
Seat 1: Hero ($11.77 in chips)
Seat 2: de86c0c6 ($19.6 in chips)
Seat 3: 95a4c36a ($10 in chips)
Seat 4: 2a7a79f4 ($10 in chips)
Seat 5: 8c83ba25 ($13.86 in chips)
Seat 6: b1449b6d ($11.09 in chips)
2a7a79f4: posts small blind $0.05
8c83ba25: posts big blind $0.1
*** HOLE CARDS ***
Dealt to Hero [Ac Ah]
Dealt to de86c0c6 
Dealt to 95a4c36a 
Dealt to 2a7a79f4 
Dealt to 8c83ba25 
Dealt to b1449b6d 
b1449b6d: folds
Hero: raises $0.1 to $0.2
de86c0c6: calls $0.2
95a4c36a: folds
2a7a79f4: folds
8c83ba25: calls $0.1
*** FLOP *** [6s 9c 3c]
8c83ba25: checks
Hero: bets $0.3
de86c0c6: calls $0.3
8c83ba25: calls $0.3
*** TURN *** [6s 9c 3c] [5h]
8c83ba25: checks
Hero: bets $0.6
de86c0c6: folds
8c83ba25: calls $0.6
*** RIVER *** [6s 9c 3c 5h] [Qd]
8c83ba25: checks
Hero: bets $1.7
8c83ba25: calls $1.7
Hero: shows [Ac Ah] (Pair of Aces)
8c83ba25: shows [Tc 9h] (Pair of Nines)
*** SHOWDOWN ***
Hero collected $5.75 from pot
*** SUMMARY ***
Total pot $6.15 | Rake $0.3 | Jackpot $0.1 | Bingo $0 | Fortune $0 | Tax $0
Board [6s 9c 3c 5h Qd]
Seat 1: Hero showed [Ac Ah] and won ($5.75) with Pair of Aces
Seat 2: de86c0c6 folded on the Turn
Seat 3: 95a4c36a (button) folded before Flop (didn't bet)
Seat 4: 2a7a79f4 (small blind) folded before Flop
Seat 5: 8c83ba25 (big blind) showed [Tc 9h] and lost with Pair of Nines
Seat 6: b1449b6d folded before Flop (didn't bet)


Poker Hand #HD1757467228: Hold'em No Limit ($0.05/$0.1) - 2024/05/03 22:10:59
Table 'NLHRed19' 6-max Seat #2 is the button
Seat 1: Hero ($11.41 in chips)
Seat 2: de86c0c6 ($19.84 in chips)
Seat 3: 95a4c36a ($10 in chips)
Seat 4: 2a7a79f4 ($10 in chips)
Seat 5: 8c83ba25 ($13.86 in chips)
Seat 6: b1449b6d ($11.09 in chips)
95a4c36a: posts small blind $0.05
2a7a79f4: posts big blind $0.1
*** HOLE CARDS ***
Dealt to Hero [Kd Qc]
Dealt to de86c0c6 
Dealt to 95a4c36a 
Dealt to 2a7a79f4 
Dealt to 8c83ba25 
Dealt to b1449b6d 
8c83ba25: folds
b1449b6d: folds
Hero: raises $0.14 to $0.24
de86c0c6: calls $0.24
95a4c36a: folds
2a7a79f4: folds
*** FLOP *** [8c Ad 9c]
Hero: bets $0.21
de86c0c6: folds
Uncalled bet ($0.21) returned to Hero
*** SHOWDOWN ***
Hero collected $0.6 from pot
*** SUMMARY ***
Total pot $0.63 | Rake $0.03 | Jackpot $0 | Bingo $0 | Fortune $0 | Tax $0
Board [8c Ad 9c]
Seat 1: Hero won ($0.6)
Seat 2: de86c0c6 (button) folded on the Flop
Seat 3: 95a4c36a (small blind) folded before Flop
Seat 4: 2a7a79f4 (big blind) folded before Flop
Seat 5: 8c83ba25 folded before Flop (didn't bet)
Seat 6: b1449b6d folded before Flop (didn't bet)


Poker Hand #HD1757467165: Hold'em No Limit ($0.05/$0.1) - 2024/05/03 22:10:26
Table 'NLHRed19' 6-max Seat #1 is the button
Seat 1: Hero ($11.41 in chips)
Seat 2: de86c0c6 ($19.61 in chips)
Seat 3: 95a4c36a ($10.22 in chips)
Seat 4: 2a7a79f4 ($10 in chips)
Seat 5: 8c83ba25 ($13.86 in chips)
Seat 6: b1449b6d ($11.09 in chips)
de86c0c6: posts small blind $0.05
95a4c36a: posts big blind $0.1
*** HOLE CARDS ***
Dealt to Hero [4s Qh]
Dealt to de86c0c6 
Dealt to 95a4c36a 
Dealt to 2a7a79f4 
Dealt to 8c83ba25 
Dealt to b1449b6d 
2a7a79f4: folds
8c83ba25: folds
b1449b6d: folds
Hero: folds
de86c0c6: raises $0.15 to $0.25
95a4c36a: calls $0.15
*** FLOP *** [5s 2c 3s]
de86c0c6: checks
95a4c36a: checks
*** TURN *** [5s 2c 3s] [9c]
de86c0c6: checks
95a4c36a: checks
*** RIVER *** [5s 2c 3s 9c] [Ac]
de86c0c6: bets $0.25
95a4c36a: folds
Uncalled bet ($0.25) returned to de86c0c6
*** SHOWDOWN ***
de86c0c6 collected $0.48 from pot
*** SUMMARY ***
Total pot $0.5 | Rake $0.02 | Jackpot $0 | Bingo $0 | Fortune $0 | Tax $0
Board [5s 2c 3s 9c Ac]
Seat 1: Hero (button) folded before Flop (didn't bet)
Seat 2: de86c0c6 (small blind) won ($0.48)
Seat 3: 95a4c36a (big blind) folded on the River
Seat 4: 2a7a79f4 folded before Flop (didn't bet)
Seat 5: 8c83ba25 folded before Flop (didn't bet)
Seat 6: b1449b6d folded before Flop (didn't bet)


Poker Hand #HD1757467118: Hold'em No Limit ($0.05/$0.1) - 2024/05/03 22:10:02
Table 'NLHRed19' 6-max Seat #6 is the button
Seat 1: Hero ($11.04 in chips)
Seat 2: de86c0c6 ($19.71 in chips)
Seat 3: 95a4c36a ($10.22 in chips)
Seat 4: 2a7a79f4 ($10 in chips)
Seat 5: 8c83ba25 ($13.86 in chips)
Seat 6: b1449b6d ($11.09 in chips)
Hero: posts small blind $0.05
de86c0c6: posts big blind $0.1
*** HOLE CARDS ***
Dealt to Hero [Kc Kd]
Dealt to de86c0c6 
Dealt to 95a4c36a 
Dealt to 2a7a79f4 
Dealt to 8c83ba25 
Dealt to b1449b6d 
95a4c36a: folds
2a7a79f4: raises $0.2 to $0.3
8c83ba25: folds
b1449b6d: folds
Hero: raises $0.9 to $1.2
de86c0c6: folds
2a7a79f4: folds
Uncalled bet ($0.9) returned to Hero
*** SHOWDOWN ***
Hero collected $0.67 from pot
*** SUMMARY ***
Total pot $0.7 | Rake $0.03 | Jackpot $0 | Bingo $0 | Fortune $0 | Tax $0
Seat 1: Hero (small blind) collected ($0.67)
Seat 2: de86c0c6 (big blind) folded before Flop
Seat 3: 95a4c36a folded before Flop (didn't bet)
Seat 4: 2a7a79f4 folded before Flop
Seat 5: 8c83ba25 folded before Flop (didn't bet)
Seat 6: b1449b6d (button) folded before Flop (didn't bet)


Poker Hand #HD1757466955: Hold'em No Limit ($0.05/$0.1) - 2024/05/03 22:08:41
Table 'NLHRed19' 6-max Seat #5 is the button
Seat 1: Hero ($11.14 in chips)
Seat 2: de86c0c6 ($19.71 in chips)
Seat 3: 95a4c36a ($10.22 in chips)
Seat 4: 2a7a79f4 ($10 in chips)
Seat 5: 8c83ba25 ($13.86 in chips)
Seat 6: b1449b6d ($10 in chips)
b1449b6d: posts small blind $0.05
Hero: posts big blind $0.1
*** HOLE CARDS ***
Dealt to Hero [8c 3c]
Dealt to de86c0c6 
Dealt to 95a4c36a 
Dealt to 2a7a79f4 
Dealt to 8c83ba25 
Dealt to b1449b6d 
de86c0c6: folds
95a4c36a: folds
2a7a79f4: raises $0.15 to $0.25
8c83ba25: folds
b1449b6d: raises $0.85 to $1.1
Hero: folds
2a7a79f4: calls $0.85
*** FLOP *** [Js Td 4s]
b1449b6d: checks
2a7a79f4: checks
*** TURN *** [Js Td 4s] [3h]
b1449b6d: checks
2a7a79f4: checks
*** RIVER *** [Js Td 4s 3h] [Ks]
b1449b6d: checks
2a7a79f4: checks
b1449b6d: shows [Kh Ad] (Pair of Kings)
2a7a79f4: shows [9d 9h] (Pair of Nines)
*** SHOWDOWN ***
b1449b6d collected $2.19 from pot
*** SUMMARY ***
Total pot $2.3 | Rake $0.11 | Jackpot $0 | Bingo $0 | Fortune $0 | Tax $0
Board [Js Td 4s 3h Ks]
Seat 1: Hero (big blind) folded before Flop
Seat 2: de86c0c6 folded before Flop (didn't bet)
Seat 3: 95a4c36a folded before Flop (didn't bet)
Seat 4: 2a7a79f4 showed [9d 9h] and lost with Pair of Nines
Seat 5: 8c83ba25 (button) folded before Flop (didn't bet)
Seat 6: b1449b6d (small blind) showed [Kh Ad] and won ($2.19) with Pair of Kings


Poker Hand #HD1757466816: Hold'em No Limit ($0.05/$0.1) - 2024/05/03 22:07:42
Table 'NLHRed19' 6-max Seat #4 is the button
Seat 1: Hero ($11.14 in chips)
Seat 2: de86c0c6 ($18.25 in chips)
Seat 3: 95a4c36a ($10.47 in chips)
Seat 4: 2a7a79f4 ($10.82 in chips)
Seat 5: 8c83ba25 ($13.91 in chips)
Seat 6: b1449b6d ($10 in chips)
8c83ba25: posts small blind $0.05
b1449b6d: posts big blind $0.1
*** HOLE CARDS ***
Dealt to Hero [3h Kh]
Dealt to de86c0c6 
Dealt to 95a4c36a 
Dealt to 2a7a79f4 
Dealt to 8c83ba25 
Dealt to b1449b6d 
Hero: folds
de86c0c6: raises $0.15 to $0.25
95a4c36a: calls $0.25
2a7a79f4: raises $0.95 to $1.2
8c83ba25: folds
b1449b6d: folds
de86c0c6: raises $2.1 to $3.3
95a4c36a: folds
2a7a79f4: folds
Uncalled bet ($2.1) returned to de86c0c6
*** SHOWDOWN ***
de86c0c6 collected $2.66 from pot
*** SUMMARY ***
Total pot $2.8 | Rake $0.14 | Jackpot $0 | Bingo $0 | Fortune $0 | Tax $0
Seat 1: Hero folded before Flop (didn't bet)
Seat 2: de86c0c6 collected ($2.66)
Seat 3: 95a4c36a folded before Flop
Seat 4: 2a7a79f4 (button) folded before Flop
Seat 5: 8c83ba25 (small blind) folded before Flop
Seat 6: b1449b6d (big blind) folded before Flop


Poker Hand #HD1757466743: Hold'em No Limit ($0.05/$0.1) - 2024/05/03 22:07:01
Table 'NLHRed19' 6-max Seat #3 is the button
Seat 1: Hero ($11.54 in chips)
Seat 2: de86c0c6 ($17.74 in chips)
Seat 3: 95a4c36a ($10.47 in chips)
Seat 4: 2a7a79f4 ($10.87 in chips)
Seat 5: 8c83ba25 ($14.01 in chips)
2a7a79f4: posts small blind $0.05
8c83ba25: posts big blind $0.1
*** HOLE CARDS ***
Dealt to Hero [Qd Ac]
Dealt to de86c0c6 
Dealt to 95a4c36a 
Dealt to 2a7a79f4 
Dealt to 8c83ba25 
Hero: raises $0.1 to $0.2
de86c0c6: calls $0.2
95a4c36a: folds
2a7a79f4: folds
8c83ba25: folds
*** FLOP *** [2s 3c 9h]
Hero: checks
de86c0c6: bets $0.2
Hero: calls $0.2
*** TURN *** [2s 3c 9h] [2c]
Hero: checks
de86c0c6: bets $0.48
Hero: folds
Uncalled bet ($0.48) returned to de86c0c6
*** SHOWDOWN ***
de86c0c6 collected $0.91 from pot
*** SUMMARY ***
Total pot $0.95 | Rake $0.04 | Jackpot $0 | Bingo $0 | Fortune $0 | Tax $0
Board [2s 3c 9h 2c]
Seat 1: Hero folded on the Turn
Seat 2: de86c0c6 won ($0.91)
Seat 3: 95a4c36a (button) folded before Flop (didn't bet)
Seat 4: 2a7a79f4 (small blind) folded before Flop
Seat 5: 8c83ba25 (big blind) folded before Flop


Poker Hand #HD1757466664: Hold'em No Limit ($0.05/$0.1) - 2024/05/03 22:06:15
Table 'NLHRed19' 6-max Seat #2 is the button
Seat 1: Hero ($11.54 in chips)
Seat 2: de86c0c6 ($17.74 in chips)
Seat 3: 95a4c36a ($10.77 in chips)
Seat 4: 2a7a79f4 ($10.6 in chips)
Seat 5: 8c83ba25 ($14.01 in chips)
95a4c36a: posts small blind $0.05
2a7a79f4: posts big blind $0.1
*** HOLE CARDS ***
Dealt to Hero [8c Qd]
Dealt to de86c0c6 
Dealt to 95a4c36a 
Dealt to 2a7a79f4 
Dealt to 8c83ba25 
8c83ba25: folds
Hero: folds
de86c0c6: folds
95a4c36a: raises $0.2 to $0.3
2a7a79f4: calls $0.2
*** FLOP *** [5c 4s 7c]
95a4c36a: checks
2a7a79f4: checks
*** TURN *** [5c 4s 7c] [Tc]
95a4c36a: checks
2a7a79f4: checks
*** RIVER *** [5c 4s 7c Tc] [Td]
95a4c36a: checks
2a7a79f4: bets $0.3
95a4c36a: folds
Uncalled bet ($0.3) returned to 2a7a79f4
*** SHOWDOWN ***
2a7a79f4 collected $0.57 from pot
*** SUMMARY ***
Total pot $0.6 | Rake $0.03 | Jackpot $0 | Bingo $0 | Fortune $0 | Tax $0
Board [5c 4s 7c Tc Td]
Seat 1: Hero folded before Flop (didn't bet)
Seat 2: de86c0c6 (button) folded before Flop (didn't bet)
Seat 3: 95a4c36a (small blind) folded on the River
Seat 4: 2a7a79f4 (big blind) won ($0.57)
Seat 5: 8c83ba25 folded before Flop (didn't bet)


Poker Hand #HD1757466635: Hold'em No Limit ($0.05/$0.1) - 2024/05/03 22:06:03
Table 'NLHRed19' 6-max Seat #1 is the button
Seat 1: Hero ($11.54 in chips)
Seat 2: de86c0c6 ($17.79 in chips)
Seat 3: 95a4c36a ($10.72 in chips)
Seat 4: 2a7a79f4 ($10.6 in chips)
Seat 5: 8c83ba25 ($14.01 in chips)
de86c0c6: posts small blind $0.05
95a4c36a: posts big blind $0.1
*** HOLE CARDS ***
Dealt to Hero [Td 4s]
Dealt to de86c0c6 
Dealt to 95a4c36a 
Dealt to 2a7a79f4 
Dealt to 8c83ba25 
2a7a79f4: folds
8c83ba25: folds
Hero: folds
de86c0c6: folds
Uncalled bet ($0.05) returned to 95a4c36a
*** SHOWDOWN ***
95a4c36a collected $0.1 from pot
*** SUMMARY ***
Total pot $0.1 | Rake $0 | Jackpot $0 | Bingo $0 | Fortune $0 | Tax $0
Seat 1: Hero (button) folded before Flop (didn't bet)
Seat 2: de86c0c6 (small blind) folded before Flop
Seat 3: 95a4c36a (big blind) collected ($0.1)
Seat 4: 2a7a79f4 folded before Flop (didn't bet)
Seat 5: 8c83ba25 folded before Flop (didn't bet)


Poker Hand #HD1757466617: Hold'em No Limit ($0.05/$0.1) - 2024/05/03 22:05:53
Table 'NLHRed19' 6-max Seat #5 is the button
Seat 1: Hero ($11.59 in chips)
Seat 2: de86c0c6 ($17.74 in chips)
Seat 3: 95a4c36a ($10.72 in chips)
Seat 4: 2a7a79f4 ($10.6 in chips)
Seat 5: 8c83ba25 ($14.01 in chips)
Hero: posts small blind $0.05
de86c0c6: posts big blind $0.1
*** HOLE CARDS ***
Dealt to Hero [Kc 5c]
Dealt to de86c0c6 
Dealt to 95a4c36a 
Dealt to 2a7a79f4 
Dealt to 8c83ba25 
95a4c36a: folds
2a7a79f4: folds
8c83ba25: folds
Hero: folds
Uncalled bet ($0.05) returned to de86c0c6
*** SHOWDOWN ***
de86c0c6 collected $0.1 from pot
*** SUMMARY ***
Total pot $0.1 | Rake $0 | Jackpot $0 | Bingo $0 | Fortune $0 | Tax $0
Seat 1: Hero (small blind) folded before Flop
Seat 2: de86c0c6 (big blind) collected ($0.1)
Seat 3: 95a4c36a folded before Flop (didn't bet)
Seat 4: 2a7a79f4 folded before Flop (didn't bet)
Seat 5: 8c83ba25 (button) folded before Flop (didn't bet)


Poker Hand #HD1757466577: Hold'em No Limit ($0.05/$0.1) - 2024/05/03 22:05:34
Table 'NLHRed19' 6-max Seat #4 is the button
Seat 1: Hero ($11.69 in chips)
Seat 3: 95a4c36a ($10.72 in chips)
Seat 4: 2a7a79f4 ($10.45 in chips)
Seat 5: 8c83ba25 ($14.06 in chips)
8c83ba25: posts small blind $0.05
Hero: posts big blind $0.1
*** HOLE CARDS ***
Dealt to Hero [8h Qc]
Dealt to 95a4c36a 
Dealt to 2a7a79f4 
Dealt to 8c83ba25 
95a4c36a: folds
2a7a79f4: raises $0.15 to $0.25
8c83ba25: folds
Hero: folds
Uncalled bet ($0.15) returned to 2a7a79f4
*** SHOWDOWN ***
2a7a79f4 collected $0.25 from pot
*** SUMMARY ***
Total pot $0.25 | Rake $0 | Jackpot $0 | Bingo $0 | Fortune $0 | Tax $0
Seat 1: Hero (big blind) folded before Flop
Seat 3: 95a4c36a folded before Flop (didn't bet)
Seat 4: 2a7a79f4 (button) collected ($0.25)
Seat 5: 8c83ba25 (small blind) folded before Flop


Poker Hand #HD1757466542: Hold'em No Limit ($0.05/$0.1) - 2024/05/03 22:05:19
Table 'NLHRed19' 6-max Seat #3 is the button
Seat 1: Hero ($11.69 in chips)
Seat 3: 95a4c36a ($10.72 in chips)
Seat 4: 2a7a79f4 ($10.5 in chips)
Seat 5: 8c83ba25 ($14.01 in chips)
Seat 6: e0a71133 ($19.42 in chips)
2a7a79f4: posts small blind $0.05
8c83ba25: posts big blind $0.1
*** HOLE CARDS ***
Dealt to Hero [6d 7s]
Dealt to 95a4c36a 
Dealt to 2a7a79f4 
Dealt to 8c83ba25 
Dealt to e0a71133 
e0a71133: folds
Hero: folds
95a4c36a: folds
2a7a79f4: folds
Uncalled bet ($0.05) returned to 8c83ba25
*** SHOWDOWN ***
8c83ba25 collected $0.1 from pot
*** SUMMARY ***
Total pot $0.1 | Rake $0 | Jackpot $0 | Bingo $0 | Fortune $0 | Tax $0
Seat 1: Hero folded before Flop (didn't bet)
Seat 3: 95a4c36a (button) folded before Flop (didn't bet)
Seat 4: 2a7a79f4 (small blind) folded before Flop
Seat 5: 8c83ba25 (big blind) collected ($0.1)
Seat 6: e0a71133 folded before Flop (didn't bet)


Poker Hand #HD1757466467: Hold'em No Limit ($0.05/$0.1) - 2024/05/03 22:04:38
Table 'NLHRed19' 6-max Seat #2 is the button
Seat 1: Hero ($11.93 in chips)
Seat 2: de86c0c6 ($17.98 in chips)
Seat 3: 95a4c36a ($10.77 in chips)
Seat 4: 2a7a79f4 ($10 in chips)
Seat 5: 8c83ba25 ($14.01 in chips)
Seat 6: e0a71133 ($19.42 in chips)
95a4c36a: posts small blind $0.05
2a7a79f4: posts big blind $0.1
*** HOLE CARDS ***
Dealt to Hero [4c 4s]
Dealt to de86c0c6 
Dealt to 95a4c36a 
Dealt to 2a7a79f4 
Dealt to 8c83ba25 
Dealt to e0a71133 
8c83ba25: folds
e0a71133: folds
Hero: raises $0.14 to $0.24
de86c0c6: calls $0.24
95a4c36a: folds
2a7a79f4: raises $1.16 to $1.4
Hero: folds
de86c0c6: folds
Uncalled bet ($1.16) returned to 2a7a79f4
*** SHOWDOWN ***
2a7a79f4 collected $0.74 from pot
*** SUMMARY ***
Total pot $0.77 | Rake $0.03 | Jackpot $0 | Bingo $0 | Fortune $0 | Tax $0
Seat 1: Hero folded before Flop
Seat 2: de86c0c6 (button) folded before Flop
Seat 3: 95a4c36a (small blind) folded before Flop
Seat 4: 2a7a79f4 (big blind) collected ($0.74)
Seat 5: 8c83ba25 folded before Flop (didn't bet)
Seat 6: e0a71133 folded before Flop (didn't bet)


Poker Hand #HD1757466439: Hold'em No Limit ($0.05/$0.1) - 2024/05/03 22:04:23
Table 'NLHRed19' 6-max Seat #1 is the button
Seat 1: Hero ($11.93 in chips)
Seat 2: de86c0c6 ($18.03 in chips)
Seat 3: 95a4c36a ($10.72 in chips)
Seat 4: 2a7a79f4 ($10 in chips)
Seat 5: 8c83ba25 ($14.01 in chips)
Seat 6: e0a71133 ($19.42 in chips)
de86c0c6: posts small blind $0.05
95a4c36a: posts big blind $0.1
*** HOLE CARDS ***
Dealt to Hero [8h Ks]
Dealt to de86c0c6 
Dealt to 95a4c36a 
Dealt to 2a7a79f4 
Dealt to 8c83ba25 
Dealt to e0a71133 
2a7a79f4: folds
8c83ba25: folds
e0a71133: folds
Hero: folds
de86c0c6: folds
Uncalled bet ($0.05) returned to 95a4c36a
*** SHOWDOWN ***
95a4c36a collected $0.1 from pot
*** SUMMARY ***
Total pot $0.1 | Rake $0 | Jackpot $0 | Bingo $0 | Fortune $0 | Tax $0
Seat 1: Hero (button) folded before Flop (didn't bet)
Seat 2: de86c0c6 (small blind) folded before Flop
Seat 3: 95a4c36a (big blind) collected ($0.1)
Seat 4: 2a7a79f4 folded before Flop (didn't bet)
Seat 5: 8c83ba25 folded before Flop (didn't bet)
Seat 6: e0a71133 folded before Flop (didn't bet)


Poker Hand #HD1757466409: Hold'em No Limit ($0.05/$0.1) - 2024/05/03 22:04:09
Table 'NLHRed19' 6-max Seat #6 is the button
Seat 1: Hero ($11.98 in chips)
Seat 2: de86c0c6 ($18.13 in chips)
Seat 3: 95a4c36a ($10.72 in chips)
Seat 4: 2a7a79f4 ($10 in chips)
Seat 5: 8c83ba25 ($13.86 in chips)
Seat 6: e0a71133 ($19.42 in chips)
Hero: posts small blind $0.05
de86c0c6: posts big blind $0.1
*** HOLE CARDS ***
Dealt to Hero [9d 8c]
Dealt to de86c0c6 
Dealt to 95a4c36a 
Dealt to 2a7a79f4 
Dealt to 8c83ba25 
Dealt to e0a71133 
95a4c36a: folds
2a7a79f4: folds
8c83ba25: raises $0.15 to $0.25
e0a71133: folds
Hero: folds
de86c0c6: folds
Uncalled bet ($0.15) returned to 8c83ba25
*** SHOWDOWN ***
8c83ba25 collected $0.25 from pot
*** SUMMARY ***
Total pot $0.25 | Rake $0 | Jackpot $0 | Bingo $0 | Fortune $0 | Tax $0
Seat 1: Hero (small blind) folded before Flop
Seat 2: de86c0c6 (big blind) folded before Flop
Seat 3: 95a4c36a folded before Flop (didn't bet)
Seat 4: 2a7a79f4 folded before Flop (didn't bet)
Seat 5: 8c83ba25 collected ($0.25)
Seat 6: e0a71133 (button) folded before Flop (didn't bet)


Poker Hand #HD1757466311: Hold'em No Limit ($0.05/$0.1) - 2024/05/03 22:03:21
Table 'NLHRed19' 6-max Seat #5 is the button
Seat 1: Hero ($12.2 in chips)
Seat 2: de86c0c6 ($18.13 in chips)
Seat 3: 95a4c36a ($10.72 in chips)
Seat 4: 2a7a79f4 ($10 in chips)
Seat 5: 8c83ba25 ($13.61 in chips)
Seat 6: e0a71133 ($19.47 in chips)
e0a71133: posts small blind $0.05
Hero: posts big blind $0.1
*** HOLE CARDS ***
Dealt to Hero [Ah 9d]
Dealt to de86c0c6 
Dealt to 95a4c36a 
Dealt to 2a7a79f4 
Dealt to 8c83ba25 
Dealt to e0a71133 
de86c0c6: folds
95a4c36a: folds
2a7a79f4: folds
8c83ba25: raises $0.12 to $0.22
e0a71133: folds
Hero: calls $0.12
*** FLOP *** [Qc 8c 8h]
Hero: checks
8c83ba25: bets $0.37
Hero: folds
Uncalled bet ($0.37) returned to 8c83ba25
*** SHOWDOWN ***
8c83ba25 collected $0.47 from pot
*** SUMMARY ***
Total pot $0.49 | Rake $0.02 | Jackpot $0 | Bingo $0 | Fortune $0 | Tax $0
Board [Qc 8c 8h]
Seat 1: Hero (big blind) folded on the Flop
Seat 2: de86c0c6 folded before Flop (didn't bet)
Seat 3: 95a4c36a folded before Flop (didn't bet)
Seat 4: 2a7a79f4 folded before Flop (didn't bet)
Seat 5: 8c83ba25 (button) won ($0.47)
Seat 6: e0a71133 (small blind) folded before Flop


Poker Hand #HD1757466245: Hold'em No Limit ($0.05/$0.1) - 2024/05/03 22:02:43
Table 'NLHRed19' 6-max Seat #4 is the button
Seat 1: Hero ($12.2 in chips)
Seat 2: de86c0c6 ($17.9 in chips)
Seat 3: 95a4c36a ($10.72 in chips)
Seat 4: 2a7a79f4 ($10 in chips)
Seat 5: 8c83ba25 ($13.66 in chips)
Seat 6: e0a71133 ($19.67 in chips)
8c83ba25: posts small blind $0.05
e0a71133: posts big blind $0.1
*** HOLE CARDS ***
Dealt to Hero [2d 3c]
Dealt to de86c0c6 
Dealt to 95a4c36a 
Dealt to 2a7a79f4 
Dealt to 8c83ba25 
Dealt to e0a71133 
Hero: folds
de86c0c6: raises $0.1 to $0.2
95a4c36a: folds
2a7a79f4: folds
8c83ba25: folds
e0a71133: calls $0.1
*** FLOP *** [5d 4s 8h]
e0a71133: checks
de86c0c6: checks
*** TURN *** [5d 4s 8h] [2s]
e0a71133: checks
de86c0c6: checks
*** RIVER *** [5d 4s 8h 2s] [5s]
e0a71133: checks
de86c0c6: checks
e0a71133: shows [Td 9h] (Pair of Fives)
de86c0c6: shows [Jc Qd] (Pair of Fives)
*** SHOWDOWN ***
de86c0c6 collected $0.43 from pot
*** SUMMARY ***
Total pot $0.45 | Rake $0.02 | Jackpot $0 | Bingo $0 | Fortune $0 | Tax $0
Board [5d 4s 8h 2s 5s]
Seat 1: Hero folded before Flop (didn't bet)
Seat 2: de86c0c6 showed [Jc Qd] and won ($0.43) with Pair of Fives
Seat 3: 95a4c36a folded before Flop (didn't bet)
Seat 4: 2a7a79f4 (button) folded before Flop (didn't bet)
Seat 5: 8c83ba25 (small blind) folded before Flop
Seat 6: e0a71133 (big blind) showed [Td 9h] and lost with Pair of Fives


Poker Hand #HD1757466210: Hold'em No Limit ($0.05/$0.1) - 2024/05/03 22:02:24
Table 'NLHRed19' 6-max Seat #3 is the button
Seat 1: Hero ($12.2 in chips)
Seat 2: de86c0c6 ($17.9 in chips)
Seat 3: 95a4c36a ($10.57 in chips)
Seat 4: 2a7a79f4 ($10 in chips)
Seat 5: 8c83ba25 ($13.76 in chips)
Seat 6: e0a71133 ($19.67 in chips)
2a7a79f4: posts small blind $0.05
8c83ba25: posts big blind $0.1
*** HOLE CARDS ***
Dealt to Hero [8s Ad]
Dealt to de86c0c6 
Dealt to 95a4c36a 
Dealt to 2a7a79f4 
Dealt to 8c83ba25 
Dealt to e0a71133 
e0a71133: folds
Hero: folds
de86c0c6: folds
95a4c36a: raises $0.15 to $0.25
2a7a79f4: folds
8c83ba25: folds
Uncalled bet ($0.15) returned to 95a4c36a
*** SHOWDOWN ***
95a4c36a collected $0.25 from pot
*** SUMMARY ***
Total pot $0.25 | Rake $0 | Jackpot $0 | Bingo $0 | Fortune $0 | Tax $0
Seat 1: Hero folded before Flop (didn't bet)
Seat 2: de86c0c6 folded before Flop (didn't bet)
Seat 3: 95a4c36a (button) collected ($0.25)
Seat 4: 2a7a79f4 (small blind) folded before Flop
Seat 5: 8c83ba25 (big blind) folded before Flop
Seat 6: e0a71133 folded before Flop (didn't bet)


Poker Hand #HD1757466184: Hold'em No Limit ($0.05/$0.1) - 2024/05/03 22:02:13
Table 'NLHRed19' 6-max Seat #2 is the button
Seat 1: Hero ($12.05 in chips)
Seat 2: de86c0c6 ($17.9 in chips)
Seat 3: 95a4c36a ($10.62 in chips)
Seat 4: 2a7a79f4 ($10 in chips)
Seat 5: 8c83ba25 ($13.76 in chips)
Seat 6: e0a71133 ($19.67 in chips)
95a4c36a: posts small blind $0.05
2a7a79f4: posts big blind $0.1
*** HOLE CARDS ***
Dealt to Hero [Js Ks]
Dealt to de86c0c6 
Dealt to 95a4c36a 
Dealt to 2a7a79f4 
Dealt to 8c83ba25 
Dealt to e0a71133 
8c83ba25: folds
e0a71133: folds
Hero: raises $0.14 to $0.24
de86c0c6: folds
95a4c36a: folds
2a7a79f4: folds
Uncalled bet ($0.14) returned to Hero
*** SHOWDOWN ***
Hero collected $0.25 from pot
*** SUMMARY ***
Total pot $0.25 | Rake $0 | Jackpot $0 | Bingo $0 | Fortune $0 | Tax $0
Seat 1: Hero collected ($0.25)
Seat 2: de86c0c6 (button) folded before Flop (didn't bet)
Seat 3: 95a4c36a (small blind) folded before Flop
Seat 4: 2a7a79f4 (big blind) folded before Flop
Seat 5: 8c83ba25 folded before Flop (didn't bet)
Seat 6: e0a71133 folded before Flop (didn't bet)


Poker Hand #HD1757466123: Hold'em No Limit ($0.05/$0.1) - 2024/05/03 22:01:36
Table 'NLHRed19' 6-max Seat #1 is the button
Seat 1: Hero ($12.05 in chips)
Seat 2: de86c0c6 ($18 in chips)
Seat 3: 95a4c36a ($10.53 in chips)
Seat 4: 2a7a79f4 ($10 in chips)
Seat 5: 8c83ba25 ($13.76 in chips)
Seat 6: e0a71133 ($19.67 in chips)
de86c0c6: posts small blind $0.05
95a4c36a: posts big blind $0.1
*** HOLE CARDS ***
Dealt to Hero [Ks 2h]
Dealt to de86c0c6 
Dealt to 95a4c36a 
Dealt to 2a7a79f4 
Dealt to 8c83ba25 
Dealt to e0a71133 
2a7a79f4: folds
8c83ba25: folds
e0a71133: folds
Hero: folds
de86c0c6: calls $0.05
95a4c36a: checks
*** FLOP *** [Qs Qc 5d]
de86c0c6: checks
95a4c36a: checks
*** TURN *** [Qs Qc 5d] [As]
de86c0c6: checks
95a4c36a: checks
*** RIVER *** [Qs Qc 5d As] [Ad]
de86c0c6: checks
95a4c36a: checks
de86c0c6: shows [3c 7c] (Pair of Aces and Pair of Queens)
95a4c36a: shows [9s 2c] (Pair of Aces and Pair of Queens)
*** SHOWDOWN ***
95a4c36a collected $0.19 from pot
*** SUMMARY ***
Total pot $0.2 | Rake $0.01 | Jackpot $0 | Bingo $0 | Fortune $0 | Tax $0
Board [Qs Qc 5d As Ad]
Seat 1: Hero (button) folded before Flop (didn't bet)
Seat 2: de86c0c6 (small blind) showed [3c 7c] and lost with Pair of Aces and Pair of Queens
Seat 3: 95a4c36a (big blind) showed [9s 2c] and won ($0.19) with Pair of Aces and Pair of Queens
Seat 4: 2a7a79f4 folded before Flop (didn't bet)
Seat 5: 8c83ba25 folded before Flop (didn't bet)
Seat 6: e0a71133 folded before Flop (didn't bet)


Poker Hand #HD1757466040: Hold'em No Limit ($0.05/$0.1) - 2024/05/03 22:00:58
Table 'NLHRed19' 6-max Seat #6 is the button
Seat 1: Hero ($12.1 in chips)
Seat 2: de86c0c6 ($18.53 in chips)
Seat 3: 95a4c36a ($10 in chips)
Seat 4: 2a7a79f4 ($10 in chips)
Seat 5: 8c83ba25 ($13.76 in chips)
Seat 6: e0a71133 ($19.67 in chips)
Hero: posts small blind $0.05
de86c0c6: posts big blind $0.1
*** HOLE CARDS ***
Dealt to Hero [2c 3s]
Dealt to de86c0c6 
Dealt to 95a4c36a 
Dealt to 2a7a79f4 
Dealt to 8c83ba25 
Dealt to e0a71133 
95a4c36a: raises $0.15 to $0.25
2a7a79f4: folds
8c83ba25: folds
e0a71133: folds
Hero: folds
de86c0c6: calls $0.15
*** FLOP *** [Tc 5h 8d]
de86c0c6: checks
95a4c36a: bets $0.28
de86c0c6: calls $0.28
*** TURN *** [Tc 5h 8d] [Ks]
de86c0c6: checks
95a4c36a: bets $2.05
de86c0c6: folds
Uncalled bet ($2.05) returned to 95a4c36a
*** SHOWDOWN ***
95a4c36a collected $1.06 from pot
*** SUMMARY ***
Total pot $1.11 | Rake $0.05 | Jackpot $0 | Bingo $0 | Fortune $0 | Tax $0
Board [Tc 5h 8d Ks]
Seat 1: Hero (small blind) folded before Flop
Seat 2: de86c0c6 (big blind) folded on the Turn
Seat 3: 95a4c36a won ($1.06)
Seat 4: 2a7a79f4 folded before Flop (didn't bet)
Seat 5: 8c83ba25 folded before Flop (didn't bet)
Seat 6: e0a71133 (button) folded before Flop (didn't bet)


Poker Hand #HD1757466029: Hold'em No Limit ($0.05/$0.1) - 2024/05/03 22:00:49
Table 'NLHRed19' 6-max Seat #5 is the button
Seat 1: Hero ($12.05 in chips)
Seat 2: de86c0c6 ($18.53 in chips)
Seat 3: 95a4c36a ($10 in chips)
Seat 4: 2a7a79f4 ($10 in chips)
Seat 5: 8c83ba25 ($13.76 in chips)
Seat 6: e0a71133 ($19.72 in chips)
e0a71133: posts small blind $0.05
Hero: posts big blind $0.1
*** HOLE CARDS ***
Dealt to Hero [4s 7h]
Dealt to de86c0c6 
Dealt to 95a4c36a 
Dealt to 2a7a79f4 
Dealt to 8c83ba25 
Dealt to e0a71133 
de86c0c6: folds
95a4c36a: folds
2a7a79f4: folds
8c83ba25: folds
e0a71133: folds
Uncalled bet ($0.05) returned to Hero
*** SHOWDOWN ***
Hero collected $0.1 from pot
*** SUMMARY ***
Total pot $0.1 | Rake $0 | Jackpot $0 | Bingo $0 | Fortune $0 | Tax $0
Seat 1: Hero (big blind) collected ($0.1)
Seat 2: de86c0c6 folded before Flop (didn't bet)
Seat 3: 95a4c36a folded before Flop (didn't bet)
Seat 4: 2a7a79f4 folded before Flop (didn't bet)
Seat 5: 8c83ba25 (button) folded before Flop (didn't bet)
Seat 6: e0a71133 (small blind) folded before Flop


Poker Hand #HD1757465886: Hold'em No Limit ($0.05/$0.1) - 2024/05/03 21:59:35
Table 'NLHRed19' 6-max Seat #4 is the button
Seat 1: Hero ($12.05 in chips)
Seat 2: de86c0c6 ($21.31 in chips)
Seat 3: 95a4c36a ($10 in chips)
Seat 4: 2a7a79f4 ($10 in chips)
Seat 5: 8c83ba25 ($11.25 in chips)
Seat 6: e0a71133 ($19.82 in chips)
8c83ba25: posts small blind $0.05
e0a71133: posts big blind $0.1
*** HOLE CARDS ***
Dealt to Hero [Ts Qc]
Dealt to de86c0c6 
Dealt to 95a4c36a 
Dealt to 2a7a79f4 
Dealt to 8c83ba25 
Dealt to e0a71133 
Hero: folds
de86c0c6: raises $0.1 to $0.2
95a4c36a: folds
2a7a79f4: folds
8c83ba25: raises $0.6 to $0.8
e0a71133: folds
de86c0c6: calls $0.6
*** FLOP *** [2h 7s 5d]
8c83ba25: bets $0.85
de86c0c6: calls $0.85
*** TURN *** [2h 7s 5d] [4h]
8c83ba25: checks
de86c0c6: bets $1.13
8c83ba25: calls $1.13
*** RIVER *** [2h 7s 5d 4h] [5s]
8c83ba25: checks
de86c0c6: checks
8c83ba25: shows [Js Jh] (Pair of Jacks and Pair of Fives)
de86c0c6: shows [3d 3s] (Pair of Fives and Pair of Treys)
*** SHOWDOWN ***
8c83ba25 collected $5.29 from pot
*** SUMMARY ***
Total pot $5.66 | Rake $0.27 | Jackpot $0.1 | Bingo $0 | Fortune $0 | Tax $0
Board [2h 7s 5d 4h 5s]
Seat 1: Hero folded before Flop (didn't bet)
Seat 2: de86c0c6 showed [3d 3s] and lost with Pair of Fives and Pair of Treys
Seat 3: 95a4c36a folded before Flop (didn't bet)
Seat 4: 2a7a79f4 (button) folded before Flop (didn't bet)
Seat 5: 8c83ba25 (small blind) showed [Js Jh] and won ($5.29) with Pair of Jacks and Pair of Fives
Seat 6: e0a71133 (big blind) folded before Flop


Poker Hand #HD1757465727: Hold'em No Limit ($0.05/$0.1) - 2024/05/03 21:58:11
Table 'NLHRed19' 6-max Seat #3 is the button
Seat 1: Hero ($12.05 in chips)
Seat 2: de86c0c6 ($17.42 in chips)
Seat 3: 95a4c36a ($11.32 in chips)
Seat 4: 2a7a79f4 ($10.05 in chips)
Seat 5: 8c83ba25 ($11.35 in chips)
Seat 6: e0a71133 ($19.82 in chips)
2a7a79f4: posts small blind $0.05
8c83ba25: posts big blind $0.1
*** HOLE CARDS ***
Dealt to Hero [7h 3h]
Dealt to de86c0c6 
Dealt to 95a4c36a 
Dealt to 2a7a79f4 
Dealt to 8c83ba25 
Dealt to e0a71133 
e0a71133: folds
Hero: folds
de86c0c6: raises $0.2 to $0.3
95a4c36a: raises $0.6 to $0.9
2a7a79f4: folds
8c83ba25: folds
de86c0c6: calls $0.6
*** FLOP *** [Qc 6d 2c]
de86c0c6: checks
95a4c36a: bets $0.7
de86c0c6: raises $1.11 to $1.81
95a4c36a: calls $1.11
*** TURN *** [Qc 6d 2c] [3c]
de86c0c6: checks
95a4c36a: checks
*** RIVER *** [Qc 6d 2c 3c] [3d]
de86c0c6: checks
95a4c36a: bets $1.55
de86c0c6: calls $1.55
95a4c36a: shows [Td Ad] (Pair of Treys)
de86c0c6: shows [Jd Qs] (Pair of Queens and Pair of Treys)
*** SHOWDOWN ***
de86c0c6 collected $8.15 from pot
*** SUMMARY ***
Total pot $8.67 | Rake $0.42 | Jackpot $0.1 | Bingo $0 | Fortune $0 | Tax $0
Board [Qc 6d 2c 3c 3d]
Seat 1: Hero folded before Flop (didn't bet)
Seat 2: de86c0c6 showed [Jd Qs] and won ($8.15) with Pair of Queens and Pair of Treys
Seat 3: 95a4c36a (button) showed [Td Ad] and lost with Pair of Treys
Seat 4: 2a7a79f4 (small blind) folded before Flop
Seat 5: 8c83ba25 (big blind) folded before Flop
Seat 6: e0a71133 folded before Flop (didn't bet)


Poker Hand #HD1757465688: Hold'em No Limit ($0.05/$0.1) - 2024/05/03 21:57:49
Table 'NLHRed19' 6-max Seat #2 is the button
Seat 1: Hero ($11.9 in chips)
Seat 2: de86c0c6 ($17.42 in chips)
Seat 3: 95a4c36a ($11.37 in chips)
Seat 4: 2a7a79f4 ($10.15 in chips)
Seat 5: 8c83ba25 ($11.35 in chips)
Seat 6: e0a71133 ($19.82 in chips)
95a4c36a: posts small blind $0.05
2a7a79f4: posts big blind $0.1
*** HOLE CARDS ***
Dealt to Hero [Ts Kh]
Dealt to de86c0c6 
Dealt to 95a4c36a 
Dealt to 2a7a79f4 
Dealt to 8c83ba25 
Dealt to e0a71133 
8c83ba25: folds
e0a71133: folds
Hero: raises $0.14 to $0.24
de86c0c6: folds
95a4c36a: folds
2a7a79f4: folds
Uncalled bet ($0.14) returned to Hero
*** SHOWDOWN ***
Hero collected $0.25 from pot
*** SUMMARY ***
Total pot $0.25 | Rake $0 | Jackpot $0 | Bingo $0 | Fortune $0 | Tax $0
Seat 1: Hero collected ($0.25)
Seat 2: de86c0c6 (button) folded before Flop (didn't bet)
Seat 3: 95a4c36a (small blind) folded before Flop
Seat 4: 2a7a79f4 (big blind) folded before Flop
Seat 5: 8c83ba25 folded before Flop (didn't bet)
Seat 6: e0a71133 folded before Flop (didn't bet)


Poker Hand #HD1757345539: Hold'em No Limit ($0.05/$0.1) - 2024/05/03 21:56:35
Table 'NLHRed19' 6-max Seat #1 is the button
Seat 1: Hero ($11.9 in chips)
Seat 2: de86c0c6 ($18.87 in chips)
Seat 3: 95a4c36a ($11.47 in chips)
Seat 4: 2a7a79f4 ($10.15 in chips)
Seat 5: 8c83ba25 ($10.04 in chips)
Seat 6: e0a71133 ($19.82 in chips)
de86c0c6: posts small blind $0.05
95a4c36a: posts big blind $0.1
*** HOLE CARDS ***
Dealt to Hero [7s Ad]
Dealt to de86c0c6 
Dealt to 95a4c36a 
Dealt to 2a7a79f4 
Dealt to 8c83ba25 
Dealt to e0a71133 
2a7a79f4: folds
8c83ba25: raises $0.15 to $0.25
e0a71133: folds
Hero: folds
de86c0c6: raises $0.45 to $0.7
95a4c36a: folds
8c83ba25: calls $0.45
*** FLOP *** [8s 5h 5d]
de86c0c6: checks
8c83ba25: checks
*** TURN *** [8s 5h 5d] [9s]
de86c0c6: checks
8c83ba25: checks
*** RIVER *** [8s 5h 5d 9s] [2s]
de86c0c6: bets $0.75
8c83ba25: raises $2.25 to $3
de86c0c6: folds
Uncalled bet ($2.25) returned to 8c83ba25
*** SHOWDOWN ***
8c83ba25 collected $2.76 from pot
*** SUMMARY ***
Total pot $3 | Rake $0.14 | Jackpot $0.1 | Bingo $0 | Fortune $0 | Tax $0
Board [8s 5h 5d 9s 2s]
Seat 1: Hero (button) folded before Flop (didn't bet)
Seat 2: de86c0c6 (small blind) folded on the River
Seat 3: 95a4c36a (big blind) folded before Flop
Seat 4: 2a7a79f4 folded before Flop (didn't bet)
Seat 5: 8c83ba25 won ($2.76)
Seat 6: e0a71133 folded before Flop (didn't bet)


Poker Hand #HD1757345425: Hold'em No Limit ($0.05/$0.1) - 2024/05/03 21:55:34
Table 'NLHRed19' 6-max Seat #6 is the button
Seat 1: Hero ($10.37 in chips)
Seat 2: de86c0c6 ($18.97 in chips)
Seat 3: 95a4c36a ($13.17 in chips)
Seat 4: 2a7a79f4 ($10.15 in chips)
Seat 5: 8c83ba25 ($10.04 in chips)
Seat 6: e0a71133 ($19.82 in chips)
Hero: posts small blind $0.05
de86c0c6: posts big blind $0.1
*** HOLE CARDS ***
Dealt to Hero [9d 9c]
Dealt to de86c0c6 
Dealt to 95a4c36a 
Dealt to 2a7a79f4 
Dealt to 8c83ba25 
Dealt to e0a71133 
95a4c36a: raises $0.15 to $0.25
2a7a79f4: folds
8c83ba25: folds
e0a71133: folds
Hero: raises $0.75 to $1
de86c0c6: folds
95a4c36a: calls $0.75
*** FLOP *** [4d 4c Qh]
Hero: bets $0.7
95a4c36a: calls $0.7
*** TURN *** [4d 4c Qh] [3h]
Hero: checks
95a4c36a: checks
*** RIVER *** [4d 4c Qh 3h] [8d]
Hero: checks
95a4c36a: checks
Hero: shows [9d 9c] (Pair of Nines and Pair of Fours)
95a4c36a: shows [Kh Ac] (Pair of Fours)
*** SHOWDOWN ***
Hero collected $3.23 from pot
*** SUMMARY ***
Total pot $3.5 | Rake $0.17 | Jackpot $0.1 | Bingo $0 | Fortune $0 | Tax $0
Board [4d 4c Qh 3h 8d]
Seat 1: Hero (small blind) showed [9d 9c] and won ($3.23) with Pair of Nines and Pair of Fours
Seat 2: de86c0c6 (big blind) folded before Flop
Seat 3: 95a4c36a showed [Kh Ac] and lost with Pair of Fours
Seat 4: 2a7a79f4 folded before Flop (didn't bet)
Seat 5: 8c83ba25 folded before Flop (didn't bet)
Seat 6: e0a71133 (button) folded before Flop (didn't bet)


Poker Hand #HD1757345381: Hold'em No Limit ($0.05/$0.1) - 2024/05/03 21:55:12
Table 'NLHRed19' 6-max Seat #5 is the button
Seat 1: Hero ($10.47 in chips)
Seat 2: de86c0c6 ($18.97 in chips)
Seat 3: 95a4c36a ($13.17 in chips)
Seat 4: 2a7a79f4 ($10 in chips)
Seat 5: 8c83ba25 ($10.04 in chips)
Seat 6: e0a71133 ($19.87 in chips)
e0a71133: posts small blind $0.05
Hero: posts big blind $0.1
*** HOLE CARDS ***
Dealt to Hero [9h 6s]
Dealt to de86c0c6 
Dealt to 95a4c36a 
Dealt to 2a7a79f4 
Dealt to 8c83ba25 
Dealt to e0a71133 
de86c0c6: folds
95a4c36a: folds
2a7a79f4: raises $0.15 to $0.25
8c83ba25: folds
e0a71133: folds
Hero: folds
Uncalled bet ($0.15) returned to 2a7a79f4
*** SHOWDOWN ***
2a7a79f4 collected $0.25 from pot
*** SUMMARY ***
Total pot $0.25 | Rake $0 | Jackpot $0 | Bingo $0 | Fortune $0 | Tax $0
Seat 1: Hero (big blind) folded before Flop
Seat 2: de86c0c6 folded before Flop (didn't bet)
Seat 3: 95a4c36a folded before Flop (didn't bet)
Seat 4: 2a7a79f4 collected ($0.25)
Seat 5: 8c83ba25 (button) folded before Flop (didn't bet)
Seat 6: e0a71133 (small blind) folded before Flop


Poker Hand #HD1757345281: Hold'em No Limit ($0.05/$0.1) - 2024/05/03 21:54:14
Table 'NLHRed19' 6-max Seat #4 is the button
Seat 1: Hero ($10.47 in chips)
Seat 2: de86c0c6 ($18.97 in chips)
Seat 3: 95a4c36a ($13.17 in chips)
Seat 4: 2a7a79f4 ($10 in chips)
Seat 5: 8c83ba25 ($10.46 in chips)
Seat 6: e0a71133 ($19.49 in chips)
8c83ba25: posts small blind $0.05
e0a71133: posts big blind $0.1
*** HOLE CARDS ***
Dealt to Hero [7h 4h]
Dealt to de86c0c6 
Dealt to 95a4c36a 
Dealt to 2a7a79f4 
Dealt to 8c83ba25 
Dealt to e0a71133 
Hero: folds
de86c0c6: folds
95a4c36a: folds
2a7a79f4: folds
8c83ba25: raises $0.15 to $0.25
e0a71133: calls $0.15
*** FLOP *** [Ts 3c 6d]
8c83ba25: bets $0.17
e0a71133: calls $0.17
*** TURN *** [Ts 3c 6d] [6s]
8c83ba25: checks
e0a71133: checks
*** RIVER *** [Ts 3c 6d 6s] [7d]
8c83ba25: checks
e0a71133: checks
8c83ba25: shows [4d Jd] (Pair of Sixes)
e0a71133: shows [Jc Kh] (Pair of Sixes)
*** SHOWDOWN ***
e0a71133 collected $0.8 from pot
*** SUMMARY ***
Total pot $0.84 | Rake $0.04 | Jackpot $0 | Bingo $0 | Fortune $0 | Tax $0
Board [Ts 3c 6d 6s 7d]
Seat 1: Hero folded before Flop (didn't bet)
Seat 2: de86c0c6 folded before Flop (didn't bet)
Seat 3: 95a4c36a folded before Flop (didn't bet)
Seat 4: 2a7a79f4 (button) folded before Flop (didn't bet)
Seat 5: 8c83ba25 (small blind) showed [4d Jd] and lost with Pair of Sixes
Seat 6: e0a71133 (big blind) showed [Jc Kh] and won ($0.8) with Pair of Sixes


Poker Hand #HD1757345232: Hold'em No Limit ($0.05/$0.1) - 2024/05/03 21:53:51
Table 'NLHRed19' 6-max Seat #3 is the button
Seat 1: Hero ($10.47 in chips)
Seat 2: de86c0c6 ($19.27 in chips)
Seat 3: 95a4c36a ($12.75 in chips)
Seat 4: 2a7a79f4 ($10 in chips)
Seat 5: 8c83ba25 ($10.56 in chips)
Seat 6: e0a71133 ($19.49 in chips)
2a7a79f4: posts small blind $0.05
8c83ba25: posts big blind $0.1
*** HOLE CARDS ***
Dealt to Hero [Ad 8c]
Dealt to de86c0c6 
Dealt to 95a4c36a 
Dealt to 2a7a79f4 
Dealt to 8c83ba25 
Dealt to e0a71133 
e0a71133: folds
Hero: folds
de86c0c6: raises $0.2 to $0.3
95a4c36a: raises $0.6 to $0.9
2a7a79f4: folds
8c83ba25: folds
de86c0c6: folds
Uncalled bet ($0.6) returned to 95a4c36a
*** SHOWDOWN ***
95a4c36a collected $0.72 from pot
*** SUMMARY ***
Total pot $0.75 | Rake $0.03 | Jackpot $0 | Bingo $0 | Fortune $0 | Tax $0
Seat 1: Hero folded before Flop (didn't bet)
Seat 2: de86c0c6 folded before Flop
Seat 3: 95a4c36a (button) collected ($0.72)
Seat 4: 2a7a79f4 (small blind) folded before Flop
Seat 5: 8c83ba25 (big blind) folded before Flop
Seat 6: e0a71133 folded before Flop (didn't bet)


Poker Hand #HD1757345192: Hold'em No Limit ($0.05/$0.1) - 2024/05/03 21:53:31
Table 'NLHRed19' 6-max Seat #2 is the button
Seat 1: Hero ($10.32 in chips)
Seat 2: de86c0c6 ($19.27 in chips)
Seat 3: 95a4c36a ($12.8 in chips)
Seat 4: 2a7a79f4 ($10 in chips)
Seat 5: 8c83ba25 ($10.56 in chips)
Seat 6: e0a71133 ($19.49 in chips)
95a4c36a: posts small blind $0.05
2a7a79f4: posts big blind $0.1
*** HOLE CARDS ***
Dealt to Hero [Ad Kh]
Dealt to de86c0c6 
Dealt to 95a4c36a 
Dealt to 2a7a79f4 
Dealt to 8c83ba25 
Dealt to e0a71133 
8c83ba25: folds
e0a71133: folds
Hero: raises $0.14 to $0.24
de86c0c6: folds
95a4c36a: folds
2a7a79f4: folds
Uncalled bet ($0.14) returned to Hero
*** SHOWDOWN ***
Hero collected $0.25 from pot
*** SUMMARY ***
Total pot $0.25 | Rake $0 | Jackpot $0 | Bingo $0 | Fortune $0 | Tax $0
Seat 1: Hero collected ($0.25)
Seat 2: de86c0c6 (button) folded before Flop (didn't bet)
Seat 3: 95a4c36a (small blind) folded before Flop
Seat 4: 2a7a79f4 (big blind) folded before Flop
Seat 5: 8c83ba25 folded before Flop (didn't bet)
Seat 6: e0a71133 folded before Flop (didn't bet)


Poker Hand #HD1757345173: Hold'em No Limit ($0.05/$0.1) - 2024/05/03 21:53:22
Table 'NLHRed19' 6-max Seat #1 is the button
Seat 1: Hero ($10.32 in chips)
Seat 2: de86c0c6 ($19.32 in chips)
Seat 3: 95a4c36a ($12.75 in chips)
Seat 4: 2a7a79f4 ($10 in chips)
Seat 5: 8c83ba25 ($10.56 in chips)
Seat 6: e0a71133 ($19.49 in chips)
de86c0c6: posts small blind $0.05
95a4c36a: posts big blind $0.1
*** HOLE CARDS ***
Dealt to Hero [4h 2c]
Dealt to de86c0c6 
Dealt to 95a4c36a 
Dealt to 2a7a79f4 
Dealt to 8c83ba25 
Dealt to e0a71133 
2a7a79f4: folds
8c83ba25: folds
e0a71133: folds
Hero: folds
de86c0c6: folds
Uncalled bet ($0.05) returned to 95a4c36a
*** SHOWDOWN ***
95a4c36a collected $0.1 from pot
*** SUMMARY ***
Total pot $0.1 | Rake $0 | Jackpot $0 | Bingo $0 | Fortune $0 | Tax $0
Seat 1: Hero (button) folded before Flop (didn't bet)
Seat 2: de86c0c6 (small blind) folded before Flop
Seat 3: 95a4c36a (big blind) collected ($0.1)
Seat 4: 2a7a79f4 folded before Flop (didn't bet)
Seat 5: 8c83ba25 folded before Flop (didn't bet)
Seat 6: e0a71133 folded before Flop (didn't bet)


Poker Hand #HD1757345138: Hold'em No Limit ($0.05/$0.1) - 2024/05/03 21:53:04
Table 'NLHRed19' 6-max Seat #6 is the button
Seat 1: Hero ($10.37 in chips)
Seat 2: de86c0c6 ($19.42 in chips)
Seat 3: 95a4c36a ($13 in chips)
Seat 4: 2a7a79f4 ($10 in chips)
Seat 5: 8c83ba25 ($10.56 in chips)
Seat 6: e0a71133 ($19.12 in chips)
Hero: posts small blind $0.05
de86c0c6: posts big blind $0.1
*** HOLE CARDS ***
Dealt to Hero [3d 7c]
Dealt to de86c0c6 
Dealt to 95a4c36a 
Dealt to 2a7a79f4 
Dealt to 8c83ba25 
Dealt to e0a71133 
95a4c36a: raises $0.15 to $0.25
2a7a79f4: folds
8c83ba25: folds
e0a71133: raises $0.85 to $1.1
Hero: folds
de86c0c6: folds
95a4c36a: folds
Uncalled bet ($0.85) returned to e0a71133
*** SHOWDOWN ***
e0a71133 collected $0.62 from pot
*** SUMMARY ***
Total pot $0.65 | Rake $0.03 | Jackpot $0 | Bingo $0 | Fortune $0 | Tax $0
Seat 1: Hero (small blind) folded before Flop
Seat 2: de86c0c6 (big blind) folded before Flop
Seat 3: 95a4c36a folded before Flop
Seat 4: 2a7a79f4 folded before Flop (didn't bet)
Seat 5: 8c83ba25 folded before Flop (didn't bet)
Seat 6: e0a71133 (button) collected ($0.62)


Poker Hand #HD1757345032: Hold'em No Limit ($0.05/$0.1) - 2024/05/03 21:52:07
Table 'NLHRed19' 6-max Seat #5 is the button
Seat 1: Hero ($10 in chips)
Seat 2: de86c0c6 ($19.62 in chips)
Seat 3: 95a4c36a ($13 in chips)
Seat 4: 2a7a79f4 ($10 in chips)
Seat 5: 8c83ba25 ($10.56 in chips)
Seat 6: e0a71133 ($19.32 in chips)
e0a71133: posts small blind $0.05
Hero: posts big blind $0.1
*** HOLE CARDS ***
Dealt to Hero [Kc Qc]
Dealt to de86c0c6 
Dealt to 95a4c36a 
Dealt to 2a7a79f4 
Dealt to 8c83ba25 
Dealt to e0a71133 
de86c0c6: raises $0.1 to $0.2
95a4c36a: folds
2a7a79f4: folds
8c83ba25: folds
e0a71133: calls $0.15
Hero: raises $1 to $1.2
de86c0c6: folds
e0a71133: folds
Uncalled bet ($1) returned to Hero
*** SHOWDOWN ***
Hero collected $0.57 from pot
*** SUMMARY ***
Total pot $0.6 | Rake $0.03 | Jackpot $0 | Bingo $0 | Fortune $0 | Tax $0
Seat 1: Hero (big blind) collected ($0.57)
Seat 2: de86c0c6 folded before Flop
Seat 3: 95a4c36a folded before Flop (didn't bet)
Seat 4: 2a7a79f4 folded before Flop (didn't bet)
Seat 5: 8c83ba25 (button) folded before Flop (didn't bet)
Seat 6: e0a71133 (small blind) folded before Flop


Poker Hand #HD1757344648: Hold'em No Limit ($0.05/$0.1) - 2024/05/03 21:48:37
Table 'NLHRed19' 6-max Seat #4 is the button
Seat 1: Hero ($10 in chips)
Seat 2: de86c0c6 ($18.83 in chips)
Seat 3: 95a4c36a ($14.17 in chips)
Seat 4: 2a7a79f4 ($10.1 in chips)
Seat 5: 8c83ba25 ($10.76 in chips)
Seat 6: e0a71133 ($18.73 in chips)
8c83ba25: posts small blind $0.05
e0a71133: posts big blind $0.1
*** HOLE CARDS ***
Dealt to Hero [9c Ac]
Dealt to de86c0c6 
Dealt to 95a4c36a 
Dealt to 2a7a79f4 
Dealt to 8c83ba25 
Dealt to e0a71133 
Hero: raises $0.1 to $0.2
de86c0c6: calls $0.2
95a4c36a: raises $0.6 to $0.8
2a7a79f4: folds
8c83ba25: folds
e0a71133: folds
Hero: folds
de86c0c6: calls $0.6
*** FLOP *** [7c 3s 4d]
de86c0c6: checks
95a4c36a: bets $0.7
de86c0c6: raises $1.68 to $2.38
95a4c36a: folds
Uncalled bet ($1.68) returned to de86c0c6
*** SHOWDOWN ***
de86c0c6 collected $3.09 from pot
*** SUMMARY ***
Total pot $3.35 | Rake $0.16 | Jackpot $0.1 | Bingo $0 | Fortune $0 | Tax $0
Board [7c 3s 4d]
Seat 1: Hero folded before Flop
Seat 2: de86c0c6 won ($3.09)
Seat 3: 95a4c36a folded on the Flop
Seat 4: 2a7a79f4 (button) folded before Flop (didn't bet)
Seat 5: 8c83ba25 (small blind) folded before Flop
Seat 6: e0a71133 (big blind) folded before Flop


Poker Hand #HD1757344442: Hold'em No Limit ($0.05/$0.1) - 2024/05/03 21:46:44
Table 'NLHRed19' 6-max Seat #3 is the button
Seat 1: Hero ($10 in chips)
Seat 2: de86c0c6 ($21.85 in chips)
Seat 3: 95a4c36a ($11.21 in chips)
Seat 4: 2a7a79f4 ($10.15 in chips)
Seat 5: 8c83ba25 ($10.86 in chips)
Seat 6: e0a71133 ($18.73 in chips)
2a7a79f4: posts small blind $0.05
8c83ba25: posts big blind $0.1
*** HOLE CARDS ***
Dealt to Hero [Qs Kh]
Dealt to de86c0c6 
Dealt to 95a4c36a 
Dealt to 2a7a79f4 
Dealt to 8c83ba25 
Dealt to e0a71133 
e0a71133: folds
Hero: raises $0.1 to $0.2
de86c0c6: raises $0.42 to $0.62
95a4c36a: calls $0.62
2a7a79f4: folds
8c83ba25: folds
Hero: folds
*** FLOP *** [8d 2h 6c]
de86c0c6: bets $0.8
95a4c36a: calls $0.8
*** TURN *** [8d 2h 6c] [6d]
de86c0c6: bets $1.6
95a4c36a: calls $1.6
*** RIVER *** [8d 2h 6c 6d] [Qd]
de86c0c6: checks
95a4c36a: bets $8.19 and is all-in
de86c0c6: folds
Uncalled bet ($8.19) returned to 95a4c36a
95a4c36a: shows [4d] (Pair of Sixes)
*** SHOWDOWN ***
95a4c36a collected $5.98 from pot
*** SUMMARY ***
Total pot $6.39 | Rake $0.31 | Jackpot $0.1 | Bingo $0 | Fortune $0 | Tax $0
Board [8d 2h 6c 6d Qd]
Seat 1: Hero folded before Flop
Seat 2: de86c0c6 folded on the River
Seat 3: 95a4c36a (button) showed [4d] and won ($5.98)
Seat 4: 2a7a79f4 (small blind) folded before Flop
Seat 5: 8c83ba25 (big blind) folded before Flop
Seat 6: e0a71133 folded before Flop (didn't bet)


Poker Hand #HD1757344360: Hold'em No Limit ($0.05/$0.1) - 2024/05/03 21:46:04
Table 'NLHRed19' 6-max Seat #2 is the button
Seat 1: Hero ($10 in chips)
Seat 2: de86c0c6 ($22.1 in chips)
Seat 3: 95a4c36a ($10.89 in chips)
Seat 4: 2a7a79f4 ($10.25 in chips)
Seat 5: 8c83ba25 ($10.86 in chips)
Seat 6: e0a71133 ($18.73 in chips)
95a4c36a: posts small blind $0.05
2a7a79f4: posts big blind $0.1
*** HOLE CARDS ***
Dealt to Hero [Kc 5s]
Dealt to de86c0c6 
Dealt to 95a4c36a 
Dealt to 2a7a79f4 
Dealt to 8c83ba25 
Dealt to e0a71133 
8c83ba25: folds
e0a71133: folds
Hero: folds
de86c0c6: raises $0.15 to $0.25
95a4c36a: calls $0.2
2a7a79f4: folds
*** FLOP *** [2c 7c 6h]
95a4c36a: checks
de86c0c6: checks
*** TURN *** [2c 7c 6h] [Jh]
95a4c36a: bets $0.3
de86c0c6: folds
Uncalled bet ($0.3) returned to 95a4c36a
*** SHOWDOWN ***
95a4c36a collected $0.57 from pot
*** SUMMARY ***
Total pot $0.6 | Rake $0.03 | Jackpot $0 | Bingo $0 | Fortune $0 | Tax $0
Board [2c 7c 6h Jh]
Seat 1: Hero folded before Flop (didn't bet)
Seat 2: de86c0c6 (button) folded on the Turn
Seat 3: 95a4c36a (small blind) won ($0.57)
Seat 4: 2a7a79f4 (big blind) folded before Flop
Seat 5: 8c83ba25 folded before Flop (didn't bet)
Seat 6: e0a71133 folded before Flop (didn't bet)


Poker Hand #HD1757344325: Hold'em No Limit ($0.05/$0.1) - 2024/05/03 21:45:46
Table 'NLHRed19' 6-max Seat #1 is the button
Seat 1: Hero ($10 in chips)
Seat 2: de86c0c6 ($22 in chips)
Seat 3: 95a4c36a ($10.99 in chips)
Seat 4: 2a7a79f4 ($10.25 in chips)
Seat 5: 8c83ba25 ($10.86 in chips)
Seat 6: e0a71133 ($18.73 in chips)
de86c0c6: posts small blind $0.05
95a4c36a: posts big blind $0.1
*** HOLE CARDS ***
Dealt to Hero [7s Qd]
Dealt to de86c0c6 
Dealt to 95a4c36a 
Dealt to 2a7a79f4 
Dealt to 8c83ba25 
Dealt to e0a71133 
2a7a79f4: folds
8c83ba25: folds
e0a71133: folds
Hero: folds
de86c0c6: raises $0.15 to $0.25
95a4c36a: folds
Uncalled bet ($0.15) returned to de86c0c6
*** SHOWDOWN ***
de86c0c6 collected $0.2 from pot
*** SUMMARY ***
Total pot $0.2 | Rake $0 | Jackpot $0 | Bingo $0 | Fortune $0 | Tax $0
Seat 1: Hero (button) folded before Flop (didn't bet)
Seat 2: de86c0c6 (small blind) collected ($0.2)
Seat 3: 95a4c36a (big blind) folded before Flop
Seat 4: 2a7a79f4 folded before Flop (didn't bet)
Seat 5: 8c83ba25 folded before Flop (didn't bet)
Seat 6: e0a71133 folded before Flop (didn't bet)


Poker Hand #HD1757344253: Hold'em No Limit ($0.05/$0.1) - 2024/05/03 21:45:10
Table 'NLHRed19' 6-max Seat #6 is the button
Seat 1: Hero ($10 in chips)
Seat 2: de86c0c6 ($22.67 in chips)
Seat 3: 95a4c36a ($10.99 in chips)
Seat 4: 2a7a79f4 ($10.25 in chips)
Seat 5: 8c83ba25 ($10.21 in chips)
Seat 6: e0a71133 ($18.73 in chips)
Hero: posts small blind $0.05
de86c0c6: posts big blind $0.1
*** HOLE CARDS ***
Dealt to Hero [Kd 8h]
Dealt to de86c0c6 
Dealt to 95a4c36a 
Dealt to 2a7a79f4 
Dealt to 8c83ba25 
Dealt to e0a71133 
95a4c36a: folds
2a7a79f4: folds
8c83ba25: raises $0.15 to $0.25
e0a71133: folds
Hero: folds
de86c0c6: raises $0.42 to $0.67
8c83ba25: raises $1.39 to $2.06
de86c0c6: folds
Uncalled bet ($1.39) returned to 8c83ba25
*** SHOWDOWN ***
8c83ba25 collected $1.32 from pot
*** SUMMARY ***
Total pot $1.39 | Rake $0.07 | Jackpot $0 | Bingo $0 | Fortune $0 | Tax $0
Seat 1: Hero (small blind) folded before Flop
Seat 2: de86c0c6 (big blind) folded before Flop
Seat 3: 95a4c36a folded before Flop (didn't bet)
Seat 4: 2a7a79f4 folded before Flop (didn't bet)
Seat 5: 8c83ba25 collected ($1.32)
Seat 6: e0a71133 (button) folded before Flop (didn't bet)


Poker Hand #HD1757344191: Hold'em No Limit ($0.05/$0.1) - 2024/05/03 21:44:37
Table 'NLHRed19' 6-max Seat #5 is the button
Seat 1: Hero ($10 in chips)
Seat 2: de86c0c6 ($23.29 in chips)
Seat 3: 95a4c36a ($10.29 in chips)
Seat 4: 2a7a79f4 ($10.25 in chips)
Seat 5: 8c83ba25 ($10.21 in chips)
Seat 6: e0a71133 ($18.78 in chips)
e0a71133: posts small blind $0.05
Hero: posts big blind $0.1
*** HOLE CARDS ***
Dealt to Hero [2s Kd]
Dealt to de86c0c6 
Dealt to 95a4c36a 
Dealt to 2a7a79f4 
Dealt to 8c83ba25 
Dealt to e0a71133 
de86c0c6: raises $0.1 to $0.2
95a4c36a: raises $0.42 to $0.62
2a7a79f4: folds
8c83ba25: folds
e0a71133: folds
Hero: folds
de86c0c6: calls $0.42
*** FLOP *** [3c Kc 6h]
de86c0c6: checks
95a4c36a: bets $0.7
de86c0c6: folds
Uncalled bet ($0.7) returned to 95a4c36a
*** SHOWDOWN ***
95a4c36a collected $1.32 from pot
*** SUMMARY ***
Total pot $1.39 | Rake $0.07 | Jackpot $0 | Bingo $0 | Fortune $0 | Tax $0
Board [3c Kc 6h]
Seat 1: Hero (big blind) folded before Flop
Seat 2: de86c0c6 folded on the Flop
Seat 3: 95a4c36a won ($1.32)
Seat 4: 2a7a79f4 folded before Flop (didn't bet)
Seat 5: 8c83ba25 (button) folded before Flop (didn't bet)
Seat 6: e0a71133 (small blind) folded before Flop


Poker Hand #HD1757344121: Hold'em No Limit ($0.05/$0.1) - 2024/05/03 21:43:57
Table 'NLHRed19' 6-max Seat #4 is the button
Seat 1: Hero ($10 in chips)
Seat 2: de86c0c6 ($22.97 in chips)
Seat 3: 95a4c36a ($10.29 in chips)
Seat 4: 2a7a79f4 ($10.25 in chips)
Seat 5: 8c83ba25 ($10.26 in chips)
Seat 6: e0a71133 ($19.08 in chips)
8c83ba25: posts small blind $0.05
e0a71133: posts big blind $0.1
*** HOLE CARDS ***
Dealt to Hero [Ts 4d]
Dealt to de86c0c6 
Dealt to 95a4c36a 
Dealt to 2a7a79f4 
Dealt to 8c83ba25 
Dealt to e0a71133 
Hero: folds
de86c0c6: raises $0.2 to $0.3
95a4c36a: folds
2a7a79f4: folds
8c83ba25: folds
e0a71133: calls $0.2
*** FLOP *** [9h Kh Ah]
e0a71133: checks
de86c0c6: checks
*** TURN *** [9h Kh Ah] [Th]
e0a71133: checks
de86c0c6: bets $0.22
e0a71133: folds
Uncalled bet ($0.22) returned to de86c0c6
*** SHOWDOWN ***
de86c0c6 collected $0.62 from pot
*** SUMMARY ***
Total pot $0.65 | Rake $0.03 | Jackpot $0 | Bingo $0 | Fortune $0 | Tax $0
Board [9h Kh Ah Th]
Seat 1: Hero folded before Flop (didn't bet)
Seat 2: de86c0c6 won ($0.62)
Seat 3: 95a4c36a folded before Flop (didn't bet)
Seat 4: 2a7a79f4 (button) folded before Flop (didn't bet)
Seat 5: 8c83ba25 (small blind) folded before Flop
Seat 6: e0a71133 (big blind) folded on the Turn


Poker Hand #HD1757344075: Hold'em No Limit ($0.05/$0.1) - 2024/05/03 21:43:32
Table 'NLHRed19' 6-max Seat #3 is the button
Seat 1: Hero ($10 in chips)
Seat 2: de86c0c6 ($22.82 in chips)
Seat 3: 95a4c36a ($10.29 in chips)
Seat 4: 2a7a79f4 ($10.3 in chips)
Seat 5: 8c83ba25 ($10.36 in chips)
Seat 6: e0a71133 ($19.08 in chips)
2a7a79f4: posts small blind $0.05
8c83ba25: posts big blind $0.1
*** HOLE CARDS ***
Dealt to Hero [4d Ks]
Dealt to de86c0c6 
Dealt to 95a4c36a 
Dealt to 2a7a79f4 
Dealt to 8c83ba25 
Dealt to e0a71133 
e0a71133: folds
Hero: folds
de86c0c6: raises $0.2 to $0.3
95a4c36a: folds
2a7a79f4: folds
8c83ba25: folds
Uncalled bet ($0.2) returned to de86c0c6
*** SHOWDOWN ***
de86c0c6 collected $0.25 from pot
*** SUMMARY ***
Total pot $0.25 | Rake $0 | Jackpot $0 | Bingo $0 | Fortune $0 | Tax $0
Seat 1: Hero folded before Flop (didn't bet)
Seat 2: de86c0c6 collected ($0.25)
Seat 3: 95a4c36a (button) folded before Flop (didn't bet)
Seat 4: 2a7a79f4 (small blind) folded before Flop
Seat 5: 8c83ba25 (big blind) folded before Flop
Seat 6: e0a71133 folded before Flop (didn't bet)


Poker Hand #HD1757343986: Hold'em No Limit ($0.05/$0.1) - 2024/05/03 21:42:45
Table 'NLHRed19' 6-max Seat #2 is the button
Seat 1: Hero ($10 in chips)
Seat 2: de86c0c6 ($22.46 in chips)
Seat 3: 95a4c36a ($10.34 in chips)
Seat 4: 2a7a79f4 ($10.4 in chips)
Seat 5: 8c83ba25 ($10.36 in chips)
Seat 6: e0a71133 ($19.08 in chips)
95a4c36a: posts small blind $0.05
2a7a79f4: posts big blind $0.1
*** HOLE CARDS ***
Dealt to Hero [Kc 7c]
Dealt to de86c0c6 
Dealt to 95a4c36a 
Dealt to 2a7a79f4 
Dealt to 8c83ba25 
Dealt to e0a71133 
8c83ba25: folds
e0a71133: folds
Hero: raises $0.14 to $0.24
de86c0c6: calls $0.24
95a4c36a: folds
2a7a79f4: folds
*** FLOP *** [4s Jd 3d]
Hero: checks
de86c0c6: bets $0.21
Hero: folds
Uncalled bet ($0.21) returned to de86c0c6
*** SHOWDOWN ***
de86c0c6 collected $0.6 from pot
*** SUMMARY ***
Total pot $0.63 | Rake $0.03 | Jackpot $0 | Bingo $0 | Fortune $0 | Tax $0
Board [4s Jd 3d]
Seat 1: Hero folded on the Flop
Seat 2: de86c0c6 (button) won ($0.6)
Seat 3: 95a4c36a (small blind) folded before Flop
Seat 4: 2a7a79f4 (big blind) folded before Flop
Seat 5: 8c83ba25 folded before Flop (didn't bet)
Seat 6: e0a71133 folded before Flop (didn't bet)


Poker Hand #HD1757343949: Hold'em No Limit ($0.05/$0.1) - 2024/05/03 21:42:26
Table 'NLHRed19' 6-max Seat #1 is the button
Seat 1: Hero ($10 in chips)
Seat 2: de86c0c6 ($22.51 in chips)
Seat 3: 95a4c36a ($10.44 in chips)
Seat 4: 2a7a79f4 ($10.25 in chips)
Seat 5: 8c83ba25 ($10.36 in chips)
Seat 6: e0a71133 ($19.08 in chips)
de86c0c6: posts small blind $0.05
95a4c36a: posts big blind $0.1
*** HOLE CARDS ***
Dealt to Hero [8h Tc]
Dealt to de86c0c6 
Dealt to 95a4c36a 
Dealt to 2a7a79f4 
Dealt to 8c83ba25 
Dealt to e0a71133 
2a7a79f4: raises $0.2 to $0.3
8c83ba25: folds
e0a71133: folds
Hero: folds
de86c0c6: folds
95a4c36a: folds
Uncalled bet ($0.2) returned to 2a7a79f4
*** SHOWDOWN ***
2a7a79f4 collected $0.25 from pot
*** SUMMARY ***
Total pot $0.25 | Rake $0 | Jackpot $0 | Bingo $0 | Fortune $0 | Tax $0
Seat 1: Hero (button) folded before Flop (didn't bet)
Seat 2: de86c0c6 (small blind) folded before Flop
Seat 3: 95a4c36a (big blind) folded before Flop
Seat 4: 2a7a79f4 collected ($0.25)
Seat 5: 8c83ba25 folded before Flop (didn't bet)
Seat 6: e0a71133 folded before Flop (didn't bet)


Poker Hand #HD1757343887: Hold'em No Limit ($0.05/$0.1) - 2024/05/03 21:41:54
Table 'NLHRed19' 6-max Seat #6 is the button
Seat 1: Hero ($10 in chips)
Seat 2: de86c0c6 ($22.46 in chips)
Seat 4: 2a7a79f4 ($10.25 in chips)
Seat 5: 8c83ba25 ($10.36 in chips)
Seat 6: e0a71133 ($19.08 in chips)
Hero: posts small blind $0.05
de86c0c6: posts big blind $0.1
*** HOLE CARDS ***
Dealt to Hero [5d Jc]
Dealt to de86c0c6 
Dealt to 2a7a79f4 
Dealt to 8c83ba25 
Dealt to e0a71133 
2a7a79f4: folds
8c83ba25: folds
e0a71133: folds
Hero: folds
Uncalled bet ($0.05) returned to de86c0c6
*** SHOWDOWN ***
de86c0c6 collected $0.1 from pot
*** SUMMARY ***
Total pot $0.1 | Rake $0 | Jackpot $0 | Bingo $0 | Fortune $0 | Tax $0
Seat 1: Hero (small blind) folded before Flop
Seat 2: de86c0c6 (big blind) collected ($0.1)
Seat 4: 2a7a79f4 folded before Flop (didn't bet)
Seat 5: 8c83ba25 folded before Flop (didn't bet)
Seat 6: e0a71133 (button) folded before Flop (didn't bet)


Poker Hand #HD1757343851: Hold'em No Limit ($0.05/$0.1) - 2024/05/03 21:41:35
Table 'NLHRed19' 6-max Seat #5 is the button
Seat 1: Hero ($10 in chips)
Seat 2: de86c0c6 ($22.46 in chips)
Seat 4: 2a7a79f4 ($10.1 in chips)
Seat 5: 8c83ba25 ($10.36 in chips)
Seat 6: e0a71133 ($19.13 in chips)
e0a71133: posts small blind $0.05
Hero: posts big blind $0.1
*** HOLE CARDS ***
Dealt to Hero [7d Kh]
Dealt to de86c0c6 
Dealt to 2a7a79f4 
Dealt to 8c83ba25 
Dealt to e0a71133 
de86c0c6: folds
2a7a79f4: raises $0.15 to $0.25
8c83ba25: folds
e0a71133: folds
Hero: folds
Uncalled bet ($0.15) returned to 2a7a79f4
*** SHOWDOWN ***
2a7a79f4 collected $0.25 from pot
*** SUMMARY ***
Total pot $0.25 | Rake $0 | Jackpot $0 | Bingo $0 | Fortune $0 | Tax $0
Seat 1: Hero (big blind) folded before Flop
Seat 2: de86c0c6 folded before Flop (didn't bet)
Seat 4: 2a7a79f4 collected ($0.25)
Seat 5: 8c83ba25 (button) folded before Flop (didn't bet)
Seat 6: e0a71133 (small blind) folded before Flop


Poker Hand #HD1757343699: Hold'em No Limit ($0.05/$0.1) - 2024/05/03 21:40:13
Table 'NLHRed19' 6-max Seat #4 is the button
Seat 1: Hero ($10 in chips)
Seat 2: de86c0c6 ($20.1 in chips)
Seat 4: 2a7a79f4 ($10.1 in chips)
Seat 5: 8c83ba25 ($10.41 in chips)
Seat 6: e0a71133 ($19.33 in chips)
8c83ba25: posts small blind $0.05
e0a71133: posts big blind $0.1
*** HOLE CARDS ***
Dealt to Hero [Qh 9h]
Dealt to de86c0c6 
Dealt to 2a7a79f4 
Dealt to 8c83ba25 
Dealt to e0a71133 
Hero: raises $0.1 to $0.2
de86c0c6: calls $0.2
2a7a79f4: folds
8c83ba25: folds
e0a71133: calls $0.1
*** FLOP *** [Ac Js 4h]
e0a71133: checks
Hero: checks
de86c0c6: bets $0.22
e0a71133: folds
Hero: raises $0.48 to $0.7
de86c0c6: calls $0.48
*** TURN *** [Ac Js 4h] [8c]
Hero: bets $1.56
de86c0c6: calls $1.56
*** RIVER *** [Ac Js 4h 8c] [Qc]
Hero: checks
de86c0c6: checks
Hero: shows [Qh 9h] (Pair of Queens)
de86c0c6: shows [Jc As] (Pair of Aces and Pair of Jacks)
*** SHOWDOWN ***
de86c0c6 collected $4.82 from pot
*** SUMMARY ***
Total pot $5.17 | Rake $0.25 | Jackpot $0.1 | Bingo $0 | Fortune $0 | Tax $0
Board [Ac Js 4h 8c Qc]
Seat 1: Hero showed [Qh 9h] and lost with Pair of Queens
Seat 2: de86c0c6 showed [Jc As] and won ($4.82) with Pair of Aces and Pair of Jacks
Seat 4: 2a7a79f4 (button) folded before Flop (didn't bet)
Seat 5: 8c83ba25 (small blind) folded before Flop
Seat 6: e0a71133 (big blind) folded on the Flop


Poker Hand #HD1757343683: Hold'em No Limit ($0.05/$0.1) - 2024/05/03 21:39:59
Table 'NLHRed19' 6-max Seat #2 is the button
Seat 1: Hero ($10 in chips)
Seat 2: de86c0c6 ($20.1 in chips)
Seat 4: 2a7a79f4 ($10 in chips)
Seat 5: 8c83ba25 ($10.51 in chips)
Seat 6: e0a71133 ($19.33 in chips)
2a7a79f4: posts small blind $0.05
8c83ba25: posts big blind $0.1
*** HOLE CARDS ***
Dealt to Hero [6h 3c]
Dealt to de86c0c6 
Dealt to 2a7a79f4 
Dealt to 8c83ba25 
Dealt to e0a71133 
e0a71133: folds
Hero: folds
de86c0c6: folds
2a7a79f4: raises $0.2 to $0.3
8c83ba25: folds
Uncalled bet ($0.2) returned to 2a7a79f4
*** SHOWDOWN ***
2a7a79f4 collected $0.2 from pot
*** SUMMARY ***
Total pot $0.2 | Rake $0 | Jackpot $0 | Bingo $0 | Fortune $0 | Tax $0
Seat 1: Hero folded before Flop (didn't bet)
Seat 2: de86c0c6 (button) folded before Flop (didn't bet)
Seat 4: 2a7a79f4 (small blind) collected ($0.2)
Seat 5: 8c83ba25 (big blind) folded before Flop
Seat 6: e0a71133 folded before Flop (didn't bet)


Poker Hand #HD1757343626: Hold'em No Limit ($0.05/$0.1) - 2024/05/03 21:39:30
Table 'NLHRed19' 6-max Seat #1 is the button
Seat 1: Hero ($10 in chips)
Seat 2: de86c0c6 ($19.78 in chips)
Seat 4: 2a7a79f4 ($10 in chips)
Seat 5: 8c83ba25 ($10.76 in chips)
Seat 6: e0a71133 ($19.33 in chips)
de86c0c6: posts small blind $0.05
2a7a79f4: posts big blind $0.1
*** HOLE CARDS ***
Dealt to Hero [Kh 5s]
Dealt to de86c0c6 
Dealt to 2a7a79f4 
Dealt to 8c83ba25 
Dealt to e0a71133 
8c83ba25: raises $0.15 to $0.25
e0a71133: folds
Hero: folds
de86c0c6: raises $0.6 to $0.85
2a7a79f4: folds
8c83ba25: folds
Uncalled bet ($0.6) returned to de86c0c6
*** SHOWDOWN ***
de86c0c6 collected $0.57 from pot
*** SUMMARY ***
Total pot $0.6 | Rake $0.03 | Jackpot $0 | Bingo $0 | Fortune $0 | Tax $0
Seat 1: Hero (button) folded before Flop (didn't bet)
Seat 2: de86c0c6 (small blind) collected ($0.57)
Seat 4: 2a7a79f4 (big blind) folded before Flop
Seat 5: 8c83ba25 folded before Flop
Seat 6: e0a71133 folded before Flop (didn't bet)


Poker Hand #HD1757343582: Hold'em No Limit ($0.05/$0.1) - 2024/05/03 21:39:05
Table 'NLHRed19' 6-max Seat #6 is the button
Seat 1: Hero ($10.05 in chips)
Seat 2: de86c0c6 ($20.03 in chips)
Seat 5: 8c83ba25 ($10.76 in chips)
Seat 6: e0a71133 ($19.05 in chips)
Hero: posts small blind $0.05
de86c0c6: posts big blind $0.1
*** HOLE CARDS ***
Dealt to Hero [3s Kd]
Dealt to de86c0c6 
Dealt to 8c83ba25 
Dealt to e0a71133 
8c83ba25: folds
e0a71133: raises $0.15 to $0.25
Hero: folds
de86c0c6: calls $0.15
*** FLOP *** [Tc Qd 2s]
de86c0c6: checks
e0a71133: bets $0.38
de86c0c6: folds
Uncalled bet ($0.38) returned to e0a71133
*** SHOWDOWN ***
e0a71133 collected $0.53 from pot
*** SUMMARY ***
Total pot $0.55 | Rake $0.02 | Jackpot $0 | Bingo $0 | Fortune $0 | Tax $0
Board [Tc Qd 2s]
Seat 1: Hero (small blind) folded before Flop
Seat 2: de86c0c6 (big blind) folded on the Flop
Seat 5: 8c83ba25 folded before Flop (didn't bet)
Seat 6: e0a71133 (button) won ($0.53)


Poker Hand #HD1757343570: Hold'em No Limit ($0.05/$0.1) - 2024/05/03 21:38:57
Table 'NLHRed19' 6-max Seat #5 is the button
Seat 1: Hero ($10 in chips)
Seat 2: de86c0c6 ($20.03 in chips)
Seat 5: 8c83ba25 ($10.76 in chips)
Seat 6: e0a71133 ($19.1 in chips)
e0a71133: posts small blind $0.05
Hero: posts big blind $0.1
*** HOLE CARDS ***
Dealt to Hero [3c Js]
Dealt to de86c0c6 
Dealt to 8c83ba25 
Dealt to e0a71133 
de86c0c6: folds
8c83ba25: folds
e0a71133: folds
Uncalled bet ($0.05) returned to Hero
*** SHOWDOWN ***
Hero collected $0.1 from pot
*** SUMMARY ***
Total pot $0.1 | Rake $0 | Jackpot $0 | Bingo $0 | Fortune $0 | Tax $0
Seat 1: Hero (big blind) collected ($0.1)
Seat 2: de86c0c6 folded before Flop (didn't bet)
Seat 5: 8c83ba25 (button) folded before Flop (didn't bet)
Seat 6: e0a71133 (small blind) folded before Flop


Poker Hand #HD1757343519: Hold'em No Limit ($0.05/$0.1) - 2024/05/03 21:38:26
Table 'NLHRed19' 6-max Seat #2 is the button
Seat 1: Hero ($10 in chips)
Seat 2: de86c0c6 ($19.71 in chips)
Seat 5: 8c83ba25 ($10.81 in chips)
Seat 6: e0a71133 ($19.4 in chips)
8c83ba25: posts small blind $0.05
e0a71133: posts big blind $0.1
*** HOLE CARDS ***
Dealt to Hero [3d Kc]
Dealt to de86c0c6 
Dealt to 8c83ba25 
Dealt to e0a71133 
Hero: folds
de86c0c6: raises $0.2 to $0.3
8c83ba25: folds
e0a71133: calls $0.2
*** FLOP *** [Ks 5c 6d]
e0a71133: checks
de86c0c6: bets $0.22
e0a71133: folds
Uncalled bet ($0.22) returned to de86c0c6
*** SHOWDOWN ***
de86c0c6 collected $0.62 from pot
*** SUMMARY ***
Total pot $0.65 | Rake $0.03 | Jackpot $0 | Bingo $0 | Fortune $0 | Tax $0
Board [Ks 5c 6d]
Seat 1: Hero folded before Flop (didn't bet)
Seat 2: de86c0c6 (button) won ($0.62)
Seat 5: 8c83ba25 (small blind) folded before Flop
Seat 6: e0a71133 (big blind) folded on the Flop


Poker Hand #HD1757343433: Hold'em No Limit ($0.05/$0.1) - 2024/05/03 21:37:43
Table 'NLHRed19' 6-max Seat #1 is the button
Seat 1: Hero ($10 in chips)
Seat 2: de86c0c6 ($20.61 in chips)
Seat 5: 8c83ba25 ($10 in chips)
Seat 6: e0a71133 ($19.4 in chips)
de86c0c6: posts small blind $0.05
8c83ba25: posts big blind $0.1
*** HOLE CARDS ***
Dealt to Hero [Ks 4s]
Dealt to de86c0c6 
Dealt to 8c83ba25 
Dealt to e0a71133 
e0a71133: folds
Hero: folds
de86c0c6: raises $0.2 to $0.3
8c83ba25: raises $0.6 to $0.9
de86c0c6: calls $0.6
*** FLOP *** [4h 9c 3h]
de86c0c6: checks
8c83ba25: bets $0.6
de86c0c6: folds
Uncalled bet ($0.6) returned to 8c83ba25
*** SHOWDOWN ***
8c83ba25 collected $1.71 from pot
*** SUMMARY ***
Total pot $1.8 | Rake $0.09 | Jackpot $0 | Bingo $0 | Fortune $0 | Tax $0
Board [4h 9c 3h]
Seat 1: Hero (button) folded before Flop (didn't bet)
Seat 2: de86c0c6 (small blind) folded on the Flop
Seat 5: 8c83ba25 (big blind) won ($1.71)
Seat 6: e0a71133 folded before Flop (didn't bet)


Poker Hand #HD1757343416: Hold'em No Limit ($0.05/$0.1) - 2024/05/03 21:37:30
Table 'NLHRed19' 6-max Seat #6 is the button
Seat 1: Hero ($10 in chips)
Seat 2: de86c0c6 ($20.56 in chips)
Seat 5: 8c83ba25 ($10 in chips)
Seat 6: e0a71133 ($19.4 in chips)
Hero: posts small blind $0.05
de86c0c6: posts big blind $0.1
*** HOLE CARDS ***
Dealt to Hero [2c Kd]
Dealt to de86c0c6 
Dealt to 8c83ba25 
Dealt to e0a71133 
8c83ba25: folds
e0a71133: folds
Hero: folds
Uncalled bet ($0.05) returned to de86c0c6
*** SHOWDOWN ***
de86c0c6 collected $0.1 from pot
*** SUMMARY ***
Total pot $0.1 | Rake $0 | Jackpot $0 | Bingo $0 | Fortune $0 | Tax $0
Seat 1: Hero (small blind) folded before Flop
Seat 2: de86c0c6 (big blind) collected ($0.1)
Seat 5: 8c83ba25 folded before Flop (didn't bet)
Seat 6: e0a71133 (button) folded before Flop (didn't bet)


Poker Hand #HD1757343281: Hold'em No Limit ($0.05/$0.1) - 2024/05/03 21:36:17
Table 'NLHRed19' 6-max Seat #5 is the button
Seat 1: Hero ($11.1 in chips)
Seat 2: de86c0c6 ($13.27 in chips)
Seat 5: 8c83ba25 ($10 in chips)
Seat 6: e0a71133 ($19.45 in chips)
e0a71133: posts small blind $0.05
Hero: posts big blind $0.1
*** HOLE CARDS ***
Dealt to Hero [Jd 7d]
Dealt to de86c0c6 
Dealt to 8c83ba25 
Dealt to e0a71133 
de86c0c6: raises $0.2 to $0.3
8c83ba25: folds
e0a71133: folds
Hero: calls $0.2
*** FLOP *** [Ac 9d 3c]
Hero: checks
de86c0c6: bets $0.22
Hero: calls $0.22
*** TURN *** [Ac 9d 3c] [8h]
Hero: checks
de86c0c6: bets $0.36
Hero: raises $0.84 to $1.2
de86c0c6: calls $0.84
*** RIVER *** [Ac 9d 3c 8h] [Tc]
Hero: bets $2.31
de86c0c6: raises $4.06 to $6.37
Hero: calls $4.06
de86c0c6: shows [Qc 7c] (Ace High Flush)
Hero: shows [Jd 7d] (Jacks-High Straight)
*** SHOWDOWN ***
de86c0c6 collected $15.38 from pot
*** SUMMARY ***
Total pot $16.23 | Rake $0.75 | Jackpot $0.1 | Bingo $0 | Fortune $0 | Tax $0
Board [Ac 9d 3c 8h Tc]
Seat 1: Hero (big blind) showed [Jd 7d] and lost with Jacks-High Straight
Seat 2: de86c0c6 showed [Qc 7c] and won ($15.38) with Ace High Flush
Seat 5: 8c83ba25 (button) folded before Flop (didn't bet)
Seat 6: e0a71133 (small blind) folded before Flop


Poker Hand #HD1757343193: Hold'em No Limit ($0.05/$0.1) - 2024/05/03 21:35:35
Table 'NLHRed19' 6-max Seat #2 is the button
Seat 1: Hero ($11.1 in chips)
Seat 2: de86c0c6 ($12.65 in chips)
Seat 5: 8c83ba25 ($10 in chips)
Seat 6: e0a71133 ($20.08 in chips)
8c83ba25: posts small blind $0.05
e0a71133: posts big blind $0.1
*** HOLE CARDS ***
Dealt to Hero [7h Js]
Dealt to de86c0c6 
Dealt to 8c83ba25 
Dealt to e0a71133 
Hero: folds
de86c0c6: raises $0.2 to $0.3
8c83ba25: folds
e0a71133: calls $0.2
*** FLOP *** [3c Th 5c]
e0a71133: checks
de86c0c6: checks
*** TURN *** [3c Th 5c] [5d]
e0a71133: bets $0.33
de86c0c6: calls $0.33
*** RIVER *** [3c Th 5c 5d] [4d]
e0a71133: checks
de86c0c6: checks
e0a71133: shows [Ac Qc] (Pair of Fives)
de86c0c6: shows [Ad 3h] (Pair of Fives and Pair of Treys)
*** SHOWDOWN ***
de86c0c6 collected $1.25 from pot
*** SUMMARY ***
Total pot $1.31 | Rake $0.06 | Jackpot $0 | Bingo $0 | Fortune $0 | Tax $0
Board [3c Th 5c 5d 4d]
Seat 1: Hero folded before Flop (didn't bet)
Seat 2: de86c0c6 (button) showed [Ad 3h] and won ($1.25) with Pair of Fives and Pair of Treys
Seat 5: 8c83ba25 (small blind) folded before Flop
Seat 6: e0a71133 (big blind) showed [Ac Qc] and lost with Pair of Fives


Poker Hand #HD1757343142: Hold'em No Limit ($0.05/$0.1) - 2024/05/03 21:35:07
Table 'NLHRed19' 6-max Seat #1 is the button
Seat 1: Hero ($11.34 in chips)
Seat 2: de86c0c6 ($12.33 in chips)
Seat 5: 8c83ba25 ($10 in chips)
Seat 6: e0a71133 ($20.08 in chips)
de86c0c6: posts small blind $0.05
8c83ba25: posts big blind $0.1
*** HOLE CARDS ***
Dealt to Hero [6h 6d]
Dealt to de86c0c6 
Dealt to 8c83ba25 
Dealt to e0a71133 
e0a71133: folds
Hero: raises $0.14 to $0.24
de86c0c6: calls $0.19
8c83ba25: folds
*** FLOP *** [5s As Tc]
de86c0c6: checks
Hero: checks
*** TURN *** [5s As Tc] [Jc]
de86c0c6: bets $0.29
Hero: folds
Uncalled bet ($0.29) returned to de86c0c6
*** SHOWDOWN ***
de86c0c6 collected $0.56 from pot
*** SUMMARY ***
Total pot $0.58 | Rake $0.02 | Jackpot $0 | Bingo $0 | Fortune $0 | Tax $0
Board [5s As Tc Jc]
Seat 1: Hero (button) folded on the Turn
Seat 2: de86c0c6 (small blind) won ($0.56)
Seat 5: 8c83ba25 (big blind) folded before Flop
Seat 6: e0a71133 folded before Flop (didn't bet)


Poker Hand #HD1757343044: Hold'em No Limit ($0.05/$0.1) - 2024/05/03 21:34:14
Table 'NLHRed19' 6-max Seat #6 is the button
Seat 1: Hero ($11.39 in chips)
Seat 2: de86c0c6 ($11.88 in chips)
Seat 5: 8c83ba25 ($10.2 in chips)
Seat 6: e0a71133 ($20.08 in chips)
Hero: posts small blind $0.05
de86c0c6: posts big blind $0.1
*** HOLE CARDS ***
Dealt to Hero [6d 7d]
Dealt to de86c0c6 
Dealt to 8c83ba25 
Dealt to e0a71133 
8c83ba25: raises $0.15 to $0.25
e0a71133: folds
Hero: folds
de86c0c6: calls $0.15
*** FLOP *** [Ac 2h Jd]
de86c0c6: checks
8c83ba25: bets $0.19
de86c0c6: calls $0.19
*** TURN *** [Ac 2h Jd] [9s]
de86c0c6: checks
8c83ba25: checks
*** RIVER *** [Ac 2h Jd 9s] [Jc]
de86c0c6: checks
8c83ba25: checks
de86c0c6: shows [5c Ad] (Pair of Aces and Pair of Jacks)
8c83ba25: shows [Kh Kc] (Pair of Kings and Pair of Jacks)
*** SHOWDOWN ***
de86c0c6 collected $0.89 from pot
*** SUMMARY ***
Total pot $0.93 | Rake $0.04 | Jackpot $0 | Bingo $0 | Fortune $0 | Tax $0
Board [Ac 2h Jd 9s Jc]
Seat 1: Hero (small blind) folded before Flop
Seat 2: de86c0c6 (big blind) showed [5c Ad] and won ($0.89) with Pair of Aces and Pair of Jacks
Seat 5: 8c83ba25 showed [Kh Kc] and lost with Pair of Kings and Pair of Jacks
Seat 6: e0a71133 (button) folded before Flop (didn't bet)


Poker Hand #HD1757342909: Hold'em No Limit ($0.05/$0.1) - 2024/05/03 21:33:02
Table 'NLHRed19' 6-max Seat #5 is the button
Seat 1: Hero ($11.49 in chips)
Seat 2: de86c0c6 ($22.29 in chips)
Seat 5: 8c83ba25 ($10.2 in chips)
Seat 6: e0a71133 ($10.41 in chips)
e0a71133: posts small blind $0.05
Hero: posts big blind $0.1
*** HOLE CARDS ***
Dealt to Hero [2c 9h]
Dealt to de86c0c6 
Dealt to 8c83ba25 
Dealt to e0a71133 
de86c0c6: raises $0.2 to $0.3
8c83ba25: folds
e0a71133: raises $0.8 to $1.1
Hero: folds
de86c0c6: calls $0.8
*** FLOP *** [5c 8d Tc]
e0a71133: bets $1.45
de86c0c6: calls $1.45
*** TURN *** [5c 8d Tc] [7d]
e0a71133: bets $3.7
de86c0c6: raises $12.6 to $16.3
e0a71133: calls $4.16 and is all-in
Uncalled bet ($8.44) returned to de86c0c6
de86c0c6: shows [Jd Js] (Pair of Jacks)
e0a71133: shows [Kh Kc] (Pair of Kings)
*** FIRST RIVER *** [5c 8d Tc 7d] [As]
*** SECOND RIVER *** [5c 8d Tc 7d] [2h]
*** FIRST SHOWDOWN ***
e0a71133 collected $10.04 from pot
*** SECOND SHOWDOWN ***
e0a71133 collected $10.04 from pot
*** SUMMARY ***
Total pot $20.92 | Rake $0.74 | Jackpot $0.1 | Bingo $0 | Fortune $0 | Tax $0
Hand was run two times
FIRST Board [5c 8d Tc 7d As]
SECOND Board [2h]
Seat 1: Hero (big blind) folded before Flop
Seat 2: de86c0c6 showed [Jd Js] and lost with Pair of Jacks, and lost
Seat 5: 8c83ba25 (button) folded before Flop (didn't bet)
Seat 6: e0a71133 (small blind) showed [Kh Kc] and won ($10.04) with Pair of Kings, and won ($10.04)


Poker Hand #HD1757342869: Hold'em No Limit ($0.05/$0.1) - 2024/05/03 21:32:39
Table 'NLHRed19' 6-max Seat #2 is the button
Seat 1: Hero ($11.49 in chips)
Seat 2: de86c0c6 ($22.29 in chips)
Seat 5: 8c83ba25 ($10.45 in chips)
Seat 6: e0a71133 ($10.18 in chips)
8c83ba25: posts small blind $0.05
e0a71133: posts big blind $0.1
*** HOLE CARDS ***
Dealt to Hero [7d Th]
Dealt to de86c0c6 
Dealt to 8c83ba25 
Dealt to e0a71133 
Hero: folds
de86c0c6: folds
8c83ba25: raises $0.15 to $0.25
e0a71133: raises $0.75 to $1
8c83ba25: folds
Uncalled bet ($0.75) returned to e0a71133
*** SHOWDOWN ***
e0a71133 collected $0.48 from pot
*** SUMMARY ***
Total pot $0.5 | Rake $0.02 | Jackpot $0 | Bingo $0 | Fortune $0 | Tax $0
Seat 1: Hero folded before Flop (didn't bet)
Seat 2: de86c0c6 (button) folded before Flop (didn't bet)
Seat 5: 8c83ba25 (small blind) folded before Flop
Seat 6: e0a71133 (big blind) collected ($0.48)


Poker Hand #HD1757342817: Hold'em No Limit ($0.05/$0.1) - 2024/05/03 21:32:08
Table 'NLHRed19' 6-max Seat #1 is the button
Seat 1: Hero ($11.49 in chips)
Seat 2: de86c0c6 ($22.79 in chips)
Seat 5: 8c83ba25 ($10 in chips)
Seat 6: e0a71133 ($10.18 in chips)
de86c0c6: posts small blind $0.05
8c83ba25: posts big blind $0.1
*** HOLE CARDS ***
Dealt to Hero [8c 9d]
Dealt to de86c0c6 
Dealt to 8c83ba25 
Dealt to e0a71133 
e0a71133: folds
Hero: folds
de86c0c6: raises $0.2 to $0.3
8c83ba25: calls $0.2
*** FLOP *** [5d 9c Kd]
de86c0c6: bets $0.2
8c83ba25: raises $0.5 to $0.7
de86c0c6: folds
Uncalled bet ($0.5) returned to 8c83ba25
*** SHOWDOWN ***
8c83ba25 collected $0.95 from pot
*** SUMMARY ***
Total pot $1 | Rake $0.05 | Jackpot $0 | Bingo $0 | Fortune $0 | Tax $0
Board [5d 9c Kd]
Seat 1: Hero (button) folded before Flop (didn't bet)
Seat 2: de86c0c6 (small blind) folded on the Flop
Seat 5: 8c83ba25 (big blind) won ($0.95)
Seat 6: e0a71133 folded before Flop (didn't bet)


Poker Hand #HD1757342793: Hold'em No Limit ($0.05/$0.1) - 2024/05/03 21:31:54
Table 'NLHRed19' 6-max Seat #6 is the button
Seat 1: Hero ($11.39 in chips)
Seat 2: de86c0c6 ($22.89 in chips)
Seat 3: 95a4c36a ($10.44 in chips)
Seat 4: 2a7a79f4 ($10 in chips)
Seat 5: 8c83ba25 ($10 in chips)
Seat 6: e0a71133 ($10.18 in chips)
Hero: posts small blind $0.05
de86c0c6: posts big blind $0.1
*** HOLE CARDS ***
Dealt to Hero [Th 9h]
Dealt to de86c0c6 
Dealt to 95a4c36a 
Dealt to 2a7a79f4 
Dealt to 8c83ba25 
Dealt to e0a71133 
95a4c36a: folds
2a7a79f4: folds
8c83ba25: folds
e0a71133: folds
Hero: raises $0.2 to $0.3
de86c0c6: folds
Uncalled bet ($0.2) returned to Hero
*** SHOWDOWN ***
Hero collected $0.2 from pot
*** SUMMARY ***
Total pot $0.2 | Rake $0 | Jackpot $0 | Bingo $0 | Fortune $0 | Tax $0
Seat 1: Hero (small blind) collected ($0.2)
Seat 2: de86c0c6 (big blind) folded before Flop
Seat 3: 95a4c36a folded before Flop (didn't bet)
Seat 4: 2a7a79f4 folded before Flop (didn't bet)
Seat 5: 8c83ba25 folded before Flop (didn't bet)
Seat 6: e0a71133 (button) folded before Flop (didn't bet)


Poker Hand #HD1757342759: Hold'em No Limit ($0.05/$0.1) - 2024/05/03 21:31:36
Table 'NLHRed19' 6-max Seat #5 is the button
Seat 1: Hero ($11.49 in chips)
Seat 2: de86c0c6 ($22.89 in chips)
Seat 3: 95a4c36a ($10.44 in chips)
Seat 4: 2a7a79f4 ($10 in chips)
Seat 5: 8c83ba25 ($10 in chips)
Seat 6: e0a71133 ($10.08 in chips)
e0a71133: posts small blind $0.05
Hero: posts big blind $0.1
*** HOLE CARDS ***
Dealt to Hero [2s 5s]
Dealt to de86c0c6 
Dealt to 95a4c36a 
Dealt to 2a7a79f4 
Dealt to 8c83ba25 
Dealt to e0a71133 
de86c0c6: folds
95a4c36a: folds
2a7a79f4: folds
8c83ba25: folds
e0a71133: raises $0.2 to $0.3
Hero: folds
Uncalled bet ($0.2) returned to e0a71133
*** SHOWDOWN ***
e0a71133 collected $0.2 from pot
*** SUMMARY ***
Total pot $0.2 | Rake $0 | Jackpot $0 | Bingo $0 | Fortune $0 | Tax $0
Seat 1: Hero (big blind) folded before Flop
Seat 2: de86c0c6 folded before Flop (didn't bet)
Seat 3: 95a4c36a folded before Flop (didn't bet)
Seat 4: 2a7a79f4 folded before Flop (didn't bet)
Seat 5: 8c83ba25 (button) folded before Flop (didn't bet)
Seat 6: e0a71133 (small blind) collected ($0.2)


Poker Hand #HD1757342702: Hold'em No Limit ($0.05/$0.1) - 2024/05/03 21:31:09
Table 'NLHRed19' 6-max Seat #4 is the button
Seat 1: Hero ($11.49 in chips)
Seat 2: de86c0c6 ($22.66 in chips)
Seat 3: 95a4c36a ($10.44 in chips)
Seat 4: 2a7a79f4 ($10 in chips)
Seat 5: 8c83ba25 ($10.05 in chips)
Seat 6: e0a71133 ($10.28 in chips)
8c83ba25: posts small blind $0.05
e0a71133: posts big blind $0.1
*** HOLE CARDS ***
Dealt to Hero [6h 7s]
Dealt to de86c0c6 
Dealt to 95a4c36a 
Dealt to 2a7a79f4 
Dealt to 8c83ba25 
Dealt to e0a71133 
Hero: folds
de86c0c6: raises $0.1 to $0.2
95a4c36a: folds
2a7a79f4: folds
8c83ba25: folds
e0a71133: calls $0.1
*** FLOP *** [Qc 6c 4s]
e0a71133: checks
de86c0c6: bets $0.23
e0a71133: folds
Uncalled bet ($0.23) returned to de86c0c6
*** SHOWDOWN ***
de86c0c6 collected $0.43 from pot
*** SUMMARY ***
Total pot $0.45 | Rake $0.02 | Jackpot $0 | Bingo $0 | Fortune $0 | Tax $0
Board [Qc 6c 4s]
Seat 1: Hero folded before Flop (didn't bet)
Seat 2: de86c0c6 won ($0.43)
Seat 3: 95a4c36a folded before Flop (didn't bet)
Seat 4: 2a7a79f4 (button) folded before Flop (didn't bet)
Seat 5: 8c83ba25 (small blind) folded before Flop
Seat 6: e0a71133 (big blind) folded on the Flop


Poker Hand #HD1757342664: Hold'em No Limit ($0.05/$0.1) - 2024/05/03 21:30:51
Table 'NLHRed19' 6-max Seat #3 is the button
Seat 1: Hero ($11.49 in chips)
Seat 2: de86c0c6 ($22.66 in chips)
Seat 3: 95a4c36a ($10.44 in chips)
Seat 4: 2a7a79f4 ($10 in chips)
Seat 5: 8c83ba25 ($10 in chips)
Seat 6: e0a71133 ($10.28 in chips)
2a7a79f4: posts small blind $0.05
8c83ba25: posts big blind $0.1
*** HOLE CARDS ***
Dealt to Hero [Ks 8h]
Dealt to de86c0c6 
Dealt to 95a4c36a 
Dealt to 2a7a79f4 
Dealt to 8c83ba25 
Dealt to e0a71133 
e0a71133: folds
Hero: folds
de86c0c6: folds
95a4c36a: folds
2a7a79f4: folds
Uncalled bet ($0.05) returned to 8c83ba25
*** SHOWDOWN ***
8c83ba25 collected $0.1 from pot
*** SUMMARY ***
Total pot $0.1 | Rake $0 | Jackpot $0 | Bingo $0 | Fortune $0 | Tax $0
Seat 1: Hero folded before Flop (didn't bet)
Seat 2: de86c0c6 folded before Flop (didn't bet)
Seat 3: 95a4c36a (button) folded before Flop (didn't bet)
Seat 4: 2a7a79f4 (small blind) folded before Flop
Seat 5: 8c83ba25 (big blind) collected ($0.1)
Seat 6: e0a71133 folded before Flop (didn't bet)


Poker Hand #HD1757342565: Hold'em No Limit ($0.05/$0.1) - 2024/05/03 21:29:54
Table 'NLHRed19' 6-max Seat #2 is the button
Seat 1: Hero ($11.49 in chips)
Seat 2: de86c0c6 ($22.66 in chips)
Seat 3: 95a4c36a ($10.49 in chips)
Seat 4: 2a7a79f4 ($10 in chips)
Seat 6: e0a71133 ($10 in chips)
95a4c36a: posts small blind $0.05
2a7a79f4: posts big blind $0.1
*** HOLE CARDS ***
Dealt to Hero [Jh 9c]
Dealt to de86c0c6 
Dealt to 95a4c36a 
Dealt to 2a7a79f4 
Dealt to e0a71133 
e0a71133: raises $0.15 to $0.25
Hero: folds
de86c0c6: folds
95a4c36a: folds
2a7a79f4: calls $0.15
*** FLOP *** [Kh 8s 3d]
2a7a79f4: checks
e0a71133: checks
*** TURN *** [Kh 8s 3d] [Kc]
2a7a79f4: checks
e0a71133: checks
*** RIVER *** [Kh 8s 3d Kc] [Td]
2a7a79f4: checks
e0a71133: checks
2a7a79f4: shows [Ac 4c] (Pair of Kings)
e0a71133: shows [6c 6h] (Pair of Kings and Pair of Sixes)
*** SHOWDOWN ***
e0a71133 collected $0.53 from pot
*** SUMMARY ***
Total pot $0.55 | Rake $0.02 | Jackpot $0 | Bingo $0 | Fortune $0 | Tax $0
Board [Kh 8s 3d Kc Td]
Seat 1: Hero folded before Flop (didn't bet)
Seat 2: de86c0c6 (button) folded before Flop (didn't bet)
Seat 3: 95a4c36a (small blind) folded before Flop
Seat 4: 2a7a79f4 (big blind) showed [Ac 4c] and lost with Pair of Kings
Seat 6: e0a71133 showed [6c 6h] and won ($0.53) with Pair of Kings and Pair of Sixes


Poker Hand #HD1757342387: Hold'em No Limit ($0.05/$0.1) - 2024/05/03 21:28:21
Table 'NLHRed19' 6-max Seat #1 is the button
Seat 1: Hero ($10.35 in chips)
Seat 2: de86c0c6 ($22.71 in chips)
Seat 3: 95a4c36a ($10.59 in chips)
Seat 4: 2a7a79f4 ($10.15 in chips)
Seat 6: e0a71133 ($10 in chips)
de86c0c6: posts small blind $0.05
95a4c36a: posts big blind $0.1
*** HOLE CARDS ***
Dealt to Hero [Js Jc]
Dealt to de86c0c6 
Dealt to 95a4c36a 
Dealt to 2a7a79f4 
Dealt to e0a71133 
2a7a79f4: raises $0.2 to $0.3
e0a71133: folds
Hero: raises $0.8 to $1.1
de86c0c6: folds
95a4c36a: folds
2a7a79f4: calls $0.8
*** FLOP *** [Kc Th 3h]
2a7a79f4: checks
Hero: checks
*** TURN *** [Kc Th 3h] [3s]
2a7a79f4: checks
Hero: checks
*** RIVER *** [Kc Th 3h 3s] [9c]
2a7a79f4: checks
Hero: checks
2a7a79f4: shows [Qd Ad] (Pair of Treys)
Hero: shows [Js Jc] (Pair of Jacks and Pair of Treys)
*** SHOWDOWN ***
Hero collected $2.24 from pot
*** SUMMARY ***
Total pot $2.35 | Rake $0.11 | Jackpot $0 | Bingo $0 | Fortune $0 | Tax $0
Board [Kc Th 3h 3s 9c]
Seat 1: Hero (button) showed [Js Jc] and won ($2.24) with Pair of Jacks and Pair of Treys
Seat 2: de86c0c6 (small blind) folded before Flop
Seat 3: 95a4c36a (big blind) folded before Flop
Seat 4: 2a7a79f4 showed [Qd Ad] and lost with Pair of Treys
Seat 6: e0a71133 folded before Flop (didn't bet)


Poker Hand #HD1757342251: Hold'em No Limit ($0.05/$0.1) - 2024/05/03 21:27:13
Table 'NLHRed19' 6-max Seat #6 is the button
Seat 1: Hero ($10.4 in chips)
Seat 2: de86c0c6 ($21.6 in chips)
Seat 3: 95a4c36a ($10.59 in chips)
Seat 4: 2a7a79f4 ($10.15 in chips)
Seat 6: e0a71133 ($10 in chips)
Hero: posts small blind $0.05
de86c0c6: posts big blind $0.1
*** HOLE CARDS ***
Dealt to Hero [5s 9c]
Dealt to de86c0c6 
Dealt to 95a4c36a 
Dealt to 2a7a79f4 
Dealt to e0a71133 
95a4c36a: folds
2a7a79f4: folds
e0a71133: raises $0.15 to $0.25
Hero: folds
de86c0c6: raises $0.45 to $0.7
e0a71133: calls $0.45
*** FLOP *** [Kh 9h Kc]
de86c0c6: bets $0.48
e0a71133: calls $0.48
*** TURN *** [Kh 9h Kc] [7h]
de86c0c6: checks
e0a71133: checks
*** RIVER *** [Kh 9h Kc 7h] [4s]
de86c0c6: checks
e0a71133: checks
de86c0c6: shows [Qc Ts] (Pair of Kings)
e0a71133: shows [Jh Td] (Pair of Kings)
*** SHOWDOWN ***
de86c0c6 collected $2.29 from pot
*** SUMMARY ***
Total pot $2.41 | Rake $0.12 | Jackpot $0 | Bingo $0 | Fortune $0 | Tax $0
Board [Kh 9h Kc 7h 4s]
Seat 1: Hero (small blind) folded before Flop
Seat 2: de86c0c6 (big blind) showed [Qc Ts] and won ($2.29) with Pair of Kings
Seat 3: 95a4c36a folded before Flop (didn't bet)
Seat 4: 2a7a79f4 folded before Flop (didn't bet)
Seat 6: e0a71133 (button) showed [Jh Td] and lost with Pair of Kings


Poker Hand #HD1757342198: Hold'em No Limit ($0.05/$0.1) - 2024/05/03 21:26:47
Table 'NLHRed19' 6-max Seat #4 is the button
Seat 1: Hero ($10.4 in chips)
Seat 2: de86c0c6 ($21.85 in chips)
Seat 3: 95a4c36a ($10.22 in chips)
Seat 4: 2a7a79f4 ($10.15 in chips)
Seat 5: 1454b1e3 ($29.41 in chips)
Seat 6: e0a71133 ($10 in chips)
1454b1e3: posts small blind $0.05
e0a71133: posts big blind $0.1
*** HOLE CARDS ***
Dealt to Hero [4s 5h]
Dealt to de86c0c6 
Dealt to 95a4c36a 
Dealt to 2a7a79f4 
Dealt to 1454b1e3 
Dealt to e0a71133 
Hero: folds
de86c0c6: raises $0.15 to $0.25
95a4c36a: raises $0.49 to $0.74
2a7a79f4: folds
1454b1e3: folds
e0a71133: folds
de86c0c6: folds
Uncalled bet ($0.49) returned to 95a4c36a
*** SHOWDOWN ***
95a4c36a collected $0.62 from pot
*** SUMMARY ***
Total pot $0.65 | Rake $0.03 | Jackpot $0 | Bingo $0 | Fortune $0 | Tax $0
Seat 1: Hero folded before Flop (didn't bet)
Seat 2: de86c0c6 folded before Flop
Seat 3: 95a4c36a collected ($0.62)
Seat 4: 2a7a79f4 (button) folded before Flop (didn't bet)
Seat 5: 1454b1e3 (small blind) folded before Flop
Seat 6: e0a71133 (big blind) folded before Flop


Poker Hand #HD1757342169: Hold'em No Limit ($0.05/$0.1) - 2024/05/03 21:26:34
Table 'NLHRed19' 6-max Seat #3 is the button
Seat 1: Hero ($10.4 in chips)
Seat 2: de86c0c6 ($21.85 in chips)
Seat 3: 95a4c36a ($10.22 in chips)
Seat 4: 2a7a79f4 ($10.05 in chips)
Seat 5: 1454b1e3 ($29.51 in chips)
Seat 6: e0a71133 ($10 in chips)
2a7a79f4: posts small blind $0.05
1454b1e3: posts big blind $0.1
*** HOLE CARDS ***
Dealt to Hero [6s 7d]
Dealt to de86c0c6 
Dealt to 95a4c36a 
Dealt to 2a7a79f4 
Dealt to 1454b1e3 
Dealt to e0a71133 
e0a71133: folds
Hero: folds
de86c0c6: folds
95a4c36a: folds
2a7a79f4: raises $0.2 to $0.3
1454b1e3: folds
Uncalled bet ($0.2) returned to 2a7a79f4
*** SHOWDOWN ***
2a7a79f4 collected $0.2 from pot
*** SUMMARY ***
Total pot $0.2 | Rake $0 | Jackpot $0 | Bingo $0 | Fortune $0 | Tax $0
Seat 1: Hero folded before Flop (didn't bet)
Seat 2: de86c0c6 folded before Flop (didn't bet)
Seat 3: 95a4c36a (button) folded before Flop (didn't bet)
Seat 4: 2a7a79f4 (small blind) collected ($0.2)
Seat 5: 1454b1e3 (big blind) folded before Flop
Seat 6: e0a71133 folded before Flop (didn't bet)


Poker Hand #HD1757342144: Hold'em No Limit ($0.05/$0.1) - 2024/05/03 21:26:18
Table 'NLHRed19' 6-max Seat #2 is the button
Seat 1: Hero ($10.4 in chips)
Seat 2: de86c0c6 ($21.7 in chips)
Seat 3: 95a4c36a ($10.27 in chips)
Seat 4: 2a7a79f4 ($10.15 in chips)
Seat 5: 1454b1e3 ($29.51 in chips)
Seat 6: e0a71133 ($10 in chips)
95a4c36a: posts small blind $0.05
2a7a79f4: posts big blind $0.1
*** HOLE CARDS ***
Dealt to Hero [Qh 4h]
Dealt to de86c0c6 
Dealt to 95a4c36a 
Dealt to 2a7a79f4 
Dealt to 1454b1e3 
Dealt to e0a71133 
1454b1e3: folds
e0a71133: folds
Hero: folds
de86c0c6: raises $0.2 to $0.3
95a4c36a: folds
2a7a79f4: folds
Uncalled bet ($0.2) returned to de86c0c6
*** SHOWDOWN ***
de86c0c6 collected $0.25 from pot
*** SUMMARY ***
Total pot $0.25 | Rake $0 | Jackpot $0 | Bingo $0 | Fortune $0 | Tax $0
Seat 1: Hero folded before Flop (didn't bet)
Seat 2: de86c0c6 (button) collected ($0.25)
Seat 3: 95a4c36a (small blind) folded before Flop
Seat 4: 2a7a79f4 (big blind) folded before Flop
Seat 5: 1454b1e3 folded before Flop (didn't bet)
Seat 6: e0a71133 folded before Flop (didn't bet)


Poker Hand #HD1757342040: Hold'em No Limit ($0.05/$0.1) - 2024/05/03 21:25:19
Table 'NLHRed19' 6-max Seat #1 is the button
Seat 1: Hero ($10.4 in chips)
Seat 2: de86c0c6 ($22 in chips)
Seat 3: 95a4c36a ($10 in chips)
Seat 4: 2a7a79f4 ($10.15 in chips)
Seat 5: 1454b1e3 ($29.51 in chips)
Seat 6: e0a71133 ($10 in chips)
de86c0c6: posts small blind $0.05
95a4c36a: posts big blind $0.1
*** HOLE CARDS ***
Dealt to Hero [Kh 4c]
Dealt to de86c0c6 
Dealt to 95a4c36a 
Dealt to 2a7a79f4 
Dealt to 1454b1e3 
Dealt to e0a71133 
2a7a79f4: folds
1454b1e3: folds
e0a71133: folds
Hero: folds
de86c0c6: raises $0.2 to $0.3
95a4c36a: calls $0.2
*** FLOP *** [7s 4d 5d]
de86c0c6: checks
95a4c36a: bets $0.45
de86c0c6: folds
Uncalled bet ($0.45) returned to 95a4c36a
*** SHOWDOWN ***
95a4c36a collected $0.57 from pot
*** SUMMARY ***
Total pot $0.6 | Rake $0.03 | Jackpot $0 | Bingo $0 | Fortune $0 | Tax $0
Board [7s 4d 5d]
Seat 1: Hero (button) folded before Flop (didn't bet)
Seat 2: de86c0c6 (small blind) folded on the Flop
Seat 3: 95a4c36a (big blind) won ($0.57)
Seat 4: 2a7a79f4 folded before Flop (didn't bet)
Seat 5: 1454b1e3 folded before Flop (didn't bet)
Seat 6: e0a71133 folded before Flop (didn't bet)


Poker Hand #HD1757341979: Hold'em No Limit ($0.05/$0.1) - 2024/05/03 21:24:46
Table 'NLHRed19' 6-max Seat #6 is the button
Seat 1: Hero ($10.45 in chips)
Seat 2: de86c0c6 ($22.1 in chips)
Seat 3: 95a4c36a ($10 in chips)
Seat 4: 2a7a79f4 ($10 in chips)
Seat 5: 1454b1e3 ($29.51 in chips)
Seat 6: e0a71133 ($10 in chips)
Hero: posts small blind $0.05
de86c0c6: posts big blind $0.1
*** HOLE CARDS ***
Dealt to Hero [Js 3h]
Dealt to de86c0c6 
Dealt to 95a4c36a 
Dealt to 2a7a79f4 
Dealt to 1454b1e3 
Dealt to e0a71133 
95a4c36a: folds
2a7a79f4: raises $0.2 to $0.3
1454b1e3: folds
e0a71133: folds
Hero: folds
de86c0c6: folds
Uncalled bet ($0.2) returned to 2a7a79f4
*** SHOWDOWN ***
2a7a79f4 collected $0.25 from pot
*** SUMMARY ***
Total pot $0.25 | Rake $0 | Jackpot $0 | Bingo $0 | Fortune $0 | Tax $0
Seat 1: Hero (small blind) folded before Flop
Seat 2: de86c0c6 (big blind) folded before Flop
Seat 3: 95a4c36a folded before Flop (didn't bet)
Seat 4: 2a7a79f4 collected ($0.25)
Seat 5: 1454b1e3 folded before Flop (didn't bet)
Seat 6: e0a71133 (button) folded before Flop (didn't bet)


Poker Hand #HD1757341917: Hold'em No Limit ($0.05/$0.1) - 2024/05/03 21:24:12
Table 'NLHRed19' 6-max Seat #5 is the button
Seat 1: Hero ($10 in chips)
Seat 2: de86c0c6 ($22.1 in chips)
Seat 3: 95a4c36a ($10 in chips)
Seat 4: 2a7a79f4 ($10 in chips)
Seat 5: 1454b1e3 ($29.51 in chips)
Seat 6: e0a71133 ($10 in chips)
e0a71133: posts small blind $0.05
Hero: posts big blind $0.1
*** HOLE CARDS ***
Dealt to Hero [Qh Js]
Dealt to de86c0c6 
Dealt to 95a4c36a 
Dealt to 2a7a79f4 
Dealt to 1454b1e3 
Dealt to e0a71133 
de86c0c6: folds
95a4c36a: raises $0.15 to $0.25
2a7a79f4: folds
1454b1e3: folds
e0a71133: folds
Hero: calls $0.15
*** FLOP *** [3d Qs 7h]
Hero: checks
95a4c36a: checks
*** TURN *** [3d Qs 7h] [9d]
Hero: bets $0.19
95a4c36a: calls $0.19
*** RIVER *** [3d Qs 7h 9d] [9h]
Hero: bets $0.31
95a4c36a: folds
Uncalled bet ($0.31) returned to Hero
*** SHOWDOWN ***
Hero collected $0.89 from pot
*** SUMMARY ***
Total pot $0.93 | Rake $0.04 | Jackpot $0 | Bingo $0 | Fortune $0 | Tax $0
Board [3d Qs 7h 9d 9h]
Seat 1: Hero (big blind) won ($0.89)
Seat 2: de86c0c6 folded before Flop (didn't bet)
Seat 3: 95a4c36a folded on the River
Seat 4: 2a7a79f4 folded before Flop (didn't bet)
Seat 5: 1454b1e3 (button) folded before Flop (didn't bet)
Seat 6: e0a71133 (small blind) folded before Flop


