Poker Hand #HD1788777522: Hold'em No Limit ($0.05/$0.1) - 2024/05/26 18:53:20
Table 'NLHRed19' 6-max Seat #6 is the button
Seat 1: 5b8c26ff ($10 in chips)
Seat 3: 7e1e91cb ($5.11 in chips)
Seat 4: d03535e1 ($14.38 in chips)
Seat 5: 176f5405 ($12.23 in chips)
Seat 6: Hero ($11.46 in chips)
5b8c26ff: posts small blind $0.05
7e1e91cb: posts big blind $0.1
*** HOLE CARDS ***
Dealt to 5b8c26ff 
Dealt to 7e1e91cb 
Dealt to d03535e1 
Dealt to 176f5405 
Dealt to Hero [Qh 6d]
d03535e1: folds
176f5405: raises $0.15 to $0.25
Hero: folds
5b8c26ff: folds
7e1e91cb: calls $0.15
*** FLOP *** [5d 3s 7h]
7e1e91cb: bets $0.2
176f5405: calls $0.2
*** TURN *** [5d 3s 7h] [4s]
7e1e91cb: bets $0.53
176f5405: folds
Uncalled bet ($0.53) returned to 7e1e91cb
*** SHOWDOWN ***
7e1e91cb collected $0.91 from pot
*** SUMMARY ***
Total pot $0.95 | Rake $0.04 | Jackpot $0 | Bingo $0 | Fortune $0 | Tax $0
Board [5d 3s 7h 4s]
Seat 1: 5b8c26ff (small blind) folded before Flop
Seat 3: 7e1e91cb (big blind) won ($0.91)
Seat 4: d03535e1 folded before Flop (didn't bet)
Seat 5: 176f5405 folded on the Turn
Seat 6: Hero (button) folded before Flop (didn't bet)


Poker Hand #HD1788777481: Hold'em No Limit ($0.05/$0.1) - 2024/05/26 18:53:02
Table 'NLHRed19' 6-max Seat #5 is the button
Seat 1: 5b8c26ff ($10 in chips)
Seat 3: 7e1e91cb ($5.21 in chips)
Seat 4: d03535e1 ($14.73 in chips)
Seat 5: 176f5405 ($11.67 in chips)
Seat 6: Hero ($11.51 in chips)
Hero: posts small blind $0.05
5b8c26ff: posts big blind $0.1
*** HOLE CARDS ***
Dealt to 5b8c26ff 
Dealt to 7e1e91cb 
Dealt to d03535e1 
Dealt to 176f5405 
Dealt to Hero [3d 5s]
7e1e91cb: calls $0.1
d03535e1: raises $0.25 to $0.35
176f5405: raises $0.65 to $1
Hero: folds
5b8c26ff: folds
7e1e91cb: folds
d03535e1: folds
Uncalled bet ($0.65) returned to 176f5405
*** SHOWDOWN ***
176f5405 collected $0.91 from pot
*** SUMMARY ***
Total pot $0.95 | Rake $0.04 | Jackpot $0 | Bingo $0 | Fortune $0 | Tax $0
Seat 1: 5b8c26ff (big blind) folded before Flop
Seat 3: 7e1e91cb folded before Flop
Seat 4: d03535e1 folded before Flop
Seat 5: 176f5405 (button) collected ($0.91)
Seat 6: Hero (small blind) folded before Flop


Poker Hand #HD1788777359: Hold'em No Limit ($0.05/$0.1) - 2024/05/26 18:51:54
Table 'NLHRed19' 6-max Seat #4 is the button
Seat 1: 5b8c26ff ($10 in chips)
Seat 3: 7e1e91cb ($5.21 in chips)
Seat 4: d03535e1 ($14.48 in chips)
Seat 5: 176f5405 ($11.72 in chips)
Seat 6: Hero ($11.73 in chips)
176f5405: posts small blind $0.05
Hero: posts big blind $0.1
*** HOLE CARDS ***
Dealt to 5b8c26ff 
Dealt to 7e1e91cb 
Dealt to d03535e1 
Dealt to 176f5405 
Dealt to Hero [4c Ad]
5b8c26ff: folds
7e1e91cb: folds
d03535e1: raises $0.12 to $0.22
176f5405: folds
Hero: calls $0.12
*** FLOP *** [9c 9h 5s]
Hero: checks
d03535e1: checks
*** TURN *** [9c 9h 5s] [Ks]
Hero: checks
d03535e1: checks
*** RIVER *** [9c 9h 5s Ks] [6c]
Hero: checks
d03535e1: checks
Hero: shows [4c Ad] (Pair of Nines)
d03535e1: shows [7d Ac] (Pair of Nines)
*** SHOWDOWN ***
d03535e1 collected $0.47 from pot
*** SUMMARY ***
Total pot $0.49 | Rake $0.02 | Jackpot $0 | Bingo $0 | Fortune $0 | Tax $0
Board [9c 9h 5s Ks 6c]
Seat 1: 5b8c26ff folded before Flop (didn't bet)
Seat 3: 7e1e91cb folded before Flop (didn't bet)
Seat 4: d03535e1 (button) showed [7d Ac] and won ($0.47) with Pair of Nines
Seat 5: 176f5405 (small blind) folded before Flop
Seat 6: Hero (big blind) showed [4c Ad] and lost with Pair of Nines


Poker Hand #HD1788777326: Hold'em No Limit ($0.05/$0.1) - 2024/05/26 18:51:36
Table 'NLHRed19' 6-max Seat #3 is the button
Seat 1: 5b8c26ff ($10 in chips)
Seat 3: 7e1e91cb ($5.21 in chips)
Seat 4: d03535e1 ($14.53 in chips)
Seat 5: 176f5405 ($11.82 in chips)
Seat 6: Hero ($11.58 in chips)
d03535e1: posts small blind $0.05
176f5405: posts big blind $0.1
*** HOLE CARDS ***
Dealt to 5b8c26ff 
Dealt to 7e1e91cb 
Dealt to d03535e1 
Dealt to 176f5405 
Dealt to Hero [7c Ac]
Hero: raises $0.1 to $0.2
5b8c26ff: folds
7e1e91cb: folds
d03535e1: folds
176f5405: folds
Uncalled bet ($0.1) returned to Hero
*** SHOWDOWN ***
Hero collected $0.25 from pot
*** SUMMARY ***
Total pot $0.25 | Rake $0 | Jackpot $0 | Bingo $0 | Fortune $0 | Tax $0
Seat 1: 5b8c26ff folded before Flop (didn't bet)
Seat 3: 7e1e91cb (button) folded before Flop (didn't bet)
Seat 4: d03535e1 (small blind) folded before Flop
Seat 5: 176f5405 (big blind) folded before Flop
Seat 6: Hero collected ($0.25)


Poker Hand #HD1788777275: Hold'em No Limit ($0.05/$0.1) - 2024/05/26 18:51:09
Table 'NLHRed19' 6-max Seat #1 is the button
Seat 1: 5b8c26ff ($10 in chips)
Seat 3: 7e1e91cb ($5.26 in chips)
Seat 4: d03535e1 ($14.63 in chips)
Seat 5: 176f5405 ($11.67 in chips)
Seat 6: Hero ($11.58 in chips)
7e1e91cb: posts small blind $0.05
d03535e1: posts big blind $0.1
*** HOLE CARDS ***
Dealt to 5b8c26ff 
Dealt to 7e1e91cb 
Dealt to d03535e1 
Dealt to 176f5405 
Dealt to Hero [7c 2s]
176f5405: raises $0.15 to $0.25
Hero: folds
5b8c26ff: folds
7e1e91cb: folds
d03535e1: folds
Uncalled bet ($0.15) returned to 176f5405
*** SHOWDOWN ***
176f5405 collected $0.25 from pot
*** SUMMARY ***
Total pot $0.25 | Rake $0 | Jackpot $0 | Bingo $0 | Fortune $0 | Tax $0
Seat 1: 5b8c26ff (button) folded before Flop (didn't bet)
Seat 3: 7e1e91cb (small blind) folded before Flop
Seat 4: d03535e1 (big blind) folded before Flop
Seat 5: 176f5405 collected ($0.25)
Seat 6: Hero folded before Flop (didn't bet)


Poker Hand #HD1788777182: Hold'em No Limit ($0.05/$0.1) - 2024/05/26 18:50:19
Table 'NLHRed19' 6-max Seat #6 is the button
Seat 1: 5b8c26ff ($10 in chips)
Seat 3: 7e1e91cb ($4.69 in chips)
Seat 4: d03535e1 ($14.63 in chips)
Seat 5: 176f5405 ($11.67 in chips)
Seat 6: Hero ($11.58 in chips)
5b8c26ff: posts small blind $0.05
7e1e91cb: posts big blind $0.1
*** HOLE CARDS ***
Dealt to 5b8c26ff 
Dealt to 7e1e91cb 
Dealt to d03535e1 
Dealt to 176f5405 
Dealt to Hero [3c 4s]
d03535e1: folds
176f5405: folds
Hero: folds
5b8c26ff: raises $0.2 to $0.3
7e1e91cb: calls $0.2
*** FLOP *** [Jh 9h 4c]
5b8c26ff: checks
7e1e91cb: bets $0.33
5b8c26ff: calls $0.33
*** TURN *** [Jh 9h 4c] [Ks]
5b8c26ff: checks
7e1e91cb: bets $0.46
5b8c26ff: folds
Uncalled bet ($0.46) returned to 7e1e91cb
*** SHOWDOWN ***
7e1e91cb collected $1.2 from pot
*** SUMMARY ***
Total pot $1.26 | Rake $0.06 | Jackpot $0 | Bingo $0 | Fortune $0 | Tax $0
Board [Jh 9h 4c Ks]
Seat 1: 5b8c26ff (small blind) folded on the Turn
Seat 3: 7e1e91cb (big blind) won ($1.2)
Seat 4: d03535e1 folded before Flop (didn't bet)
Seat 5: 176f5405 folded before Flop (didn't bet)
Seat 6: Hero (button) folded before Flop (didn't bet)


Poker Hand #HD1788777057: Hold'em No Limit ($0.05/$0.1) - 2024/05/26 18:49:16
Table 'NLHRed19' 6-max Seat #5 is the button
Seat 1: 5b8c26ff ($10 in chips)
Seat 3: 7e1e91cb ($4.79 in chips)
Seat 4: d03535e1 ($14.91 in chips)
Seat 5: 176f5405 ($11.18 in chips)
Seat 6: Hero ($11.63 in chips)
Hero: posts small blind $0.05
5b8c26ff: posts big blind $0.1
*** HOLE CARDS ***
Dealt to 5b8c26ff 
Dealt to 7e1e91cb 
Dealt to d03535e1 
Dealt to 176f5405 
Dealt to Hero [5h 5s]
7e1e91cb: calls $0.1
d03535e1: raises $0.18 to $0.28
176f5405: calls $0.28
Hero: folds
5b8c26ff: folds
7e1e91cb: folds
*** FLOP *** [Kc 4c 4h]
d03535e1: checks
176f5405: checks
*** TURN *** [Kc 4c 4h] [2c]
d03535e1: checks
176f5405: checks
*** RIVER *** [Kc 4c 4h 2c] [Tc]
d03535e1: checks
176f5405: checks
d03535e1: shows [3d 3s] (Pair of Fours and Pair of Treys)
176f5405: shows [7d 7s] (Pair of Sevens and Pair of Fours)
*** SHOWDOWN ***
176f5405 collected $0.77 from pot
*** SUMMARY ***
Total pot $0.81 | Rake $0.04 | Jackpot $0 | Bingo $0 | Fortune $0 | Tax $0
Board [Kc 4c 4h 2c Tc]
Seat 1: 5b8c26ff (big blind) folded before Flop
Seat 3: 7e1e91cb folded before Flop
Seat 4: d03535e1 showed [3d 3s] and lost with Pair of Fours and Pair of Treys
Seat 5: 176f5405 (button) showed [7d 7s] and won ($0.77) with Pair of Sevens and Pair of Fours
Seat 6: Hero (small blind) folded before Flop


Poker Hand #HD1788776964: Hold'em No Limit ($0.05/$0.1) - 2024/05/26 18:48:27
Table 'NLHRed19' 6-max Seat #4 is the button
Seat 3: 7e1e91cb ($5.99 in chips)
Seat 4: d03535e1 ($14.91 in chips)
Seat 5: 176f5405 ($10 in chips)
Seat 6: Hero ($11.73 in chips)
176f5405: posts small blind $0.05
Hero: posts big blind $0.1
*** HOLE CARDS ***
Dealt to 7e1e91cb 
Dealt to d03535e1 
Dealt to 176f5405 
Dealt to Hero [Kh 3d]
7e1e91cb: calls $0.1
d03535e1: folds
176f5405: raises $0.4 to $0.5
Hero: folds
7e1e91cb: calls $0.4
*** FLOP *** [Ah 4s Js]
176f5405: bets $0.28
7e1e91cb: calls $0.28
*** TURN *** [Ah 4s Js] [Th]
176f5405: bets $0.42
7e1e91cb: calls $0.42
*** RIVER *** [Ah 4s Js Th] [As]
176f5405: bets $1.88
7e1e91cb: folds
Uncalled bet ($1.88) returned to 176f5405
*** SHOWDOWN ***
176f5405 collected $2.38 from pot
*** SUMMARY ***
Total pot $2.5 | Rake $0.12 | Jackpot $0 | Bingo $0 | Fortune $0 | Tax $0
Board [Ah 4s Js Th As]
Seat 3: 7e1e91cb folded on the River
Seat 4: d03535e1 (button) folded before Flop (didn't bet)
Seat 5: 176f5405 (small blind) won ($2.38)
Seat 6: Hero (big blind) folded before Flop


Poker Hand #HD1788776874: Hold'em No Limit ($0.05/$0.1) - 2024/05/26 18:47:43
Table 'NLHRed19' 6-max Seat #3 is the button
Seat 3: 7e1e91cb ($5.85 in chips)
Seat 4: d03535e1 ($14.96 in chips)
Seat 5: 176f5405 ($10 in chips)
Seat 6: Hero ($11.73 in chips)
d03535e1: posts small blind $0.05
176f5405: posts big blind $0.1
*** HOLE CARDS ***
Dealt to 7e1e91cb 
Dealt to d03535e1 
Dealt to 176f5405 
Dealt to Hero [4c Kd]
Hero: folds
7e1e91cb: calls $0.1
d03535e1: folds
176f5405: checks
*** FLOP *** [7s Jh As]
176f5405: checks
7e1e91cb: checks
*** TURN *** [7s Jh As] [9d]
176f5405: checks
7e1e91cb: checks
*** RIVER *** [7s Jh As 9d] [9s]
176f5405: checks
7e1e91cb: bets $0.25
176f5405: folds
Uncalled bet ($0.25) returned to 7e1e91cb
*** SHOWDOWN ***
7e1e91cb collected $0.24 from pot
*** SUMMARY ***
Total pot $0.25 | Rake $0.01 | Jackpot $0 | Bingo $0 | Fortune $0 | Tax $0
Board [7s Jh As 9d 9s]
Seat 3: 7e1e91cb (button) won ($0.24)
Seat 4: d03535e1 (small blind) folded before Flop
Seat 5: 176f5405 (big blind) folded on the River
Seat 6: Hero folded before Flop (didn't bet)


Poker Hand #HD1788776722: Hold'em No Limit ($0.05/$0.1) - 2024/05/26 18:46:25
Table 'NLHRed19' 6-max Seat #6 is the button
Seat 3: 7e1e91cb ($5.9 in chips)
Seat 4: d03535e1 ($15.06 in chips)
Seat 5: 176f5405 ($10.46 in chips)
Seat 6: Hero ($10.06 in chips)
7e1e91cb: posts small blind $0.05
d03535e1: posts big blind $0.1
*** HOLE CARDS ***
Dealt to 7e1e91cb 
Dealt to d03535e1 
Dealt to 176f5405 
Dealt to Hero [Ad Ks]
176f5405: raises $0.15 to $0.25
Hero: raises $0.65 to $0.9
7e1e91cb: folds
d03535e1: folds
176f5405: calls $0.65
*** FLOP *** [9h Jd 3c]
176f5405: checks
Hero: bets $0.9
176f5405: calls $0.9
*** TURN *** [9h Jd 3c] [Qc]
176f5405: checks
Hero: checks
*** RIVER *** [9h Jd 3c Qc] [Kh]
176f5405: checks
Hero: checks
176f5405: shows [7d 7c] (Pair of Sevens)
Hero: shows [Ad Ks] (Pair of Kings)
*** SHOWDOWN ***
Hero collected $3.47 from pot
*** SUMMARY ***
Total pot $3.75 | Rake $0.18 | Jackpot $0.1 | Bingo $0 | Fortune $0 | Tax $0
Board [9h Jd 3c Qc Kh]
Seat 3: 7e1e91cb (small blind) folded before Flop
Seat 4: d03535e1 (big blind) folded before Flop
Seat 5: 176f5405 showed [7d 7c] and lost with Pair of Sevens
Seat 6: Hero (button) showed [Ad Ks] and won ($3.47) with Pair of Kings


Poker Hand #HD1788776702: Hold'em No Limit ($0.05/$0.1) - 2024/05/26 18:46:14
Table 'NLHRed19' 6-max Seat #5 is the button
Seat 3: 7e1e91cb ($5.85 in chips)
Seat 4: d03535e1 ($15.06 in chips)
Seat 5: 176f5405 ($10.46 in chips)
Seat 6: Hero ($10.11 in chips)
Hero: posts small blind $0.05
7e1e91cb: posts big blind $0.1
*** HOLE CARDS ***
Dealt to 7e1e91cb 
Dealt to d03535e1 
Dealt to 176f5405 
Dealt to Hero [3h As]
d03535e1: folds
176f5405: folds
Hero: folds
Uncalled bet ($0.05) returned to 7e1e91cb
*** SHOWDOWN ***
7e1e91cb collected $0.1 from pot
*** SUMMARY ***
Total pot $0.1 | Rake $0 | Jackpot $0 | Bingo $0 | Fortune $0 | Tax $0
Seat 3: 7e1e91cb (big blind) collected ($0.1)
Seat 4: d03535e1 folded before Flop (didn't bet)
Seat 5: 176f5405 (button) folded before Flop (didn't bet)
Seat 6: Hero (small blind) folded before Flop


Poker Hand #HD1788776628: Hold'em No Limit ($0.05/$0.1) - 2024/05/26 18:45:36
Table 'NLHRed19' 6-max Seat #4 is the button
Seat 3: 7e1e91cb ($5.95 in chips)
Seat 4: d03535e1 ($15.36 in chips)
Seat 5: 176f5405 ($10 in chips)
Seat 6: Hero ($10.21 in chips)
176f5405: posts small blind $0.05
Hero: posts big blind $0.1
*** HOLE CARDS ***
Dealt to 7e1e91cb 
Dealt to d03535e1 
Dealt to 176f5405 
Dealt to Hero [2c 8s]
7e1e91cb: calls $0.1
d03535e1: raises $0.2 to $0.3
176f5405: raises $0.7 to $1
Hero: folds
7e1e91cb: folds
d03535e1: folds
Uncalled bet ($0.7) returned to 176f5405
*** SHOWDOWN ***
176f5405 collected $0.76 from pot
*** SUMMARY ***
Total pot $0.8 | Rake $0.04 | Jackpot $0 | Bingo $0 | Fortune $0 | Tax $0
Seat 3: 7e1e91cb folded before Flop
Seat 4: d03535e1 (button) folded before Flop
Seat 5: 176f5405 (small blind) collected ($0.76)
Seat 6: Hero (big blind) folded before Flop


Poker Hand #HD1788776555: Hold'em No Limit ($0.05/$0.1) - 2024/05/26 18:45:00
Table 'NLHRed19' 6-max Seat #3 is the button
Seat 3: 7e1e91cb ($5.68 in chips)
Seat 4: d03535e1 ($15.41 in chips)
Seat 5: 176f5405 ($10 in chips)
Seat 6: Hero ($10.21 in chips)
d03535e1: posts small blind $0.05
176f5405: posts big blind $0.1
*** HOLE CARDS ***
Dealt to 7e1e91cb 
Dealt to d03535e1 
Dealt to 176f5405 
Dealt to Hero [3d 4c]
Hero: folds
7e1e91cb: calls $0.1
d03535e1: folds
176f5405: checks
*** FLOP *** [8d 5c Js]
176f5405: checks
7e1e91cb: bets $0.14
176f5405: calls $0.14
*** TURN *** [8d 5c Js] [7s]
176f5405: checks
7e1e91cb: bets $5.44 and is all-in
176f5405: folds
Uncalled bet ($5.44) returned to 7e1e91cb
*** SHOWDOWN ***
7e1e91cb collected $0.51 from pot
*** SUMMARY ***
Total pot $0.53 | Rake $0.02 | Jackpot $0 | Bingo $0 | Fortune $0 | Tax $0
Board [8d 5c Js 7s]
Seat 3: 7e1e91cb (button) won ($0.51)
Seat 4: d03535e1 (small blind) folded before Flop
Seat 5: 176f5405 (big blind) folded on the Turn
Seat 6: Hero folded before Flop (didn't bet)


Poker Hand #HD1788776525: Hold'em No Limit ($0.05/$0.1) - 2024/05/26 18:44:41
Table 'NLHRed19' 6-max Seat #6 is the button
Seat 3: 7e1e91cb ($5.36 in chips)
Seat 4: d03535e1 ($15.51 in chips)
Seat 5: 176f5405 ($10 in chips)
Seat 6: Hero ($10.45 in chips)
7e1e91cb: posts small blind $0.05
d03535e1: posts big blind $0.1
*** HOLE CARDS ***
Dealt to 7e1e91cb 
Dealt to d03535e1 
Dealt to 176f5405 
Dealt to Hero [5s Ks]
176f5405: folds
Hero: raises $0.14 to $0.24
7e1e91cb: raises $5.12 to $5.36 and is all-in
d03535e1: folds
Hero: folds
Uncalled bet ($5.12) returned to 7e1e91cb
*** SHOWDOWN ***
7e1e91cb collected $0.56 from pot
*** SUMMARY ***
Total pot $0.58 | Rake $0.02 | Jackpot $0 | Bingo $0 | Fortune $0 | Tax $0
Seat 3: 7e1e91cb (small blind) collected ($0.56)
Seat 4: d03535e1 (big blind) folded before Flop
Seat 5: 176f5405 folded before Flop (didn't bet)
Seat 6: Hero (button) folded before Flop


Poker Hand #HD1788776429: Hold'em No Limit ($0.05/$0.1) - 2024/05/26 18:43:49
Table 'NLHRed19' 6-max Seat #5 is the button
Seat 3: 7e1e91cb ($4.28 in chips)
Seat 4: d03535e1 ($15.51 in chips)
Seat 5: 176f5405 ($11.11 in chips)
Seat 6: Hero ($10.5 in chips)
Hero: posts small blind $0.05
7e1e91cb: posts big blind $0.1
*** HOLE CARDS ***
Dealt to 7e1e91cb 
Dealt to d03535e1 
Dealt to 176f5405 
Dealt to Hero [Ah 4h]
d03535e1: folds
176f5405: raises $0.15 to $0.25
Hero: folds
7e1e91cb: calls $0.15
*** FLOP *** [8h 4s 3c]
7e1e91cb: checks
176f5405: bets $0.19
7e1e91cb: calls $0.19
*** TURN *** [8h 4s 3c] [Ad]
7e1e91cb: checks
176f5405: bets $0.7
7e1e91cb: calls $0.7
*** RIVER *** [8h 4s 3c Ad] [2s]
7e1e91cb: checks
176f5405: checks
7e1e91cb: shows [5h 8s] (Fives-High Straight)
176f5405: shows [Ts Js] (Ace-High)
*** SHOWDOWN ***
7e1e91cb collected $2.22 from pot
*** SUMMARY ***
Total pot $2.33 | Rake $0.11 | Jackpot $0 | Bingo $0 | Fortune $0 | Tax $0
Board [8h 4s 3c Ad 2s]
Seat 3: 7e1e91cb (big blind) showed [5h 8s] and won ($2.22) with Fives-High Straight
Seat 4: d03535e1 folded before Flop (didn't bet)
Seat 5: 176f5405 (button) showed [Ts Js] and lost with Ace-High
Seat 6: Hero (small blind) folded before Flop


Poker Hand #HD1788776407: Hold'em No Limit ($0.05/$0.1) - 2024/05/26 18:43:38
Table 'NLHRed19' 6-max Seat #4 is the button
Seat 1: c32db1d ($6.47 in chips)
Seat 3: 7e1e91cb ($4.28 in chips)
Seat 4: d03535e1 ($15.51 in chips)
Seat 5: 176f5405 ($11.16 in chips)
Seat 6: Hero ($10.45 in chips)
176f5405: posts small blind $0.05
Hero: posts big blind $0.1
*** HOLE CARDS ***
Dealt to c32db1d 
Dealt to 7e1e91cb 
Dealt to d03535e1 
Dealt to 176f5405 
Dealt to Hero [5c 7d]
c32db1d: folds
7e1e91cb: folds
d03535e1: folds
176f5405: folds
Uncalled bet ($0.05) returned to Hero
*** SHOWDOWN ***
Hero collected $0.1 from pot
*** SUMMARY ***
Total pot $0.1 | Rake $0 | Jackpot $0 | Bingo $0 | Fortune $0 | Tax $0
Seat 1: c32db1d folded before Flop (didn't bet)
Seat 3: 7e1e91cb folded before Flop (didn't bet)
Seat 4: d03535e1 (button) folded before Flop (didn't bet)
Seat 5: 176f5405 (small blind) folded before Flop
Seat 6: Hero (big blind) collected ($0.1)


Poker Hand #HD1788776389: Hold'em No Limit ($0.05/$0.1) - 2024/05/26 18:43:27
Table 'NLHRed19' 6-max Seat #3 is the button
Seat 1: c32db1d ($6.32 in chips)
Seat 3: 7e1e91cb ($4.28 in chips)
Seat 4: d03535e1 ($15.56 in chips)
Seat 5: 176f5405 ($11.26 in chips)
Seat 6: Hero ($10.45 in chips)
d03535e1: posts small blind $0.05
176f5405: posts big blind $0.1
*** HOLE CARDS ***
Dealt to c32db1d 
Dealt to 7e1e91cb 
Dealt to d03535e1 
Dealt to 176f5405 
Dealt to Hero [8d 6h]
Hero: folds
c32db1d: raises $0.2 to $0.3
7e1e91cb: folds
d03535e1: folds
176f5405: folds
Uncalled bet ($0.2) returned to c32db1d
*** SHOWDOWN ***
c32db1d collected $0.25 from pot
*** SUMMARY ***
Total pot $0.25 | Rake $0 | Jackpot $0 | Bingo $0 | Fortune $0 | Tax $0
Seat 1: c32db1d collected ($0.25)
Seat 3: 7e1e91cb (button) folded before Flop (didn't bet)
Seat 4: d03535e1 (small blind) folded before Flop
Seat 5: 176f5405 (big blind) folded before Flop
Seat 6: Hero folded before Flop (didn't bet)


Poker Hand #HD1788776255: Hold'em No Limit ($0.05/$0.1) - 2024/05/26 18:42:13
Table 'NLHRed19' 6-max Seat #2 is the button
Seat 1: c32db1d ($6.32 in chips)
Seat 2: df516620 ($6.14 in chips)
Seat 3: 7e1e91cb ($4.33 in chips)
Seat 4: d03535e1 ($10.08 in chips)
Seat 5: 176f5405 ($11.26 in chips)
Seat 6: Hero ($10.45 in chips)
7e1e91cb: posts small blind $0.05
d03535e1: posts big blind $0.1
*** HOLE CARDS ***
Dealt to c32db1d 
Dealt to df516620 
Dealt to 7e1e91cb 
Dealt to d03535e1 
Dealt to 176f5405 
Dealt to Hero [5d 9h]
176f5405: folds
Hero: folds
c32db1d: folds
df516620: raises $0.25 to $0.35
7e1e91cb: folds
d03535e1: raises $0.85 to $1.2
df516620: calls $0.85
*** FLOP *** [Td Tc Th]
d03535e1: bets $1.23
df516620: raises $3.71 to $4.94 and is all-in
d03535e1: calls $3.71
df516620: shows [Jd Ac] (Three Tens)
d03535e1: shows [Kd Kh] (Tens Full over Kings)
*** TURN *** [Td Tc Th] [2c]
*** RIVER *** [Td Tc Th 2c] [6d]
7e1e91cb: shows [Ah] (Three Tens)
*** SHOWDOWN ***
d03535e1 collected $11.62 from pot
*** SUMMARY ***
Total pot $12.33 | Rake $0.61 | Jackpot $0.1 | Bingo $0 | Fortune $0 | Tax $0
Board [Td Tc Th 2c 6d]
Seat 1: c32db1d folded before Flop (didn't bet)
Seat 2: df516620 (button) showed [Jd Ac] and lost with Three Tens
Seat 3: 7e1e91cb (small blind) folded before Flop
Seat 4: d03535e1 (big blind) showed [Kd Kh] and won ($11.62) with Tens Full over Kings
Seat 5: 176f5405 folded before Flop (didn't bet)
Seat 6: Hero folded before Flop (didn't bet)


Poker Hand #HD1788776214: Hold'em No Limit ($0.05/$0.1) - 2024/05/26 18:41:48
Table 'NLHRed19' 6-max Seat #1 is the button
Seat 1: c32db1d ($6.32 in chips)
Seat 2: df516620 ($6.04 in chips)
Seat 3: 7e1e91cb ($4.43 in chips)
Seat 4: d03535e1 ($10.08 in chips)
Seat 5: 176f5405 ($11.26 in chips)
Seat 6: Hero ($10.45 in chips)
df516620: posts small blind $0.05
7e1e91cb: posts big blind $0.1
*** HOLE CARDS ***
Dealt to c32db1d 
Dealt to df516620 
Dealt to 7e1e91cb 
Dealt to d03535e1 
Dealt to 176f5405 
Dealt to Hero [4h Ks]
d03535e1: folds
176f5405: folds
Hero: folds
c32db1d: folds
df516620: raises $0.2 to $0.3
7e1e91cb: folds
Uncalled bet ($0.2) returned to df516620
*** SHOWDOWN ***
df516620 collected $0.2 from pot
*** SUMMARY ***
Total pot $0.2 | Rake $0 | Jackpot $0 | Bingo $0 | Fortune $0 | Tax $0
Seat 1: c32db1d (button) folded before Flop (didn't bet)
Seat 2: df516620 (small blind) collected ($0.2)
Seat 3: 7e1e91cb (big blind) folded before Flop
Seat 4: d03535e1 folded before Flop (didn't bet)
Seat 5: 176f5405 folded before Flop (didn't bet)
Seat 6: Hero folded before Flop (didn't bet)


Poker Hand #HD1788776082: Hold'em No Limit ($0.05/$0.1) - 2024/05/26 18:40:32
Table 'NLHRed19' 6-max Seat #6 is the button
Seat 1: c32db1d ($5.88 in chips)
Seat 2: df516620 ($6.28 in chips)
Seat 3: 7e1e91cb ($4.43 in chips)
Seat 4: d03535e1 ($10.08 in chips)
Seat 5: 176f5405 ($11.26 in chips)
Seat 6: Hero ($10.69 in chips)
c32db1d: posts small blind $0.05
df516620: posts big blind $0.1
*** HOLE CARDS ***
Dealt to c32db1d 
Dealt to df516620 
Dealt to 7e1e91cb 
Dealt to d03535e1 
Dealt to 176f5405 
Dealt to Hero [Tc Ks]
7e1e91cb: folds
d03535e1: folds
176f5405: folds
Hero: raises $0.14 to $0.24
c32db1d: calls $0.19
df516620: calls $0.14
*** FLOP *** [5d Kd As]
c32db1d: checks
df516620: checks
Hero: checks
*** TURN *** [5d Kd As] [9h]
c32db1d: bets $0.54
df516620: folds
Hero: folds
Uncalled bet ($0.54) returned to c32db1d
*** SHOWDOWN ***
c32db1d collected $0.68 from pot
*** SUMMARY ***
Total pot $0.72 | Rake $0.04 | Jackpot $0 | Bingo $0 | Fortune $0 | Tax $0
Board [5d Kd As 9h]
Seat 1: c32db1d (small blind) won ($0.68)
Seat 2: df516620 (big blind) folded on the Turn
Seat 3: 7e1e91cb folded before Flop (didn't bet)
Seat 4: d03535e1 folded before Flop (didn't bet)
Seat 5: 176f5405 folded before Flop (didn't bet)
Seat 6: Hero (button) folded on the Turn


Poker Hand #HD1788776006: Hold'em No Limit ($0.05/$0.1) - 2024/05/26 18:39:44
Table 'NLHRed19' 6-max Seat #5 is the button
Seat 1: c32db1d ($5.98 in chips)
Seat 2: df516620 ($7.4 in chips)
Seat 3: 7e1e91cb ($4.43 in chips)
Seat 4: d03535e1 ($10.08 in chips)
Seat 5: 176f5405 ($10.11 in chips)
Seat 6: Hero ($10.74 in chips)
Hero: posts small blind $0.05
c32db1d: posts big blind $0.1
*** HOLE CARDS ***
Dealt to c32db1d 
Dealt to df516620 
Dealt to 7e1e91cb 
Dealt to d03535e1 
Dealt to 176f5405 
Dealt to Hero [4s 9h]
df516620: raises $0.25 to $0.35
7e1e91cb: folds
d03535e1: folds
176f5405: calls $0.35
Hero: folds
c32db1d: folds
*** FLOP *** [7d 7h 2d]
df516620: bets $0.29
176f5405: calls $0.29
*** TURN *** [7d 7h 2d] [Qs]
df516620: checks
176f5405: checks
*** RIVER *** [7d 7h 2d Qs] [8s]
df516620: bets $0.48
176f5405: calls $0.48
df516620: shows [Kc Ad] (Pair of Sevens)
176f5405: shows [Td Th] (Pair of Tens and Pair of Sevens)
*** SHOWDOWN ***
176f5405 collected $2.27 from pot
*** SUMMARY ***
Total pot $2.39 | Rake $0.12 | Jackpot $0 | Bingo $0 | Fortune $0 | Tax $0
Board [7d 7h 2d Qs 8s]
Seat 1: c32db1d (big blind) folded before Flop
Seat 2: df516620 showed [Kc Ad] and lost with Pair of Sevens
Seat 3: 7e1e91cb folded before Flop (didn't bet)
Seat 4: d03535e1 folded before Flop (didn't bet)
Seat 5: 176f5405 (button) showed [Td Th] and won ($2.27) with Pair of Tens and Pair of Sevens
Seat 6: Hero (small blind) folded before Flop


Poker Hand #HD1788775974: Hold'em No Limit ($0.05/$0.1) - 2024/05/26 18:39:31
Table 'NLHRed19' 6-max Seat #4 is the button
Seat 2: df516620 ($7.25 in chips)
Seat 3: 7e1e91cb ($4.43 in chips)
Seat 4: d03535e1 ($10.08 in chips)
Seat 5: 176f5405 ($10.16 in chips)
Seat 6: Hero ($10.84 in chips)
176f5405: posts small blind $0.05
Hero: posts big blind $0.1
*** HOLE CARDS ***
Dealt to df516620 
Dealt to 7e1e91cb 
Dealt to d03535e1 
Dealt to 176f5405 
Dealt to Hero [5s 7s]
df516620: raises $0.25 to $0.35
7e1e91cb: folds
d03535e1: folds
176f5405: folds
Hero: folds
Uncalled bet ($0.25) returned to df516620
*** SHOWDOWN ***
df516620 collected $0.25 from pot
*** SUMMARY ***
Total pot $0.25 | Rake $0 | Jackpot $0 | Bingo $0 | Fortune $0 | Tax $0
Seat 2: df516620 collected ($0.25)
Seat 3: 7e1e91cb folded before Flop (didn't bet)
Seat 4: d03535e1 (button) folded before Flop (didn't bet)
Seat 5: 176f5405 (small blind) folded before Flop
Seat 6: Hero (big blind) folded before Flop


Poker Hand #HD1788775934: Hold'em No Limit ($0.05/$0.1) - 2024/05/26 18:39:05
Table 'NLHRed19' 6-max Seat #3 is the button
Seat 2: df516620 ($7.1 in chips)
Seat 3: 7e1e91cb ($4.43 in chips)
Seat 4: d03535e1 ($10.13 in chips)
Seat 5: 176f5405 ($10.26 in chips)
Seat 6: Hero ($10.84 in chips)
d03535e1: posts small blind $0.05
176f5405: posts big blind $0.1
*** HOLE CARDS ***
Dealt to df516620 
Dealt to 7e1e91cb 
Dealt to d03535e1 
Dealt to 176f5405 
Dealt to Hero [2d 7c]
Hero: folds
df516620: raises $0.25 to $0.35
7e1e91cb: folds
d03535e1: folds
176f5405: folds
Uncalled bet ($0.25) returned to df516620
*** SHOWDOWN ***
df516620 collected $0.25 from pot
*** SUMMARY ***
Total pot $0.25 | Rake $0 | Jackpot $0 | Bingo $0 | Fortune $0 | Tax $0
Seat 2: df516620 collected ($0.25)
Seat 3: 7e1e91cb (button) folded before Flop (didn't bet)
Seat 4: d03535e1 (small blind) folded before Flop
Seat 5: 176f5405 (big blind) folded before Flop
Seat 6: Hero folded before Flop (didn't bet)


Poker Hand #HD1788775890: Hold'em No Limit ($0.05/$0.1) - 2024/05/26 18:38:39
Table 'NLHRed19' 6-max Seat #2 is the button
Seat 2: df516620 ($7.1 in chips)
Seat 3: 7e1e91cb ($4.53 in chips)
Seat 4: d03535e1 ($10.04 in chips)
Seat 5: 176f5405 ($10.26 in chips)
Seat 6: Hero ($10.84 in chips)
7e1e91cb: posts small blind $0.05
d03535e1: posts big blind $0.1
*** HOLE CARDS ***
Dealt to df516620 
Dealt to 7e1e91cb 
Dealt to d03535e1 
Dealt to 176f5405 
Dealt to Hero [2c 9d]
176f5405: folds
Hero: folds
df516620: folds
7e1e91cb: calls $0.05
d03535e1: checks
*** FLOP *** [8h 3h Ad]
7e1e91cb: checks
d03535e1: bets $0.1
7e1e91cb: folds
Uncalled bet ($0.1) returned to d03535e1
*** SHOWDOWN ***
d03535e1 collected $0.19 from pot
*** SUMMARY ***
Total pot $0.2 | Rake $0.01 | Jackpot $0 | Bingo $0 | Fortune $0 | Tax $0
Board [8h 3h Ad]
Seat 2: df516620 (button) folded before Flop (didn't bet)
Seat 3: 7e1e91cb (small blind) folded on the Flop
Seat 4: d03535e1 (big blind) won ($0.19)
Seat 5: 176f5405 folded before Flop (didn't bet)
Seat 6: Hero folded before Flop (didn't bet)


Poker Hand #HD1788775838: Hold'em No Limit ($0.05/$0.1) - 2024/05/26 18:38:13
Table 'NLHRed19' 6-max Seat #6 is the button
Seat 2: df516620 ($7.15 in chips)
Seat 3: 7e1e91cb ($4.48 in chips)
Seat 4: d03535e1 ($10.04 in chips)
Seat 5: 176f5405 ($10.26 in chips)
Seat 6: Hero ($10.84 in chips)
df516620: posts small blind $0.05
7e1e91cb: posts big blind $0.1
*** HOLE CARDS ***
Dealt to df516620 
Dealt to 7e1e91cb 
Dealt to d03535e1 
Dealt to 176f5405 
Dealt to Hero [9c 3c]
d03535e1: folds
176f5405: folds
Hero: folds
df516620: folds
Uncalled bet ($0.05) returned to 7e1e91cb
*** SHOWDOWN ***
7e1e91cb collected $0.1 from pot
*** SUMMARY ***
Total pot $0.1 | Rake $0 | Jackpot $0 | Bingo $0 | Fortune $0 | Tax $0
Seat 2: df516620 (small blind) folded before Flop
Seat 3: 7e1e91cb (big blind) collected ($0.1)
Seat 4: d03535e1 folded before Flop (didn't bet)
Seat 5: 176f5405 folded before Flop (didn't bet)
Seat 6: Hero (button) folded before Flop (didn't bet)


Poker Hand #HD1788775819: Hold'em No Limit ($0.05/$0.1) - 2024/05/26 18:38:06
Table 'NLHRed19' 6-max Seat #5 is the button
Seat 2: df516620 ($7.1 in chips)
Seat 3: 7e1e91cb ($4.48 in chips)
Seat 4: d03535e1 ($10.04 in chips)
Seat 5: 176f5405 ($10.26 in chips)
Seat 6: Hero ($10.89 in chips)
Hero: posts small blind $0.05
df516620: posts big blind $0.1
*** HOLE CARDS ***
Dealt to df516620 
Dealt to 7e1e91cb 
Dealt to d03535e1 
Dealt to 176f5405 
Dealt to Hero [2s Kd]
7e1e91cb: folds
d03535e1: folds
176f5405: folds
Hero: folds
Uncalled bet ($0.05) returned to df516620
*** SHOWDOWN ***
df516620 collected $0.1 from pot
*** SUMMARY ***
Total pot $0.1 | Rake $0 | Jackpot $0 | Bingo $0 | Fortune $0 | Tax $0
Seat 2: df516620 (big blind) collected ($0.1)
Seat 3: 7e1e91cb folded before Flop (didn't bet)
Seat 4: d03535e1 folded before Flop (didn't bet)
Seat 5: 176f5405 (button) folded before Flop (didn't bet)
Seat 6: Hero (small blind) folded before Flop


Poker Hand #HD1788775785: Hold'em No Limit ($0.05/$0.1) - 2024/05/26 18:37:50
Table 'NLHRed19' 6-max Seat #4 is the button
Seat 3: 7e1e91cb ($4.48 in chips)
Seat 4: d03535e1 ($10.04 in chips)
Seat 5: 176f5405 ($10.31 in chips)
Seat 6: Hero ($10.84 in chips)
176f5405: posts small blind $0.05
Hero: posts big blind $0.1
*** HOLE CARDS ***
Dealt to 7e1e91cb 
Dealt to d03535e1 
Dealt to 176f5405 
Dealt to Hero [Kd 7d]
7e1e91cb: folds
d03535e1: folds
176f5405: folds
Uncalled bet ($0.05) returned to Hero
*** SHOWDOWN ***
Hero collected $0.1 from pot
*** SUMMARY ***
Total pot $0.1 | Rake $0 | Jackpot $0 | Bingo $0 | Fortune $0 | Tax $0
Seat 3: 7e1e91cb folded before Flop (didn't bet)
Seat 4: d03535e1 (button) folded before Flop (didn't bet)
Seat 5: 176f5405 (small blind) folded before Flop
Seat 6: Hero (big blind) collected ($0.1)


Poker Hand #HD1788775767: Hold'em No Limit ($0.05/$0.1) - 2024/05/26 18:37:40
Table 'NLHRed19' 6-max Seat #3 is the button
Seat 3: 7e1e91cb ($4.48 in chips)
Seat 4: d03535e1 ($10.09 in chips)
Seat 5: 176f5405 ($10.26 in chips)
Seat 6: Hero ($10.84 in chips)
d03535e1: posts small blind $0.05
176f5405: posts big blind $0.1
*** HOLE CARDS ***
Dealt to 7e1e91cb 
Dealt to d03535e1 
Dealt to 176f5405 
Dealt to Hero [Qc 5s]
Hero: folds
7e1e91cb: folds
d03535e1: folds
Uncalled bet ($0.05) returned to 176f5405
*** SHOWDOWN ***
176f5405 collected $0.1 from pot
*** SUMMARY ***
Total pot $0.1 | Rake $0 | Jackpot $0 | Bingo $0 | Fortune $0 | Tax $0
Seat 3: 7e1e91cb (button) folded before Flop (didn't bet)
Seat 4: d03535e1 (small blind) folded before Flop
Seat 5: 176f5405 (big blind) collected ($0.1)
Seat 6: Hero folded before Flop (didn't bet)


Poker Hand #HD1788775715: Hold'em No Limit ($0.05/$0.1) - 2024/05/26 18:37:18
Table 'NLHRed19' 6-max Seat #6 is the button
Seat 3: 7e1e91cb ($4.39 in chips)
Seat 4: d03535e1 ($10.19 in chips)
Seat 5: 176f5405 ($10.26 in chips)
Seat 6: Hero ($10.84 in chips)
7e1e91cb: posts small blind $0.05
d03535e1: posts big blind $0.1
*** HOLE CARDS ***
Dealt to 7e1e91cb 
Dealt to d03535e1 
Dealt to 176f5405 
Dealt to Hero [5d Kc]
176f5405: folds
Hero: folds
7e1e91cb: calls $0.05
d03535e1: checks
*** FLOP *** [Qs 7c 9s]
7e1e91cb: checks
d03535e1: checks
*** TURN *** [Qs 7c 9s] [6h]
7e1e91cb: bets $0.11
d03535e1: folds
Uncalled bet ($0.11) returned to 7e1e91cb
*** SHOWDOWN ***
7e1e91cb collected $0.19 from pot
*** SUMMARY ***
Total pot $0.2 | Rake $0.01 | Jackpot $0 | Bingo $0 | Fortune $0 | Tax $0
Board [Qs 7c 9s 6h]
Seat 3: 7e1e91cb (small blind) won ($0.19)
Seat 4: d03535e1 (big blind) folded on the Turn
Seat 5: 176f5405 folded before Flop (didn't bet)
Seat 6: Hero (button) folded before Flop (didn't bet)


Poker Hand #HD1788775672: Hold'em No Limit ($0.05/$0.1) - 2024/05/26 18:36:58
Table 'NLHRed19' 6-max Seat #5 is the button
Seat 3: 7e1e91cb ($4.49 in chips)
Seat 4: d03535e1 ($10.04 in chips)
Seat 5: 176f5405 ($10.26 in chips)
Seat 6: Hero ($10.89 in chips)
Hero: posts small blind $0.05
7e1e91cb: posts big blind $0.1
*** HOLE CARDS ***
Dealt to 7e1e91cb 
Dealt to d03535e1 
Dealt to 176f5405 
Dealt to Hero [6s 8d]
d03535e1: raises $0.12 to $0.22
176f5405: folds
Hero: folds
7e1e91cb: folds
Uncalled bet ($0.12) returned to d03535e1
*** SHOWDOWN ***
d03535e1 collected $0.25 from pot
*** SUMMARY ***
Total pot $0.25 | Rake $0 | Jackpot $0 | Bingo $0 | Fortune $0 | Tax $0
Seat 3: 7e1e91cb (big blind) folded before Flop
Seat 4: d03535e1 collected ($0.25)
Seat 5: 176f5405 (button) folded before Flop (didn't bet)
Seat 6: Hero (small blind) folded before Flop


Poker Hand #HD1788775662: Hold'em No Limit ($0.05/$0.1) - 2024/05/26 18:36:52
Table 'NLHRed19' 6-max Seat #4 is the button
Seat 3: 7e1e91cb ($4.49 in chips)
Seat 4: d03535e1 ($10.04 in chips)
Seat 5: 176f5405 ($10.31 in chips)
Seat 6: Hero ($10.84 in chips)
176f5405: posts small blind $0.05
Hero: posts big blind $0.1
*** HOLE CARDS ***
Dealt to 7e1e91cb 
Dealt to d03535e1 
Dealt to 176f5405 
Dealt to Hero [7s Ts]
7e1e91cb: folds
d03535e1: folds
176f5405: folds
Uncalled bet ($0.05) returned to Hero
*** SHOWDOWN ***
Hero collected $0.1 from pot
*** SUMMARY ***
Total pot $0.1 | Rake $0 | Jackpot $0 | Bingo $0 | Fortune $0 | Tax $0
Seat 3: 7e1e91cb folded before Flop (didn't bet)
Seat 4: d03535e1 (button) folded before Flop (didn't bet)
Seat 5: 176f5405 (small blind) folded before Flop
Seat 6: Hero (big blind) collected ($0.1)


Poker Hand #HD1788685575: Hold'em No Limit ($0.05/$0.1) - 2024/05/26 18:35:57
Table 'NLHRed19' 6-max Seat #3 is the button
Seat 1: c32db1d ($5.98 in chips)
Seat 2: df516620 ($7.39 in chips)
Seat 3: 7e1e91cb ($4.49 in chips)
Seat 4: d03535e1 ($10.09 in chips)
Seat 5: 176f5405 ($10 in chips)
Seat 6: Hero ($10.84 in chips)
d03535e1: posts small blind $0.05
176f5405: posts big blind $0.1
*** HOLE CARDS ***
Dealt to c32db1d 
Dealt to df516620 
Dealt to 7e1e91cb 
Dealt to d03535e1 
Dealt to 176f5405 
Dealt to Hero [9h As]
Hero: folds
c32db1d: folds
df516620: calls $0.1
7e1e91cb: folds
d03535e1: folds
176f5405: checks
*** FLOP *** [Jd 8c Qs]
176f5405: checks
df516620: bets $0.19
176f5405: raises $0.31 to $0.5
df516620: folds
Uncalled bet ($0.31) returned to 176f5405
*** SHOWDOWN ***
176f5405 collected $0.6 from pot
*** SUMMARY ***
Total pot $0.63 | Rake $0.03 | Jackpot $0 | Bingo $0 | Fortune $0 | Tax $0
Board [Jd 8c Qs]
Seat 1: c32db1d folded before Flop (didn't bet)
Seat 2: df516620 folded on the Flop
Seat 3: 7e1e91cb (button) folded before Flop (didn't bet)
Seat 4: d03535e1 (small blind) folded before Flop
Seat 5: 176f5405 (big blind) won ($0.6)
Seat 6: Hero folded before Flop (didn't bet)


Poker Hand #HD1788685472: Hold'em No Limit ($0.05/$0.1) - 2024/05/26 18:35:08
Table 'NLHRed19' 6-max Seat #2 is the button
Seat 1: c32db1d ($5.98 in chips)
Seat 2: df516620 ($7.07 in chips)
Seat 3: 7e1e91cb ($4.54 in chips)
Seat 4: d03535e1 ($10.39 in chips)
Seat 5: 176f5405 ($10 in chips)
Seat 6: Hero ($10.84 in chips)
7e1e91cb: posts small blind $0.05
d03535e1: posts big blind $0.1
*** HOLE CARDS ***
Dealt to c32db1d 
Dealt to df516620 
Dealt to 7e1e91cb 
Dealt to d03535e1 
Dealt to 176f5405 
Dealt to Hero [3c 9s]
176f5405: folds
Hero: folds
c32db1d: folds
df516620: raises $0.2 to $0.3
7e1e91cb: folds
d03535e1: calls $0.2
*** FLOP *** [2c Jc 9c]
d03535e1: checks
df516620: checks
*** TURN *** [2c Jc 9c] [7c]
d03535e1: checks
df516620: checks
*** RIVER *** [2c Jc 9c 7c] [2d]
d03535e1: checks
df516620: checks
d03535e1: shows [Th Qs] (Pair of Twos)
df516620: shows [5d Ad] (Pair of Twos)
*** SHOWDOWN ***
df516620 collected $0.62 from pot
*** SUMMARY ***
Total pot $0.65 | Rake $0.03 | Jackpot $0 | Bingo $0 | Fortune $0 | Tax $0
Board [2c Jc 9c 7c 2d]
Seat 1: c32db1d folded before Flop (didn't bet)
Seat 2: df516620 (button) showed [5d Ad] and won ($0.62) with Pair of Twos
Seat 3: 7e1e91cb (small blind) folded before Flop
Seat 4: d03535e1 (big blind) showed [Th Qs] and lost with Pair of Twos
Seat 5: 176f5405 folded before Flop (didn't bet)
Seat 6: Hero folded before Flop (didn't bet)


Poker Hand #HD1788685387: Hold'em No Limit ($0.05/$0.1) - 2024/05/26 18:34:18
Table 'NLHRed19' 6-max Seat #1 is the button
Seat 1: c32db1d ($5.98 in chips)
Seat 2: df516620 ($9.04 in chips)
Seat 3: 7e1e91cb ($2.65 in chips)
Seat 4: d03535e1 ($10.61 in chips)
Seat 5: 176f5405 ($10 in chips)
Seat 6: Hero ($10.84 in chips)
df516620: posts small blind $0.05
7e1e91cb: posts big blind $0.1
*** HOLE CARDS ***
Dealt to c32db1d 
Dealt to df516620 
Dealt to 7e1e91cb 
Dealt to d03535e1 
Dealt to 176f5405 
Dealt to Hero [6s 5d]
d03535e1: raises $0.12 to $0.22
176f5405: folds
Hero: folds
c32db1d: folds
df516620: calls $0.17
7e1e91cb: calls $0.12
*** FLOP *** [6d 2c 2s]
df516620: checks
7e1e91cb: checks
d03535e1: checks
*** TURN *** [6d 2c 2s] [3h]
df516620: checks
7e1e91cb: checks
d03535e1: checks
*** RIVER *** [6d 2c 2s 3h] [7s]
df516620: bets $1.75
7e1e91cb: calls $1.75
d03535e1: folds
df516620: shows [8h 5s] (Pair of Twos)
7e1e91cb: shows [Ac 7c] (Pair of Sevens and Pair of Twos)
*** SHOWDOWN ***
7e1e91cb collected $3.86 from pot
*** SUMMARY ***
Total pot $4.16 | Rake $0.2 | Jackpot $0.1 | Bingo $0 | Fortune $0 | Tax $0
Board [6d 2c 2s 3h 7s]
Seat 1: c32db1d (button) folded before Flop (didn't bet)
Seat 2: df516620 (small blind) showed [8h 5s] and lost with Pair of Twos
Seat 3: 7e1e91cb (big blind) showed [Ac 7c] and won ($3.86) with Pair of Sevens and Pair of Twos
Seat 4: d03535e1 folded on the River
Seat 5: 176f5405 folded before Flop (didn't bet)
Seat 6: Hero folded before Flop (didn't bet)


Poker Hand #HD1788685319: Hold'em No Limit ($0.05/$0.1) - 2024/05/26 18:33:39
Table 'NLHRed19' 6-max Seat #6 is the button
Seat 1: c32db1d ($5.18 in chips)
Seat 2: df516620 ($9.94 in chips)
Seat 3: 7e1e91cb ($2.65 in chips)
Seat 4: d03535e1 ($10.61 in chips)
Seat 5: 176f5405 ($10 in chips)
Seat 6: Hero ($10.84 in chips)
c32db1d: posts small blind $0.05
df516620: posts big blind $0.1
*** HOLE CARDS ***
Dealt to c32db1d 
Dealt to df516620 
Dealt to 7e1e91cb 
Dealt to d03535e1 
Dealt to 176f5405 
Dealt to Hero [8s 4h]
7e1e91cb: folds
d03535e1: folds
176f5405: folds
Hero: folds
c32db1d: raises $0.2 to $0.3
df516620: calls $0.2
*** FLOP *** [Kh 3s 8d]
c32db1d: checks
df516620: checks
*** TURN *** [Kh 3s 8d] [Qc]
c32db1d: bets $0.6
df516620: calls $0.6
*** RIVER *** [Kh 3s 8d Qc] [Ts]
c32db1d: bets $1.8
df516620: folds
Uncalled bet ($1.8) returned to c32db1d
*** SHOWDOWN ***
c32db1d collected $1.7 from pot
*** SUMMARY ***
Total pot $1.8 | Rake $0.1 | Jackpot $0 | Bingo $0 | Fortune $0 | Tax $0
Board [Kh 3s 8d Qc Ts]
Seat 1: c32db1d (small blind) won ($1.7)
Seat 2: df516620 (big blind) folded on the River
Seat 3: 7e1e91cb folded before Flop (didn't bet)
Seat 4: d03535e1 folded before Flop (didn't bet)
Seat 5: 176f5405 folded before Flop (didn't bet)
Seat 6: Hero (button) folded before Flop (didn't bet)


Poker Hand #HD1788685244: Hold'em No Limit ($0.05/$0.1) - 2024/05/26 18:32:53
Table 'NLHRed19' 6-max Seat #5 is the button
Seat 1: c32db1d ($5.41 in chips)
Seat 2: df516620 ($9.69 in chips)
Seat 3: 7e1e91cb ($2.65 in chips)
Seat 4: d03535e1 ($10.61 in chips)
Seat 5: 176f5405 ($10 in chips)
Seat 6: Hero ($10.89 in chips)
Hero: posts small blind $0.05
c32db1d: posts big blind $0.1
*** HOLE CARDS ***
Dealt to c32db1d 
Dealt to df516620 
Dealt to 7e1e91cb 
Dealt to d03535e1 
Dealt to 176f5405 
Dealt to Hero [2s Qs]
df516620: calls $0.1
7e1e91cb: folds
d03535e1: folds
176f5405: folds
Hero: folds
c32db1d: checks
*** FLOP *** [Jh 7h 2c]
c32db1d: checks
df516620: checks
*** TURN *** [Jh 7h 2c] [2h]
c32db1d: checks
df516620: checks
*** RIVER *** [Jh 7h 2c 2h] [8s]
c32db1d: checks
df516620: bets $0.13
c32db1d: calls $0.13
df516620: shows [Ah 8c] (Pair of Eights and Pair of Twos)
c32db1d: shows [4s 8h] (Pair of Eights and Pair of Twos)
*** SHOWDOWN ***
df516620 collected $0.48 from pot
*** SUMMARY ***
Total pot $0.51 | Rake $0.03 | Jackpot $0 | Bingo $0 | Fortune $0 | Tax $0
Board [Jh 7h 2c 2h 8s]
Seat 1: c32db1d (big blind) showed [4s 8h] and lost with Pair of Eights and Pair of Twos
Seat 2: df516620 showed [Ah 8c] and won ($0.48) with Pair of Eights and Pair of Twos
Seat 3: 7e1e91cb folded before Flop (didn't bet)
Seat 4: d03535e1 folded before Flop (didn't bet)
Seat 5: 176f5405 (button) folded before Flop (didn't bet)
Seat 6: Hero (small blind) folded before Flop


Poker Hand #HD1788685181: Hold'em No Limit ($0.05/$0.1) - 2024/05/26 18:32:18
Table 'NLHRed19' 6-max Seat #4 is the button
Seat 1: c32db1d ($5.41 in chips)
Seat 2: df516620 ($9.15 in chips)
Seat 3: 7e1e91cb ($2.15 in chips)
Seat 4: d03535e1 ($10.61 in chips)
Seat 5: 176f5405 ($10.15 in chips)
Seat 6: Hero ($10.99 in chips)
176f5405: posts small blind $0.05
Hero: posts big blind $0.1
*** HOLE CARDS ***
Dealt to c32db1d 
Dealt to df516620 
Dealt to 7e1e91cb 
Dealt to d03535e1 
Dealt to 176f5405 
Dealt to Hero [5d As]
c32db1d: folds
df516620: calls $0.1
7e1e91cb: folds
d03535e1: folds
176f5405: raises $0.4 to $0.5
Hero: folds
df516620: calls $0.4
*** FLOP *** [4h 9h 6h]
176f5405: checks
df516620: bets $0.37
176f5405: folds
Uncalled bet ($0.37) returned to df516620
c32db1d: shows [3h Th] (Ten High Flush)
*** SHOWDOWN ***
df516620 collected $1.04 from pot
*** SUMMARY ***
Total pot $1.1 | Rake $0.06 | Jackpot $0 | Bingo $0 | Fortune $0 | Tax $0
Board [4h 9h 6h]
Seat 1: c32db1d folded before Flop (didn't bet)
Seat 2: df516620 won ($1.04)
Seat 3: 7e1e91cb folded before Flop (didn't bet)
Seat 4: d03535e1 (button) folded before Flop (didn't bet)
Seat 5: 176f5405 (small blind) folded on the Flop
Seat 6: Hero (big blind) folded before Flop


Poker Hand #HD1788685158: Hold'em No Limit ($0.05/$0.1) - 2024/05/26 18:32:03
Table 'NLHRed19' 6-max Seat #3 is the button
Seat 1: c32db1d ($5.41 in chips)
Seat 2: df516620 ($9.25 in chips)
Seat 3: 7e1e91cb ($2.15 in chips)
Seat 4: d03535e1 ($10.66 in chips)
Seat 5: 176f5405 ($10 in chips)
Seat 6: Hero ($10.99 in chips)
d03535e1: posts small blind $0.05
176f5405: posts big blind $0.1
*** HOLE CARDS ***
Dealt to c32db1d 
Dealt to df516620 
Dealt to 7e1e91cb 
Dealt to d03535e1 
Dealt to 176f5405 
Dealt to Hero [8s 3d]
Hero: folds
c32db1d: folds
df516620: calls $0.1
7e1e91cb: folds
d03535e1: folds
176f5405: raises $0.4 to $0.5
df516620: folds
Uncalled bet ($0.4) returned to 176f5405
*** SHOWDOWN ***
176f5405 collected $0.25 from pot
*** SUMMARY ***
Total pot $0.25 | Rake $0 | Jackpot $0 | Bingo $0 | Fortune $0 | Tax $0
Seat 1: c32db1d folded before Flop (didn't bet)
Seat 2: df516620 folded before Flop
Seat 3: 7e1e91cb (button) folded before Flop (didn't bet)
Seat 4: d03535e1 (small blind) folded before Flop
Seat 5: 176f5405 (big blind) collected ($0.25)
Seat 6: Hero folded before Flop (didn't bet)


Poker Hand #HD1788685133: Hold'em No Limit ($0.05/$0.1) - 2024/05/26 18:31:49
Table 'NLHRed19' 6-max Seat #2 is the button
Seat 1: c32db1d ($5.41 in chips)
Seat 2: df516620 ($9.1 in chips)
Seat 3: 7e1e91cb ($2.2 in chips)
Seat 4: d03535e1 ($10.76 in chips)
Seat 6: Hero ($10.99 in chips)
7e1e91cb: posts small blind $0.05
d03535e1: posts big blind $0.1
*** HOLE CARDS ***
Dealt to c32db1d 
Dealt to df516620 
Dealt to 7e1e91cb 
Dealt to d03535e1 
Dealt to Hero [8c Jc]
Hero: folds
c32db1d: folds
df516620: raises $0.1 to $0.2
7e1e91cb: folds
d03535e1: folds
Uncalled bet ($0.1) returned to df516620
*** SHOWDOWN ***
df516620 collected $0.25 from pot
*** SUMMARY ***
Total pot $0.25 | Rake $0 | Jackpot $0 | Bingo $0 | Fortune $0 | Tax $0
Seat 1: c32db1d folded before Flop (didn't bet)
Seat 2: df516620 (button) collected ($0.25)
Seat 3: 7e1e91cb (small blind) folded before Flop
Seat 4: d03535e1 (big blind) folded before Flop
Seat 6: Hero folded before Flop (didn't bet)


Poker Hand #HD1788685100: Hold'em No Limit ($0.05/$0.1) - 2024/05/26 18:31:31
Table 'NLHRed19' 6-max Seat #1 is the button
Seat 1: c32db1d ($5.41 in chips)
Seat 2: df516620 ($9.15 in chips)
Seat 3: 7e1e91cb ($2.3 in chips)
Seat 4: d03535e1 ($10.61 in chips)
Seat 6: Hero ($10.99 in chips)
df516620: posts small blind $0.05
7e1e91cb: posts big blind $0.1
*** HOLE CARDS ***
Dealt to c32db1d 
Dealt to df516620 
Dealt to 7e1e91cb 
Dealt to d03535e1 
Dealt to Hero [Kc 5d]
d03535e1: raises $0.12 to $0.22
Hero: folds
c32db1d: folds
df516620: folds
7e1e91cb: folds
Uncalled bet ($0.12) returned to d03535e1
*** SHOWDOWN ***
d03535e1 collected $0.25 from pot
*** SUMMARY ***
Total pot $0.25 | Rake $0 | Jackpot $0 | Bingo $0 | Fortune $0 | Tax $0
Seat 1: c32db1d (button) folded before Flop (didn't bet)
Seat 2: df516620 (small blind) folded before Flop
Seat 3: 7e1e91cb (big blind) folded before Flop
Seat 4: d03535e1 collected ($0.25)
Seat 6: Hero folded before Flop (didn't bet)


Poker Hand #HD1788685015: Hold'em No Limit ($0.05/$0.1) - 2024/05/26 18:30:43
Table 'NLHRed19' 6-max Seat #6 is the button
Seat 1: c32db1d ($5.46 in chips)
Seat 2: df516620 ($9.45 in chips)
Seat 3: 7e1e91cb ($2.6 in chips)
Seat 4: d03535e1 ($10 in chips)
Seat 6: Hero ($10.99 in chips)
c32db1d: posts small blind $0.05
df516620: posts big blind $0.1
*** HOLE CARDS ***
Dealt to c32db1d 
Dealt to df516620 
Dealt to 7e1e91cb 
Dealt to d03535e1 
Dealt to Hero [Td 4h]
7e1e91cb: calls $0.1
d03535e1: raises $0.2 to $0.3
Hero: folds
c32db1d: folds
df516620: calls $0.2
7e1e91cb: calls $0.2
*** FLOP *** [Th Qc 3c]
df516620: checks
7e1e91cb: checks
d03535e1: bets $0.72
df516620: folds
7e1e91cb: folds
Uncalled bet ($0.72) returned to d03535e1
*** SHOWDOWN ***
d03535e1 collected $0.91 from pot
*** SUMMARY ***
Total pot $0.95 | Rake $0.04 | Jackpot $0 | Bingo $0 | Fortune $0 | Tax $0
Board [Th Qc 3c]
Seat 1: c32db1d (small blind) folded before Flop
Seat 2: df516620 (big blind) folded on the Flop
Seat 3: 7e1e91cb folded on the Flop
Seat 4: d03535e1 won ($0.91)
Seat 6: Hero (button) folded before Flop (didn't bet)


Poker Hand #HD1788684966: Hold'em No Limit ($0.05/$0.1) - 2024/05/26 18:30:16
Table 'NLHRed19' 6-max Seat #4 is the button
Seat 1: c32db1d ($5.56 in chips)
Seat 2: df516620 ($9.55 in chips)
Seat 3: 7e1e91cb ($2.7 in chips)
Seat 4: d03535e1 ($10.07 in chips)
Seat 6: Hero ($10.39 in chips)
Hero: posts small blind $0.05
c32db1d: posts big blind $0.1
7e1e91cb: posts big blind $0.1
*** HOLE CARDS ***
Dealt to c32db1d 
Dealt to df516620 
Dealt to 7e1e91cb 
Dealt to d03535e1 
Dealt to Hero [Th Ts]
df516620: calls $0.1
7e1e91cb: checks
d03535e1: raises $0.25 to $0.35
Hero: raises $0.85 to $1.2
c32db1d: folds
df516620: folds
7e1e91cb: folds
d03535e1: folds
Uncalled bet ($0.85) returned to Hero
*** SHOWDOWN ***
Hero collected $0.95 from pot
*** SUMMARY ***
Total pot $1 | Rake $0.05 | Jackpot $0 | Bingo $0 | Fortune $0 | Tax $0
Seat 1: c32db1d (big blind) folded before Flop
Seat 2: df516620 folded before Flop
Seat 3: 7e1e91cb folded before Flop
Seat 4: d03535e1 (button) folded before Flop
Seat 6: Hero (small blind) collected ($0.95)


Poker Hand #HD1788684930: Hold'em No Limit ($0.05/$0.1) - 2024/05/26 18:30:03
Table 'NLHRed19' 6-max Seat #2 is the button
Seat 1: c32db1d ($5.56 in chips)
Seat 2: df516620 ($9.4 in chips)
Seat 4: d03535e1 ($10.12 in chips)
Seat 6: Hero ($10.49 in chips)
d03535e1: posts small blind $0.05
Hero: posts big blind $0.1
*** HOLE CARDS ***
Dealt to c32db1d 
Dealt to df516620 
Dealt to d03535e1 
Dealt to Hero [Kd 2s]
c32db1d: folds
df516620: raises $0.1 to $0.2
d03535e1: folds
Hero: folds
Uncalled bet ($0.1) returned to df516620
*** SHOWDOWN ***
df516620 collected $0.25 from pot
*** SUMMARY ***
Total pot $0.25 | Rake $0 | Jackpot $0 | Bingo $0 | Fortune $0 | Tax $0
Seat 1: c32db1d folded before Flop (didn't bet)
Seat 2: df516620 (button) collected ($0.25)
Seat 4: d03535e1 (small blind) folded before Flop
Seat 6: Hero (big blind) folded before Flop


Poker Hand #HD1788684853: Hold'em No Limit ($0.05/$0.1) - 2024/05/26 18:29:22
Table 'NLHRed19' 6-max Seat #1 is the button
Seat 1: c32db1d ($5.56 in chips)
Seat 2: df516620 ($9.6 in chips)
Seat 4: d03535e1 ($10.32 in chips)
Seat 5: 97c99962 ($10.41 in chips)
Seat 6: Hero ($10.49 in chips)
df516620: posts small blind $0.05
d03535e1: posts big blind $0.1
*** HOLE CARDS ***
Dealt to c32db1d 
Dealt to df516620 
Dealt to d03535e1 
Dealt to 97c99962 
Dealt to Hero [Kh 2h]
97c99962: raises $0.1 to $0.2
Hero: folds
c32db1d: folds
df516620: calls $0.15
d03535e1: calls $0.1
*** FLOP *** [Js 9d Kd]
df516620: checks
d03535e1: checks
97c99962: bets $0.2
df516620: folds
d03535e1: folds
Uncalled bet ($0.2) returned to 97c99962
*** SHOWDOWN ***
97c99962 collected $0.57 from pot
*** SUMMARY ***
Total pot $0.6 | Rake $0.03 | Jackpot $0 | Bingo $0 | Fortune $0 | Tax $0
Board [Js 9d Kd]
Seat 1: c32db1d (button) folded before Flop (didn't bet)
Seat 2: df516620 (small blind) folded on the Flop
Seat 4: d03535e1 (big blind) folded on the Flop
Seat 5: 97c99962 won ($0.57)
Seat 6: Hero folded before Flop (didn't bet)


Poker Hand #HD1788684753: Hold'em No Limit ($0.05/$0.1) - 2024/05/26 18:28:28
Table 'NLHRed19' 6-max Seat #6 is the button
Seat 1: c32db1d ($5.61 in chips)
Seat 2: df516620 ($10 in chips)
Seat 3: a6727e7a ($16.2 in chips)
Seat 4: d03535e1 ($10.32 in chips)
Seat 5: 97c99962 ($10 in chips)
Seat 6: Hero ($10.49 in chips)
c32db1d: posts small blind $0.05
df516620: posts big blind $0.1
*** HOLE CARDS ***
Dealt to c32db1d 
Dealt to df516620 
Dealt to a6727e7a 
Dealt to d03535e1 
Dealt to 97c99962 
Dealt to Hero [Js Th]
a6727e7a: folds
d03535e1: folds
97c99962: raises $0.13 to $0.23
Hero: folds
c32db1d: folds
df516620: calls $0.13
*** FLOP *** [8s Qh 2d]
df516620: checks
97c99962: bets $0.17
df516620: calls $0.17
*** TURN *** [8s Qh 2d] [6h]
df516620: checks
97c99962: bets $1.28
df516620: folds
Uncalled bet ($1.28) returned to 97c99962
*** SHOWDOWN ***
97c99962 collected $0.81 from pot
*** SUMMARY ***
Total pot $0.85 | Rake $0.04 | Jackpot $0 | Bingo $0 | Fortune $0 | Tax $0
Board [8s Qh 2d 6h]
Seat 1: c32db1d (small blind) folded before Flop
Seat 2: df516620 (big blind) folded on the Turn
Seat 3: a6727e7a folded before Flop (didn't bet)
Seat 4: d03535e1 folded before Flop (didn't bet)
Seat 5: 97c99962 won ($0.81)
Seat 6: Hero (button) folded before Flop (didn't bet)


Poker Hand #HD1788684660: Hold'em No Limit ($0.05/$0.1) - 2024/05/26 18:27:42
Table 'NLHRed19' 6-max Seat #5 is the button
Seat 1: c32db1d ($6.01 in chips)
Seat 2: 7ca1c77a ($15.73 in chips)
Seat 3: a6727e7a ($16.2 in chips)
Seat 4: d03535e1 ($10.32 in chips)
Seat 5: 97c99962 ($10 in chips)
Seat 6: Hero ($10.83 in chips)
Hero: posts small blind $0.05
c32db1d: posts big blind $0.1
*** HOLE CARDS ***
Dealt to c32db1d 
Dealt to 7ca1c77a 
Dealt to a6727e7a 
Dealt to d03535e1 
Dealt to 97c99962 
Dealt to Hero [Ac Ad]
7ca1c77a: folds
a6727e7a: folds
d03535e1: folds
97c99962: folds
Hero: raises $0.2 to $0.3
c32db1d: raises $0.3 to $0.6
Hero: raises $10.23 to $10.83 and is all-in
c32db1d: calls $5.41 and is all-in
Uncalled bet ($4.82) returned to Hero
Hero: shows [Ac Ad]
c32db1d: shows [As Ah]
*** FLOP *** [2c 5s 8s]
*** TURN *** [2c 5s 8s] [Td]
*** RIVER *** [2c 5s 8s Td] [6d]
*** SHOWDOWN ***
Hero collected $5.67 from pot
c32db1d collected $5.61 from pot
*** SUMMARY ***
Total pot $12.02 | Rake $0.64 | Jackpot $0.1 | Bingo $0 | Fortune $0 | Tax $0
Board [2c 5s 8s Td 6d]
Seat 1: c32db1d (big blind) showed [As Ah] and won ($5.61) with Pair of Aces
Seat 2: 7ca1c77a folded before Flop (didn't bet)
Seat 3: a6727e7a folded before Flop (didn't bet)
Seat 4: d03535e1 folded before Flop (didn't bet)
Seat 5: 97c99962 (button) folded before Flop (didn't bet)
Seat 6: Hero (small blind) showed [Ac Ad] and won ($5.67) with Pair of Aces


Poker Hand #HD1788684646: Hold'em No Limit ($0.05/$0.1) - 2024/05/26 18:27:35
Table 'NLHRed19' 6-max Seat #4 is the button
Seat 2: 7ca1c77a ($15.73 in chips)
Seat 3: a6727e7a ($16.2 in chips)
Seat 4: d03535e1 ($10.32 in chips)
Seat 5: 97c99962 ($10 in chips)
Seat 6: Hero ($10.78 in chips)
97c99962: posts small blind $0.05
Hero: posts big blind $0.1
*** HOLE CARDS ***
Dealt to 7ca1c77a 
Dealt to a6727e7a 
Dealt to d03535e1 
Dealt to 97c99962 
Dealt to Hero [5h 5s]
7ca1c77a: folds
a6727e7a: folds
d03535e1: folds
97c99962: folds
Uncalled bet ($0.05) returned to Hero
*** SHOWDOWN ***
Hero collected $0.1 from pot
*** SUMMARY ***
Total pot $0.1 | Rake $0 | Jackpot $0 | Bingo $0 | Fortune $0 | Tax $0
Seat 2: 7ca1c77a folded before Flop (didn't bet)
Seat 3: a6727e7a folded before Flop (didn't bet)
Seat 4: d03535e1 (button) folded before Flop (didn't bet)
Seat 5: 97c99962 (small blind) folded before Flop
Seat 6: Hero (big blind) collected ($0.1)


Poker Hand #HD1788684414: Hold'em No Limit ($0.05/$0.1) - 2024/05/26 18:25:23
Table 'NLHRed19' 6-max Seat #3 is the button
Seat 2: 7ca1c77a ($15.98 in chips)
Seat 3: a6727e7a ($12.77 in chips)
Seat 4: d03535e1 ($10.37 in chips)
Seat 5: 97c99962 ($10.36 in chips)
Seat 6: Hero ($10.78 in chips)
d03535e1: posts small blind $0.05
97c99962: posts big blind $0.1
*** HOLE CARDS ***
Dealt to 7ca1c77a 
Dealt to a6727e7a 
Dealt to d03535e1 
Dealt to 97c99962 
Dealt to Hero [7s 9d]
Hero: folds
7ca1c77a: raises $0.15 to $0.25
a6727e7a: raises $0.5 to $0.75
d03535e1: folds
97c99962: raises $1.35 to $2.1
7ca1c77a: folds
a6727e7a: calls $1.35
*** FLOP *** [5h 4s Tc]
97c99962: checks
a6727e7a: checks
*** TURN *** [5h 4s Tc] [Jh]
97c99962: bets $1.49
a6727e7a: raises $9.18 to $10.67 and is all-in
97c99962: folds
Uncalled bet ($9.18) returned to a6727e7a
*** SHOWDOWN ***
a6727e7a collected $7.02 from pot
*** SUMMARY ***
Total pot $7.48 | Rake $0.36 | Jackpot $0.1 | Bingo $0 | Fortune $0 | Tax $0
Board [5h 4s Tc Jh]
Seat 2: 7ca1c77a folded before Flop
Seat 3: a6727e7a (button) won ($7.02)
Seat 4: d03535e1 (small blind) folded before Flop
Seat 5: 97c99962 (big blind) folded on the Turn
Seat 6: Hero folded before Flop (didn't bet)


Poker Hand #HD1788684318: Hold'em No Limit ($0.05/$0.1) - 2024/05/26 18:24:31
Table 'NLHRed19' 6-max Seat #2 is the button
Seat 1: 64c81908 ($17.63 in chips)
Seat 2: 7ca1c77a ($15.98 in chips)
Seat 3: a6727e7a ($12.82 in chips)
Seat 4: d03535e1 ($10 in chips)
Seat 5: 97c99962 ($10.71 in chips)
Seat 6: Hero ($10.78 in chips)
a6727e7a: posts small blind $0.05
d03535e1: posts big blind $0.1
*** HOLE CARDS ***
Dealt to 64c81908 
Dealt to 7ca1c77a 
Dealt to a6727e7a 
Dealt to d03535e1 
Dealt to 97c99962 
Dealt to Hero [3c 3s]
97c99962: raises $0.1 to $0.2
Hero: folds
64c81908: folds
7ca1c77a: folds
a6727e7a: folds
d03535e1: calls $0.1
*** FLOP *** [Kd Jd Qc]
d03535e1: checks
97c99962: bets $0.15
d03535e1: calls $0.15
*** TURN *** [Kd Jd Qc] [3h]
d03535e1: checks
97c99962: checks
*** RIVER *** [Kd Jd Qc 3h] [7d]
d03535e1: checks
97c99962: checks
d03535e1: shows [Th Qs] (Pair of Queens)
97c99962: shows [Jc Ah] (Pair of Jacks)
*** SHOWDOWN ***
d03535e1 collected $0.72 from pot
*** SUMMARY ***
Total pot $0.75 | Rake $0.03 | Jackpot $0 | Bingo $0 | Fortune $0 | Tax $0
Board [Kd Jd Qc 3h 7d]
Seat 1: 64c81908 folded before Flop (didn't bet)
Seat 2: 7ca1c77a (button) folded before Flop (didn't bet)
Seat 3: a6727e7a (small blind) folded before Flop
Seat 4: d03535e1 (big blind) showed [Th Qs] and won ($0.72) with Pair of Queens
Seat 5: 97c99962 showed [Jc Ah] and lost with Pair of Jacks
Seat 6: Hero folded before Flop (didn't bet)


Poker Hand #HD1788684209: Hold'em No Limit ($0.05/$0.1) - 2024/05/26 18:23:24
Table 'NLHRed19' 6-max Seat #1 is the button
Seat 1: 64c81908 ($16.21 in chips)
Seat 2: 7ca1c77a ($16.03 in chips)
Seat 3: a6727e7a ($12.92 in chips)
Seat 5: 97c99962 ($12.23 in chips)
Seat 6: Hero ($10.78 in chips)
7ca1c77a: posts small blind $0.05
a6727e7a: posts big blind $0.1
*** HOLE CARDS ***
Dealt to 64c81908 
Dealt to 7ca1c77a 
Dealt to a6727e7a 
Dealt to 97c99962 
Dealt to Hero [4h 8c]
97c99962: raises $0.1 to $0.2
Hero: folds
64c81908: raises $0.42 to $0.62
7ca1c77a: folds
a6727e7a: folds
97c99962: calls $0.42
*** FLOP *** [4d 7c 3h]
97c99962: checks
64c81908: checks
*** TURN *** [4d 7c 3h] [Jd]
97c99962: bets $0.9
64c81908: calls $0.9
*** RIVER *** [4d 7c 3h Jd] [Ad]
97c99962: checks
64c81908: bets $1.6
97c99962: folds
Uncalled bet ($1.6) returned to 64c81908
*** SHOWDOWN ***
64c81908 collected $2.94 from pot
*** SUMMARY ***
Total pot $3.19 | Rake $0.15 | Jackpot $0.1 | Bingo $0 | Fortune $0 | Tax $0
Board [4d 7c 3h Jd Ad]
Seat 1: 64c81908 (button) won ($2.94)
Seat 2: 7ca1c77a (small blind) folded before Flop
Seat 3: a6727e7a (big blind) folded before Flop
Seat 5: 97c99962 folded on the River
Seat 6: Hero folded before Flop (didn't bet)


Poker Hand #HD1788684130: Hold'em No Limit ($0.05/$0.1) - 2024/05/26 18:22:41
Table 'NLHRed19' 6-max Seat #6 is the button
Seat 1: 64c81908 ($16.26 in chips)
Seat 2: 7ca1c77a ($16.27 in chips)
Seat 3: a6727e7a ($12.92 in chips)
Seat 5: 97c99962 ($12.23 in chips)
Seat 6: Hero ($10.51 in chips)
64c81908: posts small blind $0.05
7ca1c77a: posts big blind $0.1
*** HOLE CARDS ***
Dealt to 64c81908 
Dealt to 7ca1c77a 
Dealt to a6727e7a 
Dealt to 97c99962 
Dealt to Hero [6c Jc]
a6727e7a: folds
97c99962: folds
Hero: raises $0.14 to $0.24
64c81908: folds
7ca1c77a: calls $0.14
*** FLOP *** [4s 5h Kc]
7ca1c77a: checks
Hero: checks
*** TURN *** [4s 5h Kc] [Qs]
7ca1c77a: checks
Hero: bets $0.2
7ca1c77a: folds
Uncalled bet ($0.2) returned to Hero
*** SHOWDOWN ***
Hero collected $0.51 from pot
*** SUMMARY ***
Total pot $0.53 | Rake $0.02 | Jackpot $0 | Bingo $0 | Fortune $0 | Tax $0
Board [4s 5h Kc Qs]
Seat 1: 64c81908 (small blind) folded before Flop
Seat 2: 7ca1c77a (big blind) folded on the Turn
Seat 3: a6727e7a folded before Flop (didn't bet)
Seat 5: 97c99962 folded before Flop (didn't bet)
Seat 6: Hero (button) won ($0.51)


Poker Hand #HD1788684104: Hold'em No Limit ($0.05/$0.1) - 2024/05/26 18:22:28
Table 'NLHRed19' 6-max Seat #5 is the button
Seat 1: 64c81908 ($16.36 in chips)
Seat 2: 7ca1c77a ($16.12 in chips)
Seat 3: a6727e7a ($12.92 in chips)
Seat 5: 97c99962 ($12.23 in chips)
Seat 6: Hero ($10.56 in chips)
Hero: posts small blind $0.05
64c81908: posts big blind $0.1
*** HOLE CARDS ***
Dealt to 64c81908 
Dealt to 7ca1c77a 
Dealt to a6727e7a 
Dealt to 97c99962 
Dealt to Hero [2d 9c]
7ca1c77a: raises $0.2 to $0.3
a6727e7a: folds
97c99962: folds
Hero: folds
64c81908: folds
Uncalled bet ($0.2) returned to 7ca1c77a
*** SHOWDOWN ***
7ca1c77a collected $0.25 from pot
*** SUMMARY ***
Total pot $0.25 | Rake $0 | Jackpot $0 | Bingo $0 | Fortune $0 | Tax $0
Seat 1: 64c81908 (big blind) folded before Flop
Seat 2: 7ca1c77a collected ($0.25)
Seat 3: a6727e7a folded before Flop (didn't bet)
Seat 5: 97c99962 (button) folded before Flop (didn't bet)
Seat 6: Hero (small blind) folded before Flop


Poker Hand #HD1788683966: Hold'em No Limit ($0.05/$0.1) - 2024/05/26 18:21:13
Table 'NLHRed19' 6-max Seat #3 is the button
Seat 1: 64c81908 ($18.06 in chips)
Seat 2: 7ca1c77a ($14.54 in chips)
Seat 3: a6727e7a ($12.92 in chips)
Seat 5: 97c99962 ($12.28 in chips)
Seat 6: Hero ($10.66 in chips)
97c99962: posts small blind $0.05
Hero: posts big blind $0.1
*** HOLE CARDS ***
Dealt to 64c81908 
Dealt to 7ca1c77a 
Dealt to a6727e7a 
Dealt to 97c99962 
Dealt to Hero [2h 8d]
64c81908: raises $0.1 to $0.2
7ca1c77a: raises $0.8 to $1
a6727e7a: folds
97c99962: folds
Hero: folds
64c81908: calls $0.8
*** FLOP *** [Td Js Ks]
64c81908: checks
7ca1c77a: bets $0.7
64c81908: calls $0.7
*** TURN *** [Td Js Ks] [Ad]
64c81908: checks
7ca1c77a: checks
*** RIVER *** [Td Js Ks Ad] [8s]
64c81908: checks
7ca1c77a: bets $1.1
64c81908: folds
Uncalled bet ($1.1) returned to 7ca1c77a
*** SHOWDOWN ***
7ca1c77a collected $3.28 from pot
*** SUMMARY ***
Total pot $3.55 | Rake $0.17 | Jackpot $0.1 | Bingo $0 | Fortune $0 | Tax $0
Board [Td Js Ks Ad 8s]
Seat 1: 64c81908 folded on the River
Seat 2: 7ca1c77a won ($3.28)
Seat 3: a6727e7a (button) folded before Flop (didn't bet)
Seat 5: 97c99962 (small blind) folded before Flop
Seat 6: Hero (big blind) folded before Flop


Poker Hand #HD1788683953: Hold'em No Limit ($0.05/$0.1) - 2024/05/26 18:21:06
Table 'NLHRed19' 6-max Seat #2 is the button
Seat 1: 64c81908 ($18.06 in chips)
Seat 2: 7ca1c77a ($14.54 in chips)
Seat 3: a6727e7a ($12.97 in chips)
Seat 5: 97c99962 ($12.23 in chips)
Seat 6: Hero ($10.66 in chips)
a6727e7a: posts small blind $0.05
97c99962: posts big blind $0.1
*** HOLE CARDS ***
Dealt to 64c81908 
Dealt to 7ca1c77a 
Dealt to a6727e7a 
Dealt to 97c99962 
Dealt to Hero [Qc 6s]
Hero: folds
64c81908: folds
7ca1c77a: folds
a6727e7a: folds
Uncalled bet ($0.05) returned to 97c99962
*** SHOWDOWN ***
97c99962 collected $0.1 from pot
*** SUMMARY ***
Total pot $0.1 | Rake $0 | Jackpot $0 | Bingo $0 | Fortune $0 | Tax $0
Seat 1: 64c81908 folded before Flop (didn't bet)
Seat 2: 7ca1c77a (button) folded before Flop (didn't bet)
Seat 3: a6727e7a (small blind) folded before Flop
Seat 5: 97c99962 (big blind) collected ($0.1)
Seat 6: Hero folded before Flop (didn't bet)


Poker Hand #HD1788683860: Hold'em No Limit ($0.05/$0.1) - 2024/05/26 18:20:15
Table 'NLHRed19' 6-max Seat #1 is the button
Seat 1: 64c81908 ($16.62 in chips)
Seat 2: 7ca1c77a ($16.14 in chips)
Seat 3: a6727e7a ($13.07 in chips)
Seat 5: 97c99962 ($12.23 in chips)
Seat 6: Hero ($10.66 in chips)
7ca1c77a: posts small blind $0.05
a6727e7a: posts big blind $0.1
*** HOLE CARDS ***
Dealt to 64c81908 
Dealt to 7ca1c77a 
Dealt to a6727e7a 
Dealt to 97c99962 
Dealt to Hero [Th 2d]
97c99962: folds
Hero: folds
64c81908: raises $0.1 to $0.2
7ca1c77a: raises $0.8 to $1
a6727e7a: folds
64c81908: calls $0.8
*** FLOP *** [3h 9d 3c]
7ca1c77a: bets $0.6
64c81908: raises $1.65 to $2.25
7ca1c77a: folds
Uncalled bet ($1.65) returned to 64c81908
*** SHOWDOWN ***
64c81908 collected $3.04 from pot
*** SUMMARY ***
Total pot $3.3 | Rake $0.16 | Jackpot $0.1 | Bingo $0 | Fortune $0 | Tax $0
Board [3h 9d 3c]
Seat 1: 64c81908 (button) won ($3.04)
Seat 2: 7ca1c77a (small blind) folded on the Flop
Seat 3: a6727e7a (big blind) folded before Flop
Seat 5: 97c99962 folded before Flop (didn't bet)
Seat 6: Hero folded before Flop (didn't bet)


Poker Hand #HD1788683850: Hold'em No Limit ($0.05/$0.1) - 2024/05/26 18:20:10
Table 'NLHRed19' 6-max Seat #6 is the button
Seat 1: 64c81908 ($16.67 in chips)
Seat 2: 7ca1c77a ($16.09 in chips)
Seat 3: a6727e7a ($13.07 in chips)
Seat 5: 97c99962 ($12.23 in chips)
Seat 6: Hero ($10.66 in chips)
64c81908: posts small blind $0.05
7ca1c77a: posts big blind $0.1
*** HOLE CARDS ***
Dealt to 64c81908 
Dealt to 7ca1c77a 
Dealt to a6727e7a 
Dealt to 97c99962 
Dealt to Hero [Ks 2c]
a6727e7a: folds
97c99962: folds
Hero: folds
64c81908: folds
Uncalled bet ($0.05) returned to 7ca1c77a
*** SHOWDOWN ***
7ca1c77a collected $0.1 from pot
*** SUMMARY ***
Total pot $0.1 | Rake $0 | Jackpot $0 | Bingo $0 | Fortune $0 | Tax $0
Seat 1: 64c81908 (small blind) folded before Flop
Seat 2: 7ca1c77a (big blind) collected ($0.1)
Seat 3: a6727e7a folded before Flop (didn't bet)
Seat 5: 97c99962 folded before Flop (didn't bet)
Seat 6: Hero (button) folded before Flop (didn't bet)


Poker Hand #HD1788683713: Hold'em No Limit ($0.05/$0.1) - 2024/05/26 18:18:48
Table 'NLHRed19' 6-max Seat #5 is the button
Seat 1: 64c81908 ($18.82 in chips)
Seat 2: 7ca1c77a ($16.09 in chips)
Seat 3: a6727e7a ($10.37 in chips)
Seat 5: 97c99962 ($13.08 in chips)
Seat 6: Hero ($10.71 in chips)
Hero: posts small blind $0.05
64c81908: posts big blind $0.1
*** HOLE CARDS ***
Dealt to 64c81908 
Dealt to 7ca1c77a 
Dealt to a6727e7a 
Dealt to 97c99962 
Dealt to Hero [7h 6h]
7ca1c77a: folds
a6727e7a: raises $0.1 to $0.2
97c99962: calls $0.2
Hero: folds
64c81908: raises $0.65 to $0.85
a6727e7a: calls $0.65
97c99962: calls $0.65
*** FLOP *** [Qh Kh 7s]
64c81908: bets $1.3
a6727e7a: calls $1.3
97c99962: folds
*** TURN *** [Qh Kh 7s] [4d]
64c81908: checks
a6727e7a: checks
*** RIVER *** [Qh Kh 7s 4d] [9s]
64c81908: checks
a6727e7a: checks
64c81908: shows [Jc Ac] (Ace-High)
a6727e7a: shows [As Qs] (Pair of Queens)
*** SHOWDOWN ***
a6727e7a collected $4.85 from pot
*** SUMMARY ***
Total pot $5.2 | Rake $0.25 | Jackpot $0.1 | Bingo $0 | Fortune $0 | Tax $0
Board [Qh Kh 7s 4d 9s]
Seat 1: 64c81908 (big blind) showed [Jc Ac] and lost with Ace-High
Seat 2: 7ca1c77a folded before Flop (didn't bet)
Seat 3: a6727e7a showed [As Qs] and won ($4.85) with Pair of Queens
Seat 5: 97c99962 (button) folded on the Flop
Seat 6: Hero (small blind) folded before Flop


Poker Hand #HD1788683671: Hold'em No Limit ($0.05/$0.1) - 2024/05/26 18:18:27
Table 'NLHRed19' 6-max Seat #3 is the button
Seat 1: 64c81908 ($18.67 in chips)
Seat 2: 7ca1c77a ($16.09 in chips)
Seat 3: a6727e7a ($10.37 in chips)
Seat 5: 97c99962 ($13.13 in chips)
Seat 6: Hero ($10.81 in chips)
97c99962: posts small blind $0.05
Hero: posts big blind $0.1
*** HOLE CARDS ***
Dealt to 64c81908 
Dealt to 7ca1c77a 
Dealt to a6727e7a 
Dealt to 97c99962 
Dealt to Hero [6h 7s]
64c81908: raises $0.1 to $0.2
7ca1c77a: folds
a6727e7a: folds
97c99962: folds
Hero: folds
Uncalled bet ($0.1) returned to 64c81908
*** SHOWDOWN ***
64c81908 collected $0.25 from pot
*** SUMMARY ***
Total pot $0.25 | Rake $0 | Jackpot $0 | Bingo $0 | Fortune $0 | Tax $0
Seat 1: 64c81908 collected ($0.25)
Seat 2: 7ca1c77a folded before Flop (didn't bet)
Seat 3: a6727e7a (button) folded before Flop (didn't bet)
Seat 5: 97c99962 (small blind) folded before Flop
Seat 6: Hero (big blind) folded before Flop


Poker Hand #HD1788683630: Hold'em No Limit ($0.05/$0.1) - 2024/05/26 18:18:08
Table 'NLHRed19' 6-max Seat #2 is the button
Seat 1: 64c81908 ($18.67 in chips)
Seat 2: 7ca1c77a ($16.09 in chips)
Seat 3: a6727e7a ($10.27 in chips)
Seat 5: 97c99962 ($13.23 in chips)
Seat 6: Hero ($10.81 in chips)
a6727e7a: posts small blind $0.05
97c99962: posts big blind $0.1
*** HOLE CARDS ***
Dealt to 64c81908 
Dealt to 7ca1c77a 
Dealt to a6727e7a 
Dealt to 97c99962 
Dealt to Hero [4s 2d]
Hero: folds
64c81908: folds
7ca1c77a: folds
a6727e7a: raises $0.2 to $0.3
97c99962: folds
Uncalled bet ($0.2) returned to a6727e7a
*** SHOWDOWN ***
a6727e7a collected $0.2 from pot
*** SUMMARY ***
Total pot $0.2 | Rake $0 | Jackpot $0 | Bingo $0 | Fortune $0 | Tax $0
Seat 1: 64c81908 folded before Flop (didn't bet)
Seat 2: 7ca1c77a (button) folded before Flop (didn't bet)
Seat 3: a6727e7a (small blind) collected ($0.2)
Seat 5: 97c99962 (big blind) folded before Flop
Seat 6: Hero folded before Flop (didn't bet)


Poker Hand #HD1788683545: Hold'em No Limit ($0.05/$0.1) - 2024/05/26 18:17:18
Table 'NLHRed19' 6-max Seat #1 is the button
Seat 1: 64c81908 ($19.21 in chips)
Seat 2: 7ca1c77a ($16.33 in chips)
Seat 3: a6727e7a ($10.37 in chips)
Seat 5: 97c99962 ($13.23 in chips)
Seat 6: Hero ($10 in chips)
7ca1c77a: posts small blind $0.05
a6727e7a: posts big blind $0.1
*** HOLE CARDS ***
Dealt to 64c81908 
Dealt to 7ca1c77a 
Dealt to a6727e7a 
Dealt to 97c99962 
Dealt to Hero [Ad Kc]
97c99962: folds
Hero: raises $0.14 to $0.24
64c81908: calls $0.24
7ca1c77a: calls $0.19
a6727e7a: folds
*** FLOP *** [8h Kh 9c]
7ca1c77a: checks
Hero: bets $0.3
64c81908: calls $0.3
7ca1c77a: folds
*** TURN *** [8h Kh 9c] [5s]
Hero: bets $1
64c81908: folds
Uncalled bet ($1) returned to Hero
*** SHOWDOWN ***
Hero collected $1.35 from pot
*** SUMMARY ***
Total pot $1.42 | Rake $0.07 | Jackpot $0 | Bingo $0 | Fortune $0 | Tax $0
Board [8h Kh 9c 5s]
Seat 1: 64c81908 (button) folded on the Turn
Seat 2: 7ca1c77a (small blind) folded on the Flop
Seat 3: a6727e7a (big blind) folded before Flop
Seat 5: 97c99962 folded before Flop (didn't bet)
Seat 6: Hero won ($1.35)


Poker Hand #HD1788683401: Hold'em No Limit ($0.05/$0.1) - 2024/05/26 18:15:58
Table 'NLHRed19' 6-max Seat #6 is the button
Seat 1: 64c81908 ($18.89 in chips)
Seat 2: 7ca1c77a ($16.43 in chips)
Seat 3: a6727e7a ($10.37 in chips)
Seat 4: d03535e1 ($10 in chips)
Seat 5: 97c99962 ($13.23 in chips)
Seat 6: Hero ($10.12 in chips)
64c81908: posts small blind $0.05
7ca1c77a: posts big blind $0.1
*** HOLE CARDS ***
Dealt to 64c81908 
Dealt to 7ca1c77a 
Dealt to a6727e7a 
Dealt to d03535e1 
Dealt to 97c99962 
Dealt to Hero [4h 5h]
a6727e7a: folds
d03535e1: folds
97c99962: folds
Hero: raises $0.14 to $0.24
64c81908: raises $0.44 to $0.68
7ca1c77a: folds
Hero: folds
Uncalled bet ($0.44) returned to 64c81908
*** SHOWDOWN ***
64c81908 collected $0.56 from pot
*** SUMMARY ***
Total pot $0.58 | Rake $0.02 | Jackpot $0 | Bingo $0 | Fortune $0 | Tax $0
Seat 1: 64c81908 (small blind) collected ($0.56)
Seat 2: 7ca1c77a (big blind) folded before Flop
Seat 3: a6727e7a folded before Flop (didn't bet)
Seat 4: d03535e1 folded before Flop (didn't bet)
Seat 5: 97c99962 folded before Flop (didn't bet)
Seat 6: Hero (button) folded before Flop


Poker Hand #HD1788683363: Hold'em No Limit ($0.05/$0.1) - 2024/05/26 18:15:37
Table 'NLHRed19' 6-max Seat #5 is the button
Seat 1: 64c81908 ($18.84 in chips)
Seat 2: 7ca1c77a ($16.43 in chips)
Seat 3: a6727e7a ($10.37 in chips)
Seat 4: d03535e1 ($10 in chips)
Seat 5: 97c99962 ($13.23 in chips)
Seat 6: Hero ($10.17 in chips)
Hero: posts small blind $0.05
64c81908: posts big blind $0.1
*** HOLE CARDS ***
Dealt to 64c81908 
Dealt to 7ca1c77a 
Dealt to a6727e7a 
Dealt to d03535e1 
Dealt to 97c99962 
Dealt to Hero [2c Jc]
7ca1c77a: folds
a6727e7a: folds
d03535e1: folds
97c99962: folds
Hero: folds
Uncalled bet ($0.05) returned to 64c81908
*** SHOWDOWN ***
64c81908 collected $0.1 from pot
*** SUMMARY ***
Total pot $0.1 | Rake $0 | Jackpot $0 | Bingo $0 | Fortune $0 | Tax $0
Seat 1: 64c81908 (big blind) collected ($0.1)
Seat 2: 7ca1c77a folded before Flop (didn't bet)
Seat 3: a6727e7a folded before Flop (didn't bet)
Seat 4: d03535e1 folded before Flop (didn't bet)
Seat 5: 97c99962 (button) folded before Flop (didn't bet)
Seat 6: Hero (small blind) folded before Flop


Poker Hand #HD1788683313: Hold'em No Limit ($0.05/$0.1) - 2024/05/26 18:15:10
Table 'NLHRed19' 6-max Seat #4 is the button
Seat 1: 64c81908 ($18.84 in chips)
Seat 2: 7ca1c77a ($16.28 in chips)
Seat 3: a6727e7a ($10.37 in chips)
Seat 4: d03535e1 ($10 in chips)
Seat 5: 97c99962 ($13.28 in chips)
Seat 6: Hero ($10.27 in chips)
97c99962: posts small blind $0.05
Hero: posts big blind $0.1
*** HOLE CARDS ***
Dealt to 64c81908 
Dealt to 7ca1c77a 
Dealt to a6727e7a 
Dealt to d03535e1 
Dealt to 97c99962 
Dealt to Hero [7c 5c]
64c81908: folds
7ca1c77a: raises $0.15 to $0.25
a6727e7a: folds
d03535e1: folds
97c99962: folds
Hero: folds
Uncalled bet ($0.15) returned to 7ca1c77a
*** SHOWDOWN ***
7ca1c77a collected $0.25 from pot
*** SUMMARY ***
Total pot $0.25 | Rake $0 | Jackpot $0 | Bingo $0 | Fortune $0 | Tax $0
Seat 1: 64c81908 folded before Flop (didn't bet)
Seat 2: 7ca1c77a collected ($0.25)
Seat 3: a6727e7a folded before Flop (didn't bet)
Seat 4: d03535e1 (button) folded before Flop (didn't bet)
Seat 5: 97c99962 (small blind) folded before Flop
Seat 6: Hero (big blind) folded before Flop


Poker Hand #HD1788683249: Hold'em No Limit ($0.05/$0.1) - 2024/05/26 18:14:36
Table 'NLHRed19' 6-max Seat #3 is the button
Seat 1: 64c81908 ($18.84 in chips)
Seat 2: 7ca1c77a ($16.53 in chips)
Seat 3: a6727e7a ($10 in chips)
Seat 4: d03535e1 ($10 in chips)
Seat 5: 97c99962 ($13.38 in chips)
Seat 6: Hero ($10.27 in chips)
d03535e1: posts small blind $0.05
97c99962: posts big blind $0.1
*** HOLE CARDS ***
Dealt to 64c81908 
Dealt to 7ca1c77a 
Dealt to a6727e7a 
Dealt to d03535e1 
Dealt to 97c99962 
Dealt to Hero [Th 4d]
Hero: folds
64c81908: folds
7ca1c77a: raises $0.15 to $0.25
a6727e7a: raises $0.5 to $0.75
d03535e1: folds
97c99962: folds
7ca1c77a: folds
Uncalled bet ($0.5) returned to a6727e7a
*** SHOWDOWN ***
a6727e7a collected $0.62 from pot
*** SUMMARY ***
Total pot $0.65 | Rake $0.03 | Jackpot $0 | Bingo $0 | Fortune $0 | Tax $0
Seat 1: 64c81908 folded before Flop (didn't bet)
Seat 2: 7ca1c77a folded before Flop
Seat 3: a6727e7a (button) collected ($0.62)
Seat 4: d03535e1 (small blind) folded before Flop
Seat 5: 97c99962 (big blind) folded before Flop
Seat 6: Hero folded before Flop (didn't bet)


Poker Hand #HD1788683101: Hold'em No Limit ($0.05/$0.1) - 2024/05/26 18:13:09
Table 'NLHRed19' 6-max Seat #2 is the button
Seat 1: 64c81908 ($15.86 in chips)
Seat 2: 7ca1c77a ($16.73 in chips)
Seat 3: a6727e7a ($10 in chips)
Seat 4: d03535e1 ($11.41 in chips)
Seat 5: 97c99962 ($13.38 in chips)
Seat 6: Hero ($10.27 in chips)
a6727e7a: posts small blind $0.05
d03535e1: posts big blind $0.1
*** HOLE CARDS ***
Dealt to 64c81908 
Dealt to 7ca1c77a 
Dealt to a6727e7a 
Dealt to d03535e1 
Dealt to 97c99962 
Dealt to Hero [4s 4d]
97c99962: folds
Hero: folds
64c81908: raises $0.1 to $0.2
7ca1c77a: calls $0.2
a6727e7a: folds
d03535e1: raises $1.1 to $1.3
64c81908: calls $1.1
7ca1c77a: folds
*** FLOP *** [2c As 5c]
d03535e1: checks
64c81908: checks
*** TURN *** [2c As 5c] [7h]
d03535e1: checks
64c81908: checks
*** RIVER *** [2c As 5c 7h] [7d]
d03535e1: bets $1.85
64c81908: raises $1.85 to $3.7
d03535e1: folds
Uncalled bet ($1.85) returned to 64c81908
*** SHOWDOWN ***
64c81908 collected $6.13 from pot
*** SUMMARY ***
Total pot $6.55 | Rake $0.32 | Jackpot $0.1 | Bingo $0 | Fortune $0 | Tax $0
Board [2c As 5c 7h 7d]
Seat 1: 64c81908 won ($6.13)
Seat 2: 7ca1c77a (button) folded before Flop
Seat 3: a6727e7a (small blind) folded before Flop
Seat 4: d03535e1 (big blind) folded on the River
Seat 5: 97c99962 folded before Flop (didn't bet)
Seat 6: Hero folded before Flop (didn't bet)


Poker Hand #HD1788683049: Hold'em No Limit ($0.05/$0.1) - 2024/05/26 18:12:38
Table 'NLHRed19' 6-max Seat #1 is the button
Seat 1: 64c81908 ($15.86 in chips)
Seat 2: 7ca1c77a ($16.78 in chips)
Seat 3: a6727e7a ($10 in chips)
Seat 4: d03535e1 ($11.26 in chips)
Seat 5: 97c99962 ($13.38 in chips)
Seat 6: Hero ($10.27 in chips)
7ca1c77a: posts small blind $0.05
a6727e7a: posts big blind $0.1
*** HOLE CARDS ***
Dealt to 64c81908 
Dealt to 7ca1c77a 
Dealt to a6727e7a 
Dealt to d03535e1 
Dealt to 97c99962 
Dealt to Hero [Jd 6c]
d03535e1: raises $0.12 to $0.22
97c99962: folds
Hero: folds
64c81908: folds
7ca1c77a: folds
a6727e7a: folds
Uncalled bet ($0.12) returned to d03535e1
*** SHOWDOWN ***
d03535e1 collected $0.25 from pot
*** SUMMARY ***
Total pot $0.25 | Rake $0 | Jackpot $0 | Bingo $0 | Fortune $0 | Tax $0
Seat 1: 64c81908 (button) folded before Flop (didn't bet)
Seat 2: 7ca1c77a (small blind) folded before Flop
Seat 3: a6727e7a (big blind) folded before Flop
Seat 4: d03535e1 collected ($0.25)
Seat 5: 97c99962 folded before Flop (didn't bet)
Seat 6: Hero folded before Flop (didn't bet)


Poker Hand #HD1788682987: Hold'em No Limit ($0.05/$0.1) - 2024/05/26 18:12:05
Table 'NLHRed19' 6-max Seat #6 is the button
Seat 1: 64c81908 ($15.91 in chips)
Seat 2: 7ca1c77a ($17.02 in chips)
Seat 3: a6727e7a ($10 in chips)
Seat 4: d03535e1 ($11.26 in chips)
Seat 5: 97c99962 ($13.38 in chips)
Seat 6: Hero ($10 in chips)
64c81908: posts small blind $0.05
7ca1c77a: posts big blind $0.1
*** HOLE CARDS ***
Dealt to 64c81908 
Dealt to 7ca1c77a 
Dealt to a6727e7a 
Dealt to d03535e1 
Dealt to 97c99962 
Dealt to Hero [5d Kd]
a6727e7a: folds
d03535e1: folds
97c99962: folds
Hero: raises $0.14 to $0.24
64c81908: folds
7ca1c77a: calls $0.14
*** FLOP *** [Qc 5c 2d]
7ca1c77a: checks
Hero: bets $0.2
7ca1c77a: folds
Uncalled bet ($0.2) returned to Hero
*** SHOWDOWN ***
Hero collected $0.51 from pot
*** SUMMARY ***
Total pot $0.53 | Rake $0.02 | Jackpot $0 | Bingo $0 | Fortune $0 | Tax $0
Board [Qc 5c 2d]
Seat 1: 64c81908 (small blind) folded before Flop
Seat 2: 7ca1c77a (big blind) folded on the Flop
Seat 3: a6727e7a folded before Flop (didn't bet)
Seat 4: d03535e1 folded before Flop (didn't bet)
Seat 5: 97c99962 folded before Flop (didn't bet)
Seat 6: Hero (button) won ($0.51)


Poker Hand #HD1788682865: Hold'em No Limit ($0.05/$0.1) - 2024/05/26 18:10:52
Table 'NLHRed19' 6-max Seat #5 is the button
Seat 1: 64c81908 ($18.73 in chips)
Seat 2: 7ca1c77a ($17.02 in chips)
Seat 3: a6727e7a ($10 in chips)
Seat 4: d03535e1 ($11.26 in chips)
Seat 5: 97c99962 ($10.89 in chips)
Seat 6: Hero ($10 in chips)
Hero: posts small blind $0.05
64c81908: posts big blind $0.1
*** HOLE CARDS ***
Dealt to 64c81908 
Dealt to 7ca1c77a 
Dealt to a6727e7a 
Dealt to d03535e1 
Dealt to 97c99962 
Dealt to Hero [6d Td]
7ca1c77a: folds
a6727e7a: folds
d03535e1: folds
97c99962: raises $0.15 to $0.25
Hero: folds
64c81908: calls $0.15
*** FLOP *** [5d 5c Kd]
64c81908: checks
97c99962: bets $0.19
64c81908: raises $0.47 to $0.66
97c99962: calls $0.47
*** TURN *** [5d 5c Kd] [4d]
64c81908: bets $1.41
97c99962: calls $1.41
*** RIVER *** [5d 5c Kd 4d] [8d]
64c81908: checks
97c99962: bets $0.5
64c81908: calls $0.5
97c99962: shows [Qd 9d] (King High Flush)
64c81908: shows [8h 9s] (Pair of Eights and Pair of Fives)
*** SHOWDOWN ***
97c99962 collected $5.31 from pot
*** SUMMARY ***
Total pot $5.69 | Rake $0.28 | Jackpot $0.1 | Bingo $0 | Fortune $0 | Tax $0
Board [5d 5c Kd 4d 8d]
Seat 1: 64c81908 (big blind) showed [8h 9s] and lost with Pair of Eights and Pair of Fives
Seat 2: 7ca1c77a folded before Flop (didn't bet)
Seat 3: a6727e7a folded before Flop (didn't bet)
Seat 4: d03535e1 folded before Flop (didn't bet)
Seat 5: 97c99962 (button) showed [Qd 9d] and won ($5.31) with King High Flush
Seat 6: Hero (small blind) folded before Flop


Poker Hand #HD1788682787: Hold'em No Limit ($0.05/$0.1) - 2024/05/26 18:10:08
Table 'NLHRed19' 6-max Seat #4 is the button
Seat 1: 64c81908 ($19.35 in chips)
Seat 2: 7ca1c77a ($16.32 in chips)
Seat 3: a6727e7a ($10 in chips)
Seat 4: d03535e1 ($11.26 in chips)
Seat 5: 97c99962 ($10.94 in chips)
Seat 6: Hero ($10 in chips)
97c99962: posts small blind $0.05
Hero: posts big blind $0.1
*** HOLE CARDS ***
Dealt to 64c81908 
Dealt to 7ca1c77a 
Dealt to a6727e7a 
Dealt to d03535e1 
Dealt to 97c99962 
Dealt to Hero [3h Kh]
64c81908: raises $0.1 to $0.2
7ca1c77a: raises $0.42 to $0.62
a6727e7a: folds
d03535e1: folds
97c99962: folds
Hero: folds
64c81908: calls $0.42
*** FLOP *** [Js Qc 9h]
64c81908: checks
7ca1c77a: bets $0.6
64c81908: folds
Uncalled bet ($0.6) returned to 7ca1c77a
*** SHOWDOWN ***
7ca1c77a collected $1.32 from pot
*** SUMMARY ***
Total pot $1.39 | Rake $0.07 | Jackpot $0 | Bingo $0 | Fortune $0 | Tax $0
Board [Js Qc 9h]
Seat 1: 64c81908 folded on the Flop
Seat 2: 7ca1c77a won ($1.32)
Seat 3: a6727e7a folded before Flop (didn't bet)
Seat 4: d03535e1 (button) folded before Flop (didn't bet)
Seat 5: 97c99962 (small blind) folded before Flop
Seat 6: Hero (big blind) folded before Flop


Poker Hand #HD1788682763: Hold'em No Limit ($0.05/$0.1) - 2024/05/26 18:09:56
Table 'NLHRed19' 6-max Seat #3 is the button
Seat 1: 64c81908 ($19.35 in chips)
Seat 2: 7ca1c77a ($16.32 in chips)
Seat 3: a6727e7a ($10 in chips)
Seat 4: d03535e1 ($11.31 in chips)
Seat 5: 97c99962 ($10.89 in chips)
Seat 6: Hero ($10 in chips)
d03535e1: posts small blind $0.05
97c99962: posts big blind $0.1
*** HOLE CARDS ***
Dealt to 64c81908 
Dealt to 7ca1c77a 
Dealt to a6727e7a 
Dealt to d03535e1 
Dealt to 97c99962 
Dealt to Hero [Kc 3c]
Hero: folds
64c81908: folds
7ca1c77a: folds
a6727e7a: folds
d03535e1: folds
Uncalled bet ($0.05) returned to 97c99962
*** SHOWDOWN ***
97c99962 collected $0.1 from pot
*** SUMMARY ***
Total pot $0.1 | Rake $0 | Jackpot $0 | Bingo $0 | Fortune $0 | Tax $0
Seat 1: 64c81908 folded before Flop (didn't bet)
Seat 2: 7ca1c77a folded before Flop (didn't bet)
Seat 3: a6727e7a (button) folded before Flop (didn't bet)
Seat 4: d03535e1 (small blind) folded before Flop
Seat 5: 97c99962 (big blind) collected ($0.1)
Seat 6: Hero folded before Flop (didn't bet)


Poker Hand #HD1788682743: Hold'em No Limit ($0.05/$0.1) - 2024/05/26 18:09:46
Table 'NLHRed19' 6-max Seat #2 is the button
Seat 1: 64c81908 ($19.35 in chips)
Seat 2: 7ca1c77a ($16.32 in chips)
Seat 3: a6727e7a ($10 in chips)
Seat 4: d03535e1 ($11.26 in chips)
Seat 5: 97c99962 ($10.89 in chips)
Seat 6: Hero ($10 in chips)
a6727e7a: posts small blind $0.05
d03535e1: posts big blind $0.1
*** HOLE CARDS ***
Dealt to 64c81908 
Dealt to 7ca1c77a 
Dealt to a6727e7a 
Dealt to d03535e1 
Dealt to 97c99962 
Dealt to Hero [Th 7s]
97c99962: folds
Hero: folds
64c81908: folds
7ca1c77a: folds
a6727e7a: folds
Uncalled bet ($0.05) returned to d03535e1
*** SHOWDOWN ***
d03535e1 collected $0.1 from pot
*** SUMMARY ***
Total pot $0.1 | Rake $0 | Jackpot $0 | Bingo $0 | Fortune $0 | Tax $0
Seat 1: 64c81908 folded before Flop (didn't bet)
Seat 2: 7ca1c77a (button) folded before Flop (didn't bet)
Seat 3: a6727e7a (small blind) folded before Flop
Seat 4: d03535e1 (big blind) collected ($0.1)
Seat 5: 97c99962 folded before Flop (didn't bet)
Seat 6: Hero folded before Flop (didn't bet)


Poker Hand #HD1788682643: Hold'em No Limit ($0.05/$0.1) - 2024/05/26 18:08:53
Table 'NLHRed19' 6-max Seat #1 is the button
Seat 1: 64c81908 ($18.35 in chips)
Seat 2: 7ca1c77a ($17.32 in chips)
Seat 3: a6727e7a ($10 in chips)
Seat 4: d03535e1 ($11.26 in chips)
Seat 5: 97c99962 ($10.89 in chips)
Seat 6: Hero ($10 in chips)
7ca1c77a: posts small blind $0.05
a6727e7a: posts big blind $0.1
*** HOLE CARDS ***
Dealt to 64c81908 
Dealt to 7ca1c77a 
Dealt to a6727e7a 
Dealt to d03535e1 
Dealt to 97c99962 
Dealt to Hero [2h 2s]
d03535e1: folds
97c99962: folds
Hero: folds
64c81908: raises $0.1 to $0.2
7ca1c77a: raises $0.8 to $1
a6727e7a: folds
64c81908: raises $2.1 to $3.1
7ca1c77a: folds
Uncalled bet ($2.1) returned to 64c81908
*** SHOWDOWN ***
64c81908 collected $2 from pot
*** SUMMARY ***
Total pot $2.1 | Rake $0.1 | Jackpot $0 | Bingo $0 | Fortune $0 | Tax $0
Seat 1: 64c81908 (button) collected ($2)
Seat 2: 7ca1c77a (small blind) folded before Flop
Seat 3: a6727e7a (big blind) folded before Flop
Seat 4: d03535e1 folded before Flop (didn't bet)
Seat 5: 97c99962 folded before Flop (didn't bet)
Seat 6: Hero folded before Flop (didn't bet)


Poker Hand #HD1788682624: Hold'em No Limit ($0.05/$0.1) - 2024/05/26 18:08:42
Table 'NLHRed19' 6-max Seat #6 is the button
Seat 1: 64c81908 ($18.4 in chips)
Seat 2: 7ca1c77a ($17.42 in chips)
Seat 4: d03535e1 ($11.26 in chips)
Seat 5: 97c99962 ($10.74 in chips)
Seat 6: Hero ($10 in chips)
64c81908: posts small blind $0.05
7ca1c77a: posts big blind $0.1
*** HOLE CARDS ***
Dealt to 64c81908 
Dealt to 7ca1c77a 
Dealt to d03535e1 
Dealt to 97c99962 
Dealt to Hero [9h 5d]
d03535e1: folds
97c99962: raises $0.13 to $0.23
Hero: folds
64c81908: folds
7ca1c77a: folds
Uncalled bet ($0.13) returned to 97c99962
*** SHOWDOWN ***
97c99962 collected $0.25 from pot
*** SUMMARY ***
Total pot $0.25 | Rake $0 | Jackpot $0 | Bingo $0 | Fortune $0 | Tax $0
Seat 1: 64c81908 (small blind) folded before Flop
Seat 2: 7ca1c77a (big blind) folded before Flop
Seat 4: d03535e1 folded before Flop (didn't bet)
Seat 5: 97c99962 collected ($0.25)
Seat 6: Hero (button) folded before Flop (didn't bet)


Poker Hand #HD1788682581: Hold'em No Limit ($0.05/$0.1) - 2024/05/26 18:08:13
Table 'NLHRed19' 6-max Seat #5 is the button
Seat 1: 64c81908 ($18.5 in chips)
Seat 2: 7ca1c77a ($17.42 in chips)
Seat 4: d03535e1 ($10.26 in chips)
Seat 5: 97c99962 ($10.74 in chips)
Seat 6: Hero ($10.05 in chips)
Hero: posts small blind $0.05
64c81908: posts big blind $0.1
*** HOLE CARDS ***
Dealt to 64c81908 
Dealt to 7ca1c77a 
Dealt to d03535e1 
Dealt to 97c99962 
Dealt to Hero [8s 8c]
7ca1c77a: folds
d03535e1: raises $0.12 to $0.22
97c99962: folds
Hero: raises $0.78 to $1
64c81908: folds
d03535e1: raises $1.5 to $2.5
Hero: folds
Uncalled bet ($1.5) returned to d03535e1
*** SHOWDOWN ***
d03535e1 collected $2 from pot
*** SUMMARY ***
Total pot $2.1 | Rake $0.1 | Jackpot $0 | Bingo $0 | Fortune $0 | Tax $0
Seat 1: 64c81908 (big blind) folded before Flop
Seat 2: 7ca1c77a folded before Flop (didn't bet)
Seat 4: d03535e1 collected ($2)
Seat 5: 97c99962 (button) folded before Flop (didn't bet)
Seat 6: Hero (small blind) folded before Flop


Poker Hand #HD1788682537: Hold'em No Limit ($0.05/$0.1) - 2024/05/26 18:07:49
Table 'NLHRed19' 6-max Seat #4 is the button
Seat 1: 64c81908 ($18.5 in chips)
Seat 2: 7ca1c77a ($17.42 in chips)
Seat 4: d03535e1 ($10.26 in chips)
Seat 5: 97c99962 ($10.79 in chips)
Seat 6: Hero ($10 in chips)
97c99962: posts small blind $0.05
Hero: posts big blind $0.1
*** HOLE CARDS ***
Dealt to 64c81908 
Dealt to 7ca1c77a 
Dealt to d03535e1 
Dealt to 97c99962 
Dealt to Hero [Qc Tc]
64c81908: folds
7ca1c77a: folds
d03535e1: folds
97c99962: folds
Uncalled bet ($0.05) returned to Hero
*** SHOWDOWN ***
Hero collected $0.1 from pot
*** SUMMARY ***
Total pot $0.1 | Rake $0 | Jackpot $0 | Bingo $0 | Fortune $0 | Tax $0
Seat 1: 64c81908 folded before Flop (didn't bet)
Seat 2: 7ca1c77a folded before Flop (didn't bet)
Seat 4: d03535e1 (button) folded before Flop (didn't bet)
Seat 5: 97c99962 (small blind) folded before Flop
Seat 6: Hero (big blind) collected ($0.1)


Poker Hand #HD1788682518: Hold'em No Limit ($0.05/$0.1) - 2024/05/26 18:07:37
Table 'NLHRed19' 6-max Seat #2 is the button
Seat 1: 64c81908 ($18.5 in chips)
Seat 2: 7ca1c77a ($17.42 in chips)
Seat 4: d03535e1 ($10.31 in chips)
Seat 5: 97c99962 ($10.74 in chips)
Seat 6: Hero ($10 in chips)
d03535e1: posts small blind $0.05
97c99962: posts big blind $0.1
*** HOLE CARDS ***
Dealt to 64c81908 
Dealt to 7ca1c77a 
Dealt to d03535e1 
Dealt to 97c99962 
Dealt to Hero [2h 4d]
Hero: folds
64c81908: folds
7ca1c77a: folds
d03535e1: folds
Uncalled bet ($0.05) returned to 97c99962
*** SHOWDOWN ***
97c99962 collected $0.1 from pot
*** SUMMARY ***
Total pot $0.1 | Rake $0 | Jackpot $0 | Bingo $0 | Fortune $0 | Tax $0
Seat 1: 64c81908 folded before Flop (didn't bet)
Seat 2: 7ca1c77a (button) folded before Flop (didn't bet)
Seat 4: d03535e1 (small blind) folded before Flop
Seat 5: 97c99962 (big blind) collected ($0.1)
Seat 6: Hero folded before Flop (didn't bet)


Poker Hand #HD1788682448: Hold'em No Limit ($0.05/$0.1) - 2024/05/26 18:06:54
Table 'NLHRed19' 6-max Seat #1 is the button
Seat 1: 64c81908 ($18.5 in chips)
Seat 2: 7ca1c77a ($17.15 in chips)
Seat 3: d9fca880 ($15.22 in chips)
Seat 4: d03535e1 ($10.31 in chips)
Seat 5: 97c99962 ($10.74 in chips)
Seat 6: Hero ($10 in chips)
7ca1c77a: posts small blind $0.05
d9fca880: posts big blind $0.1
*** HOLE CARDS ***
Dealt to 64c81908 
Dealt to 7ca1c77a 
Dealt to d9fca880 
Dealt to d03535e1 
Dealt to 97c99962 
Dealt to Hero [6d 4d]
d03535e1: folds
97c99962: folds
Hero: folds
64c81908: folds
7ca1c77a: raises $0.2 to $0.3
d9fca880: calls $0.2
*** FLOP *** [Td 3h Qd]
7ca1c77a: checks
d9fca880: checks
*** TURN *** [Td 3h Qd] [Th]
7ca1c77a: bets $0.4
d9fca880: folds
Uncalled bet ($0.4) returned to 7ca1c77a
*** SHOWDOWN ***
7ca1c77a collected $0.57 from pot
*** SUMMARY ***
Total pot $0.6 | Rake $0.03 | Jackpot $0 | Bingo $0 | Fortune $0 | Tax $0
Board [Td 3h Qd Th]
Seat 1: 64c81908 (button) folded before Flop (didn't bet)
Seat 2: 7ca1c77a (small blind) won ($0.57)
Seat 3: d9fca880 (big blind) folded on the Turn
Seat 4: d03535e1 folded before Flop (didn't bet)
Seat 5: 97c99962 folded before Flop (didn't bet)
Seat 6: Hero folded before Flop (didn't bet)


Poker Hand #HD1788682396: Hold'em No Limit ($0.05/$0.1) - 2024/05/26 18:06:21
Table 'NLHRed19' 6-max Seat #6 is the button
Seat 1: 64c81908 ($17.66 in chips)
Seat 2: 7ca1c77a ($17.25 in chips)
Seat 3: d9fca880 ($15.22 in chips)
Seat 4: d03535e1 ($10.31 in chips)
Seat 5: 97c99962 ($10.74 in chips)
Seat 6: Hero ($10 in chips)
64c81908: posts small blind $0.05
7ca1c77a: posts big blind $0.1
*** HOLE CARDS ***
Dealt to 64c81908 
Dealt to 7ca1c77a 
Dealt to d9fca880 
Dealt to d03535e1 
Dealt to 97c99962 
Dealt to Hero [Qh Jh]
d9fca880: folds
d03535e1: folds
97c99962: folds
Hero: raises $0.14 to $0.24
64c81908: raises $0.58 to $0.82
7ca1c77a: folds
Hero: calls $0.58
*** FLOP *** [5d 3c Ks]
64c81908: bets $1.31
Hero: folds
Uncalled bet ($1.31) returned to 64c81908
*** SHOWDOWN ***
64c81908 collected $1.66 from pot
*** SUMMARY ***
Total pot $1.74 | Rake $0.08 | Jackpot $0 | Bingo $0 | Fortune $0 | Tax $0
Board [5d 3c Ks]
Seat 1: 64c81908 (small blind) won ($1.66)
Seat 2: 7ca1c77a (big blind) folded before Flop
Seat 3: d9fca880 folded before Flop (didn't bet)
Seat 4: d03535e1 folded before Flop (didn't bet)
Seat 5: 97c99962 folded before Flop (didn't bet)
Seat 6: Hero (button) folded on the Flop


Poker Hand #HD1788682354: Hold'em No Limit ($0.05/$0.1) - 2024/05/26 18:05:55
Table 'NLHRed19' 6-max Seat #5 is the button
Seat 1: 64c81908 ($16.62 in chips)
Seat 2: 7ca1c77a ($18.35 in chips)
Seat 3: d9fca880 ($15.22 in chips)
Seat 4: d03535e1 ($10.31 in chips)
Seat 5: 97c99962 ($10.74 in chips)
Seat 6: Hero ($10.05 in chips)
Hero: posts small blind $0.05
64c81908: posts big blind $0.1
*** HOLE CARDS ***
Dealt to 64c81908 
Dealt to 7ca1c77a 
Dealt to d9fca880 
Dealt to d03535e1 
Dealt to 97c99962 
Dealt to Hero [3d As]
7ca1c77a: raises $0.25 to $0.35
d9fca880: folds
d03535e1: folds
97c99962: folds
Hero: folds
64c81908: raises $0.75 to $1.1
7ca1c77a: calls $0.75
*** FLOP *** [5s 7c Ad]
64c81908: bets $1.13
7ca1c77a: folds
Uncalled bet ($1.13) returned to 64c81908
64c81908: shows [Ks Ah] (Pair of Aces)
*** SHOWDOWN ***
64c81908 collected $2.14 from pot
*** SUMMARY ***
Total pot $2.25 | Rake $0.11 | Jackpot $0 | Bingo $0 | Fortune $0 | Tax $0
Board [5s 7c Ad]
Seat 1: 64c81908 (big blind) showed [Ks Ah] and won ($2.14)
Seat 2: 7ca1c77a folded on the Flop
Seat 3: d9fca880 folded before Flop (didn't bet)
Seat 4: d03535e1 folded before Flop (didn't bet)
Seat 5: 97c99962 (button) folded before Flop (didn't bet)
Seat 6: Hero (small blind) folded before Flop


Poker Hand #HD1788682301: Hold'em No Limit ($0.05/$0.1) - 2024/05/26 18:05:25
Table 'NLHRed19' 6-max Seat #4 is the button
Seat 1: 64c81908 ($16.62 in chips)
Seat 2: 7ca1c77a ($18.35 in chips)
Seat 3: d9fca880 ($15.45 in chips)
Seat 4: d03535e1 ($10.31 in chips)
Seat 5: 97c99962 ($10.43 in chips)
Seat 6: Hero ($10.15 in chips)
97c99962: posts small blind $0.05
Hero: posts big blind $0.1
*** HOLE CARDS ***
Dealt to 64c81908 
Dealt to 7ca1c77a 
Dealt to d9fca880 
Dealt to d03535e1 
Dealt to 97c99962 
Dealt to Hero [4d Kh]
64c81908: folds
7ca1c77a: folds
d9fca880: raises $0.13 to $0.23
d03535e1: folds
97c99962: raises $0.87 to $1.1
Hero: folds
d9fca880: folds
Uncalled bet ($0.87) returned to 97c99962
*** SHOWDOWN ***
97c99962 collected $0.54 from pot
*** SUMMARY ***
Total pot $0.56 | Rake $0.02 | Jackpot $0 | Bingo $0 | Fortune $0 | Tax $0
Seat 1: 64c81908 folded before Flop (didn't bet)
Seat 2: 7ca1c77a folded before Flop (didn't bet)
Seat 3: d9fca880 folded before Flop
Seat 4: d03535e1 (button) folded before Flop (didn't bet)
Seat 5: 97c99962 (small blind) collected ($0.54)
Seat 6: Hero (big blind) folded before Flop


Poker Hand #HD1788682275: Hold'em No Limit ($0.05/$0.1) - 2024/05/26 18:05:03
Table 'NLHRed19' 6-max Seat #3 is the button
Seat 1: 64c81908 ($16.62 in chips)
Seat 2: 7ca1c77a ($18.35 in chips)
Seat 3: d9fca880 ($15.45 in chips)
Seat 4: d03535e1 ($10.36 in chips)
Seat 5: 97c99962 ($10.53 in chips)
Seat 6: Hero ($10 in chips)
d03535e1: posts small blind $0.05
97c99962: posts big blind $0.1
*** HOLE CARDS ***
Dealt to 64c81908 
Dealt to 7ca1c77a 
Dealt to d9fca880 
Dealt to d03535e1 
Dealt to 97c99962 
Dealt to Hero [As Kd]
Hero: raises $0.1 to $0.2
64c81908: folds
7ca1c77a: folds
d9fca880: folds
d03535e1: folds
97c99962: folds
Uncalled bet ($0.1) returned to Hero
*** SHOWDOWN ***
Hero collected $0.25 from pot
*** SUMMARY ***
Total pot $0.25 | Rake $0 | Jackpot $0 | Bingo $0 | Fortune $0 | Tax $0
Seat 1: 64c81908 folded before Flop (didn't bet)
Seat 2: 7ca1c77a folded before Flop (didn't bet)
Seat 3: d9fca880 (button) folded before Flop (didn't bet)
Seat 4: d03535e1 (small blind) folded before Flop
Seat 5: 97c99962 (big blind) folded before Flop
Seat 6: Hero collected ($0.25)


Poker Hand #HD1788682150: Hold'em No Limit ($0.05/$0.1) - 2024/05/26 18:03:48
Table 'NLHRed19' 6-max Seat #2 is the button
Seat 1: 64c81908 ($15.24 in chips)
Seat 2: 7ca1c77a ($19.83 in chips)
Seat 3: d9fca880 ($15.5 in chips)
Seat 4: d03535e1 ($10.46 in chips)
Seat 5: 97c99962 ($10.53 in chips)
Seat 6: Hero ($10 in chips)
d9fca880: posts small blind $0.05
d03535e1: posts big blind $0.1
*** HOLE CARDS ***
Dealt to 64c81908 
Dealt to 7ca1c77a 
Dealt to d9fca880 
Dealt to d03535e1 
Dealt to 97c99962 
Dealt to Hero [2d Kc]
97c99962: folds
Hero: folds
64c81908: raises $0.1 to $0.2
7ca1c77a: raises $0.5 to $0.7
d9fca880: folds
d03535e1: folds
64c81908: calls $0.5
*** FLOP *** [5d 9d 9s]
64c81908: bets $0.78
7ca1c77a: calls $0.78
*** TURN *** [5d 9d 9s] [8d]
64c81908: bets $2.34
7ca1c77a: folds
Uncalled bet ($2.34) returned to 64c81908
*** SHOWDOWN ***
64c81908 collected $2.86 from pot
*** SUMMARY ***
Total pot $3.11 | Rake $0.15 | Jackpot $0.1 | Bingo $0 | Fortune $0 | Tax $0
Board [5d 9d 9s 8d]
Seat 1: 64c81908 won ($2.86)
Seat 2: 7ca1c77a (button) folded on the Turn
Seat 3: d9fca880 (small blind) folded before Flop
Seat 4: d03535e1 (big blind) folded before Flop
Seat 5: 97c99962 folded before Flop (didn't bet)
Seat 6: Hero folded before Flop (didn't bet)


Poker Hand #HD1788682130: Hold'em No Limit ($0.05/$0.1) - 2024/05/26 18:03:34
Table 'NLHRed19' 6-max Seat #1 is the button
Seat 1: 64c81908 ($15.24 in chips)
Seat 2: 7ca1c77a ($19.88 in chips)
Seat 3: d9fca880 ($15.45 in chips)
Seat 4: d03535e1 ($10.46 in chips)
Seat 5: 97c99962 ($10.53 in chips)
Seat 6: Hero ($10 in chips)
7ca1c77a: posts small blind $0.05
d9fca880: posts big blind $0.1
*** HOLE CARDS ***
Dealt to 64c81908 
Dealt to 7ca1c77a 
Dealt to d9fca880 
Dealt to d03535e1 
Dealt to 97c99962 
Dealt to Hero [Kh 7c]
d03535e1: folds
97c99962: folds
Hero: folds
64c81908: folds
7ca1c77a: folds
Uncalled bet ($0.05) returned to d9fca880
*** SHOWDOWN ***
d9fca880 collected $0.1 from pot
*** SUMMARY ***
Total pot $0.1 | Rake $0 | Jackpot $0 | Bingo $0 | Fortune $0 | Tax $0
Seat 1: 64c81908 (button) folded before Flop (didn't bet)
Seat 2: 7ca1c77a (small blind) folded before Flop
Seat 3: d9fca880 (big blind) collected ($0.1)
Seat 4: d03535e1 folded before Flop (didn't bet)
Seat 5: 97c99962 folded before Flop (didn't bet)
Seat 6: Hero folded before Flop (didn't bet)


Poker Hand #HD1788682092: Hold'em No Limit ($0.05/$0.1) - 2024/05/26 18:03:11
Table 'NLHRed19' 6-max Seat #6 is the button
Seat 1: 64c81908 ($15.29 in chips)
Seat 2: 7ca1c77a ($19.98 in chips)
Seat 3: d9fca880 ($15.45 in chips)
Seat 4: d03535e1 ($10.31 in chips)
Seat 5: 97c99962 ($10.53 in chips)
Seat 6: Hero ($10 in chips)
64c81908: posts small blind $0.05
7ca1c77a: posts big blind $0.1
*** HOLE CARDS ***
Dealt to 64c81908 
Dealt to 7ca1c77a 
Dealt to d9fca880 
Dealt to d03535e1 
Dealt to 97c99962 
Dealt to Hero [Ah 5h]
d9fca880: folds
d03535e1: raises $0.12 to $0.22
97c99962: folds
Hero: folds
64c81908: folds
7ca1c77a: folds
Uncalled bet ($0.12) returned to d03535e1
*** SHOWDOWN ***
d03535e1 collected $0.25 from pot
*** SUMMARY ***
Total pot $0.25 | Rake $0 | Jackpot $0 | Bingo $0 | Fortune $0 | Tax $0
Seat 1: 64c81908 (small blind) folded before Flop
Seat 2: 7ca1c77a (big blind) folded before Flop
Seat 3: d9fca880 folded before Flop (didn't bet)
Seat 4: d03535e1 collected ($0.25)
Seat 5: 97c99962 folded before Flop (didn't bet)
Seat 6: Hero (button) folded before Flop (didn't bet)


Poker Hand #HD1788682008: Hold'em No Limit ($0.05/$0.1) - 2024/05/26 18:02:28
Table 'NLHRed19' 6-max Seat #5 is the button
Seat 1: 64c81908 ($15.82 in chips)
Seat 2: 7ca1c77a ($19.98 in chips)
Seat 3: d9fca880 ($15.45 in chips)
Seat 4: d03535e1 ($10.31 in chips)
Seat 5: 97c99962 ($10 in chips)
Seat 6: Hero ($10 in chips)
Hero: posts small blind $0.05
64c81908: posts big blind $0.1
*** HOLE CARDS ***
Dealt to 64c81908 
Dealt to 7ca1c77a 
Dealt to d9fca880 
Dealt to d03535e1 
Dealt to 97c99962 
Dealt to Hero [5s 8c]
7ca1c77a: folds
d9fca880: folds
d03535e1: folds
97c99962: raises $0.15 to $0.25
Hero: folds
64c81908: calls $0.15
*** FLOP *** [8d 7s 6c]
64c81908: checks
97c99962: checks
*** TURN *** [8d 7s 6c] [2s]
64c81908: bets $0.28
97c99962: calls $0.28
*** RIVER *** [8d 7s 6c 2s] [7h]
64c81908: checks
97c99962: checks
64c81908: shows [5d Ac] (Pair of Sevens)
97c99962: shows [5h 5c] (Pair of Sevens and Pair of Fives)
*** SHOWDOWN ***
97c99962 collected $1.06 from pot
*** SUMMARY ***
Total pot $1.11 | Rake $0.05 | Jackpot $0 | Bingo $0 | Fortune $0 | Tax $0
Board [8d 7s 6c 2s 7h]
Seat 1: 64c81908 (big blind) showed [5d Ac] and lost with Pair of Sevens
Seat 2: 7ca1c77a folded before Flop (didn't bet)
Seat 3: d9fca880 folded before Flop (didn't bet)
Seat 4: d03535e1 folded before Flop (didn't bet)
Seat 5: 97c99962 (button) showed [5h 5c] and won ($1.06) with Pair of Sevens and Pair of Fives
Seat 6: Hero (small blind) folded before Flop


Poker Hand #HD1788681988: Hold'em No Limit ($0.05/$0.1) - 2024/05/26 18:02:15
Table 'NLHRed19' 6-max Seat #4 is the button
Seat 1: 64c81908 ($15.82 in chips)
Seat 2: 7ca1c77a ($19.98 in chips)
Seat 3: d9fca880 ($15.45 in chips)
Seat 4: d03535e1 ($10.16 in chips)
Seat 5: 97c99962 ($10 in chips)
Seat 6: Hero ($10 in chips)
97c99962: posts small blind $0.05
Hero: posts big blind $0.1
*** HOLE CARDS ***
Dealt to 64c81908 
Dealt to 7ca1c77a 
Dealt to d9fca880 
Dealt to d03535e1 
Dealt to 97c99962 
Dealt to Hero [9c 8s]
64c81908: folds
7ca1c77a: folds
d9fca880: folds
d03535e1: raises $0.12 to $0.22
97c99962: folds
Hero: folds
Uncalled bet ($0.12) returned to d03535e1
*** SHOWDOWN ***
d03535e1 collected $0.25 from pot
*** SUMMARY ***
Total pot $0.25 | Rake $0 | Jackpot $0 | Bingo $0 | Fortune $0 | Tax $0
Seat 1: 64c81908 folded before Flop (didn't bet)
Seat 2: 7ca1c77a folded before Flop (didn't bet)
Seat 3: d9fca880 folded before Flop (didn't bet)
Seat 4: d03535e1 (button) collected ($0.25)
Seat 5: 97c99962 (small blind) folded before Flop
Seat 6: Hero (big blind) folded before Flop


Poker Hand #HD1788681921: Hold'em No Limit ($0.05/$0.1) - 2024/05/26 18:01:43
Table 'NLHRed19' 6-max Seat #3 is the button
Seat 1: 64c81908 ($15.82 in chips)
Seat 2: 7ca1c77a ($20.23 in chips)
Seat 3: d9fca880 ($15.08 in chips)
Seat 4: d03535e1 ($10.21 in chips)
Seat 5: 97c99962 ($10 in chips)
Seat 6: Hero ($10 in chips)
d03535e1: posts small blind $0.05
97c99962: posts big blind $0.1
*** HOLE CARDS ***
Dealt to 64c81908 
Dealt to 7ca1c77a 
Dealt to d9fca880 
Dealt to d03535e1 
Dealt to 97c99962 
Dealt to Hero [8h 6s]
Hero: folds
64c81908: folds
7ca1c77a: raises $0.15 to $0.25
d9fca880: raises $0.49 to $0.74
d03535e1: folds
97c99962: folds
7ca1c77a: folds
Uncalled bet ($0.49) returned to d9fca880
*** SHOWDOWN ***
d9fca880 collected $0.62 from pot
*** SUMMARY ***
Total pot $0.65 | Rake $0.03 | Jackpot $0 | Bingo $0 | Fortune $0 | Tax $0
Seat 1: 64c81908 folded before Flop (didn't bet)
Seat 2: 7ca1c77a folded before Flop
Seat 3: d9fca880 (button) collected ($0.62)
Seat 4: d03535e1 (small blind) folded before Flop
Seat 5: 97c99962 (big blind) folded before Flop
Seat 6: Hero folded before Flop (didn't bet)


Poker Hand #HD1788681876: Hold'em No Limit ($0.05/$0.1) - 2024/05/26 18:01:17
Table 'NLHRed19' 6-max Seat #2 is the button
Seat 1: 64c81908 ($15.82 in chips)
Seat 2: 7ca1c77a ($20.23 in chips)
Seat 3: d9fca880 ($14.98 in chips)
Seat 4: d03535e1 ($10.31 in chips)
Seat 5: 97c99962 ($10 in chips)
Seat 6: Hero ($10 in chips)
d9fca880: posts small blind $0.05
d03535e1: posts big blind $0.1
*** HOLE CARDS ***
Dealt to 64c81908 
Dealt to 7ca1c77a 
Dealt to d9fca880 
Dealt to d03535e1 
Dealt to 97c99962 
Dealt to Hero [2s 7d]
97c99962: folds
Hero: folds
64c81908: folds
7ca1c77a: folds
d9fca880: raises $0.2 to $0.3
d03535e1: folds
Uncalled bet ($0.2) returned to d9fca880
*** SHOWDOWN ***
d9fca880 collected $0.2 from pot
*** SUMMARY ***
Total pot $0.2 | Rake $0 | Jackpot $0 | Bingo $0 | Fortune $0 | Tax $0
Seat 1: 64c81908 folded before Flop (didn't bet)
Seat 2: 7ca1c77a (button) folded before Flop (didn't bet)
Seat 3: d9fca880 (small blind) collected ($0.2)
Seat 4: d03535e1 (big blind) folded before Flop
Seat 5: 97c99962 folded before Flop (didn't bet)
Seat 6: Hero folded before Flop (didn't bet)


Poker Hand #HD1788681850: Hold'em No Limit ($0.05/$0.1) - 2024/05/26 18:01:00
Table 'NLHRed19' 6-max Seat #1 is the button
Seat 1: 64c81908 ($15.82 in chips)
Seat 2: 7ca1c77a ($20.28 in chips)
Seat 3: d9fca880 ($15.08 in chips)
Seat 4: d03535e1 ($10.16 in chips)
Seat 5: 97c99962 ($10 in chips)
Seat 6: Hero ($10 in chips)
7ca1c77a: posts small blind $0.05
d9fca880: posts big blind $0.1
*** HOLE CARDS ***
Dealt to 64c81908 
Dealt to 7ca1c77a 
Dealt to d9fca880 
Dealt to d03535e1 
Dealt to 97c99962 
Dealt to Hero [Qs 8s]
d03535e1: raises $0.12 to $0.22
97c99962: folds
Hero: folds
64c81908: folds
7ca1c77a: folds
d9fca880: folds
Uncalled bet ($0.12) returned to d03535e1
*** SHOWDOWN ***
d03535e1 collected $0.25 from pot
*** SUMMARY ***
Total pot $0.25 | Rake $0 | Jackpot $0 | Bingo $0 | Fortune $0 | Tax $0
Seat 1: 64c81908 (button) folded before Flop (didn't bet)
Seat 2: 7ca1c77a (small blind) folded before Flop
Seat 3: d9fca880 (big blind) folded before Flop
Seat 4: d03535e1 collected ($0.25)
Seat 5: 97c99962 folded before Flop (didn't bet)
Seat 6: Hero folded before Flop (didn't bet)


Poker Hand #HD1788681777: Hold'em No Limit ($0.05/$0.1) - 2024/05/26 18:00:13
Table 'NLHRed19' 6-max Seat #6 is the button
Seat 1: 64c81908 ($15.87 in chips)
Seat 2: 7ca1c77a ($20.02 in chips)
Seat 3: d9fca880 ($15.08 in chips)
Seat 4: d03535e1 ($10.16 in chips)
Seat 5: 97c99962 ($10 in chips)
Seat 6: Hero ($10 in chips)
64c81908: posts small blind $0.05
7ca1c77a: posts big blind $0.1
*** HOLE CARDS ***
Dealt to 64c81908 
Dealt to 7ca1c77a 
Dealt to d9fca880 
Dealt to d03535e1 
Dealt to 97c99962 
Dealt to Hero [7d 9c]
d9fca880: folds
d03535e1: folds
97c99962: raises $0.13 to $0.23
Hero: folds
64c81908: folds
7ca1c77a: calls $0.13
*** FLOP *** [2h Js 8d]
7ca1c77a: checks
97c99962: checks
*** TURN *** [2h Js 8d] [Jd]
7ca1c77a: bets $0.4
97c99962: folds
Uncalled bet ($0.4) returned to 7ca1c77a
*** SHOWDOWN ***
7ca1c77a collected $0.49 from pot
*** SUMMARY ***
Total pot $0.51 | Rake $0.02 | Jackpot $0 | Bingo $0 | Fortune $0 | Tax $0
Board [2h Js 8d Jd]
Seat 1: 64c81908 (small blind) folded before Flop
Seat 2: 7ca1c77a (big blind) won ($0.49)
Seat 3: d9fca880 folded before Flop (didn't bet)
Seat 4: d03535e1 folded before Flop (didn't bet)
Seat 5: 97c99962 folded on the Turn
Seat 6: Hero (button) folded before Flop (didn't bet)


Poker Hand #HD1788681760: Hold'em No Limit ($0.05/$0.1) - 2024/05/26 18:00:04
Table 'NLHRed19' 6-max Seat #5 is the button
Seat 1: 64c81908 ($15.82 in chips)
Seat 2: 7ca1c77a ($20.02 in chips)
Seat 3: d9fca880 ($15.08 in chips)
Seat 4: d03535e1 ($10.16 in chips)
Seat 5: 97c99962 ($10 in chips)
Seat 6: Hero ($10 in chips)
Hero: posts small blind $0.05
64c81908: posts big blind $0.1
*** HOLE CARDS ***
Dealt to 64c81908 
Dealt to 7ca1c77a 
Dealt to d9fca880 
Dealt to d03535e1 
Dealt to 97c99962 
Dealt to Hero [Ts 4s]
7ca1c77a: folds
d9fca880: folds
d03535e1: folds
97c99962: folds
Hero: folds
Uncalled bet ($0.05) returned to 64c81908
*** SHOWDOWN ***
64c81908 collected $0.1 from pot
*** SUMMARY ***
Total pot $0.1 | Rake $0 | Jackpot $0 | Bingo $0 | Fortune $0 | Tax $0
Seat 1: 64c81908 (big blind) collected ($0.1)
Seat 2: 7ca1c77a folded before Flop (didn't bet)
Seat 3: d9fca880 folded before Flop (didn't bet)
Seat 4: d03535e1 folded before Flop (didn't bet)
Seat 5: 97c99962 (button) folded before Flop (didn't bet)
Seat 6: Hero (small blind) folded before Flop


Poker Hand #HD1788681728: Hold'em No Limit ($0.05/$0.1) - 2024/05/26 17:59:52
Table 'NLHRed19' 6-max Seat #4 is the button
Seat 1: 64c81908 ($15.82 in chips)
Seat 2: 7ca1c77a ($20.02 in chips)
Seat 3: d9fca880 ($14.93 in chips)
Seat 4: d03535e1 ($10.16 in chips)
Seat 5: 97c99962 ($10 in chips)
Seat 6: Hero ($10 in chips)
97c99962: posts small blind $0.05
Hero: posts big blind $0.1
*** HOLE CARDS ***
Dealt to 64c81908 
Dealt to 7ca1c77a 
Dealt to d9fca880 
Dealt to d03535e1 
Dealt to 97c99962 
Dealt to Hero [6h 4d]
64c81908: folds
7ca1c77a: folds
d9fca880: raises $0.13 to $0.23
d03535e1: folds
97c99962: folds
Hero: folds
Uncalled bet ($0.13) returned to d9fca880
*** SHOWDOWN ***
d9fca880 collected $0.25 from pot
*** SUMMARY ***
Total pot $0.25 | Rake $0 | Jackpot $0 | Bingo $0 | Fortune $0 | Tax $0
Seat 1: 64c81908 folded before Flop (didn't bet)
Seat 2: 7ca1c77a folded before Flop (didn't bet)
Seat 3: d9fca880 collected ($0.25)
Seat 4: d03535e1 (button) folded before Flop (didn't bet)
Seat 5: 97c99962 (small blind) folded before Flop
Seat 6: Hero (big blind) folded before Flop


Poker Hand #HD1788681673: Hold'em No Limit ($0.05/$0.1) - 2024/05/26 17:59:22
Table 'NLHRed19' 6-max Seat #3 is the button
Seat 1: 64c81908 ($15.49 in chips)
Seat 2: 7ca1c77a ($20.02 in chips)
Seat 3: d9fca880 ($14.93 in chips)
Seat 4: d03535e1 ($10.21 in chips)
Seat 5: 97c99962 ($10 in chips)
Seat 6: Hero ($10 in chips)
d03535e1: posts small blind $0.05
97c99962: posts big blind $0.1
*** HOLE CARDS ***
Dealt to 64c81908 
Dealt to 7ca1c77a 
Dealt to d9fca880 
Dealt to d03535e1 
Dealt to 97c99962 
Dealt to Hero [Jd 8d]
Hero: raises $0.1 to $0.2
64c81908: calls $0.2
7ca1c77a: folds
d9fca880: folds
d03535e1: folds
97c99962: folds
*** FLOP *** [7s As Qc]
Hero: checks
64c81908: bets $0.42
Hero: folds
Uncalled bet ($0.42) returned to 64c81908
*** SHOWDOWN ***
64c81908 collected $0.53 from pot
*** SUMMARY ***
Total pot $0.55 | Rake $0.02 | Jackpot $0 | Bingo $0 | Fortune $0 | Tax $0
Board [7s As Qc]
Seat 1: 64c81908 won ($0.53)
Seat 2: 7ca1c77a folded before Flop (didn't bet)
Seat 3: d9fca880 (button) folded before Flop (didn't bet)
Seat 4: d03535e1 (small blind) folded before Flop
Seat 5: 97c99962 (big blind) folded before Flop
Seat 6: Hero folded on the Flop


Poker Hand #HD1788681598: Hold'em No Limit ($0.05/$0.1) - 2024/05/26 17:58:37
Table 'NLHRed19' 6-max Seat #2 is the button
Seat 1: 64c81908 ($14.67 in chips)
Seat 2: 7ca1c77a ($20.02 in chips)
Seat 3: d9fca880 ($14.98 in chips)
Seat 4: d03535e1 ($10.31 in chips)
Seat 5: 97c99962 ($10 in chips)
Seat 6: Hero ($10 in chips)
d9fca880: posts small blind $0.05
d03535e1: posts big blind $0.1
*** HOLE CARDS ***
Dealt to 64c81908 
Dealt to 7ca1c77a 
Dealt to d9fca880 
Dealt to d03535e1 
Dealt to 97c99962 
Dealt to Hero [9d 9s]
97c99962: folds
Hero: raises $0.1 to $0.2
64c81908: raises $0.55 to $0.75
7ca1c77a: folds
d9fca880: folds
d03535e1: folds
Hero: calls $0.55
*** FLOP *** [4d 5h Tc]
Hero: checks
64c81908: checks
*** TURN *** [4d 5h Tc] [Kc]
Hero: checks
64c81908: checks
*** RIVER *** [4d 5h Tc Kc] [Jh]
Hero: checks
64c81908: bets $1.65
Hero: folds
Uncalled bet ($1.65) returned to 64c81908
*** SHOWDOWN ***
64c81908 collected $1.57 from pot
*** SUMMARY ***
Total pot $1.65 | Rake $0.08 | Jackpot $0 | Bingo $0 | Fortune $0 | Tax $0
Board [4d 5h Tc Kc Jh]
Seat 1: 64c81908 won ($1.57)
Seat 2: 7ca1c77a (button) folded before Flop (didn't bet)
Seat 3: d9fca880 (small blind) folded before Flop
Seat 4: d03535e1 (big blind) folded before Flop
Seat 5: 97c99962 folded before Flop (didn't bet)
Seat 6: Hero folded on the River


Poker Hand #HD1788681521: Hold'em No Limit ($0.05/$0.1) - 2024/05/26 17:57:52
Table 'NLHRed19' 6-max Seat #1 is the button
Seat 1: 64c81908 ($13.82 in chips)
Seat 2: 7ca1c77a ($20.07 in chips)
Seat 3: d9fca880 ($15.22 in chips)
Seat 4: d03535e1 ($10.31 in chips)
Seat 5: 97c99962 ($10 in chips)
Seat 6: Hero ($10 in chips)
7ca1c77a: posts small blind $0.05
d9fca880: posts big blind $0.1
*** HOLE CARDS ***
Dealt to 64c81908 
Dealt to 7ca1c77a 
Dealt to d9fca880 
Dealt to d03535e1 
Dealt to 97c99962 
Dealt to Hero [9s Qs]
d03535e1: folds
97c99962: folds
Hero: raises $0.14 to $0.24
64c81908: calls $0.24
7ca1c77a: folds
d9fca880: calls $0.14
*** FLOP *** [6c Kd 5s]
d9fca880: checks
Hero: checks
64c81908: bets $0.39
d9fca880: folds
Hero: calls $0.39
*** TURN *** [6c Kd 5s] [2d]
Hero: checks
64c81908: bets $1.55
Hero: folds
Uncalled bet ($1.55) returned to 64c81908
*** SHOWDOWN ***
64c81908 collected $1.48 from pot
*** SUMMARY ***
Total pot $1.55 | Rake $0.07 | Jackpot $0 | Bingo $0 | Fortune $0 | Tax $0
Board [6c Kd 5s 2d]
Seat 1: 64c81908 (button) won ($1.48)
Seat 2: 7ca1c77a (small blind) folded before Flop
Seat 3: d9fca880 (big blind) folded on the Flop
Seat 4: d03535e1 folded before Flop (didn't bet)
Seat 5: 97c99962 folded before Flop (didn't bet)
Seat 6: Hero folded on the Turn


Poker Hand #HD1788681492: Hold'em No Limit ($0.05/$0.1) - 2024/05/26 17:57:36
Table 'NLHRed19' 6-max Seat #6 is the button
Seat 1: 64c81908 ($13.87 in chips)
Seat 2: 7ca1c77a ($20.02 in chips)
Seat 3: d9fca880 ($15.22 in chips)
Seat 4: d03535e1 ($10.31 in chips)
Seat 5: 97c99962 ($10 in chips)
Seat 6: Hero ($10 in chips)
64c81908: posts small blind $0.05
7ca1c77a: posts big blind $0.1
*** HOLE CARDS ***
Dealt to 64c81908 
Dealt to 7ca1c77a 
Dealt to d9fca880 
Dealt to d03535e1 
Dealt to 97c99962 
Dealt to Hero [3d 9d]
d9fca880: folds
d03535e1: folds
97c99962: folds
Hero: folds
64c81908: folds
Uncalled bet ($0.05) returned to 7ca1c77a
*** SHOWDOWN ***
7ca1c77a collected $0.1 from pot
*** SUMMARY ***
Total pot $0.1 | Rake $0 | Jackpot $0 | Bingo $0 | Fortune $0 | Tax $0
Seat 1: 64c81908 (small blind) folded before Flop
Seat 2: 7ca1c77a (big blind) collected ($0.1)
Seat 3: d9fca880 folded before Flop (didn't bet)
Seat 4: d03535e1 folded before Flop (didn't bet)
Seat 5: 97c99962 folded before Flop (didn't bet)
Seat 6: Hero (button) folded before Flop (didn't bet)


Poker Hand #HD1788681429: Hold'em No Limit ($0.05/$0.1) - 2024/05/26 17:57:05
Table 'NLHRed19' 6-max Seat #5 is the button
Seat 1: 64c81908 ($13.33 in chips)
Seat 2: 7ca1c77a ($20.02 in chips)
Seat 3: d9fca880 ($15.22 in chips)
Seat 4: d03535e1 ($10.31 in chips)
Seat 5: 97c99962 ($10 in chips)
Seat 6: Hero ($10.13 in chips)
Hero: posts small blind $0.05
64c81908: posts big blind $0.1
*** HOLE CARDS ***
Dealt to 64c81908 
Dealt to 7ca1c77a 
Dealt to d9fca880 
Dealt to d03535e1 
Dealt to 97c99962 
Dealt to Hero [3d 3s]
7ca1c77a: folds
d9fca880: folds
d03535e1: folds
97c99962: folds
Hero: raises $0.2 to $0.3
64c81908: calls $0.2
*** FLOP *** [9s Td 4h]
Hero: bets $0.3
64c81908: raises $0.9 to $1.2
Hero: folds
Uncalled bet ($0.9) returned to 64c81908
*** SHOWDOWN ***
64c81908 collected $1.14 from pot
*** SUMMARY ***
Total pot $1.2 | Rake $0.06 | Jackpot $0 | Bingo $0 | Fortune $0 | Tax $0
Board [9s Td 4h]
Seat 1: 64c81908 (big blind) won ($1.14)
Seat 2: 7ca1c77a folded before Flop (didn't bet)
Seat 3: d9fca880 folded before Flop (didn't bet)
Seat 4: d03535e1 folded before Flop (didn't bet)
Seat 5: 97c99962 (button) folded before Flop (didn't bet)
Seat 6: Hero (small blind) folded on the Flop


Poker Hand #HD1788681363: Hold'em No Limit ($0.05/$0.1) - 2024/05/26 17:56:22
Table 'NLHRed19' 6-max Seat #4 is the button
Seat 1: 64c81908 ($13.95 in chips)
Seat 2: 7ca1c77a ($19.32 in chips)
Seat 3: d9fca880 ($15.22 in chips)
Seat 4: d03535e1 ($10.31 in chips)
Seat 5: 97c99962 ($10 in chips)
Seat 6: Hero ($10.23 in chips)
97c99962: posts small blind $0.05
Hero: posts big blind $0.1
*** HOLE CARDS ***
Dealt to 64c81908 
Dealt to 7ca1c77a 
Dealt to d9fca880 
Dealt to d03535e1 
Dealt to 97c99962 
Dealt to Hero [4h Ah]
64c81908: raises $0.1 to $0.2
7ca1c77a: raises $0.42 to $0.62
d9fca880: folds
d03535e1: folds
97c99962: folds
Hero: folds
64c81908: calls $0.42
*** FLOP *** [Qh 3c 5d]
64c81908: checks
7ca1c77a: bets $0.6
64c81908: folds
Uncalled bet ($0.6) returned to 7ca1c77a
*** SHOWDOWN ***
7ca1c77a collected $1.32 from pot
*** SUMMARY ***
Total pot $1.39 | Rake $0.07 | Jackpot $0 | Bingo $0 | Fortune $0 | Tax $0
Board [Qh 3c 5d]
Seat 1: 64c81908 folded on the Flop
Seat 2: 7ca1c77a won ($1.32)
Seat 3: d9fca880 folded before Flop (didn't bet)
Seat 4: d03535e1 (button) folded before Flop (didn't bet)
Seat 5: 97c99962 (small blind) folded before Flop
Seat 6: Hero (big blind) folded before Flop


Poker Hand #HD1788681343: Hold'em No Limit ($0.05/$0.1) - 2024/05/26 17:56:09
Table 'NLHRed19' 6-max Seat #3 is the button
Seat 1: 64c81908 ($13.95 in chips)
Seat 2: 7ca1c77a ($19.32 in chips)
Seat 3: d9fca880 ($15.07 in chips)
Seat 4: d03535e1 ($10.36 in chips)
Seat 5: 97c99962 ($10 in chips)
Seat 6: Hero ($10.23 in chips)
d03535e1: posts small blind $0.05
97c99962: posts big blind $0.1
*** HOLE CARDS ***
Dealt to 64c81908 
Dealt to 7ca1c77a 
Dealt to d9fca880 
Dealt to d03535e1 
Dealt to 97c99962 
Dealt to Hero [5c 9h]
Hero: folds
64c81908: folds
7ca1c77a: folds
d9fca880: raises $0.15 to $0.25
d03535e1: folds
97c99962: folds
Uncalled bet ($0.15) returned to d9fca880
*** SHOWDOWN ***
d9fca880 collected $0.25 from pot
*** SUMMARY ***
Total pot $0.25 | Rake $0 | Jackpot $0 | Bingo $0 | Fortune $0 | Tax $0
Seat 1: 64c81908 folded before Flop (didn't bet)
Seat 2: 7ca1c77a folded before Flop (didn't bet)
Seat 3: d9fca880 (button) collected ($0.25)
Seat 4: d03535e1 (small blind) folded before Flop
Seat 5: 97c99962 (big blind) folded before Flop
Seat 6: Hero folded before Flop (didn't bet)


Poker Hand #HD1788681293: Hold'em No Limit ($0.05/$0.1) - 2024/05/26 17:55:41
Table 'NLHRed19' 6-max Seat #2 is the button
Seat 1: 64c81908 ($13.95 in chips)
Seat 2: 7ca1c77a ($19.32 in chips)
Seat 3: d9fca880 ($15.12 in chips)
Seat 4: d03535e1 ($10.56 in chips)
Seat 6: Hero ($10 in chips)
d9fca880: posts small blind $0.05
d03535e1: posts big blind $0.1
*** HOLE CARDS ***
Dealt to 64c81908 
Dealt to 7ca1c77a 
Dealt to d9fca880 
Dealt to d03535e1 
Dealt to Hero [Ah 8h]
Hero: raises $0.1 to $0.2
64c81908: folds
7ca1c77a: folds
d9fca880: folds
d03535e1: calls $0.1
*** FLOP *** [Qd 4c Jd]
d03535e1: checks
Hero: checks
*** TURN *** [Qd 4c Jd] [9c]
d03535e1: checks
Hero: bets $0.2
d03535e1: folds
Uncalled bet ($0.2) returned to Hero
*** SHOWDOWN ***
Hero collected $0.43 from pot
*** SUMMARY ***
Total pot $0.45 | Rake $0.02 | Jackpot $0 | Bingo $0 | Fortune $0 | Tax $0
Board [Qd 4c Jd 9c]
Seat 1: 64c81908 folded before Flop (didn't bet)
Seat 2: 7ca1c77a (button) folded before Flop (didn't bet)
Seat 3: d9fca880 (small blind) folded before Flop
Seat 4: d03535e1 (big blind) folded on the Turn
Seat 6: Hero won ($0.43)


Poker Hand #HD1788681167: Hold'em No Limit ($0.05/$0.1) - 2024/05/26 17:54:37
Table 'NLHRed19' 6-max Seat #1 is the button
Seat 1: 64c81908 ($14.17 in chips)
Seat 2: 7ca1c77a ($10.05 in chips)
Seat 3: d9fca880 ($15.22 in chips)
Seat 4: d03535e1 ($20.61 in chips)
Seat 6: Hero ($10 in chips)
7ca1c77a: posts small blind $0.05
d9fca880: posts big blind $0.1
*** HOLE CARDS ***
Dealt to 64c81908 
Dealt to 7ca1c77a 
Dealt to d9fca880 
Dealt to d03535e1 
Dealt to Hero [7d 7s]
d03535e1: raises $0.12 to $0.22
Hero: folds
64c81908: calls $0.22
7ca1c77a: raises $1.16 to $1.38
d9fca880: folds
d03535e1: raises $1.47 to $2.85
64c81908: folds
7ca1c77a: raises $7.2 to $10.05 and is all-in
d03535e1: calls $7.2
7ca1c77a: shows [As Ah]
d03535e1: shows [Ac Kd]
*** FLOP *** [4s 5c 3d]
*** TURN *** [4s 5c 3d] [Ad]
*** RIVER *** [4s 5c 3d Ad] [4c]
*** SHOWDOWN ***
7ca1c77a collected $19.32 from pot
*** SUMMARY ***
Total pot $20.42 | Rake $1 | Jackpot $0.1 | Bingo $0 | Fortune $0 | Tax $0
Board [4s 5c 3d Ad 4c]
Seat 1: 64c81908 (button) folded before Flop
Seat 2: 7ca1c77a (small blind) showed [As Ah] and won ($19.32) with Aces Full over Fours
Seat 3: d9fca880 (big blind) folded before Flop
Seat 4: d03535e1 showed [Ac Kd] and lost with Pair of Aces and Pair of Fours
Seat 6: Hero folded before Flop (didn't bet)


Poker Hand #HD1788681158: Hold'em No Limit ($0.05/$0.1) - 2024/05/26 17:54:30
Table 'NLHRed19' 6-max Seat #6 is the button
Seat 1: 64c81908 ($14.22 in chips)
Seat 2: 7ca1c77a ($10 in chips)
Seat 3: d9fca880 ($15.22 in chips)
Seat 4: d03535e1 ($20.61 in chips)
Seat 6: Hero ($10 in chips)
64c81908: posts small blind $0.05
7ca1c77a: posts big blind $0.1
*** HOLE CARDS ***
Dealt to 64c81908 
Dealt to 7ca1c77a 
Dealt to d9fca880 
Dealt to d03535e1 
Dealt to Hero [4c 4s]
d9fca880: folds
d03535e1: folds
Hero: folds
64c81908: folds
Uncalled bet ($0.05) returned to 7ca1c77a
*** SHOWDOWN ***
7ca1c77a collected $0.1 from pot
*** SUMMARY ***
Total pot $0.1 | Rake $0 | Jackpot $0 | Bingo $0 | Fortune $0 | Tax $0
Seat 1: 64c81908 (small blind) folded before Flop
Seat 2: 7ca1c77a (big blind) collected ($0.1)
Seat 3: d9fca880 folded before Flop (didn't bet)
Seat 4: d03535e1 folded before Flop (didn't bet)
Seat 6: Hero (button) folded before Flop (didn't bet)


Poker Hand #HD1788681110: Hold'em No Limit ($0.05/$0.1) - 2024/05/26 17:54:01
Table 'NLHRed19' 6-max Seat #4 is the button
Seat 1: 64c81908 ($13.95 in chips)
Seat 2: 7ca1c77a ($10 in chips)
Seat 3: d9fca880 ($15.22 in chips)
Seat 4: d03535e1 ($20.61 in chips)
Seat 6: Hero ($10 in chips)
Hero: posts small blind $0.05
64c81908: posts big blind $0.1
*** HOLE CARDS ***
Dealt to 64c81908 
Dealt to 7ca1c77a 
Dealt to d9fca880 
Dealt to d03535e1 
Dealt to Hero [9h Kd]
7ca1c77a: folds
d9fca880: folds
d03535e1: folds
Hero: raises $0.2 to $0.3
64c81908: calls $0.2
*** FLOP *** [4s 7c 7d]
Hero: checks
64c81908: bets $0.3
Hero: folds
Uncalled bet ($0.3) returned to 64c81908
*** SHOWDOWN ***
64c81908 collected $0.57 from pot
*** SUMMARY ***
Total pot $0.6 | Rake $0.03 | Jackpot $0 | Bingo $0 | Fortune $0 | Tax $0
Board [4s 7c 7d]
Seat 1: 64c81908 (big blind) won ($0.57)
Seat 2: 7ca1c77a folded before Flop (didn't bet)
Seat 3: d9fca880 folded before Flop (didn't bet)
Seat 4: d03535e1 (button) folded before Flop (didn't bet)
Seat 6: Hero (small blind) folded on the Flop


Poker Hand #HD1788681057: Hold'em No Limit ($0.05/$0.1) - 2024/05/26 17:53:32
Table 'NLHRed19' 6-max Seat #3 is the button
Seat 1: 64c81908 ($14.15 in chips)
Seat 2: 7ca1c77a ($10 in chips)
Seat 3: d9fca880 ($14.89 in chips)
Seat 4: d03535e1 ($20.66 in chips)
Seat 6: Hero ($10 in chips)
d03535e1: posts small blind $0.05
Hero: posts big blind $0.1
*** HOLE CARDS ***
Dealt to 64c81908 
Dealt to 7ca1c77a 
Dealt to d9fca880 
Dealt to d03535e1 
Dealt to Hero [9d 4d]
64c81908: raises $0.1 to $0.2
7ca1c77a: folds
d9fca880: raises $0.8 to $1
d03535e1: folds
Hero: folds
64c81908: folds
Uncalled bet ($0.8) returned to d9fca880
*** SHOWDOWN ***
d9fca880 collected $0.53 from pot
*** SUMMARY ***
Total pot $0.55 | Rake $0.02 | Jackpot $0 | Bingo $0 | Fortune $0 | Tax $0
Seat 1: 64c81908 folded before Flop
Seat 2: 7ca1c77a folded before Flop (didn't bet)
Seat 3: d9fca880 (button) collected ($0.53)
Seat 4: d03535e1 (small blind) folded before Flop
Seat 6: Hero (big blind) folded before Flop


Poker Hand #HD1788681023: Hold'em No Limit ($0.05/$0.1) - 2024/05/26 17:53:17
Table 'NLHRed19' 6-max Seat #2 is the button
Seat 1: 64c81908 ($14 in chips)
Seat 2: 7ca1c77a ($10 in chips)
Seat 3: d9fca880 ($14.94 in chips)
Seat 4: d03535e1 ($20.76 in chips)
Seat 5: f8739e47 ($10 in chips)
Seat 6: Hero ($10 in chips)
d9fca880: posts small blind $0.05
d03535e1: posts big blind $0.1
*** HOLE CARDS ***
Dealt to 64c81908 
Dealt to 7ca1c77a 
Dealt to d9fca880 
Dealt to d03535e1 
Dealt to f8739e47 
Dealt to Hero [Ks 6d]
f8739e47: folds
Hero: folds
64c81908: raises $0.1 to $0.2
7ca1c77a: folds
d9fca880: folds
d03535e1: folds
Uncalled bet ($0.1) returned to 64c81908
*** SHOWDOWN ***
64c81908 collected $0.25 from pot
*** SUMMARY ***
Total pot $0.25 | Rake $0 | Jackpot $0 | Bingo $0 | Fortune $0 | Tax $0
Seat 1: 64c81908 collected ($0.25)
Seat 2: 7ca1c77a (button) folded before Flop (didn't bet)
Seat 3: d9fca880 (small blind) folded before Flop
Seat 4: d03535e1 (big blind) folded before Flop
Seat 5: f8739e47 folded before Flop (didn't bet)
Seat 6: Hero folded before Flop (didn't bet)


Poker Hand #HD1788680969: Hold'em No Limit ($0.05/$0.1) - 2024/05/26 17:52:50
Table 'NLHRed19' 6-max Seat #1 is the button
Seat 1: 64c81908 ($14 in chips)
Seat 2: 7ca1c77a ($10.18 in chips)
Seat 3: d9fca880 ($14.67 in chips)
Seat 4: d03535e1 ($20.76 in chips)
Seat 5: f8739e47 ($10 in chips)
Seat 6: Hero ($10 in chips)
7ca1c77a: posts small blind $0.05
d9fca880: posts big blind $0.1
*** HOLE CARDS ***
Dealt to 64c81908 
Dealt to 7ca1c77a 
Dealt to d9fca880 
Dealt to d03535e1 
Dealt to f8739e47 
Dealt to Hero [5s 2h]
d03535e1: folds
f8739e47: folds
Hero: folds
64c81908: folds
7ca1c77a: raises $0.2 to $0.3
d9fca880: raises $0.6 to $0.9
7ca1c77a: folds
Uncalled bet ($0.6) returned to d9fca880
*** SHOWDOWN ***
d9fca880 collected $0.57 from pot
*** SUMMARY ***
Total pot $0.6 | Rake $0.03 | Jackpot $0 | Bingo $0 | Fortune $0 | Tax $0
Seat 1: 64c81908 (button) folded before Flop (didn't bet)
Seat 2: 7ca1c77a (small blind) folded before Flop
Seat 3: d9fca880 (big blind) collected ($0.57)
Seat 4: d03535e1 folded before Flop (didn't bet)
Seat 5: f8739e47 folded before Flop (didn't bet)
Seat 6: Hero folded before Flop (didn't bet)


Poker Hand #HD1788680914: Hold'em No Limit ($0.05/$0.1) - 2024/05/26 17:52:18
Table 'NLHRed19' 6-max Seat #6 is the button
Seat 1: 64c81908 ($14.2 in chips)
Seat 2: 7ca1c77a ($10 in chips)
Seat 3: d9fca880 ($14.67 in chips)
Seat 4: d03535e1 ($20.76 in chips)
Seat 5: f8739e47 ($10 in chips)
Seat 6: Hero ($10 in chips)
64c81908: posts small blind $0.05
7ca1c77a: posts big blind $0.1
*** HOLE CARDS ***
Dealt to 64c81908 
Dealt to 7ca1c77a 
Dealt to d9fca880 
Dealt to d03535e1 
Dealt to f8739e47 
Dealt to Hero [2c 6s]
d9fca880: folds
d03535e1: folds
f8739e47: folds
Hero: folds
64c81908: raises $0.1 to $0.2
7ca1c77a: calls $0.1
*** FLOP *** [Ac Jc 7c]
64c81908: checks
7ca1c77a: checks
*** TURN *** [Ac Jc 7c] [5d]
64c81908: checks
7ca1c77a: checks
*** RIVER *** [Ac Jc 7c 5d] [Kc]
64c81908: checks
7ca1c77a: checks
64c81908: shows [Ts Th] (Pair of Tens)
7ca1c77a: shows [8s Kh] (Pair of Kings)
*** SHOWDOWN ***
7ca1c77a collected $0.38 from pot
*** SUMMARY ***
Total pot $0.4 | Rake $0.02 | Jackpot $0 | Bingo $0 | Fortune $0 | Tax $0
Board [Ac Jc 7c 5d Kc]
Seat 1: 64c81908 (small blind) showed [Ts Th] and lost with Pair of Tens
Seat 2: 7ca1c77a (big blind) showed [8s Kh] and won ($0.38) with Pair of Kings
Seat 3: d9fca880 folded before Flop (didn't bet)
Seat 4: d03535e1 folded before Flop (didn't bet)
Seat 5: f8739e47 folded before Flop (didn't bet)
Seat 6: Hero (button) folded before Flop (didn't bet)


Poker Hand #HD1788680836: Hold'em No Limit ($0.05/$0.1) - 2024/05/26 17:51:38
Table 'NLHRed19' 6-max Seat #5 is the button
Seat 1: 64c81908 ($13.39 in chips)
Seat 2: 7ca1c77a ($10 in chips)
Seat 3: d9fca880 ($14.67 in chips)
Seat 4: d03535e1 ($20.76 in chips)
Seat 5: f8739e47 ($10 in chips)
Seat 6: Hero ($10.09 in chips)
Hero: posts small blind $0.05
64c81908: posts big blind $0.1
*** HOLE CARDS ***
Dealt to 64c81908 
Dealt to 7ca1c77a 
Dealt to d9fca880 
Dealt to d03535e1 
Dealt to f8739e47 
Dealt to Hero [Ah Js]
7ca1c77a: folds
d9fca880: folds
d03535e1: folds
f8739e47: folds
Hero: raises $0.2 to $0.3
64c81908: raises $0.6 to $0.9
Hero: calls $0.6
*** FLOP *** [8s 8d 4c]
Hero: checks
64c81908: bets $0.9
Hero: folds
Uncalled bet ($0.9) returned to 64c81908
*** SHOWDOWN ***
64c81908 collected $1.71 from pot
*** SUMMARY ***
Total pot $1.8 | Rake $0.09 | Jackpot $0 | Bingo $0 | Fortune $0 | Tax $0
Board [8s 8d 4c]
Seat 1: 64c81908 (big blind) won ($1.71)
Seat 2: 7ca1c77a folded before Flop (didn't bet)
Seat 3: d9fca880 folded before Flop (didn't bet)
Seat 4: d03535e1 folded before Flop (didn't bet)
Seat 5: f8739e47 (button) folded before Flop (didn't bet)
Seat 6: Hero (small blind) folded on the Flop


Poker Hand #HD1788680792: Hold'em No Limit ($0.05/$0.1) - 2024/05/26 17:51:14
Table 'NLHRed19' 6-max Seat #4 is the button
Seat 1: 64c81908 ($13.16 in chips)
Seat 2: 7ca1c77a ($10 in chips)
Seat 3: d9fca880 ($14.67 in chips)
Seat 4: d03535e1 ($20.76 in chips)
Seat 5: f8739e47 ($10.05 in chips)
Seat 6: Hero ($10.29 in chips)
f8739e47: posts small blind $0.05
Hero: posts big blind $0.1
*** HOLE CARDS ***
Dealt to 64c81908 
Dealt to 7ca1c77a 
Dealt to d9fca880 
Dealt to d03535e1 
Dealt to f8739e47 
Dealt to Hero [Jh 7h]
64c81908: raises $0.1 to $0.2
7ca1c77a: folds
d9fca880: folds
d03535e1: folds
f8739e47: folds
Hero: calls $0.1
*** FLOP *** [3d Ah 6d]
Hero: checks
64c81908: bets $0.15
Hero: folds
Uncalled bet ($0.15) returned to 64c81908
*** SHOWDOWN ***
64c81908 collected $0.43 from pot
*** SUMMARY ***
Total pot $0.45 | Rake $0.02 | Jackpot $0 | Bingo $0 | Fortune $0 | Tax $0
Board [3d Ah 6d]
Seat 1: 64c81908 won ($0.43)
Seat 2: 7ca1c77a folded before Flop (didn't bet)
Seat 3: d9fca880 folded before Flop (didn't bet)
Seat 4: d03535e1 (button) folded before Flop (didn't bet)
Seat 5: f8739e47 (small blind) folded before Flop
Seat 6: Hero (big blind) folded on the Flop


Poker Hand #HD1788680765: Hold'em No Limit ($0.05/$0.1) - 2024/05/26 17:51:00
Table 'NLHRed19' 6-max Seat #3 is the button
Seat 1: 64c81908 ($13.16 in chips)
Seat 2: 7ca1c77a ($10 in chips)
Seat 3: d9fca880 ($14.67 in chips)
Seat 4: d03535e1 ($20.81 in chips)
Seat 5: f8739e47 ($10 in chips)
Seat 6: Hero ($10.29 in chips)
d03535e1: posts small blind $0.05
f8739e47: posts big blind $0.1
*** HOLE CARDS ***
Dealt to 64c81908 
Dealt to 7ca1c77a 
Dealt to d9fca880 
Dealt to d03535e1 
Dealt to f8739e47 
Dealt to Hero [9s Ah]
Hero: folds
64c81908: folds
7ca1c77a: folds
d9fca880: folds
d03535e1: folds
Uncalled bet ($0.05) returned to f8739e47
*** SHOWDOWN ***
f8739e47 collected $0.1 from pot
*** SUMMARY ***
Total pot $0.1 | Rake $0 | Jackpot $0 | Bingo $0 | Fortune $0 | Tax $0
Seat 1: 64c81908 folded before Flop (didn't bet)
Seat 2: 7ca1c77a folded before Flop (didn't bet)
Seat 3: d9fca880 (button) folded before Flop (didn't bet)
Seat 4: d03535e1 (small blind) folded before Flop
Seat 5: f8739e47 (big blind) collected ($0.1)
Seat 6: Hero folded before Flop (didn't bet)


Poker Hand #HD1788680685: Hold'em No Limit ($0.05/$0.1) - 2024/05/26 17:50:11
Table 'NLHRed19' 6-max Seat #2 is the button
Seat 1: 64c81908 ($13.16 in chips)
Seat 2: 7ca1c77a ($10.39 in chips)
Seat 3: d9fca880 ($14.72 in chips)
Seat 4: d03535e1 ($19.72 in chips)
Seat 5: f8739e47 ($10 in chips)
Seat 6: Hero ($10.29 in chips)
d9fca880: posts small blind $0.05
d03535e1: posts big blind $0.1
*** HOLE CARDS ***
Dealt to 64c81908 
Dealt to 7ca1c77a 
Dealt to d9fca880 
Dealt to d03535e1 
Dealt to f8739e47 
Dealt to Hero [3s 9d]
f8739e47: folds
Hero: folds
64c81908: folds
7ca1c77a: raises $0.15 to $0.25
d9fca880: folds
d03535e1: calls $0.15
*** FLOP *** [7d 6s Qs]
d03535e1: checks
7ca1c77a: bets $0.3
d03535e1: calls $0.3
*** TURN *** [7d 6s Qs] [Ac]
d03535e1: checks
7ca1c77a: bets $0.6
d03535e1: calls $0.6
*** RIVER *** [7d 6s Qs Ac] [6c]
d03535e1: checks
7ca1c77a: checks
d03535e1: shows [4s As] (Pair of Aces and Pair of Sixes)
7ca1c77a: shows [5h 5s] (Pair of Sixes and Pair of Fives)
*** SHOWDOWN ***
d03535e1 collected $2.24 from pot
*** SUMMARY ***
Total pot $2.35 | Rake $0.11 | Jackpot $0 | Bingo $0 | Fortune $0 | Tax $0
Board [7d 6s Qs Ac 6c]
Seat 1: 64c81908 folded before Flop (didn't bet)
Seat 2: 7ca1c77a (button) showed [5h 5s] and lost with Pair of Sixes and Pair of Fives
Seat 3: d9fca880 (small blind) folded before Flop
Seat 4: d03535e1 (big blind) showed [4s As] and won ($2.24) with Pair of Aces and Pair of Sixes
Seat 5: f8739e47 folded before Flop (didn't bet)
Seat 6: Hero folded before Flop (didn't bet)


Poker Hand #HD1788680661: Hold'em No Limit ($0.05/$0.1) - 2024/05/26 17:49:59
Table 'NLHRed19' 6-max Seat #1 is the button
Seat 1: 64c81908 ($13.01 in chips)
Seat 2: 7ca1c77a ($10.44 in chips)
Seat 3: d9fca880 ($14.82 in chips)
Seat 4: d03535e1 ($19.72 in chips)
Seat 5: f8739e47 ($10 in chips)
Seat 6: Hero ($10.29 in chips)
7ca1c77a: posts small blind $0.05
d9fca880: posts big blind $0.1
*** HOLE CARDS ***
Dealt to 64c81908 
Dealt to 7ca1c77a 
Dealt to d9fca880 
Dealt to d03535e1 
Dealt to f8739e47 
Dealt to Hero [4s Jc]
d03535e1: folds
f8739e47: folds
Hero: folds
64c81908: raises $0.1 to $0.2
7ca1c77a: folds
d9fca880: folds
Uncalled bet ($0.1) returned to 64c81908
*** SHOWDOWN ***
64c81908 collected $0.25 from pot
*** SUMMARY ***
Total pot $0.25 | Rake $0 | Jackpot $0 | Bingo $0 | Fortune $0 | Tax $0
Seat 1: 64c81908 (button) collected ($0.25)
Seat 2: 7ca1c77a (small blind) folded before Flop
Seat 3: d9fca880 (big blind) folded before Flop
Seat 4: d03535e1 folded before Flop (didn't bet)
Seat 5: f8739e47 folded before Flop (didn't bet)
Seat 6: Hero folded before Flop (didn't bet)


Poker Hand #HD1788680563: Hold'em No Limit ($0.05/$0.1) - 2024/05/26 17:49:06
Table 'NLHRed19' 6-max Seat #6 is the button
Seat 1: 64c81908 ($12.92 in chips)
Seat 2: 7ca1c77a ($10.35 in chips)
Seat 3: d9fca880 ($14.82 in chips)
Seat 4: d03535e1 ($19.72 in chips)
Seat 5: f8739e47 ($10 in chips)
Seat 6: Hero ($10.29 in chips)
64c81908: posts small blind $0.05
7ca1c77a: posts big blind $0.1
*** HOLE CARDS ***
Dealt to 64c81908 
Dealt to 7ca1c77a 
Dealt to d9fca880 
Dealt to d03535e1 
Dealt to f8739e47 
Dealt to Hero [2h Qc]
d9fca880: folds
d03535e1: folds
f8739e47: raises $0.1 to $0.2
Hero: folds
64c81908: calls $0.15
7ca1c77a: calls $0.1
*** FLOP *** [Ks 6s Kc]
64c81908: checks
7ca1c77a: checks
f8739e47: checks
*** TURN *** [Ks 6s Kc] [Qs]
64c81908: checks
7ca1c77a: checks
f8739e47: checks
*** RIVER *** [Ks 6s Kc Qs] [As]
64c81908: checks
7ca1c77a: checks
f8739e47: checks
64c81908: shows [Ac 3h] (Pair of Aces and Pair of Kings)
7ca1c77a: shows [Ah 8c] (Pair of Aces and Pair of Kings)
f8739e47: shows [5h 5c] (Pair of Kings and Pair of Fives)
*** SHOWDOWN ***
7ca1c77a collected $0.29 from pot
64c81908 collected $0.29 from pot
*** SUMMARY ***
Total pot $0.6 | Rake $0.02 | Jackpot $0 | Bingo $0 | Fortune $0 | Tax $0
Board [Ks 6s Kc Qs As]
Seat 1: 64c81908 (small blind) showed [Ac 3h] and won ($0.29) with Pair of Aces and Pair of Kings
Seat 2: 7ca1c77a (big blind) showed [Ah 8c] and won ($0.29) with Pair of Aces and Pair of Kings
Seat 3: d9fca880 folded before Flop (didn't bet)
Seat 4: d03535e1 folded before Flop (didn't bet)
Seat 5: f8739e47 showed [5h 5c] and lost with Pair of Kings and Pair of Fives
Seat 6: Hero (button) folded before Flop (didn't bet)


Poker Hand #HD1788680506: Hold'em No Limit ($0.05/$0.1) - 2024/05/26 17:48:36
Table 'NLHRed19' 6-max Seat #5 is the button
Seat 1: 64c81908 ($12.65 in chips)
Seat 2: 7ca1c77a ($10.35 in chips)
Seat 3: d9fca880 ($14.82 in chips)
Seat 4: d03535e1 ($19.72 in chips)
Seat 5: f8739e47 ($10 in chips)
Seat 6: Hero ($10.59 in chips)
Hero: posts small blind $0.05
64c81908: posts big blind $0.1
*** HOLE CARDS ***
Dealt to 64c81908 
Dealt to 7ca1c77a 
Dealt to d9fca880 
Dealt to d03535e1 
Dealt to f8739e47 
Dealt to Hero [Tc Qh]
7ca1c77a: folds
d9fca880: folds
d03535e1: folds
f8739e47: folds
Hero: raises $0.2 to $0.3
64c81908: raises $0.6 to $0.9
Hero: folds
Uncalled bet ($0.6) returned to 64c81908
*** SHOWDOWN ***
64c81908 collected $0.57 from pot
*** SUMMARY ***
Total pot $0.6 | Rake $0.03 | Jackpot $0 | Bingo $0 | Fortune $0 | Tax $0
Seat 1: 64c81908 (big blind) collected ($0.57)
Seat 2: 7ca1c77a folded before Flop (didn't bet)
Seat 3: d9fca880 folded before Flop (didn't bet)
Seat 4: d03535e1 folded before Flop (didn't bet)
Seat 5: f8739e47 (button) folded before Flop (didn't bet)
Seat 6: Hero (small blind) folded before Flop


Poker Hand #HD1788680435: Hold'em No Limit ($0.05/$0.1) - 2024/05/26 17:47:52
Table 'NLHRed19' 6-max Seat #4 is the button
Seat 1: 64c81908 ($12.65 in chips)
Seat 2: 7ca1c77a ($10.35 in chips)
Seat 3: d9fca880 ($14.82 in chips)
Seat 4: d03535e1 ($19.72 in chips)
Seat 5: f8739e47 ($10 in chips)
Seat 6: Hero ($10.32 in chips)
f8739e47: posts small blind $0.05
Hero: posts big blind $0.1
*** HOLE CARDS ***
Dealt to 64c81908 
Dealt to 7ca1c77a 
Dealt to d9fca880 
Dealt to d03535e1 
Dealt to f8739e47 
Dealt to Hero [6d 8d]
64c81908: folds
7ca1c77a: folds
d9fca880: folds
d03535e1: folds
f8739e47: raises $0.2 to $0.3
Hero: calls $0.2
*** FLOP *** [Js 7s 4c]
f8739e47: checks
Hero: checks
*** TURN *** [Js 7s 4c] [Qh]
f8739e47: checks
Hero: bets $0.3
f8739e47: folds
Uncalled bet ($0.3) returned to Hero
*** SHOWDOWN ***
Hero collected $0.57 from pot
*** SUMMARY ***
Total pot $0.6 | Rake $0.03 | Jackpot $0 | Bingo $0 | Fortune $0 | Tax $0
Board [Js 7s 4c Qh]
Seat 1: 64c81908 folded before Flop (didn't bet)
Seat 2: 7ca1c77a folded before Flop (didn't bet)
Seat 3: d9fca880 folded before Flop (didn't bet)
Seat 4: d03535e1 (button) folded before Flop (didn't bet)
Seat 5: f8739e47 (small blind) folded on the Turn
Seat 6: Hero (big blind) won ($0.57)


Poker Hand #HD1788680393: Hold'em No Limit ($0.05/$0.1) - 2024/05/26 17:47:28
Table 'NLHRed19' 6-max Seat #3 is the button
Seat 1: 64c81908 ($12.65 in chips)
Seat 2: 7ca1c77a ($10.35 in chips)
Seat 3: d9fca880 ($14.67 in chips)
Seat 4: d03535e1 ($19.77 in chips)
Seat 5: f8739e47 ($10 in chips)
Seat 6: Hero ($10.32 in chips)
d03535e1: posts small blind $0.05
f8739e47: posts big blind $0.1
*** HOLE CARDS ***
Dealt to 64c81908 
Dealt to 7ca1c77a 
Dealt to d9fca880 
Dealt to d03535e1 
Dealt to f8739e47 
Dealt to Hero [6s Qc]
Hero: folds
64c81908: folds
7ca1c77a: folds
d9fca880: raises $0.15 to $0.25
d03535e1: folds
f8739e47: folds
Uncalled bet ($0.15) returned to d9fca880
*** SHOWDOWN ***
d9fca880 collected $0.25 from pot
*** SUMMARY ***
Total pot $0.25 | Rake $0 | Jackpot $0 | Bingo $0 | Fortune $0 | Tax $0
Seat 1: 64c81908 folded before Flop (didn't bet)
Seat 2: 7ca1c77a folded before Flop (didn't bet)
Seat 3: d9fca880 (button) collected ($0.25)
Seat 4: d03535e1 (small blind) folded before Flop
Seat 5: f8739e47 (big blind) folded before Flop
Seat 6: Hero folded before Flop (didn't bet)


Poker Hand #HD1788680263: Hold'em No Limit ($0.05/$0.1) - 2024/05/26 17:46:14
Table 'NLHRed19' 6-max Seat #2 is the button
Seat 1: 64c81908 ($12.65 in chips)
Seat 2: 7ca1c77a ($10.35 in chips)
Seat 3: d9fca880 ($13.37 in chips)
Seat 4: d03535e1 ($21.31 in chips)
Seat 5: f8739e47 ($10 in chips)
Seat 6: Hero ($10.32 in chips)
d9fca880: posts small blind $0.05
d03535e1: posts big blind $0.1
*** HOLE CARDS ***
Dealt to 64c81908 
Dealt to 7ca1c77a 
Dealt to d9fca880 
Dealt to d03535e1 
Dealt to f8739e47 
Dealt to Hero [4d Tc]
f8739e47: folds
Hero: folds
64c81908: folds
7ca1c77a: folds
d9fca880: raises $0.2 to $0.3
d03535e1: raises $0.65 to $0.95
d9fca880: calls $0.65
*** FLOP *** [Qc 3d 6c]
d9fca880: checks
d03535e1: bets $0.59
d9fca880: calls $0.59
*** TURN *** [Qc 3d 6c] [5c]
d9fca880: checks
d03535e1: checks
*** RIVER *** [Qc 3d 6c 5c] [2d]
d9fca880: checks
d03535e1: checks
d9fca880: shows [6d 6s] (Three Sixes)
d03535e1: shows [Kd Ad] (Ace-High)
*** SHOWDOWN ***
d9fca880 collected $2.84 from pot
*** SUMMARY ***
Total pot $3.08 | Rake $0.14 | Jackpot $0.1 | Bingo $0 | Fortune $0 | Tax $0
Board [Qc 3d 6c 5c 2d]
Seat 1: 64c81908 folded before Flop (didn't bet)
Seat 2: 7ca1c77a (button) folded before Flop (didn't bet)
Seat 3: d9fca880 (small blind) showed [6d 6s] and won ($2.84) with Three Sixes
Seat 4: d03535e1 (big blind) showed [Kd Ad] and lost with Ace-High
Seat 5: f8739e47 folded before Flop (didn't bet)
Seat 6: Hero folded before Flop (didn't bet)


Poker Hand #HD1788680163: Hold'em No Limit ($0.05/$0.1) - 2024/05/26 17:45:20
Table 'NLHRed19' 6-max Seat #1 is the button
Seat 1: 64c81908 ($12.65 in chips)
Seat 2: 7ca1c77a ($10.59 in chips)
Seat 3: d9fca880 ($13.47 in chips)
Seat 4: d03535e1 ($21.31 in chips)
Seat 5: f8739e47 ($10 in chips)
Seat 6: Hero ($10 in chips)
7ca1c77a: posts small blind $0.05
d9fca880: posts big blind $0.1
*** HOLE CARDS ***
Dealt to 64c81908 
Dealt to 7ca1c77a 
Dealt to d9fca880 
Dealt to d03535e1 
Dealt to f8739e47 
Dealt to Hero [Qd 9s]
d03535e1: folds
f8739e47: folds
Hero: raises $0.14 to $0.24
64c81908: folds
7ca1c77a: calls $0.19
d9fca880: folds
*** FLOP *** [Ah 6d 7c]
7ca1c77a: checks
Hero: checks
*** TURN *** [Ah 6d 7c] [8d]
7ca1c77a: checks
Hero: bets $0.3
7ca1c77a: folds
Uncalled bet ($0.3) returned to Hero
*** SHOWDOWN ***
Hero collected $0.56 from pot
*** SUMMARY ***
Total pot $0.58 | Rake $0.02 | Jackpot $0 | Bingo $0 | Fortune $0 | Tax $0
Board [Ah 6d 7c 8d]
Seat 1: 64c81908 (button) folded before Flop (didn't bet)
Seat 2: 7ca1c77a (small blind) folded on the Turn
Seat 3: d9fca880 (big blind) folded before Flop
Seat 4: d03535e1 folded before Flop (didn't bet)
Seat 5: f8739e47 folded before Flop (didn't bet)
Seat 6: Hero won ($0.56)


Poker Hand #HD1788680115: Hold'em No Limit ($0.05/$0.1) - 2024/05/26 17:44:54
Table 'NLHRed19' 6-max Seat #6 is the button
Seat 1: 64c81908 ($12.7 in chips)
Seat 2: 7ca1c77a ($10.32 in chips)
Seat 3: d9fca880 ($13.47 in chips)
Seat 4: d03535e1 ($21.31 in chips)
Seat 5: f8739e47 ($10 in chips)
Seat 6: Hero ($10 in chips)
64c81908: posts small blind $0.05
7ca1c77a: posts big blind $0.1
*** HOLE CARDS ***
Dealt to 64c81908 
Dealt to 7ca1c77a 
Dealt to d9fca880 
Dealt to d03535e1 
Dealt to f8739e47 
Dealt to Hero [8h Ad]
d9fca880: folds
d03535e1: folds
f8739e47: folds
Hero: raises $0.14 to $0.24
64c81908: folds
7ca1c77a: raises $0.83 to $1.07
Hero: folds
Uncalled bet ($0.83) returned to 7ca1c77a
*** SHOWDOWN ***
7ca1c77a collected $0.51 from pot
*** SUMMARY ***
Total pot $0.53 | Rake $0.02 | Jackpot $0 | Bingo $0 | Fortune $0 | Tax $0
Seat 1: 64c81908 (small blind) folded before Flop
Seat 2: 7ca1c77a (big blind) collected ($0.51)
Seat 3: d9fca880 folded before Flop (didn't bet)
Seat 4: d03535e1 folded before Flop (didn't bet)
Seat 5: f8739e47 folded before Flop (didn't bet)
Seat 6: Hero (button) folded before Flop


Poker Hand #HD1788680063: Hold'em No Limit ($0.05/$0.1) - 2024/05/26 17:44:22
Table 'NLHRed19' 6-max Seat #5 is the button
Seat 1: 64c81908 ($13 in chips)
Seat 2: 7ca1c77a ($10 in chips)
Seat 3: d9fca880 ($13.47 in chips)
Seat 4: d03535e1 ($21.31 in chips)
Seat 5: f8739e47 ($10 in chips)
Seat 6: Hero ($10 in chips)
Hero: posts small blind $0.05
64c81908: posts big blind $0.1
*** HOLE CARDS ***
Dealt to 64c81908 
Dealt to 7ca1c77a 
Dealt to d9fca880 
Dealt to d03535e1 
Dealt to f8739e47 
Dealt to Hero [Ts 8s]
7ca1c77a: raises $0.2 to $0.3
d9fca880: folds
d03535e1: folds
f8739e47: folds
Hero: folds
64c81908: calls $0.2
*** FLOP *** [9c 2d Kd]
64c81908: checks
7ca1c77a: checks
*** TURN *** [9c 2d Kd] [Jc]
64c81908: checks
7ca1c77a: checks
*** RIVER *** [9c 2d Kd Jc] [As]
64c81908: checks
7ca1c77a: checks
64c81908: shows [7d 8d] (Ace-High)
7ca1c77a: shows [Th 8h] (Ace-High)
*** SHOWDOWN ***
7ca1c77a collected $0.62 from pot
*** SUMMARY ***
Total pot $0.65 | Rake $0.03 | Jackpot $0 | Bingo $0 | Fortune $0 | Tax $0
Board [9c 2d Kd Jc As]
Seat 1: 64c81908 (big blind) showed [7d 8d] and lost with Ace-High
Seat 2: 7ca1c77a showed [Th 8h] and won ($0.62) with Ace-High
Seat 3: d9fca880 folded before Flop (didn't bet)
Seat 4: d03535e1 folded before Flop (didn't bet)
Seat 5: f8739e47 (button) folded before Flop (didn't bet)
Seat 6: Hero (small blind) folded before Flop


Poker Hand #HD1788679968: Hold'em No Limit ($0.05/$0.1) - 2024/05/26 17:43:19
Table 'NLHRed19' 6-max Seat #4 is the button
Seat 1: 64c81908 ($12.34 in chips)
Seat 2: 7ca1c77a ($10.39 in chips)
Seat 3: d9fca880 ($13.47 in chips)
Seat 4: d03535e1 ($21.31 in chips)
Seat 5: f8739e47 ($10 in chips)
Seat 6: Hero ($10 in chips)
f8739e47: posts small blind $0.05
Hero: posts big blind $0.1
*** HOLE CARDS ***
Dealt to 64c81908 
Dealt to 7ca1c77a 
Dealt to d9fca880 
Dealt to d03535e1 
Dealt to f8739e47 
Dealt to Hero [Tc 4s]
64c81908: raises $0.1 to $0.2
7ca1c77a: raises $0.37 to $0.57
d9fca880: folds
d03535e1: folds
f8739e47: folds
Hero: folds
64c81908: calls $0.37
*** FLOP *** [2d 5s Ad]
64c81908: checks
7ca1c77a: checks
*** TURN *** [2d 5s Ad] [5h]
64c81908: bets $0.97
7ca1c77a: folds
Uncalled bet ($0.97) returned to 64c81908
*** SHOWDOWN ***
64c81908 collected $1.23 from pot
*** SUMMARY ***
Total pot $1.29 | Rake $0.06 | Jackpot $0 | Bingo $0 | Fortune $0 | Tax $0
Board [2d 5s Ad 5h]
Seat 1: 64c81908 won ($1.23)
Seat 2: 7ca1c77a folded on the Turn
Seat 3: d9fca880 folded before Flop (didn't bet)
Seat 4: d03535e1 (button) folded before Flop (didn't bet)
Seat 5: f8739e47 (small blind) folded before Flop
Seat 6: Hero (big blind) folded before Flop


Poker Hand #HD1788679851: Hold'em No Limit ($0.05/$0.1) - 2024/05/26 17:42:11
Table 'NLHRed19' 6-max Seat #3 is the button
Seat 1: 64c81908 ($14 in chips)
Seat 2: 7ca1c77a ($10.39 in chips)
Seat 3: d9fca880 ($13.47 in chips)
Seat 4: d03535e1 ($19.81 in chips)
Seat 5: f8739e47 ($10 in chips)
Seat 6: Hero ($10 in chips)
d03535e1: posts small blind $0.05
f8739e47: posts big blind $0.1
*** HOLE CARDS ***
Dealt to 64c81908 
Dealt to 7ca1c77a 
Dealt to d9fca880 
Dealt to d03535e1 
Dealt to f8739e47 
Dealt to Hero [2c 9s]
Hero: folds
64c81908: raises $0.1 to $0.2
7ca1c77a: folds
d9fca880: folds
d03535e1: raises $0.8 to $1
f8739e47: folds
64c81908: calls $0.8
*** FLOP *** [Jh 8c As]
d03535e1: checks
64c81908: checks
*** TURN *** [Jh 8c As] [8d]
d03535e1: bets $0.66
64c81908: calls $0.66
*** RIVER *** [Jh 8c As 8d] [6s]
d03535e1: bets $2.45
64c81908: folds
Uncalled bet ($2.45) returned to d03535e1
*** SHOWDOWN ***
d03535e1 collected $3.16 from pot
*** SUMMARY ***
Total pot $3.42 | Rake $0.16 | Jackpot $0.1 | Bingo $0 | Fortune $0 | Tax $0
Board [Jh 8c As 8d 6s]
Seat 1: 64c81908 folded on the River
Seat 2: 7ca1c77a folded before Flop (didn't bet)
Seat 3: d9fca880 (button) folded before Flop (didn't bet)
Seat 4: d03535e1 (small blind) won ($3.16)
Seat 5: f8739e47 (big blind) folded before Flop
Seat 6: Hero folded before Flop (didn't bet)


Poker Hand #HD1788679707: Hold'em No Limit ($0.05/$0.1) - 2024/05/26 17:40:50
Table 'NLHRed19' 6-max Seat #2 is the button
Seat 1: 64c81908 ($7.34 in chips)
Seat 2: 7ca1c77a ($10.39 in chips)
Seat 3: d9fca880 ($13.52 in chips)
Seat 4: d03535e1 ($19.91 in chips)
Seat 6: Hero ($12.7 in chips)
d9fca880: posts small blind $0.05
d03535e1: posts big blind $0.1
*** HOLE CARDS ***
Dealt to 64c81908 
Dealt to 7ca1c77a 
Dealt to d9fca880 
Dealt to d03535e1 
Dealt to Hero [5h Ah]
Hero: raises $0.1 to $0.2
64c81908: raises $0.55 to $0.75
7ca1c77a: folds
d9fca880: folds
d03535e1: folds
Hero: raises $1.15 to $1.9
64c81908: calls $1.15
*** FLOP *** [2h Js Ac]
Hero: checks
64c81908: bets $1.98
Hero: calls $1.98
*** TURN *** [2h Js Ac] [4s]
Hero: checks
64c81908: bets $3.46 and is all-in
Hero: calls $3.46
64c81908: shows [Jd Jh] (Three Jacks)
Hero: shows [5h Ah] (Pair of Aces)
*** RIVER *** [2h Js Ac 4s] [2s]
*** SHOWDOWN ***
64c81908 collected $14 from pot
*** SUMMARY ***
Total pot $14.83 | Rake $0.73 | Jackpot $0.1 | Bingo $0 | Fortune $0 | Tax $0
Board [2h Js Ac 4s 2s]
Seat 1: 64c81908 showed [Jd Jh] and won ($14) with Jacks Full over Twos
Seat 2: 7ca1c77a (button) folded before Flop (didn't bet)
Seat 3: d9fca880 (small blind) folded before Flop
Seat 4: d03535e1 (big blind) folded before Flop
Seat 6: Hero showed [5h Ah] and lost with Pair of Aces and Pair of Twos


Poker Hand #HD1788679662: Hold'em No Limit ($0.05/$0.1) - 2024/05/26 17:40:19
Table 'NLHRed19' 6-max Seat #1 is the button
Seat 1: 64c81908 ($7.54 in chips)
Seat 2: 7ca1c77a ($10.44 in chips)
Seat 3: d9fca880 ($13.29 in chips)
Seat 4: d03535e1 ($19.91 in chips)
Seat 6: Hero ($12.7 in chips)
7ca1c77a: posts small blind $0.05
d9fca880: posts big blind $0.1
*** HOLE CARDS ***
Dealt to 64c81908 
Dealt to 7ca1c77a 
Dealt to d9fca880 
Dealt to d03535e1 
Dealt to Hero [5d Qh]
d03535e1: folds
Hero: folds
64c81908: raises $0.1 to $0.2
7ca1c77a: folds
d9fca880: raises $1.35 to $1.55
64c81908: folds
Uncalled bet ($1.35) returned to d9fca880
*** SHOWDOWN ***
d9fca880 collected $0.43 from pot
*** SUMMARY ***
Total pot $0.45 | Rake $0.02 | Jackpot $0 | Bingo $0 | Fortune $0 | Tax $0
Seat 1: 64c81908 (button) folded before Flop
Seat 2: 7ca1c77a (small blind) folded before Flop
Seat 3: d9fca880 (big blind) collected ($0.43)
Seat 4: d03535e1 folded before Flop (didn't bet)
Seat 6: Hero folded before Flop (didn't bet)


Poker Hand #HD1788679593: Hold'em No Limit ($0.05/$0.1) - 2024/05/26 17:39:36
Table 'NLHRed19' 6-max Seat #6 is the button
Seat 1: 64c81908 ($7.13 in chips)
Seat 2: 7ca1c77a ($10.66 in chips)
Seat 3: d9fca880 ($13.29 in chips)
Seat 4: d03535e1 ($20.13 in chips)
Seat 6: Hero ($12.7 in chips)
64c81908: posts small blind $0.05
7ca1c77a: posts big blind $0.1
*** HOLE CARDS ***
Dealt to 64c81908 
Dealt to 7ca1c77a 
Dealt to d9fca880 
Dealt to d03535e1 
Dealt to Hero [6c Td]
d9fca880: folds
d03535e1: raises $0.12 to $0.22
Hero: folds
64c81908: calls $0.17
7ca1c77a: calls $0.12
*** FLOP *** [8d 2h 7s]
64c81908: checks
7ca1c77a: checks
d03535e1: checks
*** TURN *** [8d 2h 7s] [3h]
64c81908: bets $0.33
7ca1c77a: folds
d03535e1: folds
Uncalled bet ($0.33) returned to 64c81908
*** SHOWDOWN ***
64c81908 collected $0.63 from pot
*** SUMMARY ***
Total pot $0.66 | Rake $0.03 | Jackpot $0 | Bingo $0 | Fortune $0 | Tax $0
Board [8d 2h 7s 3h]
Seat 1: 64c81908 (small blind) won ($0.63)
Seat 2: 7ca1c77a (big blind) folded on the Turn
Seat 3: d9fca880 folded before Flop (didn't bet)
Seat 4: d03535e1 folded on the Turn
Seat 6: Hero (button) folded before Flop (didn't bet)


Poker Hand #HD1788679517: Hold'em No Limit ($0.05/$0.1) - 2024/05/26 17:38:48
Table 'NLHRed19' 6-max Seat #4 is the button
Seat 1: 64c81908 ($7.7 in chips)
Seat 2: 7ca1c77a ($10 in chips)
Seat 3: d9fca880 ($13.29 in chips)
Seat 4: d03535e1 ($20.13 in chips)
Seat 5: 44b05c02 ($13.12 in chips)
Seat 6: Hero ($12.8 in chips)
44b05c02: posts small blind $0.05
Hero: posts big blind $0.1
*** HOLE CARDS ***
Dealt to 64c81908 
Dealt to 7ca1c77a 
Dealt to d9fca880 
Dealt to d03535e1 
Dealt to 44b05c02 
Dealt to Hero [9c Js]
64c81908: raises $0.1 to $0.2
7ca1c77a: raises $0.37 to $0.57
d9fca880: folds
d03535e1: folds
44b05c02: folds
Hero: folds
64c81908: calls $0.37
*** FLOP *** [3c 9h Qs]
64c81908: checks
7ca1c77a: checks
*** TURN *** [3c 9h Qs] [4d]
64c81908: checks
7ca1c77a: bets $0.7
64c81908: folds
Uncalled bet ($0.7) returned to 7ca1c77a
*** SHOWDOWN ***
7ca1c77a collected $1.23 from pot
*** SUMMARY ***
Total pot $1.29 | Rake $0.06 | Jackpot $0 | Bingo $0 | Fortune $0 | Tax $0
Board [3c 9h Qs 4d]
Seat 1: 64c81908 folded on the Turn
Seat 2: 7ca1c77a won ($1.23)
Seat 3: d9fca880 folded before Flop (didn't bet)
Seat 4: d03535e1 (button) folded before Flop (didn't bet)
Seat 5: 44b05c02 (small blind) folded before Flop
Seat 6: Hero (big blind) folded before Flop


Poker Hand #HD1788679487: Hold'em No Limit ($0.05/$0.1) - 2024/05/26 17:38:27
Table 'NLHRed19' 6-max Seat #3 is the button
Seat 1: 64c81908 ($7.7 in chips)
Seat 2: 7ca1c77a ($10 in chips)
Seat 3: d9fca880 ($13.29 in chips)
Seat 4: d03535e1 ($20.18 in chips)
Seat 5: 44b05c02 ($13.07 in chips)
Seat 6: Hero ($12.8 in chips)
d03535e1: posts small blind $0.05
44b05c02: posts big blind $0.1
*** HOLE CARDS ***
Dealt to 64c81908 
Dealt to 7ca1c77a 
Dealt to d9fca880 
Dealt to d03535e1 
Dealt to 44b05c02 
Dealt to Hero [Jd 8h]
Hero: folds
64c81908: folds
7ca1c77a: folds
d9fca880: folds
d03535e1: folds
Uncalled bet ($0.05) returned to 44b05c02
*** SHOWDOWN ***
44b05c02 collected $0.1 from pot
*** SUMMARY ***
Total pot $0.1 | Rake $0 | Jackpot $0 | Bingo $0 | Fortune $0 | Tax $0
Seat 1: 64c81908 folded before Flop (didn't bet)
Seat 2: 7ca1c77a folded before Flop (didn't bet)
Seat 3: d9fca880 (button) folded before Flop (didn't bet)
Seat 4: d03535e1 (small blind) folded before Flop
Seat 5: 44b05c02 (big blind) collected ($0.1)
Seat 6: Hero folded before Flop (didn't bet)


Poker Hand #HD1788679360: Hold'em No Limit ($0.05/$0.1) - 2024/05/26 17:37:01
Table 'NLHRed19' 6-max Seat #2 is the button
Seat 1: 64c81908 ($7.9 in chips)
Seat 2: 7ca1c77a ($10 in chips)
Seat 3: d9fca880 ($14.42 in chips)
Seat 4: d03535e1 ($20.38 in chips)
Seat 5: 44b05c02 ($13.07 in chips)
Seat 6: Hero ($11.02 in chips)
d9fca880: posts small blind $0.05
d03535e1: posts big blind $0.1
*** HOLE CARDS ***
Dealt to 64c81908 
Dealt to 7ca1c77a 
Dealt to d9fca880 
Dealt to d03535e1 
Dealt to 44b05c02 
Dealt to Hero [Ac As]
44b05c02: folds
Hero: raises $0.1 to $0.2
64c81908: calls $0.2
7ca1c77a: calls $0.2
d9fca880: calls $0.15
d03535e1: calls $0.1
*** FLOP *** [Ts 9c Qd]
d9fca880: checks
d03535e1: checks
Hero: bets $0.3
64c81908: folds
7ca1c77a: calls $0.3
d9fca880: calls $0.3
d03535e1: folds
*** TURN *** [Ts 9c Qd] [2d]
d9fca880: checks
Hero: bets $0.63
7ca1c77a: folds
d9fca880: calls $0.63
*** RIVER *** [Ts 9c Qd 2d] [Kd]
d9fca880: checks
Hero: checks
d9fca880: shows [Td Ah] (Pair of Tens)
Hero: shows [Ac As] (Pair of Aces)
*** SHOWDOWN ***
Hero collected $2.91 from pot
*** SUMMARY ***
Total pot $3.16 | Rake $0.15 | Jackpot $0.1 | Bingo $0 | Fortune $0 | Tax $0
Board [Ts 9c Qd 2d Kd]
Seat 1: 64c81908 folded on the Flop
Seat 2: 7ca1c77a (button) folded on the Turn
Seat 3: d9fca880 (small blind) showed [Td Ah] and lost with Pair of Tens
Seat 4: d03535e1 (big blind) folded on the Flop
Seat 5: 44b05c02 folded before Flop (didn't bet)
Seat 6: Hero showed [Ac As] and won ($2.91) with Pair of Aces


Poker Hand #HD1788679275: Hold'em No Limit ($0.05/$0.1) - 2024/05/26 17:36:08
Table 'NLHRed19' 6-max Seat #1 is the button
Seat 1: 64c81908 ($7.9 in chips)
Seat 2: 7ca1c77a ($10 in chips)
Seat 3: d9fca880 ($14.66 in chips)
Seat 4: d03535e1 ($20.38 in chips)
Seat 5: 44b05c02 ($13.07 in chips)
Seat 6: Hero ($10.75 in chips)
7ca1c77a: posts small blind $0.05
d9fca880: posts big blind $0.1
*** HOLE CARDS ***
Dealt to 64c81908 
Dealt to 7ca1c77a 
Dealt to d9fca880 
Dealt to d03535e1 
Dealt to 44b05c02 
Dealt to Hero [5c 4c]
d03535e1: folds
44b05c02: folds
Hero: raises $0.14 to $0.24
64c81908: folds
7ca1c77a: folds
d9fca880: calls $0.14
*** FLOP *** [9d 7s 3h]
d9fca880: checks
Hero: bets $0.3
d9fca880: folds
Uncalled bet ($0.3) returned to Hero
*** SHOWDOWN ***
Hero collected $0.51 from pot
*** SUMMARY ***
Total pot $0.53 | Rake $0.02 | Jackpot $0 | Bingo $0 | Fortune $0 | Tax $0
Board [9d 7s 3h]
Seat 1: 64c81908 (button) folded before Flop (didn't bet)
Seat 2: 7ca1c77a (small blind) folded before Flop
Seat 3: d9fca880 (big blind) folded on the Flop
Seat 4: d03535e1 folded before Flop (didn't bet)
Seat 5: 44b05c02 folded before Flop (didn't bet)
Seat 6: Hero won ($0.51)


Poker Hand #HD1788679192: Hold'em No Limit ($0.05/$0.1) - 2024/05/26 17:35:18
Table 'NLHRed19' 6-max Seat #6 is the button
Seat 1: 64c81908 ($8.11 in chips)
Seat 2: 7ca1c77a ($10.15 in chips)
Seat 3: d9fca880 ($14.27 in chips)
Seat 4: d03535e1 ($20.38 in chips)
Seat 5: 44b05c02 ($13.07 in chips)
Seat 6: Hero ($10.75 in chips)
64c81908: posts small blind $0.05
7ca1c77a: posts big blind $0.1
*** HOLE CARDS ***
Dealt to 64c81908 
Dealt to 7ca1c77a 
Dealt to d9fca880 
Dealt to d03535e1 
Dealt to 44b05c02 
Dealt to Hero [2d Qs]
d9fca880: raises $0.11 to $0.21
d03535e1: folds
44b05c02: folds
Hero: folds
64c81908: calls $0.16
7ca1c77a: calls $0.11
*** FLOP *** [7h Td 8s]
64c81908: checks
7ca1c77a: checks
d9fca880: bets $0.21
64c81908: folds
7ca1c77a: folds
Uncalled bet ($0.21) returned to d9fca880
*** SHOWDOWN ***
d9fca880 collected $0.6 from pot
*** SUMMARY ***
Total pot $0.63 | Rake $0.03 | Jackpot $0 | Bingo $0 | Fortune $0 | Tax $0
Board [7h Td 8s]
Seat 1: 64c81908 (small blind) folded on the Flop
Seat 2: 7ca1c77a (big blind) folded on the Flop
Seat 3: d9fca880 won ($0.6)
Seat 4: d03535e1 folded before Flop (didn't bet)
Seat 5: 44b05c02 folded before Flop (didn't bet)
Seat 6: Hero (button) folded before Flop (didn't bet)


Poker Hand #HD1788679165: Hold'em No Limit ($0.05/$0.1) - 2024/05/26 17:34:58
Table 'NLHRed19' 6-max Seat #5 is the button
Seat 1: 64c81908 ($8.21 in chips)
Seat 2: 7ca1c77a ($10 in chips)
Seat 3: d9fca880 ($14.27 in chips)
Seat 4: d03535e1 ($20.38 in chips)
Seat 5: 44b05c02 ($13.07 in chips)
Seat 6: Hero ($10.8 in chips)
Hero: posts small blind $0.05
64c81908: posts big blind $0.1
*** HOLE CARDS ***
Dealt to 64c81908 
Dealt to 7ca1c77a 
Dealt to d9fca880 
Dealt to d03535e1 
Dealt to 44b05c02 
Dealt to Hero [Ah 9c]
7ca1c77a: raises $0.25 to $0.35
d9fca880: folds
d03535e1: folds
44b05c02: folds
Hero: folds
64c81908: folds
Uncalled bet ($0.25) returned to 7ca1c77a
*** SHOWDOWN ***
7ca1c77a collected $0.25 from pot
*** SUMMARY ***
Total pot $0.25 | Rake $0 | Jackpot $0 | Bingo $0 | Fortune $0 | Tax $0
Seat 1: 64c81908 (big blind) folded before Flop
Seat 2: 7ca1c77a collected ($0.25)
Seat 3: d9fca880 folded before Flop (didn't bet)
Seat 4: d03535e1 folded before Flop (didn't bet)
Seat 5: 44b05c02 (button) folded before Flop (didn't bet)
Seat 6: Hero (small blind) folded before Flop


Poker Hand #HD1788679099: Hold'em No Limit ($0.05/$0.1) - 2024/05/26 17:34:16
Table 'NLHRed19' 6-max Seat #4 is the button
Seat 1: 64c81908 ($7.43 in chips)
Seat 2: 7ca1c77a ($10.33 in chips)
Seat 3: d9fca880 ($14.27 in chips)
Seat 4: d03535e1 ($20.38 in chips)
Seat 5: 44b05c02 ($13.12 in chips)
Seat 6: Hero ($10.9 in chips)
44b05c02: posts small blind $0.05
Hero: posts big blind $0.1
*** HOLE CARDS ***
Dealt to 64c81908 
Dealt to 7ca1c77a 
Dealt to d9fca880 
Dealt to d03535e1 
Dealt to 44b05c02 
Dealt to Hero [4c 6d]
64c81908: raises $0.1 to $0.2
7ca1c77a: raises $0.5 to $0.7
d9fca880: folds
d03535e1: folds
44b05c02: folds
Hero: folds
64c81908: calls $0.5
*** FLOP *** [3s As 3d]
64c81908: checks
7ca1c77a: checks
*** TURN *** [3s As 3d] [7d]
64c81908: bets $0.78
7ca1c77a: folds
Uncalled bet ($0.78) returned to 64c81908
*** SHOWDOWN ***
64c81908 collected $1.48 from pot
*** SUMMARY ***
Total pot $1.55 | Rake $0.07 | Jackpot $0 | Bingo $0 | Fortune $0 | Tax $0
Board [3s As 3d 7d]
Seat 1: 64c81908 won ($1.48)
Seat 2: 7ca1c77a folded on the Turn
Seat 3: d9fca880 folded before Flop (didn't bet)
Seat 4: d03535e1 (button) folded before Flop (didn't bet)
Seat 5: 44b05c02 (small blind) folded before Flop
Seat 6: Hero (big blind) folded before Flop


Poker Hand #HD1788679050: Hold'em No Limit ($0.05/$0.1) - 2024/05/26 17:33:48
Table 'NLHRed19' 6-max Seat #3 is the button
Seat 1: 64c81908 ($7.43 in chips)
Seat 2: 7ca1c77a ($10.33 in chips)
Seat 3: d9fca880 ($14.27 in chips)
Seat 4: d03535e1 ($20.43 in chips)
Seat 5: 44b05c02 ($13.32 in chips)
Seat 6: Hero ($10.67 in chips)
d03535e1: posts small blind $0.05
44b05c02: posts big blind $0.1
*** HOLE CARDS ***
Dealt to 64c81908 
Dealt to 7ca1c77a 
Dealt to d9fca880 
Dealt to d03535e1 
Dealt to 44b05c02 
Dealt to Hero [9h 8h]
Hero: raises $0.1 to $0.2
64c81908: folds
7ca1c77a: folds
d9fca880: folds
d03535e1: folds
44b05c02: calls $0.1
*** FLOP *** [3s 7h 8d]
44b05c02: checks
Hero: bets $0.2
44b05c02: folds
Uncalled bet ($0.2) returned to Hero
*** SHOWDOWN ***
Hero collected $0.43 from pot
*** SUMMARY ***
Total pot $0.45 | Rake $0.02 | Jackpot $0 | Bingo $0 | Fortune $0 | Tax $0
Board [3s 7h 8d]
Seat 1: 64c81908 folded before Flop (didn't bet)
Seat 2: 7ca1c77a folded before Flop (didn't bet)
Seat 3: d9fca880 (button) folded before Flop (didn't bet)
Seat 4: d03535e1 (small blind) folded before Flop
Seat 5: 44b05c02 (big blind) folded on the Flop
Seat 6: Hero won ($0.43)


Poker Hand #HD1788678977: Hold'em No Limit ($0.05/$0.1) - 2024/05/26 17:33:04
Table 'NLHRed19' 6-max Seat #2 is the button
Seat 1: 64c81908 ($7.63 in chips)
Seat 2: 7ca1c77a ($10.33 in chips)
Seat 3: d9fca880 ($14.32 in chips)
Seat 4: d03535e1 ($20.53 in chips)
Seat 5: 44b05c02 ($13.32 in chips)
Seat 6: Hero ($10.34 in chips)
d9fca880: posts small blind $0.05
d03535e1: posts big blind $0.1
*** HOLE CARDS ***
Dealt to 64c81908 
Dealt to 7ca1c77a 
Dealt to d9fca880 
Dealt to d03535e1 
Dealt to 44b05c02 
Dealt to Hero [Tc Jc]
44b05c02: folds
Hero: raises $0.1 to $0.2
64c81908: calls $0.2
7ca1c77a: folds
d9fca880: folds
d03535e1: folds
*** FLOP *** [Qh 4h Td]
Hero: checks
64c81908: checks
*** TURN *** [Qh 4h Td] [Ac]
Hero: checks
64c81908: checks
*** RIVER *** [Qh 4h Td Ac] [Kc]
Hero: bets $0.4
64c81908: folds
Uncalled bet ($0.4) returned to Hero
*** SHOWDOWN ***
Hero collected $0.53 from pot
*** SUMMARY ***
Total pot $0.55 | Rake $0.02 | Jackpot $0 | Bingo $0 | Fortune $0 | Tax $0
Board [Qh 4h Td Ac Kc]
Seat 1: 64c81908 folded on the River
Seat 2: 7ca1c77a (button) folded before Flop (didn't bet)
Seat 3: d9fca880 (small blind) folded before Flop
Seat 4: d03535e1 (big blind) folded before Flop
Seat 5: 44b05c02 folded before Flop (didn't bet)
Seat 6: Hero won ($0.53)


Poker Hand #HD1788678936: Hold'em No Limit ($0.05/$0.1) - 2024/05/26 17:32:35
Table 'NLHRed19' 6-max Seat #1 is the button
Seat 1: 64c81908 ($7.83 in chips)
Seat 2: 7ca1c77a ($10.05 in chips)
Seat 3: d9fca880 ($14.42 in chips)
Seat 4: d03535e1 ($20.53 in chips)
Seat 5: 44b05c02 ($13.32 in chips)
Seat 6: Hero ($10.34 in chips)
7ca1c77a: posts small blind $0.05
d9fca880: posts big blind $0.1
*** HOLE CARDS ***
Dealt to 64c81908 
Dealt to 7ca1c77a 
Dealt to d9fca880 
Dealt to d03535e1 
Dealt to 44b05c02 
Dealt to Hero [Tc 8h]
d03535e1: folds
44b05c02: folds
Hero: folds
64c81908: raises $0.1 to $0.2
7ca1c77a: calls $0.15
d9fca880: folds
*** FLOP *** [3h Th 9h]
7ca1c77a: bets $0.33
64c81908: folds
Uncalled bet ($0.33) returned to 7ca1c77a
*** SHOWDOWN ***
7ca1c77a collected $0.48 from pot
*** SUMMARY ***
Total pot $0.5 | Rake $0.02 | Jackpot $0 | Bingo $0 | Fortune $0 | Tax $0
Board [3h Th 9h]
Seat 1: 64c81908 (button) folded on the Flop
Seat 2: 7ca1c77a (small blind) won ($0.48)
Seat 3: d9fca880 (big blind) folded before Flop
Seat 4: d03535e1 folded before Flop (didn't bet)
Seat 5: 44b05c02 folded before Flop (didn't bet)
Seat 6: Hero folded before Flop (didn't bet)


Poker Hand #HD1788678902: Hold'em No Limit ($0.05/$0.1) - 2024/05/26 17:32:16
Table 'NLHRed19' 6-max Seat #6 is the button
Seat 1: 64c81908 ($7.88 in chips)
Seat 2: 7ca1c77a ($10.15 in chips)
Seat 3: d9fca880 ($14.63 in chips)
Seat 4: d03535e1 ($20.53 in chips)
Seat 5: 44b05c02 ($13.32 in chips)
Seat 6: Hero ($10 in chips)
64c81908: posts small blind $0.05
7ca1c77a: posts big blind $0.1
*** HOLE CARDS ***
Dealt to 64c81908 
Dealt to 7ca1c77a 
Dealt to d9fca880 
Dealt to d03535e1 
Dealt to 44b05c02 
Dealt to Hero [Ad Ks]
d9fca880: raises $0.11 to $0.21
d03535e1: folds
44b05c02: folds
Hero: raises $0.49 to $0.7
64c81908: folds
7ca1c77a: folds
d9fca880: folds
Uncalled bet ($0.49) returned to Hero
*** SHOWDOWN ***
Hero collected $0.55 from pot
*** SUMMARY ***
Total pot $0.57 | Rake $0.02 | Jackpot $0 | Bingo $0 | Fortune $0 | Tax $0
Seat 1: 64c81908 (small blind) folded before Flop
Seat 2: 7ca1c77a (big blind) folded before Flop
Seat 3: d9fca880 folded before Flop
Seat 4: d03535e1 folded before Flop (didn't bet)
Seat 5: 44b05c02 folded before Flop (didn't bet)
Seat 6: Hero (button) collected ($0.55)


Poker Hand #HD1788678875: Hold'em No Limit ($0.05/$0.1) - 2024/05/26 17:31:58
Table 'NLHRed19' 6-max Seat #5 is the button
Seat 1: 64c81908 ($7.98 in chips)
Seat 2: 7ca1c77a ($10 in chips)
Seat 3: d9fca880 ($14.63 in chips)
Seat 4: d03535e1 ($20.53 in chips)
Seat 5: 44b05c02 ($13.32 in chips)
Seat 6: Hero ($10.05 in chips)
Hero: posts small blind $0.05
64c81908: posts big blind $0.1
*** HOLE CARDS ***
Dealt to 64c81908 
Dealt to 7ca1c77a 
Dealt to d9fca880 
Dealt to d03535e1 
Dealt to 44b05c02 
Dealt to Hero [Js 2s]
7ca1c77a: raises $0.25 to $0.35
d9fca880: folds
d03535e1: folds
44b05c02: folds
Hero: folds
64c81908: folds
Uncalled bet ($0.25) returned to 7ca1c77a
*** SHOWDOWN ***
7ca1c77a collected $0.25 from pot
*** SUMMARY ***
Total pot $0.25 | Rake $0 | Jackpot $0 | Bingo $0 | Fortune $0 | Tax $0
Seat 1: 64c81908 (big blind) folded before Flop
Seat 2: 7ca1c77a collected ($0.25)
Seat 3: d9fca880 folded before Flop (didn't bet)
Seat 4: d03535e1 folded before Flop (didn't bet)
Seat 5: 44b05c02 (button) folded before Flop (didn't bet)
Seat 6: Hero (small blind) folded before Flop


Poker Hand #HD1788678844: Hold'em No Limit ($0.05/$0.1) - 2024/05/26 17:31:36
Table 'NLHRed19' 6-max Seat #4 is the button
Seat 1: 64c81908 ($7.98 in chips)
Seat 2: 7ca1c77a ($10 in chips)
Seat 3: d9fca880 ($14.63 in chips)
Seat 4: d03535e1 ($20.53 in chips)
Seat 5: 44b05c02 ($13.37 in chips)
Seat 6: Hero ($10 in chips)
44b05c02: posts small blind $0.05
Hero: posts big blind $0.1
*** HOLE CARDS ***
Dealt to 64c81908 
Dealt to 7ca1c77a 
Dealt to d9fca880 
Dealt to d03535e1 
Dealt to 44b05c02 
Dealt to Hero [Ac 7s]
64c81908: folds
7ca1c77a: folds
d9fca880: folds
d03535e1: folds
44b05c02: folds
Uncalled bet ($0.05) returned to Hero
*** SHOWDOWN ***
Hero collected $0.1 from pot
*** SUMMARY ***
Total pot $0.1 | Rake $0 | Jackpot $0 | Bingo $0 | Fortune $0 | Tax $0
Seat 1: 64c81908 folded before Flop (didn't bet)
Seat 2: 7ca1c77a folded before Flop (didn't bet)
Seat 3: d9fca880 folded before Flop (didn't bet)
Seat 4: d03535e1 (button) folded before Flop (didn't bet)
Seat 5: 44b05c02 (small blind) folded before Flop
Seat 6: Hero (big blind) collected ($0.1)


Poker Hand #HD1788678814: Hold'em No Limit ($0.05/$0.1) - 2024/05/26 17:31:17
Table 'NLHRed19' 6-max Seat #3 is the button
Seat 1: 64c81908 ($7.98 in chips)
Seat 2: 7ca1c77a ($10 in chips)
Seat 3: d9fca880 ($14.63 in chips)
Seat 4: d03535e1 ($20.58 in chips)
Seat 5: 44b05c02 ($13.32 in chips)
Seat 6: Hero ($10 in chips)
d03535e1: posts small blind $0.05
44b05c02: posts big blind $0.1
*** HOLE CARDS ***
Dealt to 64c81908 
Dealt to 7ca1c77a 
Dealt to d9fca880 
Dealt to d03535e1 
Dealt to 44b05c02 
Dealt to Hero [7c Ad]
Hero: folds
64c81908: folds
7ca1c77a: folds
d9fca880: folds
d03535e1: folds
Uncalled bet ($0.05) returned to 44b05c02
*** SHOWDOWN ***
44b05c02 collected $0.1 from pot
*** SUMMARY ***
Total pot $0.1 | Rake $0 | Jackpot $0 | Bingo $0 | Fortune $0 | Tax $0
Seat 1: 64c81908 folded before Flop (didn't bet)
Seat 2: 7ca1c77a folded before Flop (didn't bet)
Seat 3: d9fca880 (button) folded before Flop (didn't bet)
Seat 4: d03535e1 (small blind) folded before Flop
Seat 5: 44b05c02 (big blind) collected ($0.1)
Seat 6: Hero folded before Flop (didn't bet)


Poker Hand #HD1788678784: Hold'em No Limit ($0.05/$0.1) - 2024/05/26 17:31:01
Table 'NLHRed19' 6-max Seat #2 is the button
Seat 1: 64c81908 ($7.83 in chips)
Seat 2: 7ca1c77a ($10 in chips)
Seat 3: d9fca880 ($14.68 in chips)
Seat 4: d03535e1 ($20.68 in chips)
Seat 5: 44b05c02 ($13.32 in chips)
Seat 6: Hero ($10 in chips)
d9fca880: posts small blind $0.05
d03535e1: posts big blind $0.1
*** HOLE CARDS ***
Dealt to 64c81908 
Dealt to 7ca1c77a 
Dealt to d9fca880 
Dealt to d03535e1 
Dealt to 44b05c02 
Dealt to Hero [Js 8d]
44b05c02: folds
Hero: folds
64c81908: raises $0.1 to $0.2
7ca1c77a: folds
d9fca880: folds
d03535e1: folds
Uncalled bet ($0.1) returned to 64c81908
*** SHOWDOWN ***
64c81908 collected $0.25 from pot
*** SUMMARY ***
Total pot $0.25 | Rake $0 | Jackpot $0 | Bingo $0 | Fortune $0 | Tax $0
Seat 1: 64c81908 collected ($0.25)
Seat 2: 7ca1c77a (button) folded before Flop (didn't bet)
Seat 3: d9fca880 (small blind) folded before Flop
Seat 4: d03535e1 (big blind) folded before Flop
Seat 5: 44b05c02 folded before Flop (didn't bet)
Seat 6: Hero folded before Flop (didn't bet)


Poker Hand #HD1788678671: Hold'em No Limit ($0.05/$0.1) - 2024/05/26 17:29:56
Table 'NLHRed19' 6-max Seat #1 is the button
Seat 1: 64c81908 ($7.33 in chips)
Seat 2: 7ca1c77a ($10 in chips)
Seat 3: d9fca880 ($14.92 in chips)
Seat 4: d03535e1 ($20.68 in chips)
Seat 5: 44b05c02 ($13.32 in chips)
Seat 6: Hero ($10.23 in chips)
7ca1c77a: posts small blind $0.05
d9fca880: posts big blind $0.1
*** HOLE CARDS ***
Dealt to 64c81908 
Dealt to 7ca1c77a 
Dealt to d9fca880 
Dealt to d03535e1 
Dealt to 44b05c02 
Dealt to Hero [Kh Ad]
d03535e1: folds
44b05c02: folds
Hero: raises $0.14 to $0.24
64c81908: calls $0.24
7ca1c77a: folds
d9fca880: calls $0.14
*** FLOP *** [4d 9s Th]
d9fca880: checks
Hero: checks
64c81908: checks
*** TURN *** [4d 9s Th] [2c]
d9fca880: checks
Hero: checks
64c81908: bets $0.39
d9fca880: folds
Hero: folds
Uncalled bet ($0.39) returned to 64c81908
*** SHOWDOWN ***
64c81908 collected $0.74 from pot
*** SUMMARY ***
Total pot $0.77 | Rake $0.03 | Jackpot $0 | Bingo $0 | Fortune $0 | Tax $0
Board [4d 9s Th 2c]
Seat 1: 64c81908 (button) won ($0.74)
Seat 2: 7ca1c77a (small blind) folded before Flop
Seat 3: d9fca880 (big blind) folded on the Turn
Seat 4: d03535e1 folded before Flop (didn't bet)
Seat 5: 44b05c02 folded before Flop (didn't bet)
Seat 6: Hero folded on the Turn


Poker Hand #HD1788678543: Hold'em No Limit ($0.05/$0.1) - 2024/05/26 17:28:37
Table 'NLHRed19' 6-max Seat #6 is the button
Seat 1: 64c81908 ($6.55 in chips)
Seat 2: 7ca1c77a ($10 in chips)
Seat 3: d9fca880 ($14.92 in chips)
Seat 4: d03535e1 ($21.44 in chips)
Seat 5: 44b05c02 ($13.32 in chips)
Seat 6: Hero ($10.23 in chips)
64c81908: posts small blind $0.05
7ca1c77a: posts big blind $0.1
*** HOLE CARDS ***
Dealt to 64c81908 
Dealt to 7ca1c77a 
Dealt to d9fca880 
Dealt to d03535e1 
Dealt to 44b05c02 
Dealt to Hero [7s Ac]
d9fca880: folds
d03535e1: raises $0.12 to $0.22
44b05c02: folds
Hero: folds
64c81908: raises $0.54 to $0.76
7ca1c77a: folds
d03535e1: calls $0.54
*** FLOP *** [Kc 8s 8d]
64c81908: checks
d03535e1: checks
*** TURN *** [Kc 8s 8d] [Jc]
64c81908: checks
d03535e1: checks
*** RIVER *** [Kc 8s 8d Jc] [6s]
64c81908: checks
d03535e1: checks
64c81908: shows [Kd 9d] (Pair of Kings and Pair of Eights)
d03535e1: shows [7c 6c] (Pair of Eights and Pair of Sixes)
*** SHOWDOWN ***
64c81908 collected $1.54 from pot
*** SUMMARY ***
Total pot $1.62 | Rake $0.08 | Jackpot $0 | Bingo $0 | Fortune $0 | Tax $0
Board [Kc 8s 8d Jc 6s]
Seat 1: 64c81908 (small blind) showed [Kd 9d] and won ($1.54) with Pair of Kings and Pair of Eights
Seat 2: 7ca1c77a (big blind) folded before Flop
Seat 3: d9fca880 folded before Flop (didn't bet)
Seat 4: d03535e1 showed [7c 6c] and lost with Pair of Eights and Pair of Sixes
Seat 5: 44b05c02 folded before Flop (didn't bet)
Seat 6: Hero (button) folded before Flop (didn't bet)


Poker Hand #HD1788678514: Hold'em No Limit ($0.05/$0.1) - 2024/05/26 17:28:20
Table 'NLHRed19' 6-max Seat #5 is the button
Seat 1: 64c81908 ($6.65 in chips)
Seat 2: 7ca1c77a ($10 in chips)
Seat 3: d9fca880 ($14.92 in chips)
Seat 4: d03535e1 ($21.29 in chips)
Seat 5: 44b05c02 ($13.32 in chips)
Seat 6: Hero ($10.28 in chips)
Hero: posts small blind $0.05
64c81908: posts big blind $0.1
*** HOLE CARDS ***
Dealt to 64c81908 
Dealt to 7ca1c77a 
Dealt to d9fca880 
Dealt to d03535e1 
Dealt to 44b05c02 
Dealt to Hero [7s 2s]
7ca1c77a: folds
d9fca880: folds
d03535e1: raises $0.12 to $0.22
44b05c02: folds
Hero: folds
64c81908: folds
Uncalled bet ($0.12) returned to d03535e1
*** SHOWDOWN ***
d03535e1 collected $0.25 from pot
*** SUMMARY ***
Total pot $0.25 | Rake $0 | Jackpot $0 | Bingo $0 | Fortune $0 | Tax $0
Seat 1: 64c81908 (big blind) folded before Flop
Seat 2: 7ca1c77a folded before Flop (didn't bet)
Seat 3: d9fca880 folded before Flop (didn't bet)
Seat 4: d03535e1 collected ($0.25)
Seat 5: 44b05c02 (button) folded before Flop (didn't bet)
Seat 6: Hero (small blind) folded before Flop


Poker Hand #HD1788678463: Hold'em No Limit ($0.05/$0.1) - 2024/05/26 17:27:42
Table 'NLHRed19' 6-max Seat #4 is the button
Seat 1: 64c81908 ($6.65 in chips)
Seat 2: 7ca1c77a ($10 in chips)
Seat 3: d9fca880 ($14.92 in chips)
Seat 4: d03535e1 ($21.29 in chips)
Seat 5: 44b05c02 ($13.37 in chips)
Seat 6: Hero ($10 in chips)
44b05c02: posts small blind $0.05
Hero: posts big blind $0.1
*** HOLE CARDS ***
Dealt to 64c81908 
Dealt to 7ca1c77a 
Dealt to d9fca880 
Dealt to d03535e1 
Dealt to 44b05c02 
Dealt to Hero [7c 7h]
64c81908: folds
7ca1c77a: raises $0.15 to $0.25
d9fca880: folds
d03535e1: folds
44b05c02: folds
Hero: calls $0.15
*** FLOP *** [5h 8h 7s]
Hero: checks
7ca1c77a: checks
*** TURN *** [5h 8h 7s] [Qh]
Hero: bets $0.4
7ca1c77a: folds
Uncalled bet ($0.4) returned to Hero
*** SHOWDOWN ***
Hero collected $0.53 from pot
*** SUMMARY ***
Total pot $0.55 | Rake $0.02 | Jackpot $0 | Bingo $0 | Fortune $0 | Tax $0
Board [5h 8h 7s Qh]
Seat 1: 64c81908 folded before Flop (didn't bet)
Seat 2: 7ca1c77a folded on the Turn
Seat 3: d9fca880 folded before Flop (didn't bet)
Seat 4: d03535e1 (button) folded before Flop (didn't bet)
Seat 5: 44b05c02 (small blind) folded before Flop
Seat 6: Hero (big blind) won ($0.53)


