Poker Hand #HD1716893609: Hold'em No Limit ($0.02/$0.05) - 2024/04/05 16:42:35
Table 'NLHBlue11' 6-max Seat #5 is the button
Seat 1: 36fc91a8 ($8.69 in chips)
Seat 2: cc06189d ($5.91 in chips)
Seat 3: 6c5f6c80 ($7.63 in chips)
Seat 4: 7a9ff863 ($5 in chips)
Seat 5: f71a1d4e ($5 in chips)
Seat 6: Hero ($5.16 in chips)
Hero: posts small blind $0.02
36fc91a8: posts big blind $0.05
*** HOLE CARDS ***
Dealt to 36fc91a8 
Dealt to cc06189d 
Dealt to 6c5f6c80 
Dealt to 7a9ff863 
Dealt to f71a1d4e 
Dealt to Hero [Ks Kc]
cc06189d: folds
6c5f6c80: folds
7a9ff863: folds
f71a1d4e: folds
Hero: raises $0.1 to $0.15
36fc91a8: calls $0.1
*** FLOP *** [8h Ah Tc]
Hero: checks
36fc91a8: checks
*** TURN *** [8h Ah Tc] [2s]
Hero: checks
36fc91a8: bets $0.23
Hero: folds
Uncalled bet ($0.23) returned to 36fc91a8
*** SHOWDOWN ***
36fc91a8 collected $0.29 from pot
*** SUMMARY ***
Total pot $0.3 | Rake $0.01 | Jackpot $0 | Bingo $0 | Fortune $0 | Tax $0
Board [8h Ah Tc 2s]
Seat 1: 36fc91a8 (big blind) won ($0.29)
Seat 2: cc06189d folded before Flop (didn't bet)
Seat 3: 6c5f6c80 folded before Flop (didn't bet)
Seat 4: 7a9ff863 folded before Flop (didn't bet)
Seat 5: f71a1d4e (button) folded before Flop (didn't bet)
Seat 6: Hero (small blind) folded on the Turn


Poker Hand #HD1716893567: Hold'em No Limit ($0.02/$0.05) - 2024/04/05 16:42:16
Table 'NLHBlue11' 6-max Seat #4 is the button
Seat 1: 36fc91a8 ($8.69 in chips)
Seat 2: cc06189d ($5.84 in chips)
Seat 3: 6c5f6c80 ($7.63 in chips)
Seat 4: 7a9ff863 ($5 in chips)
Seat 5: f71a1d4e ($5 in chips)
Seat 6: Hero ($5.21 in chips)
f71a1d4e: posts small blind $0.02
Hero: posts big blind $0.05
*** HOLE CARDS ***
Dealt to 36fc91a8 
Dealt to cc06189d 
Dealt to 6c5f6c80 
Dealt to 7a9ff863 
Dealt to f71a1d4e 
Dealt to Hero [9c 3c]
36fc91a8: folds
cc06189d: raises $0.05 to $0.1
6c5f6c80: folds
7a9ff863: folds
f71a1d4e: folds
Hero: folds
Uncalled bet ($0.05) returned to cc06189d
*** SHOWDOWN ***
cc06189d collected $0.12 from pot
*** SUMMARY ***
Total pot $0.12 | Rake $0 | Jackpot $0 | Bingo $0 | Fortune $0 | Tax $0
Seat 1: 36fc91a8 folded before Flop (didn't bet)
Seat 2: cc06189d collected ($0.12)
Seat 3: 6c5f6c80 folded before Flop (didn't bet)
Seat 4: 7a9ff863 (button) folded before Flop (didn't bet)
Seat 5: f71a1d4e (small blind) folded before Flop
Seat 6: Hero (big blind) folded before Flop


Poker Hand #HD1716893538: Hold'em No Limit ($0.02/$0.05) - 2024/04/05 16:42:02
Table 'NLHBlue11' 6-max Seat #3 is the button
Seat 1: 36fc91a8 ($8.69 in chips)
Seat 2: cc06189d ($5.84 in chips)
Seat 3: 6c5f6c80 ($7.63 in chips)
Seat 4: 7a9ff863 ($5 in chips)
Seat 5: f71a1d4e ($5 in chips)
Seat 6: Hero ($5.14 in chips)
7a9ff863: posts small blind $0.02
f71a1d4e: posts big blind $0.05
*** HOLE CARDS ***
Dealt to 36fc91a8 
Dealt to cc06189d 
Dealt to 6c5f6c80 
Dealt to 7a9ff863 
Dealt to f71a1d4e 
Dealt to Hero [8c 8s]
Hero: raises $0.05 to $0.1
36fc91a8: folds
cc06189d: folds
6c5f6c80: folds
7a9ff863: folds
f71a1d4e: folds
Uncalled bet ($0.05) returned to Hero
*** SHOWDOWN ***
Hero collected $0.12 from pot
*** SUMMARY ***
Total pot $0.12 | Rake $0 | Jackpot $0 | Bingo $0 | Fortune $0 | Tax $0
Seat 1: 36fc91a8 folded before Flop (didn't bet)
Seat 2: cc06189d folded before Flop (didn't bet)
Seat 3: 6c5f6c80 (button) folded before Flop (didn't bet)
Seat 4: 7a9ff863 (small blind) folded before Flop
Seat 5: f71a1d4e (big blind) folded before Flop
Seat 6: Hero collected ($0.12)


Poker Hand #HD1716893454: Hold'em No Limit ($0.02/$0.05) - 2024/04/05 16:41:13
Table 'NLHBlue11' 6-max Seat #2 is the button
Seat 1: 36fc91a8 ($8.56 in chips)
Seat 2: cc06189d ($5.84 in chips)
Seat 3: 6c5f6c80 ($7.65 in chips)
Seat 4: 7a9ff863 ($5 in chips)
Seat 5: f71a1d4e ($5 in chips)
Seat 6: Hero ($5.14 in chips)
6c5f6c80: posts small blind $0.02
7a9ff863: posts big blind $0.05
*** HOLE CARDS ***
Dealt to 36fc91a8 
Dealt to cc06189d 
Dealt to 6c5f6c80 
Dealt to 7a9ff863 
Dealt to f71a1d4e 
Dealt to Hero [6c 9s]
f71a1d4e: folds
Hero: folds
36fc91a8: raises $0.07 to $0.12
cc06189d: folds
6c5f6c80: folds
7a9ff863: calls $0.07
*** FLOP *** [5s Tc 3c]
7a9ff863: checks
36fc91a8: checks
*** TURN *** [5s Tc 3c] [3s]
7a9ff863: checks
36fc91a8: bets $0.2
7a9ff863: folds
Uncalled bet ($0.2) returned to 36fc91a8
*** SHOWDOWN ***
36fc91a8 collected $0.25 from pot
*** SUMMARY ***
Total pot $0.26 | Rake $0.01 | Jackpot $0 | Bingo $0 | Fortune $0 | Tax $0
Board [5s Tc 3c 3s]
Seat 1: 36fc91a8 won ($0.25)
Seat 2: cc06189d (button) folded before Flop (didn't bet)
Seat 3: 6c5f6c80 (small blind) folded before Flop
Seat 4: 7a9ff863 (big blind) folded on the Turn
Seat 5: f71a1d4e folded before Flop (didn't bet)
Seat 6: Hero folded before Flop (didn't bet)


Poker Hand #HD1716893356: Hold'em No Limit ($0.02/$0.05) - 2024/04/05 16:40:22
Table 'NLHBlue11' 6-max Seat #1 is the button
Seat 1: 36fc91a8 ($8.31 in chips)
Seat 2: cc06189d ($6.06 in chips)
Seat 3: 6c5f6c80 ($7.7 in chips)
Seat 5: f71a1d4e ($5 in chips)
Seat 6: Hero ($5.14 in chips)
cc06189d: posts small blind $0.02
6c5f6c80: posts big blind $0.05
*** HOLE CARDS ***
Dealt to 36fc91a8 
Dealt to cc06189d 
Dealt to 6c5f6c80 
Dealt to f71a1d4e 
Dealt to Hero [8d 7h]
f71a1d4e: folds
Hero: folds
36fc91a8: raises $0.07 to $0.12
cc06189d: calls $0.1
6c5f6c80: folds
*** FLOP *** [4c 6h Kd]
cc06189d: checks
36fc91a8: bets $0.1
cc06189d: calls $0.1
*** TURN *** [4c 6h Kd] [Td]
cc06189d: checks
36fc91a8: checks
*** RIVER *** [4c 6h Kd Td] [3h]
cc06189d: checks
36fc91a8: checks
cc06189d: shows [4h Jh] (Pair of Fours)
36fc91a8: shows [9h Tc] (Pair of Tens)
*** SHOWDOWN ***
36fc91a8 collected $0.47 from pot
*** SUMMARY ***
Total pot $0.49 | Rake $0.02 | Jackpot $0 | Bingo $0 | Fortune $0 | Tax $0
Board [4c 6h Kd Td 3h]
Seat 1: 36fc91a8 (button) showed [9h Tc] and won ($0.47) with Pair of Tens
Seat 2: cc06189d (small blind) showed [4h Jh] and lost with Pair of Fours
Seat 3: 6c5f6c80 (big blind) folded before Flop
Seat 5: f71a1d4e folded before Flop (didn't bet)
Seat 6: Hero folded before Flop (didn't bet)


Poker Hand #HD1716893270: Hold'em No Limit ($0.02/$0.05) - 2024/04/05 16:39:35
Table 'NLHBlue11' 6-max Seat #6 is the button
Seat 1: 36fc91a8 ($8.33 in chips)
Seat 2: cc06189d ($6.19 in chips)
Seat 3: 6c5f6c80 ($7.7 in chips)
Seat 4: 9aa82e9f ($5.34 in chips)
Seat 5: f71a1d4e ($5 in chips)
Seat 6: Hero ($5 in chips)
36fc91a8: posts small blind $0.02
cc06189d: posts big blind $0.05
*** HOLE CARDS ***
Dealt to 36fc91a8 
Dealt to cc06189d 
Dealt to 6c5f6c80 
Dealt to 9aa82e9f 
Dealt to f71a1d4e 
Dealt to Hero [As 2s]
6c5f6c80: folds
9aa82e9f: folds
f71a1d4e: folds
Hero: raises $0.08 to $0.13
36fc91a8: folds
cc06189d: calls $0.08
*** FLOP *** [Qh Ac Qc]
cc06189d: checks
Hero: checks
*** TURN *** [Qh Ac Qc] [5h]
cc06189d: checks
Hero: checks
*** RIVER *** [Qh Ac Qc 5h] [Jc]
cc06189d: checks
Hero: checks
cc06189d: shows [9h 5c] (Pair of Queens and Pair of Fives)
Hero: shows [As 2s] (Pair of Aces and Pair of Queens)
*** SHOWDOWN ***
Hero collected $0.27 from pot
*** SUMMARY ***
Total pot $0.28 | Rake $0.01 | Jackpot $0 | Bingo $0 | Fortune $0 | Tax $0
Board [Qh Ac Qc 5h Jc]
Seat 1: 36fc91a8 (small blind) folded before Flop
Seat 2: cc06189d (big blind) showed [9h 5c] and lost with Pair of Queens and Pair of Fives
Seat 3: 6c5f6c80 folded before Flop (didn't bet)
Seat 4: 9aa82e9f folded before Flop (didn't bet)
Seat 5: f71a1d4e folded before Flop (didn't bet)
Seat 6: Hero (button) showed [As 2s] and won ($0.27) with Pair of Aces and Pair of Queens


Poker Hand #HD1716893226: Hold'em No Limit ($0.02/$0.05) - 2024/04/05 16:39:13
Table 'NLHBlue11' 6-max Seat #5 is the button
Seat 1: 36fc91a8 ($8.31 in chips)
Seat 2: cc06189d ($6.19 in chips)
Seat 3: 6c5f6c80 ($7.7 in chips)
Seat 4: 9aa82e9f ($5.34 in chips)
Seat 5: f71a1d4e ($5 in chips)
Seat 6: Hero ($5 in chips)
Hero: posts small blind $0.02
36fc91a8: posts big blind $0.05
*** HOLE CARDS ***
Dealt to 36fc91a8 
Dealt to cc06189d 
Dealt to 6c5f6c80 
Dealt to 9aa82e9f 
Dealt to f71a1d4e 
Dealt to Hero [6d Jd]
cc06189d: folds
6c5f6c80: folds
9aa82e9f: folds
f71a1d4e: folds
Hero: folds
Uncalled bet ($0.03) returned to 36fc91a8
*** SHOWDOWN ***
36fc91a8 collected $0.04 from pot
*** SUMMARY ***
Total pot $0.04 | Rake $0 | Jackpot $0 | Bingo $0 | Fortune $0 | Tax $0
Seat 1: 36fc91a8 (big blind) collected ($0.04)
Seat 2: cc06189d folded before Flop (didn't bet)
Seat 3: 6c5f6c80 folded before Flop (didn't bet)
Seat 4: 9aa82e9f folded before Flop (didn't bet)
Seat 5: f71a1d4e (button) folded before Flop (didn't bet)
Seat 6: Hero (small blind) folded before Flop


Poker Hand #HD1716893152: Hold'em No Limit ($0.02/$0.05) - 2024/04/05 16:38:31
Table 'NLHBlue11' 6-max Seat #4 is the button
Seat 1: 36fc91a8 ($8.31 in chips)
Seat 2: cc06189d ($6.49 in chips)
Seat 3: 6c5f6c80 ($7.7 in chips)
Seat 4: 9aa82e9f ($5 in chips)
Seat 5: f71a1d4e ($5.02 in chips)
Seat 6: Hero ($5 in chips)
f71a1d4e: posts small blind $0.02
Hero: posts big blind $0.05
*** HOLE CARDS ***
Dealt to 36fc91a8 
Dealt to cc06189d 
Dealt to 6c5f6c80 
Dealt to 9aa82e9f 
Dealt to f71a1d4e 
Dealt to Hero [Ts 2c]
36fc91a8: folds
cc06189d: raises $0.05 to $0.1
6c5f6c80: folds
9aa82e9f: raises $0.2 to $0.3
f71a1d4e: folds
Hero: folds
cc06189d: calls $0.2
*** FLOP *** [4s Qd Ah]
cc06189d: checks
9aa82e9f: bets $0.34
cc06189d: folds
Uncalled bet ($0.34) returned to 9aa82e9f
*** SHOWDOWN ***
9aa82e9f collected $0.64 from pot
*** SUMMARY ***
Total pot $0.67 | Rake $0.03 | Jackpot $0 | Bingo $0 | Fortune $0 | Tax $0
Board [4s Qd Ah]
Seat 1: 36fc91a8 folded before Flop (didn't bet)
Seat 2: cc06189d folded on the Flop
Seat 3: 6c5f6c80 folded before Flop (didn't bet)
Seat 4: 9aa82e9f (button) won ($0.64)
Seat 5: f71a1d4e (small blind) folded before Flop
Seat 6: Hero (big blind) folded before Flop


Poker Hand #HD1716893126: Hold'em No Limit ($0.02/$0.05) - 2024/04/05 16:38:17
Table 'NLHBlue11' 6-max Seat #3 is the button
Seat 1: 36fc91a8 ($8.31 in chips)
Seat 2: cc06189d ($6.49 in chips)
Seat 3: 6c5f6c80 ($7.7 in chips)
Seat 4: 9aa82e9f ($5.02 in chips)
Seat 5: f71a1d4e ($5 in chips)
Seat 6: Hero ($5 in chips)
9aa82e9f: posts small blind $0.02
f71a1d4e: posts big blind $0.05
*** HOLE CARDS ***
Dealt to 36fc91a8 
Dealt to cc06189d 
Dealt to 6c5f6c80 
Dealt to 9aa82e9f 
Dealt to f71a1d4e 
Dealt to Hero [7c Th]
Hero: folds
36fc91a8: folds
cc06189d: folds
6c5f6c80: folds
9aa82e9f: folds
Uncalled bet ($0.03) returned to f71a1d4e
*** SHOWDOWN ***
f71a1d4e collected $0.04 from pot
*** SUMMARY ***
Total pot $0.04 | Rake $0 | Jackpot $0 | Bingo $0 | Fortune $0 | Tax $0
Seat 1: 36fc91a8 folded before Flop (didn't bet)
Seat 2: cc06189d folded before Flop (didn't bet)
Seat 3: 6c5f6c80 (button) folded before Flop (didn't bet)
Seat 4: 9aa82e9f (small blind) folded before Flop
Seat 5: f71a1d4e (big blind) collected ($0.04)
Seat 6: Hero folded before Flop (didn't bet)


Poker Hand #HD1716893094: Hold'em No Limit ($0.02/$0.05) - 2024/04/05 16:38:00
Table 'NLHBlue11' 6-max Seat #2 is the button
Seat 1: 36fc91a8 ($8.31 in chips)
Seat 2: cc06189d ($6.49 in chips)
Seat 3: 6c5f6c80 ($7.72 in chips)
Seat 4: 9aa82e9f ($5 in chips)
Seat 5: f71a1d4e ($5 in chips)
Seat 6: Hero ($5 in chips)
6c5f6c80: posts small blind $0.02
9aa82e9f: posts big blind $0.05
*** HOLE CARDS ***
Dealt to 36fc91a8 
Dealt to cc06189d 
Dealt to 6c5f6c80 
Dealt to 9aa82e9f 
Dealt to f71a1d4e 
Dealt to Hero [3d 7d]
f71a1d4e: folds
Hero: folds
36fc91a8: folds
cc06189d: folds
6c5f6c80: folds
Uncalled bet ($0.03) returned to 9aa82e9f
*** SHOWDOWN ***
9aa82e9f collected $0.04 from pot
*** SUMMARY ***
Total pot $0.04 | Rake $0 | Jackpot $0 | Bingo $0 | Fortune $0 | Tax $0
Seat 1: 36fc91a8 folded before Flop (didn't bet)
Seat 2: cc06189d (button) folded before Flop (didn't bet)
Seat 3: 6c5f6c80 (small blind) folded before Flop
Seat 4: 9aa82e9f (big blind) collected ($0.04)
Seat 5: f71a1d4e folded before Flop (didn't bet)
Seat 6: Hero folded before Flop (didn't bet)


Poker Hand #HD1716893011: Hold'em No Limit ($0.02/$0.05) - 2024/04/05 16:37:20
Table 'NLHBlue11' 6-max Seat #1 is the button
Seat 1: 36fc91a8 ($8.31 in chips)
Seat 2: cc06189d ($6.22 in chips)
Seat 3: 6c5f6c80 ($7.77 in chips)
Seat 4: 9aa82e9f ($5 in chips)
Seat 5: f71a1d4e ($5 in chips)
Seat 6: Hero ($5 in chips)
cc06189d: posts small blind $0.02
6c5f6c80: posts big blind $0.05
*** HOLE CARDS ***
Dealt to 36fc91a8 
Dealt to cc06189d 
Dealt to 6c5f6c80 
Dealt to 9aa82e9f 
Dealt to f71a1d4e 
Dealt to Hero [Ac 9h]
9aa82e9f: folds
f71a1d4e: raises $0.08 to $0.13
Hero: folds
36fc91a8: folds
cc06189d: calls $0.11
6c5f6c80: folds
*** FLOP *** [Ad Qh 7h]
cc06189d: checks
f71a1d4e: checks
*** TURN *** [Ad Qh 7h] [8c]
cc06189d: bets $0.11
f71a1d4e: calls $0.11
*** RIVER *** [Ad Qh 7h 8c] [2s]
cc06189d: bets $0.27
f71a1d4e: folds
Uncalled bet ($0.27) returned to cc06189d
*** SHOWDOWN ***
cc06189d collected $0.51 from pot
*** SUMMARY ***
Total pot $0.53 | Rake $0.02 | Jackpot $0 | Bingo $0 | Fortune $0 | Tax $0
Board [Ad Qh 7h 8c 2s]
Seat 1: 36fc91a8 (button) folded before Flop (didn't bet)
Seat 2: cc06189d (small blind) won ($0.51)
Seat 3: 6c5f6c80 (big blind) folded before Flop
Seat 4: 9aa82e9f folded before Flop (didn't bet)
Seat 5: f71a1d4e folded on the River
Seat 6: Hero folded before Flop (didn't bet)


Poker Hand #HD1716892964: Hold'em No Limit ($0.02/$0.05) - 2024/04/05 16:36:55
Table 'NLHBlue11' 6-max Seat #6 is the button
Seat 1: 36fc91a8 ($8.33 in chips)
Seat 2: cc06189d ($6.06 in chips)
Seat 3: 6c5f6c80 ($7.77 in chips)
Seat 4: 9aa82e9f ($5.07 in chips)
Seat 5: f71a1d4e ($5 in chips)
Seat 6: Hero ($5 in chips)
36fc91a8: posts small blind $0.02
cc06189d: posts big blind $0.05
*** HOLE CARDS ***
Dealt to 36fc91a8 
Dealt to cc06189d 
Dealt to 6c5f6c80 
Dealt to 9aa82e9f 
Dealt to f71a1d4e 
Dealt to Hero [4c 2h]
6c5f6c80: folds
9aa82e9f: raises $0.1 to $0.15
f71a1d4e: folds
Hero: folds
36fc91a8: folds
cc06189d: raises $3.35 to $3.5
9aa82e9f: folds
Uncalled bet ($3.35) returned to cc06189d
*** SHOWDOWN ***
cc06189d collected $0.31 from pot
*** SUMMARY ***
Total pot $0.32 | Rake $0.01 | Jackpot $0 | Bingo $0 | Fortune $0 | Tax $0
Seat 1: 36fc91a8 (small blind) folded before Flop
Seat 2: cc06189d (big blind) collected ($0.31)
Seat 3: 6c5f6c80 folded before Flop (didn't bet)
Seat 4: 9aa82e9f folded before Flop
Seat 5: f71a1d4e folded before Flop (didn't bet)
Seat 6: Hero (button) folded before Flop (didn't bet)


Poker Hand #HD1716892937: Hold'em No Limit ($0.02/$0.05) - 2024/04/05 16:36:42
Table 'NLHBlue11' 6-max Seat #5 is the button
Seat 1: 36fc91a8 ($8.38 in chips)
Seat 2: cc06189d ($6.06 in chips)
Seat 3: 6c5f6c80 ($7.77 in chips)
Seat 4: 9aa82e9f ($5 in chips)
Seat 5: f71a1d4e ($5 in chips)
Seat 6: Hero ($5 in chips)
Hero: posts small blind $0.02
36fc91a8: posts big blind $0.05
*** HOLE CARDS ***
Dealt to 36fc91a8 
Dealt to cc06189d 
Dealt to 6c5f6c80 
Dealt to 9aa82e9f 
Dealt to f71a1d4e 
Dealt to Hero [5d 9c]
cc06189d: folds
6c5f6c80: folds
9aa82e9f: raises $0.1 to $0.15
f71a1d4e: folds
Hero: folds
36fc91a8: folds
Uncalled bet ($0.1) returned to 9aa82e9f
*** SHOWDOWN ***
9aa82e9f collected $0.12 from pot
*** SUMMARY ***
Total pot $0.12 | Rake $0 | Jackpot $0 | Bingo $0 | Fortune $0 | Tax $0
Seat 1: 36fc91a8 (big blind) folded before Flop
Seat 2: cc06189d folded before Flop (didn't bet)
Seat 3: 6c5f6c80 folded before Flop (didn't bet)
Seat 4: 9aa82e9f collected ($0.12)
Seat 5: f71a1d4e (button) folded before Flop (didn't bet)
Seat 6: Hero (small blind) folded before Flop


Poker Hand #HD1716892907: Hold'em No Limit ($0.02/$0.05) - 2024/04/05 16:36:26
Table 'NLHBlue11' 6-max Seat #4 is the button
Seat 1: 36fc91a8 ($8.38 in chips)
Seat 2: cc06189d ($5.99 in chips)
Seat 3: 6c5f6c80 ($7.77 in chips)
Seat 4: 9aa82e9f ($5 in chips)
Seat 5: f71a1d4e ($5 in chips)
Seat 6: Hero ($5 in chips)
f71a1d4e: posts small blind $0.02
Hero: posts big blind $0.05
*** HOLE CARDS ***
Dealt to 36fc91a8 
Dealt to cc06189d 
Dealt to 6c5f6c80 
Dealt to 9aa82e9f 
Dealt to f71a1d4e 
Dealt to Hero [3s Qc]
36fc91a8: folds
cc06189d: raises $0.05 to $0.1
6c5f6c80: folds
9aa82e9f: folds
f71a1d4e: folds
Hero: folds
Uncalled bet ($0.05) returned to cc06189d
*** SHOWDOWN ***
cc06189d collected $0.12 from pot
*** SUMMARY ***
Total pot $0.12 | Rake $0 | Jackpot $0 | Bingo $0 | Fortune $0 | Tax $0
Seat 1: 36fc91a8 folded before Flop (didn't bet)
Seat 2: cc06189d collected ($0.12)
Seat 3: 6c5f6c80 folded before Flop (didn't bet)
Seat 4: 9aa82e9f (button) folded before Flop (didn't bet)
Seat 5: f71a1d4e (small blind) folded before Flop
Seat 6: Hero (big blind) folded before Flop


Poker Hand #HD1716892829: Hold'em No Limit ($0.02/$0.05) - 2024/04/05 16:35:43
Table 'NLHBlue11' 6-max Seat #3 is the button
Seat 1: 36fc91a8 ($8.5 in chips)
Seat 2: cc06189d ($5.81 in chips)
Seat 3: 6c5f6c80 ($7.77 in chips)
Seat 4: 9aa82e9f ($5 in chips)
Seat 5: f71a1d4e ($5 in chips)
Seat 6: Hero ($5 in chips)
9aa82e9f: posts small blind $0.02
f71a1d4e: posts big blind $0.05
*** HOLE CARDS ***
Dealt to 36fc91a8 
Dealt to cc06189d 
Dealt to 6c5f6c80 
Dealt to 9aa82e9f 
Dealt to f71a1d4e 
Dealt to Hero [3d 7s]
Hero: folds
36fc91a8: raises $0.07 to $0.12
cc06189d: calls $0.12
6c5f6c80: folds
9aa82e9f: folds
f71a1d4e: folds
*** FLOP *** [2s As 9s]
36fc91a8: checks
cc06189d: checks
*** TURN *** [2s As 9s] [Jc]
36fc91a8: checks
cc06189d: checks
*** RIVER *** [2s As 9s Jc] [6d]
36fc91a8: checks
cc06189d: bets $0.11
36fc91a8: folds
Uncalled bet ($0.11) returned to cc06189d
*** SHOWDOWN ***
cc06189d collected $0.3 from pot
*** SUMMARY ***
Total pot $0.31 | Rake $0.01 | Jackpot $0 | Bingo $0 | Fortune $0 | Tax $0
Board [2s As 9s Jc 6d]
Seat 1: 36fc91a8 folded on the River
Seat 2: cc06189d won ($0.3)
Seat 3: 6c5f6c80 (button) folded before Flop (didn't bet)
Seat 4: 9aa82e9f (small blind) folded before Flop
Seat 5: f71a1d4e (big blind) folded before Flop
Seat 6: Hero folded before Flop (didn't bet)


Poker Hand #HD1716892719: Hold'em No Limit ($0.02/$0.05) - 2024/04/05 16:34:46
Table 'NLHBlue11' 6-max Seat #2 is the button
Seat 1: 36fc91a8 ($8.5 in chips)
Seat 2: cc06189d ($5.08 in chips)
Seat 3: 6c5f6c80 ($7.79 in chips)
Seat 4: 9aa82e9f ($5.48 in chips)
Seat 5: f71a1d4e ($5 in chips)
Seat 6: Hero ($5 in chips)
6c5f6c80: posts small blind $0.02
9aa82e9f: posts big blind $0.05
*** HOLE CARDS ***
Dealt to 36fc91a8 
Dealt to cc06189d 
Dealt to 6c5f6c80 
Dealt to 9aa82e9f 
Dealt to f71a1d4e 
Dealt to Hero [8s Qc]
f71a1d4e: folds
Hero: folds
36fc91a8: folds
cc06189d: raises $0.05 to $0.1
6c5f6c80: folds
9aa82e9f: raises $0.4 to $0.5
cc06189d: calls $0.4
*** FLOP *** [2h 5h 8d]
9aa82e9f: checks
cc06189d: checks
*** TURN *** [2h 5h 8d] [Ts]
9aa82e9f: checks
cc06189d: bets $0.34
9aa82e9f: calls $0.34
*** RIVER *** [2h 5h 8d Ts] [6s]
9aa82e9f: checks
cc06189d: bets $0.85
9aa82e9f: folds
Uncalled bet ($0.85) returned to cc06189d
*** SHOWDOWN ***
cc06189d collected $1.57 from pot
*** SUMMARY ***
Total pot $1.7 | Rake $0.08 | Jackpot $0.05 | Bingo $0 | Fortune $0 | Tax $0
Board [2h 5h 8d Ts 6s]
Seat 1: 36fc91a8 folded before Flop (didn't bet)
Seat 2: cc06189d (button) won ($1.57)
Seat 3: 6c5f6c80 (small blind) folded before Flop
Seat 4: 9aa82e9f (big blind) folded on the River
Seat 5: f71a1d4e folded before Flop (didn't bet)
Seat 6: Hero folded before Flop (didn't bet)


Poker Hand #HD1716892622: Hold'em No Limit ($0.02/$0.05) - 2024/04/05 16:33:53
Table 'NLHBlue11' 6-max Seat #1 is the button
Seat 1: 36fc91a8 ($11.17 in chips)
Seat 2: cc06189d ($2.67 in chips)
Seat 3: 6c5f6c80 ($7.84 in chips)
Seat 4: 9aa82e9f ($5.48 in chips)
Seat 5: f71a1d4e ($5 in chips)
Seat 6: Hero ($5 in chips)
cc06189d: posts small blind $0.02
6c5f6c80: posts big blind $0.05
*** HOLE CARDS ***
Dealt to 36fc91a8 
Dealt to cc06189d 
Dealt to 6c5f6c80 
Dealt to 9aa82e9f 
Dealt to f71a1d4e 
Dealt to Hero [3h Kc]
9aa82e9f: folds
f71a1d4e: folds
Hero: folds
36fc91a8: raises $0.07 to $0.12
cc06189d: calls $0.1
6c5f6c80: folds
*** FLOP *** [5s 4s Jd]
cc06189d: checks
36fc91a8: bets $0.15
cc06189d: calls $0.15
*** TURN *** [5s 4s Jd] [8s]
cc06189d: checks
36fc91a8: bets $0.45
cc06189d: calls $0.45
*** RIVER *** [5s 4s Jd 8s] [Qc]
cc06189d: bets $1.5
36fc91a8: raises $1.5 to $3
cc06189d: calls $0.45 and is all-in
Uncalled bet ($1.05) returned to 36fc91a8
36fc91a8: shows [6h 7h] (Eights-High Straight)
cc06189d: shows [3s Js] (Jack High Flush)
*** SHOWDOWN ***
cc06189d collected $5.08 from pot
*** SUMMARY ***
Total pot $5.39 | Rake $0.26 | Jackpot $0.05 | Bingo $0 | Fortune $0 | Tax $0
Board [5s 4s Jd 8s Qc]
Seat 1: 36fc91a8 (button) showed [6h 7h] and lost with Eights-High Straight
Seat 2: cc06189d (small blind) showed [3s Js] and won ($5.08) with Jack High Flush
Seat 3: 6c5f6c80 (big blind) folded before Flop
Seat 4: 9aa82e9f folded before Flop (didn't bet)
Seat 5: f71a1d4e folded before Flop (didn't bet)
Seat 6: Hero folded before Flop (didn't bet)


Poker Hand #HD1716892455: Hold'em No Limit ($0.02/$0.05) - 2024/04/05 16:32:21
Table 'NLHBlue11' 6-max Seat #6 is the button
Seat 1: 36fc91a8 ($7.36 in chips)
Seat 2: cc06189d ($6.81 in chips)
Seat 3: 6c5f6c80 ($7.84 in chips)
Seat 4: 9aa82e9f ($5.48 in chips)
Seat 5: f71a1d4e ($5 in chips)
Seat 6: Hero ($5 in chips)
36fc91a8: posts small blind $0.02
cc06189d: posts big blind $0.05
*** HOLE CARDS ***
Dealt to 36fc91a8 
Dealt to cc06189d 
Dealt to 6c5f6c80 
Dealt to 9aa82e9f 
Dealt to f71a1d4e 
Dealt to Hero [3h Ks]
6c5f6c80: folds
9aa82e9f: folds
f71a1d4e: raises $0.08 to $0.13
Hero: folds
36fc91a8: raises $0.47 to $0.6
cc06189d: calls $0.55
f71a1d4e: folds
*** FLOP *** [7s 7c 7d]
36fc91a8: bets $0.37
cc06189d: calls $0.37
*** TURN *** [7s 7c 7d] [Kc]
36fc91a8: bets $0.77
cc06189d: calls $0.77
*** RIVER *** [7s 7c 7d Kc] [4c]
36fc91a8: bets $2.4
cc06189d: calls $2.4
36fc91a8: shows [Jd Jh] (Sevens Full over Jacks)
cc06189d: shows [Qc As] (Three Sevens)
*** SHOWDOWN ***
36fc91a8 collected $7.95 from pot
*** SUMMARY ***
Total pot $8.41 | Rake $0.41 | Jackpot $0.05 | Bingo $0 | Fortune $0 | Tax $0
Board [7s 7c 7d Kc 4c]
Seat 1: 36fc91a8 (small blind) showed [Jd Jh] and won ($7.95) with Sevens Full over Jacks
Seat 2: cc06189d (big blind) showed [Qc As] and lost with Three Sevens
Seat 3: 6c5f6c80 folded before Flop (didn't bet)
Seat 4: 9aa82e9f folded before Flop (didn't bet)
Seat 5: f71a1d4e folded before Flop
Seat 6: Hero (button) folded before Flop (didn't bet)


Poker Hand #HD1716892392: Hold'em No Limit ($0.02/$0.05) - 2024/04/05 16:31:46
Table 'NLHBlue11' 6-max Seat #5 is the button
Seat 1: 36fc91a8 ($7.41 in chips)
Seat 2: cc06189d ($6.81 in chips)
Seat 3: 6c5f6c80 ($7.84 in chips)
Seat 4: 9aa82e9f ($5 in chips)
Seat 5: f71a1d4e ($5.29 in chips)
Seat 6: Hero ($5.02 in chips)
Hero: posts small blind $0.02
36fc91a8: posts big blind $0.05
*** HOLE CARDS ***
Dealt to 36fc91a8 
Dealt to cc06189d 
Dealt to 6c5f6c80 
Dealt to 9aa82e9f 
Dealt to f71a1d4e 
Dealt to Hero [5s Th]
cc06189d: folds
6c5f6c80: folds
9aa82e9f: raises $0.1 to $0.15
f71a1d4e: raises $0.3 to $0.45
Hero: folds
36fc91a8: folds
9aa82e9f: calls $0.3
*** FLOP *** [2c 6d As]
9aa82e9f: bets $0.49
f71a1d4e: folds
Uncalled bet ($0.49) returned to 9aa82e9f
*** SHOWDOWN ***
9aa82e9f collected $0.93 from pot
*** SUMMARY ***
Total pot $0.97 | Rake $0.04 | Jackpot $0 | Bingo $0 | Fortune $0 | Tax $0
Board [2c 6d As]
Seat 1: 36fc91a8 (big blind) folded before Flop
Seat 2: cc06189d folded before Flop (didn't bet)
Seat 3: 6c5f6c80 folded before Flop (didn't bet)
Seat 4: 9aa82e9f won ($0.93)
Seat 5: f71a1d4e (button) folded on the Flop
Seat 6: Hero (small blind) folded before Flop


Poker Hand #HD1716892288: Hold'em No Limit ($0.02/$0.05) - 2024/04/05 16:30:50
Table 'NLHBlue11' 6-max Seat #4 is the button
Seat 1: 36fc91a8 ($7.41 in chips)
Seat 2: cc06189d ($6.32 in chips)
Seat 3: 6c5f6c80 ($7.84 in chips)
Seat 4: 9aa82e9f ($5 in chips)
Seat 5: f71a1d4e ($5.78 in chips)
Seat 6: Hero ($5.07 in chips)
f71a1d4e: posts small blind $0.02
Hero: posts big blind $0.05
*** HOLE CARDS ***
Dealt to 36fc91a8 
Dealt to cc06189d 
Dealt to 6c5f6c80 
Dealt to 9aa82e9f 
Dealt to f71a1d4e 
Dealt to Hero [Qc 3s]
36fc91a8: folds
cc06189d: raises $0.05 to $0.1
6c5f6c80: folds
9aa82e9f: folds
f71a1d4e: calls $0.08
Hero: folds
*** FLOP *** [Qs 7d Th]
f71a1d4e: bets $0.13
cc06189d: calls $0.13
*** TURN *** [Qs 7d Th] [3h]
f71a1d4e: bets $0.26
cc06189d: calls $0.26
*** RIVER *** [Qs 7d Th 3h] [2s]
f71a1d4e: checks
cc06189d: bets $0.5
f71a1d4e: folds
Uncalled bet ($0.5) returned to cc06189d
*** SHOWDOWN ***
cc06189d collected $0.98 from pot
*** SUMMARY ***
Total pot $1.03 | Rake $0.05 | Jackpot $0 | Bingo $0 | Fortune $0 | Tax $0
Board [Qs 7d Th 3h 2s]
Seat 1: 36fc91a8 folded before Flop (didn't bet)
Seat 2: cc06189d won ($0.98)
Seat 3: 6c5f6c80 folded before Flop (didn't bet)
Seat 4: 9aa82e9f (button) folded before Flop (didn't bet)
Seat 5: f71a1d4e (small blind) folded on the River
Seat 6: Hero (big blind) folded before Flop


Poker Hand #HD1716892252: Hold'em No Limit ($0.02/$0.05) - 2024/04/05 16:30:29
Table 'NLHBlue11' 6-max Seat #3 is the button
Seat 1: 36fc91a8 ($7.41 in chips)
Seat 2: cc06189d ($6.32 in chips)
Seat 3: 6c5f6c80 ($7.77 in chips)
Seat 4: 9aa82e9f ($5.02 in chips)
Seat 5: f71a1d4e ($5.83 in chips)
Seat 6: Hero ($5.07 in chips)
9aa82e9f: posts small blind $0.02
f71a1d4e: posts big blind $0.05
*** HOLE CARDS ***
Dealt to 36fc91a8 
Dealt to cc06189d 
Dealt to 6c5f6c80 
Dealt to 9aa82e9f 
Dealt to f71a1d4e 
Dealt to Hero [Kh 4h]
Hero: folds
36fc91a8: folds
cc06189d: folds
6c5f6c80: raises $0.08 to $0.13
9aa82e9f: folds
f71a1d4e: folds
Uncalled bet ($0.08) returned to 6c5f6c80
*** SHOWDOWN ***
6c5f6c80 collected $0.12 from pot
*** SUMMARY ***
Total pot $0.12 | Rake $0 | Jackpot $0 | Bingo $0 | Fortune $0 | Tax $0
Seat 1: 36fc91a8 folded before Flop (didn't bet)
Seat 2: cc06189d folded before Flop (didn't bet)
Seat 3: 6c5f6c80 (button) collected ($0.12)
Seat 4: 9aa82e9f (small blind) folded before Flop
Seat 5: f71a1d4e (big blind) folded before Flop
Seat 6: Hero folded before Flop (didn't bet)


Poker Hand #HD1716892170: Hold'em No Limit ($0.02/$0.05) - 2024/04/05 16:29:44
Table 'NLHBlue11' 6-max Seat #2 is the button
Seat 1: 36fc91a8 ($7.41 in chips)
Seat 2: cc06189d ($7.32 in chips)
Seat 3: 6c5f6c80 ($6.87 in chips)
Seat 4: 9aa82e9f ($5.07 in chips)
Seat 5: f71a1d4e ($5.83 in chips)
Seat 6: Hero ($5.07 in chips)
6c5f6c80: posts small blind $0.02
9aa82e9f: posts big blind $0.05
*** HOLE CARDS ***
Dealt to 36fc91a8 
Dealt to cc06189d 
Dealt to 6c5f6c80 
Dealt to 9aa82e9f 
Dealt to f71a1d4e 
Dealt to Hero [2h 6h]
f71a1d4e: folds
Hero: folds
36fc91a8: folds
cc06189d: raises $0.05 to $0.1
6c5f6c80: raises $0.45 to $0.55
9aa82e9f: folds
cc06189d: raises $0.45 to $1
6c5f6c80: raises $5.87 to $6.87 and is all-in
cc06189d: folds
Uncalled bet ($5.87) returned to 6c5f6c80
*** SHOWDOWN ***
6c5f6c80 collected $1.9 from pot
*** SUMMARY ***
Total pot $2.05 | Rake $0.1 | Jackpot $0.05 | Bingo $0 | Fortune $0 | Tax $0
Seat 1: 36fc91a8 folded before Flop (didn't bet)
Seat 2: cc06189d (button) folded before Flop
Seat 3: 6c5f6c80 (small blind) collected ($1.9)
Seat 4: 9aa82e9f (big blind) folded before Flop
Seat 5: f71a1d4e folded before Flop (didn't bet)
Seat 6: Hero folded before Flop (didn't bet)


Poker Hand #HD1716892131: Hold'em No Limit ($0.02/$0.05) - 2024/04/05 16:29:24
Table 'NLHBlue11' 6-max Seat #1 is the button
Seat 1: 36fc91a8 ($7.41 in chips)
Seat 2: cc06189d ($7.34 in chips)
Seat 3: 6c5f6c80 ($6.92 in chips)
Seat 4: 9aa82e9f ($5.07 in chips)
Seat 5: f71a1d4e ($5.83 in chips)
Seat 6: Hero ($5 in chips)
cc06189d: posts small blind $0.02
6c5f6c80: posts big blind $0.05
*** HOLE CARDS ***
Dealt to 36fc91a8 
Dealt to cc06189d 
Dealt to 6c5f6c80 
Dealt to 9aa82e9f 
Dealt to f71a1d4e 
Dealt to Hero [Qc Js]
9aa82e9f: folds
f71a1d4e: folds
Hero: raises $0.08 to $0.13
36fc91a8: folds
cc06189d: folds
6c5f6c80: folds
Uncalled bet ($0.08) returned to Hero
*** SHOWDOWN ***
Hero collected $0.12 from pot
*** SUMMARY ***
Total pot $0.12 | Rake $0 | Jackpot $0 | Bingo $0 | Fortune $0 | Tax $0
Seat 1: 36fc91a8 (button) folded before Flop (didn't bet)
Seat 2: cc06189d (small blind) folded before Flop
Seat 3: 6c5f6c80 (big blind) folded before Flop
Seat 4: 9aa82e9f folded before Flop (didn't bet)
Seat 5: f71a1d4e folded before Flop (didn't bet)
Seat 6: Hero collected ($0.12)


Poker Hand #HD1716892075: Hold'em No Limit ($0.02/$0.05) - 2024/04/05 16:28:55
Table 'NLHBlue11' 6-max Seat #6 is the button
Seat 1: 36fc91a8 ($7.24 in chips)
Seat 2: cc06189d ($7.39 in chips)
Seat 3: 6c5f6c80 ($6.92 in chips)
Seat 4: 9aa82e9f ($5.07 in chips)
Seat 5: f71a1d4e ($5.83 in chips)
Seat 6: Hero ($5.09 in chips)
36fc91a8: posts small blind $0.02
cc06189d: posts big blind $0.05
*** HOLE CARDS ***
Dealt to 36fc91a8 
Dealt to cc06189d 
Dealt to 6c5f6c80 
Dealt to 9aa82e9f 
Dealt to f71a1d4e 
Dealt to Hero [9s Ks]
6c5f6c80: folds
9aa82e9f: folds
f71a1d4e: folds
Hero: raises $0.08 to $0.13
36fc91a8: raises $0.45 to $0.58
cc06189d: folds
Hero: folds
Uncalled bet ($0.45) returned to 36fc91a8
*** SHOWDOWN ***
36fc91a8 collected $0.3 from pot
*** SUMMARY ***
Total pot $0.31 | Rake $0.01 | Jackpot $0 | Bingo $0 | Fortune $0 | Tax $0
Seat 1: 36fc91a8 (small blind) collected ($0.3)
Seat 2: cc06189d (big blind) folded before Flop
Seat 3: 6c5f6c80 folded before Flop (didn't bet)
Seat 4: 9aa82e9f folded before Flop (didn't bet)
Seat 5: f71a1d4e folded before Flop (didn't bet)
Seat 6: Hero (button) folded before Flop


Poker Hand #HD1716892035: Hold'em No Limit ($0.02/$0.05) - 2024/04/05 16:28:32
Table 'NLHBlue11' 6-max Seat #5 is the button
Seat 1: 36fc91a8 ($7.22 in chips)
Seat 2: cc06189d ($7.39 in chips)
Seat 3: 6c5f6c80 ($6.92 in chips)
Seat 4: 9aa82e9f ($5.07 in chips)
Seat 5: f71a1d4e ($5.83 in chips)
Seat 6: Hero ($5.11 in chips)
Hero: posts small blind $0.02
36fc91a8: posts big blind $0.05
*** HOLE CARDS ***
Dealt to 36fc91a8 
Dealt to cc06189d 
Dealt to 6c5f6c80 
Dealt to 9aa82e9f 
Dealt to f71a1d4e 
Dealt to Hero [3h Qc]
cc06189d: folds
6c5f6c80: folds
9aa82e9f: folds
f71a1d4e: folds
Hero: folds
Uncalled bet ($0.03) returned to 36fc91a8
*** SHOWDOWN ***
36fc91a8 collected $0.04 from pot
*** SUMMARY ***
Total pot $0.04 | Rake $0 | Jackpot $0 | Bingo $0 | Fortune $0 | Tax $0
Seat 1: 36fc91a8 (big blind) collected ($0.04)
Seat 2: cc06189d folded before Flop (didn't bet)
Seat 3: 6c5f6c80 folded before Flop (didn't bet)
Seat 4: 9aa82e9f folded before Flop (didn't bet)
Seat 5: f71a1d4e (button) folded before Flop (didn't bet)
Seat 6: Hero (small blind) folded before Flop


Poker Hand #HD1716891972: Hold'em No Limit ($0.02/$0.05) - 2024/04/05 16:27:57
Table 'NLHBlue11' 6-max Seat #4 is the button
Seat 1: 36fc91a8 ($6.94 in chips)
Seat 2: cc06189d ($7.62 in chips)
Seat 3: 6c5f6c80 ($6.92 in chips)
Seat 4: 9aa82e9f ($5.07 in chips)
Seat 5: f71a1d4e ($5.85 in chips)
Seat 6: Hero ($5.16 in chips)
f71a1d4e: posts small blind $0.02
Hero: posts big blind $0.05
*** HOLE CARDS ***
Dealt to 36fc91a8 
Dealt to cc06189d 
Dealt to 6c5f6c80 
Dealt to 9aa82e9f 
Dealt to f71a1d4e 
Dealt to Hero [5s Qd]
36fc91a8: raises $0.07 to $0.12
cc06189d: calls $0.12
6c5f6c80: folds
9aa82e9f: folds
f71a1d4e: folds
Hero: folds
*** FLOP *** [5h Ad 6d]
36fc91a8: bets $0.11
cc06189d: calls $0.11
*** TURN *** [5h Ad 6d] [Kh]
36fc91a8: bets $0.27
cc06189d: folds
Uncalled bet ($0.27) returned to 36fc91a8
*** SHOWDOWN ***
36fc91a8 collected $0.51 from pot
*** SUMMARY ***
Total pot $0.53 | Rake $0.02 | Jackpot $0 | Bingo $0 | Fortune $0 | Tax $0
Board [5h Ad 6d Kh]
Seat 1: 36fc91a8 won ($0.51)
Seat 2: cc06189d folded on the Turn
Seat 3: 6c5f6c80 folded before Flop (didn't bet)
Seat 4: 9aa82e9f (button) folded before Flop (didn't bet)
Seat 5: f71a1d4e (small blind) folded before Flop
Seat 6: Hero (big blind) folded before Flop


Poker Hand #HD1716891936: Hold'em No Limit ($0.02/$0.05) - 2024/04/05 16:27:40
Table 'NLHBlue11' 6-max Seat #3 is the button
Seat 1: 36fc91a8 ($6.94 in chips)
Seat 2: cc06189d ($7.55 in chips)
Seat 3: 6c5f6c80 ($6.92 in chips)
Seat 4: 9aa82e9f ($5.09 in chips)
Seat 5: f71a1d4e ($5.9 in chips)
Seat 6: Hero ($5.16 in chips)
9aa82e9f: posts small blind $0.02
f71a1d4e: posts big blind $0.05
*** HOLE CARDS ***
Dealt to 36fc91a8 
Dealt to cc06189d 
Dealt to 6c5f6c80 
Dealt to 9aa82e9f 
Dealt to f71a1d4e 
Dealt to Hero [Td 9h]
Hero: folds
36fc91a8: folds
cc06189d: raises $0.05 to $0.1
6c5f6c80: folds
9aa82e9f: folds
f71a1d4e: folds
Uncalled bet ($0.05) returned to cc06189d
*** SHOWDOWN ***
cc06189d collected $0.12 from pot
*** SUMMARY ***
Total pot $0.12 | Rake $0 | Jackpot $0 | Bingo $0 | Fortune $0 | Tax $0
Seat 1: 36fc91a8 folded before Flop (didn't bet)
Seat 2: cc06189d collected ($0.12)
Seat 3: 6c5f6c80 (button) folded before Flop (didn't bet)
Seat 4: 9aa82e9f (small blind) folded before Flop
Seat 5: f71a1d4e (big blind) folded before Flop
Seat 6: Hero folded before Flop (didn't bet)


Poker Hand #HD1716891913: Hold'em No Limit ($0.02/$0.05) - 2024/04/05 16:27:26
Table 'NLHBlue11' 6-max Seat #2 is the button
Seat 1: 36fc91a8 ($6.94 in chips)
Seat 2: cc06189d ($7.55 in chips)
Seat 3: 6c5f6c80 ($6.94 in chips)
Seat 4: 9aa82e9f ($5.07 in chips)
Seat 5: f71a1d4e ($5.9 in chips)
Seat 6: Hero ($5.16 in chips)
6c5f6c80: posts small blind $0.02
9aa82e9f: posts big blind $0.05
*** HOLE CARDS ***
Dealt to 36fc91a8 
Dealt to cc06189d 
Dealt to 6c5f6c80 
Dealt to 9aa82e9f 
Dealt to f71a1d4e 
Dealt to Hero [5c Js]
f71a1d4e: folds
Hero: folds
36fc91a8: folds
cc06189d: folds
6c5f6c80: folds
Uncalled bet ($0.03) returned to 9aa82e9f
*** SHOWDOWN ***
9aa82e9f collected $0.04 from pot
*** SUMMARY ***
Total pot $0.04 | Rake $0 | Jackpot $0 | Bingo $0 | Fortune $0 | Tax $0
Seat 1: 36fc91a8 folded before Flop (didn't bet)
Seat 2: cc06189d (button) folded before Flop (didn't bet)
Seat 3: 6c5f6c80 (small blind) folded before Flop
Seat 4: 9aa82e9f (big blind) collected ($0.04)
Seat 5: f71a1d4e folded before Flop (didn't bet)
Seat 6: Hero folded before Flop (didn't bet)


Poker Hand #HD1716891846: Hold'em No Limit ($0.02/$0.05) - 2024/04/05 16:26:51
Table 'NLHBlue11' 6-max Seat #1 is the button
Seat 1: 36fc91a8 ($6.94 in chips)
Seat 2: cc06189d ($7.01 in chips)
Seat 3: 6c5f6c80 ($6.99 in chips)
Seat 4: 9aa82e9f ($5.07 in chips)
Seat 5: f71a1d4e ($6.03 in chips)
Seat 6: Hero ($5.56 in chips)
cc06189d: posts small blind $0.02
6c5f6c80: posts big blind $0.05
*** HOLE CARDS ***
Dealt to 36fc91a8 
Dealt to cc06189d 
Dealt to 6c5f6c80 
Dealt to 9aa82e9f 
Dealt to f71a1d4e 
Dealt to Hero [Jc Ah]
9aa82e9f: folds
f71a1d4e: raises $0.08 to $0.13
Hero: raises $0.27 to $0.4
36fc91a8: folds
cc06189d: raises $0.6 to $1
6c5f6c80: folds
f71a1d4e: folds
Hero: folds
Uncalled bet ($0.6) returned to cc06189d
*** SHOWDOWN ***
cc06189d collected $0.94 from pot
*** SUMMARY ***
Total pot $0.98 | Rake $0.04 | Jackpot $0 | Bingo $0 | Fortune $0 | Tax $0
Seat 1: 36fc91a8 (button) folded before Flop (didn't bet)
Seat 2: cc06189d (small blind) collected ($0.94)
Seat 3: 6c5f6c80 (big blind) folded before Flop
Seat 4: 9aa82e9f folded before Flop (didn't bet)
Seat 5: f71a1d4e folded before Flop
Seat 6: Hero folded before Flop


Poker Hand #HD1716891815: Hold'em No Limit ($0.02/$0.05) - 2024/04/05 16:26:35
Table 'NLHBlue11' 6-max Seat #6 is the button
Seat 1: 36fc91a8 ($6.96 in chips)
Seat 2: cc06189d ($6.99 in chips)
Seat 3: 6c5f6c80 ($6.99 in chips)
Seat 4: 9aa82e9f ($5.07 in chips)
Seat 5: f71a1d4e ($6.03 in chips)
Seat 6: Hero ($5.56 in chips)
36fc91a8: posts small blind $0.02
cc06189d: posts big blind $0.05
*** HOLE CARDS ***
Dealt to 36fc91a8 
Dealt to cc06189d 
Dealt to 6c5f6c80 
Dealt to 9aa82e9f 
Dealt to f71a1d4e 
Dealt to Hero [4d 9h]
6c5f6c80: folds
9aa82e9f: folds
f71a1d4e: folds
Hero: folds
36fc91a8: folds
Uncalled bet ($0.03) returned to cc06189d
*** SHOWDOWN ***
cc06189d collected $0.04 from pot
*** SUMMARY ***
Total pot $0.04 | Rake $0 | Jackpot $0 | Bingo $0 | Fortune $0 | Tax $0
Seat 1: 36fc91a8 (small blind) folded before Flop
Seat 2: cc06189d (big blind) collected ($0.04)
Seat 3: 6c5f6c80 folded before Flop (didn't bet)
Seat 4: 9aa82e9f folded before Flop (didn't bet)
Seat 5: f71a1d4e folded before Flop (didn't bet)
Seat 6: Hero (button) folded before Flop (didn't bet)


Poker Hand #HD1716891729: Hold'em No Limit ($0.02/$0.05) - 2024/04/05 16:25:43
Table 'NLHBlue11' 6-max Seat #5 is the button
Seat 1: 36fc91a8 ($6.69 in chips)
Seat 2: cc06189d ($7.26 in chips)
Seat 3: 6c5f6c80 ($6.99 in chips)
Seat 4: 9aa82e9f ($5.07 in chips)
Seat 5: f71a1d4e ($6.03 in chips)
Seat 6: Hero ($5.58 in chips)
Hero: posts small blind $0.02
36fc91a8: posts big blind $0.05
*** HOLE CARDS ***
Dealt to 36fc91a8 
Dealt to cc06189d 
Dealt to 6c5f6c80 
Dealt to 9aa82e9f 
Dealt to f71a1d4e 
Dealt to Hero [3c 5c]
cc06189d: raises $0.05 to $0.1
6c5f6c80: folds
9aa82e9f: folds
f71a1d4e: folds
Hero: folds
36fc91a8: calls $0.05
*** FLOP *** [3s 2d 8h]
36fc91a8: checks
cc06189d: checks
*** TURN *** [3s 2d 8h] [Qs]
36fc91a8: bets $0.17
cc06189d: calls $0.17
*** RIVER *** [3s 2d 8h Qs] [9c]
36fc91a8: bets $0.37
cc06189d: folds
Uncalled bet ($0.37) returned to 36fc91a8
*** SHOWDOWN ***
36fc91a8 collected $0.54 from pot
*** SUMMARY ***
Total pot $0.56 | Rake $0.02 | Jackpot $0 | Bingo $0 | Fortune $0 | Tax $0
Board [3s 2d 8h Qs 9c]
Seat 1: 36fc91a8 (big blind) won ($0.54)
Seat 2: cc06189d folded on the River
Seat 3: 6c5f6c80 folded before Flop (didn't bet)
Seat 4: 9aa82e9f folded before Flop (didn't bet)
Seat 5: f71a1d4e (button) folded before Flop (didn't bet)
Seat 6: Hero (small blind) folded before Flop


Poker Hand #HD1716891677: Hold'em No Limit ($0.02/$0.05) - 2024/04/05 16:25:16
Table 'NLHBlue11' 6-max Seat #4 is the button
Seat 1: 36fc91a8 ($6.69 in chips)
Seat 2: cc06189d ($7.26 in chips)
Seat 3: 6c5f6c80 ($6.99 in chips)
Seat 4: 9aa82e9f ($5 in chips)
Seat 5: f71a1d4e ($6.05 in chips)
Seat 6: Hero ($5.63 in chips)
f71a1d4e: posts small blind $0.02
Hero: posts big blind $0.05
*** HOLE CARDS ***
Dealt to 36fc91a8 
Dealt to cc06189d 
Dealt to 6c5f6c80 
Dealt to 9aa82e9f 
Dealt to f71a1d4e 
Dealt to Hero [5h 8d]
36fc91a8: folds
cc06189d: folds
6c5f6c80: folds
9aa82e9f: raises $0.1 to $0.15
f71a1d4e: folds
Hero: folds
Uncalled bet ($0.1) returned to 9aa82e9f
*** SHOWDOWN ***
9aa82e9f collected $0.12 from pot
*** SUMMARY ***
Total pot $0.12 | Rake $0 | Jackpot $0 | Bingo $0 | Fortune $0 | Tax $0
Seat 1: 36fc91a8 folded before Flop (didn't bet)
Seat 2: cc06189d folded before Flop (didn't bet)
Seat 3: 6c5f6c80 folded before Flop (didn't bet)
Seat 4: 9aa82e9f (button) collected ($0.12)
Seat 5: f71a1d4e (small blind) folded before Flop
Seat 6: Hero (big blind) folded before Flop


Poker Hand #HD1716891655: Hold'em No Limit ($0.02/$0.05) - 2024/04/05 16:25:03
Table 'NLHBlue11' 6-max Seat #3 is the button
Seat 1: 36fc91a8 ($6.69 in chips)
Seat 2: cc06189d ($7.19 in chips)
Seat 3: 6c5f6c80 ($6.99 in chips)
Seat 4: 9aa82e9f ($5 in chips)
Seat 5: f71a1d4e ($6.1 in chips)
Seat 6: Hero ($5.63 in chips)
9aa82e9f: posts small blind $0.02
f71a1d4e: posts big blind $0.05
*** HOLE CARDS ***
Dealt to 36fc91a8 
Dealt to cc06189d 
Dealt to 6c5f6c80 
Dealt to 9aa82e9f 
Dealt to f71a1d4e 
Dealt to Hero [8c Kh]
Hero: folds
36fc91a8: folds
cc06189d: raises $0.05 to $0.1
6c5f6c80: folds
9aa82e9f: folds
f71a1d4e: folds
Uncalled bet ($0.05) returned to cc06189d
*** SHOWDOWN ***
cc06189d collected $0.12 from pot
*** SUMMARY ***
Total pot $0.12 | Rake $0 | Jackpot $0 | Bingo $0 | Fortune $0 | Tax $0
Seat 1: 36fc91a8 folded before Flop (didn't bet)
Seat 2: cc06189d collected ($0.12)
Seat 3: 6c5f6c80 (button) folded before Flop (didn't bet)
Seat 4: 9aa82e9f (small blind) folded before Flop
Seat 5: f71a1d4e (big blind) folded before Flop
Seat 6: Hero folded before Flop (didn't bet)


Poker Hand #HD1716891463: Hold'em No Limit ($0.02/$0.05) - 2024/04/05 16:23:16
Table 'NLHBlue11' 6-max Seat #2 is the button
Seat 1: 36fc91a8 ($6.69 in chips)
Seat 2: cc06189d ($4.33 in chips)
Seat 3: 6c5f6c80 ($8.05 in chips)
Seat 4: 9aa82e9f ($5 in chips)
Seat 5: f71a1d4e ($6.1 in chips)
Seat 6: Hero ($5.63 in chips)
6c5f6c80: posts small blind $0.02
9aa82e9f: posts big blind $0.05
*** HOLE CARDS ***
Dealt to 36fc91a8 
Dealt to cc06189d 
Dealt to 6c5f6c80 
Dealt to 9aa82e9f 
Dealt to f71a1d4e 
Dealt to Hero [5c Ah]
f71a1d4e: folds
Hero: folds
36fc91a8: folds
cc06189d: raises $0.05 to $0.1
6c5f6c80: raises $0.35 to $0.45
9aa82e9f: raises $0.61 to $1.06
cc06189d: calls $0.96
6c5f6c80: calls $0.61
*** FLOP *** [7h 6c As]
6c5f6c80: checks
9aa82e9f: checks
cc06189d: checks
*** TURN *** [7h 6c As] [3h]
6c5f6c80: checks
9aa82e9f: checks
cc06189d: bets $1.05
6c5f6c80: folds
9aa82e9f: calls $1.05
*** RIVER *** [7h 6c As 3h] [9s]
9aa82e9f: checks
cc06189d: checks
9aa82e9f: shows [Qh Kh] (Ace-High)
cc06189d: shows [8d 8h] (Pair of Eights)
*** SHOWDOWN ***
cc06189d collected $4.97 from pot
*** SUMMARY ***
Total pot $5.28 | Rake $0.26 | Jackpot $0.05 | Bingo $0 | Fortune $0 | Tax $0
Board [7h 6c As 3h 9s]
Seat 1: 36fc91a8 folded before Flop (didn't bet)
Seat 2: cc06189d (button) showed [8d 8h] and won ($4.97) with Pair of Eights
Seat 3: 6c5f6c80 (small blind) folded on the Turn
Seat 4: 9aa82e9f (big blind) showed [Qh Kh] and lost with Ace-High
Seat 5: f71a1d4e folded before Flop (didn't bet)
Seat 6: Hero folded before Flop (didn't bet)


Poker Hand #HD1716891387: Hold'em No Limit ($0.02/$0.05) - 2024/04/05 16:22:32
Table 'NLHBlue11' 6-max Seat #1 is the button
Seat 1: 36fc91a8 ($6.69 in chips)
Seat 2: cc06189d ($4.73 in chips)
Seat 3: 6c5f6c80 ($7.69 in chips)
Seat 4: 9aa82e9f ($5 in chips)
Seat 5: f71a1d4e ($6.1 in chips)
Seat 6: Hero ($5.63 in chips)
cc06189d: posts small blind $0.02
6c5f6c80: posts big blind $0.05
*** HOLE CARDS ***
Dealt to 36fc91a8 
Dealt to cc06189d 
Dealt to 6c5f6c80 
Dealt to 9aa82e9f 
Dealt to f71a1d4e 
Dealt to Hero [4d 9s]
9aa82e9f: folds
f71a1d4e: folds
Hero: folds
36fc91a8: folds
cc06189d: raises $0.05 to $0.1
6c5f6c80: raises $0.3 to $0.4
cc06189d: calls $0.3
*** FLOP *** [Kh 6h 4h]
cc06189d: checks
6c5f6c80: checks
*** TURN *** [Kh 6h 4h] [Ad]
cc06189d: checks
6c5f6c80: checks
*** RIVER *** [Kh 6h 4h Ad] [8h]
cc06189d: checks
6c5f6c80: bets $0.6
cc06189d: folds
Uncalled bet ($0.6) returned to 6c5f6c80
*** SHOWDOWN ***
6c5f6c80 collected $0.76 from pot
*** SUMMARY ***
Total pot $0.8 | Rake $0.04 | Jackpot $0 | Bingo $0 | Fortune $0 | Tax $0
Board [Kh 6h 4h Ad 8h]
Seat 1: 36fc91a8 (button) folded before Flop (didn't bet)
Seat 2: cc06189d (small blind) folded on the River
Seat 3: 6c5f6c80 (big blind) won ($0.76)
Seat 4: 9aa82e9f folded before Flop (didn't bet)
Seat 5: f71a1d4e folded before Flop (didn't bet)
Seat 6: Hero folded before Flop (didn't bet)


Poker Hand #HD1716891267: Hold'em No Limit ($0.02/$0.05) - 2024/04/05 16:21:26
Table 'NLHBlue11' 6-max Seat #6 is the button
Seat 1: 36fc91a8 ($6.71 in chips)
Seat 2: cc06189d ($4.59 in chips)
Seat 3: 6c5f6c80 ($7.69 in chips)
Seat 4: 9aa82e9f ($5 in chips)
Seat 5: f71a1d4e ($6.23 in chips)
Seat 6: Hero ($5.63 in chips)
36fc91a8: posts small blind $0.02
cc06189d: posts big blind $0.05
*** HOLE CARDS ***
Dealt to 36fc91a8 
Dealt to cc06189d 
Dealt to 6c5f6c80 
Dealt to 9aa82e9f 
Dealt to f71a1d4e 
Dealt to Hero [6d 8d]
6c5f6c80: folds
9aa82e9f: folds
f71a1d4e: raises $0.08 to $0.13
Hero: folds
36fc91a8: folds
cc06189d: calls $0.08
*** FLOP *** [2d Kd 6h]
cc06189d: checks
f71a1d4e: checks
*** TURN *** [2d Kd 6h] [3c]
cc06189d: bets $0.14
f71a1d4e: folds
Uncalled bet ($0.14) returned to cc06189d
*** SHOWDOWN ***
cc06189d collected $0.27 from pot
*** SUMMARY ***
Total pot $0.28 | Rake $0.01 | Jackpot $0 | Bingo $0 | Fortune $0 | Tax $0
Board [2d Kd 6h 3c]
Seat 1: 36fc91a8 (small blind) folded before Flop
Seat 2: cc06189d (big blind) won ($0.27)
Seat 3: 6c5f6c80 folded before Flop (didn't bet)
Seat 4: 9aa82e9f folded before Flop (didn't bet)
Seat 5: f71a1d4e folded on the Turn
Seat 6: Hero (button) folded before Flop (didn't bet)


Poker Hand #HD1716891122: Hold'em No Limit ($0.02/$0.05) - 2024/04/05 16:20:12
Table 'NLHBlue11' 6-max Seat #5 is the button
Seat 1: 36fc91a8 ($6.76 in chips)
Seat 2: cc06189d ($5.93 in chips)
Seat 3: 6c5f6c80 ($7.69 in chips)
Seat 4: 9aa82e9f ($5 in chips)
Seat 5: f71a1d4e ($5 in chips)
Seat 6: Hero ($5.65 in chips)
Hero: posts small blind $0.02
36fc91a8: posts big blind $0.05
*** HOLE CARDS ***
Dealt to 36fc91a8 
Dealt to cc06189d 
Dealt to 6c5f6c80 
Dealt to 9aa82e9f 
Dealt to f71a1d4e 
Dealt to Hero [9s 2d]
cc06189d: raises $0.05 to $0.1
6c5f6c80: folds
9aa82e9f: folds
f71a1d4e: raises $0.3 to $0.4
Hero: folds
36fc91a8: folds
cc06189d: calls $0.3
*** FLOP *** [3c 2c 6c]
cc06189d: checks
f71a1d4e: bets $0.44
cc06189d: calls $0.44
*** TURN *** [3c 2c 6c] [2s]
cc06189d: checks
f71a1d4e: checks
*** RIVER *** [3c 2c 6c 2s] [8d]
cc06189d: bets $0.5
f71a1d4e: calls $0.5
cc06189d: shows [3d 6d] (Pair of Sixes and Pair of Treys)
f71a1d4e: shows [Td Th] (Pair of Tens and Pair of Twos)
*** SHOWDOWN ***
f71a1d4e collected $2.57 from pot
*** SUMMARY ***
Total pot $2.75 | Rake $0.13 | Jackpot $0.05 | Bingo $0 | Fortune $0 | Tax $0
Board [3c 2c 6c 2s 8d]
Seat 1: 36fc91a8 (big blind) folded before Flop
Seat 2: cc06189d showed [3d 6d] and lost with Pair of Sixes and Pair of Treys
Seat 3: 6c5f6c80 folded before Flop (didn't bet)
Seat 4: 9aa82e9f folded before Flop (didn't bet)
Seat 5: f71a1d4e (button) showed [Td Th] and won ($2.57) with Pair of Tens and Pair of Twos
Seat 6: Hero (small blind) folded before Flop


Poker Hand #HD1716891007: Hold'em No Limit ($0.02/$0.05) - 2024/04/05 16:19:10
Table 'NLHBlue11' 6-max Seat #4 is the button
Seat 1: 36fc91a8 ($6.76 in chips)
Seat 2: cc06189d ($5.93 in chips)
Seat 3: 6c5f6c80 ($7.69 in chips)
Seat 4: 9aa82e9f ($5 in chips)
Seat 5: f71a1d4e ($5 in chips)
Seat 6: Hero ($5 in chips)
f71a1d4e: posts small blind $0.02
Hero: posts big blind $0.05
*** HOLE CARDS ***
Dealt to 36fc91a8 
Dealt to cc06189d 
Dealt to 6c5f6c80 
Dealt to 9aa82e9f 
Dealt to f71a1d4e 
Dealt to Hero [5d 5c]
36fc91a8: folds
cc06189d: folds
6c5f6c80: folds
9aa82e9f: raises $0.1 to $0.15
f71a1d4e: folds
Hero: calls $0.1
*** FLOP *** [4h 6d 8h]
Hero: checks
9aa82e9f: bets $0.16
Hero: raises $0.39 to $0.55
9aa82e9f: calls $0.39
*** TURN *** [4h 6d 8h] [2d]
Hero: bets $1
9aa82e9f: folds
Uncalled bet ($1) returned to Hero
*** SHOWDOWN ***
Hero collected $1.35 from pot
*** SUMMARY ***
Total pot $1.42 | Rake $0.07 | Jackpot $0 | Bingo $0 | Fortune $0 | Tax $0
Board [4h 6d 8h 2d]
Seat 1: 36fc91a8 folded before Flop (didn't bet)
Seat 2: cc06189d folded before Flop (didn't bet)
Seat 3: 6c5f6c80 folded before Flop (didn't bet)
Seat 4: 9aa82e9f (button) folded on the Turn
Seat 5: f71a1d4e (small blind) folded before Flop
Seat 6: Hero (big blind) won ($1.35)


