Poker Hand #HD1773533576: Hold'em No Limit ($0.05/$0.1) - 2024/05/15 12:32:00
Table 'NLHRed41' 6-max Seat #5 is the button
Seat 1: 4cf737da ($0.97 in chips)
Seat 2: 9b1fbe43 ($10 in chips)
Seat 3: Hero ($23.73 in chips)
Seat 4: 20adfb2 ($10.28 in chips)
Seat 5: 19294432 ($11.48 in chips)
Seat 6: 31c29f09 ($8.29 in chips)
31c29f09: posts small blind $0.05
4cf737da: posts big blind $0.1
*** HOLE CARDS ***
Dealt to 4cf737da 
Dealt to 9b1fbe43 
Dealt to Hero [8d Td]
Dealt to 20adfb2 
Dealt to 19294432 
Dealt to 31c29f09 
9b1fbe43: folds
Hero: folds
20adfb2: folds
19294432: folds
31c29f09: raises $0.2 to $0.3
4cf737da: calls $0.2
*** FLOP *** [2s 4h 7d]
31c29f09: checks
4cf737da: checks
*** TURN *** [2s 4h 7d] [4c]
31c29f09: checks
4cf737da: checks
*** RIVER *** [2s 4h 7d 4c] [Qc]
31c29f09: checks
4cf737da: bets $0.2
31c29f09: calls $0.2
4cf737da: shows [Tc Qs] (Pair of Queens and Pair of Fours)
31c29f09: shows [Ts Kh] (Pair of Fours)
*** SHOWDOWN ***
4cf737da collected $0.95 from pot
*** SUMMARY ***
Total pot $1 | Rake $0.05 | Jackpot $0 | Bingo $0 | Fortune $0 | Tax $0
Board [2s 4h 7d 4c Qc]
Seat 1: 4cf737da (big blind) showed [Tc Qs] and won ($0.95) with Pair of Queens and Pair of Fours
Seat 2: 9b1fbe43 folded before Flop (didn't bet)
Seat 3: Hero folded before Flop (didn't bet)
Seat 4: 20adfb2 folded before Flop (didn't bet)
Seat 5: 19294432 (button) folded before Flop (didn't bet)
Seat 6: 31c29f09 (small blind) showed [Ts Kh] and lost with Pair of Fours


Poker Hand #HD1773533438: Hold'em No Limit ($0.05/$0.1) - 2024/05/15 12:30:53
Table 'NLHRed41' 6-max Seat #4 is the button
Seat 1: 4cf737da ($2 in chips)
Seat 2: 9b1fbe43 ($10 in chips)
Seat 3: Hero ($23.73 in chips)
Seat 4: 20adfb2 ($10.28 in chips)
Seat 5: 19294432 ($11.53 in chips)
Seat 6: 31c29f09 ($7.31 in chips)
19294432: posts small blind $0.05
31c29f09: posts big blind $0.1
*** HOLE CARDS ***
Dealt to 4cf737da 
Dealt to 9b1fbe43 
Dealt to Hero [Qs 5d]
Dealt to 20adfb2 
Dealt to 19294432 
Dealt to 31c29f09 
4cf737da: calls $0.1
9b1fbe43: folds
Hero: folds
20adfb2: folds
19294432: folds
31c29f09: checks
*** FLOP *** [3c Js 4s]
31c29f09: checks
4cf737da: bets $0.19
31c29f09: calls $0.19
*** TURN *** [3c Js 4s] [6c]
31c29f09: checks
4cf737da: bets $0.21
31c29f09: calls $0.21
*** RIVER *** [3c Js 4s 6c] [2d]
31c29f09: bets $0.53
4cf737da: calls $0.53
31c29f09: shows [Ad 5s] (Sixes-High Straight)
4cf737da: shows [Jc 8c] (Pair of Jacks)
*** SHOWDOWN ***
31c29f09 collected $2.01 from pot
*** SUMMARY ***
Total pot $2.11 | Rake $0.1 | Jackpot $0 | Bingo $0 | Fortune $0 | Tax $0
Board [3c Js 4s 6c 2d]
Seat 1: 4cf737da showed [Jc 8c] and lost with Pair of Jacks
Seat 2: 9b1fbe43 folded before Flop (didn't bet)
Seat 3: Hero folded before Flop (didn't bet)
Seat 4: 20adfb2 (button) folded before Flop (didn't bet)
Seat 5: 19294432 (small blind) folded before Flop
Seat 6: 31c29f09 (big blind) showed [Ad 5s] and won ($2.01) with Sixes-High Straight


Poker Hand #HD1773533391: Hold'em No Limit ($0.05/$0.1) - 2024/05/15 12:30:30
Table 'NLHRed41' 6-max Seat #3 is the button
Seat 1: 4cf737da ($2 in chips)
Seat 2: 9b1fbe43 ($10 in chips)
Seat 3: Hero ($23.73 in chips)
Seat 4: 20adfb2 ($10.33 in chips)
Seat 5: 19294432 ($11.63 in chips)
Seat 6: 31c29f09 ($7.16 in chips)
20adfb2: posts small blind $0.05
19294432: posts big blind $0.1
*** HOLE CARDS ***
Dealt to 4cf737da 
Dealt to 9b1fbe43 
Dealt to Hero [5h 8h]
Dealt to 20adfb2 
Dealt to 19294432 
Dealt to 31c29f09 
31c29f09: raises $0.11 to $0.21
4cf737da: folds
9b1fbe43: folds
Hero: folds
20adfb2: folds
19294432: folds
Uncalled bet ($0.11) returned to 31c29f09
*** SHOWDOWN ***
31c29f09 collected $0.25 from pot
*** SUMMARY ***
Total pot $0.25 | Rake $0 | Jackpot $0 | Bingo $0 | Fortune $0 | Tax $0
Seat 1: 4cf737da folded before Flop (didn't bet)
Seat 2: 9b1fbe43 folded before Flop (didn't bet)
Seat 3: Hero (button) folded before Flop (didn't bet)
Seat 4: 20adfb2 (small blind) folded before Flop
Seat 5: 19294432 (big blind) folded before Flop
Seat 6: 31c29f09 collected ($0.25)


Poker Hand #HD1773533360: Hold'em No Limit ($0.05/$0.1) - 2024/05/15 12:30:18
Table 'NLHRed41' 6-max Seat #2 is the button
Seat 2: 9b1fbe43 ($10 in chips)
Seat 3: Hero ($23.63 in chips)
Seat 4: 20adfb2 ($10.43 in chips)
Seat 5: 19294432 ($11.63 in chips)
Seat 6: 31c29f09 ($7.16 in chips)
Hero: posts small blind $0.05
20adfb2: posts big blind $0.1
*** HOLE CARDS ***
Dealt to 9b1fbe43 
Dealt to Hero [Ac As]
Dealt to 20adfb2 
Dealt to 19294432 
Dealt to 31c29f09 
19294432: folds
31c29f09: folds
9b1fbe43: folds
Hero: raises $0.2 to $0.3
20adfb2: folds
Uncalled bet ($0.2) returned to Hero
*** SHOWDOWN ***
Hero collected $0.2 from pot
*** SUMMARY ***
Total pot $0.2 | Rake $0 | Jackpot $0 | Bingo $0 | Fortune $0 | Tax $0
Seat 2: 9b1fbe43 (button) folded before Flop (didn't bet)
Seat 3: Hero (small blind) collected ($0.2)
Seat 4: 20adfb2 (big blind) folded before Flop
Seat 5: 19294432 folded before Flop (didn't bet)
Seat 6: 31c29f09 folded before Flop (didn't bet)


Poker Hand #HD1773533251: Hold'em No Limit ($0.05/$0.1) - 2024/05/15 12:29:24
Table 'NLHRed41' 6-max Seat #6 is the button
Seat 1: 4cf737da ($1.36 in chips)
Seat 2: 9b1fbe43 ($10 in chips)
Seat 3: Hero ($22.31 in chips)
Seat 4: 20adfb2 ($10.43 in chips)
Seat 5: 19294432 ($11.63 in chips)
Seat 6: 31c29f09 ($7.16 in chips)
4cf737da: posts small blind $0.05
9b1fbe43: posts big blind $0.1
*** HOLE CARDS ***
Dealt to 4cf737da 
Dealt to 9b1fbe43 
Dealt to Hero [Th Qh]
Dealt to 20adfb2 
Dealt to 19294432 
Dealt to 31c29f09 
Hero: raises $0.1 to $0.2
20adfb2: folds
19294432: folds
31c29f09: folds
4cf737da: calls $0.15
9b1fbe43: folds
*** FLOP *** [4h 5h Kh]
4cf737da: checks
Hero: bets $0.3
4cf737da: calls $0.3
*** TURN *** [4h 5h Kh] [8d]
4cf737da: checks
Hero: bets $1.1
4cf737da: calls $0.86 and is all-in
Uncalled bet ($0.24) returned to Hero
Hero: shows [Th Qh] (King High Flush)
4cf737da: shows [Ah 3s] (Ace-High)
*** FIRST RIVER *** [4h 5h Kh 8d] [Jd]
*** SECOND RIVER *** [4h 5h Kh 8d] [Jc]
*** FIRST SHOWDOWN ***
Hero collected $1.34 from pot
*** SECOND SHOWDOWN ***
Hero collected $1.34 from pot
*** SUMMARY ***
Total pot $2.82 | Rake $0.14 | Jackpot $0 | Bingo $0 | Fortune $0 | Tax $0
Hand was run two times
FIRST Board [4h 5h Kh 8d Jd]
SECOND Board [Jc]
Seat 1: 4cf737da (small blind) showed [Ah 3s] and lost with Ace-High, and lost
Seat 2: 9b1fbe43 (big blind) folded before Flop
Seat 3: Hero showed [Th Qh] and won ($1.34) with King High Flush, and won ($1.34)
Seat 4: 20adfb2 folded before Flop (didn't bet)
Seat 5: 19294432 folded before Flop (didn't bet)
Seat 6: 31c29f09 (button) folded before Flop (didn't bet)


Poker Hand #HD1773533207: Hold'em No Limit ($0.05/$0.1) - 2024/05/15 12:29:08
Table 'NLHRed41' 6-max Seat #5 is the button
Seat 1: 4cf737da ($1.31 in chips)
Seat 2: 9b1fbe43 ($10 in chips)
Seat 3: Hero ($22.31 in chips)
Seat 4: 20adfb2 ($10.43 in chips)
Seat 5: 19294432 ($11.63 in chips)
Seat 6: 31c29f09 ($7.21 in chips)
31c29f09: posts small blind $0.05
4cf737da: posts big blind $0.1
*** HOLE CARDS ***
Dealt to 4cf737da 
Dealt to 9b1fbe43 
Dealt to Hero [3d 9s]
Dealt to 20adfb2 
Dealt to 19294432 
Dealt to 31c29f09 
9b1fbe43: folds
Hero: folds
20adfb2: folds
19294432: folds
31c29f09: folds
Uncalled bet ($0.05) returned to 4cf737da
*** SHOWDOWN ***
4cf737da collected $0.1 from pot
*** SUMMARY ***
Total pot $0.1 | Rake $0 | Jackpot $0 | Bingo $0 | Fortune $0 | Tax $0
Seat 1: 4cf737da (big blind) collected ($0.1)
Seat 2: 9b1fbe43 folded before Flop (didn't bet)
Seat 3: Hero folded before Flop (didn't bet)
Seat 4: 20adfb2 folded before Flop (didn't bet)
Seat 5: 19294432 (button) folded before Flop (didn't bet)
Seat 6: 31c29f09 (small blind) folded before Flop


Poker Hand #HD1773533182: Hold'em No Limit ($0.05/$0.1) - 2024/05/15 12:28:57
Table 'NLHRed41' 6-max Seat #4 is the button
Seat 1: 4cf737da ($1.31 in chips)
Seat 2: 9b1fbe43 ($10 in chips)
Seat 3: Hero ($22.31 in chips)
Seat 4: 20adfb2 ($10.43 in chips)
Seat 5: 19294432 ($11.68 in chips)
Seat 6: 31c29f09 ($7.16 in chips)
19294432: posts small blind $0.05
31c29f09: posts big blind $0.1
*** HOLE CARDS ***
Dealt to 4cf737da 
Dealt to 9b1fbe43 
Dealt to Hero [8h 3h]
Dealt to 20adfb2 
Dealt to 19294432 
Dealt to 31c29f09 
4cf737da: folds
9b1fbe43: folds
Hero: folds
20adfb2: folds
19294432: folds
Uncalled bet ($0.05) returned to 31c29f09
*** SHOWDOWN ***
31c29f09 collected $0.1 from pot
*** SUMMARY ***
Total pot $0.1 | Rake $0 | Jackpot $0 | Bingo $0 | Fortune $0 | Tax $0
Seat 1: 4cf737da folded before Flop (didn't bet)
Seat 2: 9b1fbe43 folded before Flop (didn't bet)
Seat 3: Hero folded before Flop (didn't bet)
Seat 4: 20adfb2 (button) folded before Flop (didn't bet)
Seat 5: 19294432 (small blind) folded before Flop
Seat 6: 31c29f09 (big blind) collected ($0.1)


Poker Hand #HD1773532922: Hold'em No Limit ($0.05/$0.1) - 2024/05/15 12:26:51
Table 'NLHRed41' 6-max Seat #3 is the button
Seat 1: 4cf737da ($1.52 in chips)
Seat 2: 9b1fbe43 ($10 in chips)
Seat 3: Hero ($18.93 in chips)
Seat 4: 20adfb2 ($10.48 in chips)
Seat 5: 19294432 ($11.78 in chips)
Seat 6: 31c29f09 ($9.26 in chips)
20adfb2: posts small blind $0.05
19294432: posts big blind $0.1
*** HOLE CARDS ***
Dealt to 4cf737da 
Dealt to 9b1fbe43 
Dealt to Hero [Ah Ks]
Dealt to 20adfb2 
Dealt to 19294432 
Dealt to 31c29f09 
31c29f09: raises $0.11 to $0.21
4cf737da: calls $0.21
9b1fbe43: calls $0.21
Hero: raises $1.09 to $1.3
20adfb2: folds
19294432: folds
31c29f09: calls $1.09
4cf737da: folds
9b1fbe43: calls $1.09
*** FLOP *** [8h 2d 8c]
31c29f09: bets $0.8
9b1fbe43: folds
Hero: calls $0.8
*** TURN *** [8h 2d 8c] [Kh]
31c29f09: checks
Hero: checks
*** RIVER *** [8h 2d 8c Kh] [4d]
31c29f09: checks
Hero: bets $2.9
31c29f09: folds
Uncalled bet ($2.9) returned to Hero
*** SHOWDOWN ***
Hero collected $5.48 from pot
*** SUMMARY ***
Total pot $5.86 | Rake $0.28 | Jackpot $0.1 | Bingo $0 | Fortune $0 | Tax $0
Board [8h 2d 8c Kh 4d]
Seat 1: 4cf737da folded before Flop
Seat 2: 9b1fbe43 folded on the Flop
Seat 3: Hero (button) won ($5.48)
Seat 4: 20adfb2 (small blind) folded before Flop
Seat 5: 19294432 (big blind) folded before Flop
Seat 6: 31c29f09 folded on the River


Poker Hand #HD1773532783: Hold'em No Limit ($0.05/$0.1) - 2024/05/15 12:25:48
Table 'NLHRed41' 6-max Seat #2 is the button
Seat 1: 4cf737da ($2 in chips)
Seat 2: 9b1fbe43 ($10 in chips)
Seat 3: Hero ($18.98 in chips)
Seat 4: 20adfb2 ($10 in chips)
Seat 5: 19294432 ($11.78 in chips)
Seat 6: 31c29f09 ($9.26 in chips)
Hero: posts small blind $0.05
20adfb2: posts big blind $0.1
4cf737da: posts big blind $0.1
*** HOLE CARDS ***
Dealt to 4cf737da 
Dealt to 9b1fbe43 
Dealt to Hero [8s 7d]
Dealt to 20adfb2 
Dealt to 19294432 
Dealt to 31c29f09 
19294432: folds
31c29f09: folds
4cf737da: checks
9b1fbe43: folds
Hero: folds
20adfb2: checks
*** FLOP *** [6h 4d 4h]
20adfb2: checks
4cf737da: checks
*** TURN *** [6h 4d 4h] [9d]
20adfb2: checks
4cf737da: checks
*** RIVER *** [6h 4d 4h 9d] [7h]
20adfb2: bets $0.19
4cf737da: raises $0.19 to $0.38
20adfb2: calls $0.19
4cf737da: shows [7s 3c] (Pair of Sevens and Pair of Fours)
20adfb2: shows [Th 2h] (Ten High Flush)
*** SHOWDOWN ***
20adfb2 collected $0.96 from pot
*** SUMMARY ***
Total pot $1.01 | Rake $0.05 | Jackpot $0 | Bingo $0 | Fortune $0 | Tax $0
Board [6h 4d 4h 9d 7h]
Seat 1: 4cf737da showed [7s 3c] and lost with Pair of Sevens and Pair of Fours
Seat 2: 9b1fbe43 (button) folded before Flop (didn't bet)
Seat 3: Hero (small blind) folded before Flop
Seat 4: 20adfb2 (big blind) showed [Th 2h] and won ($0.96) with Ten High Flush
Seat 5: 19294432 folded before Flop (didn't bet)
Seat 6: 31c29f09 folded before Flop (didn't bet)


Poker Hand #HD1773532559: Hold'em No Limit ($0.05/$0.1) - 2024/05/15 12:24:09
Table 'NLHRed41' 6-max Seat #6 is the button
Seat 2: 9b1fbe43 ($10.05 in chips)
Seat 3: Hero ($21.01 in chips)
Seat 4: 20adfb2 ($10 in chips)
Seat 5: 19294432 ($10 in chips)
Seat 6: 31c29f09 ($9.26 in chips)
9b1fbe43: posts small blind $0.05
Hero: posts big blind $0.1
*** HOLE CARDS ***
Dealt to 9b1fbe43 
Dealt to Hero [Td Kd]
Dealt to 20adfb2 
Dealt to 19294432 
Dealt to 31c29f09 
20adfb2: folds
19294432: raises $0.3 to $0.4
31c29f09: folds
9b1fbe43: folds
Hero: calls $0.3
*** FLOP *** [2d Kc 9c]
Hero: checks
19294432: bets $0.43
Hero: calls $0.43
*** TURN *** [2d Kc 9c] [Jh]
Hero: checks
19294432: bets $1.2
Hero: calls $1.2
*** RIVER *** [2d Kc 9c Jh] [2s]
Hero: checks
19294432: bets $7.97 and is all-in
Hero: folds
Uncalled bet ($7.97) returned to 19294432
*** SHOWDOWN ***
19294432 collected $3.81 from pot
*** SUMMARY ***
Total pot $4.11 | Rake $0.2 | Jackpot $0.1 | Bingo $0 | Fortune $0 | Tax $0
Board [2d Kc 9c Jh 2s]
Seat 2: 9b1fbe43 (small blind) folded before Flop
Seat 3: Hero (big blind) folded on the River
Seat 4: 20adfb2 folded before Flop (didn't bet)
Seat 5: 19294432 won ($3.81)
Seat 6: 31c29f09 (button) folded before Flop (didn't bet)


Poker Hand #HD1773532510: Hold'em No Limit ($0.05/$0.1) - 2024/05/15 12:23:49
Table 'NLHRed41' 6-max Seat #5 is the button
Seat 2: 9b1fbe43 ($10.15 in chips)
Seat 3: Hero ($20.86 in chips)
Seat 4: 20adfb2 ($10 in chips)
Seat 5: 19294432 ($10 in chips)
Seat 6: 31c29f09 ($9.31 in chips)
31c29f09: posts small blind $0.05
9b1fbe43: posts big blind $0.1
*** HOLE CARDS ***
Dealt to 9b1fbe43 
Dealt to Hero [Td Qd]
Dealt to 20adfb2 
Dealt to 19294432 
Dealt to 31c29f09 
Hero: raises $0.1 to $0.2
20adfb2: folds
19294432: folds
31c29f09: folds
9b1fbe43: folds
Uncalled bet ($0.1) returned to Hero
*** SHOWDOWN ***
Hero collected $0.25 from pot
*** SUMMARY ***
Total pot $0.25 | Rake $0 | Jackpot $0 | Bingo $0 | Fortune $0 | Tax $0
Seat 2: 9b1fbe43 (big blind) folded before Flop
Seat 3: Hero collected ($0.25)
Seat 4: 20adfb2 folded before Flop (didn't bet)
Seat 5: 19294432 (button) folded before Flop (didn't bet)
Seat 6: 31c29f09 (small blind) folded before Flop


Poker Hand #HD1773532462: Hold'em No Limit ($0.05/$0.1) - 2024/05/15 12:23:27
Table 'NLHRed41' 6-max Seat #4 is the button
Seat 2: 9b1fbe43 ($10.15 in chips)
Seat 3: Hero ($20.71 in chips)
Seat 4: 20adfb2 ($10 in chips)
Seat 5: 19294432 ($10 in chips)
Seat 6: 31c29f09 ($9.41 in chips)
19294432: posts small blind $0.05
31c29f09: posts big blind $0.1
*** HOLE CARDS ***
Dealt to 9b1fbe43 
Dealt to Hero [Td Qc]
Dealt to 20adfb2 
Dealt to 19294432 
Dealt to 31c29f09 
9b1fbe43: folds
Hero: raises $0.14 to $0.24
20adfb2: folds
19294432: folds
31c29f09: folds
Uncalled bet ($0.14) returned to Hero
*** SHOWDOWN ***
Hero collected $0.25 from pot
*** SUMMARY ***
Total pot $0.25 | Rake $0 | Jackpot $0 | Bingo $0 | Fortune $0 | Tax $0
Seat 2: 9b1fbe43 folded before Flop (didn't bet)
Seat 3: Hero collected ($0.25)
Seat 4: 20adfb2 (button) folded before Flop (didn't bet)
Seat 5: 19294432 (small blind) folded before Flop
Seat 6: 31c29f09 (big blind) folded before Flop


Poker Hand #HD1773532387: Hold'em No Limit ($0.05/$0.1) - 2024/05/15 12:22:56
Table 'NLHRed41' 6-max Seat #3 is the button
Seat 2: 9b1fbe43 ($10 in chips)
Seat 3: Hero ($20.71 in chips)
Seat 4: 20adfb2 ($10.05 in chips)
Seat 5: 19294432 ($10 in chips)
Seat 6: 31c29f09 ($9.41 in chips)
20adfb2: posts small blind $0.05
19294432: posts big blind $0.1
*** HOLE CARDS ***
Dealt to 9b1fbe43 
Dealt to Hero [Qc Jd]
Dealt to 20adfb2 
Dealt to 19294432 
Dealt to 31c29f09 
31c29f09: folds
9b1fbe43: raises $0.15 to $0.25
Hero: folds
20adfb2: folds
19294432: folds
Uncalled bet ($0.15) returned to 9b1fbe43
*** SHOWDOWN ***
9b1fbe43 collected $0.25 from pot
*** SUMMARY ***
Total pot $0.25 | Rake $0 | Jackpot $0 | Bingo $0 | Fortune $0 | Tax $0
Seat 2: 9b1fbe43 collected ($0.25)
Seat 3: Hero (button) folded before Flop (didn't bet)
Seat 4: 20adfb2 (small blind) folded before Flop
Seat 5: 19294432 (big blind) folded before Flop
Seat 6: 31c29f09 folded before Flop (didn't bet)


Poker Hand #HD1773532303: Hold'em No Limit ($0.05/$0.1) - 2024/05/15 12:22:15
Table 'NLHRed41' 6-max Seat #2 is the button
Seat 2: 9b1fbe43 ($10 in chips)
Seat 3: Hero ($20.39 in chips)
Seat 4: 20adfb2 ($10.15 in chips)
Seat 5: 19294432 ($10 in chips)
Seat 6: 31c29f09 ($9.41 in chips)
Hero: posts small blind $0.05
20adfb2: posts big blind $0.1
*** HOLE CARDS ***
Dealt to 9b1fbe43 
Dealt to Hero [9d Ad]
Dealt to 20adfb2 
Dealt to 19294432 
Dealt to 31c29f09 
19294432: folds
31c29f09: folds
9b1fbe43: raises $0.15 to $0.25
Hero: raises $0.85 to $1.1
20adfb2: folds
9b1fbe43: folds
Uncalled bet ($0.85) returned to Hero
*** SHOWDOWN ***
Hero collected $0.57 from pot
*** SUMMARY ***
Total pot $0.6 | Rake $0.03 | Jackpot $0 | Bingo $0 | Fortune $0 | Tax $0
Seat 2: 9b1fbe43 (button) folded before Flop
Seat 3: Hero (small blind) collected ($0.57)
Seat 4: 20adfb2 (big blind) folded before Flop
Seat 5: 19294432 folded before Flop (didn't bet)
Seat 6: 31c29f09 folded before Flop (didn't bet)


Poker Hand #HD1773532267: Hold'em No Limit ($0.05/$0.1) - 2024/05/15 12:22:00
Table 'NLHRed41' 6-max Seat #6 is the button
Seat 1: af61cac2 ($2.62 in chips)
Seat 2: 9b1fbe43 ($10 in chips)
Seat 3: Hero ($20.24 in chips)
Seat 4: 20adfb2 ($10.15 in chips)
Seat 5: 19294432 ($10 in chips)
Seat 6: 31c29f09 ($9.41 in chips)
af61cac2: posts small blind $0.05
9b1fbe43: posts big blind $0.1
*** HOLE CARDS ***
Dealt to af61cac2 
Dealt to 9b1fbe43 
Dealt to Hero [Ks Qs]
Dealt to 20adfb2 
Dealt to 19294432 
Dealt to 31c29f09 
Hero: raises $0.1 to $0.2
20adfb2: folds
19294432: folds
31c29f09: folds
af61cac2: folds
9b1fbe43: folds
Uncalled bet ($0.1) returned to Hero
*** SHOWDOWN ***
Hero collected $0.25 from pot
*** SUMMARY ***
Total pot $0.25 | Rake $0 | Jackpot $0 | Bingo $0 | Fortune $0 | Tax $0
Seat 1: af61cac2 (small blind) folded before Flop
Seat 2: 9b1fbe43 (big blind) folded before Flop
Seat 3: Hero collected ($0.25)
Seat 4: 20adfb2 folded before Flop (didn't bet)
Seat 5: 19294432 folded before Flop (didn't bet)
Seat 6: 31c29f09 (button) folded before Flop (didn't bet)


Poker Hand #HD1773532220: Hold'em No Limit ($0.05/$0.1) - 2024/05/15 12:21:41
Table 'NLHRed41' 6-max Seat #5 is the button
Seat 1: af61cac2 ($2.57 in chips)
Seat 2: 9b1fbe43 ($10 in chips)
Seat 3: Hero ($20.24 in chips)
Seat 4: 20adfb2 ($10.15 in chips)
Seat 5: 19294432 ($10 in chips)
Seat 6: 31c29f09 ($9.46 in chips)
31c29f09: posts small blind $0.05
af61cac2: posts big blind $0.1
*** HOLE CARDS ***
Dealt to af61cac2 
Dealt to 9b1fbe43 
Dealt to Hero [4h 6c]
Dealt to 20adfb2 
Dealt to 19294432 
Dealt to 31c29f09 
9b1fbe43: folds
Hero: folds
20adfb2: folds
19294432: folds
31c29f09: folds
Uncalled bet ($0.05) returned to af61cac2
*** SHOWDOWN ***
af61cac2 collected $0.1 from pot
*** SUMMARY ***
Total pot $0.1 | Rake $0 | Jackpot $0 | Bingo $0 | Fortune $0 | Tax $0
Seat 1: af61cac2 (big blind) collected ($0.1)
Seat 2: 9b1fbe43 folded before Flop (didn't bet)
Seat 3: Hero folded before Flop (didn't bet)
Seat 4: 20adfb2 folded before Flop (didn't bet)
Seat 5: 19294432 (button) folded before Flop (didn't bet)
Seat 6: 31c29f09 (small blind) folded before Flop


Poker Hand #HD1773532162: Hold'em No Limit ($0.05/$0.1) - 2024/05/15 12:21:16
Table 'NLHRed41' 6-max Seat #4 is the button
Seat 1: af61cac2 ($2.57 in chips)
Seat 2: 9b1fbe43 ($10 in chips)
Seat 3: Hero ($20.09 in chips)
Seat 4: 20adfb2 ($10.15 in chips)
Seat 5: 19294432 ($10 in chips)
Seat 6: 31c29f09 ($9.56 in chips)
19294432: posts small blind $0.05
31c29f09: posts big blind $0.1
*** HOLE CARDS ***
Dealt to af61cac2 
Dealt to 9b1fbe43 
Dealt to Hero [Td 9d]
Dealt to 20adfb2 
Dealt to 19294432 
Dealt to 31c29f09 
af61cac2: folds
9b1fbe43: folds
Hero: raises $0.14 to $0.24
20adfb2: folds
19294432: folds
31c29f09: folds
Uncalled bet ($0.14) returned to Hero
*** SHOWDOWN ***
Hero collected $0.25 from pot
*** SUMMARY ***
Total pot $0.25 | Rake $0 | Jackpot $0 | Bingo $0 | Fortune $0 | Tax $0
Seat 1: af61cac2 folded before Flop (didn't bet)
Seat 2: 9b1fbe43 folded before Flop (didn't bet)
Seat 3: Hero collected ($0.25)
Seat 4: 20adfb2 (button) folded before Flop (didn't bet)
Seat 5: 19294432 (small blind) folded before Flop
Seat 6: 31c29f09 (big blind) folded before Flop


Poker Hand #HD1773532022: Hold'em No Limit ($0.05/$0.1) - 2024/05/15 12:20:16
Table 'NLHRed41' 6-max Seat #3 is the button
Seat 1: af61cac2 ($2.57 in chips)
Seat 2: 9b1fbe43 ($10 in chips)
Seat 3: Hero ($18.42 in chips)
Seat 4: 20adfb2 ($10.2 in chips)
Seat 5: 19294432 ($10 in chips)
Seat 6: 31c29f09 ($9.56 in chips)
20adfb2: posts small blind $0.05
19294432: posts big blind $0.1
*** HOLE CARDS ***
Dealt to af61cac2 
Dealt to 9b1fbe43 
Dealt to Hero [Ac Js]
Dealt to 20adfb2 
Dealt to 19294432 
Dealt to 31c29f09 
31c29f09: folds
af61cac2: folds
9b1fbe43: raises $0.15 to $0.25
Hero: raises $0.65 to $0.9
20adfb2: folds
19294432: folds
9b1fbe43: calls $0.65
*** FLOP *** [Qd 2s 4c]
9b1fbe43: checks
Hero: bets $0.9
9b1fbe43: calls $0.9
*** TURN *** [Qd 2s 4c] [Jc]
9b1fbe43: checks
Hero: checks
*** RIVER *** [Qd 2s 4c Jc] [As]
9b1fbe43: checks
Hero: bets $2.2
9b1fbe43: folds
Uncalled bet ($2.2) returned to Hero
*** SHOWDOWN ***
Hero collected $3.47 from pot
*** SUMMARY ***
Total pot $3.75 | Rake $0.18 | Jackpot $0.1 | Bingo $0 | Fortune $0 | Tax $0
Board [Qd 2s 4c Jc As]
Seat 1: af61cac2 folded before Flop (didn't bet)
Seat 2: 9b1fbe43 folded on the River
Seat 3: Hero (button) won ($3.47)
Seat 4: 20adfb2 (small blind) folded before Flop
Seat 5: 19294432 (big blind) folded before Flop
Seat 6: 31c29f09 folded before Flop (didn't bet)


Poker Hand #HD1773531981: Hold'em No Limit ($0.05/$0.1) - 2024/05/15 12:19:59
Table 'NLHRed41' 6-max Seat #2 is the button
Seat 1: af61cac2 ($2.57 in chips)
Seat 2: 9b1fbe43 ($10 in chips)
Seat 3: Hero ($18.32 in chips)
Seat 4: 20adfb2 ($10.3 in chips)
Seat 6: 31c29f09 ($9.56 in chips)
Hero: posts small blind $0.05
20adfb2: posts big blind $0.1
*** HOLE CARDS ***
Dealt to af61cac2 
Dealt to 9b1fbe43 
Dealt to Hero [Ah 4s]
Dealt to 20adfb2 
Dealt to 31c29f09 
31c29f09: folds
af61cac2: folds
9b1fbe43: folds
Hero: raises $0.2 to $0.3
20adfb2: folds
Uncalled bet ($0.2) returned to Hero
*** SHOWDOWN ***
Hero collected $0.2 from pot
*** SUMMARY ***
Total pot $0.2 | Rake $0 | Jackpot $0 | Bingo $0 | Fortune $0 | Tax $0
Seat 1: af61cac2 folded before Flop (didn't bet)
Seat 2: 9b1fbe43 (button) folded before Flop (didn't bet)
Seat 3: Hero (small blind) collected ($0.2)
Seat 4: 20adfb2 (big blind) folded before Flop
Seat 6: 31c29f09 folded before Flop (didn't bet)


Poker Hand #HD1773531885: Hold'em No Limit ($0.05/$0.1) - 2024/05/15 12:19:16
Table 'NLHRed41' 6-max Seat #1 is the button
Seat 1: af61cac2 ($2.26 in chips)
Seat 2: 9b1fbe43 ($10.05 in chips)
Seat 3: Hero ($18.61 in chips)
Seat 4: 20adfb2 ($10.3 in chips)
Seat 6: 31c29f09 ($9.56 in chips)
9b1fbe43: posts small blind $0.05
Hero: posts big blind $0.1
*** HOLE CARDS ***
Dealt to af61cac2 
Dealt to 9b1fbe43 
Dealt to Hero [Js 9s]
Dealt to 20adfb2 
Dealt to 31c29f09 
20adfb2: folds
31c29f09: folds
af61cac2: calls $0.1
9b1fbe43: folds
Hero: checks
*** FLOP *** [9d Qd 4d]
Hero: checks
af61cac2: checks
*** TURN *** [9d Qd 4d] [As]
Hero: checks
af61cac2: bets $0.19
Hero: calls $0.19
*** RIVER *** [9d Qd 4d As] [3c]
Hero: checks
af61cac2: bets $0.48
Hero: folds
Uncalled bet ($0.48) returned to af61cac2
*** SHOWDOWN ***
af61cac2 collected $0.6 from pot
*** SUMMARY ***
Total pot $0.63 | Rake $0.03 | Jackpot $0 | Bingo $0 | Fortune $0 | Tax $0
Board [9d Qd 4d As 3c]
Seat 1: af61cac2 (button) won ($0.6)
Seat 2: 9b1fbe43 (small blind) folded before Flop
Seat 3: Hero (big blind) folded on the River
Seat 4: 20adfb2 folded before Flop (didn't bet)
Seat 6: 31c29f09 folded before Flop (didn't bet)


Poker Hand #HD1773531802: Hold'em No Limit ($0.05/$0.1) - 2024/05/15 12:18:37
Table 'NLHRed41' 6-max Seat #6 is the button
Seat 1: af61cac2 ($1.97 in chips)
Seat 2: 9b1fbe43 ($10.15 in chips)
Seat 3: Hero ($18.61 in chips)
Seat 4: 20adfb2 ($10.3 in chips)
Seat 6: 31c29f09 ($9.77 in chips)
af61cac2: posts small blind $0.05
9b1fbe43: posts big blind $0.1
*** HOLE CARDS ***
Dealt to af61cac2 
Dealt to 9b1fbe43 
Dealt to Hero [5s Js]
Dealt to 20adfb2 
Dealt to 31c29f09 
Hero: folds
20adfb2: folds
31c29f09: raises $0.11 to $0.21
af61cac2: raises $1.76 to $1.97 and is all-in
9b1fbe43: folds
31c29f09: folds
Uncalled bet ($1.76) returned to af61cac2
*** SHOWDOWN ***
af61cac2 collected $0.5 from pot
*** SUMMARY ***
Total pot $0.52 | Rake $0.02 | Jackpot $0 | Bingo $0 | Fortune $0 | Tax $0
Seat 1: af61cac2 (small blind) collected ($0.5)
Seat 2: 9b1fbe43 (big blind) folded before Flop
Seat 3: Hero folded before Flop (didn't bet)
Seat 4: 20adfb2 folded before Flop (didn't bet)
Seat 6: 31c29f09 (button) folded before Flop


Poker Hand #HD1773531682: Hold'em No Limit ($0.05/$0.1) - 2024/05/15 12:17:42
Table 'NLHRed41' 6-max Seat #5 is the button
Seat 1: af61cac2 ($2.17 in chips)
Seat 2: 9b1fbe43 ($10.15 in chips)
Seat 3: Hero ($18.61 in chips)
Seat 4: 20adfb2 ($10.3 in chips)
Seat 5: fe79c8fa ($1.4 in chips)
Seat 6: 31c29f09 ($9.59 in chips)
31c29f09: posts small blind $0.05
af61cac2: posts big blind $0.1
*** HOLE CARDS ***
Dealt to af61cac2 
Dealt to 9b1fbe43 
Dealt to Hero [Qc 4h]
Dealt to 20adfb2 
Dealt to fe79c8fa 
Dealt to 31c29f09 
9b1fbe43: folds
Hero: folds
20adfb2: folds
fe79c8fa: folds
31c29f09: calls $0.05
af61cac2: checks
*** FLOP *** [Ts Kh 7s]
31c29f09: bets $0.1
af61cac2: calls $0.1
*** TURN *** [Ts Kh 7s] [Jd]
31c29f09: bets $0.2
af61cac2: folds
Uncalled bet ($0.2) returned to 31c29f09
*** SHOWDOWN ***
31c29f09 collected $0.38 from pot
*** SUMMARY ***
Total pot $0.4 | Rake $0.02 | Jackpot $0 | Bingo $0 | Fortune $0 | Tax $0
Board [Ts Kh 7s Jd]
Seat 1: af61cac2 (big blind) folded on the Turn
Seat 2: 9b1fbe43 folded before Flop (didn't bet)
Seat 3: Hero folded before Flop (didn't bet)
Seat 4: 20adfb2 folded before Flop (didn't bet)
Seat 5: fe79c8fa (button) folded before Flop (didn't bet)
Seat 6: 31c29f09 (small blind) won ($0.38)


Poker Hand #HD1773531640: Hold'em No Limit ($0.05/$0.1) - 2024/05/15 12:17:17
Table 'NLHRed41' 6-max Seat #4 is the button
Seat 1: af61cac2 ($2.17 in chips)
Seat 2: 9b1fbe43 ($10.15 in chips)
Seat 3: Hero ($18.61 in chips)
Seat 4: 20adfb2 ($10.15 in chips)
Seat 5: fe79c8fa ($1.45 in chips)
Seat 6: 31c29f09 ($9.69 in chips)
fe79c8fa: posts small blind $0.05
31c29f09: posts big blind $0.1
*** HOLE CARDS ***
Dealt to af61cac2 
Dealt to 9b1fbe43 
Dealt to Hero [8s Ah]
Dealt to 20adfb2 
Dealt to fe79c8fa 
Dealt to 31c29f09 
af61cac2: folds
9b1fbe43: folds
Hero: folds
20adfb2: raises $0.15 to $0.25
fe79c8fa: folds
31c29f09: folds
Uncalled bet ($0.15) returned to 20adfb2
*** SHOWDOWN ***
20adfb2 collected $0.25 from pot
*** SUMMARY ***
Total pot $0.25 | Rake $0 | Jackpot $0 | Bingo $0 | Fortune $0 | Tax $0
Seat 1: af61cac2 folded before Flop (didn't bet)
Seat 2: 9b1fbe43 folded before Flop (didn't bet)
Seat 3: Hero folded before Flop (didn't bet)
Seat 4: 20adfb2 (button) collected ($0.25)
Seat 5: fe79c8fa (small blind) folded before Flop
Seat 6: 31c29f09 (big blind) folded before Flop


Poker Hand #HD1773531602: Hold'em No Limit ($0.05/$0.1) - 2024/05/15 12:16:59
Table 'NLHRed41' 6-max Seat #3 is the button
Seat 1: af61cac2 ($2.17 in chips)
Seat 2: 9b1fbe43 ($10.15 in chips)
Seat 3: Hero ($18.46 in chips)
Seat 4: 20adfb2 ($10.2 in chips)
Seat 5: fe79c8fa ($1.55 in chips)
20adfb2: posts small blind $0.05
fe79c8fa: posts big blind $0.1
*** HOLE CARDS ***
Dealt to af61cac2 
Dealt to 9b1fbe43 
Dealt to Hero [Ad 9d]
Dealt to 20adfb2 
Dealt to fe79c8fa 
af61cac2: folds
9b1fbe43: folds
Hero: raises $0.14 to $0.24
20adfb2: folds
fe79c8fa: folds
Uncalled bet ($0.14) returned to Hero
*** SHOWDOWN ***
Hero collected $0.25 from pot
*** SUMMARY ***
Total pot $0.25 | Rake $0 | Jackpot $0 | Bingo $0 | Fortune $0 | Tax $0
Seat 1: af61cac2 folded before Flop (didn't bet)
Seat 2: 9b1fbe43 folded before Flop (didn't bet)
Seat 3: Hero (button) collected ($0.25)
Seat 4: 20adfb2 (small blind) folded before Flop
Seat 5: fe79c8fa (big blind) folded before Flop


Poker Hand #HD1773531567: Hold'em No Limit ($0.05/$0.1) - 2024/05/15 12:16:37
Table 'NLHRed41' 6-max Seat #2 is the button
Seat 1: af61cac2 ($2.17 in chips)
Seat 2: 9b1fbe43 ($10 in chips)
Seat 3: Hero ($18.51 in chips)
Seat 4: 20adfb2 ($10.3 in chips)
Seat 5: fe79c8fa ($1.55 in chips)
Hero: posts small blind $0.05
20adfb2: posts big blind $0.1
*** HOLE CARDS ***
Dealt to af61cac2 
Dealt to 9b1fbe43 
Dealt to Hero [3c 8c]
Dealt to 20adfb2 
Dealt to fe79c8fa 
fe79c8fa: folds
af61cac2: folds
9b1fbe43: raises $0.15 to $0.25
Hero: folds
20adfb2: folds
Uncalled bet ($0.15) returned to 9b1fbe43
*** SHOWDOWN ***
9b1fbe43 collected $0.25 from pot
*** SUMMARY ***
Total pot $0.25 | Rake $0 | Jackpot $0 | Bingo $0 | Fortune $0 | Tax $0
Seat 1: af61cac2 folded before Flop (didn't bet)
Seat 2: 9b1fbe43 (button) collected ($0.25)
Seat 3: Hero (small blind) folded before Flop
Seat 4: 20adfb2 (big blind) folded before Flop
Seat 5: fe79c8fa folded before Flop (didn't bet)


Poker Hand #HD1773531535: Hold'em No Limit ($0.05/$0.1) - 2024/05/15 12:16:24
Table 'NLHRed41' 6-max Seat #1 is the button
Seat 1: af61cac2 ($2.17 in chips)
Seat 2: 9b1fbe43 ($10 in chips)
Seat 3: Hero ($18.61 in chips)
Seat 4: 20adfb2 ($10.15 in chips)
Seat 5: fe79c8fa ($1.55 in chips)
9b1fbe43: posts small blind $0.05
Hero: posts big blind $0.1
*** HOLE CARDS ***
Dealt to af61cac2 
Dealt to 9b1fbe43 
Dealt to Hero [Ks 4s]
Dealt to 20adfb2 
Dealt to fe79c8fa 
20adfb2: raises $0.15 to $0.25
fe79c8fa: folds
af61cac2: folds
9b1fbe43: folds
Hero: folds
Uncalled bet ($0.15) returned to 20adfb2
*** SHOWDOWN ***
20adfb2 collected $0.25 from pot
*** SUMMARY ***
Total pot $0.25 | Rake $0 | Jackpot $0 | Bingo $0 | Fortune $0 | Tax $0
Seat 1: af61cac2 (button) folded before Flop (didn't bet)
Seat 2: 9b1fbe43 (small blind) folded before Flop
Seat 3: Hero (big blind) folded before Flop
Seat 4: 20adfb2 collected ($0.25)
Seat 5: fe79c8fa folded before Flop (didn't bet)


Poker Hand #HD1773531489: Hold'em No Limit ($0.05/$0.1) - 2024/05/15 12:16:04
Table 'NLHRed41' 6-max Seat #5 is the button
Seat 1: af61cac2 ($2.22 in chips)
Seat 2: 9b1fbe43 ($10.1 in chips)
Seat 3: Hero ($18.61 in chips)
Seat 4: 20adfb2 ($10 in chips)
Seat 5: fe79c8fa ($1.55 in chips)
af61cac2: posts small blind $0.05
9b1fbe43: posts big blind $0.1
*** HOLE CARDS ***
Dealt to af61cac2 
Dealt to 9b1fbe43 
Dealt to Hero [Ad 8s]
Dealt to 20adfb2 
Dealt to fe79c8fa 
Hero: folds
20adfb2: raises $0.15 to $0.25
fe79c8fa: folds
af61cac2: folds
9b1fbe43: folds
Uncalled bet ($0.15) returned to 20adfb2
*** SHOWDOWN ***
20adfb2 collected $0.25 from pot
*** SUMMARY ***
Total pot $0.25 | Rake $0 | Jackpot $0 | Bingo $0 | Fortune $0 | Tax $0
Seat 1: af61cac2 (small blind) folded before Flop
Seat 2: 9b1fbe43 (big blind) folded before Flop
Seat 3: Hero folded before Flop (didn't bet)
Seat 4: 20adfb2 collected ($0.25)
Seat 5: fe79c8fa (button) folded before Flop (didn't bet)


Poker Hand #HD1773531309: Hold'em No Limit ($0.05/$0.1) - 2024/05/15 12:14:33
Table 'NLHRed41' 6-max Seat #4 is the button
Seat 1: af61cac2 ($2.32 in chips)
Seat 2: 9b1fbe43 ($10.1 in chips)
Seat 3: Hero ($17.74 in chips)
Seat 4: 20adfb2 ($10 in chips)
Seat 5: fe79c8fa ($1.6 in chips)
fe79c8fa: posts small blind $0.05
af61cac2: posts big blind $0.1
*** HOLE CARDS ***
Dealt to af61cac2 
Dealt to 9b1fbe43 
Dealt to Hero [Ah Jh]
Dealt to 20adfb2 
Dealt to fe79c8fa 
9b1fbe43: folds
Hero: raises $0.14 to $0.24
20adfb2: raises $0.56 to $0.8
fe79c8fa: folds
af61cac2: folds
Hero: calls $0.56
*** FLOP *** [4c Qd 5h]
Hero: checks
20adfb2: checks
*** TURN *** [4c Qd 5h] [Tc]
Hero: checks
20adfb2: checks
*** RIVER *** [4c Qd 5h Tc] [8c]
Hero: bets $0.6
20adfb2: folds
Uncalled bet ($0.6) returned to Hero
*** SHOWDOWN ***
Hero collected $1.67 from pot
*** SUMMARY ***
Total pot $1.75 | Rake $0.08 | Jackpot $0 | Bingo $0 | Fortune $0 | Tax $0
Board [4c Qd 5h Tc 8c]
Seat 1: af61cac2 (big blind) folded before Flop
Seat 2: 9b1fbe43 folded before Flop (didn't bet)
Seat 3: Hero won ($1.67)
Seat 4: 20adfb2 (button) folded on the River
Seat 5: fe79c8fa (small blind) folded before Flop


Poker Hand #HD1773531189: Hold'em No Limit ($0.05/$0.1) - 2024/05/15 12:13:33
Table 'NLHRed41' 6-max Seat #3 is the button
Seat 1: af61cac2 ($2 in chips)
Seat 2: 9b1fbe43 ($10.1 in chips)
Seat 3: Hero ($17.74 in chips)
Seat 4: 20adfb2 ($10 in chips)
Seat 5: fe79c8fa ($1.85 in chips)
20adfb2: posts small blind $0.05
fe79c8fa: posts big blind $0.1
af61cac2: posts big blind $0.1
*** HOLE CARDS ***
Dealt to af61cac2 
Dealt to 9b1fbe43 
Dealt to Hero [8d Qh]
Dealt to 20adfb2 
Dealt to fe79c8fa 
af61cac2: checks
9b1fbe43: folds
Hero: folds
20adfb2: calls $0.05
fe79c8fa: checks
*** FLOP *** [As Td 2h]
20adfb2: checks
fe79c8fa: checks
af61cac2: bets $0.15
20adfb2: folds
fe79c8fa: calls $0.15
*** TURN *** [As Td 2h] [4h]
fe79c8fa: checks
af61cac2: bets $0.45
fe79c8fa: folds
Uncalled bet ($0.45) returned to af61cac2
*** SHOWDOWN ***
af61cac2 collected $0.57 from pot
*** SUMMARY ***
Total pot $0.6 | Rake $0.03 | Jackpot $0 | Bingo $0 | Fortune $0 | Tax $0
Board [As Td 2h 4h]
Seat 1: af61cac2 won ($0.57)
Seat 2: 9b1fbe43 folded before Flop (didn't bet)
Seat 3: Hero (button) folded before Flop (didn't bet)
Seat 4: 20adfb2 (small blind) folded on the Flop
Seat 5: fe79c8fa (big blind) folded on the Turn


Poker Hand #HD1773531098: Hold'em No Limit ($0.05/$0.1) - 2024/05/15 12:12:48
Table 'NLHRed41' 6-max Seat #2 is the button
Seat 2: 9b1fbe43 ($10.1 in chips)
Seat 3: Hero ($17.47 in chips)
Seat 4: 20adfb2 ($10 in chips)
Seat 5: fe79c8fa ($1.85 in chips)
Hero: posts small blind $0.05
20adfb2: posts big blind $0.1
*** HOLE CARDS ***
Dealt to 9b1fbe43 
Dealt to Hero [Ks Qd]
Dealt to 20adfb2 
Dealt to fe79c8fa 
fe79c8fa: folds
9b1fbe43: folds
Hero: raises $0.2 to $0.3
20adfb2: calls $0.2
*** FLOP *** [9c 7c 6s]
Hero: checks
20adfb2: checks
*** TURN *** [9c 7c 6s] [2h]
Hero: bets $0.2
20adfb2: folds
Uncalled bet ($0.2) returned to Hero
*** SHOWDOWN ***
Hero collected $0.57 from pot
*** SUMMARY ***
Total pot $0.6 | Rake $0.03 | Jackpot $0 | Bingo $0 | Fortune $0 | Tax $0
Board [9c 7c 6s 2h]
Seat 2: 9b1fbe43 (button) folded before Flop (didn't bet)
Seat 3: Hero (small blind) won ($0.57)
Seat 4: 20adfb2 (big blind) folded on the Turn
Seat 5: fe79c8fa folded before Flop (didn't bet)


Poker Hand #HD1773531057: Hold'em No Limit ($0.05/$0.1) - 2024/05/15 12:12:28
Table 'NLHRed41' 6-max Seat #5 is the button
Seat 2: 9b1fbe43 ($10.15 in chips)
Seat 3: Hero ($17.42 in chips)
Seat 4: 20adfb2 ($10 in chips)
Seat 5: fe79c8fa ($1.85 in chips)
9b1fbe43: posts small blind $0.05
Hero: posts big blind $0.1
*** HOLE CARDS ***
Dealt to 9b1fbe43 
Dealt to Hero [2d Tc]
Dealt to 20adfb2 
Dealt to fe79c8fa 
20adfb2: folds
fe79c8fa: folds
9b1fbe43: folds
Uncalled bet ($0.05) returned to Hero
*** SHOWDOWN ***
Hero collected $0.1 from pot
*** SUMMARY ***
Total pot $0.1 | Rake $0 | Jackpot $0 | Bingo $0 | Fortune $0 | Tax $0
Seat 2: 9b1fbe43 (small blind) folded before Flop
Seat 3: Hero (big blind) collected ($0.1)
Seat 4: 20adfb2 folded before Flop (didn't bet)
Seat 5: fe79c8fa (button) folded before Flop (didn't bet)


Poker Hand #HD1773530960: Hold'em No Limit ($0.05/$0.1) - 2024/05/15 12:11:41
Table 'NLHRed41' 6-max Seat #4 is the button
Seat 1: 810ade70 ($14.62 in chips)
Seat 2: 9b1fbe43 ($10 in chips)
Seat 3: Hero ($17.42 in chips)
Seat 4: 20adfb2 ($10 in chips)
Seat 5: fe79c8fa ($1.9 in chips)
fe79c8fa: posts small blind $0.05
810ade70: posts big blind $0.1
*** HOLE CARDS ***
Dealt to 810ade70 
Dealt to 9b1fbe43 
Dealt to Hero [5h Ts]
Dealt to 20adfb2 
Dealt to fe79c8fa 
9b1fbe43: raises $0.15 to $0.25
Hero: folds
20adfb2: folds
fe79c8fa: folds
810ade70: folds
Uncalled bet ($0.15) returned to 9b1fbe43
*** SHOWDOWN ***
9b1fbe43 collected $0.25 from pot
*** SUMMARY ***
Total pot $0.25 | Rake $0 | Jackpot $0 | Bingo $0 | Fortune $0 | Tax $0
Seat 1: 810ade70 (big blind) folded before Flop
Seat 2: 9b1fbe43 collected ($0.25)
Seat 3: Hero folded before Flop (didn't bet)
Seat 4: 20adfb2 (button) folded before Flop (didn't bet)
Seat 5: fe79c8fa (small blind) folded before Flop


Poker Hand #HD1773530899: Hold'em No Limit ($0.05/$0.1) - 2024/05/15 12:11:11
Table 'NLHRed41' 6-max Seat #3 is the button
Seat 1: 810ade70 ($14.62 in chips)
Seat 2: 9b1fbe43 ($10 in chips)
Seat 3: Hero ($17.27 in chips)
Seat 4: 20adfb2 ($10.05 in chips)
Seat 5: fe79c8fa ($2 in chips)
20adfb2: posts small blind $0.05
fe79c8fa: posts big blind $0.1
*** HOLE CARDS ***
Dealt to 810ade70 
Dealt to 9b1fbe43 
Dealt to Hero [As 8s]
Dealt to 20adfb2 
Dealt to fe79c8fa 
810ade70: folds
9b1fbe43: folds
Hero: raises $0.14 to $0.24
20adfb2: folds
fe79c8fa: folds
Uncalled bet ($0.14) returned to Hero
*** SHOWDOWN ***
Hero collected $0.25 from pot
*** SUMMARY ***
Total pot $0.25 | Rake $0 | Jackpot $0 | Bingo $0 | Fortune $0 | Tax $0
Seat 1: 810ade70 folded before Flop (didn't bet)
Seat 2: 9b1fbe43 folded before Flop (didn't bet)
Seat 3: Hero (button) collected ($0.25)
Seat 4: 20adfb2 (small blind) folded before Flop
Seat 5: fe79c8fa (big blind) folded before Flop


Poker Hand #HD1773530864: Hold'em No Limit ($0.05/$0.1) - 2024/05/15 12:10:55
Table 'NLHRed41' 6-max Seat #2 is the button
Seat 1: 810ade70 ($14.47 in chips)
Seat 2: 9b1fbe43 ($10 in chips)
Seat 3: Hero ($17.32 in chips)
Seat 4: 20adfb2 ($10.15 in chips)
Seat 5: fe79c8fa ($2 in chips)
Hero: posts small blind $0.05
20adfb2: posts big blind $0.1
*** HOLE CARDS ***
Dealt to 810ade70 
Dealt to 9b1fbe43 
Dealt to Hero [7h Td]
Dealt to 20adfb2 
Dealt to fe79c8fa 
fe79c8fa: folds
810ade70: raises $0.2 to $0.3
9b1fbe43: folds
Hero: folds
20adfb2: folds
Uncalled bet ($0.2) returned to 810ade70
*** SHOWDOWN ***
810ade70 collected $0.25 from pot
*** SUMMARY ***
Total pot $0.25 | Rake $0 | Jackpot $0 | Bingo $0 | Fortune $0 | Tax $0
Seat 1: 810ade70 collected ($0.25)
Seat 2: 9b1fbe43 (button) folded before Flop (didn't bet)
Seat 3: Hero (small blind) folded before Flop
Seat 4: 20adfb2 (big blind) folded before Flop
Seat 5: fe79c8fa folded before Flop (didn't bet)


Poker Hand #HD1773530750: Hold'em No Limit ($0.05/$0.1) - 2024/05/15 12:09:58
Table 'NLHRed41' 6-max Seat #1 is the button
Seat 1: 810ade70 ($14.9 in chips)
Seat 2: 9b1fbe43 ($10 in chips)
Seat 3: Hero ($16.88 in chips)
Seat 4: 20adfb2 ($10.15 in chips)
Seat 5: fe79c8fa ($2 in chips)
9b1fbe43: posts small blind $0.05
Hero: posts big blind $0.1
*** HOLE CARDS ***
Dealt to 810ade70 
Dealt to 9b1fbe43 
Dealt to Hero [Qd Tc]
Dealt to 20adfb2 
Dealt to fe79c8fa 
20adfb2: folds
fe79c8fa: folds
810ade70: raises $0.1 to $0.2
9b1fbe43: folds
Hero: calls $0.1
*** FLOP *** [Qs Ks 5d]
Hero: checks
810ade70: checks
*** TURN *** [Qs Ks 5d] [5c]
Hero: checks
810ade70: bets $0.23
Hero: calls $0.23
*** RIVER *** [Qs Ks 5d 5c] [9s]
Hero: checks
810ade70: checks
Hero: shows [Qd Tc] (Pair of Queens and Pair of Fives)
810ade70: shows [2d Ah] (Pair of Fives)
*** SHOWDOWN ***
Hero collected $0.87 from pot
*** SUMMARY ***
Total pot $0.91 | Rake $0.04 | Jackpot $0 | Bingo $0 | Fortune $0 | Tax $0
Board [Qs Ks 5d 5c 9s]
Seat 1: 810ade70 (button) showed [2d Ah] and lost with Pair of Fives
Seat 2: 9b1fbe43 (small blind) folded before Flop
Seat 3: Hero (big blind) showed [Qd Tc] and won ($0.87) with Pair of Queens and Pair of Fives
Seat 4: 20adfb2 folded before Flop (didn't bet)
Seat 5: fe79c8fa folded before Flop (didn't bet)


Poker Hand #HD1773530690: Hold'em No Limit ($0.05/$0.1) - 2024/05/15 12:09:30
Table 'NLHRed41' 6-max Seat #5 is the button
Seat 1: 810ade70 ($14.95 in chips)
Seat 2: 9b1fbe43 ($10 in chips)
Seat 3: Hero ($16.88 in chips)
Seat 4: 20adfb2 ($10 in chips)
Seat 5: fe79c8fa ($2 in chips)
810ade70: posts small blind $0.05
9b1fbe43: posts big blind $0.1
*** HOLE CARDS ***
Dealt to 810ade70 
Dealt to 9b1fbe43 
Dealt to Hero [Qd 2c]
Dealt to 20adfb2 
Dealt to fe79c8fa 
Hero: folds
20adfb2: raises $0.15 to $0.25
fe79c8fa: folds
810ade70: folds
9b1fbe43: folds
Uncalled bet ($0.15) returned to 20adfb2
*** SHOWDOWN ***
20adfb2 collected $0.25 from pot
*** SUMMARY ***
Total pot $0.25 | Rake $0 | Jackpot $0 | Bingo $0 | Fortune $0 | Tax $0
Seat 1: 810ade70 (small blind) folded before Flop
Seat 2: 9b1fbe43 (big blind) folded before Flop
Seat 3: Hero folded before Flop (didn't bet)
Seat 4: 20adfb2 collected ($0.25)
Seat 5: fe79c8fa (button) folded before Flop (didn't bet)


Poker Hand #HD1773530664: Hold'em No Limit ($0.05/$0.1) - 2024/05/15 12:09:18
Table 'NLHRed41' 6-max Seat #4 is the button
Seat 1: 810ade70 ($14.9 in chips)
Seat 3: Hero ($16.88 in chips)
Seat 4: 20adfb2 ($10 in chips)
Seat 5: fe79c8fa ($2.05 in chips)
fe79c8fa: posts small blind $0.05
810ade70: posts big blind $0.1
*** HOLE CARDS ***
Dealt to 810ade70 
Dealt to Hero [Jd 8s]
Dealt to 20adfb2 
Dealt to fe79c8fa 
Hero: folds
20adfb2: folds
fe79c8fa: folds
Uncalled bet ($0.05) returned to 810ade70
*** SHOWDOWN ***
810ade70 collected $0.1 from pot
*** SUMMARY ***
Total pot $0.1 | Rake $0 | Jackpot $0 | Bingo $0 | Fortune $0 | Tax $0
Seat 1: 810ade70 (big blind) collected ($0.1)
Seat 3: Hero folded before Flop (didn't bet)
Seat 4: 20adfb2 (button) folded before Flop (didn't bet)
Seat 5: fe79c8fa (small blind) folded before Flop


Poker Hand #HD1773530644: Hold'em No Limit ($0.05/$0.1) - 2024/05/15 12:09:09
Table 'NLHRed41' 6-max Seat #3 is the button
Seat 1: 810ade70 ($14.9 in chips)
Seat 3: Hero ($16.88 in chips)
Seat 4: 20adfb2 ($10 in chips)
Seat 5: fe79c8fa ($2 in chips)
20adfb2: posts small blind $0.05
fe79c8fa: posts big blind $0.1
*** HOLE CARDS ***
Dealt to 810ade70 
Dealt to Hero [5s Tc]
Dealt to 20adfb2 
Dealt to fe79c8fa 
810ade70: folds
Hero: folds
20adfb2: folds
Uncalled bet ($0.05) returned to fe79c8fa
*** SHOWDOWN ***
fe79c8fa collected $0.1 from pot
*** SUMMARY ***
Total pot $0.1 | Rake $0 | Jackpot $0 | Bingo $0 | Fortune $0 | Tax $0
Seat 1: 810ade70 folded before Flop (didn't bet)
Seat 3: Hero (button) folded before Flop (didn't bet)
Seat 4: 20adfb2 (small blind) folded before Flop
Seat 5: fe79c8fa (big blind) collected ($0.1)


Poker Hand #HD1773530496: Hold'em No Limit ($0.05/$0.1) - 2024/05/15 12:08:01
Table 'NLHRed41' 6-max Seat #1 is the button
Seat 1: 810ade70 ($13.86 in chips)
Seat 3: Hero ($16.93 in chips)
Seat 4: 20adfb2 ($10 in chips)
Hero: posts small blind $0.05
20adfb2: posts big blind $0.1
*** HOLE CARDS ***
Dealt to 810ade70 
Dealt to Hero [Tc 4s]
Dealt to 20adfb2 
810ade70: raises $0.1 to $0.2
Hero: folds
20adfb2: raises $0.6 to $0.8
810ade70: calls $0.6
*** FLOP *** [9c As 2c]
20adfb2: bets $0.3
810ade70: calls $0.3
*** TURN *** [9c As 2c] [5c]
20adfb2: checks
810ade70: checks
*** RIVER *** [9c As 2c 5c] [4h]
20adfb2: checks
810ade70: bets $1.69
20adfb2: folds
Uncalled bet ($1.69) returned to 810ade70
*** SHOWDOWN ***
810ade70 collected $2.14 from pot
*** SUMMARY ***
Total pot $2.25 | Rake $0.11 | Jackpot $0 | Bingo $0 | Fortune $0 | Tax $0
Board [9c As 2c 5c 4h]
Seat 1: 810ade70 (button) won ($2.14)
Seat 3: Hero (small blind) folded before Flop
Seat 4: 20adfb2 (big blind) folded on the River


Poker Hand #HD1773530418: Hold'em No Limit ($0.05/$0.1) - 2024/05/15 12:07:26
Table 'NLHRed41' 6-max Seat #4 is the button
Seat 1: 810ade70 ($12.55 in chips)
Seat 3: Hero ($17.03 in chips)
Seat 4: 20adfb2 ($10.99 in chips)
810ade70: posts small blind $0.05
Hero: posts big blind $0.1
*** HOLE CARDS ***
Dealt to 810ade70 
Dealt to Hero [Ad 2d]
Dealt to 20adfb2 
20adfb2: raises $0.15 to $0.25
810ade70: calls $0.2
Hero: folds
*** FLOP *** [4d Ts 6d]
810ade70: checks
20adfb2: bets $0.3
810ade70: calls $0.3
*** TURN *** [4d Ts 6d] [9d]
810ade70: checks
20adfb2: bets $0.8
810ade70: calls $0.8
*** RIVER *** [4d Ts 6d 9d] [8c]
810ade70: checks
20adfb2: checks
810ade70: shows [Jd 7d] (Jack High Flush)
20adfb2: shows [Th Ah] (Pair of Tens)
*** SHOWDOWN ***
810ade70 collected $2.66 from pot
*** SUMMARY ***
Total pot $2.8 | Rake $0.14 | Jackpot $0 | Bingo $0 | Fortune $0 | Tax $0
Board [4d Ts 6d 9d 8c]
Seat 1: 810ade70 (small blind) showed [Jd 7d] and won ($2.66) with Jack High Flush
Seat 3: Hero (big blind) folded before Flop
Seat 4: 20adfb2 (button) showed [Th Ah] and lost with Pair of Tens


Poker Hand #HD1773530360: Hold'em No Limit ($0.05/$0.1) - 2024/05/15 12:07:02
Table 'NLHRed41' 6-max Seat #3 is the button
Seat 1: 810ade70 ($12.28 in chips)
Seat 3: Hero ($17.03 in chips)
Seat 4: 20adfb2 ($11.29 in chips)
20adfb2: posts small blind $0.05
810ade70: posts big blind $0.1
*** HOLE CARDS ***
Dealt to 810ade70 
Dealt to Hero [4d Kd]
Dealt to 20adfb2 
Hero: folds
20adfb2: raises $0.2 to $0.3
810ade70: calls $0.2
*** FLOP *** [Jh Ah 6s]
20adfb2: checks
810ade70: bets $0.2
20adfb2: folds
Uncalled bet ($0.2) returned to 810ade70
*** SHOWDOWN ***
810ade70 collected $0.57 from pot
*** SUMMARY ***
Total pot $0.6 | Rake $0.03 | Jackpot $0 | Bingo $0 | Fortune $0 | Tax $0
Board [Jh Ah 6s]
Seat 1: 810ade70 (big blind) won ($0.57)
Seat 3: Hero (button) folded before Flop (didn't bet)
Seat 4: 20adfb2 (small blind) folded on the Flop


Poker Hand #HD1773530321: Hold'em No Limit ($0.05/$0.1) - 2024/05/15 12:06:47
Table 'NLHRed41' 6-max Seat #1 is the button
Seat 1: 810ade70 ($12.13 in chips)
Seat 3: Hero ($17.08 in chips)
Seat 4: 20adfb2 ($11.39 in chips)
Hero: posts small blind $0.05
20adfb2: posts big blind $0.1
*** HOLE CARDS ***
Dealt to 810ade70 
Dealt to Hero [9h 8d]
Dealt to 20adfb2 
810ade70: raises $0.1 to $0.2
Hero: folds
20adfb2: folds
Uncalled bet ($0.1) returned to 810ade70
*** SHOWDOWN ***
810ade70 collected $0.25 from pot
*** SUMMARY ***
Total pot $0.25 | Rake $0 | Jackpot $0 | Bingo $0 | Fortune $0 | Tax $0
Seat 1: 810ade70 (button) collected ($0.25)
Seat 3: Hero (small blind) folded before Flop
Seat 4: 20adfb2 (big blind) folded before Flop


Poker Hand #HD1773530284: Hold'em No Limit ($0.05/$0.1) - 2024/05/15 12:06:29
Table 'NLHRed41' 6-max Seat #4 is the button
Seat 1: 810ade70 ($12.18 in chips)
Seat 2: cbe3e61f ($10 in chips)
Seat 3: Hero ($16.93 in chips)
Seat 4: 20adfb2 ($11.39 in chips)
810ade70: posts small blind $0.05
cbe3e61f: posts big blind $0.1
*** HOLE CARDS ***
Dealt to 810ade70 
Dealt to cbe3e61f 
Dealt to Hero [As Td]
Dealt to 20adfb2 
Hero: raises $0.1 to $0.2
20adfb2: folds
810ade70: folds
cbe3e61f: folds
Uncalled bet ($0.1) returned to Hero
*** SHOWDOWN ***
Hero collected $0.25 from pot
*** SUMMARY ***
Total pot $0.25 | Rake $0 | Jackpot $0 | Bingo $0 | Fortune $0 | Tax $0
Seat 1: 810ade70 (small blind) folded before Flop
Seat 2: cbe3e61f (big blind) folded before Flop
Seat 3: Hero collected ($0.25)
Seat 4: 20adfb2 (button) folded before Flop (didn't bet)


Poker Hand #HD1773530268: Hold'em No Limit ($0.05/$0.1) - 2024/05/15 12:06:19
Table 'NLHRed41' 6-max Seat #3 is the button
Seat 1: 810ade70 ($12.28 in chips)
Seat 3: Hero ($16.78 in chips)
Seat 4: 20adfb2 ($11.44 in chips)
20adfb2: posts small blind $0.05
810ade70: posts big blind $0.1
*** HOLE CARDS ***
Dealt to 810ade70 
Dealt to Hero [9c 9h]
Dealt to 20adfb2 
Hero: raises $0.14 to $0.24
20adfb2: folds
810ade70: folds
Uncalled bet ($0.14) returned to Hero
*** SHOWDOWN ***
Hero collected $0.25 from pot
*** SUMMARY ***
Total pot $0.25 | Rake $0 | Jackpot $0 | Bingo $0 | Fortune $0 | Tax $0
Seat 1: 810ade70 (big blind) folded before Flop
Seat 3: Hero (button) collected ($0.25)
Seat 4: 20adfb2 (small blind) folded before Flop


Poker Hand #HD1773530234: Hold'em No Limit ($0.05/$0.1) - 2024/05/15 12:06:06
Table 'NLHRed41' 6-max Seat #1 is the button
Seat 1: 810ade70 ($12.28 in chips)
Seat 2: 570b74e1 ($7.12 in chips)
Seat 3: Hero ($16.88 in chips)
Seat 4: 20adfb2 ($11.29 in chips)
570b74e1: posts small blind $0.05
Hero: posts big blind $0.1
*** HOLE CARDS ***
Dealt to 810ade70 
Dealt to 570b74e1 
Dealt to Hero [Js 3c]
Dealt to 20adfb2 
20adfb2: raises $0.15 to $0.25
810ade70: folds
570b74e1: folds
Hero: folds
Uncalled bet ($0.15) returned to 20adfb2
*** SHOWDOWN ***
20adfb2 collected $0.25 from pot
*** SUMMARY ***
Total pot $0.25 | Rake $0 | Jackpot $0 | Bingo $0 | Fortune $0 | Tax $0
Seat 1: 810ade70 (button) folded before Flop (didn't bet)
Seat 2: 570b74e1 (small blind) folded before Flop
Seat 3: Hero (big blind) folded before Flop
Seat 4: 20adfb2 collected ($0.25)


Poker Hand #HD1773530212: Hold'em No Limit ($0.05/$0.1) - 2024/05/15 12:05:58
Table 'NLHRed41' 6-max Seat #4 is the button
Seat 1: 810ade70 ($12.33 in chips)
Seat 2: 570b74e1 ($7.22 in chips)
Seat 3: Hero ($16.73 in chips)
Seat 4: 20adfb2 ($11.29 in chips)
810ade70: posts small blind $0.05
570b74e1: posts big blind $0.1
*** HOLE CARDS ***
Dealt to 810ade70 
Dealt to 570b74e1 
Dealt to Hero [2h 3s]
Dealt to 20adfb2 
Hero: raises $0.1 to $0.2
20adfb2: folds
810ade70: folds
570b74e1: folds
Uncalled bet ($0.1) returned to Hero
*** SHOWDOWN ***
Hero collected $0.25 from pot
*** SUMMARY ***
Total pot $0.25 | Rake $0 | Jackpot $0 | Bingo $0 | Fortune $0 | Tax $0
Seat 1: 810ade70 (small blind) folded before Flop
Seat 2: 570b74e1 (big blind) folded before Flop
Seat 3: Hero collected ($0.25)
Seat 4: 20adfb2 (button) folded before Flop (didn't bet)


Poker Hand #HD1773530192: Hold'em No Limit ($0.05/$0.1) - 2024/05/15 12:05:51
Table 'NLHRed41' 6-max Seat #3 is the button
Seat 1: 810ade70 ($12.28 in chips)
Seat 2: 570b74e1 ($7.22 in chips)
Seat 3: Hero ($16.73 in chips)
Seat 4: 20adfb2 ($11.34 in chips)
20adfb2: posts small blind $0.05
810ade70: posts big blind $0.1
*** HOLE CARDS ***
Dealt to 810ade70 
Dealt to 570b74e1 
Dealt to Hero [3s 5d]
Dealt to 20adfb2 
570b74e1: folds
Hero: folds
20adfb2: folds
Uncalled bet ($0.05) returned to 810ade70
*** SHOWDOWN ***
810ade70 collected $0.1 from pot
*** SUMMARY ***
Total pot $0.1 | Rake $0 | Jackpot $0 | Bingo $0 | Fortune $0 | Tax $0
Seat 1: 810ade70 (big blind) collected ($0.1)
Seat 2: 570b74e1 folded before Flop (didn't bet)
Seat 3: Hero (button) folded before Flop (didn't bet)
Seat 4: 20adfb2 (small blind) folded before Flop


Poker Hand #HD1773530174: Hold'em No Limit ($0.05/$0.1) - 2024/05/15 12:05:43
Table 'NLHRed41' 6-max Seat #2 is the button
Seat 1: 810ade70 ($12.28 in chips)
Seat 2: 570b74e1 ($7.22 in chips)
Seat 3: Hero ($16.78 in chips)
Seat 4: 20adfb2 ($11.29 in chips)
Hero: posts small blind $0.05
20adfb2: posts big blind $0.1
*** HOLE CARDS ***
Dealt to 810ade70 
Dealt to 570b74e1 
Dealt to Hero [4d 7d]
Dealt to 20adfb2 
810ade70: folds
570b74e1: folds
Hero: folds
Uncalled bet ($0.05) returned to 20adfb2
*** SHOWDOWN ***
20adfb2 collected $0.1 from pot
*** SUMMARY ***
Total pot $0.1 | Rake $0 | Jackpot $0 | Bingo $0 | Fortune $0 | Tax $0
Seat 1: 810ade70 folded before Flop (didn't bet)
Seat 2: 570b74e1 (button) folded before Flop (didn't bet)
Seat 3: Hero (small blind) folded before Flop
Seat 4: 20adfb2 (big blind) collected ($0.1)


Poker Hand #HD1773530069: Hold'em No Limit ($0.05/$0.1) - 2024/05/15 12:04:53
Table 'NLHRed41' 6-max Seat #1 is the button
Seat 1: 810ade70 ($12.28 in chips)
Seat 2: 570b74e1 ($8.02 in chips)
Seat 3: Hero ($16.06 in chips)
Seat 4: 20adfb2 ($11.29 in chips)
570b74e1: posts small blind $0.05
Hero: posts big blind $0.1
*** HOLE CARDS ***
Dealt to 810ade70 
Dealt to 570b74e1 
Dealt to Hero [As Qc]
Dealt to 20adfb2 
20adfb2: folds
810ade70: folds
570b74e1: raises $0.1 to $0.2
Hero: raises $0.6 to $0.8
570b74e1: calls $0.6
*** FLOP *** [Kh Jd Ks]
570b74e1: checks
Hero: bets $0.53
570b74e1: folds
Uncalled bet ($0.53) returned to Hero
*** SHOWDOWN ***
Hero collected $1.52 from pot
*** SUMMARY ***
Total pot $1.6 | Rake $0.08 | Jackpot $0 | Bingo $0 | Fortune $0 | Tax $0
Board [Kh Jd Ks]
Seat 1: 810ade70 (button) folded before Flop (didn't bet)
Seat 2: 570b74e1 (small blind) folded on the Flop
Seat 3: Hero (big blind) won ($1.52)
Seat 4: 20adfb2 folded before Flop (didn't bet)


Poker Hand #HD1773530035: Hold'em No Limit ($0.05/$0.1) - 2024/05/15 12:04:35
Table 'NLHRed41' 6-max Seat #4 is the button
Seat 1: 810ade70 ($12.33 in chips)
Seat 2: 570b74e1 ($8.12 in chips)
Seat 3: Hero ($16.06 in chips)
Seat 4: 20adfb2 ($11.14 in chips)
810ade70: posts small blind $0.05
570b74e1: posts big blind $0.1
*** HOLE CARDS ***
Dealt to 810ade70 
Dealt to 570b74e1 
Dealt to Hero [9h 7s]
Dealt to 20adfb2 
Hero: folds
20adfb2: raises $0.15 to $0.25
810ade70: folds
570b74e1: folds
Uncalled bet ($0.15) returned to 20adfb2
*** SHOWDOWN ***
20adfb2 collected $0.25 from pot
*** SUMMARY ***
Total pot $0.25 | Rake $0 | Jackpot $0 | Bingo $0 | Fortune $0 | Tax $0
Seat 1: 810ade70 (small blind) folded before Flop
Seat 2: 570b74e1 (big blind) folded before Flop
Seat 3: Hero folded before Flop (didn't bet)
Seat 4: 20adfb2 (button) collected ($0.25)


Poker Hand #HD1773530016: Hold'em No Limit ($0.05/$0.1) - 2024/05/15 12:04:24
Table 'NLHRed41' 6-max Seat #3 is the button
Seat 1: 810ade70 ($12.28 in chips)
Seat 2: 570b74e1 ($8.12 in chips)
Seat 3: Hero ($16.06 in chips)
Seat 4: 20adfb2 ($11.19 in chips)
20adfb2: posts small blind $0.05
810ade70: posts big blind $0.1
*** HOLE CARDS ***
Dealt to 810ade70 
Dealt to 570b74e1 
Dealt to Hero [Jd 8h]
Dealt to 20adfb2 
570b74e1: folds
Hero: folds
20adfb2: folds
Uncalled bet ($0.05) returned to 810ade70
*** SHOWDOWN ***
810ade70 collected $0.1 from pot
*** SUMMARY ***
Total pot $0.1 | Rake $0 | Jackpot $0 | Bingo $0 | Fortune $0 | Tax $0
Seat 1: 810ade70 (big blind) collected ($0.1)
Seat 2: 570b74e1 folded before Flop (didn't bet)
Seat 3: Hero (button) folded before Flop (didn't bet)
Seat 4: 20adfb2 (small blind) folded before Flop


Poker Hand #HD1773529912: Hold'em No Limit ($0.05/$0.1) - 2024/05/15 12:03:38
Table 'NLHRed41' 6-max Seat #2 is the button
Seat 1: 810ade70 ($12.28 in chips)
Seat 2: 570b74e1 ($8.12 in chips)
Seat 3: Hero ($15.52 in chips)
Seat 4: 20adfb2 ($11.79 in chips)
Hero: posts small blind $0.05
20adfb2: posts big blind $0.1
*** HOLE CARDS ***
Dealt to 810ade70 
Dealt to 570b74e1 
Dealt to Hero [Qs Ac]
Dealt to 20adfb2 
810ade70: folds
570b74e1: folds
Hero: raises $0.2 to $0.3
20adfb2: calls $0.2
*** FLOP *** [3d 6c Ad]
Hero: bets $0.3
20adfb2: calls $0.3
*** TURN *** [3d 6c Ad] [6s]
Hero: checks
20adfb2: checks
*** RIVER *** [3d 6c Ad 6s] [Ks]
Hero: bets $0.8
20adfb2: folds
Uncalled bet ($0.8) returned to Hero
*** SHOWDOWN ***
Hero collected $1.14 from pot
*** SUMMARY ***
Total pot $1.2 | Rake $0.06 | Jackpot $0 | Bingo $0 | Fortune $0 | Tax $0
Board [3d 6c Ad 6s Ks]
Seat 1: 810ade70 folded before Flop (didn't bet)
Seat 2: 570b74e1 (button) folded before Flop (didn't bet)
Seat 3: Hero (small blind) won ($1.14)
Seat 4: 20adfb2 (big blind) folded on the River


Poker Hand #HD1773529867: Hold'em No Limit ($0.05/$0.1) - 2024/05/15 12:03:16
Table 'NLHRed41' 6-max Seat #1 is the button
Seat 1: 810ade70 ($12 in chips)
Seat 2: 570b74e1 ($8.32 in chips)
Seat 3: Hero ($15.62 in chips)
Seat 4: 20adfb2 ($11.79 in chips)
570b74e1: posts small blind $0.05
Hero: posts big blind $0.1
*** HOLE CARDS ***
Dealt to 810ade70 
Dealt to 570b74e1 
Dealt to Hero [2c 6h]
Dealt to 20adfb2 
20adfb2: folds
810ade70: raises $0.1 to $0.2
570b74e1: calls $0.15
Hero: folds
*** FLOP *** [3h 2h 4c]
570b74e1: checks
810ade70: bets $0.25
570b74e1: folds
Uncalled bet ($0.25) returned to 810ade70
*** SHOWDOWN ***
810ade70 collected $0.48 from pot
*** SUMMARY ***
Total pot $0.5 | Rake $0.02 | Jackpot $0 | Bingo $0 | Fortune $0 | Tax $0
Board [3h 2h 4c]
Seat 1: 810ade70 (button) won ($0.48)
Seat 2: 570b74e1 (small blind) folded on the Flop
Seat 3: Hero (big blind) folded before Flop
Seat 4: 20adfb2 folded before Flop (didn't bet)


Poker Hand #HD1773529816: Hold'em No Limit ($0.05/$0.1) - 2024/05/15 12:02:51
Table 'NLHRed41' 6-max Seat #5 is the button
Seat 1: 810ade70 ($12.05 in chips)
Seat 2: 570b74e1 ($8.42 in chips)
Seat 3: Hero ($15.62 in chips)
Seat 4: 20adfb2 ($11.64 in chips)
Seat 5: fe79c8fa ($2 in chips)
810ade70: posts small blind $0.05
570b74e1: posts big blind $0.1
*** HOLE CARDS ***
Dealt to 810ade70 
Dealt to 570b74e1 
Dealt to Hero [3d Th]
Dealt to 20adfb2 
Dealt to fe79c8fa 
Hero: folds
20adfb2: raises $0.15 to $0.25
fe79c8fa: folds
810ade70: folds
570b74e1: folds
Uncalled bet ($0.15) returned to 20adfb2
*** SHOWDOWN ***
20adfb2 collected $0.25 from pot
*** SUMMARY ***
Total pot $0.25 | Rake $0 | Jackpot $0 | Bingo $0 | Fortune $0 | Tax $0
Seat 1: 810ade70 (small blind) folded before Flop
Seat 2: 570b74e1 (big blind) folded before Flop
Seat 3: Hero folded before Flop (didn't bet)
Seat 4: 20adfb2 collected ($0.25)
Seat 5: fe79c8fa (button) folded before Flop (didn't bet)


Poker Hand #HD1773529755: Hold'em No Limit ($0.05/$0.1) - 2024/05/15 12:02:21
Table 'NLHRed41' 6-max Seat #4 is the button
Seat 1: 810ade70 ($12.25 in chips)
Seat 2: 570b74e1 ($8.19 in chips)
Seat 3: Hero ($15.62 in chips)
Seat 4: 20adfb2 ($11.64 in chips)
Seat 5: fe79c8fa ($1.47 in chips)
fe79c8fa: posts small blind $0.05
810ade70: posts big blind $0.1
*** HOLE CARDS ***
Dealt to 810ade70 
Dealt to 570b74e1 
Dealt to Hero [4c Th]
Dealt to 20adfb2 
Dealt to fe79c8fa 
570b74e1: raises $0.1 to $0.2
Hero: folds
20adfb2: folds
fe79c8fa: folds
810ade70: calls $0.1
*** FLOP *** [Kh 3h 2d]
810ade70: checks
570b74e1: checks
*** TURN *** [Kh 3h 2d] [Qc]
810ade70: checks
570b74e1: checks
*** RIVER *** [Kh 3h 2d Qc] [2c]
810ade70: checks
570b74e1: checks
810ade70: shows [5d 4d] (Pair of Twos)
570b74e1: shows [Ac Tc] (Pair of Twos)
*** SHOWDOWN ***
570b74e1 collected $0.43 from pot
*** SUMMARY ***
Total pot $0.45 | Rake $0.02 | Jackpot $0 | Bingo $0 | Fortune $0 | Tax $0
Board [Kh 3h 2d Qc 2c]
Seat 1: 810ade70 (big blind) showed [5d 4d] and lost with Pair of Twos
Seat 2: 570b74e1 showed [Ac Tc] and won ($0.43) with Pair of Twos
Seat 3: Hero folded before Flop (didn't bet)
Seat 4: 20adfb2 (button) folded before Flop (didn't bet)
Seat 5: fe79c8fa (small blind) folded before Flop


Poker Hand #HD1773529673: Hold'em No Limit ($0.05/$0.1) - 2024/05/15 12:01:43
Table 'NLHRed41' 6-max Seat #3 is the button
Seat 1: 810ade70 ($11.27 in chips)
Seat 2: 570b74e1 ($8.19 in chips)
Seat 3: Hero ($15.62 in chips)
Seat 4: 20adfb2 ($11.69 in chips)
Seat 5: fe79c8fa ($1.57 in chips)
Seat 6: a935ec8a ($0.93 in chips)
20adfb2: posts small blind $0.05
fe79c8fa: posts big blind $0.1
*** HOLE CARDS ***
Dealt to 810ade70 
Dealt to 570b74e1 
Dealt to Hero [Th Jh]
Dealt to 20adfb2 
Dealt to fe79c8fa 
Dealt to a935ec8a 
a935ec8a: raises $0.83 to $0.93 and is all-in
810ade70: raises $0.83 to $1.76
570b74e1: folds
Hero: folds
20adfb2: folds
fe79c8fa: folds
Uncalled bet ($0.83) returned to 810ade70
810ade70: shows [Qc Qs]
a935ec8a: shows [Kd 3s]
*** FLOP *** [Ah 8h 2d]
*** TURN *** [Ah 8h 2d] [7c]
*** RIVER *** [Ah 8h 2d 7c] [5s]
*** SHOWDOWN ***
810ade70 collected $1.91 from pot
*** SUMMARY ***
Total pot $2.01 | Rake $0.1 | Jackpot $0 | Bingo $0 | Fortune $0 | Tax $0
Board [Ah 8h 2d 7c 5s]
Seat 1: 810ade70 showed [Qc Qs] and won ($1.91) with Pair of Queens
Seat 2: 570b74e1 folded before Flop (didn't bet)
Seat 3: Hero (button) folded before Flop (didn't bet)
Seat 4: 20adfb2 (small blind) folded before Flop
Seat 5: fe79c8fa (big blind) folded before Flop
Seat 6: a935ec8a showed [Kd 3s] and lost with Ace-High


Poker Hand #HD1773529522: Hold'em No Limit ($0.05/$0.1) - 2024/05/15 12:00:24
Table 'NLHRed41' 6-max Seat #2 is the button
Seat 1: 810ade70 ($10.52 in chips)
Seat 2: 570b74e1 ($8.19 in chips)
Seat 3: Hero ($15.67 in chips)
Seat 4: 20adfb2 ($11.79 in chips)
Seat 5: fe79c8fa ($1.57 in chips)
Seat 6: a935ec8a ($1.6 in chips)
Hero: posts small blind $0.05
20adfb2: posts big blind $0.1
*** HOLE CARDS ***
Dealt to 810ade70 
Dealt to 570b74e1 
Dealt to Hero [Ad 4c]
Dealt to 20adfb2 
Dealt to fe79c8fa 
Dealt to a935ec8a 
fe79c8fa: folds
a935ec8a: calls $0.1
810ade70: raises $0.27 to $0.37
570b74e1: folds
Hero: folds
20adfb2: folds
a935ec8a: calls $0.27
*** FLOP *** [5c 9h 7h]
a935ec8a: checks
810ade70: checks
*** TURN *** [5c 9h 7h] [9c]
a935ec8a: bets $0.3
810ade70: calls $0.3
*** RIVER *** [5c 9h 7h 9c] [7s]
a935ec8a: checks
810ade70: checks
a935ec8a: shows [2s 4s] (Pair of Nines and Pair of Sevens)
810ade70: shows [Ac Qd] (Pair of Nines and Pair of Sevens)
*** SHOWDOWN ***
810ade70 collected $1.42 from pot
*** SUMMARY ***
Total pot $1.49 | Rake $0.07 | Jackpot $0 | Bingo $0 | Fortune $0 | Tax $0
Board [5c 9h 7h 9c 7s]
Seat 1: 810ade70 showed [Ac Qd] and won ($1.42) with Pair of Nines and Pair of Sevens
Seat 2: 570b74e1 (button) folded before Flop (didn't bet)
Seat 3: Hero (small blind) folded before Flop
Seat 4: 20adfb2 (big blind) folded before Flop
Seat 5: fe79c8fa folded before Flop (didn't bet)
Seat 6: a935ec8a showed [2s 4s] and lost with Pair of Nines and Pair of Sevens


Poker Hand #HD1773529455: Hold'em No Limit ($0.05/$0.1) - 2024/05/15 11:59:51
Table 'NLHRed41' 6-max Seat #1 is the button
Seat 1: 810ade70 ($9.57 in chips)
Seat 2: 570b74e1 ($9.14 in chips)
Seat 3: Hero ($15.77 in chips)
Seat 4: 20adfb2 ($11.79 in chips)
Seat 5: fe79c8fa ($1.57 in chips)
Seat 6: a935ec8a ($1.6 in chips)
570b74e1: posts small blind $0.05
Hero: posts big blind $0.1
*** HOLE CARDS ***
Dealt to 810ade70 
Dealt to 570b74e1 
Dealt to Hero [5c Td]
Dealt to 20adfb2 
Dealt to fe79c8fa 
Dealt to a935ec8a 
20adfb2: folds
fe79c8fa: folds
a935ec8a: folds
810ade70: raises $0.1 to $0.2
570b74e1: calls $0.15
Hero: folds
*** FLOP *** [6c 4d 2h]
570b74e1: checks
810ade70: bets $0.25
570b74e1: calls $0.25
*** TURN *** [6c 4d 2h] [4h]
570b74e1: checks
810ade70: checks
*** RIVER *** [6c 4d 2h 4h] [Qc]
570b74e1: bets $0.5
810ade70: calls $0.5
570b74e1: shows [Ad Qh] (Pair of Queens and Pair of Fours)
810ade70: shows [Qs 6s] (Pair of Queens and Pair of Sixes)
*** SHOWDOWN ***
810ade70 collected $1.9 from pot
*** SUMMARY ***
Total pot $2 | Rake $0.1 | Jackpot $0 | Bingo $0 | Fortune $0 | Tax $0
Board [6c 4d 2h 4h Qc]
Seat 1: 810ade70 (button) showed [Qs 6s] and won ($1.9) with Pair of Queens and Pair of Sixes
Seat 2: 570b74e1 (small blind) showed [Ad Qh] and lost with Pair of Queens and Pair of Fours
Seat 3: Hero (big blind) folded before Flop
Seat 4: 20adfb2 folded before Flop (didn't bet)
Seat 5: fe79c8fa folded before Flop (didn't bet)
Seat 6: a935ec8a folded before Flop (didn't bet)


Poker Hand #HD1773529354: Hold'em No Limit ($0.05/$0.1) - 2024/05/15 11:58:58
Table 'NLHRed41' 6-max Seat #6 is the button
Seat 1: 810ade70 ($9.62 in chips)
Seat 2: 570b74e1 ($9.24 in chips)
Seat 3: Hero ($15.77 in chips)
Seat 4: 20adfb2 ($11.42 in chips)
Seat 5: fe79c8fa ($1.57 in chips)
Seat 6: a935ec8a ($1.85 in chips)
810ade70: posts small blind $0.05
570b74e1: posts big blind $0.1
*** HOLE CARDS ***
Dealt to 810ade70 
Dealt to 570b74e1 
Dealt to Hero [Qd 4c]
Dealt to 20adfb2 
Dealt to fe79c8fa 
Dealt to a935ec8a 
Hero: folds
20adfb2: raises $0.15 to $0.25
fe79c8fa: folds
a935ec8a: calls $0.25
810ade70: folds
570b74e1: folds
*** FLOP *** [8c 2d Qs]
20adfb2: checks
a935ec8a: checks
*** TURN *** [8c 2d Qs] [Td]
20adfb2: checks
a935ec8a: checks
*** RIVER *** [8c 2d Qs Td] [4d]
20adfb2: checks
a935ec8a: checks
20adfb2: shows [Js Ts] (Pair of Tens)
a935ec8a: shows [6h 3d] (Queen-High)
*** SHOWDOWN ***
20adfb2 collected $0.62 from pot
*** SUMMARY ***
Total pot $0.65 | Rake $0.03 | Jackpot $0 | Bingo $0 | Fortune $0 | Tax $0
Board [8c 2d Qs Td 4d]
Seat 1: 810ade70 (small blind) folded before Flop
Seat 2: 570b74e1 (big blind) folded before Flop
Seat 3: Hero folded before Flop (didn't bet)
Seat 4: 20adfb2 showed [Js Ts] and won ($0.62) with Pair of Tens
Seat 5: fe79c8fa folded before Flop (didn't bet)
Seat 6: a935ec8a (button) showed [6h 3d] and lost with Queen-High


Poker Hand #HD1773529296: Hold'em No Limit ($0.05/$0.1) - 2024/05/15 11:58:28
Table 'NLHRed41' 6-max Seat #5 is the button
Seat 1: 810ade70 ($9.87 in chips)
Seat 2: 570b74e1 ($9.24 in chips)
Seat 3: Hero ($15.77 in chips)
Seat 4: 20adfb2 ($11.14 in chips)
Seat 5: fe79c8fa ($1.57 in chips)
Seat 6: a935ec8a ($1.9 in chips)
a935ec8a: posts small blind $0.05
810ade70: posts big blind $0.1
*** HOLE CARDS ***
Dealt to 810ade70 
Dealt to 570b74e1 
Dealt to Hero [4h 4d]
Dealt to 20adfb2 
Dealt to fe79c8fa 
Dealt to a935ec8a 
570b74e1: folds
Hero: folds
20adfb2: raises $0.15 to $0.25
fe79c8fa: folds
a935ec8a: folds
810ade70: calls $0.15
*** FLOP *** [9h Qh Th]
810ade70: checks
20adfb2: bets $0.14
810ade70: folds
Uncalled bet ($0.14) returned to 20adfb2
*** SHOWDOWN ***
20adfb2 collected $0.53 from pot
*** SUMMARY ***
Total pot $0.55 | Rake $0.02 | Jackpot $0 | Bingo $0 | Fortune $0 | Tax $0
Board [9h Qh Th]
Seat 1: 810ade70 (big blind) folded on the Flop
Seat 2: 570b74e1 folded before Flop (didn't bet)
Seat 3: Hero folded before Flop (didn't bet)
Seat 4: 20adfb2 won ($0.53)
Seat 5: fe79c8fa (button) folded before Flop (didn't bet)
Seat 6: a935ec8a (small blind) folded before Flop


Poker Hand #HD1773529268: Hold'em No Limit ($0.05/$0.1) - 2024/05/15 11:58:13
Table 'NLHRed41' 6-max Seat #4 is the button
Seat 1: 810ade70 ($9.87 in chips)
Seat 2: 570b74e1 ($9.24 in chips)
Seat 3: Hero ($15.77 in chips)
Seat 4: 20adfb2 ($11.14 in chips)
Seat 5: fe79c8fa ($1.62 in chips)
Seat 6: a935ec8a ($1.85 in chips)
fe79c8fa: posts small blind $0.05
a935ec8a: posts big blind $0.1
*** HOLE CARDS ***
Dealt to 810ade70 
Dealt to 570b74e1 
Dealt to Hero [7d 2h]
Dealt to 20adfb2 
Dealt to fe79c8fa 
Dealt to a935ec8a 
810ade70: folds
570b74e1: folds
Hero: folds
20adfb2: folds
fe79c8fa: folds
Uncalled bet ($0.05) returned to a935ec8a
*** SHOWDOWN ***
a935ec8a collected $0.1 from pot
*** SUMMARY ***
Total pot $0.1 | Rake $0 | Jackpot $0 | Bingo $0 | Fortune $0 | Tax $0
Seat 1: 810ade70 folded before Flop (didn't bet)
Seat 2: 570b74e1 folded before Flop (didn't bet)
Seat 3: Hero folded before Flop (didn't bet)
Seat 4: 20adfb2 (button) folded before Flop (didn't bet)
Seat 5: fe79c8fa (small blind) folded before Flop
Seat 6: a935ec8a (big blind) collected ($0.1)


Poker Hand #HD1773529183: Hold'em No Limit ($0.05/$0.1) - 2024/05/15 11:57:34
Table 'NLHRed41' 6-max Seat #3 is the button
Seat 1: 810ade70 ($9.87 in chips)
Seat 2: 570b74e1 ($9.01 in chips)
Seat 3: Hero ($15.77 in chips)
Seat 4: 20adfb2 ($11.19 in chips)
Seat 5: fe79c8fa ($1.82 in chips)
Seat 6: a935ec8a ($1.85 in chips)
20adfb2: posts small blind $0.05
fe79c8fa: posts big blind $0.1
*** HOLE CARDS ***
Dealt to 810ade70 
Dealt to 570b74e1 
Dealt to Hero [Ad 9d]
Dealt to 20adfb2 
Dealt to fe79c8fa 
Dealt to a935ec8a 
a935ec8a: folds
810ade70: folds
570b74e1: raises $0.1 to $0.2
Hero: folds
20adfb2: folds
fe79c8fa: calls $0.1
*** FLOP *** [Jc 7h 6d]
fe79c8fa: checks
570b74e1: bets $0.55
fe79c8fa: folds
Uncalled bet ($0.55) returned to 570b74e1
*** SHOWDOWN ***
570b74e1 collected $0.43 from pot
*** SUMMARY ***
Total pot $0.45 | Rake $0.02 | Jackpot $0 | Bingo $0 | Fortune $0 | Tax $0
Board [Jc 7h 6d]
Seat 1: 810ade70 folded before Flop (didn't bet)
Seat 2: 570b74e1 won ($0.43)
Seat 3: Hero (button) folded before Flop (didn't bet)
Seat 4: 20adfb2 (small blind) folded before Flop
Seat 5: fe79c8fa (big blind) folded on the Flop
Seat 6: a935ec8a folded before Flop (didn't bet)


Poker Hand #HD1773529040: Hold'em No Limit ($0.05/$0.1) - 2024/05/15 11:56:25
Table 'NLHRed41' 6-max Seat #2 is the button
Seat 1: 810ade70 ($11.07 in chips)
Seat 2: 570b74e1 ($9.01 in chips)
Seat 3: Hero ($14.59 in chips)
Seat 4: 20adfb2 ($11.29 in chips)
Seat 5: fe79c8fa ($1.82 in chips)
Seat 6: a935ec8a ($1.85 in chips)
Hero: posts small blind $0.05
20adfb2: posts big blind $0.1
*** HOLE CARDS ***
Dealt to 810ade70 
Dealt to 570b74e1 
Dealt to Hero [Qh Qs]
Dealt to 20adfb2 
Dealt to fe79c8fa 
Dealt to a935ec8a 
fe79c8fa: folds
a935ec8a: folds
810ade70: raises $0.2 to $0.3
570b74e1: folds
Hero: raises $0.9 to $1.2
20adfb2: folds
810ade70: calls $0.9
*** FLOP *** [5h Ac Td]
Hero: checks
810ade70: checks
*** TURN *** [5h Ac Td] [2s]
Hero: checks
810ade70: checks
*** RIVER *** [5h Ac Td 2s] [2h]
Hero: bets $1
810ade70: folds
Uncalled bet ($1) returned to Hero
*** SHOWDOWN ***
Hero collected $2.38 from pot
*** SUMMARY ***
Total pot $2.5 | Rake $0.12 | Jackpot $0 | Bingo $0 | Fortune $0 | Tax $0
Board [5h Ac Td 2s 2h]
Seat 1: 810ade70 folded on the River
Seat 2: 570b74e1 (button) folded before Flop (didn't bet)
Seat 3: Hero (small blind) won ($2.38)
Seat 4: 20adfb2 (big blind) folded before Flop
Seat 5: fe79c8fa folded before Flop (didn't bet)
Seat 6: a935ec8a folded before Flop (didn't bet)


Poker Hand #HD1773529012: Hold'em No Limit ($0.05/$0.1) - 2024/05/15 11:56:05
Table 'NLHRed41' 6-max Seat #1 is the button
Seat 1: 810ade70 ($11.07 in chips)
Seat 2: 570b74e1 ($9.06 in chips)
Seat 3: Hero ($14.69 in chips)
Seat 4: 20adfb2 ($11.01 in chips)
Seat 5: fe79c8fa ($1.82 in chips)
Seat 6: a935ec8a ($2 in chips)
570b74e1: posts small blind $0.05
Hero: posts big blind $0.1
a935ec8a: posts big blind $0.1
a935ec8a: posts missed blind $0.05
*** HOLE CARDS ***
Dealt to 810ade70 
Dealt to 570b74e1 
Dealt to Hero [8c Ts]
Dealt to 20adfb2 
Dealt to fe79c8fa 
Dealt to a935ec8a 
20adfb2: raises $0.4 to $0.5
fe79c8fa: folds
a935ec8a: folds
810ade70: folds
570b74e1: folds
Hero: folds
Uncalled bet ($0.4) returned to 20adfb2
*** SHOWDOWN ***
20adfb2 collected $0.38 from pot
*** SUMMARY ***
Total pot $0.4 | Rake $0.02 | Jackpot $0 | Bingo $0 | Fortune $0 | Tax $0
Seat 1: 810ade70 (button) folded before Flop (didn't bet)
Seat 2: 570b74e1 (small blind) folded before Flop
Seat 3: Hero (big blind) folded before Flop
Seat 4: 20adfb2 collected ($0.38)
Seat 5: fe79c8fa folded before Flop (didn't bet)
Seat 6: a935ec8a folded before Flop


Poker Hand #HD1773528983: Hold'em No Limit ($0.05/$0.1) - 2024/05/15 11:55:49
Table 'NLHRed41' 6-max Seat #5 is the button
Seat 1: 810ade70 ($11.12 in chips)
Seat 2: 570b74e1 ($9.16 in chips)
Seat 3: Hero ($14.54 in chips)
Seat 4: 20adfb2 ($11.01 in chips)
Seat 5: fe79c8fa ($1.82 in chips)
810ade70: posts small blind $0.05
570b74e1: posts big blind $0.1
*** HOLE CARDS ***
Dealt to 810ade70 
Dealt to 570b74e1 
Dealt to Hero [Kh Qh]
Dealt to 20adfb2 
Dealt to fe79c8fa 
Hero: raises $0.1 to $0.2
20adfb2: folds
fe79c8fa: folds
810ade70: folds
570b74e1: folds
Uncalled bet ($0.1) returned to Hero
*** SHOWDOWN ***
Hero collected $0.25 from pot
*** SUMMARY ***
Total pot $0.25 | Rake $0 | Jackpot $0 | Bingo $0 | Fortune $0 | Tax $0
Seat 1: 810ade70 (small blind) folded before Flop
Seat 2: 570b74e1 (big blind) folded before Flop
Seat 3: Hero collected ($0.25)
Seat 4: 20adfb2 folded before Flop (didn't bet)
Seat 5: fe79c8fa (button) folded before Flop (didn't bet)


Poker Hand #HD1773528891: Hold'em No Limit ($0.05/$0.1) - 2024/05/15 11:55:09
Table 'NLHRed41' 6-max Seat #4 is the button
Seat 1: 810ade70 ($11.32 in chips)
Seat 2: 570b74e1 ($8.93 in chips)
Seat 3: Hero ($14.54 in chips)
Seat 4: 20adfb2 ($11.01 in chips)
Seat 5: fe79c8fa ($1.87 in chips)
fe79c8fa: posts small blind $0.05
810ade70: posts big blind $0.1
*** HOLE CARDS ***
Dealt to 810ade70 
Dealt to 570b74e1 
Dealt to Hero [3h 6s]
Dealt to 20adfb2 
Dealt to fe79c8fa 
570b74e1: raises $0.1 to $0.2
Hero: folds
20adfb2: folds
fe79c8fa: folds
810ade70: calls $0.1
*** FLOP *** [4h Kc 5s]
810ade70: checks
570b74e1: checks
*** TURN *** [4h Kc 5s] [Qc]
810ade70: checks
570b74e1: checks
*** RIVER *** [4h Kc 5s Qc] [As]
810ade70: checks
570b74e1: bets $0.25
810ade70: folds
Uncalled bet ($0.25) returned to 570b74e1
*** SHOWDOWN ***
570b74e1 collected $0.43 from pot
*** SUMMARY ***
Total pot $0.45 | Rake $0.02 | Jackpot $0 | Bingo $0 | Fortune $0 | Tax $0
Board [4h Kc 5s Qc As]
Seat 1: 810ade70 (big blind) folded on the River
Seat 2: 570b74e1 won ($0.43)
Seat 3: Hero folded before Flop (didn't bet)
Seat 4: 20adfb2 (button) folded before Flop (didn't bet)
Seat 5: fe79c8fa (small blind) folded before Flop


Poker Hand #HD1773528774: Hold'em No Limit ($0.05/$0.1) - 2024/05/15 11:54:03
Table 'NLHRed41' 6-max Seat #3 is the button
Seat 1: 810ade70 ($11.32 in chips)
Seat 2: 570b74e1 ($9.13 in chips)
Seat 3: Hero ($10.97 in chips)
Seat 4: 20adfb2 ($11.06 in chips)
Seat 5: fe79c8fa ($1.97 in chips)
Seat 6: a935ec8a ($3.7 in chips)
20adfb2: posts small blind $0.05
fe79c8fa: posts big blind $0.1
*** HOLE CARDS ***
Dealt to 810ade70 
Dealt to 570b74e1 
Dealt to Hero [Qh Jh]
Dealt to 20adfb2 
Dealt to fe79c8fa 
Dealt to a935ec8a 
a935ec8a: raises $0.1 to $0.2
810ade70: folds
570b74e1: calls $0.2
Hero: raises $0.75 to $0.95
20adfb2: folds
fe79c8fa: folds
a935ec8a: calls $0.75
570b74e1: folds
*** FLOP *** [5d Ts Qs]
a935ec8a: checks
Hero: bets $0.75
a935ec8a: raises $1.88 to $2.63
Hero: raises $2.48 to $5.11
a935ec8a: calls $0.12 and is all-in
Uncalled bet ($2.36) returned to Hero
Hero: shows [Qh Jh] (Pair of Queens)
a935ec8a: shows [9s 6s] (Queen-High)
*** FIRST TURN *** [5d Ts Qs] [2d]
*** FIRST RIVER *** [5d Ts Qs 2d] [4h]
*** SECOND TURN *** [5d Ts Qs] [Qd]
*** SECOND RIVER *** [5d Ts Qs Qd] [Td]
*** FIRST SHOWDOWN ***
Hero collected $3.64 from pot
*** SECOND SHOWDOWN ***
Hero collected $3.63 from pot
*** SUMMARY ***
Total pot $7.75 | Rake $0.38 | Jackpot $0.1 | Bingo $0 | Fortune $0 | Tax $0
Hand was run two times
FIRST Board [5d Ts Qs 2d 4h]
SECOND Board [Qd Td]
Seat 1: 810ade70 folded before Flop (didn't bet)
Seat 2: 570b74e1 folded before Flop
Seat 3: Hero (button) showed [Qh Jh] and won ($3.64) with Pair of Queens, and won ($3.63)
Seat 4: 20adfb2 (small blind) folded before Flop
Seat 5: fe79c8fa (big blind) folded before Flop
Seat 6: a935ec8a showed [9s 6s] and lost with Queen-High, and lost


Poker Hand #HD1773528671: Hold'em No Limit ($0.05/$0.1) - 2024/05/15 11:53:13
Table 'NLHRed41' 6-max Seat #2 is the button
Seat 1: 810ade70 ($11.32 in chips)
Seat 2: 570b74e1 ($9.13 in chips)
Seat 3: Hero ($10.15 in chips)
Seat 4: 20adfb2 ($11.16 in chips)
Seat 5: fe79c8fa ($1.97 in chips)
Seat 6: a935ec8a ($4.5 in chips)
Hero: posts small blind $0.05
20adfb2: posts big blind $0.1
*** HOLE CARDS ***
Dealt to 810ade70 
Dealt to 570b74e1 
Dealt to Hero [Ah Jd]
Dealt to 20adfb2 
Dealt to fe79c8fa 
Dealt to a935ec8a 
fe79c8fa: folds
a935ec8a: calls $0.1
810ade70: folds
570b74e1: folds
Hero: raises $0.3 to $0.4
20adfb2: folds
a935ec8a: calls $0.3
*** FLOP *** [Tc 6c Qh]
Hero: bets $0.4
a935ec8a: calls $0.4
*** TURN *** [Tc 6c Qh] [4d]
Hero: checks
a935ec8a: checks
*** RIVER *** [Tc 6c Qh 4d] [Ad]
Hero: bets $0.8
a935ec8a: folds
Uncalled bet ($0.8) returned to Hero
a935ec8a: shows [Th] (Pair of Tens)
*** SHOWDOWN ***
Hero collected $1.62 from pot
*** SUMMARY ***
Total pot $1.7 | Rake $0.08 | Jackpot $0 | Bingo $0 | Fortune $0 | Tax $0
Board [Tc 6c Qh 4d Ad]
Seat 1: 810ade70 folded before Flop (didn't bet)
Seat 2: 570b74e1 (button) folded before Flop (didn't bet)
Seat 3: Hero (small blind) won ($1.62)
Seat 4: 20adfb2 (big blind) folded before Flop
Seat 5: fe79c8fa folded before Flop (didn't bet)
Seat 6: a935ec8a folded on the River


Poker Hand #HD1773528577: Hold'em No Limit ($0.05/$0.1) - 2024/05/15 11:52:25
Table 'NLHRed41' 6-max Seat #1 is the button
Seat 1: 810ade70 ($11.32 in chips)
Seat 2: 570b74e1 ($9.18 in chips)
Seat 3: Hero ($10.25 in chips)
Seat 4: 20adfb2 ($11.71 in chips)
Seat 5: fe79c8fa ($1.97 in chips)
Seat 6: a935ec8a ($3.86 in chips)
570b74e1: posts small blind $0.05
Hero: posts big blind $0.1
*** HOLE CARDS ***
Dealt to 810ade70 
Dealt to 570b74e1 
Dealt to Hero [3d 4h]
Dealt to 20adfb2 
Dealt to fe79c8fa 
Dealt to a935ec8a 
20adfb2: raises $0.15 to $0.25
fe79c8fa: folds
a935ec8a: calls $0.25
810ade70: folds
570b74e1: folds
Hero: folds
*** FLOP *** [4d 7s Qh]
20adfb2: checks
a935ec8a: checks
*** TURN *** [4d 7s Qh] [7d]
20adfb2: bets $0.3
a935ec8a: calls $0.3
*** RIVER *** [4d 7s Qh 7d] [Jc]
20adfb2: checks
a935ec8a: checks
20adfb2: shows [5d 5c] (Pair of Sevens and Pair of Fives)
a935ec8a: shows [Kd Js] (Pair of Jacks and Pair of Sevens)
*** SHOWDOWN ***
a935ec8a collected $1.19 from pot
*** SUMMARY ***
Total pot $1.25 | Rake $0.06 | Jackpot $0 | Bingo $0 | Fortune $0 | Tax $0
Board [4d 7s Qh 7d Jc]
Seat 1: 810ade70 (button) folded before Flop (didn't bet)
Seat 2: 570b74e1 (small blind) folded before Flop
Seat 3: Hero (big blind) folded before Flop
Seat 4: 20adfb2 showed [5d 5c] and lost with Pair of Sevens and Pair of Fives
Seat 5: fe79c8fa folded before Flop (didn't bet)
Seat 6: a935ec8a showed [Kd Js] and won ($1.19) with Pair of Jacks and Pair of Sevens


Poker Hand #HD1773528524: Hold'em No Limit ($0.05/$0.1) - 2024/05/15 11:51:59
Table 'NLHRed41' 6-max Seat #6 is the button
Seat 1: 810ade70 ($11.37 in chips)
Seat 2: 570b74e1 ($9.28 in chips)
Seat 3: Hero ($10.25 in chips)
Seat 4: 20adfb2 ($11.71 in chips)
Seat 5: fe79c8fa ($1.97 in chips)
Seat 6: a935ec8a ($3.72 in chips)
810ade70: posts small blind $0.05
570b74e1: posts big blind $0.1
*** HOLE CARDS ***
Dealt to 810ade70 
Dealt to 570b74e1 
Dealt to Hero [9c Ks]
Dealt to 20adfb2 
Dealt to fe79c8fa 
Dealt to a935ec8a 
Hero: folds
20adfb2: folds
fe79c8fa: folds
a935ec8a: calls $0.1
810ade70: folds
570b74e1: checks
*** FLOP *** [Jh 2c As]
570b74e1: checks
a935ec8a: checks
*** TURN *** [Jh 2c As] [7h]
570b74e1: checks
a935ec8a: checks
*** RIVER *** [Jh 2c As 7h] [Qd]
570b74e1: checks
a935ec8a: bets $0.13
570b74e1: folds
Uncalled bet ($0.13) returned to a935ec8a
*** SHOWDOWN ***
a935ec8a collected $0.24 from pot
*** SUMMARY ***
Total pot $0.25 | Rake $0.01 | Jackpot $0 | Bingo $0 | Fortune $0 | Tax $0
Board [Jh 2c As 7h Qd]
Seat 1: 810ade70 (small blind) folded before Flop
Seat 2: 570b74e1 (big blind) folded on the River
Seat 3: Hero folded before Flop (didn't bet)
Seat 4: 20adfb2 folded before Flop (didn't bet)
Seat 5: fe79c8fa folded before Flop (didn't bet)
Seat 6: a935ec8a (button) won ($0.24)


Poker Hand #HD1773528474: Hold'em No Limit ($0.05/$0.1) - 2024/05/15 11:51:36
Table 'NLHRed41' 6-max Seat #5 is the button
Seat 1: 810ade70 ($11.67 in chips)
Seat 2: 570b74e1 ($9.28 in chips)
Seat 3: Hero ($10.25 in chips)
Seat 4: 20adfb2 ($11.71 in chips)
Seat 5: fe79c8fa ($1.97 in chips)
Seat 6: a935ec8a ($3.45 in chips)
a935ec8a: posts small blind $0.05
810ade70: posts big blind $0.1
*** HOLE CARDS ***
Dealt to 810ade70 
Dealt to 570b74e1 
Dealt to Hero [5s Jc]
Dealt to 20adfb2 
Dealt to fe79c8fa 
Dealt to a935ec8a 
570b74e1: folds
Hero: folds
20adfb2: folds
fe79c8fa: folds
a935ec8a: raises $0.2 to $0.3
810ade70: calls $0.2
*** FLOP *** [Qc Th 7d]
a935ec8a: bets $0.2
810ade70: folds
Uncalled bet ($0.2) returned to a935ec8a
*** SHOWDOWN ***
a935ec8a collected $0.57 from pot
*** SUMMARY ***
Total pot $0.6 | Rake $0.03 | Jackpot $0 | Bingo $0 | Fortune $0 | Tax $0
Board [Qc Th 7d]
Seat 1: 810ade70 (big blind) folded on the Flop
Seat 2: 570b74e1 folded before Flop (didn't bet)
Seat 3: Hero folded before Flop (didn't bet)
Seat 4: 20adfb2 folded before Flop (didn't bet)
Seat 5: fe79c8fa (button) folded before Flop (didn't bet)
Seat 6: a935ec8a (small blind) won ($0.57)


Poker Hand #HD1773528456: Hold'em No Limit ($0.05/$0.1) - 2024/05/15 11:51:25
Table 'NLHRed41' 6-max Seat #4 is the button
Seat 1: 810ade70 ($11.67 in chips)
Seat 2: 570b74e1 ($9.28 in chips)
Seat 3: Hero ($10.25 in chips)
Seat 4: 20adfb2 ($11.71 in chips)
Seat 5: fe79c8fa ($2.02 in chips)
Seat 6: a935ec8a ($3.4 in chips)
fe79c8fa: posts small blind $0.05
a935ec8a: posts big blind $0.1
*** HOLE CARDS ***
Dealt to 810ade70 
Dealt to 570b74e1 
Dealt to Hero [9c Qh]
Dealt to 20adfb2 
Dealt to fe79c8fa 
Dealt to a935ec8a 
810ade70: folds
570b74e1: folds
Hero: folds
20adfb2: folds
fe79c8fa: folds
Uncalled bet ($0.05) returned to a935ec8a
*** SHOWDOWN ***
a935ec8a collected $0.1 from pot
*** SUMMARY ***
Total pot $0.1 | Rake $0 | Jackpot $0 | Bingo $0 | Fortune $0 | Tax $0
Seat 1: 810ade70 folded before Flop (didn't bet)
Seat 2: 570b74e1 folded before Flop (didn't bet)
Seat 3: Hero folded before Flop (didn't bet)
Seat 4: 20adfb2 (button) folded before Flop (didn't bet)
Seat 5: fe79c8fa (small blind) folded before Flop
Seat 6: a935ec8a (big blind) collected ($0.1)


Poker Hand #HD1773528350: Hold'em No Limit ($0.05/$0.1) - 2024/05/15 11:50:30
Table 'NLHRed41' 6-max Seat #3 is the button
Seat 1: 810ade70 ($11.74 in chips)
Seat 2: 570b74e1 ($9.65 in chips)
Seat 3: Hero ($10.25 in chips)
Seat 4: 20adfb2 ($11.76 in chips)
Seat 5: fe79c8fa ($2 in chips)
Seat 6: a935ec8a ($3.47 in chips)
20adfb2: posts small blind $0.05
fe79c8fa: posts big blind $0.1
*** HOLE CARDS ***
Dealt to 810ade70 
Dealt to 570b74e1 
Dealt to Hero [Th 3d]
Dealt to 20adfb2 
Dealt to fe79c8fa 
Dealt to a935ec8a 
a935ec8a: calls $0.1
810ade70: raises $0.27 to $0.37
570b74e1: calls $0.37
Hero: folds
20adfb2: folds
fe79c8fa: raises $1.63 to $2 and is all-in
a935ec8a: calls $1.9
810ade70: raises $9.63 to $11.63
570b74e1: folds
a935ec8a: calls $1.47 and is all-in
Uncalled bet ($8.16) returned to 810ade70
810ade70: shows [Jc Js]
fe79c8fa: shows [Kd Ac]
a935ec8a: shows [7c Qc]
*** FLOP *** [3h 4d As]
*** TURN *** [3h 4d As] [2h]
*** RIVER *** [3h 4d As 2h] [5d]
*** SHOWDOWN ***
810ade70 collected $2.01 from pot
fe79c8fa collected $2.02 from pot
a935ec8a collected $2.01 from pot
810ade70 collected $1.39 from pot
a935ec8a collected $1.39 from pot
*** SUMMARY ***
Total pot $9.36 | Rake $0.44 | Jackpot $0.1 | Bingo $0 | Fortune $0 | Tax $0
Board [3h 4d As 2h 5d]
Seat 1: 810ade70 showed [Jc Js] and won ($3.4) with Fives-High Straight
Seat 2: 570b74e1 folded before Flop
Seat 3: Hero (button) folded before Flop (didn't bet)
Seat 4: 20adfb2 (small blind) folded before Flop
Seat 5: fe79c8fa (big blind) showed [Kd Ac] and won ($2.02) with Fives-High Straight
Seat 6: a935ec8a showed [7c Qc] and won ($3.4) with Fives-High Straight


Poker Hand #HD1773528318: Hold'em No Limit ($0.05/$0.1) - 2024/05/15 11:50:17
Table 'NLHRed41' 6-max Seat #2 is the button
Seat 1: 810ade70 ($11.74 in chips)
Seat 2: 570b74e1 ($9.65 in chips)
Seat 3: Hero ($10.3 in chips)
Seat 4: 20adfb2 ($11.86 in chips)
Seat 5: fe79c8fa ($2 in chips)
Seat 6: a935ec8a ($3.32 in chips)
Hero: posts small blind $0.05
20adfb2: posts big blind $0.1
*** HOLE CARDS ***
Dealt to 810ade70 
Dealt to 570b74e1 
Dealt to Hero [3c As]
Dealt to 20adfb2 
Dealt to fe79c8fa 
Dealt to a935ec8a 
fe79c8fa: folds
a935ec8a: raises $0.1 to $0.2
810ade70: folds
570b74e1: folds
Hero: folds
20adfb2: folds
Uncalled bet ($0.1) returned to a935ec8a
*** SHOWDOWN ***
a935ec8a collected $0.25 from pot
*** SUMMARY ***
Total pot $0.25 | Rake $0 | Jackpot $0 | Bingo $0 | Fortune $0 | Tax $0
Seat 1: 810ade70 folded before Flop (didn't bet)
Seat 2: 570b74e1 (button) folded before Flop (didn't bet)
Seat 3: Hero (small blind) folded before Flop
Seat 4: 20adfb2 (big blind) folded before Flop
Seat 5: fe79c8fa folded before Flop (didn't bet)
Seat 6: a935ec8a collected ($0.25)


Poker Hand #HD1773528250: Hold'em No Limit ($0.05/$0.1) - 2024/05/15 11:49:42
Table 'NLHRed41' 6-max Seat #1 is the button
Seat 1: 810ade70 ($11.74 in chips)
Seat 2: 570b74e1 ($9.9 in chips)
Seat 3: Hero ($10.55 in chips)
Seat 4: 20adfb2 ($11.39 in chips)
Seat 5: fe79c8fa ($2 in chips)
Seat 6: a935ec8a ($3.32 in chips)
570b74e1: posts small blind $0.05
Hero: posts big blind $0.1
*** HOLE CARDS ***
Dealt to 810ade70 
Dealt to 570b74e1 
Dealt to Hero [Tc Jh]
Dealt to 20adfb2 
Dealt to fe79c8fa 
Dealt to a935ec8a 
20adfb2: raises $0.15 to $0.25
fe79c8fa: folds
a935ec8a: folds
810ade70: folds
570b74e1: calls $0.2
Hero: calls $0.15
*** FLOP *** [6h Kc 6d]
570b74e1: checks
Hero: checks
20adfb2: bets $0.35
570b74e1: folds
Hero: folds
Uncalled bet ($0.35) returned to 20adfb2
*** SHOWDOWN ***
20adfb2 collected $0.72 from pot
*** SUMMARY ***
Total pot $0.75 | Rake $0.03 | Jackpot $0 | Bingo $0 | Fortune $0 | Tax $0
Board [6h Kc 6d]
Seat 1: 810ade70 (button) folded before Flop (didn't bet)
Seat 2: 570b74e1 (small blind) folded on the Flop
Seat 3: Hero (big blind) folded on the Flop
Seat 4: 20adfb2 won ($0.72)
Seat 5: fe79c8fa folded before Flop (didn't bet)
Seat 6: a935ec8a folded before Flop (didn't bet)


Poker Hand #HD1773528199: Hold'em No Limit ($0.05/$0.1) - 2024/05/15 11:49:11
Table 'NLHRed41' 6-max Seat #6 is the button
Seat 1: 810ade70 ($11.79 in chips)
Seat 2: 570b74e1 ($10 in chips)
Seat 3: Hero ($10.05 in chips)
Seat 4: 20adfb2 ($11.39 in chips)
Seat 6: a935ec8a ($3.71 in chips)
810ade70: posts small blind $0.05
570b74e1: posts big blind $0.1
*** HOLE CARDS ***
Dealt to 810ade70 
Dealt to 570b74e1 
Dealt to Hero [Kc Ah]
Dealt to 20adfb2 
Dealt to a935ec8a 
Hero: raises $0.1 to $0.2
20adfb2: folds
a935ec8a: raises $0.19 to $0.39
810ade70: folds
570b74e1: folds
Hero: raises $9.66 to $10.05 and is all-in
a935ec8a: folds
Uncalled bet ($9.66) returned to Hero
*** SHOWDOWN ***
Hero collected $0.89 from pot
*** SUMMARY ***
Total pot $0.93 | Rake $0.04 | Jackpot $0 | Bingo $0 | Fortune $0 | Tax $0
Seat 1: 810ade70 (small blind) folded before Flop
Seat 2: 570b74e1 (big blind) folded before Flop
Seat 3: Hero collected ($0.89)
Seat 4: 20adfb2 folded before Flop (didn't bet)
Seat 6: a935ec8a (button) folded before Flop


Poker Hand #HD1773528116: Hold'em No Limit ($0.05/$0.1) - 2024/05/15 11:48:27
Table 'NLHRed41' 6-max Seat #4 is the button
Seat 1: 810ade70 ($11.79 in chips)
Seat 2: 570b74e1 ($10 in chips)
Seat 3: Hero ($10.05 in chips)
Seat 4: 20adfb2 ($11.39 in chips)
Seat 5: fe79c8fa ($1.75 in chips)
Seat 6: a935ec8a ($2.22 in chips)
fe79c8fa: posts small blind $0.05
a935ec8a: posts big blind $0.1
*** HOLE CARDS ***
Dealt to 810ade70 
Dealt to 570b74e1 
Dealt to Hero [Qh 8s]
Dealt to 20adfb2 
Dealt to fe79c8fa 
Dealt to a935ec8a 
810ade70: folds
570b74e1: folds
Hero: folds
20adfb2: folds
fe79c8fa: calls $0.05
a935ec8a: raises $0.2 to $0.3
fe79c8fa: raises $1.45 to $1.75 and is all-in
a935ec8a: calls $1.45
fe79c8fa: shows [Ad Qd]
a935ec8a: shows [6d 6s]
*** FIRST FLOP *** [Jc 9d 4h]
*** FIRST TURN *** [Jc 9d 4h] [3h]
*** FIRST RIVER *** [Jc 9d 4h 3h] [2d]
*** SECOND FLOP *** [5c 7h 7d]
*** SECOND TURN *** [5c 7h 7d] [Ks]
*** SECOND RIVER *** [5c 7h 7d Ks] [4s]
*** FIRST SHOWDOWN ***
a935ec8a collected $1.62 from pot
*** SECOND SHOWDOWN ***
a935ec8a collected $1.62 from pot
*** SUMMARY ***
Total pot $3.5 | Rake $0.16 | Jackpot $0.1 | Bingo $0 | Fortune $0 | Tax $0
Hand was run two times
FIRST Board [Jc 9d 4h 3h 2d]
SECOND Board [5c 7h 7d Ks 4s]
Seat 1: 810ade70 folded before Flop (didn't bet)
Seat 2: 570b74e1 folded before Flop (didn't bet)
Seat 3: Hero folded before Flop (didn't bet)
Seat 4: 20adfb2 (button) folded before Flop (didn't bet)
Seat 5: fe79c8fa (small blind) showed [Ad Qd] and lost with Ace-High, and lost with Pair of Sevens
Seat 6: a935ec8a (big blind) showed [6d 6s] and won ($1.62) with Pair of Sixes, and won ($1.62) with Pair of Sevens and Pair of Sixes


Poker Hand #HD1773528023: Hold'em No Limit ($0.05/$0.1) - 2024/05/15 11:47:43
Table 'NLHRed41' 6-max Seat #3 is the button
Seat 1: 810ade70 ($11.79 in chips)
Seat 2: 570b74e1 ($9.85 in chips)
Seat 3: Hero ($10.05 in chips)
Seat 4: 20adfb2 ($11.44 in chips)
Seat 5: fe79c8fa ($1.85 in chips)
Seat 6: a935ec8a ($2.22 in chips)
20adfb2: posts small blind $0.05
fe79c8fa: posts big blind $0.1
*** HOLE CARDS ***
Dealt to 810ade70 
Dealt to 570b74e1 
Dealt to Hero [3s Th]
Dealt to 20adfb2 
Dealt to fe79c8fa 
Dealt to a935ec8a 
a935ec8a: folds
810ade70: folds
570b74e1: raises $0.1 to $0.2
Hero: folds
20adfb2: folds
fe79c8fa: folds
Uncalled bet ($0.1) returned to 570b74e1
*** SHOWDOWN ***
570b74e1 collected $0.25 from pot
*** SUMMARY ***
Total pot $0.25 | Rake $0 | Jackpot $0 | Bingo $0 | Fortune $0 | Tax $0
Seat 1: 810ade70 folded before Flop (didn't bet)
Seat 2: 570b74e1 collected ($0.25)
Seat 3: Hero (button) folded before Flop (didn't bet)
Seat 4: 20adfb2 (small blind) folded before Flop
Seat 5: fe79c8fa (big blind) folded before Flop
Seat 6: a935ec8a folded before Flop (didn't bet)


Poker Hand #HD1773527951: Hold'em No Limit ($0.05/$0.1) - 2024/05/15 11:47:05
Table 'NLHRed41' 6-max Seat #2 is the button
Seat 1: 810ade70 ($11.79 in chips)
Seat 2: 570b74e1 ($9.85 in chips)
Seat 3: Hero ($10.1 in chips)
Seat 4: 20adfb2 ($10.95 in chips)
Seat 6: a935ec8a ($2.71 in chips)
Hero: posts small blind $0.05
20adfb2: posts big blind $0.1
*** HOLE CARDS ***
Dealt to 810ade70 
Dealt to 570b74e1 
Dealt to Hero [6d 4d]
Dealt to 20adfb2 
Dealt to a935ec8a 
a935ec8a: calls $0.1
810ade70: folds
570b74e1: folds
Hero: folds
20adfb2: checks
*** FLOP *** [Ks 7s 2s]
20adfb2: checks
a935ec8a: bets $0.13
20adfb2: calls $0.13
*** TURN *** [Ks 7s 2s] [6c]
20adfb2: checks
a935ec8a: bets $0.26
20adfb2: calls $0.26
*** RIVER *** [Ks 7s 2s 6c] [5s]
20adfb2: checks
a935ec8a: checks
20adfb2: shows [2c Qs] (King High Flush)
a935ec8a: shows [7d 9d] (Pair of Sevens)
*** SHOWDOWN ***
20adfb2 collected $0.98 from pot
*** SUMMARY ***
Total pot $1.03 | Rake $0.05 | Jackpot $0 | Bingo $0 | Fortune $0 | Tax $0
Board [Ks 7s 2s 6c 5s]
Seat 1: 810ade70 folded before Flop (didn't bet)
Seat 2: 570b74e1 (button) folded before Flop (didn't bet)
Seat 3: Hero (small blind) folded before Flop
Seat 4: 20adfb2 (big blind) showed [2c Qs] and won ($0.98) with King High Flush
Seat 6: a935ec8a showed [7d 9d] and lost with Pair of Sevens


Poker Hand #HD1773527847: Hold'em No Limit ($0.05/$0.1) - 2024/05/15 11:46:11
Table 'NLHRed41' 6-max Seat #1 is the button
Seat 1: 810ade70 ($11.79 in chips)
Seat 2: 570b74e1 ($9.21 in chips)
Seat 3: Hero ($10.2 in chips)
Seat 4: 20adfb2 ($10.95 in chips)
Seat 6: a935ec8a ($3.31 in chips)
570b74e1: posts small blind $0.05
Hero: posts big blind $0.1
*** HOLE CARDS ***
Dealt to 810ade70 
Dealt to 570b74e1 
Dealt to Hero [Ks 9d]
Dealt to 20adfb2 
Dealt to a935ec8a 
20adfb2: folds
a935ec8a: calls $0.1
810ade70: folds
570b74e1: raises $0.1 to $0.2
Hero: folds
a935ec8a: calls $0.1
*** FLOP *** [5s 3c 3s]
570b74e1: checks
a935ec8a: checks
*** TURN *** [5s 3c 3s] [Jd]
570b74e1: bets $0.4
a935ec8a: calls $0.4
*** RIVER *** [5s 3c 3s Jd] [Kh]
570b74e1: checks
a935ec8a: checks
570b74e1: shows [Js Qd] (Pair of Jacks and Pair of Treys)
a935ec8a: shows [As 8h] (Pair of Treys)
*** SHOWDOWN ***
570b74e1 collected $1.24 from pot
*** SUMMARY ***
Total pot $1.3 | Rake $0.06 | Jackpot $0 | Bingo $0 | Fortune $0 | Tax $0
Board [5s 3c 3s Jd Kh]
Seat 1: 810ade70 (button) folded before Flop (didn't bet)
Seat 2: 570b74e1 (small blind) showed [Js Qd] and won ($1.24) with Pair of Jacks and Pair of Treys
Seat 3: Hero (big blind) folded before Flop
Seat 4: 20adfb2 folded before Flop (didn't bet)
Seat 6: a935ec8a showed [As 8h] and lost with Pair of Treys


Poker Hand #HD1773527810: Hold'em No Limit ($0.05/$0.1) - 2024/05/15 11:45:49
Table 'NLHRed41' 6-max Seat #6 is the button
Seat 1: 810ade70 ($11.84 in chips)
Seat 2: 570b74e1 ($9.31 in chips)
Seat 3: Hero ($10.2 in chips)
Seat 4: 20adfb2 ($10.95 in chips)
Seat 6: a935ec8a ($3.17 in chips)
810ade70: posts small blind $0.05
570b74e1: posts big blind $0.1
*** HOLE CARDS ***
Dealt to 810ade70 
Dealt to 570b74e1 
Dealt to Hero [2d 6h]
Dealt to 20adfb2 
Dealt to a935ec8a 
Hero: folds
20adfb2: folds
a935ec8a: calls $0.1
810ade70: folds
570b74e1: checks
*** FLOP *** [7d 5c Kc]
570b74e1: checks
a935ec8a: bets $0.13
570b74e1: folds
Uncalled bet ($0.13) returned to a935ec8a
*** SHOWDOWN ***
a935ec8a collected $0.24 from pot
*** SUMMARY ***
Total pot $0.25 | Rake $0.01 | Jackpot $0 | Bingo $0 | Fortune $0 | Tax $0
Board [7d 5c Kc]
Seat 1: 810ade70 (small blind) folded before Flop
Seat 2: 570b74e1 (big blind) folded on the Flop
Seat 3: Hero folded before Flop (didn't bet)
Seat 4: 20adfb2 folded before Flop (didn't bet)
Seat 6: a935ec8a (button) won ($0.24)


Poker Hand #HD1773527704: Hold'em No Limit ($0.05/$0.1) - 2024/05/15 11:44:58
Table 'NLHRed41' 6-max Seat #4 is the button
Seat 1: 810ade70 ($11.84 in chips)
Seat 2: 570b74e1 ($9.31 in chips)
Seat 3: Hero ($10.2 in chips)
Seat 4: 20adfb2 ($11.2 in chips)
Seat 5: fe79c8fa ($1.9 in chips)
Seat 6: a935ec8a ($2.89 in chips)
fe79c8fa: posts small blind $0.05
a935ec8a: posts big blind $0.1
*** HOLE CARDS ***
Dealt to 810ade70 
Dealt to 570b74e1 
Dealt to Hero [5d 2d]
Dealt to 20adfb2 
Dealt to fe79c8fa 
Dealt to a935ec8a 
810ade70: folds
570b74e1: folds
Hero: folds
20adfb2: raises $0.15 to $0.25
fe79c8fa: folds
a935ec8a: raises $0.19 to $0.44
20adfb2: folds
Uncalled bet ($0.19) returned to a935ec8a
*** SHOWDOWN ***
a935ec8a collected $0.53 from pot
*** SUMMARY ***
Total pot $0.55 | Rake $0.02 | Jackpot $0 | Bingo $0 | Fortune $0 | Tax $0
Seat 1: 810ade70 folded before Flop (didn't bet)
Seat 2: 570b74e1 folded before Flop (didn't bet)
Seat 3: Hero folded before Flop (didn't bet)
Seat 4: 20adfb2 (button) folded before Flop
Seat 5: fe79c8fa (small blind) folded before Flop
Seat 6: a935ec8a (big blind) collected ($0.53)


Poker Hand #HD1773527690: Hold'em No Limit ($0.05/$0.1) - 2024/05/15 11:44:51
Table 'NLHRed41' 6-max Seat #3 is the button
Seat 1: 810ade70 ($11.84 in chips)
Seat 2: 570b74e1 ($9.31 in chips)
Seat 3: Hero ($10.2 in chips)
Seat 4: 20adfb2 ($11.25 in chips)
Seat 5: fe79c8fa ($1.85 in chips)
Seat 6: a935ec8a ($2.89 in chips)
20adfb2: posts small blind $0.05
fe79c8fa: posts big blind $0.1
*** HOLE CARDS ***
Dealt to 810ade70 
Dealt to 570b74e1 
Dealt to Hero [3c Kd]
Dealt to 20adfb2 
Dealt to fe79c8fa 
Dealt to a935ec8a 
a935ec8a: folds
810ade70: folds
570b74e1: folds
Hero: folds
20adfb2: folds
Uncalled bet ($0.05) returned to fe79c8fa
*** SHOWDOWN ***
fe79c8fa collected $0.1 from pot
*** SUMMARY ***
Total pot $0.1 | Rake $0 | Jackpot $0 | Bingo $0 | Fortune $0 | Tax $0
Seat 1: 810ade70 folded before Flop (didn't bet)
Seat 2: 570b74e1 folded before Flop (didn't bet)
Seat 3: Hero (button) folded before Flop (didn't bet)
Seat 4: 20adfb2 (small blind) folded before Flop
Seat 5: fe79c8fa (big blind) collected ($0.1)
Seat 6: a935ec8a folded before Flop (didn't bet)


Poker Hand #HD1773527597: Hold'em No Limit ($0.05/$0.1) - 2024/05/15 11:44:04
Table 'NLHRed41' 6-max Seat #2 is the button
Seat 1: 810ade70 ($11.84 in chips)
Seat 2: 570b74e1 ($9.31 in chips)
Seat 3: Hero ($10.25 in chips)
Seat 4: 20adfb2 ($10 in chips)
Seat 5: fe79c8fa ($1.85 in chips)
Seat 6: a935ec8a ($4.22 in chips)
Hero: posts small blind $0.05
20adfb2: posts big blind $0.1
*** HOLE CARDS ***
Dealt to 810ade70 
Dealt to 570b74e1 
Dealt to Hero [Ks 3d]
Dealt to 20adfb2 
Dealt to fe79c8fa 
Dealt to a935ec8a 
fe79c8fa: folds
a935ec8a: calls $0.1
810ade70: folds
570b74e1: folds
Hero: folds
20adfb2: raises $0.2 to $0.3
a935ec8a: calls $0.2
*** FLOP *** [5d 7s Jd]
20adfb2: bets $0.35
a935ec8a: calls $0.35
*** TURN *** [5d 7s Jd] [7c]
20adfb2: checks
a935ec8a: bets $0.68
20adfb2: calls $0.68
*** RIVER *** [5d 7s Jd 7c] [8h]
20adfb2: checks
a935ec8a: checks
20adfb2: shows [Jc Qc] (Pair of Jacks and Pair of Sevens)
a935ec8a: shows [4s Js] (Pair of Jacks and Pair of Sevens)
*** SHOWDOWN ***
20adfb2 collected $2.58 from pot
*** SUMMARY ***
Total pot $2.71 | Rake $0.13 | Jackpot $0 | Bingo $0 | Fortune $0 | Tax $0
Board [5d 7s Jd 7c 8h]
Seat 1: 810ade70 folded before Flop (didn't bet)
Seat 2: 570b74e1 (button) folded before Flop (didn't bet)
Seat 3: Hero (small blind) folded before Flop
Seat 4: 20adfb2 (big blind) showed [Jc Qc] and won ($2.58) with Pair of Jacks and Pair of Sevens
Seat 5: fe79c8fa folded before Flop (didn't bet)
Seat 6: a935ec8a showed [4s Js] and lost with Pair of Jacks and Pair of Sevens


Poker Hand #HD1773527498: Hold'em No Limit ($0.05/$0.1) - 2024/05/15 11:43:19
Table 'NLHRed41' 6-max Seat #1 is the button
Seat 1: 810ade70 ($11.84 in chips)
Seat 2: 570b74e1 ($9.36 in chips)
Seat 3: Hero ($10.74 in chips)
Seat 4: 20adfb2 ($10 in chips)
Seat 5: fe79c8fa ($1.85 in chips)
Seat 6: a935ec8a ($3.73 in chips)
570b74e1: posts small blind $0.05
Hero: posts big blind $0.1
*** HOLE CARDS ***
Dealt to 810ade70 
Dealt to 570b74e1 
Dealt to Hero [2c 3c]
Dealt to 20adfb2 
Dealt to fe79c8fa 
Dealt to a935ec8a 
20adfb2: folds
fe79c8fa: folds
a935ec8a: calls $0.1
810ade70: folds
570b74e1: folds
Hero: checks
*** FLOP *** [Tc Ad 2h]
Hero: checks
a935ec8a: bets $0.13
Hero: calls $0.13
*** TURN *** [Tc Ad 2h] [4s]
Hero: checks
a935ec8a: bets $0.26
Hero: calls $0.26
*** RIVER *** [Tc Ad 2h 4s] [6d]
Hero: checks
a935ec8a: checks
Hero: shows [2c 3c] (Pair of Twos)
a935ec8a: shows [Ts 5s] (Pair of Tens)
*** SHOWDOWN ***
a935ec8a collected $0.98 from pot
*** SUMMARY ***
Total pot $1.03 | Rake $0.05 | Jackpot $0 | Bingo $0 | Fortune $0 | Tax $0
Board [Tc Ad 2h 4s 6d]
Seat 1: 810ade70 (button) folded before Flop (didn't bet)
Seat 2: 570b74e1 (small blind) folded before Flop
Seat 3: Hero (big blind) showed [2c 3c] and lost with Pair of Twos
Seat 4: 20adfb2 folded before Flop (didn't bet)
Seat 5: fe79c8fa folded before Flop (didn't bet)
Seat 6: a935ec8a showed [Ts 5s] and won ($0.98) with Pair of Tens


Poker Hand #HD1773527451: Hold'em No Limit ($0.05/$0.1) - 2024/05/15 11:42:53
Table 'NLHRed41' 6-max Seat #6 is the button
Seat 1: 810ade70 ($11.89 in chips)
Seat 2: 570b74e1 ($9.1 in chips)
Seat 3: Hero ($10.74 in chips)
Seat 4: 20adfb2 ($10 in chips)
Seat 5: fe79c8fa ($1.85 in chips)
Seat 6: a935ec8a ($3.96 in chips)
810ade70: posts small blind $0.05
570b74e1: posts big blind $0.1
*** HOLE CARDS ***
Dealt to 810ade70 
Dealt to 570b74e1 
Dealt to Hero [7h Ad]
Dealt to 20adfb2 
Dealt to fe79c8fa 
Dealt to a935ec8a 
Hero: folds
20adfb2: folds
fe79c8fa: folds
a935ec8a: calls $0.1
810ade70: folds
570b74e1: checks
*** FLOP *** [5s 7c 4d]
570b74e1: checks
a935ec8a: bets $0.13
570b74e1: raises $8.87 to $9 and is all-in
a935ec8a: folds
Uncalled bet ($8.87) returned to 570b74e1
*** SHOWDOWN ***
570b74e1 collected $0.49 from pot
*** SUMMARY ***
Total pot $0.51 | Rake $0.02 | Jackpot $0 | Bingo $0 | Fortune $0 | Tax $0
Board [5s 7c 4d]
Seat 1: 810ade70 (small blind) folded before Flop
Seat 2: 570b74e1 (big blind) won ($0.49)
Seat 3: Hero folded before Flop (didn't bet)
Seat 4: 20adfb2 folded before Flop (didn't bet)
Seat 5: fe79c8fa folded before Flop (didn't bet)
Seat 6: a935ec8a (button) folded on the Flop


Poker Hand #HD1773527343: Hold'em No Limit ($0.05/$0.1) - 2024/05/15 11:41:56
Table 'NLHRed41' 6-max Seat #5 is the button
Seat 1: 810ade70 ($10.65 in chips)
Seat 2: 570b74e1 ($9.1 in chips)
Seat 3: Hero ($10.74 in chips)
Seat 4: 20adfb2 ($10 in chips)
Seat 5: fe79c8fa ($1.85 in chips)
Seat 6: a935ec8a ($4.86 in chips)
a935ec8a: posts small blind $0.05
810ade70: posts big blind $0.1
*** HOLE CARDS ***
Dealt to 810ade70 
Dealt to 570b74e1 
Dealt to Hero [9s 2c]
Dealt to 20adfb2 
Dealt to fe79c8fa 
Dealt to a935ec8a 
570b74e1: folds
Hero: folds
20adfb2: raises $0.15 to $0.25
fe79c8fa: folds
a935ec8a: raises $0.2 to $0.45
810ade70: calls $0.35
20adfb2: calls $0.2
*** FLOP *** [5c Ah 4d]
a935ec8a: bets $0.45
810ade70: raises $1.13 to $1.58
20adfb2: folds
a935ec8a: folds
Uncalled bet ($1.13) returned to 810ade70
*** SHOWDOWN ***
810ade70 collected $2.14 from pot
*** SUMMARY ***
Total pot $2.25 | Rake $0.11 | Jackpot $0 | Bingo $0 | Fortune $0 | Tax $0
Board [5c Ah 4d]
Seat 1: 810ade70 (big blind) won ($2.14)
Seat 2: 570b74e1 folded before Flop (didn't bet)
Seat 3: Hero folded before Flop (didn't bet)
Seat 4: 20adfb2 folded on the Flop
Seat 5: fe79c8fa (button) folded before Flop (didn't bet)
Seat 6: a935ec8a (small blind) folded on the Flop


Poker Hand #HD1773527275: Hold'em No Limit ($0.05/$0.1) - 2024/05/15 11:41:23
Table 'NLHRed41' 6-max Seat #4 is the button
Seat 1: 810ade70 ($10.65 in chips)
Seat 2: 570b74e1 ($9.1 in chips)
Seat 3: Hero ($10.74 in chips)
Seat 4: 20adfb2 ($10.19 in chips)
Seat 5: fe79c8fa ($1.9 in chips)
Seat 6: a935ec8a ($4.58 in chips)
fe79c8fa: posts small blind $0.05
a935ec8a: posts big blind $0.1
*** HOLE CARDS ***
Dealt to 810ade70 
Dealt to 570b74e1 
Dealt to Hero [7c 9d]
Dealt to 20adfb2 
Dealt to fe79c8fa 
Dealt to a935ec8a 
810ade70: folds
570b74e1: folds
Hero: folds
20adfb2: raises $0.15 to $0.25
fe79c8fa: folds
a935ec8a: calls $0.15
*** FLOP *** [6d 7h Qs]
a935ec8a: checks
20adfb2: checks
*** TURN *** [6d 7h Qs] [4s]
a935ec8a: bets $0.19
20adfb2: folds
Uncalled bet ($0.19) returned to a935ec8a
*** SHOWDOWN ***
a935ec8a collected $0.53 from pot
*** SUMMARY ***
Total pot $0.55 | Rake $0.02 | Jackpot $0 | Bingo $0 | Fortune $0 | Tax $0
Board [6d 7h Qs 4s]
Seat 1: 810ade70 folded before Flop (didn't bet)
Seat 2: 570b74e1 folded before Flop (didn't bet)
Seat 3: Hero folded before Flop (didn't bet)
Seat 4: 20adfb2 (button) folded on the Turn
Seat 5: fe79c8fa (small blind) folded before Flop
Seat 6: a935ec8a (big blind) won ($0.53)


Poker Hand #HD1773527213: Hold'em No Limit ($0.05/$0.1) - 2024/05/15 11:40:51
Table 'NLHRed41' 6-max Seat #3 is the button
Seat 1: 810ade70 ($10.65 in chips)
Seat 2: 570b74e1 ($9.1 in chips)
Seat 3: Hero ($10.74 in chips)
Seat 4: 20adfb2 ($10 in chips)
Seat 5: fe79c8fa ($2 in chips)
Seat 6: a935ec8a ($4.68 in chips)
20adfb2: posts small blind $0.05
fe79c8fa: posts big blind $0.1
*** HOLE CARDS ***
Dealt to 810ade70 
Dealt to 570b74e1 
Dealt to Hero [6c Js]
Dealt to 20adfb2 
Dealt to fe79c8fa 
Dealt to a935ec8a 
a935ec8a: calls $0.1
810ade70: folds
570b74e1: folds
Hero: folds
20adfb2: raises $0.35 to $0.45
fe79c8fa: folds
a935ec8a: folds
Uncalled bet ($0.35) returned to 20adfb2
*** SHOWDOWN ***
20adfb2 collected $0.29 from pot
*** SUMMARY ***
Total pot $0.3 | Rake $0.01 | Jackpot $0 | Bingo $0 | Fortune $0 | Tax $0
Seat 1: 810ade70 folded before Flop (didn't bet)
Seat 2: 570b74e1 folded before Flop (didn't bet)
Seat 3: Hero (button) folded before Flop (didn't bet)
Seat 4: 20adfb2 (small blind) collected ($0.29)
Seat 5: fe79c8fa (big blind) folded before Flop
Seat 6: a935ec8a folded before Flop


Poker Hand #HD1773527174: Hold'em No Limit ($0.05/$0.1) - 2024/05/15 11:40:31
Table 'NLHRed41' 6-max Seat #2 is the button
Seat 1: 810ade70 ($10.65 in chips)
Seat 2: 570b74e1 ($9.1 in chips)
Seat 3: Hero ($10.79 in chips)
Seat 4: 20adfb2 ($10 in chips)
Seat 5: f2b58bae ($16.63 in chips)
Seat 6: a935ec8a ($4.54 in chips)
Hero: posts small blind $0.05
20adfb2: posts big blind $0.1
*** HOLE CARDS ***
Dealt to 810ade70 
Dealt to 570b74e1 
Dealt to Hero [Ad 4h]
Dealt to 20adfb2 
Dealt to f2b58bae 
Dealt to a935ec8a 
f2b58bae: folds
a935ec8a: calls $0.1
810ade70: folds
570b74e1: folds
Hero: folds
20adfb2: checks
*** FLOP *** [Qd Ah Kd]
20adfb2: checks
a935ec8a: bets $0.13
20adfb2: folds
Uncalled bet ($0.13) returned to a935ec8a
*** SHOWDOWN ***
a935ec8a collected $0.24 from pot
*** SUMMARY ***
Total pot $0.25 | Rake $0.01 | Jackpot $0 | Bingo $0 | Fortune $0 | Tax $0
Board [Qd Ah Kd]
Seat 1: 810ade70 folded before Flop (didn't bet)
Seat 2: 570b74e1 (button) folded before Flop (didn't bet)
Seat 3: Hero (small blind) folded before Flop
Seat 4: 20adfb2 (big blind) folded on the Flop
Seat 5: f2b58bae folded before Flop (didn't bet)
Seat 6: a935ec8a won ($0.24)


Poker Hand #HD1773527089: Hold'em No Limit ($0.05/$0.1) - 2024/05/15 11:39:49
Table 'NLHRed41' 6-max Seat #1 is the button
Seat 1: 810ade70 ($10.65 in chips)
Seat 2: 570b74e1 ($9.47 in chips)
Seat 3: Hero ($10.89 in chips)
Seat 4: 20adfb2 ($10 in chips)
Seat 5: f2b58bae ($16.63 in chips)
Seat 6: a935ec8a ($4.11 in chips)
570b74e1: posts small blind $0.05
Hero: posts big blind $0.1
*** HOLE CARDS ***
Dealt to 810ade70 
Dealt to 570b74e1 
Dealt to Hero [Ah 7c]
Dealt to 20adfb2 
Dealt to f2b58bae 
Dealt to a935ec8a 
20adfb2: folds
f2b58bae: folds
a935ec8a: raises $0.1 to $0.2
810ade70: folds
570b74e1: calls $0.15
Hero: folds
*** FLOP *** [As 8d Qs]
570b74e1: checks
a935ec8a: checks
*** TURN *** [As 8d Qs] [5c]
570b74e1: checks
a935ec8a: bets $0.17
570b74e1: calls $0.17
*** RIVER *** [As 8d Qs 5c] [Kh]
570b74e1: checks
a935ec8a: checks
570b74e1: shows [4s 4h] (Pair of Fours)
a935ec8a: shows [Ts 5s] (Pair of Fives)
*** SHOWDOWN ***
a935ec8a collected $0.8 from pot
*** SUMMARY ***
Total pot $0.84 | Rake $0.04 | Jackpot $0 | Bingo $0 | Fortune $0 | Tax $0
Board [As 8d Qs 5c Kh]
Seat 1: 810ade70 (button) folded before Flop (didn't bet)
Seat 2: 570b74e1 (small blind) showed [4s 4h] and lost with Pair of Fours
Seat 3: Hero (big blind) folded before Flop
Seat 4: 20adfb2 folded before Flop (didn't bet)
Seat 5: f2b58bae folded before Flop (didn't bet)
Seat 6: a935ec8a showed [Ts 5s] and won ($0.8) with Pair of Fives


Poker Hand #HD1773527033: Hold'em No Limit ($0.05/$0.1) - 2024/05/15 11:39:22
Table 'NLHRed41' 6-max Seat #6 is the button
Seat 1: 810ade70 ($10.7 in chips)
Seat 2: 570b74e1 ($9.67 in chips)
Seat 3: Hero ($10.89 in chips)
Seat 4: 20adfb2 ($10 in chips)
Seat 5: f2b58bae ($16.83 in chips)
Seat 6: a935ec8a ($3.69 in chips)
810ade70: posts small blind $0.05
570b74e1: posts big blind $0.1
*** HOLE CARDS ***
Dealt to 810ade70 
Dealt to 570b74e1 
Dealt to Hero [3s Td]
Dealt to 20adfb2 
Dealt to f2b58bae 
Dealt to a935ec8a 
Hero: folds
20adfb2: folds
f2b58bae: raises $0.1 to $0.2
a935ec8a: calls $0.2
810ade70: folds
570b74e1: calls $0.1
*** FLOP *** [Th Qh Jd]
570b74e1: checks
f2b58bae: checks
a935ec8a: bets $0.33
570b74e1: folds
f2b58bae: folds
Uncalled bet ($0.33) returned to a935ec8a
*** SHOWDOWN ***
a935ec8a collected $0.62 from pot
*** SUMMARY ***
Total pot $0.65 | Rake $0.03 | Jackpot $0 | Bingo $0 | Fortune $0 | Tax $0
Board [Th Qh Jd]
Seat 1: 810ade70 (small blind) folded before Flop
Seat 2: 570b74e1 (big blind) folded on the Flop
Seat 3: Hero folded before Flop (didn't bet)
Seat 4: 20adfb2 folded before Flop (didn't bet)
Seat 5: f2b58bae folded on the Flop
Seat 6: a935ec8a (button) won ($0.62)


Poker Hand #HD1773526962: Hold'em No Limit ($0.05/$0.1) - 2024/05/15 11:38:45
Table 'NLHRed41' 6-max Seat #5 is the button
Seat 1: 810ade70 ($10.42 in chips)
Seat 2: 570b74e1 ($9.67 in chips)
Seat 3: Hero ($10.89 in chips)
Seat 4: 20adfb2 ($10 in chips)
Seat 5: f2b58bae ($17.08 in chips)
Seat 6: a935ec8a ($3.74 in chips)
a935ec8a: posts small blind $0.05
810ade70: posts big blind $0.1
*** HOLE CARDS ***
Dealt to 810ade70 
Dealt to 570b74e1 
Dealt to Hero [6c 2c]
Dealt to 20adfb2 
Dealt to f2b58bae 
Dealt to a935ec8a 
570b74e1: folds
Hero: folds
20adfb2: folds
f2b58bae: raises $0.15 to $0.25
a935ec8a: folds
810ade70: calls $0.15
*** FLOP *** [Kd 7s Jh]
810ade70: checks
f2b58bae: checks
*** TURN *** [Kd 7s Jh] [9h]
810ade70: bets $0.42
f2b58bae: folds
Uncalled bet ($0.42) returned to 810ade70
*** SHOWDOWN ***
810ade70 collected $0.53 from pot
*** SUMMARY ***
Total pot $0.55 | Rake $0.02 | Jackpot $0 | Bingo $0 | Fortune $0 | Tax $0
Board [Kd 7s Jh 9h]
Seat 1: 810ade70 (big blind) won ($0.53)
Seat 2: 570b74e1 folded before Flop (didn't bet)
Seat 3: Hero folded before Flop (didn't bet)
Seat 4: 20adfb2 folded before Flop (didn't bet)
Seat 5: f2b58bae (button) folded on the Turn
Seat 6: a935ec8a (small blind) folded before Flop


Poker Hand #HD1773526876: Hold'em No Limit ($0.05/$0.1) - 2024/05/15 11:37:59
Table 'NLHRed41' 6-max Seat #4 is the button
Seat 1: 810ade70 ($10.42 in chips)
Seat 2: 570b74e1 ($9.87 in chips)
Seat 3: Hero ($10.89 in chips)
Seat 4: 20adfb2 ($10 in chips)
Seat 5: f2b58bae ($17.28 in chips)
Seat 6: a935ec8a ($3.37 in chips)
f2b58bae: posts small blind $0.05
a935ec8a: posts big blind $0.1
*** HOLE CARDS ***
Dealt to 810ade70 
Dealt to 570b74e1 
Dealt to Hero [9h 5h]
Dealt to 20adfb2 
Dealt to f2b58bae 
Dealt to a935ec8a 
810ade70: folds
570b74e1: raises $0.1 to $0.2
Hero: folds
20adfb2: folds
f2b58bae: calls $0.15
a935ec8a: calls $0.1
*** FLOP *** [Qs 6h 2d]
f2b58bae: checks
a935ec8a: bets $0.3
570b74e1: folds
f2b58bae: folds
Uncalled bet ($0.3) returned to a935ec8a
*** SHOWDOWN ***
a935ec8a collected $0.57 from pot
*** SUMMARY ***
Total pot $0.6 | Rake $0.03 | Jackpot $0 | Bingo $0 | Fortune $0 | Tax $0
Board [Qs 6h 2d]
Seat 1: 810ade70 folded before Flop (didn't bet)
Seat 2: 570b74e1 folded on the Flop
Seat 3: Hero folded before Flop (didn't bet)
Seat 4: 20adfb2 (button) folded before Flop (didn't bet)
Seat 5: f2b58bae (small blind) folded on the Flop
Seat 6: a935ec8a (big blind) won ($0.57)


Poker Hand #HD1773526815: Hold'em No Limit ($0.05/$0.1) - 2024/05/15 11:37:28
Table 'NLHRed41' 6-max Seat #3 is the button
Seat 1: 810ade70 ($10 in chips)
Seat 2: 570b74e1 ($9.87 in chips)
Seat 3: Hero ($10.89 in chips)
Seat 4: 20adfb2 ($10 in chips)
Seat 5: f2b58bae ($17.38 in chips)
Seat 6: a935ec8a ($3.67 in chips)
20adfb2: posts small blind $0.05
f2b58bae: posts big blind $0.1
810ade70: posts big blind $0.1
*** HOLE CARDS ***
Dealt to 810ade70 
Dealt to 570b74e1 
Dealt to Hero [Ks 6c]
Dealt to 20adfb2 
Dealt to f2b58bae 
Dealt to a935ec8a 
a935ec8a: calls $0.1
810ade70: raises $0.2 to $0.3
570b74e1: folds
Hero: folds
20adfb2: folds
f2b58bae: folds
a935ec8a: calls $0.2
*** FLOP *** [As Qh 8c]
a935ec8a: checks
810ade70: bets $0.25
a935ec8a: folds
Uncalled bet ($0.25) returned to 810ade70
*** SHOWDOWN ***
810ade70 collected $0.72 from pot
*** SUMMARY ***
Total pot $0.75 | Rake $0.03 | Jackpot $0 | Bingo $0 | Fortune $0 | Tax $0
Board [As Qh 8c]
Seat 1: 810ade70 won ($0.72)
Seat 2: 570b74e1 folded before Flop (didn't bet)
Seat 3: Hero (button) folded before Flop (didn't bet)
Seat 4: 20adfb2 (small blind) folded before Flop
Seat 5: f2b58bae (big blind) folded before Flop
Seat 6: a935ec8a folded on the Flop


Poker Hand #HD1773526713: Hold'em No Limit ($0.05/$0.1) - 2024/05/15 11:36:36
Table 'NLHRed41' 6-max Seat #2 is the button
Seat 2: 570b74e1 ($9.87 in chips)
Seat 3: Hero ($10.94 in chips)
Seat 4: 20adfb2 ($10 in chips)
Seat 5: f2b58bae ($19.28 in chips)
Seat 6: a935ec8a ($1.9 in chips)
Hero: posts small blind $0.05
20adfb2: posts big blind $0.1
*** HOLE CARDS ***
Dealt to 570b74e1 
Dealt to Hero [7c 6c]
Dealt to 20adfb2 
Dealt to f2b58bae 
Dealt to a935ec8a 
f2b58bae: raises $0.2 to $0.3
a935ec8a: raises $1.6 to $1.9 and is all-in
570b74e1: folds
Hero: folds
20adfb2: folds
f2b58bae: calls $1.6
a935ec8a: shows [9s 9h]
f2b58bae: shows [Tc Ac]
*** FIRST FLOP *** [8h 8c 7s]
*** FIRST TURN *** [8h 8c 7s] [5h]
*** FIRST RIVER *** [8h 8c 7s 5h] [6h]
*** SECOND FLOP *** [Ts Jd 9d]
*** SECOND TURN *** [Ts Jd 9d] [As]
*** SECOND RIVER *** [Ts Jd 9d As] [3h]
*** FIRST SHOWDOWN ***
a935ec8a collected $1.84 from pot
*** SECOND SHOWDOWN ***
a935ec8a collected $1.83 from pot
*** SUMMARY ***
Total pot $3.95 | Rake $0.18 | Jackpot $0.1 | Bingo $0 | Fortune $0 | Tax $0
Hand was run two times
FIRST Board [8h 8c 7s 5h 6h]
SECOND Board [Ts Jd 9d As 3h]
Seat 2: 570b74e1 (button) folded before Flop (didn't bet)
Seat 3: Hero (small blind) folded before Flop
Seat 4: 20adfb2 (big blind) folded before Flop
Seat 5: f2b58bae showed [Tc Ac] and lost with Pair of Eights, and lost with Pair of Aces and Pair of Tens
Seat 6: a935ec8a showed [9s 9h] and won ($1.84) with Nines-High Straight, and won ($1.83) with Three Nines


Poker Hand #HD1773526667: Hold'em No Limit ($0.05/$0.1) - 2024/05/15 11:36:07
Table 'NLHRed41' 6-max Seat #6 is the button
Seat 2: 570b74e1 ($9.55 in chips)
Seat 3: Hero ($11.04 in chips)
Seat 4: 20adfb2 ($10.1 in chips)
Seat 5: f2b58bae ($19.28 in chips)
Seat 6: a935ec8a ($1.9 in chips)
570b74e1: posts small blind $0.05
Hero: posts big blind $0.1
*** HOLE CARDS ***
Dealt to 570b74e1 
Dealt to Hero [Ts 7c]
Dealt to 20adfb2 
Dealt to f2b58bae 
Dealt to a935ec8a 
20adfb2: raises $0.15 to $0.25
f2b58bae: folds
a935ec8a: folds
570b74e1: calls $0.2
Hero: folds
*** FLOP *** [9d Kh 2c]
570b74e1: bets $0.45
20adfb2: folds
Uncalled bet ($0.45) returned to 570b74e1
*** SHOWDOWN ***
570b74e1 collected $0.57 from pot
*** SUMMARY ***
Total pot $0.6 | Rake $0.03 | Jackpot $0 | Bingo $0 | Fortune $0 | Tax $0
Board [9d Kh 2c]
Seat 2: 570b74e1 (small blind) won ($0.57)
Seat 3: Hero (big blind) folded before Flop
Seat 4: 20adfb2 folded on the Flop
Seat 5: f2b58bae folded before Flop (didn't bet)
Seat 6: a935ec8a (button) folded before Flop (didn't bet)


Poker Hand #HD1773526612: Hold'em No Limit ($0.05/$0.1) - 2024/05/15 11:35:37
Table 'NLHRed41' 6-max Seat #5 is the button
Seat 2: 570b74e1 ($9.65 in chips)
Seat 3: Hero ($10.89 in chips)
Seat 4: 20adfb2 ($10.1 in chips)
Seat 5: f2b58bae ($19.28 in chips)
Seat 6: a935ec8a ($1.95 in chips)
a935ec8a: posts small blind $0.05
570b74e1: posts big blind $0.1
*** HOLE CARDS ***
Dealt to 570b74e1 
Dealt to Hero [Ah Kh]
Dealt to 20adfb2 
Dealt to f2b58bae 
Dealt to a935ec8a 
Hero: raises $0.14 to $0.24
20adfb2: folds
f2b58bae: folds
a935ec8a: folds
570b74e1: folds
Uncalled bet ($0.14) returned to Hero
*** SHOWDOWN ***
Hero collected $0.25 from pot
*** SUMMARY ***
Total pot $0.25 | Rake $0 | Jackpot $0 | Bingo $0 | Fortune $0 | Tax $0
Seat 2: 570b74e1 (big blind) folded before Flop
Seat 3: Hero collected ($0.25)
Seat 4: 20adfb2 folded before Flop (didn't bet)
Seat 5: f2b58bae (button) folded before Flop (didn't bet)
Seat 6: a935ec8a (small blind) folded before Flop


Poker Hand #HD1773526555: Hold'em No Limit ($0.05/$0.1) - 2024/05/15 11:35:03
Table 'NLHRed41' 6-max Seat #4 is the button
Seat 2: 570b74e1 ($9.85 in chips)
Seat 3: Hero ($10.89 in chips)
Seat 4: 20adfb2 ($10.1 in chips)
Seat 5: f2b58bae ($19.33 in chips)
Seat 6: a935ec8a ($1.72 in chips)
f2b58bae: posts small blind $0.05
a935ec8a: posts big blind $0.1
*** HOLE CARDS ***
Dealt to 570b74e1 
Dealt to Hero [Qh 8d]
Dealt to 20adfb2 
Dealt to f2b58bae 
Dealt to a935ec8a 
570b74e1: raises $0.1 to $0.2
Hero: folds
20adfb2: folds
f2b58bae: folds
a935ec8a: calls $0.1
*** FLOP *** [Ad 9d 9s]
a935ec8a: bets $0.23
570b74e1: folds
Uncalled bet ($0.23) returned to a935ec8a
*** SHOWDOWN ***
a935ec8a collected $0.43 from pot
*** SUMMARY ***
Total pot $0.45 | Rake $0.02 | Jackpot $0 | Bingo $0 | Fortune $0 | Tax $0
Board [Ad 9d 9s]
Seat 2: 570b74e1 folded on the Flop
Seat 3: Hero folded before Flop (didn't bet)
Seat 4: 20adfb2 (button) folded before Flop (didn't bet)
Seat 5: f2b58bae (small blind) folded before Flop
Seat 6: a935ec8a (big blind) won ($0.43)


Poker Hand #HD1773526513: Hold'em No Limit ($0.05/$0.1) - 2024/05/15 11:34:43
Table 'NLHRed41' 6-max Seat #3 is the button
Seat 2: 570b74e1 ($9.85 in chips)
Seat 3: Hero ($10.89 in chips)
Seat 4: 20adfb2 ($10 in chips)
Seat 5: f2b58bae ($19.43 in chips)
Seat 6: a935ec8a ($1.72 in chips)
20adfb2: posts small blind $0.05
f2b58bae: posts big blind $0.1
*** HOLE CARDS ***
Dealt to 570b74e1 
Dealt to Hero [4c 2h]
Dealt to 20adfb2 
Dealt to f2b58bae 
Dealt to a935ec8a 
a935ec8a: folds
570b74e1: folds
Hero: folds
20adfb2: raises $0.2 to $0.3
f2b58bae: folds
Uncalled bet ($0.2) returned to 20adfb2
*** SHOWDOWN ***
20adfb2 collected $0.2 from pot
*** SUMMARY ***
Total pot $0.2 | Rake $0 | Jackpot $0 | Bingo $0 | Fortune $0 | Tax $0
Seat 2: 570b74e1 folded before Flop (didn't bet)
Seat 3: Hero (button) folded before Flop (didn't bet)
Seat 4: 20adfb2 (small blind) collected ($0.2)
Seat 5: f2b58bae (big blind) folded before Flop
Seat 6: a935ec8a folded before Flop (didn't bet)


Poker Hand #HD1773526473: Hold'em No Limit ($0.05/$0.1) - 2024/05/15 11:34:23
Table 'NLHRed41' 6-max Seat #2 is the button
Seat 1: 1dbe40dd ($3.69 in chips)
Seat 2: 570b74e1 ($9.85 in chips)
Seat 3: Hero ($10.94 in chips)
Seat 4: 20adfb2 ($10 in chips)
Seat 5: f2b58bae ($19.43 in chips)
Seat 6: a935ec8a ($1.57 in chips)
Hero: posts small blind $0.05
20adfb2: posts big blind $0.1
*** HOLE CARDS ***
Dealt to 1dbe40dd 
Dealt to 570b74e1 
Dealt to Hero [Ac 8h]
Dealt to 20adfb2 
Dealt to f2b58bae 
Dealt to a935ec8a 
f2b58bae: folds
a935ec8a: raises $0.2 to $0.3
1dbe40dd: folds
570b74e1: folds
Hero: folds
20adfb2: folds
Uncalled bet ($0.2) returned to a935ec8a
*** SHOWDOWN ***
a935ec8a collected $0.25 from pot
*** SUMMARY ***
Total pot $0.25 | Rake $0 | Jackpot $0 | Bingo $0 | Fortune $0 | Tax $0
Seat 1: 1dbe40dd folded before Flop (didn't bet)
Seat 2: 570b74e1 (button) folded before Flop (didn't bet)
Seat 3: Hero (small blind) folded before Flop
Seat 4: 20adfb2 (big blind) folded before Flop
Seat 5: f2b58bae folded before Flop (didn't bet)
Seat 6: a935ec8a collected ($0.25)


Poker Hand #HD1773526381: Hold'em No Limit ($0.05/$0.1) - 2024/05/15 11:33:36
Table 'NLHRed41' 6-max Seat #1 is the button
Seat 1: 1dbe40dd ($3.97 in chips)
Seat 2: 570b74e1 ($9.9 in chips)
Seat 3: Hero ($11.22 in chips)
Seat 5: f2b58bae ($19.43 in chips)
Seat 6: a935ec8a ($1 in chips)
570b74e1: posts small blind $0.05
Hero: posts big blind $0.1
*** HOLE CARDS ***
Dealt to 1dbe40dd 
Dealt to 570b74e1 
Dealt to Hero [9s Jh]
Dealt to f2b58bae 
Dealt to a935ec8a 
f2b58bae: folds
a935ec8a: calls $0.1
1dbe40dd: calls $0.1
570b74e1: folds
Hero: checks
*** FLOP *** [8c Qh Ks]
Hero: checks
a935ec8a: bets $0.18
1dbe40dd: calls $0.18
Hero: calls $0.18
*** TURN *** [8c Qh Ks] [5c]
Hero: checks
a935ec8a: bets $0.45
1dbe40dd: folds
Hero: folds
Uncalled bet ($0.45) returned to a935ec8a
*** SHOWDOWN ***
a935ec8a collected $0.85 from pot
*** SUMMARY ***
Total pot $0.89 | Rake $0.04 | Jackpot $0 | Bingo $0 | Fortune $0 | Tax $0
Board [8c Qh Ks 5c]
Seat 1: 1dbe40dd (button) folded on the Turn
Seat 2: 570b74e1 (small blind) folded before Flop
Seat 3: Hero (big blind) folded on the Turn
Seat 5: f2b58bae folded before Flop (didn't bet)
Seat 6: a935ec8a won ($0.85)


Poker Hand #HD1773526290: Hold'em No Limit ($0.05/$0.1) - 2024/05/15 11:32:52
Table 'NLHRed41' 6-max Seat #6 is the button
Seat 1: 1dbe40dd ($1.96 in chips)
Seat 2: 570b74e1 ($10 in chips)
Seat 3: Hero ($11.22 in chips)
Seat 5: f2b58bae ($19.68 in chips)
Seat 6: a935ec8a ($2.96 in chips)
1dbe40dd: posts small blind $0.05
570b74e1: posts big blind $0.1
*** HOLE CARDS ***
Dealt to 1dbe40dd 
Dealt to 570b74e1 
Dealt to Hero [6c Td]
Dealt to f2b58bae 
Dealt to a935ec8a 
Hero: folds
f2b58bae: raises $0.15 to $0.25
a935ec8a: raises $0.22 to $0.47
1dbe40dd: raises $1.49 to $1.96 and is all-in
570b74e1: folds
f2b58bae: folds
a935ec8a: calls $1.49
1dbe40dd: shows [2h 2s]
a935ec8a: shows [9s As]
*** FIRST FLOP *** [3d Kc 7s]
*** FIRST TURN *** [3d Kc 7s] [8s]
*** FIRST RIVER *** [3d Kc 7s 8s] [Qd]
*** SECOND FLOP *** [4h 7h Js]
*** SECOND TURN *** [4h 7h Js] [Ks]
*** SECOND RIVER *** [4h 7h Js Ks] [7c]
*** FIRST SHOWDOWN ***
1dbe40dd collected $1.99 from pot
*** SECOND SHOWDOWN ***
1dbe40dd collected $1.98 from pot
*** SUMMARY ***
Total pot $4.27 | Rake $0.2 | Jackpot $0.1 | Bingo $0 | Fortune $0 | Tax $0
Hand was run two times
FIRST Board [3d Kc 7s 8s Qd]
SECOND Board [4h 7h Js Ks 7c]
Seat 1: 1dbe40dd (small blind) showed [2h 2s] and won ($1.99) with Pair of Twos, and won ($1.98) with Pair of Sevens and Pair of Twos
Seat 2: 570b74e1 (big blind) folded before Flop
Seat 3: Hero folded before Flop (didn't bet)
Seat 5: f2b58bae folded before Flop
Seat 6: a935ec8a (button) showed [9s As] and lost with Ace-High, and lost with Pair of Sevens


Poker Hand #HD1773526230: Hold'em No Limit ($0.05/$0.1) - 2024/05/15 11:32:21
Table 'NLHRed41' 6-max Seat #5 is the button
Seat 1: 1dbe40dd ($1.68 in chips)
Seat 2: 570b74e1 ($10 in chips)
Seat 3: Hero ($11.22 in chips)
Seat 5: f2b58bae ($19.93 in chips)
Seat 6: a935ec8a ($3.01 in chips)
a935ec8a: posts small blind $0.05
1dbe40dd: posts big blind $0.1
*** HOLE CARDS ***
Dealt to 1dbe40dd 
Dealt to 570b74e1 
Dealt to Hero [2s Ac]
Dealt to f2b58bae 
Dealt to a935ec8a 
570b74e1: folds
Hero: folds
f2b58bae: raises $0.15 to $0.25
a935ec8a: folds
1dbe40dd: calls $0.15
*** FLOP *** [Qs 5h Qh]
1dbe40dd: bets $0.28
f2b58bae: folds
Uncalled bet ($0.28) returned to 1dbe40dd
*** SHOWDOWN ***
1dbe40dd collected $0.53 from pot
*** SUMMARY ***
Total pot $0.55 | Rake $0.02 | Jackpot $0 | Bingo $0 | Fortune $0 | Tax $0
Board [Qs 5h Qh]
Seat 1: 1dbe40dd (big blind) won ($0.53)
Seat 2: 570b74e1 folded before Flop (didn't bet)
Seat 3: Hero folded before Flop (didn't bet)
Seat 5: f2b58bae (button) folded on the Flop
Seat 6: a935ec8a (small blind) folded before Flop


Poker Hand #HD1773526158: Hold'em No Limit ($0.05/$0.1) - 2024/05/15 11:31:46
Table 'NLHRed41' 6-max Seat #3 is the button
Seat 1: 1dbe40dd ($2.75 in chips)
Seat 2: 570b74e1 ($4 in chips)
Seat 3: Hero ($11.22 in chips)
Seat 5: f2b58bae ($19.98 in chips)
Seat 6: a935ec8a ($2 in chips)
f2b58bae: posts small blind $0.05
a935ec8a: posts big blind $0.1
*** HOLE CARDS ***
Dealt to 1dbe40dd 
Dealt to 570b74e1 
Dealt to Hero [8c Ac]
Dealt to f2b58bae 
Dealt to a935ec8a 
1dbe40dd: raises $0.2 to $0.3
570b74e1: folds
Hero: folds
f2b58bae: folds
a935ec8a: calls $0.2
*** FLOP *** [6d Ts 7h]
a935ec8a: checks
1dbe40dd: checks
*** TURN *** [6d Ts 7h] [Th]
a935ec8a: bets $0.22
1dbe40dd: calls $0.22
*** RIVER *** [6d Ts 7h Th] [9d]
a935ec8a: checks
1dbe40dd: bets $0.55
a935ec8a: calls $0.55
1dbe40dd: shows [Qd Kc] (Pair of Tens)
a935ec8a: shows [7c Jc] (Pair of Tens and Pair of Sevens)
*** SHOWDOWN ***
a935ec8a collected $2.08 from pot
*** SUMMARY ***
Total pot $2.19 | Rake $0.11 | Jackpot $0 | Bingo $0 | Fortune $0 | Tax $0
Board [6d Ts 7h Th 9d]
Seat 1: 1dbe40dd showed [Qd Kc] and lost with Pair of Tens
Seat 2: 570b74e1 folded before Flop (didn't bet)
Seat 3: Hero (button) folded before Flop (didn't bet)
Seat 5: f2b58bae (small blind) folded before Flop
Seat 6: a935ec8a (big blind) showed [7c Jc] and won ($2.08) with Pair of Tens and Pair of Sevens


Poker Hand #HD1773526061: Hold'em No Limit ($0.05/$0.1) - 2024/05/15 11:30:58
Table 'NLHRed41' 6-max Seat #2 is the button
Seat 1: 1dbe40dd ($2.75 in chips)
Seat 2: 570b74e1 ($14.39 in chips)
Seat 3: Hero ($11.27 in chips)
Seat 5: f2b58bae ($10.39 in chips)
Hero: posts small blind $0.05
f2b58bae: posts big blind $0.1
*** HOLE CARDS ***
Dealt to 1dbe40dd 
Dealt to 570b74e1 
Dealt to Hero [3d Ks]
Dealt to f2b58bae 
1dbe40dd: folds
570b74e1: raises $0.1 to $0.2
Hero: folds
f2b58bae: raises $0.6 to $0.8
570b74e1: calls $0.6
*** FLOP *** [Kh 8h Ad]
f2b58bae: bets $0.55
570b74e1: calls $0.55
*** TURN *** [Kh 8h Ad] [9h]
f2b58bae: bets $2.75
570b74e1: calls $2.75
*** RIVER *** [Kh 8h Ad 9h] [6d]
f2b58bae: bets $6.29 and is all-in
570b74e1: calls $6.29
f2b58bae: shows [Ah Ac] (Three Aces)
570b74e1: shows [8s 8c] (Three Eights)
*** SHOWDOWN ***
f2b58bae collected $19.98 from pot
*** SUMMARY ***
Total pot $20.83 | Rake $0.75 | Jackpot $0.1 | Bingo $0 | Fortune $0 | Tax $0
Board [Kh 8h Ad 9h 6d]
Seat 1: 1dbe40dd folded before Flop (didn't bet)
Seat 2: 570b74e1 (button) showed [8s 8c] and lost with Three Eights
Seat 3: Hero (small blind) folded before Flop
Seat 5: f2b58bae (big blind) showed [Ah Ac] and won ($19.98) with Three Aces


Poker Hand #HD1773526023: Hold'em No Limit ($0.05/$0.1) - 2024/05/15 11:30:38
Table 'NLHRed41' 6-max Seat #1 is the button
Seat 1: 1dbe40dd ($2.38 in chips)
Seat 2: 570b74e1 ($14.69 in chips)
Seat 3: Hero ($11.37 in chips)
Seat 5: f2b58bae ($10.39 in chips)
570b74e1: posts small blind $0.05
Hero: posts big blind $0.1
*** HOLE CARDS ***
Dealt to 1dbe40dd 
Dealt to 570b74e1 
Dealt to Hero [Tc 8h]
Dealt to f2b58bae 
f2b58bae: folds
1dbe40dd: raises $0.2 to $0.3
570b74e1: calls $0.25
Hero: folds
*** FLOP *** [6d 9s 6h]
570b74e1: checks
1dbe40dd: bets $0.35
570b74e1: folds
Uncalled bet ($0.35) returned to 1dbe40dd
*** SHOWDOWN ***
1dbe40dd collected $0.67 from pot
*** SUMMARY ***
Total pot $0.7 | Rake $0.03 | Jackpot $0 | Bingo $0 | Fortune $0 | Tax $0
Board [6d 9s 6h]
Seat 1: 1dbe40dd (button) won ($0.67)
Seat 2: 570b74e1 (small blind) folded on the Flop
Seat 3: Hero (big blind) folded before Flop
Seat 5: f2b58bae folded before Flop (didn't bet)


Poker Hand #HD1773525961: Hold'em No Limit ($0.05/$0.1) - 2024/05/15 11:30:09
Table 'NLHRed41' 6-max Seat #5 is the button
Seat 1: 1dbe40dd ($2.95 in chips)
Seat 2: 570b74e1 ($14.17 in chips)
Seat 3: Hero ($11.37 in chips)
Seat 5: f2b58bae ($10.39 in chips)
1dbe40dd: posts small blind $0.05
570b74e1: posts big blind $0.1
*** HOLE CARDS ***
Dealt to 1dbe40dd 
Dealt to 570b74e1 
Dealt to Hero [5h 8d]
Dealt to f2b58bae 
Hero: folds
f2b58bae: folds
1dbe40dd: raises $0.1 to $0.2
570b74e1: calls $0.1
*** FLOP *** [7c Kc Kh]
1dbe40dd: checks
570b74e1: checks
*** TURN *** [7c Kc Kh] [6s]
1dbe40dd: bets $0.14
570b74e1: calls $0.14
*** RIVER *** [7c Kc Kh 6s] [Th]
1dbe40dd: bets $0.23
570b74e1: calls $0.23
1dbe40dd: shows [4s 8s] (Pair of Kings)
570b74e1: shows [6h 9h] (Pair of Kings and Pair of Sixes)
*** SHOWDOWN ***
570b74e1 collected $1.09 from pot
*** SUMMARY ***
Total pot $1.14 | Rake $0.05 | Jackpot $0 | Bingo $0 | Fortune $0 | Tax $0
Board [7c Kc Kh 6s Th]
Seat 1: 1dbe40dd (small blind) showed [4s 8s] and lost with Pair of Kings
Seat 2: 570b74e1 (big blind) showed [6h 9h] and won ($1.09) with Pair of Kings and Pair of Sixes
Seat 3: Hero folded before Flop (didn't bet)
Seat 5: f2b58bae (button) folded before Flop (didn't bet)


Poker Hand #HD1773525871: Hold'em No Limit ($0.05/$0.1) - 2024/05/15 11:29:18
Table 'NLHRed41' 6-max Seat #3 is the button
Seat 1: 1dbe40dd ($2.91 in chips)
Seat 2: 570b74e1 ($14.17 in chips)
Seat 3: Hero ($11.37 in chips)
Seat 4: 367bb2d1 ($20.08 in chips)
Seat 5: f2b58bae ($10.35 in chips)
367bb2d1: posts small blind $0.05
f2b58bae: posts big blind $0.1
1dbe40dd: posts big blind $0.1
*** HOLE CARDS ***
Dealt to 1dbe40dd 
Dealt to 570b74e1 
Dealt to Hero [5h Ad]
Dealt to 367bb2d1 
Dealt to f2b58bae 
1dbe40dd: checks
570b74e1: folds
Hero: folds
367bb2d1: calls $0.05
f2b58bae: checks
*** FLOP *** [7s 4s 3c]
367bb2d1: checks
f2b58bae: checks
1dbe40dd: bets $0.1
367bb2d1: folds
f2b58bae: calls $0.1
*** TURN *** [7s 4s 3c] [Js]
f2b58bae: checks
1dbe40dd: checks
*** RIVER *** [7s 4s 3c Js] [Qh]
f2b58bae: checks
1dbe40dd: checks
1dbe40dd: shows [6c 8d] (Queen-High)
f2b58bae: shows [6s 8c] (Queen-High)
*** SHOWDOWN ***
f2b58bae collected $0.24 from pot
1dbe40dd collected $0.24 from pot
*** SUMMARY ***
Total pot $0.5 | Rake $0.02 | Jackpot $0 | Bingo $0 | Fortune $0 | Tax $0
Board [7s 4s 3c Js Qh]
Seat 1: 1dbe40dd showed [6c 8d] and won ($0.24) with Queen-High
Seat 2: 570b74e1 folded before Flop (didn't bet)
Seat 3: Hero (button) folded before Flop (didn't bet)
Seat 4: 367bb2d1 (small blind) folded on the Flop
Seat 5: f2b58bae (big blind) showed [6s 8c] and won ($0.24) with Queen-High


Poker Hand #HD1773525803: Hold'em No Limit ($0.05/$0.1) - 2024/05/15 11:28:47
Table 'NLHRed41' 6-max Seat #2 is the button
Seat 2: 570b74e1 ($13.94 in chips)
Seat 3: Hero ($11.42 in chips)
Seat 4: 367bb2d1 ($20.28 in chips)
Seat 5: f2b58bae ($10.35 in chips)
Hero: posts small blind $0.05
367bb2d1: posts big blind $0.1
*** HOLE CARDS ***
Dealt to 570b74e1 
Dealt to Hero [4h 8c]
Dealt to 367bb2d1 
Dealt to f2b58bae 
f2b58bae: folds
570b74e1: raises $0.1 to $0.2
Hero: folds
367bb2d1: calls $0.1
*** FLOP *** [2d 6d Qd]
367bb2d1: checks
570b74e1: bets $0.25
367bb2d1: folds
Uncalled bet ($0.25) returned to 570b74e1
*** SHOWDOWN ***
570b74e1 collected $0.43 from pot
*** SUMMARY ***
Total pot $0.45 | Rake $0.02 | Jackpot $0 | Bingo $0 | Fortune $0 | Tax $0
Board [2d 6d Qd]
Seat 2: 570b74e1 (button) won ($0.43)
Seat 3: Hero (small blind) folded before Flop
Seat 4: 367bb2d1 (big blind) folded on the Flop
Seat 5: f2b58bae folded before Flop (didn't bet)


Poker Hand #HD1773525784: Hold'em No Limit ($0.05/$0.1) - 2024/05/15 11:28:39
Table 'NLHRed41' 6-max Seat #5 is the button
Seat 2: 570b74e1 ($13.99 in chips)
Seat 3: Hero ($11.37 in chips)
Seat 4: 367bb2d1 ($20.28 in chips)
Seat 5: f2b58bae ($10.35 in chips)
570b74e1: posts small blind $0.05
Hero: posts big blind $0.1
*** HOLE CARDS ***
Dealt to 570b74e1 
Dealt to Hero [Qs Kc]
Dealt to 367bb2d1 
Dealt to f2b58bae 
367bb2d1: folds
f2b58bae: folds
570b74e1: folds
Uncalled bet ($0.05) returned to Hero
*** SHOWDOWN ***
Hero collected $0.1 from pot
*** SUMMARY ***
Total pot $0.1 | Rake $0 | Jackpot $0 | Bingo $0 | Fortune $0 | Tax $0
Seat 2: 570b74e1 (small blind) folded before Flop
Seat 3: Hero (big blind) collected ($0.1)
Seat 4: 367bb2d1 folded before Flop (didn't bet)
Seat 5: f2b58bae (button) folded before Flop (didn't bet)


Poker Hand #HD1773525762: Hold'em No Limit ($0.05/$0.1) - 2024/05/15 11:28:26
Table 'NLHRed41' 6-max Seat #4 is the button
Seat 2: 570b74e1 ($14.09 in chips)
Seat 3: Hero ($11.22 in chips)
Seat 4: 367bb2d1 ($20.28 in chips)
Seat 5: f2b58bae ($10.4 in chips)
f2b58bae: posts small blind $0.05
570b74e1: posts big blind $0.1
*** HOLE CARDS ***
Dealt to 570b74e1 
Dealt to Hero [Td Kc]
Dealt to 367bb2d1 
Dealt to f2b58bae 
Hero: raises $0.14 to $0.24
367bb2d1: folds
f2b58bae: folds
570b74e1: folds
Uncalled bet ($0.14) returned to Hero
*** SHOWDOWN ***
Hero collected $0.25 from pot
*** SUMMARY ***
Total pot $0.25 | Rake $0 | Jackpot $0 | Bingo $0 | Fortune $0 | Tax $0
Seat 2: 570b74e1 (big blind) folded before Flop
Seat 3: Hero collected ($0.25)
Seat 4: 367bb2d1 (button) folded before Flop (didn't bet)
Seat 5: f2b58bae (small blind) folded before Flop


Poker Hand #HD1773525739: Hold'em No Limit ($0.05/$0.1) - 2024/05/15 11:28:14
Table 'NLHRed41' 6-max Seat #3 is the button
Seat 2: 570b74e1 ($14.09 in chips)
Seat 3: Hero ($11.22 in chips)
Seat 4: 367bb2d1 ($20.33 in chips)
Seat 5: f2b58bae ($10.5 in chips)
Seat 6: 5057819a ($10.4 in chips)
367bb2d1: posts small blind $0.05
f2b58bae: posts big blind $0.1
*** HOLE CARDS ***
Dealt to 570b74e1 
Dealt to Hero [Tc Js]
Dealt to 367bb2d1 
Dealt to f2b58bae 
Dealt to 5057819a 
5057819a: raises $0.15 to $0.25
570b74e1: folds
Hero: folds
367bb2d1: folds
f2b58bae: folds
Uncalled bet ($0.15) returned to 5057819a
*** SHOWDOWN ***
5057819a collected $0.25 from pot
*** SUMMARY ***
Total pot $0.25 | Rake $0 | Jackpot $0 | Bingo $0 | Fortune $0 | Tax $0
Seat 2: 570b74e1 folded before Flop (didn't bet)
Seat 3: Hero (button) folded before Flop (didn't bet)
Seat 4: 367bb2d1 (small blind) folded before Flop
Seat 5: f2b58bae (big blind) folded before Flop
Seat 6: 5057819a collected ($0.25)


Poker Hand #HD1773525716: Hold'em No Limit ($0.05/$0.1) - 2024/05/15 11:28:03
Table 'NLHRed41' 6-max Seat #2 is the button
Seat 2: 570b74e1 ($14.09 in chips)
Seat 3: Hero ($11.27 in chips)
Seat 4: 367bb2d1 ($20.28 in chips)
Seat 5: f2b58bae ($10.5 in chips)
Seat 6: 5057819a ($10.4 in chips)
Hero: posts small blind $0.05
367bb2d1: posts big blind $0.1
*** HOLE CARDS ***
Dealt to 570b74e1 
Dealt to Hero [2c 7d]
Dealt to 367bb2d1 
Dealt to f2b58bae 
Dealt to 5057819a 
f2b58bae: folds
5057819a: folds
570b74e1: folds
Hero: folds
Uncalled bet ($0.05) returned to 367bb2d1
*** SHOWDOWN ***
367bb2d1 collected $0.1 from pot
*** SUMMARY ***
Total pot $0.1 | Rake $0 | Jackpot $0 | Bingo $0 | Fortune $0 | Tax $0
Seat 2: 570b74e1 (button) folded before Flop (didn't bet)
Seat 3: Hero (small blind) folded before Flop
Seat 4: 367bb2d1 (big blind) collected ($0.1)
Seat 5: f2b58bae folded before Flop (didn't bet)
Seat 6: 5057819a folded before Flop (didn't bet)


Poker Hand #HD1773445635: Hold'em No Limit ($0.05/$0.1) - 2024/05/15 11:27:17
Table 'NLHRed41' 6-max Seat #6 is the button
Seat 1: 2ea4a1b1 ($5.5 in chips)
Seat 2: 570b74e1 ($15.44 in chips)
Seat 3: Hero ($10 in chips)
Seat 5: f2b58bae ($10.5 in chips)
Seat 6: 5057819a ($10.4 in chips)
2ea4a1b1: posts small blind $0.05
570b74e1: posts big blind $0.1
*** HOLE CARDS ***
Dealt to 2ea4a1b1 
Dealt to 570b74e1 
Dealt to Hero [8d 8h]
Dealt to f2b58bae 
Dealt to 5057819a 
Hero: raises $0.1 to $0.2
f2b58bae: folds
5057819a: folds
2ea4a1b1: folds
570b74e1: calls $0.1
*** FLOP *** [Td 8s 5d]
570b74e1: checks
Hero: checks
*** TURN *** [Td 8s 5d] [9c]
570b74e1: bets $0.45
Hero: calls $0.45
*** RIVER *** [Td 8s 5d 9c] [2d]
570b74e1: checks
Hero: bets $0.7
570b74e1: calls $0.7
Hero: shows [8d 8h] (Three Eights)
570b74e1: shows [8c Tc] (Pair of Tens and Pair of Eights)
*** SHOWDOWN ***
Hero collected $2.62 from pot
*** SUMMARY ***
Total pot $2.75 | Rake $0.13 | Jackpot $0 | Bingo $0 | Fortune $0 | Tax $0
Board [Td 8s 5d 9c 2d]
Seat 1: 2ea4a1b1 (small blind) folded before Flop
Seat 2: 570b74e1 (big blind) showed [8c Tc] and lost with Pair of Tens and Pair of Eights
Seat 3: Hero showed [8d 8h] and won ($2.62) with Three Eights
Seat 5: f2b58bae folded before Flop (didn't bet)
Seat 6: 5057819a (button) folded before Flop (didn't bet)


Poker Hand #HD1773445575: Hold'em No Limit ($0.05/$0.1) - 2024/05/15 11:26:44
Table 'NLHRed41' 6-max Seat #5 is the button
Seat 1: 2ea4a1b1 ($5.6 in chips)
Seat 2: 570b74e1 ($15.54 in chips)
Seat 3: Hero ($10 in chips)
Seat 5: f2b58bae ($10.5 in chips)
Seat 6: 5057819a ($10.21 in chips)
5057819a: posts small blind $0.05
2ea4a1b1: posts big blind $0.1
*** HOLE CARDS ***
Dealt to 2ea4a1b1 
Dealt to 570b74e1 
Dealt to Hero [Qc 7d]
Dealt to f2b58bae 
Dealt to 5057819a 
570b74e1: calls $0.1
Hero: folds
f2b58bae: folds
5057819a: calls $0.05
2ea4a1b1: checks
*** FLOP *** [Kd Th 6s]
5057819a: checks
2ea4a1b1: checks
570b74e1: checks
*** TURN *** [Kd Th 6s] [9d]
5057819a: bets $0.15
2ea4a1b1: folds
570b74e1: folds
Uncalled bet ($0.15) returned to 5057819a
*** SHOWDOWN ***
5057819a collected $0.29 from pot
*** SUMMARY ***
Total pot $0.3 | Rake $0.01 | Jackpot $0 | Bingo $0 | Fortune $0 | Tax $0
Board [Kd Th 6s 9d]
Seat 1: 2ea4a1b1 (big blind) folded on the Turn
Seat 2: 570b74e1 folded on the Turn
Seat 3: Hero folded before Flop (didn't bet)
Seat 5: f2b58bae (button) folded before Flop (didn't bet)
Seat 6: 5057819a (small blind) won ($0.29)


Poker Hand #HD1773445518: Hold'em No Limit ($0.05/$0.1) - 2024/05/15 11:26:17
Table 'NLHRed41' 6-max Seat #3 is the button
Seat 1: 2ea4a1b1 ($5.7 in chips)
Seat 2: 570b74e1 ($15.64 in chips)
Seat 3: Hero ($10 in chips)
Seat 5: f2b58bae ($10.22 in chips)
Seat 6: 5057819a ($10.31 in chips)
f2b58bae: posts small blind $0.05
5057819a: posts big blind $0.1
*** HOLE CARDS ***
Dealt to 2ea4a1b1 
Dealt to 570b74e1 
Dealt to Hero [8h 9d]
Dealt to f2b58bae 
Dealt to 5057819a 
2ea4a1b1: calls $0.1
570b74e1: calls $0.1
Hero: folds
f2b58bae: raises $0.5 to $0.6
5057819a: folds
2ea4a1b1: folds
570b74e1: folds
Uncalled bet ($0.5) returned to f2b58bae
*** SHOWDOWN ***
f2b58bae collected $0.38 from pot
*** SUMMARY ***
Total pot $0.4 | Rake $0.02 | Jackpot $0 | Bingo $0 | Fortune $0 | Tax $0
Seat 1: 2ea4a1b1 folded before Flop
Seat 2: 570b74e1 folded before Flop
Seat 3: Hero (button) folded before Flop (didn't bet)
Seat 5: f2b58bae (small blind) collected ($0.38)
Seat 6: 5057819a (big blind) folded before Flop


Poker Hand #HD1773445457: Hold'em No Limit ($0.05/$0.1) - 2024/05/15 11:25:47
Table 'NLHRed41' 6-max Seat #2 is the button
Seat 1: 2ea4a1b1 ($5.8 in chips)
Seat 2: 570b74e1 ($15.4 in chips)
Seat 3: Hero ($10.05 in chips)
Seat 5: f2b58bae ($10.32 in chips)
Seat 6: 5057819a ($10.31 in chips)
Hero: posts small blind $0.05
f2b58bae: posts big blind $0.1
2ea4a1b1: posts big blind $0.1
*** HOLE CARDS ***
Dealt to 2ea4a1b1 
Dealt to 570b74e1 
Dealt to Hero [3d 7h]
Dealt to f2b58bae 
Dealt to 5057819a 
5057819a: folds
2ea4a1b1: checks
570b74e1: calls $0.1
Hero: folds
f2b58bae: checks
*** FLOP *** [6h Td 9s]
f2b58bae: checks
2ea4a1b1: checks
570b74e1: bets $0.3
f2b58bae: folds
2ea4a1b1: folds
Uncalled bet ($0.3) returned to 570b74e1
*** SHOWDOWN ***
570b74e1 collected $0.34 from pot
*** SUMMARY ***
Total pot $0.35 | Rake $0.01 | Jackpot $0 | Bingo $0 | Fortune $0 | Tax $0
Board [6h Td 9s]
Seat 1: 2ea4a1b1 folded on the Flop
Seat 2: 570b74e1 (button) won ($0.34)
Seat 3: Hero (small blind) folded before Flop
Seat 5: f2b58bae (big blind) folded on the Flop
Seat 6: 5057819a folded before Flop (didn't bet)


Poker Hand #HD1773445420: Hold'em No Limit ($0.05/$0.1) - 2024/05/15 11:25:28
Table 'NLHRed41' 6-max Seat #6 is the button
Seat 2: 570b74e1 ($15.45 in chips)
Seat 3: Hero ($10 in chips)
Seat 5: f2b58bae ($10.32 in chips)
Seat 6: 5057819a ($10.31 in chips)
570b74e1: posts small blind $0.05
Hero: posts big blind $0.1
*** HOLE CARDS ***
Dealt to 570b74e1 
Dealt to Hero [4s 2s]
Dealt to f2b58bae 
Dealt to 5057819a 
f2b58bae: folds
5057819a: folds
570b74e1: folds
Uncalled bet ($0.05) returned to Hero
*** SHOWDOWN ***
Hero collected $0.1 from pot
*** SUMMARY ***
Total pot $0.1 | Rake $0 | Jackpot $0 | Bingo $0 | Fortune $0 | Tax $0
Seat 2: 570b74e1 (small blind) folded before Flop
Seat 3: Hero (big blind) collected ($0.1)
Seat 5: f2b58bae folded before Flop (didn't bet)
Seat 6: 5057819a (button) folded before Flop (didn't bet)


