Poker Hand #HD1764301902: Hold'em No Limit ($0.05/$0.1) - 2024/05/08 20:16:38
Table 'NLHRed50' 6-max Seat #5 is the button
Seat 1: 32314f62 ($11.26 in chips)
Seat 2: a12afed8 ($14.9 in chips)
Seat 3: 447e90df ($14.99 in chips)
Seat 4: 6e1d6421 ($10 in chips)
Seat 5: Hero ($10.46 in chips)
Seat 6: 54f5dde6 ($12.75 in chips)
54f5dde6: posts small blind $0.05
32314f62: posts big blind $0.1
*** HOLE CARDS ***
Dealt to 32314f62 
Dealt to a12afed8 
Dealt to 447e90df 
Dealt to 6e1d6421 
Dealt to Hero [7s Qs]
Dealt to 54f5dde6 
a12afed8: folds
447e90df: folds
6e1d6421: folds
Hero: folds
54f5dde6: calls $0.05
32314f62: checks
*** FLOP *** [4c Td Ts]
54f5dde6: checks
32314f62: checks
*** TURN *** [4c Td Ts] [Ks]
54f5dde6: checks
32314f62: checks
*** RIVER *** [4c Td Ts Ks] [8s]
54f5dde6: bets $0.4
32314f62: calls $0.4
54f5dde6: shows [9h Kc] (Pair of Kings and Pair of Tens)
32314f62: shows [8c 3d] (Pair of Tens and Pair of Eights)
*** SHOWDOWN ***
54f5dde6 collected $0.95 from pot
*** SUMMARY ***
Total pot $1 | Rake $0.05 | Jackpot $0 | Bingo $0 | Fortune $0 | Tax $0
Board [4c Td Ts Ks 8s]
Seat 1: 32314f62 (big blind) showed [8c 3d] and lost with Pair of Tens and Pair of Eights
Seat 2: a12afed8 folded before Flop (didn't bet)
Seat 3: 447e90df folded before Flop (didn't bet)
Seat 4: 6e1d6421 folded before Flop (didn't bet)
Seat 5: Hero (button) folded before Flop (didn't bet)
Seat 6: 54f5dde6 (small blind) showed [9h Kc] and won ($0.95) with Pair of Kings and Pair of Tens


Poker Hand #HD1764301872: Hold'em No Limit ($0.05/$0.1) - 2024/05/08 20:16:26
Table 'NLHRed50' 6-max Seat #4 is the button
Seat 1: 32314f62 ($11.26 in chips)
Seat 2: a12afed8 ($14.9 in chips)
Seat 3: 447e90df ($14.84 in chips)
Seat 4: 6e1d6421 ($10 in chips)
Seat 5: Hero ($10.51 in chips)
Seat 6: 54f5dde6 ($12.85 in chips)
Hero: posts small blind $0.05
54f5dde6: posts big blind $0.1
*** HOLE CARDS ***
Dealt to 32314f62 
Dealt to a12afed8 
Dealt to 447e90df 
Dealt to 6e1d6421 
Dealt to Hero [Kd Ts]
Dealt to 54f5dde6 
32314f62: folds
a12afed8: folds
447e90df: raises $0.12 to $0.22
6e1d6421: folds
Hero: folds
54f5dde6: folds
Uncalled bet ($0.12) returned to 447e90df
*** SHOWDOWN ***
447e90df collected $0.25 from pot
*** SUMMARY ***
Total pot $0.25 | Rake $0 | Jackpot $0 | Bingo $0 | Fortune $0 | Tax $0
Seat 1: 32314f62 folded before Flop (didn't bet)
Seat 2: a12afed8 folded before Flop (didn't bet)
Seat 3: 447e90df collected ($0.25)
Seat 4: 6e1d6421 (button) folded before Flop (didn't bet)
Seat 5: Hero (small blind) folded before Flop
Seat 6: 54f5dde6 (big blind) folded before Flop


Poker Hand #HD1764301695: Hold'em No Limit ($0.05/$0.1) - 2024/05/08 20:15:12
Table 'NLHRed50' 6-max Seat #3 is the button
Seat 1: 32314f62 ($11.26 in chips)
Seat 2: a12afed8 ($15.3 in chips)
Seat 3: 447e90df ($11.8 in chips)
Seat 4: 6e1d6421 ($10 in chips)
Seat 5: Hero ($10.61 in chips)
Seat 6: 54f5dde6 ($15.75 in chips)
6e1d6421: posts small blind $0.05
Hero: posts big blind $0.1
*** HOLE CARDS ***
Dealt to 32314f62 
Dealt to a12afed8 
Dealt to 447e90df 
Dealt to 6e1d6421 
Dealt to Hero [Ts 2s]
Dealt to 54f5dde6 
54f5dde6: calls $0.1
32314f62: folds
a12afed8: raises $0.3 to $0.4
447e90df: calls $0.4
6e1d6421: folds
Hero: folds
54f5dde6: calls $0.3
*** FLOP *** [Ac Jc 6s]
54f5dde6: checks
a12afed8: checks
447e90df: bets $0.69
54f5dde6: calls $0.69
a12afed8: folds
*** TURN *** [Ac Jc 6s] [4s]
54f5dde6: checks
447e90df: bets $1.81
54f5dde6: calls $1.81
*** RIVER *** [Ac Jc 6s 4s] [6d]
54f5dde6: checks
447e90df: checks
54f5dde6: shows [7d 7c] (Pair of Sevens and Pair of Sixes)
447e90df: shows [Ah 9h] (Pair of Aces and Pair of Sixes)
*** SHOWDOWN ***
447e90df collected $5.94 from pot
*** SUMMARY ***
Total pot $6.35 | Rake $0.31 | Jackpot $0.1 | Bingo $0 | Fortune $0 | Tax $0
Board [Ac Jc 6s 4s 6d]
Seat 1: 32314f62 folded before Flop (didn't bet)
Seat 2: a12afed8 folded on the Flop
Seat 3: 447e90df (button) showed [Ah 9h] and won ($5.94) with Pair of Aces and Pair of Sixes
Seat 4: 6e1d6421 (small blind) folded before Flop
Seat 5: Hero (big blind) folded before Flop
Seat 6: 54f5dde6 showed [7d 7c] and lost with Pair of Sevens and Pair of Sixes


Poker Hand #HD1764301598: Hold'em No Limit ($0.05/$0.1) - 2024/05/08 20:14:25
Table 'NLHRed50' 6-max Seat #2 is the button
Seat 1: 32314f62 ($11.76 in chips)
Seat 2: a12afed8 ($14.23 in chips)
Seat 3: 447e90df ($11.85 in chips)
Seat 4: 6e1d6421 ($10 in chips)
Seat 5: Hero ($10.61 in chips)
Seat 6: 54f5dde6 ($16.25 in chips)
447e90df: posts small blind $0.05
6e1d6421: posts big blind $0.1
*** HOLE CARDS ***
Dealt to 32314f62 
Dealt to a12afed8 
Dealt to 447e90df 
Dealt to 6e1d6421 
Dealt to Hero [5h Qh]
Dealt to 54f5dde6 
Hero: folds
54f5dde6: calls $0.1
32314f62: calls $0.1
a12afed8: raises $0.4 to $0.5
447e90df: folds
6e1d6421: folds
54f5dde6: calls $0.4
32314f62: calls $0.4
*** FLOP *** [6h 8c 7s]
54f5dde6: checks
32314f62: checks
a12afed8: bets $0.85
54f5dde6: folds
32314f62: folds
Uncalled bet ($0.85) returned to a12afed8
*** SHOWDOWN ***
a12afed8 collected $1.57 from pot
*** SUMMARY ***
Total pot $1.65 | Rake $0.08 | Jackpot $0 | Bingo $0 | Fortune $0 | Tax $0
Board [6h 8c 7s]
Seat 1: 32314f62 folded on the Flop
Seat 2: a12afed8 (button) won ($1.57)
Seat 3: 447e90df (small blind) folded before Flop
Seat 4: 6e1d6421 (big blind) folded before Flop
Seat 5: Hero folded before Flop (didn't bet)
Seat 6: 54f5dde6 folded on the Flop


Poker Hand #HD1764301512: Hold'em No Limit ($0.05/$0.1) - 2024/05/08 20:13:51
Table 'NLHRed50' 6-max Seat #1 is the button
Seat 1: 32314f62 ($11.44 in chips)
Seat 2: a12afed8 ($14.28 in chips)
Seat 3: 447e90df ($12.15 in chips)
Seat 5: Hero ($10.61 in chips)
Seat 6: 54f5dde6 ($16.25 in chips)
a12afed8: posts small blind $0.05
447e90df: posts big blind $0.1
*** HOLE CARDS ***
Dealt to 32314f62 
Dealt to a12afed8 
Dealt to 447e90df 
Dealt to Hero [Ad 4c]
Dealt to 54f5dde6 
Hero: folds
54f5dde6: folds
32314f62: raises $0.1 to $0.2
a12afed8: folds
447e90df: calls $0.1
*** FLOP *** [4d 3c 9d]
447e90df: checks
32314f62: checks
*** TURN *** [4d 3c 9d] [4s]
447e90df: checks
32314f62: bets $0.1
447e90df: calls $0.1
*** RIVER *** [4d 3c 9d 4s] [Qc]
447e90df: checks
32314f62: bets $0.49
447e90df: folds
Uncalled bet ($0.49) returned to 32314f62
*** SHOWDOWN ***
32314f62 collected $0.62 from pot
*** SUMMARY ***
Total pot $0.65 | Rake $0.03 | Jackpot $0 | Bingo $0 | Fortune $0 | Tax $0
Board [4d 3c 9d 4s Qc]
Seat 1: 32314f62 (button) won ($0.62)
Seat 2: a12afed8 (small blind) folded before Flop
Seat 3: 447e90df (big blind) folded on the River
Seat 5: Hero folded before Flop (didn't bet)
Seat 6: 54f5dde6 folded before Flop (didn't bet)


Poker Hand #HD1764301471: Hold'em No Limit ($0.05/$0.1) - 2024/05/08 20:13:30
Table 'NLHRed50' 6-max Seat #6 is the button
Seat 1: 32314f62 ($11.49 in chips)
Seat 2: a12afed8 ($14.38 in chips)
Seat 3: 447e90df ($12.15 in chips)
Seat 5: Hero ($10.46 in chips)
Seat 6: 54f5dde6 ($16.25 in chips)
32314f62: posts small blind $0.05
a12afed8: posts big blind $0.1
*** HOLE CARDS ***
Dealt to 32314f62 
Dealt to a12afed8 
Dealt to 447e90df 
Dealt to Hero [Ah Kc]
Dealt to 54f5dde6 
447e90df: folds
Hero: raises $0.14 to $0.24
54f5dde6: folds
32314f62: folds
a12afed8: folds
Uncalled bet ($0.14) returned to Hero
*** SHOWDOWN ***
Hero collected $0.25 from pot
*** SUMMARY ***
Total pot $0.25 | Rake $0 | Jackpot $0 | Bingo $0 | Fortune $0 | Tax $0
Seat 1: 32314f62 (small blind) folded before Flop
Seat 2: a12afed8 (big blind) folded before Flop
Seat 3: 447e90df folded before Flop (didn't bet)
Seat 5: Hero collected ($0.25)
Seat 6: 54f5dde6 (button) folded before Flop (didn't bet)


Poker Hand #HD1764301389: Hold'em No Limit ($0.05/$0.1) - 2024/05/08 20:12:56
Table 'NLHRed50' 6-max Seat #5 is the button
Seat 1: 32314f62 ($11.59 in chips)
Seat 2: a12afed8 ($14.38 in chips)
Seat 3: 447e90df ($11.85 in chips)
Seat 5: Hero ($10.46 in chips)
Seat 6: 54f5dde6 ($16.47 in chips)
54f5dde6: posts small blind $0.05
32314f62: posts big blind $0.1
*** HOLE CARDS ***
Dealt to 32314f62 
Dealt to a12afed8 
Dealt to 447e90df 
Dealt to Hero [7c 8s]
Dealt to 54f5dde6 
a12afed8: folds
447e90df: raises $0.12 to $0.22
Hero: folds
54f5dde6: calls $0.17
32314f62: folds
*** FLOP *** [As Th Qh]
54f5dde6: checks
447e90df: checks
*** TURN *** [As Th Qh] [8h]
54f5dde6: checks
447e90df: checks
*** RIVER *** [As Th Qh 8h] [6d]
54f5dde6: checks
447e90df: checks
54f5dde6: shows [4d Kc] (Ace-High)
447e90df: shows [5s 5h] (Pair of Fives)
*** SHOWDOWN ***
447e90df collected $0.52 from pot
*** SUMMARY ***
Total pot $0.54 | Rake $0.02 | Jackpot $0 | Bingo $0 | Fortune $0 | Tax $0
Board [As Th Qh 8h 6d]
Seat 1: 32314f62 (big blind) folded before Flop
Seat 2: a12afed8 folded before Flop (didn't bet)
Seat 3: 447e90df showed [5s 5h] and won ($0.52) with Pair of Fives
Seat 5: Hero (button) folded before Flop (didn't bet)
Seat 6: 54f5dde6 (small blind) showed [4d Kc] and lost with Ace-High


Poker Hand #HD1764301364: Hold'em No Limit ($0.05/$0.1) - 2024/05/08 20:12:43
Table 'NLHRed50' 6-max Seat #3 is the button
Seat 1: 32314f62 ($11.59 in chips)
Seat 2: a12afed8 ($14.23 in chips)
Seat 3: 447e90df ($11.85 in chips)
Seat 5: Hero ($10.51 in chips)
Seat 6: 54f5dde6 ($16.57 in chips)
Hero: posts small blind $0.05
54f5dde6: posts big blind $0.1
*** HOLE CARDS ***
Dealt to 32314f62 
Dealt to a12afed8 
Dealt to 447e90df 
Dealt to Hero [4h Ac]
Dealt to 54f5dde6 
32314f62: folds
a12afed8: raises $0.15 to $0.25
447e90df: folds
Hero: folds
54f5dde6: folds
Uncalled bet ($0.15) returned to a12afed8
*** SHOWDOWN ***
a12afed8 collected $0.25 from pot
*** SUMMARY ***
Total pot $0.25 | Rake $0 | Jackpot $0 | Bingo $0 | Fortune $0 | Tax $0
Seat 1: 32314f62 folded before Flop (didn't bet)
Seat 2: a12afed8 collected ($0.25)
Seat 3: 447e90df (button) folded before Flop (didn't bet)
Seat 5: Hero (small blind) folded before Flop
Seat 6: 54f5dde6 (big blind) folded before Flop


Poker Hand #HD1764301339: Hold'em No Limit ($0.05/$0.1) - 2024/05/08 20:12:31
Table 'NLHRed50' 6-max Seat #2 is the button
Seat 1: 32314f62 ($11.59 in chips)
Seat 2: a12afed8 ($14.23 in chips)
Seat 3: 447e90df ($11.9 in chips)
Seat 5: Hero ($10.46 in chips)
Seat 6: 54f5dde6 ($16.57 in chips)
447e90df: posts small blind $0.05
Hero: posts big blind $0.1
*** HOLE CARDS ***
Dealt to 32314f62 
Dealt to a12afed8 
Dealt to 447e90df 
Dealt to Hero [9s 4d]
Dealt to 54f5dde6 
54f5dde6: folds
32314f62: folds
a12afed8: folds
447e90df: folds
Uncalled bet ($0.05) returned to Hero
*** SHOWDOWN ***
Hero collected $0.1 from pot
*** SUMMARY ***
Total pot $0.1 | Rake $0 | Jackpot $0 | Bingo $0 | Fortune $0 | Tax $0
Seat 1: 32314f62 folded before Flop (didn't bet)
Seat 2: a12afed8 (button) folded before Flop (didn't bet)
Seat 3: 447e90df (small blind) folded before Flop
Seat 5: Hero (big blind) collected ($0.1)
Seat 6: 54f5dde6 folded before Flop (didn't bet)


Poker Hand #HD1764301240: Hold'em No Limit ($0.05/$0.1) - 2024/05/08 20:11:49
Table 'NLHRed50' 6-max Seat #1 is the button
Seat 1: 32314f62 ($12.79 in chips)
Seat 2: a12afed8 ($14.28 in chips)
Seat 3: 447e90df ($10.67 in chips)
Seat 4: fb0ad718 ($22.13 in chips)
Seat 5: Hero ($10.46 in chips)
Seat 6: 54f5dde6 ($16.67 in chips)
a12afed8: posts small blind $0.05
447e90df: posts big blind $0.1
*** HOLE CARDS ***
Dealt to 32314f62 
Dealt to a12afed8 
Dealt to 447e90df 
Dealt to fb0ad718 
Dealt to Hero [2c Jh]
Dealt to 54f5dde6 
fb0ad718: folds
Hero: folds
54f5dde6: calls $0.1
32314f62: raises $0.27 to $0.37
a12afed8: folds
447e90df: raises $0.83 to $1.2
54f5dde6: folds
32314f62: calls $0.83
*** FLOP *** [Qs Ks Kd]
447e90df: bets $1.31
32314f62: folds
Uncalled bet ($1.31) returned to 447e90df
*** SHOWDOWN ***
447e90df collected $2.43 from pot
*** SUMMARY ***
Total pot $2.55 | Rake $0.12 | Jackpot $0 | Bingo $0 | Fortune $0 | Tax $0
Board [Qs Ks Kd]
Seat 1: 32314f62 (button) folded on the Flop
Seat 2: a12afed8 (small blind) folded before Flop
Seat 3: 447e90df (big blind) won ($2.43)
Seat 4: fb0ad718 folded before Flop (didn't bet)
Seat 5: Hero folded before Flop (didn't bet)
Seat 6: 54f5dde6 folded before Flop


Poker Hand #HD1764301085: Hold'em No Limit ($0.05/$0.1) - 2024/05/08 20:10:36
Table 'NLHRed50' 6-max Seat #6 is the button
Seat 1: 32314f62 ($13.03 in chips)
Seat 2: a12afed8 ($14.38 in chips)
Seat 3: 447e90df ($10.67 in chips)
Seat 4: fb0ad718 ($22.13 in chips)
Seat 5: Hero ($10.14 in chips)
Seat 6: 54f5dde6 ($16.67 in chips)
32314f62: posts small blind $0.05
a12afed8: posts big blind $0.1
*** HOLE CARDS ***
Dealt to 32314f62 
Dealt to a12afed8 
Dealt to 447e90df 
Dealt to fb0ad718 
Dealt to Hero [Jh Ac]
Dealt to 54f5dde6 
447e90df: folds
fb0ad718: folds
Hero: raises $0.14 to $0.24
54f5dde6: folds
32314f62: calls $0.19
a12afed8: folds
*** FLOP *** [Js 3s Td]
32314f62: checks
Hero: checks
*** TURN *** [Js 3s Td] [6s]
32314f62: checks
Hero: checks
*** RIVER *** [Js 3s Td 6s] [9h]
32314f62: checks
Hero: bets $0.39
32314f62: folds
Uncalled bet ($0.39) returned to Hero
*** SHOWDOWN ***
Hero collected $0.56 from pot
*** SUMMARY ***
Total pot $0.58 | Rake $0.02 | Jackpot $0 | Bingo $0 | Fortune $0 | Tax $0
Board [Js 3s Td 6s 9h]
Seat 1: 32314f62 (small blind) folded on the River
Seat 2: a12afed8 (big blind) folded before Flop
Seat 3: 447e90df folded before Flop (didn't bet)
Seat 4: fb0ad718 folded before Flop (didn't bet)
Seat 5: Hero won ($0.56)
Seat 6: 54f5dde6 (button) folded before Flop (didn't bet)


Poker Hand #HD1764301042: Hold'em No Limit ($0.05/$0.1) - 2024/05/08 20:10:15
Table 'NLHRed50' 6-max Seat #5 is the button
Seat 1: 32314f62 ($13.13 in chips)
Seat 2: a12afed8 ($14.38 in chips)
Seat 3: 447e90df ($10.67 in chips)
Seat 4: fb0ad718 ($21.98 in chips)
Seat 5: Hero ($10.14 in chips)
Seat 6: 54f5dde6 ($16.72 in chips)
54f5dde6: posts small blind $0.05
32314f62: posts big blind $0.1
*** HOLE CARDS ***
Dealt to 32314f62 
Dealt to a12afed8 
Dealt to 447e90df 
Dealt to fb0ad718 
Dealt to Hero [5d Tc]
Dealt to 54f5dde6 
a12afed8: folds
447e90df: folds
fb0ad718: raises $0.2 to $0.3
Hero: folds
54f5dde6: folds
32314f62: folds
Uncalled bet ($0.2) returned to fb0ad718
*** SHOWDOWN ***
fb0ad718 collected $0.25 from pot
*** SUMMARY ***
Total pot $0.25 | Rake $0 | Jackpot $0 | Bingo $0 | Fortune $0 | Tax $0
Seat 1: 32314f62 (big blind) folded before Flop
Seat 2: a12afed8 folded before Flop (didn't bet)
Seat 3: 447e90df folded before Flop (didn't bet)
Seat 4: fb0ad718 collected ($0.25)
Seat 5: Hero (button) folded before Flop (didn't bet)
Seat 6: 54f5dde6 (small blind) folded before Flop


Poker Hand #HD1764300897: Hold'em No Limit ($0.05/$0.1) - 2024/05/08 20:09:05
Table 'NLHRed50' 6-max Seat #4 is the button
Seat 1: 32314f62 ($13.13 in chips)
Seat 2: a12afed8 ($10.15 in chips)
Seat 3: 447e90df ($10.67 in chips)
Seat 4: fb0ad718 ($21.98 in chips)
Seat 5: Hero ($10.19 in chips)
Seat 6: 54f5dde6 ($21.47 in chips)
Hero: posts small blind $0.05
54f5dde6: posts big blind $0.1
*** HOLE CARDS ***
Dealt to 32314f62 
Dealt to a12afed8 
Dealt to 447e90df 
Dealt to fb0ad718 
Dealt to Hero [7s 7c]
Dealt to 54f5dde6 
32314f62: folds
a12afed8: raises $0.2 to $0.3
447e90df: folds
fb0ad718: folds
Hero: folds
54f5dde6: calls $0.2
*** FLOP *** [8c 4d Jd]
54f5dde6: checks
a12afed8: bets $0.35
54f5dde6: calls $0.35
*** TURN *** [8c 4d Jd] [Tc]
54f5dde6: checks
a12afed8: bets $1.1
54f5dde6: calls $1.1
*** RIVER *** [8c 4d Jd Tc] [8h]
54f5dde6: checks
a12afed8: bets $3
54f5dde6: calls $3
a12afed8: shows [Jc Js] (Jacks Full over Eights)
54f5dde6: shows [Jh 6h] (Pair of Jacks and Pair of Eights)
*** SHOWDOWN ***
a12afed8 collected $8.98 from pot
*** SUMMARY ***
Total pot $9.55 | Rake $0.47 | Jackpot $0.1 | Bingo $0 | Fortune $0 | Tax $0
Board [8c 4d Jd Tc 8h]
Seat 1: 32314f62 folded before Flop (didn't bet)
Seat 2: a12afed8 showed [Jc Js] and won ($8.98) with Jacks Full over Eights
Seat 3: 447e90df folded before Flop (didn't bet)
Seat 4: fb0ad718 (button) folded before Flop (didn't bet)
Seat 5: Hero (small blind) folded before Flop
Seat 6: 54f5dde6 (big blind) showed [Jh 6h] and lost with Pair of Jacks and Pair of Eights


Poker Hand #HD1764300751: Hold'em No Limit ($0.05/$0.1) - 2024/05/08 20:08:03
Table 'NLHRed50' 6-max Seat #3 is the button
Seat 1: 32314f62 ($13.13 in chips)
Seat 2: a12afed8 ($10.15 in chips)
Seat 3: 447e90df ($10.67 in chips)
Seat 4: fb0ad718 ($22.08 in chips)
Seat 5: Hero ($10 in chips)
Seat 6: 54f5dde6 ($21.57 in chips)
fb0ad718: posts small blind $0.05
Hero: posts big blind $0.1
*** HOLE CARDS ***
Dealt to 32314f62 
Dealt to a12afed8 
Dealt to 447e90df 
Dealt to fb0ad718 
Dealt to Hero [3h Kh]
Dealt to 54f5dde6 
54f5dde6: calls $0.1
32314f62: folds
a12afed8: folds
447e90df: folds
fb0ad718: calls $0.05
Hero: checks
*** FLOP *** [5s 4s 3d]
fb0ad718: checks
Hero: checks
54f5dde6: checks
*** TURN *** [5s 4s 3d] [2c]
fb0ad718: checks
Hero: checks
54f5dde6: checks
*** RIVER *** [5s 4s 3d 2c] [7d]
fb0ad718: checks
Hero: checks
54f5dde6: checks
fb0ad718: shows [Qd Td] (Queen-High)
Hero: shows [3h Kh] (Pair of Treys)
54f5dde6: shows [Jd Kd] (King-High)
*** SHOWDOWN ***
Hero collected $0.29 from pot
*** SUMMARY ***
Total pot $0.3 | Rake $0.01 | Jackpot $0 | Bingo $0 | Fortune $0 | Tax $0
Board [5s 4s 3d 2c 7d]
Seat 1: 32314f62 folded before Flop (didn't bet)
Seat 2: a12afed8 folded before Flop (didn't bet)
Seat 3: 447e90df (button) folded before Flop (didn't bet)
Seat 4: fb0ad718 (small blind) showed [Qd Td] and lost with Queen-High
Seat 5: Hero (big blind) showed [3h Kh] and won ($0.29) with Pair of Treys
Seat 6: 54f5dde6 showed [Jd Kd] and lost with King-High


