Poker Hand #HD1755467105: Hold'em No Limit ($0.05/$0.1) - 2024/05/02 14:10:20
Table 'NLHRed27' 6-max Seat #2 is the button
Seat 1: Hero ($10.15 in chips)
Seat 2: c618741e ($10 in chips)
Seat 3: 3309c6bc ($10 in chips)
Seat 5: 51caad96 ($10.42 in chips)
3309c6bc: posts small blind $0.05
51caad96: posts big blind $0.1
*** HOLE CARDS ***
Dealt to Hero [Ts Ac]
Dealt to c618741e 
Dealt to 3309c6bc 
Dealt to 51caad96 
Hero: folds
c618741e: folds
3309c6bc: folds
Uncalled bet ($0.05) returned to 51caad96
*** SHOWDOWN ***
51caad96 collected $0.1 from pot
*** SUMMARY ***
Total pot $0.1 | Rake $0 | Jackpot $0 | Bingo $0 | Fortune $0 | Tax $0
Seat 1: Hero folded before Flop (didn't bet)
Seat 2: c618741e (button) folded before Flop (didn't bet)
Seat 3: 3309c6bc (small blind) folded before Flop
Seat 5: 51caad96 (big blind) collected ($0.1)


Poker Hand #HD1755467082: Hold'em No Limit ($0.05/$0.1) - 2024/05/02 14:10:05
Table 'NLHRed27' 6-max Seat #1 is the button
Seat 1: Hero ($10 in chips)
Seat 2: c618741e ($10.05 in chips)
Seat 3: 3309c6bc ($10.1 in chips)
c618741e: posts small blind $0.05
3309c6bc: posts big blind $0.1
*** HOLE CARDS ***
Dealt to Hero [Ad Ac]
Dealt to c618741e 
Dealt to 3309c6bc 
Hero: raises $0.14 to $0.24
c618741e: folds
3309c6bc: folds
Uncalled bet ($0.14) returned to Hero
*** SHOWDOWN ***
Hero collected $0.25 from pot
*** SUMMARY ***
Total pot $0.25 | Rake $0 | Jackpot $0 | Bingo $0 | Fortune $0 | Tax $0
Seat 1: Hero (button) collected ($0.25)
Seat 2: c618741e (small blind) folded before Flop
Seat 3: 3309c6bc (big blind) folded before Flop


Poker Hand #HD1755467070: Hold'em No Limit ($0.05/$0.1) - 2024/05/02 14:09:59
Table 'NLHRed27' 6-max Seat #3 is the button
Seat 1: Hero ($10 in chips)
Seat 2: c618741e ($10 in chips)
Seat 3: 3309c6bc ($10.1 in chips)
Hero: posts small blind $0.05
c618741e: posts big blind $0.1
*** HOLE CARDS ***
Dealt to Hero [Ts 4d]
Dealt to c618741e 
Dealt to 3309c6bc 
3309c6bc: folds
Hero: folds
Uncalled bet ($0.05) returned to c618741e
*** SHOWDOWN ***
c618741e collected $0.1 from pot
*** SUMMARY ***
Total pot $0.1 | Rake $0 | Jackpot $0 | Bingo $0 | Fortune $0 | Tax $0
Seat 1: Hero (small blind) folded before Flop
Seat 2: c618741e (big blind) collected ($0.1)
Seat 3: 3309c6bc (button) folded before Flop (didn't bet)


Poker Hand #HD1755467019: Hold'em No Limit ($0.05/$0.1) - 2024/05/02 14:09:30
Table 'NLHRed27' 6-max Seat #1 is the button
Seat 1: Hero ($10 in chips)
Seat 3: 3309c6bc ($10 in chips)
Seat 5: 51caad96 ($10.52 in chips)
3309c6bc: posts small blind $0.05
51caad96: posts big blind $0.1
*** HOLE CARDS ***
Dealt to Hero [3d 4d]
Dealt to 3309c6bc 
Dealt to 51caad96 
Hero: folds
3309c6bc: raises $0.2 to $0.3
51caad96: folds
Uncalled bet ($0.2) returned to 3309c6bc
*** SHOWDOWN ***
3309c6bc collected $0.2 from pot
*** SUMMARY ***
Total pot $0.2 | Rake $0 | Jackpot $0 | Bingo $0 | Fortune $0 | Tax $0
Seat 1: Hero (button) folded before Flop (didn't bet)
Seat 3: 3309c6bc (small blind) collected ($0.2)
Seat 5: 51caad96 (big blind) folded before Flop


Poker Hand #HD1755466981: Hold'em No Limit ($0.05/$0.1) - 2024/05/02 14:09:05
Table 'NLHRed27' 6-max Seat #5 is the button
Seat 1: Hero ($10.07 in chips)
Seat 3: 3309c6bc ($10 in chips)
Seat 4: 59fcd71c ($10.58 in chips)
Seat 5: 51caad96 ($10.37 in chips)
Seat 6: 3ae1e64a ($11.8 in chips)
3ae1e64a: posts small blind $0.05
Hero: posts big blind $0.1
*** HOLE CARDS ***
Dealt to Hero [8h Ks]
Dealt to 3309c6bc 
Dealt to 59fcd71c 
Dealt to 51caad96 
Dealt to 3ae1e64a 
3309c6bc: folds
59fcd71c: folds
51caad96: raises $0.15 to $0.25
3ae1e64a: folds
Hero: folds
Uncalled bet ($0.15) returned to 51caad96
*** SHOWDOWN ***
51caad96 collected $0.25 from pot
*** SUMMARY ***
Total pot $0.25 | Rake $0 | Jackpot $0 | Bingo $0 | Fortune $0 | Tax $0
Seat 1: Hero (big blind) folded before Flop
Seat 3: 3309c6bc folded before Flop (didn't bet)
Seat 4: 59fcd71c folded before Flop (didn't bet)
Seat 5: 51caad96 (button) collected ($0.25)
Seat 6: 3ae1e64a (small blind) folded before Flop


Poker Hand #HD1755466942: Hold'em No Limit ($0.05/$0.1) - 2024/05/02 14:08:42
Table 'NLHRed27' 6-max Seat #4 is the button
Seat 1: Hero ($10.07 in chips)
Seat 3: 3309c6bc ($10 in chips)
Seat 4: 59fcd71c ($10.58 in chips)
Seat 5: 51caad96 ($10.27 in chips)
Seat 6: 3ae1e64a ($11.9 in chips)
51caad96: posts small blind $0.05
3ae1e64a: posts big blind $0.1
*** HOLE CARDS ***
Dealt to Hero [9h 2d]
Dealt to 3309c6bc 
Dealt to 59fcd71c 
Dealt to 51caad96 
Dealt to 3ae1e64a 
Hero: folds
3309c6bc: folds
59fcd71c: folds
51caad96: raises $0.2 to $0.3
3ae1e64a: folds
Uncalled bet ($0.2) returned to 51caad96
*** SHOWDOWN ***
51caad96 collected $0.2 from pot
*** SUMMARY ***
Total pot $0.2 | Rake $0 | Jackpot $0 | Bingo $0 | Fortune $0 | Tax $0
Seat 1: Hero folded before Flop (didn't bet)
Seat 3: 3309c6bc folded before Flop (didn't bet)
Seat 4: 59fcd71c (button) folded before Flop (didn't bet)
Seat 5: 51caad96 (small blind) collected ($0.2)
Seat 6: 3ae1e64a (big blind) folded before Flop


Poker Hand #HD1755466849: Hold'em No Limit ($0.05/$0.1) - 2024/05/02 14:07:53
Table 'NLHRed27' 6-max Seat #3 is the button
Seat 1: Hero ($10.31 in chips)
Seat 3: 3309c6bc ($10 in chips)
Seat 4: 59fcd71c ($10.63 in chips)
Seat 5: 51caad96 ($10 in chips)
Seat 6: 3ae1e64a ($11.9 in chips)
59fcd71c: posts small blind $0.05
51caad96: posts big blind $0.1
*** HOLE CARDS ***
Dealt to Hero [Ts Kd]
Dealt to 3309c6bc 
Dealt to 59fcd71c 
Dealt to 51caad96 
Dealt to 3ae1e64a 
3ae1e64a: folds
Hero: raises $0.14 to $0.24
3309c6bc: folds
59fcd71c: folds
51caad96: calls $0.14
*** FLOP *** [2s Qd 8s]
51caad96: checks
Hero: checks
*** TURN *** [2s Qd 8s] [Qh]
51caad96: checks
Hero: checks
*** RIVER *** [2s Qd 8s Qh] [2h]
51caad96: bets $0.2
Hero: folds
Uncalled bet ($0.2) returned to 51caad96
*** SHOWDOWN ***
51caad96 collected $0.51 from pot
*** SUMMARY ***
Total pot $0.53 | Rake $0.02 | Jackpot $0 | Bingo $0 | Fortune $0 | Tax $0
Board [2s Qd 8s Qh 2h]
Seat 1: Hero folded on the River
Seat 3: 3309c6bc (button) folded before Flop (didn't bet)
Seat 4: 59fcd71c (small blind) folded before Flop
Seat 5: 51caad96 (big blind) won ($0.51)
Seat 6: 3ae1e64a folded before Flop (didn't bet)


Poker Hand #HD1755466806: Hold'em No Limit ($0.05/$0.1) - 2024/05/02 14:07:23
Table 'NLHRed27' 6-max Seat #1 is the button
Seat 1: Hero ($10.31 in chips)
Seat 3: 3309c6bc ($10.27 in chips)
Seat 4: 59fcd71c ($10.36 in chips)
Seat 6: 3ae1e64a ($11.9 in chips)
3309c6bc: posts small blind $0.05
59fcd71c: posts big blind $0.1
*** HOLE CARDS ***
Dealt to Hero [2d Td]
Dealt to 3309c6bc 
Dealt to 59fcd71c 
Dealt to 3ae1e64a 
3ae1e64a: folds
Hero: folds
3309c6bc: raises $0.2 to $0.3
59fcd71c: raises $0.6 to $0.9
3309c6bc: folds
Uncalled bet ($0.6) returned to 59fcd71c
*** SHOWDOWN ***
59fcd71c collected $0.57 from pot
*** SUMMARY ***
Total pot $0.6 | Rake $0.03 | Jackpot $0 | Bingo $0 | Fortune $0 | Tax $0
Seat 1: Hero (button) folded before Flop (didn't bet)
Seat 3: 3309c6bc (small blind) folded before Flop
Seat 4: 59fcd71c (big blind) collected ($0.57)
Seat 6: 3ae1e64a folded before Flop (didn't bet)


Poker Hand #HD1755466750: Hold'em No Limit ($0.05/$0.1) - 2024/05/02 14:06:56
Table 'NLHRed27' 6-max Seat #6 is the button
Seat 1: Hero ($10.21 in chips)
Seat 3: 3309c6bc ($10.37 in chips)
Seat 4: 59fcd71c ($10.36 in chips)
Seat 6: 3ae1e64a ($11.9 in chips)
Hero: posts small blind $0.05
3309c6bc: posts big blind $0.1
*** HOLE CARDS ***
Dealt to Hero [8h 9h]
Dealt to 3309c6bc 
Dealt to 59fcd71c 
Dealt to 3ae1e64a 
59fcd71c: folds
3ae1e64a: folds
Hero: raises $0.2 to $0.3
3309c6bc: folds
Uncalled bet ($0.2) returned to Hero
*** SHOWDOWN ***
Hero collected $0.2 from pot
*** SUMMARY ***
Total pot $0.2 | Rake $0 | Jackpot $0 | Bingo $0 | Fortune $0 | Tax $0
Seat 1: Hero (small blind) collected ($0.2)
Seat 3: 3309c6bc (big blind) folded before Flop
Seat 4: 59fcd71c folded before Flop (didn't bet)
Seat 6: 3ae1e64a (button) folded before Flop (didn't bet)


Poker Hand #HD1755466716: Hold'em No Limit ($0.05/$0.1) - 2024/05/02 14:06:39
Table 'NLHRed27' 6-max Seat #4 is the button
Seat 1: Hero ($10.16 in chips)
Seat 2: ffdee4ee ($11.21 in chips)
Seat 3: 3309c6bc ($10.37 in chips)
Seat 4: 59fcd71c ($10.36 in chips)
Seat 6: 3ae1e64a ($11.95 in chips)
3ae1e64a: posts small blind $0.05
Hero: posts big blind $0.1
*** HOLE CARDS ***
Dealt to Hero [Kc Ad]
Dealt to ffdee4ee 
Dealt to 3309c6bc 
Dealt to 59fcd71c 
Dealt to 3ae1e64a 
ffdee4ee: folds
3309c6bc: folds
59fcd71c: folds
3ae1e64a: folds
Uncalled bet ($0.05) returned to Hero
*** SHOWDOWN ***
Hero collected $0.1 from pot
*** SUMMARY ***
Total pot $0.1 | Rake $0 | Jackpot $0 | Bingo $0 | Fortune $0 | Tax $0
Seat 1: Hero (big blind) collected ($0.1)
Seat 2: ffdee4ee folded before Flop (didn't bet)
Seat 3: 3309c6bc folded before Flop (didn't bet)
Seat 4: 59fcd71c (button) folded before Flop (didn't bet)
Seat 6: 3ae1e64a (small blind) folded before Flop


Poker Hand #HD1755466670: Hold'em No Limit ($0.05/$0.1) - 2024/05/02 14:06:12
Table 'NLHRed27' 6-max Seat #3 is the button
Seat 1: Hero ($10.16 in chips)
Seat 2: ffdee4ee ($11.06 in chips)
Seat 3: 3309c6bc ($10.37 in chips)
Seat 4: 59fcd71c ($10.41 in chips)
Seat 6: 3ae1e64a ($12.05 in chips)
59fcd71c: posts small blind $0.05
3ae1e64a: posts big blind $0.1
*** HOLE CARDS ***
Dealt to Hero [8d 4s]
Dealt to ffdee4ee 
Dealt to 3309c6bc 
Dealt to 59fcd71c 
Dealt to 3ae1e64a 
Hero: folds
ffdee4ee: raises $0.2 to $0.3
3309c6bc: folds
59fcd71c: folds
3ae1e64a: folds
Uncalled bet ($0.2) returned to ffdee4ee
*** SHOWDOWN ***
ffdee4ee collected $0.25 from pot
*** SUMMARY ***
Total pot $0.25 | Rake $0 | Jackpot $0 | Bingo $0 | Fortune $0 | Tax $0
Seat 1: Hero folded before Flop (didn't bet)
Seat 2: ffdee4ee collected ($0.25)
Seat 3: 3309c6bc (button) folded before Flop (didn't bet)
Seat 4: 59fcd71c (small blind) folded before Flop
Seat 6: 3ae1e64a (big blind) folded before Flop


Poker Hand #HD1755466609: Hold'em No Limit ($0.05/$0.1) - 2024/05/02 14:05:33
Table 'NLHRed27' 6-max Seat #2 is the button
Seat 1: Hero ($10.16 in chips)
Seat 2: ffdee4ee ($11.36 in chips)
Seat 3: 3309c6bc ($10 in chips)
Seat 4: 59fcd71c ($10.51 in chips)
Seat 5: 82b520e0 ($15.98 in chips)
Seat 6: 3ae1e64a ($12.05 in chips)
3309c6bc: posts small blind $0.05
59fcd71c: posts big blind $0.1
*** HOLE CARDS ***
Dealt to Hero [5h 6c]
Dealt to ffdee4ee 
Dealt to 3309c6bc 
Dealt to 59fcd71c 
Dealt to 82b520e0 
Dealt to 3ae1e64a 
82b520e0: folds
3ae1e64a: folds
Hero: folds
ffdee4ee: raises $0.2 to $0.3
3309c6bc: raises $0.9 to $1.2
59fcd71c: folds
ffdee4ee: folds
Uncalled bet ($0.9) returned to 3309c6bc
*** SHOWDOWN ***
3309c6bc collected $0.67 from pot
*** SUMMARY ***
Total pot $0.7 | Rake $0.03 | Jackpot $0 | Bingo $0 | Fortune $0 | Tax $0
Seat 1: Hero folded before Flop (didn't bet)
Seat 2: ffdee4ee (button) folded before Flop
Seat 3: 3309c6bc (small blind) collected ($0.67)
Seat 4: 59fcd71c (big blind) folded before Flop
Seat 5: 82b520e0 folded before Flop (didn't bet)
Seat 6: 3ae1e64a folded before Flop (didn't bet)


Poker Hand #HD1755466516: Hold'em No Limit ($0.05/$0.1) - 2024/05/02 14:04:43
Table 'NLHRed27' 6-max Seat #1 is the button
Seat 1: Hero ($10.16 in chips)
Seat 2: ffdee4ee ($11.41 in chips)
Seat 3: 3309c6bc ($10 in chips)
Seat 4: 59fcd71c ($10.51 in chips)
Seat 5: 82b520e0 ($15.58 in chips)
Seat 6: 3ae1e64a ($12.33 in chips)
ffdee4ee: posts small blind $0.05
3309c6bc: posts big blind $0.1
*** HOLE CARDS ***
Dealt to Hero [8c 9c]
Dealt to ffdee4ee 
Dealt to 3309c6bc 
Dealt to 59fcd71c 
Dealt to 82b520e0 
Dealt to 3ae1e64a 
59fcd71c: folds
82b520e0: raises $0.18 to $0.28
3ae1e64a: calls $0.28
Hero: folds
ffdee4ee: folds
3309c6bc: folds
*** FLOP *** [Jc Js 4h]
82b520e0: bets $0.39
3ae1e64a: folds
Uncalled bet ($0.39) returned to 82b520e0
*** SHOWDOWN ***
82b520e0 collected $0.68 from pot
*** SUMMARY ***
Total pot $0.71 | Rake $0.03 | Jackpot $0 | Bingo $0 | Fortune $0 | Tax $0
Board [Jc Js 4h]
Seat 1: Hero (button) folded before Flop (didn't bet)
Seat 2: ffdee4ee (small blind) folded before Flop
Seat 3: 3309c6bc (big blind) folded before Flop
Seat 4: 59fcd71c folded before Flop (didn't bet)
Seat 5: 82b520e0 won ($0.68)
Seat 6: 3ae1e64a folded on the Flop


Poker Hand #HD1755466483: Hold'em No Limit ($0.05/$0.1) - 2024/05/02 14:04:23
Table 'NLHRed27' 6-max Seat #6 is the button
Seat 1: Hero ($10.21 in chips)
Seat 2: ffdee4ee ($11.36 in chips)
Seat 4: 59fcd71c ($10.51 in chips)
Seat 5: 82b520e0 ($15.58 in chips)
Seat 6: 3ae1e64a ($12.33 in chips)
Hero: posts small blind $0.05
ffdee4ee: posts big blind $0.1
*** HOLE CARDS ***
Dealt to Hero [7h Qd]
Dealt to ffdee4ee 
Dealt to 59fcd71c 
Dealt to 82b520e0 
Dealt to 3ae1e64a 
59fcd71c: folds
82b520e0: folds
3ae1e64a: folds
Hero: folds
Uncalled bet ($0.05) returned to ffdee4ee
*** SHOWDOWN ***
ffdee4ee collected $0.1 from pot
*** SUMMARY ***
Total pot $0.1 | Rake $0 | Jackpot $0 | Bingo $0 | Fortune $0 | Tax $0
Seat 1: Hero (small blind) folded before Flop
Seat 2: ffdee4ee (big blind) collected ($0.1)
Seat 4: 59fcd71c folded before Flop (didn't bet)
Seat 5: 82b520e0 folded before Flop (didn't bet)
Seat 6: 3ae1e64a (button) folded before Flop (didn't bet)


Poker Hand #HD1755466418: Hold'em No Limit ($0.05/$0.1) - 2024/05/02 14:03:44
Table 'NLHRed27' 6-max Seat #5 is the button
Seat 1: Hero ($10 in chips)
Seat 2: ffdee4ee ($11.36 in chips)
Seat 3: 1364e209 ($3.72 in chips)
Seat 4: 59fcd71c ($10.51 in chips)
Seat 5: 82b520e0 ($15.58 in chips)
Seat 6: 3ae1e64a ($12.56 in chips)
3ae1e64a: posts small blind $0.05
Hero: posts big blind $0.1
*** HOLE CARDS ***
Dealt to Hero [Jc Qd]
Dealt to ffdee4ee 
Dealt to 1364e209 
Dealt to 59fcd71c 
Dealt to 82b520e0 
Dealt to 3ae1e64a 
ffdee4ee: folds
1364e209: folds
59fcd71c: folds
82b520e0: folds
3ae1e64a: raises $0.13 to $0.23
Hero: calls $0.13
*** FLOP *** [Jd 6d 9h]
3ae1e64a: checks
Hero: bets $0.16
3ae1e64a: folds
Uncalled bet ($0.16) returned to Hero
*** SHOWDOWN ***
Hero collected $0.44 from pot
*** SUMMARY ***
Total pot $0.46 | Rake $0.02 | Jackpot $0 | Bingo $0 | Fortune $0 | Tax $0
Board [Jd 6d 9h]
Seat 1: Hero (big blind) won ($0.44)
Seat 2: ffdee4ee folded before Flop (didn't bet)
Seat 3: 1364e209 folded before Flop (didn't bet)
Seat 4: 59fcd71c folded before Flop (didn't bet)
Seat 5: 82b520e0 (button) folded before Flop (didn't bet)
Seat 6: 3ae1e64a (small blind) folded on the Flop


