Poker Hand #HD1826734203: Hold'em No Limit ($0.05/$0.1) - 2024/06/22 18:10:13
Table 'NLHRed2' 6-max Seat #2 is the button
Seat 1: f338d762 ($10.75 in chips)
Seat 2: Hero ($10 in chips)
Seat 3: 7368eb0f ($10.23 in chips)
Seat 4: 1849b233 ($10.8 in chips)
Seat 5: 40f7969d ($11.1 in chips)
Seat 6: 5a15243e ($10 in chips)
7368eb0f: posts small blind $0.05
1849b233: posts big blind $0.1
*** HOLE CARDS ***
Dealt to f338d762 
Dealt to Hero [3s 9c]
Dealt to 7368eb0f 
Dealt to 1849b233 
Dealt to 40f7969d 
Dealt to 5a15243e 
40f7969d: folds
5a15243e: folds
f338d762: folds
Hero: folds
7368eb0f: raises $0.2 to $0.3
1849b233: raises $0.45 to $0.75
7368eb0f: calls $0.45
*** FLOP *** [Jh 5h Kc]
7368eb0f: checks
1849b233: bets $0.5
7368eb0f: folds
Uncalled bet ($0.5) returned to 1849b233
*** SHOWDOWN ***
1849b233 collected $1.43 from pot
*** SUMMARY ***
Total pot $1.5 | Rake $0.07 | Jackpot $0 | Bingo $0 | Fortune $0 | Tax $0
Board [Jh 5h Kc]
Seat 1: f338d762 folded before Flop (didn't bet)
Seat 2: Hero (button) folded before Flop (didn't bet)
Seat 3: 7368eb0f (small blind) folded on the Flop
Seat 4: 1849b233 (big blind) won ($1.43)
Seat 5: 40f7969d folded before Flop (didn't bet)
Seat 6: 5a15243e folded before Flop (didn't bet)


Poker Hand #HD1826734158: Hold'em No Limit ($0.05/$0.1) - 2024/06/22 18:09:52
Table 'NLHRed2' 6-max Seat #1 is the button
Seat 1: f338d762 ($10.95 in chips)
Seat 2: Hero ($10 in chips)
Seat 3: 7368eb0f ($10 in chips)
Seat 4: 1849b233 ($10.8 in chips)
Seat 5: 40f7969d ($11.1 in chips)
Seat 6: 5a15243e ($10 in chips)
Hero: posts small blind $0.05
7368eb0f: posts big blind $0.1
*** HOLE CARDS ***
Dealt to f338d762 
Dealt to Hero [Qh 9d]
Dealt to 7368eb0f 
Dealt to 1849b233 
Dealt to 40f7969d 
Dealt to 5a15243e 
1849b233: folds
40f7969d: folds
5a15243e: folds
f338d762: raises $0.1 to $0.2
Hero: folds
7368eb0f: raises $0.7 to $0.9
f338d762: folds
Uncalled bet ($0.7) returned to 7368eb0f
*** SHOWDOWN ***
7368eb0f collected $0.43 from pot
*** SUMMARY ***
Total pot $0.45 | Rake $0.02 | Jackpot $0 | Bingo $0 | Fortune $0 | Tax $0
Seat 1: f338d762 (button) folded before Flop
Seat 2: Hero (small blind) folded before Flop
Seat 3: 7368eb0f (big blind) collected ($0.43)
Seat 4: 1849b233 folded before Flop (didn't bet)
Seat 5: 40f7969d folded before Flop (didn't bet)
Seat 6: 5a15243e folded before Flop (didn't bet)


Poker Hand #HD1826734038: Hold'em No Limit ($0.05/$0.1) - 2024/06/22 18:08:52
Table 'NLHRed2' 6-max Seat #6 is the button
Seat 1: f338d762 ($11 in chips)
Seat 2: Hero ($10 in chips)
Seat 3: 7368eb0f ($10 in chips)
Seat 4: 1849b233 ($10.8 in chips)
Seat 5: 40f7969d ($10.65 in chips)
Seat 6: 5a15243e ($10 in chips)
f338d762: posts small blind $0.05
Hero: posts big blind $0.1
*** HOLE CARDS ***
Dealt to f338d762 
Dealt to Hero [8h Ah]
Dealt to 7368eb0f 
Dealt to 1849b233 
Dealt to 40f7969d 
Dealt to 5a15243e 
7368eb0f: folds
1849b233: folds
40f7969d: raises $0.15 to $0.25
5a15243e: folds
f338d762: folds
Hero: calls $0.15
*** FLOP *** [2d Kc 8s]
Hero: checks
40f7969d: bets $0.19
Hero: calls $0.19
*** TURN *** [2d Kc 8s] [Th]
Hero: checks
40f7969d: checks
*** RIVER *** [2d Kc 8s Th] [Jc]
Hero: checks
40f7969d: checks
Hero: shows [8h Ah] (Pair of Eights)
40f7969d: shows [9h Kh] (Pair of Kings)
*** SHOWDOWN ***
40f7969d collected $0.89 from pot
*** SUMMARY ***
Total pot $0.93 | Rake $0.04 | Jackpot $0 | Bingo $0 | Fortune $0 | Tax $0
Board [2d Kc 8s Th Jc]
Seat 1: f338d762 (small blind) folded before Flop
Seat 2: Hero (big blind) showed [8h Ah] and lost with Pair of Eights
Seat 3: 7368eb0f folded before Flop (didn't bet)
Seat 4: 1849b233 folded before Flop (didn't bet)
Seat 5: 40f7969d showed [9h Kh] and won ($0.89) with Pair of Kings
Seat 6: 5a15243e (button) folded before Flop (didn't bet)


Poker Hand #HD1826733882: Hold'em No Limit ($0.05/$0.1) - 2024/06/22 18:07:35
Table 'NLHRed2' 6-max Seat #5 is the button
Seat 1: f338d762 ($11.1 in chips)
Seat 2: Hero ($10 in chips)
Seat 3: 7368eb0f ($10.22 in chips)
Seat 4: 1849b233 ($10.05 in chips)
Seat 5: 40f7969d ($10.65 in chips)
Seat 6: 5a15243e ($10 in chips)
5a15243e: posts small blind $0.05
f338d762: posts big blind $0.1
*** HOLE CARDS ***
Dealt to f338d762 
Dealt to Hero [7d Qh]
Dealt to 7368eb0f 
Dealt to 1849b233 
Dealt to 40f7969d 
Dealt to 5a15243e 
Hero: folds
7368eb0f: raises $0.12 to $0.22
1849b233: raises $0.45 to $0.67
40f7969d: folds
5a15243e: folds
f338d762: folds
7368eb0f: calls $0.45
*** FLOP *** [2h Kd Ac]
7368eb0f: checks
1849b233: bets $0.5
7368eb0f: folds
Uncalled bet ($0.5) returned to 1849b233
*** SHOWDOWN ***
1849b233 collected $1.42 from pot
*** SUMMARY ***
Total pot $1.49 | Rake $0.07 | Jackpot $0 | Bingo $0 | Fortune $0 | Tax $0
Board [2h Kd Ac]
Seat 1: f338d762 (big blind) folded before Flop
Seat 2: Hero folded before Flop (didn't bet)
Seat 3: 7368eb0f folded on the Flop
Seat 4: 1849b233 won ($1.42)
Seat 5: 40f7969d (button) folded before Flop (didn't bet)
Seat 6: 5a15243e (small blind) folded before Flop


Poker Hand #HD1826733808: Hold'em No Limit ($0.05/$0.1) - 2024/06/22 18:06:58
Table 'NLHRed2' 6-max Seat #4 is the button
Seat 1: f338d762 ($10.87 in chips)
Seat 2: Hero ($10 in chips)
Seat 3: 7368eb0f ($10.22 in chips)
Seat 4: 1849b233 ($10.05 in chips)
Seat 5: 40f7969d ($10.7 in chips)
Seat 6: 5a15243e ($10 in chips)
40f7969d: posts small blind $0.05
5a15243e: posts big blind $0.1
*** HOLE CARDS ***
Dealt to f338d762 
Dealt to Hero [3d 9c]
Dealt to 7368eb0f 
Dealt to 1849b233 
Dealt to 40f7969d 
Dealt to 5a15243e 
f338d762: raises $0.1 to $0.2
Hero: folds
7368eb0f: folds
1849b233: folds
40f7969d: folds
5a15243e: calls $0.1
*** FLOP *** [Qh 2s Qd]
5a15243e: checks
f338d762: bets $0.15
5a15243e: folds
Uncalled bet ($0.15) returned to f338d762
*** SHOWDOWN ***
f338d762 collected $0.43 from pot
*** SUMMARY ***
Total pot $0.45 | Rake $0.02 | Jackpot $0 | Bingo $0 | Fortune $0 | Tax $0
Board [Qh 2s Qd]
Seat 1: f338d762 won ($0.43)
Seat 2: Hero folded before Flop (didn't bet)
Seat 3: 7368eb0f folded before Flop (didn't bet)
Seat 4: 1849b233 (button) folded before Flop (didn't bet)
Seat 5: 40f7969d (small blind) folded before Flop
Seat 6: 5a15243e (big blind) folded on the Flop


Poker Hand #HD1826733755: Hold'em No Limit ($0.05/$0.1) - 2024/06/22 18:06:31
Table 'NLHRed2' 6-max Seat #3 is the button
Seat 1: f338d762 ($10.87 in chips)
Seat 2: Hero ($10 in chips)
Seat 3: 7368eb0f ($10.22 in chips)
Seat 4: 1849b233 ($10.35 in chips)
Seat 5: 40f7969d ($10.43 in chips)
1849b233: posts small blind $0.05
40f7969d: posts big blind $0.1
*** HOLE CARDS ***
Dealt to f338d762 
Dealt to Hero [7d 3h]
Dealt to 7368eb0f 
Dealt to 1849b233 
Dealt to 40f7969d 
f338d762: folds
Hero: folds
7368eb0f: folds
1849b233: raises $0.2 to $0.3
40f7969d: raises $0.77 to $1.07
1849b233: folds
Uncalled bet ($0.77) returned to 40f7969d
*** SHOWDOWN ***
40f7969d collected $0.57 from pot
*** SUMMARY ***
Total pot $0.6 | Rake $0.03 | Jackpot $0 | Bingo $0 | Fortune $0 | Tax $0
Seat 1: f338d762 folded before Flop (didn't bet)
Seat 2: Hero folded before Flop (didn't bet)
Seat 3: 7368eb0f (button) folded before Flop (didn't bet)
Seat 4: 1849b233 (small blind) folded before Flop
Seat 5: 40f7969d (big blind) collected ($0.57)


Poker Hand #HD1826733716: Hold'em No Limit ($0.05/$0.1) - 2024/06/22 18:06:14
Table 'NLHRed2' 6-max Seat #2 is the button
Seat 1: f338d762 ($10.87 in chips)
Seat 2: Hero ($10 in chips)
Seat 3: 7368eb0f ($10.27 in chips)
Seat 4: 1849b233 ($10.3 in chips)
Seat 5: 40f7969d ($10.43 in chips)
7368eb0f: posts small blind $0.05
1849b233: posts big blind $0.1
*** HOLE CARDS ***
Dealt to f338d762 
Dealt to Hero [Td 5h]
Dealt to 7368eb0f 
Dealt to 1849b233 
Dealt to 40f7969d 
40f7969d: folds
f338d762: folds
Hero: folds
7368eb0f: folds
Uncalled bet ($0.05) returned to 1849b233
*** SHOWDOWN ***
1849b233 collected $0.1 from pot
*** SUMMARY ***
Total pot $0.1 | Rake $0 | Jackpot $0 | Bingo $0 | Fortune $0 | Tax $0
Seat 1: f338d762 folded before Flop (didn't bet)
Seat 2: Hero (button) folded before Flop (didn't bet)
Seat 3: 7368eb0f (small blind) folded before Flop
Seat 4: 1849b233 (big blind) collected ($0.1)
Seat 5: 40f7969d folded before Flop (didn't bet)


Poker Hand #HD1826733674: Hold'em No Limit ($0.05/$0.1) - 2024/06/22 18:05:58
Table 'NLHRed2' 6-max Seat #1 is the button
Seat 1: f338d762 ($10.87 in chips)
Seat 2: Hero ($10.05 in chips)
Seat 3: 7368eb0f ($10.37 in chips)
Seat 4: 1849b233 ($10.15 in chips)
Seat 5: 40f7969d ($10.43 in chips)
Hero: posts small blind $0.05
7368eb0f: posts big blind $0.1
*** HOLE CARDS ***
Dealt to f338d762 
Dealt to Hero [Qs 2d]
Dealt to 7368eb0f 
Dealt to 1849b233 
Dealt to 40f7969d 
1849b233: raises $0.2 to $0.3
40f7969d: folds
f338d762: folds
Hero: folds
7368eb0f: folds
Uncalled bet ($0.2) returned to 1849b233
*** SHOWDOWN ***
1849b233 collected $0.25 from pot
*** SUMMARY ***
Total pot $0.25 | Rake $0 | Jackpot $0 | Bingo $0 | Fortune $0 | Tax $0
Seat 1: f338d762 (button) folded before Flop (didn't bet)
Seat 2: Hero (small blind) folded before Flop
Seat 3: 7368eb0f (big blind) folded before Flop
Seat 4: 1849b233 collected ($0.25)
Seat 5: 40f7969d folded before Flop (didn't bet)


Poker Hand #HD1826733646: Hold'em No Limit ($0.05/$0.1) - 2024/06/22 18:05:44
Table 'NLHRed2' 6-max Seat #5 is the button
Seat 1: f338d762 ($10.92 in chips)
Seat 2: Hero ($10.15 in chips)
Seat 3: 7368eb0f ($10.37 in chips)
Seat 4: 1849b233 ($10 in chips)
Seat 5: 40f7969d ($10.43 in chips)
f338d762: posts small blind $0.05
Hero: posts big blind $0.1
1849b233: posts big blind $0.1
*** HOLE CARDS ***
Dealt to f338d762 
Dealt to Hero [Th 2h]
Dealt to 7368eb0f 
Dealt to 1849b233 
Dealt to 40f7969d 
7368eb0f: folds
1849b233: raises $0.2 to $0.3
40f7969d: folds
f338d762: folds
Hero: folds
Uncalled bet ($0.2) returned to 1849b233
*** SHOWDOWN ***
1849b233 collected $0.25 from pot
*** SUMMARY ***
Total pot $0.25 | Rake $0 | Jackpot $0 | Bingo $0 | Fortune $0 | Tax $0
Seat 1: f338d762 (small blind) folded before Flop
Seat 2: Hero (big blind) folded before Flop
Seat 3: 7368eb0f folded before Flop (didn't bet)
Seat 4: 1849b233 collected ($0.25)
Seat 5: 40f7969d (button) folded before Flop (didn't bet)


Poker Hand #HD1826733611: Hold'em No Limit ($0.05/$0.1) - 2024/06/22 18:05:29
Table 'NLHRed2' 6-max Seat #3 is the button
Seat 1: f338d762 ($11.02 in chips)
Seat 2: Hero ($10 in chips)
Seat 3: 7368eb0f ($10.37 in chips)
Seat 5: 40f7969d ($10.48 in chips)
40f7969d: posts small blind $0.05
f338d762: posts big blind $0.1
*** HOLE CARDS ***
Dealt to f338d762 
Dealt to Hero [Ks Td]
Dealt to 7368eb0f 
Dealt to 40f7969d 
Hero: raises $0.14 to $0.24
7368eb0f: folds
40f7969d: folds
f338d762: folds
Uncalled bet ($0.14) returned to Hero
*** SHOWDOWN ***
Hero collected $0.25 from pot
*** SUMMARY ***
Total pot $0.25 | Rake $0 | Jackpot $0 | Bingo $0 | Fortune $0 | Tax $0
Seat 1: f338d762 (big blind) folded before Flop
Seat 2: Hero collected ($0.25)
Seat 3: 7368eb0f (button) folded before Flop (didn't bet)
Seat 5: 40f7969d (small blind) folded before Flop


Poker Hand #HD1826733552: Hold'em No Limit ($0.05/$0.1) - 2024/06/22 18:05:02
Table 'NLHRed2' 6-max Seat #2 is the button
Seat 1: f338d762 ($11.27 in chips)
Seat 2: Hero ($10 in chips)
Seat 3: 7368eb0f ($10.42 in chips)
Seat 5: 40f7969d ($10.2 in chips)
Seat 6: dd9403b8 ($10.14 in chips)
7368eb0f: posts small blind $0.05
40f7969d: posts big blind $0.1
*** HOLE CARDS ***
Dealt to f338d762 
Dealt to Hero [6h 8c]
Dealt to 7368eb0f 
Dealt to 40f7969d 
Dealt to dd9403b8 
dd9403b8: folds
f338d762: raises $0.15 to $0.25
Hero: folds
7368eb0f: folds
40f7969d: raises $0.75 to $1
f338d762: folds
Uncalled bet ($0.75) returned to 40f7969d
*** SHOWDOWN ***
40f7969d collected $0.53 from pot
*** SUMMARY ***
Total pot $0.55 | Rake $0.02 | Jackpot $0 | Bingo $0 | Fortune $0 | Tax $0
Seat 1: f338d762 folded before Flop
Seat 2: Hero (button) folded before Flop (didn't bet)
Seat 3: 7368eb0f (small blind) folded before Flop
Seat 5: 40f7969d (big blind) collected ($0.53)
Seat 6: dd9403b8 folded before Flop (didn't bet)


Poker Hand #HD1826733506: Hold'em No Limit ($0.05/$0.1) - 2024/06/22 18:04:43
Table 'NLHRed2' 6-max Seat #1 is the button
Seat 1: f338d762 ($11.27 in chips)
Seat 2: Hero ($10 in chips)
Seat 3: 7368eb0f ($10.37 in chips)
Seat 4: 5cba8a10 ($10.27 in chips)
Seat 5: 40f7969d ($10.2 in chips)
Seat 6: dd9403b8 ($10.14 in chips)
Hero: posts small blind $0.05
7368eb0f: posts big blind $0.1
*** HOLE CARDS ***
Dealt to f338d762 
Dealt to Hero [2s 8d]
Dealt to 7368eb0f 
Dealt to 5cba8a10 
Dealt to 40f7969d 
Dealt to dd9403b8 
5cba8a10: folds
40f7969d: folds
dd9403b8: folds
f338d762: folds
Hero: folds
Uncalled bet ($0.05) returned to 7368eb0f
*** SHOWDOWN ***
7368eb0f collected $0.1 from pot
*** SUMMARY ***
Total pot $0.1 | Rake $0 | Jackpot $0 | Bingo $0 | Fortune $0 | Tax $0
Seat 1: f338d762 (button) folded before Flop (didn't bet)
Seat 2: Hero (small blind) folded before Flop
Seat 3: 7368eb0f (big blind) collected ($0.1)
Seat 4: 5cba8a10 folded before Flop (didn't bet)
Seat 5: 40f7969d folded before Flop (didn't bet)
Seat 6: dd9403b8 folded before Flop (didn't bet)


Poker Hand #HD1826733438: Hold'em No Limit ($0.05/$0.1) - 2024/06/22 18:04:13
Table 'NLHRed2' 6-max Seat #6 is the button
Seat 1: f338d762 ($11.17 in chips)
Seat 2: Hero ($10.1 in chips)
Seat 3: 7368eb0f ($10.37 in chips)
Seat 4: 5cba8a10 ($10.27 in chips)
Seat 5: 40f7969d ($10.2 in chips)
Seat 6: dd9403b8 ($10.14 in chips)
f338d762: posts small blind $0.05
Hero: posts big blind $0.1
*** HOLE CARDS ***
Dealt to f338d762 
Dealt to Hero [9d Js]
Dealt to 7368eb0f 
Dealt to 5cba8a10 
Dealt to 40f7969d 
Dealt to dd9403b8 
7368eb0f: folds
5cba8a10: folds
40f7969d: folds
dd9403b8: folds
f338d762: raises $0.2 to $0.3
Hero: folds
Uncalled bet ($0.2) returned to f338d762
*** SHOWDOWN ***
f338d762 collected $0.2 from pot
*** SUMMARY ***
Total pot $0.2 | Rake $0 | Jackpot $0 | Bingo $0 | Fortune $0 | Tax $0
Seat 1: f338d762 (small blind) collected ($0.2)
Seat 2: Hero (big blind) folded before Flop
Seat 3: 7368eb0f folded before Flop (didn't bet)
Seat 4: 5cba8a10 folded before Flop (didn't bet)
Seat 5: 40f7969d folded before Flop (didn't bet)
Seat 6: dd9403b8 (button) folded before Flop (didn't bet)


Poker Hand #HD1826733382: Hold'em No Limit ($0.05/$0.1) - 2024/06/22 18:03:49
Table 'NLHRed2' 6-max Seat #5 is the button
Seat 1: f338d762 ($11.12 in chips)
Seat 2: Hero ($10.1 in chips)
Seat 3: 7368eb0f ($10.37 in chips)
Seat 4: 5cba8a10 ($10.27 in chips)
Seat 5: 40f7969d ($10.2 in chips)
Seat 6: dd9403b8 ($10.19 in chips)
dd9403b8: posts small blind $0.05
f338d762: posts big blind $0.1
*** HOLE CARDS ***
Dealt to f338d762 
Dealt to Hero [Ah 2c]
Dealt to 7368eb0f 
Dealt to 5cba8a10 
Dealt to 40f7969d 
Dealt to dd9403b8 
Hero: folds
7368eb0f: folds
5cba8a10: folds
40f7969d: folds
dd9403b8: folds
Uncalled bet ($0.05) returned to f338d762
*** SHOWDOWN ***
f338d762 collected $0.1 from pot
*** SUMMARY ***
Total pot $0.1 | Rake $0 | Jackpot $0 | Bingo $0 | Fortune $0 | Tax $0
Seat 1: f338d762 (big blind) collected ($0.1)
Seat 2: Hero folded before Flop (didn't bet)
Seat 3: 7368eb0f folded before Flop (didn't bet)
Seat 4: 5cba8a10 folded before Flop (didn't bet)
Seat 5: 40f7969d (button) folded before Flop (didn't bet)
Seat 6: dd9403b8 (small blind) folded before Flop


Poker Hand #HD1826733330: Hold'em No Limit ($0.05/$0.1) - 2024/06/22 18:03:27
Table 'NLHRed2' 6-max Seat #4 is the button
Seat 1: f338d762 ($11.12 in chips)
Seat 2: Hero ($10.1 in chips)
Seat 3: 7368eb0f ($10.37 in chips)
Seat 4: 5cba8a10 ($10.27 in chips)
Seat 5: 40f7969d ($10.1 in chips)
Seat 6: dd9403b8 ($10.29 in chips)
40f7969d: posts small blind $0.05
dd9403b8: posts big blind $0.1
*** HOLE CARDS ***
Dealt to f338d762 
Dealt to Hero [2s 9h]
Dealt to 7368eb0f 
Dealt to 5cba8a10 
Dealt to 40f7969d 
Dealt to dd9403b8 
f338d762: folds
Hero: folds
7368eb0f: folds
5cba8a10: folds
40f7969d: raises $0.2 to $0.3
dd9403b8: folds
Uncalled bet ($0.2) returned to 40f7969d
*** SHOWDOWN ***
40f7969d collected $0.2 from pot
*** SUMMARY ***
Total pot $0.2 | Rake $0 | Jackpot $0 | Bingo $0 | Fortune $0 | Tax $0
Seat 1: f338d762 folded before Flop (didn't bet)
Seat 2: Hero folded before Flop (didn't bet)
Seat 3: 7368eb0f folded before Flop (didn't bet)
Seat 4: 5cba8a10 (button) folded before Flop (didn't bet)
Seat 5: 40f7969d (small blind) collected ($0.2)
Seat 6: dd9403b8 (big blind) folded before Flop


Poker Hand #HD1826733257: Hold'em No Limit ($0.05/$0.1) - 2024/06/22 18:02:52
Table 'NLHRed2' 6-max Seat #3 is the button
Seat 1: f338d762 ($11.12 in chips)
Seat 2: Hero ($10.1 in chips)
Seat 3: 7368eb0f ($10.37 in chips)
Seat 4: 5cba8a10 ($10 in chips)
Seat 5: 40f7969d ($10.4 in chips)
Seat 6: dd9403b8 ($10.29 in chips)
5cba8a10: posts small blind $0.05
40f7969d: posts big blind $0.1
*** HOLE CARDS ***
Dealt to f338d762 
Dealt to Hero [6s 3s]
Dealt to 7368eb0f 
Dealt to 5cba8a10 
Dealt to 40f7969d 
Dealt to dd9403b8 
dd9403b8: folds
f338d762: folds
Hero: folds
7368eb0f: folds
5cba8a10: raises $0.2 to $0.3
40f7969d: calls $0.2
*** FLOP *** [Th 4h 7h]
5cba8a10: bets $0.2
40f7969d: folds
Uncalled bet ($0.2) returned to 5cba8a10
*** SHOWDOWN ***
5cba8a10 collected $0.57 from pot
*** SUMMARY ***
Total pot $0.6 | Rake $0.03 | Jackpot $0 | Bingo $0 | Fortune $0 | Tax $0
Board [Th 4h 7h]
Seat 1: f338d762 folded before Flop (didn't bet)
Seat 2: Hero folded before Flop (didn't bet)
Seat 3: 7368eb0f (button) folded before Flop (didn't bet)
Seat 4: 5cba8a10 (small blind) won ($0.57)
Seat 5: 40f7969d (big blind) folded on the Flop
Seat 6: dd9403b8 folded before Flop (didn't bet)


Poker Hand #HD1826733224: Hold'em No Limit ($0.05/$0.1) - 2024/06/22 18:02:35
Table 'NLHRed2' 6-max Seat #2 is the button
Seat 1: f338d762 ($10.97 in chips)
Seat 2: Hero ($10.1 in chips)
Seat 3: 7368eb0f ($10.42 in chips)
Seat 4: 5cba8a10 ($10 in chips)
Seat 6: dd9403b8 ($10.29 in chips)
7368eb0f: posts small blind $0.05
5cba8a10: posts big blind $0.1
*** HOLE CARDS ***
Dealt to f338d762 
Dealt to Hero [7h 6d]
Dealt to 7368eb0f 
Dealt to 5cba8a10 
Dealt to dd9403b8 
dd9403b8: folds
f338d762: raises $0.15 to $0.25
Hero: folds
7368eb0f: folds
5cba8a10: folds
Uncalled bet ($0.15) returned to f338d762
*** SHOWDOWN ***
f338d762 collected $0.25 from pot
*** SUMMARY ***
Total pot $0.25 | Rake $0 | Jackpot $0 | Bingo $0 | Fortune $0 | Tax $0
Seat 1: f338d762 collected ($0.25)
Seat 2: Hero (button) folded before Flop (didn't bet)
Seat 3: 7368eb0f (small blind) folded before Flop
Seat 4: 5cba8a10 (big blind) folded before Flop
Seat 6: dd9403b8 folded before Flop (didn't bet)


Poker Hand #HD1826733169: Hold'em No Limit ($0.05/$0.1) - 2024/06/22 18:02:11
Table 'NLHRed2' 6-max Seat #1 is the button
Seat 1: f338d762 ($10.97 in chips)
Seat 2: Hero ($10 in chips)
Seat 3: 7368eb0f ($10.52 in chips)
Seat 4: 3216820e ($9.07 in chips)
Seat 6: dd9403b8 ($10.29 in chips)
Hero: posts small blind $0.05
7368eb0f: posts big blind $0.1
*** HOLE CARDS ***
Dealt to f338d762 
Dealt to Hero [Jh Qs]
Dealt to 7368eb0f 
Dealt to 3216820e 
Dealt to dd9403b8 
3216820e: folds
dd9403b8: folds
f338d762: folds
Hero: raises $0.2 to $0.3
7368eb0f: folds
Uncalled bet ($0.2) returned to Hero
*** SHOWDOWN ***
Hero collected $0.2 from pot
*** SUMMARY ***
Total pot $0.2 | Rake $0 | Jackpot $0 | Bingo $0 | Fortune $0 | Tax $0
Seat 1: f338d762 (button) folded before Flop (didn't bet)
Seat 2: Hero (small blind) collected ($0.2)
Seat 3: 7368eb0f (big blind) folded before Flop
Seat 4: 3216820e folded before Flop (didn't bet)
Seat 6: dd9403b8 folded before Flop (didn't bet)


Poker Hand #HD1826733087: Hold'em No Limit ($0.05/$0.1) - 2024/06/22 18:01:33
Table 'NLHRed2' 6-max Seat #6 is the button
Seat 1: f338d762 ($11.02 in chips)
Seat 2: Hero ($10 in chips)
Seat 3: 7368eb0f ($10.74 in chips)
Seat 4: 3216820e ($9.07 in chips)
Seat 6: dd9403b8 ($9.95 in chips)
f338d762: posts small blind $0.05
Hero: posts big blind $0.1
*** HOLE CARDS ***
Dealt to f338d762 
Dealt to Hero [Js Kc]
Dealt to 7368eb0f 
Dealt to 3216820e 
Dealt to dd9403b8 
7368eb0f: raises $0.12 to $0.22
3216820e: folds
dd9403b8: raises $0.45 to $0.67
f338d762: folds
Hero: folds
7368eb0f: folds
Uncalled bet ($0.45) returned to dd9403b8
*** SHOWDOWN ***
dd9403b8 collected $0.56 from pot
*** SUMMARY ***
Total pot $0.59 | Rake $0.03 | Jackpot $0 | Bingo $0 | Fortune $0 | Tax $0
Seat 1: f338d762 (small blind) folded before Flop
Seat 2: Hero (big blind) folded before Flop
Seat 3: 7368eb0f folded before Flop
Seat 4: 3216820e folded before Flop (didn't bet)
Seat 6: dd9403b8 (button) collected ($0.56)


Poker Hand #HD1826733019: Hold'em No Limit ($0.05/$0.1) - 2024/06/22 18:01:07
Table 'NLHRed2' 6-max Seat #4 is the button
Seat 1: f338d762 ($10.97 in chips)
Seat 2: Hero ($10 in chips)
Seat 3: 7368eb0f ($10.74 in chips)
Seat 4: 3216820e ($9.07 in chips)
Seat 6: dd9403b8 ($10 in chips)
dd9403b8: posts small blind $0.05
f338d762: posts big blind $0.1
*** HOLE CARDS ***
Dealt to f338d762 
Dealt to Hero [5s 5d]
Dealt to 7368eb0f 
Dealt to 3216820e 
Dealt to dd9403b8 
Hero: folds
7368eb0f: folds
3216820e: folds
dd9403b8: folds
Uncalled bet ($0.05) returned to f338d762
*** SHOWDOWN ***
f338d762 collected $0.1 from pot
*** SUMMARY ***
Total pot $0.1 | Rake $0 | Jackpot $0 | Bingo $0 | Fortune $0 | Tax $0
Seat 1: f338d762 (big blind) collected ($0.1)
Seat 2: Hero folded before Flop (didn't bet)
Seat 3: 7368eb0f folded before Flop (didn't bet)
Seat 4: 3216820e (button) folded before Flop (didn't bet)
Seat 6: dd9403b8 (small blind) folded before Flop


Poker Hand #HD1826732954: Hold'em No Limit ($0.05/$0.1) - 2024/06/22 18:00:32
Table 'NLHRed2' 6-max Seat #3 is the button
Seat 1: f338d762 ($10.97 in chips)
Seat 2: Hero ($10 in chips)
Seat 3: 7368eb0f ($10.74 in chips)
Seat 4: 3216820e ($8.97 in chips)
Seat 6: dd9403b8 ($9.95 in chips)
3216820e: posts small blind $0.05
dd9403b8: posts big blind $0.1
*** HOLE CARDS ***
Dealt to f338d762 
Dealt to Hero [4c 2c]
Dealt to 7368eb0f 
Dealt to 3216820e 
Dealt to dd9403b8 
f338d762: folds
Hero: folds
7368eb0f: folds
3216820e: raises $0.15 to $0.25
dd9403b8: folds
Uncalled bet ($0.15) returned to 3216820e
*** SHOWDOWN ***
3216820e collected $0.2 from pot
*** SUMMARY ***
Total pot $0.2 | Rake $0 | Jackpot $0 | Bingo $0 | Fortune $0 | Tax $0
Seat 1: f338d762 folded before Flop (didn't bet)
Seat 2: Hero folded before Flop (didn't bet)
Seat 3: 7368eb0f (button) folded before Flop (didn't bet)
Seat 4: 3216820e (small blind) collected ($0.2)
Seat 6: dd9403b8 (big blind) folded before Flop


Poker Hand #HD1826732932: Hold'em No Limit ($0.05/$0.1) - 2024/06/22 18:00:20
Table 'NLHRed2' 6-max Seat #2 is the button
Seat 1: f338d762 ($10.97 in chips)
Seat 2: Hero ($10 in chips)
Seat 3: 7368eb0f ($10.79 in chips)
Seat 4: 3216820e ($8.92 in chips)
Seat 6: dd9403b8 ($9.95 in chips)
7368eb0f: posts small blind $0.05
3216820e: posts big blind $0.1
*** HOLE CARDS ***
Dealt to f338d762 
Dealt to Hero [3d Td]
Dealt to 7368eb0f 
Dealt to 3216820e 
Dealt to dd9403b8 
dd9403b8: folds
f338d762: folds
Hero: folds
7368eb0f: folds
Uncalled bet ($0.05) returned to 3216820e
*** SHOWDOWN ***
3216820e collected $0.1 from pot
*** SUMMARY ***
Total pot $0.1 | Rake $0 | Jackpot $0 | Bingo $0 | Fortune $0 | Tax $0
Seat 1: f338d762 folded before Flop (didn't bet)
Seat 2: Hero (button) folded before Flop (didn't bet)
Seat 3: 7368eb0f (small blind) folded before Flop
Seat 4: 3216820e (big blind) collected ($0.1)
Seat 6: dd9403b8 folded before Flop (didn't bet)


Poker Hand #HD1826732873: Hold'em No Limit ($0.05/$0.1) - 2024/06/22 17:59:51
Table 'NLHRed2' 6-max Seat #1 is the button
Seat 1: f338d762 ($10.97 in chips)
Seat 2: Hero ($10 in chips)
Seat 3: 7368eb0f ($10.89 in chips)
Seat 4: 3216820e ($8.77 in chips)
Seat 6: dd9403b8 ($9.95 in chips)
Hero: posts small blind $0.05
7368eb0f: posts big blind $0.1
*** HOLE CARDS ***
Dealt to f338d762 
Dealt to Hero [3d 7s]
Dealt to 7368eb0f 
Dealt to 3216820e 
Dealt to dd9403b8 
3216820e: raises $0.15 to $0.25
dd9403b8: folds
f338d762: folds
Hero: folds
7368eb0f: folds
Uncalled bet ($0.15) returned to 3216820e
*** SHOWDOWN ***
3216820e collected $0.25 from pot
*** SUMMARY ***
Total pot $0.25 | Rake $0 | Jackpot $0 | Bingo $0 | Fortune $0 | Tax $0
Seat 1: f338d762 (button) folded before Flop (didn't bet)
Seat 2: Hero (small blind) folded before Flop
Seat 3: 7368eb0f (big blind) folded before Flop
Seat 4: 3216820e collected ($0.25)
Seat 6: dd9403b8 folded before Flop (didn't bet)


Poker Hand #HD1826732821: Hold'em No Limit ($0.05/$0.1) - 2024/06/22 17:59:28
Table 'NLHRed2' 6-max Seat #6 is the button
Seat 1: f338d762 ($10.87 in chips)
Seat 2: Hero ($10 in chips)
Seat 3: 7368eb0f ($10.89 in chips)
Seat 4: 3216820e ($8.77 in chips)
Seat 6: dd9403b8 ($9.95 in chips)
f338d762: posts small blind $0.05
Hero: posts big blind $0.1
*** HOLE CARDS ***
Dealt to f338d762 
Dealt to Hero [8h 4d]
Dealt to 7368eb0f 
Dealt to 3216820e 
Dealt to dd9403b8 
7368eb0f: folds
3216820e: folds
dd9403b8: folds
f338d762: raises $0.2 to $0.3
Hero: folds
Uncalled bet ($0.2) returned to f338d762
*** SHOWDOWN ***
f338d762 collected $0.2 from pot
*** SUMMARY ***
Total pot $0.2 | Rake $0 | Jackpot $0 | Bingo $0 | Fortune $0 | Tax $0
Seat 1: f338d762 (small blind) collected ($0.2)
Seat 2: Hero (big blind) folded before Flop
Seat 3: 7368eb0f folded before Flop (didn't bet)
Seat 4: 3216820e folded before Flop (didn't bet)
Seat 6: dd9403b8 (button) folded before Flop (didn't bet)


