Poker Hand #HD1764338352: Hold'em No Limit ($0.05/$0.1) - 2024/05/08 20:16:58
Table 'NLHRed9' 6-max Seat #4 is the button
Seat 1: e29f78ed ($10 in chips)
Seat 2: Hero ($11.94 in chips)
Seat 3: c56d41d3 ($10.67 in chips)
Seat 4: e35d12da ($10.68 in chips)
Seat 5: dd458023 ($10 in chips)
Seat 6: afc57fba ($10.32 in chips)
dd458023: posts small blind $0.05
afc57fba: posts big blind $0.1
*** HOLE CARDS ***
Dealt to e29f78ed 
Dealt to Hero [7h 6h]
Dealt to c56d41d3 
Dealt to e35d12da 
Dealt to dd458023 
Dealt to afc57fba 
e29f78ed: folds
Hero: folds
c56d41d3: raises $0.12 to $0.22
e35d12da: folds
dd458023: folds
afc57fba: calls $0.12
*** FLOP *** [Jh Ts 3s]
afc57fba: checks
c56d41d3: checks
*** TURN *** [Jh Ts 3s] [9d]
afc57fba: bets $0.25
c56d41d3: calls $0.25
*** RIVER *** [Jh Ts 3s 9d] [Ks]
afc57fba: checks
c56d41d3: bets $0.75
afc57fba: folds
Uncalled bet ($0.75) returned to c56d41d3
*** SHOWDOWN ***
c56d41d3 collected $0.94 from pot
*** SUMMARY ***
Total pot $0.99 | Rake $0.05 | Jackpot $0 | Bingo $0 | Fortune $0 | Tax $0
Board [Jh Ts 3s 9d Ks]
Seat 1: e29f78ed folded before Flop (didn't bet)
Seat 2: Hero folded before Flop (didn't bet)
Seat 3: c56d41d3 won ($0.94)
Seat 4: e35d12da (button) folded before Flop (didn't bet)
Seat 5: dd458023 (small blind) folded before Flop
Seat 6: afc57fba (big blind) folded on the River


Poker Hand #HD1764338265: Hold'em No Limit ($0.05/$0.1) - 2024/05/08 20:16:17
Table 'NLHRed9' 6-max Seat #3 is the button
Seat 1: e29f78ed ($10 in chips)
Seat 2: Hero ($12.18 in chips)
Seat 3: c56d41d3 ($10.31 in chips)
Seat 4: e35d12da ($10.73 in chips)
Seat 5: dd458023 ($10 in chips)
Seat 6: afc57fba ($10.32 in chips)
e35d12da: posts small blind $0.05
dd458023: posts big blind $0.1
*** HOLE CARDS ***
Dealt to e29f78ed 
Dealt to Hero [Kc Td]
Dealt to c56d41d3 
Dealt to e35d12da 
Dealt to dd458023 
Dealt to afc57fba 
afc57fba: folds
e29f78ed: folds
Hero: raises $0.14 to $0.24
c56d41d3: raises $0.74 to $0.98
e35d12da: folds
dd458023: folds
Hero: folds
Uncalled bet ($0.74) returned to c56d41d3
*** SHOWDOWN ***
c56d41d3 collected $0.6 from pot
*** SUMMARY ***
Total pot $0.63 | Rake $0.03 | Jackpot $0 | Bingo $0 | Fortune $0 | Tax $0
Seat 1: e29f78ed folded before Flop (didn't bet)
Seat 2: Hero folded before Flop
Seat 3: c56d41d3 (button) collected ($0.6)
Seat 4: e35d12da (small blind) folded before Flop
Seat 5: dd458023 (big blind) folded before Flop
Seat 6: afc57fba folded before Flop (didn't bet)


Poker Hand #HD1764338173: Hold'em No Limit ($0.05/$0.1) - 2024/05/08 20:15:31
Table 'NLHRed9' 6-max Seat #2 is the button
Seat 1: e29f78ed ($10 in chips)
Seat 2: Hero ($12.18 in chips)
Seat 3: c56d41d3 ($10 in chips)
Seat 4: e35d12da ($10.83 in chips)
Seat 5: dd458023 ($10 in chips)
Seat 6: afc57fba ($10.32 in chips)
c56d41d3: posts small blind $0.05
e35d12da: posts big blind $0.1
*** HOLE CARDS ***
Dealt to e29f78ed 
Dealt to Hero [2s Qc]
Dealt to c56d41d3 
Dealt to e35d12da 
Dealt to dd458023 
Dealt to afc57fba 
dd458023: folds
afc57fba: folds
e29f78ed: raises $0.13 to $0.23
Hero: folds
c56d41d3: raises $0.83 to $1.06
e35d12da: folds
e29f78ed: folds
Uncalled bet ($0.83) returned to c56d41d3
*** SHOWDOWN ***
c56d41d3 collected $0.54 from pot
*** SUMMARY ***
Total pot $0.56 | Rake $0.02 | Jackpot $0 | Bingo $0 | Fortune $0 | Tax $0
Seat 1: e29f78ed folded before Flop
Seat 2: Hero (button) folded before Flop (didn't bet)
Seat 3: c56d41d3 (small blind) collected ($0.54)
Seat 4: e35d12da (big blind) folded before Flop
Seat 5: dd458023 folded before Flop (didn't bet)
Seat 6: afc57fba folded before Flop (didn't bet)


Poker Hand #HD1764338136: Hold'em No Limit ($0.05/$0.1) - 2024/05/08 20:15:14
Table 'NLHRed9' 6-max Seat #1 is the button
Seat 1: e29f78ed ($10 in chips)
Seat 2: Hero ($12.23 in chips)
Seat 3: c56d41d3 ($10 in chips)
Seat 4: e35d12da ($10.68 in chips)
Seat 5: dd458023 ($10 in chips)
Seat 6: afc57fba ($10.32 in chips)
Hero: posts small blind $0.05
c56d41d3: posts big blind $0.1
*** HOLE CARDS ***
Dealt to e29f78ed 
Dealt to Hero [Kc 6s]
Dealt to c56d41d3 
Dealt to e35d12da 
Dealt to dd458023 
Dealt to afc57fba 
e35d12da: raises $0.15 to $0.25
dd458023: folds
afc57fba: folds
e29f78ed: folds
Hero: folds
c56d41d3: folds
Uncalled bet ($0.15) returned to e35d12da
*** SHOWDOWN ***
e35d12da collected $0.25 from pot
*** SUMMARY ***
Total pot $0.25 | Rake $0 | Jackpot $0 | Bingo $0 | Fortune $0 | Tax $0
Seat 1: e29f78ed (button) folded before Flop (didn't bet)
Seat 2: Hero (small blind) folded before Flop
Seat 3: c56d41d3 (big blind) folded before Flop
Seat 4: e35d12da collected ($0.25)
Seat 5: dd458023 folded before Flop (didn't bet)
Seat 6: afc57fba folded before Flop (didn't bet)


Poker Hand #HD1764338035: Hold'em No Limit ($0.05/$0.1) - 2024/05/08 20:14:23
Table 'NLHRed9' 6-max Seat #6 is the button
Seat 1: e29f78ed ($10 in chips)
Seat 2: Hero ($11.78 in chips)
Seat 3: c56d41d3 ($10 in chips)
Seat 4: e35d12da ($10.68 in chips)
Seat 5: dd458023 ($10.23 in chips)
Seat 6: afc57fba ($10.32 in chips)
e29f78ed: posts small blind $0.05
Hero: posts big blind $0.1
*** HOLE CARDS ***
Dealt to e29f78ed 
Dealt to Hero [Qc As]
Dealt to c56d41d3 
Dealt to e35d12da 
Dealt to dd458023 
Dealt to afc57fba 
c56d41d3: folds
e35d12da: folds
dd458023: raises $0.15 to $0.25
afc57fba: folds
e29f78ed: folds
Hero: calls $0.15
*** FLOP *** [4s Ad 9c]
Hero: checks
dd458023: bets $0.19
Hero: calls $0.19
*** TURN *** [4s Ad 9c] [Td]
Hero: checks
dd458023: checks
*** RIVER *** [4s Ad 9c Td] [3s]
Hero: bets $0.62
dd458023: folds
Uncalled bet ($0.62) returned to Hero
*** SHOWDOWN ***
Hero collected $0.89 from pot
*** SUMMARY ***
Total pot $0.93 | Rake $0.04 | Jackpot $0 | Bingo $0 | Fortune $0 | Tax $0
Board [4s Ad 9c Td 3s]
Seat 1: e29f78ed (small blind) folded before Flop
Seat 2: Hero (big blind) won ($0.89)
Seat 3: c56d41d3 folded before Flop (didn't bet)
Seat 4: e35d12da folded before Flop (didn't bet)
Seat 5: dd458023 folded on the River
Seat 6: afc57fba (button) folded before Flop (didn't bet)


Poker Hand #HD1764337982: Hold'em No Limit ($0.05/$0.1) - 2024/05/08 20:14:01
Table 'NLHRed9' 6-max Seat #5 is the button
Seat 1: e29f78ed ($10 in chips)
Seat 2: Hero ($11.78 in chips)
Seat 3: c56d41d3 ($10 in chips)
Seat 4: e35d12da ($10.68 in chips)
Seat 5: dd458023 ($10.08 in chips)
Seat 6: afc57fba ($10.37 in chips)
afc57fba: posts small blind $0.05
e29f78ed: posts big blind $0.1
*** HOLE CARDS ***
Dealt to e29f78ed 
Dealt to Hero [5h Qd]
Dealt to c56d41d3 
Dealt to e35d12da 
Dealt to dd458023 
Dealt to afc57fba 
Hero: folds
c56d41d3: folds
e35d12da: folds
dd458023: raises $0.15 to $0.25
afc57fba: folds
e29f78ed: folds
Uncalled bet ($0.15) returned to dd458023
*** SHOWDOWN ***
dd458023 collected $0.25 from pot
*** SUMMARY ***
Total pot $0.25 | Rake $0 | Jackpot $0 | Bingo $0 | Fortune $0 | Tax $0
Seat 1: e29f78ed (big blind) folded before Flop
Seat 2: Hero folded before Flop (didn't bet)
Seat 3: c56d41d3 folded before Flop (didn't bet)
Seat 4: e35d12da folded before Flop (didn't bet)
Seat 5: dd458023 (button) collected ($0.25)
Seat 6: afc57fba (small blind) folded before Flop


Poker Hand #HD1764337929: Hold'em No Limit ($0.05/$0.1) - 2024/05/08 20:13:31
Table 'NLHRed9' 6-max Seat #4 is the button
Seat 1: e29f78ed ($10 in chips)
Seat 2: Hero ($11.78 in chips)
Seat 3: c56d41d3 ($10 in chips)
Seat 4: e35d12da ($10.53 in chips)
Seat 5: dd458023 ($10.13 in chips)
Seat 6: afc57fba ($10.47 in chips)
dd458023: posts small blind $0.05
afc57fba: posts big blind $0.1
*** HOLE CARDS ***
Dealt to e29f78ed 
Dealt to Hero [4s 6s]
Dealt to c56d41d3 
Dealt to e35d12da 
Dealt to dd458023 
Dealt to afc57fba 
e29f78ed: folds
Hero: folds
c56d41d3: folds
e35d12da: raises $0.15 to $0.25
dd458023: folds
afc57fba: folds
Uncalled bet ($0.15) returned to e35d12da
*** SHOWDOWN ***
e35d12da collected $0.25 from pot
*** SUMMARY ***
Total pot $0.25 | Rake $0 | Jackpot $0 | Bingo $0 | Fortune $0 | Tax $0
Seat 1: e29f78ed folded before Flop (didn't bet)
Seat 2: Hero folded before Flop (didn't bet)
Seat 3: c56d41d3 folded before Flop (didn't bet)
Seat 4: e35d12da (button) collected ($0.25)
Seat 5: dd458023 (small blind) folded before Flop
Seat 6: afc57fba (big blind) folded before Flop


Poker Hand #HD1764337901: Hold'em No Limit ($0.05/$0.1) - 2024/05/08 20:13:17
Table 'NLHRed9' 6-max Seat #3 is the button
Seat 1: e29f78ed ($10 in chips)
Seat 2: Hero ($11.78 in chips)
Seat 3: c56d41d3 ($10 in chips)
Seat 4: e35d12da ($10.58 in chips)
Seat 5: dd458023 ($10.08 in chips)
Seat 6: afc57fba ($10.47 in chips)
e35d12da: posts small blind $0.05
dd458023: posts big blind $0.1
*** HOLE CARDS ***
Dealt to e29f78ed 
Dealt to Hero [Ac 4h]
Dealt to c56d41d3 
Dealt to e35d12da 
Dealt to dd458023 
Dealt to afc57fba 
afc57fba: folds
e29f78ed: folds
Hero: folds
c56d41d3: folds
e35d12da: folds
Uncalled bet ($0.05) returned to dd458023
*** SHOWDOWN ***
dd458023 collected $0.1 from pot
*** SUMMARY ***
Total pot $0.1 | Rake $0 | Jackpot $0 | Bingo $0 | Fortune $0 | Tax $0
Seat 1: e29f78ed folded before Flop (didn't bet)
Seat 2: Hero folded before Flop (didn't bet)
Seat 3: c56d41d3 (button) folded before Flop (didn't bet)
Seat 4: e35d12da (small blind) folded before Flop
Seat 5: dd458023 (big blind) collected ($0.1)
Seat 6: afc57fba folded before Flop (didn't bet)


Poker Hand #HD1764337805: Hold'em No Limit ($0.05/$0.1) - 2024/05/08 20:12:30
Table 'NLHRed9' 6-max Seat #2 is the button
Seat 1: e29f78ed ($10 in chips)
Seat 2: Hero ($11.78 in chips)
Seat 3: c56d41d3 ($10 in chips)
Seat 4: e35d12da ($10.3 in chips)
Seat 5: dd458023 ($10.33 in chips)
Seat 6: afc57fba ($10.47 in chips)
c56d41d3: posts small blind $0.05
e35d12da: posts big blind $0.1
*** HOLE CARDS ***
Dealt to e29f78ed 
Dealt to Hero [7h Tc]
Dealt to c56d41d3 
Dealt to e35d12da 
Dealt to dd458023 
Dealt to afc57fba 
dd458023: raises $0.15 to $0.25
afc57fba: folds
e29f78ed: folds
Hero: folds
c56d41d3: folds
e35d12da: calls $0.15
*** FLOP *** [3c Th 8c]
e35d12da: checks
dd458023: checks
*** TURN *** [3c Th 8c] [3h]
e35d12da: bets $0.25
dd458023: folds
Uncalled bet ($0.25) returned to e35d12da
*** SHOWDOWN ***
e35d12da collected $0.53 from pot
*** SUMMARY ***
Total pot $0.55 | Rake $0.02 | Jackpot $0 | Bingo $0 | Fortune $0 | Tax $0
Board [3c Th 8c 3h]
Seat 1: e29f78ed folded before Flop (didn't bet)
Seat 2: Hero (button) folded before Flop (didn't bet)
Seat 3: c56d41d3 (small blind) folded before Flop
Seat 4: e35d12da (big blind) won ($0.53)
Seat 5: dd458023 folded on the Turn
Seat 6: afc57fba folded before Flop (didn't bet)


Poker Hand #HD1764337718: Hold'em No Limit ($0.05/$0.1) - 2024/05/08 20:11:48
Table 'NLHRed9' 6-max Seat #1 is the button
Seat 1: e29f78ed ($10 in chips)
Seat 2: Hero ($11.68 in chips)
Seat 3: c56d41d3 ($10 in chips)
Seat 4: e35d12da ($10.3 in chips)
Seat 5: dd458023 ($10.33 in chips)
Seat 6: afc57fba ($10.47 in chips)
Hero: posts small blind $0.05
c56d41d3: posts big blind $0.1
*** HOLE CARDS ***
Dealt to e29f78ed 
Dealt to Hero [8s Js]
Dealt to c56d41d3 
Dealt to e35d12da 
Dealt to dd458023 
Dealt to afc57fba 
e35d12da: folds
dd458023: folds
afc57fba: folds
e29f78ed: folds
Hero: raises $0.2 to $0.3
c56d41d3: folds
Uncalled bet ($0.2) returned to Hero
*** SHOWDOWN ***
Hero collected $0.2 from pot
*** SUMMARY ***
Total pot $0.2 | Rake $0 | Jackpot $0 | Bingo $0 | Fortune $0 | Tax $0
Seat 1: e29f78ed (button) folded before Flop (didn't bet)
Seat 2: Hero (small blind) collected ($0.2)
Seat 3: c56d41d3 (big blind) folded before Flop
Seat 4: e35d12da folded before Flop (didn't bet)
Seat 5: dd458023 folded before Flop (didn't bet)
Seat 6: afc57fba folded before Flop (didn't bet)


Poker Hand #HD1764337667: Hold'em No Limit ($0.05/$0.1) - 2024/05/08 20:11:26
Table 'NLHRed9' 6-max Seat #6 is the button
Seat 1: e29f78ed ($10 in chips)
Seat 2: Hero ($11.78 in chips)
Seat 4: e35d12da ($10.15 in chips)
Seat 5: dd458023 ($10.33 in chips)
Seat 6: afc57fba ($10.47 in chips)
e29f78ed: posts small blind $0.05
Hero: posts big blind $0.1
*** HOLE CARDS ***
Dealt to e29f78ed 
Dealt to Hero [5h 8h]
Dealt to e35d12da 
Dealt to dd458023 
Dealt to afc57fba 
e35d12da: raises $0.15 to $0.25
dd458023: folds
afc57fba: folds
e29f78ed: folds
Hero: folds
Uncalled bet ($0.15) returned to e35d12da
*** SHOWDOWN ***
e35d12da collected $0.25 from pot
*** SUMMARY ***
Total pot $0.25 | Rake $0 | Jackpot $0 | Bingo $0 | Fortune $0 | Tax $0
Seat 1: e29f78ed (small blind) folded before Flop
Seat 2: Hero (big blind) folded before Flop
Seat 4: e35d12da collected ($0.25)
Seat 5: dd458023 folded before Flop (didn't bet)
Seat 6: afc57fba (button) folded before Flop (didn't bet)


Poker Hand #HD1764337605: Hold'em No Limit ($0.05/$0.1) - 2024/05/08 20:10:59
Table 'NLHRed9' 6-max Seat #5 is the button
Seat 1: e29f78ed ($10 in chips)
Seat 2: Hero ($11.78 in chips)
Seat 4: e35d12da ($10 in chips)
Seat 5: dd458023 ($10.33 in chips)
Seat 6: afc57fba ($10.52 in chips)
afc57fba: posts small blind $0.05
e29f78ed: posts big blind $0.1
*** HOLE CARDS ***
Dealt to e29f78ed 
Dealt to Hero [4d 5d]
Dealt to e35d12da 
Dealt to dd458023 
Dealt to afc57fba 
Hero: folds
e35d12da: raises $0.15 to $0.25
dd458023: folds
afc57fba: folds
e29f78ed: folds
Uncalled bet ($0.15) returned to e35d12da
*** SHOWDOWN ***
e35d12da collected $0.25 from pot
*** SUMMARY ***
Total pot $0.25 | Rake $0 | Jackpot $0 | Bingo $0 | Fortune $0 | Tax $0
Seat 1: e29f78ed (big blind) folded before Flop
Seat 2: Hero folded before Flop (didn't bet)
Seat 4: e35d12da collected ($0.25)
Seat 5: dd458023 (button) folded before Flop (didn't bet)
Seat 6: afc57fba (small blind) folded before Flop


Poker Hand #HD1764337572: Hold'em No Limit ($0.05/$0.1) - 2024/05/08 20:10:38
Table 'NLHRed9' 6-max Seat #4 is the button
Seat 1: e29f78ed ($10 in chips)
Seat 2: Hero ($11.78 in chips)
Seat 4: e35d12da ($10 in chips)
Seat 5: dd458023 ($10.23 in chips)
Seat 6: afc57fba ($10.62 in chips)
dd458023: posts small blind $0.05
afc57fba: posts big blind $0.1
*** HOLE CARDS ***
Dealt to e29f78ed 
Dealt to Hero [7c 5d]
Dealt to e35d12da 
Dealt to dd458023 
Dealt to afc57fba 
e29f78ed: folds
Hero: folds
e35d12da: folds
dd458023: raises $0.15 to $0.25
afc57fba: folds
Uncalled bet ($0.15) returned to dd458023
*** SHOWDOWN ***
dd458023 collected $0.2 from pot
*** SUMMARY ***
Total pot $0.2 | Rake $0 | Jackpot $0 | Bingo $0 | Fortune $0 | Tax $0
Seat 1: e29f78ed folded before Flop (didn't bet)
Seat 2: Hero folded before Flop (didn't bet)
Seat 4: e35d12da (button) folded before Flop (didn't bet)
Seat 5: dd458023 (small blind) collected ($0.2)
Seat 6: afc57fba (big blind) folded before Flop


Poker Hand #HD1764337532: Hold'em No Limit ($0.05/$0.1) - 2024/05/08 20:10:19
Table 'NLHRed9' 6-max Seat #2 is the button
Seat 1: e29f78ed ($10 in chips)
Seat 2: Hero ($11.78 in chips)
Seat 4: e35d12da ($9.9 in chips)
Seat 5: dd458023 ($10.33 in chips)
Seat 6: afc57fba ($10.62 in chips)
e35d12da: posts small blind $0.05
dd458023: posts big blind $0.1
*** HOLE CARDS ***
Dealt to e29f78ed 
Dealt to Hero [2d Qh]
Dealt to e35d12da 
Dealt to dd458023 
Dealt to afc57fba 
afc57fba: folds
e29f78ed: folds
Hero: folds
e35d12da: raises $0.16 to $0.26
dd458023: folds
Uncalled bet ($0.16) returned to e35d12da
*** SHOWDOWN ***
e35d12da collected $0.2 from pot
*** SUMMARY ***
Total pot $0.2 | Rake $0 | Jackpot $0 | Bingo $0 | Fortune $0 | Tax $0
Seat 1: e29f78ed folded before Flop (didn't bet)
Seat 2: Hero (button) folded before Flop (didn't bet)
Seat 4: e35d12da (small blind) collected ($0.2)
Seat 5: dd458023 (big blind) folded before Flop
Seat 6: afc57fba folded before Flop (didn't bet)


Poker Hand #HD1764337490: Hold'em No Limit ($0.05/$0.1) - 2024/05/08 20:09:59
Table 'NLHRed9' 6-max Seat #1 is the button
Seat 1: e29f78ed ($10 in chips)
Seat 2: Hero ($11.83 in chips)
Seat 4: e35d12da ($10 in chips)
Seat 5: dd458023 ($10.33 in chips)
Seat 6: afc57fba ($10.47 in chips)
Hero: posts small blind $0.05
e35d12da: posts big blind $0.1
*** HOLE CARDS ***
Dealt to e29f78ed 
Dealt to Hero [8h 7s]
Dealt to e35d12da 
Dealt to dd458023 
Dealt to afc57fba 
dd458023: folds
afc57fba: raises $0.2 to $0.3
e29f78ed: folds
Hero: folds
e35d12da: folds
Uncalled bet ($0.2) returned to afc57fba
*** SHOWDOWN ***
afc57fba collected $0.25 from pot
*** SUMMARY ***
Total pot $0.25 | Rake $0 | Jackpot $0 | Bingo $0 | Fortune $0 | Tax $0
Seat 1: e29f78ed (button) folded before Flop (didn't bet)
Seat 2: Hero (small blind) folded before Flop
Seat 4: e35d12da (big blind) folded before Flop
Seat 5: dd458023 folded before Flop (didn't bet)
Seat 6: afc57fba collected ($0.25)


Poker Hand #HD1764337452: Hold'em No Limit ($0.05/$0.1) - 2024/05/08 20:09:34
Table 'NLHRed9' 6-max Seat #6 is the button
Seat 1: e29f78ed ($10.05 in chips)
Seat 2: Hero ($11.93 in chips)
Seat 3: f74d01fa ($20.64 in chips)
Seat 5: dd458023 ($10 in chips)
Seat 6: afc57fba ($10.47 in chips)
e29f78ed: posts small blind $0.05
Hero: posts big blind $0.1
*** HOLE CARDS ***
Dealt to e29f78ed 
Dealt to Hero [9h 3s]
Dealt to f74d01fa 
Dealt to dd458023 
Dealt to afc57fba 
f74d01fa: raises $0.1 to $0.2
dd458023: raises $0.55 to $0.75
afc57fba: folds
e29f78ed: folds
Hero: folds
f74d01fa: folds
Uncalled bet ($0.55) returned to dd458023
*** SHOWDOWN ***
dd458023 collected $0.53 from pot
*** SUMMARY ***
Total pot $0.55 | Rake $0.02 | Jackpot $0 | Bingo $0 | Fortune $0 | Tax $0
Seat 1: e29f78ed (small blind) folded before Flop
Seat 2: Hero (big blind) folded before Flop
Seat 3: f74d01fa folded before Flop
Seat 5: dd458023 collected ($0.53)
Seat 6: afc57fba (button) folded before Flop (didn't bet)


Poker Hand #HD1764337416: Hold'em No Limit ($0.05/$0.1) - 2024/05/08 20:09:16
Table 'NLHRed9' 6-max Seat #5 is the button
Seat 1: e29f78ed ($10 in chips)
Seat 2: Hero ($11.93 in chips)
Seat 3: f74d01fa ($20.64 in chips)
Seat 5: dd458023 ($10 in chips)
Seat 6: afc57fba ($10.52 in chips)
afc57fba: posts small blind $0.05
e29f78ed: posts big blind $0.1
*** HOLE CARDS ***
Dealt to e29f78ed 
Dealt to Hero [Qh 4s]
Dealt to f74d01fa 
Dealt to dd458023 
Dealt to afc57fba 
Hero: folds
f74d01fa: folds
dd458023: folds
afc57fba: folds
Uncalled bet ($0.05) returned to e29f78ed
*** SHOWDOWN ***
e29f78ed collected $0.1 from pot
*** SUMMARY ***
Total pot $0.1 | Rake $0 | Jackpot $0 | Bingo $0 | Fortune $0 | Tax $0
Seat 1: e29f78ed (big blind) collected ($0.1)
Seat 2: Hero folded before Flop (didn't bet)
Seat 3: f74d01fa folded before Flop (didn't bet)
Seat 5: dd458023 (button) folded before Flop (didn't bet)
Seat 6: afc57fba (small blind) folded before Flop


Poker Hand #HD1764337302: Hold'em No Limit ($0.05/$0.1) - 2024/05/08 20:08:16
Table 'NLHRed9' 6-max Seat #4 is the button
Seat 2: Hero ($11.93 in chips)
Seat 3: f74d01fa ($15.58 in chips)
Seat 4: e1c31fb4 ($5.55 in chips)
Seat 5: dd458023 ($10.05 in chips)
Seat 6: afc57fba ($10.62 in chips)
dd458023: posts small blind $0.05
afc57fba: posts big blind $0.1
*** HOLE CARDS ***
Dealt to Hero [9h 2d]
Dealt to f74d01fa 
Dealt to e1c31fb4 
Dealt to dd458023 
Dealt to afc57fba 
Hero: folds
f74d01fa: raises $0.1 to $0.2
e1c31fb4: raises $0.42 to $0.62
dd458023: folds
afc57fba: folds
f74d01fa: raises $1.05 to $1.67
e1c31fb4: calls $1.05
*** FLOP *** [Qd 8c 8s]
f74d01fa: checks
e1c31fb4: bets $3.88 and is all-in
f74d01fa: calls $3.88
e1c31fb4: shows [Jd Ad] (Pair of Eights)
f74d01fa: shows [Kd Kh] (Pair of Kings and Pair of Eights)
*** FIRST TURN *** [Qd 8c 8s] [2s]
*** FIRST RIVER *** [Qd 8c 8s 2s] [7c]
*** SECOND TURN *** [Qd 8c 8s] [9d]
*** SECOND RIVER *** [Qd 8c 8s 9d] [6h]
*** FIRST SHOWDOWN ***
f74d01fa collected $5.31 from pot
*** SECOND SHOWDOWN ***
f74d01fa collected $5.3 from pot
*** SUMMARY ***
Total pot $11.25 | Rake $0.54 | Jackpot $0.1 | Bingo $0 | Fortune $0 | Tax $0
Hand was run two times
FIRST Board [Qd 8c 8s 2s 7c]
SECOND Board [9d 6h]
Seat 2: Hero folded before Flop (didn't bet)
Seat 3: f74d01fa showed [Kd Kh] and won ($5.31) with Pair of Kings and Pair of Eights, and won ($5.3)
Seat 4: e1c31fb4 (button) showed [Jd Ad] and lost with Pair of Eights, and lost
Seat 5: dd458023 (small blind) folded before Flop
Seat 6: afc57fba (big blind) folded before Flop


Poker Hand #HD1764337240: Hold'em No Limit ($0.05/$0.1) - 2024/05/08 20:07:43
Table 'NLHRed9' 6-max Seat #3 is the button
Seat 2: Hero ($11.93 in chips)
Seat 3: f74d01fa ($16.08 in chips)
Seat 4: e1c31fb4 ($5 in chips)
Seat 5: dd458023 ($10.15 in chips)
Seat 6: afc57fba ($10.62 in chips)
e1c31fb4: posts small blind $0.05
dd458023: posts big blind $0.1
*** HOLE CARDS ***
Dealt to Hero [3d 6c]
Dealt to f74d01fa 
Dealt to e1c31fb4 
Dealt to dd458023 
Dealt to afc57fba 
afc57fba: folds
Hero: folds
f74d01fa: raises $0.1 to $0.2
e1c31fb4: calls $0.15
dd458023: folds
*** FLOP *** [3h Ks 2d]
e1c31fb4: checks
f74d01fa: bets $0.3
e1c31fb4: calls $0.3
*** TURN *** [3h Ks 2d] [5c]
e1c31fb4: checks
f74d01fa: checks
*** RIVER *** [3h Ks 2d 5c] [As]
e1c31fb4: checks
f74d01fa: checks
e1c31fb4: shows [9c Ad] (Pair of Aces)
f74d01fa: shows [Ts Js] (Ace-High)
*** SHOWDOWN ***
e1c31fb4 collected $1.05 from pot
*** SUMMARY ***
Total pot $1.1 | Rake $0.05 | Jackpot $0 | Bingo $0 | Fortune $0 | Tax $0
Board [3h Ks 2d 5c As]
Seat 2: Hero folded before Flop (didn't bet)
Seat 3: f74d01fa (button) showed [Ts Js] and lost with Ace-High
Seat 4: e1c31fb4 (small blind) showed [9c Ad] and won ($1.05) with Pair of Aces
Seat 5: dd458023 (big blind) folded before Flop
Seat 6: afc57fba folded before Flop (didn't bet)


Poker Hand #HD1764337157: Hold'em No Limit ($0.05/$0.1) - 2024/05/08 20:07:01
Table 'NLHRed9' 6-max Seat #2 is the button
Seat 2: Hero ($11.93 in chips)
Seat 3: f74d01fa ($16.13 in chips)
Seat 4: e1c31fb4 ($5.52 in chips)
Seat 5: dd458023 ($10.15 in chips)
Seat 6: afc57fba ($10.1 in chips)
f74d01fa: posts small blind $0.05
e1c31fb4: posts big blind $0.1
*** HOLE CARDS ***
Dealt to Hero [Qd 7h]
Dealt to f74d01fa 
Dealt to e1c31fb4 
Dealt to dd458023 
Dealt to afc57fba 
dd458023: folds
afc57fba: raises $0.2 to $0.3
Hero: folds
f74d01fa: folds
e1c31fb4: calls $0.2
*** FLOP *** [5d Jh 4d]
e1c31fb4: checks
afc57fba: bets $0.22
e1c31fb4: calls $0.22
*** TURN *** [5d Jh 4d] [Ts]
e1c31fb4: checks
afc57fba: checks
*** RIVER *** [5d Jh 4d Ts] [Qs]
e1c31fb4: checks
afc57fba: checks
e1c31fb4: shows [4h 6c] (Pair of Fours)
afc57fba: shows [8c 8h] (Pair of Eights)
*** SHOWDOWN ***
afc57fba collected $1.04 from pot
*** SUMMARY ***
Total pot $1.09 | Rake $0.05 | Jackpot $0 | Bingo $0 | Fortune $0 | Tax $0
Board [5d Jh 4d Ts Qs]
Seat 2: Hero (button) folded before Flop (didn't bet)
Seat 3: f74d01fa (small blind) folded before Flop
Seat 4: e1c31fb4 (big blind) showed [4h 6c] and lost with Pair of Fours
Seat 5: dd458023 folded before Flop (didn't bet)
Seat 6: afc57fba showed [8c 8h] and won ($1.04) with Pair of Eights


Poker Hand #HD1764337132: Hold'em No Limit ($0.05/$0.1) - 2024/05/08 20:06:46
Table 'NLHRed9' 6-max Seat #6 is the button
Seat 2: Hero ($11.98 in chips)
Seat 3: f74d01fa ($16.23 in chips)
Seat 4: e1c31fb4 ($5.52 in chips)
Seat 5: dd458023 ($10 in chips)
Seat 6: afc57fba ($10.1 in chips)
Hero: posts small blind $0.05
f74d01fa: posts big blind $0.1
*** HOLE CARDS ***
Dealt to Hero [6s Qs]
Dealt to f74d01fa 
Dealt to e1c31fb4 
Dealt to dd458023 
Dealt to afc57fba 
e1c31fb4: folds
dd458023: raises $0.15 to $0.25
afc57fba: folds
Hero: folds
f74d01fa: folds
Uncalled bet ($0.15) returned to dd458023
*** SHOWDOWN ***
dd458023 collected $0.25 from pot
*** SUMMARY ***
Total pot $0.25 | Rake $0 | Jackpot $0 | Bingo $0 | Fortune $0 | Tax $0
Seat 2: Hero (small blind) folded before Flop
Seat 3: f74d01fa (big blind) folded before Flop
Seat 4: e1c31fb4 folded before Flop (didn't bet)
Seat 5: dd458023 collected ($0.25)
Seat 6: afc57fba (button) folded before Flop (didn't bet)


Poker Hand #HD1764337096: Hold'em No Limit ($0.05/$0.1) - 2024/05/08 20:06:26
Table 'NLHRed9' 6-max Seat #5 is the button
Seat 2: Hero ($12.08 in chips)
Seat 3: f74d01fa ($16.23 in chips)
Seat 4: e1c31fb4 ($5.52 in chips)
Seat 5: dd458023 ($10 in chips)
Seat 6: afc57fba ($10 in chips)
afc57fba: posts small blind $0.05
Hero: posts big blind $0.1
*** HOLE CARDS ***
Dealt to Hero [2s Qd]
Dealt to f74d01fa 
Dealt to e1c31fb4 
Dealt to dd458023 
Dealt to afc57fba 
f74d01fa: folds
e1c31fb4: folds
dd458023: folds
afc57fba: raises $0.2 to $0.3
Hero: folds
Uncalled bet ($0.2) returned to afc57fba
*** SHOWDOWN ***
afc57fba collected $0.2 from pot
*** SUMMARY ***
Total pot $0.2 | Rake $0 | Jackpot $0 | Bingo $0 | Fortune $0 | Tax $0
Seat 2: Hero (big blind) folded before Flop
Seat 3: f74d01fa folded before Flop (didn't bet)
Seat 4: e1c31fb4 folded before Flop (didn't bet)
Seat 5: dd458023 (button) folded before Flop (didn't bet)
Seat 6: afc57fba (small blind) collected ($0.2)


Poker Hand #HD1764337062: Hold'em No Limit ($0.05/$0.1) - 2024/05/08 20:06:10
Table 'NLHRed9' 6-max Seat #4 is the button
Seat 1: 9f9ac2c6 ($11.84 in chips)
Seat 2: Hero ($12.08 in chips)
Seat 3: f74d01fa ($16.08 in chips)
Seat 4: e1c31fb4 ($5.52 in chips)
Seat 5: dd458023 ($10 in chips)
Seat 6: afc57fba ($10 in chips)
dd458023: posts small blind $0.05
afc57fba: posts big blind $0.1
*** HOLE CARDS ***
Dealt to 9f9ac2c6 
Dealt to Hero [6s Js]
Dealt to f74d01fa 
Dealt to e1c31fb4 
Dealt to dd458023 
Dealt to afc57fba 
9f9ac2c6: folds
Hero: folds
f74d01fa: raises $0.1 to $0.2
e1c31fb4: folds
dd458023: folds
afc57fba: folds
Uncalled bet ($0.1) returned to f74d01fa
*** SHOWDOWN ***
f74d01fa collected $0.25 from pot
*** SUMMARY ***
Total pot $0.25 | Rake $0 | Jackpot $0 | Bingo $0 | Fortune $0 | Tax $0
Seat 1: 9f9ac2c6 folded before Flop (didn't bet)
Seat 2: Hero folded before Flop (didn't bet)
Seat 3: f74d01fa collected ($0.25)
Seat 4: e1c31fb4 (button) folded before Flop (didn't bet)
Seat 5: dd458023 (small blind) folded before Flop
Seat 6: afc57fba (big blind) folded before Flop


Poker Hand #HD1764336938: Hold'em No Limit ($0.05/$0.1) - 2024/05/08 20:05:07
Table 'NLHRed9' 6-max Seat #3 is the button
Seat 1: 9f9ac2c6 ($10.53 in chips)
Seat 2: Hero ($12.08 in chips)
Seat 3: f74d01fa ($16.08 in chips)
Seat 4: e1c31fb4 ($6.86 in chips)
Seat 5: dd458023 ($10 in chips)
Seat 6: afc57fba ($10 in chips)
e1c31fb4: posts small blind $0.05
dd458023: posts big blind $0.1
*** HOLE CARDS ***
Dealt to 9f9ac2c6 
Dealt to Hero [3h 2c]
Dealt to f74d01fa 
Dealt to e1c31fb4 
Dealt to dd458023 
Dealt to afc57fba 
afc57fba: folds
9f9ac2c6: raises $0.12 to $0.22
Hero: folds
f74d01fa: folds
e1c31fb4: calls $0.17
dd458023: folds
*** FLOP *** [Qd 7h Td]
e1c31fb4: checks
9f9ac2c6: bets $0.27
e1c31fb4: calls $0.27
*** TURN *** [Qd 7h Td] [5h]
e1c31fb4: checks
9f9ac2c6: bets $0.85
e1c31fb4: calls $0.85
*** RIVER *** [Qd 7h Td 5h] [9c]
e1c31fb4: checks
9f9ac2c6: checks
e1c31fb4: shows [4h Jh] (Queen-High)
9f9ac2c6: shows [9h Kh] (Pair of Nines)
*** SHOWDOWN ***
9f9ac2c6 collected $2.65 from pot
*** SUMMARY ***
Total pot $2.78 | Rake $0.13 | Jackpot $0 | Bingo $0 | Fortune $0 | Tax $0
Board [Qd 7h Td 5h 9c]
Seat 1: 9f9ac2c6 showed [9h Kh] and won ($2.65) with Pair of Nines
Seat 2: Hero folded before Flop (didn't bet)
Seat 3: f74d01fa (button) folded before Flop (didn't bet)
Seat 4: e1c31fb4 (small blind) showed [4h Jh] and lost with Queen-High
Seat 5: dd458023 (big blind) folded before Flop
Seat 6: afc57fba folded before Flop (didn't bet)


Poker Hand #HD1764336805: Hold'em No Limit ($0.05/$0.1) - 2024/05/08 20:03:59
Table 'NLHRed9' 6-max Seat #2 is the button
Seat 1: 9f9ac2c6 ($10.53 in chips)
Seat 2: Hero ($12.08 in chips)
Seat 3: f74d01fa ($16.13 in chips)
Seat 4: e1c31fb4 ($6.34 in chips)
Seat 5: dd458023 ($10 in chips)
Seat 6: afc57fba ($10 in chips)
f74d01fa: posts small blind $0.05
e1c31fb4: posts big blind $0.1
*** HOLE CARDS ***
Dealt to 9f9ac2c6 
Dealt to Hero [7s 9h]
Dealt to f74d01fa 
Dealt to e1c31fb4 
Dealt to dd458023 
Dealt to afc57fba 
dd458023: folds
afc57fba: raises $0.2 to $0.3
9f9ac2c6: folds
Hero: folds
f74d01fa: folds
e1c31fb4: calls $0.2
*** FLOP *** [2h 2s 8d]
e1c31fb4: checks
afc57fba: bets $0.22
e1c31fb4: calls $0.22
*** TURN *** [2h 2s 8d] [2c]
e1c31fb4: checks
afc57fba: checks
*** RIVER *** [2h 2s 8d 2c] [5d]
e1c31fb4: bets $0.56
afc57fba: folds
Uncalled bet ($0.56) returned to e1c31fb4
*** SHOWDOWN ***
e1c31fb4 collected $1.04 from pot
*** SUMMARY ***
Total pot $1.09 | Rake $0.05 | Jackpot $0 | Bingo $0 | Fortune $0 | Tax $0
Board [2h 2s 8d 2c 5d]
Seat 1: 9f9ac2c6 folded before Flop (didn't bet)
Seat 2: Hero (button) folded before Flop (didn't bet)
Seat 3: f74d01fa (small blind) folded before Flop
Seat 4: e1c31fb4 (big blind) won ($1.04)
Seat 5: dd458023 folded before Flop (didn't bet)
Seat 6: afc57fba folded on the River


Poker Hand #HD1764336712: Hold'em No Limit ($0.05/$0.1) - 2024/05/08 20:03:15
Table 'NLHRed9' 6-max Seat #1 is the button
Seat 1: 9f9ac2c6 ($10.53 in chips)
Seat 2: Hero ($11.63 in chips)
Seat 3: f74d01fa ($16.63 in chips)
Seat 4: e1c31fb4 ($6.34 in chips)
Seat 5: dd458023 ($10 in chips)
Seat 6: afc57fba ($10 in chips)
Hero: posts small blind $0.05
f74d01fa: posts big blind $0.1
*** HOLE CARDS ***
Dealt to 9f9ac2c6 
Dealt to Hero [8c Ad]
Dealt to f74d01fa 
Dealt to e1c31fb4 
Dealt to dd458023 
Dealt to afc57fba 
e1c31fb4: folds
dd458023: folds
afc57fba: folds
9f9ac2c6: folds
Hero: raises $0.2 to $0.3
f74d01fa: calls $0.2
*** FLOP *** [9c 6d 3c]
Hero: bets $0.2
f74d01fa: calls $0.2
*** TURN *** [9c 6d 3c] [As]
Hero: bets $0.6
f74d01fa: folds
Uncalled bet ($0.6) returned to Hero
*** SHOWDOWN ***
Hero collected $0.95 from pot
*** SUMMARY ***
Total pot $1 | Rake $0.05 | Jackpot $0 | Bingo $0 | Fortune $0 | Tax $0
Board [9c 6d 3c As]
Seat 1: 9f9ac2c6 (button) folded before Flop (didn't bet)
Seat 2: Hero (small blind) won ($0.95)
Seat 3: f74d01fa (big blind) folded on the Turn
Seat 4: e1c31fb4 folded before Flop (didn't bet)
Seat 5: dd458023 folded before Flop (didn't bet)
Seat 6: afc57fba folded before Flop (didn't bet)


Poker Hand #HD1764336578: Hold'em No Limit ($0.05/$0.1) - 2024/05/08 20:02:08
Table 'NLHRed9' 6-max Seat #6 is the button
Seat 1: 9f9ac2c6 ($10.58 in chips)
Seat 2: Hero ($11.73 in chips)
Seat 3: f74d01fa ($18.33 in chips)
Seat 4: e1c31fb4 ($4.76 in chips)
Seat 5: dd458023 ($10 in chips)
Seat 6: afc57fba ($10 in chips)
9f9ac2c6: posts small blind $0.05
Hero: posts big blind $0.1
*** HOLE CARDS ***
Dealt to 9f9ac2c6 
Dealt to Hero [5c As]
Dealt to f74d01fa 
Dealt to e1c31fb4 
Dealt to dd458023 
Dealt to afc57fba 
f74d01fa: raises $0.1 to $0.2
e1c31fb4: raises $0.61 to $0.81
dd458023: folds
afc57fba: folds
9f9ac2c6: folds
Hero: folds
f74d01fa: calls $0.61
*** FLOP *** [7h Jh 4d]
f74d01fa: checks
e1c31fb4: checks
*** TURN *** [7h Jh 4d] [Jc]
f74d01fa: checks
e1c31fb4: bets $0.89
f74d01fa: calls $0.89
*** RIVER *** [7h Jh 4d Jc] [3c]
f74d01fa: checks
e1c31fb4: bets $3.06 and is all-in
f74d01fa: folds
Uncalled bet ($3.06) returned to e1c31fb4
e1c31fb4: shows [Ts Ks] (Pair of Jacks)
*** SHOWDOWN ***
e1c31fb4 collected $3.28 from pot
*** SUMMARY ***
Total pot $3.55 | Rake $0.17 | Jackpot $0.1 | Bingo $0 | Fortune $0 | Tax $0
Board [7h Jh 4d Jc 3c]
Seat 1: 9f9ac2c6 (small blind) folded before Flop
Seat 2: Hero (big blind) folded before Flop
Seat 3: f74d01fa folded on the River
Seat 4: e1c31fb4 showed [Ts Ks] and won ($3.28)
Seat 5: dd458023 folded before Flop (didn't bet)
Seat 6: afc57fba (button) folded before Flop (didn't bet)


Poker Hand #HD1764336541: Hold'em No Limit ($0.05/$0.1) - 2024/05/08 20:01:49
Table 'NLHRed9' 6-max Seat #5 is the button
Seat 1: 9f9ac2c6 ($10.68 in chips)
Seat 2: Hero ($11.73 in chips)
Seat 3: f74d01fa ($18.33 in chips)
Seat 4: e1c31fb4 ($4.61 in chips)
Seat 5: dd458023 ($10 in chips)
Seat 6: afc57fba ($10 in chips)
afc57fba: posts small blind $0.05
9f9ac2c6: posts big blind $0.1
*** HOLE CARDS ***
Dealt to 9f9ac2c6 
Dealt to Hero [Th 8c]
Dealt to f74d01fa 
Dealt to e1c31fb4 
Dealt to dd458023 
Dealt to afc57fba 
Hero: folds
f74d01fa: folds
e1c31fb4: raises $0.2 to $0.3
dd458023: folds
afc57fba: folds
9f9ac2c6: folds
Uncalled bet ($0.2) returned to e1c31fb4
*** SHOWDOWN ***
e1c31fb4 collected $0.25 from pot
*** SUMMARY ***
Total pot $0.25 | Rake $0 | Jackpot $0 | Bingo $0 | Fortune $0 | Tax $0
Seat 1: 9f9ac2c6 (big blind) folded before Flop
Seat 2: Hero folded before Flop (didn't bet)
Seat 3: f74d01fa folded before Flop (didn't bet)
Seat 4: e1c31fb4 collected ($0.25)
Seat 5: dd458023 (button) folded before Flop (didn't bet)
Seat 6: afc57fba (small blind) folded before Flop


Poker Hand #HD1764336472: Hold'em No Limit ($0.05/$0.1) - 2024/05/08 20:01:15
Table 'NLHRed9' 6-max Seat #4 is the button
Seat 1: 9f9ac2c6 ($10.68 in chips)
Seat 2: Hero ($11.73 in chips)
Seat 3: f74d01fa ($18.95 in chips)
Seat 4: e1c31fb4 ($3.91 in chips)
Seat 5: dd458023 ($10 in chips)
Seat 6: afc57fba ($10 in chips)
dd458023: posts small blind $0.05
afc57fba: posts big blind $0.1
*** HOLE CARDS ***
Dealt to 9f9ac2c6 
Dealt to Hero [Kc 4h]
Dealt to f74d01fa 
Dealt to e1c31fb4 
Dealt to dd458023 
Dealt to afc57fba 
9f9ac2c6: folds
Hero: folds
f74d01fa: raises $0.1 to $0.2
e1c31fb4: raises $0.42 to $0.62
dd458023: folds
afc57fba: folds
f74d01fa: calls $0.42
*** FLOP *** [2d 2s 8h]
f74d01fa: checks
e1c31fb4: bets $3.29 and is all-in
f74d01fa: folds
Uncalled bet ($3.29) returned to e1c31fb4
*** SHOWDOWN ***
e1c31fb4 collected $1.32 from pot
*** SUMMARY ***
Total pot $1.39 | Rake $0.07 | Jackpot $0 | Bingo $0 | Fortune $0 | Tax $0
Board [2d 2s 8h]
Seat 1: 9f9ac2c6 folded before Flop (didn't bet)
Seat 2: Hero folded before Flop (didn't bet)
Seat 3: f74d01fa folded on the Flop
Seat 4: e1c31fb4 (button) won ($1.32)
Seat 5: dd458023 (small blind) folded before Flop
Seat 6: afc57fba (big blind) folded before Flop


Poker Hand #HD1764336441: Hold'em No Limit ($0.05/$0.1) - 2024/05/08 20:01:00
Table 'NLHRed9' 6-max Seat #3 is the button
Seat 1: 9f9ac2c6 ($10.68 in chips)
Seat 2: Hero ($11.58 in chips)
Seat 3: f74d01fa ($18.95 in chips)
Seat 4: e1c31fb4 ($3.96 in chips)
Seat 5: dd458023 ($10 in chips)
e1c31fb4: posts small blind $0.05
dd458023: posts big blind $0.1
*** HOLE CARDS ***
Dealt to 9f9ac2c6 
Dealt to Hero [Qh Jh]
Dealt to f74d01fa 
Dealt to e1c31fb4 
Dealt to dd458023 
9f9ac2c6: folds
Hero: raises $0.14 to $0.24
f74d01fa: folds
e1c31fb4: folds
dd458023: folds
Uncalled bet ($0.14) returned to Hero
*** SHOWDOWN ***
Hero collected $0.25 from pot
*** SUMMARY ***
Total pot $0.25 | Rake $0 | Jackpot $0 | Bingo $0 | Fortune $0 | Tax $0
Seat 1: 9f9ac2c6 folded before Flop (didn't bet)
Seat 2: Hero collected ($0.25)
Seat 3: f74d01fa (button) folded before Flop (didn't bet)
Seat 4: e1c31fb4 (small blind) folded before Flop
Seat 5: dd458023 (big blind) folded before Flop


Poker Hand #HD1764336396: Hold'em No Limit ($0.05/$0.1) - 2024/05/08 20:00:34
Table 'NLHRed9' 6-max Seat #2 is the button
Seat 1: 9f9ac2c6 ($10.9 in chips)
Seat 2: Hero ($12.48 in chips)
Seat 3: f74d01fa ($19 in chips)
Seat 4: e1c31fb4 ($2.89 in chips)
f74d01fa: posts small blind $0.05
e1c31fb4: posts big blind $0.1
*** HOLE CARDS ***
Dealt to 9f9ac2c6 
Dealt to Hero [Kh Qd]
Dealt to f74d01fa 
Dealt to e1c31fb4 
9f9ac2c6: raises $0.12 to $0.22
Hero: raises $0.68 to $0.9
f74d01fa: folds
e1c31fb4: raises $1.99 to $2.89 and is all-in
9f9ac2c6: folds
Hero: folds
Uncalled bet ($1.99) returned to e1c31fb4
e1c31fb4: shows [Td 9c]
*** SHOWDOWN ***
e1c31fb4 collected $1.97 from pot
*** SUMMARY ***
Total pot $2.07 | Rake $0.1 | Jackpot $0 | Bingo $0 | Fortune $0 | Tax $0
Seat 1: 9f9ac2c6 folded before Flop
Seat 2: Hero (button) folded before Flop
Seat 3: f74d01fa (small blind) folded before Flop
Seat 4: e1c31fb4 (big blind) showed [Td 9c] and collected ($1.97)


Poker Hand #HD1764336289: Hold'em No Limit ($0.05/$0.1) - 2024/05/08 19:59:41
Table 'NLHRed9' 6-max Seat #1 is the button
Seat 1: 9f9ac2c6 ($10.9 in chips)
Seat 2: Hero ($12.53 in chips)
Seat 3: f74d01fa ($19.2 in chips)
Seat 4: e1c31fb4 ($2.89 in chips)
Seat 6: a96f565b ($29.77 in chips)
Hero: posts small blind $0.05
f74d01fa: posts big blind $0.1
*** HOLE CARDS ***
Dealt to 9f9ac2c6 
Dealt to Hero [3d 3c]
Dealt to f74d01fa 
Dealt to e1c31fb4 
Dealt to a96f565b 
e1c31fb4: folds
a96f565b: raises $0.1 to $0.2
9f9ac2c6: folds
Hero: folds
f74d01fa: calls $0.1
*** FLOP *** [8c Ac Th]
f74d01fa: checks
a96f565b: bets $0.12
f74d01fa: folds
Uncalled bet ($0.12) returned to a96f565b
*** SHOWDOWN ***
a96f565b collected $0.43 from pot
*** SUMMARY ***
Total pot $0.45 | Rake $0.02 | Jackpot $0 | Bingo $0 | Fortune $0 | Tax $0
Board [8c Ac Th]
Seat 1: 9f9ac2c6 (button) folded before Flop (didn't bet)
Seat 2: Hero (small blind) folded before Flop
Seat 3: f74d01fa (big blind) folded on the Flop
Seat 4: e1c31fb4 folded before Flop (didn't bet)
Seat 6: a96f565b won ($0.43)


Poker Hand #HD1764336221: Hold'em No Limit ($0.05/$0.1) - 2024/05/08 19:59:05
Table 'NLHRed9' 6-max Seat #6 is the button
Seat 1: 9f9ac2c6 ($10.95 in chips)
Seat 2: Hero ($12.63 in chips)
Seat 3: f74d01fa ($19.2 in chips)
Seat 4: e1c31fb4 ($2.74 in chips)
Seat 6: a96f565b ($29.77 in chips)
9f9ac2c6: posts small blind $0.05
Hero: posts big blind $0.1
*** HOLE CARDS ***
Dealt to 9f9ac2c6 
Dealt to Hero [8h As]
Dealt to f74d01fa 
Dealt to e1c31fb4 
Dealt to a96f565b 
f74d01fa: folds
e1c31fb4: raises $0.3 to $0.4
a96f565b: folds
9f9ac2c6: folds
Hero: folds
Uncalled bet ($0.3) returned to e1c31fb4
*** SHOWDOWN ***
e1c31fb4 collected $0.25 from pot
*** SUMMARY ***
Total pot $0.25 | Rake $0 | Jackpot $0 | Bingo $0 | Fortune $0 | Tax $0
Seat 1: 9f9ac2c6 (small blind) folded before Flop
Seat 2: Hero (big blind) folded before Flop
Seat 3: f74d01fa folded before Flop (didn't bet)
Seat 4: e1c31fb4 collected ($0.25)
Seat 6: a96f565b (button) folded before Flop (didn't bet)


Poker Hand #HD1764336002: Hold'em No Limit ($0.05/$0.1) - 2024/05/08 19:57:19
Table 'NLHRed9' 6-max Seat #4 is the button
Seat 1: 9f9ac2c6 ($10.09 in chips)
Seat 2: Hero ($12.63 in chips)
Seat 3: f74d01fa ($19.4 in chips)
Seat 4: e1c31fb4 ($3.43 in chips)
Seat 6: a96f565b ($29.82 in chips)
a96f565b: posts small blind $0.05
9f9ac2c6: posts big blind $0.1
*** HOLE CARDS ***
Dealt to 9f9ac2c6 
Dealt to Hero [Jc 4h]
Dealt to f74d01fa 
Dealt to e1c31fb4 
Dealt to a96f565b 
Hero: folds
f74d01fa: raises $0.1 to $0.2
e1c31fb4: calls $0.2
a96f565b: folds
9f9ac2c6: calls $0.1
*** FLOP *** [Qh Qd Kh]
9f9ac2c6: checks
f74d01fa: checks
e1c31fb4: checks
*** TURN *** [Qh Qd Kh] [5h]
9f9ac2c6: checks
f74d01fa: checks
e1c31fb4: bets $0.49
9f9ac2c6: raises $0.91 to $1.4
f74d01fa: folds
e1c31fb4: folds
Uncalled bet ($0.91) returned to 9f9ac2c6
*** SHOWDOWN ***
9f9ac2c6 collected $1.55 from pot
*** SUMMARY ***
Total pot $1.63 | Rake $0.08 | Jackpot $0 | Bingo $0 | Fortune $0 | Tax $0
Board [Qh Qd Kh 5h]
Seat 1: 9f9ac2c6 (big blind) won ($1.55)
Seat 2: Hero folded before Flop (didn't bet)
Seat 3: f74d01fa folded on the Turn
Seat 4: e1c31fb4 (button) folded on the Turn
Seat 6: a96f565b (small blind) folded before Flop


Poker Hand #HD1764335747: Hold'em No Limit ($0.05/$0.1) - 2024/05/08 19:55:23
Table 'NLHRed9' 6-max Seat #3 is the button
Seat 1: 9f9ac2c6 ($10.09 in chips)
Seat 2: Hero ($12.63 in chips)
Seat 3: f74d01fa ($10 in chips)
Seat 4: e1c31fb4 ($13.43 in chips)
Seat 5: f142cca0 ($6.3 in chips)
Seat 6: a96f565b ($29.82 in chips)
e1c31fb4: posts small blind $0.05
f142cca0: posts big blind $0.1
*** HOLE CARDS ***
Dealt to 9f9ac2c6 
Dealt to Hero [Th 4c]
Dealt to f74d01fa 
Dealt to e1c31fb4 
Dealt to f142cca0 
Dealt to a96f565b 
a96f565b: folds
9f9ac2c6: folds
Hero: folds
f74d01fa: raises $0.1 to $0.2
e1c31fb4: calls $0.15
f142cca0: calls $0.1
*** FLOP *** [9c Jh Jd]
e1c31fb4: checks
f142cca0: checks
f74d01fa: checks
*** TURN *** [9c Jh Jd] [Js]
e1c31fb4: checks
f142cca0: checks
f74d01fa: bets $0.3
e1c31fb4: calls $0.3
f142cca0: calls $0.3
*** RIVER *** [9c Jh Jd Js] [2h]
e1c31fb4: checks
f142cca0: checks
f74d01fa: bets $2.3
e1c31fb4: raises $4.58 to $6.88
f142cca0: folds
f74d01fa: raises $2.62 to $9.5 and is all-in
e1c31fb4: calls $2.62
f74d01fa: shows [Qs Jc] (Four Jacks)
e1c31fb4: shows [Ad Ah] (Jacks Full over Aces)
*** SHOWDOWN ***
f74d01fa collected $19.4 from pot
*** SUMMARY ***
Total pot $20.5 | Rake $1 | Jackpot $0.1 | Bingo $0 | Fortune $0 | Tax $0
Board [9c Jh Jd Js 2h]
Seat 1: 9f9ac2c6 folded before Flop (didn't bet)
Seat 2: Hero folded before Flop (didn't bet)
Seat 3: f74d01fa (button) showed [Qs Jc] and won ($19.4) with Four Jacks
Seat 4: e1c31fb4 (small blind) showed [Ad Ah] and lost with Jacks Full over Aces
Seat 5: f142cca0 (big blind) folded on the River
Seat 6: a96f565b folded before Flop (didn't bet)


Poker Hand #HD1764235608: Hold'em No Limit ($0.05/$0.1) - 2024/05/08 19:54:20
Table 'NLHRed9' 6-max Seat #2 is the button
Seat 1: 9f9ac2c6 ($10.09 in chips)
Seat 2: Hero ($12.63 in chips)
Seat 3: f74d01fa ($10 in chips)
Seat 4: e1c31fb4 ($13.53 in chips)
Seat 5: f142cca0 ($5.84 in chips)
Seat 6: a96f565b ($29.82 in chips)
f74d01fa: posts small blind $0.05
e1c31fb4: posts big blind $0.1
*** HOLE CARDS ***
Dealt to 9f9ac2c6 
Dealt to Hero [Qd 3d]
Dealt to f74d01fa 
Dealt to e1c31fb4 
Dealt to f142cca0 
Dealt to a96f565b 
f142cca0: calls $0.1
a96f565b: folds
9f9ac2c6: folds
Hero: folds
f74d01fa: raises $0.3 to $0.4
e1c31fb4: folds
f142cca0: calls $0.3
*** FLOP *** [Jh 7d Tc]
f74d01fa: checks
f142cca0: bets $0.3
f74d01fa: folds
Uncalled bet ($0.3) returned to f142cca0
*** SHOWDOWN ***
f142cca0 collected $0.86 from pot
*** SUMMARY ***
Total pot $0.9 | Rake $0.04 | Jackpot $0 | Bingo $0 | Fortune $0 | Tax $0
Board [Jh 7d Tc]
Seat 1: 9f9ac2c6 folded before Flop (didn't bet)
Seat 2: Hero (button) folded before Flop (didn't bet)
Seat 3: f74d01fa (small blind) folded on the Flop
Seat 4: e1c31fb4 (big blind) folded before Flop
Seat 5: f142cca0 won ($0.86)
Seat 6: a96f565b folded before Flop (didn't bet)


Poker Hand #HD1764235527: Hold'em No Limit ($0.05/$0.1) - 2024/05/08 19:53:37
Table 'NLHRed9' 6-max Seat #1 is the button
Seat 1: 9f9ac2c6 ($10.09 in chips)
Seat 2: Hero ($12.68 in chips)
Seat 3: f74d01fa ($10 in chips)
Seat 4: e1c31fb4 ($13.53 in chips)
Seat 5: f142cca0 ($5.69 in chips)
Seat 6: a96f565b ($29.82 in chips)
Hero: posts small blind $0.05
f74d01fa: posts big blind $0.1
*** HOLE CARDS ***
Dealt to 9f9ac2c6 
Dealt to Hero [4h Kd]
Dealt to f74d01fa 
Dealt to e1c31fb4 
Dealt to f142cca0 
Dealt to a96f565b 
e1c31fb4: folds
f142cca0: raises $0.15 to $0.25
a96f565b: folds
9f9ac2c6: folds
Hero: folds
f74d01fa: folds
Uncalled bet ($0.15) returned to f142cca0
*** SHOWDOWN ***
f142cca0 collected $0.25 from pot
*** SUMMARY ***
Total pot $0.25 | Rake $0 | Jackpot $0 | Bingo $0 | Fortune $0 | Tax $0
Seat 1: 9f9ac2c6 (button) folded before Flop (didn't bet)
Seat 2: Hero (small blind) folded before Flop
Seat 3: f74d01fa (big blind) folded before Flop
Seat 4: e1c31fb4 folded before Flop (didn't bet)
Seat 5: f142cca0 collected ($0.25)
Seat 6: a96f565b folded before Flop (didn't bet)


Poker Hand #HD1764235443: Hold'em No Limit ($0.05/$0.1) - 2024/05/08 19:52:56
Table 'NLHRed9' 6-max Seat #6 is the button
Seat 1: 9f9ac2c6 ($10.14 in chips)
Seat 2: Hero ($11.83 in chips)
Seat 3: 2f74b3ec ($9.91 in chips)
Seat 4: e1c31fb4 ($13.53 in chips)
Seat 5: f142cca0 ($5.94 in chips)
Seat 6: a96f565b ($30.44 in chips)
9f9ac2c6: posts small blind $0.05
Hero: posts big blind $0.1
*** HOLE CARDS ***
Dealt to 9f9ac2c6 
Dealt to Hero [Kc Kh]
Dealt to 2f74b3ec 
Dealt to e1c31fb4 
Dealt to f142cca0 
Dealt to a96f565b 
2f74b3ec: folds
e1c31fb4: folds
f142cca0: raises $0.15 to $0.25
a96f565b: raises $0.37 to $0.62
9f9ac2c6: folds
Hero: raises $1.32 to $1.94
f142cca0: folds
a96f565b: folds
Uncalled bet ($1.32) returned to Hero
*** SHOWDOWN ***
Hero collected $1.47 from pot
*** SUMMARY ***
Total pot $1.54 | Rake $0.07 | Jackpot $0 | Bingo $0 | Fortune $0 | Tax $0
Seat 1: 9f9ac2c6 (small blind) folded before Flop
Seat 2: Hero (big blind) collected ($1.47)
Seat 3: 2f74b3ec folded before Flop (didn't bet)
Seat 4: e1c31fb4 folded before Flop (didn't bet)
Seat 5: f142cca0 folded before Flop
Seat 6: a96f565b (button) folded before Flop


Poker Hand #HD1764235272: Hold'em No Limit ($0.05/$0.1) - 2024/05/08 19:51:36
Table 'NLHRed9' 6-max Seat #5 is the button
Seat 1: 9f9ac2c6 ($10 in chips)
Seat 2: Hero ($11.83 in chips)
Seat 3: 2f74b3ec ($10.01 in chips)
Seat 4: e1c31fb4 ($13.53 in chips)
Seat 5: f142cca0 ($5.94 in chips)
Seat 6: a96f565b ($30.49 in chips)
a96f565b: posts small blind $0.05
9f9ac2c6: posts big blind $0.1
*** HOLE CARDS ***
Dealt to 9f9ac2c6 
Dealt to Hero [8c 2c]
Dealt to 2f74b3ec 
Dealt to e1c31fb4 
Dealt to f142cca0 
Dealt to a96f565b 
Hero: folds
2f74b3ec: calls $0.1
e1c31fb4: folds
f142cca0: folds
a96f565b: folds
9f9ac2c6: checks
*** FLOP *** [6s 5h Js]
9f9ac2c6: checks
2f74b3ec: checks
*** TURN *** [6s 5h Js] [3c]
9f9ac2c6: checks
2f74b3ec: checks
*** RIVER *** [6s 5h Js 3c] [Kh]
9f9ac2c6: checks
2f74b3ec: checks
9f9ac2c6: shows [As 6h] (Pair of Sixes)
2f74b3ec: shows [9c Qc] (King-High)
*** SHOWDOWN ***
9f9ac2c6 collected $0.24 from pot
*** SUMMARY ***
Total pot $0.25 | Rake $0.01 | Jackpot $0 | Bingo $0 | Fortune $0 | Tax $0
Board [6s 5h Js 3c Kh]
Seat 1: 9f9ac2c6 (big blind) showed [As 6h] and won ($0.24) with Pair of Sixes
Seat 2: Hero folded before Flop (didn't bet)
Seat 3: 2f74b3ec showed [9c Qc] and lost with King-High
Seat 4: e1c31fb4 folded before Flop (didn't bet)
Seat 5: f142cca0 (button) folded before Flop (didn't bet)
Seat 6: a96f565b (small blind) folded before Flop


Poker Hand #HD1764235258: Hold'em No Limit ($0.05/$0.1) - 2024/05/08 19:51:29
Table 'NLHRed9' 6-max Seat #4 is the button
Seat 1: 9f9ac2c6 ($10 in chips)
Seat 2: Hero ($11.83 in chips)
Seat 3: 2f74b3ec ($10.01 in chips)
Seat 4: e1c31fb4 ($13.53 in chips)
Seat 5: f142cca0 ($5.99 in chips)
Seat 6: a96f565b ($30.44 in chips)
f142cca0: posts small blind $0.05
a96f565b: posts big blind $0.1
*** HOLE CARDS ***
Dealt to 9f9ac2c6 
Dealt to Hero [3c 6s]
Dealt to 2f74b3ec 
Dealt to e1c31fb4 
Dealt to f142cca0 
Dealt to a96f565b 
9f9ac2c6: folds
Hero: folds
2f74b3ec: folds
e1c31fb4: folds
f142cca0: folds
Uncalled bet ($0.05) returned to a96f565b
*** SHOWDOWN ***
a96f565b collected $0.1 from pot
*** SUMMARY ***
Total pot $0.1 | Rake $0 | Jackpot $0 | Bingo $0 | Fortune $0 | Tax $0
Seat 1: 9f9ac2c6 folded before Flop (didn't bet)
Seat 2: Hero folded before Flop (didn't bet)
Seat 3: 2f74b3ec folded before Flop (didn't bet)
Seat 4: e1c31fb4 (button) folded before Flop (didn't bet)
Seat 5: f142cca0 (small blind) folded before Flop
Seat 6: a96f565b (big blind) collected ($0.1)


Poker Hand #HD1764235121: Hold'em No Limit ($0.05/$0.1) - 2024/05/08 19:50:27
Table 'NLHRed9' 6-max Seat #3 is the button
Seat 1: 9f9ac2c6 ($10 in chips)
Seat 2: Hero ($11.56 in chips)
Seat 3: 2f74b3ec ($10.01 in chips)
Seat 4: e1c31fb4 ($13.58 in chips)
Seat 5: f142cca0 ($6.23 in chips)
Seat 6: a96f565b ($30.44 in chips)
e1c31fb4: posts small blind $0.05
f142cca0: posts big blind $0.1
*** HOLE CARDS ***
Dealt to 9f9ac2c6 
Dealt to Hero [Jc Kd]
Dealt to 2f74b3ec 
Dealt to e1c31fb4 
Dealt to f142cca0 
Dealt to a96f565b 
a96f565b: folds
9f9ac2c6: folds
Hero: raises $0.14 to $0.24
2f74b3ec: folds
e1c31fb4: folds
f142cca0: calls $0.14
*** FLOP *** [8h 3c 8s]
f142cca0: checks
Hero: checks
*** TURN *** [8h 3c 8s] [7c]
f142cca0: checks
Hero: checks
*** RIVER *** [8h 3c 8s 7c] [9h]
f142cca0: checks
Hero: checks
f142cca0: shows [Kc 2d] (Pair of Eights)
Hero: shows [Jc Kd] (Pair of Eights)
*** SHOWDOWN ***
Hero collected $0.51 from pot
*** SUMMARY ***
Total pot $0.53 | Rake $0.02 | Jackpot $0 | Bingo $0 | Fortune $0 | Tax $0
Board [8h 3c 8s 7c 9h]
Seat 1: 9f9ac2c6 folded before Flop (didn't bet)
Seat 2: Hero showed [Jc Kd] and won ($0.51) with Pair of Eights
Seat 3: 2f74b3ec (button) folded before Flop (didn't bet)
Seat 4: e1c31fb4 (small blind) folded before Flop
Seat 5: f142cca0 (big blind) showed [Kc 2d] and lost with Pair of Eights
Seat 6: a96f565b folded before Flop (didn't bet)


Poker Hand #HD1764235068: Hold'em No Limit ($0.05/$0.1) - 2024/05/08 19:50:01
Table 'NLHRed9' 6-max Seat #2 is the button
Seat 1: 9f9ac2c6 ($10 in chips)
Seat 2: Hero ($11.41 in chips)
Seat 3: 2f74b3ec ($10.06 in chips)
Seat 4: e1c31fb4 ($13.68 in chips)
Seat 5: f142cca0 ($6.23 in chips)
Seat 6: a96f565b ($30.44 in chips)
2f74b3ec: posts small blind $0.05
e1c31fb4: posts big blind $0.1
*** HOLE CARDS ***
Dealt to 9f9ac2c6 
Dealt to Hero [Qc Ah]
Dealt to 2f74b3ec 
Dealt to e1c31fb4 
Dealt to f142cca0 
Dealt to a96f565b 
f142cca0: folds
a96f565b: folds
9f9ac2c6: folds
Hero: raises $0.14 to $0.24
2f74b3ec: folds
e1c31fb4: folds
Uncalled bet ($0.14) returned to Hero
*** SHOWDOWN ***
Hero collected $0.25 from pot
*** SUMMARY ***
Total pot $0.25 | Rake $0 | Jackpot $0 | Bingo $0 | Fortune $0 | Tax $0
Seat 1: 9f9ac2c6 folded before Flop (didn't bet)
Seat 2: Hero (button) collected ($0.25)
Seat 3: 2f74b3ec (small blind) folded before Flop
Seat 4: e1c31fb4 (big blind) folded before Flop
Seat 5: f142cca0 folded before Flop (didn't bet)
Seat 6: a96f565b folded before Flop (didn't bet)


Poker Hand #HD1764234997: Hold'em No Limit ($0.05/$0.1) - 2024/05/08 19:49:31
Table 'NLHRed9' 6-max Seat #1 is the button
Seat 1: 9f9ac2c6 ($10 in chips)
Seat 2: Hero ($11.46 in chips)
Seat 3: 2f74b3ec ($10.16 in chips)
Seat 4: e1c31fb4 ($13.53 in chips)
Seat 5: f142cca0 ($6.23 in chips)
Seat 6: a96f565b ($30.44 in chips)
Hero: posts small blind $0.05
2f74b3ec: posts big blind $0.1
*** HOLE CARDS ***
Dealt to 9f9ac2c6 
Dealt to Hero [4h Js]
Dealt to 2f74b3ec 
Dealt to e1c31fb4 
Dealt to f142cca0 
Dealt to a96f565b 
e1c31fb4: raises $0.1 to $0.2
f142cca0: folds
a96f565b: folds
9f9ac2c6: folds
Hero: folds
2f74b3ec: folds
Uncalled bet ($0.1) returned to e1c31fb4
*** SHOWDOWN ***
e1c31fb4 collected $0.25 from pot
*** SUMMARY ***
Total pot $0.25 | Rake $0 | Jackpot $0 | Bingo $0 | Fortune $0 | Tax $0
Seat 1: 9f9ac2c6 (button) folded before Flop (didn't bet)
Seat 2: Hero (small blind) folded before Flop
Seat 3: 2f74b3ec (big blind) folded before Flop
Seat 4: e1c31fb4 collected ($0.25)
Seat 5: f142cca0 folded before Flop (didn't bet)
Seat 6: a96f565b folded before Flop (didn't bet)


Poker Hand #HD1764234967: Hold'em No Limit ($0.05/$0.1) - 2024/05/08 19:49:16
Table 'NLHRed9' 6-max Seat #6 is the button
Seat 1: 9f9ac2c6 ($10 in chips)
Seat 2: Hero ($11.56 in chips)
Seat 3: 2f74b3ec ($10.16 in chips)
Seat 4: e1c31fb4 ($13.38 in chips)
Seat 5: f142cca0 ($6.23 in chips)
Seat 6: a96f565b ($30.44 in chips)
9f9ac2c6: posts small blind $0.05
Hero: posts big blind $0.1
*** HOLE CARDS ***
Dealt to 9f9ac2c6 
Dealt to Hero [Kd 6d]
Dealt to 2f74b3ec 
Dealt to e1c31fb4 
Dealt to f142cca0 
Dealt to a96f565b 
2f74b3ec: folds
e1c31fb4: raises $0.2 to $0.3
f142cca0: folds
a96f565b: folds
9f9ac2c6: folds
Hero: folds
Uncalled bet ($0.2) returned to e1c31fb4
*** SHOWDOWN ***
e1c31fb4 collected $0.25 from pot
*** SUMMARY ***
Total pot $0.25 | Rake $0 | Jackpot $0 | Bingo $0 | Fortune $0 | Tax $0
Seat 1: 9f9ac2c6 (small blind) folded before Flop
Seat 2: Hero (big blind) folded before Flop
Seat 3: 2f74b3ec folded before Flop (didn't bet)
Seat 4: e1c31fb4 collected ($0.25)
Seat 5: f142cca0 folded before Flop (didn't bet)
Seat 6: a96f565b (button) folded before Flop (didn't bet)


Poker Hand #HD1764234820: Hold'em No Limit ($0.05/$0.1) - 2024/05/08 19:48:03
Table 'NLHRed9' 6-max Seat #5 is the button
Seat 1: 9f9ac2c6 ($10 in chips)
Seat 2: Hero ($10.96 in chips)
Seat 3: 2f74b3ec ($10.16 in chips)
Seat 4: e1c31fb4 ($13.38 in chips)
Seat 5: f142cca0 ($6.73 in chips)
Seat 6: a96f565b ($30.49 in chips)
a96f565b: posts small blind $0.05
9f9ac2c6: posts big blind $0.1
*** HOLE CARDS ***
Dealt to 9f9ac2c6 
Dealt to Hero [Ah Ac]
Dealt to 2f74b3ec 
Dealt to e1c31fb4 
Dealt to f142cca0 
Dealt to a96f565b 
Hero: raises $0.1 to $0.2
2f74b3ec: folds
e1c31fb4: folds
f142cca0: calls $0.2
a96f565b: folds
9f9ac2c6: folds
*** FLOP *** [8s Ts Kd]
Hero: bets $0.3
f142cca0: calls $0.3
*** TURN *** [8s Ts Kd] [Jh]
Hero: checks
f142cca0: checks
*** RIVER *** [8s Ts Kd Jh] [5s]
Hero: checks
f142cca0: checks
Hero: shows [Ah Ac] (Pair of Aces)
f142cca0: shows [Qd Tc] (Pair of Tens)
*** SHOWDOWN ***
Hero collected $1.1 from pot
*** SUMMARY ***
Total pot $1.15 | Rake $0.05 | Jackpot $0 | Bingo $0 | Fortune $0 | Tax $0
Board [8s Ts Kd Jh 5s]
Seat 1: 9f9ac2c6 (big blind) folded before Flop
Seat 2: Hero showed [Ah Ac] and won ($1.1) with Pair of Aces
Seat 3: 2f74b3ec folded before Flop (didn't bet)
Seat 4: e1c31fb4 folded before Flop (didn't bet)
Seat 5: f142cca0 (button) showed [Qd Tc] and lost with Pair of Tens
Seat 6: a96f565b (small blind) folded before Flop


Poker Hand #HD1764234736: Hold'em No Limit ($0.05/$0.1) - 2024/05/08 19:47:20
Table 'NLHRed9' 6-max Seat #4 is the button
Seat 1: 9f9ac2c6 ($10 in chips)
Seat 2: Hero ($10.96 in chips)
Seat 3: 2f74b3ec ($10.16 in chips)
Seat 4: e1c31fb4 ($13.15 in chips)
Seat 5: f142cca0 ($6.78 in chips)
Seat 6: a96f565b ($30.69 in chips)
f142cca0: posts small blind $0.05
a96f565b: posts big blind $0.1
*** HOLE CARDS ***
Dealt to 9f9ac2c6 
Dealt to Hero [Jh 8s]
Dealt to 2f74b3ec 
Dealt to e1c31fb4 
Dealt to f142cca0 
Dealt to a96f565b 
9f9ac2c6: folds
Hero: folds
2f74b3ec: folds
e1c31fb4: calls $0.1
f142cca0: folds
a96f565b: checks
*** FLOP *** [Tc Kd 2h]
a96f565b: checks
e1c31fb4: checks
*** TURN *** [Tc Kd 2h] [7s]
a96f565b: checks
e1c31fb4: bets $0.1
a96f565b: calls $0.1
*** RIVER *** [Tc Kd 2h 7s] [Qd]
a96f565b: checks
e1c31fb4: bets $0.34
a96f565b: folds
Uncalled bet ($0.34) returned to e1c31fb4
*** SHOWDOWN ***
e1c31fb4 collected $0.43 from pot
*** SUMMARY ***
Total pot $0.45 | Rake $0.02 | Jackpot $0 | Bingo $0 | Fortune $0 | Tax $0
Board [Tc Kd 2h 7s Qd]
Seat 1: 9f9ac2c6 folded before Flop (didn't bet)
Seat 2: Hero folded before Flop (didn't bet)
Seat 3: 2f74b3ec folded before Flop (didn't bet)
Seat 4: e1c31fb4 (button) won ($0.43)
Seat 5: f142cca0 (small blind) folded before Flop
Seat 6: a96f565b (big blind) folded on the River


Poker Hand #HD1764234644: Hold'em No Limit ($0.05/$0.1) - 2024/05/08 19:46:31
Table 'NLHRed9' 6-max Seat #3 is the button
Seat 1: 9f9ac2c6 ($7.45 in chips)
Seat 2: Hero ($10.96 in chips)
Seat 3: 2f74b3ec ($10.26 in chips)
Seat 4: e1c31fb4 ($12.75 in chips)
Seat 5: f142cca0 ($7.11 in chips)
Seat 6: a96f565b ($30.69 in chips)
e1c31fb4: posts small blind $0.05
f142cca0: posts big blind $0.1
*** HOLE CARDS ***
Dealt to 9f9ac2c6 
Dealt to Hero [2d 8s]
Dealt to 2f74b3ec 
Dealt to e1c31fb4 
Dealt to f142cca0 
Dealt to a96f565b 
a96f565b: folds
9f9ac2c6: folds
Hero: folds
2f74b3ec: calls $0.1
e1c31fb4: raises $0.23 to $0.33
f142cca0: calls $0.23
2f74b3ec: folds
*** FLOP *** [Qs 8h 6d]
e1c31fb4: checks
f142cca0: checks
*** TURN *** [Qs 8h 6d] [2c]
e1c31fb4: bets $0.57
f142cca0: folds
Uncalled bet ($0.57) returned to e1c31fb4
*** SHOWDOWN ***
e1c31fb4 collected $0.73 from pot
*** SUMMARY ***
Total pot $0.76 | Rake $0.03 | Jackpot $0 | Bingo $0 | Fortune $0 | Tax $0
Board [Qs 8h 6d 2c]
Seat 1: 9f9ac2c6 folded before Flop (didn't bet)
Seat 2: Hero folded before Flop (didn't bet)
Seat 3: 2f74b3ec (button) folded before Flop
Seat 4: e1c31fb4 (small blind) won ($0.73)
Seat 5: f142cca0 (big blind) folded on the Turn
Seat 6: a96f565b folded before Flop (didn't bet)


Poker Hand #HD1764234573: Hold'em No Limit ($0.05/$0.1) - 2024/05/08 19:45:57
Table 'NLHRed9' 6-max Seat #2 is the button
Seat 1: 9f9ac2c6 ($7.45 in chips)
Seat 2: Hero ($10.96 in chips)
Seat 3: 2f74b3ec ($10.51 in chips)
Seat 4: e1c31fb4 ($12.85 in chips)
Seat 5: f142cca0 ($7.11 in chips)
Seat 6: a96f565b ($30.37 in chips)
2f74b3ec: posts small blind $0.05
e1c31fb4: posts big blind $0.1
*** HOLE CARDS ***
Dealt to 9f9ac2c6 
Dealt to Hero [2s 2d]
Dealt to 2f74b3ec 
Dealt to e1c31fb4 
Dealt to f142cca0 
Dealt to a96f565b 
f142cca0: folds
a96f565b: raises $0.15 to $0.25
9f9ac2c6: folds
Hero: folds
2f74b3ec: calls $0.2
e1c31fb4: folds
*** FLOP *** [5h Th 9h]
2f74b3ec: checks
a96f565b: bets $0.22
2f74b3ec: folds
Uncalled bet ($0.22) returned to a96f565b
*** SHOWDOWN ***
a96f565b collected $0.57 from pot
*** SUMMARY ***
Total pot $0.6 | Rake $0.03 | Jackpot $0 | Bingo $0 | Fortune $0 | Tax $0
Board [5h Th 9h]
Seat 1: 9f9ac2c6 folded before Flop (didn't bet)
Seat 2: Hero (button) folded before Flop (didn't bet)
Seat 3: 2f74b3ec (small blind) folded on the Flop
Seat 4: e1c31fb4 (big blind) folded before Flop
Seat 5: f142cca0 folded before Flop (didn't bet)
Seat 6: a96f565b won ($0.57)


Poker Hand #HD1764234525: Hold'em No Limit ($0.05/$0.1) - 2024/05/08 19:45:32
Table 'NLHRed9' 6-max Seat #1 is the button
Seat 1: 9f9ac2c6 ($7.67 in chips)
Seat 2: Hero ($10.66 in chips)
Seat 3: 2f74b3ec ($10.61 in chips)
Seat 4: e1c31fb4 ($12.85 in chips)
Seat 5: f142cca0 ($7.11 in chips)
Seat 6: a96f565b ($30.37 in chips)
Hero: posts small blind $0.05
2f74b3ec: posts big blind $0.1
*** HOLE CARDS ***
Dealt to 9f9ac2c6 
Dealt to Hero [Ks Qh]
Dealt to 2f74b3ec 
Dealt to e1c31fb4 
Dealt to f142cca0 
Dealt to a96f565b 
e1c31fb4: folds
f142cca0: folds
a96f565b: folds
9f9ac2c6: raises $0.12 to $0.22
Hero: raises $0.78 to $1
2f74b3ec: folds
9f9ac2c6: folds
Uncalled bet ($0.78) returned to Hero
*** SHOWDOWN ***
Hero collected $0.52 from pot
*** SUMMARY ***
Total pot $0.54 | Rake $0.02 | Jackpot $0 | Bingo $0 | Fortune $0 | Tax $0
Seat 1: 9f9ac2c6 (button) folded before Flop
Seat 2: Hero (small blind) collected ($0.52)
Seat 3: 2f74b3ec (big blind) folded before Flop
Seat 4: e1c31fb4 folded before Flop (didn't bet)
Seat 5: f142cca0 folded before Flop (didn't bet)
Seat 6: a96f565b folded before Flop (didn't bet)


Poker Hand #HD1764234325: Hold'em No Limit ($0.05/$0.1) - 2024/05/08 19:43:52
Table 'NLHRed9' 6-max Seat #6 is the button
Seat 1: 9f9ac2c6 ($7.97 in chips)
Seat 2: Hero ($10.76 in chips)
Seat 3: 2f74b3ec ($10.24 in chips)
Seat 4: e1c31fb4 ($12.85 in chips)
Seat 5: f142cca0 ($7.11 in chips)
Seat 6: a96f565b ($30.37 in chips)
9f9ac2c6: posts small blind $0.05
Hero: posts big blind $0.1
*** HOLE CARDS ***
Dealt to 9f9ac2c6 
Dealt to Hero [Ah 9s]
Dealt to 2f74b3ec 
Dealt to e1c31fb4 
Dealt to f142cca0 
Dealt to a96f565b 
2f74b3ec: calls $0.1
e1c31fb4: folds
f142cca0: folds
a96f565b: folds
9f9ac2c6: raises $0.2 to $0.3
Hero: folds
2f74b3ec: calls $0.2
*** FLOP *** [3c 3d 5c]
9f9ac2c6: checks
2f74b3ec: checks
*** TURN *** [3c 3d 5c] [Kh]
9f9ac2c6: checks
2f74b3ec: checks
*** RIVER *** [3c 3d 5c Kh] [Jd]
9f9ac2c6: checks
2f74b3ec: bets $0.53
9f9ac2c6: folds
Uncalled bet ($0.53) returned to 2f74b3ec
2f74b3ec: shows [2c] (Pair of Treys)
*** SHOWDOWN ***
2f74b3ec collected $0.67 from pot
*** SUMMARY ***
Total pot $0.7 | Rake $0.03 | Jackpot $0 | Bingo $0 | Fortune $0 | Tax $0
Board [3c 3d 5c Kh Jd]
Seat 1: 9f9ac2c6 (small blind) folded on the River
Seat 2: Hero (big blind) folded before Flop
Seat 3: 2f74b3ec showed [2c] and won ($0.67)
Seat 4: e1c31fb4 folded before Flop (didn't bet)
Seat 5: f142cca0 folded before Flop (didn't bet)
Seat 6: a96f565b (button) folded before Flop (didn't bet)


Poker Hand #HD1764234195: Hold'em No Limit ($0.05/$0.1) - 2024/05/08 19:42:49
Table 'NLHRed9' 6-max Seat #5 is the button
Seat 1: 9f9ac2c6 ($8.98 in chips)
Seat 2: Hero ($10.76 in chips)
Seat 3: 2f74b3ec ($10.61 in chips)
Seat 4: e1c31fb4 ($12.85 in chips)
Seat 5: f142cca0 ($5.8 in chips)
Seat 6: a96f565b ($30.42 in chips)
a96f565b: posts small blind $0.05
9f9ac2c6: posts big blind $0.1
*** HOLE CARDS ***
Dealt to 9f9ac2c6 
Dealt to Hero [Jh 9d]
Dealt to 2f74b3ec 
Dealt to e1c31fb4 
Dealt to f142cca0 
Dealt to a96f565b 
Hero: folds
2f74b3ec: calls $0.1
e1c31fb4: folds
f142cca0: raises $0.27 to $0.37
a96f565b: folds
9f9ac2c6: calls $0.27
2f74b3ec: calls $0.27
*** FLOP *** [4s 5h 7c]
9f9ac2c6: checks
2f74b3ec: checks
f142cca0: bets $0.64
9f9ac2c6: calls $0.64
2f74b3ec: folds
*** TURN *** [4s 5h 7c] [Qs]
9f9ac2c6: checks
f142cca0: checks
*** RIVER *** [4s 5h 7c Qs] [Kc]
9f9ac2c6: checks
f142cca0: checks
9f9ac2c6: shows [7d 8d] (Pair of Sevens)
f142cca0: shows [9s 9h] (Pair of Nines)
*** SHOWDOWN ***
f142cca0 collected $2.32 from pot
*** SUMMARY ***
Total pot $2.44 | Rake $0.12 | Jackpot $0 | Bingo $0 | Fortune $0 | Tax $0
Board [4s 5h 7c Qs Kc]
Seat 1: 9f9ac2c6 (big blind) showed [7d 8d] and lost with Pair of Sevens
Seat 2: Hero folded before Flop (didn't bet)
Seat 3: 2f74b3ec folded on the Flop
Seat 4: e1c31fb4 folded before Flop (didn't bet)
Seat 5: f142cca0 (button) showed [9s 9h] and won ($2.32) with Pair of Nines
Seat 6: a96f565b (small blind) folded before Flop


Poker Hand #HD1764234138: Hold'em No Limit ($0.05/$0.1) - 2024/05/08 19:42:20
Table 'NLHRed9' 6-max Seat #4 is the button
Seat 1: 5e1822e5 ($10.99 in chips)
Seat 2: Hero ($10.76 in chips)
Seat 3: 2f74b3ec ($11.21 in chips)
Seat 4: e1c31fb4 ($12.16 in chips)
Seat 5: f142cca0 ($5.85 in chips)
Seat 6: a96f565b ($30.52 in chips)
f142cca0: posts small blind $0.05
a96f565b: posts big blind $0.1
*** HOLE CARDS ***
Dealt to 5e1822e5 
Dealt to Hero [8s 5s]
Dealt to 2f74b3ec 
Dealt to e1c31fb4 
Dealt to f142cca0 
Dealt to a96f565b 
5e1822e5: folds
Hero: folds
2f74b3ec: raises $0.1 to $0.2
e1c31fb4: raises $0.4 to $0.6
f142cca0: folds
a96f565b: folds
2f74b3ec: calls $0.4
*** FLOP *** [6s 7h 2d]
2f74b3ec: checks
e1c31fb4: bets $0.45
2f74b3ec: folds
Uncalled bet ($0.45) returned to e1c31fb4
*** SHOWDOWN ***
e1c31fb4 collected $1.29 from pot
*** SUMMARY ***
Total pot $1.35 | Rake $0.06 | Jackpot $0 | Bingo $0 | Fortune $0 | Tax $0
Board [6s 7h 2d]
Seat 1: 5e1822e5 folded before Flop (didn't bet)
Seat 2: Hero folded before Flop (didn't bet)
Seat 3: 2f74b3ec folded on the Flop
Seat 4: e1c31fb4 (button) won ($1.29)
Seat 5: f142cca0 (small blind) folded before Flop
Seat 6: a96f565b (big blind) folded before Flop


Poker Hand #HD1764234036: Hold'em No Limit ($0.05/$0.1) - 2024/05/08 19:41:30
Table 'NLHRed9' 6-max Seat #3 is the button
Seat 1: 5e1822e5 ($10.99 in chips)
Seat 2: Hero ($10.26 in chips)
Seat 3: 2f74b3ec ($11.45 in chips)
Seat 4: e1c31fb4 ($12.21 in chips)
Seat 5: f142cca0 ($6.09 in chips)
Seat 6: a96f565b ($30.52 in chips)
e1c31fb4: posts small blind $0.05
f142cca0: posts big blind $0.1
*** HOLE CARDS ***
Dealt to 5e1822e5 
Dealt to Hero [6s 7s]
Dealt to 2f74b3ec 
Dealt to e1c31fb4 
Dealt to f142cca0 
Dealt to a96f565b 
a96f565b: folds
5e1822e5: folds
Hero: raises $0.14 to $0.24
2f74b3ec: calls $0.24
e1c31fb4: folds
f142cca0: calls $0.14
*** FLOP *** [9s 3s 9h]
f142cca0: checks
Hero: checks
2f74b3ec: checks
*** TURN *** [9s 3s 9h] [Ks]
f142cca0: checks
Hero: bets $0.46
2f74b3ec: folds
f142cca0: folds
Uncalled bet ($0.46) returned to Hero
*** SHOWDOWN ***
Hero collected $0.74 from pot
*** SUMMARY ***
Total pot $0.77 | Rake $0.03 | Jackpot $0 | Bingo $0 | Fortune $0 | Tax $0
Board [9s 3s 9h Ks]
Seat 1: 5e1822e5 folded before Flop (didn't bet)
Seat 2: Hero won ($0.74)
Seat 3: 2f74b3ec (button) folded on the Turn
Seat 4: e1c31fb4 (small blind) folded before Flop
Seat 5: f142cca0 (big blind) folded on the Turn
Seat 6: a96f565b folded before Flop (didn't bet)


Poker Hand #HD1764233971: Hold'em No Limit ($0.05/$0.1) - 2024/05/08 19:40:59
Table 'NLHRed9' 6-max Seat #2 is the button
Seat 1: 5e1822e5 ($10.99 in chips)
Seat 2: Hero ($10.26 in chips)
Seat 3: 2f74b3ec ($11.5 in chips)
Seat 4: e1c31fb4 ($11.98 in chips)
Seat 5: f142cca0 ($6.29 in chips)
Seat 6: a96f565b ($30.52 in chips)
2f74b3ec: posts small blind $0.05
e1c31fb4: posts big blind $0.1
*** HOLE CARDS ***
Dealt to 5e1822e5 
Dealt to Hero [3s 9c]
Dealt to 2f74b3ec 
Dealt to e1c31fb4 
Dealt to f142cca0 
Dealt to a96f565b 
f142cca0: raises $0.1 to $0.2
a96f565b: folds
5e1822e5: folds
Hero: folds
2f74b3ec: folds
e1c31fb4: calls $0.1
*** FLOP *** [Qh Ks 3d]
e1c31fb4: checks
f142cca0: checks
*** TURN *** [Qh Ks 3d] [7s]
e1c31fb4: checks
f142cca0: checks
*** RIVER *** [Qh Ks 3d 7s] [Jh]
e1c31fb4: bets $0.2
f142cca0: folds
Uncalled bet ($0.2) returned to e1c31fb4
*** SHOWDOWN ***
e1c31fb4 collected $0.43 from pot
*** SUMMARY ***
Total pot $0.45 | Rake $0.02 | Jackpot $0 | Bingo $0 | Fortune $0 | Tax $0
Board [Qh Ks 3d 7s Jh]
Seat 1: 5e1822e5 folded before Flop (didn't bet)
Seat 2: Hero (button) folded before Flop (didn't bet)
Seat 3: 2f74b3ec (small blind) folded before Flop
Seat 4: e1c31fb4 (big blind) won ($0.43)
Seat 5: f142cca0 folded on the River
Seat 6: a96f565b folded before Flop (didn't bet)


Poker Hand #HD1764233848: Hold'em No Limit ($0.05/$0.1) - 2024/05/08 19:40:00
Table 'NLHRed9' 6-max Seat #1 is the button
Seat 1: 5e1822e5 ($10.99 in chips)
Seat 2: Hero ($10.31 in chips)
Seat 3: 2f74b3ec ($11.6 in chips)
Seat 4: e1c31fb4 ($13.35 in chips)
Seat 5: f142cca0 ($4.91 in chips)
Seat 6: a96f565b ($30.52 in chips)
Hero: posts small blind $0.05
2f74b3ec: posts big blind $0.1
*** HOLE CARDS ***
Dealt to 5e1822e5 
Dealt to Hero [Th Ad]
Dealt to 2f74b3ec 
Dealt to e1c31fb4 
Dealt to f142cca0 
Dealt to a96f565b 
e1c31fb4: raises $0.2 to $0.3
f142cca0: calls $0.3
a96f565b: folds
5e1822e5: folds
Hero: folds
2f74b3ec: folds
*** FLOP *** [Kc Jh 7h]
e1c31fb4: checks
f142cca0: bets $0.25
e1c31fb4: calls $0.25
*** TURN *** [Kc Jh 7h] [Qh]
e1c31fb4: checks
f142cca0: checks
*** RIVER *** [Kc Jh 7h Qh] [3h]
e1c31fb4: bets $0.82
f142cca0: calls $0.82
e1c31fb4: shows [9d 7d] (Pair of Sevens)
f142cca0: shows [Ac Js] (Pair of Jacks)
*** SHOWDOWN ***
f142cca0 collected $2.75 from pot
*** SUMMARY ***
Total pot $2.89 | Rake $0.14 | Jackpot $0 | Bingo $0 | Fortune $0 | Tax $0
Board [Kc Jh 7h Qh 3h]
Seat 1: 5e1822e5 (button) folded before Flop (didn't bet)
Seat 2: Hero (small blind) folded before Flop
Seat 3: 2f74b3ec (big blind) folded before Flop
Seat 4: e1c31fb4 showed [9d 7d] and lost with Pair of Sevens
Seat 5: f142cca0 showed [Ac Js] and won ($2.75) with Pair of Jacks
Seat 6: a96f565b folded before Flop (didn't bet)


Poker Hand #HD1764233754: Hold'em No Limit ($0.05/$0.1) - 2024/05/08 19:39:14
Table 'NLHRed9' 6-max Seat #6 is the button
Seat 1: 5e1822e5 ($11.04 in chips)
Seat 2: Hero ($10.41 in chips)
Seat 3: 2f74b3ec ($11.99 in chips)
Seat 4: e1c31fb4 ($12.85 in chips)
Seat 5: f142cca0 ($4.91 in chips)
Seat 6: a96f565b ($30.52 in chips)
5e1822e5: posts small blind $0.05
Hero: posts big blind $0.1
*** HOLE CARDS ***
Dealt to 5e1822e5 
Dealt to Hero [6s Ah]
Dealt to 2f74b3ec 
Dealt to e1c31fb4 
Dealt to f142cca0 
Dealt to a96f565b 
2f74b3ec: raises $0.1 to $0.2
e1c31fb4: calls $0.2
f142cca0: folds
a96f565b: folds
5e1822e5: folds
Hero: folds
*** FLOP *** [6c 7h Qs]
2f74b3ec: checks
e1c31fb4: bets $0.19
2f74b3ec: calls $0.19
*** TURN *** [6c 7h Qs] [3d]
2f74b3ec: checks
e1c31fb4: bets $0.7
2f74b3ec: folds
Uncalled bet ($0.7) returned to e1c31fb4
2f74b3ec: shows [8c 8s] (Pair of Eights)
*** SHOWDOWN ***
e1c31fb4 collected $0.89 from pot
*** SUMMARY ***
Total pot $0.93 | Rake $0.04 | Jackpot $0 | Bingo $0 | Fortune $0 | Tax $0
Board [6c 7h Qs 3d]
Seat 1: 5e1822e5 (small blind) folded before Flop
Seat 2: Hero (big blind) folded before Flop
Seat 3: 2f74b3ec folded on the Turn
Seat 4: e1c31fb4 won ($0.89)
Seat 5: f142cca0 folded before Flop (didn't bet)
Seat 6: a96f565b (button) folded before Flop (didn't bet)


Poker Hand #HD1764233735: Hold'em No Limit ($0.05/$0.1) - 2024/05/08 19:39:02
Table 'NLHRed9' 6-max Seat #5 is the button
Seat 1: 5e1822e5 ($10.99 in chips)
Seat 2: Hero ($10.41 in chips)
Seat 3: 2f74b3ec ($11.99 in chips)
Seat 4: e1c31fb4 ($12.85 in chips)
Seat 5: f142cca0 ($4.91 in chips)
Seat 6: a96f565b ($30.57 in chips)
a96f565b: posts small blind $0.05
5e1822e5: posts big blind $0.1
*** HOLE CARDS ***
Dealt to 5e1822e5 
Dealt to Hero [2c 4d]
Dealt to 2f74b3ec 
Dealt to e1c31fb4 
Dealt to f142cca0 
Dealt to a96f565b 
Hero: folds
2f74b3ec: folds
e1c31fb4: folds
f142cca0: folds
a96f565b: folds
Uncalled bet ($0.05) returned to 5e1822e5
*** SHOWDOWN ***
5e1822e5 collected $0.1 from pot
*** SUMMARY ***
Total pot $0.1 | Rake $0 | Jackpot $0 | Bingo $0 | Fortune $0 | Tax $0
Seat 1: 5e1822e5 (big blind) collected ($0.1)
Seat 2: Hero folded before Flop (didn't bet)
Seat 3: 2f74b3ec folded before Flop (didn't bet)
Seat 4: e1c31fb4 folded before Flop (didn't bet)
Seat 5: f142cca0 (button) folded before Flop (didn't bet)
Seat 6: a96f565b (small blind) folded before Flop


Poker Hand #HD1764233702: Hold'em No Limit ($0.05/$0.1) - 2024/05/08 19:38:48
Table 'NLHRed9' 6-max Seat #4 is the button
Seat 1: 5e1822e5 ($10.99 in chips)
Seat 2: Hero ($10.41 in chips)
Seat 3: 2f74b3ec ($11.99 in chips)
Seat 4: e1c31fb4 ($12.7 in chips)
Seat 5: f142cca0 ($4.96 in chips)
Seat 6: a96f565b ($30.67 in chips)
f142cca0: posts small blind $0.05
a96f565b: posts big blind $0.1
*** HOLE CARDS ***
Dealt to 5e1822e5 
Dealt to Hero [Qd 2d]
Dealt to 2f74b3ec 
Dealt to e1c31fb4 
Dealt to f142cca0 
Dealt to a96f565b 
5e1822e5: folds
Hero: folds
2f74b3ec: folds
e1c31fb4: raises $0.2 to $0.3
f142cca0: folds
a96f565b: folds
Uncalled bet ($0.2) returned to e1c31fb4
*** SHOWDOWN ***
e1c31fb4 collected $0.25 from pot
*** SUMMARY ***
Total pot $0.25 | Rake $0 | Jackpot $0 | Bingo $0 | Fortune $0 | Tax $0
Seat 1: 5e1822e5 folded before Flop (didn't bet)
Seat 2: Hero folded before Flop (didn't bet)
Seat 3: 2f74b3ec folded before Flop (didn't bet)
Seat 4: e1c31fb4 (button) collected ($0.25)
Seat 5: f142cca0 (small blind) folded before Flop
Seat 6: a96f565b (big blind) folded before Flop


Poker Hand #HD1764233580: Hold'em No Limit ($0.05/$0.1) - 2024/05/08 19:37:52
Table 'NLHRed9' 6-max Seat #3 is the button
Seat 1: 5e1822e5 ($10.99 in chips)
Seat 2: Hero ($10.41 in chips)
Seat 3: 2f74b3ec ($12.49 in chips)
Seat 4: e1c31fb4 ($13.2 in chips)
Seat 5: f142cca0 ($4.03 in chips)
Seat 6: a96f565b ($30.67 in chips)
e1c31fb4: posts small blind $0.05
f142cca0: posts big blind $0.1
*** HOLE CARDS ***
Dealt to 5e1822e5 
Dealt to Hero [7h Kc]
Dealt to 2f74b3ec 
Dealt to e1c31fb4 
Dealt to f142cca0 
Dealt to a96f565b 
a96f565b: folds
5e1822e5: folds
Hero: folds
2f74b3ec: raises $0.1 to $0.2
e1c31fb4: calls $0.15
f142cca0: calls $0.1
*** FLOP *** [4d 2c 6h]
e1c31fb4: checks
f142cca0: checks
2f74b3ec: checks
*** TURN *** [4d 2c 6h] [7c]
e1c31fb4: bets $0.3
f142cca0: calls $0.3
2f74b3ec: calls $0.3
*** RIVER *** [4d 2c 6h 7c] [5h]
e1c31fb4: checks
f142cca0: bets $0.5
2f74b3ec: folds
e1c31fb4: folds
Uncalled bet ($0.5) returned to f142cca0
2f74b3ec: shows [5s 7s] (Pair of Sevens and Pair of Fives)
*** SHOWDOWN ***
f142cca0 collected $1.43 from pot
*** SUMMARY ***
Total pot $1.5 | Rake $0.07 | Jackpot $0 | Bingo $0 | Fortune $0 | Tax $0
Board [4d 2c 6h 7c 5h]
Seat 1: 5e1822e5 folded before Flop (didn't bet)
Seat 2: Hero folded before Flop (didn't bet)
Seat 3: 2f74b3ec (button) folded on the River
Seat 4: e1c31fb4 (small blind) folded on the River
Seat 5: f142cca0 (big blind) won ($1.43)
Seat 6: a96f565b folded before Flop (didn't bet)


Poker Hand #HD1764233459: Hold'em No Limit ($0.05/$0.1) - 2024/05/08 19:36:58
Table 'NLHRed9' 6-max Seat #2 is the button
Seat 1: 5e1822e5 ($10.99 in chips)
Seat 2: Hero ($10.41 in chips)
Seat 3: 2f74b3ec ($13.02 in chips)
Seat 4: e1c31fb4 ($13.4 in chips)
Seat 5: f142cca0 ($3.36 in chips)
Seat 6: a96f565b ($30.67 in chips)
2f74b3ec: posts small blind $0.05
e1c31fb4: posts big blind $0.1
*** HOLE CARDS ***
Dealt to 5e1822e5 
Dealt to Hero [Kc 7s]
Dealt to 2f74b3ec 
Dealt to e1c31fb4 
Dealt to f142cca0 
Dealt to a96f565b 
f142cca0: raises $0.1 to $0.2
a96f565b: folds
5e1822e5: folds
Hero: folds
2f74b3ec: calls $0.15
e1c31fb4: calls $0.1
*** FLOP *** [4d 7d 3s]
2f74b3ec: checks
e1c31fb4: checks
f142cca0: bets $0.33
2f74b3ec: calls $0.33
e1c31fb4: folds
*** TURN *** [4d 7d 3s] [Ks]
2f74b3ec: checks
f142cca0: bets $0.42
2f74b3ec: folds
Uncalled bet ($0.42) returned to f142cca0
*** SHOWDOWN ***
f142cca0 collected $1.2 from pot
*** SUMMARY ***
Total pot $1.26 | Rake $0.06 | Jackpot $0 | Bingo $0 | Fortune $0 | Tax $0
Board [4d 7d 3s Ks]
Seat 1: 5e1822e5 folded before Flop (didn't bet)
Seat 2: Hero (button) folded before Flop (didn't bet)
Seat 3: 2f74b3ec (small blind) folded on the Turn
Seat 4: e1c31fb4 (big blind) folded on the Flop
Seat 5: f142cca0 won ($1.2)
Seat 6: a96f565b folded before Flop (didn't bet)


Poker Hand #HD1764233345: Hold'em No Limit ($0.05/$0.1) - 2024/05/08 19:35:58
Table 'NLHRed9' 6-max Seat #1 is the button
Seat 1: 5e1822e5 ($10.99 in chips)
Seat 2: Hero ($10.46 in chips)
Seat 3: 2f74b3ec ($13.12 in chips)
Seat 4: e1c31fb4 ($12.27 in chips)
Seat 5: f142cca0 ($4.45 in chips)
Seat 6: a96f565b ($30.67 in chips)
Hero: posts small blind $0.05
2f74b3ec: posts big blind $0.1
*** HOLE CARDS ***
Dealt to 5e1822e5 
Dealt to Hero [Ad 3h]
Dealt to 2f74b3ec 
Dealt to e1c31fb4 
Dealt to f142cca0 
Dealt to a96f565b 
e1c31fb4: raises $0.1 to $0.2
f142cca0: calls $0.2
a96f565b: folds
5e1822e5: folds
Hero: folds
2f74b3ec: folds
*** FLOP *** [Kc 4s 8h]
e1c31fb4: bets $0.19
f142cca0: calls $0.19
*** TURN *** [Kc 4s 8h] [9c]
e1c31fb4: bets $0.7
f142cca0: calls $0.7
*** RIVER *** [Kc 4s 8h 9c] [Jc]
e1c31fb4: bets $1.75
f142cca0: folds
Uncalled bet ($1.75) returned to e1c31fb4
e1c31fb4: shows [2h] (King-High)
*** SHOWDOWN ***
e1c31fb4 collected $2.22 from pot
*** SUMMARY ***
Total pot $2.33 | Rake $0.11 | Jackpot $0 | Bingo $0 | Fortune $0 | Tax $0
Board [Kc 4s 8h 9c Jc]
Seat 1: 5e1822e5 (button) folded before Flop (didn't bet)
Seat 2: Hero (small blind) folded before Flop
Seat 3: 2f74b3ec (big blind) folded before Flop
Seat 4: e1c31fb4 showed [2h] and won ($2.22)
Seat 5: f142cca0 folded on the River
Seat 6: a96f565b folded before Flop (didn't bet)


Poker Hand #HD1764233298: Hold'em No Limit ($0.05/$0.1) - 2024/05/08 19:35:37
Table 'NLHRed9' 6-max Seat #6 is the button
Seat 1: 5e1822e5 ($11.04 in chips)
Seat 2: Hero ($10.56 in chips)
Seat 3: 2f74b3ec ($13.22 in chips)
Seat 4: e1c31fb4 ($12.27 in chips)
Seat 5: f142cca0 ($4.45 in chips)
Seat 6: a96f565b ($30.43 in chips)
5e1822e5: posts small blind $0.05
Hero: posts big blind $0.1
*** HOLE CARDS ***
Dealt to 5e1822e5 
Dealt to Hero [9d 6c]
Dealt to 2f74b3ec 
Dealt to e1c31fb4 
Dealt to f142cca0 
Dealt to a96f565b 
2f74b3ec: calls $0.1
e1c31fb4: folds
f142cca0: folds
a96f565b: raises $0.31 to $0.41
5e1822e5: folds
Hero: folds
2f74b3ec: folds
Uncalled bet ($0.31) returned to a96f565b
*** SHOWDOWN ***
a96f565b collected $0.34 from pot
*** SUMMARY ***
Total pot $0.35 | Rake $0.01 | Jackpot $0 | Bingo $0 | Fortune $0 | Tax $0
Seat 1: 5e1822e5 (small blind) folded before Flop
Seat 2: Hero (big blind) folded before Flop
Seat 3: 2f74b3ec folded before Flop
Seat 4: e1c31fb4 folded before Flop (didn't bet)
Seat 5: f142cca0 folded before Flop (didn't bet)
Seat 6: a96f565b (button) collected ($0.34)


Poker Hand #HD1764233264: Hold'em No Limit ($0.05/$0.1) - 2024/05/08 19:35:21
Table 'NLHRed9' 6-max Seat #5 is the button
Seat 1: 5e1822e5 ($11.14 in chips)
Seat 2: Hero ($10.56 in chips)
Seat 3: 2f74b3ec ($13.07 in chips)
Seat 4: e1c31fb4 ($12.27 in chips)
Seat 5: f142cca0 ($4.45 in chips)
Seat 6: a96f565b ($30.48 in chips)
a96f565b: posts small blind $0.05
5e1822e5: posts big blind $0.1
*** HOLE CARDS ***
Dealt to 5e1822e5 
Dealt to Hero [2h 4c]
Dealt to 2f74b3ec 
Dealt to e1c31fb4 
Dealt to f142cca0 
Dealt to a96f565b 
Hero: folds
2f74b3ec: raises $0.1 to $0.2
e1c31fb4: folds
f142cca0: folds
a96f565b: folds
5e1822e5: folds
Uncalled bet ($0.1) returned to 2f74b3ec
*** SHOWDOWN ***
2f74b3ec collected $0.25 from pot
*** SUMMARY ***
Total pot $0.25 | Rake $0 | Jackpot $0 | Bingo $0 | Fortune $0 | Tax $0
Seat 1: 5e1822e5 (big blind) folded before Flop
Seat 2: Hero folded before Flop (didn't bet)
Seat 3: 2f74b3ec collected ($0.25)
Seat 4: e1c31fb4 folded before Flop (didn't bet)
Seat 5: f142cca0 (button) folded before Flop (didn't bet)
Seat 6: a96f565b (small blind) folded before Flop


Poker Hand #HD1764233238: Hold'em No Limit ($0.05/$0.1) - 2024/05/08 19:35:08
Table 'NLHRed9' 6-max Seat #4 is the button
Seat 1: 5e1822e5 ($11.14 in chips)
Seat 2: Hero ($10.56 in chips)
Seat 3: 2f74b3ec ($13.07 in chips)
Seat 4: e1c31fb4 ($12.12 in chips)
Seat 5: f142cca0 ($4.5 in chips)
Seat 6: a96f565b ($30.58 in chips)
f142cca0: posts small blind $0.05
a96f565b: posts big blind $0.1
*** HOLE CARDS ***
Dealt to 5e1822e5 
Dealt to Hero [5h Js]
Dealt to 2f74b3ec 
Dealt to e1c31fb4 
Dealt to f142cca0 
Dealt to a96f565b 
5e1822e5: folds
Hero: folds
2f74b3ec: folds
e1c31fb4: raises $0.1 to $0.2
f142cca0: folds
a96f565b: folds
Uncalled bet ($0.1) returned to e1c31fb4
*** SHOWDOWN ***
e1c31fb4 collected $0.25 from pot
*** SUMMARY ***
Total pot $0.25 | Rake $0 | Jackpot $0 | Bingo $0 | Fortune $0 | Tax $0
Seat 1: 5e1822e5 folded before Flop (didn't bet)
Seat 2: Hero folded before Flop (didn't bet)
Seat 3: 2f74b3ec folded before Flop (didn't bet)
Seat 4: e1c31fb4 (button) collected ($0.25)
Seat 5: f142cca0 (small blind) folded before Flop
Seat 6: a96f565b (big blind) folded before Flop


Poker Hand #HD1764233103: Hold'em No Limit ($0.05/$0.1) - 2024/05/08 19:33:49
Table 'NLHRed9' 6-max Seat #3 is the button
Seat 1: 5e1822e5 ($11.66 in chips)
Seat 2: Hero ($10.56 in chips)
Seat 3: 2f74b3ec ($11.57 in chips)
Seat 4: e1c31fb4 ($12.17 in chips)
Seat 5: f142cca0 ($5.56 in chips)
Seat 6: a96f565b ($30.58 in chips)
e1c31fb4: posts small blind $0.05
f142cca0: posts big blind $0.1
*** HOLE CARDS ***
Dealt to 5e1822e5 
Dealt to Hero [7h 7c]
Dealt to 2f74b3ec 
Dealt to e1c31fb4 
Dealt to f142cca0 
Dealt to a96f565b 
a96f565b: folds
5e1822e5: raises $0.15 to $0.25
Hero: folds
2f74b3ec: calls $0.25
e1c31fb4: folds
f142cca0: calls $0.15
*** FLOP *** [5c Jc Jh]
f142cca0: checks
5e1822e5: bets $0.27
2f74b3ec: calls $0.27
f142cca0: calls $0.27
*** TURN *** [5c Jc Jh] [3d]
f142cca0: checks
5e1822e5: checks
2f74b3ec: checks
*** RIVER *** [5c Jc Jh 3d] [5h]
f142cca0: bets $0.54
5e1822e5: folds
2f74b3ec: calls $0.54
f142cca0: shows [Ah 4c] (Pair of Jacks and Pair of Fives)
2f74b3ec: shows [5d Kd] (Fives Full over Jacks)
*** SHOWDOWN ***
2f74b3ec collected $2.56 from pot
*** SUMMARY ***
Total pot $2.69 | Rake $0.13 | Jackpot $0 | Bingo $0 | Fortune $0 | Tax $0
Board [5c Jc Jh 3d 5h]
Seat 1: 5e1822e5 folded on the River
Seat 2: Hero folded before Flop (didn't bet)
Seat 3: 2f74b3ec (button) showed [5d Kd] and won ($2.56) with Fives Full over Jacks
Seat 4: e1c31fb4 (small blind) folded before Flop
Seat 5: f142cca0 (big blind) showed [Ah 4c] and lost with Pair of Jacks and Pair of Fives
Seat 6: a96f565b folded before Flop (didn't bet)


Poker Hand #HD1764232975: Hold'em No Limit ($0.05/$0.1) - 2024/05/08 19:32:46
Table 'NLHRed9' 6-max Seat #2 is the button
Seat 1: 5e1822e5 ($12.88 in chips)
Seat 2: Hero ($10.56 in chips)
Seat 3: 2f74b3ec ($11.82 in chips)
Seat 4: e1c31fb4 ($10.83 in chips)
Seat 5: f142cca0 ($5.56 in chips)
Seat 6: a96f565b ($30.58 in chips)
2f74b3ec: posts small blind $0.05
e1c31fb4: posts big blind $0.1
*** HOLE CARDS ***
Dealt to 5e1822e5 
Dealt to Hero [6s 6h]
Dealt to 2f74b3ec 
Dealt to e1c31fb4 
Dealt to f142cca0 
Dealt to a96f565b 
f142cca0: folds
a96f565b: folds
5e1822e5: raises $0.15 to $0.25
Hero: folds
2f74b3ec: calls $0.2
e1c31fb4: calls $0.15
*** FLOP *** [Ks 8d 9s]
2f74b3ec: checks
e1c31fb4: checks
5e1822e5: bets $0.57
2f74b3ec: folds
e1c31fb4: calls $0.57
*** TURN *** [Ks 8d 9s] [Th]
e1c31fb4: bets $0.4
5e1822e5: calls $0.4
*** RIVER *** [Ks 8d 9s Th] [Td]
e1c31fb4: bets $2.96
5e1822e5: folds
Uncalled bet ($2.96) returned to e1c31fb4
*** SHOWDOWN ***
e1c31fb4 collected $2.56 from pot
*** SUMMARY ***
Total pot $2.69 | Rake $0.13 | Jackpot $0 | Bingo $0 | Fortune $0 | Tax $0
Board [Ks 8d 9s Th Td]
Seat 1: 5e1822e5 folded on the River
Seat 2: Hero (button) folded before Flop (didn't bet)
Seat 3: 2f74b3ec (small blind) folded on the Flop
Seat 4: e1c31fb4 (big blind) won ($2.56)
Seat 5: f142cca0 folded before Flop (didn't bet)
Seat 6: a96f565b folded before Flop (didn't bet)


Poker Hand #HD1764232903: Hold'em No Limit ($0.05/$0.1) - 2024/05/08 19:32:10
Table 'NLHRed9' 6-max Seat #1 is the button
Seat 1: 5e1822e5 ($12.88 in chips)
Seat 2: Hero ($10.37 in chips)
Seat 3: 2f74b3ec ($11.92 in chips)
Seat 4: e1c31fb4 ($10.93 in chips)
Seat 5: f142cca0 ($5.56 in chips)
Seat 6: a96f565b ($30.58 in chips)
Hero: posts small blind $0.05
2f74b3ec: posts big blind $0.1
*** HOLE CARDS ***
Dealt to 5e1822e5 
Dealt to Hero [Ad As]
Dealt to 2f74b3ec 
Dealt to e1c31fb4 
Dealt to f142cca0 
Dealt to a96f565b 
e1c31fb4: calls $0.1
f142cca0: folds
a96f565b: folds
5e1822e5: folds
Hero: raises $0.3 to $0.4
2f74b3ec: folds
e1c31fb4: folds
Uncalled bet ($0.3) returned to Hero
*** SHOWDOWN ***
Hero collected $0.29 from pot
*** SUMMARY ***
Total pot $0.3 | Rake $0.01 | Jackpot $0 | Bingo $0 | Fortune $0 | Tax $0
Seat 1: 5e1822e5 (button) folded before Flop (didn't bet)
Seat 2: Hero (small blind) collected ($0.29)
Seat 3: 2f74b3ec (big blind) folded before Flop
Seat 4: e1c31fb4 folded before Flop
Seat 5: f142cca0 folded before Flop (didn't bet)
Seat 6: a96f565b folded before Flop (didn't bet)


Poker Hand #HD1764232883: Hold'em No Limit ($0.05/$0.1) - 2024/05/08 19:32:01
Table 'NLHRed9' 6-max Seat #6 is the button
Seat 1: 5e1822e5 ($12.78 in chips)
Seat 2: Hero ($10.47 in chips)
Seat 3: 2f74b3ec ($11.92 in chips)
Seat 4: e1c31fb4 ($10.93 in chips)
Seat 5: f142cca0 ($5.56 in chips)
Seat 6: a96f565b ($30.58 in chips)
5e1822e5: posts small blind $0.05
Hero: posts big blind $0.1
*** HOLE CARDS ***
Dealt to 5e1822e5 
Dealt to Hero [4d 3s]
Dealt to 2f74b3ec 
Dealt to e1c31fb4 
Dealt to f142cca0 
Dealt to a96f565b 
2f74b3ec: folds
e1c31fb4: folds
f142cca0: folds
a96f565b: folds
5e1822e5: raises $0.2 to $0.3
Hero: folds
Uncalled bet ($0.2) returned to 5e1822e5
*** SHOWDOWN ***
5e1822e5 collected $0.2 from pot
*** SUMMARY ***
Total pot $0.2 | Rake $0 | Jackpot $0 | Bingo $0 | Fortune $0 | Tax $0
Seat 1: 5e1822e5 (small blind) collected ($0.2)
Seat 2: Hero (big blind) folded before Flop
Seat 3: 2f74b3ec folded before Flop (didn't bet)
Seat 4: e1c31fb4 folded before Flop (didn't bet)
Seat 5: f142cca0 folded before Flop (didn't bet)
Seat 6: a96f565b (button) folded before Flop (didn't bet)


Poker Hand #HD1764232843: Hold'em No Limit ($0.05/$0.1) - 2024/05/08 19:31:42
Table 'NLHRed9' 6-max Seat #5 is the button
Seat 1: 5e1822e5 ($12.88 in chips)
Seat 2: Hero ($10.47 in chips)
Seat 3: 2f74b3ec ($11.92 in chips)
Seat 4: e1c31fb4 ($10.78 in chips)
Seat 5: f142cca0 ($5.56 in chips)
Seat 6: a96f565b ($30.63 in chips)
a96f565b: posts small blind $0.05
5e1822e5: posts big blind $0.1
*** HOLE CARDS ***
Dealt to 5e1822e5 
Dealt to Hero [3h 4c]
Dealt to 2f74b3ec 
Dealt to e1c31fb4 
Dealt to f142cca0 
Dealt to a96f565b 
Hero: folds
2f74b3ec: folds
e1c31fb4: raises $0.2 to $0.3
f142cca0: folds
a96f565b: folds
5e1822e5: folds
Uncalled bet ($0.2) returned to e1c31fb4
*** SHOWDOWN ***
e1c31fb4 collected $0.25 from pot
*** SUMMARY ***
Total pot $0.25 | Rake $0 | Jackpot $0 | Bingo $0 | Fortune $0 | Tax $0
Seat 1: 5e1822e5 (big blind) folded before Flop
Seat 2: Hero folded before Flop (didn't bet)
Seat 3: 2f74b3ec folded before Flop (didn't bet)
Seat 4: e1c31fb4 collected ($0.25)
Seat 5: f142cca0 (button) folded before Flop (didn't bet)
Seat 6: a96f565b (small blind) folded before Flop


Poker Hand #HD1764232807: Hold'em No Limit ($0.05/$0.1) - 2024/05/08 19:31:23
Table 'NLHRed9' 6-max Seat #4 is the button
Seat 1: 5e1822e5 ($12.88 in chips)
Seat 2: Hero ($10.47 in chips)
Seat 3: 2f74b3ec ($11.92 in chips)
Seat 4: e1c31fb4 ($10.63 in chips)
Seat 5: f142cca0 ($5.61 in chips)
Seat 6: a96f565b ($30.73 in chips)
f142cca0: posts small blind $0.05
a96f565b: posts big blind $0.1
*** HOLE CARDS ***
Dealt to 5e1822e5 
Dealt to Hero [3c Jc]
Dealt to 2f74b3ec 
Dealt to e1c31fb4 
Dealt to f142cca0 
Dealt to a96f565b 
5e1822e5: folds
Hero: folds
2f74b3ec: folds
e1c31fb4: raises $0.1 to $0.2
f142cca0: folds
a96f565b: folds
Uncalled bet ($0.1) returned to e1c31fb4
*** SHOWDOWN ***
e1c31fb4 collected $0.25 from pot
*** SUMMARY ***
Total pot $0.25 | Rake $0 | Jackpot $0 | Bingo $0 | Fortune $0 | Tax $0
Seat 1: 5e1822e5 folded before Flop (didn't bet)
Seat 2: Hero folded before Flop (didn't bet)
Seat 3: 2f74b3ec folded before Flop (didn't bet)
Seat 4: e1c31fb4 (button) collected ($0.25)
Seat 5: f142cca0 (small blind) folded before Flop
Seat 6: a96f565b (big blind) folded before Flop


Poker Hand #HD1764232629: Hold'em No Limit ($0.05/$0.1) - 2024/05/08 19:29:58
Table 'NLHRed9' 6-max Seat #1 is the button
Seat 1: 5e1822e5 ($12.88 in chips)
Seat 2: Hero ($10.52 in chips)
Seat 3: 2f74b3ec ($12.32 in chips)
Seat 4: e1c31fb4 ($9.85 in chips)
Seat 5: f142cca0 ($6.01 in chips)
Seat 6: a96f565b ($30.73 in chips)
Hero: posts small blind $0.05
2f74b3ec: posts big blind $0.1
*** HOLE CARDS ***
Dealt to 5e1822e5 
Dealt to Hero [4s 4d]
Dealt to 2f74b3ec 
Dealt to e1c31fb4 
Dealt to f142cca0 
Dealt to a96f565b 
e1c31fb4: raises $0.1 to $0.2
f142cca0: folds
a96f565b: folds
5e1822e5: folds
Hero: folds
2f74b3ec: calls $0.1
*** FLOP *** [Td 2d Kd]
2f74b3ec: checks
e1c31fb4: bets $0.34
2f74b3ec: folds
Uncalled bet ($0.34) returned to e1c31fb4
*** SHOWDOWN ***
e1c31fb4 collected $0.43 from pot
*** SUMMARY ***
Total pot $0.45 | Rake $0.02 | Jackpot $0 | Bingo $0 | Fortune $0 | Tax $0
Board [Td 2d Kd]
Seat 1: 5e1822e5 (button) folded before Flop (didn't bet)
Seat 2: Hero (small blind) folded before Flop
Seat 3: 2f74b3ec (big blind) folded on the Flop
Seat 4: e1c31fb4 won ($0.43)
Seat 5: f142cca0 folded before Flop (didn't bet)
Seat 6: a96f565b folded before Flop (didn't bet)


Poker Hand #HD1764232529: Hold'em No Limit ($0.05/$0.1) - 2024/05/08 19:29:09
Table 'NLHRed9' 6-max Seat #6 is the button
Seat 1: 5e1822e5 ($12.93 in chips)
Seat 2: Hero ($10.62 in chips)
Seat 3: 2f74b3ec ($12.08 in chips)
Seat 4: e1c31fb4 ($9.95 in chips)
Seat 5: f142cca0 ($6.01 in chips)
Seat 6: a96f565b ($30.73 in chips)
5e1822e5: posts small blind $0.05
Hero: posts big blind $0.1
*** HOLE CARDS ***
Dealt to 5e1822e5 
Dealt to Hero [Kh 5c]
Dealt to 2f74b3ec 
Dealt to e1c31fb4 
Dealt to f142cca0 
Dealt to a96f565b 
2f74b3ec: calls $0.1
e1c31fb4: calls $0.1
f142cca0: folds
a96f565b: folds
5e1822e5: folds
Hero: checks
*** FLOP *** [9h 9d 6c]
Hero: checks
2f74b3ec: bets $0.18
e1c31fb4: folds
Hero: folds
Uncalled bet ($0.18) returned to 2f74b3ec
*** SHOWDOWN ***
2f74b3ec collected $0.34 from pot
*** SUMMARY ***
Total pot $0.35 | Rake $0.01 | Jackpot $0 | Bingo $0 | Fortune $0 | Tax $0
Board [9h 9d 6c]
Seat 1: 5e1822e5 (small blind) folded before Flop
Seat 2: Hero (big blind) folded on the Flop
Seat 3: 2f74b3ec won ($0.34)
Seat 4: e1c31fb4 folded on the Flop
Seat 5: f142cca0 folded before Flop (didn't bet)
Seat 6: a96f565b (button) folded before Flop (didn't bet)


Poker Hand #HD1764232423: Hold'em No Limit ($0.05/$0.1) - 2024/05/08 19:28:16
Table 'NLHRed9' 6-max Seat #5 is the button
Seat 1: 5e1822e5 ($13.03 in chips)
Seat 2: Hero ($10.62 in chips)
Seat 3: 2f74b3ec ($12.08 in chips)
Seat 4: e1c31fb4 ($10.67 in chips)
Seat 5: f142cca0 ($5.22 in chips)
Seat 6: a96f565b ($30.78 in chips)
a96f565b: posts small blind $0.05
5e1822e5: posts big blind $0.1
*** HOLE CARDS ***
Dealt to 5e1822e5 
Dealt to Hero [Qd 8s]
Dealt to 2f74b3ec 
Dealt to e1c31fb4 
Dealt to f142cca0 
Dealt to a96f565b 
Hero: folds
2f74b3ec: folds
e1c31fb4: raises $0.2 to $0.3
f142cca0: raises $0.42 to $0.72
a96f565b: folds
5e1822e5: folds
e1c31fb4: calls $0.42
*** FLOP *** [2d Qh 5c]
e1c31fb4: checks
f142cca0: bets $0.88
e1c31fb4: folds
Uncalled bet ($0.88) returned to f142cca0
*** SHOWDOWN ***
f142cca0 collected $1.51 from pot
*** SUMMARY ***
Total pot $1.59 | Rake $0.08 | Jackpot $0 | Bingo $0 | Fortune $0 | Tax $0
Board [2d Qh 5c]
Seat 1: 5e1822e5 (big blind) folded before Flop
Seat 2: Hero folded before Flop (didn't bet)
Seat 3: 2f74b3ec folded before Flop (didn't bet)
Seat 4: e1c31fb4 folded on the Flop
Seat 5: f142cca0 (button) won ($1.51)
Seat 6: a96f565b (small blind) folded before Flop


Poker Hand #HD1764232285: Hold'em No Limit ($0.05/$0.1) - 2024/05/08 19:27:07
Table 'NLHRed9' 6-max Seat #4 is the button
Seat 1: 5e1822e5 ($10.32 in chips)
Seat 2: Hero ($10.62 in chips)
Seat 3: 2f74b3ec ($12.08 in chips)
Seat 4: e1c31fb4 ($13.62 in chips)
Seat 5: f142cca0 ($5.27 in chips)
Seat 6: a96f565b ($30.88 in chips)
f142cca0: posts small blind $0.05
a96f565b: posts big blind $0.1
*** HOLE CARDS ***
Dealt to 5e1822e5 
Dealt to Hero [5h Qc]
Dealt to 2f74b3ec 
Dealt to e1c31fb4 
Dealt to f142cca0 
Dealt to a96f565b 
5e1822e5: raises $0.15 to $0.25
Hero: folds
2f74b3ec: folds
e1c31fb4: calls $0.25
f142cca0: folds
a96f565b: folds
*** FLOP *** [9d Qd 5s]
5e1822e5: bets $0.49
e1c31fb4: calls $0.49
*** TURN *** [9d Qd 5s] [Js]
5e1822e5: bets $2.21
e1c31fb4: calls $2.21
*** RIVER *** [9d Qd 5s Js] [Qs]
5e1822e5: checks
e1c31fb4: checks
5e1822e5: shows [Ah As] (Pair of Aces and Pair of Queens)
e1c31fb4: shows [9s Jd] (Pair of Queens and Pair of Jacks)
*** SHOWDOWN ***
5e1822e5 collected $5.66 from pot
*** SUMMARY ***
Total pot $6.05 | Rake $0.29 | Jackpot $0.1 | Bingo $0 | Fortune $0 | Tax $0
Board [9d Qd 5s Js Qs]
Seat 1: 5e1822e5 showed [Ah As] and won ($5.66) with Pair of Aces and Pair of Queens
Seat 2: Hero folded before Flop (didn't bet)
Seat 3: 2f74b3ec folded before Flop (didn't bet)
Seat 4: e1c31fb4 (button) showed [9s Jd] and lost with Pair of Queens and Pair of Jacks
Seat 5: f142cca0 (small blind) folded before Flop
Seat 6: a96f565b (big blind) folded before Flop


Poker Hand #HD1764232172: Hold'em No Limit ($0.05/$0.1) - 2024/05/08 19:26:04
Table 'NLHRed9' 6-max Seat #3 is the button
Seat 1: 5e1822e5 ($10.32 in chips)
Seat 2: Hero ($10.62 in chips)
Seat 3: 2f74b3ec ($12.08 in chips)
Seat 4: e1c31fb4 ($13.82 in chips)
Seat 5: f142cca0 ($5.09 in chips)
Seat 6: a96f565b ($30.88 in chips)
e1c31fb4: posts small blind $0.05
f142cca0: posts big blind $0.1
*** HOLE CARDS ***
Dealt to 5e1822e5 
Dealt to Hero [Ks 7h]
Dealt to 2f74b3ec 
Dealt to e1c31fb4 
Dealt to f142cca0 
Dealt to a96f565b 
a96f565b: folds
5e1822e5: folds
Hero: folds
2f74b3ec: folds
e1c31fb4: calls $0.05
f142cca0: checks
*** FLOP *** [Qs 9h Th]
e1c31fb4: checks
f142cca0: checks
*** TURN *** [Qs 9h Th] [As]
e1c31fb4: bets $0.1
f142cca0: calls $0.1
*** RIVER *** [Qs 9h Th As] [Kd]
e1c31fb4: checks
f142cca0: checks
e1c31fb4: shows [8s 5d] (Ace-High)
f142cca0: shows [Ac 2c] (Pair of Aces)
*** SHOWDOWN ***
f142cca0 collected $0.38 from pot
*** SUMMARY ***
Total pot $0.4 | Rake $0.02 | Jackpot $0 | Bingo $0 | Fortune $0 | Tax $0
Board [Qs 9h Th As Kd]
Seat 1: 5e1822e5 folded before Flop (didn't bet)
Seat 2: Hero folded before Flop (didn't bet)
Seat 3: 2f74b3ec (button) folded before Flop (didn't bet)
Seat 4: e1c31fb4 (small blind) showed [8s 5d] and lost with Ace-High
Seat 5: f142cca0 (big blind) showed [Ac 2c] and won ($0.38) with Pair of Aces
Seat 6: a96f565b folded before Flop (didn't bet)


Poker Hand #HD1764232081: Hold'em No Limit ($0.05/$0.1) - 2024/05/08 19:25:20
Table 'NLHRed9' 6-max Seat #2 is the button
Seat 1: 5e1822e5 ($10 in chips)
Seat 2: Hero ($10.62 in chips)
Seat 3: 2f74b3ec ($12.33 in chips)
Seat 4: e1c31fb4 ($13.92 in chips)
Seat 5: f142cca0 ($5.09 in chips)
Seat 6: a96f565b ($30.88 in chips)
2f74b3ec: posts small blind $0.05
e1c31fb4: posts big blind $0.1
*** HOLE CARDS ***
Dealt to 5e1822e5 
Dealt to Hero [9d Ac]
Dealt to 2f74b3ec 
Dealt to e1c31fb4 
Dealt to f142cca0 
Dealt to a96f565b 
f142cca0: folds
a96f565b: folds
5e1822e5: raises $0.15 to $0.25
Hero: folds
2f74b3ec: calls $0.2
e1c31fb4: folds
*** FLOP *** [Kc 5s 8h]
2f74b3ec: checks
5e1822e5: bets $0.2
2f74b3ec: folds
Uncalled bet ($0.2) returned to 5e1822e5
*** SHOWDOWN ***
5e1822e5 collected $0.57 from pot
*** SUMMARY ***
Total pot $0.6 | Rake $0.03 | Jackpot $0 | Bingo $0 | Fortune $0 | Tax $0
Board [Kc 5s 8h]
Seat 1: 5e1822e5 won ($0.57)
Seat 2: Hero (button) folded before Flop (didn't bet)
Seat 3: 2f74b3ec (small blind) folded on the Flop
Seat 4: e1c31fb4 (big blind) folded before Flop
Seat 5: f142cca0 folded before Flop (didn't bet)
Seat 6: a96f565b folded before Flop (didn't bet)


Poker Hand #HD1764231945: Hold'em No Limit ($0.05/$0.1) - 2024/05/08 19:24:09
Table 'NLHRed9' 6-max Seat #1 is the button
Seat 1: 5e1822e5 ($11.09 in chips)
Seat 2: Hero ($10.67 in chips)
Seat 3: 2f74b3ec ($11.05 in chips)
Seat 4: e1c31fb4 ($13.92 in chips)
Seat 5: f142cca0 ($5.09 in chips)
Seat 6: a96f565b ($30.88 in chips)
Hero: posts small blind $0.05
2f74b3ec: posts big blind $0.1
*** HOLE CARDS ***
Dealt to 5e1822e5 
Dealt to Hero [8s 6s]
Dealt to 2f74b3ec 
Dealt to e1c31fb4 
Dealt to f142cca0 
Dealt to a96f565b 
e1c31fb4: folds
f142cca0: folds
a96f565b: folds
5e1822e5: raises $0.15 to $0.25
Hero: folds
2f74b3ec: calls $0.15
*** FLOP *** [Kh 3d 5c]
2f74b3ec: checks
5e1822e5: bets $0.19
2f74b3ec: calls $0.19
*** TURN *** [Kh 3d 5c] [4c]
2f74b3ec: checks
5e1822e5: checks
*** RIVER *** [Kh 3d 5c 4c] [Qd]
2f74b3ec: bets $0.93
5e1822e5: calls $0.93
2f74b3ec: shows [5d 5s] (Three Fives)
5e1822e5: shows [Kd Ts] (Pair of Kings)
*** SHOWDOWN ***
2f74b3ec collected $2.65 from pot
*** SUMMARY ***
Total pot $2.79 | Rake $0.14 | Jackpot $0 | Bingo $0 | Fortune $0 | Tax $0
Board [Kh 3d 5c 4c Qd]
Seat 1: 5e1822e5 (button) showed [Kd Ts] and lost with Pair of Kings
Seat 2: Hero (small blind) folded before Flop
Seat 3: 2f74b3ec (big blind) showed [5d 5s] and won ($2.65) with Three Fives
Seat 4: e1c31fb4 folded before Flop (didn't bet)
Seat 5: f142cca0 folded before Flop (didn't bet)
Seat 6: a96f565b folded before Flop (didn't bet)


Poker Hand #HD1764231824: Hold'em No Limit ($0.05/$0.1) - 2024/05/08 19:23:10
Table 'NLHRed9' 6-max Seat #6 is the button
Seat 1: 5e1822e5 ($11.14 in chips)
Seat 2: Hero ($10.77 in chips)
Seat 3: 2f74b3ec ($10.29 in chips)
Seat 4: e1c31fb4 ($13.92 in chips)
Seat 5: f142cca0 ($5.77 in chips)
Seat 6: a96f565b ($30.88 in chips)
5e1822e5: posts small blind $0.05
Hero: posts big blind $0.1
*** HOLE CARDS ***
Dealt to 5e1822e5 
Dealt to Hero [3h Td]
Dealt to 2f74b3ec 
Dealt to e1c31fb4 
Dealt to f142cca0 
Dealt to a96f565b 
2f74b3ec: calls $0.1
e1c31fb4: folds
f142cca0: raises $0.2 to $0.3
a96f565b: folds
5e1822e5: folds
Hero: folds
2f74b3ec: calls $0.2
*** FLOP *** [2d 2s 5h]
2f74b3ec: checks
f142cca0: checks
*** TURN *** [2d 2s 5h] [8d]
2f74b3ec: checks
f142cca0: checks
*** RIVER *** [2d 2s 5h 8d] [7c]
2f74b3ec: bets $0.38
f142cca0: calls $0.38
2f74b3ec: shows [Jd Ad] (Pair of Twos)
f142cca0: shows [Ah Tc] (Pair of Twos)
*** SHOWDOWN ***
2f74b3ec collected $1.44 from pot
*** SUMMARY ***
Total pot $1.51 | Rake $0.07 | Jackpot $0 | Bingo $0 | Fortune $0 | Tax $0
Board [2d 2s 5h 8d 7c]
Seat 1: 5e1822e5 (small blind) folded before Flop
Seat 2: Hero (big blind) folded before Flop
Seat 3: 2f74b3ec showed [Jd Ad] and won ($1.44) with Pair of Twos
Seat 4: e1c31fb4 folded before Flop (didn't bet)
Seat 5: f142cca0 showed [Ah Tc] and lost with Pair of Twos
Seat 6: a96f565b (button) folded before Flop (didn't bet)


Poker Hand #HD1764231792: Hold'em No Limit ($0.05/$0.1) - 2024/05/08 19:22:52
Table 'NLHRed9' 6-max Seat #5 is the button
Seat 1: 5e1822e5 ($11.24 in chips)
Seat 2: Hero ($10.77 in chips)
Seat 3: 2f74b3ec ($10.29 in chips)
Seat 4: e1c31fb4 ($13.92 in chips)
Seat 5: f142cca0 ($5.77 in chips)
Seat 6: a96f565b ($30.78 in chips)
a96f565b: posts small blind $0.05
5e1822e5: posts big blind $0.1
*** HOLE CARDS ***
Dealt to 5e1822e5 
Dealt to Hero [2c 6c]
Dealt to 2f74b3ec 
Dealt to e1c31fb4 
Dealt to f142cca0 
Dealt to a96f565b 
Hero: folds
2f74b3ec: folds
e1c31fb4: folds
f142cca0: folds
a96f565b: raises $0.2 to $0.3
5e1822e5: folds
Uncalled bet ($0.2) returned to a96f565b
*** SHOWDOWN ***
a96f565b collected $0.2 from pot
*** SUMMARY ***
Total pot $0.2 | Rake $0 | Jackpot $0 | Bingo $0 | Fortune $0 | Tax $0
Seat 1: 5e1822e5 (big blind) folded before Flop
Seat 2: Hero folded before Flop (didn't bet)
Seat 3: 2f74b3ec folded before Flop (didn't bet)
Seat 4: e1c31fb4 folded before Flop (didn't bet)
Seat 5: f142cca0 (button) folded before Flop (didn't bet)
Seat 6: a96f565b (small blind) collected ($0.2)


Poker Hand #HD1764231662: Hold'em No Limit ($0.05/$0.1) - 2024/05/08 19:21:51
Table 'NLHRed9' 6-max Seat #4 is the button
Seat 1: 5e1822e5 ($11.24 in chips)
Seat 2: Hero ($10.27 in chips)
Seat 3: 2f74b3ec ($10.29 in chips)
Seat 4: e1c31fb4 ($13.92 in chips)
Seat 5: f142cca0 ($5.82 in chips)
Seat 6: a96f565b ($31.28 in chips)
f142cca0: posts small blind $0.05
a96f565b: posts big blind $0.1
*** HOLE CARDS ***
Dealt to 5e1822e5 
Dealt to Hero [Kc Td]
Dealt to 2f74b3ec 
Dealt to e1c31fb4 
Dealt to f142cca0 
Dealt to a96f565b 
5e1822e5: folds
Hero: raises $0.1 to $0.2
2f74b3ec: folds
e1c31fb4: folds
f142cca0: folds
a96f565b: calls $0.1
*** FLOP *** [8h Kd Th]
a96f565b: checks
Hero: bets $0.3
a96f565b: calls $0.3
*** TURN *** [8h Kd Th] [Jc]
a96f565b: checks
Hero: bets $0.9
a96f565b: folds
Uncalled bet ($0.9) returned to Hero
*** SHOWDOWN ***
Hero collected $1 from pot
*** SUMMARY ***
Total pot $1.05 | Rake $0.05 | Jackpot $0 | Bingo $0 | Fortune $0 | Tax $0
Board [8h Kd Th Jc]
Seat 1: 5e1822e5 folded before Flop (didn't bet)
Seat 2: Hero won ($1)
Seat 3: 2f74b3ec folded before Flop (didn't bet)
Seat 4: e1c31fb4 (button) folded before Flop (didn't bet)
Seat 5: f142cca0 (small blind) folded before Flop
Seat 6: a96f565b (big blind) folded on the Turn


Poker Hand #HD1764231610: Hold'em No Limit ($0.05/$0.1) - 2024/05/08 19:21:23
Table 'NLHRed9' 6-max Seat #3 is the button
Seat 1: 5e1822e5 ($11.24 in chips)
Seat 2: Hero ($10.27 in chips)
Seat 3: 2f74b3ec ($10.49 in chips)
Seat 4: e1c31fb4 ($13.55 in chips)
Seat 5: f142cca0 ($6.02 in chips)
Seat 6: a96f565b ($31.28 in chips)
e1c31fb4: posts small blind $0.05
f142cca0: posts big blind $0.1
*** HOLE CARDS ***
Dealt to 5e1822e5 
Dealt to Hero [Kc 8h]
Dealt to 2f74b3ec 
Dealt to e1c31fb4 
Dealt to f142cca0 
Dealt to a96f565b 
a96f565b: folds
5e1822e5: folds
Hero: folds
2f74b3ec: raises $0.1 to $0.2
e1c31fb4: calls $0.15
f142cca0: calls $0.1
*** FLOP *** [2s Ts Th]
e1c31fb4: checks
f142cca0: checks
2f74b3ec: checks
*** TURN *** [2s Ts Th] [6s]
e1c31fb4: bets $0.45
f142cca0: folds
2f74b3ec: folds
Uncalled bet ($0.45) returned to e1c31fb4
*** SHOWDOWN ***
e1c31fb4 collected $0.57 from pot
*** SUMMARY ***
Total pot $0.6 | Rake $0.03 | Jackpot $0 | Bingo $0 | Fortune $0 | Tax $0
Board [2s Ts Th 6s]
Seat 1: 5e1822e5 folded before Flop (didn't bet)
Seat 2: Hero folded before Flop (didn't bet)
Seat 3: 2f74b3ec (button) folded on the Turn
Seat 4: e1c31fb4 (small blind) won ($0.57)
Seat 5: f142cca0 (big blind) folded on the Turn
Seat 6: a96f565b folded before Flop (didn't bet)


Poker Hand #HD1764231488: Hold'em No Limit ($0.05/$0.1) - 2024/05/08 19:20:18
Table 'NLHRed9' 6-max Seat #2 is the button
Seat 1: 5e1822e5 ($11.24 in chips)
Seat 2: Hero ($10.52 in chips)
Seat 3: 2f74b3ec ($10.54 in chips)
Seat 4: e1c31fb4 ($12.5 in chips)
Seat 5: f142cca0 ($6.87 in chips)
Seat 6: a96f565b ($31.28 in chips)
2f74b3ec: posts small blind $0.05
e1c31fb4: posts big blind $0.1
*** HOLE CARDS ***
Dealt to 5e1822e5 
Dealt to Hero [Th Qh]
Dealt to 2f74b3ec 
Dealt to e1c31fb4 
Dealt to f142cca0 
Dealt to a96f565b 
f142cca0: raises $0.15 to $0.25
a96f565b: folds
5e1822e5: folds
Hero: calls $0.25
2f74b3ec: folds
e1c31fb4: calls $0.15
*** FLOP *** [7s 3s Kd]
e1c31fb4: checks
f142cca0: checks
Hero: checks
*** TURN *** [7s 3s Kd] [6s]
e1c31fb4: checks
f142cca0: checks
Hero: checks
*** RIVER *** [7s 3s Kd 6s] [8h]
e1c31fb4: bets $0.6
f142cca0: calls $0.6
Hero: folds
e1c31fb4: shows [4h 5s] (Eights-High Straight)
f142cca0: shows [Tc Td] (Pair of Tens)
*** SHOWDOWN ***
e1c31fb4 collected $1.9 from pot
*** SUMMARY ***
Total pot $2 | Rake $0.1 | Jackpot $0 | Bingo $0 | Fortune $0 | Tax $0
Board [7s 3s Kd 6s 8h]
Seat 1: 5e1822e5 folded before Flop (didn't bet)
Seat 2: Hero (button) folded on the River
Seat 3: 2f74b3ec (small blind) folded before Flop
Seat 4: e1c31fb4 (big blind) showed [4h 5s] and won ($1.9) with Eights-High Straight
Seat 5: f142cca0 showed [Tc Td] and lost with Pair of Tens
Seat 6: a96f565b folded before Flop (didn't bet)


Poker Hand #HD1764231443: Hold'em No Limit ($0.05/$0.1) - 2024/05/08 19:19:56
Table 'NLHRed9' 6-max Seat #1 is the button
Seat 1: 5e1822e5 ($11.24 in chips)
Seat 2: Hero ($10.57 in chips)
Seat 3: 2f74b3ec ($10.64 in chips)
Seat 4: e1c31fb4 ($12.35 in chips)
Seat 5: f142cca0 ($6.87 in chips)
Seat 6: a96f565b ($31.28 in chips)
Hero: posts small blind $0.05
2f74b3ec: posts big blind $0.1
*** HOLE CARDS ***
Dealt to 5e1822e5 
Dealt to Hero [2d 8d]
Dealt to 2f74b3ec 
Dealt to e1c31fb4 
Dealt to f142cca0 
Dealt to a96f565b 
e1c31fb4: raises $0.2 to $0.3
f142cca0: folds
a96f565b: folds
5e1822e5: folds
Hero: folds
2f74b3ec: folds
Uncalled bet ($0.2) returned to e1c31fb4
*** SHOWDOWN ***
e1c31fb4 collected $0.25 from pot
*** SUMMARY ***
Total pot $0.25 | Rake $0 | Jackpot $0 | Bingo $0 | Fortune $0 | Tax $0
Seat 1: 5e1822e5 (button) folded before Flop (didn't bet)
Seat 2: Hero (small blind) folded before Flop
Seat 3: 2f74b3ec (big blind) folded before Flop
Seat 4: e1c31fb4 collected ($0.25)
Seat 5: f142cca0 folded before Flop (didn't bet)
Seat 6: a96f565b folded before Flop (didn't bet)


Poker Hand #HD1764231380: Hold'em No Limit ($0.05/$0.1) - 2024/05/08 19:19:24
Table 'NLHRed9' 6-max Seat #6 is the button
Seat 1: 5e1822e5 ($11.15 in chips)
Seat 2: Hero ($10.67 in chips)
Seat 3: 2f74b3ec ($10.64 in chips)
Seat 4: e1c31fb4 ($12.35 in chips)
Seat 5: f142cca0 ($6.87 in chips)
Seat 6: a96f565b ($31.28 in chips)
5e1822e5: posts small blind $0.05
Hero: posts big blind $0.1
*** HOLE CARDS ***
Dealt to 5e1822e5 
Dealt to Hero [8h 7c]
Dealt to 2f74b3ec 
Dealt to e1c31fb4 
Dealt to f142cca0 
Dealt to a96f565b 
2f74b3ec: folds
e1c31fb4: folds
f142cca0: folds
a96f565b: folds
5e1822e5: calls $0.05
Hero: checks
*** FLOP *** [Qc 5d Qh]
5e1822e5: bets $0.1
Hero: folds
Uncalled bet ($0.1) returned to 5e1822e5
*** SHOWDOWN ***
5e1822e5 collected $0.19 from pot
*** SUMMARY ***
Total pot $0.2 | Rake $0.01 | Jackpot $0 | Bingo $0 | Fortune $0 | Tax $0
Board [Qc 5d Qh]
Seat 1: 5e1822e5 (small blind) won ($0.19)
Seat 2: Hero (big blind) folded on the Flop
Seat 3: 2f74b3ec folded before Flop (didn't bet)
Seat 4: e1c31fb4 folded before Flop (didn't bet)
Seat 5: f142cca0 folded before Flop (didn't bet)
Seat 6: a96f565b (button) folded before Flop (didn't bet)


Poker Hand #HD1764231212: Hold'em No Limit ($0.05/$0.1) - 2024/05/08 19:17:58
Table 'NLHRed9' 6-max Seat #5 is the button
Seat 1: 5e1822e5 ($11.25 in chips)
Seat 2: Hero ($10.67 in chips)
Seat 3: 2f74b3ec ($9.43 in chips)
Seat 4: e1c31fb4 ($12.35 in chips)
Seat 5: f142cca0 ($8.05 in chips)
Seat 6: a96f565b ($31.33 in chips)
a96f565b: posts small blind $0.05
5e1822e5: posts big blind $0.1
*** HOLE CARDS ***
Dealt to 5e1822e5 
Dealt to Hero [4h 3c]
Dealt to 2f74b3ec 
Dealt to e1c31fb4 
Dealt to f142cca0 
Dealt to a96f565b 
Hero: folds
2f74b3ec: calls $0.1
e1c31fb4: folds
f142cca0: raises $0.2 to $0.3
a96f565b: folds
5e1822e5: folds
2f74b3ec: calls $0.2
*** FLOP *** [Ts 3s 9s]
2f74b3ec: checks
f142cca0: checks
*** TURN *** [Ts 3s 9s] [2h]
2f74b3ec: bets $0.38
f142cca0: calls $0.38
*** RIVER *** [Ts 3s 9s 2h] [6h]
2f74b3ec: bets $0.5
f142cca0: calls $0.5
2f74b3ec: shows [Qh Tc] (Pair of Tens)
f142cca0: shows [Jh Kh] (King-High)
*** SHOWDOWN ***
2f74b3ec collected $2.39 from pot
*** SUMMARY ***
Total pot $2.51 | Rake $0.12 | Jackpot $0 | Bingo $0 | Fortune $0 | Tax $0
Board [Ts 3s 9s 2h 6h]
Seat 1: 5e1822e5 (big blind) folded before Flop
Seat 2: Hero folded before Flop (didn't bet)
Seat 3: 2f74b3ec showed [Qh Tc] and won ($2.39) with Pair of Tens
Seat 4: e1c31fb4 folded before Flop (didn't bet)
Seat 5: f142cca0 (button) showed [Jh Kh] and lost with King-High
Seat 6: a96f565b (small blind) folded before Flop


Poker Hand #HD1764231063: Hold'em No Limit ($0.05/$0.1) - 2024/05/08 19:16:43
Table 'NLHRed9' 6-max Seat #4 is the button
Seat 1: 5e1822e5 ($11.25 in chips)
Seat 2: Hero ($10.67 in chips)
Seat 3: 2f74b3ec ($9.43 in chips)
Seat 4: e1c31fb4 ($12.35 in chips)
Seat 5: f142cca0 ($7.67 in chips)
Seat 6: a96f565b ($31.75 in chips)
f142cca0: posts small blind $0.05
a96f565b: posts big blind $0.1
*** HOLE CARDS ***
Dealt to 5e1822e5 
Dealt to Hero [Jh 9d]
Dealt to 2f74b3ec 
Dealt to e1c31fb4 
Dealt to f142cca0 
Dealt to a96f565b 
5e1822e5: folds
Hero: folds
2f74b3ec: folds
e1c31fb4: folds
f142cca0: raises $0.15 to $0.25
a96f565b: calls $0.15
*** FLOP *** [5d Th 4c]
f142cca0: bets $0.17
a96f565b: calls $0.17
*** TURN *** [5d Th 4c] [Kd]
f142cca0: checks
a96f565b: checks
*** RIVER *** [5d Th 4c Kd] [7c]
f142cca0: checks
a96f565b: checks
f142cca0: shows [6s Ac] (Ace-High)
a96f565b: shows [3s As] (Ace-High)
*** SHOWDOWN ***
f142cca0 collected $0.8 from pot
*** SUMMARY ***
Total pot $0.84 | Rake $0.04 | Jackpot $0 | Bingo $0 | Fortune $0 | Tax $0
Board [5d Th 4c Kd 7c]
Seat 1: 5e1822e5 folded before Flop (didn't bet)
Seat 2: Hero folded before Flop (didn't bet)
Seat 3: 2f74b3ec folded before Flop (didn't bet)
Seat 4: e1c31fb4 (button) folded before Flop (didn't bet)
Seat 5: f142cca0 (small blind) showed [6s Ac] and won ($0.8) with Ace-High
Seat 6: a96f565b (big blind) showed [3s As] and lost with Ace-High


Poker Hand #HD1764230929: Hold'em No Limit ($0.05/$0.1) - 2024/05/08 19:15:29
Table 'NLHRed9' 6-max Seat #3 is the button
Seat 1: 5e1822e5 ($11.25 in chips)
Seat 2: Hero ($10.67 in chips)
Seat 3: 2f74b3ec ($8.22 in chips)
Seat 4: e1c31fb4 ($12.4 in chips)
Seat 5: f142cca0 ($8.96 in chips)
Seat 6: a96f565b ($31.75 in chips)
e1c31fb4: posts small blind $0.05
f142cca0: posts big blind $0.1
*** HOLE CARDS ***
Dealt to 5e1822e5 
Dealt to Hero [2c Jc]
Dealt to 2f74b3ec 
Dealt to e1c31fb4 
Dealt to f142cca0 
Dealt to a96f565b 
a96f565b: folds
5e1822e5: folds
Hero: folds
2f74b3ec: raises $0.2 to $0.3
e1c31fb4: folds
f142cca0: calls $0.2
*** FLOP *** [Ks Jh 7h]
f142cca0: checks
2f74b3ec: bets $0.33
f142cca0: calls $0.33
*** TURN *** [Ks Jh 7h] [6s]
f142cca0: checks
2f74b3ec: checks
*** RIVER *** [Ks Jh 7h 6s] [4d]
f142cca0: checks
2f74b3ec: bets $0.66
f142cca0: calls $0.66
2f74b3ec: shows [6d 6h] (Three Sixes)
f142cca0: shows [Js As] (Pair of Jacks)
*** SHOWDOWN ***
2f74b3ec collected $2.5 from pot
*** SUMMARY ***
Total pot $2.63 | Rake $0.13 | Jackpot $0 | Bingo $0 | Fortune $0 | Tax $0
Board [Ks Jh 7h 6s 4d]
Seat 1: 5e1822e5 folded before Flop (didn't bet)
Seat 2: Hero folded before Flop (didn't bet)
Seat 3: 2f74b3ec (button) showed [6d 6h] and won ($2.5) with Three Sixes
Seat 4: e1c31fb4 (small blind) folded before Flop
Seat 5: f142cca0 (big blind) showed [Js As] and lost with Pair of Jacks
Seat 6: a96f565b folded before Flop (didn't bet)


Poker Hand #HD1764230762: Hold'em No Limit ($0.05/$0.1) - 2024/05/08 19:14:06
Table 'NLHRed9' 6-max Seat #2 is the button
Seat 1: 5e1822e5 ($11.25 in chips)
Seat 2: Hero ($10.67 in chips)
Seat 3: 2f74b3ec ($8.27 in chips)
Seat 4: e1c31fb4 ($10 in chips)
Seat 5: f142cca0 ($11.68 in chips)
Seat 6: a96f565b ($31.75 in chips)
2f74b3ec: posts small blind $0.05
e1c31fb4: posts big blind $0.1
*** HOLE CARDS ***
Dealt to 5e1822e5 
Dealt to Hero [Kd 9d]
Dealt to 2f74b3ec 
Dealt to e1c31fb4 
Dealt to f142cca0 
Dealt to a96f565b 
f142cca0: raises $0.1 to $0.2
a96f565b: folds
5e1822e5: folds
Hero: folds
2f74b3ec: folds
e1c31fb4: raises $0.5 to $0.7
f142cca0: calls $0.5
*** FLOP *** [5c 3h 6c]
e1c31fb4: bets $0.58
f142cca0: calls $0.58
*** TURN *** [5c 3h 6c] [Qh]
e1c31fb4: checks
f142cca0: bets $1.44
e1c31fb4: calls $1.44
*** RIVER *** [5c 3h 6c Qh] [4h]
e1c31fb4: checks
f142cca0: checks
e1c31fb4: shows [9h 9c] (Pair of Nines)
f142cca0: shows [Tc Ks] (King-High)
*** SHOWDOWN ***
e1c31fb4 collected $5.12 from pot
*** SUMMARY ***
Total pot $5.49 | Rake $0.27 | Jackpot $0.1 | Bingo $0 | Fortune $0 | Tax $0
Board [5c 3h 6c Qh 4h]
Seat 1: 5e1822e5 folded before Flop (didn't bet)
Seat 2: Hero (button) folded before Flop (didn't bet)
Seat 3: 2f74b3ec (small blind) folded before Flop
Seat 4: e1c31fb4 (big blind) showed [9h 9c] and won ($5.12) with Pair of Nines
Seat 5: f142cca0 showed [Tc Ks] and lost with King-High
Seat 6: a96f565b folded before Flop (didn't bet)


Poker Hand #HD1764230679: Hold'em No Limit ($0.05/$0.1) - 2024/05/08 19:13:21
Table 'NLHRed9' 6-max Seat #1 is the button
Seat 1: 5e1822e5 ($11.25 in chips)
Seat 2: Hero ($10.4 in chips)
Seat 3: 2f74b3ec ($8.57 in chips)
Seat 5: f142cca0 ($11.68 in chips)
Seat 6: a96f565b ($31.75 in chips)
Hero: posts small blind $0.05
2f74b3ec: posts big blind $0.1
*** HOLE CARDS ***
Dealt to 5e1822e5 
Dealt to Hero [Tc 6c]
Dealt to 2f74b3ec 
Dealt to f142cca0 
Dealt to a96f565b 
f142cca0: folds
a96f565b: folds
5e1822e5: folds
Hero: raises $0.2 to $0.3
2f74b3ec: calls $0.2
*** FLOP *** [4h 3d Kc]
Hero: checks
2f74b3ec: checks
*** TURN *** [4h 3d Kc] [Th]
Hero: checks
2f74b3ec: checks
*** RIVER *** [4h 3d Kc Th] [8h]
Hero: bets $0.3
2f74b3ec: folds
Uncalled bet ($0.3) returned to Hero
*** SHOWDOWN ***
Hero collected $0.57 from pot
*** SUMMARY ***
Total pot $0.6 | Rake $0.03 | Jackpot $0 | Bingo $0 | Fortune $0 | Tax $0
Board [4h 3d Kc Th 8h]
Seat 1: 5e1822e5 (button) folded before Flop (didn't bet)
Seat 2: Hero (small blind) won ($0.57)
Seat 3: 2f74b3ec (big blind) folded on the River
Seat 5: f142cca0 folded before Flop (didn't bet)
Seat 6: a96f565b folded before Flop (didn't bet)


Poker Hand #HD1764230586: Hold'em No Limit ($0.05/$0.1) - 2024/05/08 19:12:32
Table 'NLHRed9' 6-max Seat #6 is the button
Seat 1: 5e1822e5 ($11.55 in chips)
Seat 2: Hero ($10.13 in chips)
Seat 3: 2f74b3ec ($8.57 in chips)
Seat 5: f142cca0 ($11.68 in chips)
Seat 6: a96f565b ($31.75 in chips)
5e1822e5: posts small blind $0.05
Hero: posts big blind $0.1
*** HOLE CARDS ***
Dealt to 5e1822e5 
Dealt to Hero [Ad 8h]
Dealt to 2f74b3ec 
Dealt to f142cca0 
Dealt to a96f565b 
2f74b3ec: folds
f142cca0: folds
a96f565b: folds
5e1822e5: raises $0.2 to $0.3
Hero: calls $0.2
*** FLOP *** [Jh Ac 9s]
5e1822e5: checks
Hero: checks
*** TURN *** [Jh Ac 9s] [6h]
5e1822e5: checks
Hero: bets $0.3
5e1822e5: folds
Uncalled bet ($0.3) returned to Hero
*** SHOWDOWN ***
Hero collected $0.57 from pot
*** SUMMARY ***
Total pot $0.6 | Rake $0.03 | Jackpot $0 | Bingo $0 | Fortune $0 | Tax $0
Board [Jh Ac 9s 6h]
Seat 1: 5e1822e5 (small blind) folded on the Turn
Seat 2: Hero (big blind) won ($0.57)
Seat 3: 2f74b3ec folded before Flop (didn't bet)
Seat 5: f142cca0 folded before Flop (didn't bet)
Seat 6: a96f565b (button) folded before Flop (didn't bet)


Poker Hand #HD1764230552: Hold'em No Limit ($0.05/$0.1) - 2024/05/08 19:12:14
Table 'NLHRed9' 6-max Seat #5 is the button
Seat 1: 5e1822e5 ($11.65 in chips)
Seat 2: Hero ($10.13 in chips)
Seat 3: 2f74b3ec ($8.42 in chips)
Seat 5: f142cca0 ($11.68 in chips)
Seat 6: a96f565b ($31.8 in chips)
a96f565b: posts small blind $0.05
5e1822e5: posts big blind $0.1
*** HOLE CARDS ***
Dealt to 5e1822e5 
Dealt to Hero [Ac 3h]
Dealt to 2f74b3ec 
Dealt to f142cca0 
Dealt to a96f565b 
Hero: folds
2f74b3ec: raises $0.2 to $0.3
f142cca0: folds
a96f565b: folds
5e1822e5: folds
Uncalled bet ($0.2) returned to 2f74b3ec
*** SHOWDOWN ***
2f74b3ec collected $0.25 from pot
*** SUMMARY ***
Total pot $0.25 | Rake $0 | Jackpot $0 | Bingo $0 | Fortune $0 | Tax $0
Seat 1: 5e1822e5 (big blind) folded before Flop
Seat 2: Hero folded before Flop (didn't bet)
Seat 3: 2f74b3ec collected ($0.25)
Seat 5: f142cca0 (button) folded before Flop (didn't bet)
Seat 6: a96f565b (small blind) folded before Flop


Poker Hand #HD1764230470: Hold'em No Limit ($0.05/$0.1) - 2024/05/08 19:11:33
Table 'NLHRed9' 6-max Seat #3 is the button
Seat 1: 5e1822e5 ($11.65 in chips)
Seat 2: Hero ($10.33 in chips)
Seat 3: 2f74b3ec ($8.62 in chips)
Seat 5: f142cca0 ($11.73 in chips)
Seat 6: a96f565b ($31.38 in chips)
f142cca0: posts small blind $0.05
a96f565b: posts big blind $0.1
*** HOLE CARDS ***
Dealt to 5e1822e5 
Dealt to Hero [Ks Qd]
Dealt to 2f74b3ec 
Dealt to f142cca0 
Dealt to a96f565b 
5e1822e5: folds
Hero: raises $0.1 to $0.2
2f74b3ec: calls $0.2
f142cca0: folds
a96f565b: raises $0.9 to $1.1
Hero: folds
2f74b3ec: folds
Uncalled bet ($0.9) returned to a96f565b
*** SHOWDOWN ***
a96f565b collected $0.62 from pot
*** SUMMARY ***
Total pot $0.65 | Rake $0.03 | Jackpot $0 | Bingo $0 | Fortune $0 | Tax $0
Seat 1: 5e1822e5 folded before Flop (didn't bet)
Seat 2: Hero folded before Flop
Seat 3: 2f74b3ec (button) folded before Flop
Seat 5: f142cca0 (small blind) folded before Flop
Seat 6: a96f565b (big blind) collected ($0.62)


Poker Hand #HD1764230426: Hold'em No Limit ($0.05/$0.1) - 2024/05/08 19:11:09
Table 'NLHRed9' 6-max Seat #2 is the button
Seat 1: 5e1822e5 ($11.65 in chips)
Seat 2: Hero ($10 in chips)
Seat 3: 2f74b3ec ($8.67 in chips)
Seat 5: f142cca0 ($11.83 in chips)
Seat 6: a96f565b ($31.58 in chips)
2f74b3ec: posts small blind $0.05
f142cca0: posts big blind $0.1
*** HOLE CARDS ***
Dealt to 5e1822e5 
Dealt to Hero [Qc Qs]
Dealt to 2f74b3ec 
Dealt to f142cca0 
Dealt to a96f565b 
a96f565b: raises $0.1 to $0.2
5e1822e5: folds
Hero: raises $0.55 to $0.75
2f74b3ec: folds
f142cca0: folds
a96f565b: folds
Uncalled bet ($0.55) returned to Hero
*** SHOWDOWN ***
Hero collected $0.53 from pot
*** SUMMARY ***
Total pot $0.55 | Rake $0.02 | Jackpot $0 | Bingo $0 | Fortune $0 | Tax $0
Seat 1: 5e1822e5 folded before Flop (didn't bet)
Seat 2: Hero (button) collected ($0.53)
Seat 3: 2f74b3ec (small blind) folded before Flop
Seat 5: f142cca0 (big blind) folded before Flop
Seat 6: a96f565b folded before Flop


Poker Hand #HD1764230304: Hold'em No Limit ($0.05/$0.1) - 2024/05/08 19:10:06
Table 'NLHRed9' 6-max Seat #1 is the button
Seat 1: 5e1822e5 ($11.65 in chips)
Seat 2: Hero ($10 in chips)
Seat 3: 2f74b3ec ($4.8 in chips)
Seat 4: e1c31fb4 ($4.35 in chips)
Seat 5: f142cca0 ($11.83 in chips)
Seat 6: a96f565b ($31.58 in chips)
Hero: posts small blind $0.05
2f74b3ec: posts big blind $0.1
*** HOLE CARDS ***
Dealt to 5e1822e5 
Dealt to Hero [Ah 5c]
Dealt to 2f74b3ec 
Dealt to e1c31fb4 
Dealt to f142cca0 
Dealt to a96f565b 
e1c31fb4: raises $0.3 to $0.4
f142cca0: folds
a96f565b: folds
5e1822e5: folds
Hero: folds
2f74b3ec: raises $0.43 to $0.83
e1c31fb4: raises $3.52 to $4.35 and is all-in
2f74b3ec: calls $3.52
e1c31fb4: shows [Qc Kc]
2f74b3ec: shows [Ad Kd]
*** FLOP *** [9c Tc 5s]
*** TURN *** [9c Tc 5s] [6s]
*** RIVER *** [9c Tc 5s 6s] [7h]
*** SHOWDOWN ***
2f74b3ec collected $8.22 from pot
*** SUMMARY ***
Total pot $8.75 | Rake $0.43 | Jackpot $0.1 | Bingo $0 | Fortune $0 | Tax $0
Board [9c Tc 5s 6s 7h]
Seat 1: 5e1822e5 (button) folded before Flop (didn't bet)
Seat 2: Hero (small blind) folded before Flop
Seat 3: 2f74b3ec (big blind) showed [Ad Kd] and won ($8.22) with Ace-High
Seat 4: e1c31fb4 showed [Qc Kc] and lost with King-High
Seat 5: f142cca0 folded before Flop (didn't bet)
Seat 6: a96f565b folded before Flop (didn't bet)


Poker Hand #HD1764230275: Hold'em No Limit ($0.05/$0.1) - 2024/05/08 19:09:53
Table 'NLHRed9' 6-max Seat #6 is the button
Seat 1: 5e1822e5 ($11.7 in chips)
Seat 2: Hero ($10 in chips)
Seat 3: 2f74b3ec ($4.8 in chips)
Seat 4: e1c31fb4 ($4.35 in chips)
Seat 5: f142cca0 ($11.83 in chips)
Seat 6: a96f565b ($31.43 in chips)
5e1822e5: posts small blind $0.05
Hero: posts big blind $0.1
*** HOLE CARDS ***
Dealt to 5e1822e5 
Dealt to Hero [2d 3h]
Dealt to 2f74b3ec 
Dealt to e1c31fb4 
Dealt to f142cca0 
Dealt to a96f565b 
2f74b3ec: folds
e1c31fb4: folds
f142cca0: folds
a96f565b: raises $0.2 to $0.3
5e1822e5: folds
Hero: folds
Uncalled bet ($0.2) returned to a96f565b
*** SHOWDOWN ***
a96f565b collected $0.25 from pot
*** SUMMARY ***
Total pot $0.25 | Rake $0 | Jackpot $0 | Bingo $0 | Fortune $0 | Tax $0
Seat 1: 5e1822e5 (small blind) folded before Flop
Seat 2: Hero (big blind) folded before Flop
Seat 3: 2f74b3ec folded before Flop (didn't bet)
Seat 4: e1c31fb4 folded before Flop (didn't bet)
Seat 5: f142cca0 folded before Flop (didn't bet)
Seat 6: a96f565b (button) collected ($0.25)


Poker Hand #HD1764230174: Hold'em No Limit ($0.05/$0.1) - 2024/05/08 19:09:01
Table 'NLHRed9' 6-max Seat #5 is the button
Seat 1: 5e1822e5 ($11.8 in chips)
Seat 2: Hero ($10 in chips)
Seat 3: 2f74b3ec ($5 in chips)
Seat 4: e1c31fb4 ($5.75 in chips)
Seat 5: f142cca0 ($11.83 in chips)
Seat 6: a96f565b ($29.98 in chips)
a96f565b: posts small blind $0.05
5e1822e5: posts big blind $0.1
2f74b3ec: posts big blind $0.1
*** HOLE CARDS ***
Dealt to 5e1822e5 
Dealt to Hero [Td 9c]
Dealt to 2f74b3ec 
Dealt to e1c31fb4 
Dealt to f142cca0 
Dealt to a96f565b 
Hero: folds
2f74b3ec: raises $0.1 to $0.2
e1c31fb4: raises $0.3 to $0.5
f142cca0: folds
a96f565b: raises $0.9 to $1.4
5e1822e5: folds
2f74b3ec: folds
e1c31fb4: calls $0.9
*** FLOP *** [7h 2d Qh]
a96f565b: bets $0.81
e1c31fb4: folds
Uncalled bet ($0.81) returned to a96f565b
*** SHOWDOWN ***
a96f565b collected $2.85 from pot
*** SUMMARY ***
Total pot $3.1 | Rake $0.15 | Jackpot $0.1 | Bingo $0 | Fortune $0 | Tax $0
Board [7h 2d Qh]
Seat 1: 5e1822e5 (big blind) folded before Flop
Seat 2: Hero folded before Flop (didn't bet)
Seat 3: 2f74b3ec folded before Flop
Seat 4: e1c31fb4 folded on the Flop
Seat 5: f142cca0 (button) folded before Flop (didn't bet)
Seat 6: a96f565b (small blind) won ($2.85)


Poker Hand #HD1764229996: Hold'em No Limit ($0.05/$0.1) - 2024/05/08 19:07:33
Table 'NLHRed9' 6-max Seat #4 is the button
Seat 1: 5e1822e5 ($11.8 in chips)
Seat 2: Hero ($10 in chips)
Seat 4: e1c31fb4 ($7.52 in chips)
Seat 5: f142cca0 ($11.88 in chips)
Seat 6: a96f565b ($28.43 in chips)
f142cca0: posts small blind $0.05
a96f565b: posts big blind $0.1
*** HOLE CARDS ***
Dealt to 5e1822e5 
Dealt to Hero [Td 7c]
Dealt to e1c31fb4 
Dealt to f142cca0 
Dealt to a96f565b 
5e1822e5: folds
Hero: folds
e1c31fb4: raises $0.3 to $0.4
f142cca0: folds
a96f565b: calls $0.3
*** FLOP *** [3c Qh 5h]
a96f565b: checks
e1c31fb4: checks
*** TURN *** [3c Qh 5h] [8c]
a96f565b: checks
e1c31fb4: bets $0.29
a96f565b: calls $0.29
*** RIVER *** [3c Qh 5h 8c] [8d]
a96f565b: checks
e1c31fb4: bets $1.08
a96f565b: calls $1.08
e1c31fb4: shows [Jc Kd] (Pair of Eights)
a96f565b: shows [Ts Tc] (Pair of Tens and Pair of Eights)
*** SHOWDOWN ***
a96f565b collected $3.32 from pot
*** SUMMARY ***
Total pot $3.59 | Rake $0.17 | Jackpot $0.1 | Bingo $0 | Fortune $0 | Tax $0
Board [3c Qh 5h 8c 8d]
Seat 1: 5e1822e5 folded before Flop (didn't bet)
Seat 2: Hero folded before Flop (didn't bet)
Seat 4: e1c31fb4 (button) showed [Jc Kd] and lost with Pair of Eights
Seat 5: f142cca0 (small blind) folded before Flop
Seat 6: a96f565b (big blind) showed [Ts Tc] and won ($3.32) with Pair of Tens and Pair of Eights


Poker Hand #HD1764229875: Hold'em No Limit ($0.05/$0.1) - 2024/05/08 19:06:36
Table 'NLHRed9' 6-max Seat #2 is the button
Seat 1: 5e1822e5 ($11.8 in chips)
Seat 2: Hero ($10 in chips)
Seat 4: e1c31fb4 ($10.05 in chips)
Seat 5: f142cca0 ($9.69 in chips)
e1c31fb4: posts small blind $0.05
f142cca0: posts big blind $0.1
*** HOLE CARDS ***
Dealt to 5e1822e5 
Dealt to Hero [Tc 2c]
Dealt to e1c31fb4 
Dealt to f142cca0 
5e1822e5: folds
Hero: folds
e1c31fb4: raises $0.1 to $0.2
f142cca0: calls $0.1
*** FLOP *** [9s Qs 2s]
e1c31fb4: bets $0.14
f142cca0: calls $0.14
*** TURN *** [9s Qs 2s] [8c]
e1c31fb4: bets $0.51
f142cca0: calls $0.51
*** RIVER *** [9s Qs 2s 8c] [Jd]
e1c31fb4: bets $1.68
f142cca0: calls $1.68
e1c31fb4: shows [4d 5h] (Queen-High)
f142cca0: shows [8s 3s] (Queen High Flush)
*** SHOWDOWN ***
f142cca0 collected $4.72 from pot
*** SUMMARY ***
Total pot $5.06 | Rake $0.24 | Jackpot $0.1 | Bingo $0 | Fortune $0 | Tax $0
Board [9s Qs 2s 8c Jd]
Seat 1: 5e1822e5 folded before Flop (didn't bet)
Seat 2: Hero (button) folded before Flop (didn't bet)
Seat 4: e1c31fb4 (small blind) showed [4d 5h] and lost with Queen-High
Seat 5: f142cca0 (big blind) showed [8s 3s] and won ($4.72) with Queen High Flush


Poker Hand #HD1764229863: Hold'em No Limit ($0.05/$0.1) - 2024/05/08 19:06:29
Table 'NLHRed9' 6-max Seat #1 is the button
Seat 1: 5e1822e5 ($11.8 in chips)
Seat 2: Hero ($10 in chips)
Seat 4: e1c31fb4 ($10 in chips)
Seat 5: f142cca0 ($9.69 in chips)
Hero: posts small blind $0.05
e1c31fb4: posts big blind $0.1
*** HOLE CARDS ***
Dealt to 5e1822e5 
Dealt to Hero [5d Ks]
Dealt to e1c31fb4 
Dealt to f142cca0 
f142cca0: folds
5e1822e5: folds
Hero: folds
Uncalled bet ($0.05) returned to e1c31fb4
*** SHOWDOWN ***
e1c31fb4 collected $0.1 from pot
*** SUMMARY ***
Total pot $0.1 | Rake $0 | Jackpot $0 | Bingo $0 | Fortune $0 | Tax $0
Seat 1: 5e1822e5 (button) folded before Flop (didn't bet)
Seat 2: Hero (small blind) folded before Flop
Seat 4: e1c31fb4 (big blind) collected ($0.1)
Seat 5: f142cca0 folded before Flop (didn't bet)


Poker Hand #HD1764229731: Hold'em No Limit ($0.05/$0.1) - 2024/05/08 19:05:28
Table 'NLHRed9' 6-max Seat #5 is the button
Seat 1: 5e1822e5 ($10.63 in chips)
Seat 2: Hero ($10.24 in chips)
Seat 5: f142cca0 ($9.69 in chips)
5e1822e5: posts small blind $0.05
Hero: posts big blind $0.1
*** HOLE CARDS ***
Dealt to 5e1822e5 
Dealt to Hero [Js Qh]
Dealt to f142cca0 
f142cca0: folds
5e1822e5: raises $0.2 to $0.3
Hero: calls $0.2
*** FLOP *** [Ah 8d 9h]
5e1822e5: checks
Hero: bets $0.3
5e1822e5: calls $0.3
*** TURN *** [Ah 8d 9h] [5s]
5e1822e5: checks
Hero: checks
*** RIVER *** [Ah 8d 9h 5s] [4d]
5e1822e5: checks
Hero: bets $0.7
5e1822e5: calls $0.7
Hero: shows [Js Qh] (Ace-High)
5e1822e5: shows [9c Kd] (Pair of Nines)
*** SHOWDOWN ***
5e1822e5 collected $2.47 from pot
*** SUMMARY ***
Total pot $2.6 | Rake $0.13 | Jackpot $0 | Bingo $0 | Fortune $0 | Tax $0
Board [Ah 8d 9h 5s 4d]
Seat 1: 5e1822e5 (small blind) showed [9c Kd] and won ($2.47) with Pair of Nines
Seat 2: Hero (big blind) showed [Js Qh] and lost with Ace-High
Seat 5: f142cca0 (button) folded before Flop (didn't bet)


Poker Hand #HD1764229666: Hold'em No Limit ($0.05/$0.1) - 2024/05/08 19:04:53
Table 'NLHRed9' 6-max Seat #2 is the button
Seat 1: 5e1822e5 ($10.18 in chips)
Seat 2: Hero ($10.24 in chips)
Seat 4: 13f7abb4 ($10.84 in chips)
Seat 5: f142cca0 ($10.13 in chips)
13f7abb4: posts small blind $0.05
f142cca0: posts big blind $0.1
*** HOLE CARDS ***
Dealt to 5e1822e5 
Dealt to Hero [6d Qc]
Dealt to 13f7abb4 
Dealt to f142cca0 
5e1822e5: raises $0.15 to $0.25
Hero: folds
13f7abb4: folds
f142cca0: calls $0.15
*** FLOP *** [6c Ks 7s]
f142cca0: checks
5e1822e5: bets $0.19
f142cca0: calls $0.19
*** TURN *** [6c Ks 7s] [5h]
f142cca0: checks
5e1822e5: bets $0.7
f142cca0: folds
Uncalled bet ($0.7) returned to 5e1822e5
*** SHOWDOWN ***
5e1822e5 collected $0.89 from pot
*** SUMMARY ***
Total pot $0.93 | Rake $0.04 | Jackpot $0 | Bingo $0 | Fortune $0 | Tax $0
Board [6c Ks 7s 5h]
Seat 1: 5e1822e5 won ($0.89)
Seat 2: Hero (button) folded before Flop (didn't bet)
Seat 4: 13f7abb4 (small blind) folded before Flop
Seat 5: f142cca0 (big blind) folded on the Turn


Poker Hand #HD1764229647: Hold'em No Limit ($0.05/$0.1) - 2024/05/08 19:04:44
Table 'NLHRed9' 6-max Seat #1 is the button
Seat 1: 5e1822e5 ($10.18 in chips)
Seat 2: Hero ($10.29 in chips)
Seat 4: 13f7abb4 ($10.79 in chips)
Seat 5: f142cca0 ($10.13 in chips)
Hero: posts small blind $0.05
13f7abb4: posts big blind $0.1
*** HOLE CARDS ***
Dealt to 5e1822e5 
Dealt to Hero [2s Qc]
Dealt to 13f7abb4 
Dealt to f142cca0 
f142cca0: folds
5e1822e5: folds
Hero: folds
Uncalled bet ($0.05) returned to 13f7abb4
*** SHOWDOWN ***
13f7abb4 collected $0.1 from pot
*** SUMMARY ***
Total pot $0.1 | Rake $0 | Jackpot $0 | Bingo $0 | Fortune $0 | Tax $0
Seat 1: 5e1822e5 (button) folded before Flop (didn't bet)
Seat 2: Hero (small blind) folded before Flop
Seat 4: 13f7abb4 (big blind) collected ($0.1)
Seat 5: f142cca0 folded before Flop (didn't bet)


Poker Hand #HD1764229627: Hold'em No Limit ($0.05/$0.1) - 2024/05/08 19:04:37
Table 'NLHRed9' 6-max Seat #5 is the button
Seat 1: 5e1822e5 ($10.23 in chips)
Seat 2: Hero ($10.24 in chips)
Seat 4: 13f7abb4 ($10.79 in chips)
Seat 5: f142cca0 ($10.13 in chips)
5e1822e5: posts small blind $0.05
Hero: posts big blind $0.1
*** HOLE CARDS ***
Dealt to 5e1822e5 
Dealt to Hero [4h Td]
Dealt to 13f7abb4 
Dealt to f142cca0 
13f7abb4: folds
f142cca0: folds
5e1822e5: folds
Uncalled bet ($0.05) returned to Hero
*** SHOWDOWN ***
Hero collected $0.1 from pot
*** SUMMARY ***
Total pot $0.1 | Rake $0 | Jackpot $0 | Bingo $0 | Fortune $0 | Tax $0
Seat 1: 5e1822e5 (small blind) folded before Flop
Seat 2: Hero (big blind) collected ($0.1)
Seat 4: 13f7abb4 folded before Flop (didn't bet)
Seat 5: f142cca0 (button) folded before Flop (didn't bet)


Poker Hand #HD1764229605: Hold'em No Limit ($0.05/$0.1) - 2024/05/08 19:04:27
Table 'NLHRed9' 6-max Seat #4 is the button
Seat 1: 5e1822e5 ($10.33 in chips)
Seat 2: Hero ($10.24 in chips)
Seat 4: 13f7abb4 ($10.64 in chips)
Seat 5: f142cca0 ($10.18 in chips)
f142cca0: posts small blind $0.05
5e1822e5: posts big blind $0.1
*** HOLE CARDS ***
Dealt to 5e1822e5 
Dealt to Hero [7c 9d]
Dealt to 13f7abb4 
Dealt to f142cca0 
Hero: folds
13f7abb4: raises $0.15 to $0.25
f142cca0: folds
5e1822e5: folds
Uncalled bet ($0.15) returned to 13f7abb4
*** SHOWDOWN ***
13f7abb4 collected $0.25 from pot
*** SUMMARY ***
Total pot $0.25 | Rake $0 | Jackpot $0 | Bingo $0 | Fortune $0 | Tax $0
Seat 1: 5e1822e5 (big blind) folded before Flop
Seat 2: Hero folded before Flop (didn't bet)
Seat 4: 13f7abb4 (button) collected ($0.25)
Seat 5: f142cca0 (small blind) folded before Flop


Poker Hand #HD1764229584: Hold'em No Limit ($0.05/$0.1) - 2024/05/08 19:04:20
Table 'NLHRed9' 6-max Seat #2 is the button
Seat 1: 5e1822e5 ($10.33 in chips)
Seat 2: Hero ($10.24 in chips)
Seat 4: 13f7abb4 ($10.69 in chips)
Seat 5: f142cca0 ($10.13 in chips)
13f7abb4: posts small blind $0.05
f142cca0: posts big blind $0.1
*** HOLE CARDS ***
Dealt to 5e1822e5 
Dealt to Hero [Kd 2h]
Dealt to 13f7abb4 
Dealt to f142cca0 
5e1822e5: folds
Hero: folds
13f7abb4: folds
Uncalled bet ($0.05) returned to f142cca0
*** SHOWDOWN ***
f142cca0 collected $0.1 from pot
*** SUMMARY ***
Total pot $0.1 | Rake $0 | Jackpot $0 | Bingo $0 | Fortune $0 | Tax $0
Seat 1: 5e1822e5 folded before Flop (didn't bet)
Seat 2: Hero (button) folded before Flop (didn't bet)
Seat 4: 13f7abb4 (small blind) folded before Flop
Seat 5: f142cca0 (big blind) collected ($0.1)


Poker Hand #HD1764229490: Hold'em No Limit ($0.05/$0.1) - 2024/05/08 19:03:36
Table 'NLHRed9' 6-max Seat #1 is the button
Seat 1: 5e1822e5 ($10.05 in chips)
Seat 2: Hero ($10.29 in chips)
Seat 4: 13f7abb4 ($10.94 in chips)
Seat 5: f142cca0 ($10.13 in chips)
Hero: posts small blind $0.05
13f7abb4: posts big blind $0.1
*** HOLE CARDS ***
Dealt to 5e1822e5 
Dealt to Hero [Jh 7s]
Dealt to 13f7abb4 
Dealt to f142cca0 
f142cca0: folds
5e1822e5: raises $0.15 to $0.25
Hero: folds
13f7abb4: calls $0.15
*** FLOP *** [5c 3s 2d]
13f7abb4: checks
5e1822e5: bets $0.19
13f7abb4: folds
Uncalled bet ($0.19) returned to 5e1822e5
*** SHOWDOWN ***
5e1822e5 collected $0.53 from pot
*** SUMMARY ***
Total pot $0.55 | Rake $0.02 | Jackpot $0 | Bingo $0 | Fortune $0 | Tax $0
Board [5c 3s 2d]
Seat 1: 5e1822e5 (button) won ($0.53)
Seat 2: Hero (small blind) folded before Flop
Seat 4: 13f7abb4 (big blind) folded on the Flop
Seat 5: f142cca0 folded before Flop (didn't bet)


Poker Hand #HD1764229455: Hold'em No Limit ($0.05/$0.1) - 2024/05/08 19:03:25
Table 'NLHRed9' 6-max Seat #5 is the button
Seat 1: 5e1822e5 ($10.1 in chips)
Seat 2: Hero ($10.24 in chips)
Seat 4: 13f7abb4 ($10.94 in chips)
Seat 5: f142cca0 ($10.13 in chips)
5e1822e5: posts small blind $0.05
Hero: posts big blind $0.1
*** HOLE CARDS ***
Dealt to 5e1822e5 
Dealt to Hero [Kh Qc]
Dealt to 13f7abb4 
Dealt to f142cca0 
13f7abb4: folds
f142cca0: folds
5e1822e5: folds
Uncalled bet ($0.05) returned to Hero
*** SHOWDOWN ***
Hero collected $0.1 from pot
*** SUMMARY ***
Total pot $0.1 | Rake $0 | Jackpot $0 | Bingo $0 | Fortune $0 | Tax $0
Seat 1: 5e1822e5 (small blind) folded before Flop
Seat 2: Hero (big blind) collected ($0.1)
Seat 4: 13f7abb4 folded before Flop (didn't bet)
Seat 5: f142cca0 (button) folded before Flop (didn't bet)


Poker Hand #HD1764229362: Hold'em No Limit ($0.05/$0.1) - 2024/05/08 19:02:41
Table 'NLHRed9' 6-max Seat #4 is the button
Seat 1: 5e1822e5 ($10.1 in chips)
Seat 2: Hero ($10.24 in chips)
Seat 4: 13f7abb4 ($11.19 in chips)
Seat 5: f142cca0 ($9.81 in chips)
Seat 6: a96f565b ($28.53 in chips)
f142cca0: posts small blind $0.05
a96f565b: posts big blind $0.1
*** HOLE CARDS ***
Dealt to 5e1822e5 
Dealt to Hero [3s 3c]
Dealt to 13f7abb4 
Dealt to f142cca0 
Dealt to a96f565b 
5e1822e5: folds
Hero: folds
13f7abb4: raises $0.15 to $0.25
f142cca0: calls $0.2
a96f565b: folds
*** FLOP *** [Kc Qs 9h]
f142cca0: checks
13f7abb4: checks
*** TURN *** [Kc Qs 9h] [7d]
f142cca0: bets $0.2
13f7abb4: folds
Uncalled bet ($0.2) returned to f142cca0
*** SHOWDOWN ***
f142cca0 collected $0.57 from pot
*** SUMMARY ***
Total pot $0.6 | Rake $0.03 | Jackpot $0 | Bingo $0 | Fortune $0 | Tax $0
Board [Kc Qs 9h 7d]
Seat 1: 5e1822e5 folded before Flop (didn't bet)
Seat 2: Hero folded before Flop (didn't bet)
Seat 4: 13f7abb4 (button) folded on the Turn
Seat 5: f142cca0 (small blind) won ($0.57)
Seat 6: a96f565b (big blind) folded before Flop


Poker Hand #HD1764229300: Hold'em No Limit ($0.05/$0.1) - 2024/05/08 19:02:10
Table 'NLHRed9' 6-max Seat #2 is the button
Seat 1: 5e1822e5 ($10.1 in chips)
Seat 2: Hero ($10.24 in chips)
Seat 4: 13f7abb4 ($10.92 in chips)
Seat 5: f142cca0 ($10.11 in chips)
Seat 6: a96f565b ($28.53 in chips)
13f7abb4: posts small blind $0.05
f142cca0: posts big blind $0.1
*** HOLE CARDS ***
Dealt to 5e1822e5 
Dealt to Hero [4h 7h]
Dealt to 13f7abb4 
Dealt to f142cca0 
Dealt to a96f565b 
a96f565b: folds
5e1822e5: folds
Hero: folds
13f7abb4: raises $0.2 to $0.3
f142cca0: calls $0.2
*** FLOP *** [4c 9d Qs]
13f7abb4: bets $0.3
f142cca0: folds
Uncalled bet ($0.3) returned to 13f7abb4
*** SHOWDOWN ***
13f7abb4 collected $0.57 from pot
*** SUMMARY ***
Total pot $0.6 | Rake $0.03 | Jackpot $0 | Bingo $0 | Fortune $0 | Tax $0
Board [4c 9d Qs]
Seat 1: 5e1822e5 folded before Flop (didn't bet)
Seat 2: Hero (button) folded before Flop (didn't bet)
Seat 4: 13f7abb4 (small blind) won ($0.57)
Seat 5: f142cca0 (big blind) folded on the Flop
Seat 6: a96f565b folded before Flop (didn't bet)


Poker Hand #HD1764229280: Hold'em No Limit ($0.05/$0.1) - 2024/05/08 19:01:58
Table 'NLHRed9' 6-max Seat #1 is the button
Seat 1: 5e1822e5 ($10.1 in chips)
Seat 2: Hero ($10.29 in chips)
Seat 4: 13f7abb4 ($10.87 in chips)
Seat 5: f142cca0 ($10.11 in chips)
Seat 6: a96f565b ($28.53 in chips)
Hero: posts small blind $0.05
13f7abb4: posts big blind $0.1
*** HOLE CARDS ***
Dealt to 5e1822e5 
Dealt to Hero [4h 8h]
Dealt to 13f7abb4 
Dealt to f142cca0 
Dealt to a96f565b 
f142cca0: folds
a96f565b: folds
5e1822e5: folds
Hero: folds
Uncalled bet ($0.05) returned to 13f7abb4
*** SHOWDOWN ***
13f7abb4 collected $0.1 from pot
*** SUMMARY ***
Total pot $0.1 | Rake $0 | Jackpot $0 | Bingo $0 | Fortune $0 | Tax $0
Seat 1: 5e1822e5 (button) folded before Flop (didn't bet)
Seat 2: Hero (small blind) folded before Flop
Seat 4: 13f7abb4 (big blind) collected ($0.1)
Seat 5: f142cca0 folded before Flop (didn't bet)
Seat 6: a96f565b folded before Flop (didn't bet)


Poker Hand #HD1764229223: Hold'em No Limit ($0.05/$0.1) - 2024/05/08 19:01:36
Table 'NLHRed9' 6-max Seat #6 is the button
Seat 1: 5e1822e5 ($10 in chips)
Seat 2: Hero ($10.39 in chips)
Seat 4: 13f7abb4 ($10.87 in chips)
Seat 5: f142cca0 ($10.11 in chips)
Seat 6: a96f565b ($28.53 in chips)
5e1822e5: posts small blind $0.05
Hero: posts big blind $0.1
*** HOLE CARDS ***
Dealt to 5e1822e5 
Dealt to Hero [Qd 2c]
Dealt to 13f7abb4 
Dealt to f142cca0 
Dealt to a96f565b 
13f7abb4: folds
f142cca0: folds
a96f565b: folds
5e1822e5: raises $0.2 to $0.3
Hero: folds
Uncalled bet ($0.2) returned to 5e1822e5
*** SHOWDOWN ***
5e1822e5 collected $0.2 from pot
*** SUMMARY ***
Total pot $0.2 | Rake $0 | Jackpot $0 | Bingo $0 | Fortune $0 | Tax $0
Seat 1: 5e1822e5 (small blind) collected ($0.2)
Seat 2: Hero (big blind) folded before Flop
Seat 4: 13f7abb4 folded before Flop (didn't bet)
Seat 5: f142cca0 folded before Flop (didn't bet)
Seat 6: a96f565b (button) folded before Flop (didn't bet)


Poker Hand #HD1764229089: Hold'em No Limit ($0.05/$0.1) - 2024/05/08 19:00:32
Table 'NLHRed9' 6-max Seat #5 is the button
Seat 1: 5e1822e5 ($10.72 in chips)
Seat 2: Hero ($10.39 in chips)
Seat 4: 13f7abb4 ($10.87 in chips)
Seat 5: f142cca0 ($10.11 in chips)
Seat 6: a96f565b ($27.85 in chips)
a96f565b: posts small blind $0.05
5e1822e5: posts big blind $0.1
*** HOLE CARDS ***
Dealt to 5e1822e5 
Dealt to Hero [3s Js]
Dealt to 13f7abb4 
Dealt to f142cca0 
Dealt to a96f565b 
Hero: folds
13f7abb4: folds
f142cca0: folds
a96f565b: raises $0.2 to $0.3
5e1822e5: calls $0.2
*** FLOP *** [As 5c 5s]
a96f565b: checks
5e1822e5: bets $0.2
a96f565b: calls $0.2
*** TURN *** [As 5c 5s] [9c]
a96f565b: checks
5e1822e5: checks
*** RIVER *** [As 5c 5s 9c] [3c]
a96f565b: bets $0.25
5e1822e5: calls $0.25
a96f565b: shows [Ks Kh] (Pair of Kings and Pair of Fives)
5e1822e5: shows [8d 9d] (Pair of Nines and Pair of Fives)
*** SHOWDOWN ***
a96f565b collected $1.43 from pot
*** SUMMARY ***
Total pot $1.5 | Rake $0.07 | Jackpot $0 | Bingo $0 | Fortune $0 | Tax $0
Board [As 5c 5s 9c 3c]
Seat 1: 5e1822e5 (big blind) showed [8d 9d] and lost with Pair of Nines and Pair of Fives
Seat 2: Hero folded before Flop (didn't bet)
Seat 4: 13f7abb4 folded before Flop (didn't bet)
Seat 5: f142cca0 (button) folded before Flop (didn't bet)
Seat 6: a96f565b (small blind) showed [Ks Kh] and won ($1.43) with Pair of Kings and Pair of Fives


Poker Hand #HD1764229004: Hold'em No Limit ($0.05/$0.1) - 2024/05/08 18:59:51
Table 'NLHRed9' 6-max Seat #4 is the button
Seat 1: 5e1822e5 ($10.72 in chips)
Seat 2: Hero ($10.39 in chips)
Seat 3: 5526410b ($13.44 in chips)
Seat 4: 13f7abb4 ($10.59 in chips)
Seat 5: f142cca0 ($10.16 in chips)
Seat 6: a96f565b ($28.1 in chips)
f142cca0: posts small blind $0.05
a96f565b: posts big blind $0.1
*** HOLE CARDS ***
Dealt to 5e1822e5 
Dealt to Hero [6c 8d]
Dealt to 5526410b 
Dealt to 13f7abb4 
Dealt to f142cca0 
Dealt to a96f565b 
5e1822e5: folds
Hero: folds
5526410b: folds
13f7abb4: raises $0.15 to $0.25
f142cca0: folds
a96f565b: calls $0.15
*** FLOP *** [8h 9h 4c]
a96f565b: checks
13f7abb4: bets $0.19
a96f565b: folds
Uncalled bet ($0.19) returned to 13f7abb4
*** SHOWDOWN ***
13f7abb4 collected $0.53 from pot
*** SUMMARY ***
Total pot $0.55 | Rake $0.02 | Jackpot $0 | Bingo $0 | Fortune $0 | Tax $0
Board [8h 9h 4c]
Seat 1: 5e1822e5 folded before Flop (didn't bet)
Seat 2: Hero folded before Flop (didn't bet)
Seat 3: 5526410b folded before Flop (didn't bet)
Seat 4: 13f7abb4 (button) won ($0.53)
Seat 5: f142cca0 (small blind) folded before Flop
Seat 6: a96f565b (big blind) folded on the Flop


Poker Hand #HD1764228918: Hold'em No Limit ($0.05/$0.1) - 2024/05/08 18:59:07
Table 'NLHRed9' 6-max Seat #3 is the button
Seat 1: 5e1822e5 ($10.72 in chips)
Seat 2: Hero ($10.39 in chips)
Seat 3: 5526410b ($13.44 in chips)
Seat 4: 13f7abb4 ($10.64 in chips)
Seat 5: f142cca0 ($10.36 in chips)
Seat 6: a96f565b ($27.87 in chips)
13f7abb4: posts small blind $0.05
f142cca0: posts big blind $0.1
*** HOLE CARDS ***
Dealt to 5e1822e5 
Dealt to Hero [Td 8s]
Dealt to 5526410b 
Dealt to 13f7abb4 
Dealt to f142cca0 
Dealt to a96f565b 
a96f565b: raises $0.1 to $0.2
5e1822e5: folds
Hero: folds
5526410b: folds
13f7abb4: folds
f142cca0: calls $0.1
*** FLOP *** [9h Qc 5s]
f142cca0: checks
a96f565b: bets $0.15
f142cca0: folds
Uncalled bet ($0.15) returned to a96f565b
*** SHOWDOWN ***
a96f565b collected $0.43 from pot
*** SUMMARY ***
Total pot $0.45 | Rake $0.02 | Jackpot $0 | Bingo $0 | Fortune $0 | Tax $0
Board [9h Qc 5s]
Seat 1: 5e1822e5 folded before Flop (didn't bet)
Seat 2: Hero folded before Flop (didn't bet)
Seat 3: 5526410b (button) folded before Flop (didn't bet)
Seat 4: 13f7abb4 (small blind) folded before Flop
Seat 5: f142cca0 (big blind) folded on the Flop
Seat 6: a96f565b won ($0.43)


Poker Hand #HD1764228889: Hold'em No Limit ($0.05/$0.1) - 2024/05/08 18:58:53
Table 'NLHRed9' 6-max Seat #2 is the button
Seat 1: 5e1822e5 ($10.72 in chips)
Seat 2: Hero ($10.39 in chips)
Seat 3: 5526410b ($13.49 in chips)
Seat 4: 13f7abb4 ($10.59 in chips)
Seat 5: f142cca0 ($10.36 in chips)
Seat 6: a96f565b ($27.87 in chips)
5526410b: posts small blind $0.05
13f7abb4: posts big blind $0.1
*** HOLE CARDS ***
Dealt to 5e1822e5 
Dealt to Hero [4s 8d]
Dealt to 5526410b 
Dealt to 13f7abb4 
Dealt to f142cca0 
Dealt to a96f565b 
f142cca0: folds
a96f565b: folds
5e1822e5: folds
Hero: folds
5526410b: folds
Uncalled bet ($0.05) returned to 13f7abb4
*** SHOWDOWN ***
13f7abb4 collected $0.1 from pot
*** SUMMARY ***
Total pot $0.1 | Rake $0 | Jackpot $0 | Bingo $0 | Fortune $0 | Tax $0
Seat 1: 5e1822e5 folded before Flop (didn't bet)
Seat 2: Hero (button) folded before Flop (didn't bet)
Seat 3: 5526410b (small blind) folded before Flop
Seat 4: 13f7abb4 (big blind) collected ($0.1)
Seat 5: f142cca0 folded before Flop (didn't bet)
Seat 6: a96f565b folded before Flop (didn't bet)


Poker Hand #HD1764228766: Hold'em No Limit ($0.05/$0.1) - 2024/05/08 18:57:51
Table 'NLHRed9' 6-max Seat #1 is the button
Seat 1: 5e1822e5 ($10.72 in chips)
Seat 2: Hero ($10.44 in chips)
Seat 3: 5526410b ($12.12 in chips)
Seat 4: 13f7abb4 ($10.59 in chips)
Seat 5: f142cca0 ($10.56 in chips)
Seat 6: a96f565b ($29.12 in chips)
Hero: posts small blind $0.05
5526410b: posts big blind $0.1
*** HOLE CARDS ***
Dealt to 5e1822e5 
Dealt to Hero [6h 5s]
Dealt to 5526410b 
Dealt to 13f7abb4 
Dealt to f142cca0 
Dealt to a96f565b 
13f7abb4: folds
f142cca0: raises $0.1 to $0.2
a96f565b: raises $0.5 to $0.7
5e1822e5: folds
Hero: folds
5526410b: calls $0.6
f142cca0: folds
*** FLOP *** [Ks 3c Qc]
5526410b: checks
a96f565b: bets $0.55
5526410b: calls $0.55
*** TURN *** [Ks 3c Qc] [As]
5526410b: bets $0.91
a96f565b: folds
Uncalled bet ($0.91) returned to 5526410b
*** SHOWDOWN ***
5526410b collected $2.62 from pot
*** SUMMARY ***
Total pot $2.75 | Rake $0.13 | Jackpot $0 | Bingo $0 | Fortune $0 | Tax $0
Board [Ks 3c Qc As]
Seat 1: 5e1822e5 (button) folded before Flop (didn't bet)
Seat 2: Hero (small blind) folded before Flop
Seat 3: 5526410b (big blind) won ($2.62)
Seat 4: 13f7abb4 folded before Flop (didn't bet)
Seat 5: f142cca0 folded before Flop
Seat 6: a96f565b folded on the Turn


Poker Hand #HD1764228629: Hold'em No Limit ($0.05/$0.1) - 2024/05/08 18:56:46
Table 'NLHRed9' 6-max Seat #6 is the button
Seat 1: 5e1822e5 ($10.77 in chips)
Seat 2: Hero ($11.52 in chips)
Seat 3: 5526410b ($11.1 in chips)
Seat 4: 13f7abb4 ($10.59 in chips)
Seat 5: f142cca0 ($10.56 in chips)
Seat 6: a96f565b ($29.12 in chips)
5e1822e5: posts small blind $0.05
Hero: posts big blind $0.1
*** HOLE CARDS ***
Dealt to 5e1822e5 
Dealt to Hero [Qd Td]
Dealt to 5526410b 
Dealt to 13f7abb4 
Dealt to f142cca0 
Dealt to a96f565b 
5526410b: raises $0.1 to $0.2
13f7abb4: folds
f142cca0: folds
a96f565b: folds
5e1822e5: folds
Hero: calls $0.1
*** FLOP *** [5s 3c 5h]
Hero: checks
5526410b: checks
*** TURN *** [5s 3c 5h] [3d]
Hero: bets $0.25
5526410b: calls $0.25
*** RIVER *** [5s 3c 5h 3d] [Qs]
Hero: bets $0.63
5526410b: calls $0.63
Hero: shows [Qd Td] (Pair of Queens and Pair of Fives)
5526410b: shows [As Ah] (Pair of Aces and Pair of Fives)
*** SHOWDOWN ***
5526410b collected $2.1 from pot
*** SUMMARY ***
Total pot $2.21 | Rake $0.11 | Jackpot $0 | Bingo $0 | Fortune $0 | Tax $0
Board [5s 3c 5h 3d Qs]
Seat 1: 5e1822e5 (small blind) folded before Flop
Seat 2: Hero (big blind) showed [Qd Td] and lost with Pair of Queens and Pair of Fives
Seat 3: 5526410b showed [As Ah] and won ($2.1) with Pair of Aces and Pair of Fives
Seat 4: 13f7abb4 folded before Flop (didn't bet)
Seat 5: f142cca0 folded before Flop (didn't bet)
Seat 6: a96f565b (button) folded before Flop (didn't bet)


Poker Hand #HD1764228591: Hold'em No Limit ($0.05/$0.1) - 2024/05/08 18:56:30
Table 'NLHRed9' 6-max Seat #5 is the button
Seat 1: 5e1822e5 ($10.72 in chips)
Seat 2: Hero ($11.52 in chips)
Seat 3: 5526410b ($11.1 in chips)
Seat 4: 13f7abb4 ($10.59 in chips)
Seat 5: f142cca0 ($10.56 in chips)
Seat 6: a96f565b ($29.17 in chips)
a96f565b: posts small blind $0.05
5e1822e5: posts big blind $0.1
*** HOLE CARDS ***
Dealt to 5e1822e5 
Dealt to Hero [4c 5h]
Dealt to 5526410b 
Dealt to 13f7abb4 
Dealt to f142cca0 
Dealt to a96f565b 
Hero: folds
5526410b: folds
13f7abb4: folds
f142cca0: folds
a96f565b: folds
Uncalled bet ($0.05) returned to 5e1822e5
*** SHOWDOWN ***
5e1822e5 collected $0.1 from pot
*** SUMMARY ***
Total pot $0.1 | Rake $0 | Jackpot $0 | Bingo $0 | Fortune $0 | Tax $0
Seat 1: 5e1822e5 (big blind) collected ($0.1)
Seat 2: Hero folded before Flop (didn't bet)
Seat 3: 5526410b folded before Flop (didn't bet)
Seat 4: 13f7abb4 folded before Flop (didn't bet)
Seat 5: f142cca0 (button) folded before Flop (didn't bet)
Seat 6: a96f565b (small blind) folded before Flop


Poker Hand #HD1764228541: Hold'em No Limit ($0.05/$0.1) - 2024/05/08 18:56:06
Table 'NLHRed9' 6-max Seat #4 is the button
Seat 1: 5e1822e5 ($10.57 in chips)
Seat 2: Hero ($11.52 in chips)
Seat 3: 5526410b ($11.1 in chips)
Seat 4: 13f7abb4 ($10.59 in chips)
Seat 5: f142cca0 ($10.61 in chips)
Seat 6: a96f565b ($29.27 in chips)
f142cca0: posts small blind $0.05
a96f565b: posts big blind $0.1
*** HOLE CARDS ***
Dealt to 5e1822e5 
Dealt to Hero [3s 6c]
Dealt to 5526410b 
Dealt to 13f7abb4 
Dealt to f142cca0 
Dealt to a96f565b 
5e1822e5: raises $0.15 to $0.25
Hero: folds
5526410b: folds
13f7abb4: folds
f142cca0: folds
a96f565b: folds
Uncalled bet ($0.15) returned to 5e1822e5
*** SHOWDOWN ***
5e1822e5 collected $0.25 from pot
*** SUMMARY ***
Total pot $0.25 | Rake $0 | Jackpot $0 | Bingo $0 | Fortune $0 | Tax $0
Seat 1: 5e1822e5 collected ($0.25)
Seat 2: Hero folded before Flop (didn't bet)
Seat 3: 5526410b folded before Flop (didn't bet)
Seat 4: 13f7abb4 (button) folded before Flop (didn't bet)
Seat 5: f142cca0 (small blind) folded before Flop
Seat 6: a96f565b (big blind) folded before Flop


Poker Hand #HD1764228452: Hold'em No Limit ($0.05/$0.1) - 2024/05/08 18:55:28
Table 'NLHRed9' 6-max Seat #3 is the button
Seat 1: 5e1822e5 ($10.82 in chips)
Seat 2: Hero ($12.32 in chips)
Seat 3: 5526410b ($10 in chips)
Seat 4: 13f7abb4 ($10.64 in chips)
Seat 5: f142cca0 ($10.71 in chips)
Seat 6: a96f565b ($29.27 in chips)
13f7abb4: posts small blind $0.05
f142cca0: posts big blind $0.1
*** HOLE CARDS ***
Dealt to 5e1822e5 
Dealt to Hero [Kc Qh]
Dealt to 5526410b 
Dealt to 13f7abb4 
Dealt to f142cca0 
Dealt to a96f565b 
a96f565b: folds
5e1822e5: raises $0.15 to $0.25
Hero: raises $0.55 to $0.8
5526410b: raises $1.25 to $2.05
13f7abb4: folds
f142cca0: folds
5e1822e5: folds
Hero: folds
Uncalled bet ($1.25) returned to 5526410b
*** SHOWDOWN ***
5526410b collected $1.9 from pot
*** SUMMARY ***
Total pot $2 | Rake $0.1 | Jackpot $0 | Bingo $0 | Fortune $0 | Tax $0
Seat 1: 5e1822e5 folded before Flop
Seat 2: Hero folded before Flop
Seat 3: 5526410b (button) collected ($1.9)
Seat 4: 13f7abb4 (small blind) folded before Flop
Seat 5: f142cca0 (big blind) folded before Flop
Seat 6: a96f565b folded before Flop (didn't bet)


Poker Hand #HD1764228427: Hold'em No Limit ($0.05/$0.1) - 2024/05/08 18:55:17
Table 'NLHRed9' 6-max Seat #2 is the button
Seat 1: 5e1822e5 ($10.82 in chips)
Seat 2: Hero ($12.32 in chips)
Seat 3: 5526410b ($10 in chips)
Seat 4: 13f7abb4 ($10.59 in chips)
Seat 5: f142cca0 ($10.71 in chips)
Seat 6: a96f565b ($29.27 in chips)
5526410b: posts small blind $0.05
13f7abb4: posts big blind $0.1
*** HOLE CARDS ***
Dealt to 5e1822e5 
Dealt to Hero [5c 4h]
Dealt to 5526410b 
Dealt to 13f7abb4 
Dealt to f142cca0 
Dealt to a96f565b 
f142cca0: folds
a96f565b: folds
5e1822e5: folds
Hero: folds
5526410b: folds
Uncalled bet ($0.05) returned to 13f7abb4
*** SHOWDOWN ***
13f7abb4 collected $0.1 from pot
*** SUMMARY ***
Total pot $0.1 | Rake $0 | Jackpot $0 | Bingo $0 | Fortune $0 | Tax $0
Seat 1: 5e1822e5 folded before Flop (didn't bet)
Seat 2: Hero (button) folded before Flop (didn't bet)
Seat 3: 5526410b (small blind) folded before Flop
Seat 4: 13f7abb4 (big blind) collected ($0.1)
Seat 5: f142cca0 folded before Flop (didn't bet)
Seat 6: a96f565b folded before Flop (didn't bet)


Poker Hand #HD1764228330: Hold'em No Limit ($0.05/$0.1) - 2024/05/08 18:54:31
Table 'NLHRed9' 6-max Seat #1 is the button
Seat 1: 5e1822e5 ($10.82 in chips)
Seat 2: Hero ($12.37 in chips)
Seat 3: 5526410b ($10 in chips)
Seat 4: 13f7abb4 ($10.59 in chips)
Seat 5: f142cca0 ($7.81 in chips)
Seat 6: a96f565b ($29.27 in chips)
Hero: posts small blind $0.05
5526410b: posts big blind $0.1
*** HOLE CARDS ***
Dealt to 5e1822e5 
Dealt to Hero [5h Ks]
Dealt to 5526410b 
Dealt to 13f7abb4 
Dealt to f142cca0 
Dealt to a96f565b 
13f7abb4: folds
f142cca0: raises $0.1 to $0.2
a96f565b: folds
5e1822e5: folds
Hero: folds
5526410b: raises $0.3 to $0.5
f142cca0: calls $0.3
*** FLOP *** [9d 6h 3h]
5526410b: bets $0.79
f142cca0: calls $0.79
*** TURN *** [9d 6h 3h] [7h]
5526410b: bets $1.98
f142cca0: raises $4.54 to $6.52 and is all-in
5526410b: folds
Uncalled bet ($4.54) returned to f142cca0
*** SHOWDOWN ***
f142cca0 collected $6.17 from pot
*** SUMMARY ***
Total pot $6.59 | Rake $0.32 | Jackpot $0.1 | Bingo $0 | Fortune $0 | Tax $0
Board [9d 6h 3h 7h]
Seat 1: 5e1822e5 (button) folded before Flop (didn't bet)
Seat 2: Hero (small blind) folded before Flop
Seat 3: 5526410b (big blind) folded on the Turn
Seat 4: 13f7abb4 folded before Flop (didn't bet)
Seat 5: f142cca0 won ($6.17)
Seat 6: a96f565b folded before Flop (didn't bet)


Poker Hand #HD1764228032: Hold'em No Limit ($0.05/$0.1) - 2024/05/08 18:52:20
Table 'NLHRed9' 6-max Seat #6 is the button
Seat 1: 5e1822e5 ($10.87 in chips)
Seat 2: Hero ($12.57 in chips)
Seat 3: 5526410b ($12.05 in chips)
Seat 4: 13f7abb4 ($10.59 in chips)
Seat 5: f142cca0 ($15.87 in chips)
Seat 6: a96f565b ($10 in chips)
5e1822e5: posts small blind $0.05
Hero: posts big blind $0.1
*** HOLE CARDS ***
Dealt to 5e1822e5 
Dealt to Hero [7h Qh]
Dealt to 5526410b 
Dealt to 13f7abb4 
Dealt to f142cca0 
Dealt to a96f565b 
5526410b: raises $0.1 to $0.2
13f7abb4: folds
f142cca0: calls $0.2
a96f565b: calls $0.2
5e1822e5: folds
Hero: calls $0.1
*** FLOP *** [5c 3h Js]
Hero: checks
5526410b: bets $0.29
f142cca0: calls $0.29
a96f565b: calls $0.29
Hero: folds
*** TURN *** [5c 3h Js] [Tc]
5526410b: bets $0.86
f142cca0: calls $0.86
a96f565b: raises $2.84 to $3.7
5526410b: calls $2.84
f142cca0: raises $11.68 to $15.38 and is all-in
a96f565b: calls $5.81 and is all-in
5526410b: calls $7.86 and is all-in
Uncalled bet ($3.82) returned to f142cca0
f142cca0: shows [3c 3s] (Three Treys)
a96f565b: shows [5d 5s] (Three Fives)
5526410b: shows [Qc Kc] (King-High)
*** RIVER *** [5c 3h Js Tc] [Qs]
*** SHOWDOWN ***
a96f565b collected $29.27 from pot
f142cca0 collected $3.99 from pot
*** SUMMARY ***
Total pot $34.35 | Rake $0.99 | Jackpot $0.1 | Bingo $0 | Fortune $0 | Tax $0
Board [5c 3h Js Tc Qs]
Seat 1: 5e1822e5 (small blind) folded before Flop
Seat 2: Hero (big blind) folded on the Flop
Seat 3: 5526410b showed [Qc Kc] and lost with Pair of Queens
Seat 4: 13f7abb4 folded before Flop (didn't bet)
Seat 5: f142cca0 showed [3c 3s] and won ($3.99) with Three Treys
Seat 6: a96f565b (button) showed [5d 5s] and won ($29.27) with Three Fives


Poker Hand #HD1764227948: Hold'em No Limit ($0.05/$0.1) - 2024/05/08 18:51:46
Table 'NLHRed9' 6-max Seat #5 is the button
Seat 1: 5e1822e5 ($10.6 in chips)
Seat 2: Hero ($12.57 in chips)
Seat 3: 5526410b ($12.05 in chips)
Seat 4: 13f7abb4 ($10.59 in chips)
Seat 5: f142cca0 ($15.87 in chips)
Seat 6: a96f565b ($10 in chips)
a96f565b: posts small blind $0.05
5e1822e5: posts big blind $0.1
*** HOLE CARDS ***
Dealt to 5e1822e5 
Dealt to Hero [2d Kd]
Dealt to 5526410b 
Dealt to 13f7abb4 
Dealt to f142cca0 
Dealt to a96f565b 
Hero: folds
5526410b: folds
13f7abb4: folds
f142cca0: folds
a96f565b: raises $0.2 to $0.3
5e1822e5: raises $0.6 to $0.9
a96f565b: folds
Uncalled bet ($0.6) returned to 5e1822e5
*** SHOWDOWN ***
5e1822e5 collected $0.57 from pot
*** SUMMARY ***
Total pot $0.6 | Rake $0.03 | Jackpot $0 | Bingo $0 | Fortune $0 | Tax $0
Seat 1: 5e1822e5 (big blind) collected ($0.57)
Seat 2: Hero folded before Flop (didn't bet)
Seat 3: 5526410b folded before Flop (didn't bet)
Seat 4: 13f7abb4 folded before Flop (didn't bet)
Seat 5: f142cca0 (button) folded before Flop (didn't bet)
Seat 6: a96f565b (small blind) folded before Flop


Poker Hand #HD1764227767: Hold'em No Limit ($0.05/$0.1) - 2024/05/08 18:50:27
Table 'NLHRed9' 6-max Seat #4 is the button
Seat 1: 5e1822e5 ($10.6 in chips)
Seat 2: Hero ($12.57 in chips)
Seat 3: 5526410b ($10.51 in chips)
Seat 4: 13f7abb4 ($10.59 in chips)
Seat 5: f142cca0 ($16.17 in chips)
Seat 6: a96f565b ($10.34 in chips)
f142cca0: posts small blind $0.05
a96f565b: posts big blind $0.1
*** HOLE CARDS ***
Dealt to 5e1822e5 
Dealt to Hero [4d Ts]
Dealt to 5526410b 
Dealt to 13f7abb4 
Dealt to f142cca0 
Dealt to a96f565b 
5e1822e5: folds
Hero: folds
5526410b: raises $0.2 to $0.3
13f7abb4: folds
f142cca0: calls $0.25
a96f565b: raises $1.2 to $1.5
5526410b: calls $1.2
f142cca0: folds
*** FLOP *** [2d 7s 9c]
a96f565b: checks
5526410b: bets $1.09
a96f565b: folds
Uncalled bet ($1.09) returned to 5526410b
*** SHOWDOWN ***
5526410b collected $3.04 from pot
*** SUMMARY ***
Total pot $3.3 | Rake $0.16 | Jackpot $0.1 | Bingo $0 | Fortune $0 | Tax $0
Board [2d 7s 9c]
Seat 1: 5e1822e5 folded before Flop (didn't bet)
Seat 2: Hero folded before Flop (didn't bet)
Seat 3: 5526410b won ($3.04)
Seat 4: 13f7abb4 (button) folded before Flop (didn't bet)
Seat 5: f142cca0 (small blind) folded before Flop
Seat 6: a96f565b (big blind) folded on the Flop


Poker Hand #HD1764227592: Hold'em No Limit ($0.05/$0.1) - 2024/05/08 18:49:06
Table 'NLHRed9' 6-max Seat #3 is the button
Seat 1: 5e1822e5 ($10.6 in chips)
Seat 2: Hero ($12.57 in chips)
Seat 3: 5526410b ($10.71 in chips)
Seat 4: 13f7abb4 ($10.64 in chips)
Seat 5: f142cca0 ($15.94 in chips)
Seat 6: a96f565b ($10.34 in chips)
13f7abb4: posts small blind $0.05
f142cca0: posts big blind $0.1
*** HOLE CARDS ***
Dealt to 5e1822e5 
Dealt to Hero [9d Ks]
Dealt to 5526410b 
Dealt to 13f7abb4 
Dealt to f142cca0 
Dealt to a96f565b 
a96f565b: folds
5e1822e5: folds
Hero: folds
5526410b: calls $0.1
13f7abb4: folds
f142cca0: checks
*** FLOP *** [5h Tc Kc]
f142cca0: checks
5526410b: bets $0.1
f142cca0: calls $0.1
*** TURN *** [5h Tc Kc] [Td]
f142cca0: checks
5526410b: checks
*** RIVER *** [5h Tc Kc Td] [7h]
f142cca0: checks
5526410b: checks
f142cca0: shows [8s Kh] (Pair of Kings and Pair of Tens)
5526410b: shows [8d As] (Pair of Tens)
*** SHOWDOWN ***
f142cca0 collected $0.43 from pot
*** SUMMARY ***
Total pot $0.45 | Rake $0.02 | Jackpot $0 | Bingo $0 | Fortune $0 | Tax $0
Board [5h Tc Kc Td 7h]
Seat 1: 5e1822e5 folded before Flop (didn't bet)
Seat 2: Hero folded before Flop (didn't bet)
Seat 3: 5526410b (button) showed [8d As] and lost with Pair of Tens
Seat 4: 13f7abb4 (small blind) folded before Flop
Seat 5: f142cca0 (big blind) showed [8s Kh] and won ($0.43) with Pair of Kings and Pair of Tens
Seat 6: a96f565b folded before Flop (didn't bet)


Poker Hand #HD1764227434: Hold'em No Limit ($0.05/$0.1) - 2024/05/08 18:47:56
Table 'NLHRed9' 6-max Seat #2 is the button
Seat 1: 5e1822e5 ($10.6 in chips)
Seat 2: Hero ($12.57 in chips)
Seat 3: 5526410b ($10.76 in chips)
Seat 4: 13f7abb4 ($10.96 in chips)
Seat 5: f142cca0 ($15.94 in chips)
Seat 6: a96f565b ($10 in chips)
5526410b: posts small blind $0.05
13f7abb4: posts big blind $0.1
*** HOLE CARDS ***
Dealt to 5e1822e5 
Dealt to Hero [Td 2h]
Dealt to 5526410b 
Dealt to 13f7abb4 
Dealt to f142cca0 
Dealt to a96f565b 
f142cca0: folds
a96f565b: raises $0.1 to $0.2
5e1822e5: folds
Hero: folds
5526410b: folds
13f7abb4: calls $0.1
*** FLOP *** [Ts Ad Jd]
13f7abb4: checks
a96f565b: bets $0.12
13f7abb4: calls $0.12
*** TURN *** [Ts Ad Jd] [Kh]
13f7abb4: checks
a96f565b: checks
*** RIVER *** [Ts Ad Jd Kh] [2c]
13f7abb4: checks
a96f565b: checks
13f7abb4: shows [6c Kc] (Pair of Kings)
a96f565b: shows [6h Ah] (Pair of Aces)
*** SHOWDOWN ***
a96f565b collected $0.66 from pot
*** SUMMARY ***
Total pot $0.69 | Rake $0.03 | Jackpot $0 | Bingo $0 | Fortune $0 | Tax $0
Board [Ts Ad Jd Kh 2c]
Seat 1: 5e1822e5 folded before Flop (didn't bet)
Seat 2: Hero (button) folded before Flop (didn't bet)
Seat 3: 5526410b (small blind) folded before Flop
Seat 4: 13f7abb4 (big blind) showed [6c Kc] and lost with Pair of Kings
Seat 5: f142cca0 folded before Flop (didn't bet)
Seat 6: a96f565b showed [6h Ah] and won ($0.66) with Pair of Aces


Poker Hand #HD1764227374: Hold'em No Limit ($0.05/$0.1) - 2024/05/08 18:47:24
Table 'NLHRed9' 6-max Seat #1 is the button
Seat 1: 5e1822e5 ($10.27 in chips)
Seat 2: Hero ($12.62 in chips)
Seat 3: 5526410b ($10.86 in chips)
Seat 4: 13f7abb4 ($10.96 in chips)
Seat 5: f142cca0 ($15.94 in chips)
Seat 6: a96f565b ($10 in chips)
Hero: posts small blind $0.05
5526410b: posts big blind $0.1
*** HOLE CARDS ***
Dealt to 5e1822e5 
Dealt to Hero [Ks 5h]
Dealt to 5526410b 
Dealt to 13f7abb4 
Dealt to f142cca0 
Dealt to a96f565b 
13f7abb4: folds
f142cca0: folds
a96f565b: raises $0.1 to $0.2
5e1822e5: raises $0.42 to $0.62
Hero: folds
5526410b: folds
a96f565b: folds
Uncalled bet ($0.42) returned to 5e1822e5
*** SHOWDOWN ***
5e1822e5 collected $0.53 from pot
*** SUMMARY ***
Total pot $0.55 | Rake $0.02 | Jackpot $0 | Bingo $0 | Fortune $0 | Tax $0
Seat 1: 5e1822e5 (button) collected ($0.53)
Seat 2: Hero (small blind) folded before Flop
Seat 3: 5526410b (big blind) folded before Flop
Seat 4: 13f7abb4 folded before Flop (didn't bet)
Seat 5: f142cca0 folded before Flop (didn't bet)
Seat 6: a96f565b folded before Flop


Poker Hand #HD1764227246: Hold'em No Limit ($0.05/$0.1) - 2024/05/08 18:46:27
Table 'NLHRed9' 6-max Seat #6 is the button
Seat 1: 5e1822e5 ($10 in chips)
Seat 2: Hero ($12.92 in chips)
Seat 3: 5526410b ($10.86 in chips)
Seat 4: 13f7abb4 ($10.96 in chips)
Seat 5: f142cca0 ($15.94 in chips)
Seat 6: a96f565b ($10 in chips)
5e1822e5: posts small blind $0.05
Hero: posts big blind $0.1
*** HOLE CARDS ***
Dealt to 5e1822e5 
Dealt to Hero [7s 7c]
Dealt to 5526410b 
Dealt to 13f7abb4 
Dealt to f142cca0 
Dealt to a96f565b 
5526410b: folds
13f7abb4: folds
f142cca0: folds
a96f565b: folds
5e1822e5: raises $0.2 to $0.3
Hero: calls $0.2
*** FLOP *** [8s Ks 8c]
5e1822e5: bets $0.2
Hero: folds
Uncalled bet ($0.2) returned to 5e1822e5
*** SHOWDOWN ***
5e1822e5 collected $0.57 from pot
*** SUMMARY ***
Total pot $0.6 | Rake $0.03 | Jackpot $0 | Bingo $0 | Fortune $0 | Tax $0
Board [8s Ks 8c]
Seat 1: 5e1822e5 (small blind) won ($0.57)
Seat 2: Hero (big blind) folded on the Flop
Seat 3: 5526410b folded before Flop (didn't bet)
Seat 4: 13f7abb4 folded before Flop (didn't bet)
Seat 5: f142cca0 folded before Flop (didn't bet)
Seat 6: a96f565b (button) folded before Flop (didn't bet)


Poker Hand #HD1764226980: Hold'em No Limit ($0.05/$0.1) - 2024/05/08 18:44:22
Table 'NLHRed9' 6-max Seat #5 is the button
Seat 1: 5e1822e5 ($10 in chips)
Seat 2: Hero ($10 in chips)
Seat 3: 5526410b ($10.86 in chips)
Seat 4: 13f7abb4 ($10.96 in chips)
Seat 5: f142cca0 ($19.13 in chips)
Seat 6: a96f565b ($10 in chips)
a96f565b: posts small blind $0.05
5e1822e5: posts big blind $0.1
*** HOLE CARDS ***
Dealt to 5e1822e5 
Dealt to Hero [Ad Ks]
Dealt to 5526410b 
Dealt to 13f7abb4 
Dealt to f142cca0 
Dealt to a96f565b 
Hero: raises $0.1 to $0.2
5526410b: folds
13f7abb4: folds
f142cca0: raises $0.42 to $0.62
a96f565b: folds
5e1822e5: folds
Hero: raises $1.42 to $2.04
f142cca0: calls $1.42
*** FLOP *** [Th 7d Td]
Hero: bets $1.15
f142cca0: calls $1.15
*** TURN *** [Th 7d Td] [2h]
Hero: checks
f142cca0: checks
*** RIVER *** [Th 7d Td 2h] [4d]
Hero: bets $6.81 and is all-in
f142cca0: folds
Uncalled bet ($6.81) returned to Hero
*** SHOWDOWN ***
Hero collected $6.11 from pot
*** SUMMARY ***
Total pot $6.53 | Rake $0.32 | Jackpot $0.1 | Bingo $0 | Fortune $0 | Tax $0
Board [Th 7d Td 2h 4d]
Seat 1: 5e1822e5 (big blind) folded before Flop
Seat 2: Hero won ($6.11)
Seat 3: 5526410b folded before Flop (didn't bet)
Seat 4: 13f7abb4 folded before Flop (didn't bet)
Seat 5: f142cca0 (button) folded on the River
Seat 6: a96f565b (small blind) folded before Flop


Poker Hand #HD1764226858: Hold'em No Limit ($0.05/$0.1) - 2024/05/08 18:43:26
Table 'NLHRed9' 6-max Seat #4 is the button
Seat 1: 5e1822e5 ($10 in chips)
Seat 2: Hero ($10 in chips)
Seat 3: 5526410b ($10.86 in chips)
Seat 4: 13f7abb4 ($10.96 in chips)
Seat 5: f142cca0 ($18.85 in chips)
Seat 6: a96f565b ($10.1 in chips)
f142cca0: posts small blind $0.05
a96f565b: posts big blind $0.1
*** HOLE CARDS ***
Dealt to 5e1822e5 
Dealt to Hero [6d 6c]
Dealt to 5526410b 
Dealt to 13f7abb4 
Dealt to f142cca0 
Dealt to a96f565b 
5e1822e5: folds
Hero: raises $0.1 to $0.2
5526410b: folds
13f7abb4: folds
f142cca0: calls $0.15
a96f565b: folds
*** FLOP *** [Qh Tc 5d]
f142cca0: checks
Hero: checks
*** TURN *** [Qh Tc 5d] [9s]
f142cca0: bets $0.17
Hero: folds
Uncalled bet ($0.17) returned to f142cca0
*** SHOWDOWN ***
f142cca0 collected $0.48 from pot
*** SUMMARY ***
Total pot $0.5 | Rake $0.02 | Jackpot $0 | Bingo $0 | Fortune $0 | Tax $0
Board [Qh Tc 5d 9s]
Seat 1: 5e1822e5 folded before Flop (didn't bet)
Seat 2: Hero folded on the Turn
Seat 3: 5526410b folded before Flop (didn't bet)
Seat 4: 13f7abb4 (button) folded before Flop (didn't bet)
Seat 5: f142cca0 (small blind) won ($0.48)
Seat 6: a96f565b (big blind) folded before Flop


Poker Hand #HD1764226754: Hold'em No Limit ($0.05/$0.1) - 2024/05/08 18:42:38
Table 'NLHRed9' 6-max Seat #3 is the button
Seat 1: 5e1822e5 ($10 in chips)
Seat 2: Hero ($10 in chips)
Seat 3: 5526410b ($10.86 in chips)
Seat 4: 13f7abb4 ($11.26 in chips)
Seat 5: f142cca0 ($18.58 in chips)
Seat 6: a96f565b ($10.1 in chips)
13f7abb4: posts small blind $0.05
f142cca0: posts big blind $0.1
*** HOLE CARDS ***
Dealt to 5e1822e5 
Dealt to Hero [6d Td]
Dealt to 5526410b 
Dealt to 13f7abb4 
Dealt to f142cca0 
Dealt to a96f565b 
a96f565b: folds
5e1822e5: folds
Hero: folds
5526410b: folds
13f7abb4: raises $0.2 to $0.3
f142cca0: calls $0.2
*** FLOP *** [Qh Kh 4d]
13f7abb4: checks
f142cca0: bets $0.2
13f7abb4: folds
Uncalled bet ($0.2) returned to f142cca0
*** SHOWDOWN ***
f142cca0 collected $0.57 from pot
*** SUMMARY ***
Total pot $0.6 | Rake $0.03 | Jackpot $0 | Bingo $0 | Fortune $0 | Tax $0
Board [Qh Kh 4d]
Seat 1: 5e1822e5 folded before Flop (didn't bet)
Seat 2: Hero folded before Flop (didn't bet)
Seat 3: 5526410b (button) folded before Flop (didn't bet)
Seat 4: 13f7abb4 (small blind) folded on the Flop
Seat 5: f142cca0 (big blind) won ($0.57)
Seat 6: a96f565b folded before Flop (didn't bet)


Poker Hand #HD1764226635: Hold'em No Limit ($0.05/$0.1) - 2024/05/08 18:41:42
Table 'NLHRed9' 6-max Seat #2 is the button
Seat 1: 5e1822e5 ($10 in chips)
Seat 2: Hero ($10 in chips)
Seat 3: 5526410b ($11.11 in chips)
Seat 4: 13f7abb4 ($10.79 in chips)
Seat 5: f142cca0 ($18.58 in chips)
Seat 6: a96f565b ($10.1 in chips)
5526410b: posts small blind $0.05
13f7abb4: posts big blind $0.1
*** HOLE CARDS ***
Dealt to 5e1822e5 
Dealt to Hero [4c Qc]
Dealt to 5526410b 
Dealt to 13f7abb4 
Dealt to f142cca0 
Dealt to a96f565b 
f142cca0: folds
a96f565b: folds
5e1822e5: raises $0.15 to $0.25
Hero: folds
5526410b: calls $0.2
13f7abb4: raises $1.05 to $1.3
5e1822e5: folds
5526410b: folds
Uncalled bet ($1.05) returned to 13f7abb4
*** SHOWDOWN ***
13f7abb4 collected $0.72 from pot
*** SUMMARY ***
Total pot $0.75 | Rake $0.03 | Jackpot $0 | Bingo $0 | Fortune $0 | Tax $0
Seat 1: 5e1822e5 folded before Flop
Seat 2: Hero (button) folded before Flop (didn't bet)
Seat 3: 5526410b (small blind) folded before Flop
Seat 4: 13f7abb4 (big blind) collected ($0.72)
Seat 5: f142cca0 folded before Flop (didn't bet)
Seat 6: a96f565b folded before Flop (didn't bet)


Poker Hand #HD1764226527: Hold'em No Limit ($0.05/$0.1) - 2024/05/08 18:40:54
Table 'NLHRed9' 6-max Seat #1 is the button
Seat 1: 5e1822e5 ($10 in chips)
Seat 2: Hero ($10 in chips)
Seat 3: 5526410b ($11.63 in chips)
Seat 4: 13f7abb4 ($10.79 in chips)
Seat 5: f142cca0 ($19.11 in chips)
Seat 6: a96f565b ($10.1 in chips)
Hero: posts small blind $0.05
5526410b: posts big blind $0.1
*** HOLE CARDS ***
Dealt to 5e1822e5 
Dealt to Hero [2h 4h]
Dealt to 5526410b 
Dealt to 13f7abb4 
Dealt to f142cca0 
Dealt to a96f565b 
13f7abb4: folds
f142cca0: raises $0.1 to $0.2
a96f565b: folds
5e1822e5: folds
Hero: folds
5526410b: raises $0.4 to $0.6
f142cca0: raises $0.94 to $1.54
5526410b: raises $10.09 to $11.63 and is all-in
f142cca0: calls $10.09
5526410b: shows [Kh Ah]
f142cca0: shows [Ks As]
*** FLOP *** [Qh 9c Jh]
*** TURN *** [Qh 9c Jh] [5d]
*** RIVER *** [Qh 9c Jh 5d] [Jd]
*** SHOWDOWN ***
f142cca0 collected $11.1 from pot
5526410b collected $11.11 from pot
*** SUMMARY ***
Total pot $23.31 | Rake $1 | Jackpot $0.1 | Bingo $0 | Fortune $0 | Tax $0
Board [Qh 9c Jh 5d Jd]
Seat 1: 5e1822e5 (button) folded before Flop (didn't bet)
Seat 2: Hero (small blind) folded before Flop
Seat 3: 5526410b (big blind) showed [Kh Ah] and won ($11.11) with Pair of Jacks
Seat 4: 13f7abb4 folded before Flop (didn't bet)
Seat 5: f142cca0 showed [Ks As] and won ($11.1) with Pair of Jacks
Seat 6: a96f565b folded before Flop (didn't bet)


Poker Hand #HD1764226482: Hold'em No Limit ($0.05/$0.1) - 2024/05/08 18:40:30
Table 'NLHRed9' 6-max Seat #6 is the button
Seat 1: 5e1822e5 ($10 in chips)
Seat 2: Hero ($10 in chips)
Seat 3: 5526410b ($11.63 in chips)
Seat 4: 13f7abb4 ($10.79 in chips)
Seat 5: f142cca0 ($18.96 in chips)
Seat 6: a96f565b ($10.1 in chips)
5e1822e5: posts small blind $0.05
Hero: posts big blind $0.1
*** HOLE CARDS ***
Dealt to 5e1822e5 
Dealt to Hero [7h 6d]
Dealt to 5526410b 
Dealt to 13f7abb4 
Dealt to f142cca0 
Dealt to a96f565b 
5526410b: folds
13f7abb4: folds
f142cca0: raises $0.1 to $0.2
a96f565b: folds
5e1822e5: folds
Hero: folds
Uncalled bet ($0.1) returned to f142cca0
*** SHOWDOWN ***
f142cca0 collected $0.25 from pot
*** SUMMARY ***
Total pot $0.25 | Rake $0 | Jackpot $0 | Bingo $0 | Fortune $0 | Tax $0
Seat 1: 5e1822e5 (small blind) folded before Flop
Seat 2: Hero (big blind) folded before Flop
Seat 3: 5526410b folded before Flop (didn't bet)
Seat 4: 13f7abb4 folded before Flop (didn't bet)
Seat 5: f142cca0 collected ($0.25)
Seat 6: a96f565b (button) folded before Flop (didn't bet)


