Poker Hand #HD1779168612: Hold'em No Limit ($0.05/$0.1) - 2024/05/19 14:09:56
Table 'NLHRed14' 6-max Seat #3 is the button
Seat 1: fc677676 ($10 in chips)
Seat 3: ade6d8fb ($7.15 in chips)
Seat 4: Hero ($23.39 in chips)
Seat 6: 7bae1f86 ($10 in chips)
Hero: posts small blind $0.05
7bae1f86: posts big blind $0.1
*** HOLE CARDS ***
Dealt to fc677676 
Dealt to ade6d8fb 
Dealt to Hero [8h 5h]
Dealt to 7bae1f86 
fc677676: folds
ade6d8fb: folds
Hero: raises $0.2 to $0.3
7bae1f86: folds
Uncalled bet ($0.2) returned to Hero
*** SHOWDOWN ***
Hero collected $0.2 from pot
*** SUMMARY ***
Total pot $0.2 | Rake $0 | Jackpot $0 | Bingo $0 | Fortune $0 | Tax $0
Seat 1: fc677676 folded before Flop (didn't bet)
Seat 3: ade6d8fb (button) folded before Flop (didn't bet)
Seat 4: Hero (small blind) collected ($0.2)
Seat 6: 7bae1f86 (big blind) folded before Flop


Poker Hand #HD1779168600: Hold'em No Limit ($0.05/$0.1) - 2024/05/19 14:09:44
Table 'NLHRed14' 6-max Seat #1 is the button
Seat 1: fc677676 ($10 in chips)
Seat 3: ade6d8fb ($7.05 in chips)
Seat 4: Hero ($23.49 in chips)
ade6d8fb: posts small blind $0.05
Hero: posts big blind $0.1
*** HOLE CARDS ***
Dealt to fc677676 
Dealt to ade6d8fb 
Dealt to Hero [Jh 5d]
fc677676: folds
ade6d8fb: raises $0.1 to $0.2
Hero: folds
Uncalled bet ($0.1) returned to ade6d8fb
*** SHOWDOWN ***
ade6d8fb collected $0.2 from pot
*** SUMMARY ***
Total pot $0.2 | Rake $0 | Jackpot $0 | Bingo $0 | Fortune $0 | Tax $0
Seat 1: fc677676 (button) folded before Flop (didn't bet)
Seat 3: ade6d8fb (small blind) collected ($0.2)
Seat 4: Hero (big blind) folded before Flop


Poker Hand #HD1779168584: Hold'em No Limit ($0.05/$0.1) - 2024/05/19 14:09:36
Table 'NLHRed14' 6-max Seat #4 is the button
Seat 1: fc677676 ($10 in chips)
Seat 3: ade6d8fb ($7 in chips)
Seat 4: Hero ($23.49 in chips)
fc677676: posts small blind $0.05
ade6d8fb: posts big blind $0.1
*** HOLE CARDS ***
Dealt to fc677676 
Dealt to ade6d8fb 
Dealt to Hero [9s 2c]
Hero: folds
fc677676: folds
Uncalled bet ($0.05) returned to ade6d8fb
*** SHOWDOWN ***
ade6d8fb collected $0.1 from pot
*** SUMMARY ***
Total pot $0.1 | Rake $0 | Jackpot $0 | Bingo $0 | Fortune $0 | Tax $0
Seat 1: fc677676 (small blind) folded before Flop
Seat 3: ade6d8fb (big blind) collected ($0.1)
Seat 4: Hero (button) folded before Flop (didn't bet)


Poker Hand #HD1779168571: Hold'em No Limit ($0.05/$0.1) - 2024/05/19 14:09:29
Table 'NLHRed14' 6-max Seat #1 is the button
Seat 1: fc677676 ($10 in chips)
Seat 4: Hero ($23.44 in chips)
fc677676: posts small blind $0.05
Hero: posts big blind $0.1
*** HOLE CARDS ***
Dealt to fc677676 
Dealt to Hero [5h 4s]
fc677676: folds
Uncalled bet ($0.05) returned to Hero
*** SHOWDOWN ***
Hero collected $0.1 from pot
*** SUMMARY ***
Total pot $0.1 | Rake $0 | Jackpot $0 | Bingo $0 | Fortune $0 | Tax $0
Seat 1: fc677676 (small blind) folded before Flop
Seat 4: Hero (big blind) collected ($0.1)


Poker Hand #HD1779168491: Hold'em No Limit ($0.05/$0.1) - 2024/05/19 14:08:44
Table 'NLHRed14' 6-max Seat #5 is the button
Seat 1: fc677676 ($10 in chips)
Seat 4: Hero ($11.16 in chips)
Seat 5: eae96838 ($3.25 in chips)
Seat 6: 7bae1f86 ($9.77 in chips)
7bae1f86: posts small blind $0.05
fc677676: posts big blind $0.1
*** HOLE CARDS ***
Dealt to fc677676 
Dealt to Hero [Kh Kd]
Dealt to eae96838 
Dealt to 7bae1f86 
Hero: raises $0.14 to $0.24
eae96838: raises $3.01 to $3.25 and is all-in
7bae1f86: raises $6.52 to $9.77 and is all-in
fc677676: folds
Hero: calls $9.53
7bae1f86: shows [Ad Ac]
Hero: shows [Kh Kd]
eae96838: shows [5d As]
*** FLOP *** [Ks 5c 3h]
*** TURN *** [Ks 5c 3h] [Js]
*** RIVER *** [Ks 5c 3h Js] [Td]
*** SHOWDOWN ***
Hero collected $9.49 from pot
Hero collected $12.56 from pot
*** SUMMARY ***
Total pot $22.89 | Rake $0.74 | Jackpot $0.1 | Bingo $0 | Fortune $0 | Tax $0
Board [Ks 5c 3h Js Td]
Seat 1: fc677676 (big blind) folded before Flop
Seat 4: Hero showed [Kh Kd] and won ($22.05) with Three Kings
Seat 5: eae96838 (button) showed [5d As] and lost with Pair of Fives
Seat 6: 7bae1f86 (small blind) showed [Ad Ac] and lost with Pair of Aces


Poker Hand #HD1779168448: Hold'em No Limit ($0.05/$0.1) - 2024/05/19 14:08:20
Table 'NLHRed14' 6-max Seat #4 is the button
Seat 1: fc677676 ($10 in chips)
Seat 4: Hero ($11.4 in chips)
Seat 5: eae96838 ($2.93 in chips)
Seat 6: 7bae1f86 ($9.87 in chips)
eae96838: posts small blind $0.05
7bae1f86: posts big blind $0.1
*** HOLE CARDS ***
Dealt to fc677676 
Dealt to Hero [Kc Jd]
Dealt to eae96838 
Dealt to 7bae1f86 
fc677676: folds
Hero: raises $0.14 to $0.24
eae96838: raises $2.69 to $2.93 and is all-in
7bae1f86: folds
Hero: folds
Uncalled bet ($2.69) returned to eae96838
*** SHOWDOWN ***
eae96838 collected $0.56 from pot
*** SUMMARY ***
Total pot $0.58 | Rake $0.02 | Jackpot $0 | Bingo $0 | Fortune $0 | Tax $0
Seat 1: fc677676 folded before Flop (didn't bet)
Seat 4: Hero (button) folded before Flop
Seat 5: eae96838 (small blind) collected ($0.56)
Seat 6: 7bae1f86 (big blind) folded before Flop


Poker Hand #HD1779168395: Hold'em No Limit ($0.05/$0.1) - 2024/05/19 14:07:43
Table 'NLHRed14' 6-max Seat #1 is the button
Seat 1: fc677676 ($10 in chips)
Seat 4: Hero ($11.45 in chips)
Seat 5: eae96838 ($3.1 in chips)
Seat 6: 7bae1f86 ($10.05 in chips)
Hero: posts small blind $0.05
eae96838: posts big blind $0.1
*** HOLE CARDS ***
Dealt to fc677676 
Dealt to Hero [Tc Ks]
Dealt to eae96838 
Dealt to 7bae1f86 
7bae1f86: raises $0.1 to $0.2
fc677676: folds
Hero: folds
eae96838: raises $2.9 to $3.1 and is all-in
7bae1f86: calls $2.9
eae96838: shows [9d Qc]
7bae1f86: shows [Kh As]
*** FIRST FLOP *** [Ac 6d 3c]
*** FIRST TURN *** [Ac 6d 3c] [Ad]
*** FIRST RIVER *** [Ac 6d 3c Ad] [Td]
*** SECOND FLOP *** [8h 4h Qs]
*** SECOND TURN *** [8h 4h Qs] [9s]
*** SECOND RIVER *** [8h 4h Qs 9s] [Qd]
*** FIRST SHOWDOWN ***
7bae1f86 collected $2.92 from pot
*** SECOND SHOWDOWN ***
eae96838 collected $2.93 from pot
*** SUMMARY ***
Total pot $6.25 | Rake $0.3 | Jackpot $0.1 | Bingo $0 | Fortune $0 | Tax $0
Hand was run two times
FIRST Board [Ac 6d 3c Ad Td]
SECOND Board [8h 4h Qs 9s Qd]
Seat 1: fc677676 (button) folded before Flop (didn't bet)
Seat 4: Hero (small blind) folded before Flop
Seat 5: eae96838 (big blind) showed [9d Qc] and lost with Pair of Aces, and won ($2.93) with Queens Full over Nines
Seat 6: 7bae1f86 showed [Kh As] and won ($2.92) with Three Aces, and lost with Pair of Queens


Poker Hand #HD1779168372: Hold'em No Limit ($0.05/$0.1) - 2024/05/19 14:07:29
Table 'NLHRed14' 6-max Seat #6 is the button
Seat 1: fc677676 ($10 in chips)
Seat 4: Hero ($11.4 in chips)
Seat 6: 7bae1f86 ($10.05 in chips)
fc677676: posts small blind $0.05
Hero: posts big blind $0.1
*** HOLE CARDS ***
Dealt to fc677676 
Dealt to Hero [9d 3s]
Dealt to 7bae1f86 
7bae1f86: folds
fc677676: folds
Uncalled bet ($0.05) returned to Hero
*** SHOWDOWN ***
Hero collected $0.1 from pot
*** SUMMARY ***
Total pot $0.1 | Rake $0 | Jackpot $0 | Bingo $0 | Fortune $0 | Tax $0
Seat 1: fc677676 (small blind) folded before Flop
Seat 4: Hero (big blind) collected ($0.1)
Seat 6: 7bae1f86 (button) folded before Flop (didn't bet)


Poker Hand #HD1779168345: Hold'em No Limit ($0.05/$0.1) - 2024/05/19 14:07:07
Table 'NLHRed14' 6-max Seat #4 is the button
Seat 1: fc677676 ($10 in chips)
Seat 4: Hero ($11.4 in chips)
Seat 5: eae96838 ($3.15 in chips)
Seat 6: 7bae1f86 ($10 in chips)
eae96838: posts small blind $0.05
7bae1f86: posts big blind $0.1
*** HOLE CARDS ***
Dealt to fc677676 
Dealt to Hero [5h Kc]
Dealt to eae96838 
Dealt to 7bae1f86 
fc677676: folds
Hero: folds
eae96838: folds
Uncalled bet ($0.05) returned to 7bae1f86
*** SHOWDOWN ***
7bae1f86 collected $0.1 from pot
*** SUMMARY ***
Total pot $0.1 | Rake $0 | Jackpot $0 | Bingo $0 | Fortune $0 | Tax $0
Seat 1: fc677676 folded before Flop (didn't bet)
Seat 4: Hero (button) folded before Flop (didn't bet)
Seat 5: eae96838 (small blind) folded before Flop
Seat 6: 7bae1f86 (big blind) collected ($0.1)


Poker Hand #HD1779168312: Hold'em No Limit ($0.05/$0.1) - 2024/05/19 14:06:50
Table 'NLHRed14' 6-max Seat #1 is the button
Seat 1: fc677676 ($10 in chips)
Seat 4: Hero ($11.45 in chips)
Seat 5: eae96838 ($3.1 in chips)
Hero: posts small blind $0.05
eae96838: posts big blind $0.1
*** HOLE CARDS ***
Dealt to fc677676 
Dealt to Hero [Tc 4d]
Dealt to eae96838 
fc677676: folds
Hero: folds
Uncalled bet ($0.05) returned to eae96838
*** SHOWDOWN ***
eae96838 collected $0.1 from pot
*** SUMMARY ***
Total pot $0.1 | Rake $0 | Jackpot $0 | Bingo $0 | Fortune $0 | Tax $0
Seat 1: fc677676 (button) folded before Flop (didn't bet)
Seat 4: Hero (small blind) folded before Flop
Seat 5: eae96838 (big blind) collected ($0.1)


Poker Hand #HD1779168286: Hold'em No Limit ($0.05/$0.1) - 2024/05/19 14:06:32
Table 'NLHRed14' 6-max Seat #5 is the button
Seat 1: fc677676 ($10 in chips)
Seat 4: Hero ($11.4 in chips)
Seat 5: eae96838 ($3.1 in chips)
fc677676: posts small blind $0.05
Hero: posts big blind $0.1
*** HOLE CARDS ***
Dealt to fc677676 
Dealt to Hero [7s 2s]
Dealt to eae96838 
eae96838: folds
fc677676: folds
Uncalled bet ($0.05) returned to Hero
*** SHOWDOWN ***
Hero collected $0.1 from pot
*** SUMMARY ***
Total pot $0.1 | Rake $0 | Jackpot $0 | Bingo $0 | Fortune $0 | Tax $0
Seat 1: fc677676 (small blind) folded before Flop
Seat 4: Hero (big blind) collected ($0.1)
Seat 5: eae96838 (button) folded before Flop (didn't bet)


Poker Hand #HD1779168242: Hold'em No Limit ($0.05/$0.1) - 2024/05/19 14:06:06
Table 'NLHRed14' 6-max Seat #4 is the button
Seat 1: fc677676 ($10.1 in chips)
Seat 3: 5410fe6 ($13.33 in chips)
Seat 4: Hero ($11.64 in chips)
Seat 5: eae96838 ($2.78 in chips)
eae96838: posts small blind $0.05
fc677676: posts big blind $0.1
*** HOLE CARDS ***
Dealt to fc677676 
Dealt to 5410fe6 
Dealt to Hero [As 6s]
Dealt to eae96838 
5410fe6: folds
Hero: raises $0.14 to $0.24
eae96838: raises $2.54 to $2.78 and is all-in
fc677676: folds
Hero: folds
Uncalled bet ($2.54) returned to eae96838
*** SHOWDOWN ***
eae96838 collected $0.56 from pot
*** SUMMARY ***
Total pot $0.58 | Rake $0.02 | Jackpot $0 | Bingo $0 | Fortune $0 | Tax $0
Seat 1: fc677676 (big blind) folded before Flop
Seat 3: 5410fe6 folded before Flop (didn't bet)
Seat 4: Hero (button) folded before Flop
Seat 5: eae96838 (small blind) collected ($0.56)


Poker Hand #HD1779168226: Hold'em No Limit ($0.05/$0.1) - 2024/05/19 14:05:56
Table 'NLHRed14' 6-max Seat #3 is the button
Seat 1: fc677676 ($10.1 in chips)
Seat 3: 5410fe6 ($13.33 in chips)
Seat 4: Hero ($11.69 in chips)
Seat 5: eae96838 ($2.73 in chips)
Hero: posts small blind $0.05
eae96838: posts big blind $0.1
*** HOLE CARDS ***
Dealt to fc677676 
Dealt to 5410fe6 
Dealt to Hero [6c 9h]
Dealt to eae96838 
fc677676: folds
5410fe6: folds
Hero: folds
Uncalled bet ($0.05) returned to eae96838
*** SHOWDOWN ***
eae96838 collected $0.1 from pot
*** SUMMARY ***
Total pot $0.1 | Rake $0 | Jackpot $0 | Bingo $0 | Fortune $0 | Tax $0
Seat 1: fc677676 folded before Flop (didn't bet)
Seat 3: 5410fe6 (button) folded before Flop (didn't bet)
Seat 4: Hero (small blind) folded before Flop
Seat 5: eae96838 (big blind) collected ($0.1)


Poker Hand #HD1779168212: Hold'em No Limit ($0.05/$0.1) - 2024/05/19 14:05:45
Table 'NLHRed14' 6-max Seat #1 is the button
Seat 1: fc677676 ($10.1 in chips)
Seat 3: 5410fe6 ($13.38 in chips)
Seat 4: Hero ($11.79 in chips)
Seat 5: eae96838 ($2.58 in chips)
5410fe6: posts small blind $0.05
Hero: posts big blind $0.1
*** HOLE CARDS ***
Dealt to fc677676 
Dealt to 5410fe6 
Dealt to Hero [Th 6h]
Dealt to eae96838 
eae96838: raises $2.48 to $2.58 and is all-in
fc677676: folds
5410fe6: folds
Hero: folds
Uncalled bet ($2.48) returned to eae96838
*** SHOWDOWN ***
eae96838 collected $0.25 from pot
*** SUMMARY ***
Total pot $0.25 | Rake $0 | Jackpot $0 | Bingo $0 | Fortune $0 | Tax $0
Seat 1: fc677676 (button) folded before Flop (didn't bet)
Seat 3: 5410fe6 (small blind) folded before Flop
Seat 4: Hero (big blind) folded before Flop
Seat 5: eae96838 collected ($0.25)


Poker Hand #HD1779168183: Hold'em No Limit ($0.05/$0.1) - 2024/05/19 14:05:26
Table 'NLHRed14' 6-max Seat #6 is the button
Seat 1: fc677676 ($10 in chips)
Seat 3: 5410fe6 ($13.48 in chips)
Seat 4: Hero ($11.79 in chips)
Seat 5: eae96838 ($2.58 in chips)
Seat 6: 568b665e ($14.13 in chips)
fc677676: posts small blind $0.05
5410fe6: posts big blind $0.1
*** HOLE CARDS ***
Dealt to fc677676 
Dealt to 5410fe6 
Dealt to Hero [Ks 6s]
Dealt to eae96838 
Dealt to 568b665e 
Hero: folds
eae96838: folds
568b665e: folds
fc677676: raises $0.1 to $0.2
5410fe6: folds
Uncalled bet ($0.1) returned to fc677676
*** SHOWDOWN ***
fc677676 collected $0.2 from pot
*** SUMMARY ***
Total pot $0.2 | Rake $0 | Jackpot $0 | Bingo $0 | Fortune $0 | Tax $0
Seat 1: fc677676 (small blind) collected ($0.2)
Seat 3: 5410fe6 (big blind) folded before Flop
Seat 4: Hero folded before Flop (didn't bet)
Seat 5: eae96838 folded before Flop (didn't bet)
Seat 6: 568b665e (button) folded before Flop (didn't bet)


Poker Hand #HD1779168095: Hold'em No Limit ($0.05/$0.1) - 2024/05/19 14:04:36
Table 'NLHRed14' 6-max Seat #5 is the button
Seat 1: fc677676 ($10 in chips)
Seat 2: d782fc3f ($11.91 in chips)
Seat 3: 5410fe6 ($13.78 in chips)
Seat 4: Hero ($11.79 in chips)
Seat 5: eae96838 ($2.56 in chips)
Seat 6: 568b665e ($14.11 in chips)
568b665e: posts small blind $0.05
fc677676: posts big blind $0.1
*** HOLE CARDS ***
Dealt to fc677676 
Dealt to d782fc3f 
Dealt to 5410fe6 
Dealt to Hero [Ah Tc]
Dealt to eae96838 
Dealt to 568b665e 
d782fc3f: folds
5410fe6: raises $0.2 to $0.3
Hero: folds
eae96838: calls $0.3
568b665e: raises $1 to $1.3
fc677676: folds
5410fe6: folds
eae96838: raises $1.26 to $2.56 and is all-in
568b665e: calls $1.26
eae96838: shows [Kh 5s]
568b665e: shows [5h 2h]
*** FIRST FLOP *** [7d Ks 8s]
*** FIRST TURN *** [7d Ks 8s] [Qs]
*** FIRST RIVER *** [7d Ks 8s Qs] [4d]
*** SECOND FLOP *** [3s 4h 9h]
*** SECOND TURN *** [3s 4h 9h] [Js]
*** SECOND RIVER *** [3s 4h 9h Js] [6s]
*** FIRST SHOWDOWN ***
eae96838 collected $2.58 from pot
*** SECOND SHOWDOWN ***
568b665e collected $2.58 from pot
*** SUMMARY ***
Total pot $5.52 | Rake $0.26 | Jackpot $0.1 | Bingo $0 | Fortune $0 | Tax $0
Hand was run two times
FIRST Board [7d Ks 8s Qs 4d]
SECOND Board [3s 4h 9h Js 6s]
Seat 1: fc677676 (big blind) folded before Flop
Seat 2: d782fc3f folded before Flop (didn't bet)
Seat 3: 5410fe6 folded before Flop
Seat 4: Hero folded before Flop (didn't bet)
Seat 5: eae96838 (button) showed [Kh 5s] and won ($2.58) with Pair of Kings, and lost with King-High
Seat 6: 568b665e (small blind) showed [5h 2h] and lost with King-High, and won ($2.58) with Sixes-High Straight


Poker Hand #HD1779168080: Hold'em No Limit ($0.05/$0.1) - 2024/05/19 14:04:27
Table 'NLHRed14' 6-max Seat #4 is the button
Seat 1: fc677676 ($10 in chips)
Seat 2: d782fc3f ($11.91 in chips)
Seat 3: 5410fe6 ($13.78 in chips)
Seat 4: Hero ($11.79 in chips)
Seat 5: eae96838 ($2.61 in chips)
Seat 6: 568b665e ($14.06 in chips)
eae96838: posts small blind $0.05
568b665e: posts big blind $0.1
*** HOLE CARDS ***
Dealt to fc677676 
Dealt to d782fc3f 
Dealt to 5410fe6 
Dealt to Hero [Tc 4s]
Dealt to eae96838 
Dealt to 568b665e 
fc677676: folds
d782fc3f: folds
5410fe6: folds
Hero: folds
eae96838: folds
Uncalled bet ($0.05) returned to 568b665e
*** SHOWDOWN ***
568b665e collected $0.1 from pot
*** SUMMARY ***
Total pot $0.1 | Rake $0 | Jackpot $0 | Bingo $0 | Fortune $0 | Tax $0
Seat 1: fc677676 folded before Flop (didn't bet)
Seat 2: d782fc3f folded before Flop (didn't bet)
Seat 3: 5410fe6 folded before Flop (didn't bet)
Seat 4: Hero (button) folded before Flop (didn't bet)
Seat 5: eae96838 (small blind) folded before Flop
Seat 6: 568b665e (big blind) collected ($0.1)


Poker Hand #HD1779168034: Hold'em No Limit ($0.05/$0.1) - 2024/05/19 14:03:59
Table 'NLHRed14' 6-max Seat #3 is the button
Seat 1: fc677676 ($10 in chips)
Seat 2: d782fc3f ($11.91 in chips)
Seat 3: 5410fe6 ($12.99 in chips)
Seat 4: Hero ($11.84 in chips)
Seat 5: eae96838 ($3.01 in chips)
Seat 6: 568b665e ($14.46 in chips)
Hero: posts small blind $0.05
eae96838: posts big blind $0.1
*** HOLE CARDS ***
Dealt to fc677676 
Dealt to d782fc3f 
Dealt to 5410fe6 
Dealt to Hero [4c 5d]
Dealt to eae96838 
Dealt to 568b665e 
568b665e: calls $0.1
fc677676: folds
d782fc3f: folds
5410fe6: raises $0.3 to $0.4
Hero: folds
eae96838: calls $0.3
568b665e: calls $0.3
*** FLOP *** [9c 4d 9h]
eae96838: checks
568b665e: checks
5410fe6: bets $0.97
eae96838: folds
568b665e: folds
Uncalled bet ($0.97) returned to 5410fe6
*** SHOWDOWN ***
5410fe6 collected $1.19 from pot
*** SUMMARY ***
Total pot $1.25 | Rake $0.06 | Jackpot $0 | Bingo $0 | Fortune $0 | Tax $0
Board [9c 4d 9h]
Seat 1: fc677676 folded before Flop (didn't bet)
Seat 2: d782fc3f folded before Flop (didn't bet)
Seat 3: 5410fe6 (button) won ($1.19)
Seat 4: Hero (small blind) folded before Flop
Seat 5: eae96838 (big blind) folded on the Flop
Seat 6: 568b665e folded on the Flop


Poker Hand #HD1779168013: Hold'em No Limit ($0.05/$0.1) - 2024/05/19 14:03:45
Table 'NLHRed14' 6-max Seat #2 is the button
Seat 1: fc677676 ($10 in chips)
Seat 2: d782fc3f ($11.76 in chips)
Seat 3: 5410fe6 ($13.04 in chips)
Seat 4: Hero ($11.94 in chips)
Seat 5: eae96838 ($3.01 in chips)
Seat 6: 568b665e ($14.46 in chips)
5410fe6: posts small blind $0.05
Hero: posts big blind $0.1
*** HOLE CARDS ***
Dealt to fc677676 
Dealt to d782fc3f 
Dealt to 5410fe6 
Dealt to Hero [2c 3d]
Dealt to eae96838 
Dealt to 568b665e 
eae96838: folds
568b665e: folds
fc677676: folds
d782fc3f: raises $0.15 to $0.25
5410fe6: folds
Hero: folds
Uncalled bet ($0.15) returned to d782fc3f
*** SHOWDOWN ***
d782fc3f collected $0.25 from pot
*** SUMMARY ***
Total pot $0.25 | Rake $0 | Jackpot $0 | Bingo $0 | Fortune $0 | Tax $0
Seat 1: fc677676 folded before Flop (didn't bet)
Seat 2: d782fc3f (button) collected ($0.25)
Seat 3: 5410fe6 (small blind) folded before Flop
Seat 4: Hero (big blind) folded before Flop
Seat 5: eae96838 folded before Flop (didn't bet)
Seat 6: 568b665e folded before Flop (didn't bet)


Poker Hand #HD1779167994: Hold'em No Limit ($0.05/$0.1) - 2024/05/19 14:03:35
Table 'NLHRed14' 6-max Seat #1 is the button
Seat 1: fc677676 ($10 in chips)
Seat 2: d782fc3f ($11.81 in chips)
Seat 3: 5410fe6 ($12.99 in chips)
Seat 4: Hero ($11.94 in chips)
Seat 5: eae96838 ($3.01 in chips)
Seat 6: 568b665e ($14.46 in chips)
d782fc3f: posts small blind $0.05
5410fe6: posts big blind $0.1
*** HOLE CARDS ***
Dealt to fc677676 
Dealt to d782fc3f 
Dealt to 5410fe6 
Dealt to Hero [2s 5h]
Dealt to eae96838 
Dealt to 568b665e 
Hero: folds
eae96838: folds
568b665e: folds
fc677676: folds
d782fc3f: folds
Uncalled bet ($0.05) returned to 5410fe6
*** SHOWDOWN ***
5410fe6 collected $0.1 from pot
*** SUMMARY ***
Total pot $0.1 | Rake $0 | Jackpot $0 | Bingo $0 | Fortune $0 | Tax $0
Seat 1: fc677676 (button) folded before Flop (didn't bet)
Seat 2: d782fc3f (small blind) folded before Flop
Seat 3: 5410fe6 (big blind) collected ($0.1)
Seat 4: Hero folded before Flop (didn't bet)
Seat 5: eae96838 folded before Flop (didn't bet)
Seat 6: 568b665e folded before Flop (didn't bet)


Poker Hand #HD1779167914: Hold'em No Limit ($0.05/$0.1) - 2024/05/19 14:02:38
Table 'NLHRed14' 6-max Seat #6 is the button
Seat 1: fc677676 ($10 in chips)
Seat 2: d782fc3f ($11.91 in chips)
Seat 3: 5410fe6 ($12.99 in chips)
Seat 4: Hero ($12.14 in chips)
Seat 5: eae96838 ($3.03 in chips)
Seat 6: 568b665e ($14.49 in chips)
fc677676: posts small blind $0.05
d782fc3f: posts big blind $0.1
*** HOLE CARDS ***
Dealt to fc677676 
Dealt to d782fc3f 
Dealt to 5410fe6 
Dealt to Hero [8h Ah]
Dealt to eae96838 
Dealt to 568b665e 
5410fe6: folds
Hero: raises $0.1 to $0.2
eae96838: calls $0.2
568b665e: raises $0.75 to $0.95
fc677676: folds
d782fc3f: folds
Hero: folds
eae96838: raises $2.08 to $3.03 and is all-in
568b665e: calls $2.08
eae96838: shows [6s Ac]
568b665e: shows [Ts Th]
*** FIRST FLOP *** [5d 2d 3d]
*** FIRST TURN *** [5d 2d 3d] [Qh]
*** FIRST RIVER *** [5d 2d 3d Qh] [4c]
*** SECOND FLOP *** [7s Jd 4h]
*** SECOND TURN *** [7s Jd 4h] [3s]
*** SECOND RIVER *** [7s Jd 4h 3s] [9c]
*** FIRST SHOWDOWN ***
eae96838 collected $3.01 from pot
*** SECOND SHOWDOWN ***
568b665e collected $3 from pot
*** SUMMARY ***
Total pot $6.41 | Rake $0.3 | Jackpot $0.1 | Bingo $0 | Fortune $0 | Tax $0
Hand was run two times
FIRST Board [5d 2d 3d Qh 4c]
SECOND Board [7s Jd 4h 3s 9c]
Seat 1: fc677676 (small blind) folded before Flop
Seat 2: d782fc3f (big blind) folded before Flop
Seat 3: 5410fe6 folded before Flop (didn't bet)
Seat 4: Hero folded before Flop
Seat 5: eae96838 showed [6s Ac] and won ($3.01) with Sixes-High Straight, and lost with Ace-High
Seat 6: 568b665e (button) showed [Ts Th] and lost with Pair of Tens, and won ($3) with Pair of Tens


Poker Hand #HD1779167879: Hold'em No Limit ($0.05/$0.1) - 2024/05/19 14:02:16
Table 'NLHRed14' 6-max Seat #5 is the button
Seat 1: fc677676 ($10.03 in chips)
Seat 2: d782fc3f ($11.91 in chips)
Seat 3: 5410fe6 ($12.99 in chips)
Seat 4: Hero ($12.14 in chips)
Seat 5: eae96838 ($4.03 in chips)
Seat 6: 568b665e ($13.49 in chips)
568b665e: posts small blind $0.05
fc677676: posts big blind $0.1
*** HOLE CARDS ***
Dealt to fc677676 
Dealt to d782fc3f 
Dealt to 5410fe6 
Dealt to Hero [8c 2d]
Dealt to eae96838 
Dealt to 568b665e 
d782fc3f: folds
5410fe6: folds
Hero: folds
eae96838: raises $0.2 to $0.3
568b665e: raises $0.7 to $1
fc677676: folds
eae96838: calls $0.7
*** FLOP *** [3c Jh 8s]
568b665e: bets $2.1
eae96838: folds
Uncalled bet ($2.1) returned to 568b665e
*** SHOWDOWN ***
568b665e collected $2 from pot
*** SUMMARY ***
Total pot $2.1 | Rake $0.1 | Jackpot $0 | Bingo $0 | Fortune $0 | Tax $0
Board [3c Jh 8s]
Seat 1: fc677676 (big blind) folded before Flop
Seat 2: d782fc3f folded before Flop (didn't bet)
Seat 3: 5410fe6 folded before Flop (didn't bet)
Seat 4: Hero folded before Flop (didn't bet)
Seat 5: eae96838 (button) folded on the Flop
Seat 6: 568b665e (small blind) won ($2)


Poker Hand #HD1779167821: Hold'em No Limit ($0.05/$0.1) - 2024/05/19 14:01:35
Table 'NLHRed14' 6-max Seat #4 is the button
Seat 2: d782fc3f ($11.91 in chips)
Seat 3: 5410fe6 ($12.99 in chips)
Seat 4: Hero ($11.48 in chips)
Seat 5: eae96838 ($4.27 in chips)
Seat 6: 568b665e ($13.97 in chips)
eae96838: posts small blind $0.05
568b665e: posts big blind $0.1
*** HOLE CARDS ***
Dealt to d782fc3f 
Dealt to 5410fe6 
Dealt to Hero [Jc 8c]
Dealt to eae96838 
Dealt to 568b665e 
d782fc3f: folds
5410fe6: folds
Hero: raises $0.14 to $0.24
eae96838: calls $0.19
568b665e: calls $0.14
*** FLOP *** [8s 7c 7s]
eae96838: checks
568b665e: checks
Hero: checks
*** TURN *** [8s 7c 7s] [5c]
eae96838: checks
568b665e: bets $0.24
Hero: calls $0.24
eae96838: folds
*** RIVER *** [8s 7c 7s 5c] [Kc]
568b665e: checks
Hero: bets $0.9
568b665e: folds
Uncalled bet ($0.9) returned to Hero
*** SHOWDOWN ***
Hero collected $1.14 from pot
*** SUMMARY ***
Total pot $1.2 | Rake $0.06 | Jackpot $0 | Bingo $0 | Fortune $0 | Tax $0
Board [8s 7c 7s 5c Kc]
Seat 2: d782fc3f folded before Flop (didn't bet)
Seat 3: 5410fe6 folded before Flop (didn't bet)
Seat 4: Hero (button) won ($1.14)
Seat 5: eae96838 (small blind) folded on the Turn
Seat 6: 568b665e (big blind) folded on the River


Poker Hand #HD1779167771: Hold'em No Limit ($0.05/$0.1) - 2024/05/19 14:01:00
Table 'NLHRed14' 6-max Seat #3 is the button
Seat 2: d782fc3f ($11.91 in chips)
Seat 3: 5410fe6 ($11.97 in chips)
Seat 4: Hero ($11.53 in chips)
Seat 5: eae96838 ($4.37 in chips)
Seat 6: 568b665e ($14.94 in chips)
Hero: posts small blind $0.05
eae96838: posts big blind $0.1
*** HOLE CARDS ***
Dealt to d782fc3f 
Dealt to 5410fe6 
Dealt to Hero [Jd 3h]
Dealt to eae96838 
Dealt to 568b665e 
568b665e: calls $0.1
d782fc3f: folds
5410fe6: raises $0.3 to $0.4
Hero: folds
eae96838: folds
568b665e: calls $0.3
*** FLOP *** [8c 8h Qs]
568b665e: checks
5410fe6: bets $0.57
568b665e: calls $0.57
*** TURN *** [8c 8h Qs] [Kd]
568b665e: checks
5410fe6: checks
*** RIVER *** [8c 8h Qs Kd] [4s]
568b665e: checks
5410fe6: bets $1.61
568b665e: folds
Uncalled bet ($1.61) returned to 5410fe6
*** SHOWDOWN ***
5410fe6 collected $1.99 from pot
*** SUMMARY ***
Total pot $2.09 | Rake $0.1 | Jackpot $0 | Bingo $0 | Fortune $0 | Tax $0
Board [8c 8h Qs Kd 4s]
Seat 2: d782fc3f folded before Flop (didn't bet)
Seat 3: 5410fe6 (button) won ($1.99)
Seat 4: Hero (small blind) folded before Flop
Seat 5: eae96838 (big blind) folded before Flop
Seat 6: 568b665e folded on the River


Poker Hand #HD1779167744: Hold'em No Limit ($0.05/$0.1) - 2024/05/19 14:00:46
Table 'NLHRed14' 6-max Seat #2 is the button
Seat 2: d782fc3f ($11.91 in chips)
Seat 3: 5410fe6 ($12.02 in chips)
Seat 4: Hero ($11.63 in chips)
Seat 5: eae96838 ($4.37 in chips)
Seat 6: 568b665e ($14.79 in chips)
5410fe6: posts small blind $0.05
Hero: posts big blind $0.1
*** HOLE CARDS ***
Dealt to d782fc3f 
Dealt to 5410fe6 
Dealt to Hero [8c 5s]
Dealt to eae96838 
Dealt to 568b665e 
eae96838: folds
568b665e: raises $0.2 to $0.3
d782fc3f: folds
5410fe6: folds
Hero: folds
Uncalled bet ($0.2) returned to 568b665e
*** SHOWDOWN ***
568b665e collected $0.25 from pot
*** SUMMARY ***
Total pot $0.25 | Rake $0 | Jackpot $0 | Bingo $0 | Fortune $0 | Tax $0
Seat 2: d782fc3f (button) folded before Flop (didn't bet)
Seat 3: 5410fe6 (small blind) folded before Flop
Seat 4: Hero (big blind) folded before Flop
Seat 5: eae96838 folded before Flop (didn't bet)
Seat 6: 568b665e collected ($0.25)


Poker Hand #HD1779167691: Hold'em No Limit ($0.05/$0.1) - 2024/05/19 14:00:09
Table 'NLHRed14' 6-max Seat #6 is the button
Seat 2: d782fc3f ($11.96 in chips)
Seat 3: 5410fe6 ($12.12 in chips)
Seat 4: Hero ($11.63 in chips)
Seat 5: eae96838 ($3.02 in chips)
Seat 6: 568b665e ($16.23 in chips)
d782fc3f: posts small blind $0.05
5410fe6: posts big blind $0.1
*** HOLE CARDS ***
Dealt to d782fc3f 
Dealt to 5410fe6 
Dealt to Hero [7c 5c]
Dealt to eae96838 
Dealt to 568b665e 
Hero: folds
eae96838: raises $0.2 to $0.3
568b665e: calls $0.3
d782fc3f: folds
5410fe6: folds
*** FLOP *** [Jc 4d 9d]
eae96838: checks
568b665e: bets $0.38
eae96838: calls $0.38
*** TURN *** [Jc 4d 9d] [6c]
eae96838: checks
568b665e: bets $0.76
eae96838: calls $0.76
*** RIVER *** [Jc 4d 9d 6c] [2h]
eae96838: bets $1.55
568b665e: folds
Uncalled bet ($1.55) returned to eae96838
*** SHOWDOWN ***
eae96838 collected $2.79 from pot
*** SUMMARY ***
Total pot $3.03 | Rake $0.14 | Jackpot $0.1 | Bingo $0 | Fortune $0 | Tax $0
Board [Jc 4d 9d 6c 2h]
Seat 2: d782fc3f (small blind) folded before Flop
Seat 3: 5410fe6 (big blind) folded before Flop
Seat 4: Hero folded before Flop (didn't bet)
Seat 5: eae96838 won ($2.79)
Seat 6: 568b665e (button) folded on the River


Poker Hand #HD1779167647: Hold'em No Limit ($0.05/$0.1) - 2024/05/19 13:59:44
Table 'NLHRed14' 6-max Seat #5 is the button
Seat 2: d782fc3f ($12.26 in chips)
Seat 3: 5410fe6 ($12.12 in chips)
Seat 4: Hero ($11.63 in chips)
Seat 5: eae96838 ($2.46 in chips)
Seat 6: 568b665e ($16.53 in chips)
568b665e: posts small blind $0.05
d782fc3f: posts big blind $0.1
*** HOLE CARDS ***
Dealt to d782fc3f 
Dealt to 5410fe6 
Dealt to Hero [4d As]
Dealt to eae96838 
Dealt to 568b665e 
5410fe6: folds
Hero: folds
eae96838: raises $0.2 to $0.3
568b665e: calls $0.25
d782fc3f: calls $0.2
*** FLOP *** [Jh 7c 2s]
568b665e: checks
d782fc3f: checks
eae96838: bets $0.45
568b665e: folds
d782fc3f: folds
Uncalled bet ($0.45) returned to eae96838
*** SHOWDOWN ***
eae96838 collected $0.86 from pot
*** SUMMARY ***
Total pot $0.9 | Rake $0.04 | Jackpot $0 | Bingo $0 | Fortune $0 | Tax $0
Board [Jh 7c 2s]
Seat 2: d782fc3f (big blind) folded on the Flop
Seat 3: 5410fe6 folded before Flop (didn't bet)
Seat 4: Hero folded before Flop (didn't bet)
Seat 5: eae96838 (button) won ($0.86)
Seat 6: 568b665e (small blind) folded on the Flop


Poker Hand #HD1779167626: Hold'em No Limit ($0.05/$0.1) - 2024/05/19 13:59:30
Table 'NLHRed14' 6-max Seat #4 is the button
Seat 2: d782fc3f ($12.26 in chips)
Seat 3: 5410fe6 ($12.12 in chips)
Seat 4: Hero ($11.63 in chips)
Seat 5: eae96838 ($2.36 in chips)
Seat 6: 568b665e ($16.63 in chips)
eae96838: posts small blind $0.05
568b665e: posts big blind $0.1
*** HOLE CARDS ***
Dealt to d782fc3f 
Dealt to 5410fe6 
Dealt to Hero [4c 7d]
Dealt to eae96838 
Dealt to 568b665e 
d782fc3f: folds
5410fe6: folds
Hero: folds
eae96838: raises $0.2 to $0.3
568b665e: folds
Uncalled bet ($0.2) returned to eae96838
*** SHOWDOWN ***
eae96838 collected $0.2 from pot
*** SUMMARY ***
Total pot $0.2 | Rake $0 | Jackpot $0 | Bingo $0 | Fortune $0 | Tax $0
Seat 2: d782fc3f folded before Flop (didn't bet)
Seat 3: 5410fe6 folded before Flop (didn't bet)
Seat 4: Hero (button) folded before Flop (didn't bet)
Seat 5: eae96838 (small blind) collected ($0.2)
Seat 6: 568b665e (big blind) folded before Flop


Poker Hand #HD1779167606: Hold'em No Limit ($0.05/$0.1) - 2024/05/19 13:59:16
Table 'NLHRed14' 6-max Seat #3 is the button
Seat 2: d782fc3f ($12.26 in chips)
Seat 3: 5410fe6 ($12.12 in chips)
Seat 4: Hero ($11.68 in chips)
Seat 5: eae96838 ($2.31 in chips)
Seat 6: 568b665e ($16.63 in chips)
Hero: posts small blind $0.05
eae96838: posts big blind $0.1
*** HOLE CARDS ***
Dealt to d782fc3f 
Dealt to 5410fe6 
Dealt to Hero [3s 8c]
Dealt to eae96838 
Dealt to 568b665e 
568b665e: folds
d782fc3f: folds
5410fe6: folds
Hero: folds
Uncalled bet ($0.05) returned to eae96838
*** SHOWDOWN ***
eae96838 collected $0.1 from pot
*** SUMMARY ***
Total pot $0.1 | Rake $0 | Jackpot $0 | Bingo $0 | Fortune $0 | Tax $0
Seat 2: d782fc3f folded before Flop (didn't bet)
Seat 3: 5410fe6 (button) folded before Flop (didn't bet)
Seat 4: Hero (small blind) folded before Flop
Seat 5: eae96838 (big blind) collected ($0.1)
Seat 6: 568b665e folded before Flop (didn't bet)


Poker Hand #HD1779167558: Hold'em No Limit ($0.05/$0.1) - 2024/05/19 13:58:46
Table 'NLHRed14' 6-max Seat #2 is the button
Seat 2: d782fc3f ($12.26 in chips)
Seat 3: 5410fe6 ($11.21 in chips)
Seat 4: Hero ($11.78 in chips)
Seat 5: eae96838 ($3.11 in chips)
Seat 6: 568b665e ($16.73 in chips)
5410fe6: posts small blind $0.05
Hero: posts big blind $0.1
*** HOLE CARDS ***
Dealt to d782fc3f 
Dealt to 5410fe6 
Dealt to Hero [8d 3c]
Dealt to eae96838 
Dealt to 568b665e 
eae96838: calls $0.1
568b665e: calls $0.1
d782fc3f: folds
5410fe6: raises $0.7 to $0.8
Hero: folds
eae96838: calls $0.7
568b665e: folds
*** FLOP *** [Jh 4h 8h]
5410fe6: bets $1.39
eae96838: folds
Uncalled bet ($1.39) returned to 5410fe6
*** SHOWDOWN ***
5410fe6 collected $1.71 from pot
*** SUMMARY ***
Total pot $1.8 | Rake $0.09 | Jackpot $0 | Bingo $0 | Fortune $0 | Tax $0
Board [Jh 4h 8h]
Seat 2: d782fc3f (button) folded before Flop (didn't bet)
Seat 3: 5410fe6 (small blind) won ($1.71)
Seat 4: Hero (big blind) folded before Flop
Seat 5: eae96838 folded on the Flop
Seat 6: 568b665e folded before Flop


Poker Hand #HD1779167486: Hold'em No Limit ($0.05/$0.1) - 2024/05/19 13:57:58
Table 'NLHRed14' 6-max Seat #1 is the button
Seat 1: fc677676 ($10.03 in chips)
Seat 2: d782fc3f ($12.31 in chips)
Seat 3: 5410fe6 ($11.31 in chips)
Seat 4: Hero ($12.17 in chips)
Seat 5: eae96838 ($2.61 in chips)
Seat 6: 568b665e ($16.73 in chips)
d782fc3f: posts small blind $0.05
5410fe6: posts big blind $0.1
*** HOLE CARDS ***
Dealt to fc677676 
Dealt to d782fc3f 
Dealt to 5410fe6 
Dealt to Hero [Js Qd]
Dealt to eae96838 
Dealt to 568b665e 
Hero: raises $0.1 to $0.2
eae96838: calls $0.2
568b665e: folds
fc677676: folds
d782fc3f: folds
5410fe6: folds
*** FLOP *** [9c Kh Ah]
Hero: checks
eae96838: bets $0.19
Hero: calls $0.19
*** TURN *** [9c Kh Ah] [Kc]
Hero: checks
eae96838: checks
*** RIVER *** [9c Kh Ah Kc] [Ac]
Hero: checks
eae96838: bets $0.47
Hero: folds
Uncalled bet ($0.47) returned to eae96838
*** SHOWDOWN ***
eae96838 collected $0.89 from pot
*** SUMMARY ***
Total pot $0.93 | Rake $0.04 | Jackpot $0 | Bingo $0 | Fortune $0 | Tax $0
Board [9c Kh Ah Kc Ac]
Seat 1: fc677676 (button) folded before Flop (didn't bet)
Seat 2: d782fc3f (small blind) folded before Flop
Seat 3: 5410fe6 (big blind) folded before Flop
Seat 4: Hero folded on the River
Seat 5: eae96838 won ($0.89)
Seat 6: 568b665e folded before Flop (didn't bet)


Poker Hand #HD1779167419: Hold'em No Limit ($0.05/$0.1) - 2024/05/19 13:57:18
Table 'NLHRed14' 6-max Seat #6 is the button
Seat 1: fc677676 ($11.13 in chips)
Seat 2: d782fc3f ($12.41 in chips)
Seat 3: 5410fe6 ($11.31 in chips)
Seat 4: Hero ($12.17 in chips)
Seat 5: eae96838 ($2.71 in chips)
Seat 6: 568b665e ($15.55 in chips)
fc677676: posts small blind $0.05
d782fc3f: posts big blind $0.1
*** HOLE CARDS ***
Dealt to fc677676 
Dealt to d782fc3f 
Dealt to 5410fe6 
Dealt to Hero [Qc 8s]
Dealt to eae96838 
Dealt to 568b665e 
5410fe6: folds
Hero: folds
eae96838: calls $0.1
568b665e: raises $0.2 to $0.3
fc677676: raises $0.8 to $1.1
d782fc3f: folds
eae96838: folds
568b665e: calls $0.8
*** FLOP *** [7c 3s Td]
fc677676: checks
568b665e: bets $1.2
fc677676: folds
Uncalled bet ($1.2) returned to 568b665e
*** SHOWDOWN ***
568b665e collected $2.28 from pot
*** SUMMARY ***
Total pot $2.4 | Rake $0.12 | Jackpot $0 | Bingo $0 | Fortune $0 | Tax $0
Board [7c 3s Td]
Seat 1: fc677676 (small blind) folded on the Flop
Seat 2: d782fc3f (big blind) folded before Flop
Seat 3: 5410fe6 folded before Flop (didn't bet)
Seat 4: Hero folded before Flop (didn't bet)
Seat 5: eae96838 folded before Flop
Seat 6: 568b665e (button) won ($2.28)


Poker Hand #HD1779167369: Hold'em No Limit ($0.05/$0.1) - 2024/05/19 13:56:42
Table 'NLHRed14' 6-max Seat #5 is the button
Seat 1: fc677676 ($11.23 in chips)
Seat 2: d782fc3f ($12.41 in chips)
Seat 3: 5410fe6 ($11.31 in chips)
Seat 4: Hero ($12.17 in chips)
Seat 5: eae96838 ($2.71 in chips)
Seat 6: 568b665e ($15.46 in chips)
568b665e: posts small blind $0.05
fc677676: posts big blind $0.1
*** HOLE CARDS ***
Dealt to fc677676 
Dealt to d782fc3f 
Dealt to 5410fe6 
Dealt to Hero [3h 9d]
Dealt to eae96838 
Dealt to 568b665e 
d782fc3f: folds
5410fe6: folds
Hero: folds
eae96838: folds
568b665e: calls $0.05
fc677676: checks
*** FLOP *** [2d 9s Qh]
568b665e: checks
fc677676: checks
*** TURN *** [2d 9s Qh] [Js]
568b665e: checks
fc677676: checks
*** RIVER *** [2d 9s Qh Js] [5h]
568b665e: checks
fc677676: checks
568b665e: shows [5s 4h] (Pair of Fives)
fc677676: shows [Ks 8h] (King-High)
*** SHOWDOWN ***
568b665e collected $0.19 from pot
*** SUMMARY ***
Total pot $0.2 | Rake $0.01 | Jackpot $0 | Bingo $0 | Fortune $0 | Tax $0
Board [2d 9s Qh Js 5h]
Seat 1: fc677676 (big blind) showed [Ks 8h] and lost with King-High
Seat 2: d782fc3f folded before Flop (didn't bet)
Seat 3: 5410fe6 folded before Flop (didn't bet)
Seat 4: Hero folded before Flop (didn't bet)
Seat 5: eae96838 (button) folded before Flop (didn't bet)
Seat 6: 568b665e (small blind) showed [5s 4h] and won ($0.19) with Pair of Fives


Poker Hand #HD1779167326: Hold'em No Limit ($0.05/$0.1) - 2024/05/19 13:56:14
Table 'NLHRed14' 6-max Seat #4 is the button
Seat 1: fc677676 ($11.23 in chips)
Seat 2: d782fc3f ($12.41 in chips)
Seat 3: 5410fe6 ($11.31 in chips)
Seat 4: Hero ($12.17 in chips)
Seat 5: eae96838 ($2.76 in chips)
Seat 6: 568b665e ($15.41 in chips)
eae96838: posts small blind $0.05
568b665e: posts big blind $0.1
*** HOLE CARDS ***
Dealt to fc677676 
Dealt to d782fc3f 
Dealt to 5410fe6 
Dealt to Hero [9c 5c]
Dealt to eae96838 
Dealt to 568b665e 
fc677676: folds
d782fc3f: folds
5410fe6: folds
Hero: folds
eae96838: folds
Uncalled bet ($0.05) returned to 568b665e
*** SHOWDOWN ***
568b665e collected $0.1 from pot
*** SUMMARY ***
Total pot $0.1 | Rake $0 | Jackpot $0 | Bingo $0 | Fortune $0 | Tax $0
Seat 1: fc677676 folded before Flop (didn't bet)
Seat 2: d782fc3f folded before Flop (didn't bet)
Seat 3: 5410fe6 folded before Flop (didn't bet)
Seat 4: Hero (button) folded before Flop (didn't bet)
Seat 5: eae96838 (small blind) folded before Flop
Seat 6: 568b665e (big blind) collected ($0.1)


Poker Hand #HD1779167307: Hold'em No Limit ($0.05/$0.1) - 2024/05/19 13:56:01
Table 'NLHRed14' 6-max Seat #3 is the button
Seat 1: fc677676 ($11.23 in chips)
Seat 2: d782fc3f ($12.41 in chips)
Seat 3: 5410fe6 ($11.31 in chips)
Seat 4: Hero ($12.22 in chips)
Seat 5: eae96838 ($2.71 in chips)
Seat 6: 568b665e ($15.41 in chips)
Hero: posts small blind $0.05
eae96838: posts big blind $0.1
*** HOLE CARDS ***
Dealt to fc677676 
Dealt to d782fc3f 
Dealt to 5410fe6 
Dealt to Hero [5d 7c]
Dealt to eae96838 
Dealt to 568b665e 
568b665e: folds
fc677676: folds
d782fc3f: folds
5410fe6: folds
Hero: folds
Uncalled bet ($0.05) returned to eae96838
*** SHOWDOWN ***
eae96838 collected $0.1 from pot
*** SUMMARY ***
Total pot $0.1 | Rake $0 | Jackpot $0 | Bingo $0 | Fortune $0 | Tax $0
Seat 1: fc677676 folded before Flop (didn't bet)
Seat 2: d782fc3f folded before Flop (didn't bet)
Seat 3: 5410fe6 (button) folded before Flop (didn't bet)
Seat 4: Hero (small blind) folded before Flop
Seat 5: eae96838 (big blind) collected ($0.1)
Seat 6: 568b665e folded before Flop (didn't bet)


Poker Hand #HD1779167240: Hold'em No Limit ($0.05/$0.1) - 2024/05/19 13:55:12
Table 'NLHRed14' 6-max Seat #2 is the button
Seat 1: fc677676 ($11.23 in chips)
Seat 2: d782fc3f ($12.41 in chips)
Seat 3: 5410fe6 ($11.36 in chips)
Seat 4: Hero ($12.38 in chips)
Seat 5: eae96838 ($2.88 in chips)
Seat 6: 568b665e ($15.41 in chips)
5410fe6: posts small blind $0.05
Hero: posts big blind $0.1
*** HOLE CARDS ***
Dealt to fc677676 
Dealt to d782fc3f 
Dealt to 5410fe6 
Dealt to Hero [Jd Js]
Dealt to eae96838 
Dealt to 568b665e 
eae96838: raises $0.3 to $0.4
568b665e: folds
fc677676: folds
d782fc3f: folds
5410fe6: folds
Hero: raises $11.98 to $12.38 and is all-in
eae96838: calls $2.48 and is all-in
Uncalled bet ($9.5) returned to Hero
Hero: shows [Jd Js]
eae96838: shows [Ad 8h]
*** FIRST FLOP *** [Ac Jc 8c]
*** FIRST TURN *** [Ac Jc 8c] [6c]
*** FIRST RIVER *** [Ac Jc 8c 6c] [Ah]
*** SECOND FLOP *** [Ks 4c 5s]
*** SECOND TURN *** [Ks 4c 5s] [7h]
*** SECOND RIVER *** [Ks 4c 5s 7h] [5d]
*** FIRST SHOWDOWN ***
eae96838 collected $2.71 from pot
*** SECOND SHOWDOWN ***
Hero collected $2.72 from pot
*** SUMMARY ***
Total pot $5.81 | Rake $0.28 | Jackpot $0.1 | Bingo $0 | Fortune $0 | Tax $0
Hand was run two times
FIRST Board [Ac Jc 8c 6c Ah]
SECOND Board [Ks 4c 5s 7h 5d]
Seat 1: fc677676 folded before Flop (didn't bet)
Seat 2: d782fc3f (button) folded before Flop (didn't bet)
Seat 3: 5410fe6 (small blind) folded before Flop
Seat 4: Hero (big blind) showed [Jd Js] and lost with Jacks Full over Aces, and won ($2.72) with Pair of Jacks and Pair of Fives
Seat 5: eae96838 showed [Ad 8h] and won ($2.71) with Aces Full over Eights, and lost with Pair of Fives
Seat 6: 568b665e folded before Flop (didn't bet)


Poker Hand #HD1779167140: Hold'em No Limit ($0.05/$0.1) - 2024/05/19 13:54:11
Table 'NLHRed14' 6-max Seat #1 is the button
Seat 1: fc677676 ($11.23 in chips)
Seat 2: d782fc3f ($12.51 in chips)
Seat 3: 5410fe6 ($11.46 in chips)
Seat 4: Hero ($12.38 in chips)
Seat 5: eae96838 ($2.88 in chips)
Seat 6: 568b665e ($15.22 in chips)
d782fc3f: posts small blind $0.05
5410fe6: posts big blind $0.1
*** HOLE CARDS ***
Dealt to fc677676 
Dealt to d782fc3f 
Dealt to 5410fe6 
Dealt to Hero [Qc 9d]
Dealt to eae96838 
Dealt to 568b665e 
Hero: folds
eae96838: folds
568b665e: calls $0.1
fc677676: folds
d782fc3f: calls $0.05
5410fe6: checks
*** FLOP *** [9s Td 7s]
d782fc3f: checks
5410fe6: checks
568b665e: bets $0.15
d782fc3f: folds
5410fe6: folds
Uncalled bet ($0.15) returned to 568b665e
*** SHOWDOWN ***
568b665e collected $0.29 from pot
*** SUMMARY ***
Total pot $0.3 | Rake $0.01 | Jackpot $0 | Bingo $0 | Fortune $0 | Tax $0
Board [9s Td 7s]
Seat 1: fc677676 (button) folded before Flop (didn't bet)
Seat 2: d782fc3f (small blind) folded on the Flop
Seat 3: 5410fe6 (big blind) folded on the Flop
Seat 4: Hero folded before Flop (didn't bet)
Seat 5: eae96838 folded before Flop (didn't bet)
Seat 6: 568b665e won ($0.29)


Poker Hand #HD1779167090: Hold'em No Limit ($0.05/$0.1) - 2024/05/19 13:53:44
Table 'NLHRed14' 6-max Seat #6 is the button
Seat 1: fc677676 ($11.28 in chips)
Seat 2: d782fc3f ($12.1 in chips)
Seat 3: 5410fe6 ($11.46 in chips)
Seat 4: Hero ($12.38 in chips)
Seat 5: eae96838 ($3.28 in chips)
Seat 6: 568b665e ($15.22 in chips)
fc677676: posts small blind $0.05
d782fc3f: posts big blind $0.1
*** HOLE CARDS ***
Dealt to fc677676 
Dealt to d782fc3f 
Dealt to 5410fe6 
Dealt to Hero [5c Ts]
Dealt to eae96838 
Dealt to 568b665e 
5410fe6: folds
Hero: folds
eae96838: calls $0.1
568b665e: folds
fc677676: folds
d782fc3f: raises $0.3 to $0.4
eae96838: calls $0.3
*** FLOP *** [2h Ks 7d]
d782fc3f: bets $0.29
eae96838: folds
Uncalled bet ($0.29) returned to d782fc3f
*** SHOWDOWN ***
d782fc3f collected $0.81 from pot
*** SUMMARY ***
Total pot $0.85 | Rake $0.04 | Jackpot $0 | Bingo $0 | Fortune $0 | Tax $0
Board [2h Ks 7d]
Seat 1: fc677676 (small blind) folded before Flop
Seat 2: d782fc3f (big blind) won ($0.81)
Seat 3: 5410fe6 folded before Flop (didn't bet)
Seat 4: Hero folded before Flop (didn't bet)
Seat 5: eae96838 folded on the Flop
Seat 6: 568b665e (button) folded before Flop (didn't bet)


Poker Hand #HD1779167048: Hold'em No Limit ($0.05/$0.1) - 2024/05/19 13:53:15
Table 'NLHRed14' 6-max Seat #5 is the button
Seat 1: fc677676 ($11.38 in chips)
Seat 2: d782fc3f ($12.1 in chips)
Seat 3: 5410fe6 ($11.31 in chips)
Seat 4: Hero ($12.38 in chips)
Seat 5: eae96838 ($3.28 in chips)
Seat 6: 568b665e ($15.27 in chips)
568b665e: posts small blind $0.05
fc677676: posts big blind $0.1
*** HOLE CARDS ***
Dealt to fc677676 
Dealt to d782fc3f 
Dealt to 5410fe6 
Dealt to Hero [Jd Ah]
Dealt to eae96838 
Dealt to 568b665e 
d782fc3f: folds
5410fe6: raises $0.2 to $0.3
Hero: folds
eae96838: folds
568b665e: folds
fc677676: folds
Uncalled bet ($0.2) returned to 5410fe6
*** SHOWDOWN ***
5410fe6 collected $0.25 from pot
*** SUMMARY ***
Total pot $0.25 | Rake $0 | Jackpot $0 | Bingo $0 | Fortune $0 | Tax $0
Seat 1: fc677676 (big blind) folded before Flop
Seat 2: d782fc3f folded before Flop (didn't bet)
Seat 3: 5410fe6 collected ($0.25)
Seat 4: Hero folded before Flop (didn't bet)
Seat 5: eae96838 (button) folded before Flop (didn't bet)
Seat 6: 568b665e (small blind) folded before Flop


Poker Hand #HD1779166982: Hold'em No Limit ($0.05/$0.1) - 2024/05/19 13:52:32
Table 'NLHRed14' 6-max Seat #4 is the button
Seat 1: fc677676 ($11.38 in chips)
Seat 2: d782fc3f ($12.1 in chips)
Seat 3: 5410fe6 ($11.31 in chips)
Seat 4: Hero ($12.38 in chips)
Seat 5: eae96838 ($3.68 in chips)
Seat 6: 568b665e ($14.91 in chips)
eae96838: posts small blind $0.05
568b665e: posts big blind $0.1
*** HOLE CARDS ***
Dealt to fc677676 
Dealt to d782fc3f 
Dealt to 5410fe6 
Dealt to Hero [6c Th]
Dealt to eae96838 
Dealt to 568b665e 
fc677676: folds
d782fc3f: folds
5410fe6: folds
Hero: folds
eae96838: raises $0.3 to $0.4
568b665e: calls $0.3
*** FLOP *** [7s 2c Tc]
eae96838: checks
568b665e: checks
*** TURN *** [7s 2c Tc] [Js]
eae96838: checks
568b665e: checks
*** RIVER *** [7s 2c Tc Js] [9d]
eae96838: checks
568b665e: bets $0.27
eae96838: folds
Uncalled bet ($0.27) returned to 568b665e
*** SHOWDOWN ***
568b665e collected $0.76 from pot
*** SUMMARY ***
Total pot $0.8 | Rake $0.04 | Jackpot $0 | Bingo $0 | Fortune $0 | Tax $0
Board [7s 2c Tc Js 9d]
Seat 1: fc677676 folded before Flop (didn't bet)
Seat 2: d782fc3f folded before Flop (didn't bet)
Seat 3: 5410fe6 folded before Flop (didn't bet)
Seat 4: Hero (button) folded before Flop (didn't bet)
Seat 5: eae96838 (small blind) folded on the River
Seat 6: 568b665e (big blind) won ($0.76)


Poker Hand #HD1779166889: Hold'em No Limit ($0.05/$0.1) - 2024/05/19 13:51:33
Table 'NLHRed14' 6-max Seat #3 is the button
Seat 1: fc677676 ($11.38 in chips)
Seat 2: d782fc3f ($12.1 in chips)
Seat 3: 5410fe6 ($11.31 in chips)
Seat 4: Hero ($12.43 in chips)
Seat 5: eae96838 ($3.78 in chips)
Seat 6: 568b665e ($14.76 in chips)
Hero: posts small blind $0.05
eae96838: posts big blind $0.1
*** HOLE CARDS ***
Dealt to fc677676 
Dealt to d782fc3f 
Dealt to 5410fe6 
Dealt to Hero [9s 8c]
Dealt to eae96838 
Dealt to 568b665e 
568b665e: raises $0.2 to $0.3
fc677676: folds
d782fc3f: folds
5410fe6: folds
Hero: folds
eae96838: folds
Uncalled bet ($0.2) returned to 568b665e
*** SHOWDOWN ***
568b665e collected $0.25 from pot
*** SUMMARY ***
Total pot $0.25 | Rake $0 | Jackpot $0 | Bingo $0 | Fortune $0 | Tax $0
Seat 1: fc677676 folded before Flop (didn't bet)
Seat 2: d782fc3f folded before Flop (didn't bet)
Seat 3: 5410fe6 (button) folded before Flop (didn't bet)
Seat 4: Hero (small blind) folded before Flop
Seat 5: eae96838 (big blind) folded before Flop
Seat 6: 568b665e collected ($0.25)


Poker Hand #HD1779166828: Hold'em No Limit ($0.05/$0.1) - 2024/05/19 13:50:56
Table 'NLHRed14' 6-max Seat #2 is the button
Seat 1: fc677676 ($11.38 in chips)
Seat 2: d782fc3f ($12.1 in chips)
Seat 3: 5410fe6 ($10.46 in chips)
Seat 4: Hero ($12.53 in chips)
Seat 5: eae96838 ($3.98 in chips)
Seat 6: 568b665e ($15.38 in chips)
5410fe6: posts small blind $0.05
Hero: posts big blind $0.1
*** HOLE CARDS ***
Dealt to fc677676 
Dealt to d782fc3f 
Dealt to 5410fe6 
Dealt to Hero [3s Jd]
Dealt to eae96838 
Dealt to 568b665e 
eae96838: raises $0.1 to $0.2
568b665e: calls $0.2
fc677676: folds
d782fc3f: folds
5410fe6: calls $0.15
Hero: folds
*** FLOP *** [2c 3c Td]
5410fe6: checks
eae96838: checks
568b665e: checks
*** TURN *** [2c 3c Td] [7s]
5410fe6: bets $0.42
eae96838: folds
568b665e: calls $0.42
*** RIVER *** [2c 3c Td 7s] [9c]
5410fe6: checks
568b665e: checks
5410fe6: shows [Ts 9s] (Pair of Tens and Pair of Nines)
568b665e: shows [7c 6d] (Pair of Sevens)
*** SHOWDOWN ***
5410fe6 collected $1.47 from pot
*** SUMMARY ***
Total pot $1.54 | Rake $0.07 | Jackpot $0 | Bingo $0 | Fortune $0 | Tax $0
Board [2c 3c Td 7s 9c]
Seat 1: fc677676 folded before Flop (didn't bet)
Seat 2: d782fc3f (button) folded before Flop (didn't bet)
Seat 3: 5410fe6 (small blind) showed [Ts 9s] and won ($1.47) with Pair of Tens and Pair of Nines
Seat 4: Hero (big blind) folded before Flop
Seat 5: eae96838 folded on the Turn
Seat 6: 568b665e showed [7c 6d] and lost with Pair of Sevens


Poker Hand #HD1779166722: Hold'em No Limit ($0.05/$0.1) - 2024/05/19 13:49:52
Table 'NLHRed14' 6-max Seat #1 is the button
Seat 1: fc677676 ($11.38 in chips)
Seat 2: d782fc3f ($12.15 in chips)
Seat 3: 5410fe6 ($10.66 in chips)
Seat 4: Hero ($10 in chips)
Seat 5: eae96838 ($4.18 in chips)
Seat 6: 568b665e ($17.82 in chips)
d782fc3f: posts small blind $0.05
5410fe6: posts big blind $0.1
*** HOLE CARDS ***
Dealt to fc677676 
Dealt to d782fc3f 
Dealt to 5410fe6 
Dealt to Hero [Kd Jc]
Dealt to eae96838 
Dealt to 568b665e 
Hero: raises $0.1 to $0.2
eae96838: calls $0.2
568b665e: calls $0.2
fc677676: folds
d782fc3f: folds
5410fe6: calls $0.1
*** FLOP *** [Tc 9h Jh]
5410fe6: checks
Hero: checks
eae96838: checks
568b665e: bets $0.64
5410fe6: folds
Hero: calls $0.64
eae96838: folds
*** TURN *** [Tc 9h Jh] [4c]
Hero: checks
568b665e: bets $1.6
Hero: calls $1.6
*** RIVER *** [Tc 9h Jh 4c] [Qc]
Hero: checks
568b665e: checks
Hero: shows [Kd Jc] (Kings-High Straight)
568b665e: shows [8c 7h] (Queens-High Straight)
*** SHOWDOWN ***
Hero collected $4.97 from pot
*** SUMMARY ***
Total pot $5.33 | Rake $0.26 | Jackpot $0.1 | Bingo $0 | Fortune $0 | Tax $0
Board [Tc 9h Jh 4c Qc]
Seat 1: fc677676 (button) folded before Flop (didn't bet)
Seat 2: d782fc3f (small blind) folded before Flop
Seat 3: 5410fe6 (big blind) folded on the Flop
Seat 4: Hero showed [Kd Jc] and won ($4.97) with Kings-High Straight
Seat 5: eae96838 folded on the Flop
Seat 6: 568b665e showed [8c 7h] and lost with Queens-High Straight


Poker Hand #HD1779166646: Hold'em No Limit ($0.05/$0.1) - 2024/05/19 13:49:08
Table 'NLHRed14' 6-max Seat #6 is the button
Seat 1: fc677676 ($11.43 in chips)
Seat 2: d782fc3f ($12.25 in chips)
Seat 3: 5410fe6 ($10.66 in chips)
Seat 4: Hero ($10.17 in chips)
Seat 5: eae96838 ($4.18 in chips)
Seat 6: 568b665e ($17.49 in chips)
fc677676: posts small blind $0.05
d782fc3f: posts big blind $0.1
*** HOLE CARDS ***
Dealt to fc677676 
Dealt to d782fc3f 
Dealt to 5410fe6 
Dealt to Hero [8h Th]
Dealt to eae96838 
Dealt to 568b665e 
5410fe6: folds
Hero: raises $0.1 to $0.2
eae96838: folds
568b665e: raises $0.55 to $0.75
fc677676: folds
d782fc3f: folds
Hero: folds
Uncalled bet ($0.55) returned to 568b665e
*** SHOWDOWN ***
568b665e collected $0.53 from pot
*** SUMMARY ***
Total pot $0.55 | Rake $0.02 | Jackpot $0 | Bingo $0 | Fortune $0 | Tax $0
Seat 1: fc677676 (small blind) folded before Flop
Seat 2: d782fc3f (big blind) folded before Flop
Seat 3: 5410fe6 folded before Flop (didn't bet)
Seat 4: Hero folded before Flop
Seat 5: eae96838 folded before Flop (didn't bet)
Seat 6: 568b665e (button) collected ($0.53)


Poker Hand #HD1779166602: Hold'em No Limit ($0.05/$0.1) - 2024/05/19 13:48:41
Table 'NLHRed14' 6-max Seat #5 is the button
Seat 1: fc677676 ($11.53 in chips)
Seat 2: d782fc3f ($11.97 in chips)
Seat 3: 5410fe6 ($10.66 in chips)
Seat 4: Hero ($10.17 in chips)
Seat 5: eae96838 ($4.18 in chips)
Seat 6: 568b665e ($17.69 in chips)
568b665e: posts small blind $0.05
fc677676: posts big blind $0.1
*** HOLE CARDS ***
Dealt to fc677676 
Dealt to d782fc3f 
Dealt to 5410fe6 
Dealt to Hero [Ac 4d]
Dealt to eae96838 
Dealt to 568b665e 
d782fc3f: raises $0.1 to $0.2
5410fe6: folds
Hero: folds
eae96838: folds
568b665e: calls $0.15
fc677676: folds
*** FLOP *** [2c Ts As]
568b665e: checks
d782fc3f: bets $0.17
568b665e: folds
Uncalled bet ($0.17) returned to d782fc3f
*** SHOWDOWN ***
d782fc3f collected $0.48 from pot
*** SUMMARY ***
Total pot $0.5 | Rake $0.02 | Jackpot $0 | Bingo $0 | Fortune $0 | Tax $0
Board [2c Ts As]
Seat 1: fc677676 (big blind) folded before Flop
Seat 2: d782fc3f won ($0.48)
Seat 3: 5410fe6 folded before Flop (didn't bet)
Seat 4: Hero folded before Flop (didn't bet)
Seat 5: eae96838 (button) folded before Flop (didn't bet)
Seat 6: 568b665e (small blind) folded on the Flop


Poker Hand #HD1779166563: Hold'em No Limit ($0.05/$0.1) - 2024/05/19 13:48:20
Table 'NLHRed14' 6-max Seat #4 is the button
Seat 1: fc677676 ($11.53 in chips)
Seat 2: d782fc3f ($11.97 in chips)
Seat 3: 5410fe6 ($10.51 in chips)
Seat 4: Hero ($10.17 in chips)
Seat 5: eae96838 ($4.23 in chips)
Seat 6: 568b665e ($17.79 in chips)
eae96838: posts small blind $0.05
568b665e: posts big blind $0.1
*** HOLE CARDS ***
Dealt to fc677676 
Dealt to d782fc3f 
Dealt to 5410fe6 
Dealt to Hero [Tc 4s]
Dealt to eae96838 
Dealt to 568b665e 
fc677676: folds
d782fc3f: folds
5410fe6: raises $0.15 to $0.25
Hero: folds
eae96838: folds
568b665e: folds
Uncalled bet ($0.15) returned to 5410fe6
*** SHOWDOWN ***
5410fe6 collected $0.25 from pot
*** SUMMARY ***
Total pot $0.25 | Rake $0 | Jackpot $0 | Bingo $0 | Fortune $0 | Tax $0
Seat 1: fc677676 folded before Flop (didn't bet)
Seat 2: d782fc3f folded before Flop (didn't bet)
Seat 3: 5410fe6 collected ($0.25)
Seat 4: Hero (button) folded before Flop (didn't bet)
Seat 5: eae96838 (small blind) folded before Flop
Seat 6: 568b665e (big blind) folded before Flop


Poker Hand #HD1779166526: Hold'em No Limit ($0.05/$0.1) - 2024/05/19 13:47:52
Table 'NLHRed14' 6-max Seat #3 is the button
Seat 1: fc677676 ($11.53 in chips)
Seat 2: d782fc3f ($11.97 in chips)
Seat 3: 5410fe6 ($10 in chips)
Seat 4: Hero ($10.22 in chips)
Seat 5: eae96838 ($4.33 in chips)
Seat 6: 568b665e ($18.19 in chips)
Hero: posts small blind $0.05
eae96838: posts big blind $0.1
*** HOLE CARDS ***
Dealt to fc677676 
Dealt to d782fc3f 
Dealt to 5410fe6 
Dealt to Hero [7h Qh]
Dealt to eae96838 
Dealt to 568b665e 
568b665e: calls $0.1
fc677676: folds
d782fc3f: folds
5410fe6: raises $0.3 to $0.4
Hero: folds
eae96838: folds
568b665e: calls $0.3
*** FLOP *** [Qs Kd Tc]
568b665e: checks
5410fe6: bets $0.57
568b665e: folds
Uncalled bet ($0.57) returned to 5410fe6
*** SHOWDOWN ***
5410fe6 collected $0.91 from pot
*** SUMMARY ***
Total pot $0.95 | Rake $0.04 | Jackpot $0 | Bingo $0 | Fortune $0 | Tax $0
Board [Qs Kd Tc]
Seat 1: fc677676 folded before Flop (didn't bet)
Seat 2: d782fc3f folded before Flop (didn't bet)
Seat 3: 5410fe6 (button) won ($0.91)
Seat 4: Hero (small blind) folded before Flop
Seat 5: eae96838 (big blind) folded before Flop
Seat 6: 568b665e folded on the Flop


Poker Hand #HD1779166474: Hold'em No Limit ($0.05/$0.1) - 2024/05/19 13:47:26
Table 'NLHRed14' 6-max Seat #2 is the button
Seat 1: fc677676 ($11.53 in chips)
Seat 2: d782fc3f ($11.97 in chips)
Seat 3: 5410fe6 ($10 in chips)
Seat 4: Hero ($10.17 in chips)
Seat 5: eae96838 ($4.33 in chips)
Seat 6: 568b665e ($18.19 in chips)
5410fe6: posts small blind $0.05
Hero: posts big blind $0.1
*** HOLE CARDS ***
Dealt to fc677676 
Dealt to d782fc3f 
Dealt to 5410fe6 
Dealt to Hero [6d 3d]
Dealt to eae96838 
Dealt to 568b665e 
eae96838: folds
568b665e: folds
fc677676: folds
d782fc3f: folds
5410fe6: folds
Uncalled bet ($0.05) returned to Hero
*** SHOWDOWN ***
Hero collected $0.1 from pot
*** SUMMARY ***
Total pot $0.1 | Rake $0 | Jackpot $0 | Bingo $0 | Fortune $0 | Tax $0
Seat 1: fc677676 folded before Flop (didn't bet)
Seat 2: d782fc3f (button) folded before Flop (didn't bet)
Seat 3: 5410fe6 (small blind) folded before Flop
Seat 4: Hero (big blind) collected ($0.1)
Seat 5: eae96838 folded before Flop (didn't bet)
Seat 6: 568b665e folded before Flop (didn't bet)


Poker Hand #HD1779166449: Hold'em No Limit ($0.05/$0.1) - 2024/05/19 13:47:09
Table 'NLHRed14' 6-max Seat #1 is the button
Seat 1: fc677676 ($11.53 in chips)
Seat 2: d782fc3f ($12.02 in chips)
Seat 3: 5410fe6 ($10 in chips)
Seat 4: Hero ($10.17 in chips)
Seat 5: eae96838 ($4.33 in chips)
Seat 6: 568b665e ($18.04 in chips)
d782fc3f: posts small blind $0.05
5410fe6: posts big blind $0.1
*** HOLE CARDS ***
Dealt to fc677676 
Dealt to d782fc3f 
Dealt to 5410fe6 
Dealt to Hero [3d 2s]
Dealt to eae96838 
Dealt to 568b665e 
Hero: folds
eae96838: folds
568b665e: raises $0.2 to $0.3
fc677676: folds
d782fc3f: folds
5410fe6: folds
Uncalled bet ($0.2) returned to 568b665e
*** SHOWDOWN ***
568b665e collected $0.25 from pot
*** SUMMARY ***
Total pot $0.25 | Rake $0 | Jackpot $0 | Bingo $0 | Fortune $0 | Tax $0
Seat 1: fc677676 (button) folded before Flop (didn't bet)
Seat 2: d782fc3f (small blind) folded before Flop
Seat 3: 5410fe6 (big blind) folded before Flop
Seat 4: Hero folded before Flop (didn't bet)
Seat 5: eae96838 folded before Flop (didn't bet)
Seat 6: 568b665e collected ($0.25)


Poker Hand #HD1779166434: Hold'em No Limit ($0.05/$0.1) - 2024/05/19 13:47:01
Table 'NLHRed14' 6-max Seat #6 is the button
Seat 1: fc677676 ($11.58 in chips)
Seat 2: d782fc3f ($11.97 in chips)
Seat 3: 5410fe6 ($10 in chips)
Seat 4: Hero ($10.17 in chips)
Seat 5: eae96838 ($4.33 in chips)
Seat 6: 568b665e ($18.04 in chips)
fc677676: posts small blind $0.05
d782fc3f: posts big blind $0.1
*** HOLE CARDS ***
Dealt to fc677676 
Dealt to d782fc3f 
Dealt to 5410fe6 
Dealt to Hero [4h Ts]
Dealt to eae96838 
Dealt to 568b665e 
5410fe6: folds
Hero: folds
eae96838: folds
568b665e: folds
fc677676: folds
Uncalled bet ($0.05) returned to d782fc3f
*** SHOWDOWN ***
d782fc3f collected $0.1 from pot
*** SUMMARY ***
Total pot $0.1 | Rake $0 | Jackpot $0 | Bingo $0 | Fortune $0 | Tax $0
Seat 1: fc677676 (small blind) folded before Flop
Seat 2: d782fc3f (big blind) collected ($0.1)
Seat 3: 5410fe6 folded before Flop (didn't bet)
Seat 4: Hero folded before Flop (didn't bet)
Seat 5: eae96838 folded before Flop (didn't bet)
Seat 6: 568b665e (button) folded before Flop (didn't bet)


Poker Hand #HD1779166369: Hold'em No Limit ($0.05/$0.1) - 2024/05/19 13:46:16
Table 'NLHRed14' 6-max Seat #5 is the button
Seat 1: fc677676 ($11.68 in chips)
Seat 2: d782fc3f ($11.97 in chips)
Seat 3: 5410fe6 ($10 in chips)
Seat 4: Hero ($10.17 in chips)
Seat 5: eae96838 ($4.28 in chips)
Seat 6: 568b665e ($17.99 in chips)
568b665e: posts small blind $0.05
fc677676: posts big blind $0.1
*** HOLE CARDS ***
Dealt to fc677676 
Dealt to d782fc3f 
Dealt to 5410fe6 
Dealt to Hero [5d 9s]
Dealt to eae96838 
Dealt to 568b665e 
d782fc3f: folds
5410fe6: folds
Hero: folds
eae96838: calls $0.1
568b665e: calls $0.05
fc677676: checks
*** FLOP *** [Jc Kc Qs]
568b665e: checks
fc677676: checks
eae96838: checks
*** TURN *** [Jc Kc Qs] [Qd]
568b665e: checks
fc677676: checks
eae96838: checks
*** RIVER *** [Jc Kc Qs Qd] [4s]
568b665e: checks
fc677676: checks
eae96838: checks
568b665e: shows [9c Js] (Pair of Queens and Pair of Jacks)
fc677676: shows [4c 9h] (Pair of Queens and Pair of Fours)
eae96838: shows [Jd 8s] (Pair of Queens and Pair of Jacks)
*** SHOWDOWN ***
568b665e collected $0.15 from pot
eae96838 collected $0.15 from pot
*** SUMMARY ***
Total pot $0.3 | Rake $0 | Jackpot $0 | Bingo $0 | Fortune $0 | Tax $0
Board [Jc Kc Qs Qd 4s]
Seat 1: fc677676 (big blind) showed [4c 9h] and lost with Pair of Queens and Pair of Fours
Seat 2: d782fc3f folded before Flop (didn't bet)
Seat 3: 5410fe6 folded before Flop (didn't bet)
Seat 4: Hero folded before Flop (didn't bet)
Seat 5: eae96838 (button) showed [Jd 8s] and won ($0.15) with Pair of Queens and Pair of Jacks
Seat 6: 568b665e (small blind) showed [9c Js] and won ($0.15) with Pair of Queens and Pair of Jacks


Poker Hand #HD1779166312: Hold'em No Limit ($0.05/$0.1) - 2024/05/19 13:45:42
Table 'NLHRed14' 6-max Seat #4 is the button
Seat 1: fc677676 ($11.68 in chips)
Seat 2: d782fc3f ($11.97 in chips)
Seat 3: 5410fe6 ($10.15 in chips)
Seat 4: Hero ($10.17 in chips)
Seat 5: eae96838 ($4.33 in chips)
Seat 6: 568b665e ($17.34 in chips)
eae96838: posts small blind $0.05
568b665e: posts big blind $0.1
*** HOLE CARDS ***
Dealt to fc677676 
Dealt to d782fc3f 
Dealt to 5410fe6 
Dealt to Hero [6s 5c]
Dealt to eae96838 
Dealt to 568b665e 
fc677676: folds
d782fc3f: folds
5410fe6: raises $0.15 to $0.25
Hero: folds
eae96838: folds
568b665e: raises $0.42 to $0.67
5410fe6: calls $0.42
*** FLOP *** [Ad 3d Jd]
568b665e: bets $1.05
5410fe6: folds
Uncalled bet ($1.05) returned to 568b665e
*** SHOWDOWN ***
568b665e collected $1.32 from pot
*** SUMMARY ***
Total pot $1.39 | Rake $0.07 | Jackpot $0 | Bingo $0 | Fortune $0 | Tax $0
Board [Ad 3d Jd]
Seat 1: fc677676 folded before Flop (didn't bet)
Seat 2: d782fc3f folded before Flop (didn't bet)
Seat 3: 5410fe6 folded on the Flop
Seat 4: Hero (button) folded before Flop (didn't bet)
Seat 5: eae96838 (small blind) folded before Flop
Seat 6: 568b665e (big blind) won ($1.32)


Poker Hand #HD1779166283: Hold'em No Limit ($0.05/$0.1) - 2024/05/19 13:45:24
Table 'NLHRed14' 6-max Seat #3 is the button
Seat 1: fc677676 ($11.68 in chips)
Seat 2: d782fc3f ($11.97 in chips)
Seat 3: 5410fe6 ($10 in chips)
Seat 4: Hero ($10.22 in chips)
Seat 5: eae96838 ($4.43 in chips)
Seat 6: 568b665e ($17.34 in chips)
Hero: posts small blind $0.05
eae96838: posts big blind $0.1
*** HOLE CARDS ***
Dealt to fc677676 
Dealt to d782fc3f 
Dealt to 5410fe6 
Dealt to Hero [Ks 7c]
Dealt to eae96838 
Dealt to 568b665e 
568b665e: folds
fc677676: folds
d782fc3f: folds
5410fe6: raises $0.15 to $0.25
Hero: folds
eae96838: folds
Uncalled bet ($0.15) returned to 5410fe6
*** SHOWDOWN ***
5410fe6 collected $0.25 from pot
*** SUMMARY ***
Total pot $0.25 | Rake $0 | Jackpot $0 | Bingo $0 | Fortune $0 | Tax $0
Seat 1: fc677676 folded before Flop (didn't bet)
Seat 2: d782fc3f folded before Flop (didn't bet)
Seat 3: 5410fe6 (button) collected ($0.25)
Seat 4: Hero (small blind) folded before Flop
Seat 5: eae96838 (big blind) folded before Flop
Seat 6: 568b665e folded before Flop (didn't bet)


Poker Hand #HD1779166229: Hold'em No Limit ($0.05/$0.1) - 2024/05/19 13:44:52
Table 'NLHRed14' 6-max Seat #2 is the button
Seat 1: fc677676 ($11.68 in chips)
Seat 2: d782fc3f ($11.97 in chips)
Seat 3: 5410fe6 ($10 in chips)
Seat 4: Hero ($10.32 in chips)
Seat 5: eae96838 ($4.53 in chips)
Seat 6: 568b665e ($17.1 in chips)
5410fe6: posts small blind $0.05
Hero: posts big blind $0.1
*** HOLE CARDS ***
Dealt to fc677676 
Dealt to d782fc3f 
Dealt to 5410fe6 
Dealt to Hero [8s 3c]
Dealt to eae96838 
Dealt to 568b665e 
eae96838: calls $0.1
568b665e: calls $0.1
fc677676: folds
d782fc3f: folds
5410fe6: folds
Hero: checks
*** FLOP *** [Ad 9c Kc]
Hero: checks
eae96838: checks
568b665e: bets $0.12
Hero: folds
eae96838: folds
Uncalled bet ($0.12) returned to 568b665e
*** SHOWDOWN ***
568b665e collected $0.34 from pot
*** SUMMARY ***
Total pot $0.35 | Rake $0.01 | Jackpot $0 | Bingo $0 | Fortune $0 | Tax $0
Board [Ad 9c Kc]
Seat 1: fc677676 folded before Flop (didn't bet)
Seat 2: d782fc3f (button) folded before Flop (didn't bet)
Seat 3: 5410fe6 (small blind) folded before Flop
Seat 4: Hero (big blind) folded on the Flop
Seat 5: eae96838 folded on the Flop
Seat 6: 568b665e won ($0.34)


Poker Hand #HD1779166164: Hold'em No Limit ($0.05/$0.1) - 2024/05/19 13:44:10
Table 'NLHRed14' 6-max Seat #1 is the button
Seat 1: fc677676 ($10.42 in chips)
Seat 2: d782fc3f ($12.02 in chips)
Seat 3: 5410fe6 ($10 in chips)
Seat 4: Hero ($10.32 in chips)
Seat 5: eae96838 ($4.53 in chips)
Seat 6: 568b665e ($18.34 in chips)
d782fc3f: posts small blind $0.05
5410fe6: posts big blind $0.1
*** HOLE CARDS ***
Dealt to fc677676 
Dealt to d782fc3f 
Dealt to 5410fe6 
Dealt to Hero [9s 3s]
Dealt to eae96838 
Dealt to 568b665e 
Hero: folds
eae96838: folds
568b665e: calls $0.1
fc677676: raises $0.35 to $0.45
d782fc3f: folds
5410fe6: folds
568b665e: calls $0.35
*** FLOP *** [5h 3d 9d]
568b665e: checks
fc677676: bets $0.79
568b665e: calls $0.79
*** TURN *** [5h 3d 9d] [Tc]
568b665e: checks
fc677676: bets $9.18 and is all-in
568b665e: folds
Uncalled bet ($9.18) returned to fc677676
*** SHOWDOWN ***
fc677676 collected $2.5 from pot
*** SUMMARY ***
Total pot $2.63 | Rake $0.13 | Jackpot $0 | Bingo $0 | Fortune $0 | Tax $0
Board [5h 3d 9d Tc]
Seat 1: fc677676 (button) won ($2.5)
Seat 2: d782fc3f (small blind) folded before Flop
Seat 3: 5410fe6 (big blind) folded before Flop
Seat 4: Hero folded before Flop (didn't bet)
Seat 5: eae96838 folded before Flop (didn't bet)
Seat 6: 568b665e folded on the Turn


Poker Hand #HD1779166115: Hold'em No Limit ($0.05/$0.1) - 2024/05/19 13:43:39
Table 'NLHRed14' 6-max Seat #6 is the button
Seat 1: fc677676 ($10.05 in chips)
Seat 2: d782fc3f ($12.12 in chips)
Seat 3: 5410fe6 ($10 in chips)
Seat 4: Hero ($10.32 in chips)
Seat 5: eae96838 ($4.53 in chips)
Seat 6: 568b665e ($18.64 in chips)
fc677676: posts small blind $0.05
d782fc3f: posts big blind $0.1
*** HOLE CARDS ***
Dealt to fc677676 
Dealt to d782fc3f 
Dealt to 5410fe6 
Dealt to Hero [Td 6c]
Dealt to eae96838 
Dealt to 568b665e 
5410fe6: folds
Hero: folds
eae96838: folds
568b665e: raises $0.2 to $0.3
fc677676: raises $1 to $1.3
d782fc3f: folds
568b665e: folds
Uncalled bet ($1) returned to fc677676
*** SHOWDOWN ***
fc677676 collected $0.67 from pot
*** SUMMARY ***
Total pot $0.7 | Rake $0.03 | Jackpot $0 | Bingo $0 | Fortune $0 | Tax $0
Seat 1: fc677676 (small blind) collected ($0.67)
Seat 2: d782fc3f (big blind) folded before Flop
Seat 3: 5410fe6 folded before Flop (didn't bet)
Seat 4: Hero folded before Flop (didn't bet)
Seat 5: eae96838 folded before Flop (didn't bet)
Seat 6: 568b665e (button) folded before Flop


Poker Hand #HD1779166027: Hold'em No Limit ($0.05/$0.1) - 2024/05/19 13:42:37
Table 'NLHRed14' 6-max Seat #5 is the button
Seat 1: fc677676 ($10.15 in chips)
Seat 2: d782fc3f ($12.12 in chips)
Seat 3: 5410fe6 ($10 in chips)
Seat 4: Hero ($10 in chips)
Seat 5: eae96838 ($4.53 in chips)
Seat 6: 568b665e ($18.88 in chips)
568b665e: posts small blind $0.05
fc677676: posts big blind $0.1
*** HOLE CARDS ***
Dealt to fc677676 
Dealt to d782fc3f 
Dealt to 5410fe6 
Dealt to Hero [9d Td]
Dealt to eae96838 
Dealt to 568b665e 
d782fc3f: folds
5410fe6: folds
Hero: raises $0.14 to $0.24
eae96838: folds
568b665e: calls $0.19
fc677676: folds
*** FLOP *** [Jc 9c As]
568b665e: checks
Hero: checks
*** TURN *** [Jc 9c As] [Th]
568b665e: checks
Hero: bets $0.3
568b665e: folds
Uncalled bet ($0.3) returned to Hero
*** SHOWDOWN ***
Hero collected $0.56 from pot
*** SUMMARY ***
Total pot $0.58 | Rake $0.02 | Jackpot $0 | Bingo $0 | Fortune $0 | Tax $0
Board [Jc 9c As Th]
Seat 1: fc677676 (big blind) folded before Flop
Seat 2: d782fc3f folded before Flop (didn't bet)
Seat 3: 5410fe6 folded before Flop (didn't bet)
Seat 4: Hero won ($0.56)
Seat 5: eae96838 (button) folded before Flop (didn't bet)
Seat 6: 568b665e (small blind) folded on the Turn


Poker Hand #HD1779165991: Hold'em No Limit ($0.05/$0.1) - 2024/05/19 13:42:16
Table 'NLHRed14' 6-max Seat #4 is the button
Seat 1: fc677676 ($10.15 in chips)
Seat 2: d782fc3f ($11.97 in chips)
Seat 3: 5410fe6 ($10 in chips)
Seat 4: Hero ($10 in chips)
Seat 5: eae96838 ($4.58 in chips)
Seat 6: 568b665e ($18.98 in chips)
eae96838: posts small blind $0.05
568b665e: posts big blind $0.1
*** HOLE CARDS ***
Dealt to fc677676 
Dealt to d782fc3f 
Dealt to 5410fe6 
Dealt to Hero [8d Th]
Dealt to eae96838 
Dealt to 568b665e 
fc677676: folds
d782fc3f: raises $0.1 to $0.2
5410fe6: folds
Hero: folds
eae96838: folds
568b665e: folds
Uncalled bet ($0.1) returned to d782fc3f
*** SHOWDOWN ***
d782fc3f collected $0.25 from pot
*** SUMMARY ***
Total pot $0.25 | Rake $0 | Jackpot $0 | Bingo $0 | Fortune $0 | Tax $0
Seat 1: fc677676 folded before Flop (didn't bet)
Seat 2: d782fc3f collected ($0.25)
Seat 3: 5410fe6 folded before Flop (didn't bet)
Seat 4: Hero (button) folded before Flop (didn't bet)
Seat 5: eae96838 (small blind) folded before Flop
Seat 6: 568b665e (big blind) folded before Flop


Poker Hand #HD1779165969: Hold'em No Limit ($0.05/$0.1) - 2024/05/19 13:42:02
Table 'NLHRed14' 6-max Seat #3 is the button
Seat 1: fc677676 ($10 in chips)
Seat 2: d782fc3f ($11.97 in chips)
Seat 3: 5410fe6 ($10 in chips)
Seat 4: Hero ($10 in chips)
Seat 5: eae96838 ($4.68 in chips)
Seat 6: 568b665e ($18.98 in chips)
Hero: posts small blind $0.05
eae96838: posts big blind $0.1
*** HOLE CARDS ***
Dealt to fc677676 
Dealt to d782fc3f 
Dealt to 5410fe6 
Dealt to Hero [4s Qh]
Dealt to eae96838 
Dealt to 568b665e 
568b665e: folds
fc677676: raises $0.1 to $0.2
d782fc3f: folds
5410fe6: folds
Hero: folds
eae96838: folds
Uncalled bet ($0.1) returned to fc677676
*** SHOWDOWN ***
fc677676 collected $0.25 from pot
*** SUMMARY ***
Total pot $0.25 | Rake $0 | Jackpot $0 | Bingo $0 | Fortune $0 | Tax $0
Seat 1: fc677676 collected ($0.25)
Seat 2: d782fc3f folded before Flop (didn't bet)
Seat 3: 5410fe6 (button) folded before Flop (didn't bet)
Seat 4: Hero (small blind) folded before Flop
Seat 5: eae96838 (big blind) folded before Flop
Seat 6: 568b665e folded before Flop (didn't bet)


Poker Hand #HD1779165864: Hold'em No Limit ($0.05/$0.1) - 2024/05/19 13:40:48
Table 'NLHRed14' 6-max Seat #2 is the button
Seat 1: fc677676 ($10.83 in chips)
Seat 2: d782fc3f ($11.97 in chips)
Seat 3: 5410fe6 ($10 in chips)
Seat 4: Hero ($10 in chips)
Seat 5: eae96838 ($2.99 in chips)
Seat 6: 568b665e ($18.98 in chips)
5410fe6: posts small blind $0.05
Hero: posts big blind $0.1
*** HOLE CARDS ***
Dealt to fc677676 
Dealt to d782fc3f 
Dealt to 5410fe6 
Dealt to Hero [4s Tc]
Dealt to eae96838 
Dealt to 568b665e 
eae96838: raises $0.2 to $0.3
568b665e: folds
fc677676: raises $0.57 to $0.87
d782fc3f: folds
5410fe6: folds
Hero: folds
eae96838: calls $0.57
*** FLOP *** [Kd 3s 3c]
eae96838: checks
fc677676: bets $0.95
eae96838: calls $0.95
*** TURN *** [Kd 3s 3c] [2d]
eae96838: checks
fc677676: checks
*** RIVER *** [Kd 3s 3c 2d] [5s]
eae96838: checks
fc677676: checks
eae96838: shows [Ts Th] (Pair of Tens and Pair of Treys)
fc677676: shows [Ac Jc] (Pair of Treys)
*** SHOWDOWN ***
eae96838 collected $3.51 from pot
*** SUMMARY ***
Total pot $3.79 | Rake $0.18 | Jackpot $0.1 | Bingo $0 | Fortune $0 | Tax $0
Board [Kd 3s 3c 2d 5s]
Seat 1: fc677676 showed [Ac Jc] and lost with Pair of Treys
Seat 2: d782fc3f (button) folded before Flop (didn't bet)
Seat 3: 5410fe6 (small blind) folded before Flop
Seat 4: Hero (big blind) folded before Flop
Seat 5: eae96838 showed [Ts Th] and won ($3.51) with Pair of Tens and Pair of Treys
Seat 6: 568b665e folded before Flop (didn't bet)


Poker Hand #HD1779165808: Hold'em No Limit ($0.05/$0.1) - 2024/05/19 13:40:18
Table 'NLHRed14' 6-max Seat #1 is the button
Seat 1: fc677676 ($10.83 in chips)
Seat 2: d782fc3f ($11.78 in chips)
Seat 3: 5410fe6 ($10 in chips)
Seat 4: Hero ($10 in chips)
Seat 5: eae96838 ($2.99 in chips)
Seat 6: 568b665e ($19.08 in chips)
d782fc3f: posts small blind $0.05
5410fe6: posts big blind $0.1
*** HOLE CARDS ***
Dealt to fc677676 
Dealt to d782fc3f 
Dealt to 5410fe6 
Dealt to Hero [8s 4d]
Dealt to eae96838 
Dealt to 568b665e 
Hero: folds
eae96838: folds
568b665e: calls $0.1
fc677676: folds
d782fc3f: calls $0.05
5410fe6: checks
*** FLOP *** [3d Qs 3c]
d782fc3f: checks
5410fe6: checks
568b665e: checks
*** TURN *** [3d Qs 3c] [Qd]
d782fc3f: bets $0.23
5410fe6: folds
568b665e: folds
Uncalled bet ($0.23) returned to d782fc3f
*** SHOWDOWN ***
d782fc3f collected $0.29 from pot
*** SUMMARY ***
Total pot $0.3 | Rake $0.01 | Jackpot $0 | Bingo $0 | Fortune $0 | Tax $0
Board [3d Qs 3c Qd]
Seat 1: fc677676 (button) folded before Flop (didn't bet)
Seat 2: d782fc3f (small blind) won ($0.29)
Seat 3: 5410fe6 (big blind) folded on the Turn
Seat 4: Hero folded before Flop (didn't bet)
Seat 5: eae96838 folded before Flop (didn't bet)
Seat 6: 568b665e folded on the Turn


Poker Hand #HD1779165769: Hold'em No Limit ($0.05/$0.1) - 2024/05/19 13:39:55
Table 'NLHRed14' 6-max Seat #6 is the button
Seat 1: fc677676 ($10.88 in chips)
Seat 2: d782fc3f ($11.88 in chips)
Seat 3: 5410fe6 ($10 in chips)
Seat 4: Hero ($10 in chips)
Seat 5: eae96838 ($2.66 in chips)
Seat 6: 568b665e ($19.08 in chips)
fc677676: posts small blind $0.05
d782fc3f: posts big blind $0.1
*** HOLE CARDS ***
Dealt to fc677676 
Dealt to d782fc3f 
Dealt to 5410fe6 
Dealt to Hero [Kd Qh]
Dealt to eae96838 
Dealt to 568b665e 
5410fe6: folds
Hero: raises $0.1 to $0.2
eae96838: raises $0.28 to $0.48
568b665e: folds
fc677676: folds
d782fc3f: folds
Hero: folds
Uncalled bet ($0.28) returned to eae96838
*** SHOWDOWN ***
eae96838 collected $0.53 from pot
*** SUMMARY ***
Total pot $0.55 | Rake $0.02 | Jackpot $0 | Bingo $0 | Fortune $0 | Tax $0
Seat 1: fc677676 (small blind) folded before Flop
Seat 2: d782fc3f (big blind) folded before Flop
Seat 3: 5410fe6 folded before Flop (didn't bet)
Seat 4: Hero folded before Flop
Seat 5: eae96838 collected ($0.53)
Seat 6: 568b665e (button) folded before Flop (didn't bet)


Poker Hand #HD1779165724: Hold'em No Limit ($0.05/$0.1) - 2024/05/19 13:39:24
Table 'NLHRed14' 6-max Seat #5 is the button
Seat 1: fc677676 ($10.98 in chips)
Seat 2: d782fc3f ($11.73 in chips)
Seat 3: 5410fe6 ($10 in chips)
Seat 4: Hero ($10 in chips)
Seat 5: eae96838 ($2.66 in chips)
Seat 6: 568b665e ($19.13 in chips)
568b665e: posts small blind $0.05
fc677676: posts big blind $0.1
*** HOLE CARDS ***
Dealt to fc677676 
Dealt to d782fc3f 
Dealt to 5410fe6 
Dealt to Hero [7c 4d]
Dealt to eae96838 
Dealt to 568b665e 
d782fc3f: raises $0.1 to $0.2
5410fe6: folds
Hero: folds
eae96838: folds
568b665e: folds
fc677676: folds
Uncalled bet ($0.1) returned to d782fc3f
*** SHOWDOWN ***
d782fc3f collected $0.25 from pot
*** SUMMARY ***
Total pot $0.25 | Rake $0 | Jackpot $0 | Bingo $0 | Fortune $0 | Tax $0
Seat 1: fc677676 (big blind) folded before Flop
Seat 2: d782fc3f collected ($0.25)
Seat 3: 5410fe6 folded before Flop (didn't bet)
Seat 4: Hero folded before Flop (didn't bet)
Seat 5: eae96838 (button) folded before Flop (didn't bet)
Seat 6: 568b665e (small blind) folded before Flop


Poker Hand #HD1779165673: Hold'em No Limit ($0.05/$0.1) - 2024/05/19 13:38:57
Table 'NLHRed14' 6-max Seat #4 is the button
Seat 1: fc677676 ($10.98 in chips)
Seat 2: d782fc3f ($11.73 in chips)
Seat 3: 5410fe6 ($10 in chips)
Seat 4: Hero ($10 in chips)
Seat 5: eae96838 ($2.57 in chips)
Seat 6: 568b665e ($19.23 in chips)
eae96838: posts small blind $0.05
568b665e: posts big blind $0.1
*** HOLE CARDS ***
Dealt to fc677676 
Dealt to d782fc3f 
Dealt to 5410fe6 
Dealt to Hero [6h Kd]
Dealt to eae96838 
Dealt to 568b665e 
fc677676: folds
d782fc3f: folds
5410fe6: folds
Hero: folds
eae96838: calls $0.05
568b665e: checks
*** FLOP *** [Td 4c 8c]
eae96838: bets $0.1
568b665e: folds
Uncalled bet ($0.1) returned to eae96838
*** SHOWDOWN ***
eae96838 collected $0.19 from pot
*** SUMMARY ***
Total pot $0.2 | Rake $0.01 | Jackpot $0 | Bingo $0 | Fortune $0 | Tax $0
Board [Td 4c 8c]
Seat 1: fc677676 folded before Flop (didn't bet)
Seat 2: d782fc3f folded before Flop (didn't bet)
Seat 3: 5410fe6 folded before Flop (didn't bet)
Seat 4: Hero (button) folded before Flop (didn't bet)
Seat 5: eae96838 (small blind) won ($0.19)
Seat 6: 568b665e (big blind) folded on the Flop


Poker Hand #HD1779165642: Hold'em No Limit ($0.05/$0.1) - 2024/05/19 13:38:40
Table 'NLHRed14' 6-max Seat #3 is the button
Seat 1: fc677676 ($10.98 in chips)
Seat 2: d782fc3f ($11.73 in chips)
Seat 3: 5410fe6 ($10 in chips)
Seat 4: Hero ($10 in chips)
Seat 5: eae96838 ($2.52 in chips)
Seat 6: 568b665e ($19.23 in chips)
Hero: posts small blind $0.05
eae96838: posts big blind $0.1
*** HOLE CARDS ***
Dealt to fc677676 
Dealt to d782fc3f 
Dealt to 5410fe6 
Dealt to Hero [4s 6c]
Dealt to eae96838 
Dealt to 568b665e 
568b665e: folds
fc677676: folds
d782fc3f: folds
5410fe6: folds
Hero: folds
Uncalled bet ($0.05) returned to eae96838
*** SHOWDOWN ***
eae96838 collected $0.1 from pot
*** SUMMARY ***
Total pot $0.1 | Rake $0 | Jackpot $0 | Bingo $0 | Fortune $0 | Tax $0
Seat 1: fc677676 folded before Flop (didn't bet)
Seat 2: d782fc3f folded before Flop (didn't bet)
Seat 3: 5410fe6 (button) folded before Flop (didn't bet)
Seat 4: Hero (small blind) folded before Flop
Seat 5: eae96838 (big blind) collected ($0.1)
Seat 6: 568b665e folded before Flop (didn't bet)


Poker Hand #HD1779085591: Hold'em No Limit ($0.05/$0.1) - 2024/05/19 13:38:07
Table 'NLHRed14' 6-max Seat #2 is the button
Seat 1: fc677676 ($10.98 in chips)
Seat 2: d782fc3f ($11.22 in chips)
Seat 3: 5410fe6 ($10 in chips)
Seat 4: Hero ($10 in chips)
Seat 5: eae96838 ($2.52 in chips)
Seat 6: 568b665e ($19.63 in chips)
5410fe6: posts small blind $0.05
Hero: posts big blind $0.1
*** HOLE CARDS ***
Dealt to fc677676 
Dealt to d782fc3f 
Dealt to 5410fe6 
Dealt to Hero [Jd Tc]
Dealt to eae96838 
Dealt to 568b665e 
eae96838: folds
568b665e: calls $0.1
fc677676: folds
d782fc3f: raises $0.3 to $0.4
5410fe6: folds
Hero: folds
568b665e: calls $0.3
*** FLOP *** [8s Js Kc]
568b665e: checks
d782fc3f: bets $0.32
568b665e: folds
Uncalled bet ($0.32) returned to d782fc3f
*** SHOWDOWN ***
d782fc3f collected $0.91 from pot
*** SUMMARY ***
Total pot $0.95 | Rake $0.04 | Jackpot $0 | Bingo $0 | Fortune $0 | Tax $0
Board [8s Js Kc]
Seat 1: fc677676 folded before Flop (didn't bet)
Seat 2: d782fc3f (button) won ($0.91)
Seat 3: 5410fe6 (small blind) folded before Flop
Seat 4: Hero (big blind) folded before Flop
Seat 5: eae96838 folded before Flop (didn't bet)
Seat 6: 568b665e folded on the Flop


Poker Hand #HD1779085498: Hold'em No Limit ($0.05/$0.1) - 2024/05/19 13:37:10
Table 'NLHRed14' 6-max Seat #1 is the button
Seat 1: fc677676 ($11.38 in chips)
Seat 2: d782fc3f ($10.67 in chips)
Seat 3: 5410fe6 ($10 in chips)
Seat 4: Hero ($10 in chips)
Seat 5: eae96838 ($2.52 in chips)
Seat 6: 568b665e ($19.73 in chips)
d782fc3f: posts small blind $0.05
5410fe6: posts big blind $0.1
*** HOLE CARDS ***
Dealt to fc677676 
Dealt to d782fc3f 
Dealt to 5410fe6 
Dealt to Hero [8d Ks]
Dealt to eae96838 
Dealt to 568b665e 
Hero: folds
eae96838: folds
568b665e: calls $0.1
fc677676: calls $0.1
d782fc3f: raises $0.3 to $0.4
5410fe6: folds
568b665e: folds
fc677676: calls $0.3
*** FLOP *** [5c Ah 2d]
d782fc3f: checks
fc677676: checks
*** TURN *** [5c Ah 2d] [Js]
d782fc3f: checks
fc677676: checks
*** RIVER *** [5c Ah 2d Js] [Kh]
d782fc3f: checks
fc677676: checks
d782fc3f: shows [7h 7c] (Pair of Sevens)
fc677676: shows [9c Qc] (Ace-High)
*** SHOWDOWN ***
d782fc3f collected $0.95 from pot
*** SUMMARY ***
Total pot $1 | Rake $0.05 | Jackpot $0 | Bingo $0 | Fortune $0 | Tax $0
Board [5c Ah 2d Js Kh]
Seat 1: fc677676 (button) showed [9c Qc] and lost with Ace-High
Seat 2: d782fc3f (small blind) showed [7h 7c] and won ($0.95) with Pair of Sevens
Seat 3: 5410fe6 (big blind) folded before Flop
Seat 4: Hero folded before Flop (didn't bet)
Seat 5: eae96838 folded before Flop (didn't bet)
Seat 6: 568b665e folded before Flop


Poker Hand #HD1779085442: Hold'em No Limit ($0.05/$0.1) - 2024/05/19 13:36:27
Table 'NLHRed14' 6-max Seat #6 is the button
Seat 1: fc677676 ($11.43 in chips)
Seat 2: d782fc3f ($10 in chips)
Seat 3: 5410fe6 ($10.01 in chips)
Seat 4: Hero ($10 in chips)
Seat 5: eae96838 ($2.52 in chips)
Seat 6: 568b665e ($19.73 in chips)
fc677676: posts small blind $0.05
d782fc3f: posts big blind $0.1
*** HOLE CARDS ***
Dealt to fc677676 
Dealt to d782fc3f 
Dealt to 5410fe6 
Dealt to Hero [Th 3c]
Dealt to eae96838 
Dealt to 568b665e 
5410fe6: raises $0.2 to $0.3
Hero: folds
eae96838: folds
568b665e: folds
fc677676: folds
d782fc3f: calls $0.2
*** FLOP *** [Ah Qs 4h]
d782fc3f: checks
5410fe6: bets $0.39
d782fc3f: calls $0.39
*** TURN *** [Ah Qs 4h] [4d]
d782fc3f: checks
5410fe6: checks
*** RIVER *** [Ah Qs 4h 4d] [Ad]
d782fc3f: checks
5410fe6: checks
d782fc3f: shows [Qd Ks] (Pair of Aces and Pair of Queens)
5410fe6: shows [Jh Jc] (Pair of Aces and Pair of Jacks)
*** SHOWDOWN ***
d782fc3f collected $1.36 from pot
*** SUMMARY ***
Total pot $1.43 | Rake $0.07 | Jackpot $0 | Bingo $0 | Fortune $0 | Tax $0
Board [Ah Qs 4h 4d Ad]
Seat 1: fc677676 (small blind) folded before Flop
Seat 2: d782fc3f (big blind) showed [Qd Ks] and won ($1.36) with Pair of Aces and Pair of Queens
Seat 3: 5410fe6 showed [Jh Jc] and lost with Pair of Aces and Pair of Jacks
Seat 4: Hero folded before Flop (didn't bet)
Seat 5: eae96838 folded before Flop (didn't bet)
Seat 6: 568b665e (button) folded before Flop (didn't bet)


Poker Hand #HD1779085371: Hold'em No Limit ($0.05/$0.1) - 2024/05/19 13:35:41
Table 'NLHRed14' 6-max Seat #5 is the button
Seat 1: fc677676 ($11.83 in chips)
Seat 2: d782fc3f ($10 in chips)
Seat 3: 5410fe6 ($10.01 in chips)
Seat 4: Hero ($10 in chips)
Seat 5: eae96838 ($1.78 in chips)
Seat 6: 568b665e ($20.13 in chips)
568b665e: posts small blind $0.05
fc677676: posts big blind $0.1
*** HOLE CARDS ***
Dealt to fc677676 
Dealt to d782fc3f 
Dealt to 5410fe6 
Dealt to Hero [6d 9s]
Dealt to eae96838 
Dealt to 568b665e 
d782fc3f: folds
5410fe6: folds
Hero: folds
eae96838: calls $0.1
568b665e: calls $0.05
fc677676: raises $0.3 to $0.4
eae96838: calls $0.3
568b665e: calls $0.3
*** FLOP *** [Kc Js Qc]
568b665e: checks
fc677676: checks
eae96838: bets $1.38 and is all-in
568b665e: folds
fc677676: folds
Uncalled bet ($1.38) returned to eae96838
*** SHOWDOWN ***
eae96838 collected $1.14 from pot
*** SUMMARY ***
Total pot $1.2 | Rake $0.06 | Jackpot $0 | Bingo $0 | Fortune $0 | Tax $0
Board [Kc Js Qc]
Seat 1: fc677676 (big blind) folded on the Flop
Seat 2: d782fc3f folded before Flop (didn't bet)
Seat 3: 5410fe6 folded before Flop (didn't bet)
Seat 4: Hero folded before Flop (didn't bet)
Seat 5: eae96838 (button) won ($1.14)
Seat 6: 568b665e (small blind) folded on the Flop


Poker Hand #HD1779085251: Hold'em No Limit ($0.05/$0.1) - 2024/05/19 13:34:36
Table 'NLHRed14' 6-max Seat #4 is the button
Seat 1: fc677676 ($11.83 in chips)
Seat 2: d782fc3f ($10 in chips)
Seat 3: 5410fe6 ($10.54 in chips)
Seat 4: Hero ($10.48 in chips)
Seat 5: eae96838 ($1.98 in chips)
Seat 6: 568b665e ($17.49 in chips)
eae96838: posts small blind $0.05
568b665e: posts big blind $0.1
*** HOLE CARDS ***
Dealt to fc677676 
Dealt to d782fc3f 
Dealt to 5410fe6 
Dealt to Hero [8c 7c]
Dealt to eae96838 
Dealt to 568b665e 
fc677676: folds
d782fc3f: raises $0.1 to $0.2
5410fe6: calls $0.2
Hero: calls $0.2
eae96838: calls $0.15
568b665e: calls $0.1
*** FLOP *** [6c Jh Th]
eae96838: checks
568b665e: bets $0.33
d782fc3f: calls $0.33
5410fe6: calls $0.33
Hero: raises $1.17 to $1.5
eae96838: folds
568b665e: raises $4.66 to $6.16
d782fc3f: folds
5410fe6: folds
Hero: folds
Uncalled bet ($4.66) returned to 568b665e
*** SHOWDOWN ***
568b665e collected $4.34 from pot
*** SUMMARY ***
Total pot $4.66 | Rake $0.22 | Jackpot $0.1 | Bingo $0 | Fortune $0 | Tax $0
Board [6c Jh Th]
Seat 1: fc677676 folded before Flop (didn't bet)
Seat 2: d782fc3f folded on the Flop
Seat 3: 5410fe6 folded on the Flop
Seat 4: Hero (button) folded on the Flop
Seat 5: eae96838 (small blind) folded on the Flop
Seat 6: 568b665e (big blind) won ($4.34)


Poker Hand #HD1779085209: Hold'em No Limit ($0.05/$0.1) - 2024/05/19 13:34:09
Table 'NLHRed14' 6-max Seat #3 is the button
Seat 1: fc677676 ($11.83 in chips)
Seat 2: d782fc3f ($10 in chips)
Seat 3: 5410fe6 ($10.94 in chips)
Seat 4: Hero ($10.53 in chips)
Seat 5: eae96838 ($1.47 in chips)
Seat 6: 568b665e ($17.59 in chips)
Hero: posts small blind $0.05
eae96838: posts big blind $0.1
*** HOLE CARDS ***
Dealt to fc677676 
Dealt to d782fc3f 
Dealt to 5410fe6 
Dealt to Hero [Qc 2h]
Dealt to eae96838 
Dealt to 568b665e 
568b665e: calls $0.1
fc677676: folds
d782fc3f: folds
5410fe6: raises $0.3 to $0.4
Hero: folds
eae96838: raises $1.07 to $1.47 and is all-in
568b665e: folds
5410fe6: folds
Uncalled bet ($1.07) returned to eae96838
*** SHOWDOWN ***
eae96838 collected $0.91 from pot
*** SUMMARY ***
Total pot $0.95 | Rake $0.04 | Jackpot $0 | Bingo $0 | Fortune $0 | Tax $0
Seat 1: fc677676 folded before Flop (didn't bet)
Seat 2: d782fc3f folded before Flop (didn't bet)
Seat 3: 5410fe6 (button) folded before Flop
Seat 4: Hero (small blind) folded before Flop
Seat 5: eae96838 (big blind) collected ($0.91)
Seat 6: 568b665e folded before Flop


Poker Hand #HD1779085171: Hold'em No Limit ($0.05/$0.1) - 2024/05/19 13:33:47
Table 'NLHRed14' 6-max Seat #2 is the button
Seat 1: fc677676 ($11.83 in chips)
Seat 2: d782fc3f ($10 in chips)
Seat 3: 5410fe6 ($10.99 in chips)
Seat 4: Hero ($10.63 in chips)
Seat 5: eae96838 ($1.32 in chips)
Seat 6: 568b665e ($17.59 in chips)
5410fe6: posts small blind $0.05
Hero: posts big blind $0.1
*** HOLE CARDS ***
Dealt to fc677676 
Dealt to d782fc3f 
Dealt to 5410fe6 
Dealt to Hero [Ks Tc]
Dealt to eae96838 
Dealt to 568b665e 
eae96838: raises $0.2 to $0.3
568b665e: folds
fc677676: folds
d782fc3f: folds
5410fe6: folds
Hero: folds
Uncalled bet ($0.2) returned to eae96838
*** SHOWDOWN ***
eae96838 collected $0.25 from pot
*** SUMMARY ***
Total pot $0.25 | Rake $0 | Jackpot $0 | Bingo $0 | Fortune $0 | Tax $0
Seat 1: fc677676 folded before Flop (didn't bet)
Seat 2: d782fc3f (button) folded before Flop (didn't bet)
Seat 3: 5410fe6 (small blind) folded before Flop
Seat 4: Hero (big blind) folded before Flop
Seat 5: eae96838 collected ($0.25)
Seat 6: 568b665e folded before Flop (didn't bet)


Poker Hand #HD1779085070: Hold'em No Limit ($0.05/$0.1) - 2024/05/19 13:32:46
Table 'NLHRed14' 6-max Seat #1 is the button
Seat 1: fc677676 ($11.31 in chips)
Seat 2: d782fc3f ($10 in chips)
Seat 3: 5410fe6 ($11.09 in chips)
Seat 4: Hero ($10.63 in chips)
Seat 5: eae96838 ($1.52 in chips)
Seat 6: 568b665e ($17.79 in chips)
d782fc3f: posts small blind $0.05
5410fe6: posts big blind $0.1
*** HOLE CARDS ***
Dealt to fc677676 
Dealt to d782fc3f 
Dealt to 5410fe6 
Dealt to Hero [Ac 2c]
Dealt to eae96838 
Dealt to 568b665e 
Hero: folds
eae96838: raises $0.1 to $0.2
568b665e: calls $0.2
fc677676: calls $0.2
d782fc3f: folds
5410fe6: folds
*** FLOP *** [5h Tc 3d]
eae96838: checks
568b665e: checks
fc677676: checks
*** TURN *** [5h Tc 3d] [7s]
eae96838: checks
568b665e: checks
fc677676: checks
*** RIVER *** [5h Tc 3d 7s] [6d]
eae96838: checks
568b665e: checks
fc677676: checks
eae96838: shows [Ks Jd] (King-High)
568b665e: shows [Js Qc] (Queen-High)
fc677676: shows [8c 8h] (Pair of Eights)
*** SHOWDOWN ***
fc677676 collected $0.72 from pot
*** SUMMARY ***
Total pot $0.75 | Rake $0.03 | Jackpot $0 | Bingo $0 | Fortune $0 | Tax $0
Board [5h Tc 3d 7s 6d]
Seat 1: fc677676 (button) showed [8c 8h] and won ($0.72) with Pair of Eights
Seat 2: d782fc3f (small blind) folded before Flop
Seat 3: 5410fe6 (big blind) folded before Flop
Seat 4: Hero folded before Flop (didn't bet)
Seat 5: eae96838 showed [Ks Jd] and lost with King-High
Seat 6: 568b665e showed [Js Qc] and lost with Queen-High


Poker Hand #HD1779085026: Hold'em No Limit ($0.05/$0.1) - 2024/05/19 13:32:14
Table 'NLHRed14' 6-max Seat #6 is the button
Seat 1: fc677676 ($11.36 in chips)
Seat 2: d782fc3f ($10 in chips)
Seat 3: 5410fe6 ($11.09 in chips)
Seat 4: Hero ($10.63 in chips)
Seat 5: eae96838 ($1.2 in chips)
Seat 6: 568b665e ($17.79 in chips)
fc677676: posts small blind $0.05
d782fc3f: posts big blind $0.1
*** HOLE CARDS ***
Dealt to fc677676 
Dealt to d782fc3f 
Dealt to 5410fe6 
Dealt to Hero [6c Jd]
Dealt to eae96838 
Dealt to 568b665e 
5410fe6: folds
Hero: folds
eae96838: raises $0.2 to $0.3
568b665e: folds
fc677676: folds
d782fc3f: calls $0.2
*** FLOP *** [8h Kh 5h]
d782fc3f: checks
eae96838: bets $0.33
d782fc3f: folds
Uncalled bet ($0.33) returned to eae96838
*** SHOWDOWN ***
eae96838 collected $0.62 from pot
*** SUMMARY ***
Total pot $0.65 | Rake $0.03 | Jackpot $0 | Bingo $0 | Fortune $0 | Tax $0
Board [8h Kh 5h]
Seat 1: fc677676 (small blind) folded before Flop
Seat 2: d782fc3f (big blind) folded on the Flop
Seat 3: 5410fe6 folded before Flop (didn't bet)
Seat 4: Hero folded before Flop (didn't bet)
Seat 5: eae96838 won ($0.62)
Seat 6: 568b665e (button) folded before Flop (didn't bet)


Poker Hand #HD1779084937: Hold'em No Limit ($0.05/$0.1) - 2024/05/19 13:31:21
Table 'NLHRed14' 6-max Seat #5 is the button
Seat 1: fc677676 ($10.91 in chips)
Seat 2: d782fc3f ($10 in chips)
Seat 3: 5410fe6 ($11.09 in chips)
Seat 4: Hero ($10.87 in chips)
Seat 5: eae96838 ($1.2 in chips)
Seat 6: 568b665e ($18.03 in chips)
568b665e: posts small blind $0.05
fc677676: posts big blind $0.1
*** HOLE CARDS ***
Dealt to fc677676 
Dealt to d782fc3f 
Dealt to 5410fe6 
Dealt to Hero [Kd Ts]
Dealt to eae96838 
Dealt to 568b665e 
d782fc3f: folds
5410fe6: folds
Hero: raises $0.14 to $0.24
eae96838: folds
568b665e: calls $0.19
fc677676: calls $0.14
*** FLOP *** [8h Jd 3h]
568b665e: checks
fc677676: checks
Hero: checks
*** TURN *** [8h Jd 3h] [Kh]
568b665e: checks
fc677676: checks
Hero: checks
*** RIVER *** [8h Jd 3h Kh] [2c]
568b665e: checks
fc677676: checks
Hero: checks
568b665e: shows [6h 5d] (King-High)
fc677676: shows [Qc Kc] (Pair of Kings)
Hero: shows [Kd Ts] (Pair of Kings)
*** SHOWDOWN ***
fc677676 collected $0.69 from pot
*** SUMMARY ***
Total pot $0.72 | Rake $0.03 | Jackpot $0 | Bingo $0 | Fortune $0 | Tax $0
Board [8h Jd 3h Kh 2c]
Seat 1: fc677676 (big blind) showed [Qc Kc] and won ($0.69) with Pair of Kings
Seat 2: d782fc3f folded before Flop (didn't bet)
Seat 3: 5410fe6 folded before Flop (didn't bet)
Seat 4: Hero showed [Kd Ts] and lost with Pair of Kings
Seat 5: eae96838 (button) folded before Flop (didn't bet)
Seat 6: 568b665e (small blind) showed [6h 5d] and lost with King-High


Poker Hand #HD1779084866: Hold'em No Limit ($0.05/$0.1) - 2024/05/19 13:30:35
Table 'NLHRed14' 6-max Seat #4 is the button
Seat 1: fc677676 ($10 in chips)
Seat 2: d782fc3f ($10 in chips)
Seat 3: 5410fe6 ($11.09 in chips)
Seat 4: Hero ($10.87 in chips)
Seat 5: eae96838 ($1.4 in chips)
Seat 6: 568b665e ($18.83 in chips)
eae96838: posts small blind $0.05
568b665e: posts big blind $0.1
*** HOLE CARDS ***
Dealt to fc677676 
Dealt to d782fc3f 
Dealt to 5410fe6 
Dealt to Hero [2s 2h]
Dealt to eae96838 
Dealt to 568b665e 
fc677676: raises $0.1 to $0.2
d782fc3f: folds
5410fe6: folds
Hero: folds
eae96838: calls $0.15
568b665e: calls $0.1
*** FLOP *** [Td 2c 9h]
eae96838: checks
568b665e: checks
fc677676: checks
*** TURN *** [Td 2c 9h] [4c]
eae96838: checks
568b665e: checks
fc677676: checks
*** RIVER *** [Td 2c 9h 4c] [Ks]
eae96838: checks
568b665e: checks
fc677676: bets $0.6
eae96838: folds
568b665e: calls $0.6
fc677676: shows [Qs Js] (Kings-High Straight)
568b665e: shows [Kh 3h] (Pair of Kings)
*** SHOWDOWN ***
fc677676 collected $1.71 from pot
*** SUMMARY ***
Total pot $1.8 | Rake $0.09 | Jackpot $0 | Bingo $0 | Fortune $0 | Tax $0
Board [Td 2c 9h 4c Ks]
Seat 1: fc677676 showed [Qs Js] and won ($1.71) with Kings-High Straight
Seat 2: d782fc3f folded before Flop (didn't bet)
Seat 3: 5410fe6 folded before Flop (didn't bet)
Seat 4: Hero (button) folded before Flop (didn't bet)
Seat 5: eae96838 (small blind) folded on the River
Seat 6: 568b665e (big blind) showed [Kh 3h] and lost with Pair of Kings


Poker Hand #HD1779084817: Hold'em No Limit ($0.05/$0.1) - 2024/05/19 13:30:04
Table 'NLHRed14' 6-max Seat #3 is the button
Seat 1: fc677676 ($10 in chips)
Seat 2: d782fc3f ($10 in chips)
Seat 3: 5410fe6 ($11.09 in chips)
Seat 4: Hero ($10.92 in chips)
Seat 5: eae96838 ($2 in chips)
Seat 6: 568b665e ($18.24 in chips)
Hero: posts small blind $0.05
eae96838: posts big blind $0.1
*** HOLE CARDS ***
Dealt to fc677676 
Dealt to d782fc3f 
Dealt to 5410fe6 
Dealt to Hero [5s Qd]
Dealt to eae96838 
Dealt to 568b665e 
568b665e: calls $0.1
fc677676: folds
d782fc3f: folds
5410fe6: folds
Hero: folds
eae96838: raises $0.25 to $0.35
568b665e: calls $0.25
*** FLOP *** [8s Tc Ts]
eae96838: checks
568b665e: bets $0.25
eae96838: calls $0.25
*** TURN *** [8s Tc Ts] [5h]
eae96838: checks
568b665e: bets $0.42
eae96838: folds
Uncalled bet ($0.42) returned to 568b665e
*** SHOWDOWN ***
568b665e collected $1.19 from pot
*** SUMMARY ***
Total pot $1.25 | Rake $0.06 | Jackpot $0 | Bingo $0 | Fortune $0 | Tax $0
Board [8s Tc Ts 5h]
Seat 1: fc677676 folded before Flop (didn't bet)
Seat 2: d782fc3f folded before Flop (didn't bet)
Seat 3: 5410fe6 (button) folded before Flop (didn't bet)
Seat 4: Hero (small blind) folded before Flop
Seat 5: eae96838 (big blind) folded on the Turn
Seat 6: 568b665e won ($1.19)


Poker Hand #HD1779084749: Hold'em No Limit ($0.05/$0.1) - 2024/05/19 13:29:24
Table 'NLHRed14' 6-max Seat #2 is the button
Seat 1: fc677676 ($10 in chips)
Seat 2: d782fc3f ($10.52 in chips)
Seat 3: 5410fe6 ($11.14 in chips)
Seat 4: Hero ($11.02 in chips)
Seat 6: 568b665e ($16.82 in chips)
5410fe6: posts small blind $0.05
Hero: posts big blind $0.1
*** HOLE CARDS ***
Dealt to fc677676 
Dealt to d782fc3f 
Dealt to 5410fe6 
Dealt to Hero [8h 3s]
Dealt to 568b665e 
568b665e: calls $0.1
fc677676: folds
d782fc3f: raises $0.3 to $0.4
5410fe6: folds
Hero: folds
568b665e: calls $0.3
*** FLOP *** [Kd Th Ks]
568b665e: checks
d782fc3f: bets $0.32
568b665e: calls $0.32
*** TURN *** [Kd Th Ks] [Ad]
568b665e: checks
d782fc3f: checks
*** RIVER *** [Kd Th Ks Ad] [7s]
568b665e: bets $0.8
d782fc3f: calls $0.8
568b665e: shows [Kh 9s] (Three Kings)
d782fc3f: shows [Js As] (Pair of Aces and Pair of Kings)
*** SHOWDOWN ***
568b665e collected $2.94 from pot
*** SUMMARY ***
Total pot $3.19 | Rake $0.15 | Jackpot $0.1 | Bingo $0 | Fortune $0 | Tax $0
Board [Kd Th Ks Ad 7s]
Seat 1: fc677676 folded before Flop (didn't bet)
Seat 2: d782fc3f (button) showed [Js As] and lost with Pair of Aces and Pair of Kings
Seat 3: 5410fe6 (small blind) folded before Flop
Seat 4: Hero (big blind) folded before Flop
Seat 6: 568b665e showed [Kh 9s] and won ($2.94) with Three Kings


Poker Hand #HD1779084716: Hold'em No Limit ($0.05/$0.1) - 2024/05/19 13:29:05
Table 'NLHRed14' 6-max Seat #1 is the button
Seat 1: fc677676 ($10 in chips)
Seat 2: d782fc3f ($10.57 in chips)
Seat 3: 5410fe6 ($11.24 in chips)
Seat 4: Hero ($11.02 in chips)
Seat 6: 568b665e ($16.67 in chips)
d782fc3f: posts small blind $0.05
5410fe6: posts big blind $0.1
*** HOLE CARDS ***
Dealt to fc677676 
Dealt to d782fc3f 
Dealt to 5410fe6 
Dealt to Hero [8h Ad]
Dealt to 568b665e 
Hero: folds
568b665e: raises $0.2 to $0.3
fc677676: folds
d782fc3f: folds
5410fe6: folds
Uncalled bet ($0.2) returned to 568b665e
*** SHOWDOWN ***
568b665e collected $0.25 from pot
*** SUMMARY ***
Total pot $0.25 | Rake $0 | Jackpot $0 | Bingo $0 | Fortune $0 | Tax $0
Seat 1: fc677676 (button) folded before Flop (didn't bet)
Seat 2: d782fc3f (small blind) folded before Flop
Seat 3: 5410fe6 (big blind) folded before Flop
Seat 4: Hero folded before Flop (didn't bet)
Seat 6: 568b665e collected ($0.25)


Poker Hand #HD1779084675: Hold'em No Limit ($0.05/$0.1) - 2024/05/19 13:28:38
Table 'NLHRed14' 6-max Seat #6 is the button
Seat 1: fc677676 ($10 in chips)
Seat 2: d782fc3f ($10.67 in chips)
Seat 3: 5410fe6 ($10.82 in chips)
Seat 4: Hero ($11.02 in chips)
Seat 6: 568b665e ($16.97 in chips)
fc677676: posts small blind $0.05
d782fc3f: posts big blind $0.1
*** HOLE CARDS ***
Dealt to fc677676 
Dealt to d782fc3f 
Dealt to 5410fe6 
Dealt to Hero [Td 7h]
Dealt to 568b665e 
5410fe6: raises $0.2 to $0.3
Hero: folds
568b665e: calls $0.3
fc677676: folds
d782fc3f: folds
*** FLOP *** [Qc Tc 8s]
5410fe6: bets $0.45
568b665e: folds
Uncalled bet ($0.45) returned to 5410fe6
*** SHOWDOWN ***
5410fe6 collected $0.72 from pot
*** SUMMARY ***
Total pot $0.75 | Rake $0.03 | Jackpot $0 | Bingo $0 | Fortune $0 | Tax $0
Board [Qc Tc 8s]
Seat 1: fc677676 (small blind) folded before Flop
Seat 2: d782fc3f (big blind) folded before Flop
Seat 3: 5410fe6 won ($0.72)
Seat 4: Hero folded before Flop (didn't bet)
Seat 6: 568b665e (button) folded on the Flop


Poker Hand #HD1779084563: Hold'em No Limit ($0.05/$0.1) - 2024/05/19 13:27:36
Table 'NLHRed14' 6-max Seat #4 is the button
Seat 1: fc677676 ($10 in chips)
Seat 2: d782fc3f ($10.24 in chips)
Seat 3: 5410fe6 ($10.82 in chips)
Seat 4: Hero ($11.02 in chips)
Seat 6: 568b665e ($17.34 in chips)
568b665e: posts small blind $0.05
fc677676: posts big blind $0.1
*** HOLE CARDS ***
Dealt to fc677676 
Dealt to d782fc3f 
Dealt to 5410fe6 
Dealt to Hero [Tc Ks]
Dealt to 568b665e 
d782fc3f: raises $0.1 to $0.2
5410fe6: folds
Hero: folds
568b665e: calls $0.15
fc677676: folds
*** FLOP *** [6d Qs Ah]
568b665e: checks
d782fc3f: bets $0.17
568b665e: calls $0.17
*** TURN *** [6d Qs Ah] [8s]
568b665e: checks
d782fc3f: checks
*** RIVER *** [6d Qs Ah 8s] [6c]
568b665e: checks
d782fc3f: bets $0.8
568b665e: folds
Uncalled bet ($0.8) returned to d782fc3f
*** SHOWDOWN ***
d782fc3f collected $0.8 from pot
*** SUMMARY ***
Total pot $0.84 | Rake $0.04 | Jackpot $0 | Bingo $0 | Fortune $0 | Tax $0
Board [6d Qs Ah 8s 6c]
Seat 1: fc677676 (big blind) folded before Flop
Seat 2: d782fc3f won ($0.8)
Seat 3: 5410fe6 folded before Flop (didn't bet)
Seat 4: Hero (button) folded before Flop (didn't bet)
Seat 6: 568b665e (small blind) folded on the River


Poker Hand #HD1779084542: Hold'em No Limit ($0.05/$0.1) - 2024/05/19 13:27:24
Table 'NLHRed14' 6-max Seat #3 is the button
Seat 1: fc677676 ($10 in chips)
Seat 2: d782fc3f ($10.09 in chips)
Seat 3: 5410fe6 ($10.82 in chips)
Seat 4: Hero ($11.07 in chips)
Seat 6: 568b665e ($17.44 in chips)
Hero: posts small blind $0.05
568b665e: posts big blind $0.1
*** HOLE CARDS ***
Dealt to fc677676 
Dealt to d782fc3f 
Dealt to 5410fe6 
Dealt to Hero [Jh 5c]
Dealt to 568b665e 
fc677676: folds
d782fc3f: raises $0.15 to $0.25
5410fe6: folds
Hero: folds
568b665e: folds
Uncalled bet ($0.15) returned to d782fc3f
*** SHOWDOWN ***
d782fc3f collected $0.25 from pot
*** SUMMARY ***
Total pot $0.25 | Rake $0 | Jackpot $0 | Bingo $0 | Fortune $0 | Tax $0
Seat 1: fc677676 folded before Flop (didn't bet)
Seat 2: d782fc3f collected ($0.25)
Seat 3: 5410fe6 (button) folded before Flop (didn't bet)
Seat 4: Hero (small blind) folded before Flop
Seat 6: 568b665e (big blind) folded before Flop


Poker Hand #HD1779084451: Hold'em No Limit ($0.05/$0.1) - 2024/05/19 13:26:38
Table 'NLHRed14' 6-max Seat #2 is the button
Seat 1: fc677676 ($10 in chips)
Seat 2: d782fc3f ($10.09 in chips)
Seat 3: 5410fe6 ($10.87 in chips)
Seat 4: Hero ($11.56 in chips)
Seat 5: a18f7f14 ($15.36 in chips)
Seat 6: 568b665e ($16.95 in chips)
5410fe6: posts small blind $0.05
Hero: posts big blind $0.1
*** HOLE CARDS ***
Dealt to fc677676 
Dealt to d782fc3f 
Dealt to 5410fe6 
Dealt to Hero [8c Jh]
Dealt to a18f7f14 
Dealt to 568b665e 
a18f7f14: folds
568b665e: calls $0.1
fc677676: folds
d782fc3f: folds
5410fe6: folds
Hero: checks
*** FLOP *** [Jc Ac 3c]
Hero: checks
568b665e: bets $0.13
Hero: calls $0.13
*** TURN *** [Jc Ac 3c] [Td]
Hero: checks
568b665e: bets $0.26
Hero: calls $0.26
*** RIVER *** [Jc Ac 3c Td] [Kd]
Hero: checks
568b665e: bets $0.52
Hero: folds
Uncalled bet ($0.52) returned to 568b665e
*** SHOWDOWN ***
568b665e collected $0.98 from pot
*** SUMMARY ***
Total pot $1.03 | Rake $0.05 | Jackpot $0 | Bingo $0 | Fortune $0 | Tax $0
Board [Jc Ac 3c Td Kd]
Seat 1: fc677676 folded before Flop (didn't bet)
Seat 2: d782fc3f (button) folded before Flop (didn't bet)
Seat 3: 5410fe6 (small blind) folded before Flop
Seat 4: Hero (big blind) folded on the River
Seat 5: a18f7f14 folded before Flop (didn't bet)
Seat 6: 568b665e won ($0.98)


Poker Hand #HD1779084426: Hold'em No Limit ($0.05/$0.1) - 2024/05/19 13:26:24
Table 'NLHRed14' 6-max Seat #1 is the button
Seat 1: fc677676 ($10 in chips)
Seat 2: d782fc3f ($10.14 in chips)
Seat 3: 5410fe6 ($10.82 in chips)
Seat 4: Hero ($11.56 in chips)
Seat 5: a18f7f14 ($15.36 in chips)
Seat 6: 568b665e ($16.95 in chips)
d782fc3f: posts small blind $0.05
5410fe6: posts big blind $0.1
*** HOLE CARDS ***
Dealt to fc677676 
Dealt to d782fc3f 
Dealt to 5410fe6 
Dealt to Hero [As 8h]
Dealt to a18f7f14 
Dealt to 568b665e 
Hero: folds
a18f7f14: folds
568b665e: folds
fc677676: folds
d782fc3f: folds
Uncalled bet ($0.05) returned to 5410fe6
*** SHOWDOWN ***
5410fe6 collected $0.1 from pot
*** SUMMARY ***
Total pot $0.1 | Rake $0 | Jackpot $0 | Bingo $0 | Fortune $0 | Tax $0
Seat 1: fc677676 (button) folded before Flop (didn't bet)
Seat 2: d782fc3f (small blind) folded before Flop
Seat 3: 5410fe6 (big blind) collected ($0.1)
Seat 4: Hero folded before Flop (didn't bet)
Seat 5: a18f7f14 folded before Flop (didn't bet)
Seat 6: 568b665e folded before Flop (didn't bet)


Poker Hand #HD1779084383: Hold'em No Limit ($0.05/$0.1) - 2024/05/19 13:25:57
Table 'NLHRed14' 6-max Seat #6 is the button
Seat 1: fc677676 ($10 in chips)
Seat 2: d782fc3f ($10.37 in chips)
Seat 3: 5410fe6 ($10.82 in chips)
Seat 4: Hero ($11.56 in chips)
Seat 5: a18f7f14 ($15.36 in chips)
Seat 6: 568b665e ($16.69 in chips)
fc677676: posts small blind $0.05
d782fc3f: posts big blind $0.1
*** HOLE CARDS ***
Dealt to fc677676 
Dealt to d782fc3f 
Dealt to 5410fe6 
Dealt to Hero [5h 6d]
Dealt to a18f7f14 
Dealt to 568b665e 
5410fe6: folds
Hero: folds
a18f7f14: folds
568b665e: calls $0.1
fc677676: folds
d782fc3f: checks
*** FLOP *** [2d Tc Jh]
d782fc3f: checks
568b665e: bets $0.13
d782fc3f: calls $0.13
*** TURN *** [2d Tc Jh] [Jd]
d782fc3f: checks
568b665e: bets $0.26
d782fc3f: folds
Uncalled bet ($0.26) returned to 568b665e
*** SHOWDOWN ***
568b665e collected $0.49 from pot
*** SUMMARY ***
Total pot $0.51 | Rake $0.02 | Jackpot $0 | Bingo $0 | Fortune $0 | Tax $0
Board [2d Tc Jh Jd]
Seat 1: fc677676 (small blind) folded before Flop
Seat 2: d782fc3f (big blind) folded on the Turn
Seat 3: 5410fe6 folded before Flop (didn't bet)
Seat 4: Hero folded before Flop (didn't bet)
Seat 5: a18f7f14 folded before Flop (didn't bet)
Seat 6: 568b665e (button) won ($0.49)


Poker Hand #HD1779084300: Hold'em No Limit ($0.05/$0.1) - 2024/05/19 13:25:10
Table 'NLHRed14' 6-max Seat #5 is the button
Seat 1: fc677676 ($11.18 in chips)
Seat 2: d782fc3f ($10.37 in chips)
Seat 3: 5410fe6 ($10.82 in chips)
Seat 4: Hero ($11.56 in chips)
Seat 5: a18f7f14 ($15.36 in chips)
Seat 6: 568b665e ($15.16 in chips)
568b665e: posts small blind $0.05
fc677676: posts big blind $0.1
*** HOLE CARDS ***
Dealt to fc677676 
Dealt to d782fc3f 
Dealt to 5410fe6 
Dealt to Hero [6d 9d]
Dealt to a18f7f14 
Dealt to 568b665e 
d782fc3f: folds
5410fe6: folds
Hero: folds
a18f7f14: folds
568b665e: raises $0.2 to $0.3
fc677676: raises $0.6 to $0.9
568b665e: calls $0.6
*** FLOP *** [Qc 3s 3d]
568b665e: checks
fc677676: checks
*** TURN *** [Qc 3s 3d] [7s]
568b665e: bets $0.9
fc677676: calls $0.9
*** RIVER *** [Qc 3s 3d 7s] [8c]
568b665e: bets $1.8
fc677676: folds
Uncalled bet ($1.8) returned to 568b665e
*** SHOWDOWN ***
568b665e collected $3.33 from pot
*** SUMMARY ***
Total pot $3.6 | Rake $0.17 | Jackpot $0.1 | Bingo $0 | Fortune $0 | Tax $0
Board [Qc 3s 3d 7s 8c]
Seat 1: fc677676 (big blind) folded on the River
Seat 2: d782fc3f folded before Flop (didn't bet)
Seat 3: 5410fe6 folded before Flop (didn't bet)
Seat 4: Hero folded before Flop (didn't bet)
Seat 5: a18f7f14 (button) folded before Flop (didn't bet)
Seat 6: 568b665e (small blind) won ($3.33)


Poker Hand #HD1779084246: Hold'em No Limit ($0.05/$0.1) - 2024/05/19 13:24:43
Table 'NLHRed14' 6-max Seat #4 is the button
Seat 1: fc677676 ($11.18 in chips)
Seat 2: d782fc3f ($10.37 in chips)
Seat 3: 5410fe6 ($10.54 in chips)
Seat 4: Hero ($11.56 in chips)
Seat 5: a18f7f14 ($15.41 in chips)
Seat 6: 568b665e ($15.41 in chips)
a18f7f14: posts small blind $0.05
568b665e: posts big blind $0.1
*** HOLE CARDS ***
Dealt to fc677676 
Dealt to d782fc3f 
Dealt to 5410fe6 
Dealt to Hero [Kd 4s]
Dealt to a18f7f14 
Dealt to 568b665e 
fc677676: folds
d782fc3f: folds
5410fe6: raises $0.15 to $0.25
Hero: folds
a18f7f14: folds
568b665e: calls $0.15
*** FLOP *** [Ah 9s 7c]
568b665e: checks
5410fe6: bets $0.43
568b665e: folds
Uncalled bet ($0.43) returned to 5410fe6
*** SHOWDOWN ***
5410fe6 collected $0.53 from pot
*** SUMMARY ***
Total pot $0.55 | Rake $0.02 | Jackpot $0 | Bingo $0 | Fortune $0 | Tax $0
Board [Ah 9s 7c]
Seat 1: fc677676 folded before Flop (didn't bet)
Seat 2: d782fc3f folded before Flop (didn't bet)
Seat 3: 5410fe6 won ($0.53)
Seat 4: Hero (button) folded before Flop (didn't bet)
Seat 5: a18f7f14 (small blind) folded before Flop
Seat 6: 568b665e (big blind) folded on the Flop


Poker Hand #HD1779084158: Hold'em No Limit ($0.05/$0.1) - 2024/05/19 13:23:52
Table 'NLHRed14' 6-max Seat #3 is the button
Seat 1: fc677676 ($11.18 in chips)
Seat 2: d782fc3f ($10 in chips)
Seat 3: 5410fe6 ($10.79 in chips)
Seat 4: Hero ($11.61 in chips)
Seat 5: a18f7f14 ($15.51 in chips)
Hero: posts small blind $0.05
a18f7f14: posts big blind $0.1
*** HOLE CARDS ***
Dealt to fc677676 
Dealt to d782fc3f 
Dealt to 5410fe6 
Dealt to Hero [6c 4d]
Dealt to a18f7f14 
fc677676: folds
d782fc3f: raises $0.15 to $0.25
5410fe6: calls $0.25
Hero: folds
a18f7f14: folds
*** FLOP *** [Ac Ks Th]
d782fc3f: checks
5410fe6: checks
*** TURN *** [Ac Ks Th] [Qs]
d782fc3f: bets $0.22
5410fe6: folds
Uncalled bet ($0.22) returned to d782fc3f
*** SHOWDOWN ***
d782fc3f collected $0.62 from pot
*** SUMMARY ***
Total pot $0.65 | Rake $0.03 | Jackpot $0 | Bingo $0 | Fortune $0 | Tax $0
Board [Ac Ks Th Qs]
Seat 1: fc677676 folded before Flop (didn't bet)
Seat 2: d782fc3f won ($0.62)
Seat 3: 5410fe6 (button) folded on the Turn
Seat 4: Hero (small blind) folded before Flop
Seat 5: a18f7f14 (big blind) folded before Flop


Poker Hand #HD1779084123: Hold'em No Limit ($0.05/$0.1) - 2024/05/19 13:23:35
Table 'NLHRed14' 6-max Seat #2 is the button
Seat 1: fc677676 ($11.03 in chips)
Seat 2: d782fc3f ($10 in chips)
Seat 3: 5410fe6 ($10.84 in chips)
Seat 4: Hero ($11.71 in chips)
Seat 5: a18f7f14 ($15.51 in chips)
5410fe6: posts small blind $0.05
Hero: posts big blind $0.1
*** HOLE CARDS ***
Dealt to fc677676 
Dealt to d782fc3f 
Dealt to 5410fe6 
Dealt to Hero [Ks 4c]
Dealt to a18f7f14 
a18f7f14: folds
fc677676: raises $0.1 to $0.2
d782fc3f: folds
5410fe6: folds
Hero: folds
Uncalled bet ($0.1) returned to fc677676
*** SHOWDOWN ***
fc677676 collected $0.25 from pot
*** SUMMARY ***
Total pot $0.25 | Rake $0 | Jackpot $0 | Bingo $0 | Fortune $0 | Tax $0
Seat 1: fc677676 collected ($0.25)
Seat 2: d782fc3f (button) folded before Flop (didn't bet)
Seat 3: 5410fe6 (small blind) folded before Flop
Seat 4: Hero (big blind) folded before Flop
Seat 5: a18f7f14 folded before Flop (didn't bet)


Poker Hand #HD1779084100: Hold'em No Limit ($0.05/$0.1) - 2024/05/19 13:23:24
Table 'NLHRed14' 6-max Seat #1 is the button
Seat 1: fc677676 ($11.03 in chips)
Seat 2: d782fc3f ($10 in chips)
Seat 3: 5410fe6 ($10.94 in chips)
Seat 4: Hero ($11.56 in chips)
Seat 5: a18f7f14 ($15.51 in chips)
d782fc3f: posts small blind $0.05
5410fe6: posts big blind $0.1
*** HOLE CARDS ***
Dealt to fc677676 
Dealt to d782fc3f 
Dealt to 5410fe6 
Dealt to Hero [As 7s]
Dealt to a18f7f14 
Hero: raises $0.1 to $0.2
a18f7f14: folds
fc677676: folds
d782fc3f: folds
5410fe6: folds
Uncalled bet ($0.1) returned to Hero
*** SHOWDOWN ***
Hero collected $0.25 from pot
*** SUMMARY ***
Total pot $0.25 | Rake $0 | Jackpot $0 | Bingo $0 | Fortune $0 | Tax $0
Seat 1: fc677676 (button) folded before Flop (didn't bet)
Seat 2: d782fc3f (small blind) folded before Flop
Seat 3: 5410fe6 (big blind) folded before Flop
Seat 4: Hero collected ($0.25)
Seat 5: a18f7f14 folded before Flop (didn't bet)


Poker Hand #HD1779084081: Hold'em No Limit ($0.05/$0.1) - 2024/05/19 13:23:10
Table 'NLHRed14' 6-max Seat #5 is the button
Seat 1: fc677676 ($10.93 in chips)
Seat 2: d782fc3f ($10 in chips)
Seat 3: 5410fe6 ($10.94 in chips)
Seat 4: Hero ($11.56 in chips)
Seat 5: a18f7f14 ($15.51 in chips)
fc677676: posts small blind $0.05
d782fc3f: posts big blind $0.1
*** HOLE CARDS ***
Dealt to fc677676 
Dealt to d782fc3f 
Dealt to 5410fe6 
Dealt to Hero [4s 8h]
Dealt to a18f7f14 
5410fe6: folds
Hero: folds
a18f7f14: folds
fc677676: raises $0.1 to $0.2
d782fc3f: folds
Uncalled bet ($0.1) returned to fc677676
*** SHOWDOWN ***
fc677676 collected $0.2 from pot
*** SUMMARY ***
Total pot $0.2 | Rake $0 | Jackpot $0 | Bingo $0 | Fortune $0 | Tax $0
Seat 1: fc677676 (small blind) collected ($0.2)
Seat 2: d782fc3f (big blind) folded before Flop
Seat 3: 5410fe6 folded before Flop (didn't bet)
Seat 4: Hero folded before Flop (didn't bet)
Seat 5: a18f7f14 (button) folded before Flop (didn't bet)


Poker Hand #HD1779084047: Hold'em No Limit ($0.05/$0.1) - 2024/05/19 13:22:51
Table 'NLHRed14' 6-max Seat #4 is the button
Seat 1: fc677676 ($11.03 in chips)
Seat 2: d782fc3f ($10 in chips)
Seat 3: 5410fe6 ($10.79 in chips)
Seat 4: Hero ($11.56 in chips)
Seat 5: a18f7f14 ($15.56 in chips)
a18f7f14: posts small blind $0.05
fc677676: posts big blind $0.1
*** HOLE CARDS ***
Dealt to fc677676 
Dealt to d782fc3f 
Dealt to 5410fe6 
Dealt to Hero [Ks 8c]
Dealt to a18f7f14 
d782fc3f: folds
5410fe6: raises $0.15 to $0.25
Hero: folds
a18f7f14: folds
fc677676: folds
Uncalled bet ($0.15) returned to 5410fe6
*** SHOWDOWN ***
5410fe6 collected $0.25 from pot
*** SUMMARY ***
Total pot $0.25 | Rake $0 | Jackpot $0 | Bingo $0 | Fortune $0 | Tax $0
Seat 1: fc677676 (big blind) folded before Flop
Seat 2: d782fc3f folded before Flop (didn't bet)
Seat 3: 5410fe6 collected ($0.25)
Seat 4: Hero (button) folded before Flop (didn't bet)
Seat 5: a18f7f14 (small blind) folded before Flop


Poker Hand #HD1779083959: Hold'em No Limit ($0.05/$0.1) - 2024/05/19 13:22:02
Table 'NLHRed14' 6-max Seat #3 is the button
Seat 1: fc677676 ($11.03 in chips)
Seat 2: d782fc3f ($10 in chips)
Seat 3: 5410fe6 ($10.79 in chips)
Seat 4: Hero ($10.7 in chips)
Seat 5: a18f7f14 ($15.66 in chips)
Seat 6: 568b665e ($16.26 in chips)
Hero: posts small blind $0.05
a18f7f14: posts big blind $0.1
*** HOLE CARDS ***
Dealt to fc677676 
Dealt to d782fc3f 
Dealt to 5410fe6 
Dealt to Hero [Ts Ah]
Dealt to a18f7f14 
Dealt to 568b665e 
568b665e: calls $0.1
fc677676: folds
d782fc3f: folds
5410fe6: folds
Hero: raises $0.3 to $0.4
a18f7f14: folds
568b665e: calls $0.3
*** FLOP *** [Qc 4c Td]
Hero: checks
568b665e: bets $0.45
Hero: calls $0.45
*** TURN *** [Qc 4c Td] [As]
Hero: checks
568b665e: checks
*** RIVER *** [Qc 4c Td As] [Th]
Hero: bets $1.3
568b665e: folds
Uncalled bet ($1.3) returned to Hero
*** SHOWDOWN ***
Hero collected $1.71 from pot
*** SUMMARY ***
Total pot $1.8 | Rake $0.09 | Jackpot $0 | Bingo $0 | Fortune $0 | Tax $0
Board [Qc 4c Td As Th]
Seat 1: fc677676 folded before Flop (didn't bet)
Seat 2: d782fc3f folded before Flop (didn't bet)
Seat 3: 5410fe6 (button) folded before Flop (didn't bet)
Seat 4: Hero (small blind) won ($1.71)
Seat 5: a18f7f14 (big blind) folded before Flop
Seat 6: 568b665e folded on the River


Poker Hand #HD1779083899: Hold'em No Limit ($0.05/$0.1) - 2024/05/19 13:21:34
Table 'NLHRed14' 6-max Seat #2 is the button
Seat 1: fc677676 ($11.03 in chips)
Seat 2: d782fc3f ($10 in chips)
Seat 3: 5410fe6 ($10.84 in chips)
Seat 4: Hero ($10.42 in chips)
Seat 5: a18f7f14 ($15.66 in chips)
Seat 6: 568b665e ($16.26 in chips)
5410fe6: posts small blind $0.05
Hero: posts big blind $0.1
*** HOLE CARDS ***
Dealt to fc677676 
Dealt to d782fc3f 
Dealt to 5410fe6 
Dealt to Hero [Qd Qc]
Dealt to a18f7f14 
Dealt to 568b665e 
a18f7f14: folds
568b665e: folds
fc677676: folds
d782fc3f: raises $0.15 to $0.25
5410fe6: folds
Hero: raises $0.85 to $1.1
d782fc3f: folds
Uncalled bet ($0.85) returned to Hero
*** SHOWDOWN ***
Hero collected $0.53 from pot
*** SUMMARY ***
Total pot $0.55 | Rake $0.02 | Jackpot $0 | Bingo $0 | Fortune $0 | Tax $0
Seat 1: fc677676 folded before Flop (didn't bet)
Seat 2: d782fc3f (button) folded before Flop
Seat 3: 5410fe6 (small blind) folded before Flop
Seat 4: Hero (big blind) collected ($0.53)
Seat 5: a18f7f14 folded before Flop (didn't bet)
Seat 6: 568b665e folded before Flop (didn't bet)


Poker Hand #HD1779083879: Hold'em No Limit ($0.05/$0.1) - 2024/05/19 13:21:21
Table 'NLHRed14' 6-max Seat #1 is the button
Seat 1: fc677676 ($11.03 in chips)
Seat 2: d782fc3f ($10 in chips)
Seat 3: 5410fe6 ($10.94 in chips)
Seat 4: Hero ($10.27 in chips)
Seat 5: a18f7f14 ($15.66 in chips)
Seat 6: 568b665e ($16.26 in chips)
d782fc3f: posts small blind $0.05
5410fe6: posts big blind $0.1
*** HOLE CARDS ***
Dealt to fc677676 
Dealt to d782fc3f 
Dealt to 5410fe6 
Dealt to Hero [9s As]
Dealt to a18f7f14 
Dealt to 568b665e 
Hero: raises $0.1 to $0.2
a18f7f14: folds
568b665e: folds
fc677676: folds
d782fc3f: folds
5410fe6: folds
Uncalled bet ($0.1) returned to Hero
*** SHOWDOWN ***
Hero collected $0.25 from pot
*** SUMMARY ***
Total pot $0.25 | Rake $0 | Jackpot $0 | Bingo $0 | Fortune $0 | Tax $0
Seat 1: fc677676 (button) folded before Flop (didn't bet)
Seat 2: d782fc3f (small blind) folded before Flop
Seat 3: 5410fe6 (big blind) folded before Flop
Seat 4: Hero collected ($0.25)
Seat 5: a18f7f14 folded before Flop (didn't bet)
Seat 6: 568b665e folded before Flop (didn't bet)


Poker Hand #HD1779083816: Hold'em No Limit ($0.05/$0.1) - 2024/05/19 13:20:49
Table 'NLHRed14' 6-max Seat #6 is the button
Seat 1: fc677676 ($11.08 in chips)
Seat 2: d782fc3f ($10.08 in chips)
Seat 3: 5410fe6 ($10 in chips)
Seat 4: Hero ($10.27 in chips)
Seat 5: a18f7f14 ($15.66 in chips)
Seat 6: 568b665e ($17.14 in chips)
fc677676: posts small blind $0.05
d782fc3f: posts big blind $0.1
*** HOLE CARDS ***
Dealt to fc677676 
Dealt to d782fc3f 
Dealt to 5410fe6 
Dealt to Hero [Td 7s]
Dealt to a18f7f14 
Dealt to 568b665e 
5410fe6: raises $0.2 to $0.3
Hero: folds
a18f7f14: folds
568b665e: calls $0.3
fc677676: folds
d782fc3f: folds
*** FLOP *** [4s Ts 9c]
5410fe6: bets $0.58
568b665e: calls $0.58
*** TURN *** [4s Ts 9c] [Kh]
5410fe6: bets $1.48
568b665e: folds
Uncalled bet ($1.48) returned to 5410fe6
*** SHOWDOWN ***
5410fe6 collected $1.82 from pot
*** SUMMARY ***
Total pot $1.91 | Rake $0.09 | Jackpot $0 | Bingo $0 | Fortune $0 | Tax $0
Board [4s Ts 9c Kh]
Seat 1: fc677676 (small blind) folded before Flop
Seat 2: d782fc3f (big blind) folded before Flop
Seat 3: 5410fe6 won ($1.82)
Seat 4: Hero folded before Flop (didn't bet)
Seat 5: a18f7f14 folded before Flop (didn't bet)
Seat 6: 568b665e (button) folded on the Turn


Poker Hand #HD1779083764: Hold'em No Limit ($0.05/$0.1) - 2024/05/19 13:20:21
Table 'NLHRed14' 6-max Seat #5 is the button
Seat 1: fc677676 ($11.32 in chips)
Seat 2: d782fc3f ($10.08 in chips)
Seat 3: 5410fe6 ($10 in chips)
Seat 4: Hero ($10 in chips)
Seat 5: a18f7f14 ($15.66 in chips)
Seat 6: 568b665e ($17.19 in chips)
568b665e: posts small blind $0.05
fc677676: posts big blind $0.1
*** HOLE CARDS ***
Dealt to fc677676 
Dealt to d782fc3f 
Dealt to 5410fe6 
Dealt to Hero [Ks Qs]
Dealt to a18f7f14 
Dealt to 568b665e 
d782fc3f: folds
5410fe6: folds
Hero: raises $0.14 to $0.24
a18f7f14: folds
568b665e: folds
fc677676: calls $0.14
*** FLOP *** [9h Ac Th]
fc677676: checks
Hero: bets $0.2
fc677676: folds
Uncalled bet ($0.2) returned to Hero
*** SHOWDOWN ***
Hero collected $0.51 from pot
*** SUMMARY ***
Total pot $0.53 | Rake $0.02 | Jackpot $0 | Bingo $0 | Fortune $0 | Tax $0
Board [9h Ac Th]
Seat 1: fc677676 (big blind) folded on the Flop
Seat 2: d782fc3f folded before Flop (didn't bet)
Seat 3: 5410fe6 folded before Flop (didn't bet)
Seat 4: Hero won ($0.51)
Seat 5: a18f7f14 (button) folded before Flop (didn't bet)
Seat 6: 568b665e (small blind) folded before Flop


Poker Hand #HD1779083735: Hold'em No Limit ($0.05/$0.1) - 2024/05/19 13:20:05
Table 'NLHRed14' 6-max Seat #4 is the button
Seat 1: fc677676 ($11.32 in chips)
Seat 2: d782fc3f ($10.08 in chips)
Seat 3: 5410fe6 ($10 in chips)
Seat 4: Hero ($10 in chips)
Seat 5: a18f7f14 ($15.71 in chips)
Seat 6: 568b665e ($17.14 in chips)
a18f7f14: posts small blind $0.05
568b665e: posts big blind $0.1
*** HOLE CARDS ***
Dealt to fc677676 
Dealt to d782fc3f 
Dealt to 5410fe6 
Dealt to Hero [5c 8c]
Dealt to a18f7f14 
Dealt to 568b665e 
fc677676: folds
d782fc3f: folds
5410fe6: folds
Hero: folds
a18f7f14: folds
Uncalled bet ($0.05) returned to 568b665e
*** SHOWDOWN ***
568b665e collected $0.1 from pot
*** SUMMARY ***
Total pot $0.1 | Rake $0 | Jackpot $0 | Bingo $0 | Fortune $0 | Tax $0
Seat 1: fc677676 folded before Flop (didn't bet)
Seat 2: d782fc3f folded before Flop (didn't bet)
Seat 3: 5410fe6 folded before Flop (didn't bet)
Seat 4: Hero (button) folded before Flop (didn't bet)
Seat 5: a18f7f14 (small blind) folded before Flop
Seat 6: 568b665e (big blind) collected ($0.1)


Poker Hand #HD1779083707: Hold'em No Limit ($0.05/$0.1) - 2024/05/19 13:19:47
Table 'NLHRed14' 6-max Seat #3 is the button
Seat 1: fc677676 ($11.32 in chips)
Seat 2: d782fc3f ($10.08 in chips)
Seat 3: 5410fe6 ($10.18 in chips)
Seat 4: Hero ($10 in chips)
Seat 5: a18f7f14 ($15.43 in chips)
Seat 6: 568b665e ($17.14 in chips)
Hero: posts small blind $0.05
a18f7f14: posts big blind $0.1
*** HOLE CARDS ***
Dealt to fc677676 
Dealt to d782fc3f 
Dealt to 5410fe6 
Dealt to Hero [4s 7d]
Dealt to a18f7f14 
Dealt to 568b665e 
568b665e: folds
fc677676: folds
d782fc3f: folds
5410fe6: raises $0.15 to $0.25
Hero: folds
a18f7f14: raises $0.75 to $1
5410fe6: folds
Uncalled bet ($0.75) returned to a18f7f14
*** SHOWDOWN ***
a18f7f14 collected $0.53 from pot
*** SUMMARY ***
Total pot $0.55 | Rake $0.02 | Jackpot $0 | Bingo $0 | Fortune $0 | Tax $0
Seat 1: fc677676 folded before Flop (didn't bet)
Seat 2: d782fc3f folded before Flop (didn't bet)
Seat 3: 5410fe6 (button) folded before Flop
Seat 4: Hero (small blind) folded before Flop
Seat 5: a18f7f14 (big blind) collected ($0.53)
Seat 6: 568b665e folded before Flop (didn't bet)


Poker Hand #HD1779083666: Hold'em No Limit ($0.05/$0.1) - 2024/05/19 13:19:23
Table 'NLHRed14' 6-max Seat #2 is the button
Seat 1: fc677676 ($11.32 in chips)
Seat 2: d782fc3f ($10.08 in chips)
Seat 3: 5410fe6 ($10.23 in chips)
Seat 4: Hero ($10.03 in chips)
Seat 5: a18f7f14 ($15.43 in chips)
Seat 6: 568b665e ($17 in chips)
5410fe6: posts small blind $0.05
Hero: posts big blind $0.1
*** HOLE CARDS ***
Dealt to fc677676 
Dealt to d782fc3f 
Dealt to 5410fe6 
Dealt to Hero [Ks 8d]
Dealt to a18f7f14 
Dealt to 568b665e 
a18f7f14: folds
568b665e: calls $0.1
fc677676: folds
d782fc3f: folds
5410fe6: folds
Hero: checks
*** FLOP *** [Ah 6c 6h]
Hero: checks
568b665e: bets $0.13
Hero: folds
Uncalled bet ($0.13) returned to 568b665e
*** SHOWDOWN ***
568b665e collected $0.24 from pot
*** SUMMARY ***
Total pot $0.25 | Rake $0.01 | Jackpot $0 | Bingo $0 | Fortune $0 | Tax $0
Board [Ah 6c 6h]
Seat 1: fc677676 folded before Flop (didn't bet)
Seat 2: d782fc3f (button) folded before Flop (didn't bet)
Seat 3: 5410fe6 (small blind) folded before Flop
Seat 4: Hero (big blind) folded on the Flop
Seat 5: a18f7f14 folded before Flop (didn't bet)
Seat 6: 568b665e won ($0.24)


Poker Hand #HD1779083610: Hold'em No Limit ($0.05/$0.1) - 2024/05/19 13:18:51
Table 'NLHRed14' 6-max Seat #1 is the button
Seat 1: fc677676 ($11.32 in chips)
Seat 2: d782fc3f ($10.33 in chips)
Seat 3: 5410fe6 ($10 in chips)
Seat 4: Hero ($10.03 in chips)
Seat 5: a18f7f14 ($15.43 in chips)
Seat 6: 568b665e ($17 in chips)
d782fc3f: posts small blind $0.05
5410fe6: posts big blind $0.1
*** HOLE CARDS ***
Dealt to fc677676 
Dealt to d782fc3f 
Dealt to 5410fe6 
Dealt to Hero [3s 2h]
Dealt to a18f7f14 
Dealt to 568b665e 
Hero: folds
a18f7f14: folds
568b665e: folds
fc677676: folds
d782fc3f: raises $0.15 to $0.25
5410fe6: raises $0.5 to $0.75
d782fc3f: folds
Uncalled bet ($0.5) returned to 5410fe6
*** SHOWDOWN ***
5410fe6 collected $0.48 from pot
*** SUMMARY ***
Total pot $0.5 | Rake $0.02 | Jackpot $0 | Bingo $0 | Fortune $0 | Tax $0
Seat 1: fc677676 (button) folded before Flop (didn't bet)
Seat 2: d782fc3f (small blind) folded before Flop
Seat 3: 5410fe6 (big blind) collected ($0.48)
Seat 4: Hero folded before Flop (didn't bet)
Seat 5: a18f7f14 folded before Flop (didn't bet)
Seat 6: 568b665e folded before Flop (didn't bet)


Poker Hand #HD1779083532: Hold'em No Limit ($0.05/$0.1) - 2024/05/19 13:18:02
Table 'NLHRed14' 6-max Seat #6 is the button
Seat 1: fc677676 ($11.52 in chips)
Seat 2: d782fc3f ($10.15 in chips)
Seat 4: Hero ($10.03 in chips)
Seat 5: a18f7f14 ($15.43 in chips)
Seat 6: 568b665e ($17 in chips)
fc677676: posts small blind $0.05
d782fc3f: posts big blind $0.1
*** HOLE CARDS ***
Dealt to fc677676 
Dealt to d782fc3f 
Dealt to Hero [9d Ah]
Dealt to a18f7f14 
Dealt to 568b665e 
Hero: folds
a18f7f14: folds
568b665e: folds
fc677676: raises $0.1 to $0.2
d782fc3f: calls $0.1
*** FLOP *** [4d 7s Jd]
fc677676: checks
d782fc3f: bets $0.25
fc677676: folds
Uncalled bet ($0.25) returned to d782fc3f
*** SHOWDOWN ***
d782fc3f collected $0.38 from pot
*** SUMMARY ***
Total pot $0.4 | Rake $0.02 | Jackpot $0 | Bingo $0 | Fortune $0 | Tax $0
Board [4d 7s Jd]
Seat 1: fc677676 (small blind) folded on the Flop
Seat 2: d782fc3f (big blind) won ($0.38)
Seat 4: Hero folded before Flop (didn't bet)
Seat 5: a18f7f14 folded before Flop (didn't bet)
Seat 6: 568b665e (button) folded before Flop (didn't bet)


Poker Hand #HD1779083507: Hold'em No Limit ($0.05/$0.1) - 2024/05/19 13:17:47
Table 'NLHRed14' 6-max Seat #5 is the button
Seat 1: fc677676 ($11.62 in chips)
Seat 2: d782fc3f ($10 in chips)
Seat 4: Hero ($10.03 in chips)
Seat 5: a18f7f14 ($15.43 in chips)
Seat 6: 568b665e ($17.05 in chips)
568b665e: posts small blind $0.05
fc677676: posts big blind $0.1
*** HOLE CARDS ***
Dealt to fc677676 
Dealt to d782fc3f 
Dealt to Hero [8d 3c]
Dealt to a18f7f14 
Dealt to 568b665e 
d782fc3f: raises $0.1 to $0.2
Hero: folds
a18f7f14: folds
568b665e: folds
fc677676: folds
Uncalled bet ($0.1) returned to d782fc3f
*** SHOWDOWN ***
d782fc3f collected $0.25 from pot
*** SUMMARY ***
Total pot $0.25 | Rake $0 | Jackpot $0 | Bingo $0 | Fortune $0 | Tax $0
Seat 1: fc677676 (big blind) folded before Flop
Seat 2: d782fc3f collected ($0.25)
Seat 4: Hero folded before Flop (didn't bet)
Seat 5: a18f7f14 (button) folded before Flop (didn't bet)
Seat 6: 568b665e (small blind) folded before Flop


Poker Hand #HD1779083407: Hold'em No Limit ($0.05/$0.1) - 2024/05/19 13:16:54
Table 'NLHRed14' 6-max Seat #4 is the button
Seat 1: fc677676 ($11.62 in chips)
Seat 2: d782fc3f ($10 in chips)
Seat 4: Hero ($10.03 in chips)
Seat 5: a18f7f14 ($15.66 in chips)
Seat 6: 568b665e ($16.84 in chips)
a18f7f14: posts small blind $0.05
568b665e: posts big blind $0.1
*** HOLE CARDS ***
Dealt to fc677676 
Dealt to d782fc3f 
Dealt to Hero [Qh 8s]
Dealt to a18f7f14 
Dealt to 568b665e 
fc677676: folds
d782fc3f: folds
Hero: folds
a18f7f14: raises $0.13 to $0.23
568b665e: calls $0.13
*** FLOP *** [6s 2d 5d]
a18f7f14: checks
568b665e: checks
*** TURN *** [6s 2d 5d] [Td]
a18f7f14: checks
568b665e: bets $0.23
a18f7f14: folds
Uncalled bet ($0.23) returned to 568b665e
*** SHOWDOWN ***
568b665e collected $0.44 from pot
*** SUMMARY ***
Total pot $0.46 | Rake $0.02 | Jackpot $0 | Bingo $0 | Fortune $0 | Tax $0
Board [6s 2d 5d Td]
Seat 1: fc677676 folded before Flop (didn't bet)
Seat 2: d782fc3f folded before Flop (didn't bet)
Seat 4: Hero (button) folded before Flop (didn't bet)
Seat 5: a18f7f14 (small blind) folded on the Turn
Seat 6: 568b665e (big blind) won ($0.44)


Poker Hand #HD1779083318: Hold'em No Limit ($0.05/$0.1) - 2024/05/19 13:16:02
Table 'NLHRed14' 6-max Seat #2 is the button
Seat 1: fc677676 ($11.62 in chips)
Seat 2: d782fc3f ($10.04 in chips)
Seat 4: Hero ($10.08 in chips)
Seat 5: a18f7f14 ($15.42 in chips)
Seat 6: 568b665e ($16.94 in chips)
Hero: posts small blind $0.05
a18f7f14: posts big blind $0.1
*** HOLE CARDS ***
Dealt to fc677676 
Dealt to d782fc3f 
Dealt to Hero [7h 8d]
Dealt to a18f7f14 
Dealt to 568b665e 
568b665e: calls $0.1
fc677676: folds
d782fc3f: calls $0.1
Hero: folds
a18f7f14: checks
*** FLOP *** [8h Ah 2h]
a18f7f14: checks
568b665e: checks
d782fc3f: checks
*** TURN *** [8h Ah 2h] [Qh]
a18f7f14: checks
568b665e: checks
d782fc3f: checks
*** RIVER *** [8h Ah 2h Qh] [5c]
a18f7f14: checks
568b665e: checks
d782fc3f: checks
a18f7f14: shows [4s 3c] (Fives-High Straight)
568b665e: shows [4d Td] (Ace-High)
d782fc3f: shows [Js 9s] (Ace-High)
*** SHOWDOWN ***
a18f7f14 collected $0.34 from pot
*** SUMMARY ***
Total pot $0.35 | Rake $0.01 | Jackpot $0 | Bingo $0 | Fortune $0 | Tax $0
Board [8h Ah 2h Qh 5c]
Seat 1: fc677676 folded before Flop (didn't bet)
Seat 2: d782fc3f (button) showed [Js 9s] and lost with Ace-High
Seat 4: Hero (small blind) folded before Flop
Seat 5: a18f7f14 (big blind) showed [4s 3c] and won ($0.34) with Fives-High Straight
Seat 6: 568b665e showed [4d Td] and lost with Ace-High


Poker Hand #HD1779083290: Hold'em No Limit ($0.05/$0.1) - 2024/05/19 13:15:47
Table 'NLHRed14' 6-max Seat #1 is the button
Seat 1: fc677676 ($11.47 in chips)
Seat 2: d782fc3f ($10.09 in chips)
Seat 4: Hero ($10.18 in chips)
Seat 5: a18f7f14 ($15.42 in chips)
Seat 6: 568b665e ($16.94 in chips)
d782fc3f: posts small blind $0.05
Hero: posts big blind $0.1
*** HOLE CARDS ***
Dealt to fc677676 
Dealt to d782fc3f 
Dealt to Hero [3s Td]
Dealt to a18f7f14 
Dealt to 568b665e 
a18f7f14: folds
568b665e: folds
fc677676: raises $0.1 to $0.2
d782fc3f: folds
Hero: folds
Uncalled bet ($0.1) returned to fc677676
*** SHOWDOWN ***
fc677676 collected $0.25 from pot
*** SUMMARY ***
Total pot $0.25 | Rake $0 | Jackpot $0 | Bingo $0 | Fortune $0 | Tax $0
Seat 1: fc677676 (button) collected ($0.25)
Seat 2: d782fc3f (small blind) folded before Flop
Seat 4: Hero (big blind) folded before Flop
Seat 5: a18f7f14 folded before Flop (didn't bet)
Seat 6: 568b665e folded before Flop (didn't bet)


Poker Hand #HD1779083171: Hold'em No Limit ($0.05/$0.1) - 2024/05/19 13:14:41
Table 'NLHRed14' 6-max Seat #6 is the button
Seat 1: fc677676 ($11.52 in chips)
Seat 2: d782fc3f ($10.19 in chips)
Seat 3: 31e0a3dc ($4.61 in chips)
Seat 4: Hero ($10.18 in chips)
Seat 5: a18f7f14 ($15.42 in chips)
Seat 6: 568b665e ($12.74 in chips)
fc677676: posts small blind $0.05
d782fc3f: posts big blind $0.1
*** HOLE CARDS ***
Dealt to fc677676 
Dealt to d782fc3f 
Dealt to 31e0a3dc 
Dealt to Hero [5h 8c]
Dealt to a18f7f14 
Dealt to 568b665e 
31e0a3dc: raises $0.15 to $0.25
Hero: folds
a18f7f14: folds
568b665e: calls $0.25
fc677676: folds
d782fc3f: folds
*** FLOP *** [8s 4h Th]
31e0a3dc: bets $0.22
568b665e: raises $0.55 to $0.77
31e0a3dc: calls $0.55
*** TURN *** [8s 4h Th] [Ad]
31e0a3dc: checks
568b665e: bets $2.19
31e0a3dc: raises $1.4 to $3.59 and is all-in
568b665e: calls $1.4
31e0a3dc: shows [7h 9h] (Ace-High)
568b665e: shows [Td Ts] (Three Tens)
*** RIVER *** [8s 4h Th Ad] [2d]
*** SHOWDOWN ***
568b665e collected $8.81 from pot
*** SUMMARY ***
Total pot $9.37 | Rake $0.46 | Jackpot $0.1 | Bingo $0 | Fortune $0 | Tax $0
Board [8s 4h Th Ad 2d]
Seat 1: fc677676 (small blind) folded before Flop
Seat 2: d782fc3f (big blind) folded before Flop
Seat 3: 31e0a3dc showed [7h 9h] and lost with Ace-High
Seat 4: Hero folded before Flop (didn't bet)
Seat 5: a18f7f14 folded before Flop (didn't bet)
Seat 6: 568b665e (button) showed [Td Ts] and won ($8.81) with Three Tens


Poker Hand #HD1779083124: Hold'em No Limit ($0.05/$0.1) - 2024/05/19 13:14:17
Table 'NLHRed14' 6-max Seat #5 is the button
Seat 1: fc677676 ($11.62 in chips)
Seat 2: d782fc3f ($10.19 in chips)
Seat 3: 31e0a3dc ($4.61 in chips)
Seat 4: Hero ($10.18 in chips)
Seat 5: a18f7f14 ($15.27 in chips)
Seat 6: 568b665e ($12.79 in chips)
568b665e: posts small blind $0.05
fc677676: posts big blind $0.1
*** HOLE CARDS ***
Dealt to fc677676 
Dealt to d782fc3f 
Dealt to 31e0a3dc 
Dealt to Hero [Ks 9h]
Dealt to a18f7f14 
Dealt to 568b665e 
d782fc3f: folds
31e0a3dc: folds
Hero: folds
a18f7f14: raises $0.15 to $0.25
568b665e: folds
fc677676: folds
Uncalled bet ($0.15) returned to a18f7f14
*** SHOWDOWN ***
a18f7f14 collected $0.25 from pot
*** SUMMARY ***
Total pot $0.25 | Rake $0 | Jackpot $0 | Bingo $0 | Fortune $0 | Tax $0
Seat 1: fc677676 (big blind) folded before Flop
Seat 2: d782fc3f folded before Flop (didn't bet)
Seat 3: 31e0a3dc folded before Flop (didn't bet)
Seat 4: Hero folded before Flop (didn't bet)
Seat 5: a18f7f14 (button) collected ($0.25)
Seat 6: 568b665e (small blind) folded before Flop


Poker Hand #HD1779083055: Hold'em No Limit ($0.05/$0.1) - 2024/05/19 13:13:37
Table 'NLHRed14' 6-max Seat #4 is the button
Seat 1: fc677676 ($11.39 in chips)
Seat 2: d782fc3f ($10.19 in chips)
Seat 3: 31e0a3dc ($4.61 in chips)
Seat 4: Hero ($10.18 in chips)
Seat 5: a18f7f14 ($15.32 in chips)
Seat 6: 568b665e ($12.99 in chips)
a18f7f14: posts small blind $0.05
568b665e: posts big blind $0.1
*** HOLE CARDS ***
Dealt to fc677676 
Dealt to d782fc3f 
Dealt to 31e0a3dc 
Dealt to Hero [Tc Qh]
Dealt to a18f7f14 
Dealt to 568b665e 
fc677676: raises $0.1 to $0.2
d782fc3f: folds
31e0a3dc: folds
Hero: folds
a18f7f14: folds
568b665e: calls $0.1
*** FLOP *** [9d 5h Js]
568b665e: checks
fc677676: bets $0.34
568b665e: folds
Uncalled bet ($0.34) returned to fc677676
*** SHOWDOWN ***
fc677676 collected $0.43 from pot
*** SUMMARY ***
Total pot $0.45 | Rake $0.02 | Jackpot $0 | Bingo $0 | Fortune $0 | Tax $0
Board [9d 5h Js]
Seat 1: fc677676 won ($0.43)
Seat 2: d782fc3f folded before Flop (didn't bet)
Seat 3: 31e0a3dc folded before Flop (didn't bet)
Seat 4: Hero (button) folded before Flop (didn't bet)
Seat 5: a18f7f14 (small blind) folded before Flop
Seat 6: 568b665e (big blind) folded on the Flop


Poker Hand #HD1779083013: Hold'em No Limit ($0.05/$0.1) - 2024/05/19 13:13:15
Table 'NLHRed14' 6-max Seat #3 is the button
Seat 1: fc677676 ($11.39 in chips)
Seat 2: d782fc3f ($10.19 in chips)
Seat 3: 31e0a3dc ($4.61 in chips)
Seat 4: Hero ($10.23 in chips)
Seat 5: a18f7f14 ($15.42 in chips)
Seat 6: 568b665e ($12.85 in chips)
Hero: posts small blind $0.05
a18f7f14: posts big blind $0.1
*** HOLE CARDS ***
Dealt to fc677676 
Dealt to d782fc3f 
Dealt to 31e0a3dc 
Dealt to Hero [Ts Qd]
Dealt to a18f7f14 
Dealt to 568b665e 
568b665e: calls $0.1
fc677676: folds
d782fc3f: folds
31e0a3dc: folds
Hero: folds
a18f7f14: checks
*** FLOP *** [2d 7d Ks]
a18f7f14: checks
568b665e: checks
*** TURN *** [2d 7d Ks] [9c]
a18f7f14: checks
568b665e: bets $0.13
a18f7f14: folds
Uncalled bet ($0.13) returned to 568b665e
*** SHOWDOWN ***
568b665e collected $0.24 from pot
*** SUMMARY ***
Total pot $0.25 | Rake $0.01 | Jackpot $0 | Bingo $0 | Fortune $0 | Tax $0
Board [2d 7d Ks 9c]
Seat 1: fc677676 folded before Flop (didn't bet)
Seat 2: d782fc3f folded before Flop (didn't bet)
Seat 3: 31e0a3dc (button) folded before Flop (didn't bet)
Seat 4: Hero (small blind) folded before Flop
Seat 5: a18f7f14 (big blind) folded on the Turn
Seat 6: 568b665e won ($0.24)


Poker Hand #HD1779082950: Hold'em No Limit ($0.05/$0.1) - 2024/05/19 13:12:35
Table 'NLHRed14' 6-max Seat #2 is the button
Seat 1: fc677676 ($11.39 in chips)
Seat 2: d782fc3f ($10.19 in chips)
Seat 3: 31e0a3dc ($4.66 in chips)
Seat 4: Hero ($10 in chips)
Seat 5: a18f7f14 ($15.42 in chips)
Seat 6: 568b665e ($13.05 in chips)
31e0a3dc: posts small blind $0.05
Hero: posts big blind $0.1
*** HOLE CARDS ***
Dealt to fc677676 
Dealt to d782fc3f 
Dealt to 31e0a3dc 
Dealt to Hero [Td 5h]
Dealt to a18f7f14 
Dealt to 568b665e 
a18f7f14: folds
568b665e: calls $0.1
fc677676: folds
d782fc3f: folds
31e0a3dc: folds
Hero: checks
*** FLOP *** [6d 9c Ah]
Hero: checks
568b665e: checks
*** TURN *** [6d 9c Ah] [7h]
Hero: bets $0.1
568b665e: calls $0.1
*** RIVER *** [6d 9c Ah 7h] [3c]
Hero: checks
568b665e: checks
Hero: shows [Td 5h] (Ace-High)
568b665e: shows [2h 4h] (Ace-High)
*** SHOWDOWN ***
Hero collected $0.43 from pot
*** SUMMARY ***
Total pot $0.45 | Rake $0.02 | Jackpot $0 | Bingo $0 | Fortune $0 | Tax $0
Board [6d 9c Ah 7h 3c]
Seat 1: fc677676 folded before Flop (didn't bet)
Seat 2: d782fc3f (button) folded before Flop (didn't bet)
Seat 3: 31e0a3dc (small blind) folded before Flop
Seat 4: Hero (big blind) showed [Td 5h] and won ($0.43) with Ace-High
Seat 5: a18f7f14 folded before Flop (didn't bet)
Seat 6: 568b665e showed [2h 4h] and lost with Ace-High


Poker Hand #HD1779082912: Hold'em No Limit ($0.05/$0.1) - 2024/05/19 13:12:12
Table 'NLHRed14' 6-max Seat #1 is the button
Seat 1: fc677676 ($11.39 in chips)
Seat 2: d782fc3f ($10 in chips)
Seat 3: 31e0a3dc ($4.76 in chips)
Seat 4: Hero ($10 in chips)
Seat 5: a18f7f14 ($15.42 in chips)
Seat 6: 568b665e ($13.15 in chips)
d782fc3f: posts small blind $0.05
31e0a3dc: posts big blind $0.1
*** HOLE CARDS ***
Dealt to fc677676 
Dealt to d782fc3f 
Dealt to 31e0a3dc 
Dealt to Hero [Kc 9s]
Dealt to a18f7f14 
Dealt to 568b665e 
Hero: folds
a18f7f14: folds
568b665e: calls $0.1
fc677676: folds
d782fc3f: raises $0.35 to $0.45
31e0a3dc: folds
568b665e: folds
Uncalled bet ($0.35) returned to d782fc3f
*** SHOWDOWN ***
d782fc3f collected $0.29 from pot
*** SUMMARY ***
Total pot $0.3 | Rake $0.01 | Jackpot $0 | Bingo $0 | Fortune $0 | Tax $0
Seat 1: fc677676 (button) folded before Flop (didn't bet)
Seat 2: d782fc3f (small blind) collected ($0.29)
Seat 3: 31e0a3dc (big blind) folded before Flop
Seat 4: Hero folded before Flop (didn't bet)
Seat 5: a18f7f14 folded before Flop (didn't bet)
Seat 6: 568b665e folded before Flop


Poker Hand #HD1779082842: Hold'em No Limit ($0.05/$0.1) - 2024/05/19 13:11:32
Table 'NLHRed14' 6-max Seat #6 is the button
Seat 1: fc677676 ($11.44 in chips)
Seat 2: d782fc3f ($10 in chips)
Seat 3: 31e0a3dc ($4.76 in chips)
Seat 4: Hero ($10 in chips)
Seat 5: a18f7f14 ($15.42 in chips)
Seat 6: 568b665e ($12.02 in chips)
fc677676: posts small blind $0.05
d782fc3f: posts big blind $0.1
*** HOLE CARDS ***
Dealt to fc677676 
Dealt to d782fc3f 
Dealt to 31e0a3dc 
Dealt to Hero [Th Jc]
Dealt to a18f7f14 
Dealt to 568b665e 
31e0a3dc: folds
Hero: folds
a18f7f14: folds
568b665e: raises $0.2 to $0.3
fc677676: folds
d782fc3f: raises $0.9 to $1.2
568b665e: raises $2.45 to $3.65
d782fc3f: folds
Uncalled bet ($2.45) returned to 568b665e
*** SHOWDOWN ***
568b665e collected $2.33 from pot
*** SUMMARY ***
Total pot $2.45 | Rake $0.12 | Jackpot $0 | Bingo $0 | Fortune $0 | Tax $0
Seat 1: fc677676 (small blind) folded before Flop
Seat 2: d782fc3f (big blind) folded before Flop
Seat 3: 31e0a3dc folded before Flop (didn't bet)
Seat 4: Hero folded before Flop (didn't bet)
Seat 5: a18f7f14 folded before Flop (didn't bet)
Seat 6: 568b665e (button) collected ($2.33)


Poker Hand #HD1779082773: Hold'em No Limit ($0.05/$0.1) - 2024/05/19 13:10:52
Table 'NLHRed14' 6-max Seat #5 is the button
Seat 1: fc677676 ($11.54 in chips)
Seat 3: 31e0a3dc ($4.76 in chips)
Seat 4: Hero ($10 in chips)
Seat 5: a18f7f14 ($14.11 in chips)
Seat 6: 568b665e ($13.37 in chips)
568b665e: posts small blind $0.05
fc677676: posts big blind $0.1
*** HOLE CARDS ***
Dealt to fc677676 
Dealt to 31e0a3dc 
Dealt to Hero [2h 3c]
Dealt to a18f7f14 
Dealt to 568b665e 
31e0a3dc: folds
Hero: folds
a18f7f14: raises $0.13 to $0.23
568b665e: calls $0.18
fc677676: folds
*** FLOP *** [6s 8h 4s]
568b665e: bets $0.28
a18f7f14: calls $0.28
*** TURN *** [6s 8h 4s] [Ac]
568b665e: checks
a18f7f14: bets $0.84
568b665e: calls $0.84
*** RIVER *** [6s 8h 4s Ac] [4h]
568b665e: checks
a18f7f14: bets $2.8
568b665e: folds
Uncalled bet ($2.8) returned to a18f7f14
*** SHOWDOWN ***
a18f7f14 collected $2.66 from pot
*** SUMMARY ***
Total pot $2.8 | Rake $0.14 | Jackpot $0 | Bingo $0 | Fortune $0 | Tax $0
Board [6s 8h 4s Ac 4h]
Seat 1: fc677676 (big blind) folded before Flop
Seat 3: 31e0a3dc folded before Flop (didn't bet)
Seat 4: Hero folded before Flop (didn't bet)
Seat 5: a18f7f14 (button) won ($2.66)
Seat 6: 568b665e (small blind) folded on the River


Poker Hand #HD1779082703: Hold'em No Limit ($0.05/$0.1) - 2024/05/19 13:10:12
Table 'NLHRed14' 6-max Seat #4 is the button
Seat 1: fc677676 ($11.54 in chips)
Seat 3: 31e0a3dc ($4.76 in chips)
Seat 4: Hero ($10.15 in chips)
Seat 5: a18f7f14 ($14.16 in chips)
Seat 6: 568b665e ($13.1 in chips)
a18f7f14: posts small blind $0.05
568b665e: posts big blind $0.1
*** HOLE CARDS ***
Dealt to fc677676 
Dealt to 31e0a3dc 
Dealt to Hero [7c 5c]
Dealt to a18f7f14 
Dealt to 568b665e 
fc677676: folds
31e0a3dc: folds
Hero: raises $0.14 to $0.24
a18f7f14: folds
568b665e: calls $0.14
*** FLOP *** [As 9h Jh]
568b665e: checks
Hero: checks
*** TURN *** [As 9h Jh] [3c]
568b665e: bets $0.27
Hero: folds
Uncalled bet ($0.27) returned to 568b665e
*** SHOWDOWN ***
568b665e collected $0.51 from pot
*** SUMMARY ***
Total pot $0.53 | Rake $0.02 | Jackpot $0 | Bingo $0 | Fortune $0 | Tax $0
Board [As 9h Jh 3c]
Seat 1: fc677676 folded before Flop (didn't bet)
Seat 3: 31e0a3dc folded before Flop (didn't bet)
Seat 4: Hero (button) folded on the Turn
Seat 5: a18f7f14 (small blind) folded before Flop
Seat 6: 568b665e (big blind) won ($0.51)


Poker Hand #HD1779082635: Hold'em No Limit ($0.05/$0.1) - 2024/05/19 13:09:33
Table 'NLHRed14' 6-max Seat #3 is the button
Seat 1: fc677676 ($10.96 in chips)
Seat 3: 31e0a3dc ($5.24 in chips)
Seat 4: Hero ($10.2 in chips)
Seat 5: a18f7f14 ($14.26 in chips)
Seat 6: 568b665e ($13.1 in chips)
Hero: posts small blind $0.05
a18f7f14: posts big blind $0.1
*** HOLE CARDS ***
Dealt to fc677676 
Dealt to 31e0a3dc 
Dealt to Hero [4d Jd]
Dealt to a18f7f14 
Dealt to 568b665e 
568b665e: folds
fc677676: raises $0.1 to $0.2
31e0a3dc: calls $0.2
Hero: folds
a18f7f14: folds
*** FLOP *** [9s Th 5d]
fc677676: checks
31e0a3dc: checks
*** TURN *** [9s Th 5d] [9c]
fc677676: checks
31e0a3dc: bets $0.28
fc677676: calls $0.28
*** RIVER *** [9s Th 5d 9c] [3s]
fc677676: checks
31e0a3dc: checks
fc677676: shows [Ts Qs] (Pair of Tens and Pair of Nines)
31e0a3dc: shows [3c 4c] (Pair of Nines and Pair of Treys)
*** SHOWDOWN ***
fc677676 collected $1.06 from pot
*** SUMMARY ***
Total pot $1.11 | Rake $0.05 | Jackpot $0 | Bingo $0 | Fortune $0 | Tax $0
Board [9s Th 5d 9c 3s]
Seat 1: fc677676 showed [Ts Qs] and won ($1.06) with Pair of Tens and Pair of Nines
Seat 3: 31e0a3dc (button) showed [3c 4c] and lost with Pair of Nines and Pair of Treys
Seat 4: Hero (small blind) folded before Flop
Seat 5: a18f7f14 (big blind) folded before Flop
Seat 6: 568b665e folded before Flop (didn't bet)


Poker Hand #HD1779082593: Hold'em No Limit ($0.05/$0.1) - 2024/05/19 13:09:08
Table 'NLHRed14' 6-max Seat #1 is the button
Seat 1: fc677676 ($10.96 in chips)
Seat 3: 31e0a3dc ($5.29 in chips)
Seat 4: Hero ($10.3 in chips)
Seat 5: a18f7f14 ($14.26 in chips)
Seat 6: 568b665e ($12.96 in chips)
31e0a3dc: posts small blind $0.05
Hero: posts big blind $0.1
*** HOLE CARDS ***
Dealt to fc677676 
Dealt to 31e0a3dc 
Dealt to Hero [8c 4d]
Dealt to a18f7f14 
Dealt to 568b665e 
a18f7f14: folds
568b665e: calls $0.1
fc677676: folds
31e0a3dc: folds
Hero: checks
*** FLOP *** [Ac Td Qd]
Hero: checks
568b665e: bets $0.13
Hero: folds
Uncalled bet ($0.13) returned to 568b665e
*** SHOWDOWN ***
568b665e collected $0.24 from pot
*** SUMMARY ***
Total pot $0.25 | Rake $0.01 | Jackpot $0 | Bingo $0 | Fortune $0 | Tax $0
Board [Ac Td Qd]
Seat 1: fc677676 (button) folded before Flop (didn't bet)
Seat 3: 31e0a3dc (small blind) folded before Flop
Seat 4: Hero (big blind) folded on the Flop
Seat 5: a18f7f14 folded before Flop (didn't bet)
Seat 6: 568b665e won ($0.24)


Poker Hand #HD1779082552: Hold'em No Limit ($0.05/$0.1) - 2024/05/19 13:08:45
Table 'NLHRed14' 6-max Seat #6 is the button
Seat 1: fc677676 ($10.86 in chips)
Seat 3: 31e0a3dc ($5.39 in chips)
Seat 4: Hero ($10.3 in chips)
Seat 5: a18f7f14 ($14.26 in chips)
Seat 6: 568b665e ($12.96 in chips)
fc677676: posts small blind $0.05
31e0a3dc: posts big blind $0.1
*** HOLE CARDS ***
Dealt to fc677676 
Dealt to 31e0a3dc 
Dealt to Hero [9h Qd]
Dealt to a18f7f14 
Dealt to 568b665e 
Hero: folds
a18f7f14: folds
568b665e: folds
fc677676: raises $0.1 to $0.2
31e0a3dc: folds
Uncalled bet ($0.1) returned to fc677676
*** SHOWDOWN ***
fc677676 collected $0.2 from pot
*** SUMMARY ***
Total pot $0.2 | Rake $0 | Jackpot $0 | Bingo $0 | Fortune $0 | Tax $0
Seat 1: fc677676 (small blind) collected ($0.2)
Seat 3: 31e0a3dc (big blind) folded before Flop
Seat 4: Hero folded before Flop (didn't bet)
Seat 5: a18f7f14 folded before Flop (didn't bet)
Seat 6: 568b665e (button) folded before Flop (didn't bet)


Poker Hand #HD1779082510: Hold'em No Limit ($0.05/$0.1) - 2024/05/19 13:08:22
Table 'NLHRed14' 6-max Seat #5 is the button
Seat 1: fc677676 ($10.96 in chips)
Seat 2: b9ed901c ($28.04 in chips)
Seat 3: 31e0a3dc ($5.39 in chips)
Seat 4: Hero ($10.15 in chips)
Seat 5: a18f7f14 ($14.26 in chips)
Seat 6: 568b665e ($13.01 in chips)
568b665e: posts small blind $0.05
fc677676: posts big blind $0.1
*** HOLE CARDS ***
Dealt to fc677676 
Dealt to b9ed901c 
Dealt to 31e0a3dc 
Dealt to Hero [Qd As]
Dealt to a18f7f14 
Dealt to 568b665e 
b9ed901c: folds
31e0a3dc: folds
Hero: raises $0.14 to $0.24
a18f7f14: folds
568b665e: folds
fc677676: folds
Uncalled bet ($0.14) returned to Hero
*** SHOWDOWN ***
Hero collected $0.25 from pot
*** SUMMARY ***
Total pot $0.25 | Rake $0 | Jackpot $0 | Bingo $0 | Fortune $0 | Tax $0
Seat 1: fc677676 (big blind) folded before Flop
Seat 2: b9ed901c folded before Flop (didn't bet)
Seat 3: 31e0a3dc folded before Flop (didn't bet)
Seat 4: Hero collected ($0.25)
Seat 5: a18f7f14 (button) folded before Flop (didn't bet)
Seat 6: 568b665e (small blind) folded before Flop


Poker Hand #HD1779082395: Hold'em No Limit ($0.05/$0.1) - 2024/05/19 13:07:15
Table 'NLHRed14' 6-max Seat #4 is the button
Seat 1: fc677676 ($10.96 in chips)
Seat 2: b9ed901c ($27.67 in chips)
Seat 3: 31e0a3dc ($5.39 in chips)
Seat 4: Hero ($10.15 in chips)
Seat 5: a18f7f14 ($14.46 in chips)
Seat 6: 568b665e ($13.21 in chips)
a18f7f14: posts small blind $0.05
568b665e: posts big blind $0.1
*** HOLE CARDS ***
Dealt to fc677676 
Dealt to b9ed901c 
Dealt to 31e0a3dc 
Dealt to Hero [Qs Td]
Dealt to a18f7f14 
Dealt to 568b665e 
fc677676: folds
b9ed901c: raises $0.1 to $0.2
31e0a3dc: folds
Hero: folds
a18f7f14: calls $0.15
568b665e: calls $0.1
*** FLOP *** [7d 5d 6c]
a18f7f14: checks
568b665e: checks
b9ed901c: checks
*** TURN *** [7d 5d 6c] [Ks]
a18f7f14: checks
568b665e: checks
b9ed901c: bets $0.45
a18f7f14: folds
568b665e: folds
Uncalled bet ($0.45) returned to b9ed901c
*** SHOWDOWN ***
b9ed901c collected $0.57 from pot
*** SUMMARY ***
Total pot $0.6 | Rake $0.03 | Jackpot $0 | Bingo $0 | Fortune $0 | Tax $0
Board [7d 5d 6c Ks]
Seat 1: fc677676 folded before Flop (didn't bet)
Seat 2: b9ed901c won ($0.57)
Seat 3: 31e0a3dc folded before Flop (didn't bet)
Seat 4: Hero (button) folded before Flop (didn't bet)
Seat 5: a18f7f14 (small blind) folded on the Turn
Seat 6: 568b665e (big blind) folded on the Turn


Poker Hand #HD1779082366: Hold'em No Limit ($0.05/$0.1) - 2024/05/19 13:06:58
Table 'NLHRed14' 6-max Seat #3 is the button
Seat 1: fc677676 ($10.96 in chips)
Seat 2: b9ed901c ($27.67 in chips)
Seat 3: 31e0a3dc ($5.39 in chips)
Seat 4: Hero ($10.05 in chips)
Seat 5: a18f7f14 ($14.56 in chips)
Seat 6: 568b665e ($13.21 in chips)
Hero: posts small blind $0.05
a18f7f14: posts big blind $0.1
*** HOLE CARDS ***
Dealt to fc677676 
Dealt to b9ed901c 
Dealt to 31e0a3dc 
Dealt to Hero [Kd 3d]
Dealt to a18f7f14 
Dealt to 568b665e 
568b665e: folds
fc677676: folds
b9ed901c: folds
31e0a3dc: folds
Hero: raises $0.2 to $0.3
a18f7f14: folds
Uncalled bet ($0.2) returned to Hero
*** SHOWDOWN ***
Hero collected $0.2 from pot
*** SUMMARY ***
Total pot $0.2 | Rake $0 | Jackpot $0 | Bingo $0 | Fortune $0 | Tax $0
Seat 1: fc677676 folded before Flop (didn't bet)
Seat 2: b9ed901c folded before Flop (didn't bet)
Seat 3: 31e0a3dc (button) folded before Flop (didn't bet)
Seat 4: Hero (small blind) collected ($0.2)
Seat 5: a18f7f14 (big blind) folded before Flop
Seat 6: 568b665e folded before Flop (didn't bet)


Poker Hand #HD1779082342: Hold'em No Limit ($0.05/$0.1) - 2024/05/19 13:06:40
Table 'NLHRed14' 6-max Seat #2 is the button
Seat 1: fc677676 ($10.96 in chips)
Seat 2: b9ed901c ($27.67 in chips)
Seat 3: 31e0a3dc ($5.44 in chips)
Seat 4: Hero ($10 in chips)
Seat 5: a18f7f14 ($14.56 in chips)
Seat 6: 568b665e ($13.21 in chips)
31e0a3dc: posts small blind $0.05
Hero: posts big blind $0.1
*** HOLE CARDS ***
Dealt to fc677676 
Dealt to b9ed901c 
Dealt to 31e0a3dc 
Dealt to Hero [Qs 3s]
Dealt to a18f7f14 
Dealt to 568b665e 
a18f7f14: folds
568b665e: folds
fc677676: folds
b9ed901c: folds
31e0a3dc: folds
Uncalled bet ($0.05) returned to Hero
*** SHOWDOWN ***
Hero collected $0.1 from pot
*** SUMMARY ***
Total pot $0.1 | Rake $0 | Jackpot $0 | Bingo $0 | Fortune $0 | Tax $0
Seat 1: fc677676 folded before Flop (didn't bet)
Seat 2: b9ed901c (button) folded before Flop (didn't bet)
Seat 3: 31e0a3dc (small blind) folded before Flop
Seat 4: Hero (big blind) collected ($0.1)
Seat 5: a18f7f14 folded before Flop (didn't bet)
Seat 6: 568b665e folded before Flop (didn't bet)


Poker Hand #HD1779082290: Hold'em No Limit ($0.05/$0.1) - 2024/05/19 13:06:13
Table 'NLHRed14' 6-max Seat #1 is the button
Seat 1: fc677676 ($10.96 in chips)
Seat 2: b9ed901c ($27.72 in chips)
Seat 3: 31e0a3dc ($5 in chips)
Seat 4: Hero ($10 in chips)
Seat 5: a18f7f14 ($14.56 in chips)
Seat 6: 568b665e ($13.21 in chips)
b9ed901c: posts small blind $0.05
31e0a3dc: posts big blind $0.1
*** HOLE CARDS ***
Dealt to fc677676 
Dealt to b9ed901c 
Dealt to 31e0a3dc 
Dealt to Hero [8d 8s]
Dealt to a18f7f14 
Dealt to 568b665e 
Hero: raises $0.1 to $0.2
a18f7f14: folds
568b665e: folds
fc677676: folds
b9ed901c: folds
31e0a3dc: calls $0.1
*** FLOP *** [Js 3c 4h]
31e0a3dc: checks
Hero: checks
*** TURN *** [Js 3c 4h] [4d]
31e0a3dc: bets $0.23
Hero: calls $0.23
*** RIVER *** [Js 3c 4h 4d] [Th]
31e0a3dc: bets $0.46
Hero: folds
Uncalled bet ($0.46) returned to 31e0a3dc
*** SHOWDOWN ***
31e0a3dc collected $0.87 from pot
*** SUMMARY ***
Total pot $0.91 | Rake $0.04 | Jackpot $0 | Bingo $0 | Fortune $0 | Tax $0
Board [Js 3c 4h 4d Th]
Seat 1: fc677676 (button) folded before Flop (didn't bet)
Seat 2: b9ed901c (small blind) folded before Flop
Seat 3: 31e0a3dc (big blind) won ($0.87)
Seat 4: Hero folded on the River
Seat 5: a18f7f14 folded before Flop (didn't bet)
Seat 6: 568b665e folded before Flop (didn't bet)


Poker Hand #HD1779082192: Hold'em No Limit ($0.05/$0.1) - 2024/05/19 13:05:16
Table 'NLHRed14' 6-max Seat #6 is the button
Seat 1: fc677676 ($11.01 in chips)
Seat 2: b9ed901c ($27.82 in chips)
Seat 3: 31e0a3dc ($5 in chips)
Seat 4: Hero ($10 in chips)
Seat 5: a18f7f14 ($15.11 in chips)
Seat 6: 568b665e ($12.57 in chips)
fc677676: posts small blind $0.05
b9ed901c: posts big blind $0.1
*** HOLE CARDS ***
Dealt to fc677676 
Dealt to b9ed901c 
Dealt to 31e0a3dc 
Dealt to Hero [3h 6h]
Dealt to a18f7f14 
Dealt to 568b665e 
31e0a3dc: folds
Hero: folds
a18f7f14: raises $0.2 to $0.3
568b665e: calls $0.3
fc677676: folds
b9ed901c: folds
*** FLOP *** [8h 8d Td]
a18f7f14: checks
568b665e: bets $0.25
a18f7f14: calls $0.25
*** TURN *** [8h 8d Td] [Th]
a18f7f14: checks
568b665e: bets $0.63
a18f7f14: folds
Uncalled bet ($0.63) returned to 568b665e
*** SHOWDOWN ***
568b665e collected $1.19 from pot
*** SUMMARY ***
Total pot $1.25 | Rake $0.06 | Jackpot $0 | Bingo $0 | Fortune $0 | Tax $0
Board [8h 8d Td Th]
Seat 1: fc677676 (small blind) folded before Flop
Seat 2: b9ed901c (big blind) folded before Flop
Seat 3: 31e0a3dc folded before Flop (didn't bet)
Seat 4: Hero folded before Flop (didn't bet)
Seat 5: a18f7f14 folded on the Turn
Seat 6: 568b665e (button) won ($1.19)


Poker Hand #HD1779082158: Hold'em No Limit ($0.05/$0.1) - 2024/05/19 13:04:48
Table 'NLHRed14' 6-max Seat #5 is the button
Seat 1: fc677676 ($11.11 in chips)
Seat 2: b9ed901c ($27.82 in chips)
Seat 3: 31e0a3dc ($5 in chips)
Seat 4: Hero ($10.09 in chips)
Seat 5: a18f7f14 ($15.11 in chips)
Seat 6: 568b665e ($12.25 in chips)
568b665e: posts small blind $0.05
fc677676: posts big blind $0.1
*** HOLE CARDS ***
Dealt to fc677676 
Dealt to b9ed901c 
Dealt to 31e0a3dc 
Dealt to Hero [Th Ks]
Dealt to a18f7f14 
Dealt to 568b665e 
b9ed901c: folds
31e0a3dc: folds
Hero: raises $0.14 to $0.24
a18f7f14: folds
568b665e: raises $0.58 to $0.82
fc677676: folds
Hero: folds
Uncalled bet ($0.58) returned to 568b665e
*** SHOWDOWN ***
568b665e collected $0.56 from pot
*** SUMMARY ***
Total pot $0.58 | Rake $0.02 | Jackpot $0 | Bingo $0 | Fortune $0 | Tax $0
Seat 1: fc677676 (big blind) folded before Flop
Seat 2: b9ed901c folded before Flop (didn't bet)
Seat 3: 31e0a3dc folded before Flop (didn't bet)
Seat 4: Hero folded before Flop
Seat 5: a18f7f14 (button) folded before Flop (didn't bet)
Seat 6: 568b665e (small blind) collected ($0.56)


Poker Hand #HD1779082140: Hold'em No Limit ($0.05/$0.1) - 2024/05/19 13:04:38
Table 'NLHRed14' 6-max Seat #4 is the button
Seat 2: b9ed901c ($27.82 in chips)
Seat 3: 31e0a3dc ($4.85 in chips)
Seat 4: Hero ($10.09 in chips)
Seat 5: a18f7f14 ($15.16 in chips)
Seat 6: 568b665e ($12.35 in chips)
a18f7f14: posts small blind $0.05
568b665e: posts big blind $0.1
*** HOLE CARDS ***
Dealt to b9ed901c 
Dealt to 31e0a3dc 
Dealt to Hero [7s 6d]
Dealt to a18f7f14 
Dealt to 568b665e 
b9ed901c: folds
31e0a3dc: raises $0.15 to $0.25
Hero: folds
a18f7f14: folds
568b665e: folds
Uncalled bet ($0.15) returned to 31e0a3dc
*** SHOWDOWN ***
31e0a3dc collected $0.25 from pot
*** SUMMARY ***
Total pot $0.25 | Rake $0 | Jackpot $0 | Bingo $0 | Fortune $0 | Tax $0
Seat 2: b9ed901c folded before Flop (didn't bet)
Seat 3: 31e0a3dc collected ($0.25)
Seat 4: Hero (button) folded before Flop (didn't bet)
Seat 5: a18f7f14 (small blind) folded before Flop
Seat 6: 568b665e (big blind) folded before Flop


Poker Hand #HD1779082106: Hold'em No Limit ($0.05/$0.1) - 2024/05/19 13:04:17
Table 'NLHRed14' 6-max Seat #3 is the button
Seat 2: b9ed901c ($27.82 in chips)
Seat 3: 31e0a3dc ($4.85 in chips)
Seat 4: Hero ($10.14 in chips)
Seat 5: a18f7f14 ($15.02 in chips)
Seat 6: 568b665e ($12.45 in chips)
Hero: posts small blind $0.05
a18f7f14: posts big blind $0.1
*** HOLE CARDS ***
Dealt to b9ed901c 
Dealt to 31e0a3dc 
Dealt to Hero [6c Th]
Dealt to a18f7f14 
Dealt to 568b665e 
568b665e: calls $0.1
b9ed901c: folds
31e0a3dc: folds
Hero: folds
a18f7f14: checks
*** FLOP *** [9h Ah 8d]
a18f7f14: checks
568b665e: checks
*** TURN *** [9h Ah 8d] [3s]
a18f7f14: bets $0.13
568b665e: folds
Uncalled bet ($0.13) returned to a18f7f14
*** SHOWDOWN ***
a18f7f14 collected $0.24 from pot
*** SUMMARY ***
Total pot $0.25 | Rake $0.01 | Jackpot $0 | Bingo $0 | Fortune $0 | Tax $0
Board [9h Ah 8d 3s]
Seat 2: b9ed901c folded before Flop (didn't bet)
Seat 3: 31e0a3dc (button) folded before Flop (didn't bet)
Seat 4: Hero (small blind) folded before Flop
Seat 5: a18f7f14 (big blind) won ($0.24)
Seat 6: 568b665e folded on the Turn


Poker Hand #HD1779082062: Hold'em No Limit ($0.05/$0.1) - 2024/05/19 13:03:48
Table 'NLHRed14' 6-max Seat #2 is the button
Seat 2: b9ed901c ($27.31 in chips)
Seat 3: 31e0a3dc ($4.9 in chips)
Seat 4: Hero ($10.24 in chips)
Seat 5: a18f7f14 ($15.02 in chips)
Seat 6: 568b665e ($12.85 in chips)
31e0a3dc: posts small blind $0.05
Hero: posts big blind $0.1
*** HOLE CARDS ***
Dealt to b9ed901c 
Dealt to 31e0a3dc 
Dealt to Hero [3c 5s]
Dealt to a18f7f14 
Dealt to 568b665e 
a18f7f14: folds
568b665e: calls $0.1
b9ed901c: raises $0.3 to $0.4
31e0a3dc: folds
Hero: folds
568b665e: calls $0.3
*** FLOP *** [Jc 4s Js]
568b665e: checks
b9ed901c: checks
*** TURN *** [Jc 4s Js] [3h]
568b665e: checks
b9ed901c: checks
*** RIVER *** [Jc 4s Js 3h] [As]
568b665e: checks
b9ed901c: checks
568b665e: shows [6h Kh] (Pair of Jacks)
b9ed901c: shows [Ad 5d] (Pair of Aces and Pair of Jacks)
*** SHOWDOWN ***
b9ed901c collected $0.91 from pot
*** SUMMARY ***
Total pot $0.95 | Rake $0.04 | Jackpot $0 | Bingo $0 | Fortune $0 | Tax $0
Board [Jc 4s Js 3h As]
Seat 2: b9ed901c (button) showed [Ad 5d] and won ($0.91) with Pair of Aces and Pair of Jacks
Seat 3: 31e0a3dc (small blind) folded before Flop
Seat 4: Hero (big blind) folded before Flop
Seat 5: a18f7f14 folded before Flop (didn't bet)
Seat 6: 568b665e showed [6h Kh] and lost with Pair of Jacks


Poker Hand #HD1779082047: Hold'em No Limit ($0.05/$0.1) - 2024/05/19 13:03:38
Table 'NLHRed14' 6-max Seat #6 is the button
Seat 2: b9ed901c ($27.21 in chips)
Seat 3: 31e0a3dc ($5 in chips)
Seat 4: Hero ($10.24 in chips)
Seat 5: a18f7f14 ($15.02 in chips)
Seat 6: 568b665e ($12.85 in chips)
b9ed901c: posts small blind $0.05
31e0a3dc: posts big blind $0.1
*** HOLE CARDS ***
Dealt to b9ed901c 
Dealt to 31e0a3dc 
Dealt to Hero [8d Kc]
Dealt to a18f7f14 
Dealt to 568b665e 
Hero: folds
a18f7f14: folds
568b665e: folds
b9ed901c: raises $0.2 to $0.3
31e0a3dc: folds
Uncalled bet ($0.2) returned to b9ed901c
*** SHOWDOWN ***
b9ed901c collected $0.2 from pot
*** SUMMARY ***
Total pot $0.2 | Rake $0 | Jackpot $0 | Bingo $0 | Fortune $0 | Tax $0
Seat 2: b9ed901c (small blind) collected ($0.2)
Seat 3: 31e0a3dc (big blind) folded before Flop
Seat 4: Hero folded before Flop (didn't bet)
Seat 5: a18f7f14 folded before Flop (didn't bet)
Seat 6: 568b665e (button) folded before Flop (didn't bet)


Poker Hand #HD1779082012: Hold'em No Limit ($0.05/$0.1) - 2024/05/19 13:03:20
Table 'NLHRed14' 6-max Seat #5 is the button
Seat 2: b9ed901c ($27.12 in chips)
Seat 4: Hero ($10.24 in chips)
Seat 5: a18f7f14 ($15.02 in chips)
Seat 6: 568b665e ($12.95 in chips)
568b665e: posts small blind $0.05
b9ed901c: posts big blind $0.1
*** HOLE CARDS ***
Dealt to b9ed901c 
Dealt to Hero [2c Th]
Dealt to a18f7f14 
Dealt to 568b665e 
Hero: folds
a18f7f14: folds
568b665e: calls $0.05
b9ed901c: checks
*** FLOP *** [6h 3c Jh]
568b665e: checks
b9ed901c: checks
*** TURN *** [6h 3c Jh] [3s]
568b665e: checks
b9ed901c: bets $0.15
568b665e: folds
Uncalled bet ($0.15) returned to b9ed901c
*** SHOWDOWN ***
b9ed901c collected $0.19 from pot
*** SUMMARY ***
Total pot $0.2 | Rake $0.01 | Jackpot $0 | Bingo $0 | Fortune $0 | Tax $0
Board [6h 3c Jh 3s]
Seat 2: b9ed901c (big blind) won ($0.19)
Seat 4: Hero folded before Flop (didn't bet)
Seat 5: a18f7f14 (button) folded before Flop (didn't bet)
Seat 6: 568b665e (small blind) folded on the Turn


Poker Hand #HD1779081989: Hold'em No Limit ($0.05/$0.1) - 2024/05/19 13:03:09
Table 'NLHRed14' 6-max Seat #4 is the button
Seat 2: b9ed901c ($27.12 in chips)
Seat 4: Hero ($10.24 in chips)
Seat 5: a18f7f14 ($15.07 in chips)
Seat 6: 568b665e ($12.9 in chips)
a18f7f14: posts small blind $0.05
568b665e: posts big blind $0.1
*** HOLE CARDS ***
Dealt to b9ed901c 
Dealt to Hero [4d 9s]
Dealt to a18f7f14 
Dealt to 568b665e 
b9ed901c: folds
Hero: folds
a18f7f14: folds
Uncalled bet ($0.05) returned to 568b665e
*** SHOWDOWN ***
568b665e collected $0.1 from pot
*** SUMMARY ***
Total pot $0.1 | Rake $0 | Jackpot $0 | Bingo $0 | Fortune $0 | Tax $0
Seat 2: b9ed901c folded before Flop (didn't bet)
Seat 4: Hero (button) folded before Flop (didn't bet)
Seat 5: a18f7f14 (small blind) folded before Flop
Seat 6: 568b665e (big blind) collected ($0.1)


Poker Hand #HD1779081902: Hold'em No Limit ($0.05/$0.1) - 2024/05/19 13:02:16
Table 'NLHRed14' 6-max Seat #2 is the button
Seat 1: fc677676 ($11.11 in chips)
Seat 2: b9ed901c ($26.97 in chips)
Seat 4: Hero ($10.29 in chips)
Seat 5: a18f7f14 ($15.17 in chips)
Seat 6: 568b665e ($12.9 in chips)
Hero: posts small blind $0.05
a18f7f14: posts big blind $0.1
*** HOLE CARDS ***
Dealt to fc677676 
Dealt to b9ed901c 
Dealt to Hero [8h 5s]
Dealt to a18f7f14 
Dealt to 568b665e 
568b665e: folds
fc677676: folds
b9ed901c: raises $0.15 to $0.25
Hero: folds
a18f7f14: folds
Uncalled bet ($0.15) returned to b9ed901c
*** SHOWDOWN ***
b9ed901c collected $0.25 from pot
*** SUMMARY ***
Total pot $0.25 | Rake $0 | Jackpot $0 | Bingo $0 | Fortune $0 | Tax $0
Seat 1: fc677676 folded before Flop (didn't bet)
Seat 2: b9ed901c (button) collected ($0.25)
Seat 4: Hero (small blind) folded before Flop
Seat 5: a18f7f14 (big blind) folded before Flop
Seat 6: 568b665e folded before Flop (didn't bet)


Poker Hand #HD1779081810: Hold'em No Limit ($0.05/$0.1) - 2024/05/19 13:01:25
Table 'NLHRed14' 6-max Seat #1 is the button
Seat 1: fc677676 ($11.11 in chips)
Seat 2: b9ed901c ($27.02 in chips)
Seat 3: 31e0a3dc ($4.75 in chips)
Seat 4: Hero ($10.29 in chips)
Seat 5: a18f7f14 ($10.94 in chips)
Seat 6: 568b665e ($12.9 in chips)
b9ed901c: posts small blind $0.05
31e0a3dc: posts big blind $0.1
*** HOLE CARDS ***
Dealt to fc677676 
Dealt to b9ed901c 
Dealt to 31e0a3dc 
Dealt to Hero [3s 7c]
Dealt to a18f7f14 
Dealt to 568b665e 
Hero: folds
a18f7f14: raises $0.15 to $0.25
568b665e: folds
fc677676: folds
b9ed901c: folds
31e0a3dc: raises $0.55 to $0.8
a18f7f14: raises $10.14 to $10.94 and is all-in
31e0a3dc: calls $3.95 and is all-in
Uncalled bet ($6.19) returned to a18f7f14
a18f7f14: shows [Ah Ks]
31e0a3dc: shows [Qs As]
*** FLOP *** [3c 9h 8d]
*** TURN *** [3c 9h 8d] [Th]
*** RIVER *** [3c 9h 8d Th] [8s]
*** SHOWDOWN ***
a18f7f14 collected $8.98 from pot
*** SUMMARY ***
Total pot $9.55 | Rake $0.47 | Jackpot $0.1 | Bingo $0 | Fortune $0 | Tax $0
Board [3c 9h 8d Th 8s]
Seat 1: fc677676 (button) folded before Flop (didn't bet)
Seat 2: b9ed901c (small blind) folded before Flop
Seat 3: 31e0a3dc (big blind) showed [Qs As] and lost with Pair of Eights
Seat 4: Hero folded before Flop (didn't bet)
Seat 5: a18f7f14 showed [Ah Ks] and won ($8.98) with Pair of Eights
Seat 6: 568b665e folded before Flop (didn't bet)


Poker Hand #HD1779081738: Hold'em No Limit ($0.05/$0.1) - 2024/05/19 13:00:44
Table 'NLHRed14' 6-max Seat #6 is the button
Seat 1: fc677676 ($11.16 in chips)
Seat 2: b9ed901c ($27.12 in chips)
Seat 3: 31e0a3dc ($5 in chips)
Seat 4: Hero ($10.29 in chips)
Seat 5: a18f7f14 ($10.33 in chips)
Seat 6: 568b665e ($13.15 in chips)
fc677676: posts small blind $0.05
b9ed901c: posts big blind $0.1
*** HOLE CARDS ***
Dealt to fc677676 
Dealt to b9ed901c 
Dealt to 31e0a3dc 
Dealt to Hero [Qs 8c]
Dealt to a18f7f14 
Dealt to 568b665e 
31e0a3dc: raises $0.15 to $0.25
Hero: folds
a18f7f14: calls $0.25
568b665e: calls $0.25
fc677676: folds
b9ed901c: folds
*** FLOP *** [3c 6h Jc]
31e0a3dc: checks
a18f7f14: checks
568b665e: checks
*** TURN *** [3c 6h Jc] [5h]
31e0a3dc: checks
a18f7f14: checks
568b665e: checks
*** RIVER *** [3c 6h Jc 5h] [8h]
31e0a3dc: checks
a18f7f14: checks
568b665e: checks
31e0a3dc: shows [As Qd] (Ace-High)
a18f7f14: shows [7d 8d] (Pair of Eights)
568b665e: shows [Qh Tc] (Queen-High)
*** SHOWDOWN ***
a18f7f14 collected $0.86 from pot
*** SUMMARY ***
Total pot $0.9 | Rake $0.04 | Jackpot $0 | Bingo $0 | Fortune $0 | Tax $0
Board [3c 6h Jc 5h 8h]
Seat 1: fc677676 (small blind) folded before Flop
Seat 2: b9ed901c (big blind) folded before Flop
Seat 3: 31e0a3dc showed [As Qd] and lost with Ace-High
Seat 4: Hero folded before Flop (didn't bet)
Seat 5: a18f7f14 showed [7d 8d] and won ($0.86) with Pair of Eights
Seat 6: 568b665e (button) showed [Qh Tc] and lost with Queen-High


Poker Hand #HD1779081717: Hold'em No Limit ($0.05/$0.1) - 2024/05/19 13:00:32
Table 'NLHRed14' 6-max Seat #5 is the button
Seat 1: fc677676 ($11.11 in chips)
Seat 2: b9ed901c ($27.12 in chips)
Seat 4: Hero ($10.29 in chips)
Seat 5: a18f7f14 ($10.33 in chips)
Seat 6: 568b665e ($13.2 in chips)
568b665e: posts small blind $0.05
fc677676: posts big blind $0.1
*** HOLE CARDS ***
Dealt to fc677676 
Dealt to b9ed901c 
Dealt to Hero [9d 7c]
Dealt to a18f7f14 
Dealt to 568b665e 
b9ed901c: folds
Hero: folds
a18f7f14: folds
568b665e: folds
Uncalled bet ($0.05) returned to fc677676
*** SHOWDOWN ***
fc677676 collected $0.1 from pot
*** SUMMARY ***
Total pot $0.1 | Rake $0 | Jackpot $0 | Bingo $0 | Fortune $0 | Tax $0
Seat 1: fc677676 (big blind) collected ($0.1)
Seat 2: b9ed901c folded before Flop (didn't bet)
Seat 4: Hero folded before Flop (didn't bet)
Seat 5: a18f7f14 (button) folded before Flop (didn't bet)
Seat 6: 568b665e (small blind) folded before Flop


Poker Hand #HD1779081613: Hold'em No Limit ($0.05/$0.1) - 2024/05/19 12:59:34
Table 'NLHRed14' 6-max Seat #4 is the button
Seat 2: b9ed901c ($27.12 in chips)
Seat 3: 31e0a3dc ($5.72 in chips)
Seat 4: Hero ($10.29 in chips)
Seat 5: a18f7f14 ($10.38 in chips)
Seat 6: 568b665e ($8.1 in chips)
a18f7f14: posts small blind $0.05
568b665e: posts big blind $0.1
*** HOLE CARDS ***
Dealt to b9ed901c 
Dealt to 31e0a3dc 
Dealt to Hero [3d 8d]
Dealt to a18f7f14 
Dealt to 568b665e 
b9ed901c: folds
31e0a3dc: raises $0.15 to $0.25
Hero: folds
a18f7f14: folds
568b665e: raises $0.55 to $0.8
31e0a3dc: raises $1.65 to $2.45
568b665e: calls $1.65
*** FLOP *** [9s 7c Qh]
568b665e: checks
31e0a3dc: checks
*** TURN *** [9s 7c Qh] [4s]
568b665e: checks
31e0a3dc: bets $2.48
568b665e: raises $3.17 to $5.65 and is all-in
31e0a3dc: calls $0.79 and is all-in
Uncalled bet ($2.38) returned to 568b665e
568b665e: shows [8h 6h] (Queen-High)
31e0a3dc: shows [Ac Kc] (Ace-High)
*** RIVER *** [9s 7c Qh 4s] [Ts]
*** SHOWDOWN ***
568b665e collected $10.82 from pot
*** SUMMARY ***
Total pot $11.49 | Rake $0.57 | Jackpot $0.1 | Bingo $0 | Fortune $0 | Tax $0
Board [9s 7c Qh 4s Ts]
Seat 2: b9ed901c folded before Flop (didn't bet)
Seat 3: 31e0a3dc showed [Ac Kc] and lost with Ace-High
Seat 4: Hero (button) folded before Flop (didn't bet)
Seat 5: a18f7f14 (small blind) folded before Flop
Seat 6: 568b665e (big blind) showed [8h 6h] and won ($10.82) with Tens-High Straight


Poker Hand #HD1779081595: Hold'em No Limit ($0.05/$0.1) - 2024/05/19 12:59:23
Table 'NLHRed14' 6-max Seat #3 is the button
Seat 2: b9ed901c ($27.12 in chips)
Seat 3: 31e0a3dc ($5.57 in chips)
Seat 4: Hero ($10.34 in chips)
Seat 5: a18f7f14 ($10.48 in chips)
Seat 6: 568b665e ($8.1 in chips)
Hero: posts small blind $0.05
a18f7f14: posts big blind $0.1
*** HOLE CARDS ***
Dealt to b9ed901c 
Dealt to 31e0a3dc 
Dealt to Hero [Ks 7h]
Dealt to a18f7f14 
Dealt to 568b665e 
568b665e: folds
b9ed901c: folds
31e0a3dc: raises $0.15 to $0.25
Hero: folds
a18f7f14: folds
Uncalled bet ($0.15) returned to 31e0a3dc
*** SHOWDOWN ***
31e0a3dc collected $0.25 from pot
*** SUMMARY ***
Total pot $0.25 | Rake $0 | Jackpot $0 | Bingo $0 | Fortune $0 | Tax $0
Seat 2: b9ed901c folded before Flop (didn't bet)
Seat 3: 31e0a3dc (button) collected ($0.25)
Seat 4: Hero (small blind) folded before Flop
Seat 5: a18f7f14 (big blind) folded before Flop
Seat 6: 568b665e folded before Flop (didn't bet)


Poker Hand #HD1779081554: Hold'em No Limit ($0.05/$0.1) - 2024/05/19 12:58:57
Table 'NLHRed14' 6-max Seat #2 is the button
Seat 2: b9ed901c ($27.12 in chips)
Seat 3: 31e0a3dc ($5.62 in chips)
Seat 4: Hero ($10.2 in chips)
Seat 5: a18f7f14 ($10.48 in chips)
Seat 6: 568b665e ($8.2 in chips)
31e0a3dc: posts small blind $0.05
Hero: posts big blind $0.1
*** HOLE CARDS ***
Dealt to b9ed901c 
Dealt to 31e0a3dc 
Dealt to Hero [5s 3h]
Dealt to a18f7f14 
Dealt to 568b665e 
a18f7f14: folds
568b665e: calls $0.1
b9ed901c: folds
31e0a3dc: folds
Hero: checks
*** FLOP *** [Qh 7s 6d]
Hero: checks
568b665e: checks
*** TURN *** [Qh 7s 6d] [2d]
Hero: bets $0.17
568b665e: folds
Uncalled bet ($0.17) returned to Hero
*** SHOWDOWN ***
Hero collected $0.24 from pot
*** SUMMARY ***
Total pot $0.25 | Rake $0.01 | Jackpot $0 | Bingo $0 | Fortune $0 | Tax $0
Board [Qh 7s 6d 2d]
Seat 2: b9ed901c (button) folded before Flop (didn't bet)
Seat 3: 31e0a3dc (small blind) folded before Flop
Seat 4: Hero (big blind) won ($0.24)
Seat 5: a18f7f14 folded before Flop (didn't bet)
Seat 6: 568b665e folded on the Turn


Poker Hand #HD1779081498: Hold'em No Limit ($0.05/$0.1) - 2024/05/19 12:58:19
Table 'NLHRed14' 6-max Seat #6 is the button
Seat 2: b9ed901c ($27.17 in chips)
Seat 3: 31e0a3dc ($5.85 in chips)
Seat 4: Hero ($10.2 in chips)
Seat 5: a18f7f14 ($10 in chips)
Seat 6: 568b665e ($8.43 in chips)
b9ed901c: posts small blind $0.05
31e0a3dc: posts big blind $0.1
*** HOLE CARDS ***
Dealt to b9ed901c 
Dealt to 31e0a3dc 
Dealt to Hero [8h 9s]
Dealt to a18f7f14 
Dealt to 568b665e 
Hero: folds
a18f7f14: raises $0.13 to $0.23
568b665e: calls $0.23
b9ed901c: folds
31e0a3dc: calls $0.13
*** FLOP *** [3c 7c 5d]
31e0a3dc: checks
a18f7f14: checks
568b665e: checks
*** TURN *** [3c 7c 5d] [Qs]
31e0a3dc: checks
a18f7f14: checks
568b665e: checks
*** RIVER *** [3c 7c 5d Qs] [Kc]
31e0a3dc: checks
a18f7f14: checks
568b665e: checks
31e0a3dc: shows [2h Jh] (King-High)
a18f7f14: shows [6d Ad] (Ace-High)
568b665e: shows [Js 9d] (King-High)
*** SHOWDOWN ***
a18f7f14 collected $0.71 from pot
*** SUMMARY ***
Total pot $0.74 | Rake $0.03 | Jackpot $0 | Bingo $0 | Fortune $0 | Tax $0
Board [3c 7c 5d Qs Kc]
Seat 2: b9ed901c (small blind) folded before Flop
Seat 3: 31e0a3dc (big blind) showed [2h Jh] and lost with King-High
Seat 4: Hero folded before Flop (didn't bet)
Seat 5: a18f7f14 showed [6d Ad] and won ($0.71) with Ace-High
Seat 6: 568b665e (button) showed [Js 9d] and lost with King-High


Poker Hand #HD1779081455: Hold'em No Limit ($0.05/$0.1) - 2024/05/19 12:57:58
Table 'NLHRed14' 6-max Seat #5 is the button
Seat 2: b9ed901c ($27.27 in chips)
Seat 3: 31e0a3dc ($5.53 in chips)
Seat 4: Hero ($10.2 in chips)
Seat 5: a18f7f14 ($10 in chips)
Seat 6: 568b665e ($8.68 in chips)
568b665e: posts small blind $0.05
b9ed901c: posts big blind $0.1
*** HOLE CARDS ***
Dealt to b9ed901c 
Dealt to 31e0a3dc 
Dealt to Hero [5c 6s]
Dealt to a18f7f14 
Dealt to 568b665e 
31e0a3dc: raises $0.15 to $0.25
Hero: folds
a18f7f14: folds
568b665e: calls $0.2
b9ed901c: folds
*** FLOP *** [8s 6h 5h]
568b665e: checks
31e0a3dc: bets $0.3
568b665e: folds
Uncalled bet ($0.3) returned to 31e0a3dc
*** SHOWDOWN ***
31e0a3dc collected $0.57 from pot
*** SUMMARY ***
Total pot $0.6 | Rake $0.03 | Jackpot $0 | Bingo $0 | Fortune $0 | Tax $0
Board [8s 6h 5h]
Seat 2: b9ed901c (big blind) folded before Flop
Seat 3: 31e0a3dc won ($0.57)
Seat 4: Hero folded before Flop (didn't bet)
Seat 5: a18f7f14 (button) folded before Flop (didn't bet)
Seat 6: 568b665e (small blind) folded on the Flop


Poker Hand #HD1779081435: Hold'em No Limit ($0.05/$0.1) - 2024/05/19 12:57:48
Table 'NLHRed14' 6-max Seat #4 is the button
Seat 2: b9ed901c ($27.27 in chips)
Seat 3: 31e0a3dc ($5.53 in chips)
Seat 4: Hero ($10.2 in chips)
Seat 5: a18f7f14 ($10 in chips)
Seat 6: 568b665e ($8.63 in chips)
a18f7f14: posts small blind $0.05
568b665e: posts big blind $0.1
*** HOLE CARDS ***
Dealt to b9ed901c 
Dealt to 31e0a3dc 
Dealt to Hero [6d 2d]
Dealt to a18f7f14 
Dealt to 568b665e 
b9ed901c: folds
31e0a3dc: folds
Hero: folds
a18f7f14: folds
Uncalled bet ($0.05) returned to 568b665e
*** SHOWDOWN ***
568b665e collected $0.1 from pot
*** SUMMARY ***
Total pot $0.1 | Rake $0 | Jackpot $0 | Bingo $0 | Fortune $0 | Tax $0
Seat 2: b9ed901c folded before Flop (didn't bet)
Seat 3: 31e0a3dc folded before Flop (didn't bet)
Seat 4: Hero (button) folded before Flop (didn't bet)
Seat 5: a18f7f14 (small blind) folded before Flop
Seat 6: 568b665e (big blind) collected ($0.1)


Poker Hand #HD1779081398: Hold'em No Limit ($0.05/$0.1) - 2024/05/19 12:57:22
Table 'NLHRed14' 6-max Seat #3 is the button
Seat 2: b9ed901c ($27.27 in chips)
Seat 3: 31e0a3dc ($5.38 in chips)
Seat 4: Hero ($10.25 in chips)
Seat 5: a18f7f14 ($10 in chips)
Seat 6: 568b665e ($8.63 in chips)
Hero: posts small blind $0.05
a18f7f14: posts big blind $0.1
*** HOLE CARDS ***
Dealt to b9ed901c 
Dealt to 31e0a3dc 
Dealt to Hero [2c 9h]
Dealt to a18f7f14 
Dealt to 568b665e 
568b665e: folds
b9ed901c: folds
31e0a3dc: raises $0.15 to $0.25
Hero: folds
a18f7f14: folds
Uncalled bet ($0.15) returned to 31e0a3dc
*** SHOWDOWN ***
31e0a3dc collected $0.25 from pot
*** SUMMARY ***
Total pot $0.25 | Rake $0 | Jackpot $0 | Bingo $0 | Fortune $0 | Tax $0
Seat 2: b9ed901c folded before Flop (didn't bet)
Seat 3: 31e0a3dc (button) collected ($0.25)
Seat 4: Hero (small blind) folded before Flop
Seat 5: a18f7f14 (big blind) folded before Flop
Seat 6: 568b665e folded before Flop (didn't bet)


Poker Hand #HD1779081341: Hold'em No Limit ($0.05/$0.1) - 2024/05/19 12:56:55
Table 'NLHRed14' 6-max Seat #2 is the button
Seat 2: b9ed901c ($27.27 in chips)
Seat 3: 31e0a3dc ($5.19 in chips)
Seat 4: Hero ($10.35 in chips)
Seat 5: a18f7f14 ($10 in chips)
Seat 6: 568b665e ($8.73 in chips)
31e0a3dc: posts small blind $0.05
Hero: posts big blind $0.1
*** HOLE CARDS ***
Dealt to b9ed901c 
Dealt to 31e0a3dc 
Dealt to Hero [7d Qs]
Dealt to a18f7f14 
Dealt to 568b665e 
a18f7f14: folds
568b665e: calls $0.1
b9ed901c: folds
31e0a3dc: calls $0.05
Hero: checks
*** FLOP *** [3d 4h As]
31e0a3dc: bets $0.3
Hero: folds
568b665e: folds
Uncalled bet ($0.3) returned to 31e0a3dc
*** SHOWDOWN ***
31e0a3dc collected $0.29 from pot
*** SUMMARY ***
Total pot $0.3 | Rake $0.01 | Jackpot $0 | Bingo $0 | Fortune $0 | Tax $0
Board [3d 4h As]
Seat 2: b9ed901c (button) folded before Flop (didn't bet)
Seat 3: 31e0a3dc (small blind) won ($0.29)
Seat 4: Hero (big blind) folded on the Flop
Seat 5: a18f7f14 folded before Flop (didn't bet)
Seat 6: 568b665e folded on the Flop


Poker Hand #HD1779081286: Hold'em No Limit ($0.05/$0.1) - 2024/05/19 12:56:18
Table 'NLHRed14' 6-max Seat #6 is the button
Seat 2: b9ed901c ($27.32 in chips)
Seat 3: 31e0a3dc ($6.2 in chips)
Seat 4: Hero ($10.35 in chips)
Seat 5: a18f7f14 ($10 in chips)
Seat 6: 568b665e ($7.77 in chips)
b9ed901c: posts small blind $0.05
31e0a3dc: posts big blind $0.1
*** HOLE CARDS ***
Dealt to b9ed901c 
Dealt to 31e0a3dc 
Dealt to Hero [8c 6h]
Dealt to a18f7f14 
Dealt to 568b665e 
Hero: folds
a18f7f14: folds
568b665e: calls $0.1
b9ed901c: folds
31e0a3dc: raises $0.13 to $0.23
568b665e: calls $0.13
*** FLOP *** [Qd Qs 5h]
31e0a3dc: checks
568b665e: checks
*** TURN *** [Qd Qs 5h] [Ad]
31e0a3dc: bets $0.26
568b665e: calls $0.26
*** RIVER *** [Qd Qs 5h Ad] [As]
31e0a3dc: bets $0.52
568b665e: calls $0.52
31e0a3dc: shows [8d Td] (Pair of Aces and Pair of Queens)
568b665e: shows [5d 5c] (Fives Full over Aces)
*** SHOWDOWN ***
568b665e collected $1.97 from pot
*** SUMMARY ***
Total pot $2.07 | Rake $0.1 | Jackpot $0 | Bingo $0 | Fortune $0 | Tax $0
Board [Qd Qs 5h Ad As]
Seat 2: b9ed901c (small blind) folded before Flop
Seat 3: 31e0a3dc (big blind) showed [8d Td] and lost with Pair of Aces and Pair of Queens
Seat 4: Hero folded before Flop (didn't bet)
Seat 5: a18f7f14 folded before Flop (didn't bet)
Seat 6: 568b665e (button) showed [5d 5c] and won ($1.97) with Fives Full over Aces


Poker Hand #HD1779081252: Hold'em No Limit ($0.05/$0.1) - 2024/05/19 12:56:02
Table 'NLHRed14' 6-max Seat #5 is the button
Seat 2: b9ed901c ($27.42 in chips)
Seat 3: 31e0a3dc ($6.2 in chips)
Seat 4: Hero ($10.35 in chips)
Seat 5: a18f7f14 ($10 in chips)
Seat 6: 568b665e ($7.67 in chips)
568b665e: posts small blind $0.05
b9ed901c: posts big blind $0.1
*** HOLE CARDS ***
Dealt to b9ed901c 
Dealt to 31e0a3dc 
Dealt to Hero [6h Qh]
Dealt to a18f7f14 
Dealt to 568b665e 
31e0a3dc: folds
Hero: folds
a18f7f14: folds
568b665e: raises $0.2 to $0.3
b9ed901c: folds
Uncalled bet ($0.2) returned to 568b665e
*** SHOWDOWN ***
568b665e collected $0.2 from pot
*** SUMMARY ***
Total pot $0.2 | Rake $0 | Jackpot $0 | Bingo $0 | Fortune $0 | Tax $0
Seat 2: b9ed901c (big blind) folded before Flop
Seat 3: 31e0a3dc folded before Flop (didn't bet)
Seat 4: Hero folded before Flop (didn't bet)
Seat 5: a18f7f14 (button) folded before Flop (didn't bet)
Seat 6: 568b665e (small blind) collected ($0.2)


Poker Hand #HD1779081166: Hold'em No Limit ($0.05/$0.1) - 2024/05/19 12:55:11
Table 'NLHRed14' 6-max Seat #4 is the button
Seat 1: fc677676 ($11.11 in chips)
Seat 2: b9ed901c ($27.42 in chips)
Seat 3: 31e0a3dc ($6.2 in chips)
Seat 4: Hero ($10.08 in chips)
Seat 5: a18f7f14 ($10 in chips)
Seat 6: 568b665e ($7.91 in chips)
a18f7f14: posts small blind $0.05
568b665e: posts big blind $0.1
*** HOLE CARDS ***
Dealt to fc677676 
Dealt to b9ed901c 
Dealt to 31e0a3dc 
Dealt to Hero [7c 7d]
Dealt to a18f7f14 
Dealt to 568b665e 
fc677676: folds
b9ed901c: folds
31e0a3dc: folds
Hero: raises $0.14 to $0.24
a18f7f14: folds
568b665e: calls $0.14
*** FLOP *** [8h As 8d]
568b665e: checks
Hero: checks
*** TURN *** [8h As 8d] [Js]
568b665e: checks
Hero: checks
*** RIVER *** [8h As 8d Js] [8s]
568b665e: checks
Hero: checks
568b665e: shows [Qh Ks] (Three Eights)
Hero: shows [7c 7d] (Eights Full over Sevens)
*** SHOWDOWN ***
Hero collected $0.51 from pot
*** SUMMARY ***
Total pot $0.53 | Rake $0.02 | Jackpot $0 | Bingo $0 | Fortune $0 | Tax $0
Board [8h As 8d Js 8s]
Seat 1: fc677676 folded before Flop (didn't bet)
Seat 2: b9ed901c folded before Flop (didn't bet)
Seat 3: 31e0a3dc folded before Flop (didn't bet)
Seat 4: Hero (button) showed [7c 7d] and won ($0.51) with Eights Full over Sevens
Seat 5: a18f7f14 (small blind) folded before Flop
Seat 6: 568b665e (big blind) showed [Qh Ks] and lost with Three Eights


Poker Hand #HD1779081140: Hold'em No Limit ($0.05/$0.1) - 2024/05/19 12:54:55
Table 'NLHRed14' 6-max Seat #3 is the button
Seat 1: fc677676 ($11.11 in chips)
Seat 2: b9ed901c ($27.42 in chips)
Seat 3: 31e0a3dc ($6.2 in chips)
Seat 4: Hero ($10.13 in chips)
Seat 5: a18f7f14 ($10 in chips)
Seat 6: 568b665e ($7.76 in chips)
Hero: posts small blind $0.05
a18f7f14: posts big blind $0.1
*** HOLE CARDS ***
Dealt to fc677676 
Dealt to b9ed901c 
Dealt to 31e0a3dc 
Dealt to Hero [5c 3s]
Dealt to a18f7f14 
Dealt to 568b665e 
568b665e: raises $0.2 to $0.3
fc677676: folds
b9ed901c: folds
31e0a3dc: folds
Hero: folds
a18f7f14: folds
Uncalled bet ($0.2) returned to 568b665e
*** SHOWDOWN ***
568b665e collected $0.25 from pot
*** SUMMARY ***
Total pot $0.25 | Rake $0 | Jackpot $0 | Bingo $0 | Fortune $0 | Tax $0
Seat 1: fc677676 folded before Flop (didn't bet)
Seat 2: b9ed901c folded before Flop (didn't bet)
Seat 3: 31e0a3dc (button) folded before Flop (didn't bet)
Seat 4: Hero (small blind) folded before Flop
Seat 5: a18f7f14 (big blind) folded before Flop
Seat 6: 568b665e collected ($0.25)


Poker Hand #HD1779081092: Hold'em No Limit ($0.05/$0.1) - 2024/05/19 12:54:28
Table 'NLHRed14' 6-max Seat #2 is the button
Seat 1: fc677676 ($11.36 in chips)
Seat 2: b9ed901c ($27.42 in chips)
Seat 3: 31e0a3dc ($6.25 in chips)
Seat 4: Hero ($10.23 in chips)
Seat 5: a18f7f14 ($10.13 in chips)
Seat 6: 568b665e ($7.15 in chips)
31e0a3dc: posts small blind $0.05
Hero: posts big blind $0.1
*** HOLE CARDS ***
Dealt to fc677676 
Dealt to b9ed901c 
Dealt to 31e0a3dc 
Dealt to Hero [5c 3d]
Dealt to a18f7f14 
Dealt to 568b665e 
a18f7f14: raises $0.15 to $0.25
568b665e: calls $0.25
fc677676: calls $0.25
b9ed901c: folds
31e0a3dc: folds
Hero: folds
*** FLOP *** [4c Jd 2d]
a18f7f14: checks
568b665e: bets $0.68
fc677676: folds
a18f7f14: folds
Uncalled bet ($0.68) returned to 568b665e
*** SHOWDOWN ***
568b665e collected $0.86 from pot
*** SUMMARY ***
Total pot $0.9 | Rake $0.04 | Jackpot $0 | Bingo $0 | Fortune $0 | Tax $0
Board [4c Jd 2d]
Seat 1: fc677676 folded on the Flop
Seat 2: b9ed901c (button) folded before Flop (didn't bet)
Seat 3: 31e0a3dc (small blind) folded before Flop
Seat 4: Hero (big blind) folded before Flop
Seat 5: a18f7f14 folded on the Flop
Seat 6: 568b665e won ($0.86)


Poker Hand #HD1779081019: Hold'em No Limit ($0.05/$0.1) - 2024/05/19 12:53:49
Table 'NLHRed14' 6-max Seat #1 is the button
Seat 1: fc677676 ($11.36 in chips)
Seat 2: b9ed901c ($27.47 in chips)
Seat 3: 31e0a3dc ($6.45 in chips)
Seat 4: Hero ($10 in chips)
Seat 5: a18f7f14 ($10.13 in chips)
Seat 6: 568b665e ($7.15 in chips)
b9ed901c: posts small blind $0.05
31e0a3dc: posts big blind $0.1
*** HOLE CARDS ***
Dealt to fc677676 
Dealt to b9ed901c 
Dealt to 31e0a3dc 
Dealt to Hero [7s 7h]
Dealt to a18f7f14 
Dealt to 568b665e 
Hero: raises $0.1 to $0.2
a18f7f14: folds
568b665e: folds
fc677676: folds
b9ed901c: folds
31e0a3dc: calls $0.1
*** FLOP *** [8c Ac 2d]
31e0a3dc: checks
Hero: checks
*** TURN *** [8c Ac 2d] [5d]
31e0a3dc: checks
Hero: checks
*** RIVER *** [8c Ac 2d 5d] [4c]
31e0a3dc: checks
Hero: checks
31e0a3dc: shows [Jh 5h] (Pair of Fives)
Hero: shows [7s 7h] (Pair of Sevens)
*** SHOWDOWN ***
Hero collected $0.43 from pot
*** SUMMARY ***
Total pot $0.45 | Rake $0.02 | Jackpot $0 | Bingo $0 | Fortune $0 | Tax $0
Board [8c Ac 2d 5d 4c]
Seat 1: fc677676 (button) folded before Flop (didn't bet)
Seat 2: b9ed901c (small blind) folded before Flop
Seat 3: 31e0a3dc (big blind) showed [Jh 5h] and lost with Pair of Fives
Seat 4: Hero showed [7s 7h] and won ($0.43) with Pair of Sevens
Seat 5: a18f7f14 folded before Flop (didn't bet)
Seat 6: 568b665e folded before Flop (didn't bet)


Poker Hand #HD1779080969: Hold'em No Limit ($0.05/$0.1) - 2024/05/19 12:53:19
Table 'NLHRed14' 6-max Seat #6 is the button
Seat 1: fc677676 ($11.41 in chips)
Seat 2: b9ed901c ($27.67 in chips)
Seat 3: 31e0a3dc ($6.65 in chips)
Seat 4: Hero ($10 in chips)
Seat 5: a18f7f14 ($10.13 in chips)
Seat 6: 568b665e ($6.73 in chips)
fc677676: posts small blind $0.05
b9ed901c: posts big blind $0.1
*** HOLE CARDS ***
Dealt to fc677676 
Dealt to b9ed901c 
Dealt to 31e0a3dc 
Dealt to Hero [5h 6s]
Dealt to a18f7f14 
Dealt to 568b665e 
31e0a3dc: raises $0.1 to $0.2
Hero: folds
a18f7f14: folds
568b665e: calls $0.2
fc677676: folds
b9ed901c: calls $0.1
*** FLOP *** [Ad Td Ah]
b9ed901c: checks
31e0a3dc: checks
568b665e: checks
*** TURN *** [Ad Td Ah] [6h]
b9ed901c: checks
31e0a3dc: checks
568b665e: bets $0.22
b9ed901c: folds
31e0a3dc: folds
Uncalled bet ($0.22) returned to 568b665e
*** SHOWDOWN ***
568b665e collected $0.62 from pot
*** SUMMARY ***
Total pot $0.65 | Rake $0.03 | Jackpot $0 | Bingo $0 | Fortune $0 | Tax $0
Board [Ad Td Ah 6h]
Seat 1: fc677676 (small blind) folded before Flop
Seat 2: b9ed901c (big blind) folded on the Turn
Seat 3: 31e0a3dc folded on the Turn
Seat 4: Hero folded before Flop (didn't bet)
Seat 5: a18f7f14 folded before Flop (didn't bet)
Seat 6: 568b665e (button) won ($0.62)


Poker Hand #HD1779080868: Hold'em No Limit ($0.05/$0.1) - 2024/05/19 12:52:25
Table 'NLHRed14' 6-max Seat #5 is the button
Seat 1: fc677676 ($11.51 in chips)
Seat 2: b9ed901c ($27.87 in chips)
Seat 3: 31e0a3dc ($7.2 in chips)
Seat 4: Hero ($10 in chips)
Seat 5: a18f7f14 ($10.13 in chips)
Seat 6: 568b665e ($5.95 in chips)
568b665e: posts small blind $0.05
fc677676: posts big blind $0.1
*** HOLE CARDS ***
Dealt to fc677676 
Dealt to b9ed901c 
Dealt to 31e0a3dc 
Dealt to Hero [As Tc]
Dealt to a18f7f14 
Dealt to 568b665e 
b9ed901c: raises $0.1 to $0.2
31e0a3dc: calls $0.2
Hero: folds
a18f7f14: folds
568b665e: calls $0.15
fc677676: folds
*** FLOP *** [4c 7c Qh]
568b665e: checks
b9ed901c: checks
31e0a3dc: bets $0.35
568b665e: calls $0.35
b9ed901c: folds
*** TURN *** [4c 7c Qh] [Js]
568b665e: checks
31e0a3dc: checks
*** RIVER *** [4c 7c Qh Js] [5s]
568b665e: checks
31e0a3dc: checks
568b665e: shows [7s 6s] (Pair of Sevens)
31e0a3dc: shows [6h 6d] (Pair of Sixes)
*** SHOWDOWN ***
568b665e collected $1.33 from pot
*** SUMMARY ***
Total pot $1.4 | Rake $0.07 | Jackpot $0 | Bingo $0 | Fortune $0 | Tax $0
Board [4c 7c Qh Js 5s]
Seat 1: fc677676 (big blind) folded before Flop
Seat 2: b9ed901c folded on the Flop
Seat 3: 31e0a3dc showed [6h 6d] and lost with Pair of Sixes
Seat 4: Hero folded before Flop (didn't bet)
Seat 5: a18f7f14 (button) folded before Flop (didn't bet)
Seat 6: 568b665e (small blind) showed [7s 6s] and won ($1.33) with Pair of Sevens


Poker Hand #HD1779080811: Hold'em No Limit ($0.05/$0.1) - 2024/05/19 12:51:47
Table 'NLHRed14' 6-max Seat #4 is the button
Seat 1: fc677676 ($11.51 in chips)
Seat 2: b9ed901c ($27.87 in chips)
Seat 3: 31e0a3dc ($6.97 in chips)
Seat 4: Hero ($10 in chips)
Seat 5: a18f7f14 ($10.18 in chips)
Seat 6: 568b665e ($6.15 in chips)
a18f7f14: posts small blind $0.05
568b665e: posts big blind $0.1
*** HOLE CARDS ***
Dealt to fc677676 
Dealt to b9ed901c 
Dealt to 31e0a3dc 
Dealt to Hero [9c 4c]
Dealt to a18f7f14 
Dealt to 568b665e 
fc677676: folds
b9ed901c: folds
31e0a3dc: raises $0.1 to $0.2
Hero: folds
a18f7f14: folds
568b665e: calls $0.1
*** FLOP *** [As 4s Ac]
568b665e: checks
31e0a3dc: checks
*** TURN *** [As 4s Ac] [Tc]
568b665e: checks
31e0a3dc: checks
*** RIVER *** [As 4s Ac Tc] [7s]
568b665e: checks
31e0a3dc: checks
568b665e: shows [8d 6d] (Pair of Aces)
31e0a3dc: shows [3h Jh] (Pair of Aces)
*** SHOWDOWN ***
31e0a3dc collected $0.43 from pot
*** SUMMARY ***
Total pot $0.45 | Rake $0.02 | Jackpot $0 | Bingo $0 | Fortune $0 | Tax $0
Board [As 4s Ac Tc 7s]
Seat 1: fc677676 folded before Flop (didn't bet)
Seat 2: b9ed901c folded before Flop (didn't bet)
Seat 3: 31e0a3dc showed [3h Jh] and won ($0.43) with Pair of Aces
Seat 4: Hero (button) folded before Flop (didn't bet)
Seat 5: a18f7f14 (small blind) folded before Flop
Seat 6: 568b665e (big blind) showed [8d 6d] and lost with Pair of Aces


Poker Hand #HD1779080701: Hold'em No Limit ($0.05/$0.1) - 2024/05/19 12:50:40
Table 'NLHRed14' 6-max Seat #3 is the button
Seat 1: fc677676 ($13.19 in chips)
Seat 2: b9ed901c ($26.31 in chips)
Seat 3: 31e0a3dc ($6.97 in chips)
Seat 4: Hero ($10.03 in chips)
Seat 5: a18f7f14 ($10.28 in chips)
Hero: posts small blind $0.05
a18f7f14: posts big blind $0.1
*** HOLE CARDS ***
Dealt to fc677676 
Dealt to b9ed901c 
Dealt to 31e0a3dc 
Dealt to Hero [5s 5h]
Dealt to a18f7f14 
fc677676: raises $0.1 to $0.2
b9ed901c: raises $0.6 to $0.8
31e0a3dc: folds
Hero: folds
a18f7f14: folds
fc677676: raises $0.88 to $1.68
b9ed901c: calls $0.88
*** FLOP *** [Kc Jc 8h]
fc677676: checks
b9ed901c: checks
*** TURN *** [Kc Jc 8h] [6d]
fc677676: checks
b9ed901c: checks
*** RIVER *** [Kc Jc 8h 6d] [3c]
fc677676: checks
b9ed901c: bets $24.63 and is all-in
fc677676: folds
Uncalled bet ($24.63) returned to b9ed901c
b9ed901c: shows [6h] (Pair of Sixes)
*** SHOWDOWN ***
b9ed901c collected $3.24 from pot
*** SUMMARY ***
Total pot $3.51 | Rake $0.17 | Jackpot $0.1 | Bingo $0 | Fortune $0 | Tax $0
Board [Kc Jc 8h 6d 3c]
Seat 1: fc677676 folded on the River
Seat 2: b9ed901c showed [6h] and won ($3.24)
Seat 3: 31e0a3dc (button) folded before Flop (didn't bet)
Seat 4: Hero (small blind) folded before Flop
Seat 5: a18f7f14 (big blind) folded before Flop


Poker Hand #HD1779080679: Hold'em No Limit ($0.05/$0.1) - 2024/05/19 12:50:25
Table 'NLHRed14' 6-max Seat #2 is the button
Seat 1: fc677676 ($13.19 in chips)
Seat 2: b9ed901c ($26.31 in chips)
Seat 3: 31e0a3dc ($7.02 in chips)
Seat 4: Hero ($10.13 in chips)
Seat 5: a18f7f14 ($10.13 in chips)
31e0a3dc: posts small blind $0.05
Hero: posts big blind $0.1
*** HOLE CARDS ***
Dealt to fc677676 
Dealt to b9ed901c 
Dealt to 31e0a3dc 
Dealt to Hero [4h Qs]
Dealt to a18f7f14 
a18f7f14: raises $0.13 to $0.23
fc677676: folds
b9ed901c: folds
31e0a3dc: folds
Hero: folds
Uncalled bet ($0.13) returned to a18f7f14
*** SHOWDOWN ***
a18f7f14 collected $0.25 from pot
*** SUMMARY ***
Total pot $0.25 | Rake $0 | Jackpot $0 | Bingo $0 | Fortune $0 | Tax $0
Seat 1: fc677676 folded before Flop (didn't bet)
Seat 2: b9ed901c (button) folded before Flop (didn't bet)
Seat 3: 31e0a3dc (small blind) folded before Flop
Seat 4: Hero (big blind) folded before Flop
Seat 5: a18f7f14 collected ($0.25)


Poker Hand #HD1779080590: Hold'em No Limit ($0.05/$0.1) - 2024/05/19 12:49:33
Table 'NLHRed14' 6-max Seat #1 is the button
Seat 1: fc677676 ($13.19 in chips)
Seat 2: b9ed901c ($26 in chips)
Seat 3: 31e0a3dc ($7.12 in chips)
Seat 4: Hero ($10.13 in chips)
Seat 5: a18f7f14 ($10.36 in chips)
b9ed901c: posts small blind $0.05
31e0a3dc: posts big blind $0.1
*** HOLE CARDS ***
Dealt to fc677676 
Dealt to b9ed901c 
Dealt to 31e0a3dc 
Dealt to Hero [7c 2c]
Dealt to a18f7f14 
Hero: folds
a18f7f14: raises $0.13 to $0.23
fc677676: folds
b9ed901c: raises $0.87 to $1.1
31e0a3dc: folds
a18f7f14: folds
Uncalled bet ($0.87) returned to b9ed901c
*** SHOWDOWN ***
b9ed901c collected $0.54 from pot
*** SUMMARY ***
Total pot $0.56 | Rake $0.02 | Jackpot $0 | Bingo $0 | Fortune $0 | Tax $0
Seat 1: fc677676 (button) folded before Flop (didn't bet)
Seat 2: b9ed901c (small blind) collected ($0.54)
Seat 3: 31e0a3dc (big blind) folded before Flop
Seat 4: Hero folded before Flop (didn't bet)
Seat 5: a18f7f14 folded before Flop


Poker Hand #HD1779080544: Hold'em No Limit ($0.05/$0.1) - 2024/05/19 12:49:10
Table 'NLHRed14' 6-max Seat #5 is the button
Seat 1: fc677676 ($13.24 in chips)
Seat 2: b9ed901c ($26.1 in chips)
Seat 3: 31e0a3dc ($7.12 in chips)
Seat 4: Hero ($10.37 in chips)
Seat 5: a18f7f14 ($10 in chips)
fc677676: posts small blind $0.05
b9ed901c: posts big blind $0.1
*** HOLE CARDS ***
Dealt to fc677676 
Dealt to b9ed901c 
Dealt to 31e0a3dc 
Dealt to Hero [Kd 8d]
Dealt to a18f7f14 
31e0a3dc: folds
Hero: raises $0.14 to $0.24
a18f7f14: raises $0.66 to $0.9
fc677676: folds
b9ed901c: folds
Hero: folds
Uncalled bet ($0.66) returned to a18f7f14
*** SHOWDOWN ***
a18f7f14 collected $0.6 from pot
*** SUMMARY ***
Total pot $0.63 | Rake $0.03 | Jackpot $0 | Bingo $0 | Fortune $0 | Tax $0
Seat 1: fc677676 (small blind) folded before Flop
Seat 2: b9ed901c (big blind) folded before Flop
Seat 3: 31e0a3dc folded before Flop (didn't bet)
Seat 4: Hero folded before Flop
Seat 5: a18f7f14 (button) collected ($0.6)


Poker Hand #HD1779080468: Hold'em No Limit ($0.05/$0.1) - 2024/05/19 12:48:25
Table 'NLHRed14' 6-max Seat #4 is the button
Seat 1: fc677676 ($13.34 in chips)
Seat 2: b9ed901c ($26.1 in chips)
Seat 3: 31e0a3dc ($7.37 in chips)
Seat 4: Hero ($10 in chips)
Seat 5: a18f7f14 ($10 in chips)
a18f7f14: posts small blind $0.05
fc677676: posts big blind $0.1
*** HOLE CARDS ***
Dealt to fc677676 
Dealt to b9ed901c 
Dealt to 31e0a3dc 
Dealt to Hero [As Js]
Dealt to a18f7f14 
b9ed901c: folds
31e0a3dc: raises $0.15 to $0.25
Hero: raises $0.75 to $1
a18f7f14: folds
fc677676: folds
31e0a3dc: folds
Uncalled bet ($0.75) returned to Hero
*** SHOWDOWN ***
Hero collected $0.62 from pot
*** SUMMARY ***
Total pot $0.65 | Rake $0.03 | Jackpot $0 | Bingo $0 | Fortune $0 | Tax $0
Seat 1: fc677676 (big blind) folded before Flop
Seat 2: b9ed901c folded before Flop (didn't bet)
Seat 3: 31e0a3dc folded before Flop
Seat 4: Hero (button) collected ($0.62)
Seat 5: a18f7f14 (small blind) folded before Flop


Poker Hand #HD1779080430: Hold'em No Limit ($0.05/$0.1) - 2024/05/19 12:48:06
Table 'NLHRed14' 6-max Seat #3 is the button
Seat 1: fc677676 ($13.34 in chips)
Seat 2: b9ed901c ($25.95 in chips)
Seat 3: 31e0a3dc ($7.37 in chips)
Seat 4: Hero ($10 in chips)
Seat 5: a18f7f14 ($10 in chips)
Hero: posts small blind $0.05
a18f7f14: posts big blind $0.1
*** HOLE CARDS ***
Dealt to fc677676 
Dealt to b9ed901c 
Dealt to 31e0a3dc 
Dealt to Hero [7c 6c]
Dealt to a18f7f14 
fc677676: folds
b9ed901c: raises $0.12 to $0.22
31e0a3dc: folds
Hero: folds
a18f7f14: folds
Uncalled bet ($0.12) returned to b9ed901c
*** SHOWDOWN ***
b9ed901c collected $0.25 from pot
*** SUMMARY ***
Total pot $0.25 | Rake $0 | Jackpot $0 | Bingo $0 | Fortune $0 | Tax $0
Seat 1: fc677676 folded before Flop (didn't bet)
Seat 2: b9ed901c collected ($0.25)
Seat 3: 31e0a3dc (button) folded before Flop (didn't bet)
Seat 4: Hero (small blind) folded before Flop
Seat 5: a18f7f14 (big blind) folded before Flop


Poker Hand #HD1779080413: Hold'em No Limit ($0.05/$0.1) - 2024/05/19 12:47:53
Table 'NLHRed14' 6-max Seat #2 is the button
Seat 1: fc677676 ($13.34 in chips)
Seat 2: b9ed901c ($25.95 in chips)
Seat 3: 31e0a3dc ($7.27 in chips)
Seat 4: Hero ($10 in chips)
Seat 5: a18f7f14 ($10 in chips)
31e0a3dc: posts small blind $0.05
Hero: posts big blind $0.1
*** HOLE CARDS ***
Dealt to fc677676 
Dealt to b9ed901c 
Dealt to 31e0a3dc 
Dealt to Hero [7d Jh]
Dealt to a18f7f14 
a18f7f14: folds
fc677676: folds
b9ed901c: folds
31e0a3dc: raises $0.1 to $0.2
Hero: folds
Uncalled bet ($0.1) returned to 31e0a3dc
*** SHOWDOWN ***
31e0a3dc collected $0.2 from pot
*** SUMMARY ***
Total pot $0.2 | Rake $0 | Jackpot $0 | Bingo $0 | Fortune $0 | Tax $0
Seat 1: fc677676 folded before Flop (didn't bet)
Seat 2: b9ed901c (button) folded before Flop (didn't bet)
Seat 3: 31e0a3dc (small blind) collected ($0.2)
Seat 4: Hero (big blind) folded before Flop
Seat 5: a18f7f14 folded before Flop (didn't bet)


