Poker Hand #HD1849630028: Hold'em No Limit ($0.05/$0.1) - 2024/07/09 13:53:54
Table 'NLHRed42' 6-max Seat #4 is the button
Seat 1: 6de89f62 ($10.62 in chips)
Seat 2: 146a4b1b ($12.88 in chips)
Seat 3: 2be4cde8 ($10.15 in chips)
Seat 4: c80c2468 ($6.96 in chips)
Seat 5: Hero ($10.09 in chips)
Seat 6: 9e5683ee ($13.01 in chips)
Hero: posts small blind $0.05
9e5683ee: posts big blind $0.1
*** HOLE CARDS ***
Dealt to 6de89f62 
Dealt to 146a4b1b 
Dealt to 2be4cde8 
Dealt to c80c2468 
Dealt to Hero [9c 5h]
Dealt to 9e5683ee 
6de89f62: folds
146a4b1b: folds
2be4cde8: raises $0.15 to $0.25
c80c2468: folds
Hero: folds
9e5683ee: calls $0.15
*** FLOP *** [6h 5s 9s]
9e5683ee: checks
2be4cde8: checks
*** TURN *** [6h 5s 9s] [6s]
9e5683ee: bets $0.35
2be4cde8: folds
Uncalled bet ($0.35) returned to 9e5683ee
*** SHOWDOWN ***
9e5683ee collected $0.53 from pot
*** SUMMARY ***
Total pot $0.55 | Rake $0.02 | Jackpot $0 | Bingo $0 | Fortune $0 | Tax $0
Board [6h 5s 9s 6s]
Seat 1: 6de89f62 folded before Flop (didn't bet)
Seat 2: 146a4b1b folded before Flop (didn't bet)
Seat 3: 2be4cde8 folded on the Turn
Seat 4: c80c2468 (button) folded before Flop (didn't bet)
Seat 5: Hero (small blind) folded before Flop
Seat 6: 9e5683ee (big blind) won ($0.53)


Poker Hand #HD1849629954: Hold'em No Limit ($0.05/$0.1) - 2024/07/09 13:53:13
Table 'NLHRed42' 6-max Seat #3 is the button
Seat 1: 6de89f62 ($10.62 in chips)
Seat 2: 146a4b1b ($12.88 in chips)
Seat 3: 2be4cde8 ($10.15 in chips)
Seat 4: c80c2468 ($7.06 in chips)
Seat 5: Hero ($10 in chips)
Seat 6: 9e5683ee ($13.01 in chips)
c80c2468: posts small blind $0.05
Hero: posts big blind $0.1
*** HOLE CARDS ***
Dealt to 6de89f62 
Dealt to 146a4b1b 
Dealt to 2be4cde8 
Dealt to c80c2468 
Dealt to Hero [2d 3s]
Dealt to 9e5683ee 
9e5683ee: folds
6de89f62: folds
146a4b1b: folds
2be4cde8: folds
c80c2468: calls $0.05
Hero: checks
*** FLOP *** [7h 2s 2h]
c80c2468: checks
Hero: checks
*** TURN *** [7h 2s 2h] [8s]
c80c2468: checks
Hero: bets $0.2
c80c2468: folds
Uncalled bet ($0.2) returned to Hero
*** SHOWDOWN ***
Hero collected $0.19 from pot
*** SUMMARY ***
Total pot $0.2 | Rake $0.01 | Jackpot $0 | Bingo $0 | Fortune $0 | Tax $0
Board [7h 2s 2h 8s]
Seat 1: 6de89f62 folded before Flop (didn't bet)
Seat 2: 146a4b1b folded before Flop (didn't bet)
Seat 3: 2be4cde8 (button) folded before Flop (didn't bet)
Seat 4: c80c2468 (small blind) folded on the Turn
Seat 5: Hero (big blind) won ($0.19)
Seat 6: 9e5683ee folded before Flop (didn't bet)


Poker Hand #HD1849629914: Hold'em No Limit ($0.05/$0.1) - 2024/07/09 13:52:57
Table 'NLHRed42' 6-max Seat #2 is the button
Seat 1: 6de89f62 ($10.62 in chips)
Seat 2: 146a4b1b ($12.88 in chips)
Seat 3: 2be4cde8 ($10.05 in chips)
Seat 4: c80c2468 ($7.16 in chips)
Seat 5: Hero ($10 in chips)
Seat 6: 9e5683ee ($13.01 in chips)
2be4cde8: posts small blind $0.05
c80c2468: posts big blind $0.1
*** HOLE CARDS ***
Dealt to 6de89f62 
Dealt to 146a4b1b 
Dealt to 2be4cde8 
Dealt to c80c2468 
Dealt to Hero [5c Jh]
Dealt to 9e5683ee 
Hero: folds
9e5683ee: folds
6de89f62: folds
146a4b1b: folds
2be4cde8: raises $0.2 to $0.3
c80c2468: folds
Uncalled bet ($0.2) returned to 2be4cde8
*** SHOWDOWN ***
2be4cde8 collected $0.2 from pot
*** SUMMARY ***
Total pot $0.2 | Rake $0 | Jackpot $0 | Bingo $0 | Fortune $0 | Tax $0
Seat 1: 6de89f62 folded before Flop (didn't bet)
Seat 2: 146a4b1b (button) folded before Flop (didn't bet)
Seat 3: 2be4cde8 (small blind) collected ($0.2)
Seat 4: c80c2468 (big blind) folded before Flop
Seat 5: Hero folded before Flop (didn't bet)
Seat 6: 9e5683ee folded before Flop (didn't bet)


Poker Hand #HD1849629866: Hold'em No Limit ($0.05/$0.1) - 2024/07/09 13:52:36
Table 'NLHRed42' 6-max Seat #1 is the button
Seat 1: 6de89f62 ($10.62 in chips)
Seat 2: 146a4b1b ($12.93 in chips)
Seat 3: 2be4cde8 ($10.15 in chips)
Seat 4: c80c2468 ($7.16 in chips)
Seat 5: Hero ($10 in chips)
Seat 6: 9e5683ee ($12.86 in chips)
146a4b1b: posts small blind $0.05
2be4cde8: posts big blind $0.1
*** HOLE CARDS ***
Dealt to 6de89f62 
Dealt to 146a4b1b 
Dealt to 2be4cde8 
Dealt to c80c2468 
Dealt to Hero [6h Ad]
Dealt to 9e5683ee 
c80c2468: folds
Hero: folds
9e5683ee: raises $0.15 to $0.25
6de89f62: folds
146a4b1b: folds
2be4cde8: folds
Uncalled bet ($0.15) returned to 9e5683ee
*** SHOWDOWN ***
9e5683ee collected $0.25 from pot
*** SUMMARY ***
Total pot $0.25 | Rake $0 | Jackpot $0 | Bingo $0 | Fortune $0 | Tax $0
Seat 1: 6de89f62 (button) folded before Flop (didn't bet)
Seat 2: 146a4b1b (small blind) folded before Flop
Seat 3: 2be4cde8 (big blind) folded before Flop
Seat 4: c80c2468 folded before Flop (didn't bet)
Seat 5: Hero folded before Flop (didn't bet)
Seat 6: 9e5683ee collected ($0.25)


Poker Hand #HD1849629819: Hold'em No Limit ($0.05/$0.1) - 2024/07/09 13:52:11
Table 'NLHRed42' 6-max Seat #6 is the button
Seat 1: 6de89f62 ($10.67 in chips)
Seat 2: 146a4b1b ($13.03 in chips)
Seat 3: 2be4cde8 ($10 in chips)
Seat 4: c80c2468 ($7.16 in chips)
Seat 5: Hero ($10 in chips)
Seat 6: 9e5683ee ($12.86 in chips)
6de89f62: posts small blind $0.05
146a4b1b: posts big blind $0.1
*** HOLE CARDS ***
Dealt to 6de89f62 
Dealt to 146a4b1b 
Dealt to 2be4cde8 
Dealt to c80c2468 
Dealt to Hero [6d As]
Dealt to 9e5683ee 
2be4cde8: raises $0.2 to $0.3
c80c2468: folds
Hero: folds
9e5683ee: folds
6de89f62: folds
146a4b1b: folds
Uncalled bet ($0.2) returned to 2be4cde8
*** SHOWDOWN ***
2be4cde8 collected $0.25 from pot
*** SUMMARY ***
Total pot $0.25 | Rake $0 | Jackpot $0 | Bingo $0 | Fortune $0 | Tax $0
Seat 1: 6de89f62 (small blind) folded before Flop
Seat 2: 146a4b1b (big blind) folded before Flop
Seat 3: 2be4cde8 collected ($0.25)
Seat 4: c80c2468 folded before Flop (didn't bet)
Seat 5: Hero folded before Flop (didn't bet)
Seat 6: 9e5683ee (button) folded before Flop (didn't bet)


Poker Hand #HD1849629765: Hold'em No Limit ($0.05/$0.1) - 2024/07/09 13:51:46
Table 'NLHRed42' 6-max Seat #5 is the button
Seat 1: 6de89f62 ($10.77 in chips)
Seat 2: 146a4b1b ($12.88 in chips)
Seat 3: 2be4cde8 ($10 in chips)
Seat 4: c80c2468 ($7.16 in chips)
Seat 5: Hero ($10 in chips)
Seat 6: 9e5683ee ($12.91 in chips)
9e5683ee: posts small blind $0.05
6de89f62: posts big blind $0.1
*** HOLE CARDS ***
Dealt to 6de89f62 
Dealt to 146a4b1b 
Dealt to 2be4cde8 
Dealt to c80c2468 
Dealt to Hero [Ks 5d]
Dealt to 9e5683ee 
146a4b1b: raises $0.1 to $0.2
2be4cde8: folds
c80c2468: folds
Hero: folds
9e5683ee: folds
6de89f62: folds
Uncalled bet ($0.1) returned to 146a4b1b
*** SHOWDOWN ***
146a4b1b collected $0.25 from pot
*** SUMMARY ***
Total pot $0.25 | Rake $0 | Jackpot $0 | Bingo $0 | Fortune $0 | Tax $0
Seat 1: 6de89f62 (big blind) folded before Flop
Seat 2: 146a4b1b collected ($0.25)
Seat 3: 2be4cde8 folded before Flop (didn't bet)
Seat 4: c80c2468 folded before Flop (didn't bet)
Seat 5: Hero (button) folded before Flop (didn't bet)
Seat 6: 9e5683ee (small blind) folded before Flop


Poker Hand #HD1849629689: Hold'em No Limit ($0.05/$0.1) - 2024/07/09 13:51:09
Table 'NLHRed42' 6-max Seat #4 is the button
Seat 1: 6de89f62 ($10.77 in chips)
Seat 2: 146a4b1b ($12.88 in chips)
Seat 3: 2be4cde8 ($10 in chips)
Seat 4: c80c2468 ($6.79 in chips)
Seat 5: Hero ($10 in chips)
Seat 6: 9e5683ee ($13.01 in chips)
Hero: posts small blind $0.05
9e5683ee: posts big blind $0.1
*** HOLE CARDS ***
Dealt to 6de89f62 
Dealt to 146a4b1b 
Dealt to 2be4cde8 
Dealt to c80c2468 
Dealt to Hero [5h 3h]
Dealt to 9e5683ee 
6de89f62: folds
146a4b1b: folds
2be4cde8: raises $0.15 to $0.25
c80c2468: raises $0.33 to $0.58
Hero: folds
9e5683ee: folds
2be4cde8: folds
Uncalled bet ($0.33) returned to c80c2468
*** SHOWDOWN ***
c80c2468 collected $0.62 from pot
*** SUMMARY ***
Total pot $0.65 | Rake $0.03 | Jackpot $0 | Bingo $0 | Fortune $0 | Tax $0
Seat 1: 6de89f62 folded before Flop (didn't bet)
Seat 2: 146a4b1b folded before Flop (didn't bet)
Seat 3: 2be4cde8 folded before Flop
Seat 4: c80c2468 (button) collected ($0.62)
Seat 5: Hero (small blind) folded before Flop
Seat 6: 9e5683ee (big blind) folded before Flop


Poker Hand #HD1849629616: Hold'em No Limit ($0.05/$0.1) - 2024/07/09 13:50:33
Table 'NLHRed42' 6-max Seat #3 is the button
Seat 1: 6de89f62 ($10.77 in chips)
Seat 2: 146a4b1b ($12.88 in chips)
Seat 3: 2be4cde8 ($10 in chips)
Seat 4: c80c2468 ($6.32 in chips)
Seat 5: Hero ($10.15 in chips)
Seat 6: 9e5683ee ($13.01 in chips)
c80c2468: posts small blind $0.05
Hero: posts big blind $0.1
*** HOLE CARDS ***
Dealt to 6de89f62 
Dealt to 146a4b1b 
Dealt to 2be4cde8 
Dealt to c80c2468 
Dealt to Hero [2c 2h]
Dealt to 9e5683ee 
9e5683ee: folds
6de89f62: folds
146a4b1b: folds
2be4cde8: raises $0.15 to $0.25
c80c2468: calls $0.2
Hero: calls $0.15
*** FLOP *** [7h 3h 8c]
c80c2468: bets $0.38
Hero: folds
2be4cde8: folds
Uncalled bet ($0.38) returned to c80c2468
*** SHOWDOWN ***
c80c2468 collected $0.72 from pot
*** SUMMARY ***
Total pot $0.75 | Rake $0.03 | Jackpot $0 | Bingo $0 | Fortune $0 | Tax $0
Board [7h 3h 8c]
Seat 1: 6de89f62 folded before Flop (didn't bet)
Seat 2: 146a4b1b folded before Flop (didn't bet)
Seat 3: 2be4cde8 (button) folded on the Flop
Seat 4: c80c2468 (small blind) won ($0.72)
Seat 5: Hero (big blind) folded on the Flop
Seat 6: 9e5683ee folded before Flop (didn't bet)


Poker Hand #HD1849629590: Hold'em No Limit ($0.05/$0.1) - 2024/07/09 13:50:23
Table 'NLHRed42' 6-max Seat #2 is the button
Seat 1: 6de89f62 ($10.77 in chips)
Seat 2: 146a4b1b ($12.88 in chips)
Seat 3: 2be4cde8 ($10 in chips)
Seat 4: c80c2468 ($6.27 in chips)
Seat 5: Hero ($10.15 in chips)
Seat 6: 9e5683ee ($13.01 in chips)
2be4cde8: posts small blind $0.05
c80c2468: posts big blind $0.1
*** HOLE CARDS ***
Dealt to 6de89f62 
Dealt to 146a4b1b 
Dealt to 2be4cde8 
Dealt to c80c2468 
Dealt to Hero [3h As]
Dealt to 9e5683ee 
Hero: folds
9e5683ee: folds
6de89f62: folds
146a4b1b: folds
2be4cde8: folds
Uncalled bet ($0.05) returned to c80c2468
*** SHOWDOWN ***
c80c2468 collected $0.1 from pot
*** SUMMARY ***
Total pot $0.1 | Rake $0 | Jackpot $0 | Bingo $0 | Fortune $0 | Tax $0
Seat 1: 6de89f62 folded before Flop (didn't bet)
Seat 2: 146a4b1b (button) folded before Flop (didn't bet)
Seat 3: 2be4cde8 (small blind) folded before Flop
Seat 4: c80c2468 (big blind) collected ($0.1)
Seat 5: Hero folded before Flop (didn't bet)
Seat 6: 9e5683ee folded before Flop (didn't bet)


Poker Hand #HD1849629355: Hold'em No Limit ($0.05/$0.1) - 2024/07/09 13:48:20
Table 'NLHRed42' 6-max Seat #1 is the button
Seat 1: 6de89f62 ($10.77 in chips)
Seat 2: 146a4b1b ($10 in chips)
Seat 3: 2be4cde8 ($10.81 in chips)
Seat 4: c80c2468 ($6.27 in chips)
Seat 5: Hero ($10.15 in chips)
Seat 6: 9e5683ee ($13.01 in chips)
146a4b1b: posts small blind $0.05
2be4cde8: posts big blind $0.1
*** HOLE CARDS ***
Dealt to 6de89f62 
Dealt to 146a4b1b 
Dealt to 2be4cde8 
Dealt to c80c2468 
Dealt to Hero [4c 3c]
Dealt to 9e5683ee 
c80c2468: folds
Hero: folds
9e5683ee: folds
6de89f62: folds
146a4b1b: raises $0.2 to $0.3
2be4cde8: calls $0.2
*** FLOP *** [Qc 6h Ad]
146a4b1b: bets $0.2
2be4cde8: calls $0.2
*** TURN *** [Qc 6h Ad] [Th]
146a4b1b: bets $0.6
2be4cde8: calls $0.6
*** RIVER *** [Qc 6h Ad Th] [3s]
146a4b1b: checks
2be4cde8: bets $2.2
146a4b1b: calls $2.2
2be4cde8: shows [Kh 9h] (Ace-High)
146a4b1b: shows [Ks Ac] (Pair of Aces)
*** SHOWDOWN ***
146a4b1b collected $6.18 from pot
*** SUMMARY ***
Total pot $6.6 | Rake $0.32 | Jackpot $0.1 | Bingo $0 | Fortune $0 | Tax $0
Board [Qc 6h Ad Th 3s]
Seat 1: 6de89f62 (button) folded before Flop (didn't bet)
Seat 2: 146a4b1b (small blind) showed [Ks Ac] and won ($6.18) with Pair of Aces
Seat 3: 2be4cde8 (big blind) showed [Kh 9h] and lost with Ace-High
Seat 4: c80c2468 folded before Flop (didn't bet)
Seat 5: Hero folded before Flop (didn't bet)
Seat 6: 9e5683ee folded before Flop (didn't bet)


Poker Hand #HD1849629306: Hold'em No Limit ($0.05/$0.1) - 2024/07/09 13:47:58
Table 'NLHRed42' 6-max Seat #6 is the button
Seat 1: 6de89f62 ($10.82 in chips)
Seat 2: 146a4b1b ($10 in chips)
Seat 3: 2be4cde8 ($10.81 in chips)
Seat 4: c80c2468 ($6.27 in chips)
Seat 5: Hero ($10.15 in chips)
Seat 6: 9e5683ee ($12.86 in chips)
6de89f62: posts small blind $0.05
146a4b1b: posts big blind $0.1
*** HOLE CARDS ***
Dealt to 6de89f62 
Dealt to 146a4b1b 
Dealt to 2be4cde8 
Dealt to c80c2468 
Dealt to Hero [7c 5c]
Dealt to 9e5683ee 
2be4cde8: folds
c80c2468: folds
Hero: folds
9e5683ee: raises $0.15 to $0.25
6de89f62: folds
146a4b1b: folds
Uncalled bet ($0.15) returned to 9e5683ee
*** SHOWDOWN ***
9e5683ee collected $0.25 from pot
*** SUMMARY ***
Total pot $0.25 | Rake $0 | Jackpot $0 | Bingo $0 | Fortune $0 | Tax $0
Seat 1: 6de89f62 (small blind) folded before Flop
Seat 2: 146a4b1b (big blind) folded before Flop
Seat 3: 2be4cde8 folded before Flop (didn't bet)
Seat 4: c80c2468 folded before Flop (didn't bet)
Seat 5: Hero folded before Flop (didn't bet)
Seat 6: 9e5683ee (button) collected ($0.25)


Poker Hand #HD1849629264: Hold'em No Limit ($0.05/$0.1) - 2024/07/09 13:47:39
Table 'NLHRed42' 6-max Seat #5 is the button
Seat 1: 6de89f62 ($10.92 in chips)
Seat 2: 146a4b1b ($10 in chips)
Seat 3: 2be4cde8 ($10.81 in chips)
Seat 4: c80c2468 ($6.27 in chips)
Seat 5: Hero ($10 in chips)
Seat 6: 9e5683ee ($12.91 in chips)
9e5683ee: posts small blind $0.05
6de89f62: posts big blind $0.1
*** HOLE CARDS ***
Dealt to 6de89f62 
Dealt to 146a4b1b 
Dealt to 2be4cde8 
Dealt to c80c2468 
Dealt to Hero [Kd As]
Dealt to 9e5683ee 
146a4b1b: folds
2be4cde8: folds
c80c2468: folds
Hero: raises $0.14 to $0.24
9e5683ee: folds
6de89f62: folds
Uncalled bet ($0.14) returned to Hero
*** SHOWDOWN ***
Hero collected $0.25 from pot
*** SUMMARY ***
Total pot $0.25 | Rake $0 | Jackpot $0 | Bingo $0 | Fortune $0 | Tax $0
Seat 1: 6de89f62 (big blind) folded before Flop
Seat 2: 146a4b1b folded before Flop (didn't bet)
Seat 3: 2be4cde8 folded before Flop (didn't bet)
Seat 4: c80c2468 folded before Flop (didn't bet)
Seat 5: Hero (button) collected ($0.25)
Seat 6: 9e5683ee (small blind) folded before Flop


Poker Hand #HD1849629204: Hold'em No Limit ($0.05/$0.1) - 2024/07/09 13:47:05
Table 'NLHRed42' 6-max Seat #4 is the button
Seat 1: 6de89f62 ($10.92 in chips)
Seat 2: 146a4b1b ($10 in chips)
Seat 3: 2be4cde8 ($10.81 in chips)
Seat 4: c80c2468 ($6.13 in chips)
Seat 5: Hero ($10 in chips)
Seat 6: 9e5683ee ($13.01 in chips)
Hero: posts small blind $0.05
9e5683ee: posts big blind $0.1
*** HOLE CARDS ***
Dealt to 6de89f62 
Dealt to 146a4b1b 
Dealt to 2be4cde8 
Dealt to c80c2468 
Dealt to Hero [3d 5h]
Dealt to 9e5683ee 
6de89f62: folds
146a4b1b: folds
2be4cde8: folds
c80c2468: calls $0.1
Hero: folds
9e5683ee: checks
*** FLOP *** [2d Jc Jd]
9e5683ee: checks
c80c2468: bets $0.25
9e5683ee: folds
Uncalled bet ($0.25) returned to c80c2468
*** SHOWDOWN ***
c80c2468 collected $0.24 from pot
*** SUMMARY ***
Total pot $0.25 | Rake $0.01 | Jackpot $0 | Bingo $0 | Fortune $0 | Tax $0
Board [2d Jc Jd]
Seat 1: 6de89f62 folded before Flop (didn't bet)
Seat 2: 146a4b1b folded before Flop (didn't bet)
Seat 3: 2be4cde8 folded before Flop (didn't bet)
Seat 4: c80c2468 (button) won ($0.24)
Seat 5: Hero (small blind) folded before Flop
Seat 6: 9e5683ee (big blind) folded on the Flop


Poker Hand #HD1849628985: Hold'em No Limit ($0.05/$0.1) - 2024/07/09 13:45:17
Table 'NLHRed42' 6-max Seat #3 is the button
Seat 1: 6de89f62 ($10.92 in chips)
Seat 2: 146a4b1b ($10 in chips)
Seat 3: 2be4cde8 ($10.81 in chips)
Seat 4: c80c2468 ($8.13 in chips)
Seat 5: Hero ($10 in chips)
Seat 6: 9e5683ee ($10.54 in chips)
c80c2468: posts small blind $0.05
Hero: posts big blind $0.1
*** HOLE CARDS ***
Dealt to 6de89f62 
Dealt to 146a4b1b 
Dealt to 2be4cde8 
Dealt to c80c2468 
Dealt to Hero [Qc Kc]
Dealt to 9e5683ee 
9e5683ee: raises $0.1 to $0.2
6de89f62: folds
146a4b1b: folds
2be4cde8: folds
c80c2468: calls $0.15
Hero: calls $0.1
*** FLOP *** [8c Jd As]
c80c2468: checks
Hero: checks
9e5683ee: bets $0.2
c80c2468: calls $0.2
Hero: calls $0.2
*** TURN *** [8c Jd As] [Qs]
c80c2468: bets $0.4
Hero: calls $0.4
9e5683ee: calls $0.4
*** RIVER *** [8c Jd As Qs] [4h]
c80c2468: bets $1.2
Hero: folds
9e5683ee: raises $8.54 to $9.74 and is all-in
c80c2468: folds
Uncalled bet ($8.54) returned to 9e5683ee
*** SHOWDOWN ***
9e5683ee collected $4.47 from pot
*** SUMMARY ***
Total pot $4.8 | Rake $0.23 | Jackpot $0.1 | Bingo $0 | Fortune $0 | Tax $0
Board [8c Jd As Qs 4h]
Seat 1: 6de89f62 folded before Flop (didn't bet)
Seat 2: 146a4b1b folded before Flop (didn't bet)
Seat 3: 2be4cde8 (button) folded before Flop (didn't bet)
Seat 4: c80c2468 (small blind) folded on the River
Seat 5: Hero (big blind) folded on the River
Seat 6: 9e5683ee won ($4.47)


Poker Hand #HD1849628884: Hold'em No Limit ($0.05/$0.1) - 2024/07/09 13:44:23
Table 'NLHRed42' 6-max Seat #2 is the button
Seat 1: 6de89f62 ($10 in chips)
Seat 2: 146a4b1b ($10 in chips)
Seat 3: 2be4cde8 ($10.86 in chips)
Seat 4: c80c2468 ($9.1 in chips)
Seat 5: Hero ($10 in chips)
Seat 6: 9e5683ee ($10.54 in chips)
2be4cde8: posts small blind $0.05
c80c2468: posts big blind $0.1
*** HOLE CARDS ***
Dealt to 6de89f62 
Dealt to 146a4b1b 
Dealt to 2be4cde8 
Dealt to c80c2468 
Dealt to Hero [Ad 3h]
Dealt to 9e5683ee 
Hero: folds
9e5683ee: folds
6de89f62: raises $0.15 to $0.25
146a4b1b: folds
2be4cde8: folds
c80c2468: calls $0.15
*** FLOP *** [Jd 4d 9c]
c80c2468: checks
6de89f62: bets $0.32
c80c2468: calls $0.32
*** TURN *** [Jd 4d 9c] [Qc]
c80c2468: bets $0.4
6de89f62: calls $0.4
*** RIVER *** [Jd 4d 9c Qc] [Qs]
c80c2468: checks
6de89f62: bets $1.5
c80c2468: folds
Uncalled bet ($1.5) returned to 6de89f62
*** SHOWDOWN ***
6de89f62 collected $1.89 from pot
*** SUMMARY ***
Total pot $1.99 | Rake $0.1 | Jackpot $0 | Bingo $0 | Fortune $0 | Tax $0
Board [Jd 4d 9c Qc Qs]
Seat 1: 6de89f62 won ($1.89)
Seat 2: 146a4b1b (button) folded before Flop (didn't bet)
Seat 3: 2be4cde8 (small blind) folded before Flop
Seat 4: c80c2468 (big blind) folded on the River
Seat 5: Hero folded before Flop (didn't bet)
Seat 6: 9e5683ee folded before Flop (didn't bet)


Poker Hand #HD1849628726: Hold'em No Limit ($0.05/$0.1) - 2024/07/09 13:43:00
Table 'NLHRed42' 6-max Seat #1 is the button
Seat 1: 6de89f62 ($10 in chips)
Seat 2: 146a4b1b ($10 in chips)
Seat 3: 2be4cde8 ($12.47 in chips)
Seat 4: c80c2468 ($7.69 in chips)
Seat 5: Hero ($10 in chips)
Seat 6: 9e5683ee ($10.54 in chips)
146a4b1b: posts small blind $0.05
2be4cde8: posts big blind $0.1
*** HOLE CARDS ***
Dealt to 6de89f62 
Dealt to 146a4b1b 
Dealt to 2be4cde8 
Dealt to c80c2468 
Dealt to Hero [8h 6s]
Dealt to 9e5683ee 
c80c2468: raises $0.2 to $0.3
Hero: folds
9e5683ee: folds
6de89f62: folds
146a4b1b: folds
2be4cde8: calls $0.2
*** FLOP *** [Js 9s 3h]
2be4cde8: checks
c80c2468: bets $0.49
2be4cde8: calls $0.49
*** TURN *** [Js 9s 3h] [4d]
2be4cde8: checks
c80c2468: bets $0.82
2be4cde8: calls $0.82
*** RIVER *** [Js 9s 3h 4d] [4c]
2be4cde8: checks
c80c2468: bets $1.08
2be4cde8: folds
Uncalled bet ($1.08) returned to c80c2468
*** SHOWDOWN ***
c80c2468 collected $3.02 from pot
*** SUMMARY ***
Total pot $3.27 | Rake $0.15 | Jackpot $0.1 | Bingo $0 | Fortune $0 | Tax $0
Board [Js 9s 3h 4d 4c]
Seat 1: 6de89f62 (button) folded before Flop (didn't bet)
Seat 2: 146a4b1b (small blind) folded before Flop
Seat 3: 2be4cde8 (big blind) folded on the River
Seat 4: c80c2468 won ($3.02)
Seat 5: Hero folded before Flop (didn't bet)
Seat 6: 9e5683ee folded before Flop (didn't bet)


Poker Hand #HD1849628574: Hold'em No Limit ($0.05/$0.1) - 2024/07/09 13:41:48
Table 'NLHRed42' 6-max Seat #6 is the button
Seat 1: 6de89f62 ($10 in chips)
Seat 2: 146a4b1b ($10.23 in chips)
Seat 3: 2be4cde8 ($12.47 in chips)
Seat 4: c80c2468 ($6.43 in chips)
Seat 5: Hero ($10 in chips)
Seat 6: 9e5683ee ($10.54 in chips)
6de89f62: posts small blind $0.05
146a4b1b: posts big blind $0.1
*** HOLE CARDS ***
Dealt to 6de89f62 
Dealt to 146a4b1b 
Dealt to 2be4cde8 
Dealt to c80c2468 
Dealt to Hero [2d 4s]
Dealt to 9e5683ee 
2be4cde8: folds
c80c2468: raises $0.1 to $0.2
Hero: folds
9e5683ee: folds
6de89f62: folds
146a4b1b: calls $0.1
*** FLOP *** [Ah Tc 9d]
146a4b1b: checks
c80c2468: checks
*** TURN *** [Ah Tc 9d] [9h]
146a4b1b: checks
c80c2468: bets $0.23
146a4b1b: calls $0.23
*** RIVER *** [Ah Tc 9d 9h] [6h]
146a4b1b: checks
c80c2468: bets $0.91
146a4b1b: calls $0.91
c80c2468: shows [Kh 7h] (Ace High Flush)
146a4b1b: shows [Td Js] (Pair of Tens and Pair of Nines)
*** SHOWDOWN ***
c80c2468 collected $2.6 from pot
*** SUMMARY ***
Total pot $2.73 | Rake $0.13 | Jackpot $0 | Bingo $0 | Fortune $0 | Tax $0
Board [Ah Tc 9d 9h 6h]
Seat 1: 6de89f62 (small blind) folded before Flop
Seat 2: 146a4b1b (big blind) showed [Td Js] and lost with Pair of Tens and Pair of Nines
Seat 3: 2be4cde8 folded before Flop (didn't bet)
Seat 4: c80c2468 showed [Kh 7h] and won ($2.6) with Ace High Flush
Seat 5: Hero folded before Flop (didn't bet)
Seat 6: 9e5683ee (button) folded before Flop (didn't bet)


Poker Hand #HD1849628504: Hold'em No Limit ($0.05/$0.1) - 2024/07/09 13:41:16
Table 'NLHRed42' 6-max Seat #5 is the button
Seat 1: 6de89f62 ($10 in chips)
Seat 2: 146a4b1b ($10 in chips)
Seat 3: 2be4cde8 ($12.47 in chips)
Seat 4: c80c2468 ($6.43 in chips)
Seat 5: Hero ($10 in chips)
Seat 6: 9e5683ee ($10.59 in chips)
9e5683ee: posts small blind $0.05
6de89f62: posts big blind $0.1
*** HOLE CARDS ***
Dealt to 6de89f62 
Dealt to 146a4b1b 
Dealt to 2be4cde8 
Dealt to c80c2468 
Dealt to Hero [8d 4c]
Dealt to 9e5683ee 
146a4b1b: raises $0.1 to $0.2
2be4cde8: folds
c80c2468: folds
Hero: folds
9e5683ee: folds
6de89f62: calls $0.1
*** FLOP *** [3c 7s Ac]
6de89f62: checks
146a4b1b: bets $0.2
6de89f62: folds
Uncalled bet ($0.2) returned to 146a4b1b
*** SHOWDOWN ***
146a4b1b collected $0.43 from pot
*** SUMMARY ***
Total pot $0.45 | Rake $0.02 | Jackpot $0 | Bingo $0 | Fortune $0 | Tax $0
Board [3c 7s Ac]
Seat 1: 6de89f62 (big blind) folded on the Flop
Seat 2: 146a4b1b won ($0.43)
Seat 3: 2be4cde8 folded before Flop (didn't bet)
Seat 4: c80c2468 folded before Flop (didn't bet)
Seat 5: Hero (button) folded before Flop (didn't bet)
Seat 6: 9e5683ee (small blind) folded before Flop


Poker Hand #HD1849628399: Hold'em No Limit ($0.05/$0.1) - 2024/07/09 13:40:20
Table 'NLHRed42' 6-max Seat #4 is the button
Seat 1: 6de89f62 ($10 in chips)
Seat 2: 146a4b1b ($10 in chips)
Seat 3: 2be4cde8 ($12.47 in chips)
Seat 4: c80c2468 ($7.03 in chips)
Seat 5: Hero ($10 in chips)
Seat 6: 9e5683ee ($10 in chips)
Hero: posts small blind $0.05
9e5683ee: posts big blind $0.1
*** HOLE CARDS ***
Dealt to 6de89f62 
Dealt to 146a4b1b 
Dealt to 2be4cde8 
Dealt to c80c2468 
Dealt to Hero [Ah 8d]
Dealt to 9e5683ee 
6de89f62: folds
146a4b1b: folds
2be4cde8: folds
c80c2468: raises $0.2 to $0.3
Hero: folds
9e5683ee: calls $0.2
*** FLOP *** [Jc 6d 4s]
9e5683ee: checks
c80c2468: checks
*** TURN *** [Jc 6d 4s] [7c]
9e5683ee: bets $0.3
c80c2468: calls $0.3
*** RIVER *** [Jc 6d 4s 7c] [4d]
9e5683ee: bets $0.5
c80c2468: folds
Uncalled bet ($0.5) returned to 9e5683ee
*** SHOWDOWN ***
9e5683ee collected $1.19 from pot
*** SUMMARY ***
Total pot $1.25 | Rake $0.06 | Jackpot $0 | Bingo $0 | Fortune $0 | Tax $0
Board [Jc 6d 4s 7c 4d]
Seat 1: 6de89f62 folded before Flop (didn't bet)
Seat 2: 146a4b1b folded before Flop (didn't bet)
Seat 3: 2be4cde8 folded before Flop (didn't bet)
Seat 4: c80c2468 (button) folded on the River
Seat 5: Hero (small blind) folded before Flop
Seat 6: 9e5683ee (big blind) won ($1.19)


Poker Hand #HD1849628312: Hold'em No Limit ($0.05/$0.1) - 2024/07/09 13:39:43
Table 'NLHRed42' 6-max Seat #3 is the button
Seat 1: 6de89f62 ($10 in chips)
Seat 2: 146a4b1b ($10 in chips)
Seat 3: 2be4cde8 ($12.47 in chips)
Seat 4: c80c2468 ($6.75 in chips)
Seat 5: Hero ($10 in chips)
Seat 6: 9e5683ee ($10 in chips)
c80c2468: posts small blind $0.05
Hero: posts big blind $0.1
*** HOLE CARDS ***
Dealt to 6de89f62 
Dealt to 146a4b1b 
Dealt to 2be4cde8 
Dealt to c80c2468 
Dealt to Hero [6c 7h]
Dealt to 9e5683ee 
9e5683ee: raises $0.1 to $0.2
6de89f62: folds
146a4b1b: folds
2be4cde8: folds
c80c2468: calls $0.15
Hero: folds
*** FLOP *** [9d 4s 2h]
c80c2468: bets $0.25
9e5683ee: folds
Uncalled bet ($0.25) returned to c80c2468
*** SHOWDOWN ***
c80c2468 collected $0.48 from pot
*** SUMMARY ***
Total pot $0.5 | Rake $0.02 | Jackpot $0 | Bingo $0 | Fortune $0 | Tax $0
Board [9d 4s 2h]
Seat 1: 6de89f62 folded before Flop (didn't bet)
Seat 2: 146a4b1b folded before Flop (didn't bet)
Seat 3: 2be4cde8 (button) folded before Flop (didn't bet)
Seat 4: c80c2468 (small blind) won ($0.48)
Seat 5: Hero (big blind) folded before Flop
Seat 6: 9e5683ee folded on the Flop


Poker Hand #HD1849628262: Hold'em No Limit ($0.05/$0.1) - 2024/07/09 13:39:22
Table 'NLHRed42' 6-max Seat #2 is the button
Seat 1: 6de89f62 ($10 in chips)
Seat 2: 146a4b1b ($10 in chips)
Seat 3: 2be4cde8 ($12.77 in chips)
Seat 4: c80c2468 ($6.48 in chips)
Seat 5: Hero ($10 in chips)
Seat 6: 9e5683ee ($10 in chips)
2be4cde8: posts small blind $0.05
c80c2468: posts big blind $0.1
*** HOLE CARDS ***
Dealt to 6de89f62 
Dealt to 146a4b1b 
Dealt to 2be4cde8 
Dealt to c80c2468 
Dealt to Hero [2d 2h]
Dealt to 9e5683ee 
Hero: folds
9e5683ee: folds
6de89f62: folds
146a4b1b: folds
2be4cde8: raises $0.2 to $0.3
c80c2468: raises $0.45 to $0.75
2be4cde8: folds
Uncalled bet ($0.45) returned to c80c2468
*** SHOWDOWN ***
c80c2468 collected $0.57 from pot
*** SUMMARY ***
Total pot $0.6 | Rake $0.03 | Jackpot $0 | Bingo $0 | Fortune $0 | Tax $0
Seat 1: 6de89f62 folded before Flop (didn't bet)
Seat 2: 146a4b1b (button) folded before Flop (didn't bet)
Seat 3: 2be4cde8 (small blind) folded before Flop
Seat 4: c80c2468 (big blind) collected ($0.57)
Seat 5: Hero folded before Flop (didn't bet)
Seat 6: 9e5683ee folded before Flop (didn't bet)


Poker Hand #HD1849628060: Hold'em No Limit ($0.05/$0.1) - 2024/07/09 13:37:42
Table 'NLHRed42' 6-max Seat #1 is the button
Seat 1: 6de89f62 ($10 in chips)
Seat 2: 146a4b1b ($10.74 in chips)
Seat 3: 2be4cde8 ($10.3 in chips)
Seat 4: c80c2468 ($6.48 in chips)
Seat 5: Hero ($10 in chips)
Seat 6: 9e5683ee ($10 in chips)
146a4b1b: posts small blind $0.05
2be4cde8: posts big blind $0.1
*** HOLE CARDS ***
Dealt to 6de89f62 
Dealt to 146a4b1b 
Dealt to 2be4cde8 
Dealt to c80c2468 
Dealt to Hero [7h 8s]
Dealt to 9e5683ee 
c80c2468: folds
Hero: folds
9e5683ee: folds
6de89f62: folds
146a4b1b: raises $0.2 to $0.3
2be4cde8: calls $0.2
*** FLOP *** [7c 4d 4c]
146a4b1b: bets $0.2
2be4cde8: calls $0.2
*** TURN *** [7c 4d 4c] [Qh]
146a4b1b: checks
2be4cde8: checks
*** RIVER *** [7c 4d 4c Qh] [2s]
146a4b1b: bets $0.6
2be4cde8: raises $1.74 to $2.34
146a4b1b: calls $1.74
2be4cde8: shows [2h 4h] (Fours Full over Twos)
146a4b1b: shows [4s 6s] (Three Fours)
*** SHOWDOWN ***
2be4cde8 collected $5.31 from pot
*** SUMMARY ***
Total pot $5.68 | Rake $0.27 | Jackpot $0.1 | Bingo $0 | Fortune $0 | Tax $0
Board [7c 4d 4c Qh 2s]
Seat 1: 6de89f62 (button) folded before Flop (didn't bet)
Seat 2: 146a4b1b (small blind) showed [4s 6s] and lost with Three Fours
Seat 3: 2be4cde8 (big blind) showed [2h 4h] and won ($5.31) with Fours Full over Twos
Seat 4: c80c2468 folded before Flop (didn't bet)
Seat 5: Hero folded before Flop (didn't bet)
Seat 6: 9e5683ee folded before Flop (didn't bet)


Poker Hand #HD1849627982: Hold'em No Limit ($0.05/$0.1) - 2024/07/09 13:37:04
Table 'NLHRed42' 6-max Seat #6 is the button
Seat 1: 6de89f62 ($10 in chips)
Seat 2: 146a4b1b ($10.84 in chips)
Seat 3: 2be4cde8 ($10.3 in chips)
Seat 4: c80c2468 ($5.52 in chips)
Seat 5: Hero ($10 in chips)
Seat 6: 9e5683ee ($10 in chips)
6de89f62: posts small blind $0.05
146a4b1b: posts big blind $0.1
*** HOLE CARDS ***
Dealt to 6de89f62 
Dealt to 146a4b1b 
Dealt to 2be4cde8 
Dealt to c80c2468 
Dealt to Hero [Kc Ah]
Dealt to 9e5683ee 
2be4cde8: folds
c80c2468: raises $0.2 to $0.3
Hero: raises $0.6 to $0.9
9e5683ee: folds
6de89f62: folds
146a4b1b: folds
c80c2468: calls $0.6
*** FLOP *** [Qc Ts 9h]
c80c2468: bets $1.95
Hero: folds
Uncalled bet ($1.95) returned to c80c2468
*** SHOWDOWN ***
c80c2468 collected $1.86 from pot
*** SUMMARY ***
Total pot $1.95 | Rake $0.09 | Jackpot $0 | Bingo $0 | Fortune $0 | Tax $0
Board [Qc Ts 9h]
Seat 1: 6de89f62 (small blind) folded before Flop
Seat 2: 146a4b1b (big blind) folded before Flop
Seat 3: 2be4cde8 folded before Flop (didn't bet)
Seat 4: c80c2468 won ($1.86)
Seat 5: Hero folded on the Flop
Seat 6: 9e5683ee (button) folded before Flop (didn't bet)


Poker Hand #HD1849627915: Hold'em No Limit ($0.05/$0.1) - 2024/07/09 13:36:32
Table 'NLHRed42' 6-max Seat #5 is the button
Seat 1: 6de89f62 ($10 in chips)
Seat 2: 146a4b1b ($10.84 in chips)
Seat 3: 2be4cde8 ($10.3 in chips)
Seat 4: c80c2468 ($5.29 in chips)
Seat 5: Hero ($10 in chips)
Seat 6: 9e5683ee ($10 in chips)
9e5683ee: posts small blind $0.05
6de89f62: posts big blind $0.1
c80c2468: posts big blind $0.1
*** HOLE CARDS ***
Dealt to 6de89f62 
Dealt to 146a4b1b 
Dealt to 2be4cde8 
Dealt to c80c2468 
Dealt to Hero [Jc 6s]
Dealt to 9e5683ee 
146a4b1b: folds
2be4cde8: folds
c80c2468: raises $0.1 to $0.2
Hero: folds
9e5683ee: folds
6de89f62: calls $0.1
*** FLOP *** [2d 6h 3s]
6de89f62: checks
c80c2468: bets $0.34
6de89f62: folds
Uncalled bet ($0.34) returned to c80c2468
*** SHOWDOWN ***
c80c2468 collected $0.43 from pot
*** SUMMARY ***
Total pot $0.45 | Rake $0.02 | Jackpot $0 | Bingo $0 | Fortune $0 | Tax $0
Board [2d 6h 3s]
Seat 1: 6de89f62 (big blind) folded on the Flop
Seat 2: 146a4b1b folded before Flop (didn't bet)
Seat 3: 2be4cde8 folded before Flop (didn't bet)
Seat 4: c80c2468 won ($0.43)
Seat 5: Hero (button) folded before Flop (didn't bet)
Seat 6: 9e5683ee (small blind) folded before Flop


Poker Hand #HD1849627893: Hold'em No Limit ($0.05/$0.1) - 2024/07/09 13:36:21
Table 'NLHRed42' 6-max Seat #3 is the button
Seat 2: 146a4b1b ($10.69 in chips)
Seat 3: 2be4cde8 ($10.3 in chips)
Seat 5: Hero ($10 in chips)
Seat 6: 9e5683ee ($10 in chips)
Hero: posts small blind $0.05
9e5683ee: posts big blind $0.1
*** HOLE CARDS ***
Dealt to 146a4b1b 
Dealt to 2be4cde8 
Dealt to Hero [9h 3c]
Dealt to 9e5683ee 
146a4b1b: raises $0.13 to $0.23
2be4cde8: folds
Hero: folds
9e5683ee: folds
Uncalled bet ($0.13) returned to 146a4b1b
*** SHOWDOWN ***
146a4b1b collected $0.25 from pot
*** SUMMARY ***
Total pot $0.25 | Rake $0 | Jackpot $0 | Bingo $0 | Fortune $0 | Tax $0
Seat 2: 146a4b1b collected ($0.25)
Seat 3: 2be4cde8 (button) folded before Flop (didn't bet)
Seat 5: Hero (small blind) folded before Flop
Seat 6: 9e5683ee (big blind) folded before Flop


Poker Hand #HD1849627850: Hold'em No Limit ($0.05/$0.1) - 2024/07/09 13:35:58
Table 'NLHRed42' 6-max Seat #2 is the button
Seat 2: 146a4b1b ($10.32 in chips)
Seat 3: 2be4cde8 ($10.35 in chips)
Seat 5: Hero ($10.03 in chips)
Seat 6: 9e5683ee ($10.15 in chips)
2be4cde8: posts small blind $0.05
Hero: posts big blind $0.1
*** HOLE CARDS ***
Dealt to 146a4b1b 
Dealt to 2be4cde8 
Dealt to Hero [5h 2h]
Dealt to 9e5683ee 
9e5683ee: raises $0.15 to $0.25
146a4b1b: raises $0.5 to $0.75
2be4cde8: folds
Hero: folds
9e5683ee: folds
Uncalled bet ($0.5) returned to 146a4b1b
*** SHOWDOWN ***
146a4b1b collected $0.62 from pot
*** SUMMARY ***
Total pot $0.65 | Rake $0.03 | Jackpot $0 | Bingo $0 | Fortune $0 | Tax $0
Seat 2: 146a4b1b (button) collected ($0.62)
Seat 3: 2be4cde8 (small blind) folded before Flop
Seat 5: Hero (big blind) folded before Flop
Seat 6: 9e5683ee folded before Flop


Poker Hand #HD1849627809: Hold'em No Limit ($0.05/$0.1) - 2024/07/09 13:35:40
Table 'NLHRed42' 6-max Seat #6 is the button
Seat 2: 146a4b1b ($10.37 in chips)
Seat 3: 2be4cde8 ($10.45 in chips)
Seat 4: b2d79c4a ($10.2 in chips)
Seat 5: Hero ($10.03 in chips)
Seat 6: 9e5683ee ($10 in chips)
146a4b1b: posts small blind $0.05
2be4cde8: posts big blind $0.1
*** HOLE CARDS ***
Dealt to 146a4b1b 
Dealt to 2be4cde8 
Dealt to b2d79c4a 
Dealt to Hero [3h 7d]
Dealt to 9e5683ee 
b2d79c4a: folds
Hero: folds
9e5683ee: raises $0.15 to $0.25
146a4b1b: folds
2be4cde8: folds
Uncalled bet ($0.15) returned to 9e5683ee
*** SHOWDOWN ***
9e5683ee collected $0.25 from pot
*** SUMMARY ***
Total pot $0.25 | Rake $0 | Jackpot $0 | Bingo $0 | Fortune $0 | Tax $0
Seat 2: 146a4b1b (small blind) folded before Flop
Seat 3: 2be4cde8 (big blind) folded before Flop
Seat 4: b2d79c4a folded before Flop (didn't bet)
Seat 5: Hero folded before Flop (didn't bet)
Seat 6: 9e5683ee (button) collected ($0.25)


Poker Hand #HD1849627745: Hold'em No Limit ($0.05/$0.1) - 2024/07/09 13:35:06
Table 'NLHRed42' 6-max Seat #5 is the button
Seat 2: 146a4b1b ($10.1 in chips)
Seat 3: 2be4cde8 ($10.45 in chips)
Seat 4: b2d79c4a ($10.2 in chips)
Seat 5: Hero ($10.03 in chips)
Seat 6: 9e5683ee ($10 in chips)
9e5683ee: posts small blind $0.05
146a4b1b: posts big blind $0.1
*** HOLE CARDS ***
Dealt to 146a4b1b 
Dealt to 2be4cde8 
Dealt to b2d79c4a 
Dealt to Hero [3c 9c]
Dealt to 9e5683ee 
2be4cde8: folds
b2d79c4a: folds
Hero: folds
9e5683ee: raises $0.2 to $0.3
146a4b1b: calls $0.2
*** FLOP *** [7h 9d 5d]
9e5683ee: checks
146a4b1b: bets $0.4
9e5683ee: folds
Uncalled bet ($0.4) returned to 146a4b1b
*** SHOWDOWN ***
146a4b1b collected $0.57 from pot
*** SUMMARY ***
Total pot $0.6 | Rake $0.03 | Jackpot $0 | Bingo $0 | Fortune $0 | Tax $0
Board [7h 9d 5d]
Seat 2: 146a4b1b (big blind) won ($0.57)
Seat 3: 2be4cde8 folded before Flop (didn't bet)
Seat 4: b2d79c4a folded before Flop (didn't bet)
Seat 5: Hero (button) folded before Flop (didn't bet)
Seat 6: 9e5683ee (small blind) folded on the Flop


Poker Hand #HD1849627679: Hold'em No Limit ($0.05/$0.1) - 2024/07/09 13:34:29
Table 'NLHRed42' 6-max Seat #4 is the button
Seat 1: b2b3f08f ($10.59 in chips)
Seat 2: 146a4b1b ($10.1 in chips)
Seat 3: 2be4cde8 ($10.3 in chips)
Seat 4: b2d79c4a ($10.2 in chips)
Seat 5: Hero ($10.08 in chips)
Seat 6: 9e5683ee ($10 in chips)
Hero: posts small blind $0.05
9e5683ee: posts big blind $0.1
*** HOLE CARDS ***
Dealt to b2b3f08f 
Dealt to 146a4b1b 
Dealt to 2be4cde8 
Dealt to b2d79c4a 
Dealt to Hero [Td Kc]
Dealt to 9e5683ee 
b2b3f08f: folds
146a4b1b: folds
2be4cde8: raises $0.15 to $0.25
b2d79c4a: folds
Hero: folds
9e5683ee: folds
Uncalled bet ($0.15) returned to 2be4cde8
*** SHOWDOWN ***
2be4cde8 collected $0.25 from pot
*** SUMMARY ***
Total pot $0.25 | Rake $0 | Jackpot $0 | Bingo $0 | Fortune $0 | Tax $0
Seat 1: b2b3f08f folded before Flop (didn't bet)
Seat 2: 146a4b1b folded before Flop (didn't bet)
Seat 3: 2be4cde8 collected ($0.25)
Seat 4: b2d79c4a (button) folded before Flop (didn't bet)
Seat 5: Hero (small blind) folded before Flop
Seat 6: 9e5683ee (big blind) folded before Flop


Poker Hand #HD1849627652: Hold'em No Limit ($0.05/$0.1) - 2024/07/09 13:34:14
Table 'NLHRed42' 6-max Seat #3 is the button
Seat 1: b2b3f08f ($10.59 in chips)
Seat 2: 146a4b1b ($10.1 in chips)
Seat 3: 2be4cde8 ($10.15 in chips)
Seat 4: b2d79c4a ($10.25 in chips)
Seat 5: Hero ($10.18 in chips)
b2d79c4a: posts small blind $0.05
Hero: posts big blind $0.1
*** HOLE CARDS ***
Dealt to b2b3f08f 
Dealt to 146a4b1b 
Dealt to 2be4cde8 
Dealt to b2d79c4a 
Dealt to Hero [Qs 6s]
b2b3f08f: folds
146a4b1b: folds
2be4cde8: raises $0.15 to $0.25
b2d79c4a: folds
Hero: folds
Uncalled bet ($0.15) returned to 2be4cde8
*** SHOWDOWN ***
2be4cde8 collected $0.25 from pot
*** SUMMARY ***
Total pot $0.25 | Rake $0 | Jackpot $0 | Bingo $0 | Fortune $0 | Tax $0
Seat 1: b2b3f08f folded before Flop (didn't bet)
Seat 2: 146a4b1b folded before Flop (didn't bet)
Seat 3: 2be4cde8 (button) collected ($0.25)
Seat 4: b2d79c4a (small blind) folded before Flop
Seat 5: Hero (big blind) folded before Flop


Poker Hand #HD1849627625: Hold'em No Limit ($0.05/$0.1) - 2024/07/09 13:34:01
Table 'NLHRed42' 6-max Seat #2 is the button
Seat 1: b2b3f08f ($10.59 in chips)
Seat 2: 146a4b1b ($10.1 in chips)
Seat 3: 2be4cde8 ($10.2 in chips)
Seat 4: b2d79c4a ($10.35 in chips)
Seat 5: Hero ($10.03 in chips)
2be4cde8: posts small blind $0.05
b2d79c4a: posts big blind $0.1
*** HOLE CARDS ***
Dealt to b2b3f08f 
Dealt to 146a4b1b 
Dealt to 2be4cde8 
Dealt to b2d79c4a 
Dealt to Hero [Kc Jc]
Hero: raises $0.1 to $0.2
b2b3f08f: folds
146a4b1b: folds
2be4cde8: folds
b2d79c4a: folds
Uncalled bet ($0.1) returned to Hero
*** SHOWDOWN ***
Hero collected $0.25 from pot
*** SUMMARY ***
Total pot $0.25 | Rake $0 | Jackpot $0 | Bingo $0 | Fortune $0 | Tax $0
Seat 1: b2b3f08f folded before Flop (didn't bet)
Seat 2: 146a4b1b (button) folded before Flop (didn't bet)
Seat 3: 2be4cde8 (small blind) folded before Flop
Seat 4: b2d79c4a (big blind) folded before Flop
Seat 5: Hero collected ($0.25)


Poker Hand #HD1849627604: Hold'em No Limit ($0.05/$0.1) - 2024/07/09 13:33:52
Table 'NLHRed42' 6-max Seat #1 is the button
Seat 1: b2b3f08f ($10.59 in chips)
Seat 2: 146a4b1b ($10.15 in chips)
Seat 3: 2be4cde8 ($10.15 in chips)
Seat 4: b2d79c4a ($10.35 in chips)
Seat 5: Hero ($10.03 in chips)
146a4b1b: posts small blind $0.05
2be4cde8: posts big blind $0.1
*** HOLE CARDS ***
Dealt to b2b3f08f 
Dealt to 146a4b1b 
Dealt to 2be4cde8 
Dealt to b2d79c4a 
Dealt to Hero [6s 8s]
b2d79c4a: folds
Hero: folds
b2b3f08f: folds
146a4b1b: folds
Uncalled bet ($0.05) returned to 2be4cde8
*** SHOWDOWN ***
2be4cde8 collected $0.1 from pot
*** SUMMARY ***
Total pot $0.1 | Rake $0 | Jackpot $0 | Bingo $0 | Fortune $0 | Tax $0
Seat 1: b2b3f08f (button) folded before Flop (didn't bet)
Seat 2: 146a4b1b (small blind) folded before Flop
Seat 3: 2be4cde8 (big blind) collected ($0.1)
Seat 4: b2d79c4a folded before Flop (didn't bet)
Seat 5: Hero folded before Flop (didn't bet)


Poker Hand #HD1849627552: Hold'em No Limit ($0.05/$0.1) - 2024/07/09 13:33:23
Table 'NLHRed42' 6-max Seat #5 is the button
Seat 1: b2b3f08f ($10.69 in chips)
Seat 2: 146a4b1b ($10.15 in chips)
Seat 3: 2be4cde8 ($10.15 in chips)
Seat 4: b2d79c4a ($10.2 in chips)
Seat 5: Hero ($10.03 in chips)
Seat 6: d0c94f55 ($11.39 in chips)
d0c94f55: posts small blind $0.05
b2b3f08f: posts big blind $0.1
*** HOLE CARDS ***
Dealt to b2b3f08f 
Dealt to 146a4b1b 
Dealt to 2be4cde8 
Dealt to b2d79c4a 
Dealt to Hero [Tc 3d]
Dealt to d0c94f55 
146a4b1b: folds
2be4cde8: folds
b2d79c4a: raises $0.1 to $0.2
Hero: folds
d0c94f55: folds
b2b3f08f: folds
Uncalled bet ($0.1) returned to b2d79c4a
*** SHOWDOWN ***
b2d79c4a collected $0.25 from pot
*** SUMMARY ***
Total pot $0.25 | Rake $0 | Jackpot $0 | Bingo $0 | Fortune $0 | Tax $0
Seat 1: b2b3f08f (big blind) folded before Flop
Seat 2: 146a4b1b folded before Flop (didn't bet)
Seat 3: 2be4cde8 folded before Flop (didn't bet)
Seat 4: b2d79c4a collected ($0.25)
Seat 5: Hero (button) folded before Flop (didn't bet)
Seat 6: d0c94f55 (small blind) folded before Flop


Poker Hand #HD1849627475: Hold'em No Limit ($0.05/$0.1) - 2024/07/09 13:32:45
Table 'NLHRed42' 6-max Seat #4 is the button
Seat 1: b2b3f08f ($10.69 in chips)
Seat 2: 146a4b1b ($10.15 in chips)
Seat 3: 2be4cde8 ($10.15 in chips)
Seat 4: b2d79c4a ($10.05 in chips)
Seat 5: Hero ($10.08 in chips)
Seat 6: d0c94f55 ($11.49 in chips)
Hero: posts small blind $0.05
d0c94f55: posts big blind $0.1
*** HOLE CARDS ***
Dealt to b2b3f08f 
Dealt to 146a4b1b 
Dealt to 2be4cde8 
Dealt to b2d79c4a 
Dealt to Hero [2d 6c]
Dealt to d0c94f55 
b2b3f08f: folds
146a4b1b: folds
2be4cde8: folds
b2d79c4a: raises $0.1 to $0.2
Hero: folds
d0c94f55: folds
Uncalled bet ($0.1) returned to b2d79c4a
*** SHOWDOWN ***
b2d79c4a collected $0.25 from pot
*** SUMMARY ***
Total pot $0.25 | Rake $0 | Jackpot $0 | Bingo $0 | Fortune $0 | Tax $0
Seat 1: b2b3f08f folded before Flop (didn't bet)
Seat 2: 146a4b1b folded before Flop (didn't bet)
Seat 3: 2be4cde8 folded before Flop (didn't bet)
Seat 4: b2d79c4a (button) collected ($0.25)
Seat 5: Hero (small blind) folded before Flop
Seat 6: d0c94f55 (big blind) folded before Flop


Poker Hand #HD1849627443: Hold'em No Limit ($0.05/$0.1) - 2024/07/09 13:32:26
Table 'NLHRed42' 6-max Seat #3 is the button
Seat 1: b2b3f08f ($10.69 in chips)
Seat 2: 146a4b1b ($10.15 in chips)
Seat 3: 2be4cde8 ($10 in chips)
Seat 4: b2d79c4a ($10.1 in chips)
Seat 5: Hero ($10.18 in chips)
Seat 6: d0c94f55 ($11.49 in chips)
b2d79c4a: posts small blind $0.05
Hero: posts big blind $0.1
*** HOLE CARDS ***
Dealt to b2b3f08f 
Dealt to 146a4b1b 
Dealt to 2be4cde8 
Dealt to b2d79c4a 
Dealt to Hero [3c Th]
Dealt to d0c94f55 
d0c94f55: folds
b2b3f08f: folds
146a4b1b: folds
2be4cde8: raises $0.15 to $0.25
b2d79c4a: folds
Hero: folds
Uncalled bet ($0.15) returned to 2be4cde8
*** SHOWDOWN ***
2be4cde8 collected $0.25 from pot
*** SUMMARY ***
Total pot $0.25 | Rake $0 | Jackpot $0 | Bingo $0 | Fortune $0 | Tax $0
Seat 1: b2b3f08f folded before Flop (didn't bet)
Seat 2: 146a4b1b folded before Flop (didn't bet)
Seat 3: 2be4cde8 (button) collected ($0.25)
Seat 4: b2d79c4a (small blind) folded before Flop
Seat 5: Hero (big blind) folded before Flop
Seat 6: d0c94f55 folded before Flop (didn't bet)


Poker Hand #HD1849627417: Hold'em No Limit ($0.05/$0.1) - 2024/07/09 13:32:09
Table 'NLHRed42' 6-max Seat #2 is the button
Seat 1: b2b3f08f ($10.69 in chips)
Seat 2: 146a4b1b ($10.15 in chips)
Seat 3: 2be4cde8 ($10 in chips)
Seat 4: b2d79c4a ($10.2 in chips)
Seat 5: Hero ($10.18 in chips)
Seat 6: d0c94f55 ($11.34 in chips)
2be4cde8: posts small blind $0.05
b2d79c4a: posts big blind $0.1
*** HOLE CARDS ***
Dealt to b2b3f08f 
Dealt to 146a4b1b 
Dealt to 2be4cde8 
Dealt to b2d79c4a 
Dealt to Hero [6d Th]
Dealt to d0c94f55 
Hero: folds
d0c94f55: raises $0.1 to $0.2
b2b3f08f: folds
146a4b1b: folds
2be4cde8: folds
b2d79c4a: folds
Uncalled bet ($0.1) returned to d0c94f55
*** SHOWDOWN ***
d0c94f55 collected $0.25 from pot
*** SUMMARY ***
Total pot $0.25 | Rake $0 | Jackpot $0 | Bingo $0 | Fortune $0 | Tax $0
Seat 1: b2b3f08f folded before Flop (didn't bet)
Seat 2: 146a4b1b (button) folded before Flop (didn't bet)
Seat 3: 2be4cde8 (small blind) folded before Flop
Seat 4: b2d79c4a (big blind) folded before Flop
Seat 5: Hero folded before Flop (didn't bet)
Seat 6: d0c94f55 collected ($0.25)


Poker Hand #HD1849627373: Hold'em No Limit ($0.05/$0.1) - 2024/07/09 13:31:45
Table 'NLHRed42' 6-max Seat #1 is the button
Seat 1: b2b3f08f ($10.54 in chips)
Seat 2: 146a4b1b ($10.2 in chips)
Seat 3: 2be4cde8 ($10.03 in chips)
Seat 4: b2d79c4a ($10.2 in chips)
Seat 5: Hero ($10.18 in chips)
Seat 6: d0c94f55 ($11.34 in chips)
146a4b1b: posts small blind $0.05
2be4cde8: posts big blind $0.1
*** HOLE CARDS ***
Dealt to b2b3f08f 
Dealt to 146a4b1b 
Dealt to 2be4cde8 
Dealt to b2d79c4a 
Dealt to Hero [Ah 4s]
Dealt to d0c94f55 
b2d79c4a: folds
Hero: folds
d0c94f55: folds
b2b3f08f: raises $0.2 to $0.3
146a4b1b: folds
2be4cde8: folds
Uncalled bet ($0.2) returned to b2b3f08f
*** SHOWDOWN ***
b2b3f08f collected $0.25 from pot
*** SUMMARY ***
Total pot $0.25 | Rake $0 | Jackpot $0 | Bingo $0 | Fortune $0 | Tax $0
Seat 1: b2b3f08f (button) collected ($0.25)
Seat 2: 146a4b1b (small blind) folded before Flop
Seat 3: 2be4cde8 (big blind) folded before Flop
Seat 4: b2d79c4a folded before Flop (didn't bet)
Seat 5: Hero folded before Flop (didn't bet)
Seat 6: d0c94f55 folded before Flop (didn't bet)


Poker Hand #HD1849627290: Hold'em No Limit ($0.05/$0.1) - 2024/07/09 13:31:00
Table 'NLHRed42' 6-max Seat #6 is the button
Seat 1: b2b3f08f ($10 in chips)
Seat 2: 146a4b1b ($10.3 in chips)
Seat 3: 2be4cde8 ($10.03 in chips)
Seat 4: b2d79c4a ($10.2 in chips)
Seat 5: Hero ($10.42 in chips)
Seat 6: d0c94f55 ($11.58 in chips)
b2b3f08f: posts small blind $0.05
146a4b1b: posts big blind $0.1
*** HOLE CARDS ***
Dealt to b2b3f08f 
Dealt to 146a4b1b 
Dealt to 2be4cde8 
Dealt to b2d79c4a 
Dealt to Hero [5h Ah]
Dealt to d0c94f55 
2be4cde8: folds
b2d79c4a: folds
Hero: raises $0.14 to $0.24
d0c94f55: calls $0.24
b2b3f08f: raises $1.14 to $1.38
146a4b1b: folds
Hero: folds
d0c94f55: folds
Uncalled bet ($1.14) returned to b2b3f08f
*** SHOWDOWN ***
b2b3f08f collected $0.78 from pot
*** SUMMARY ***
Total pot $0.82 | Rake $0.04 | Jackpot $0 | Bingo $0 | Fortune $0 | Tax $0
Seat 1: b2b3f08f (small blind) collected ($0.78)
Seat 2: 146a4b1b (big blind) folded before Flop
Seat 3: 2be4cde8 folded before Flop (didn't bet)
Seat 4: b2d79c4a folded before Flop (didn't bet)
Seat 5: Hero folded before Flop
Seat 6: d0c94f55 (button) folded before Flop


Poker Hand #HD1849627260: Hold'em No Limit ($0.05/$0.1) - 2024/07/09 13:30:45
Table 'NLHRed42' 6-max Seat #5 is the button
Seat 1: b2b3f08f ($10 in chips)
Seat 2: 146a4b1b ($10.15 in chips)
Seat 3: 2be4cde8 ($10.03 in chips)
Seat 4: b2d79c4a ($10.2 in chips)
Seat 5: Hero ($10.42 in chips)
Seat 6: d0c94f55 ($11.63 in chips)
d0c94f55: posts small blind $0.05
b2b3f08f: posts big blind $0.1
*** HOLE CARDS ***
Dealt to b2b3f08f 
Dealt to 146a4b1b 
Dealt to 2be4cde8 
Dealt to b2d79c4a 
Dealt to Hero [Qs 2d]
Dealt to d0c94f55 
146a4b1b: raises $0.1 to $0.2
2be4cde8: folds
b2d79c4a: folds
Hero: folds
d0c94f55: folds
b2b3f08f: folds
Uncalled bet ($0.1) returned to 146a4b1b
*** SHOWDOWN ***
146a4b1b collected $0.25 from pot
*** SUMMARY ***
Total pot $0.25 | Rake $0 | Jackpot $0 | Bingo $0 | Fortune $0 | Tax $0
Seat 1: b2b3f08f (big blind) folded before Flop
Seat 2: 146a4b1b collected ($0.25)
Seat 3: 2be4cde8 folded before Flop (didn't bet)
Seat 4: b2d79c4a folded before Flop (didn't bet)
Seat 5: Hero (button) folded before Flop (didn't bet)
Seat 6: d0c94f55 (small blind) folded before Flop


Poker Hand #HD1849627208: Hold'em No Limit ($0.05/$0.1) - 2024/07/09 13:30:17
Table 'NLHRed42' 6-max Seat #4 is the button
Seat 2: 146a4b1b ($10 in chips)
Seat 3: 2be4cde8 ($10.03 in chips)
Seat 4: b2d79c4a ($10.2 in chips)
Seat 5: Hero ($10.47 in chips)
Seat 6: d0c94f55 ($11.73 in chips)
Hero: posts small blind $0.05
d0c94f55: posts big blind $0.1
*** HOLE CARDS ***
Dealt to 146a4b1b 
Dealt to 2be4cde8 
Dealt to b2d79c4a 
Dealt to Hero [7c Ah]
Dealt to d0c94f55 
146a4b1b: raises $0.13 to $0.23
2be4cde8: folds
b2d79c4a: folds
Hero: folds
d0c94f55: folds
Uncalled bet ($0.13) returned to 146a4b1b
*** SHOWDOWN ***
146a4b1b collected $0.25 from pot
*** SUMMARY ***
Total pot $0.25 | Rake $0 | Jackpot $0 | Bingo $0 | Fortune $0 | Tax $0
Seat 2: 146a4b1b collected ($0.25)
Seat 3: 2be4cde8 folded before Flop (didn't bet)
Seat 4: b2d79c4a (button) folded before Flop (didn't bet)
Seat 5: Hero (small blind) folded before Flop
Seat 6: d0c94f55 (big blind) folded before Flop


Poker Hand #HD1849627182: Hold'em No Limit ($0.05/$0.1) - 2024/07/09 13:30:02
Table 'NLHRed42' 6-max Seat #3 is the button
Seat 1: e2c52dcf ($28.71 in chips)
Seat 2: 146a4b1b ($10 in chips)
Seat 3: 2be4cde8 ($10.03 in chips)
Seat 4: b2d79c4a ($10.25 in chips)
Seat 5: Hero ($10.42 in chips)
Seat 6: d0c94f55 ($11.73 in chips)
b2d79c4a: posts small blind $0.05
Hero: posts big blind $0.1
*** HOLE CARDS ***
Dealt to e2c52dcf 
Dealt to 146a4b1b 
Dealt to 2be4cde8 
Dealt to b2d79c4a 
Dealt to Hero [Ad 7d]
Dealt to d0c94f55 
d0c94f55: folds
e2c52dcf: folds
146a4b1b: folds
2be4cde8: folds
b2d79c4a: folds
Uncalled bet ($0.05) returned to Hero
*** SHOWDOWN ***
Hero collected $0.1 from pot
*** SUMMARY ***
Total pot $0.1 | Rake $0 | Jackpot $0 | Bingo $0 | Fortune $0 | Tax $0
Seat 1: e2c52dcf folded before Flop (didn't bet)
Seat 2: 146a4b1b folded before Flop (didn't bet)
Seat 3: 2be4cde8 (button) folded before Flop (didn't bet)
Seat 4: b2d79c4a (small blind) folded before Flop
Seat 5: Hero (big blind) collected ($0.1)
Seat 6: d0c94f55 folded before Flop (didn't bet)


Poker Hand #HD1849627141: Hold'em No Limit ($0.05/$0.1) - 2024/07/09 13:29:34
Table 'NLHRed42' 6-max Seat #2 is the button
Seat 1: e2c52dcf ($28.71 in chips)
Seat 2: 146a4b1b ($10 in chips)
Seat 3: 2be4cde8 ($10.08 in chips)
Seat 4: b2d79c4a ($10.35 in chips)
Seat 5: Hero ($10.27 in chips)
Seat 6: d0c94f55 ($11.73 in chips)
2be4cde8: posts small blind $0.05
b2d79c4a: posts big blind $0.1
*** HOLE CARDS ***
Dealt to e2c52dcf 
Dealt to 146a4b1b 
Dealt to 2be4cde8 
Dealt to b2d79c4a 
Dealt to Hero [8d 7d]
Dealt to d0c94f55 
Hero: raises $0.1 to $0.2
d0c94f55: folds
e2c52dcf: folds
146a4b1b: folds
2be4cde8: folds
b2d79c4a: folds
Uncalled bet ($0.1) returned to Hero
*** SHOWDOWN ***
Hero collected $0.25 from pot
*** SUMMARY ***
Total pot $0.25 | Rake $0 | Jackpot $0 | Bingo $0 | Fortune $0 | Tax $0
Seat 1: e2c52dcf folded before Flop (didn't bet)
Seat 2: 146a4b1b (button) folded before Flop (didn't bet)
Seat 3: 2be4cde8 (small blind) folded before Flop
Seat 4: b2d79c4a (big blind) folded before Flop
Seat 5: Hero collected ($0.25)
Seat 6: d0c94f55 folded before Flop (didn't bet)


Poker Hand #HD1849626982: Hold'em No Limit ($0.05/$0.1) - 2024/07/09 13:28:05
Table 'NLHRed42' 6-max Seat #1 is the button
Seat 1: e2c52dcf ($19.66 in chips)
Seat 2: 146a4b1b ($10.05 in chips)
Seat 3: 2be4cde8 ($10.18 in chips)
Seat 4: b2d79c4a ($10.35 in chips)
Seat 5: Hero ($10.27 in chips)
Seat 6: d0c94f55 ($11.73 in chips)
146a4b1b: posts small blind $0.05
2be4cde8: posts big blind $0.1
*** HOLE CARDS ***
Dealt to e2c52dcf 
Dealt to 146a4b1b 
Dealt to 2be4cde8 
Dealt to b2d79c4a 
Dealt to Hero [3h 6d]
Dealt to d0c94f55 
b2d79c4a: folds
Hero: folds
d0c94f55: folds
e2c52dcf: raises $0.2 to $0.3
146a4b1b: raises $0.9 to $1.2
2be4cde8: folds
e2c52dcf: calls $0.9
*** FLOP *** [Jc 5d 6c]
146a4b1b: checks
e2c52dcf: bets $0.83
146a4b1b: calls $0.83
*** TURN *** [Jc 5d 6c] [2s]
146a4b1b: checks
e2c52dcf: bets $1.38
146a4b1b: calls $1.38
*** RIVER *** [Jc 5d 6c 2s] [7h]
146a4b1b: checks
e2c52dcf: bets $6.92
146a4b1b: calls $6.64 and is all-in
Uncalled bet ($0.28) returned to e2c52dcf
e2c52dcf: shows [Jd Js] (Three Jacks)
146a4b1b: shows [Ts Th] (Pair of Tens)
*** SHOWDOWN ***
e2c52dcf collected $19.1 from pot
*** SUMMARY ***
Total pot $20.2 | Rake $1 | Jackpot $0.1 | Bingo $0 | Fortune $0 | Tax $0
Board [Jc 5d 6c 2s 7h]
Seat 1: e2c52dcf (button) showed [Jd Js] and won ($19.1) with Three Jacks
Seat 2: 146a4b1b (small blind) showed [Ts Th] and lost with Pair of Tens
Seat 3: 2be4cde8 (big blind) folded before Flop
Seat 4: b2d79c4a folded before Flop (didn't bet)
Seat 5: Hero folded before Flop (didn't bet)
Seat 6: d0c94f55 folded before Flop (didn't bet)


Poker Hand #HD1849626946: Hold'em No Limit ($0.05/$0.1) - 2024/07/09 13:27:46
Table 'NLHRed42' 6-max Seat #6 is the button
Seat 1: e2c52dcf ($19.71 in chips)
Seat 2: 146a4b1b ($10 in chips)
Seat 3: 2be4cde8 ($10.18 in chips)
Seat 4: b2d79c4a ($10.35 in chips)
Seat 5: Hero ($10.27 in chips)
Seat 6: d0c94f55 ($11.73 in chips)
e2c52dcf: posts small blind $0.05
146a4b1b: posts big blind $0.1
*** HOLE CARDS ***
Dealt to e2c52dcf 
Dealt to 146a4b1b 
Dealt to 2be4cde8 
Dealt to b2d79c4a 
Dealt to Hero [4h Qh]
Dealt to d0c94f55 
2be4cde8: folds
b2d79c4a: folds
Hero: folds
d0c94f55: folds
e2c52dcf: folds
Uncalled bet ($0.05) returned to 146a4b1b
*** SHOWDOWN ***
146a4b1b collected $0.1 from pot
*** SUMMARY ***
Total pot $0.1 | Rake $0 | Jackpot $0 | Bingo $0 | Fortune $0 | Tax $0
Seat 1: e2c52dcf (small blind) folded before Flop
Seat 2: 146a4b1b (big blind) collected ($0.1)
Seat 3: 2be4cde8 folded before Flop (didn't bet)
Seat 4: b2d79c4a folded before Flop (didn't bet)
Seat 5: Hero folded before Flop (didn't bet)
Seat 6: d0c94f55 (button) folded before Flop (didn't bet)


Poker Hand #HD1849626887: Hold'em No Limit ($0.05/$0.1) - 2024/07/09 13:27:12
Table 'NLHRed42' 6-max Seat #5 is the button
Seat 1: e2c52dcf ($19.95 in chips)
Seat 2: 146a4b1b ($10 in chips)
Seat 3: 2be4cde8 ($10.18 in chips)
Seat 4: b2d79c4a ($10.35 in chips)
Seat 5: Hero ($10 in chips)
Seat 6: d0c94f55 ($11.78 in chips)
d0c94f55: posts small blind $0.05
e2c52dcf: posts big blind $0.1
*** HOLE CARDS ***
Dealt to e2c52dcf 
Dealt to 146a4b1b 
Dealt to 2be4cde8 
Dealt to b2d79c4a 
Dealt to Hero [Th 9h]
Dealt to d0c94f55 
146a4b1b: folds
2be4cde8: folds
b2d79c4a: folds
Hero: raises $0.14 to $0.24
d0c94f55: folds
e2c52dcf: calls $0.14
*** FLOP *** [2d Kd 2h]
e2c52dcf: checks
Hero: checks
*** TURN *** [2d Kd 2h] [4c]
e2c52dcf: checks
Hero: bets $0.3
e2c52dcf: folds
Uncalled bet ($0.3) returned to Hero
*** SHOWDOWN ***
Hero collected $0.51 from pot
*** SUMMARY ***
Total pot $0.53 | Rake $0.02 | Jackpot $0 | Bingo $0 | Fortune $0 | Tax $0
Board [2d Kd 2h 4c]
Seat 1: e2c52dcf (big blind) folded on the Turn
Seat 2: 146a4b1b folded before Flop (didn't bet)
Seat 3: 2be4cde8 folded before Flop (didn't bet)
Seat 4: b2d79c4a folded before Flop (didn't bet)
Seat 5: Hero (button) won ($0.51)
Seat 6: d0c94f55 (small blind) folded before Flop


Poker Hand #HD1849626771: Hold'em No Limit ($0.05/$0.1) - 2024/07/09 13:26:02
Table 'NLHRed42' 6-max Seat #4 is the button
Seat 1: e2c52dcf ($10.45 in chips)
Seat 2: 146a4b1b ($13.89 in chips)
Seat 3: 2be4cde8 ($10.18 in chips)
Seat 4: b2d79c4a ($10.35 in chips)
Seat 5: Hero ($10 in chips)
Seat 6: d0c94f55 ($11.88 in chips)
Hero: posts small blind $0.05
d0c94f55: posts big blind $0.1
*** HOLE CARDS ***
Dealt to e2c52dcf 
Dealt to 146a4b1b 
Dealt to 2be4cde8 
Dealt to b2d79c4a 
Dealt to Hero [7c 9h]
Dealt to d0c94f55 
e2c52dcf: raises $0.2 to $0.3
146a4b1b: raises $0.6 to $0.9
2be4cde8: folds
b2d79c4a: folds
Hero: folds
d0c94f55: folds
e2c52dcf: calls $0.6
*** FLOP *** [Tc Qc 4c]
e2c52dcf: checks
146a4b1b: bets $1.2
e2c52dcf: raises $1.69 to $2.89
146a4b1b: calls $1.69
*** TURN *** [Tc Qc 4c] [Ks]
e2c52dcf: bets $3.87
146a4b1b: raises $6.23 to $10.1 and is all-in
e2c52dcf: calls $2.79 and is all-in
Uncalled bet ($3.44) returned to 146a4b1b
146a4b1b: shows [Ac Kd] (Pair of Kings)
e2c52dcf: shows [Jc Kc] (King High Flush)
*** RIVER *** [Tc Qc 4c Ks] [2h]
*** SHOWDOWN ***
e2c52dcf collected $19.95 from pot
*** SUMMARY ***
Total pot $21.05 | Rake $1 | Jackpot $0.1 | Bingo $0 | Fortune $0 | Tax $0
Board [Tc Qc 4c Ks 2h]
Seat 1: e2c52dcf showed [Jc Kc] and won ($19.95) with King High Flush
Seat 2: 146a4b1b showed [Ac Kd] and lost with Pair of Kings
Seat 3: 2be4cde8 folded before Flop (didn't bet)
Seat 4: b2d79c4a (button) folded before Flop (didn't bet)
Seat 5: Hero (small blind) folded before Flop
Seat 6: d0c94f55 (big blind) folded before Flop


Poker Hand #HD1849626735: Hold'em No Limit ($0.05/$0.1) - 2024/07/09 13:25:43
Table 'NLHRed42' 6-max Seat #3 is the button
Seat 1: e2c52dcf ($10.45 in chips)
Seat 2: 146a4b1b ($13.74 in chips)
Seat 3: 2be4cde8 ($10.18 in chips)
Seat 4: b2d79c4a ($10.4 in chips)
Seat 5: Hero ($10 in chips)
Seat 6: d0c94f55 ($11.88 in chips)
b2d79c4a: posts small blind $0.05
Hero: posts big blind $0.1
*** HOLE CARDS ***
Dealt to e2c52dcf 
Dealt to 146a4b1b 
Dealt to 2be4cde8 
Dealt to b2d79c4a 
Dealt to Hero [8s Ad]
Dealt to d0c94f55 
d0c94f55: folds
e2c52dcf: folds
146a4b1b: raises $0.13 to $0.23
2be4cde8: folds
b2d79c4a: folds
Hero: folds
Uncalled bet ($0.13) returned to 146a4b1b
*** SHOWDOWN ***
146a4b1b collected $0.25 from pot
*** SUMMARY ***
Total pot $0.25 | Rake $0 | Jackpot $0 | Bingo $0 | Fortune $0 | Tax $0
Seat 1: e2c52dcf folded before Flop (didn't bet)
Seat 2: 146a4b1b collected ($0.25)
Seat 3: 2be4cde8 (button) folded before Flop (didn't bet)
Seat 4: b2d79c4a (small blind) folded before Flop
Seat 5: Hero (big blind) folded before Flop
Seat 6: d0c94f55 folded before Flop (didn't bet)


Poker Hand #HD1849626695: Hold'em No Limit ($0.05/$0.1) - 2024/07/09 13:25:22
Table 'NLHRed42' 6-max Seat #2 is the button
Seat 1: e2c52dcf ($10.45 in chips)
Seat 2: 146a4b1b ($13.59 in chips)
Seat 3: 2be4cde8 ($10.23 in chips)
Seat 4: b2d79c4a ($10.5 in chips)
Seat 5: Hero ($10 in chips)
Seat 6: d0c94f55 ($11.88 in chips)
2be4cde8: posts small blind $0.05
b2d79c4a: posts big blind $0.1
*** HOLE CARDS ***
Dealt to e2c52dcf 
Dealt to 146a4b1b 
Dealt to 2be4cde8 
Dealt to b2d79c4a 
Dealt to Hero [7s Qh]
Dealt to d0c94f55 
Hero: folds
d0c94f55: folds
e2c52dcf: folds
146a4b1b: raises $0.15 to $0.25
2be4cde8: folds
b2d79c4a: folds
Uncalled bet ($0.15) returned to 146a4b1b
*** SHOWDOWN ***
146a4b1b collected $0.25 from pot
*** SUMMARY ***
Total pot $0.25 | Rake $0 | Jackpot $0 | Bingo $0 | Fortune $0 | Tax $0
Seat 1: e2c52dcf folded before Flop (didn't bet)
Seat 2: 146a4b1b (button) collected ($0.25)
Seat 3: 2be4cde8 (small blind) folded before Flop
Seat 4: b2d79c4a (big blind) folded before Flop
Seat 5: Hero folded before Flop (didn't bet)
Seat 6: d0c94f55 folded before Flop (didn't bet)


Poker Hand #HD1849626655: Hold'em No Limit ($0.05/$0.1) - 2024/07/09 13:25:01
Table 'NLHRed42' 6-max Seat #1 is the button
Seat 1: e2c52dcf ($10.45 in chips)
Seat 2: 146a4b1b ($13.64 in chips)
Seat 3: 2be4cde8 ($10.33 in chips)
Seat 4: b2d79c4a ($10.35 in chips)
Seat 5: Hero ($10 in chips)
Seat 6: d0c94f55 ($11.88 in chips)
146a4b1b: posts small blind $0.05
2be4cde8: posts big blind $0.1
*** HOLE CARDS ***
Dealt to e2c52dcf 
Dealt to 146a4b1b 
Dealt to 2be4cde8 
Dealt to b2d79c4a 
Dealt to Hero [Jd 9d]
Dealt to d0c94f55 
b2d79c4a: raises $0.1 to $0.2
Hero: folds
d0c94f55: folds
e2c52dcf: folds
146a4b1b: folds
2be4cde8: folds
Uncalled bet ($0.1) returned to b2d79c4a
*** SHOWDOWN ***
b2d79c4a collected $0.25 from pot
*** SUMMARY ***
Total pot $0.25 | Rake $0 | Jackpot $0 | Bingo $0 | Fortune $0 | Tax $0
Seat 1: e2c52dcf (button) folded before Flop (didn't bet)
Seat 2: 146a4b1b (small blind) folded before Flop
Seat 3: 2be4cde8 (big blind) folded before Flop
Seat 4: b2d79c4a collected ($0.25)
Seat 5: Hero folded before Flop (didn't bet)
Seat 6: d0c94f55 folded before Flop (didn't bet)


Poker Hand #HD1849626609: Hold'em No Limit ($0.05/$0.1) - 2024/07/09 13:24:37
Table 'NLHRed42' 6-max Seat #6 is the button
Seat 1: e2c52dcf ($10.5 in chips)
Seat 2: 146a4b1b ($13.74 in chips)
Seat 3: 2be4cde8 ($10.18 in chips)
Seat 4: b2d79c4a ($10.35 in chips)
Seat 5: Hero ($10 in chips)
Seat 6: d0c94f55 ($11.88 in chips)
e2c52dcf: posts small blind $0.05
146a4b1b: posts big blind $0.1
*** HOLE CARDS ***
Dealt to e2c52dcf 
Dealt to 146a4b1b 
Dealt to 2be4cde8 
Dealt to b2d79c4a 
Dealt to Hero [2s Tc]
Dealt to d0c94f55 
2be4cde8: raises $0.2 to $0.3
b2d79c4a: folds
Hero: folds
d0c94f55: folds
e2c52dcf: folds
146a4b1b: folds
Uncalled bet ($0.2) returned to 2be4cde8
*** SHOWDOWN ***
2be4cde8 collected $0.25 from pot
*** SUMMARY ***
Total pot $0.25 | Rake $0 | Jackpot $0 | Bingo $0 | Fortune $0 | Tax $0
Seat 1: e2c52dcf (small blind) folded before Flop
Seat 2: 146a4b1b (big blind) folded before Flop
Seat 3: 2be4cde8 collected ($0.25)
Seat 4: b2d79c4a folded before Flop (didn't bet)
Seat 5: Hero folded before Flop (didn't bet)
Seat 6: d0c94f55 (button) folded before Flop (didn't bet)


Poker Hand #HD1849626587: Hold'em No Limit ($0.05/$0.1) - 2024/07/09 13:24:22
Table 'NLHRed42' 6-max Seat #5 is the button
Seat 1: e2c52dcf ($10.45 in chips)
Seat 2: 146a4b1b ($13.74 in chips)
Seat 3: 2be4cde8 ($10.18 in chips)
Seat 4: b2d79c4a ($10.35 in chips)
Seat 5: Hero ($10 in chips)
Seat 6: d0c94f55 ($11.93 in chips)
d0c94f55: posts small blind $0.05
e2c52dcf: posts big blind $0.1
*** HOLE CARDS ***
Dealt to e2c52dcf 
Dealt to 146a4b1b 
Dealt to 2be4cde8 
Dealt to b2d79c4a 
Dealt to Hero [7s Td]
Dealt to d0c94f55 
146a4b1b: folds
2be4cde8: folds
b2d79c4a: folds
Hero: folds
d0c94f55: folds
Uncalled bet ($0.05) returned to e2c52dcf
*** SHOWDOWN ***
e2c52dcf collected $0.1 from pot
*** SUMMARY ***
Total pot $0.1 | Rake $0 | Jackpot $0 | Bingo $0 | Fortune $0 | Tax $0
Seat 1: e2c52dcf (big blind) collected ($0.1)
Seat 2: 146a4b1b folded before Flop (didn't bet)
Seat 3: 2be4cde8 folded before Flop (didn't bet)
Seat 4: b2d79c4a folded before Flop (didn't bet)
Seat 5: Hero (button) folded before Flop (didn't bet)
Seat 6: d0c94f55 (small blind) folded before Flop


Poker Hand #HD1849626507: Hold'em No Limit ($0.05/$0.1) - 2024/07/09 13:23:38
Table 'NLHRed42' 6-max Seat #4 is the button
Seat 1: e2c52dcf ($10.45 in chips)
Seat 2: 146a4b1b ($13.51 in chips)
Seat 3: 2be4cde8 ($10.18 in chips)
Seat 4: b2d79c4a ($10.35 in chips)
Seat 5: Hero ($10 in chips)
Seat 6: d0c94f55 ($12.13 in chips)
Hero: posts small blind $0.05
d0c94f55: posts big blind $0.1
*** HOLE CARDS ***
Dealt to e2c52dcf 
Dealt to 146a4b1b 
Dealt to 2be4cde8 
Dealt to b2d79c4a 
Dealt to Hero [Ah 9s]
Dealt to d0c94f55 
e2c52dcf: folds
146a4b1b: raises $0.1 to $0.2
2be4cde8: folds
b2d79c4a: folds
Hero: folds
d0c94f55: calls $0.1
*** FLOP *** [Qd Kd 6d]
d0c94f55: checks
146a4b1b: bets $0.3
d0c94f55: folds
Uncalled bet ($0.3) returned to 146a4b1b
*** SHOWDOWN ***
146a4b1b collected $0.43 from pot
*** SUMMARY ***
Total pot $0.45 | Rake $0.02 | Jackpot $0 | Bingo $0 | Fortune $0 | Tax $0
Board [Qd Kd 6d]
Seat 1: e2c52dcf folded before Flop (didn't bet)
Seat 2: 146a4b1b won ($0.43)
Seat 3: 2be4cde8 folded before Flop (didn't bet)
Seat 4: b2d79c4a (button) folded before Flop (didn't bet)
Seat 5: Hero (small blind) folded before Flop
Seat 6: d0c94f55 (big blind) folded on the Flop


Poker Hand #HD1849626437: Hold'em No Limit ($0.05/$0.1) - 2024/07/09 13:22:52
Table 'NLHRed42' 6-max Seat #3 is the button
Seat 1: e2c52dcf ($10.45 in chips)
Seat 2: 146a4b1b ($13.51 in chips)
Seat 3: 2be4cde8 ($10.18 in chips)
Seat 4: b2d79c4a ($10.4 in chips)
Seat 5: Hero ($10 in chips)
Seat 6: d0c94f55 ($11.9 in chips)
b2d79c4a: posts small blind $0.05
Hero: posts big blind $0.1
*** HOLE CARDS ***
Dealt to e2c52dcf 
Dealt to 146a4b1b 
Dealt to 2be4cde8 
Dealt to b2d79c4a 
Dealt to Hero [8h 8c]
Dealt to d0c94f55 
d0c94f55: raises $0.1 to $0.2
e2c52dcf: folds
146a4b1b: folds
2be4cde8: folds
b2d79c4a: folds
Hero: calls $0.1
*** FLOP *** [Kc 6d Ac]
Hero: checks
d0c94f55: bets $0.15
Hero: folds
Uncalled bet ($0.15) returned to d0c94f55
*** SHOWDOWN ***
d0c94f55 collected $0.43 from pot
*** SUMMARY ***
Total pot $0.45 | Rake $0.02 | Jackpot $0 | Bingo $0 | Fortune $0 | Tax $0
Board [Kc 6d Ac]
Seat 1: e2c52dcf folded before Flop (didn't bet)
Seat 2: 146a4b1b folded before Flop (didn't bet)
Seat 3: 2be4cde8 (button) folded before Flop (didn't bet)
Seat 4: b2d79c4a (small blind) folded before Flop
Seat 5: Hero (big blind) folded on the Flop
Seat 6: d0c94f55 won ($0.43)


Poker Hand #HD1849626399: Hold'em No Limit ($0.05/$0.1) - 2024/07/09 13:22:34
Table 'NLHRed42' 6-max Seat #2 is the button
Seat 1: e2c52dcf ($10.45 in chips)
Seat 2: 146a4b1b ($13.36 in chips)
Seat 3: 2be4cde8 ($10.23 in chips)
Seat 4: b2d79c4a ($10.5 in chips)
Seat 5: Hero ($10 in chips)
Seat 6: d0c94f55 ($11.9 in chips)
2be4cde8: posts small blind $0.05
b2d79c4a: posts big blind $0.1
*** HOLE CARDS ***
Dealt to e2c52dcf 
Dealt to 146a4b1b 
Dealt to 2be4cde8 
Dealt to b2d79c4a 
Dealt to Hero [5c 9c]
Dealt to d0c94f55 
Hero: folds
d0c94f55: folds
e2c52dcf: folds
146a4b1b: raises $0.15 to $0.25
2be4cde8: folds
b2d79c4a: folds
Uncalled bet ($0.15) returned to 146a4b1b
*** SHOWDOWN ***
146a4b1b collected $0.25 from pot
*** SUMMARY ***
Total pot $0.25 | Rake $0 | Jackpot $0 | Bingo $0 | Fortune $0 | Tax $0
Seat 1: e2c52dcf folded before Flop (didn't bet)
Seat 2: 146a4b1b (button) collected ($0.25)
Seat 3: 2be4cde8 (small blind) folded before Flop
Seat 4: b2d79c4a (big blind) folded before Flop
Seat 5: Hero folded before Flop (didn't bet)
Seat 6: d0c94f55 folded before Flop (didn't bet)


Poker Hand #HD1849626349: Hold'em No Limit ($0.05/$0.1) - 2024/07/09 13:22:06
Table 'NLHRed42' 6-max Seat #1 is the button
Seat 1: e2c52dcf ($10.3 in chips)
Seat 2: 146a4b1b ($13.41 in chips)
Seat 3: 2be4cde8 ($10.33 in chips)
Seat 4: b2d79c4a ($10.5 in chips)
Seat 5: Hero ($10 in chips)
Seat 6: d0c94f55 ($11.9 in chips)
146a4b1b: posts small blind $0.05
2be4cde8: posts big blind $0.1
*** HOLE CARDS ***
Dealt to e2c52dcf 
Dealt to 146a4b1b 
Dealt to 2be4cde8 
Dealt to b2d79c4a 
Dealt to Hero [2s Jd]
Dealt to d0c94f55 
b2d79c4a: folds
Hero: folds
d0c94f55: folds
e2c52dcf: raises $0.15 to $0.25
146a4b1b: folds
2be4cde8: folds
Uncalled bet ($0.15) returned to e2c52dcf
*** SHOWDOWN ***
e2c52dcf collected $0.25 from pot
*** SUMMARY ***
Total pot $0.25 | Rake $0 | Jackpot $0 | Bingo $0 | Fortune $0 | Tax $0
Seat 1: e2c52dcf (button) collected ($0.25)
Seat 2: 146a4b1b (small blind) folded before Flop
Seat 3: 2be4cde8 (big blind) folded before Flop
Seat 4: b2d79c4a folded before Flop (didn't bet)
Seat 5: Hero folded before Flop (didn't bet)
Seat 6: d0c94f55 folded before Flop (didn't bet)


Poker Hand #HD1849626306: Hold'em No Limit ($0.05/$0.1) - 2024/07/09 13:21:41
Table 'NLHRed42' 6-max Seat #6 is the button
Seat 1: e2c52dcf ($10.35 in chips)
Seat 2: 146a4b1b ($13.51 in chips)
Seat 3: 2be4cde8 ($10.18 in chips)
Seat 4: b2d79c4a ($10.5 in chips)
Seat 5: Hero ($10 in chips)
Seat 6: d0c94f55 ($11.9 in chips)
e2c52dcf: posts small blind $0.05
146a4b1b: posts big blind $0.1
*** HOLE CARDS ***
Dealt to e2c52dcf 
Dealt to 146a4b1b 
Dealt to 2be4cde8 
Dealt to b2d79c4a 
Dealt to Hero [9h 5s]
Dealt to d0c94f55 
2be4cde8: raises $0.2 to $0.3
b2d79c4a: folds
Hero: folds
d0c94f55: folds
e2c52dcf: folds
146a4b1b: folds
Uncalled bet ($0.2) returned to 2be4cde8
*** SHOWDOWN ***
2be4cde8 collected $0.25 from pot
*** SUMMARY ***
Total pot $0.25 | Rake $0 | Jackpot $0 | Bingo $0 | Fortune $0 | Tax $0
Seat 1: e2c52dcf (small blind) folded before Flop
Seat 2: 146a4b1b (big blind) folded before Flop
Seat 3: 2be4cde8 collected ($0.25)
Seat 4: b2d79c4a folded before Flop (didn't bet)
Seat 5: Hero folded before Flop (didn't bet)
Seat 6: d0c94f55 (button) folded before Flop (didn't bet)


Poker Hand #HD1849626283: Hold'em No Limit ($0.05/$0.1) - 2024/07/09 13:21:29
Table 'NLHRed42' 6-max Seat #5 is the button
Seat 1: e2c52dcf ($10.3 in chips)
Seat 2: 146a4b1b ($13.51 in chips)
Seat 3: 2be4cde8 ($10.18 in chips)
Seat 4: b2d79c4a ($10.5 in chips)
Seat 5: Hero ($10 in chips)
Seat 6: d0c94f55 ($11.95 in chips)
d0c94f55: posts small blind $0.05
e2c52dcf: posts big blind $0.1
*** HOLE CARDS ***
Dealt to e2c52dcf 
Dealt to 146a4b1b 
Dealt to 2be4cde8 
Dealt to b2d79c4a 
Dealt to Hero [3d 5s]
Dealt to d0c94f55 
146a4b1b: folds
2be4cde8: folds
b2d79c4a: folds
Hero: folds
d0c94f55: folds
Uncalled bet ($0.05) returned to e2c52dcf
*** SHOWDOWN ***
e2c52dcf collected $0.1 from pot
*** SUMMARY ***
Total pot $0.1 | Rake $0 | Jackpot $0 | Bingo $0 | Fortune $0 | Tax $0
Seat 1: e2c52dcf (big blind) collected ($0.1)
Seat 2: 146a4b1b folded before Flop (didn't bet)
Seat 3: 2be4cde8 folded before Flop (didn't bet)
Seat 4: b2d79c4a folded before Flop (didn't bet)
Seat 5: Hero (button) folded before Flop (didn't bet)
Seat 6: d0c94f55 (small blind) folded before Flop


Poker Hand #HD1849626196: Hold'em No Limit ($0.05/$0.1) - 2024/07/09 13:20:42
Table 'NLHRed42' 6-max Seat #4 is the button
Seat 1: e2c52dcf ($9.85 in chips)
Seat 2: 146a4b1b ($13.51 in chips)
Seat 3: 2be4cde8 ($10.18 in chips)
Seat 4: b2d79c4a ($10.5 in chips)
Seat 5: Hero ($10 in chips)
Seat 6: d0c94f55 ($12.39 in chips)
Hero: posts small blind $0.05
d0c94f55: posts big blind $0.1
*** HOLE CARDS ***
Dealt to e2c52dcf 
Dealt to 146a4b1b 
Dealt to 2be4cde8 
Dealt to b2d79c4a 
Dealt to Hero [9h 9c]
Dealt to d0c94f55 
e2c52dcf: raises $0.15 to $0.25
146a4b1b: folds
2be4cde8: folds
b2d79c4a: folds
Hero: folds
d0c94f55: calls $0.15
*** FLOP *** [Th Qd 3s]
d0c94f55: checks
e2c52dcf: bets $0.19
d0c94f55: calls $0.19
*** TURN *** [Th Qd 3s] [Kc]
d0c94f55: checks
e2c52dcf: bets $1.23
d0c94f55: folds
Uncalled bet ($1.23) returned to e2c52dcf
*** SHOWDOWN ***
e2c52dcf collected $0.89 from pot
*** SUMMARY ***
Total pot $0.93 | Rake $0.04 | Jackpot $0 | Bingo $0 | Fortune $0 | Tax $0
Board [Th Qd 3s Kc]
Seat 1: e2c52dcf won ($0.89)
Seat 2: 146a4b1b folded before Flop (didn't bet)
Seat 3: 2be4cde8 folded before Flop (didn't bet)
Seat 4: b2d79c4a (button) folded before Flop (didn't bet)
Seat 5: Hero (small blind) folded before Flop
Seat 6: d0c94f55 (big blind) folded on the Turn


Poker Hand #HD1849626171: Hold'em No Limit ($0.05/$0.1) - 2024/07/09 13:20:25
Table 'NLHRed42' 6-max Seat #3 is the button
Seat 1: e2c52dcf ($9.85 in chips)
Seat 2: 146a4b1b ($13.51 in chips)
Seat 3: 2be4cde8 ($10.18 in chips)
Seat 4: b2d79c4a ($10.55 in chips)
Seat 5: Hero ($10 in chips)
Seat 6: d0c94f55 ($12.24 in chips)
b2d79c4a: posts small blind $0.05
Hero: posts big blind $0.1
*** HOLE CARDS ***
Dealt to e2c52dcf 
Dealt to 146a4b1b 
Dealt to 2be4cde8 
Dealt to b2d79c4a 
Dealt to Hero [4d 2c]
Dealt to d0c94f55 
d0c94f55: raises $0.1 to $0.2
e2c52dcf: folds
146a4b1b: folds
2be4cde8: folds
b2d79c4a: folds
Hero: folds
Uncalled bet ($0.1) returned to d0c94f55
*** SHOWDOWN ***
d0c94f55 collected $0.25 from pot
*** SUMMARY ***
Total pot $0.25 | Rake $0 | Jackpot $0 | Bingo $0 | Fortune $0 | Tax $0
Seat 1: e2c52dcf folded before Flop (didn't bet)
Seat 2: 146a4b1b folded before Flop (didn't bet)
Seat 3: 2be4cde8 (button) folded before Flop (didn't bet)
Seat 4: b2d79c4a (small blind) folded before Flop
Seat 5: Hero (big blind) folded before Flop
Seat 6: d0c94f55 collected ($0.25)


Poker Hand #HD1849626151: Hold'em No Limit ($0.05/$0.1) - 2024/07/09 13:20:14
Table 'NLHRed42' 6-max Seat #2 is the button
Seat 1: e2c52dcf ($9.7 in chips)
Seat 2: 146a4b1b ($13.51 in chips)
Seat 3: 2be4cde8 ($10.23 in chips)
Seat 4: b2d79c4a ($10.65 in chips)
Seat 5: Hero ($10 in chips)
Seat 6: d0c94f55 ($12.24 in chips)
2be4cde8: posts small blind $0.05
b2d79c4a: posts big blind $0.1
*** HOLE CARDS ***
Dealt to e2c52dcf 
Dealt to 146a4b1b 
Dealt to 2be4cde8 
Dealt to b2d79c4a 
Dealt to Hero [Th 2d]
Dealt to d0c94f55 
Hero: folds
d0c94f55: folds
e2c52dcf: raises $0.2 to $0.3
146a4b1b: folds
2be4cde8: folds
b2d79c4a: folds
Uncalled bet ($0.2) returned to e2c52dcf
*** SHOWDOWN ***
e2c52dcf collected $0.25 from pot
*** SUMMARY ***
Total pot $0.25 | Rake $0 | Jackpot $0 | Bingo $0 | Fortune $0 | Tax $0
Seat 1: e2c52dcf collected ($0.25)
Seat 2: 146a4b1b (button) folded before Flop (didn't bet)
Seat 3: 2be4cde8 (small blind) folded before Flop
Seat 4: b2d79c4a (big blind) folded before Flop
Seat 5: Hero folded before Flop (didn't bet)
Seat 6: d0c94f55 folded before Flop (didn't bet)


Poker Hand #HD1849626038: Hold'em No Limit ($0.05/$0.1) - 2024/07/09 13:19:13
Table 'NLHRed42' 6-max Seat #1 is the button
Seat 1: e2c52dcf ($9.7 in chips)
Seat 2: 146a4b1b ($13.56 in chips)
Seat 3: 2be4cde8 ($10 in chips)
Seat 4: b2d79c4a ($10.65 in chips)
Seat 5: Hero ($10 in chips)
Seat 6: d0c94f55 ($12.44 in chips)
146a4b1b: posts small blind $0.05
2be4cde8: posts big blind $0.1
*** HOLE CARDS ***
Dealt to e2c52dcf 
Dealt to 146a4b1b 
Dealt to 2be4cde8 
Dealt to b2d79c4a 
Dealt to Hero [Qc 4h]
Dealt to d0c94f55 
b2d79c4a: folds
Hero: folds
d0c94f55: raises $0.1 to $0.2
e2c52dcf: folds
146a4b1b: folds
2be4cde8: calls $0.1
*** FLOP *** [7c 5h 5d]
2be4cde8: checks
d0c94f55: checks
*** TURN *** [7c 5h 5d] [9c]
2be4cde8: bets $0.15
d0c94f55: folds
Uncalled bet ($0.15) returned to 2be4cde8
*** SHOWDOWN ***
2be4cde8 collected $0.43 from pot
*** SUMMARY ***
Total pot $0.45 | Rake $0.02 | Jackpot $0 | Bingo $0 | Fortune $0 | Tax $0
Board [7c 5h 5d 9c]
Seat 1: e2c52dcf (button) folded before Flop (didn't bet)
Seat 2: 146a4b1b (small blind) folded before Flop
Seat 3: 2be4cde8 (big blind) won ($0.43)
Seat 4: b2d79c4a folded before Flop (didn't bet)
Seat 5: Hero folded before Flop (didn't bet)
Seat 6: d0c94f55 folded on the Turn


Poker Hand #HD1849625875: Hold'em No Limit ($0.05/$0.1) - 2024/07/09 13:17:45
Table 'NLHRed42' 6-max Seat #6 is the button
Seat 1: e2c52dcf ($9.9 in chips)
Seat 2: 146a4b1b ($13.76 in chips)
Seat 3: 2be4cde8 ($10 in chips)
Seat 4: b2d79c4a ($10.28 in chips)
Seat 5: Hero ($10 in chips)
Seat 6: d0c94f55 ($12.44 in chips)
e2c52dcf: posts small blind $0.05
146a4b1b: posts big blind $0.1
*** HOLE CARDS ***
Dealt to e2c52dcf 
Dealt to 146a4b1b 
Dealt to 2be4cde8 
Dealt to b2d79c4a 
Dealt to Hero [7c 4h]
Dealt to d0c94f55 
2be4cde8: folds
b2d79c4a: raises $0.1 to $0.2
Hero: folds
d0c94f55: folds
e2c52dcf: calls $0.15
146a4b1b: calls $0.1
*** FLOP *** [9d Qc 9h]
e2c52dcf: checks
146a4b1b: checks
b2d79c4a: checks
*** TURN *** [9d Qc 9h] [Kc]
e2c52dcf: checks
146a4b1b: checks
b2d79c4a: checks
*** RIVER *** [9d Qc 9h Kc] [9c]
e2c52dcf: checks
146a4b1b: checks
b2d79c4a: checks
e2c52dcf: shows [6s 6h] (Nines Full over Sixes)
146a4b1b: shows [As 7s] (Three Nines)
b2d79c4a: shows [8h 8s] (Nines Full over Eights)
*** SHOWDOWN ***
b2d79c4a collected $0.57 from pot
*** SUMMARY ***
Total pot $0.6 | Rake $0.03 | Jackpot $0 | Bingo $0 | Fortune $0 | Tax $0
Board [9d Qc 9h Kc 9c]
Seat 1: e2c52dcf (small blind) showed [6s 6h] and lost with Nines Full over Sixes
Seat 2: 146a4b1b (big blind) showed [As 7s] and lost with Three Nines
Seat 3: 2be4cde8 folded before Flop (didn't bet)
Seat 4: b2d79c4a showed [8h 8s] and won ($0.57) with Nines Full over Eights
Seat 5: Hero folded before Flop (didn't bet)
Seat 6: d0c94f55 (button) folded before Flop (didn't bet)


Poker Hand #HD1849625817: Hold'em No Limit ($0.05/$0.1) - 2024/07/09 13:17:16
Table 'NLHRed42' 6-max Seat #5 is the button
Seat 1: e2c52dcf ($10 in chips)
Seat 2: 146a4b1b ($13.76 in chips)
Seat 3: 2be4cde8 ($10 in chips)
Seat 4: b2d79c4a ($10 in chips)
Seat 5: Hero ($10 in chips)
Seat 6: d0c94f55 ($12.64 in chips)
d0c94f55: posts small blind $0.05
e2c52dcf: posts big blind $0.1
*** HOLE CARDS ***
Dealt to e2c52dcf 
Dealt to 146a4b1b 
Dealt to 2be4cde8 
Dealt to b2d79c4a 
Dealt to Hero [Qd 9d]
Dealt to d0c94f55 
146a4b1b: folds
2be4cde8: folds
b2d79c4a: raises $0.1 to $0.2
Hero: folds
d0c94f55: calls $0.15
e2c52dcf: folds
*** FLOP *** [7h 3h 4d]
d0c94f55: checks
b2d79c4a: bets $0.17
d0c94f55: folds
Uncalled bet ($0.17) returned to b2d79c4a
*** SHOWDOWN ***
b2d79c4a collected $0.48 from pot
*** SUMMARY ***
Total pot $0.5 | Rake $0.02 | Jackpot $0 | Bingo $0 | Fortune $0 | Tax $0
Board [7h 3h 4d]
Seat 1: e2c52dcf (big blind) folded before Flop
Seat 2: 146a4b1b folded before Flop (didn't bet)
Seat 3: 2be4cde8 folded before Flop (didn't bet)
Seat 4: b2d79c4a won ($0.48)
Seat 5: Hero (button) folded before Flop (didn't bet)
Seat 6: d0c94f55 (small blind) folded on the Flop


Poker Hand #HD1849625689: Hold'em No Limit ($0.05/$0.1) - 2024/07/09 13:16:12
Table 'NLHRed42' 6-max Seat #4 is the button
Seat 2: 146a4b1b ($12.05 in chips)
Seat 3: 2be4cde8 ($10 in chips)
Seat 4: b2d79c4a ($10 in chips)
Seat 5: Hero ($11.47 in chips)
Seat 6: d0c94f55 ($12.74 in chips)
Hero: posts small blind $0.05
d0c94f55: posts big blind $0.1
*** HOLE CARDS ***
Dealt to 146a4b1b 
Dealt to 2be4cde8 
Dealt to b2d79c4a 
Dealt to Hero [Jd As]
Dealt to d0c94f55 
146a4b1b: raises $0.1 to $0.2
2be4cde8: folds
b2d79c4a: folds
Hero: raises $0.8 to $1
d0c94f55: folds
146a4b1b: calls $0.8
*** FLOP *** [Ks 4h 7d]
Hero: bets $0.9
146a4b1b: calls $0.9
*** TURN *** [Ks 4h 7d] [2h]
Hero: checks
146a4b1b: bets $2
Hero: folds
Uncalled bet ($2) returned to 146a4b1b
*** SHOWDOWN ***
146a4b1b collected $3.61 from pot
*** SUMMARY ***
Total pot $3.9 | Rake $0.19 | Jackpot $0.1 | Bingo $0 | Fortune $0 | Tax $0
Board [Ks 4h 7d 2h]
Seat 2: 146a4b1b won ($3.61)
Seat 3: 2be4cde8 folded before Flop (didn't bet)
Seat 4: b2d79c4a (button) folded before Flop (didn't bet)
Seat 5: Hero (small blind) folded on the Turn
Seat 6: d0c94f55 (big blind) folded before Flop


Poker Hand #HD1849545578: Hold'em No Limit ($0.05/$0.1) - 2024/07/09 13:15:14
Table 'NLHRed42' 6-max Seat #3 is the button
Seat 2: 146a4b1b ($12.48 in chips)
Seat 3: 2be4cde8 ($10 in chips)
Seat 4: b2d79c4a ($10 in chips)
Seat 5: Hero ($11.03 in chips)
Seat 6: d0c94f55 ($12.74 in chips)
b2d79c4a: posts small blind $0.05
Hero: posts big blind $0.1
*** HOLE CARDS ***
Dealt to 146a4b1b 
Dealt to 2be4cde8 
Dealt to b2d79c4a 
Dealt to Hero [Ts Ah]
Dealt to d0c94f55 
d0c94f55: folds
146a4b1b: raises $0.13 to $0.23
2be4cde8: folds
b2d79c4a: folds
Hero: calls $0.13
*** FLOP *** [6c Ac 9d]
Hero: checks
146a4b1b: bets $0.2
Hero: calls $0.2
*** TURN *** [6c Ac 9d] [9c]
Hero: checks
146a4b1b: checks
*** RIVER *** [6c Ac 9d 9c] [3h]
Hero: checks
146a4b1b: checks
Hero: shows [Ts Ah] (Pair of Aces and Pair of Nines)
146a4b1b: shows [Kh 8h] (Pair of Nines)
*** SHOWDOWN ***
Hero collected $0.87 from pot
*** SUMMARY ***
Total pot $0.91 | Rake $0.04 | Jackpot $0 | Bingo $0 | Fortune $0 | Tax $0
Board [6c Ac 9d 9c 3h]
Seat 2: 146a4b1b showed [Kh 8h] and lost with Pair of Nines
Seat 3: 2be4cde8 (button) folded before Flop (didn't bet)
Seat 4: b2d79c4a (small blind) folded before Flop
Seat 5: Hero (big blind) showed [Ts Ah] and won ($0.87) with Pair of Aces and Pair of Nines
Seat 6: d0c94f55 folded before Flop (didn't bet)


Poker Hand #HD1849545553: Hold'em No Limit ($0.05/$0.1) - 2024/07/09 13:14:57
Table 'NLHRed42' 6-max Seat #2 is the button
Seat 2: 146a4b1b ($12.48 in chips)
Seat 3: 2be4cde8 ($10 in chips)
Seat 4: b2d79c4a ($10 in chips)
Seat 5: Hero ($10.88 in chips)
Seat 6: d0c94f55 ($12.74 in chips)
2be4cde8: posts small blind $0.05
b2d79c4a: posts big blind $0.1
*** HOLE CARDS ***
Dealt to 146a4b1b 
Dealt to 2be4cde8 
Dealt to b2d79c4a 
Dealt to Hero [As Js]
Dealt to d0c94f55 
Hero: raises $0.1 to $0.2
d0c94f55: folds
146a4b1b: folds
2be4cde8: folds
b2d79c4a: folds
Uncalled bet ($0.1) returned to Hero
*** SHOWDOWN ***
Hero collected $0.25 from pot
*** SUMMARY ***
Total pot $0.25 | Rake $0 | Jackpot $0 | Bingo $0 | Fortune $0 | Tax $0
Seat 2: 146a4b1b (button) folded before Flop (didn't bet)
Seat 3: 2be4cde8 (small blind) folded before Flop
Seat 4: b2d79c4a (big blind) folded before Flop
Seat 5: Hero collected ($0.25)
Seat 6: d0c94f55 folded before Flop (didn't bet)


Poker Hand #HD1849545453: Hold'em No Limit ($0.05/$0.1) - 2024/07/09 13:14:04
Table 'NLHRed42' 6-max Seat #1 is the button
Seat 1: c709f626 ($10.44 in chips)
Seat 2: 146a4b1b ($12.53 in chips)
Seat 3: 2be4cde8 ($10 in chips)
Seat 4: 673fdf84 ($15.16 in chips)
Seat 5: Hero ($10.88 in chips)
Seat 6: d0c94f55 ($12.74 in chips)
146a4b1b: posts small blind $0.05
2be4cde8: posts big blind $0.1
*** HOLE CARDS ***
Dealt to c709f626 
Dealt to 146a4b1b 
Dealt to 2be4cde8 
Dealt to 673fdf84 
Dealt to Hero [Jd 3s]
Dealt to d0c94f55 
673fdf84: folds
Hero: folds
d0c94f55: folds
c709f626: raises $0.13 to $0.23
146a4b1b: folds
2be4cde8: calls $0.13
*** FLOP *** [Ts 2s 5h]
2be4cde8: checks
c709f626: bets $0.39
2be4cde8: folds
Uncalled bet ($0.39) returned to c709f626
*** SHOWDOWN ***
c709f626 collected $0.49 from pot
*** SUMMARY ***
Total pot $0.51 | Rake $0.02 | Jackpot $0 | Bingo $0 | Fortune $0 | Tax $0
Board [Ts 2s 5h]
Seat 1: c709f626 (button) won ($0.49)
Seat 2: 146a4b1b (small blind) folded before Flop
Seat 3: 2be4cde8 (big blind) folded on the Flop
Seat 4: 673fdf84 folded before Flop (didn't bet)
Seat 5: Hero folded before Flop (didn't bet)
Seat 6: d0c94f55 folded before Flop (didn't bet)


Poker Hand #HD1849545433: Hold'em No Limit ($0.05/$0.1) - 2024/07/09 13:13:52
Table 'NLHRed42' 6-max Seat #6 is the button
Seat 1: c709f626 ($10.49 in chips)
Seat 2: 146a4b1b ($12.48 in chips)
Seat 3: 2be4cde8 ($10 in chips)
Seat 4: 673fdf84 ($15.16 in chips)
Seat 5: Hero ($10.88 in chips)
Seat 6: d0c94f55 ($12.74 in chips)
c709f626: posts small blind $0.05
146a4b1b: posts big blind $0.1
*** HOLE CARDS ***
Dealt to c709f626 
Dealt to 146a4b1b 
Dealt to 2be4cde8 
Dealt to 673fdf84 
Dealt to Hero [Js 6h]
Dealt to d0c94f55 
2be4cde8: folds
673fdf84: folds
Hero: folds
d0c94f55: folds
c709f626: folds
Uncalled bet ($0.05) returned to 146a4b1b
*** SHOWDOWN ***
146a4b1b collected $0.1 from pot
*** SUMMARY ***
Total pot $0.1 | Rake $0 | Jackpot $0 | Bingo $0 | Fortune $0 | Tax $0
Seat 1: c709f626 (small blind) folded before Flop
Seat 2: 146a4b1b (big blind) collected ($0.1)
Seat 3: 2be4cde8 folded before Flop (didn't bet)
Seat 4: 673fdf84 folded before Flop (didn't bet)
Seat 5: Hero folded before Flop (didn't bet)
Seat 6: d0c94f55 (button) folded before Flop (didn't bet)


Poker Hand #HD1849545404: Hold'em No Limit ($0.05/$0.1) - 2024/07/09 13:13:38
Table 'NLHRed42' 6-max Seat #5 is the button
Seat 1: c709f626 ($10.44 in chips)
Seat 2: 146a4b1b ($12.48 in chips)
Seat 3: 2be4cde8 ($10 in chips)
Seat 4: 673fdf84 ($15.16 in chips)
Seat 5: Hero ($10.88 in chips)
Seat 6: d0c94f55 ($12.79 in chips)
d0c94f55: posts small blind $0.05
c709f626: posts big blind $0.1
*** HOLE CARDS ***
Dealt to c709f626 
Dealt to 146a4b1b 
Dealt to 2be4cde8 
Dealt to 673fdf84 
Dealt to Hero [6s Th]
Dealt to d0c94f55 
146a4b1b: folds
2be4cde8: folds
673fdf84: folds
Hero: folds
d0c94f55: folds
Uncalled bet ($0.05) returned to c709f626
*** SHOWDOWN ***
c709f626 collected $0.1 from pot
*** SUMMARY ***
Total pot $0.1 | Rake $0 | Jackpot $0 | Bingo $0 | Fortune $0 | Tax $0
Seat 1: c709f626 (big blind) collected ($0.1)
Seat 2: 146a4b1b folded before Flop (didn't bet)
Seat 3: 2be4cde8 folded before Flop (didn't bet)
Seat 4: 673fdf84 folded before Flop (didn't bet)
Seat 5: Hero (button) folded before Flop (didn't bet)
Seat 6: d0c94f55 (small blind) folded before Flop


Poker Hand #HD1849545339: Hold'em No Limit ($0.05/$0.1) - 2024/07/09 13:13:05
Table 'NLHRed42' 6-max Seat #4 is the button
Seat 1: c709f626 ($10.44 in chips)
Seat 2: 146a4b1b ($12.48 in chips)
Seat 3: 2be4cde8 ($10 in chips)
Seat 4: 673fdf84 ($15.16 in chips)
Seat 5: Hero ($10.56 in chips)
Seat 6: d0c94f55 ($12.89 in chips)
Hero: posts small blind $0.05
d0c94f55: posts big blind $0.1
*** HOLE CARDS ***
Dealt to c709f626 
Dealt to 146a4b1b 
Dealt to 2be4cde8 
Dealt to 673fdf84 
Dealt to Hero [Ah Qs]
Dealt to d0c94f55 
c709f626: folds
146a4b1b: folds
2be4cde8: raises $0.15 to $0.25
673fdf84: folds
Hero: raises $0.85 to $1.1
d0c94f55: folds
2be4cde8: folds
Uncalled bet ($0.85) returned to Hero
*** SHOWDOWN ***
Hero collected $0.57 from pot
*** SUMMARY ***
Total pot $0.6 | Rake $0.03 | Jackpot $0 | Bingo $0 | Fortune $0 | Tax $0
Seat 1: c709f626 folded before Flop (didn't bet)
Seat 2: 146a4b1b folded before Flop (didn't bet)
Seat 3: 2be4cde8 folded before Flop
Seat 4: 673fdf84 (button) folded before Flop (didn't bet)
Seat 5: Hero (small blind) collected ($0.57)
Seat 6: d0c94f55 (big blind) folded before Flop


Poker Hand #HD1849545259: Hold'em No Limit ($0.05/$0.1) - 2024/07/09 13:12:23
Table 'NLHRed42' 6-max Seat #3 is the button
Seat 1: c709f626 ($10.44 in chips)
Seat 2: 146a4b1b ($12.48 in chips)
Seat 3: 2be4cde8 ($10.18 in chips)
Seat 4: 673fdf84 ($15.21 in chips)
Seat 5: Hero ($10.28 in chips)
Seat 6: d0c94f55 ($12.89 in chips)
673fdf84: posts small blind $0.05
Hero: posts big blind $0.1
*** HOLE CARDS ***
Dealt to c709f626 
Dealt to 146a4b1b 
Dealt to 2be4cde8 
Dealt to 673fdf84 
Dealt to Hero [Ac Qd]
Dealt to d0c94f55 
d0c94f55: folds
c709f626: folds
146a4b1b: folds
2be4cde8: raises $0.15 to $0.25
673fdf84: folds
Hero: raises $0.75 to $1
2be4cde8: folds
Uncalled bet ($0.75) returned to Hero
*** SHOWDOWN ***
Hero collected $0.53 from pot
*** SUMMARY ***
Total pot $0.55 | Rake $0.02 | Jackpot $0 | Bingo $0 | Fortune $0 | Tax $0
Seat 1: c709f626 folded before Flop (didn't bet)
Seat 2: 146a4b1b folded before Flop (didn't bet)
Seat 3: 2be4cde8 (button) folded before Flop
Seat 4: 673fdf84 (small blind) folded before Flop
Seat 5: Hero (big blind) collected ($0.53)
Seat 6: d0c94f55 folded before Flop (didn't bet)


Poker Hand #HD1849545211: Hold'em No Limit ($0.05/$0.1) - 2024/07/09 13:11:58
Table 'NLHRed42' 6-max Seat #2 is the button
Seat 1: c709f626 ($10.44 in chips)
Seat 2: 146a4b1b ($12.48 in chips)
Seat 3: 2be4cde8 ($10.23 in chips)
Seat 4: 673fdf84 ($14.98 in chips)
Seat 5: Hero ($10.28 in chips)
Seat 6: d0c94f55 ($13.09 in chips)
2be4cde8: posts small blind $0.05
673fdf84: posts big blind $0.1
*** HOLE CARDS ***
Dealt to c709f626 
Dealt to 146a4b1b 
Dealt to 2be4cde8 
Dealt to 673fdf84 
Dealt to Hero [Jc 3d]
Dealt to d0c94f55 
Hero: folds
d0c94f55: raises $0.1 to $0.2
c709f626: folds
146a4b1b: folds
2be4cde8: folds
673fdf84: raises $1 to $1.2
d0c94f55: folds
Uncalled bet ($1) returned to 673fdf84
*** SHOWDOWN ***
673fdf84 collected $0.43 from pot
*** SUMMARY ***
Total pot $0.45 | Rake $0.02 | Jackpot $0 | Bingo $0 | Fortune $0 | Tax $0
Seat 1: c709f626 folded before Flop (didn't bet)
Seat 2: 146a4b1b (button) folded before Flop (didn't bet)
Seat 3: 2be4cde8 (small blind) folded before Flop
Seat 4: 673fdf84 (big blind) collected ($0.43)
Seat 5: Hero folded before Flop (didn't bet)
Seat 6: d0c94f55 folded before Flop


Poker Hand #HD1849545185: Hold'em No Limit ($0.05/$0.1) - 2024/07/09 13:11:45
Table 'NLHRed42' 6-max Seat #1 is the button
Seat 1: c709f626 ($10.44 in chips)
Seat 2: 146a4b1b ($12.53 in chips)
Seat 3: 2be4cde8 ($10.18 in chips)
Seat 4: 673fdf84 ($14.98 in chips)
Seat 5: Hero ($10.28 in chips)
Seat 6: d0c94f55 ($13.09 in chips)
146a4b1b: posts small blind $0.05
2be4cde8: posts big blind $0.1
*** HOLE CARDS ***
Dealt to c709f626 
Dealt to 146a4b1b 
Dealt to 2be4cde8 
Dealt to 673fdf84 
Dealt to Hero [5s Qc]
Dealt to d0c94f55 
673fdf84: folds
Hero: folds
d0c94f55: folds
c709f626: folds
146a4b1b: folds
Uncalled bet ($0.05) returned to 2be4cde8
*** SHOWDOWN ***
2be4cde8 collected $0.1 from pot
*** SUMMARY ***
Total pot $0.1 | Rake $0 | Jackpot $0 | Bingo $0 | Fortune $0 | Tax $0
Seat 1: c709f626 (button) folded before Flop (didn't bet)
Seat 2: 146a4b1b (small blind) folded before Flop
Seat 3: 2be4cde8 (big blind) collected ($0.1)
Seat 4: 673fdf84 folded before Flop (didn't bet)
Seat 5: Hero folded before Flop (didn't bet)
Seat 6: d0c94f55 folded before Flop (didn't bet)


Poker Hand #HD1849545163: Hold'em No Limit ($0.05/$0.1) - 2024/07/09 13:11:34
Table 'NLHRed42' 6-max Seat #6 is the button
Seat 1: c709f626 ($10.49 in chips)
Seat 2: 146a4b1b ($12.48 in chips)
Seat 3: 2be4cde8 ($10.18 in chips)
Seat 4: 673fdf84 ($14.98 in chips)
Seat 5: Hero ($10.28 in chips)
Seat 6: d0c94f55 ($13.09 in chips)
c709f626: posts small blind $0.05
146a4b1b: posts big blind $0.1
*** HOLE CARDS ***
Dealt to c709f626 
Dealt to 146a4b1b 
Dealt to 2be4cde8 
Dealt to 673fdf84 
Dealt to Hero [6d 3d]
Dealt to d0c94f55 
2be4cde8: folds
673fdf84: folds
Hero: folds
d0c94f55: folds
c709f626: folds
Uncalled bet ($0.05) returned to 146a4b1b
*** SHOWDOWN ***
146a4b1b collected $0.1 from pot
*** SUMMARY ***
Total pot $0.1 | Rake $0 | Jackpot $0 | Bingo $0 | Fortune $0 | Tax $0
Seat 1: c709f626 (small blind) folded before Flop
Seat 2: 146a4b1b (big blind) collected ($0.1)
Seat 3: 2be4cde8 folded before Flop (didn't bet)
Seat 4: 673fdf84 folded before Flop (didn't bet)
Seat 5: Hero folded before Flop (didn't bet)
Seat 6: d0c94f55 (button) folded before Flop (didn't bet)


Poker Hand #HD1849545141: Hold'em No Limit ($0.05/$0.1) - 2024/07/09 13:11:22
Table 'NLHRed42' 6-max Seat #5 is the button
Seat 1: c709f626 ($10.44 in chips)
Seat 2: 146a4b1b ($12.48 in chips)
Seat 3: 2be4cde8 ($10.18 in chips)
Seat 4: 673fdf84 ($14.98 in chips)
Seat 5: Hero ($10.28 in chips)
Seat 6: d0c94f55 ($13.14 in chips)
d0c94f55: posts small blind $0.05
c709f626: posts big blind $0.1
*** HOLE CARDS ***
Dealt to c709f626 
Dealt to 146a4b1b 
Dealt to 2be4cde8 
Dealt to 673fdf84 
Dealt to Hero [Jh 6d]
Dealt to d0c94f55 
146a4b1b: folds
2be4cde8: folds
673fdf84: folds
Hero: folds
d0c94f55: folds
Uncalled bet ($0.05) returned to c709f626
*** SHOWDOWN ***
c709f626 collected $0.1 from pot
*** SUMMARY ***
Total pot $0.1 | Rake $0 | Jackpot $0 | Bingo $0 | Fortune $0 | Tax $0
Seat 1: c709f626 (big blind) collected ($0.1)
Seat 2: 146a4b1b folded before Flop (didn't bet)
Seat 3: 2be4cde8 folded before Flop (didn't bet)
Seat 4: 673fdf84 folded before Flop (didn't bet)
Seat 5: Hero (button) folded before Flop (didn't bet)
Seat 6: d0c94f55 (small blind) folded before Flop


Poker Hand #HD1849545058: Hold'em No Limit ($0.05/$0.1) - 2024/07/09 13:10:43
Table 'NLHRed42' 6-max Seat #4 is the button
Seat 1: c709f626 ($10.44 in chips)
Seat 2: 146a4b1b ($11.77 in chips)
Seat 3: 2be4cde8 ($10.18 in chips)
Seat 4: 673fdf84 ($14.98 in chips)
Seat 5: Hero ($10.33 in chips)
Seat 6: d0c94f55 ($13.87 in chips)
Hero: posts small blind $0.05
d0c94f55: posts big blind $0.1
*** HOLE CARDS ***
Dealt to c709f626 
Dealt to 146a4b1b 
Dealt to 2be4cde8 
Dealt to 673fdf84 
Dealt to Hero [7c Td]
Dealt to d0c94f55 
c709f626: folds
146a4b1b: raises $0.1 to $0.2
2be4cde8: folds
673fdf84: folds
Hero: folds
d0c94f55: calls $0.1
*** FLOP *** [Ad Kd Qs]
d0c94f55: checks
146a4b1b: checks
*** TURN *** [Ad Kd Qs] [8h]
d0c94f55: bets $0.15
146a4b1b: calls $0.15
*** RIVER *** [Ad Kd Qs 8h] [3h]
d0c94f55: bets $0.38
146a4b1b: calls $0.38
d0c94f55: shows [Th Kc] (Pair of Kings)
146a4b1b: shows [Ts As] (Pair of Aces)
*** SHOWDOWN ***
146a4b1b collected $1.44 from pot
*** SUMMARY ***
Total pot $1.51 | Rake $0.07 | Jackpot $0 | Bingo $0 | Fortune $0 | Tax $0
Board [Ad Kd Qs 8h 3h]
Seat 1: c709f626 folded before Flop (didn't bet)
Seat 2: 146a4b1b showed [Ts As] and won ($1.44) with Pair of Aces
Seat 3: 2be4cde8 folded before Flop (didn't bet)
Seat 4: 673fdf84 (button) folded before Flop (didn't bet)
Seat 5: Hero (small blind) folded before Flop
Seat 6: d0c94f55 (big blind) showed [Th Kc] and lost with Pair of Kings


Poker Hand #HD1849544994: Hold'em No Limit ($0.05/$0.1) - 2024/07/09 13:10:10
Table 'NLHRed42' 6-max Seat #3 is the button
Seat 1: c709f626 ($10.44 in chips)
Seat 2: 146a4b1b ($11.77 in chips)
Seat 3: 2be4cde8 ($10.18 in chips)
Seat 4: 673fdf84 ($14.71 in chips)
Seat 5: Hero ($10.63 in chips)
Seat 6: d0c94f55 ($13.87 in chips)
673fdf84: posts small blind $0.05
Hero: posts big blind $0.1
*** HOLE CARDS ***
Dealt to c709f626 
Dealt to 146a4b1b 
Dealt to 2be4cde8 
Dealt to 673fdf84 
Dealt to Hero [Ts Qc]
Dealt to d0c94f55 
d0c94f55: folds
c709f626: folds
146a4b1b: folds
2be4cde8: folds
673fdf84: raises $0.2 to $0.3
Hero: calls $0.2
*** FLOP *** [Kh 6c 4d]
673fdf84: bets $0.2
Hero: folds
Uncalled bet ($0.2) returned to 673fdf84
*** SHOWDOWN ***
673fdf84 collected $0.57 from pot
*** SUMMARY ***
Total pot $0.6 | Rake $0.03 | Jackpot $0 | Bingo $0 | Fortune $0 | Tax $0
Board [Kh 6c 4d]
Seat 1: c709f626 folded before Flop (didn't bet)
Seat 2: 146a4b1b folded before Flop (didn't bet)
Seat 3: 2be4cde8 (button) folded before Flop (didn't bet)
Seat 4: 673fdf84 (small blind) won ($0.57)
Seat 5: Hero (big blind) folded on the Flop
Seat 6: d0c94f55 folded before Flop (didn't bet)


Poker Hand #HD1849544960: Hold'em No Limit ($0.05/$0.1) - 2024/07/09 13:09:51
Table 'NLHRed42' 6-max Seat #2 is the button
Seat 1: c709f626 ($10.44 in chips)
Seat 2: 146a4b1b ($11.77 in chips)
Seat 3: 2be4cde8 ($10.23 in chips)
Seat 4: 673fdf84 ($14.81 in chips)
Seat 5: Hero ($10.63 in chips)
Seat 6: d0c94f55 ($13.72 in chips)
2be4cde8: posts small blind $0.05
673fdf84: posts big blind $0.1
*** HOLE CARDS ***
Dealt to c709f626 
Dealt to 146a4b1b 
Dealt to 2be4cde8 
Dealt to 673fdf84 
Dealt to Hero [7d Qd]
Dealt to d0c94f55 
Hero: folds
d0c94f55: raises $0.1 to $0.2
c709f626: folds
146a4b1b: folds
2be4cde8: folds
673fdf84: folds
Uncalled bet ($0.1) returned to d0c94f55
*** SHOWDOWN ***
d0c94f55 collected $0.25 from pot
*** SUMMARY ***
Total pot $0.25 | Rake $0 | Jackpot $0 | Bingo $0 | Fortune $0 | Tax $0
Seat 1: c709f626 folded before Flop (didn't bet)
Seat 2: 146a4b1b (button) folded before Flop (didn't bet)
Seat 3: 2be4cde8 (small blind) folded before Flop
Seat 4: 673fdf84 (big blind) folded before Flop
Seat 5: Hero folded before Flop (didn't bet)
Seat 6: d0c94f55 collected ($0.25)


Poker Hand #HD1849544898: Hold'em No Limit ($0.05/$0.1) - 2024/07/09 13:09:18
Table 'NLHRed42' 6-max Seat #1 is the button
Seat 1: c709f626 ($10.44 in chips)
Seat 2: 146a4b1b ($11.82 in chips)
Seat 3: 2be4cde8 ($10 in chips)
Seat 4: 673fdf84 ($14.81 in chips)
Seat 5: Hero ($10.63 in chips)
Seat 6: d0c94f55 ($13.92 in chips)
146a4b1b: posts small blind $0.05
2be4cde8: posts big blind $0.1
*** HOLE CARDS ***
Dealt to c709f626 
Dealt to 146a4b1b 
Dealt to 2be4cde8 
Dealt to 673fdf84 
Dealt to Hero [8c Jh]
Dealt to d0c94f55 
673fdf84: folds
Hero: folds
d0c94f55: raises $0.1 to $0.2
c709f626: folds
146a4b1b: folds
2be4cde8: calls $0.1
*** FLOP *** [5d 4d 9s]
2be4cde8: checks
d0c94f55: checks
*** TURN *** [5d 4d 9s] [Ah]
2be4cde8: bets $0.36
d0c94f55: folds
Uncalled bet ($0.36) returned to 2be4cde8
*** SHOWDOWN ***
2be4cde8 collected $0.43 from pot
*** SUMMARY ***
Total pot $0.45 | Rake $0.02 | Jackpot $0 | Bingo $0 | Fortune $0 | Tax $0
Board [5d 4d 9s Ah]
Seat 1: c709f626 (button) folded before Flop (didn't bet)
Seat 2: 146a4b1b (small blind) folded before Flop
Seat 3: 2be4cde8 (big blind) won ($0.43)
Seat 4: 673fdf84 folded before Flop (didn't bet)
Seat 5: Hero folded before Flop (didn't bet)
Seat 6: d0c94f55 folded on the Turn


Poker Hand #HD1849544820: Hold'em No Limit ($0.05/$0.1) - 2024/07/09 13:08:32
Table 'NLHRed42' 6-max Seat #6 is the button
Seat 1: c709f626 ($10.49 in chips)
Seat 2: 146a4b1b ($11.92 in chips)
Seat 3: 2be4cde8 ($10 in chips)
Seat 4: 673fdf84 ($14.81 in chips)
Seat 5: Hero ($10 in chips)
Seat 6: d0c94f55 ($14.46 in chips)
c709f626: posts small blind $0.05
146a4b1b: posts big blind $0.1
*** HOLE CARDS ***
Dealt to c709f626 
Dealt to 146a4b1b 
Dealt to 2be4cde8 
Dealt to 673fdf84 
Dealt to Hero [Jc Js]
Dealt to d0c94f55 
2be4cde8: folds
673fdf84: folds
Hero: raises $0.14 to $0.24
d0c94f55: calls $0.24
c709f626: folds
146a4b1b: folds
*** FLOP *** [8h Ad 6h]
Hero: checks
d0c94f55: checks
*** TURN *** [8h Ad 6h] [3h]
Hero: bets $0.3
d0c94f55: calls $0.3
*** RIVER *** [8h Ad 6h 3h] [Jh]
Hero: checks
d0c94f55: checks
Hero: shows [Jc Js] (Three Jacks)
d0c94f55: shows [7c 6c] (Pair of Sixes)
*** SHOWDOWN ***
Hero collected $1.17 from pot
*** SUMMARY ***
Total pot $1.23 | Rake $0.06 | Jackpot $0 | Bingo $0 | Fortune $0 | Tax $0
Board [8h Ad 6h 3h Jh]
Seat 1: c709f626 (small blind) folded before Flop
Seat 2: 146a4b1b (big blind) folded before Flop
Seat 3: 2be4cde8 folded before Flop (didn't bet)
Seat 4: 673fdf84 folded before Flop (didn't bet)
Seat 5: Hero showed [Jc Js] and won ($1.17) with Three Jacks
Seat 6: d0c94f55 (button) showed [7c 6c] and lost with Pair of Sixes


Poker Hand #HD1849544802: Hold'em No Limit ($0.05/$0.1) - 2024/07/09 13:08:24
Table 'NLHRed42' 6-max Seat #5 is the button
Seat 1: c709f626 ($10.59 in chips)
Seat 2: 146a4b1b ($11.92 in chips)
Seat 3: 2be4cde8 ($10 in chips)
Seat 4: 673fdf84 ($14.81 in chips)
Seat 5: Hero ($10 in chips)
Seat 6: d0c94f55 ($14.36 in chips)
d0c94f55: posts small blind $0.05
c709f626: posts big blind $0.1
*** HOLE CARDS ***
Dealt to c709f626 
Dealt to 146a4b1b 
Dealt to 2be4cde8 
Dealt to 673fdf84 
Dealt to Hero [Qd 4c]
Dealt to d0c94f55 
146a4b1b: folds
2be4cde8: folds
673fdf84: folds
Hero: folds
d0c94f55: raises $0.1 to $0.2
c709f626: folds
Uncalled bet ($0.1) returned to d0c94f55
*** SHOWDOWN ***
d0c94f55 collected $0.2 from pot
*** SUMMARY ***
Total pot $0.2 | Rake $0 | Jackpot $0 | Bingo $0 | Fortune $0 | Tax $0
Seat 1: c709f626 (big blind) folded before Flop
Seat 2: 146a4b1b folded before Flop (didn't bet)
Seat 3: 2be4cde8 folded before Flop (didn't bet)
Seat 4: 673fdf84 folded before Flop (didn't bet)
Seat 5: Hero (button) folded before Flop (didn't bet)
Seat 6: d0c94f55 (small blind) collected ($0.2)


Poker Hand #HD1849544768: Hold'em No Limit ($0.05/$0.1) - 2024/07/09 13:08:10
Table 'NLHRed42' 6-max Seat #4 is the button
Seat 1: c709f626 ($10.59 in chips)
Seat 2: 146a4b1b ($11.92 in chips)
Seat 3: 2be4cde8 ($10 in chips)
Seat 4: 673fdf84 ($14.66 in chips)
Seat 5: Hero ($10 in chips)
Seat 6: d0c94f55 ($14.46 in chips)
Hero: posts small blind $0.05
d0c94f55: posts big blind $0.1
*** HOLE CARDS ***
Dealt to c709f626 
Dealt to 146a4b1b 
Dealt to 2be4cde8 
Dealt to 673fdf84 
Dealt to Hero [9d 4d]
Dealt to d0c94f55 
c709f626: folds
146a4b1b: folds
2be4cde8: folds
673fdf84: raises $0.15 to $0.25
Hero: folds
d0c94f55: folds
Uncalled bet ($0.15) returned to 673fdf84
*** SHOWDOWN ***
673fdf84 collected $0.25 from pot
*** SUMMARY ***
Total pot $0.25 | Rake $0 | Jackpot $0 | Bingo $0 | Fortune $0 | Tax $0
Seat 1: c709f626 folded before Flop (didn't bet)
Seat 2: 146a4b1b folded before Flop (didn't bet)
Seat 3: 2be4cde8 folded before Flop (didn't bet)
Seat 4: 673fdf84 (button) collected ($0.25)
Seat 5: Hero (small blind) folded before Flop
Seat 6: d0c94f55 (big blind) folded before Flop


Poker Hand #HD1849544735: Hold'em No Limit ($0.05/$0.1) - 2024/07/09 13:07:50
Table 'NLHRed42' 6-max Seat #3 is the button
Seat 1: c709f626 ($10.44 in chips)
Seat 2: 146a4b1b ($11.92 in chips)
Seat 3: 2be4cde8 ($10 in chips)
Seat 4: 673fdf84 ($14.71 in chips)
Seat 5: Hero ($10 in chips)
Seat 6: d0c94f55 ($14.46 in chips)
673fdf84: posts small blind $0.05
Hero: posts big blind $0.1
*** HOLE CARDS ***
Dealt to c709f626 
Dealt to 146a4b1b 
Dealt to 2be4cde8 
Dealt to 673fdf84 
Dealt to Hero [5s 4h]
Dealt to d0c94f55 
d0c94f55: folds
c709f626: raises $0.13 to $0.23
146a4b1b: folds
2be4cde8: folds
673fdf84: folds
Hero: folds
Uncalled bet ($0.13) returned to c709f626
*** SHOWDOWN ***
c709f626 collected $0.25 from pot
*** SUMMARY ***
Total pot $0.25 | Rake $0 | Jackpot $0 | Bingo $0 | Fortune $0 | Tax $0
Seat 1: c709f626 collected ($0.25)
Seat 2: 146a4b1b folded before Flop (didn't bet)
Seat 3: 2be4cde8 (button) folded before Flop (didn't bet)
Seat 4: 673fdf84 (small blind) folded before Flop
Seat 5: Hero (big blind) folded before Flop
Seat 6: d0c94f55 folded before Flop (didn't bet)


