Poker Hand #HD1711306007: Hold'em No Limit ($0.02/$0.05) - 2024/04/01 21:18:00
Table 'NLHBlue105' 6-max Seat #5 is the button
Seat 1: Hero ($5.38 in chips)
Seat 2: 312fda2d ($22.09 in chips)
Seat 3: 1e4164c0 ($5 in chips)
Seat 4: fada775 ($4.42 in chips)
Seat 5: 6e203b6 ($7.08 in chips)
Hero: posts small blind $0.02
312fda2d: posts big blind $0.05
*** HOLE CARDS ***
Dealt to Hero [4h Ad]
Dealt to 312fda2d 
Dealt to 1e4164c0 
Dealt to fada775 
Dealt to 6e203b6 
1e4164c0: folds
fada775: folds
6e203b6: raises $0.07 to $0.12
Hero: folds
312fda2d: raises $0.09 to $0.21
6e203b6: calls $0.09
*** FLOP *** [4s 9d 7d]
312fda2d: bets $0.2
6e203b6: folds
Uncalled bet ($0.2) returned to 312fda2d
*** SHOWDOWN ***
312fda2d collected $0.42 from pot
*** SUMMARY ***
Total pot $0.44 | Rake $0.02 | Jackpot $0 | Bingo $0 | Fortune $0 | Tax $0
Board [4s 9d 7d]
Seat 1: Hero (small blind) folded before Flop
Seat 2: 312fda2d (big blind) won ($0.42)
Seat 3: 1e4164c0 folded before Flop (didn't bet)
Seat 4: fada775 folded before Flop (didn't bet)
Seat 5: 6e203b6 (button) folded on the Flop


Poker Hand #HD1711305965: Hold'em No Limit ($0.02/$0.05) - 2024/04/01 21:17:43
Table 'NLHBlue105' 6-max Seat #4 is the button
Seat 1: Hero ($5.43 in chips)
Seat 2: 312fda2d ($22.09 in chips)
Seat 3: 1e4164c0 ($5 in chips)
Seat 4: fada775 ($4.42 in chips)
Seat 5: 6e203b6 ($7.03 in chips)
6e203b6: posts small blind $0.02
Hero: posts big blind $0.05
*** HOLE CARDS ***
Dealt to Hero [6d 8s]
Dealt to 312fda2d 
Dealt to 1e4164c0 
Dealt to fada775 
Dealt to 6e203b6 
312fda2d: folds
1e4164c0: folds
fada775: folds
6e203b6: raises $0.1 to $0.15
Hero: folds
Uncalled bet ($0.1) returned to 6e203b6
*** SHOWDOWN ***
6e203b6 collected $0.1 from pot
*** SUMMARY ***
Total pot $0.1 | Rake $0 | Jackpot $0 | Bingo $0 | Fortune $0 | Tax $0
Seat 1: Hero (big blind) folded before Flop
Seat 2: 312fda2d folded before Flop (didn't bet)
Seat 3: 1e4164c0 folded before Flop (didn't bet)
Seat 4: fada775 (button) folded before Flop (didn't bet)
Seat 5: 6e203b6 (small blind) collected ($0.1)


Poker Hand #HD1711305869: Hold'em No Limit ($0.02/$0.05) - 2024/04/01 21:16:59
Table 'NLHBlue105' 6-max Seat #3 is the button
Seat 1: Hero ($5.43 in chips)
Seat 2: 312fda2d ($22.09 in chips)
Seat 3: 1e4164c0 ($5 in chips)
Seat 4: fada775 ($4.44 in chips)
Seat 5: 6e203b6 ($6.89 in chips)
fada775: posts small blind $0.02
6e203b6: posts big blind $0.05
*** HOLE CARDS ***
Dealt to Hero [6d 4h]
Dealt to 312fda2d 
Dealt to 1e4164c0 
Dealt to fada775 
Dealt to 6e203b6 
Hero: folds
312fda2d: folds
1e4164c0: raises $0.08 to $0.13
fada775: folds
6e203b6: raises $0.42 to $0.55
1e4164c0: folds
Uncalled bet ($0.42) returned to 6e203b6
*** SHOWDOWN ***
6e203b6 collected $0.27 from pot
*** SUMMARY ***
Total pot $0.28 | Rake $0.01 | Jackpot $0 | Bingo $0 | Fortune $0 | Tax $0
Seat 1: Hero folded before Flop (didn't bet)
Seat 2: 312fda2d folded before Flop (didn't bet)
Seat 3: 1e4164c0 (button) folded before Flop
Seat 4: fada775 (small blind) folded before Flop
Seat 5: 6e203b6 (big blind) collected ($0.27)


Poker Hand #HD1711305837: Hold'em No Limit ($0.02/$0.05) - 2024/04/01 21:16:46
Table 'NLHBlue105' 6-max Seat #2 is the button
Seat 1: Hero ($5.43 in chips)
Seat 2: 312fda2d ($22.09 in chips)
Seat 3: 1e4164c0 ($5 in chips)
Seat 4: fada775 ($4.42 in chips)
Seat 5: 6e203b6 ($6.89 in chips)
1e4164c0: posts small blind $0.02
fada775: posts big blind $0.05
*** HOLE CARDS ***
Dealt to Hero [3d Qh]
Dealt to 312fda2d 
Dealt to 1e4164c0 
Dealt to fada775 
Dealt to 6e203b6 
6e203b6: folds
Hero: folds
312fda2d: folds
1e4164c0: folds
Uncalled bet ($0.03) returned to fada775
*** SHOWDOWN ***
fada775 collected $0.04 from pot
*** SUMMARY ***
Total pot $0.04 | Rake $0 | Jackpot $0 | Bingo $0 | Fortune $0 | Tax $0
Seat 1: Hero folded before Flop (didn't bet)
Seat 2: 312fda2d (button) folded before Flop (didn't bet)
Seat 3: 1e4164c0 (small blind) folded before Flop
Seat 4: fada775 (big blind) collected ($0.04)
Seat 5: 6e203b6 folded before Flop (didn't bet)


Poker Hand #HD1711305811: Hold'em No Limit ($0.02/$0.05) - 2024/04/01 21:16:29
Table 'NLHBlue105' 6-max Seat #1 is the button
Seat 1: Hero ($5.43 in chips)
Seat 2: 312fda2d ($22.11 in chips)
Seat 3: 1e4164c0 ($5 in chips)
Seat 4: fada775 ($4.35 in chips)
Seat 5: 6e203b6 ($6.89 in chips)
Seat 6: 64f3c94b ($7.12 in chips)
312fda2d: posts small blind $0.02
1e4164c0: posts big blind $0.05
*** HOLE CARDS ***
Dealt to Hero [5c 9c]
Dealt to 312fda2d 
Dealt to 1e4164c0 
Dealt to fada775 
Dealt to 6e203b6 
Dealt to 64f3c94b 
fada775: raises $0.06 to $0.11
6e203b6: folds
64f3c94b: folds
Hero: folds
312fda2d: folds
1e4164c0: folds
Uncalled bet ($0.06) returned to fada775
*** SHOWDOWN ***
fada775 collected $0.12 from pot
*** SUMMARY ***
Total pot $0.12 | Rake $0 | Jackpot $0 | Bingo $0 | Fortune $0 | Tax $0
Seat 1: Hero (button) folded before Flop (didn't bet)
Seat 2: 312fda2d (small blind) folded before Flop
Seat 3: 1e4164c0 (big blind) folded before Flop
Seat 4: fada775 collected ($0.12)
Seat 5: 6e203b6 folded before Flop (didn't bet)
Seat 6: 64f3c94b folded before Flop (didn't bet)


Poker Hand #HD1711305701: Hold'em No Limit ($0.02/$0.05) - 2024/04/01 21:15:43
Table 'NLHBlue105' 6-max Seat #6 is the button
Seat 1: Hero ($5.45 in chips)
Seat 2: 312fda2d ($22.16 in chips)
Seat 3: 1e4164c0 ($5 in chips)
Seat 4: fada775 ($4.35 in chips)
Seat 5: 6e203b6 ($7.01 in chips)
Seat 6: 64f3c94b ($6.94 in chips)
Hero: posts small blind $0.02
312fda2d: posts big blind $0.05
*** HOLE CARDS ***
Dealt to Hero [4s Qs]
Dealt to 312fda2d 
Dealt to 1e4164c0 
Dealt to fada775 
Dealt to 6e203b6 
Dealt to 64f3c94b 
1e4164c0: folds
fada775: folds
6e203b6: raises $0.07 to $0.12
64f3c94b: calls $0.12
Hero: folds
312fda2d: folds
*** FLOP *** [9d 2d 8c]
6e203b6: checks
64f3c94b: bets $0.24
6e203b6: folds
Uncalled bet ($0.24) returned to 64f3c94b
*** SHOWDOWN ***
64f3c94b collected $0.3 from pot
*** SUMMARY ***
Total pot $0.31 | Rake $0.01 | Jackpot $0 | Bingo $0 | Fortune $0 | Tax $0
Board [9d 2d 8c]
Seat 1: Hero (small blind) folded before Flop
Seat 2: 312fda2d (big blind) folded before Flop
Seat 3: 1e4164c0 folded before Flop (didn't bet)
Seat 4: fada775 folded before Flop (didn't bet)
Seat 5: 6e203b6 folded on the Flop
Seat 6: 64f3c94b (button) won ($0.3)


Poker Hand #HD1711225607: Hold'em No Limit ($0.02/$0.05) - 2024/04/01 21:15:04
Table 'NLHBlue105' 6-max Seat #5 is the button
Seat 1: Hero ($5 in chips)
Seat 2: 312fda2d ($22.16 in chips)
Seat 3: 1e4164c0 ($5 in chips)
Seat 4: fada775 ($4.82 in chips)
Seat 5: 6e203b6 ($7.01 in chips)
Seat 6: 64f3c94b ($6.96 in chips)
64f3c94b: posts small blind $0.02
Hero: posts big blind $0.05
*** HOLE CARDS ***
Dealt to Hero [Ad 4c]
Dealt to 312fda2d 
Dealt to 1e4164c0 
Dealt to fada775 
Dealt to 6e203b6 
Dealt to 64f3c94b 
312fda2d: folds
1e4164c0: folds
fada775: raises $0.06 to $0.11
6e203b6: folds
64f3c94b: folds
Hero: calls $0.06
*** FLOP *** [2s Js As]
Hero: checks
fada775: bets $0.12
Hero: calls $0.12
*** TURN *** [2s Js As] [4h]
Hero: checks
fada775: bets $0.24
Hero: calls $0.24
*** RIVER *** [2s Js As 4h] [Kc]
Hero: checks
fada775: checks
Hero: shows [Ad 4c] (Pair of Aces and Pair of Fours)
fada775: shows [5d 6d] (Ace-High)
*** SHOWDOWN ***
Hero collected $0.92 from pot
*** SUMMARY ***
Total pot $0.96 | Rake $0.04 | Jackpot $0 | Bingo $0 | Fortune $0 | Tax $0
Board [2s Js As 4h Kc]
Seat 1: Hero (big blind) showed [Ad 4c] and won ($0.92) with Pair of Aces and Pair of Fours
Seat 2: 312fda2d folded before Flop (didn't bet)
Seat 3: 1e4164c0 folded before Flop (didn't bet)
Seat 4: fada775 showed [5d 6d] and lost with Ace-High
Seat 5: 6e203b6 (button) folded before Flop (didn't bet)
Seat 6: 64f3c94b (small blind) folded before Flop


Poker Hand #HD1711225588: Hold'em No Limit ($0.02/$0.05) - 2024/04/01 21:14:55
Table 'NLHBlue105' 6-max Seat #4 is the button
Seat 1: Hero ($5 in chips)
Seat 2: 312fda2d ($22.16 in chips)
Seat 3: 1e4164c0 ($5 in chips)
Seat 4: fada775 ($4.82 in chips)
Seat 5: 6e203b6 ($7.03 in chips)
Seat 6: 64f3c94b ($6.94 in chips)
6e203b6: posts small blind $0.02
64f3c94b: posts big blind $0.05
*** HOLE CARDS ***
Dealt to Hero [4s Jd]
Dealt to 312fda2d 
Dealt to 1e4164c0 
Dealt to fada775 
Dealt to 6e203b6 
Dealt to 64f3c94b 
Hero: folds
312fda2d: folds
1e4164c0: folds
fada775: folds
6e203b6: folds
Uncalled bet ($0.03) returned to 64f3c94b
*** SHOWDOWN ***
64f3c94b collected $0.04 from pot
*** SUMMARY ***
Total pot $0.04 | Rake $0 | Jackpot $0 | Bingo $0 | Fortune $0 | Tax $0
Seat 1: Hero folded before Flop (didn't bet)
Seat 2: 312fda2d folded before Flop (didn't bet)
Seat 3: 1e4164c0 folded before Flop (didn't bet)
Seat 4: fada775 (button) folded before Flop (didn't bet)
Seat 5: 6e203b6 (small blind) folded before Flop
Seat 6: 64f3c94b (big blind) collected ($0.04)


Poker Hand #HD1711225545: Hold'em No Limit ($0.02/$0.05) - 2024/04/01 21:14:34
Table 'NLHBlue105' 6-max Seat #3 is the button
Seat 1: Hero ($5 in chips)
Seat 2: 312fda2d ($22.16 in chips)
Seat 3: 1e4164c0 ($5 in chips)
Seat 4: fada775 ($4.77 in chips)
Seat 5: 6e203b6 ($7.08 in chips)
Seat 6: 64f3c94b ($6.94 in chips)
fada775: posts small blind $0.02
6e203b6: posts big blind $0.05
*** HOLE CARDS ***
Dealt to Hero [Ts 7h]
Dealt to 312fda2d 
Dealt to 1e4164c0 
Dealt to fada775 
Dealt to 6e203b6 
Dealt to 64f3c94b 
64f3c94b: folds
Hero: folds
312fda2d: folds
1e4164c0: folds
fada775: raises $0.06 to $0.11
6e203b6: folds
Uncalled bet ($0.06) returned to fada775
*** SHOWDOWN ***
fada775 collected $0.1 from pot
*** SUMMARY ***
Total pot $0.1 | Rake $0 | Jackpot $0 | Bingo $0 | Fortune $0 | Tax $0
Seat 1: Hero folded before Flop (didn't bet)
Seat 2: 312fda2d folded before Flop (didn't bet)
Seat 3: 1e4164c0 (button) folded before Flop (didn't bet)
Seat 4: fada775 (small blind) collected ($0.1)
Seat 5: 6e203b6 (big blind) folded before Flop
Seat 6: 64f3c94b folded before Flop (didn't bet)


Poker Hand #HD1711225441: Hold'em No Limit ($0.02/$0.05) - 2024/04/01 21:13:46
Table 'NLHBlue105' 6-max Seat #2 is the button
Seat 1: Hero ($5.16 in chips)
Seat 2: 312fda2d ($21.75 in chips)
Seat 3: 1e4164c0 ($5 in chips)
Seat 4: fada775 ($4.82 in chips)
Seat 5: 6e203b6 ($7.08 in chips)
Seat 6: 64f3c94b ($6.94 in chips)
1e4164c0: posts small blind $0.02
fada775: posts big blind $0.05
*** HOLE CARDS ***
Dealt to Hero [8d 8h]
Dealt to 312fda2d 
Dealt to 1e4164c0 
Dealt to fada775 
Dealt to 6e203b6 
Dealt to 64f3c94b 
6e203b6: folds
64f3c94b: folds
Hero: raises $0.08 to $0.13
312fda2d: raises $0.25 to $0.38
1e4164c0: folds
fada775: folds
Hero: calls $0.25
*** FLOP *** [Jd 2h 7s]
Hero: checks
312fda2d: checks
*** TURN *** [Jd 2h 7s] [5d]
Hero: checks
312fda2d: checks
*** RIVER *** [Jd 2h 7s 5d] [Ad]
Hero: checks
312fda2d: bets $0.42
Hero: folds
Uncalled bet ($0.42) returned to 312fda2d
*** SHOWDOWN ***
312fda2d collected $0.79 from pot
*** SUMMARY ***
Total pot $0.83 | Rake $0.04 | Jackpot $0 | Bingo $0 | Fortune $0 | Tax $0
Board [Jd 2h 7s 5d Ad]
Seat 1: Hero folded on the River
Seat 2: 312fda2d (button) won ($0.79)
Seat 3: 1e4164c0 (small blind) folded before Flop
Seat 4: fada775 (big blind) folded before Flop
Seat 5: 6e203b6 folded before Flop (didn't bet)
Seat 6: 64f3c94b folded before Flop (didn't bet)


Poker Hand #HD1711225401: Hold'em No Limit ($0.02/$0.05) - 2024/04/01 21:13:28
Table 'NLHBlue105' 6-max Seat #1 is the button
Seat 1: Hero ($5.16 in chips)
Seat 2: 312fda2d ($21.7 in chips)
Seat 3: 1e4164c0 ($5 in chips)
Seat 4: fada775 ($4.82 in chips)
Seat 5: 6e203b6 ($7.08 in chips)
Seat 6: 64f3c94b ($6.94 in chips)
312fda2d: posts small blind $0.02
1e4164c0: posts big blind $0.05
*** HOLE CARDS ***
Dealt to Hero [3c 6h]
Dealt to 312fda2d 
Dealt to 1e4164c0 
Dealt to fada775 
Dealt to 6e203b6 
Dealt to 64f3c94b 
fada775: folds
6e203b6: folds
64f3c94b: folds
Hero: folds
312fda2d: raises $0.1 to $0.15
1e4164c0: folds
Uncalled bet ($0.1) returned to 312fda2d
*** SHOWDOWN ***
312fda2d collected $0.1 from pot
*** SUMMARY ***
Total pot $0.1 | Rake $0 | Jackpot $0 | Bingo $0 | Fortune $0 | Tax $0
Seat 1: Hero (button) folded before Flop (didn't bet)
Seat 2: 312fda2d (small blind) collected ($0.1)
Seat 3: 1e4164c0 (big blind) folded before Flop
Seat 4: fada775 folded before Flop (didn't bet)
Seat 5: 6e203b6 folded before Flop (didn't bet)
Seat 6: 64f3c94b folded before Flop (didn't bet)


Poker Hand #HD1711225349: Hold'em No Limit ($0.02/$0.05) - 2024/04/01 21:13:09
Table 'NLHBlue105' 6-max Seat #6 is the button
Seat 1: Hero ($5.18 in chips)
Seat 2: 312fda2d ($21.75 in chips)
Seat 4: fada775 ($4.82 in chips)
Seat 5: 6e203b6 ($7.08 in chips)
Seat 6: 64f3c94b ($6.87 in chips)
Hero: posts small blind $0.02
312fda2d: posts big blind $0.05
*** HOLE CARDS ***
Dealt to Hero [7d 2c]
Dealt to 312fda2d 
Dealt to fada775 
Dealt to 6e203b6 
Dealt to 64f3c94b 
fada775: folds
6e203b6: folds
64f3c94b: raises $0.08 to $0.13
Hero: folds
312fda2d: folds
Uncalled bet ($0.08) returned to 64f3c94b
*** SHOWDOWN ***
64f3c94b collected $0.12 from pot
*** SUMMARY ***
Total pot $0.12 | Rake $0 | Jackpot $0 | Bingo $0 | Fortune $0 | Tax $0
Seat 1: Hero (small blind) folded before Flop
Seat 2: 312fda2d (big blind) folded before Flop
Seat 4: fada775 folded before Flop (didn't bet)
Seat 5: 6e203b6 folded before Flop (didn't bet)
Seat 6: 64f3c94b (button) collected ($0.12)


Poker Hand #HD1711225272: Hold'em No Limit ($0.02/$0.05) - 2024/04/01 21:12:36
Table 'NLHBlue105' 6-max Seat #5 is the button
Seat 1: Hero ($5.3 in chips)
Seat 2: 312fda2d ($21.75 in chips)
Seat 4: fada775 ($4.82 in chips)
Seat 5: 6e203b6 ($6.95 in chips)
Seat 6: 64f3c94b ($6.89 in chips)
64f3c94b: posts small blind $0.02
Hero: posts big blind $0.05
*** HOLE CARDS ***
Dealt to Hero [Kc Jh]
Dealt to 312fda2d 
Dealt to fada775 
Dealt to 6e203b6 
Dealt to 64f3c94b 
312fda2d: folds
fada775: folds
6e203b6: raises $0.07 to $0.12
64f3c94b: folds
Hero: calls $0.07
*** FLOP *** [6d 6c 7c]
Hero: checks
6e203b6: bets $0.09
Hero: folds
Uncalled bet ($0.09) returned to 6e203b6
*** SHOWDOWN ***
6e203b6 collected $0.25 from pot
*** SUMMARY ***
Total pot $0.26 | Rake $0.01 | Jackpot $0 | Bingo $0 | Fortune $0 | Tax $0
Board [6d 6c 7c]
Seat 1: Hero (big blind) folded on the Flop
Seat 2: 312fda2d folded before Flop (didn't bet)
Seat 4: fada775 folded before Flop (didn't bet)
Seat 5: 6e203b6 (button) won ($0.25)
Seat 6: 64f3c94b (small blind) folded before Flop


Poker Hand #HD1711225164: Hold'em No Limit ($0.02/$0.05) - 2024/04/01 21:11:49
Table 'NLHBlue105' 6-max Seat #4 is the button
Seat 1: Hero ($5.86 in chips)
Seat 2: 312fda2d ($21.75 in chips)
Seat 4: fada775 ($4.25 in chips)
Seat 5: 6e203b6 ($6.97 in chips)
Seat 6: 64f3c94b ($6.94 in chips)
6e203b6: posts small blind $0.02
64f3c94b: posts big blind $0.05
*** HOLE CARDS ***
Dealt to Hero [Ts Tc]
Dealt to 312fda2d 
Dealt to fada775 
Dealt to 6e203b6 
Dealt to 64f3c94b 
Hero: raises $0.05 to $0.1
312fda2d: folds
fada775: raises $0.22 to $0.32
6e203b6: folds
64f3c94b: folds
Hero: calls $0.22
*** FLOP *** [5c 2s 3d]
Hero: checks
fada775: bets $0.24
Hero: calls $0.24
*** TURN *** [5c 2s 3d] [Ad]
Hero: checks
fada775: checks
*** RIVER *** [5c 2s 3d Ad] [Qs]
Hero: checks
fada775: bets $1.2
Hero: folds
Uncalled bet ($1.2) returned to fada775
*** SHOWDOWN ***
fada775 collected $1.13 from pot
*** SUMMARY ***
Total pot $1.19 | Rake $0.06 | Jackpot $0 | Bingo $0 | Fortune $0 | Tax $0
Board [5c 2s 3d Ad Qs]
Seat 1: Hero folded on the River
Seat 2: 312fda2d folded before Flop (didn't bet)
Seat 4: fada775 (button) won ($1.13)
Seat 5: 6e203b6 (small blind) folded before Flop
Seat 6: 64f3c94b (big blind) folded before Flop


Poker Hand #HD1711225018: Hold'em No Limit ($0.02/$0.05) - 2024/04/01 21:10:44
Table 'NLHBlue105' 6-max Seat #2 is the button
Seat 1: Hero ($5.86 in chips)
Seat 2: 312fda2d ($21.75 in chips)
Seat 4: fada775 ($4.04 in chips)
Seat 5: 6e203b6 ($7.2 in chips)
Seat 6: 64f3c94b ($6.94 in chips)
fada775: posts small blind $0.02
6e203b6: posts big blind $0.05
*** HOLE CARDS ***
Dealt to Hero [Ks 4d]
Dealt to 312fda2d 
Dealt to fada775 
Dealt to 6e203b6 
Dealt to 64f3c94b 
64f3c94b: folds
Hero: folds
312fda2d: folds
fada775: raises $0.06 to $0.11
6e203b6: calls $0.06
*** FLOP *** [Qh 7c 5h]
fada775: bets $0.12
6e203b6: calls $0.12
*** TURN *** [Qh 7c 5h] [2s]
fada775: bets $0.24
6e203b6: folds
Uncalled bet ($0.24) returned to fada775
*** SHOWDOWN ***
fada775 collected $0.44 from pot
*** SUMMARY ***
Total pot $0.46 | Rake $0.02 | Jackpot $0 | Bingo $0 | Fortune $0 | Tax $0
Board [Qh 7c 5h 2s]
Seat 1: Hero folded before Flop (didn't bet)
Seat 2: 312fda2d (button) folded before Flop (didn't bet)
Seat 4: fada775 (small blind) won ($0.44)
Seat 5: 6e203b6 (big blind) folded on the Turn
Seat 6: 64f3c94b folded before Flop (didn't bet)


Poker Hand #HD1711224947: Hold'em No Limit ($0.02/$0.05) - 2024/04/01 21:10:11
Table 'NLHBlue105' 6-max Seat #1 is the button
Seat 1: Hero ($6.26 in chips)
Seat 2: 312fda2d ($21.77 in chips)
Seat 4: fada775 ($4.09 in chips)
Seat 5: 6e203b6 ($7.2 in chips)
Seat 6: 64f3c94b ($6.51 in chips)
312fda2d: posts small blind $0.02
fada775: posts big blind $0.05
*** HOLE CARDS ***
Dealt to Hero [As Jd]
Dealt to 312fda2d 
Dealt to fada775 
Dealt to 6e203b6 
Dealt to 64f3c94b 
6e203b6: folds
64f3c94b: raises $0.08 to $0.13
Hero: raises $0.27 to $0.4
312fda2d: folds
fada775: folds
64f3c94b: raises $0.7 to $1.1
Hero: folds
Uncalled bet ($0.7) returned to 64f3c94b
*** SHOWDOWN ***
64f3c94b collected $0.83 from pot
*** SUMMARY ***
Total pot $0.87 | Rake $0.04 | Jackpot $0 | Bingo $0 | Fortune $0 | Tax $0
Seat 1: Hero (button) folded before Flop
Seat 2: 312fda2d (small blind) folded before Flop
Seat 4: fada775 (big blind) folded before Flop
Seat 5: 6e203b6 folded before Flop (didn't bet)
Seat 6: 64f3c94b collected ($0.83)


Poker Hand #HD1711224912: Hold'em No Limit ($0.02/$0.05) - 2024/04/01 21:09:56
Table 'NLHBlue105' 6-max Seat #6 is the button
Seat 1: Hero ($6.28 in chips)
Seat 2: 312fda2d ($21.82 in chips)
Seat 3: ba3bb9ae ($4.99 in chips)
Seat 4: fada775 ($4.09 in chips)
Seat 5: 6e203b6 ($7.2 in chips)
Seat 6: 64f3c94b ($6.44 in chips)
Hero: posts small blind $0.02
312fda2d: posts big blind $0.05
*** HOLE CARDS ***
Dealt to Hero [8s Kc]
Dealt to 312fda2d 
Dealt to ba3bb9ae 
Dealt to fada775 
Dealt to 6e203b6 
Dealt to 64f3c94b 
ba3bb9ae: folds
fada775: folds
6e203b6: folds
64f3c94b: raises $0.08 to $0.13
Hero: folds
312fda2d: folds
Uncalled bet ($0.08) returned to 64f3c94b
*** SHOWDOWN ***
64f3c94b collected $0.12 from pot
*** SUMMARY ***
Total pot $0.12 | Rake $0 | Jackpot $0 | Bingo $0 | Fortune $0 | Tax $0
Seat 1: Hero (small blind) folded before Flop
Seat 2: 312fda2d (big blind) folded before Flop
Seat 3: ba3bb9ae folded before Flop (didn't bet)
Seat 4: fada775 folded before Flop (didn't bet)
Seat 5: 6e203b6 folded before Flop (didn't bet)
Seat 6: 64f3c94b (button) collected ($0.12)


Poker Hand #HD1711224795: Hold'em No Limit ($0.02/$0.05) - 2024/04/01 21:09:05
Table 'NLHBlue105' 6-max Seat #5 is the button
Seat 1: Hero ($6.33 in chips)
Seat 2: 312fda2d ($21.82 in chips)
Seat 3: ba3bb9ae ($6.56 in chips)
Seat 4: fada775 ($4.09 in chips)
Seat 5: 6e203b6 ($7.2 in chips)
Seat 6: 64f3c94b ($5.02 in chips)
64f3c94b: posts small blind $0.02
Hero: posts big blind $0.05
*** HOLE CARDS ***
Dealt to Hero [2h 2d]
Dealt to 312fda2d 
Dealt to ba3bb9ae 
Dealt to fada775 
Dealt to 6e203b6 
Dealt to 64f3c94b 
312fda2d: folds
ba3bb9ae: raises $0.05 to $0.1
fada775: folds
6e203b6: folds
64f3c94b: raises $0.45 to $0.55
Hero: folds
ba3bb9ae: calls $0.45
*** FLOP *** [5c Td 4s]
64f3c94b: bets $0.38
ba3bb9ae: calls $0.38
*** TURN *** [5c Td 4s] [8h]
64f3c94b: checks
ba3bb9ae: checks
*** RIVER *** [5c Td 4s 8h] [3s]
64f3c94b: bets $0.64
ba3bb9ae: calls $0.64
64f3c94b: shows [Ts Js] (Pair of Tens)
ba3bb9ae: shows [9h 9d] (Pair of Nines)
*** SHOWDOWN ***
64f3c94b collected $2.99 from pot
*** SUMMARY ***
Total pot $3.19 | Rake $0.15 | Jackpot $0.05 | Bingo $0 | Fortune $0 | Tax $0
Board [5c Td 4s 8h 3s]
Seat 1: Hero (big blind) folded before Flop
Seat 2: 312fda2d folded before Flop (didn't bet)
Seat 3: ba3bb9ae showed [9h 9d] and lost with Pair of Nines
Seat 4: fada775 folded before Flop (didn't bet)
Seat 5: 6e203b6 (button) folded before Flop (didn't bet)
Seat 6: 64f3c94b (small blind) showed [Ts Js] and won ($2.99) with Pair of Tens


Poker Hand #HD1711224769: Hold'em No Limit ($0.02/$0.05) - 2024/04/01 21:08:54
Table 'NLHBlue105' 6-max Seat #4 is the button
Seat 1: Hero ($6.33 in chips)
Seat 2: 312fda2d ($21.82 in chips)
Seat 3: ba3bb9ae ($6.56 in chips)
Seat 4: fada775 ($4.09 in chips)
Seat 5: 6e203b6 ($7.22 in chips)
Seat 6: 64f3c94b ($5 in chips)
6e203b6: posts small blind $0.02
64f3c94b: posts big blind $0.05
*** HOLE CARDS ***
Dealt to Hero [8d Ks]
Dealt to 312fda2d 
Dealt to ba3bb9ae 
Dealt to fada775 
Dealt to 6e203b6 
Dealt to 64f3c94b 
Hero: folds
312fda2d: folds
ba3bb9ae: folds
fada775: folds
6e203b6: folds
Uncalled bet ($0.03) returned to 64f3c94b
*** SHOWDOWN ***
64f3c94b collected $0.04 from pot
*** SUMMARY ***
Total pot $0.04 | Rake $0 | Jackpot $0 | Bingo $0 | Fortune $0 | Tax $0
Seat 1: Hero folded before Flop (didn't bet)
Seat 2: 312fda2d folded before Flop (didn't bet)
Seat 3: ba3bb9ae folded before Flop (didn't bet)
Seat 4: fada775 (button) folded before Flop (didn't bet)
Seat 5: 6e203b6 (small blind) folded before Flop
Seat 6: 64f3c94b (big blind) collected ($0.04)


Poker Hand #HD1711224697: Hold'em No Limit ($0.02/$0.05) - 2024/04/01 21:08:17
Table 'NLHBlue105' 6-max Seat #3 is the button
Seat 1: Hero ($6.33 in chips)
Seat 2: 312fda2d ($21.82 in chips)
Seat 3: ba3bb9ae ($6.56 in chips)
Seat 4: fada775 ($3.99 in chips)
Seat 5: 6e203b6 ($7.33 in chips)
Seat 6: 64f3c94b ($5 in chips)
fada775: posts small blind $0.02
6e203b6: posts big blind $0.05
*** HOLE CARDS ***
Dealt to Hero [8c 6s]
Dealt to 312fda2d 
Dealt to ba3bb9ae 
Dealt to fada775 
Dealt to 6e203b6 
Dealt to 64f3c94b 
64f3c94b: folds
Hero: folds
312fda2d: folds
ba3bb9ae: folds
fada775: raises $0.06 to $0.11
6e203b6: calls $0.06
*** FLOP *** [5h 4h 2s]
fada775: checks
6e203b6: checks
*** TURN *** [5h 4h 2s] [Qd]
fada775: bets $0.08
6e203b6: folds
Uncalled bet ($0.08) returned to fada775
*** SHOWDOWN ***
fada775 collected $0.21 from pot
*** SUMMARY ***
Total pot $0.22 | Rake $0.01 | Jackpot $0 | Bingo $0 | Fortune $0 | Tax $0
Board [5h 4h 2s Qd]
Seat 1: Hero folded before Flop (didn't bet)
Seat 2: 312fda2d folded before Flop (didn't bet)
Seat 3: ba3bb9ae (button) folded before Flop (didn't bet)
Seat 4: fada775 (small blind) won ($0.21)
Seat 5: 6e203b6 (big blind) folded on the Turn
Seat 6: 64f3c94b folded before Flop (didn't bet)


Poker Hand #HD1711224561: Hold'em No Limit ($0.02/$0.05) - 2024/04/01 21:07:09
Table 'NLHBlue105' 6-max Seat #2 is the button
Seat 1: Hero ($6.33 in chips)
Seat 2: 312fda2d ($20.2 in chips)
Seat 3: ba3bb9ae ($6.58 in chips)
Seat 4: fada775 ($4.04 in chips)
Seat 5: 6e203b6 ($7.33 in chips)
Seat 6: 64f3c94b ($6.26 in chips)
ba3bb9ae: posts small blind $0.02
fada775: posts big blind $0.05
*** HOLE CARDS ***
Dealt to Hero [7d 8d]
Dealt to 312fda2d 
Dealt to ba3bb9ae 
Dealt to fada775 
Dealt to 6e203b6 
Dealt to 64f3c94b 
6e203b6: folds
64f3c94b: raises $0.08 to $0.13
Hero: folds
312fda2d: raises $0.17 to $0.3
ba3bb9ae: folds
fada775: folds
64f3c94b: raises $0.75 to $1.05
312fda2d: calls $0.75
*** FLOP *** [Kh 9d 6h]
64f3c94b: bets $0.72
312fda2d: calls $0.72
*** TURN *** [Kh 9d 6h] [As]
64f3c94b: checks
312fda2d: bets $1.2
64f3c94b: folds
Uncalled bet ($1.2) returned to 312fda2d
*** SHOWDOWN ***
312fda2d collected $3.39 from pot
*** SUMMARY ***
Total pot $3.61 | Rake $0.17 | Jackpot $0.05 | Bingo $0 | Fortune $0 | Tax $0
Board [Kh 9d 6h As]
Seat 1: Hero folded before Flop (didn't bet)
Seat 2: 312fda2d (button) won ($3.39)
Seat 3: ba3bb9ae (small blind) folded before Flop
Seat 4: fada775 (big blind) folded before Flop
Seat 5: 6e203b6 folded before Flop (didn't bet)
Seat 6: 64f3c94b folded on the Turn


Poker Hand #HD1711224515: Hold'em No Limit ($0.02/$0.05) - 2024/04/01 21:06:48
Table 'NLHBlue105' 6-max Seat #1 is the button
Seat 1: Hero ($6.33 in chips)
Seat 2: 312fda2d ($20.22 in chips)
Seat 3: ba3bb9ae ($6.63 in chips)
Seat 4: fada775 ($4.04 in chips)
Seat 5: 6e203b6 ($7.26 in chips)
Seat 6: 64f3c94b ($6.26 in chips)
312fda2d: posts small blind $0.02
ba3bb9ae: posts big blind $0.05
*** HOLE CARDS ***
Dealt to Hero [Jd Tc]
Dealt to 312fda2d 
Dealt to ba3bb9ae 
Dealt to fada775 
Dealt to 6e203b6 
Dealt to 64f3c94b 
fada775: folds
6e203b6: raises $0.07 to $0.12
64f3c94b: folds
Hero: folds
312fda2d: folds
ba3bb9ae: folds
Uncalled bet ($0.07) returned to 6e203b6
*** SHOWDOWN ***
6e203b6 collected $0.12 from pot
*** SUMMARY ***
Total pot $0.12 | Rake $0 | Jackpot $0 | Bingo $0 | Fortune $0 | Tax $0
Seat 1: Hero (button) folded before Flop (didn't bet)
Seat 2: 312fda2d (small blind) folded before Flop
Seat 3: ba3bb9ae (big blind) folded before Flop
Seat 4: fada775 folded before Flop (didn't bet)
Seat 5: 6e203b6 collected ($0.12)
Seat 6: 64f3c94b folded before Flop (didn't bet)


Poker Hand #HD1711224427: Hold'em No Limit ($0.02/$0.05) - 2024/04/01 21:06:08
Table 'NLHBlue105' 6-max Seat #6 is the button
Seat 1: Hero ($5.83 in chips)
Seat 2: 312fda2d ($20.27 in chips)
Seat 3: ba3bb9ae ($6.63 in chips)
Seat 4: fada775 ($4.04 in chips)
Seat 5: 6e203b6 ($7.76 in chips)
Seat 6: 64f3c94b ($6.26 in chips)
Hero: posts small blind $0.02
312fda2d: posts big blind $0.05
*** HOLE CARDS ***
Dealt to Hero [Js Kh]
Dealt to 312fda2d 
Dealt to ba3bb9ae 
Dealt to fada775 
Dealt to 6e203b6 
Dealt to 64f3c94b 
ba3bb9ae: folds
fada775: folds
6e203b6: raises $0.07 to $0.12
64f3c94b: folds
Hero: raises $0.38 to $0.5
312fda2d: folds
6e203b6: calls $0.38
*** FLOP *** [8c Ah 3d]
Hero: bets $0.35
6e203b6: folds
Uncalled bet ($0.35) returned to Hero
*** SHOWDOWN ***
Hero collected $1 from pot
*** SUMMARY ***
Total pot $1.05 | Rake $0.05 | Jackpot $0 | Bingo $0 | Fortune $0 | Tax $0
Board [8c Ah 3d]
Seat 1: Hero (small blind) won ($1)
Seat 2: 312fda2d (big blind) folded before Flop
Seat 3: ba3bb9ae folded before Flop (didn't bet)
Seat 4: fada775 folded before Flop (didn't bet)
Seat 5: 6e203b6 folded on the Flop
Seat 6: 64f3c94b (button) folded before Flop (didn't bet)


Poker Hand #HD1711224343: Hold'em No Limit ($0.02/$0.05) - 2024/04/01 21:05:24
Table 'NLHBlue105' 6-max Seat #5 is the button
Seat 1: Hero ($5.98 in chips)
Seat 2: 312fda2d ($20.62 in chips)
Seat 3: ba3bb9ae ($6.63 in chips)
Seat 4: fada775 ($3.56 in chips)
Seat 5: 6e203b6 ($7.76 in chips)
Seat 6: 64f3c94b ($6.28 in chips)
64f3c94b: posts small blind $0.02
Hero: posts big blind $0.05
*** HOLE CARDS ***
Dealt to Hero [Tc Ad]
Dealt to 312fda2d 
Dealt to ba3bb9ae 
Dealt to fada775 
Dealt to 6e203b6 
Dealt to 64f3c94b 
312fda2d: raises $0.1 to $0.15
ba3bb9ae: folds
fada775: calls $0.15
6e203b6: folds
64f3c94b: folds
Hero: calls $0.1
*** FLOP *** [8h 2s 3s]
Hero: checks
312fda2d: bets $0.2
fada775: calls $0.2
Hero: folds
*** TURN *** [8h 2s 3s] [7s]
312fda2d: checks
fada775: bets $0.44
312fda2d: folds
Uncalled bet ($0.44) returned to fada775
*** SHOWDOWN ***
fada775 collected $0.83 from pot
*** SUMMARY ***
Total pot $0.87 | Rake $0.04 | Jackpot $0 | Bingo $0 | Fortune $0 | Tax $0
Board [8h 2s 3s 7s]
Seat 1: Hero (big blind) folded on the Flop
Seat 2: 312fda2d folded on the Turn
Seat 3: ba3bb9ae folded before Flop (didn't bet)
Seat 4: fada775 won ($0.83)
Seat 5: 6e203b6 (button) folded before Flop (didn't bet)
Seat 6: 64f3c94b (small blind) folded before Flop


Poker Hand #HD1711224124: Hold'em No Limit ($0.02/$0.05) - 2024/04/01 21:03:47
Table 'NLHBlue105' 6-max Seat #4 is the button
Seat 1: Hero ($5.98 in chips)
Seat 2: 312fda2d ($20.62 in chips)
Seat 3: ba3bb9ae ($6.73 in chips)
Seat 4: fada775 ($4.9 in chips)
Seat 5: 6e203b6 ($7.78 in chips)
Seat 6: 64f3c94b ($5 in chips)
6e203b6: posts small blind $0.02
64f3c94b: posts big blind $0.05
*** HOLE CARDS ***
Dealt to Hero [4s 6c]
Dealt to 312fda2d 
Dealt to ba3bb9ae 
Dealt to fada775 
Dealt to 6e203b6 
Dealt to 64f3c94b 
Hero: folds
312fda2d: folds
ba3bb9ae: raises $0.05 to $0.1
fada775: calls $0.1
6e203b6: folds
64f3c94b: calls $0.05
*** FLOP *** [2h Jh 2c]
64f3c94b: checks
ba3bb9ae: checks
fada775: bets $0.12
64f3c94b: calls $0.12
ba3bb9ae: folds
*** TURN *** [2h Jh 2c] [Td]
64f3c94b: checks
fada775: bets $0.28
64f3c94b: calls $0.28
*** RIVER *** [2h Jh 2c Td] [Kc]
64f3c94b: checks
fada775: bets $0.84
64f3c94b: calls $0.84
fada775: shows [7d 7s] (Pair of Sevens and Pair of Twos)
64f3c94b: shows [Jc Qh] (Pair of Jacks and Pair of Twos)
*** SHOWDOWN ***
64f3c94b collected $2.62 from pot
*** SUMMARY ***
Total pot $2.8 | Rake $0.13 | Jackpot $0.05 | Bingo $0 | Fortune $0 | Tax $0
Board [2h Jh 2c Td Kc]
Seat 1: Hero folded before Flop (didn't bet)
Seat 2: 312fda2d folded before Flop (didn't bet)
Seat 3: ba3bb9ae folded on the Flop
Seat 4: fada775 (button) showed [7d 7s] and lost with Pair of Sevens and Pair of Twos
Seat 5: 6e203b6 (small blind) folded before Flop
Seat 6: 64f3c94b (big blind) showed [Jc Qh] and won ($2.62) with Pair of Jacks and Pair of Twos


Poker Hand #HD1711223942: Hold'em No Limit ($0.02/$0.05) - 2024/04/01 21:02:24
Table 'NLHBlue105' 6-max Seat #3 is the button
Seat 1: Hero ($5.98 in chips)
Seat 2: 312fda2d ($20.62 in chips)
Seat 3: ba3bb9ae ($6.34 in chips)
Seat 4: fada775 ($4.92 in chips)
Seat 5: 6e203b6 ($7.91 in chips)
Seat 6: 64f3c94b ($5.12 in chips)
fada775: posts small blind $0.02
6e203b6: posts big blind $0.05
*** HOLE CARDS ***
Dealt to Hero [2s 4c]
Dealt to 312fda2d 
Dealt to ba3bb9ae 
Dealt to fada775 
Dealt to 6e203b6 
Dealt to 64f3c94b 
64f3c94b: raises $0.08 to $0.13
Hero: folds
312fda2d: folds
ba3bb9ae: calls $0.13
fada775: folds
6e203b6: calls $0.08
*** FLOP *** [6h 7h Jc]
6e203b6: checks
64f3c94b: bets $0.14
ba3bb9ae: raises $0.35 to $0.49
6e203b6: folds
64f3c94b: folds
Uncalled bet ($0.35) returned to ba3bb9ae
*** SHOWDOWN ***
ba3bb9ae collected $0.66 from pot
*** SUMMARY ***
Total pot $0.69 | Rake $0.03 | Jackpot $0 | Bingo $0 | Fortune $0 | Tax $0
Board [6h 7h Jc]
Seat 1: Hero folded before Flop (didn't bet)
Seat 2: 312fda2d folded before Flop (didn't bet)
Seat 3: ba3bb9ae (button) won ($0.66)
Seat 4: fada775 (small blind) folded before Flop
Seat 5: 6e203b6 (big blind) folded on the Flop
Seat 6: 64f3c94b folded on the Flop


Poker Hand #HD1711223895: Hold'em No Limit ($0.02/$0.05) - 2024/04/01 21:02:05
Table 'NLHBlue105' 6-max Seat #2 is the button
Seat 1: Hero ($5.98 in chips)
Seat 2: 312fda2d ($20.62 in chips)
Seat 3: ba3bb9ae ($6.36 in chips)
Seat 4: fada775 ($4.97 in chips)
Seat 5: 6e203b6 ($7.84 in chips)
Seat 6: 64f3c94b ($5.12 in chips)
ba3bb9ae: posts small blind $0.02
fada775: posts big blind $0.05
*** HOLE CARDS ***
Dealt to Hero [Jc 7c]
Dealt to 312fda2d 
Dealt to ba3bb9ae 
Dealt to fada775 
Dealt to 6e203b6 
Dealt to 64f3c94b 
6e203b6: raises $0.07 to $0.12
64f3c94b: folds
Hero: folds
312fda2d: folds
ba3bb9ae: folds
fada775: folds
Uncalled bet ($0.07) returned to 6e203b6
*** SHOWDOWN ***
6e203b6 collected $0.12 from pot
*** SUMMARY ***
Total pot $0.12 | Rake $0 | Jackpot $0 | Bingo $0 | Fortune $0 | Tax $0
Seat 1: Hero folded before Flop (didn't bet)
Seat 2: 312fda2d (button) folded before Flop (didn't bet)
Seat 3: ba3bb9ae (small blind) folded before Flop
Seat 4: fada775 (big blind) folded before Flop
Seat 5: 6e203b6 collected ($0.12)
Seat 6: 64f3c94b folded before Flop (didn't bet)


Poker Hand #HD1711223849: Hold'em No Limit ($0.02/$0.05) - 2024/04/01 21:01:44
Table 'NLHBlue105' 6-max Seat #1 is the button
Seat 1: Hero ($5.98 in chips)
Seat 2: 312fda2d ($20.57 in chips)
Seat 3: ba3bb9ae ($6.41 in chips)
Seat 5: 6e203b6 ($7.84 in chips)
Seat 6: 64f3c94b ($5.12 in chips)
312fda2d: posts small blind $0.02
ba3bb9ae: posts big blind $0.05
*** HOLE CARDS ***
Dealt to Hero [2h 6c]
Dealt to 312fda2d 
Dealt to ba3bb9ae 
Dealt to 6e203b6 
Dealt to 64f3c94b 
6e203b6: folds
64f3c94b: folds
Hero: folds
312fda2d: raises $0.1 to $0.15
ba3bb9ae: folds
Uncalled bet ($0.1) returned to 312fda2d
*** SHOWDOWN ***
312fda2d collected $0.1 from pot
*** SUMMARY ***
Total pot $0.1 | Rake $0 | Jackpot $0 | Bingo $0 | Fortune $0 | Tax $0
Seat 1: Hero (button) folded before Flop (didn't bet)
Seat 2: 312fda2d (small blind) collected ($0.1)
Seat 3: ba3bb9ae (big blind) folded before Flop
Seat 5: 6e203b6 folded before Flop (didn't bet)
Seat 6: 64f3c94b folded before Flop (didn't bet)


Poker Hand #HD1711223801: Hold'em No Limit ($0.02/$0.05) - 2024/04/01 21:01:23
Table 'NLHBlue105' 6-max Seat #6 is the button
Seat 1: Hero ($6 in chips)
Seat 2: 312fda2d ($20.62 in chips)
Seat 3: ba3bb9ae ($6.34 in chips)
Seat 5: 6e203b6 ($7.84 in chips)
Seat 6: 64f3c94b ($5.12 in chips)
Hero: posts small blind $0.02
312fda2d: posts big blind $0.05
*** HOLE CARDS ***
Dealt to Hero [Ah 9d]
Dealt to 312fda2d 
Dealt to ba3bb9ae 
Dealt to 6e203b6 
Dealt to 64f3c94b 
ba3bb9ae: raises $0.05 to $0.1
6e203b6: folds
64f3c94b: folds
Hero: folds
312fda2d: folds
Uncalled bet ($0.05) returned to ba3bb9ae
*** SHOWDOWN ***
ba3bb9ae collected $0.12 from pot
*** SUMMARY ***
Total pot $0.12 | Rake $0 | Jackpot $0 | Bingo $0 | Fortune $0 | Tax $0
Seat 1: Hero (small blind) folded before Flop
Seat 2: 312fda2d (big blind) folded before Flop
Seat 3: ba3bb9ae collected ($0.12)
Seat 5: 6e203b6 folded before Flop (didn't bet)
Seat 6: 64f3c94b (button) folded before Flop (didn't bet)


Poker Hand #HD1711223742: Hold'em No Limit ($0.02/$0.05) - 2024/04/01 21:00:55
Table 'NLHBlue105' 6-max Seat #5 is the button
Seat 1: Hero ($5.84 in chips)
Seat 2: 312fda2d ($20.77 in chips)
Seat 3: ba3bb9ae ($6.34 in chips)
Seat 5: 6e203b6 ($7.84 in chips)
Seat 6: 64f3c94b ($5.14 in chips)
64f3c94b: posts small blind $0.02
Hero: posts big blind $0.05
*** HOLE CARDS ***
Dealt to Hero [4h Ah]
Dealt to 312fda2d 
Dealt to ba3bb9ae 
Dealt to 6e203b6 
Dealt to 64f3c94b 
312fda2d: raises $0.1 to $0.15
ba3bb9ae: folds
6e203b6: folds
64f3c94b: folds
Hero: calls $0.1
*** FLOP *** [6d 7d Kc]
Hero: checks
312fda2d: checks
*** TURN *** [6d 7d Kc] [3h]
Hero: bets $0.15
312fda2d: folds
Uncalled bet ($0.15) returned to Hero
*** SHOWDOWN ***
Hero collected $0.31 from pot
*** SUMMARY ***
Total pot $0.32 | Rake $0.01 | Jackpot $0 | Bingo $0 | Fortune $0 | Tax $0
Board [6d 7d Kc 3h]
Seat 1: Hero (big blind) won ($0.31)
Seat 2: 312fda2d folded on the Turn
Seat 3: ba3bb9ae folded before Flop (didn't bet)
Seat 5: 6e203b6 (button) folded before Flop (didn't bet)
Seat 6: 64f3c94b (small blind) folded before Flop


Poker Hand #HD1711223687: Hold'em No Limit ($0.02/$0.05) - 2024/04/01 21:00:26
Table 'NLHBlue105' 6-max Seat #3 is the button
Seat 1: Hero ($5.84 in chips)
Seat 2: 312fda2d ($20.77 in chips)
Seat 3: ba3bb9ae ($6.34 in chips)
Seat 5: 6e203b6 ($7.99 in chips)
Seat 6: 64f3c94b ($5 in chips)
6e203b6: posts small blind $0.02
64f3c94b: posts big blind $0.05
*** HOLE CARDS ***
Dealt to Hero [9d 3c]
Dealt to 312fda2d 
Dealt to ba3bb9ae 
Dealt to 6e203b6 
Dealt to 64f3c94b 
Hero: folds
312fda2d: folds
ba3bb9ae: folds
6e203b6: raises $0.1 to $0.15
64f3c94b: raises $0.33 to $0.48
6e203b6: folds
Uncalled bet ($0.33) returned to 64f3c94b
*** SHOWDOWN ***
64f3c94b collected $0.29 from pot
*** SUMMARY ***
Total pot $0.3 | Rake $0.01 | Jackpot $0 | Bingo $0 | Fortune $0 | Tax $0
Seat 1: Hero folded before Flop (didn't bet)
Seat 2: 312fda2d folded before Flop (didn't bet)
Seat 3: ba3bb9ae (button) folded before Flop (didn't bet)
Seat 5: 6e203b6 (small blind) folded before Flop
Seat 6: 64f3c94b (big blind) collected ($0.29)


Poker Hand #HD1711223649: Hold'em No Limit ($0.02/$0.05) - 2024/04/01 21:00:13
Table 'NLHBlue105' 6-max Seat #2 is the button
Seat 1: Hero ($5.84 in chips)
Seat 2: 312fda2d ($20.77 in chips)
Seat 3: ba3bb9ae ($6.29 in chips)
Seat 4: 4a9cf561 ($5 in chips)
Seat 5: 6e203b6 ($7.99 in chips)
Seat 6: 64f3c94b ($5 in chips)
ba3bb9ae: posts small blind $0.02
4a9cf561: posts big blind $0.05
*** HOLE CARDS ***
Dealt to Hero [6d 2h]
Dealt to 312fda2d 
Dealt to ba3bb9ae 
Dealt to 4a9cf561 
Dealt to 6e203b6 
Dealt to 64f3c94b 
6e203b6: folds
64f3c94b: folds
Hero: folds
312fda2d: folds
ba3bb9ae: raises $0.1 to $0.15
4a9cf561: folds
Uncalled bet ($0.1) returned to ba3bb9ae
*** SHOWDOWN ***
ba3bb9ae collected $0.1 from pot
*** SUMMARY ***
Total pot $0.1 | Rake $0 | Jackpot $0 | Bingo $0 | Fortune $0 | Tax $0
Seat 1: Hero folded before Flop (didn't bet)
Seat 2: 312fda2d (button) folded before Flop (didn't bet)
Seat 3: ba3bb9ae (small blind) collected ($0.1)
Seat 4: 4a9cf561 (big blind) folded before Flop
Seat 5: 6e203b6 folded before Flop (didn't bet)
Seat 6: 64f3c94b folded before Flop (didn't bet)


Poker Hand #HD1711223537: Hold'em No Limit ($0.02/$0.05) - 2024/04/01 20:59:21
Table 'NLHBlue105' 6-max Seat #1 is the button
Seat 1: Hero ($5.7 in chips)
Seat 2: 312fda2d ($20.79 in chips)
Seat 3: ba3bb9ae ($6.42 in chips)
Seat 5: 6e203b6 ($7.99 in chips)
Seat 6: 64f3c94b ($5 in chips)
312fda2d: posts small blind $0.02
ba3bb9ae: posts big blind $0.05
*** HOLE CARDS ***
Dealt to Hero [6d 8d]
Dealt to 312fda2d 
Dealt to ba3bb9ae 
Dealt to 6e203b6 
Dealt to 64f3c94b 
6e203b6: folds
64f3c94b: folds
Hero: raises $0.08 to $0.13
312fda2d: folds
ba3bb9ae: calls $0.08
*** FLOP *** [2h 5c 8h]
ba3bb9ae: checks
Hero: checks
*** TURN *** [2h 5c 8h] [2d]
ba3bb9ae: checks
Hero: bets $0.1
ba3bb9ae: folds
Uncalled bet ($0.1) returned to Hero
*** SHOWDOWN ***
Hero collected $0.27 from pot
*** SUMMARY ***
Total pot $0.28 | Rake $0.01 | Jackpot $0 | Bingo $0 | Fortune $0 | Tax $0
Board [2h 5c 8h 2d]
Seat 1: Hero (button) won ($0.27)
Seat 2: 312fda2d (small blind) folded before Flop
Seat 3: ba3bb9ae (big blind) folded on the Turn
Seat 5: 6e203b6 folded before Flop (didn't bet)
Seat 6: 64f3c94b folded before Flop (didn't bet)


Poker Hand #HD1711223350: Hold'em No Limit ($0.02/$0.05) - 2024/04/01 20:57:59
Table 'NLHBlue105' 6-max Seat #6 is the button
Seat 1: Hero ($5.72 in chips)
Seat 2: 312fda2d ($7.17 in chips)
Seat 3: ba3bb9ae ($6.42 in chips)
Seat 4: 75684f92 ($6.97 in chips)
Seat 5: 6e203b6 ($7.99 in chips)
Seat 6: 64f3c94b ($8.05 in chips)
Hero: posts small blind $0.02
312fda2d: posts big blind $0.05
*** HOLE CARDS ***
Dealt to Hero [Qc As]
Dealt to 312fda2d 
Dealt to ba3bb9ae 
Dealt to 75684f92 
Dealt to 6e203b6 
Dealt to 64f3c94b 
ba3bb9ae: folds
75684f92: raises $0.05 to $0.1
6e203b6: folds
64f3c94b: raises $0.3 to $0.4
Hero: folds
312fda2d: calls $0.35
75684f92: raises $1.22 to $1.62
64f3c94b: raises $6.43 to $8.05 and is all-in
312fda2d: calls $6.77 and is all-in
75684f92: calls $5.35 and is all-in
Uncalled bet ($0.88) returned to 64f3c94b
64f3c94b: shows [Kd Ks]
312fda2d: shows [Kh Qh]
75684f92: shows [Kc Ac]
*** FLOP *** [Th 4h 7h]
*** TURN *** [Th 4h 7h] [3s]
*** RIVER *** [Th 4h 7h 3s] [9d]
*** SHOWDOWN ***
312fda2d collected $20.39 from pot
312fda2d collected $0.4 from pot
*** SUMMARY ***
Total pot $21.33 | Rake $0.49 | Jackpot $0.05 | Bingo $0 | Fortune $0 | Tax $0
Board [Th 4h 7h 3s 9d]
Seat 1: Hero (small blind) folded before Flop
Seat 2: 312fda2d (big blind) showed [Kh Qh] and won ($20.79) with King High Flush
Seat 3: ba3bb9ae folded before Flop (didn't bet)
Seat 4: 75684f92 showed [Kc Ac] and lost with Ace-High
Seat 5: 6e203b6 folded before Flop (didn't bet)
Seat 6: 64f3c94b (button) showed [Kd Ks] and lost with Pair of Kings


Poker Hand #HD1711223267: Hold'em No Limit ($0.02/$0.05) - 2024/04/01 20:57:19
Table 'NLHBlue105' 6-max Seat #5 is the button
Seat 1: Hero ($5.77 in chips)
Seat 2: 312fda2d ($7.32 in chips)
Seat 3: ba3bb9ae ($6.21 in chips)
Seat 4: 75684f92 ($6.97 in chips)
Seat 5: 6e203b6 ($7.99 in chips)
Seat 6: 64f3c94b ($8.07 in chips)
64f3c94b: posts small blind $0.02
Hero: posts big blind $0.05
*** HOLE CARDS ***
Dealt to Hero [2c Qd]
Dealt to 312fda2d 
Dealt to ba3bb9ae 
Dealt to 75684f92 
Dealt to 6e203b6 
Dealt to 64f3c94b 
312fda2d: raises $0.1 to $0.15
ba3bb9ae: calls $0.15
75684f92: folds
6e203b6: folds
64f3c94b: folds
Hero: folds
*** FLOP *** [Ah Ad 6d]
312fda2d: checks
ba3bb9ae: bets $0.19
312fda2d: folds
Uncalled bet ($0.19) returned to ba3bb9ae
*** SHOWDOWN ***
ba3bb9ae collected $0.36 from pot
*** SUMMARY ***
Total pot $0.37 | Rake $0.01 | Jackpot $0 | Bingo $0 | Fortune $0 | Tax $0
Board [Ah Ad 6d]
Seat 1: Hero (big blind) folded before Flop
Seat 2: 312fda2d folded on the Flop
Seat 3: ba3bb9ae won ($0.36)
Seat 4: 75684f92 folded before Flop (didn't bet)
Seat 5: 6e203b6 (button) folded before Flop (didn't bet)
Seat 6: 64f3c94b (small blind) folded before Flop


Poker Hand #HD1711223110: Hold'em No Limit ($0.02/$0.05) - 2024/04/01 20:56:04
Table 'NLHBlue105' 6-max Seat #4 is the button
Seat 1: Hero ($5.77 in chips)
Seat 2: 312fda2d ($5 in chips)
Seat 4: 75684f92 ($9.52 in chips)
Seat 5: 6e203b6 ($8.01 in chips)
Seat 6: 64f3c94b ($8.12 in chips)
6e203b6: posts small blind $0.02
64f3c94b: posts big blind $0.05
*** HOLE CARDS ***
Dealt to Hero [Ts 7d]
Dealt to 312fda2d 
Dealt to 75684f92 
Dealt to 6e203b6 
Dealt to 64f3c94b 
Hero: folds
312fda2d: raises $0.1 to $0.15
75684f92: raises $0.28 to $0.43
6e203b6: folds
64f3c94b: folds
312fda2d: calls $0.28
*** FLOP *** [Qc 5c 3s]
312fda2d: checks
75684f92: bets $0.47
312fda2d: calls $0.47
*** TURN *** [Qc 5c 3s] [4d]
312fda2d: bets $0.62
75684f92: calls $0.62
*** RIVER *** [Qc 5c 3s 4d] [Td]
312fda2d: bets $1.03
75684f92: calls $1.03
312fda2d: shows [8c 8s] (Pair of Eights)
75684f92: shows [Ah Ks] (Ace-High)
*** SHOWDOWN ***
312fda2d collected $4.87 from pot
*** SUMMARY ***
Total pot $5.17 | Rake $0.25 | Jackpot $0.05 | Bingo $0 | Fortune $0 | Tax $0
Board [Qc 5c 3s 4d Td]
Seat 1: Hero folded before Flop (didn't bet)
Seat 2: 312fda2d showed [8c 8s] and won ($4.87) with Pair of Eights
Seat 4: 75684f92 (button) showed [Ah Ks] and lost with Ace-High
Seat 5: 6e203b6 (small blind) folded before Flop
Seat 6: 64f3c94b (big blind) folded before Flop


Poker Hand #HD1711222958: Hold'em No Limit ($0.02/$0.05) - 2024/04/01 20:54:52
Table 'NLHBlue105' 6-max Seat #3 is the button
Seat 1: Hero ($5.77 in chips)
Seat 2: 312fda2d ($5 in chips)
Seat 3: ba3bb9ae ($6.21 in chips)
Seat 4: 75684f92 ($9.92 in chips)
Seat 5: 6e203b6 ($7.65 in chips)
Seat 6: 64f3c94b ($8.12 in chips)
75684f92: posts small blind $0.02
6e203b6: posts big blind $0.05
*** HOLE CARDS ***
Dealt to Hero [Qd 7d]
Dealt to 312fda2d 
Dealt to ba3bb9ae 
Dealt to 75684f92 
Dealt to 6e203b6 
Dealt to 64f3c94b 
64f3c94b: folds
Hero: folds
312fda2d: folds
ba3bb9ae: folds
75684f92: raises $0.05 to $0.1
6e203b6: calls $0.05
*** FLOP *** [Js 6h 4c]
75684f92: checks
6e203b6: bets $0.1
75684f92: calls $0.1
*** TURN *** [Js 6h 4c] [2d]
75684f92: checks
6e203b6: bets $0.2
75684f92: calls $0.2
*** RIVER *** [Js 6h 4c 2d] [8c]
75684f92: checks
6e203b6: bets $0.5
75684f92: folds
Uncalled bet ($0.5) returned to 6e203b6
*** SHOWDOWN ***
6e203b6 collected $0.76 from pot
*** SUMMARY ***
Total pot $0.8 | Rake $0.04 | Jackpot $0 | Bingo $0 | Fortune $0 | Tax $0
Board [Js 6h 4c 2d 8c]
Seat 1: Hero folded before Flop (didn't bet)
Seat 2: 312fda2d folded before Flop (didn't bet)
Seat 3: ba3bb9ae (button) folded before Flop (didn't bet)
Seat 4: 75684f92 (small blind) folded on the River
Seat 5: 6e203b6 (big blind) won ($0.76)
Seat 6: 64f3c94b folded before Flop (didn't bet)


Poker Hand #HD1711222910: Hold'em No Limit ($0.02/$0.05) - 2024/04/01 20:54:28
Table 'NLHBlue105' 6-max Seat #2 is the button
Seat 1: Hero ($5.77 in chips)
Seat 2: 312fda2d ($5 in chips)
Seat 3: ba3bb9ae ($6.23 in chips)
Seat 4: 75684f92 ($9.9 in chips)
Seat 5: 6e203b6 ($7.65 in chips)
Seat 6: 64f3c94b ($8.12 in chips)
ba3bb9ae: posts small blind $0.02
75684f92: posts big blind $0.05
*** HOLE CARDS ***
Dealt to Hero [6c 8h]
Dealt to 312fda2d 
Dealt to ba3bb9ae 
Dealt to 75684f92 
Dealt to 6e203b6 
Dealt to 64f3c94b 
6e203b6: folds
64f3c94b: folds
Hero: folds
312fda2d: folds
ba3bb9ae: folds
Uncalled bet ($0.03) returned to 75684f92
*** SHOWDOWN ***
75684f92 collected $0.04 from pot
*** SUMMARY ***
Total pot $0.04 | Rake $0 | Jackpot $0 | Bingo $0 | Fortune $0 | Tax $0
Seat 1: Hero folded before Flop (didn't bet)
Seat 2: 312fda2d (button) folded before Flop (didn't bet)
Seat 3: ba3bb9ae (small blind) folded before Flop
Seat 4: 75684f92 (big blind) collected ($0.04)
Seat 5: 6e203b6 folded before Flop (didn't bet)
Seat 6: 64f3c94b folded before Flop (didn't bet)


Poker Hand #HD1711222720: Hold'em No Limit ($0.02/$0.05) - 2024/04/01 20:52:56
Table 'NLHBlue105' 6-max Seat #1 is the button
Seat 1: Hero ($5.77 in chips)
Seat 2: 312fda2d ($5 in chips)
Seat 3: ba3bb9ae ($6.28 in chips)
Seat 4: 75684f92 ($11.97 in chips)
Seat 5: 6e203b6 ($5 in chips)
Seat 6: 64f3c94b ($8.12 in chips)
312fda2d: posts small blind $0.02
ba3bb9ae: posts big blind $0.05
*** HOLE CARDS ***
Dealt to Hero [7s 8d]
Dealt to 312fda2d 
Dealt to ba3bb9ae 
Dealt to 75684f92 
Dealt to 6e203b6 
Dealt to 64f3c94b 
75684f92: raises $0.05 to $0.1
6e203b6: raises $0.3 to $0.4
64f3c94b: folds
Hero: folds
312fda2d: calls $0.38
ba3bb9ae: folds
75684f92: calls $0.3
*** FLOP *** [Td 7c 4h]
312fda2d: checks
75684f92: checks
6e203b6: checks
*** TURN *** [Td 7c 4h] [Qd]
312fda2d: checks
75684f92: bets $0.42
6e203b6: calls $0.42
312fda2d: calls $0.42
*** RIVER *** [Td 7c 4h Qd] [Ac]
312fda2d: checks
75684f92: checks
6e203b6: bets $1.25
312fda2d: folds
75684f92: calls $1.25
6e203b6: shows [Kh As] (Pair of Aces)
75684f92: shows [Ts Ks] (Pair of Tens)
*** SHOWDOWN ***
6e203b6 collected $4.72 from pot
*** SUMMARY ***
Total pot $5.01 | Rake $0.24 | Jackpot $0.05 | Bingo $0 | Fortune $0 | Tax $0
Board [Td 7c 4h Qd Ac]
Seat 1: Hero (button) folded before Flop (didn't bet)
Seat 2: 312fda2d (small blind) folded on the River
Seat 3: ba3bb9ae (big blind) folded before Flop
Seat 4: 75684f92 showed [Ts Ks] and lost with Pair of Tens
Seat 5: 6e203b6 showed [Kh As] and won ($4.72) with Pair of Aces
Seat 6: 64f3c94b folded before Flop (didn't bet)


Poker Hand #HD1711222690: Hold'em No Limit ($0.02/$0.05) - 2024/04/01 20:52:39
Table 'NLHBlue105' 6-max Seat #6 is the button
Seat 1: Hero ($5.79 in chips)
Seat 2: 312fda2d ($5 in chips)
Seat 3: ba3bb9ae ($6.28 in chips)
Seat 4: 75684f92 ($11.9 in chips)
Seat 5: 6e203b6 ($5 in chips)
Seat 6: 64f3c94b ($8.12 in chips)
Hero: posts small blind $0.02
312fda2d: posts big blind $0.05
*** HOLE CARDS ***
Dealt to Hero [5h Kd]
Dealt to 312fda2d 
Dealt to ba3bb9ae 
Dealt to 75684f92 
Dealt to 6e203b6 
Dealt to 64f3c94b 
ba3bb9ae: folds
75684f92: raises $0.05 to $0.1
6e203b6: folds
64f3c94b: folds
Hero: folds
312fda2d: folds
Uncalled bet ($0.05) returned to 75684f92
*** SHOWDOWN ***
75684f92 collected $0.12 from pot
*** SUMMARY ***
Total pot $0.12 | Rake $0 | Jackpot $0 | Bingo $0 | Fortune $0 | Tax $0
Seat 1: Hero (small blind) folded before Flop
Seat 2: 312fda2d (big blind) folded before Flop
Seat 3: ba3bb9ae folded before Flop (didn't bet)
Seat 4: 75684f92 collected ($0.12)
Seat 5: 6e203b6 folded before Flop (didn't bet)
Seat 6: 64f3c94b (button) folded before Flop (didn't bet)


Poker Hand #HD1711222577: Hold'em No Limit ($0.02/$0.05) - 2024/04/01 20:51:46
Table 'NLHBlue105' 6-max Seat #5 is the button
Seat 1: Hero ($5.84 in chips)
Seat 2: 312fda2d ($5 in chips)
Seat 3: ba3bb9ae ($5.95 in chips)
Seat 4: 75684f92 ($12.05 in chips)
Seat 5: 6e203b6 ($5 in chips)
Seat 6: 64f3c94b ($8.27 in chips)
64f3c94b: posts small blind $0.02
Hero: posts big blind $0.05
*** HOLE CARDS ***
Dealt to Hero [Js 5h]
Dealt to 312fda2d 
Dealt to ba3bb9ae 
Dealt to 75684f92 
Dealt to 6e203b6 
Dealt to 64f3c94b 
312fda2d: folds
ba3bb9ae: raises $0.1 to $0.15
75684f92: calls $0.15
6e203b6: folds
64f3c94b: calls $0.13
Hero: folds
*** FLOP *** [7d 4c Kh]
64f3c94b: checks
ba3bb9ae: checks
75684f92: checks
*** TURN *** [7d 4c Kh] [Qc]
64f3c94b: checks
ba3bb9ae: checks
75684f92: checks
*** RIVER *** [7d 4c Kh Qc] [6c]
64f3c94b: checks
ba3bb9ae: bets $0.5
75684f92: folds
64f3c94b: folds
Uncalled bet ($0.5) returned to ba3bb9ae
*** SHOWDOWN ***
ba3bb9ae collected $0.48 from pot
*** SUMMARY ***
Total pot $0.5 | Rake $0.02 | Jackpot $0 | Bingo $0 | Fortune $0 | Tax $0
Board [7d 4c Kh Qc 6c]
Seat 1: Hero (big blind) folded before Flop
Seat 2: 312fda2d folded before Flop (didn't bet)
Seat 3: ba3bb9ae won ($0.48)
Seat 4: 75684f92 folded on the River
Seat 5: 6e203b6 (button) folded before Flop (didn't bet)
Seat 6: 64f3c94b (small blind) folded on the River


Poker Hand #HD1711222497: Hold'em No Limit ($0.02/$0.05) - 2024/04/01 20:51:08
Table 'NLHBlue105' 6-max Seat #4 is the button
Seat 1: Hero ($5.94 in chips)
Seat 2: 312fda2d ($5 in chips)
Seat 3: ba3bb9ae ($5.95 in chips)
Seat 4: 75684f92 ($11.84 in chips)
Seat 5: 6e203b6 ($5 in chips)
Seat 6: 64f3c94b ($8.37 in chips)
6e203b6: posts small blind $0.02
64f3c94b: posts big blind $0.05
*** HOLE CARDS ***
Dealt to Hero [5c 5h]
Dealt to 312fda2d 
Dealt to ba3bb9ae 
Dealt to 75684f92 
Dealt to 6e203b6 
Dealt to 64f3c94b 
Hero: raises $0.05 to $0.1
312fda2d: folds
ba3bb9ae: folds
75684f92: calls $0.1
6e203b6: folds
64f3c94b: calls $0.05
*** FLOP *** [8h 7s 9s]
64f3c94b: checks
Hero: checks
75684f92: bets $0.16
64f3c94b: folds
Hero: folds
Uncalled bet ($0.16) returned to 75684f92
*** SHOWDOWN ***
75684f92 collected $0.31 from pot
*** SUMMARY ***
Total pot $0.32 | Rake $0.01 | Jackpot $0 | Bingo $0 | Fortune $0 | Tax $0
Board [8h 7s 9s]
Seat 1: Hero folded on the Flop
Seat 2: 312fda2d folded before Flop (didn't bet)
Seat 3: ba3bb9ae folded before Flop (didn't bet)
Seat 4: 75684f92 (button) won ($0.31)
Seat 5: 6e203b6 (small blind) folded before Flop
Seat 6: 64f3c94b (big blind) folded on the Flop


Poker Hand #HD1711222479: Hold'em No Limit ($0.02/$0.05) - 2024/04/01 20:50:56
Table 'NLHBlue105' 6-max Seat #3 is the button
Seat 1: Hero ($5.94 in chips)
Seat 2: 312fda2d ($5 in chips)
Seat 3: ba3bb9ae ($5.95 in chips)
Seat 4: 75684f92 ($11.79 in chips)
Seat 5: 6e203b6 ($5 in chips)
Seat 6: 64f3c94b ($8.37 in chips)
75684f92: posts small blind $0.02
6e203b6: posts big blind $0.05
*** HOLE CARDS ***
Dealt to Hero [Qc 5s]
Dealt to 312fda2d 
Dealt to ba3bb9ae 
Dealt to 75684f92 
Dealt to 6e203b6 
Dealt to 64f3c94b 
64f3c94b: folds
Hero: folds
312fda2d: folds
ba3bb9ae: folds
75684f92: raises $0.05 to $0.1
6e203b6: folds
Uncalled bet ($0.05) returned to 75684f92
*** SHOWDOWN ***
75684f92 collected $0.1 from pot
*** SUMMARY ***
Total pot $0.1 | Rake $0 | Jackpot $0 | Bingo $0 | Fortune $0 | Tax $0
Seat 1: Hero folded before Flop (didn't bet)
Seat 2: 312fda2d folded before Flop (didn't bet)
Seat 3: ba3bb9ae (button) folded before Flop (didn't bet)
Seat 4: 75684f92 (small blind) collected ($0.1)
Seat 5: 6e203b6 (big blind) folded before Flop
Seat 6: 64f3c94b folded before Flop (didn't bet)


Poker Hand #HD1711222420: Hold'em No Limit ($0.02/$0.05) - 2024/04/01 20:50:29
Table 'NLHBlue105' 6-max Seat #2 is the button
Seat 1: Hero ($5.94 in chips)
Seat 2: 312fda2d ($5 in chips)
Seat 3: ba3bb9ae ($5.9 in chips)
Seat 4: 75684f92 ($11.84 in chips)
Seat 5: 6e203b6 ($5 in chips)
Seat 6: 64f3c94b ($8.37 in chips)
ba3bb9ae: posts small blind $0.02
75684f92: posts big blind $0.05
*** HOLE CARDS ***
Dealt to Hero [9d 7d]
Dealt to 312fda2d 
Dealt to ba3bb9ae 
Dealt to 75684f92 
Dealt to 6e203b6 
Dealt to 64f3c94b 
6e203b6: folds
64f3c94b: folds
Hero: folds
312fda2d: folds
ba3bb9ae: calls $0.03
75684f92: checks
*** FLOP *** [2s 2c Qs]
ba3bb9ae: bets $0.1
75684f92: folds
Uncalled bet ($0.1) returned to ba3bb9ae
*** SHOWDOWN ***
ba3bb9ae collected $0.1 from pot
*** SUMMARY ***
Total pot $0.1 | Rake $0 | Jackpot $0 | Bingo $0 | Fortune $0 | Tax $0
Board [2s 2c Qs]
Seat 1: Hero folded before Flop (didn't bet)
Seat 2: 312fda2d (button) folded before Flop (didn't bet)
Seat 3: ba3bb9ae (small blind) won ($0.1)
Seat 4: 75684f92 (big blind) folded on the Flop
Seat 5: 6e203b6 folded before Flop (didn't bet)
Seat 6: 64f3c94b folded before Flop (didn't bet)


Poker Hand #HD1711222384: Hold'em No Limit ($0.02/$0.05) - 2024/04/01 20:50:10
Table 'NLHBlue105' 6-max Seat #1 is the button
Seat 1: Hero ($5.94 in chips)
Seat 2: 312fda2d ($5 in chips)
Seat 3: ba3bb9ae ($5.88 in chips)
Seat 4: 75684f92 ($11.84 in chips)
Seat 5: 6e203b6 ($5 in chips)
Seat 6: 64f3c94b ($8.37 in chips)
312fda2d: posts small blind $0.02
ba3bb9ae: posts big blind $0.05
*** HOLE CARDS ***
Dealt to Hero [4s Ks]
Dealt to 312fda2d 
Dealt to ba3bb9ae 
Dealt to 75684f92 
Dealt to 6e203b6 
Dealt to 64f3c94b 
75684f92: folds
6e203b6: folds
64f3c94b: folds
Hero: folds
312fda2d: folds
Uncalled bet ($0.03) returned to ba3bb9ae
*** SHOWDOWN ***
ba3bb9ae collected $0.04 from pot
*** SUMMARY ***
Total pot $0.04 | Rake $0 | Jackpot $0 | Bingo $0 | Fortune $0 | Tax $0
Seat 1: Hero (button) folded before Flop (didn't bet)
Seat 2: 312fda2d (small blind) folded before Flop
Seat 3: ba3bb9ae (big blind) collected ($0.04)
Seat 4: 75684f92 folded before Flop (didn't bet)
Seat 5: 6e203b6 folded before Flop (didn't bet)
Seat 6: 64f3c94b folded before Flop (didn't bet)


Poker Hand #HD1711222297: Hold'em No Limit ($0.02/$0.05) - 2024/04/01 20:49:29
Table 'NLHBlue105' 6-max Seat #6 is the button
Seat 1: Hero ($5.96 in chips)
Seat 2: 312fda2d ($5.19 in chips)
Seat 3: ba3bb9ae ($5.58 in chips)
Seat 4: 75684f92 ($11.84 in chips)
Seat 5: 6e203b6 ($5 in chips)
Seat 6: 64f3c94b ($8.37 in chips)
Hero: posts small blind $0.02
312fda2d: posts big blind $0.05
*** HOLE CARDS ***
Dealt to Hero [2d 9h]
Dealt to 312fda2d 
Dealt to ba3bb9ae 
Dealt to 75684f92 
Dealt to 6e203b6 
Dealt to 64f3c94b 
ba3bb9ae: raises $0.1 to $0.15
75684f92: folds
6e203b6: folds
64f3c94b: folds
Hero: folds
312fda2d: calls $0.1
*** FLOP *** [Kc Th 3s]
312fda2d: checks
ba3bb9ae: bets $0.16
312fda2d: calls $0.16
*** TURN *** [Kc Th 3s] [7s]
312fda2d: checks
ba3bb9ae: bets $0.64
312fda2d: folds
Uncalled bet ($0.64) returned to ba3bb9ae
*** SHOWDOWN ***
ba3bb9ae collected $0.61 from pot
*** SUMMARY ***
Total pot $0.64 | Rake $0.03 | Jackpot $0 | Bingo $0 | Fortune $0 | Tax $0
Board [Kc Th 3s 7s]
Seat 1: Hero (small blind) folded before Flop
Seat 2: 312fda2d (big blind) folded on the Turn
Seat 3: ba3bb9ae won ($0.61)
Seat 4: 75684f92 folded before Flop (didn't bet)
Seat 5: 6e203b6 folded before Flop (didn't bet)
Seat 6: 64f3c94b (button) folded before Flop (didn't bet)


Poker Hand #HD1711222182: Hold'em No Limit ($0.02/$0.05) - 2024/04/01 20:48:41
Table 'NLHBlue105' 6-max Seat #5 is the button
Seat 1: Hero ($5.83 in chips)
Seat 2: 312fda2d ($5.19 in chips)
Seat 3: ba3bb9ae ($5.58 in chips)
Seat 4: 75684f92 ($11.84 in chips)
Seat 5: 6e203b6 ($5 in chips)
Seat 6: 64f3c94b ($8.39 in chips)
64f3c94b: posts small blind $0.02
Hero: posts big blind $0.05
*** HOLE CARDS ***
Dealt to Hero [Ts 6s]
Dealt to 312fda2d 
Dealt to ba3bb9ae 
Dealt to 75684f92 
Dealt to 6e203b6 
Dealt to 64f3c94b 
312fda2d: folds
ba3bb9ae: folds
75684f92: folds
6e203b6: raises $0.07 to $0.12
64f3c94b: folds
Hero: calls $0.07
*** FLOP *** [3h Qs Td]
Hero: checks
6e203b6: checks
*** TURN *** [3h Qs Td] [Qh]
Hero: checks
6e203b6: checks
*** RIVER *** [3h Qs Td Qh] [6h]
Hero: checks
6e203b6: checks
Hero: shows [Ts 6s] (Pair of Queens and Pair of Tens)
6e203b6: shows [6d 7d] (Pair of Queens and Pair of Sixes)
*** SHOWDOWN ***
Hero collected $0.25 from pot
*** SUMMARY ***
Total pot $0.26 | Rake $0.01 | Jackpot $0 | Bingo $0 | Fortune $0 | Tax $0
Board [3h Qs Td Qh 6h]
Seat 1: Hero (big blind) showed [Ts 6s] and won ($0.25) with Pair of Queens and Pair of Tens
Seat 2: 312fda2d folded before Flop (didn't bet)
Seat 3: ba3bb9ae folded before Flop (didn't bet)
Seat 4: 75684f92 folded before Flop (didn't bet)
Seat 5: 6e203b6 (button) showed [6d 7d] and lost with Pair of Queens and Pair of Sixes
Seat 6: 64f3c94b (small blind) folded before Flop


Poker Hand #HD1711222102: Hold'em No Limit ($0.02/$0.05) - 2024/04/01 20:48:04
Table 'NLHBlue105' 6-max Seat #4 is the button
Seat 1: Hero ($5.83 in chips)
Seat 2: 312fda2d ($5.19 in chips)
Seat 3: ba3bb9ae ($5.58 in chips)
Seat 4: 75684f92 ($12.02 in chips)
Seat 5: 6e203b6 ($5 in chips)
Seat 6: 64f3c94b ($8.2 in chips)
6e203b6: posts small blind $0.02
64f3c94b: posts big blind $0.05
*** HOLE CARDS ***
Dealt to Hero [5s Kd]
Dealt to 312fda2d 
Dealt to ba3bb9ae 
Dealt to 75684f92 
Dealt to 6e203b6 
Dealt to 64f3c94b 
Hero: folds
312fda2d: folds
ba3bb9ae: folds
75684f92: raises $0.05 to $0.1
6e203b6: folds
64f3c94b: calls $0.05
*** FLOP *** [9s Jd 8c]
64f3c94b: checks
75684f92: bets $0.08
64f3c94b: calls $0.08
*** TURN *** [9s Jd 8c] [2c]
64f3c94b: checks
75684f92: checks
*** RIVER *** [9s Jd 8c 2c] [5c]
64f3c94b: bets $0.29
75684f92: folds
Uncalled bet ($0.29) returned to 64f3c94b
*** SHOWDOWN ***
64f3c94b collected $0.37 from pot
*** SUMMARY ***
Total pot $0.38 | Rake $0.01 | Jackpot $0 | Bingo $0 | Fortune $0 | Tax $0
Board [9s Jd 8c 2c 5c]
Seat 1: Hero folded before Flop (didn't bet)
Seat 2: 312fda2d folded before Flop (didn't bet)
Seat 3: ba3bb9ae folded before Flop (didn't bet)
Seat 4: 75684f92 (button) folded on the River
Seat 5: 6e203b6 (small blind) folded before Flop
Seat 6: 64f3c94b (big blind) won ($0.37)


Poker Hand #HD1711222046: Hold'em No Limit ($0.02/$0.05) - 2024/04/01 20:47:35
Table 'NLHBlue105' 6-max Seat #3 is the button
Seat 1: Hero ($5.83 in chips)
Seat 2: 312fda2d ($5.19 in chips)
Seat 3: ba3bb9ae ($5.58 in chips)
Seat 4: 75684f92 ($11.97 in chips)
Seat 5: 6e203b6 ($5 in chips)
Seat 6: 64f3c94b ($8.2 in chips)
75684f92: posts small blind $0.02
6e203b6: posts big blind $0.05
*** HOLE CARDS ***
Dealt to Hero [Td Jh]
Dealt to 312fda2d 
Dealt to ba3bb9ae 
Dealt to 75684f92 
Dealt to 6e203b6 
Dealt to 64f3c94b 
64f3c94b: folds
Hero: folds
312fda2d: folds
ba3bb9ae: folds
75684f92: calls $0.03
6e203b6: checks
*** FLOP *** [5c 5d 3c]
75684f92: checks
6e203b6: checks
*** TURN *** [5c 5d 3c] [7s]
75684f92: bets $0.05
6e203b6: folds
Uncalled bet ($0.05) returned to 75684f92
*** SHOWDOWN ***
75684f92 collected $0.1 from pot
*** SUMMARY ***
Total pot $0.1 | Rake $0 | Jackpot $0 | Bingo $0 | Fortune $0 | Tax $0
Board [5c 5d 3c 7s]
Seat 1: Hero folded before Flop (didn't bet)
Seat 2: 312fda2d folded before Flop (didn't bet)
Seat 3: ba3bb9ae (button) folded before Flop (didn't bet)
Seat 4: 75684f92 (small blind) won ($0.1)
Seat 5: 6e203b6 (big blind) folded on the Turn
Seat 6: 64f3c94b folded before Flop (didn't bet)


Poker Hand #HD1711221996: Hold'em No Limit ($0.02/$0.05) - 2024/04/01 20:47:10
Table 'NLHBlue105' 6-max Seat #2 is the button
Seat 1: Hero ($5.83 in chips)
Seat 2: 312fda2d ($5 in chips)
Seat 3: ba3bb9ae ($5.6 in chips)
Seat 4: 75684f92 ($12.02 in chips)
Seat 5: 6e203b6 ($5 in chips)
Seat 6: 64f3c94b ($8.33 in chips)
ba3bb9ae: posts small blind $0.02
75684f92: posts big blind $0.05
*** HOLE CARDS ***
Dealt to Hero [Ks 9c]
Dealt to 312fda2d 
Dealt to ba3bb9ae 
Dealt to 75684f92 
Dealt to 6e203b6 
Dealt to 64f3c94b 
6e203b6: folds
64f3c94b: raises $0.08 to $0.13
Hero: folds
312fda2d: raises $0.25 to $0.38
ba3bb9ae: folds
75684f92: folds
64f3c94b: folds
Uncalled bet ($0.25) returned to 312fda2d
*** SHOWDOWN ***
312fda2d collected $0.32 from pot
*** SUMMARY ***
Total pot $0.33 | Rake $0.01 | Jackpot $0 | Bingo $0 | Fortune $0 | Tax $0
Seat 1: Hero folded before Flop (didn't bet)
Seat 2: 312fda2d (button) collected ($0.32)
Seat 3: ba3bb9ae (small blind) folded before Flop
Seat 4: 75684f92 (big blind) folded before Flop
Seat 5: 6e203b6 folded before Flop (didn't bet)
Seat 6: 64f3c94b folded before Flop


Poker Hand #HD1711221782: Hold'em No Limit ($0.02/$0.05) - 2024/04/01 20:45:31
Table 'NLHBlue105' 6-max Seat #1 is the button
Seat 1: Hero ($5.83 in chips)
Seat 2: 312fda2d ($5 in chips)
Seat 3: ba3bb9ae ($5.65 in chips)
Seat 4: 75684f92 ($10.96 in chips)
Seat 5: 6e203b6 ($5.21 in chips)
Seat 6: 64f3c94b ($8.33 in chips)
312fda2d: posts small blind $0.02
ba3bb9ae: posts big blind $0.05
*** HOLE CARDS ***
Dealt to Hero [4h 2s]
Dealt to 312fda2d 
Dealt to ba3bb9ae 
Dealt to 75684f92 
Dealt to 6e203b6 
Dealt to 64f3c94b 
75684f92: raises $0.05 to $0.1
6e203b6: raises $0.25 to $0.35
64f3c94b: folds
Hero: folds
312fda2d: folds
ba3bb9ae: folds
75684f92: calls $0.25
*** FLOP *** [9s 6c 3h]
75684f92: checks
6e203b6: checks
*** TURN *** [9s 6c 3h] [Qs]
75684f92: bets $0.26
6e203b6: raises $0.54 to $0.8
75684f92: calls $0.54
*** RIVER *** [9s 6c 3h Qs] [8h]
75684f92: bets $1.78
6e203b6: folds
Uncalled bet ($1.78) returned to 75684f92
75684f92: shows [Tc Jd] (Queens-High Straight)
*** SHOWDOWN ***
75684f92 collected $2.21 from pot
*** SUMMARY ***
Total pot $2.37 | Rake $0.11 | Jackpot $0.05 | Bingo $0 | Fortune $0 | Tax $0
Board [9s 6c 3h Qs 8h]
Seat 1: Hero (button) folded before Flop (didn't bet)
Seat 2: 312fda2d (small blind) folded before Flop
Seat 3: ba3bb9ae (big blind) folded before Flop
Seat 4: 75684f92 showed [Tc Jd] and won ($2.21)
Seat 5: 6e203b6 folded on the River
Seat 6: 64f3c94b folded before Flop (didn't bet)


Poker Hand #HD1711221670: Hold'em No Limit ($0.02/$0.05) - 2024/04/01 20:44:40
Table 'NLHBlue105' 6-max Seat #6 is the button
Seat 1: Hero ($5.93 in chips)
Seat 2: 312fda2d ($5.17 in chips)
Seat 3: ba3bb9ae ($5 in chips)
Seat 4: 75684f92 ($11.26 in chips)
Seat 5: 6e203b6 ($5.21 in chips)
Seat 6: 64f3c94b ($8.33 in chips)
Hero: posts small blind $0.02
312fda2d: posts big blind $0.05
*** HOLE CARDS ***
Dealt to Hero [7s 7d]
Dealt to 312fda2d 
Dealt to ba3bb9ae 
Dealt to 75684f92 
Dealt to 6e203b6 
Dealt to 64f3c94b 
ba3bb9ae: raises $0.05 to $0.1
75684f92: calls $0.1
6e203b6: folds
64f3c94b: folds
Hero: calls $0.08
312fda2d: calls $0.05
*** FLOP *** [9h As Th]
Hero: checks
312fda2d: checks
ba3bb9ae: bets $0.2
75684f92: calls $0.2
Hero: folds
312fda2d: calls $0.2
*** TURN *** [9h As Th] [9s]
312fda2d: checks
ba3bb9ae: checks
75684f92: checks
*** RIVER *** [9h As Th 9s] [8h]
312fda2d: checks
ba3bb9ae: checks
75684f92: checks
312fda2d: shows [Kd Jd] (Pair of Nines)
ba3bb9ae: shows [Ts 8s] (Pair of Tens and Pair of Nines)
75684f92: shows [2s 2c] (Pair of Nines and Pair of Twos)
*** SHOWDOWN ***
ba3bb9ae collected $0.95 from pot
*** SUMMARY ***
Total pot $1 | Rake $0.05 | Jackpot $0 | Bingo $0 | Fortune $0 | Tax $0
Board [9h As Th 9s 8h]
Seat 1: Hero (small blind) folded on the Flop
Seat 2: 312fda2d (big blind) showed [Kd Jd] and lost with Pair of Nines
Seat 3: ba3bb9ae showed [Ts 8s] and won ($0.95) with Pair of Tens and Pair of Nines
Seat 4: 75684f92 showed [2s 2c] and lost with Pair of Nines and Pair of Twos
Seat 5: 6e203b6 folded before Flop (didn't bet)
Seat 6: 64f3c94b (button) folded before Flop (didn't bet)


Poker Hand #HD1711221614: Hold'em No Limit ($0.02/$0.05) - 2024/04/01 20:44:15
Table 'NLHBlue105' 6-max Seat #5 is the button
Seat 1: Hero ($5.98 in chips)
Seat 2: 312fda2d ($5.32 in chips)
Seat 3: ba3bb9ae ($5 in chips)
Seat 4: 75684f92 ($11.26 in chips)
Seat 5: 6e203b6 ($5 in chips)
Seat 6: 64f3c94b ($8.35 in chips)
64f3c94b: posts small blind $0.02
Hero: posts big blind $0.05
*** HOLE CARDS ***
Dealt to Hero [5c 6h]
Dealt to 312fda2d 
Dealt to ba3bb9ae 
Dealt to 75684f92 
Dealt to 6e203b6 
Dealt to 64f3c94b 
312fda2d: raises $0.1 to $0.15
ba3bb9ae: folds
75684f92: folds
6e203b6: raises $0.3 to $0.45
64f3c94b: folds
Hero: folds
312fda2d: folds
Uncalled bet ($0.3) returned to 6e203b6
*** SHOWDOWN ***
6e203b6 collected $0.36 from pot
*** SUMMARY ***
Total pot $0.37 | Rake $0.01 | Jackpot $0 | Bingo $0 | Fortune $0 | Tax $0
Seat 1: Hero (big blind) folded before Flop
Seat 2: 312fda2d folded before Flop
Seat 3: ba3bb9ae folded before Flop (didn't bet)
Seat 4: 75684f92 folded before Flop (didn't bet)
Seat 5: 6e203b6 (button) collected ($0.36)
Seat 6: 64f3c94b (small blind) folded before Flop


Poker Hand #HD1711221531: Hold'em No Limit ($0.02/$0.05) - 2024/04/01 20:43:36
Table 'NLHBlue105' 6-max Seat #4 is the button
Seat 1: Hero ($5.98 in chips)
Seat 2: 312fda2d ($5 in chips)
Seat 3: ba3bb9ae ($5 in chips)
Seat 4: 75684f92 ($11.54 in chips)
Seat 5: 6e203b6 ($5 in chips)
Seat 6: 64f3c94b ($8.4 in chips)
6e203b6: posts small blind $0.02
64f3c94b: posts big blind $0.05
*** HOLE CARDS ***
Dealt to Hero [Ac 5h]
Dealt to 312fda2d 
Dealt to ba3bb9ae 
Dealt to 75684f92 
Dealt to 6e203b6 
Dealt to 64f3c94b 
Hero: folds
312fda2d: raises $0.1 to $0.15
ba3bb9ae: folds
75684f92: calls $0.15
6e203b6: folds
64f3c94b: folds
*** FLOP *** [Ah 3d Kc]
312fda2d: checks
75684f92: checks
*** TURN *** [Ah 3d Kc] [Kd]
312fda2d: checks
75684f92: checks
*** RIVER *** [Ah 3d Kc Kd] [7c]
312fda2d: checks
75684f92: bets $0.13
312fda2d: calls $0.13
75684f92: shows [4s 3h] (Pair of Kings and Pair of Treys)
312fda2d: shows [8c 8d] (Pair of Kings and Pair of Eights)
*** SHOWDOWN ***
312fda2d collected $0.6 from pot
*** SUMMARY ***
Total pot $0.63 | Rake $0.03 | Jackpot $0 | Bingo $0 | Fortune $0 | Tax $0
Board [Ah 3d Kc Kd 7c]
Seat 1: Hero folded before Flop (didn't bet)
Seat 2: 312fda2d showed [8c 8d] and won ($0.6) with Pair of Kings and Pair of Eights
Seat 3: ba3bb9ae folded before Flop (didn't bet)
Seat 4: 75684f92 (button) showed [4s 3h] and lost with Pair of Kings and Pair of Treys
Seat 5: 6e203b6 (small blind) folded before Flop
Seat 6: 64f3c94b (big blind) folded before Flop


Poker Hand #HD1711221440: Hold'em No Limit ($0.02/$0.05) - 2024/04/01 20:42:53
Table 'NLHBlue105' 6-max Seat #3 is the button
Seat 1: Hero ($5.98 in chips)
Seat 2: 312fda2d ($5 in chips)
Seat 3: ba3bb9ae ($5 in chips)
Seat 4: 75684f92 ($11.19 in chips)
Seat 5: 6e203b6 ($5 in chips)
Seat 6: 64f3c94b ($8.4 in chips)
75684f92: posts small blind $0.02
6e203b6: posts big blind $0.05
*** HOLE CARDS ***
Dealt to Hero [4s 7d]
Dealt to 312fda2d 
Dealt to ba3bb9ae 
Dealt to 75684f92 
Dealt to 6e203b6 
Dealt to 64f3c94b 
64f3c94b: folds
Hero: folds
312fda2d: raises $0.1 to $0.15
ba3bb9ae: folds
75684f92: calls $0.13
6e203b6: folds
*** FLOP *** [6s Ac Ks]
75684f92: checks
312fda2d: bets $0.18
75684f92: calls $0.18
*** TURN *** [6s Ac Ks] [3c]
75684f92: checks
312fda2d: checks
*** RIVER *** [6s Ac Ks 3c] [Jd]
75684f92: bets $0.36
312fda2d: folds
Uncalled bet ($0.36) returned to 75684f92
*** SHOWDOWN ***
75684f92 collected $0.68 from pot
*** SUMMARY ***
Total pot $0.71 | Rake $0.03 | Jackpot $0 | Bingo $0 | Fortune $0 | Tax $0
Board [6s Ac Ks 3c Jd]
Seat 1: Hero folded before Flop (didn't bet)
Seat 2: 312fda2d folded on the River
Seat 3: ba3bb9ae (button) folded before Flop (didn't bet)
Seat 4: 75684f92 (small blind) won ($0.68)
Seat 5: 6e203b6 (big blind) folded before Flop
Seat 6: 64f3c94b folded before Flop (didn't bet)


Poker Hand #HD1711221367: Hold'em No Limit ($0.02/$0.05) - 2024/04/01 20:42:23
Table 'NLHBlue105' 6-max Seat #2 is the button
Seat 1: Hero ($5.98 in chips)
Seat 2: 312fda2d ($5 in chips)
Seat 3: ba3bb9ae ($5.02 in chips)
Seat 4: 75684f92 ($11.32 in chips)
Seat 5: 6e203b6 ($5 in chips)
Seat 6: 64f3c94b ($8.26 in chips)
ba3bb9ae: posts small blind $0.02
75684f92: posts big blind $0.05
*** HOLE CARDS ***
Dealt to Hero [Jh 6h]
Dealt to 312fda2d 
Dealt to ba3bb9ae 
Dealt to 75684f92 
Dealt to 6e203b6 
Dealt to 64f3c94b 
6e203b6: folds
64f3c94b: raises $0.08 to $0.13
Hero: folds
312fda2d: folds
ba3bb9ae: folds
75684f92: calls $0.08
*** FLOP *** [Jd 5d 9h]
75684f92: checks
64f3c94b: bets $0.21
75684f92: folds
Uncalled bet ($0.21) returned to 64f3c94b
*** SHOWDOWN ***
64f3c94b collected $0.27 from pot
*** SUMMARY ***
Total pot $0.28 | Rake $0.01 | Jackpot $0 | Bingo $0 | Fortune $0 | Tax $0
Board [Jd 5d 9h]
Seat 1: Hero folded before Flop (didn't bet)
Seat 2: 312fda2d (button) folded before Flop (didn't bet)
Seat 3: ba3bb9ae (small blind) folded before Flop
Seat 4: 75684f92 (big blind) folded on the Flop
Seat 5: 6e203b6 folded before Flop (didn't bet)
Seat 6: 64f3c94b won ($0.27)


Poker Hand #HD1711221315: Hold'em No Limit ($0.02/$0.05) - 2024/04/01 20:41:57
Table 'NLHBlue105' 6-max Seat #1 is the button
Seat 1: Hero ($5.98 in chips)
Seat 2: 312fda2d ($5.02 in chips)
Seat 3: ba3bb9ae ($5.07 in chips)
Seat 4: 75684f92 ($11.42 in chips)
Seat 5: 6e203b6 ($5 in chips)
Seat 6: 64f3c94b ($8.1 in chips)
312fda2d: posts small blind $0.02
ba3bb9ae: posts big blind $0.05
*** HOLE CARDS ***
Dealt to Hero [4c 6s]
Dealt to 312fda2d 
Dealt to ba3bb9ae 
Dealt to 75684f92 
Dealt to 6e203b6 
Dealt to 64f3c94b 
75684f92: raises $0.05 to $0.1
6e203b6: folds
64f3c94b: raises $0.3 to $0.4
Hero: folds
312fda2d: folds
ba3bb9ae: folds
75684f92: folds
Uncalled bet ($0.3) returned to 64f3c94b
*** SHOWDOWN ***
64f3c94b collected $0.26 from pot
*** SUMMARY ***
Total pot $0.27 | Rake $0.01 | Jackpot $0 | Bingo $0 | Fortune $0 | Tax $0
Seat 1: Hero (button) folded before Flop (didn't bet)
Seat 2: 312fda2d (small blind) folded before Flop
Seat 3: ba3bb9ae (big blind) folded before Flop
Seat 4: 75684f92 folded before Flop
Seat 5: 6e203b6 folded before Flop (didn't bet)
Seat 6: 64f3c94b collected ($0.26)


Poker Hand #HD1711221271: Hold'em No Limit ($0.02/$0.05) - 2024/04/01 20:41:38
Table 'NLHBlue105' 6-max Seat #6 is the button
Seat 1: Hero ($6 in chips)
Seat 2: 312fda2d ($5 in chips)
Seat 3: ba3bb9ae ($5.07 in chips)
Seat 4: 75684f92 ($11.42 in chips)
Seat 5: 6e203b6 ($5 in chips)
Seat 6: 64f3c94b ($8.1 in chips)
Hero: posts small blind $0.02
312fda2d: posts big blind $0.05
*** HOLE CARDS ***
Dealt to Hero [9c Qs]
Dealt to 312fda2d 
Dealt to ba3bb9ae 
Dealt to 75684f92 
Dealt to 6e203b6 
Dealt to 64f3c94b 
ba3bb9ae: folds
75684f92: folds
6e203b6: folds
64f3c94b: folds
Hero: folds
Uncalled bet ($0.03) returned to 312fda2d
*** SHOWDOWN ***
312fda2d collected $0.04 from pot
*** SUMMARY ***
Total pot $0.04 | Rake $0 | Jackpot $0 | Bingo $0 | Fortune $0 | Tax $0
Seat 1: Hero (small blind) folded before Flop
Seat 2: 312fda2d (big blind) collected ($0.04)
Seat 3: ba3bb9ae folded before Flop (didn't bet)
Seat 4: 75684f92 folded before Flop (didn't bet)
Seat 5: 6e203b6 folded before Flop (didn't bet)
Seat 6: 64f3c94b (button) folded before Flop (didn't bet)


Poker Hand #HD1711221242: Hold'em No Limit ($0.02/$0.05) - 2024/04/01 20:41:25
Table 'NLHBlue105' 6-max Seat #5 is the button
Seat 1: Hero ($6.05 in chips)
Seat 3: ba3bb9ae ($5 in chips)
Seat 4: 75684f92 ($11.42 in chips)
Seat 5: 6e203b6 ($5 in chips)
Seat 6: 64f3c94b ($8.12 in chips)
64f3c94b: posts small blind $0.02
Hero: posts big blind $0.05
*** HOLE CARDS ***
Dealt to Hero [Td 2s]
Dealt to ba3bb9ae 
Dealt to 75684f92 
Dealt to 6e203b6 
Dealt to 64f3c94b 
ba3bb9ae: raises $0.05 to $0.1
75684f92: folds
6e203b6: folds
64f3c94b: folds
Hero: folds
Uncalled bet ($0.05) returned to ba3bb9ae
*** SHOWDOWN ***
ba3bb9ae collected $0.12 from pot
*** SUMMARY ***
Total pot $0.12 | Rake $0 | Jackpot $0 | Bingo $0 | Fortune $0 | Tax $0
Seat 1: Hero (big blind) folded before Flop
Seat 3: ba3bb9ae collected ($0.12)
Seat 4: 75684f92 folded before Flop (didn't bet)
Seat 5: 6e203b6 (button) folded before Flop (didn't bet)
Seat 6: 64f3c94b (small blind) folded before Flop


Poker Hand #HD1711221187: Hold'em No Limit ($0.02/$0.05) - 2024/04/01 20:41:01
Table 'NLHBlue105' 6-max Seat #4 is the button
Seat 1: Hero ($5.89 in chips)
Seat 3: ba3bb9ae ($3.32 in chips)
Seat 4: 75684f92 ($11.52 in chips)
Seat 5: 6e203b6 ($5 in chips)
Seat 6: 64f3c94b ($8.17 in chips)
6e203b6: posts small blind $0.02
64f3c94b: posts big blind $0.05
*** HOLE CARDS ***
Dealt to Hero [Kh Qd]
Dealt to ba3bb9ae 
Dealt to 75684f92 
Dealt to 6e203b6 
Dealt to 64f3c94b 
Hero: raises $0.05 to $0.1
ba3bb9ae: folds
75684f92: calls $0.1
6e203b6: folds
64f3c94b: folds
*** FLOP *** [6h Kd 2h]
Hero: bets $0.15
75684f92: folds
Uncalled bet ($0.15) returned to Hero
*** SHOWDOWN ***
Hero collected $0.26 from pot
*** SUMMARY ***
Total pot $0.27 | Rake $0.01 | Jackpot $0 | Bingo $0 | Fortune $0 | Tax $0
Board [6h Kd 2h]
Seat 1: Hero won ($0.26)
Seat 3: ba3bb9ae folded before Flop (didn't bet)
Seat 4: 75684f92 (button) folded on the Flop
Seat 5: 6e203b6 (small blind) folded before Flop
Seat 6: 64f3c94b (big blind) folded before Flop


Poker Hand #HD1711221074: Hold'em No Limit ($0.02/$0.05) - 2024/04/01 20:40:05
Table 'NLHBlue105' 6-max Seat #3 is the button
Seat 1: Hero ($5.99 in chips)
Seat 3: ba3bb9ae ($5.49 in chips)
Seat 4: 75684f92 ($9.47 in chips)
Seat 5: 6e203b6 ($5 in chips)
Seat 6: 64f3c94b ($8.17 in chips)
75684f92: posts small blind $0.02
6e203b6: posts big blind $0.05
*** HOLE CARDS ***
Dealt to Hero [9s Ks]
Dealt to ba3bb9ae 
Dealt to 75684f92 
Dealt to 6e203b6 
Dealt to 64f3c94b 
64f3c94b: folds
Hero: raises $0.05 to $0.1
ba3bb9ae: calls $0.1
75684f92: raises $0.27 to $0.37
6e203b6: folds
Hero: folds
ba3bb9ae: calls $0.27
*** FLOP *** [Td Qc Ac]
75684f92: bets $0.45
ba3bb9ae: calls $0.45
*** TURN *** [Td Qc Ac] [8d]
75684f92: bets $1.35
ba3bb9ae: calls $1.35
*** RIVER *** [Td Qc Ac 8d] [As]
75684f92: bets $4.49
ba3bb9ae: folds
Uncalled bet ($4.49) returned to 75684f92
*** SHOWDOWN ***
75684f92 collected $4.22 from pot
*** SUMMARY ***
Total pot $4.49 | Rake $0.22 | Jackpot $0.05 | Bingo $0 | Fortune $0 | Tax $0
Board [Td Qc Ac 8d As]
Seat 1: Hero folded before Flop
Seat 3: ba3bb9ae (button) folded on the River
Seat 4: 75684f92 (small blind) won ($4.22)
Seat 5: 6e203b6 (big blind) folded before Flop
Seat 6: 64f3c94b folded before Flop (didn't bet)


Poker Hand #HD1711221013: Hold'em No Limit ($0.02/$0.05) - 2024/04/01 20:39:34
Table 'NLHBlue105' 6-max Seat #1 is the button
Seat 1: Hero ($5.99 in chips)
Seat 3: ba3bb9ae ($5.22 in chips)
Seat 4: 75684f92 ($9.52 in chips)
Seat 5: 6e203b6 ($5 in chips)
Seat 6: 64f3c94b ($8.41 in chips)
ba3bb9ae: posts small blind $0.02
75684f92: posts big blind $0.05
*** HOLE CARDS ***
Dealt to Hero [6c 5d]
Dealt to ba3bb9ae 
Dealt to 75684f92 
Dealt to 6e203b6 
Dealt to 64f3c94b 
6e203b6: folds
64f3c94b: raises $0.08 to $0.13
Hero: folds
ba3bb9ae: calls $0.11
75684f92: folds
*** FLOP *** [Qs Js 6s]
ba3bb9ae: checks
64f3c94b: bets $0.11
ba3bb9ae: raises $0.27 to $0.38
64f3c94b: folds
Uncalled bet ($0.27) returned to ba3bb9ae
*** SHOWDOWN ***
ba3bb9ae collected $0.51 from pot
*** SUMMARY ***
Total pot $0.53 | Rake $0.02 | Jackpot $0 | Bingo $0 | Fortune $0 | Tax $0
Board [Qs Js 6s]
Seat 1: Hero (button) folded before Flop (didn't bet)
Seat 3: ba3bb9ae (small blind) won ($0.51)
Seat 4: 75684f92 (big blind) folded before Flop
Seat 5: 6e203b6 folded before Flop (didn't bet)
Seat 6: 64f3c94b folded on the Flop


Poker Hand #HD1711220872: Hold'em No Limit ($0.02/$0.05) - 2024/04/01 20:38:25
Table 'NLHBlue105' 6-max Seat #6 is the button
Seat 1: Hero ($5.31 in chips)
Seat 3: ba3bb9ae ($5.27 in chips)
Seat 4: 75684f92 ($10.27 in chips)
Seat 5: 6e203b6 ($5 in chips)
Seat 6: 64f3c94b ($8.41 in chips)
Hero: posts small blind $0.02
ba3bb9ae: posts big blind $0.05
*** HOLE CARDS ***
Dealt to Hero [Qs Js]
Dealt to ba3bb9ae 
Dealt to 75684f92 
Dealt to 6e203b6 
Dealt to 64f3c94b 
75684f92: raises $0.05 to $0.1
6e203b6: folds
64f3c94b: folds
Hero: raises $0.3 to $0.4
ba3bb9ae: folds
75684f92: calls $0.3
*** FLOP *** [7s 6s Qd]
Hero: bets $0.35
75684f92: calls $0.35
*** TURN *** [7s 6s Qd] [Jc]
Hero: bets $0.85
75684f92: folds
Uncalled bet ($0.85) returned to Hero
*** SHOWDOWN ***
Hero collected $1.43 from pot
*** SUMMARY ***
Total pot $1.55 | Rake $0.07 | Jackpot $0.05 | Bingo $0 | Fortune $0 | Tax $0
Board [7s 6s Qd Jc]
Seat 1: Hero (small blind) won ($1.43)
Seat 3: ba3bb9ae (big blind) folded before Flop
Seat 4: 75684f92 folded on the Turn
Seat 5: 6e203b6 folded before Flop (didn't bet)
Seat 6: 64f3c94b (button) folded before Flop (didn't bet)


Poker Hand #HD1711220848: Hold'em No Limit ($0.02/$0.05) - 2024/04/01 20:38:11
Table 'NLHBlue105' 6-max Seat #5 is the button
Seat 1: Hero ($5.29 in chips)
Seat 2: d5d2ab3a ($5 in chips)
Seat 3: ba3bb9ae ($5.27 in chips)
Seat 4: 75684f92 ($10.27 in chips)
Seat 5: 6e203b6 ($5 in chips)
Seat 6: 64f3c94b ($8.43 in chips)
64f3c94b: posts small blind $0.02
Hero: posts big blind $0.05
*** HOLE CARDS ***
Dealt to Hero [Kc 9c]
Dealt to d5d2ab3a 
Dealt to ba3bb9ae 
Dealt to 75684f92 
Dealt to 6e203b6 
Dealt to 64f3c94b 
d5d2ab3a: folds
ba3bb9ae: folds
75684f92: folds
6e203b6: folds
64f3c94b: folds
Uncalled bet ($0.03) returned to Hero
*** SHOWDOWN ***
Hero collected $0.04 from pot
*** SUMMARY ***
Total pot $0.04 | Rake $0 | Jackpot $0 | Bingo $0 | Fortune $0 | Tax $0
Seat 1: Hero (big blind) collected ($0.04)
Seat 2: d5d2ab3a folded before Flop (didn't bet)
Seat 3: ba3bb9ae folded before Flop (didn't bet)
Seat 4: 75684f92 folded before Flop (didn't bet)
Seat 5: 6e203b6 (button) folded before Flop (didn't bet)
Seat 6: 64f3c94b (small blind) folded before Flop


Poker Hand #HD1711220811: Hold'em No Limit ($0.02/$0.05) - 2024/04/01 20:37:57
Table 'NLHBlue105' 6-max Seat #4 is the button
Seat 1: Hero ($5.29 in chips)
Seat 2: d5d2ab3a ($5 in chips)
Seat 3: ba3bb9ae ($5.27 in chips)
Seat 4: 75684f92 ($10.27 in chips)
Seat 5: 6e203b6 ($5.01 in chips)
Seat 6: 64f3c94b ($8.41 in chips)
6e203b6: posts small blind $0.02
64f3c94b: posts big blind $0.05
*** HOLE CARDS ***
Dealt to Hero [2c 3c]
Dealt to d5d2ab3a 
Dealt to ba3bb9ae 
Dealt to 75684f92 
Dealt to 6e203b6 
Dealt to 64f3c94b 
Hero: folds
d5d2ab3a: folds
ba3bb9ae: folds
75684f92: folds
6e203b6: folds
Uncalled bet ($0.03) returned to 64f3c94b
*** SHOWDOWN ***
64f3c94b collected $0.04 from pot
*** SUMMARY ***
Total pot $0.04 | Rake $0 | Jackpot $0 | Bingo $0 | Fortune $0 | Tax $0
Seat 1: Hero folded before Flop (didn't bet)
Seat 2: d5d2ab3a folded before Flop (didn't bet)
Seat 3: ba3bb9ae folded before Flop (didn't bet)
Seat 4: 75684f92 (button) folded before Flop (didn't bet)
Seat 5: 6e203b6 (small blind) folded before Flop
Seat 6: 64f3c94b (big blind) collected ($0.04)


Poker Hand #HD1711220759: Hold'em No Limit ($0.02/$0.05) - 2024/04/01 20:37:30
Table 'NLHBlue105' 6-max Seat #3 is the button
Seat 1: Hero ($5.29 in chips)
Seat 2: d5d2ab3a ($5 in chips)
Seat 3: ba3bb9ae ($5.37 in chips)
Seat 4: 75684f92 ($10.13 in chips)
Seat 5: 6e203b6 ($5.06 in chips)
Seat 6: 64f3c94b ($8.41 in chips)
75684f92: posts small blind $0.02
6e203b6: posts big blind $0.05
*** HOLE CARDS ***
Dealt to Hero [6h Kc]
Dealt to d5d2ab3a 
Dealt to ba3bb9ae 
Dealt to 75684f92 
Dealt to 6e203b6 
Dealt to 64f3c94b 
64f3c94b: folds
Hero: folds
d5d2ab3a: folds
ba3bb9ae: raises $0.05 to $0.1
75684f92: calls $0.08
6e203b6: folds
*** FLOP *** [Tc Js 5d]
75684f92: checks
ba3bb9ae: checks
*** TURN *** [Tc Js 5d] [9s]
75684f92: bets $0.09
ba3bb9ae: folds
Uncalled bet ($0.09) returned to 75684f92
*** SHOWDOWN ***
75684f92 collected $0.24 from pot
*** SUMMARY ***
Total pot $0.25 | Rake $0.01 | Jackpot $0 | Bingo $0 | Fortune $0 | Tax $0
Board [Tc Js 5d 9s]
Seat 1: Hero folded before Flop (didn't bet)
Seat 2: d5d2ab3a folded before Flop (didn't bet)
Seat 3: ba3bb9ae (button) folded on the Turn
Seat 4: 75684f92 (small blind) won ($0.24)
Seat 5: 6e203b6 (big blind) folded before Flop
Seat 6: 64f3c94b folded before Flop (didn't bet)


Poker Hand #HD1711220711: Hold'em No Limit ($0.02/$0.05) - 2024/04/01 20:37:08
Table 'NLHBlue105' 6-max Seat #2 is the button
Seat 1: Hero ($5.42 in chips)
Seat 2: d5d2ab3a ($5 in chips)
Seat 3: ba3bb9ae ($5.2 in chips)
Seat 4: 75684f92 ($10.18 in chips)
Seat 5: 6e203b6 ($5.06 in chips)
Seat 6: 64f3c94b ($8.41 in chips)
ba3bb9ae: posts small blind $0.02
75684f92: posts big blind $0.05
*** HOLE CARDS ***
Dealt to Hero [Tc Kd]
Dealt to d5d2ab3a 
Dealt to ba3bb9ae 
Dealt to 75684f92 
Dealt to 6e203b6 
Dealt to 64f3c94b 
6e203b6: folds
64f3c94b: folds
Hero: raises $0.08 to $0.13
d5d2ab3a: folds
ba3bb9ae: raises $0.31 to $0.44
75684f92: folds
Hero: folds
Uncalled bet ($0.31) returned to ba3bb9ae
*** SHOWDOWN ***
ba3bb9ae collected $0.3 from pot
*** SUMMARY ***
Total pot $0.31 | Rake $0.01 | Jackpot $0 | Bingo $0 | Fortune $0 | Tax $0
Seat 1: Hero folded before Flop
Seat 2: d5d2ab3a (button) folded before Flop (didn't bet)
Seat 3: ba3bb9ae (small blind) collected ($0.3)
Seat 4: 75684f92 (big blind) folded before Flop
Seat 5: 6e203b6 folded before Flop (didn't bet)
Seat 6: 64f3c94b folded before Flop (didn't bet)


Poker Hand #HD1711220632: Hold'em No Limit ($0.02/$0.05) - 2024/04/01 20:36:33
Table 'NLHBlue105' 6-max Seat #1 is the button
Seat 1: Hero ($5 in chips)
Seat 2: d5d2ab3a ($5 in chips)
Seat 3: ba3bb9ae ($5.25 in chips)
Seat 4: 75684f92 ($10.18 in chips)
Seat 5: 6e203b6 ($5.06 in chips)
Seat 6: 64f3c94b ($8.41 in chips)
d5d2ab3a: posts small blind $0.02
ba3bb9ae: posts big blind $0.05
*** HOLE CARDS ***
Dealt to Hero [Qd Qs]
Dealt to d5d2ab3a 
Dealt to ba3bb9ae 
Dealt to 75684f92 
Dealt to 6e203b6 
Dealt to 64f3c94b 
75684f92: folds
6e203b6: folds
64f3c94b: folds
Hero: raises $0.08 to $0.13
d5d2ab3a: raises $0.28 to $0.41
ba3bb9ae: folds
Hero: raises $0.69 to $1.1
d5d2ab3a: folds
Uncalled bet ($0.69) returned to Hero
*** SHOWDOWN ***
Hero collected $0.83 from pot
*** SUMMARY ***
Total pot $0.87 | Rake $0.04 | Jackpot $0 | Bingo $0 | Fortune $0 | Tax $0
Seat 1: Hero (button) collected ($0.83)
Seat 2: d5d2ab3a (small blind) folded before Flop
Seat 3: ba3bb9ae (big blind) folded before Flop
Seat 4: 75684f92 folded before Flop (didn't bet)
Seat 5: 6e203b6 folded before Flop (didn't bet)
Seat 6: 64f3c94b folded before Flop (didn't bet)


Poker Hand #HD1711220488: Hold'em No Limit ($0.02/$0.05) - 2024/04/01 20:35:26
Table 'NLHBlue105' 6-max Seat #6 is the button
Seat 1: Hero ($5 in chips)
Seat 2: d5d2ab3a ($5 in chips)
Seat 3: ba3bb9ae ($5.25 in chips)
Seat 4: 75684f92 ($10.28 in chips)
Seat 5: 6e203b6 ($5.06 in chips)
Seat 6: 64f3c94b ($7.23 in chips)
Hero: posts small blind $0.02
d5d2ab3a: posts big blind $0.05
*** HOLE CARDS ***
Dealt to Hero [Qh Qd]
Dealt to d5d2ab3a 
Dealt to ba3bb9ae 
Dealt to 75684f92 
Dealt to 6e203b6 
Dealt to 64f3c94b 
ba3bb9ae: folds
75684f92: raises $0.05 to $0.1
6e203b6: folds
64f3c94b: raises $0.35 to $0.45
Hero: raises $0.75 to $1.2
d5d2ab3a: folds
75684f92: folds
64f3c94b: calls $0.75
*** FLOP *** [4c 3s Ks]
Hero: checks
64f3c94b: bets $3.82
Hero: folds
Uncalled bet ($3.82) returned to 64f3c94b
*** SHOWDOWN ***
64f3c94b collected $2.38 from pot
*** SUMMARY ***
Total pot $2.55 | Rake $0.12 | Jackpot $0.05 | Bingo $0 | Fortune $0 | Tax $0
Board [4c 3s Ks]
Seat 1: Hero (small blind) folded on the Flop
Seat 2: d5d2ab3a (big blind) folded before Flop
Seat 3: ba3bb9ae folded before Flop (didn't bet)
Seat 4: 75684f92 folded before Flop
Seat 5: 6e203b6 folded before Flop (didn't bet)
Seat 6: 64f3c94b (button) won ($2.38)


Poker Hand #HD1711220375: Hold'em No Limit ($0.02/$0.05) - 2024/04/01 20:34:36
Table 'NLHBlue105' 6-max Seat #5 is the button
Seat 1: Hero ($5.47 in chips)
Seat 2: d5d2ab3a ($5 in chips)
Seat 3: ba3bb9ae ($4.8 in chips)
Seat 4: 75684f92 ($10.28 in chips)
Seat 5: 6e203b6 ($5.06 in chips)
Seat 6: 64f3c94b ($7.25 in chips)
64f3c94b: posts small blind $0.02
Hero: posts big blind $0.05
*** HOLE CARDS ***
Dealt to Hero [Qs Th]
Dealt to d5d2ab3a 
Dealt to ba3bb9ae 
Dealt to 75684f92 
Dealt to 6e203b6 
Dealt to 64f3c94b 
d5d2ab3a: folds
ba3bb9ae: raises $0.05 to $0.1
75684f92: folds
6e203b6: folds
64f3c94b: folds
Hero: calls $0.05
*** FLOP *** [Qh 7c 6c]
Hero: checks
ba3bb9ae: bets $0.08
Hero: calls $0.08
*** TURN *** [Qh 7c 6c] [8h]
Hero: checks
ba3bb9ae: bets $0.29
Hero: calls $0.29
*** RIVER *** [Qh 7c 6c 8h] [3s]
Hero: checks
ba3bb9ae: bets $0.72
Hero: folds
Uncalled bet ($0.72) returned to ba3bb9ae
*** SHOWDOWN ***
ba3bb9ae collected $0.92 from pot
*** SUMMARY ***
Total pot $0.96 | Rake $0.04 | Jackpot $0 | Bingo $0 | Fortune $0 | Tax $0
Board [Qh 7c 6c 8h 3s]
Seat 1: Hero (big blind) folded on the River
Seat 2: d5d2ab3a folded before Flop (didn't bet)
Seat 3: ba3bb9ae won ($0.92)
Seat 4: 75684f92 folded before Flop (didn't bet)
Seat 5: 6e203b6 (button) folded before Flop (didn't bet)
Seat 6: 64f3c94b (small blind) folded before Flop


Poker Hand #HD1711220209: Hold'em No Limit ($0.02/$0.05) - 2024/04/01 20:33:12
Table 'NLHBlue105' 6-max Seat #4 is the button
Seat 1: Hero ($5.47 in chips)
Seat 2: d5d2ab3a ($5 in chips)
Seat 3: ba3bb9ae ($4.8 in chips)
Seat 4: 75684f92 ($12.04 in chips)
Seat 5: 6e203b6 ($5.08 in chips)
Seat 6: 64f3c94b ($5.55 in chips)
6e203b6: posts small blind $0.02
64f3c94b: posts big blind $0.05
*** HOLE CARDS ***
Dealt to Hero [Ah 7d]
Dealt to d5d2ab3a 
Dealt to ba3bb9ae 
Dealt to 75684f92 
Dealt to 6e203b6 
Dealt to 64f3c94b 
Hero: folds
d5d2ab3a: raises $0.1 to $0.15
ba3bb9ae: folds
75684f92: calls $0.15
6e203b6: folds
64f3c94b: calls $0.1
*** FLOP *** [Jc 7c 9d]
64f3c94b: checks
d5d2ab3a: checks
75684f92: checks
*** TURN *** [Jc 7c 9d] [Jd]
64f3c94b: checks
d5d2ab3a: checks
75684f92: bets $0.16
64f3c94b: raises $0.34 to $0.5
d5d2ab3a: folds
75684f92: calls $0.34
*** RIVER *** [Jc 7c 9d Jd] [3d]
64f3c94b: bets $1.11
75684f92: calls $1.11
64f3c94b: shows [8c Js] (Three Jacks)
75684f92: shows [9c Qs] (Pair of Jacks and Pair of Nines)
*** SHOWDOWN ***
64f3c94b collected $3.46 from pot
*** SUMMARY ***
Total pot $3.69 | Rake $0.18 | Jackpot $0.05 | Bingo $0 | Fortune $0 | Tax $0
Board [Jc 7c 9d Jd 3d]
Seat 1: Hero folded before Flop (didn't bet)
Seat 2: d5d2ab3a folded on the Turn
Seat 3: ba3bb9ae folded before Flop (didn't bet)
Seat 4: 75684f92 (button) showed [9c Qs] and lost with Pair of Jacks and Pair of Nines
Seat 5: 6e203b6 (small blind) folded before Flop
Seat 6: 64f3c94b (big blind) showed [8c Js] and won ($3.46) with Three Jacks


Poker Hand #HD1711220150: Hold'em No Limit ($0.02/$0.05) - 2024/04/01 20:32:44
Table 'NLHBlue105' 6-max Seat #3 is the button
Seat 1: Hero ($5.47 in chips)
Seat 2: d5d2ab3a ($5 in chips)
Seat 3: ba3bb9ae ($4.59 in chips)
Seat 4: 75684f92 ($12.06 in chips)
Seat 5: 6e203b6 ($5.13 in chips)
Seat 6: 64f3c94b ($5.55 in chips)
75684f92: posts small blind $0.02
6e203b6: posts big blind $0.05
*** HOLE CARDS ***
Dealt to Hero [9d 3h]
Dealt to d5d2ab3a 
Dealt to ba3bb9ae 
Dealt to 75684f92 
Dealt to 6e203b6 
Dealt to 64f3c94b 
64f3c94b: folds
Hero: folds
d5d2ab3a: raises $0.1 to $0.15
ba3bb9ae: raises $0.37 to $0.52
75684f92: folds
6e203b6: folds
d5d2ab3a: folds
Uncalled bet ($0.37) returned to ba3bb9ae
*** SHOWDOWN ***
ba3bb9ae collected $0.36 from pot
*** SUMMARY ***
Total pot $0.37 | Rake $0.01 | Jackpot $0 | Bingo $0 | Fortune $0 | Tax $0
Seat 1: Hero folded before Flop (didn't bet)
Seat 2: d5d2ab3a folded before Flop
Seat 3: ba3bb9ae (button) collected ($0.36)
Seat 4: 75684f92 (small blind) folded before Flop
Seat 5: 6e203b6 (big blind) folded before Flop
Seat 6: 64f3c94b folded before Flop (didn't bet)


Poker Hand #HD1711220063: Hold'em No Limit ($0.02/$0.05) - 2024/04/01 20:32:03
Table 'NLHBlue105' 6-max Seat #2 is the button
Seat 1: Hero ($5.47 in chips)
Seat 2: d5d2ab3a ($5 in chips)
Seat 3: ba3bb9ae ($4.61 in chips)
Seat 4: 75684f92 ($12.64 in chips)
Seat 5: 6e203b6 ($5.13 in chips)
Seat 6: 64f3c94b ($5 in chips)
ba3bb9ae: posts small blind $0.02
75684f92: posts big blind $0.05
*** HOLE CARDS ***
Dealt to Hero [Ac 4d]
Dealt to d5d2ab3a 
Dealt to ba3bb9ae 
Dealt to 75684f92 
Dealt to 6e203b6 
Dealt to 64f3c94b 
6e203b6: folds
64f3c94b: raises $0.08 to $0.13
Hero: folds
d5d2ab3a: folds
ba3bb9ae: folds
75684f92: raises $0.21 to $0.34
64f3c94b: calls $0.21
*** FLOP *** [5h Kc Qs]
75684f92: checks
64f3c94b: checks
*** TURN *** [5h Kc Qs] [3c]
75684f92: bets $0.24
64f3c94b: calls $0.24
*** RIVER *** [5h Kc Qs 3c] [5s]
75684f92: checks
64f3c94b: bets $0.39
75684f92: folds
Uncalled bet ($0.39) returned to 64f3c94b
*** SHOWDOWN ***
64f3c94b collected $1.13 from pot
*** SUMMARY ***
Total pot $1.18 | Rake $0.05 | Jackpot $0 | Bingo $0 | Fortune $0 | Tax $0
Board [5h Kc Qs 3c 5s]
Seat 1: Hero folded before Flop (didn't bet)
Seat 2: d5d2ab3a (button) folded before Flop (didn't bet)
Seat 3: ba3bb9ae (small blind) folded before Flop
Seat 4: 75684f92 (big blind) folded on the River
Seat 5: 6e203b6 folded before Flop (didn't bet)
Seat 6: 64f3c94b won ($1.13)


Poker Hand #HD1711219940: Hold'em No Limit ($0.02/$0.05) - 2024/04/01 20:31:06
Table 'NLHBlue105' 6-max Seat #1 is the button
Seat 1: Hero ($5.47 in chips)
Seat 2: d5d2ab3a ($5 in chips)
Seat 3: ba3bb9ae ($4.66 in chips)
Seat 4: 75684f92 ($12.02 in chips)
Seat 5: 6e203b6 ($5.13 in chips)
Seat 6: 64f3c94b ($5 in chips)
d5d2ab3a: posts small blind $0.02
ba3bb9ae: posts big blind $0.05
*** HOLE CARDS ***
Dealt to Hero [9d 3h]
Dealt to d5d2ab3a 
Dealt to ba3bb9ae 
Dealt to 75684f92 
Dealt to 6e203b6 
Dealt to 64f3c94b 
75684f92: raises $0.05 to $0.1
6e203b6: folds
64f3c94b: raises $0.25 to $0.35
Hero: folds
d5d2ab3a: folds
ba3bb9ae: folds
75684f92: calls $0.25
*** FLOP *** [2d Qc 5c]
75684f92: checks
64f3c94b: bets $0.26
75684f92: calls $0.26
*** TURN *** [2d Qc 5c] [Qh]
75684f92: checks
64f3c94b: checks
*** RIVER *** [2d Qc 5c Qh] [3s]
75684f92: checks
64f3c94b: checks
75684f92: shows [4s 5s] (Pair of Queens and Pair of Fives)
64f3c94b: shows [Th Jd] (Pair of Queens)
*** SHOWDOWN ***
75684f92 collected $1.23 from pot
*** SUMMARY ***
Total pot $1.29 | Rake $0.06 | Jackpot $0 | Bingo $0 | Fortune $0 | Tax $0
Board [2d Qc 5c Qh 3s]
Seat 1: Hero (button) folded before Flop (didn't bet)
Seat 2: d5d2ab3a (small blind) folded before Flop
Seat 3: ba3bb9ae (big blind) folded before Flop
Seat 4: 75684f92 showed [4s 5s] and won ($1.23) with Pair of Queens and Pair of Fives
Seat 5: 6e203b6 folded before Flop (didn't bet)
Seat 6: 64f3c94b showed [Th Jd] and lost with Pair of Queens


Poker Hand #HD1711219890: Hold'em No Limit ($0.02/$0.05) - 2024/04/01 20:30:43
Table 'NLHBlue105' 6-max Seat #6 is the button
Seat 1: Hero ($5.31 in chips)
Seat 2: d5d2ab3a ($5 in chips)
Seat 3: ba3bb9ae ($4.66 in chips)
Seat 4: 75684f92 ($12.02 in chips)
Seat 5: 6e203b6 ($5.25 in chips)
Seat 6: 64f3c94b ($5 in chips)
Hero: posts small blind $0.02
d5d2ab3a: posts big blind $0.05
*** HOLE CARDS ***
Dealt to Hero [Ah Jh]
Dealt to d5d2ab3a 
Dealt to ba3bb9ae 
Dealt to 75684f92 
Dealt to 6e203b6 
Dealt to 64f3c94b 
ba3bb9ae: folds
75684f92: folds
6e203b6: raises $0.07 to $0.12
64f3c94b: folds
Hero: raises $0.28 to $0.4
d5d2ab3a: folds
6e203b6: folds
Uncalled bet ($0.28) returned to Hero
*** SHOWDOWN ***
Hero collected $0.28 from pot
*** SUMMARY ***
Total pot $0.29 | Rake $0.01 | Jackpot $0 | Bingo $0 | Fortune $0 | Tax $0
Seat 1: Hero (small blind) collected ($0.28)
Seat 2: d5d2ab3a (big blind) folded before Flop
Seat 3: ba3bb9ae folded before Flop (didn't bet)
Seat 4: 75684f92 folded before Flop (didn't bet)
Seat 5: 6e203b6 folded before Flop
Seat 6: 64f3c94b (button) folded before Flop (didn't bet)


Poker Hand #HD1711219804: Hold'em No Limit ($0.02/$0.05) - 2024/04/01 20:29:59
Table 'NLHBlue105' 6-max Seat #5 is the button
Seat 1: Hero ($5.36 in chips)
Seat 2: d5d2ab3a ($5 in chips)
Seat 3: ba3bb9ae ($4.66 in chips)
Seat 4: 75684f92 ($7.47 in chips)
Seat 5: 6e203b6 ($5.25 in chips)
Seat 6: 64f3c94b ($5.05 in chips)
64f3c94b: posts small blind $0.02
Hero: posts big blind $0.05
*** HOLE CARDS ***
Dealt to Hero [3s Ah]
Dealt to d5d2ab3a 
Dealt to ba3bb9ae 
Dealt to 75684f92 
Dealt to 6e203b6 
Dealt to 64f3c94b 
d5d2ab3a: folds
ba3bb9ae: folds
75684f92: raises $0.05 to $0.1
6e203b6: folds
64f3c94b: raises $0.45 to $0.55
Hero: folds
75684f92: calls $0.45
*** FLOP *** [2d 3d 6c]
64f3c94b: bets $0.87
75684f92: calls $0.87
*** TURN *** [2d 3d 6c] [4c]
64f3c94b: bets $3.63 and is all-in
75684f92: calls $3.63
64f3c94b: shows [Kh 9d] (King-High)
75684f92: shows [6d 5s] (Sixes-High Straight)
*** RIVER *** [2d 3d 6c 4c] [Ts]
*** SHOWDOWN ***
75684f92 collected $9.6 from pot
*** SUMMARY ***
Total pot $10.15 | Rake $0.5 | Jackpot $0.05 | Bingo $0 | Fortune $0 | Tax $0
Board [2d 3d 6c 4c Ts]
Seat 1: Hero (big blind) folded before Flop
Seat 2: d5d2ab3a folded before Flop (didn't bet)
Seat 3: ba3bb9ae folded before Flop (didn't bet)
Seat 4: 75684f92 showed [6d 5s] and won ($9.6) with Sixes-High Straight
Seat 5: 6e203b6 (button) folded before Flop (didn't bet)
Seat 6: 64f3c94b (small blind) showed [Kh 9d] and lost with King-High


Poker Hand #HD1711219769: Hold'em No Limit ($0.02/$0.05) - 2024/04/01 20:29:39
Table 'NLHBlue105' 6-max Seat #4 is the button
Seat 1: Hero ($5.36 in chips)
Seat 2: d5d2ab3a ($5 in chips)
Seat 3: ba3bb9ae ($4.66 in chips)
Seat 4: 75684f92 ($7.57 in chips)
Seat 5: 6e203b6 ($5.11 in chips)
Seat 6: 64f3c94b ($5.1 in chips)
6e203b6: posts small blind $0.02
64f3c94b: posts big blind $0.05
*** HOLE CARDS ***
Dealt to Hero [9h 5c]
Dealt to d5d2ab3a 
Dealt to ba3bb9ae 
Dealt to 75684f92 
Dealt to 6e203b6 
Dealt to 64f3c94b 
Hero: folds
d5d2ab3a: folds
ba3bb9ae: folds
75684f92: raises $0.05 to $0.1
6e203b6: raises $0.4 to $0.5
64f3c94b: folds
75684f92: folds
Uncalled bet ($0.4) returned to 6e203b6
*** SHOWDOWN ***
6e203b6 collected $0.24 from pot
*** SUMMARY ***
Total pot $0.25 | Rake $0.01 | Jackpot $0 | Bingo $0 | Fortune $0 | Tax $0
Seat 1: Hero folded before Flop (didn't bet)
Seat 2: d5d2ab3a folded before Flop (didn't bet)
Seat 3: ba3bb9ae folded before Flop (didn't bet)
Seat 4: 75684f92 (button) folded before Flop
Seat 5: 6e203b6 (small blind) collected ($0.24)
Seat 6: 64f3c94b (big blind) folded before Flop


Poker Hand #HD1711219697: Hold'em No Limit ($0.02/$0.05) - 2024/04/01 20:29:07
Table 'NLHBlue105' 6-max Seat #3 is the button
Seat 1: Hero ($5.36 in chips)
Seat 2: d5d2ab3a ($5 in chips)
Seat 3: ba3bb9ae ($4.76 in chips)
Seat 4: 75684f92 ($7.59 in chips)
Seat 5: 6e203b6 ($5 in chips)
Seat 6: 64f3c94b ($5.1 in chips)
75684f92: posts small blind $0.02
6e203b6: posts big blind $0.05
*** HOLE CARDS ***
Dealt to Hero [6s Kc]
Dealt to d5d2ab3a 
Dealt to ba3bb9ae 
Dealt to 75684f92 
Dealt to 6e203b6 
Dealt to 64f3c94b 
64f3c94b: folds
Hero: folds
d5d2ab3a: folds
ba3bb9ae: raises $0.05 to $0.1
75684f92: folds
6e203b6: raises $0.45 to $0.55
ba3bb9ae: folds
Uncalled bet ($0.45) returned to 6e203b6
*** SHOWDOWN ***
6e203b6 collected $0.21 from pot
*** SUMMARY ***
Total pot $0.22 | Rake $0.01 | Jackpot $0 | Bingo $0 | Fortune $0 | Tax $0
Seat 1: Hero folded before Flop (didn't bet)
Seat 2: d5d2ab3a folded before Flop (didn't bet)
Seat 3: ba3bb9ae (button) folded before Flop
Seat 4: 75684f92 (small blind) folded before Flop
Seat 5: 6e203b6 (big blind) collected ($0.21)
Seat 6: 64f3c94b folded before Flop (didn't bet)


Poker Hand #HD1711219651: Hold'em No Limit ($0.02/$0.05) - 2024/04/01 20:28:49
Table 'NLHBlue105' 6-max Seat #2 is the button
Seat 1: Hero ($5.29 in chips)
Seat 2: d5d2ab3a ($5 in chips)
Seat 3: ba3bb9ae ($4.78 in chips)
Seat 4: 75684f92 ($7.64 in chips)
Seat 5: 6e203b6 ($5 in chips)
Seat 6: 64f3c94b ($5.1 in chips)
ba3bb9ae: posts small blind $0.02
75684f92: posts big blind $0.05
*** HOLE CARDS ***
Dealt to Hero [5d Ac]
Dealt to d5d2ab3a 
Dealt to ba3bb9ae 
Dealt to 75684f92 
Dealt to 6e203b6 
Dealt to 64f3c94b 
6e203b6: folds
64f3c94b: folds
Hero: raises $0.08 to $0.13
d5d2ab3a: folds
ba3bb9ae: folds
75684f92: folds
Uncalled bet ($0.08) returned to Hero
*** SHOWDOWN ***
Hero collected $0.12 from pot
*** SUMMARY ***
Total pot $0.12 | Rake $0 | Jackpot $0 | Bingo $0 | Fortune $0 | Tax $0
Seat 1: Hero collected ($0.12)
Seat 2: d5d2ab3a (button) folded before Flop (didn't bet)
Seat 3: ba3bb9ae (small blind) folded before Flop
Seat 4: 75684f92 (big blind) folded before Flop
Seat 5: 6e203b6 folded before Flop (didn't bet)
Seat 6: 64f3c94b folded before Flop (didn't bet)


Poker Hand #HD1711219558: Hold'em No Limit ($0.02/$0.05) - 2024/04/01 20:28:12
Table 'NLHBlue105' 6-max Seat #1 is the button
Seat 1: Hero ($5 in chips)
Seat 2: d5d2ab3a ($5.02 in chips)
Seat 3: ba3bb9ae ($4.83 in chips)
Seat 4: 75684f92 ($7.88 in chips)
Seat 5: 6e203b6 ($5 in chips)
Seat 6: 64f3c94b ($5.1 in chips)
d5d2ab3a: posts small blind $0.02
ba3bb9ae: posts big blind $0.05
*** HOLE CARDS ***
Dealt to Hero [9s 9c]
Dealt to d5d2ab3a 
Dealt to ba3bb9ae 
Dealt to 75684f92 
Dealt to 6e203b6 
Dealt to 64f3c94b 
75684f92: raises $0.05 to $0.1
6e203b6: folds
64f3c94b: folds
Hero: calls $0.1
d5d2ab3a: folds
ba3bb9ae: folds
*** FLOP *** [7s 3h Kh]
75684f92: bets $0.14
Hero: calls $0.14
*** TURN *** [7s 3h Kh] [6s]
75684f92: checks
Hero: checks
*** RIVER *** [7s 3h Kh 6s] [3s]
75684f92: checks
Hero: checks
75684f92: shows [Qs Ah] (Pair of Treys)
Hero: shows [9s 9c] (Pair of Nines and Pair of Treys)
*** SHOWDOWN ***
Hero collected $0.53 from pot
*** SUMMARY ***
Total pot $0.55 | Rake $0.02 | Jackpot $0 | Bingo $0 | Fortune $0 | Tax $0
Board [7s 3h Kh 6s 3s]
Seat 1: Hero (button) showed [9s 9c] and won ($0.53) with Pair of Nines and Pair of Treys
Seat 2: d5d2ab3a (small blind) folded before Flop
Seat 3: ba3bb9ae (big blind) folded before Flop
Seat 4: 75684f92 showed [Qs Ah] and lost with Pair of Treys
Seat 5: 6e203b6 folded before Flop (didn't bet)
Seat 6: 64f3c94b folded before Flop (didn't bet)


Poker Hand #HD1711219491: Hold'em No Limit ($0.02/$0.05) - 2024/04/01 20:27:42
Table 'NLHBlue105' 6-max Seat #6 is the button
Seat 1: Hero ($5.02 in chips)
Seat 2: d5d2ab3a ($5.17 in chips)
Seat 3: ba3bb9ae ($4.67 in chips)
Seat 4: 75684f92 ($7.88 in chips)
Seat 5: 6e203b6 ($5 in chips)
Seat 6: 64f3c94b ($5.1 in chips)
Hero: posts small blind $0.02
d5d2ab3a: posts big blind $0.05
*** HOLE CARDS ***
Dealt to Hero [Ts Kh]
Dealt to d5d2ab3a 
Dealt to ba3bb9ae 
Dealt to 75684f92 
Dealt to 6e203b6 
Dealt to 64f3c94b 
ba3bb9ae: raises $0.1 to $0.15
75684f92: folds
6e203b6: folds
64f3c94b: folds
Hero: folds
d5d2ab3a: calls $0.1
*** FLOP *** [Jh 2s 2c]
d5d2ab3a: checks
ba3bb9ae: bets $0.11
d5d2ab3a: folds
Uncalled bet ($0.11) returned to ba3bb9ae
*** SHOWDOWN ***
ba3bb9ae collected $0.31 from pot
*** SUMMARY ***
Total pot $0.32 | Rake $0.01 | Jackpot $0 | Bingo $0 | Fortune $0 | Tax $0
Board [Jh 2s 2c]
Seat 1: Hero (small blind) folded before Flop
Seat 2: d5d2ab3a (big blind) folded on the Flop
Seat 3: ba3bb9ae won ($0.31)
Seat 4: 75684f92 folded before Flop (didn't bet)
Seat 5: 6e203b6 folded before Flop (didn't bet)
Seat 6: 64f3c94b (button) folded before Flop (didn't bet)


Poker Hand #HD1711219458: Hold'em No Limit ($0.02/$0.05) - 2024/04/01 20:27:27
Table 'NLHBlue105' 6-max Seat #5 is the button
Seat 1: Hero ($5 in chips)
Seat 2: d5d2ab3a ($5.17 in chips)
Seat 3: ba3bb9ae ($4.67 in chips)
Seat 4: 75684f92 ($7.88 in chips)
Seat 5: 6e203b6 ($5 in chips)
Seat 6: 64f3c94b ($5.12 in chips)
64f3c94b: posts small blind $0.02
Hero: posts big blind $0.05
*** HOLE CARDS ***
Dealt to Hero [2h Ad]
Dealt to d5d2ab3a 
Dealt to ba3bb9ae 
Dealt to 75684f92 
Dealt to 6e203b6 
Dealt to 64f3c94b 
d5d2ab3a: folds
ba3bb9ae: folds
75684f92: folds
6e203b6: folds
64f3c94b: folds
Uncalled bet ($0.03) returned to Hero
*** SHOWDOWN ***
Hero collected $0.04 from pot
*** SUMMARY ***
Total pot $0.04 | Rake $0 | Jackpot $0 | Bingo $0 | Fortune $0 | Tax $0
Seat 1: Hero (big blind) collected ($0.04)
Seat 2: d5d2ab3a folded before Flop (didn't bet)
Seat 3: ba3bb9ae folded before Flop (didn't bet)
Seat 4: 75684f92 folded before Flop (didn't bet)
Seat 5: 6e203b6 (button) folded before Flop (didn't bet)
Seat 6: 64f3c94b (small blind) folded before Flop


Poker Hand #HD1711219367: Hold'em No Limit ($0.02/$0.05) - 2024/04/01 20:26:49
Table 'NLHBlue105' 6-max Seat #4 is the button
Seat 1: Hero ($5 in chips)
Seat 2: d5d2ab3a ($5.17 in chips)
Seat 3: ba3bb9ae ($4.67 in chips)
Seat 4: 75684f92 ($7.38 in chips)
Seat 5: 6e203b6 ($5.41 in chips)
Seat 6: 64f3c94b ($5.17 in chips)
6e203b6: posts small blind $0.02
64f3c94b: posts big blind $0.05
*** HOLE CARDS ***
Dealt to Hero [3h 4s]
Dealt to d5d2ab3a 
Dealt to ba3bb9ae 
Dealt to 75684f92 
Dealt to 6e203b6 
Dealt to 64f3c94b 
Hero: folds
d5d2ab3a: folds
ba3bb9ae: folds
75684f92: raises $0.05 to $0.1
6e203b6: raises $0.4 to $0.5
64f3c94b: folds
75684f92: raises $6.88 to $7.38 and is all-in
6e203b6: folds
Uncalled bet ($6.88) returned to 75684f92
*** SHOWDOWN ***
75684f92 collected $1 from pot
*** SUMMARY ***
Total pot $1.05 | Rake $0.05 | Jackpot $0 | Bingo $0 | Fortune $0 | Tax $0
Seat 1: Hero folded before Flop (didn't bet)
Seat 2: d5d2ab3a folded before Flop (didn't bet)
Seat 3: ba3bb9ae folded before Flop (didn't bet)
Seat 4: 75684f92 (button) collected ($1)
Seat 5: 6e203b6 (small blind) folded before Flop
Seat 6: 64f3c94b (big blind) folded before Flop


Poker Hand #HD1711219332: Hold'em No Limit ($0.02/$0.05) - 2024/04/01 20:26:29
Table 'NLHBlue105' 6-max Seat #3 is the button
Seat 1: Hero ($5 in chips)
Seat 2: d5d2ab3a ($5.17 in chips)
Seat 3: ba3bb9ae ($4.67 in chips)
Seat 4: 75684f92 ($7.4 in chips)
Seat 5: 6e203b6 ($5.39 in chips)
Seat 6: 64f3c94b ($5.17 in chips)
75684f92: posts small blind $0.02
6e203b6: posts big blind $0.05
*** HOLE CARDS ***
Dealt to Hero [3c Qc]
Dealt to d5d2ab3a 
Dealt to ba3bb9ae 
Dealt to 75684f92 
Dealt to 6e203b6 
Dealt to 64f3c94b 
64f3c94b: folds
Hero: folds
d5d2ab3a: folds
ba3bb9ae: folds
75684f92: folds
Uncalled bet ($0.03) returned to 6e203b6
*** SHOWDOWN ***
6e203b6 collected $0.04 from pot
*** SUMMARY ***
Total pot $0.04 | Rake $0 | Jackpot $0 | Bingo $0 | Fortune $0 | Tax $0
Seat 1: Hero folded before Flop (didn't bet)
Seat 2: d5d2ab3a folded before Flop (didn't bet)
Seat 3: ba3bb9ae (button) folded before Flop (didn't bet)
Seat 4: 75684f92 (small blind) folded before Flop
Seat 5: 6e203b6 (big blind) collected ($0.04)
Seat 6: 64f3c94b folded before Flop (didn't bet)


Poker Hand #HD1711219256: Hold'em No Limit ($0.02/$0.05) - 2024/04/01 20:26:00
Table 'NLHBlue105' 6-max Seat #2 is the button
Seat 1: Hero ($5 in chips)
Seat 2: d5d2ab3a ($5.17 in chips)
Seat 3: ba3bb9ae ($4.8 in chips)
Seat 4: 75684f92 ($7.45 in chips)
Seat 5: 6e203b6 ($5.39 in chips)
Seat 6: 64f3c94b ($5 in chips)
ba3bb9ae: posts small blind $0.02
75684f92: posts big blind $0.05
*** HOLE CARDS ***
Dealt to Hero [2c 3s]
Dealt to d5d2ab3a 
Dealt to ba3bb9ae 
Dealt to 75684f92 
Dealt to 6e203b6 
Dealt to 64f3c94b 
6e203b6: folds
64f3c94b: raises $0.08 to $0.13
Hero: folds
d5d2ab3a: folds
ba3bb9ae: calls $0.11
75684f92: folds
*** FLOP *** [6h Qd 6s]
ba3bb9ae: checks
64f3c94b: bets $0.11
ba3bb9ae: folds
Uncalled bet ($0.11) returned to 64f3c94b
*** SHOWDOWN ***
64f3c94b collected $0.3 from pot
*** SUMMARY ***
Total pot $0.31 | Rake $0.01 | Jackpot $0 | Bingo $0 | Fortune $0 | Tax $0
Board [6h Qd 6s]
Seat 1: Hero folded before Flop (didn't bet)
Seat 2: d5d2ab3a (button) folded before Flop (didn't bet)
Seat 3: ba3bb9ae (small blind) folded on the Flop
Seat 4: 75684f92 (big blind) folded before Flop
Seat 5: 6e203b6 folded before Flop (didn't bet)
Seat 6: 64f3c94b won ($0.3)


Poker Hand #HD1711219216: Hold'em No Limit ($0.02/$0.05) - 2024/04/01 20:25:39
Table 'NLHBlue105' 6-max Seat #1 is the button
Seat 1: Hero ($5 in chips)
Seat 2: d5d2ab3a ($5 in chips)
Seat 3: ba3bb9ae ($4.85 in chips)
Seat 4: 75684f92 ($7.45 in chips)
Seat 5: 6e203b6 ($5.39 in chips)
Seat 6: 64f3c94b ($5 in chips)
d5d2ab3a: posts small blind $0.02
ba3bb9ae: posts big blind $0.05
*** HOLE CARDS ***
Dealt to Hero [Ac 5h]
Dealt to d5d2ab3a 
Dealt to ba3bb9ae 
Dealt to 75684f92 
Dealt to 6e203b6 
Dealt to 64f3c94b 
75684f92: folds
6e203b6: folds
64f3c94b: folds
Hero: raises $0.08 to $0.13
d5d2ab3a: raises $0.33 to $0.46
ba3bb9ae: folds
Hero: folds
Uncalled bet ($0.33) returned to d5d2ab3a
*** SHOWDOWN ***
d5d2ab3a collected $0.3 from pot
*** SUMMARY ***
Total pot $0.31 | Rake $0.01 | Jackpot $0 | Bingo $0 | Fortune $0 | Tax $0
Seat 1: Hero (button) folded before Flop
Seat 2: d5d2ab3a (small blind) collected ($0.3)
Seat 3: ba3bb9ae (big blind) folded before Flop
Seat 4: 75684f92 folded before Flop (didn't bet)
Seat 5: 6e203b6 folded before Flop (didn't bet)
Seat 6: 64f3c94b folded before Flop (didn't bet)


Poker Hand #HD1711219082: Hold'em No Limit ($0.02/$0.05) - 2024/04/01 20:24:37
Table 'NLHBlue105' 6-max Seat #6 is the button
Seat 1: Hero ($5 in chips)
Seat 2: d5d2ab3a ($5 in chips)
Seat 3: ba3bb9ae ($4.85 in chips)
Seat 4: 75684f92 ($6.42 in chips)
Seat 5: 6e203b6 ($5.39 in chips)
Seat 6: 64f3c94b ($5.45 in chips)
Hero: posts small blind $0.02
d5d2ab3a: posts big blind $0.05
*** HOLE CARDS ***
Dealt to Hero [4d Kh]
Dealt to d5d2ab3a 
Dealt to ba3bb9ae 
Dealt to 75684f92 
Dealt to 6e203b6 
Dealt to 64f3c94b 
ba3bb9ae: folds
75684f92: raises $0.05 to $0.1
6e203b6: folds
64f3c94b: raises $0.28 to $0.38
Hero: folds
d5d2ab3a: folds
75684f92: calls $0.28
*** FLOP *** [Kd 6s 2c]
75684f92: checks
64f3c94b: bets $0.28
75684f92: calls $0.28
*** TURN *** [Kd 6s 2c] [8c]
75684f92: checks
64f3c94b: bets $0.46
75684f92: calls $0.46
*** RIVER *** [Kd 6s 2c 8c] [7d]
75684f92: checks
64f3c94b: checks
75684f92: shows [Ts Tc] (Pair of Tens)
64f3c94b: shows [Ac Qh] (Ace-High)
*** SHOWDOWN ***
75684f92 collected $2.15 from pot
*** SUMMARY ***
Total pot $2.31 | Rake $0.11 | Jackpot $0.05 | Bingo $0 | Fortune $0 | Tax $0
Board [Kd 6s 2c 8c 7d]
Seat 1: Hero (small blind) folded before Flop
Seat 2: d5d2ab3a (big blind) folded before Flop
Seat 3: ba3bb9ae folded before Flop (didn't bet)
Seat 4: 75684f92 showed [Ts Tc] and won ($2.15) with Pair of Tens
Seat 5: 6e203b6 folded before Flop (didn't bet)
Seat 6: 64f3c94b (button) showed [Ac Qh] and lost with Ace-High


Poker Hand #HD1711219048: Hold'em No Limit ($0.02/$0.05) - 2024/04/01 20:24:20
Table 'NLHBlue105' 6-max Seat #5 is the button
Seat 1: Hero ($5 in chips)
Seat 3: ba3bb9ae ($4.85 in chips)
Seat 4: 75684f92 ($6.35 in chips)
Seat 5: 6e203b6 ($5.39 in chips)
Seat 6: 64f3c94b ($5.47 in chips)
64f3c94b: posts small blind $0.02
Hero: posts big blind $0.05
*** HOLE CARDS ***
Dealt to Hero [8c Qs]
Dealt to ba3bb9ae 
Dealt to 75684f92 
Dealt to 6e203b6 
Dealt to 64f3c94b 
ba3bb9ae: folds
75684f92: raises $0.05 to $0.1
6e203b6: folds
64f3c94b: folds
Hero: folds
Uncalled bet ($0.05) returned to 75684f92
*** SHOWDOWN ***
75684f92 collected $0.12 from pot
*** SUMMARY ***
Total pot $0.12 | Rake $0 | Jackpot $0 | Bingo $0 | Fortune $0 | Tax $0
Seat 1: Hero (big blind) folded before Flop
Seat 3: ba3bb9ae folded before Flop (didn't bet)
Seat 4: 75684f92 collected ($0.12)
Seat 5: 6e203b6 (button) folded before Flop (didn't bet)
Seat 6: 64f3c94b (small blind) folded before Flop


Poker Hand #HD1711218986: Hold'em No Limit ($0.02/$0.05) - 2024/04/01 20:23:50
Table 'NLHBlue105' 6-max Seat #4 is the button
Seat 1: Hero ($5 in chips)
Seat 3: ba3bb9ae ($2.49 in chips)
Seat 4: 75684f92 ($6.35 in chips)
Seat 5: 6e203b6 ($5.41 in chips)
Seat 6: 64f3c94b ($5.31 in chips)
6e203b6: posts small blind $0.02
64f3c94b: posts big blind $0.05
*** HOLE CARDS ***
Dealt to Hero [9c 2d]
Dealt to ba3bb9ae 
Dealt to 75684f92 
Dealt to 6e203b6 
Dealt to 64f3c94b 
Hero: folds
ba3bb9ae: raises $0.1 to $0.15
75684f92: folds
6e203b6: folds
64f3c94b: calls $0.1
*** FLOP *** [Js Kh 5c]
64f3c94b: checks
ba3bb9ae: checks
*** TURN *** [Js Kh 5c] [3h]
64f3c94b: checks
ba3bb9ae: checks
*** RIVER *** [Js Kh 5c 3h] [4d]
64f3c94b: bets $0.11
ba3bb9ae: folds
Uncalled bet ($0.11) returned to 64f3c94b
*** SHOWDOWN ***
64f3c94b collected $0.31 from pot
*** SUMMARY ***
Total pot $0.32 | Rake $0.01 | Jackpot $0 | Bingo $0 | Fortune $0 | Tax $0
Board [Js Kh 5c 3h 4d]
Seat 1: Hero folded before Flop (didn't bet)
Seat 3: ba3bb9ae folded on the River
Seat 4: 75684f92 (button) folded before Flop (didn't bet)
Seat 5: 6e203b6 (small blind) folded before Flop
Seat 6: 64f3c94b (big blind) won ($0.31)


Poker Hand #HD1711218885: Hold'em No Limit ($0.02/$0.05) - 2024/04/01 20:23:06
Table 'NLHBlue105' 6-max Seat #3 is the button
Seat 1: Hero ($5 in chips)
Seat 3: ba3bb9ae ($4.73 in chips)
Seat 4: 75684f92 ($4.33 in chips)
Seat 5: 6e203b6 ($5.46 in chips)
Seat 6: 64f3c94b ($5.31 in chips)
75684f92: posts small blind $0.02
6e203b6: posts big blind $0.05
*** HOLE CARDS ***
Dealt to Hero [9h Td]
Dealt to ba3bb9ae 
Dealt to 75684f92 
Dealt to 6e203b6 
Dealt to 64f3c94b 
64f3c94b: folds
Hero: folds
ba3bb9ae: raises $0.05 to $0.1
75684f92: raises $0.25 to $0.35
6e203b6: folds
ba3bb9ae: calls $0.25
*** FLOP *** [Qs 4c 9s]
75684f92: bets $0.38
ba3bb9ae: calls $0.38
*** TURN *** [Qs 4c 9s] [2c]
75684f92: bets $1.51
ba3bb9ae: calls $1.51
*** RIVER *** [Qs 4c 9s 2c] [Ks]
75684f92: checks
ba3bb9ae: checks
75684f92: shows [Jd Kc] (Pair of Kings)
ba3bb9ae: shows [7h 7s] (Pair of Sevens)
*** SHOWDOWN ***
75684f92 collected $4.26 from pot
*** SUMMARY ***
Total pot $4.53 | Rake $0.22 | Jackpot $0.05 | Bingo $0 | Fortune $0 | Tax $0
Board [Qs 4c 9s 2c Ks]
Seat 1: Hero folded before Flop (didn't bet)
Seat 3: ba3bb9ae (button) showed [7h 7s] and lost with Pair of Sevens
Seat 4: 75684f92 (small blind) showed [Jd Kc] and won ($4.26) with Pair of Kings
Seat 5: 6e203b6 (big blind) folded before Flop
Seat 6: 64f3c94b folded before Flop (didn't bet)


Poker Hand #HD1711218848: Hold'em No Limit ($0.02/$0.05) - 2024/04/01 20:22:52
Table 'NLHBlue105' 6-max Seat #1 is the button
Seat 1: Hero ($5 in chips)
Seat 3: ba3bb9ae ($4.75 in chips)
Seat 4: 75684f92 ($4.38 in chips)
Seat 5: 6e203b6 ($5.46 in chips)
Seat 6: 64f3c94b ($5.24 in chips)
ba3bb9ae: posts small blind $0.02
75684f92: posts big blind $0.05
*** HOLE CARDS ***
Dealt to Hero [3c 2c]
Dealt to ba3bb9ae 
Dealt to 75684f92 
Dealt to 6e203b6 
Dealt to 64f3c94b 
6e203b6: folds
64f3c94b: raises $0.08 to $0.13
Hero: folds
ba3bb9ae: folds
75684f92: folds
Uncalled bet ($0.08) returned to 64f3c94b
*** SHOWDOWN ***
64f3c94b collected $0.12 from pot
*** SUMMARY ***
Total pot $0.12 | Rake $0 | Jackpot $0 | Bingo $0 | Fortune $0 | Tax $0
Seat 1: Hero (button) folded before Flop (didn't bet)
Seat 3: ba3bb9ae (small blind) folded before Flop
Seat 4: 75684f92 (big blind) folded before Flop
Seat 5: 6e203b6 folded before Flop (didn't bet)
Seat 6: 64f3c94b collected ($0.12)


Poker Hand #HD1711218810: Hold'em No Limit ($0.02/$0.05) - 2024/04/01 20:22:40
Table 'NLHBlue105' 6-max Seat #6 is the button
Seat 1: Hero ($5 in chips)
Seat 3: ba3bb9ae ($4.8 in chips)
Seat 4: 75684f92 ($4.38 in chips)
Seat 5: 6e203b6 ($5.46 in chips)
Seat 6: 64f3c94b ($5.17 in chips)
Hero: posts small blind $0.02
ba3bb9ae: posts big blind $0.05
*** HOLE CARDS ***
Dealt to Hero [3d Jd]
Dealt to ba3bb9ae 
Dealt to 75684f92 
Dealt to 6e203b6 
Dealt to 64f3c94b 
75684f92: folds
6e203b6: folds
64f3c94b: raises $0.08 to $0.13
Hero: folds
ba3bb9ae: folds
Uncalled bet ($0.08) returned to 64f3c94b
*** SHOWDOWN ***
64f3c94b collected $0.12 from pot
*** SUMMARY ***
Total pot $0.12 | Rake $0 | Jackpot $0 | Bingo $0 | Fortune $0 | Tax $0
Seat 1: Hero (small blind) folded before Flop
Seat 3: ba3bb9ae (big blind) folded before Flop
Seat 4: 75684f92 folded before Flop (didn't bet)
Seat 5: 6e203b6 folded before Flop (didn't bet)
Seat 6: 64f3c94b (button) collected ($0.12)


Poker Hand #HD1711218750: Hold'em No Limit ($0.02/$0.05) - 2024/04/01 20:22:14
Table 'NLHBlue105' 6-max Seat #5 is the button
Seat 1: Hero ($5 in chips)
Seat 2: 6e35c08a ($5.55 in chips)
Seat 3: ba3bb9ae ($4.9 in chips)
Seat 4: 75684f92 ($4.38 in chips)
Seat 5: 6e203b6 ($5.3 in chips)
Seat 6: 64f3c94b ($5.19 in chips)
64f3c94b: posts small blind $0.02
Hero: posts big blind $0.05
*** HOLE CARDS ***
Dealt to Hero [8h Ah]
Dealt to 6e35c08a 
Dealt to ba3bb9ae 
Dealt to 75684f92 
Dealt to 6e203b6 
Dealt to 64f3c94b 
6e35c08a: folds
ba3bb9ae: raises $0.05 to $0.1
75684f92: folds
6e203b6: raises $0.3 to $0.4
64f3c94b: folds
Hero: folds
ba3bb9ae: folds
Uncalled bet ($0.3) returned to 6e203b6
*** SHOWDOWN ***
6e203b6 collected $0.26 from pot
*** SUMMARY ***
Total pot $0.27 | Rake $0.01 | Jackpot $0 | Bingo $0 | Fortune $0 | Tax $0
Seat 1: Hero (big blind) folded before Flop
Seat 2: 6e35c08a folded before Flop (didn't bet)
Seat 3: ba3bb9ae folded before Flop
Seat 4: 75684f92 folded before Flop (didn't bet)
Seat 5: 6e203b6 (button) collected ($0.26)
Seat 6: 64f3c94b (small blind) folded before Flop


Poker Hand #HD1711218713: Hold'em No Limit ($0.02/$0.05) - 2024/04/01 20:22:00
Table 'NLHBlue105' 6-max Seat #4 is the button
Seat 1: Hero ($5 in chips)
Seat 2: 6e35c08a ($5.55 in chips)
Seat 3: ba3bb9ae ($4.9 in chips)
Seat 4: 75684f92 ($4.31 in chips)
Seat 5: 6e203b6 ($5.32 in chips)
Seat 6: 64f3c94b ($5.24 in chips)
6e203b6: posts small blind $0.02
64f3c94b: posts big blind $0.05
*** HOLE CARDS ***
Dealt to Hero [8c 3h]
Dealt to 6e35c08a 
Dealt to ba3bb9ae 
Dealt to 75684f92 
Dealt to 6e203b6 
Dealt to 64f3c94b 
Hero: folds
6e35c08a: folds
ba3bb9ae: folds
75684f92: raises $0.05 to $0.1
6e203b6: folds
64f3c94b: folds
Uncalled bet ($0.05) returned to 75684f92
*** SHOWDOWN ***
75684f92 collected $0.12 from pot
*** SUMMARY ***
Total pot $0.12 | Rake $0 | Jackpot $0 | Bingo $0 | Fortune $0 | Tax $0
Seat 1: Hero folded before Flop (didn't bet)
Seat 2: 6e35c08a folded before Flop (didn't bet)
Seat 3: ba3bb9ae folded before Flop (didn't bet)
Seat 4: 75684f92 (button) collected ($0.12)
Seat 5: 6e203b6 (small blind) folded before Flop
Seat 6: 64f3c94b (big blind) folded before Flop


Poker Hand #HD1711218623: Hold'em No Limit ($0.02/$0.05) - 2024/04/01 20:21:24
Table 'NLHBlue105' 6-max Seat #3 is the button
Seat 1: Hero ($5 in chips)
Seat 2: 6e35c08a ($5.55 in chips)
Seat 3: ba3bb9ae ($4.9 in chips)
Seat 4: 75684f92 ($4.04 in chips)
Seat 5: 6e203b6 ($5.37 in chips)
Seat 6: 64f3c94b ($5.48 in chips)
75684f92: posts small blind $0.02
6e203b6: posts big blind $0.05
*** HOLE CARDS ***
Dealt to Hero [Ac Jh]
Dealt to 6e35c08a 
Dealt to ba3bb9ae 
Dealt to 75684f92 
Dealt to 6e203b6 
Dealt to 64f3c94b 
64f3c94b: raises $0.08 to $0.13
Hero: folds
6e35c08a: folds
ba3bb9ae: folds
75684f92: calls $0.11
6e203b6: folds
*** FLOP *** [6s Qc 8c]
75684f92: checks
64f3c94b: bets $0.11
75684f92: calls $0.11
*** TURN *** [6s Qc 8c] [8h]
75684f92: checks
64f3c94b: checks
*** RIVER *** [6s Qc 8c 8h] [4d]
75684f92: checks
64f3c94b: checks
75684f92: shows [5d Ah] (Pair of Eights)
64f3c94b: shows [Kh Jd] (Pair of Eights)
*** SHOWDOWN ***
75684f92 collected $0.51 from pot
*** SUMMARY ***
Total pot $0.53 | Rake $0.02 | Jackpot $0 | Bingo $0 | Fortune $0 | Tax $0
Board [6s Qc 8c 8h 4d]
Seat 1: Hero folded before Flop (didn't bet)
Seat 2: 6e35c08a folded before Flop (didn't bet)
Seat 3: ba3bb9ae (button) folded before Flop (didn't bet)
Seat 4: 75684f92 (small blind) showed [5d Ah] and won ($0.51) with Pair of Eights
Seat 5: 6e203b6 (big blind) folded before Flop
Seat 6: 64f3c94b showed [Kh Jd] and lost with Pair of Eights


Poker Hand #HD1711218504: Hold'em No Limit ($0.02/$0.05) - 2024/04/01 20:20:28
Table 'NLHBlue105' 6-max Seat #2 is the button
Seat 1: Hero ($5 in chips)
Seat 2: 6e35c08a ($5.55 in chips)
Seat 3: ba3bb9ae ($4.85 in chips)
Seat 4: 75684f92 ($4.09 in chips)
Seat 5: 6e203b6 ($5.37 in chips)
Seat 6: 64f3c94b ($5.48 in chips)
ba3bb9ae: posts small blind $0.02
75684f92: posts big blind $0.05
*** HOLE CARDS ***
Dealt to Hero [5d 2s]
Dealt to 6e35c08a 
Dealt to ba3bb9ae 
Dealt to 75684f92 
Dealt to 6e203b6 
Dealt to 64f3c94b 
6e203b6: folds
64f3c94b: folds
Hero: folds
6e35c08a: folds
ba3bb9ae: calls $0.03
75684f92: checks
*** FLOP *** [8h Qd 3s]
ba3bb9ae: checks
75684f92: checks
*** TURN *** [8h Qd 3s] [2c]
ba3bb9ae: checks
75684f92: checks
*** RIVER *** [8h Qd 3s 2c] [9d]
ba3bb9ae: checks
75684f92: checks
ba3bb9ae: shows [Kd 2h] (Pair of Twos)
75684f92: shows [Kh 4s] (King-High)
*** SHOWDOWN ***
ba3bb9ae collected $0.1 from pot
*** SUMMARY ***
Total pot $0.1 | Rake $0 | Jackpot $0 | Bingo $0 | Fortune $0 | Tax $0
Board [8h Qd 3s 2c 9d]
Seat 1: Hero folded before Flop (didn't bet)
Seat 2: 6e35c08a (button) folded before Flop (didn't bet)
Seat 3: ba3bb9ae (small blind) showed [Kd 2h] and won ($0.1) with Pair of Twos
Seat 4: 75684f92 (big blind) showed [Kh 4s] and lost with King-High
Seat 5: 6e203b6 folded before Flop (didn't bet)
Seat 6: 64f3c94b folded before Flop (didn't bet)


Poker Hand #HD1711218471: Hold'em No Limit ($0.02/$0.05) - 2024/04/01 20:20:13
Table 'NLHBlue105' 6-max Seat #1 is the button
Seat 1: Hero ($5 in chips)
Seat 2: 6e35c08a ($5.57 in chips)
Seat 3: ba3bb9ae ($4.83 in chips)
Seat 4: 75684f92 ($4.09 in chips)
Seat 5: 6e203b6 ($5.37 in chips)
Seat 6: 64f3c94b ($5.48 in chips)
6e35c08a: posts small blind $0.02
ba3bb9ae: posts big blind $0.05
*** HOLE CARDS ***
Dealt to Hero [8c Qs]
Dealt to 6e35c08a 
Dealt to ba3bb9ae 
Dealt to 75684f92 
Dealt to 6e203b6 
Dealt to 64f3c94b 
75684f92: folds
6e203b6: folds
64f3c94b: folds
Hero: folds
6e35c08a: folds
Uncalled bet ($0.03) returned to ba3bb9ae
*** SHOWDOWN ***
ba3bb9ae collected $0.04 from pot
*** SUMMARY ***
Total pot $0.04 | Rake $0 | Jackpot $0 | Bingo $0 | Fortune $0 | Tax $0
Seat 1: Hero (button) folded before Flop (didn't bet)
Seat 2: 6e35c08a (small blind) folded before Flop
Seat 3: ba3bb9ae (big blind) collected ($0.04)
Seat 4: 75684f92 folded before Flop (didn't bet)
Seat 5: 6e203b6 folded before Flop (didn't bet)
Seat 6: 64f3c94b folded before Flop (didn't bet)


Poker Hand #HD1711218442: Hold'em No Limit ($0.02/$0.05) - 2024/04/01 20:20:02
Table 'NLHBlue105' 6-max Seat #6 is the button
Seat 1: Hero ($5 in chips)
Seat 2: 6e35c08a ($5.55 in chips)
Seat 3: ba3bb9ae ($4.83 in chips)
Seat 4: 75684f92 ($4.09 in chips)
Seat 5: 6e203b6 ($5.37 in chips)
Seat 6: 64f3c94b ($5.48 in chips)
Hero: posts small blind $0.02
6e35c08a: posts big blind $0.05
*** HOLE CARDS ***
Dealt to Hero [3c Td]
Dealt to 6e35c08a 
Dealt to ba3bb9ae 
Dealt to 75684f92 
Dealt to 6e203b6 
Dealt to 64f3c94b 
ba3bb9ae: folds
75684f92: folds
6e203b6: folds
64f3c94b: folds
Hero: folds
Uncalled bet ($0.03) returned to 6e35c08a
*** SHOWDOWN ***
6e35c08a collected $0.04 from pot
*** SUMMARY ***
Total pot $0.04 | Rake $0 | Jackpot $0 | Bingo $0 | Fortune $0 | Tax $0
Seat 1: Hero (small blind) folded before Flop
Seat 2: 6e35c08a (big blind) collected ($0.04)
Seat 3: ba3bb9ae folded before Flop (didn't bet)
Seat 4: 75684f92 folded before Flop (didn't bet)
Seat 5: 6e203b6 folded before Flop (didn't bet)
Seat 6: 64f3c94b (button) folded before Flop (didn't bet)


Poker Hand #HD1711218402: Hold'em No Limit ($0.02/$0.05) - 2024/04/01 20:19:45
Table 'NLHBlue105' 6-max Seat #5 is the button
Seat 1: Hero ($5 in chips)
Seat 2: 6e35c08a ($5.55 in chips)
Seat 3: ba3bb9ae ($4.83 in chips)
Seat 4: 75684f92 ($4.02 in chips)
Seat 5: 6e203b6 ($5.37 in chips)
Seat 6: 64f3c94b ($5.5 in chips)
64f3c94b: posts small blind $0.02
Hero: posts big blind $0.05
*** HOLE CARDS ***
Dealt to Hero [Ts Qh]
Dealt to 6e35c08a 
Dealt to ba3bb9ae 
Dealt to 75684f92 
Dealt to 6e203b6 
Dealt to 64f3c94b 
6e35c08a: folds
ba3bb9ae: folds
75684f92: raises $0.05 to $0.1
6e203b6: folds
64f3c94b: folds
Hero: folds
Uncalled bet ($0.05) returned to 75684f92
*** SHOWDOWN ***
75684f92 collected $0.12 from pot
*** SUMMARY ***
Total pot $0.12 | Rake $0 | Jackpot $0 | Bingo $0 | Fortune $0 | Tax $0
Seat 1: Hero (big blind) folded before Flop
Seat 2: 6e35c08a folded before Flop (didn't bet)
Seat 3: ba3bb9ae folded before Flop (didn't bet)
Seat 4: 75684f92 collected ($0.12)
Seat 5: 6e203b6 (button) folded before Flop (didn't bet)
Seat 6: 64f3c94b (small blind) folded before Flop


Poker Hand #HD1711218355: Hold'em No Limit ($0.02/$0.05) - 2024/04/01 20:19:21
Table 'NLHBlue105' 6-max Seat #4 is the button
Seat 1: Hero ($5 in chips)
Seat 2: 6e35c08a ($5.55 in chips)
Seat 3: ba3bb9ae ($4.93 in chips)
Seat 4: 75684f92 ($3.86 in chips)
Seat 5: 6e203b6 ($5.39 in chips)
Seat 6: 64f3c94b ($5.55 in chips)
6e203b6: posts small blind $0.02
64f3c94b: posts big blind $0.05
*** HOLE CARDS ***
Dealt to Hero [7s 3h]
Dealt to 6e35c08a 
Dealt to ba3bb9ae 
Dealt to 75684f92 
Dealt to 6e203b6 
Dealt to 64f3c94b 
Hero: folds
6e35c08a: folds
ba3bb9ae: raises $0.05 to $0.1
75684f92: raises $0.27 to $0.37
6e203b6: folds
64f3c94b: folds
ba3bb9ae: folds
Uncalled bet ($0.27) returned to 75684f92
*** SHOWDOWN ***
75684f92 collected $0.26 from pot
*** SUMMARY ***
Total pot $0.27 | Rake $0.01 | Jackpot $0 | Bingo $0 | Fortune $0 | Tax $0
Seat 1: Hero folded before Flop (didn't bet)
Seat 2: 6e35c08a folded before Flop (didn't bet)
Seat 3: ba3bb9ae folded before Flop
Seat 4: 75684f92 (button) collected ($0.26)
Seat 5: 6e203b6 (small blind) folded before Flop
Seat 6: 64f3c94b (big blind) folded before Flop


Poker Hand #HD1711218293: Hold'em No Limit ($0.02/$0.05) - 2024/04/01 20:18:56
Table 'NLHBlue105' 6-max Seat #3 is the button
Seat 1: Hero ($5 in chips)
Seat 2: 6e35c08a ($5.55 in chips)
Seat 3: ba3bb9ae ($4.93 in chips)
Seat 4: 75684f92 ($3.88 in chips)
Seat 5: 6e203b6 ($5.37 in chips)
Seat 6: 64f3c94b ($5.55 in chips)
75684f92: posts small blind $0.02
6e203b6: posts big blind $0.05
*** HOLE CARDS ***
Dealt to Hero [Jh 4s]
Dealt to 6e35c08a 
Dealt to ba3bb9ae 
Dealt to 75684f92 
Dealt to 6e203b6 
Dealt to 64f3c94b 
64f3c94b: folds
Hero: folds
6e35c08a: folds
ba3bb9ae: folds
75684f92: folds
Uncalled bet ($0.03) returned to 6e203b6
*** SHOWDOWN ***
6e203b6 collected $0.04 from pot
*** SUMMARY ***
Total pot $0.04 | Rake $0 | Jackpot $0 | Bingo $0 | Fortune $0 | Tax $0
Seat 1: Hero folded before Flop (didn't bet)
Seat 2: 6e35c08a folded before Flop (didn't bet)
Seat 3: ba3bb9ae (button) folded before Flop (didn't bet)
Seat 4: 75684f92 (small blind) folded before Flop
Seat 5: 6e203b6 (big blind) collected ($0.04)
Seat 6: 64f3c94b folded before Flop (didn't bet)


Poker Hand #HD1711218228: Hold'em No Limit ($0.02/$0.05) - 2024/04/01 20:18:27
Table 'NLHBlue105' 6-max Seat #2 is the button
Seat 1: Hero ($5 in chips)
Seat 2: 6e35c08a ($5.55 in chips)
Seat 3: ba3bb9ae ($4.95 in chips)
Seat 4: 75684f92 ($4.26 in chips)
Seat 5: 6e203b6 ($5 in chips)
Seat 6: 64f3c94b ($5.55 in chips)
ba3bb9ae: posts small blind $0.02
75684f92: posts big blind $0.05
*** HOLE CARDS ***
Dealt to Hero [Qh 9s]
Dealt to 6e35c08a 
Dealt to ba3bb9ae 
Dealt to 75684f92 
Dealt to 6e203b6 
Dealt to 64f3c94b 
6e203b6: raises $0.07 to $0.12
64f3c94b: folds
Hero: folds
6e35c08a: folds
ba3bb9ae: folds
75684f92: raises $0.26 to $0.38
6e203b6: raises $0.62 to $1
75684f92: folds
Uncalled bet ($0.62) returned to 6e203b6
*** SHOWDOWN ***
6e203b6 collected $0.75 from pot
*** SUMMARY ***
Total pot $0.78 | Rake $0.03 | Jackpot $0 | Bingo $0 | Fortune $0 | Tax $0
Seat 1: Hero folded before Flop (didn't bet)
Seat 2: 6e35c08a (button) folded before Flop (didn't bet)
Seat 3: ba3bb9ae (small blind) folded before Flop
Seat 4: 75684f92 (big blind) folded before Flop
Seat 5: 6e203b6 collected ($0.75)
Seat 6: 64f3c94b folded before Flop (didn't bet)


Poker Hand #HD1711218174: Hold'em No Limit ($0.02/$0.05) - 2024/04/01 20:18:05
Table 'NLHBlue105' 6-max Seat #1 is the button
Seat 1: Hero ($5 in chips)
Seat 2: 6e35c08a ($5.5 in chips)
Seat 3: ba3bb9ae ($5 in chips)
Seat 4: 75684f92 ($4.26 in chips)
Seat 5: 6e203b6 ($5 in chips)
Seat 6: 64f3c94b ($5.55 in chips)
6e35c08a: posts small blind $0.02
ba3bb9ae: posts big blind $0.05
*** HOLE CARDS ***
Dealt to Hero [5s Qh]
Dealt to 6e35c08a 
Dealt to ba3bb9ae 
Dealt to 75684f92 
Dealt to 6e203b6 
Dealt to 64f3c94b 
75684f92: folds
6e203b6: folds
64f3c94b: folds
Hero: folds
6e35c08a: raises $0.05 to $0.1
ba3bb9ae: folds
Uncalled bet ($0.05) returned to 6e35c08a
*** SHOWDOWN ***
6e35c08a collected $0.1 from pot
*** SUMMARY ***
Total pot $0.1 | Rake $0 | Jackpot $0 | Bingo $0 | Fortune $0 | Tax $0
Seat 1: Hero (button) folded before Flop (didn't bet)
Seat 2: 6e35c08a (small blind) collected ($0.1)
Seat 3: ba3bb9ae (big blind) folded before Flop
Seat 4: 75684f92 folded before Flop (didn't bet)
Seat 5: 6e203b6 folded before Flop (didn't bet)
Seat 6: 64f3c94b folded before Flop (didn't bet)


Poker Hand #HD1711218150: Hold'em No Limit ($0.02/$0.05) - 2024/04/01 20:17:55
Table 'NLHBlue105' 6-max Seat #6 is the button
Seat 1: Hero ($5 in chips)
Seat 2: 6e35c08a ($5.48 in chips)
Seat 3: ba3bb9ae ($5 in chips)
Seat 4: 75684f92 ($4.26 in chips)
Seat 5: 6e203b6 ($5 in chips)
Seat 6: 64f3c94b ($5.55 in chips)
Hero: posts small blind $0.02
6e35c08a: posts big blind $0.05
*** HOLE CARDS ***
Dealt to Hero [Ac 8s]
Dealt to 6e35c08a 
Dealt to ba3bb9ae 
Dealt to 75684f92 
Dealt to 6e203b6 
Dealt to 64f3c94b 
ba3bb9ae: folds
75684f92: folds
6e203b6: folds
64f3c94b: folds
Hero: folds
Uncalled bet ($0.03) returned to 6e35c08a
*** SHOWDOWN ***
6e35c08a collected $0.04 from pot
*** SUMMARY ***
Total pot $0.04 | Rake $0 | Jackpot $0 | Bingo $0 | Fortune $0 | Tax $0
Seat 1: Hero (small blind) folded before Flop
Seat 2: 6e35c08a (big blind) collected ($0.04)
Seat 3: ba3bb9ae folded before Flop (didn't bet)
Seat 4: 75684f92 folded before Flop (didn't bet)
Seat 5: 6e203b6 folded before Flop (didn't bet)
Seat 6: 64f3c94b (button) folded before Flop (didn't bet)


Poker Hand #HD1711218010: Hold'em No Limit ($0.02/$0.05) - 2024/04/01 20:16:56
Table 'NLHBlue105' 6-max Seat #5 is the button
Seat 1: Hero ($5 in chips)
Seat 2: 6e35c08a ($5.48 in chips)
Seat 3: ba3bb9ae ($5 in chips)
Seat 4: 75684f92 ($3.65 in chips)
Seat 5: 6e203b6 ($5 in chips)
Seat 6: 64f3c94b ($6.17 in chips)
64f3c94b: posts small blind $0.02
Hero: posts big blind $0.05
*** HOLE CARDS ***
Dealt to Hero [4d Ks]
Dealt to 6e35c08a 
Dealt to ba3bb9ae 
Dealt to 75684f92 
Dealt to 6e203b6 
Dealt to 64f3c94b 
6e35c08a: folds
ba3bb9ae: folds
75684f92: raises $0.05 to $0.1
6e203b6: folds
64f3c94b: calls $0.08
Hero: folds
*** FLOP *** [9h Js 6d]
64f3c94b: checks
75684f92: bets $0.13
64f3c94b: calls $0.13
*** TURN *** [9h Js 6d] [Jh]
64f3c94b: checks
75684f92: checks
*** RIVER *** [9h Js 6d Jh] [7d]
64f3c94b: checks
75684f92: bets $0.39
64f3c94b: calls $0.39
75684f92: shows [8h 8s] (Pair of Jacks and Pair of Eights)
64f3c94b: shows [2h 2s] (Pair of Jacks and Pair of Twos)
*** SHOWDOWN ***
75684f92 collected $1.23 from pot
*** SUMMARY ***
Total pot $1.29 | Rake $0.06 | Jackpot $0 | Bingo $0 | Fortune $0 | Tax $0
Board [9h Js 6d Jh 7d]
Seat 1: Hero (big blind) folded before Flop
Seat 2: 6e35c08a folded before Flop (didn't bet)
Seat 3: ba3bb9ae folded before Flop (didn't bet)
Seat 4: 75684f92 showed [8h 8s] and won ($1.23) with Pair of Jacks and Pair of Eights
Seat 5: 6e203b6 (button) folded before Flop (didn't bet)
Seat 6: 64f3c94b (small blind) showed [2h 2s] and lost with Pair of Jacks and Pair of Twos


Poker Hand #HD1711217887: Hold'em No Limit ($0.02/$0.05) - 2024/04/01 20:15:50
Table 'NLHBlue105' 6-max Seat #4 is the button
Seat 1: Hero ($5 in chips)
Seat 2: 6e35c08a ($5.48 in chips)
Seat 3: ba3bb9ae ($5 in chips)
Seat 4: 75684f92 ($4.48 in chips)
Seat 5: 6e203b6 ($5 in chips)
Seat 6: 64f3c94b ($5.45 in chips)
6e203b6: posts small blind $0.02
64f3c94b: posts big blind $0.05
*** HOLE CARDS ***
Dealt to Hero [7s 5d]
Dealt to 6e35c08a 
Dealt to ba3bb9ae 
Dealt to 75684f92 
Dealt to 6e203b6 
Dealt to 64f3c94b 
Hero: folds
6e35c08a: folds
ba3bb9ae: folds
75684f92: raises $0.05 to $0.1
6e203b6: folds
64f3c94b: raises $0.45 to $0.55
75684f92: calls $0.45
*** FLOP *** [As 5h Td]
64f3c94b: bets $0.28
75684f92: calls $0.28
*** TURN *** [As 5h Td] [Kc]
64f3c94b: checks
75684f92: checks
*** RIVER *** [As 5h Td Kc] [7h]
64f3c94b: checks
75684f92: checks
64f3c94b: shows [9s 9c] (Pair of Nines)
75684f92: shows [7d 8c] (Pair of Sevens)
*** SHOWDOWN ***
64f3c94b collected $1.55 from pot
*** SUMMARY ***
Total pot $1.68 | Rake $0.08 | Jackpot $0.05 | Bingo $0 | Fortune $0 | Tax $0
Board [As 5h Td Kc 7h]
Seat 1: Hero folded before Flop (didn't bet)
Seat 2: 6e35c08a folded before Flop (didn't bet)
Seat 3: ba3bb9ae folded before Flop (didn't bet)
Seat 4: 75684f92 (button) showed [7d 8c] and lost with Pair of Sevens
Seat 5: 6e203b6 (small blind) folded before Flop
Seat 6: 64f3c94b (big blind) showed [9s 9c] and won ($1.55) with Pair of Nines


Poker Hand #HD1711217772: Hold'em No Limit ($0.02/$0.05) - 2024/04/01 20:15:04
Table 'NLHBlue105' 6-max Seat #3 is the button
Seat 1: Hero ($5 in chips)
Seat 2: 6e35c08a ($5.48 in chips)
Seat 3: ba3bb9ae ($4.27 in chips)
Seat 4: 75684f92 ($4.26 in chips)
Seat 5: 6e203b6 ($5 in chips)
Seat 6: 64f3c94b ($5.45 in chips)
75684f92: posts small blind $0.02
6e203b6: posts big blind $0.05
*** HOLE CARDS ***
Dealt to Hero [8s 7c]
Dealt to 6e35c08a 
Dealt to ba3bb9ae 
Dealt to 75684f92 
Dealt to 6e203b6 
Dealt to 64f3c94b 
64f3c94b: folds
Hero: folds
6e35c08a: folds
ba3bb9ae: raises $0.05 to $0.1
75684f92: calls $0.08
6e203b6: folds
*** FLOP *** [Th 2s 6c]
75684f92: checks
ba3bb9ae: bets $0.09
75684f92: calls $0.09
*** TURN *** [Th 2s 6c] [Qs]
75684f92: checks
ba3bb9ae: checks
*** RIVER *** [Th 2s 6c Qs] [Js]
75684f92: bets $0.22
ba3bb9ae: folds
Uncalled bet ($0.22) returned to 75684f92
*** SHOWDOWN ***
75684f92 collected $0.41 from pot
*** SUMMARY ***
Total pot $0.43 | Rake $0.02 | Jackpot $0 | Bingo $0 | Fortune $0 | Tax $0
Board [Th 2s 6c Qs Js]
Seat 1: Hero folded before Flop (didn't bet)
Seat 2: 6e35c08a folded before Flop (didn't bet)
Seat 3: ba3bb9ae (button) folded on the River
Seat 4: 75684f92 (small blind) won ($0.41)
Seat 5: 6e203b6 (big blind) folded before Flop
Seat 6: 64f3c94b folded before Flop (didn't bet)


Poker Hand #HD1711217703: Hold'em No Limit ($0.02/$0.05) - 2024/04/01 20:14:34
Table 'NLHBlue105' 6-max Seat #2 is the button
Seat 1: Hero ($5 in chips)
Seat 2: 6e35c08a ($5.37 in chips)
Seat 3: ba3bb9ae ($4.29 in chips)
Seat 4: 75684f92 ($4.36 in chips)
Seat 5: 6e203b6 ($5 in chips)
Seat 6: 64f3c94b ($5.45 in chips)
ba3bb9ae: posts small blind $0.02
75684f92: posts big blind $0.05
*** HOLE CARDS ***
Dealt to Hero [Jd 6h]
Dealt to 6e35c08a 
Dealt to ba3bb9ae 
Dealt to 75684f92 
Dealt to 6e203b6 
Dealt to 64f3c94b 
6e203b6: folds
64f3c94b: folds
Hero: folds
6e35c08a: raises $0.05 to $0.1
ba3bb9ae: folds
75684f92: calls $0.05
*** FLOP *** [6c 7h Ks]
75684f92: checks
6e35c08a: bets $0.08
75684f92: folds
Uncalled bet ($0.08) returned to 6e35c08a
*** SHOWDOWN ***
6e35c08a collected $0.21 from pot
*** SUMMARY ***
Total pot $0.22 | Rake $0.01 | Jackpot $0 | Bingo $0 | Fortune $0 | Tax $0
Board [6c 7h Ks]
Seat 1: Hero folded before Flop (didn't bet)
Seat 2: 6e35c08a (button) won ($0.21)
Seat 3: ba3bb9ae (small blind) folded before Flop
Seat 4: 75684f92 (big blind) folded on the Flop
Seat 5: 6e203b6 folded before Flop (didn't bet)
Seat 6: 64f3c94b folded before Flop (didn't bet)


Poker Hand #HD1711217604: Hold'em No Limit ($0.02/$0.05) - 2024/04/01 20:13:52
Table 'NLHBlue105' 6-max Seat #1 is the button
Seat 1: Hero ($5 in chips)
Seat 2: 6e35c08a ($5.39 in chips)
Seat 3: ba3bb9ae ($4.39 in chips)
Seat 4: 75684f92 ($4.25 in chips)
Seat 5: 6e203b6 ($5 in chips)
Seat 6: 64f3c94b ($5.45 in chips)
6e35c08a: posts small blind $0.02
ba3bb9ae: posts big blind $0.05
*** HOLE CARDS ***
Dealt to Hero [9h 5s]
Dealt to 6e35c08a 
Dealt to ba3bb9ae 
Dealt to 75684f92 
Dealt to 6e203b6 
Dealt to 64f3c94b 
75684f92: raises $0.05 to $0.1
6e203b6: folds
64f3c94b: folds
Hero: folds
6e35c08a: folds
ba3bb9ae: calls $0.05
*** FLOP *** [7h 2c Js]
ba3bb9ae: checks
75684f92: bets $0.17
ba3bb9ae: folds
Uncalled bet ($0.17) returned to 75684f92
*** SHOWDOWN ***
75684f92 collected $0.21 from pot
*** SUMMARY ***
Total pot $0.22 | Rake $0.01 | Jackpot $0 | Bingo $0 | Fortune $0 | Tax $0
Board [7h 2c Js]
Seat 1: Hero (button) folded before Flop (didn't bet)
Seat 2: 6e35c08a (small blind) folded before Flop
Seat 3: ba3bb9ae (big blind) folded on the Flop
Seat 4: 75684f92 won ($0.21)
Seat 5: 6e203b6 folded before Flop (didn't bet)
Seat 6: 64f3c94b folded before Flop (didn't bet)


Poker Hand #HD1711217587: Hold'em No Limit ($0.02/$0.05) - 2024/04/01 20:13:42
Table 'NLHBlue105' 6-max Seat #6 is the button
Seat 1: Hero ($5 in chips)
Seat 2: 6e35c08a ($5.37 in chips)
Seat 3: ba3bb9ae ($4.39 in chips)
Seat 4: 75684f92 ($4.25 in chips)
Seat 5: 6e203b6 ($5 in chips)
Seat 6: 64f3c94b ($5.45 in chips)
Hero: posts small blind $0.02
6e35c08a: posts big blind $0.05
*** HOLE CARDS ***
Dealt to Hero [Jh 6c]
Dealt to 6e35c08a 
Dealt to ba3bb9ae 
Dealt to 75684f92 
Dealt to 6e203b6 
Dealt to 64f3c94b 
ba3bb9ae: folds
75684f92: folds
6e203b6: folds
64f3c94b: folds
Hero: folds
Uncalled bet ($0.03) returned to 6e35c08a
*** SHOWDOWN ***
6e35c08a collected $0.04 from pot
*** SUMMARY ***
Total pot $0.04 | Rake $0 | Jackpot $0 | Bingo $0 | Fortune $0 | Tax $0
Seat 1: Hero (small blind) folded before Flop
Seat 2: 6e35c08a (big blind) collected ($0.04)
Seat 3: ba3bb9ae folded before Flop (didn't bet)
Seat 4: 75684f92 folded before Flop (didn't bet)
Seat 5: 6e203b6 folded before Flop (didn't bet)
Seat 6: 64f3c94b (button) folded before Flop (didn't bet)


Poker Hand #HD1711217516: Hold'em No Limit ($0.02/$0.05) - 2024/04/01 20:13:09
Table 'NLHBlue105' 6-max Seat #5 is the button
Seat 1: Hero ($5 in chips)
Seat 2: 6e35c08a ($5.37 in chips)
Seat 3: ba3bb9ae ($4.39 in chips)
Seat 4: 75684f92 ($4.14 in chips)
Seat 5: 6e203b6 ($5 in chips)
Seat 6: 64f3c94b ($5.47 in chips)
64f3c94b: posts small blind $0.02
Hero: posts big blind $0.05
*** HOLE CARDS ***
Dealt to Hero [Th Jc]
Dealt to 6e35c08a 
Dealt to ba3bb9ae 
Dealt to 75684f92 
Dealt to 6e203b6 
Dealt to 64f3c94b 
6e35c08a: folds
ba3bb9ae: folds
75684f92: raises $0.05 to $0.1
6e203b6: folds
64f3c94b: folds
Hero: calls $0.05
*** FLOP *** [2d 5s 7h]
Hero: checks
75684f92: bets $0.08
Hero: folds
Uncalled bet ($0.08) returned to 75684f92
*** SHOWDOWN ***
75684f92 collected $0.21 from pot
*** SUMMARY ***
Total pot $0.22 | Rake $0.01 | Jackpot $0 | Bingo $0 | Fortune $0 | Tax $0
Board [2d 5s 7h]
Seat 1: Hero (big blind) folded on the Flop
Seat 2: 6e35c08a folded before Flop (didn't bet)
Seat 3: ba3bb9ae folded before Flop (didn't bet)
Seat 4: 75684f92 won ($0.21)
Seat 5: 6e203b6 (button) folded before Flop (didn't bet)
Seat 6: 64f3c94b (small blind) folded before Flop


