Poker Hand #HD1730114925: Hold'em No Limit ($0.02/$0.05) - 2024/04/14 17:10:05
Table 'NLHBlue1' 6-max Seat #5 is the button
Seat 1: Hero ($6.34 in chips)
Seat 2: fffe92a7 ($5.12 in chips)
Seat 3: 3e3ba9dd ($5.22 in chips)
Seat 5: 343a6074 ($6.82 in chips)
Seat 6: fcffda37 ($4.92 in chips)
fcffda37: posts small blind $0.02
Hero: posts big blind $0.05
*** HOLE CARDS ***
Dealt to Hero [8h 9s]
Dealt to fffe92a7 
Dealt to 3e3ba9dd 
Dealt to 343a6074 
Dealt to fcffda37 
fffe92a7: folds
3e3ba9dd: folds
343a6074: folds
fcffda37: raises $0.08 to $0.13
Hero: folds
Uncalled bet ($0.08) returned to fcffda37
*** SHOWDOWN ***
fcffda37 collected $0.1 from pot
*** SUMMARY ***
Total pot $0.1 | Rake $0 | Jackpot $0 | Bingo $0 | Fortune $0 | Tax $0
Seat 1: Hero (big blind) folded before Flop
Seat 2: fffe92a7 folded before Flop (didn't bet)
Seat 3: 3e3ba9dd folded before Flop (didn't bet)
Seat 5: 343a6074 (button) folded before Flop (didn't bet)
Seat 6: fcffda37 (small blind) collected ($0.1)


Poker Hand #HD1730114834: Hold'em No Limit ($0.02/$0.05) - 2024/04/14 17:09:27
Table 'NLHBlue1' 6-max Seat #3 is the button
Seat 1: Hero ($6.34 in chips)
Seat 2: fffe92a7 ($5.12 in chips)
Seat 3: 3e3ba9dd ($5.08 in chips)
Seat 5: 343a6074 ($6.84 in chips)
Seat 6: fcffda37 ($5.05 in chips)
343a6074: posts small blind $0.02
fcffda37: posts big blind $0.05
*** HOLE CARDS ***
Dealt to Hero [3s 2d]
Dealt to fffe92a7 
Dealt to 3e3ba9dd 
Dealt to 343a6074 
Dealt to fcffda37 
Hero: folds
fffe92a7: folds
3e3ba9dd: raises $0.08 to $0.13
343a6074: folds
fcffda37: calls $0.08
*** FLOP *** [4d Qc Jh]
fcffda37: checks
3e3ba9dd: bets $0.16
fcffda37: folds
Uncalled bet ($0.16) returned to 3e3ba9dd
*** SHOWDOWN ***
3e3ba9dd collected $0.27 from pot
*** SUMMARY ***
Total pot $0.28 | Rake $0.01 | Jackpot $0 | Bingo $0 | Fortune $0 | Tax $0
Board [4d Qc Jh]
Seat 1: Hero folded before Flop (didn't bet)
Seat 2: fffe92a7 folded before Flop (didn't bet)
Seat 3: 3e3ba9dd (button) won ($0.27)
Seat 5: 343a6074 (small blind) folded before Flop
Seat 6: fcffda37 (big blind) folded on the Flop


Poker Hand #HD1730114697: Hold'em No Limit ($0.02/$0.05) - 2024/04/14 17:08:26
Table 'NLHBlue1' 6-max Seat #2 is the button
Seat 1: Hero ($6.34 in chips)
Seat 2: fffe92a7 ($5.12 in chips)
Seat 3: 3e3ba9dd ($5.1 in chips)
Seat 5: 343a6074 ($7.47 in chips)
Seat 6: fcffda37 ($4.46 in chips)
3e3ba9dd: posts small blind $0.02
343a6074: posts big blind $0.05
*** HOLE CARDS ***
Dealt to Hero [8s 7s]
Dealt to fffe92a7 
Dealt to 3e3ba9dd 
Dealt to 343a6074 
Dealt to fcffda37 
fcffda37: raises $0.08 to $0.13
Hero: folds
fffe92a7: folds
3e3ba9dd: folds
343a6074: calls $0.08
*** FLOP *** [2s Kh 7h]
343a6074: bets $0.18
fcffda37: calls $0.18
*** TURN *** [2s Kh 7h] [4c]
343a6074: checks
fcffda37: bets $0.32
343a6074: calls $0.32
*** RIVER *** [2s Kh 7h 4c] [3c]
343a6074: checks
fcffda37: bets $0.64
343a6074: folds
Uncalled bet ($0.64) returned to fcffda37
*** SHOWDOWN ***
fcffda37 collected $1.22 from pot
*** SUMMARY ***
Total pot $1.28 | Rake $0.06 | Jackpot $0 | Bingo $0 | Fortune $0 | Tax $0
Board [2s Kh 7h 4c 3c]
Seat 1: Hero folded before Flop (didn't bet)
Seat 2: fffe92a7 (button) folded before Flop (didn't bet)
Seat 3: 3e3ba9dd (small blind) folded before Flop
Seat 5: 343a6074 (big blind) folded on the River
Seat 6: fcffda37 won ($1.22)


Poker Hand #HD1730114628: Hold'em No Limit ($0.02/$0.05) - 2024/04/14 17:07:56
Table 'NLHBlue1' 6-max Seat #1 is the button
Seat 1: Hero ($6.27 in chips)
Seat 2: fffe92a7 ($5.14 in chips)
Seat 3: 3e3ba9dd ($5.15 in chips)
Seat 4: 4b81af74 ($6.92 in chips)
Seat 5: 343a6074 ($7.47 in chips)
Seat 6: fcffda37 ($4.46 in chips)
fffe92a7: posts small blind $0.02
3e3ba9dd: posts big blind $0.05
*** HOLE CARDS ***
Dealt to Hero [Ad 6d]
Dealt to fffe92a7 
Dealt to 3e3ba9dd 
Dealt to 4b81af74 
Dealt to 343a6074 
Dealt to fcffda37 
4b81af74: folds
343a6074: folds
fcffda37: folds
Hero: raises $0.07 to $0.12
fffe92a7: folds
3e3ba9dd: folds
Uncalled bet ($0.07) returned to Hero
*** SHOWDOWN ***
Hero collected $0.12 from pot
*** SUMMARY ***
Total pot $0.12 | Rake $0 | Jackpot $0 | Bingo $0 | Fortune $0 | Tax $0
Seat 1: Hero (button) collected ($0.12)
Seat 2: fffe92a7 (small blind) folded before Flop
Seat 3: 3e3ba9dd (big blind) folded before Flop
Seat 4: 4b81af74 folded before Flop (didn't bet)
Seat 5: 343a6074 folded before Flop (didn't bet)
Seat 6: fcffda37 folded before Flop (didn't bet)


Poker Hand #HD1730114494: Hold'em No Limit ($0.02/$0.05) - 2024/04/14 17:07:00
Table 'NLHBlue1' 6-max Seat #6 is the button
Seat 1: Hero ($6.29 in chips)
Seat 2: fffe92a7 ($5 in chips)
Seat 3: 3e3ba9dd ($5.28 in chips)
Seat 4: 4b81af74 ($6.92 in chips)
Seat 5: 343a6074 ($7.47 in chips)
Seat 6: fcffda37 ($4.46 in chips)
Hero: posts small blind $0.02
fffe92a7: posts big blind $0.05
*** HOLE CARDS ***
Dealt to Hero [Kc Jd]
Dealt to fffe92a7 
Dealt to 3e3ba9dd 
Dealt to 4b81af74 
Dealt to 343a6074 
Dealt to fcffda37 
3e3ba9dd: raises $0.08 to $0.13
4b81af74: folds
343a6074: folds
fcffda37: folds
Hero: folds
fffe92a7: calls $0.08
*** FLOP *** [5s 2h Jh]
fffe92a7: checks
3e3ba9dd: checks
*** TURN *** [5s 2h Jh] [Th]
fffe92a7: bets $0.14
3e3ba9dd: folds
Uncalled bet ($0.14) returned to fffe92a7
*** SHOWDOWN ***
fffe92a7 collected $0.27 from pot
*** SUMMARY ***
Total pot $0.28 | Rake $0.01 | Jackpot $0 | Bingo $0 | Fortune $0 | Tax $0
Board [5s 2h Jh Th]
Seat 1: Hero (small blind) folded before Flop
Seat 2: fffe92a7 (big blind) won ($0.27)
Seat 3: 3e3ba9dd folded on the Turn
Seat 4: 4b81af74 folded before Flop (didn't bet)
Seat 5: 343a6074 folded before Flop (didn't bet)
Seat 6: fcffda37 (button) folded before Flop (didn't bet)


Poker Hand #HD1730114420: Hold'em No Limit ($0.02/$0.05) - 2024/04/14 17:06:27
Table 'NLHBlue1' 6-max Seat #5 is the button
Seat 1: Hero ($6.34 in chips)
Seat 2: fffe92a7 ($5 in chips)
Seat 3: 3e3ba9dd ($5.28 in chips)
Seat 4: 4b81af74 ($6.97 in chips)
Seat 5: 343a6074 ($7.35 in chips)
Seat 6: fcffda37 ($4.48 in chips)
fcffda37: posts small blind $0.02
Hero: posts big blind $0.05
*** HOLE CARDS ***
Dealt to Hero [6c 3d]
Dealt to fffe92a7 
Dealt to 3e3ba9dd 
Dealt to 4b81af74 
Dealt to 343a6074 
Dealt to fcffda37 
fffe92a7: folds
3e3ba9dd: folds
4b81af74: calls $0.05
343a6074: raises $0.15 to $0.2
fcffda37: folds
Hero: folds
4b81af74: folds
Uncalled bet ($0.15) returned to 343a6074
*** SHOWDOWN ***
343a6074 collected $0.17 from pot
*** SUMMARY ***
Total pot $0.17 | Rake $0 | Jackpot $0 | Bingo $0 | Fortune $0 | Tax $0
Seat 1: Hero (big blind) folded before Flop
Seat 2: fffe92a7 folded before Flop (didn't bet)
Seat 3: 3e3ba9dd folded before Flop (didn't bet)
Seat 4: 4b81af74 folded before Flop
Seat 5: 343a6074 (button) collected ($0.17)
Seat 6: fcffda37 (small blind) folded before Flop


Poker Hand #HD1730114307: Hold'em No Limit ($0.02/$0.05) - 2024/04/14 17:05:45
Table 'NLHBlue1' 6-max Seat #4 is the button
Seat 1: Hero ($6.34 in chips)
Seat 2: fffe92a7 ($5 in chips)
Seat 3: 3e3ba9dd ($5.14 in chips)
Seat 4: 4b81af74 ($6.97 in chips)
Seat 5: 343a6074 ($7.37 in chips)
Seat 6: fcffda37 ($4.61 in chips)
343a6074: posts small blind $0.02
fcffda37: posts big blind $0.05
*** HOLE CARDS ***
Dealt to Hero [7d 6s]
Dealt to fffe92a7 
Dealt to 3e3ba9dd 
Dealt to 4b81af74 
Dealt to 343a6074 
Dealt to fcffda37 
Hero: folds
fffe92a7: folds
3e3ba9dd: raises $0.08 to $0.13
4b81af74: folds
343a6074: folds
fcffda37: calls $0.08
*** FLOP *** [7s 6c Tc]
fcffda37: checks
3e3ba9dd: bets $0.1
fcffda37: folds
Uncalled bet ($0.1) returned to 3e3ba9dd
*** SHOWDOWN ***
3e3ba9dd collected $0.27 from pot
*** SUMMARY ***
Total pot $0.28 | Rake $0.01 | Jackpot $0 | Bingo $0 | Fortune $0 | Tax $0
Board [7s 6c Tc]
Seat 1: Hero folded before Flop (didn't bet)
Seat 2: fffe92a7 folded before Flop (didn't bet)
Seat 3: 3e3ba9dd won ($0.27)
Seat 4: 4b81af74 (button) folded before Flop (didn't bet)
Seat 5: 343a6074 (small blind) folded before Flop
Seat 6: fcffda37 (big blind) folded on the Flop


Poker Hand #HD1730114142: Hold'em No Limit ($0.02/$0.05) - 2024/04/14 17:04:46
Table 'NLHBlue1' 6-max Seat #3 is the button
Seat 1: Hero ($6.2 in chips)
Seat 2: fffe92a7 ($5 in chips)
Seat 3: 3e3ba9dd ($5.14 in chips)
Seat 4: 4b81af74 ($7.07 in chips)
Seat 5: 343a6074 ($7.42 in chips)
Seat 6: fcffda37 ($4.61 in chips)
4b81af74: posts small blind $0.02
343a6074: posts big blind $0.05
*** HOLE CARDS ***
Dealt to Hero [Th 7h]
Dealt to fffe92a7 
Dealt to 3e3ba9dd 
Dealt to 4b81af74 
Dealt to 343a6074 
Dealt to fcffda37 
fcffda37: folds
Hero: raises $0.05 to $0.1
fffe92a7: folds
3e3ba9dd: folds
4b81af74: calls $0.08
343a6074: folds
*** FLOP *** [Td Kh 6h]
4b81af74: checks
Hero: bets $0.15
4b81af74: folds
Uncalled bet ($0.15) returned to Hero
*** SHOWDOWN ***
Hero collected $0.24 from pot
*** SUMMARY ***
Total pot $0.25 | Rake $0.01 | Jackpot $0 | Bingo $0 | Fortune $0 | Tax $0
Board [Td Kh 6h]
Seat 1: Hero won ($0.24)
Seat 2: fffe92a7 folded before Flop (didn't bet)
Seat 3: 3e3ba9dd (button) folded before Flop (didn't bet)
Seat 4: 4b81af74 (small blind) folded on the Flop
Seat 5: 343a6074 (big blind) folded before Flop
Seat 6: fcffda37 folded before Flop (didn't bet)


Poker Hand #HD1730113971: Hold'em No Limit ($0.02/$0.05) - 2024/04/14 17:03:27
Table 'NLHBlue1' 6-max Seat #2 is the button
Seat 1: Hero ($6.2 in chips)
Seat 2: fffe92a7 ($5 in chips)
Seat 3: 3e3ba9dd ($5.16 in chips)
Seat 4: 4b81af74 ($6.8 in chips)
Seat 5: 343a6074 ($7.69 in chips)
Seat 6: fcffda37 ($4.61 in chips)
3e3ba9dd: posts small blind $0.02
4b81af74: posts big blind $0.05
*** HOLE CARDS ***
Dealt to Hero [8c Jh]
Dealt to fffe92a7 
Dealt to 3e3ba9dd 
Dealt to 4b81af74 
Dealt to 343a6074 
Dealt to fcffda37 
343a6074: raises $0.07 to $0.12
fcffda37: folds
Hero: folds
fffe92a7: folds
3e3ba9dd: folds
4b81af74: calls $0.07
*** FLOP *** [3h 8s 6c]
4b81af74: checks
343a6074: checks
*** TURN *** [3h 8s 6c] [4c]
4b81af74: bets $0.15
343a6074: calls $0.15
*** RIVER *** [3h 8s 6c 4c] [3d]
4b81af74: bets $0.28
343a6074: folds
Uncalled bet ($0.28) returned to 4b81af74
*** SHOWDOWN ***
4b81af74 collected $0.54 from pot
*** SUMMARY ***
Total pot $0.56 | Rake $0.02 | Jackpot $0 | Bingo $0 | Fortune $0 | Tax $0
Board [3h 8s 6c 4c 3d]
Seat 1: Hero folded before Flop (didn't bet)
Seat 2: fffe92a7 (button) folded before Flop (didn't bet)
Seat 3: 3e3ba9dd (small blind) folded before Flop
Seat 4: 4b81af74 (big blind) won ($0.54)
Seat 5: 343a6074 folded on the River
Seat 6: fcffda37 folded before Flop (didn't bet)


Poker Hand #HD1730113818: Hold'em No Limit ($0.02/$0.05) - 2024/04/14 17:02:26
Table 'NLHBlue1' 6-max Seat #1 is the button
Seat 1: Hero ($5.77 in chips)
Seat 2: fffe92a7 ($5.02 in chips)
Seat 3: 3e3ba9dd ($5.21 in chips)
Seat 4: 4b81af74 ($7.2 in chips)
Seat 5: 343a6074 ($7.69 in chips)
Seat 6: fcffda37 ($4.61 in chips)
fffe92a7: posts small blind $0.02
3e3ba9dd: posts big blind $0.05
*** HOLE CARDS ***
Dealt to Hero [Kc Ac]
Dealt to fffe92a7 
Dealt to 3e3ba9dd 
Dealt to 4b81af74 
Dealt to 343a6074 
Dealt to fcffda37 
4b81af74: raises $0.08 to $0.13
343a6074: folds
fcffda37: folds
Hero: raises $0.27 to $0.4
fffe92a7: folds
3e3ba9dd: folds
4b81af74: calls $0.27
*** FLOP *** [Ks 3s Kh]
4b81af74: checks
Hero: checks
*** TURN *** [Ks 3s Kh] [2h]
4b81af74: checks
Hero: bets $0.35
4b81af74: folds
Uncalled bet ($0.35) returned to Hero
*** SHOWDOWN ***
Hero collected $0.83 from pot
*** SUMMARY ***
Total pot $0.87 | Rake $0.04 | Jackpot $0 | Bingo $0 | Fortune $0 | Tax $0
Board [Ks 3s Kh 2h]
Seat 1: Hero (button) won ($0.83)
Seat 2: fffe92a7 (small blind) folded before Flop
Seat 3: 3e3ba9dd (big blind) folded before Flop
Seat 4: 4b81af74 folded on the Turn
Seat 5: 343a6074 folded before Flop (didn't bet)
Seat 6: fcffda37 folded before Flop (didn't bet)


Poker Hand #HD1730113789: Hold'em No Limit ($0.02/$0.05) - 2024/04/14 17:02:14
Table 'NLHBlue1' 6-max Seat #6 is the button
Seat 1: Hero ($5.79 in chips)
Seat 2: fffe92a7 ($5 in chips)
Seat 3: 3e3ba9dd ($5.21 in chips)
Seat 4: 4b81af74 ($7.2 in chips)
Seat 5: 343a6074 ($7.69 in chips)
Seat 6: fcffda37 ($4.61 in chips)
Hero: posts small blind $0.02
fffe92a7: posts big blind $0.05
*** HOLE CARDS ***
Dealt to Hero [Tc 5h]
Dealt to fffe92a7 
Dealt to 3e3ba9dd 
Dealt to 4b81af74 
Dealt to 343a6074 
Dealt to fcffda37 
3e3ba9dd: folds
4b81af74: folds
343a6074: folds
fcffda37: folds
Hero: folds
Uncalled bet ($0.03) returned to fffe92a7
*** SHOWDOWN ***
fffe92a7 collected $0.04 from pot
*** SUMMARY ***
Total pot $0.04 | Rake $0 | Jackpot $0 | Bingo $0 | Fortune $0 | Tax $0
Seat 1: Hero (small blind) folded before Flop
Seat 2: fffe92a7 (big blind) collected ($0.04)
Seat 3: 3e3ba9dd folded before Flop (didn't bet)
Seat 4: 4b81af74 folded before Flop (didn't bet)
Seat 5: 343a6074 folded before Flop (didn't bet)
Seat 6: fcffda37 (button) folded before Flop (didn't bet)


Poker Hand #HD1730113733: Hold'em No Limit ($0.02/$0.05) - 2024/04/14 17:01:52
Table 'NLHBlue1' 6-max Seat #5 is the button
Seat 1: Hero ($5.84 in chips)
Seat 2: fffe92a7 ($5 in chips)
Seat 3: 3e3ba9dd ($5.21 in chips)
Seat 4: 4b81af74 ($7.2 in chips)
Seat 5: 343a6074 ($7.69 in chips)
Seat 6: fcffda37 ($4.56 in chips)
fcffda37: posts small blind $0.02
Hero: posts big blind $0.05
*** HOLE CARDS ***
Dealt to Hero [4d 2c]
Dealt to fffe92a7 
Dealt to 3e3ba9dd 
Dealt to 4b81af74 
Dealt to 343a6074 
Dealt to fcffda37 
fffe92a7: folds
3e3ba9dd: folds
4b81af74: folds
343a6074: folds
fcffda37: raises $0.08 to $0.13
Hero: folds
Uncalled bet ($0.08) returned to fcffda37
*** SHOWDOWN ***
fcffda37 collected $0.1 from pot
*** SUMMARY ***
Total pot $0.1 | Rake $0 | Jackpot $0 | Bingo $0 | Fortune $0 | Tax $0
Seat 1: Hero (big blind) folded before Flop
Seat 2: fffe92a7 folded before Flop (didn't bet)
Seat 3: 3e3ba9dd folded before Flop (didn't bet)
Seat 4: 4b81af74 folded before Flop (didn't bet)
Seat 5: 343a6074 (button) folded before Flop (didn't bet)
Seat 6: fcffda37 (small blind) collected ($0.1)


Poker Hand #HD1730113684: Hold'em No Limit ($0.02/$0.05) - 2024/04/14 17:01:34
Table 'NLHBlue1' 6-max Seat #4 is the button
Seat 1: Hero ($5.84 in chips)
Seat 2: fffe92a7 ($5 in chips)
Seat 3: 3e3ba9dd ($5.21 in chips)
Seat 4: 4b81af74 ($7.2 in chips)
Seat 5: 343a6074 ($7.71 in chips)
Seat 6: fcffda37 ($4.54 in chips)
343a6074: posts small blind $0.02
fcffda37: posts big blind $0.05
*** HOLE CARDS ***
Dealt to Hero [3c 2h]
Dealt to fffe92a7 
Dealt to 3e3ba9dd 
Dealt to 4b81af74 
Dealt to 343a6074 
Dealt to fcffda37 
Hero: folds
fffe92a7: folds
3e3ba9dd: folds
4b81af74: folds
343a6074: folds
Uncalled bet ($0.03) returned to fcffda37
*** SHOWDOWN ***
fcffda37 collected $0.04 from pot
*** SUMMARY ***
Total pot $0.04 | Rake $0 | Jackpot $0 | Bingo $0 | Fortune $0 | Tax $0
Seat 1: Hero folded before Flop (didn't bet)
Seat 2: fffe92a7 folded before Flop (didn't bet)
Seat 3: 3e3ba9dd folded before Flop (didn't bet)
Seat 4: 4b81af74 (button) folded before Flop (didn't bet)
Seat 5: 343a6074 (small blind) folded before Flop
Seat 6: fcffda37 (big blind) collected ($0.04)


Poker Hand #HD1730113586: Hold'em No Limit ($0.02/$0.05) - 2024/04/14 17:00:47
Table 'NLHBlue1' 6-max Seat #3 is the button
Seat 1: Hero ($5.55 in chips)
Seat 2: fffe92a7 ($5 in chips)
Seat 3: 3e3ba9dd ($5.21 in chips)
Seat 4: 4b81af74 ($7.47 in chips)
Seat 5: 343a6074 ($7.76 in chips)
4b81af74: posts small blind $0.02
343a6074: posts big blind $0.05
*** HOLE CARDS ***
Dealt to Hero [Kd Jd]
Dealt to fffe92a7 
Dealt to 3e3ba9dd 
Dealt to 4b81af74 
Dealt to 343a6074 
Hero: raises $0.07 to $0.12
fffe92a7: folds
3e3ba9dd: folds
4b81af74: calls $0.1
343a6074: folds
*** FLOP *** [3h Ks 2s]
4b81af74: bets $0.15
Hero: calls $0.15
*** TURN *** [3h Ks 2s] [7d]
4b81af74: checks
Hero: bets $0.3
4b81af74: folds
Uncalled bet ($0.3) returned to Hero
*** SHOWDOWN ***
Hero collected $0.56 from pot
*** SUMMARY ***
Total pot $0.59 | Rake $0.03 | Jackpot $0 | Bingo $0 | Fortune $0 | Tax $0
Board [3h Ks 2s 7d]
Seat 1: Hero won ($0.56)
Seat 2: fffe92a7 folded before Flop (didn't bet)
Seat 3: 3e3ba9dd (button) folded before Flop (didn't bet)
Seat 4: 4b81af74 (small blind) folded on the Turn
Seat 5: 343a6074 (big blind) folded before Flop


Poker Hand #HD1730113497: Hold'em No Limit ($0.02/$0.05) - 2024/04/14 17:00:13
Table 'NLHBlue1' 6-max Seat #2 is the button
Seat 1: Hero ($5.42 in chips)
Seat 2: fffe92a7 ($5 in chips)
Seat 3: 3e3ba9dd ($5.23 in chips)
Seat 4: 4b81af74 ($7.59 in chips)
Seat 5: 343a6074 ($7.76 in chips)
3e3ba9dd: posts small blind $0.02
4b81af74: posts big blind $0.05
*** HOLE CARDS ***
Dealt to Hero [Jd Ks]
Dealt to fffe92a7 
Dealt to 3e3ba9dd 
Dealt to 4b81af74 
Dealt to 343a6074 
343a6074: folds
Hero: raises $0.07 to $0.12
fffe92a7: folds
3e3ba9dd: folds
4b81af74: calls $0.07
*** FLOP *** [8d Ad 3h]
4b81af74: checks
Hero: bets $0.15
4b81af74: folds
Uncalled bet ($0.15) returned to Hero
*** SHOWDOWN ***
Hero collected $0.25 from pot
*** SUMMARY ***
Total pot $0.26 | Rake $0.01 | Jackpot $0 | Bingo $0 | Fortune $0 | Tax $0
Board [8d Ad 3h]
Seat 1: Hero won ($0.25)
Seat 2: fffe92a7 (button) folded before Flop (didn't bet)
Seat 3: 3e3ba9dd (small blind) folded before Flop
Seat 4: 4b81af74 (big blind) folded on the Flop
Seat 5: 343a6074 folded before Flop (didn't bet)


Poker Hand #HD1730113477: Hold'em No Limit ($0.02/$0.05) - 2024/04/14 17:00:06
Table 'NLHBlue1' 6-max Seat #1 is the button
Seat 1: Hero ($5.42 in chips)
Seat 2: fffe92a7 ($5 in chips)
Seat 3: 3e3ba9dd ($5.21 in chips)
Seat 4: 4b81af74 ($7.59 in chips)
Seat 5: 343a6074 ($7.76 in chips)
fffe92a7: posts small blind $0.02
3e3ba9dd: posts big blind $0.05
*** HOLE CARDS ***
Dealt to Hero [6s Jh]
Dealt to fffe92a7 
Dealt to 3e3ba9dd 
Dealt to 4b81af74 
Dealt to 343a6074 
4b81af74: folds
343a6074: folds
Hero: folds
fffe92a7: folds
Uncalled bet ($0.03) returned to 3e3ba9dd
*** SHOWDOWN ***
3e3ba9dd collected $0.04 from pot
*** SUMMARY ***
Total pot $0.04 | Rake $0 | Jackpot $0 | Bingo $0 | Fortune $0 | Tax $0
Seat 1: Hero (button) folded before Flop (didn't bet)
Seat 2: fffe92a7 (small blind) folded before Flop
Seat 3: 3e3ba9dd (big blind) collected ($0.04)
Seat 4: 4b81af74 folded before Flop (didn't bet)
Seat 5: 343a6074 folded before Flop (didn't bet)


Poker Hand #HD1730113332: Hold'em No Limit ($0.02/$0.05) - 2024/04/14 16:59:04
Table 'NLHBlue1' 6-max Seat #5 is the button
Seat 1: Hero ($5.62 in chips)
Seat 2: fffe92a7 ($5 in chips)
Seat 3: 3e3ba9dd ($5.21 in chips)
Seat 4: 4b81af74 ($7.36 in chips)
Seat 5: 343a6074 ($7.76 in chips)
Hero: posts small blind $0.02
fffe92a7: posts big blind $0.05
*** HOLE CARDS ***
Dealt to Hero [Ts Ac]
Dealt to fffe92a7 
Dealt to 3e3ba9dd 
Dealt to 4b81af74 
Dealt to 343a6074 
3e3ba9dd: folds
4b81af74: calls $0.05
343a6074: folds
Hero: raises $0.15 to $0.2
fffe92a7: folds
4b81af74: calls $0.15
*** FLOP *** [Td 9c Kh]
Hero: checks
4b81af74: bets $0.23
Hero: folds
Uncalled bet ($0.23) returned to 4b81af74
*** SHOWDOWN ***
4b81af74 collected $0.43 from pot
*** SUMMARY ***
Total pot $0.45 | Rake $0.02 | Jackpot $0 | Bingo $0 | Fortune $0 | Tax $0
Board [Td 9c Kh]
Seat 1: Hero (small blind) folded on the Flop
Seat 2: fffe92a7 (big blind) folded before Flop
Seat 3: 3e3ba9dd folded before Flop (didn't bet)
Seat 4: 4b81af74 won ($0.43)
Seat 5: 343a6074 (button) folded before Flop (didn't bet)


Poker Hand #HD1730113243: Hold'em No Limit ($0.02/$0.05) - 2024/04/14 16:58:27
Table 'NLHBlue1' 6-max Seat #4 is the button
Seat 1: Hero ($5.48 in chips)
Seat 2: fffe92a7 ($5 in chips)
Seat 3: 3e3ba9dd ($5.21 in chips)
Seat 4: 4b81af74 ($7.49 in chips)
Seat 5: 343a6074 ($7.78 in chips)
343a6074: posts small blind $0.02
Hero: posts big blind $0.05
*** HOLE CARDS ***
Dealt to Hero [Qh Qd]
Dealt to fffe92a7 
Dealt to 3e3ba9dd 
Dealt to 4b81af74 
Dealt to 343a6074 
fffe92a7: folds
3e3ba9dd: folds
4b81af74: raises $0.08 to $0.13
343a6074: folds
Hero: raises $0.42 to $0.55
4b81af74: folds
Uncalled bet ($0.42) returned to Hero
*** SHOWDOWN ***
Hero collected $0.27 from pot
*** SUMMARY ***
Total pot $0.28 | Rake $0.01 | Jackpot $0 | Bingo $0 | Fortune $0 | Tax $0
Seat 1: Hero (big blind) collected ($0.27)
Seat 2: fffe92a7 folded before Flop (didn't bet)
Seat 3: 3e3ba9dd folded before Flop (didn't bet)
Seat 4: 4b81af74 (button) folded before Flop
Seat 5: 343a6074 (small blind) folded before Flop


Poker Hand #HD1730113196: Hold'em No Limit ($0.02/$0.05) - 2024/04/14 16:58:06
Table 'NLHBlue1' 6-max Seat #3 is the button
Seat 1: Hero ($5.48 in chips)
Seat 2: fffe92a7 ($5 in chips)
Seat 3: 3e3ba9dd ($5.21 in chips)
Seat 4: 4b81af74 ($7.44 in chips)
Seat 5: 343a6074 ($7.83 in chips)
4b81af74: posts small blind $0.02
343a6074: posts big blind $0.05
*** HOLE CARDS ***
Dealt to Hero [3d 6d]
Dealt to fffe92a7 
Dealt to 3e3ba9dd 
Dealt to 4b81af74 
Dealt to 343a6074 
Hero: folds
fffe92a7: folds
3e3ba9dd: folds
4b81af74: raises $0.08 to $0.13
343a6074: folds
Uncalled bet ($0.08) returned to 4b81af74
*** SHOWDOWN ***
4b81af74 collected $0.1 from pot
*** SUMMARY ***
Total pot $0.1 | Rake $0 | Jackpot $0 | Bingo $0 | Fortune $0 | Tax $0
Seat 1: Hero folded before Flop (didn't bet)
Seat 2: fffe92a7 folded before Flop (didn't bet)
Seat 3: 3e3ba9dd (button) folded before Flop (didn't bet)
Seat 4: 4b81af74 (small blind) collected ($0.1)
Seat 5: 343a6074 (big blind) folded before Flop


Poker Hand #HD1730113107: Hold'em No Limit ($0.02/$0.05) - 2024/04/14 16:57:27
Table 'NLHBlue1' 6-max Seat #2 is the button
Seat 1: Hero ($5.48 in chips)
Seat 2: fffe92a7 ($5 in chips)
Seat 3: 3e3ba9dd ($5.59 in chips)
Seat 4: 4b81af74 ($7.09 in chips)
3e3ba9dd: posts small blind $0.02
4b81af74: posts big blind $0.05
*** HOLE CARDS ***
Dealt to Hero [Jh 4s]
Dealt to fffe92a7 
Dealt to 3e3ba9dd 
Dealt to 4b81af74 
Hero: folds
fffe92a7: folds
3e3ba9dd: raises $0.13 to $0.18
4b81af74: calls $0.13
*** FLOP *** [Kd 2s 3c]
3e3ba9dd: bets $0.2
4b81af74: calls $0.2
*** TURN *** [Kd 2s 3c] [6h]
3e3ba9dd: checks
4b81af74: bets $0.38
3e3ba9dd: folds
Uncalled bet ($0.38) returned to 4b81af74
*** SHOWDOWN ***
4b81af74 collected $0.73 from pot
*** SUMMARY ***
Total pot $0.76 | Rake $0.03 | Jackpot $0 | Bingo $0 | Fortune $0 | Tax $0
Board [Kd 2s 3c 6h]
Seat 1: Hero folded before Flop (didn't bet)
Seat 2: fffe92a7 (button) folded before Flop (didn't bet)
Seat 3: 3e3ba9dd (small blind) folded on the Turn
Seat 4: 4b81af74 (big blind) won ($0.73)


Poker Hand #HD1730113054: Hold'em No Limit ($0.02/$0.05) - 2024/04/14 16:57:02
Table 'NLHBlue1' 6-max Seat #1 is the button
Seat 1: Hero ($5.48 in chips)
Seat 2: fffe92a7 ($5 in chips)
Seat 3: 3e3ba9dd ($5.64 in chips)
Seat 4: 4b81af74 ($7.02 in chips)
fffe92a7: posts small blind $0.02
3e3ba9dd: posts big blind $0.05
*** HOLE CARDS ***
Dealt to Hero [7h 3s]
Dealt to fffe92a7 
Dealt to 3e3ba9dd 
Dealt to 4b81af74 
4b81af74: raises $0.08 to $0.13
Hero: folds
fffe92a7: folds
3e3ba9dd: folds
Uncalled bet ($0.08) returned to 4b81af74
*** SHOWDOWN ***
4b81af74 collected $0.12 from pot
*** SUMMARY ***
Total pot $0.12 | Rake $0 | Jackpot $0 | Bingo $0 | Fortune $0 | Tax $0
Seat 1: Hero (button) folded before Flop (didn't bet)
Seat 2: fffe92a7 (small blind) folded before Flop
Seat 3: 3e3ba9dd (big blind) folded before Flop
Seat 4: 4b81af74 collected ($0.12)


Poker Hand #HD1730112997: Hold'em No Limit ($0.02/$0.05) - 2024/04/14 16:56:36
Table 'NLHBlue1' 6-max Seat #4 is the button
Seat 1: Hero ($5.5 in chips)
Seat 2: fffe92a7 ($5.05 in chips)
Seat 3: 3e3ba9dd ($5.77 in chips)
Seat 4: 4b81af74 ($6.83 in chips)
Hero: posts small blind $0.02
fffe92a7: posts big blind $0.05
*** HOLE CARDS ***
Dealt to Hero [5s 2d]
Dealt to fffe92a7 
Dealt to 3e3ba9dd 
Dealt to 4b81af74 
3e3ba9dd: raises $0.08 to $0.13
4b81af74: raises $0.33 to $0.46
Hero: folds
fffe92a7: folds
3e3ba9dd: folds
Uncalled bet ($0.33) returned to 4b81af74
*** SHOWDOWN ***
4b81af74 collected $0.32 from pot
*** SUMMARY ***
Total pot $0.33 | Rake $0.01 | Jackpot $0 | Bingo $0 | Fortune $0 | Tax $0
Seat 1: Hero (small blind) folded before Flop
Seat 2: fffe92a7 (big blind) folded before Flop
Seat 3: 3e3ba9dd folded before Flop
Seat 4: 4b81af74 (button) collected ($0.32)


Poker Hand #HD1730112981: Hold'em No Limit ($0.02/$0.05) - 2024/04/14 16:56:28
Table 'NLHBlue1' 6-max Seat #3 is the button
Seat 1: Hero ($5.48 in chips)
Seat 2: fffe92a7 ($5.05 in chips)
Seat 3: 3e3ba9dd ($5.77 in chips)
Seat 4: 4b81af74 ($6.85 in chips)
4b81af74: posts small blind $0.02
Hero: posts big blind $0.05
*** HOLE CARDS ***
Dealt to Hero [7h 7s]
Dealt to fffe92a7 
Dealt to 3e3ba9dd 
Dealt to 4b81af74 
fffe92a7: folds
3e3ba9dd: folds
4b81af74: folds
Uncalled bet ($0.03) returned to Hero
*** SHOWDOWN ***
Hero collected $0.04 from pot
*** SUMMARY ***
Total pot $0.04 | Rake $0 | Jackpot $0 | Bingo $0 | Fortune $0 | Tax $0
Seat 1: Hero (big blind) collected ($0.04)
Seat 2: fffe92a7 folded before Flop (didn't bet)
Seat 3: 3e3ba9dd (button) folded before Flop (didn't bet)
Seat 4: 4b81af74 (small blind) folded before Flop


Poker Hand #HD1730112867: Hold'em No Limit ($0.02/$0.05) - 2024/04/14 16:55:37
Table 'NLHBlue1' 6-max Seat #2 is the button
Seat 1: Hero ($5.48 in chips)
Seat 2: fffe92a7 ($5.05 in chips)
Seat 3: 3e3ba9dd ($5.42 in chips)
Seat 4: 4b81af74 ($7.23 in chips)
3e3ba9dd: posts small blind $0.02
4b81af74: posts big blind $0.05
*** HOLE CARDS ***
Dealt to Hero [2d Jc]
Dealt to fffe92a7 
Dealt to 3e3ba9dd 
Dealt to 4b81af74 
Hero: folds
fffe92a7: folds
3e3ba9dd: raises $0.13 to $0.18
4b81af74: calls $0.13
*** FLOP *** [Qs 4s Kc]
3e3ba9dd: bets $0.2
4b81af74: calls $0.2
*** TURN *** [Qs 4s Kc] [6c]
3e3ba9dd: bets $0.62
4b81af74: folds
Uncalled bet ($0.62) returned to 3e3ba9dd
*** SHOWDOWN ***
3e3ba9dd collected $0.73 from pot
*** SUMMARY ***
Total pot $0.76 | Rake $0.03 | Jackpot $0 | Bingo $0 | Fortune $0 | Tax $0
Board [Qs 4s Kc 6c]
Seat 1: Hero folded before Flop (didn't bet)
Seat 2: fffe92a7 (button) folded before Flop (didn't bet)
Seat 3: 3e3ba9dd (small blind) won ($0.73)
Seat 4: 4b81af74 (big blind) folded on the Turn


Poker Hand #HD1730112835: Hold'em No Limit ($0.02/$0.05) - 2024/04/14 16:55:26
Table 'NLHBlue1' 6-max Seat #1 is the button
Seat 1: Hero ($5.48 in chips)
Seat 2: fffe92a7 ($5 in chips)
Seat 3: 3e3ba9dd ($5.47 in chips)
Seat 4: 4b81af74 ($7.23 in chips)
fffe92a7: posts small blind $0.02
3e3ba9dd: posts big blind $0.05
*** HOLE CARDS ***
Dealt to Hero [Jh 6c]
Dealt to fffe92a7 
Dealt to 3e3ba9dd 
Dealt to 4b81af74 
4b81af74: folds
Hero: folds
fffe92a7: raises $0.1 to $0.15
3e3ba9dd: folds
Uncalled bet ($0.1) returned to fffe92a7
*** SHOWDOWN ***
fffe92a7 collected $0.1 from pot
*** SUMMARY ***
Total pot $0.1 | Rake $0 | Jackpot $0 | Bingo $0 | Fortune $0 | Tax $0
Seat 1: Hero (button) folded before Flop (didn't bet)
Seat 2: fffe92a7 (small blind) collected ($0.1)
Seat 3: 3e3ba9dd (big blind) folded before Flop
Seat 4: 4b81af74 folded before Flop (didn't bet)


Poker Hand #HD1730112812: Hold'em No Limit ($0.02/$0.05) - 2024/04/14 16:55:16
Table 'NLHBlue1' 6-max Seat #6 is the button
Seat 1: Hero ($5.5 in chips)
Seat 2: fffe92a7 ($5 in chips)
Seat 3: 3e3ba9dd ($5.47 in chips)
Seat 4: 4b81af74 ($7.23 in chips)
Seat 6: fcffda37 ($4.47 in chips)
Hero: posts small blind $0.02
fffe92a7: posts big blind $0.05
*** HOLE CARDS ***
Dealt to Hero [Th 5d]
Dealt to fffe92a7 
Dealt to 3e3ba9dd 
Dealt to 4b81af74 
Dealt to fcffda37 
3e3ba9dd: folds
4b81af74: folds
fcffda37: raises $0.08 to $0.13
Hero: folds
fffe92a7: folds
Uncalled bet ($0.08) returned to fcffda37
*** SHOWDOWN ***
fcffda37 collected $0.12 from pot
*** SUMMARY ***
Total pot $0.12 | Rake $0 | Jackpot $0 | Bingo $0 | Fortune $0 | Tax $0
Seat 1: Hero (small blind) folded before Flop
Seat 2: fffe92a7 (big blind) folded before Flop
Seat 3: 3e3ba9dd folded before Flop (didn't bet)
Seat 4: 4b81af74 folded before Flop (didn't bet)
Seat 6: fcffda37 (button) collected ($0.12)


Poker Hand #HD1730112786: Hold'em No Limit ($0.02/$0.05) - 2024/04/14 16:55:06
Table 'NLHBlue1' 6-max Seat #4 is the button
Seat 1: Hero ($5.48 in chips)
Seat 2: fffe92a7 ($5 in chips)
Seat 3: 3e3ba9dd ($5.47 in chips)
Seat 4: 4b81af74 ($7.23 in chips)
Seat 6: fcffda37 ($4.49 in chips)
fcffda37: posts small blind $0.02
Hero: posts big blind $0.05
*** HOLE CARDS ***
Dealt to Hero [8d 5h]
Dealt to fffe92a7 
Dealt to 3e3ba9dd 
Dealt to 4b81af74 
Dealt to fcffda37 
fffe92a7: folds
3e3ba9dd: folds
4b81af74: folds
fcffda37: folds
Uncalled bet ($0.03) returned to Hero
*** SHOWDOWN ***
Hero collected $0.04 from pot
*** SUMMARY ***
Total pot $0.04 | Rake $0 | Jackpot $0 | Bingo $0 | Fortune $0 | Tax $0
Seat 1: Hero (big blind) collected ($0.04)
Seat 2: fffe92a7 folded before Flop (didn't bet)
Seat 3: 3e3ba9dd folded before Flop (didn't bet)
Seat 4: 4b81af74 (button) folded before Flop (didn't bet)
Seat 6: fcffda37 (small blind) folded before Flop


Poker Hand #HD1730112687: Hold'em No Limit ($0.02/$0.05) - 2024/04/14 16:54:23
Table 'NLHBlue1' 6-max Seat #3 is the button
Seat 1: Hero ($5.48 in chips)
Seat 2: fffe92a7 ($5 in chips)
Seat 3: 3e3ba9dd ($5.33 in chips)
Seat 4: 4b81af74 ($7.25 in chips)
Seat 6: fcffda37 ($4.62 in chips)
4b81af74: posts small blind $0.02
fcffda37: posts big blind $0.05
*** HOLE CARDS ***
Dealt to Hero [7h Tc]
Dealt to fffe92a7 
Dealt to 3e3ba9dd 
Dealt to 4b81af74 
Dealt to fcffda37 
Hero: folds
fffe92a7: folds
3e3ba9dd: raises $0.08 to $0.13
4b81af74: folds
fcffda37: calls $0.08
*** FLOP *** [8h Th Kc]
fcffda37: checks
3e3ba9dd: bets $0.1
fcffda37: folds
Uncalled bet ($0.1) returned to 3e3ba9dd
*** SHOWDOWN ***
3e3ba9dd collected $0.27 from pot
*** SUMMARY ***
Total pot $0.28 | Rake $0.01 | Jackpot $0 | Bingo $0 | Fortune $0 | Tax $0
Board [8h Th Kc]
Seat 1: Hero folded before Flop (didn't bet)
Seat 2: fffe92a7 folded before Flop (didn't bet)
Seat 3: 3e3ba9dd (button) won ($0.27)
Seat 4: 4b81af74 (small blind) folded before Flop
Seat 6: fcffda37 (big blind) folded on the Flop


Poker Hand #HD1730112547: Hold'em No Limit ($0.02/$0.05) - 2024/04/14 16:53:23
Table 'NLHBlue1' 6-max Seat #2 is the button
Seat 1: Hero ($5.48 in chips)
Seat 2: fffe92a7 ($5 in chips)
Seat 3: 3e3ba9dd ($5.17 in chips)
Seat 4: 4b81af74 ($7.3 in chips)
Seat 5: 343a6074 ($7.83 in chips)
Seat 6: fcffda37 ($4.62 in chips)
3e3ba9dd: posts small blind $0.02
4b81af74: posts big blind $0.05
*** HOLE CARDS ***
Dealt to Hero [3d Th]
Dealt to fffe92a7 
Dealt to 3e3ba9dd 
Dealt to 4b81af74 
Dealt to 343a6074 
Dealt to fcffda37 
343a6074: folds
fcffda37: folds
Hero: folds
fffe92a7: raises $0.07 to $0.12
3e3ba9dd: raises $0.36 to $0.48
4b81af74: folds
fffe92a7: folds
Uncalled bet ($0.36) returned to 3e3ba9dd
*** SHOWDOWN ***
3e3ba9dd collected $0.28 from pot
*** SUMMARY ***
Total pot $0.29 | Rake $0.01 | Jackpot $0 | Bingo $0 | Fortune $0 | Tax $0
Seat 1: Hero folded before Flop (didn't bet)
Seat 2: fffe92a7 (button) folded before Flop
Seat 3: 3e3ba9dd (small blind) collected ($0.28)
Seat 4: 4b81af74 (big blind) folded before Flop
Seat 5: 343a6074 folded before Flop (didn't bet)
Seat 6: fcffda37 folded before Flop (didn't bet)


Poker Hand #HD1730112457: Hold'em No Limit ($0.02/$0.05) - 2024/04/14 16:52:44
Table 'NLHBlue1' 6-max Seat #1 is the button
Seat 1: Hero ($5.26 in chips)
Seat 2: fffe92a7 ($5 in chips)
Seat 3: 3e3ba9dd ($5.22 in chips)
Seat 4: 4b81af74 ($7.47 in chips)
Seat 5: 343a6074 ($7.83 in chips)
Seat 6: fcffda37 ($4.62 in chips)
fffe92a7: posts small blind $0.02
3e3ba9dd: posts big blind $0.05
*** HOLE CARDS ***
Dealt to Hero [9s Ks]
Dealt to fffe92a7 
Dealt to 3e3ba9dd 
Dealt to 4b81af74 
Dealt to 343a6074 
Dealt to fcffda37 
4b81af74: calls $0.05
343a6074: folds
fcffda37: folds
Hero: raises $0.12 to $0.17
fffe92a7: folds
3e3ba9dd: folds
4b81af74: calls $0.12
*** FLOP *** [As 9d 3s]
4b81af74: checks
Hero: bets $0.25
4b81af74: folds
Uncalled bet ($0.25) returned to Hero
*** SHOWDOWN ***
Hero collected $0.39 from pot
*** SUMMARY ***
Total pot $0.41 | Rake $0.02 | Jackpot $0 | Bingo $0 | Fortune $0 | Tax $0
Board [As 9d 3s]
Seat 1: Hero (button) won ($0.39)
Seat 2: fffe92a7 (small blind) folded before Flop
Seat 3: 3e3ba9dd (big blind) folded before Flop
Seat 4: 4b81af74 folded on the Flop
Seat 5: 343a6074 folded before Flop (didn't bet)
Seat 6: fcffda37 folded before Flop (didn't bet)


Poker Hand #HD1730112268: Hold'em No Limit ($0.02/$0.05) - 2024/04/14 16:51:19
Table 'NLHBlue1' 6-max Seat #6 is the button
Seat 1: Hero ($5.28 in chips)
Seat 2: fffe92a7 ($5 in chips)
Seat 3: 3e3ba9dd ($5.22 in chips)
Seat 4: 4b81af74 ($7.47 in chips)
Seat 5: 343a6074 ($7.63 in chips)
Seat 6: fcffda37 ($4.76 in chips)
Hero: posts small blind $0.02
fffe92a7: posts big blind $0.05
*** HOLE CARDS ***
Dealt to Hero [2h 4d]
Dealt to fffe92a7 
Dealt to 3e3ba9dd 
Dealt to 4b81af74 
Dealt to 343a6074 
Dealt to fcffda37 
3e3ba9dd: folds
4b81af74: folds
343a6074: raises $0.09 to $0.14
fcffda37: calls $0.14
Hero: folds
fffe92a7: folds
*** FLOP *** [Kh 6s Jd]
343a6074: checks
fcffda37: checks
*** TURN *** [Kh 6s Jd] [Ks]
343a6074: checks
fcffda37: checks
*** RIVER *** [Kh 6s Jd Ks] [Qh]
343a6074: checks
fcffda37: checks
343a6074: shows [Ad 7c] (Pair of Kings)
fcffda37: shows [8d Td] (Pair of Kings)
*** SHOWDOWN ***
343a6074 collected $0.34 from pot
*** SUMMARY ***
Total pot $0.35 | Rake $0.01 | Jackpot $0 | Bingo $0 | Fortune $0 | Tax $0
Board [Kh 6s Jd Ks Qh]
Seat 1: Hero (small blind) folded before Flop
Seat 2: fffe92a7 (big blind) folded before Flop
Seat 3: 3e3ba9dd folded before Flop (didn't bet)
Seat 4: 4b81af74 folded before Flop (didn't bet)
Seat 5: 343a6074 showed [Ad 7c] and won ($0.34) with Pair of Kings
Seat 6: fcffda37 (button) showed [8d Td] and lost with Pair of Kings


Poker Hand #HD1730112210: Hold'em No Limit ($0.02/$0.05) - 2024/04/14 16:50:54
Table 'NLHBlue1' 6-max Seat #5 is the button
Seat 1: Hero ($5.33 in chips)
Seat 2: fffe92a7 ($5 in chips)
Seat 3: 3e3ba9dd ($5.22 in chips)
Seat 4: 4b81af74 ($7.4 in chips)
Seat 5: 343a6074 ($7.63 in chips)
Seat 6: fcffda37 ($4.78 in chips)
fcffda37: posts small blind $0.02
Hero: posts big blind $0.05
*** HOLE CARDS ***
Dealt to Hero [6c 3s]
Dealt to fffe92a7 
Dealt to 3e3ba9dd 
Dealt to 4b81af74 
Dealt to 343a6074 
Dealt to fcffda37 
fffe92a7: folds
3e3ba9dd: folds
4b81af74: raises $0.08 to $0.13
343a6074: folds
fcffda37: folds
Hero: folds
Uncalled bet ($0.08) returned to 4b81af74
*** SHOWDOWN ***
4b81af74 collected $0.12 from pot
*** SUMMARY ***
Total pot $0.12 | Rake $0 | Jackpot $0 | Bingo $0 | Fortune $0 | Tax $0
Seat 1: Hero (big blind) folded before Flop
Seat 2: fffe92a7 folded before Flop (didn't bet)
Seat 3: 3e3ba9dd folded before Flop (didn't bet)
Seat 4: 4b81af74 collected ($0.12)
Seat 5: 343a6074 (button) folded before Flop (didn't bet)
Seat 6: fcffda37 (small blind) folded before Flop


Poker Hand #HD1730112140: Hold'em No Limit ($0.02/$0.05) - 2024/04/14 16:50:23
Table 'NLHBlue1' 6-max Seat #4 is the button
Seat 1: Hero ($5.12 in chips)
Seat 2: fffe92a7 ($5 in chips)
Seat 3: 3e3ba9dd ($5.22 in chips)
Seat 4: 4b81af74 ($7.4 in chips)
Seat 5: 343a6074 ($7.65 in chips)
Seat 6: fcffda37 ($4.88 in chips)
343a6074: posts small blind $0.02
fcffda37: posts big blind $0.05
*** HOLE CARDS ***
Dealt to Hero [Kc Kh]
Dealt to fffe92a7 
Dealt to 3e3ba9dd 
Dealt to 4b81af74 
Dealt to 343a6074 
Dealt to fcffda37 
Hero: raises $0.05 to $0.1
fffe92a7: calls $0.1
3e3ba9dd: folds
4b81af74: folds
343a6074: folds
fcffda37: calls $0.05
*** FLOP *** [3s Tc 9d]
fcffda37: checks
Hero: bets $0.15
fffe92a7: folds
fcffda37: folds
Uncalled bet ($0.15) returned to Hero
*** SHOWDOWN ***
Hero collected $0.31 from pot
*** SUMMARY ***
Total pot $0.32 | Rake $0.01 | Jackpot $0 | Bingo $0 | Fortune $0 | Tax $0
Board [3s Tc 9d]
Seat 1: Hero won ($0.31)
Seat 2: fffe92a7 folded on the Flop
Seat 3: 3e3ba9dd folded before Flop (didn't bet)
Seat 4: 4b81af74 (button) folded before Flop (didn't bet)
Seat 5: 343a6074 (small blind) folded before Flop
Seat 6: fcffda37 (big blind) folded on the Flop


Poker Hand #HD1730111987: Hold'em No Limit ($0.02/$0.05) - 2024/04/14 16:49:12
Table 'NLHBlue1' 6-max Seat #3 is the button
Seat 1: Hero ($5.12 in chips)
Seat 2: fffe92a7 ($5 in chips)
Seat 3: 3e3ba9dd ($5.22 in chips)
Seat 4: 4b81af74 ($7.12 in chips)
Seat 5: 343a6074 ($7.96 in chips)
Seat 6: fcffda37 ($4.88 in chips)
4b81af74: posts small blind $0.02
343a6074: posts big blind $0.05
*** HOLE CARDS ***
Dealt to Hero [9c 2c]
Dealt to fffe92a7 
Dealt to 3e3ba9dd 
Dealt to 4b81af74 
Dealt to 343a6074 
Dealt to fcffda37 
fcffda37: folds
Hero: folds
fffe92a7: folds
3e3ba9dd: folds
4b81af74: raises $0.08 to $0.13
343a6074: calls $0.08
*** FLOP *** [Jh Jc Td]
4b81af74: checks
343a6074: bets $0.18
4b81af74: calls $0.18
*** TURN *** [Jh Jc Td] [4s]
4b81af74: checks
343a6074: checks
*** RIVER *** [Jh Jc Td 4s] [3s]
4b81af74: checks
343a6074: checks
4b81af74: shows [7c 7h] (Pair of Jacks and Pair of Sevens)
343a6074: shows [Kd Qs] (Pair of Jacks)
*** SHOWDOWN ***
4b81af74 collected $0.59 from pot
*** SUMMARY ***
Total pot $0.62 | Rake $0.03 | Jackpot $0 | Bingo $0 | Fortune $0 | Tax $0
Board [Jh Jc Td 4s 3s]
Seat 1: Hero folded before Flop (didn't bet)
Seat 2: fffe92a7 folded before Flop (didn't bet)
Seat 3: 3e3ba9dd (button) folded before Flop (didn't bet)
Seat 4: 4b81af74 (small blind) showed [7c 7h] and won ($0.59) with Pair of Jacks and Pair of Sevens
Seat 5: 343a6074 (big blind) showed [Kd Qs] and lost with Pair of Jacks
Seat 6: fcffda37 folded before Flop (didn't bet)


Poker Hand #HD1730111952: Hold'em No Limit ($0.02/$0.05) - 2024/04/14 16:48:56
Table 'NLHBlue1' 6-max Seat #2 is the button
Seat 1: Hero ($5.12 in chips)
Seat 2: fffe92a7 ($5 in chips)
Seat 3: 3e3ba9dd ($5.24 in chips)
Seat 4: 4b81af74 ($7.17 in chips)
Seat 5: 343a6074 ($7.96 in chips)
Seat 6: fcffda37 ($4.81 in chips)
3e3ba9dd: posts small blind $0.02
4b81af74: posts big blind $0.05
*** HOLE CARDS ***
Dealt to Hero [7c 5d]
Dealt to fffe92a7 
Dealt to 3e3ba9dd 
Dealt to 4b81af74 
Dealt to 343a6074 
Dealt to fcffda37 
343a6074: folds
fcffda37: raises $0.08 to $0.13
Hero: folds
fffe92a7: folds
3e3ba9dd: folds
4b81af74: folds
Uncalled bet ($0.08) returned to fcffda37
*** SHOWDOWN ***
fcffda37 collected $0.12 from pot
*** SUMMARY ***
Total pot $0.12 | Rake $0 | Jackpot $0 | Bingo $0 | Fortune $0 | Tax $0
Seat 1: Hero folded before Flop (didn't bet)
Seat 2: fffe92a7 (button) folded before Flop (didn't bet)
Seat 3: 3e3ba9dd (small blind) folded before Flop
Seat 4: 4b81af74 (big blind) folded before Flop
Seat 5: 343a6074 folded before Flop (didn't bet)
Seat 6: fcffda37 collected ($0.12)


Poker Hand #HD1730111898: Hold'em No Limit ($0.02/$0.05) - 2024/04/14 16:48:31
Table 'NLHBlue1' 6-max Seat #1 is the button
Seat 1: Hero ($5.12 in chips)
Seat 2: fffe92a7 ($5 in chips)
Seat 3: 3e3ba9dd ($5.29 in chips)
Seat 4: 4b81af74 ($7.17 in chips)
Seat 5: 343a6074 ($7.89 in chips)
Seat 6: fcffda37 ($4.81 in chips)
fffe92a7: posts small blind $0.02
3e3ba9dd: posts big blind $0.05
*** HOLE CARDS ***
Dealt to Hero [3d Kc]
Dealt to fffe92a7 
Dealt to 3e3ba9dd 
Dealt to 4b81af74 
Dealt to 343a6074 
Dealt to fcffda37 
4b81af74: folds
343a6074: raises $0.09 to $0.14
fcffda37: folds
Hero: folds
fffe92a7: folds
3e3ba9dd: folds
Uncalled bet ($0.09) returned to 343a6074
*** SHOWDOWN ***
343a6074 collected $0.12 from pot
*** SUMMARY ***
Total pot $0.12 | Rake $0 | Jackpot $0 | Bingo $0 | Fortune $0 | Tax $0
Seat 1: Hero (button) folded before Flop (didn't bet)
Seat 2: fffe92a7 (small blind) folded before Flop
Seat 3: 3e3ba9dd (big blind) folded before Flop
Seat 4: 4b81af74 folded before Flop (didn't bet)
Seat 5: 343a6074 collected ($0.12)
Seat 6: fcffda37 folded before Flop (didn't bet)


Poker Hand #HD1730111865: Hold'em No Limit ($0.02/$0.05) - 2024/04/14 16:48:16
Table 'NLHBlue1' 6-max Seat #6 is the button
Seat 1: Hero ($5.14 in chips)
Seat 2: fffe92a7 ($5 in chips)
Seat 3: 3e3ba9dd ($5.29 in chips)
Seat 4: 4b81af74 ($7.17 in chips)
Seat 5: 343a6074 ($7.82 in chips)
Seat 6: fcffda37 ($4.81 in chips)
Hero: posts small blind $0.02
fffe92a7: posts big blind $0.05
*** HOLE CARDS ***
Dealt to Hero [3h 2c]
Dealt to fffe92a7 
Dealt to 3e3ba9dd 
Dealt to 4b81af74 
Dealt to 343a6074 
Dealt to fcffda37 
3e3ba9dd: folds
4b81af74: folds
343a6074: raises $0.09 to $0.14
fcffda37: folds
Hero: folds
fffe92a7: folds
Uncalled bet ($0.09) returned to 343a6074
*** SHOWDOWN ***
343a6074 collected $0.12 from pot
*** SUMMARY ***
Total pot $0.12 | Rake $0 | Jackpot $0 | Bingo $0 | Fortune $0 | Tax $0
Seat 1: Hero (small blind) folded before Flop
Seat 2: fffe92a7 (big blind) folded before Flop
Seat 3: 3e3ba9dd folded before Flop (didn't bet)
Seat 4: 4b81af74 folded before Flop (didn't bet)
Seat 5: 343a6074 collected ($0.12)
Seat 6: fcffda37 (button) folded before Flop (didn't bet)


Poker Hand #HD1730111834: Hold'em No Limit ($0.02/$0.05) - 2024/04/14 16:48:02
Table 'NLHBlue1' 6-max Seat #5 is the button
Seat 1: Hero ($5.19 in chips)
Seat 3: 3e3ba9dd ($5.22 in chips)
Seat 4: 4b81af74 ($7.17 in chips)
Seat 5: 343a6074 ($7.82 in chips)
Seat 6: fcffda37 ($4.83 in chips)
fcffda37: posts small blind $0.02
Hero: posts big blind $0.05
*** HOLE CARDS ***
Dealt to Hero [6s 4s]
Dealt to 3e3ba9dd 
Dealt to 4b81af74 
Dealt to 343a6074 
Dealt to fcffda37 
3e3ba9dd: raises $0.08 to $0.13
4b81af74: folds
343a6074: folds
fcffda37: folds
Hero: folds
Uncalled bet ($0.08) returned to 3e3ba9dd
*** SHOWDOWN ***
3e3ba9dd collected $0.12 from pot
*** SUMMARY ***
Total pot $0.12 | Rake $0 | Jackpot $0 | Bingo $0 | Fortune $0 | Tax $0
Seat 1: Hero (big blind) folded before Flop
Seat 3: 3e3ba9dd collected ($0.12)
Seat 4: 4b81af74 folded before Flop (didn't bet)
Seat 5: 343a6074 (button) folded before Flop (didn't bet)
Seat 6: fcffda37 (small blind) folded before Flop


Poker Hand #HD1730111730: Hold'em No Limit ($0.02/$0.05) - 2024/04/14 16:47:20
Table 'NLHBlue1' 6-max Seat #4 is the button
Seat 1: Hero ($5 in chips)
Seat 2: f67dc776 ($8.97 in chips)
Seat 3: 3e3ba9dd ($5.22 in chips)
Seat 4: 4b81af74 ($7.17 in chips)
Seat 5: 343a6074 ($7.92 in chips)
Seat 6: fcffda37 ($4.93 in chips)
343a6074: posts small blind $0.02
fcffda37: posts big blind $0.05
*** HOLE CARDS ***
Dealt to Hero [Qc Kc]
Dealt to f67dc776 
Dealt to 3e3ba9dd 
Dealt to 4b81af74 
Dealt to 343a6074 
Dealt to fcffda37 
Hero: raises $0.05 to $0.1
f67dc776: folds
3e3ba9dd: folds
4b81af74: folds
343a6074: calls $0.08
fcffda37: calls $0.05
*** FLOP *** [Tc Ad 5s]
343a6074: checks
fcffda37: checks
Hero: bets $0.15
343a6074: folds
fcffda37: folds
Uncalled bet ($0.15) returned to Hero
*** SHOWDOWN ***
Hero collected $0.29 from pot
*** SUMMARY ***
Total pot $0.3 | Rake $0.01 | Jackpot $0 | Bingo $0 | Fortune $0 | Tax $0
Board [Tc Ad 5s]
Seat 1: Hero won ($0.29)
Seat 2: f67dc776 folded before Flop (didn't bet)
Seat 3: 3e3ba9dd folded before Flop (didn't bet)
Seat 4: 4b81af74 (button) folded before Flop (didn't bet)
Seat 5: 343a6074 (small blind) folded on the Flop
Seat 6: fcffda37 (big blind) folded on the Flop


Poker Hand #HD1730111604: Hold'em No Limit ($0.02/$0.05) - 2024/04/14 16:46:24
Table 'NLHBlue1' 6-max Seat #3 is the button
Seat 1: Hero ($5.17 in chips)
Seat 2: f67dc776 ($8.51 in chips)
Seat 3: 3e3ba9dd ($5.22 in chips)
Seat 4: 4b81af74 ($7.19 in chips)
Seat 5: 343a6074 ($7.97 in chips)
Seat 6: fcffda37 ($4.93 in chips)
4b81af74: posts small blind $0.02
343a6074: posts big blind $0.05
*** HOLE CARDS ***
Dealt to Hero [Jd Jc]
Dealt to f67dc776 
Dealt to 3e3ba9dd 
Dealt to 4b81af74 
Dealt to 343a6074 
Dealt to fcffda37 
fcffda37: folds
Hero: raises $0.07 to $0.12
f67dc776: raises $0.31 to $0.43
3e3ba9dd: folds
4b81af74: folds
343a6074: folds
Hero: calls $0.31
*** FLOP *** [Th 2s 5s]
Hero: checks
f67dc776: bets $0.7
Hero: folds
Uncalled bet ($0.7) returned to f67dc776
*** SHOWDOWN ***
f67dc776 collected $0.89 from pot
*** SUMMARY ***
Total pot $0.93 | Rake $0.04 | Jackpot $0 | Bingo $0 | Fortune $0 | Tax $0
Board [Th 2s 5s]
Seat 1: Hero folded on the Flop
Seat 2: f67dc776 won ($0.89)
Seat 3: 3e3ba9dd (button) folded before Flop (didn't bet)
Seat 4: 4b81af74 (small blind) folded before Flop
Seat 5: 343a6074 (big blind) folded before Flop
Seat 6: fcffda37 folded before Flop (didn't bet)


Poker Hand #HD1730111547: Hold'em No Limit ($0.02/$0.05) - 2024/04/14 16:45:58
Table 'NLHBlue1' 6-max Seat #2 is the button
Seat 1: Hero ($5.17 in chips)
Seat 2: f67dc776 ($8.64 in chips)
Seat 3: 3e3ba9dd ($5.24 in chips)
Seat 4: 4b81af74 ($7.05 in chips)
Seat 5: 343a6074 ($7.97 in chips)
Seat 6: fcffda37 ($4.93 in chips)
3e3ba9dd: posts small blind $0.02
4b81af74: posts big blind $0.05
*** HOLE CARDS ***
Dealt to Hero [6d Jc]
Dealt to f67dc776 
Dealt to 3e3ba9dd 
Dealt to 4b81af74 
Dealt to 343a6074 
Dealt to fcffda37 
343a6074: folds
fcffda37: folds
Hero: folds
f67dc776: raises $0.08 to $0.13
3e3ba9dd: folds
4b81af74: raises $0.33 to $0.46
f67dc776: folds
Uncalled bet ($0.33) returned to 4b81af74
*** SHOWDOWN ***
4b81af74 collected $0.27 from pot
*** SUMMARY ***
Total pot $0.28 | Rake $0.01 | Jackpot $0 | Bingo $0 | Fortune $0 | Tax $0
Seat 1: Hero folded before Flop (didn't bet)
Seat 2: f67dc776 (button) folded before Flop
Seat 3: 3e3ba9dd (small blind) folded before Flop
Seat 4: 4b81af74 (big blind) collected ($0.27)
Seat 5: 343a6074 folded before Flop (didn't bet)
Seat 6: fcffda37 folded before Flop (didn't bet)


Poker Hand #HD1730111432: Hold'em No Limit ($0.02/$0.05) - 2024/04/14 16:45:10
Table 'NLHBlue1' 6-max Seat #1 is the button
Seat 1: Hero ($5.17 in chips)
Seat 2: f67dc776 ($8.9 in chips)
Seat 3: 3e3ba9dd ($5 in chips)
Seat 4: 4b81af74 ($7.05 in chips)
Seat 5: 343a6074 ($7.97 in chips)
Seat 6: fcffda37 ($4.93 in chips)
f67dc776: posts small blind $0.02
3e3ba9dd: posts big blind $0.05
*** HOLE CARDS ***
Dealt to Hero [9s 7c]
Dealt to f67dc776 
Dealt to 3e3ba9dd 
Dealt to 4b81af74 
Dealt to 343a6074 
Dealt to fcffda37 
4b81af74: folds
343a6074: folds
fcffda37: folds
Hero: folds
f67dc776: raises $0.08 to $0.13
3e3ba9dd: calls $0.08
*** FLOP *** [Ad Jc 6h]
f67dc776: bets $0.13
3e3ba9dd: calls $0.13
*** TURN *** [Ad Jc 6h] [8s]
f67dc776: checks
3e3ba9dd: bets $0.3
f67dc776: folds
Uncalled bet ($0.3) returned to 3e3ba9dd
*** SHOWDOWN ***
3e3ba9dd collected $0.5 from pot
*** SUMMARY ***
Total pot $0.52 | Rake $0.02 | Jackpot $0 | Bingo $0 | Fortune $0 | Tax $0
Board [Ad Jc 6h 8s]
Seat 1: Hero (button) folded before Flop (didn't bet)
Seat 2: f67dc776 (small blind) folded on the Turn
Seat 3: 3e3ba9dd (big blind) won ($0.5)
Seat 4: 4b81af74 folded before Flop (didn't bet)
Seat 5: 343a6074 folded before Flop (didn't bet)
Seat 6: fcffda37 folded before Flop (didn't bet)


Poker Hand #HD1730111374: Hold'em No Limit ($0.02/$0.05) - 2024/04/14 16:44:46
Table 'NLHBlue1' 6-max Seat #6 is the button
Seat 1: Hero ($5 in chips)
Seat 2: f67dc776 ($8.95 in chips)
Seat 3: 3e3ba9dd ($5 in chips)
Seat 4: 4b81af74 ($7.05 in chips)
Seat 5: 343a6074 ($7.97 in chips)
Seat 6: fcffda37 ($4.93 in chips)
Hero: posts small blind $0.02
f67dc776: posts big blind $0.05
*** HOLE CARDS ***
Dealt to Hero [Ks As]
Dealt to f67dc776 
Dealt to 3e3ba9dd 
Dealt to 4b81af74 
Dealt to 343a6074 
Dealt to fcffda37 
3e3ba9dd: raises $0.08 to $0.13
4b81af74: folds
343a6074: folds
fcffda37: folds
Hero: raises $0.37 to $0.5
f67dc776: folds
3e3ba9dd: folds
Uncalled bet ($0.37) returned to Hero
*** SHOWDOWN ***
Hero collected $0.3 from pot
*** SUMMARY ***
Total pot $0.31 | Rake $0.01 | Jackpot $0 | Bingo $0 | Fortune $0 | Tax $0
Seat 1: Hero (small blind) collected ($0.3)
Seat 2: f67dc776 (big blind) folded before Flop
Seat 3: 3e3ba9dd folded before Flop
Seat 4: 4b81af74 folded before Flop (didn't bet)
Seat 5: 343a6074 folded before Flop (didn't bet)
Seat 6: fcffda37 (button) folded before Flop (didn't bet)


Poker Hand #HD1730111155: Hold'em No Limit ($0.02/$0.05) - 2024/04/14 16:43:15
Table 'NLHBlue1' 6-max Seat #5 is the button
Seat 1: Hero ($5.96 in chips)
Seat 3: 3e3ba9dd ($5 in chips)
Seat 4: 4b81af74 ($7.05 in chips)
Seat 5: 343a6074 ($6.88 in chips)
Seat 6: fcffda37 ($4.95 in chips)
fcffda37: posts small blind $0.02
Hero: posts big blind $0.05
*** HOLE CARDS ***
Dealt to Hero [8d 6d]
Dealt to 3e3ba9dd 
Dealt to 4b81af74 
Dealt to 343a6074 
Dealt to fcffda37 
3e3ba9dd: folds
4b81af74: folds
343a6074: raises $0.09 to $0.14
fcffda37: folds
Hero: calls $0.09
*** FLOP *** [9d As 7s]
Hero: bets $0.15
343a6074: raises $0.25 to $0.4
Hero: calls $0.25
*** TURN *** [9d As 7s] [8c]
Hero: checks
343a6074: bets $0.7
Hero: calls $0.7
*** RIVER *** [9d As 7s 8c] [Kh]
Hero: checks
343a6074: checks
Hero: shows [8d 6d] (Pair of Eights)
343a6074: shows [Ah Qh] (Pair of Aces)
*** SHOWDOWN ***
343a6074 collected $2.33 from pot
*** SUMMARY ***
Total pot $2.5 | Rake $0.12 | Jackpot $0.05 | Bingo $0 | Fortune $0 | Tax $0
Board [9d As 7s 8c Kh]
Seat 1: Hero (big blind) showed [8d 6d] and lost with Pair of Eights
Seat 3: 3e3ba9dd folded before Flop (didn't bet)
Seat 4: 4b81af74 folded before Flop (didn't bet)
Seat 5: 343a6074 (button) showed [Ah Qh] and won ($2.33) with Pair of Aces
Seat 6: fcffda37 (small blind) folded before Flop


Poker Hand #HD1730110973: Hold'em No Limit ($0.02/$0.05) - 2024/04/14 16:42:00
Table 'NLHBlue1' 6-max Seat #4 is the button
Seat 1: Hero ($5.96 in chips)
Seat 3: 3e3ba9dd ($5.1 in chips)
Seat 4: 4b81af74 ($5.86 in chips)
Seat 5: 343a6074 ($6.9 in chips)
Seat 6: fcffda37 ($5 in chips)
343a6074: posts small blind $0.02
fcffda37: posts big blind $0.05
*** HOLE CARDS ***
Dealt to Hero [Qd 8d]
Dealt to 3e3ba9dd 
Dealt to 4b81af74 
Dealt to 343a6074 
Dealt to fcffda37 
Hero: folds
3e3ba9dd: raises $0.08 to $0.13
4b81af74: calls $0.13
343a6074: folds
fcffda37: folds
*** FLOP *** [9c Jd Qh]
3e3ba9dd: bets $0.12
4b81af74: calls $0.12
*** TURN *** [9c Jd Qh] [Ts]
3e3ba9dd: checks
4b81af74: bets $0.29
3e3ba9dd: calls $0.29
*** RIVER *** [9c Jd Qh Ts] [8c]
3e3ba9dd: checks
4b81af74: bets $0.76
3e3ba9dd: calls $0.76
4b81af74: shows [9d Kd] (Kings-High Straight)
3e3ba9dd: shows [Th Tc] (Queens-High Straight)
*** SHOWDOWN ***
4b81af74 collected $2.49 from pot
*** SUMMARY ***
Total pot $2.67 | Rake $0.13 | Jackpot $0.05 | Bingo $0 | Fortune $0 | Tax $0
Board [9c Jd Qh Ts 8c]
Seat 1: Hero folded before Flop (didn't bet)
Seat 3: 3e3ba9dd showed [Th Tc] and lost with Queens-High Straight
Seat 4: 4b81af74 (button) showed [9d Kd] and won ($2.49) with Kings-High Straight
Seat 5: 343a6074 (small blind) folded before Flop
Seat 6: fcffda37 (big blind) folded before Flop


Poker Hand #HD1730110912: Hold'em No Limit ($0.02/$0.05) - 2024/04/14 16:41:34
Table 'NLHBlue1' 6-max Seat #3 is the button
Seat 1: Hero ($5.96 in chips)
Seat 3: 3e3ba9dd ($5.1 in chips)
Seat 4: 4b81af74 ($5.81 in chips)
Seat 5: 343a6074 ($6.95 in chips)
4b81af74: posts small blind $0.02
343a6074: posts big blind $0.05
*** HOLE CARDS ***
Dealt to Hero [3h 5s]
Dealt to 3e3ba9dd 
Dealt to 4b81af74 
Dealt to 343a6074 
Hero: folds
3e3ba9dd: folds
4b81af74: raises $0.08 to $0.13
343a6074: folds
Uncalled bet ($0.08) returned to 4b81af74
*** SHOWDOWN ***
4b81af74 collected $0.1 from pot
*** SUMMARY ***
Total pot $0.1 | Rake $0 | Jackpot $0 | Bingo $0 | Fortune $0 | Tax $0
Seat 1: Hero folded before Flop (didn't bet)
Seat 3: 3e3ba9dd (button) folded before Flop (didn't bet)
Seat 4: 4b81af74 (small blind) collected ($0.1)
Seat 5: 343a6074 (big blind) folded before Flop


Poker Hand #HD1730110866: Hold'em No Limit ($0.02/$0.05) - 2024/04/14 16:41:16
Table 'NLHBlue1' 6-max Seat #1 is the button
Seat 1: Hero ($5.89 in chips)
Seat 3: 3e3ba9dd ($5.12 in chips)
Seat 4: 4b81af74 ($5.86 in chips)
Seat 5: 343a6074 ($6.95 in chips)
3e3ba9dd: posts small blind $0.02
4b81af74: posts big blind $0.05
*** HOLE CARDS ***
Dealt to Hero [As Ad]
Dealt to 3e3ba9dd 
Dealt to 4b81af74 
Dealt to 343a6074 
343a6074: folds
Hero: raises $0.07 to $0.12
3e3ba9dd: folds
4b81af74: folds
Uncalled bet ($0.07) returned to Hero
*** SHOWDOWN ***
Hero collected $0.12 from pot
*** SUMMARY ***
Total pot $0.12 | Rake $0 | Jackpot $0 | Bingo $0 | Fortune $0 | Tax $0
Seat 1: Hero (button) collected ($0.12)
Seat 3: 3e3ba9dd (small blind) folded before Flop
Seat 4: 4b81af74 (big blind) folded before Flop
Seat 5: 343a6074 folded before Flop (didn't bet)


Poker Hand #HD1730110820: Hold'em No Limit ($0.02/$0.05) - 2024/04/14 16:40:56
Table 'NLHBlue1' 6-max Seat #5 is the button
Seat 1: Hero ($5.87 in chips)
Seat 3: 3e3ba9dd ($5.12 in chips)
Seat 4: 4b81af74 ($5.86 in chips)
Seat 5: 343a6074 ($6.95 in chips)
Seat 6: ae2150f7 ($5.89 in chips)
ae2150f7: posts small blind $0.02
Hero: posts big blind $0.05
*** HOLE CARDS ***
Dealt to Hero [Jh 8h]
Dealt to 3e3ba9dd 
Dealt to 4b81af74 
Dealt to 343a6074 
Dealt to ae2150f7 
3e3ba9dd: folds
4b81af74: folds
343a6074: folds
ae2150f7: folds
Uncalled bet ($0.03) returned to Hero
*** SHOWDOWN ***
Hero collected $0.04 from pot
*** SUMMARY ***
Total pot $0.04 | Rake $0 | Jackpot $0 | Bingo $0 | Fortune $0 | Tax $0
Seat 1: Hero (big blind) collected ($0.04)
Seat 3: 3e3ba9dd folded before Flop (didn't bet)
Seat 4: 4b81af74 folded before Flop (didn't bet)
Seat 5: 343a6074 (button) folded before Flop (didn't bet)
Seat 6: ae2150f7 (small blind) folded before Flop


Poker Hand #HD1730110758: Hold'em No Limit ($0.02/$0.05) - 2024/04/14 16:40:32
Table 'NLHBlue1' 6-max Seat #4 is the button
Seat 1: Hero ($5.87 in chips)
Seat 3: 3e3ba9dd ($5.12 in chips)
Seat 4: 4b81af74 ($5.86 in chips)
Seat 5: 343a6074 ($6.9 in chips)
Seat 6: ae2150f7 ($5.94 in chips)
343a6074: posts small blind $0.02
ae2150f7: posts big blind $0.05
*** HOLE CARDS ***
Dealt to Hero [Ac 2h]
Dealt to 3e3ba9dd 
Dealt to 4b81af74 
Dealt to 343a6074 
Dealt to ae2150f7 
Hero: folds
3e3ba9dd: folds
4b81af74: folds
343a6074: raises $0.09 to $0.14
ae2150f7: folds
Uncalled bet ($0.09) returned to 343a6074
*** SHOWDOWN ***
343a6074 collected $0.1 from pot
*** SUMMARY ***
Total pot $0.1 | Rake $0 | Jackpot $0 | Bingo $0 | Fortune $0 | Tax $0
Seat 1: Hero folded before Flop (didn't bet)
Seat 3: 3e3ba9dd folded before Flop (didn't bet)
Seat 4: 4b81af74 (button) folded before Flop (didn't bet)
Seat 5: 343a6074 (small blind) collected ($0.1)
Seat 6: ae2150f7 (big blind) folded before Flop


Poker Hand #HD1730110733: Hold'em No Limit ($0.02/$0.05) - 2024/04/14 16:40:19
Table 'NLHBlue1' 6-max Seat #3 is the button
Seat 1: Hero ($5.87 in chips)
Seat 3: 3e3ba9dd ($5.12 in chips)
Seat 4: 4b81af74 ($5.81 in chips)
Seat 5: 343a6074 ($6.95 in chips)
Seat 6: ae2150f7 ($5.94 in chips)
4b81af74: posts small blind $0.02
343a6074: posts big blind $0.05
*** HOLE CARDS ***
Dealt to Hero [4s 7h]
Dealt to 3e3ba9dd 
Dealt to 4b81af74 
Dealt to 343a6074 
Dealt to ae2150f7 
ae2150f7: folds
Hero: folds
3e3ba9dd: folds
4b81af74: raises $0.08 to $0.13
343a6074: folds
Uncalled bet ($0.08) returned to 4b81af74
*** SHOWDOWN ***
4b81af74 collected $0.1 from pot
*** SUMMARY ***
Total pot $0.1 | Rake $0 | Jackpot $0 | Bingo $0 | Fortune $0 | Tax $0
Seat 1: Hero folded before Flop (didn't bet)
Seat 3: 3e3ba9dd (button) folded before Flop (didn't bet)
Seat 4: 4b81af74 (small blind) collected ($0.1)
Seat 5: 343a6074 (big blind) folded before Flop
Seat 6: ae2150f7 folded before Flop (didn't bet)


Poker Hand #HD1730110703: Hold'em No Limit ($0.02/$0.05) - 2024/04/14 16:40:09
Table 'NLHBlue1' 6-max Seat #1 is the button
Seat 1: Hero ($5.87 in chips)
Seat 3: 3e3ba9dd ($5.14 in chips)
Seat 4: 4b81af74 ($5.79 in chips)
Seat 5: 343a6074 ($6.95 in chips)
Seat 6: ae2150f7 ($5.94 in chips)
3e3ba9dd: posts small blind $0.02
4b81af74: posts big blind $0.05
*** HOLE CARDS ***
Dealt to Hero [8s 6s]
Dealt to 3e3ba9dd 
Dealt to 4b81af74 
Dealt to 343a6074 
Dealt to ae2150f7 
343a6074: folds
ae2150f7: folds
Hero: folds
3e3ba9dd: folds
Uncalled bet ($0.03) returned to 4b81af74
*** SHOWDOWN ***
4b81af74 collected $0.04 from pot
*** SUMMARY ***
Total pot $0.04 | Rake $0 | Jackpot $0 | Bingo $0 | Fortune $0 | Tax $0
Seat 1: Hero (button) folded before Flop (didn't bet)
Seat 3: 3e3ba9dd (small blind) folded before Flop
Seat 4: 4b81af74 (big blind) collected ($0.04)
Seat 5: 343a6074 folded before Flop (didn't bet)
Seat 6: ae2150f7 folded before Flop (didn't bet)


Poker Hand #HD1730110552: Hold'em No Limit ($0.02/$0.05) - 2024/04/14 16:39:01
Table 'NLHBlue1' 6-max Seat #6 is the button
Seat 1: Hero ($5.89 in chips)
Seat 3: 3e3ba9dd ($5.19 in chips)
Seat 4: 4b81af74 ($6.32 in chips)
Seat 5: 343a6074 ($6.4 in chips)
Seat 6: ae2150f7 ($5.94 in chips)
Hero: posts small blind $0.02
3e3ba9dd: posts big blind $0.05
*** HOLE CARDS ***
Dealt to Hero [2c 9h]
Dealt to 3e3ba9dd 
Dealt to 4b81af74 
Dealt to 343a6074 
Dealt to ae2150f7 
4b81af74: raises $0.08 to $0.13
343a6074: calls $0.13
ae2150f7: folds
Hero: folds
3e3ba9dd: folds
*** FLOP *** [Kh 6s 8d]
4b81af74: bets $0.17
343a6074: calls $0.17
*** TURN *** [Kh 6s 8d] [5h]
4b81af74: bets $0.23
343a6074: raises $0.39 to $0.62
4b81af74: folds
Uncalled bet ($0.39) returned to 343a6074
*** SHOWDOWN ***
343a6074 collected $1.08 from pot
*** SUMMARY ***
Total pot $1.13 | Rake $0.05 | Jackpot $0 | Bingo $0 | Fortune $0 | Tax $0
Board [Kh 6s 8d 5h]
Seat 1: Hero (small blind) folded before Flop
Seat 3: 3e3ba9dd (big blind) folded before Flop
Seat 4: 4b81af74 folded on the Turn
Seat 5: 343a6074 won ($1.08)
Seat 6: ae2150f7 (button) folded before Flop (didn't bet)


Poker Hand #HD1730110518: Hold'em No Limit ($0.02/$0.05) - 2024/04/14 16:38:47
Table 'NLHBlue1' 6-max Seat #5 is the button
Seat 1: Hero ($5.87 in chips)
Seat 3: 3e3ba9dd ($5.19 in chips)
Seat 4: 4b81af74 ($6.32 in chips)
Seat 5: 343a6074 ($6.4 in chips)
Seat 6: ae2150f7 ($5.96 in chips)
ae2150f7: posts small blind $0.02
Hero: posts big blind $0.05
*** HOLE CARDS ***
Dealt to Hero [9d 7d]
Dealt to 3e3ba9dd 
Dealt to 4b81af74 
Dealt to 343a6074 
Dealt to ae2150f7 
3e3ba9dd: folds
4b81af74: folds
343a6074: folds
ae2150f7: folds
Uncalled bet ($0.03) returned to Hero
*** SHOWDOWN ***
Hero collected $0.04 from pot
*** SUMMARY ***
Total pot $0.04 | Rake $0 | Jackpot $0 | Bingo $0 | Fortune $0 | Tax $0
Seat 1: Hero (big blind) collected ($0.04)
Seat 3: 3e3ba9dd folded before Flop (didn't bet)
Seat 4: 4b81af74 folded before Flop (didn't bet)
Seat 5: 343a6074 (button) folded before Flop (didn't bet)
Seat 6: ae2150f7 (small blind) folded before Flop


Poker Hand #HD1730110430: Hold'em No Limit ($0.02/$0.05) - 2024/04/14 16:38:10
Table 'NLHBlue1' 6-max Seat #4 is the button
Seat 1: Hero ($5.87 in chips)
Seat 3: 3e3ba9dd ($5.19 in chips)
Seat 4: 4b81af74 ($6.45 in chips)
Seat 5: 343a6074 ($6.16 in chips)
Seat 6: ae2150f7 ($6.09 in chips)
343a6074: posts small blind $0.02
ae2150f7: posts big blind $0.05
*** HOLE CARDS ***
Dealt to Hero [Qs 7s]
Dealt to 3e3ba9dd 
Dealt to 4b81af74 
Dealt to 343a6074 
Dealt to ae2150f7 
Hero: folds
3e3ba9dd: folds
4b81af74: raises $0.08 to $0.13
343a6074: calls $0.11
ae2150f7: calls $0.08
*** FLOP *** [4d 6h 6c]
343a6074: bets $0.14
ae2150f7: folds
4b81af74: folds
Uncalled bet ($0.14) returned to 343a6074
*** SHOWDOWN ***
343a6074 collected $0.37 from pot
*** SUMMARY ***
Total pot $0.39 | Rake $0.02 | Jackpot $0 | Bingo $0 | Fortune $0 | Tax $0
Board [4d 6h 6c]
Seat 1: Hero folded before Flop (didn't bet)
Seat 3: 3e3ba9dd folded before Flop (didn't bet)
Seat 4: 4b81af74 (button) folded on the Flop
Seat 5: 343a6074 (small blind) won ($0.37)
Seat 6: ae2150f7 (big blind) folded on the Flop


Poker Hand #HD1730110407: Hold'em No Limit ($0.02/$0.05) - 2024/04/14 16:38:00
Table 'NLHBlue1' 6-max Seat #3 is the button
Seat 1: Hero ($5.87 in chips)
Seat 3: 3e3ba9dd ($5.19 in chips)
Seat 4: 4b81af74 ($6.47 in chips)
Seat 5: 343a6074 ($6.14 in chips)
Seat 6: ae2150f7 ($6.09 in chips)
4b81af74: posts small blind $0.02
343a6074: posts big blind $0.05
*** HOLE CARDS ***
Dealt to Hero [5d 2d]
Dealt to 3e3ba9dd 
Dealt to 4b81af74 
Dealt to 343a6074 
Dealt to ae2150f7 
ae2150f7: folds
Hero: folds
3e3ba9dd: folds
4b81af74: folds
Uncalled bet ($0.03) returned to 343a6074
*** SHOWDOWN ***
343a6074 collected $0.04 from pot
*** SUMMARY ***
Total pot $0.04 | Rake $0 | Jackpot $0 | Bingo $0 | Fortune $0 | Tax $0
Seat 1: Hero folded before Flop (didn't bet)
Seat 3: 3e3ba9dd (button) folded before Flop (didn't bet)
Seat 4: 4b81af74 (small blind) folded before Flop
Seat 5: 343a6074 (big blind) collected ($0.04)
Seat 6: ae2150f7 folded before Flop (didn't bet)


Poker Hand #HD1730110373: Hold'em No Limit ($0.02/$0.05) - 2024/04/14 16:37:45
Table 'NLHBlue1' 6-max Seat #1 is the button
Seat 1: Hero ($5.87 in chips)
Seat 3: 3e3ba9dd ($5.14 in chips)
Seat 4: 4b81af74 ($6.52 in chips)
Seat 5: 343a6074 ($6.14 in chips)
Seat 6: ae2150f7 ($6.09 in chips)
3e3ba9dd: posts small blind $0.02
4b81af74: posts big blind $0.05
*** HOLE CARDS ***
Dealt to Hero [8s 4s]
Dealt to 3e3ba9dd 
Dealt to 4b81af74 
Dealt to 343a6074 
Dealt to ae2150f7 
343a6074: folds
ae2150f7: folds
Hero: folds
3e3ba9dd: raises $0.13 to $0.18
4b81af74: folds
Uncalled bet ($0.13) returned to 3e3ba9dd
*** SHOWDOWN ***
3e3ba9dd collected $0.1 from pot
*** SUMMARY ***
Total pot $0.1 | Rake $0 | Jackpot $0 | Bingo $0 | Fortune $0 | Tax $0
Seat 1: Hero (button) folded before Flop (didn't bet)
Seat 3: 3e3ba9dd (small blind) collected ($0.1)
Seat 4: 4b81af74 (big blind) folded before Flop
Seat 5: 343a6074 folded before Flop (didn't bet)
Seat 6: ae2150f7 folded before Flop (didn't bet)


Poker Hand #HD1730110310: Hold'em No Limit ($0.02/$0.05) - 2024/04/14 16:37:15
Table 'NLHBlue1' 6-max Seat #6 is the button
Seat 1: Hero ($6.02 in chips)
Seat 3: 3e3ba9dd ($5 in chips)
Seat 4: 4b81af74 ($6.52 in chips)
Seat 5: 343a6074 ($6.14 in chips)
Seat 6: ae2150f7 ($6.09 in chips)
Hero: posts small blind $0.02
3e3ba9dd: posts big blind $0.05
*** HOLE CARDS ***
Dealt to Hero [5c Ac]
Dealt to 3e3ba9dd 
Dealt to 4b81af74 
Dealt to 343a6074 
Dealt to ae2150f7 
4b81af74: folds
343a6074: folds
ae2150f7: folds
Hero: raises $0.1 to $0.15
3e3ba9dd: raises $0.37 to $0.52
Hero: folds
Uncalled bet ($0.37) returned to 3e3ba9dd
*** SHOWDOWN ***
3e3ba9dd collected $0.29 from pot
*** SUMMARY ***
Total pot $0.3 | Rake $0.01 | Jackpot $0 | Bingo $0 | Fortune $0 | Tax $0
Seat 1: Hero (small blind) folded before Flop
Seat 3: 3e3ba9dd (big blind) collected ($0.29)
Seat 4: 4b81af74 folded before Flop (didn't bet)
Seat 5: 343a6074 folded before Flop (didn't bet)
Seat 6: ae2150f7 (button) folded before Flop (didn't bet)


Poker Hand #HD1730110158: Hold'em No Limit ($0.02/$0.05) - 2024/04/14 16:36:15
Table 'NLHBlue1' 6-max Seat #5 is the button
Seat 1: Hero ($5.68 in chips)
Seat 3: 3e3ba9dd ($5 in chips)
Seat 4: 4b81af74 ($6.52 in chips)
Seat 5: 343a6074 ($6.14 in chips)
Seat 6: ae2150f7 ($6.46 in chips)
ae2150f7: posts small blind $0.02
Hero: posts big blind $0.05
*** HOLE CARDS ***
Dealt to Hero [7s 8h]
Dealt to 3e3ba9dd 
Dealt to 4b81af74 
Dealt to 343a6074 
Dealt to ae2150f7 
3e3ba9dd: folds
4b81af74: folds
343a6074: folds
ae2150f7: raises $0.05 to $0.1
Hero: calls $0.05
*** FLOP *** [6h 6d 7c]
ae2150f7: bets $0.07
Hero: calls $0.07
*** TURN *** [6h 6d 7c] [5s]
ae2150f7: bets $0.2
Hero: calls $0.2
*** RIVER *** [6h 6d 7c 5s] [7h]
ae2150f7: checks
Hero: bets $0.4
ae2150f7: folds
Uncalled bet ($0.4) returned to Hero
*** SHOWDOWN ***
Hero collected $0.71 from pot
*** SUMMARY ***
Total pot $0.74 | Rake $0.03 | Jackpot $0 | Bingo $0 | Fortune $0 | Tax $0
Board [6h 6d 7c 5s 7h]
Seat 1: Hero (big blind) won ($0.71)
Seat 3: 3e3ba9dd folded before Flop (didn't bet)
Seat 4: 4b81af74 folded before Flop (didn't bet)
Seat 5: 343a6074 (button) folded before Flop (didn't bet)
Seat 6: ae2150f7 (small blind) folded on the River


Poker Hand #HD1730110093: Hold'em No Limit ($0.02/$0.05) - 2024/04/14 16:35:47
Table 'NLHBlue1' 6-max Seat #4 is the button
Seat 1: Hero ($5.68 in chips)
Seat 2: f67dc776 ($8.95 in chips)
Seat 3: 3e3ba9dd ($5 in chips)
Seat 4: 4b81af74 ($6.52 in chips)
Seat 5: 343a6074 ($6.16 in chips)
Seat 6: ae2150f7 ($6.44 in chips)
343a6074: posts small blind $0.02
ae2150f7: posts big blind $0.05
*** HOLE CARDS ***
Dealt to Hero [Ad 6h]
Dealt to f67dc776 
Dealt to 3e3ba9dd 
Dealt to 4b81af74 
Dealt to 343a6074 
Dealt to ae2150f7 
Hero: folds
f67dc776: folds
3e3ba9dd: folds
4b81af74: folds
343a6074: folds
Uncalled bet ($0.03) returned to ae2150f7
*** SHOWDOWN ***
ae2150f7 collected $0.04 from pot
*** SUMMARY ***
Total pot $0.04 | Rake $0 | Jackpot $0 | Bingo $0 | Fortune $0 | Tax $0
Seat 1: Hero folded before Flop (didn't bet)
Seat 2: f67dc776 folded before Flop (didn't bet)
Seat 3: 3e3ba9dd folded before Flop (didn't bet)
Seat 4: 4b81af74 (button) folded before Flop (didn't bet)
Seat 5: 343a6074 (small blind) folded before Flop
Seat 6: ae2150f7 (big blind) collected ($0.04)


Poker Hand #HD1730110062: Hold'em No Limit ($0.02/$0.05) - 2024/04/14 16:35:33
Table 'NLHBlue1' 6-max Seat #3 is the button
Seat 1: Hero ($5.68 in chips)
Seat 2: f67dc776 ($8.95 in chips)
Seat 3: 3e3ba9dd ($5 in chips)
Seat 4: 4b81af74 ($6.54 in chips)
Seat 5: 343a6074 ($6.14 in chips)
Seat 6: ae2150f7 ($6.44 in chips)
4b81af74: posts small blind $0.02
343a6074: posts big blind $0.05
*** HOLE CARDS ***
Dealt to Hero [7c 2h]
Dealt to f67dc776 
Dealt to 3e3ba9dd 
Dealt to 4b81af74 
Dealt to 343a6074 
Dealt to ae2150f7 
ae2150f7: folds
Hero: folds
f67dc776: folds
3e3ba9dd: folds
4b81af74: folds
Uncalled bet ($0.03) returned to 343a6074
*** SHOWDOWN ***
343a6074 collected $0.04 from pot
*** SUMMARY ***
Total pot $0.04 | Rake $0 | Jackpot $0 | Bingo $0 | Fortune $0 | Tax $0
Seat 1: Hero folded before Flop (didn't bet)
Seat 2: f67dc776 folded before Flop (didn't bet)
Seat 3: 3e3ba9dd (button) folded before Flop (didn't bet)
Seat 4: 4b81af74 (small blind) folded before Flop
Seat 5: 343a6074 (big blind) collected ($0.04)
Seat 6: ae2150f7 folded before Flop (didn't bet)


Poker Hand #HD1730109927: Hold'em No Limit ($0.02/$0.05) - 2024/04/14 16:34:42
Table 'NLHBlue1' 6-max Seat #2 is the button
Seat 1: Hero ($5.55 in chips)
Seat 2: f67dc776 ($8.95 in chips)
Seat 3: 3e3ba9dd ($5 in chips)
Seat 4: 4b81af74 ($6.66 in chips)
Seat 5: 343a6074 ($6.14 in chips)
Seat 6: ae2150f7 ($6.44 in chips)
3e3ba9dd: posts small blind $0.02
4b81af74: posts big blind $0.05
*** HOLE CARDS ***
Dealt to Hero [Qh Jh]
Dealt to f67dc776 
Dealt to 3e3ba9dd 
Dealt to 4b81af74 
Dealt to 343a6074 
Dealt to ae2150f7 
343a6074: folds
ae2150f7: folds
Hero: raises $0.07 to $0.12
f67dc776: folds
3e3ba9dd: folds
4b81af74: calls $0.07
*** FLOP *** [9d 5h Jc]
4b81af74: checks
Hero: bets $0.15
4b81af74: folds
Uncalled bet ($0.15) returned to Hero
*** SHOWDOWN ***
Hero collected $0.25 from pot
*** SUMMARY ***
Total pot $0.26 | Rake $0.01 | Jackpot $0 | Bingo $0 | Fortune $0 | Tax $0
Board [9d 5h Jc]
Seat 1: Hero won ($0.25)
Seat 2: f67dc776 (button) folded before Flop (didn't bet)
Seat 3: 3e3ba9dd (small blind) folded before Flop
Seat 4: 4b81af74 (big blind) folded on the Flop
Seat 5: 343a6074 folded before Flop (didn't bet)
Seat 6: ae2150f7 folded before Flop (didn't bet)


Poker Hand #HD1730109793: Hold'em No Limit ($0.02/$0.05) - 2024/04/14 16:33:44
Table 'NLHBlue1' 6-max Seat #1 is the button
Seat 1: Hero ($5.55 in chips)
Seat 2: f67dc776 ($8.97 in chips)
Seat 3: 3e3ba9dd ($5 in chips)
Seat 4: 4b81af74 ($6.66 in chips)
Seat 5: 343a6074 ($5.99 in chips)
Seat 6: ae2150f7 ($6.44 in chips)
f67dc776: posts small blind $0.02
3e3ba9dd: posts big blind $0.05
*** HOLE CARDS ***
Dealt to Hero [7h Qd]
Dealt to f67dc776 
Dealt to 3e3ba9dd 
Dealt to 4b81af74 
Dealt to 343a6074 
Dealt to ae2150f7 
4b81af74: folds
343a6074: raises $0.09 to $0.14
ae2150f7: folds
Hero: folds
f67dc776: folds
3e3ba9dd: calls $0.09
*** FLOP *** [6c Jd 9c]
3e3ba9dd: checks
343a6074: bets $0.24
3e3ba9dd: folds
Uncalled bet ($0.24) returned to 343a6074
*** SHOWDOWN ***
343a6074 collected $0.29 from pot
*** SUMMARY ***
Total pot $0.3 | Rake $0.01 | Jackpot $0 | Bingo $0 | Fortune $0 | Tax $0
Board [6c Jd 9c]
Seat 1: Hero (button) folded before Flop (didn't bet)
Seat 2: f67dc776 (small blind) folded before Flop
Seat 3: 3e3ba9dd (big blind) folded on the Flop
Seat 4: 4b81af74 folded before Flop (didn't bet)
Seat 5: 343a6074 won ($0.29)
Seat 6: ae2150f7 folded before Flop (didn't bet)


Poker Hand #HD1730109708: Hold'em No Limit ($0.02/$0.05) - 2024/04/14 16:33:09
Table 'NLHBlue1' 6-max Seat #6 is the button
Seat 1: Hero ($5.57 in chips)
Seat 2: f67dc776 ($9.02 in chips)
Seat 3: 3e3ba9dd ($5 in chips)
Seat 4: 4b81af74 ($6.66 in chips)
Seat 5: 343a6074 ($6.13 in chips)
Seat 6: ae2150f7 ($6.24 in chips)
Hero: posts small blind $0.02
f67dc776: posts big blind $0.05
*** HOLE CARDS ***
Dealt to Hero [3h 9c]
Dealt to f67dc776 
Dealt to 3e3ba9dd 
Dealt to 4b81af74 
Dealt to 343a6074 
Dealt to ae2150f7 
3e3ba9dd: folds
4b81af74: folds
343a6074: raises $0.09 to $0.14
ae2150f7: raises $0.26 to $0.4
Hero: folds
f67dc776: folds
343a6074: folds
Uncalled bet ($0.26) returned to ae2150f7
*** SHOWDOWN ***
ae2150f7 collected $0.34 from pot
*** SUMMARY ***
Total pot $0.35 | Rake $0.01 | Jackpot $0 | Bingo $0 | Fortune $0 | Tax $0
Seat 1: Hero (small blind) folded before Flop
Seat 2: f67dc776 (big blind) folded before Flop
Seat 3: 3e3ba9dd folded before Flop (didn't bet)
Seat 4: 4b81af74 folded before Flop (didn't bet)
Seat 5: 343a6074 folded before Flop
Seat 6: ae2150f7 (button) collected ($0.34)


Poker Hand #HD1730109580: Hold'em No Limit ($0.02/$0.05) - 2024/04/14 16:32:13
Table 'NLHBlue1' 6-max Seat #5 is the button
Seat 1: Hero ($5.62 in chips)
Seat 2: f67dc776 ($9.02 in chips)
Seat 3: 3e3ba9dd ($5 in chips)
Seat 4: 4b81af74 ($6.21 in chips)
Seat 5: 343a6074 ($6.55 in chips)
Seat 6: ae2150f7 ($6.26 in chips)
ae2150f7: posts small blind $0.02
Hero: posts big blind $0.05
*** HOLE CARDS ***
Dealt to Hero [9s 7h]
Dealt to f67dc776 
Dealt to 3e3ba9dd 
Dealt to 4b81af74 
Dealt to 343a6074 
Dealt to ae2150f7 
f67dc776: folds
3e3ba9dd: folds
4b81af74: raises $0.08 to $0.13
343a6074: raises $0.29 to $0.42
ae2150f7: folds
Hero: folds
4b81af74: raises $0.61 to $1.03
343a6074: folds
Uncalled bet ($0.61) returned to 4b81af74
*** SHOWDOWN ***
4b81af74 collected $0.87 from pot
*** SUMMARY ***
Total pot $0.91 | Rake $0.04 | Jackpot $0 | Bingo $0 | Fortune $0 | Tax $0
Seat 1: Hero (big blind) folded before Flop
Seat 2: f67dc776 folded before Flop (didn't bet)
Seat 3: 3e3ba9dd folded before Flop (didn't bet)
Seat 4: 4b81af74 collected ($0.87)
Seat 5: 343a6074 (button) folded before Flop
Seat 6: ae2150f7 (small blind) folded before Flop


Poker Hand #HD1730109433: Hold'em No Limit ($0.02/$0.05) - 2024/04/14 16:31:08
Table 'NLHBlue1' 6-max Seat #4 is the button
Seat 1: Hero ($5.62 in chips)
Seat 2: f67dc776 ($9.02 in chips)
Seat 3: 3e3ba9dd ($5 in chips)
Seat 4: 4b81af74 ($6.21 in chips)
Seat 5: 343a6074 ($6.57 in chips)
Seat 6: ae2150f7 ($5.12 in chips)
343a6074: posts small blind $0.02
ae2150f7: posts big blind $0.05
*** HOLE CARDS ***
Dealt to Hero [3c 6c]
Dealt to f67dc776 
Dealt to 3e3ba9dd 
Dealt to 4b81af74 
Dealt to 343a6074 
Dealt to ae2150f7 
Hero: folds
f67dc776: folds
3e3ba9dd: raises $0.08 to $0.13
4b81af74: folds
343a6074: folds
ae2150f7: raises $0.22 to $0.35
3e3ba9dd: calls $0.22
*** FLOP *** [3s 2c Ts]
ae2150f7: bets $0.25
3e3ba9dd: raises $0.69 to $0.94
ae2150f7: raises $3.83 to $4.77 and is all-in
3e3ba9dd: folds
Uncalled bet ($3.83) returned to ae2150f7
*** SHOWDOWN ***
ae2150f7 collected $2.43 from pot
*** SUMMARY ***
Total pot $2.6 | Rake $0.12 | Jackpot $0.05 | Bingo $0 | Fortune $0 | Tax $0
Board [3s 2c Ts]
Seat 1: Hero folded before Flop (didn't bet)
Seat 2: f67dc776 folded before Flop (didn't bet)
Seat 3: 3e3ba9dd folded on the Flop
Seat 4: 4b81af74 (button) folded before Flop (didn't bet)
Seat 5: 343a6074 (small blind) folded before Flop
Seat 6: ae2150f7 (big blind) won ($2.43)


Poker Hand #HD1730109380: Hold'em No Limit ($0.02/$0.05) - 2024/04/14 16:30:44
Table 'NLHBlue1' 6-max Seat #3 is the button
Seat 1: Hero ($5.55 in chips)
Seat 2: f67dc776 ($9.02 in chips)
Seat 3: 3e3ba9dd ($5 in chips)
Seat 4: 4b81af74 ($6.23 in chips)
Seat 5: 343a6074 ($6.62 in chips)
Seat 6: ae2150f7 ($5.12 in chips)
4b81af74: posts small blind $0.02
343a6074: posts big blind $0.05
*** HOLE CARDS ***
Dealt to Hero [Qc Kc]
Dealt to f67dc776 
Dealt to 3e3ba9dd 
Dealt to 4b81af74 
Dealt to 343a6074 
Dealt to ae2150f7 
ae2150f7: folds
Hero: raises $0.05 to $0.1
f67dc776: folds
3e3ba9dd: folds
4b81af74: folds
343a6074: folds
Uncalled bet ($0.05) returned to Hero
*** SHOWDOWN ***
Hero collected $0.12 from pot
*** SUMMARY ***
Total pot $0.12 | Rake $0 | Jackpot $0 | Bingo $0 | Fortune $0 | Tax $0
Seat 1: Hero collected ($0.12)
Seat 2: f67dc776 folded before Flop (didn't bet)
Seat 3: 3e3ba9dd (button) folded before Flop (didn't bet)
Seat 4: 4b81af74 (small blind) folded before Flop
Seat 5: 343a6074 (big blind) folded before Flop
Seat 6: ae2150f7 folded before Flop (didn't bet)


Poker Hand #HD1730109233: Hold'em No Limit ($0.02/$0.05) - 2024/04/14 16:29:36
Table 'NLHBlue1' 6-max Seat #2 is the button
Seat 1: Hero ($5.55 in chips)
Seat 2: f67dc776 ($9.02 in chips)
Seat 3: 3e3ba9dd ($5.1 in chips)
Seat 4: 4b81af74 ($5.88 in chips)
Seat 5: 343a6074 ($6.62 in chips)
Seat 6: ae2150f7 ($5.22 in chips)
3e3ba9dd: posts small blind $0.02
4b81af74: posts big blind $0.05
*** HOLE CARDS ***
Dealt to Hero [9s Qc]
Dealt to f67dc776 
Dealt to 3e3ba9dd 
Dealt to 4b81af74 
Dealt to 343a6074 
Dealt to ae2150f7 
343a6074: folds
ae2150f7: raises $0.05 to $0.1
Hero: folds
f67dc776: folds
3e3ba9dd: calls $0.08
4b81af74: calls $0.05
*** FLOP *** [2s 4d 5s]
3e3ba9dd: bets $0.18
4b81af74: calls $0.18
ae2150f7: folds
*** TURN *** [2s 4d 5s] [Ad]
3e3ba9dd: checks
4b81af74: checks
*** RIVER *** [2s 4d 5s Ad] [As]
3e3ba9dd: checks
4b81af74: checks
3e3ba9dd: shows [6s 6c] (Pair of Aces and Pair of Sixes)
4b81af74: shows [8d 8s] (Pair of Aces and Pair of Eights)
*** SHOWDOWN ***
4b81af74 collected $0.63 from pot
*** SUMMARY ***
Total pot $0.66 | Rake $0.03 | Jackpot $0 | Bingo $0 | Fortune $0 | Tax $0
Board [2s 4d 5s Ad As]
Seat 1: Hero folded before Flop (didn't bet)
Seat 2: f67dc776 (button) folded before Flop (didn't bet)
Seat 3: 3e3ba9dd (small blind) showed [6s 6c] and lost with Pair of Aces and Pair of Sixes
Seat 4: 4b81af74 (big blind) showed [8d 8s] and won ($0.63) with Pair of Aces and Pair of Eights
Seat 5: 343a6074 folded before Flop (didn't bet)
Seat 6: ae2150f7 folded on the Flop


Poker Hand #HD1730109164: Hold'em No Limit ($0.02/$0.05) - 2024/04/14 16:29:11
Table 'NLHBlue1' 6-max Seat #1 is the button
Seat 1: Hero ($5.55 in chips)
Seat 2: f67dc776 ($8.97 in chips)
Seat 3: 3e3ba9dd ($5.15 in chips)
Seat 4: 4b81af74 ($5.88 in chips)
Seat 5: 343a6074 ($6.62 in chips)
Seat 6: ae2150f7 ($5.22 in chips)
f67dc776: posts small blind $0.02
3e3ba9dd: posts big blind $0.05
*** HOLE CARDS ***
Dealt to Hero [Ks 5c]
Dealt to f67dc776 
Dealt to 3e3ba9dd 
Dealt to 4b81af74 
Dealt to 343a6074 
Dealt to ae2150f7 
4b81af74: folds
343a6074: folds
ae2150f7: folds
Hero: folds
f67dc776: raises $0.1 to $0.15
3e3ba9dd: folds
Uncalled bet ($0.1) returned to f67dc776
*** SHOWDOWN ***
f67dc776 collected $0.1 from pot
*** SUMMARY ***
Total pot $0.1 | Rake $0 | Jackpot $0 | Bingo $0 | Fortune $0 | Tax $0
Seat 1: Hero (button) folded before Flop (didn't bet)
Seat 2: f67dc776 (small blind) collected ($0.1)
Seat 3: 3e3ba9dd (big blind) folded before Flop
Seat 4: 4b81af74 folded before Flop (didn't bet)
Seat 5: 343a6074 folded before Flop (didn't bet)
Seat 6: ae2150f7 folded before Flop (didn't bet)


Poker Hand #HD1730109107: Hold'em No Limit ($0.02/$0.05) - 2024/04/14 16:28:42
Table 'NLHBlue1' 6-max Seat #6 is the button
Seat 1: Hero ($5.57 in chips)
Seat 2: f67dc776 ($9.02 in chips)
Seat 3: 3e3ba9dd ($5.15 in chips)
Seat 4: 4b81af74 ($5.88 in chips)
Seat 5: 343a6074 ($6.55 in chips)
Seat 6: ae2150f7 ($5.22 in chips)
Hero: posts small blind $0.02
f67dc776: posts big blind $0.05
*** HOLE CARDS ***
Dealt to Hero [5d 4d]
Dealt to f67dc776 
Dealt to 3e3ba9dd 
Dealt to 4b81af74 
Dealt to 343a6074 
Dealt to ae2150f7 
3e3ba9dd: folds
4b81af74: folds
343a6074: raises $0.09 to $0.14
ae2150f7: folds
Hero: folds
f67dc776: folds
Uncalled bet ($0.09) returned to 343a6074
*** SHOWDOWN ***
343a6074 collected $0.12 from pot
*** SUMMARY ***
Total pot $0.12 | Rake $0 | Jackpot $0 | Bingo $0 | Fortune $0 | Tax $0
Seat 1: Hero (small blind) folded before Flop
Seat 2: f67dc776 (big blind) folded before Flop
Seat 3: 3e3ba9dd folded before Flop (didn't bet)
Seat 4: 4b81af74 folded before Flop (didn't bet)
Seat 5: 343a6074 collected ($0.12)
Seat 6: ae2150f7 (button) folded before Flop (didn't bet)


Poker Hand #HD1730109013: Hold'em No Limit ($0.02/$0.05) - 2024/04/14 16:27:58
Table 'NLHBlue1' 6-max Seat #5 is the button
Seat 1: Hero ($5.62 in chips)
Seat 2: f67dc776 ($9.02 in chips)
Seat 3: 3e3ba9dd ($5.15 in chips)
Seat 4: 4b81af74 ($6.01 in chips)
Seat 5: 343a6074 ($6.36 in chips)
Seat 6: ae2150f7 ($5.24 in chips)
ae2150f7: posts small blind $0.02
Hero: posts big blind $0.05
*** HOLE CARDS ***
Dealt to Hero [8h 9s]
Dealt to f67dc776 
Dealt to 3e3ba9dd 
Dealt to 4b81af74 
Dealt to 343a6074 
Dealt to ae2150f7 
f67dc776: folds
3e3ba9dd: folds
4b81af74: raises $0.08 to $0.13
343a6074: raises $0.31 to $0.44
ae2150f7: folds
Hero: folds
4b81af74: folds
Uncalled bet ($0.31) returned to 343a6074
*** SHOWDOWN ***
343a6074 collected $0.32 from pot
*** SUMMARY ***
Total pot $0.33 | Rake $0.01 | Jackpot $0 | Bingo $0 | Fortune $0 | Tax $0
Seat 1: Hero (big blind) folded before Flop
Seat 2: f67dc776 folded before Flop (didn't bet)
Seat 3: 3e3ba9dd folded before Flop (didn't bet)
Seat 4: 4b81af74 folded before Flop
Seat 5: 343a6074 (button) collected ($0.32)
Seat 6: ae2150f7 (small blind) folded before Flop


Poker Hand #HD1730108841: Hold'em No Limit ($0.02/$0.05) - 2024/04/14 16:26:42
Table 'NLHBlue1' 6-max Seat #4 is the button
Seat 1: Hero ($5.09 in chips)
Seat 2: f67dc776 ($9.02 in chips)
Seat 3: 3e3ba9dd ($5.66 in chips)
Seat 4: 4b81af74 ($6.01 in chips)
Seat 5: 343a6074 ($6.38 in chips)
Seat 6: ae2150f7 ($5.29 in chips)
343a6074: posts small blind $0.02
ae2150f7: posts big blind $0.05
*** HOLE CARDS ***
Dealt to Hero [Jh Ah]
Dealt to f67dc776 
Dealt to 3e3ba9dd 
Dealt to 4b81af74 
Dealt to 343a6074 
Dealt to ae2150f7 
Hero: raises $0.05 to $0.1
f67dc776: folds
3e3ba9dd: calls $0.1
4b81af74: folds
343a6074: folds
ae2150f7: folds
*** FLOP *** [2h 4s 4d]
Hero: checks
3e3ba9dd: bets $0.16
Hero: calls $0.16
*** TURN *** [2h 4s 4d] [Qh]
Hero: checks
3e3ba9dd: checks
*** RIVER *** [2h 4s 4d Qh] [Jd]
Hero: bets $0.25
3e3ba9dd: calls $0.25
Hero: shows [Jh Ah] (Pair of Jacks and Pair of Fours)
3e3ba9dd: shows [Js Ks] (Pair of Jacks and Pair of Fours)
*** SHOWDOWN ***
Hero collected $1.04 from pot
*** SUMMARY ***
Total pot $1.09 | Rake $0.05 | Jackpot $0 | Bingo $0 | Fortune $0 | Tax $0
Board [2h 4s 4d Qh Jd]
Seat 1: Hero showed [Jh Ah] and won ($1.04) with Pair of Jacks and Pair of Fours
Seat 2: f67dc776 folded before Flop (didn't bet)
Seat 3: 3e3ba9dd showed [Js Ks] and lost with Pair of Jacks and Pair of Fours
Seat 4: 4b81af74 (button) folded before Flop (didn't bet)
Seat 5: 343a6074 (small blind) folded before Flop
Seat 6: ae2150f7 (big blind) folded before Flop


Poker Hand #HD1730108780: Hold'em No Limit ($0.02/$0.05) - 2024/04/14 16:26:11
Table 'NLHBlue1' 6-max Seat #3 is the button
Seat 1: Hero ($5.09 in chips)
Seat 2: f67dc776 ($9.02 in chips)
Seat 3: 3e3ba9dd ($5.66 in chips)
Seat 4: 4b81af74 ($6.03 in chips)
Seat 5: 343a6074 ($6.43 in chips)
Seat 6: ae2150f7 ($5.22 in chips)
4b81af74: posts small blind $0.02
343a6074: posts big blind $0.05
*** HOLE CARDS ***
Dealt to Hero [5d 7c]
Dealt to f67dc776 
Dealt to 3e3ba9dd 
Dealt to 4b81af74 
Dealt to 343a6074 
Dealt to ae2150f7 
ae2150f7: raises $0.05 to $0.1
Hero: folds
f67dc776: folds
3e3ba9dd: folds
4b81af74: folds
343a6074: folds
Uncalled bet ($0.05) returned to ae2150f7
*** SHOWDOWN ***
ae2150f7 collected $0.12 from pot
*** SUMMARY ***
Total pot $0.12 | Rake $0 | Jackpot $0 | Bingo $0 | Fortune $0 | Tax $0
Seat 1: Hero folded before Flop (didn't bet)
Seat 2: f67dc776 folded before Flop (didn't bet)
Seat 3: 3e3ba9dd (button) folded before Flop (didn't bet)
Seat 4: 4b81af74 (small blind) folded before Flop
Seat 5: 343a6074 (big blind) folded before Flop
Seat 6: ae2150f7 collected ($0.12)


Poker Hand #HD1730108739: Hold'em No Limit ($0.02/$0.05) - 2024/04/14 16:25:55
Table 'NLHBlue1' 6-max Seat #2 is the button
Seat 1: Hero ($5.09 in chips)
Seat 2: f67dc776 ($9.02 in chips)
Seat 3: 3e3ba9dd ($5.61 in chips)
Seat 4: 4b81af74 ($6.08 in chips)
Seat 5: 343a6074 ($6.43 in chips)
Seat 6: ae2150f7 ($5.22 in chips)
3e3ba9dd: posts small blind $0.02
4b81af74: posts big blind $0.05
*** HOLE CARDS ***
Dealt to Hero [Ks 6c]
Dealt to f67dc776 
Dealt to 3e3ba9dd 
Dealt to 4b81af74 
Dealt to 343a6074 
Dealt to ae2150f7 
343a6074: folds
ae2150f7: folds
Hero: folds
f67dc776: folds
3e3ba9dd: raises $0.13 to $0.18
4b81af74: folds
Uncalled bet ($0.13) returned to 3e3ba9dd
*** SHOWDOWN ***
3e3ba9dd collected $0.1 from pot
*** SUMMARY ***
Total pot $0.1 | Rake $0 | Jackpot $0 | Bingo $0 | Fortune $0 | Tax $0
Seat 1: Hero folded before Flop (didn't bet)
Seat 2: f67dc776 (button) folded before Flop (didn't bet)
Seat 3: 3e3ba9dd (small blind) collected ($0.1)
Seat 4: 4b81af74 (big blind) folded before Flop
Seat 5: 343a6074 folded before Flop (didn't bet)
Seat 6: ae2150f7 folded before Flop (didn't bet)


Poker Hand #HD1730108699: Hold'em No Limit ($0.02/$0.05) - 2024/04/14 16:25:38
Table 'NLHBlue1' 6-max Seat #1 is the button
Seat 1: Hero ($5.09 in chips)
Seat 2: f67dc776 ($8.97 in chips)
Seat 3: 3e3ba9dd ($5.66 in chips)
Seat 4: 4b81af74 ($6.08 in chips)
Seat 5: 343a6074 ($6.43 in chips)
Seat 6: ae2150f7 ($5.22 in chips)
f67dc776: posts small blind $0.02
3e3ba9dd: posts big blind $0.05
*** HOLE CARDS ***
Dealt to Hero [4c 8h]
Dealt to f67dc776 
Dealt to 3e3ba9dd 
Dealt to 4b81af74 
Dealt to 343a6074 
Dealt to ae2150f7 
4b81af74: folds
343a6074: folds
ae2150f7: folds
Hero: folds
f67dc776: raises $0.08 to $0.13
3e3ba9dd: folds
Uncalled bet ($0.08) returned to f67dc776
*** SHOWDOWN ***
f67dc776 collected $0.1 from pot
*** SUMMARY ***
Total pot $0.1 | Rake $0 | Jackpot $0 | Bingo $0 | Fortune $0 | Tax $0
Seat 1: Hero (button) folded before Flop (didn't bet)
Seat 2: f67dc776 (small blind) collected ($0.1)
Seat 3: 3e3ba9dd (big blind) folded before Flop
Seat 4: 4b81af74 folded before Flop (didn't bet)
Seat 5: 343a6074 folded before Flop (didn't bet)
Seat 6: ae2150f7 folded before Flop (didn't bet)


Poker Hand #HD1730108583: Hold'em No Limit ($0.02/$0.05) - 2024/04/14 16:24:46
Table 'NLHBlue1' 6-max Seat #6 is the button
Seat 1: Hero ($5.11 in chips)
Seat 2: f67dc776 ($9.02 in chips)
Seat 3: 3e3ba9dd ($5.66 in chips)
Seat 4: 4b81af74 ($6.01 in chips)
Seat 5: 343a6074 ($6.43 in chips)
Seat 6: ae2150f7 ($5.22 in chips)
Hero: posts small blind $0.02
f67dc776: posts big blind $0.05
*** HOLE CARDS ***
Dealt to Hero [6d Qc]
Dealt to f67dc776 
Dealt to 3e3ba9dd 
Dealt to 4b81af74 
Dealt to 343a6074 
Dealt to ae2150f7 
3e3ba9dd: folds
4b81af74: calls $0.05
343a6074: folds
ae2150f7: folds
Hero: folds
f67dc776: checks
*** FLOP *** [5c 7c Qd]
f67dc776: checks
4b81af74: bets $0.06
f67dc776: folds
Uncalled bet ($0.06) returned to 4b81af74
*** SHOWDOWN ***
4b81af74 collected $0.12 from pot
*** SUMMARY ***
Total pot $0.12 | Rake $0 | Jackpot $0 | Bingo $0 | Fortune $0 | Tax $0
Board [5c 7c Qd]
Seat 1: Hero (small blind) folded before Flop
Seat 2: f67dc776 (big blind) folded on the Flop
Seat 3: 3e3ba9dd folded before Flop (didn't bet)
Seat 4: 4b81af74 won ($0.12)
Seat 5: 343a6074 folded before Flop (didn't bet)
Seat 6: ae2150f7 (button) folded before Flop (didn't bet)


Poker Hand #HD1730108548: Hold'em No Limit ($0.02/$0.05) - 2024/04/14 16:24:29
Table 'NLHBlue1' 6-max Seat #5 is the button
Seat 1: Hero ($5.16 in chips)
Seat 2: f67dc776 ($9.02 in chips)
Seat 3: 3e3ba9dd ($5.66 in chips)
Seat 4: 4b81af74 ($5.94 in chips)
Seat 5: 343a6074 ($6.43 in chips)
Seat 6: ae2150f7 ($5.24 in chips)
ae2150f7: posts small blind $0.02
Hero: posts big blind $0.05
*** HOLE CARDS ***
Dealt to Hero [6h 4h]
Dealt to f67dc776 
Dealt to 3e3ba9dd 
Dealt to 4b81af74 
Dealt to 343a6074 
Dealt to ae2150f7 
f67dc776: folds
3e3ba9dd: folds
4b81af74: raises $0.08 to $0.13
343a6074: folds
ae2150f7: folds
Hero: folds
Uncalled bet ($0.08) returned to 4b81af74
*** SHOWDOWN ***
4b81af74 collected $0.12 from pot
*** SUMMARY ***
Total pot $0.12 | Rake $0 | Jackpot $0 | Bingo $0 | Fortune $0 | Tax $0
Seat 1: Hero (big blind) folded before Flop
Seat 2: f67dc776 folded before Flop (didn't bet)
Seat 3: 3e3ba9dd folded before Flop (didn't bet)
Seat 4: 4b81af74 collected ($0.12)
Seat 5: 343a6074 (button) folded before Flop (didn't bet)
Seat 6: ae2150f7 (small blind) folded before Flop


Poker Hand #HD1730108501: Hold'em No Limit ($0.02/$0.05) - 2024/04/14 16:24:10
Table 'NLHBlue1' 6-max Seat #4 is the button
Seat 1: Hero ($5.16 in chips)
Seat 2: f67dc776 ($8.95 in chips)
Seat 3: 3e3ba9dd ($5.66 in chips)
Seat 4: 4b81af74 ($5.94 in chips)
Seat 5: 343a6074 ($6.45 in chips)
Seat 6: ae2150f7 ($5.29 in chips)
343a6074: posts small blind $0.02
ae2150f7: posts big blind $0.05
*** HOLE CARDS ***
Dealt to Hero [As 3s]
Dealt to f67dc776 
Dealt to 3e3ba9dd 
Dealt to 4b81af74 
Dealt to 343a6074 
Dealt to ae2150f7 
Hero: folds
f67dc776: raises $0.08 to $0.13
3e3ba9dd: folds
4b81af74: folds
343a6074: folds
ae2150f7: folds
Uncalled bet ($0.08) returned to f67dc776
*** SHOWDOWN ***
f67dc776 collected $0.12 from pot
*** SUMMARY ***
Total pot $0.12 | Rake $0 | Jackpot $0 | Bingo $0 | Fortune $0 | Tax $0
Seat 1: Hero folded before Flop (didn't bet)
Seat 2: f67dc776 collected ($0.12)
Seat 3: 3e3ba9dd folded before Flop (didn't bet)
Seat 4: 4b81af74 (button) folded before Flop (didn't bet)
Seat 5: 343a6074 (small blind) folded before Flop
Seat 6: ae2150f7 (big blind) folded before Flop


Poker Hand #HD1730108423: Hold'em No Limit ($0.02/$0.05) - 2024/04/14 16:23:33
Table 'NLHBlue1' 6-max Seat #3 is the button
Seat 1: Hero ($5.16 in chips)
Seat 2: f67dc776 ($9.55 in chips)
Seat 3: 3e3ba9dd ($5.05 in chips)
Seat 4: 4b81af74 ($5.96 in chips)
Seat 5: 343a6074 ($6.5 in chips)
Seat 6: ae2150f7 ($5.29 in chips)
4b81af74: posts small blind $0.02
343a6074: posts big blind $0.05
*** HOLE CARDS ***
Dealt to Hero [Qc 2d]
Dealt to f67dc776 
Dealt to 3e3ba9dd 
Dealt to 4b81af74 
Dealt to 343a6074 
Dealt to ae2150f7 
ae2150f7: folds
Hero: folds
f67dc776: raises $0.1 to $0.15
3e3ba9dd: raises $0.45 to $0.6
4b81af74: folds
343a6074: folds
f67dc776: calls $0.45
*** FLOP *** [Kc 2s 3c]
f67dc776: checks
3e3ba9dd: bets $0.42
f67dc776: folds
Uncalled bet ($0.42) returned to 3e3ba9dd
*** SHOWDOWN ***
3e3ba9dd collected $1.21 from pot
*** SUMMARY ***
Total pot $1.27 | Rake $0.06 | Jackpot $0 | Bingo $0 | Fortune $0 | Tax $0
Board [Kc 2s 3c]
Seat 1: Hero folded before Flop (didn't bet)
Seat 2: f67dc776 folded on the Flop
Seat 3: 3e3ba9dd (button) won ($1.21)
Seat 4: 4b81af74 (small blind) folded before Flop
Seat 5: 343a6074 (big blind) folded before Flop
Seat 6: ae2150f7 folded before Flop (didn't bet)


Poker Hand #HD1730108372: Hold'em No Limit ($0.02/$0.05) - 2024/04/14 16:23:09
Table 'NLHBlue1' 6-max Seat #2 is the button
Seat 1: Hero ($5.16 in chips)
Seat 2: f67dc776 ($9.55 in chips)
Seat 3: 3e3ba9dd ($5 in chips)
Seat 4: 4b81af74 ($6.01 in chips)
Seat 5: 343a6074 ($6.5 in chips)
Seat 6: ae2150f7 ($5.29 in chips)
3e3ba9dd: posts small blind $0.02
4b81af74: posts big blind $0.05
*** HOLE CARDS ***
Dealt to Hero [4s Tc]
Dealt to f67dc776 
Dealt to 3e3ba9dd 
Dealt to 4b81af74 
Dealt to 343a6074 
Dealt to ae2150f7 
343a6074: folds
ae2150f7: folds
Hero: folds
f67dc776: folds
3e3ba9dd: raises $0.13 to $0.18
4b81af74: folds
Uncalled bet ($0.13) returned to 3e3ba9dd
*** SHOWDOWN ***
3e3ba9dd collected $0.1 from pot
*** SUMMARY ***
Total pot $0.1 | Rake $0 | Jackpot $0 | Bingo $0 | Fortune $0 | Tax $0
Seat 1: Hero folded before Flop (didn't bet)
Seat 2: f67dc776 (button) folded before Flop (didn't bet)
Seat 3: 3e3ba9dd (small blind) collected ($0.1)
Seat 4: 4b81af74 (big blind) folded before Flop
Seat 5: 343a6074 folded before Flop (didn't bet)
Seat 6: ae2150f7 folded before Flop (didn't bet)


Poker Hand #HD1730108339: Hold'em No Limit ($0.02/$0.05) - 2024/04/14 16:22:52
Table 'NLHBlue1' 6-max Seat #1 is the button
Seat 1: Hero ($5.16 in chips)
Seat 2: f67dc776 ($9.5 in chips)
Seat 3: 3e3ba9dd ($5 in chips)
Seat 4: 4b81af74 ($6.01 in chips)
Seat 5: 343a6074 ($6.5 in chips)
Seat 6: ae2150f7 ($5.29 in chips)
f67dc776: posts small blind $0.02
3e3ba9dd: posts big blind $0.05
*** HOLE CARDS ***
Dealt to Hero [8h Qc]
Dealt to f67dc776 
Dealt to 3e3ba9dd 
Dealt to 4b81af74 
Dealt to 343a6074 
Dealt to ae2150f7 
4b81af74: folds
343a6074: folds
ae2150f7: folds
Hero: folds
f67dc776: raises $0.08 to $0.13
3e3ba9dd: folds
Uncalled bet ($0.08) returned to f67dc776
*** SHOWDOWN ***
f67dc776 collected $0.1 from pot
*** SUMMARY ***
Total pot $0.1 | Rake $0 | Jackpot $0 | Bingo $0 | Fortune $0 | Tax $0
Seat 1: Hero (button) folded before Flop (didn't bet)
Seat 2: f67dc776 (small blind) collected ($0.1)
Seat 3: 3e3ba9dd (big blind) folded before Flop
Seat 4: 4b81af74 folded before Flop (didn't bet)
Seat 5: 343a6074 folded before Flop (didn't bet)
Seat 6: ae2150f7 folded before Flop (didn't bet)


Poker Hand #HD1730108325: Hold'em No Limit ($0.02/$0.05) - 2024/04/14 16:22:45
Table 'NLHBlue1' 6-max Seat #6 is the button
Seat 1: Hero ($5.18 in chips)
Seat 2: f67dc776 ($9.48 in chips)
Seat 4: 4b81af74 ($6.01 in chips)
Seat 5: 343a6074 ($6.5 in chips)
Seat 6: ae2150f7 ($5.29 in chips)
Hero: posts small blind $0.02
f67dc776: posts big blind $0.05
*** HOLE CARDS ***
Dealt to Hero [4d Jh]
Dealt to f67dc776 
Dealt to 4b81af74 
Dealt to 343a6074 
Dealt to ae2150f7 
4b81af74: folds
343a6074: folds
ae2150f7: folds
Hero: folds
Uncalled bet ($0.03) returned to f67dc776
*** SHOWDOWN ***
f67dc776 collected $0.04 from pot
*** SUMMARY ***
Total pot $0.04 | Rake $0 | Jackpot $0 | Bingo $0 | Fortune $0 | Tax $0
Seat 1: Hero (small blind) folded before Flop
Seat 2: f67dc776 (big blind) collected ($0.04)
Seat 4: 4b81af74 folded before Flop (didn't bet)
Seat 5: 343a6074 folded before Flop (didn't bet)
Seat 6: ae2150f7 (button) folded before Flop (didn't bet)


Poker Hand #HD1730108234: Hold'em No Limit ($0.02/$0.05) - 2024/04/14 16:22:00
Table 'NLHBlue1' 6-max Seat #5 is the button
Seat 1: Hero ($5.23 in chips)
Seat 2: f67dc776 ($9.48 in chips)
Seat 4: 4b81af74 ($6.31 in chips)
Seat 5: 343a6074 ($6.5 in chips)
Seat 6: ae2150f7 ($4.97 in chips)
ae2150f7: posts small blind $0.02
Hero: posts big blind $0.05
*** HOLE CARDS ***
Dealt to Hero [3h Qc]
Dealt to f67dc776 
Dealt to 4b81af74 
Dealt to 343a6074 
Dealt to ae2150f7 
f67dc776: folds
4b81af74: raises $0.08 to $0.13
343a6074: folds
ae2150f7: raises $0.17 to $0.3
Hero: folds
4b81af74: calls $0.17
*** FLOP *** [Td 9h 3d]
ae2150f7: bets $0.33
4b81af74: folds
Uncalled bet ($0.33) returned to ae2150f7
*** SHOWDOWN ***
ae2150f7 collected $0.62 from pot
*** SUMMARY ***
Total pot $0.65 | Rake $0.03 | Jackpot $0 | Bingo $0 | Fortune $0 | Tax $0
Board [Td 9h 3d]
Seat 1: Hero (big blind) folded before Flop
Seat 2: f67dc776 folded before Flop (didn't bet)
Seat 4: 4b81af74 folded on the Flop
Seat 5: 343a6074 (button) folded before Flop (didn't bet)
Seat 6: ae2150f7 (small blind) won ($0.62)


Poker Hand #HD1730108208: Hold'em No Limit ($0.02/$0.05) - 2024/04/14 16:21:48
Table 'NLHBlue1' 6-max Seat #4 is the button
Seat 1: Hero ($5.16 in chips)
Seat 2: f67dc776 ($9.48 in chips)
Seat 4: 4b81af74 ($6.31 in chips)
Seat 5: 343a6074 ($6.52 in chips)
Seat 6: ae2150f7 ($5.02 in chips)
343a6074: posts small blind $0.02
ae2150f7: posts big blind $0.05
*** HOLE CARDS ***
Dealt to Hero [Jc Qc]
Dealt to f67dc776 
Dealt to 4b81af74 
Dealt to 343a6074 
Dealt to ae2150f7 
Hero: raises $0.05 to $0.1
f67dc776: folds
4b81af74: folds
343a6074: folds
ae2150f7: folds
Uncalled bet ($0.05) returned to Hero
*** SHOWDOWN ***
Hero collected $0.12 from pot
*** SUMMARY ***
Total pot $0.12 | Rake $0 | Jackpot $0 | Bingo $0 | Fortune $0 | Tax $0
Seat 1: Hero collected ($0.12)
Seat 2: f67dc776 folded before Flop (didn't bet)
Seat 4: 4b81af74 (button) folded before Flop (didn't bet)
Seat 5: 343a6074 (small blind) folded before Flop
Seat 6: ae2150f7 (big blind) folded before Flop


Poker Hand #HD1730108169: Hold'em No Limit ($0.02/$0.05) - 2024/04/14 16:21:30
Table 'NLHBlue1' 6-max Seat #2 is the button
Seat 1: Hero ($5.16 in chips)
Seat 2: f67dc776 ($9.48 in chips)
Seat 4: 4b81af74 ($6.33 in chips)
Seat 5: 343a6074 ($6.57 in chips)
Seat 6: ae2150f7 ($4.95 in chips)
4b81af74: posts small blind $0.02
343a6074: posts big blind $0.05
*** HOLE CARDS ***
Dealt to Hero [Ah 4d]
Dealt to f67dc776 
Dealt to 4b81af74 
Dealt to 343a6074 
Dealt to ae2150f7 
ae2150f7: raises $0.05 to $0.1
Hero: folds
f67dc776: folds
4b81af74: folds
343a6074: folds
Uncalled bet ($0.05) returned to ae2150f7
*** SHOWDOWN ***
ae2150f7 collected $0.12 from pot
*** SUMMARY ***
Total pot $0.12 | Rake $0 | Jackpot $0 | Bingo $0 | Fortune $0 | Tax $0
Seat 1: Hero folded before Flop (didn't bet)
Seat 2: f67dc776 (button) folded before Flop (didn't bet)
Seat 4: 4b81af74 (small blind) folded before Flop
Seat 5: 343a6074 (big blind) folded before Flop
Seat 6: ae2150f7 collected ($0.12)


Poker Hand #HD1730108077: Hold'em No Limit ($0.02/$0.05) - 2024/04/14 16:20:50
Table 'NLHBlue1' 6-max Seat #1 is the button
Seat 1: Hero ($5.16 in chips)
Seat 2: f67dc776 ($9.63 in chips)
Seat 4: 4b81af74 ($6.19 in chips)
Seat 5: 343a6074 ($6.57 in chips)
Seat 6: ae2150f7 ($4.95 in chips)
f67dc776: posts small blind $0.02
4b81af74: posts big blind $0.05
*** HOLE CARDS ***
Dealt to Hero [Kh 4d]
Dealt to f67dc776 
Dealt to 4b81af74 
Dealt to 343a6074 
Dealt to ae2150f7 
343a6074: folds
ae2150f7: folds
Hero: folds
f67dc776: raises $0.1 to $0.15
4b81af74: calls $0.1
*** FLOP *** [Th 7c 7d]
f67dc776: checks
4b81af74: checks
*** TURN *** [Th 7c 7d] [Qs]
f67dc776: checks
4b81af74: bets $0.15
f67dc776: folds
Uncalled bet ($0.15) returned to 4b81af74
*** SHOWDOWN ***
4b81af74 collected $0.29 from pot
*** SUMMARY ***
Total pot $0.3 | Rake $0.01 | Jackpot $0 | Bingo $0 | Fortune $0 | Tax $0
Board [Th 7c 7d Qs]
Seat 1: Hero (button) folded before Flop (didn't bet)
Seat 2: f67dc776 (small blind) folded on the Turn
Seat 4: 4b81af74 (big blind) won ($0.29)
Seat 5: 343a6074 folded before Flop (didn't bet)
Seat 6: ae2150f7 folded before Flop (didn't bet)


Poker Hand #HD1730108060: Hold'em No Limit ($0.02/$0.05) - 2024/04/14 16:20:39
Table 'NLHBlue1' 6-max Seat #6 is the button
Seat 1: Hero ($5.18 in chips)
Seat 2: f67dc776 ($9.61 in chips)
Seat 4: 4b81af74 ($6.19 in chips)
Seat 5: 343a6074 ($6.57 in chips)
Seat 6: ae2150f7 ($4.95 in chips)
Hero: posts small blind $0.02
f67dc776: posts big blind $0.05
*** HOLE CARDS ***
Dealt to Hero [8c 2c]
Dealt to f67dc776 
Dealt to 4b81af74 
Dealt to 343a6074 
Dealt to ae2150f7 
4b81af74: folds
343a6074: folds
ae2150f7: folds
Hero: folds
Uncalled bet ($0.03) returned to f67dc776
*** SHOWDOWN ***
f67dc776 collected $0.04 from pot
*** SUMMARY ***
Total pot $0.04 | Rake $0 | Jackpot $0 | Bingo $0 | Fortune $0 | Tax $0
Seat 1: Hero (small blind) folded before Flop
Seat 2: f67dc776 (big blind) collected ($0.04)
Seat 4: 4b81af74 folded before Flop (didn't bet)
Seat 5: 343a6074 folded before Flop (didn't bet)
Seat 6: ae2150f7 (button) folded before Flop (didn't bet)


Poker Hand #HD1730108029: Hold'em No Limit ($0.02/$0.05) - 2024/04/14 16:20:25
Table 'NLHBlue1' 6-max Seat #5 is the button
Seat 1: Hero ($5.23 in chips)
Seat 2: f67dc776 ($9.61 in chips)
Seat 4: 4b81af74 ($6.19 in chips)
Seat 5: 343a6074 ($6.57 in chips)
Seat 6: ae2150f7 ($4.9 in chips)
ae2150f7: posts small blind $0.02
Hero: posts big blind $0.05
*** HOLE CARDS ***
Dealt to Hero [6h 3s]
Dealt to f67dc776 
Dealt to 4b81af74 
Dealt to 343a6074 
Dealt to ae2150f7 
f67dc776: folds
4b81af74: folds
343a6074: folds
ae2150f7: raises $0.05 to $0.1
Hero: folds
Uncalled bet ($0.05) returned to ae2150f7
*** SHOWDOWN ***
ae2150f7 collected $0.1 from pot
*** SUMMARY ***
Total pot $0.1 | Rake $0 | Jackpot $0 | Bingo $0 | Fortune $0 | Tax $0
Seat 1: Hero (big blind) folded before Flop
Seat 2: f67dc776 folded before Flop (didn't bet)
Seat 4: 4b81af74 folded before Flop (didn't bet)
Seat 5: 343a6074 (button) folded before Flop (didn't bet)
Seat 6: ae2150f7 (small blind) collected ($0.1)


Poker Hand #HD1730107985: Hold'em No Limit ($0.02/$0.05) - 2024/04/14 16:20:09
Table 'NLHBlue1' 6-max Seat #4 is the button
Seat 1: Hero ($5.23 in chips)
Seat 2: f67dc776 ($9.61 in chips)
Seat 4: 4b81af74 ($6.19 in chips)
Seat 5: 343a6074 ($6.59 in chips)
Seat 6: ae2150f7 ($4.88 in chips)
343a6074: posts small blind $0.02
ae2150f7: posts big blind $0.05
*** HOLE CARDS ***
Dealt to Hero [Td 8c]
Dealt to f67dc776 
Dealt to 4b81af74 
Dealt to 343a6074 
Dealt to ae2150f7 
Hero: folds
f67dc776: folds
4b81af74: folds
343a6074: folds
Uncalled bet ($0.03) returned to ae2150f7
*** SHOWDOWN ***
ae2150f7 collected $0.04 from pot
*** SUMMARY ***
Total pot $0.04 | Rake $0 | Jackpot $0 | Bingo $0 | Fortune $0 | Tax $0
Seat 1: Hero folded before Flop (didn't bet)
Seat 2: f67dc776 folded before Flop (didn't bet)
Seat 4: 4b81af74 (button) folded before Flop (didn't bet)
Seat 5: 343a6074 (small blind) folded before Flop
Seat 6: ae2150f7 (big blind) collected ($0.04)


Poker Hand #HD1730107949: Hold'em No Limit ($0.02/$0.05) - 2024/04/14 16:19:53
Table 'NLHBlue1' 6-max Seat #2 is the button
Seat 1: Hero ($5.23 in chips)
Seat 2: f67dc776 ($9.54 in chips)
Seat 4: 4b81af74 ($6.21 in chips)
Seat 5: 343a6074 ($6.64 in chips)
Seat 6: ae2150f7 ($4.88 in chips)
4b81af74: posts small blind $0.02
343a6074: posts big blind $0.05
*** HOLE CARDS ***
Dealt to Hero [4d 7c]
Dealt to f67dc776 
Dealt to 4b81af74 
Dealt to 343a6074 
Dealt to ae2150f7 
ae2150f7: folds
Hero: folds
f67dc776: raises $0.1 to $0.15
4b81af74: folds
343a6074: folds
Uncalled bet ($0.1) returned to f67dc776
*** SHOWDOWN ***
f67dc776 collected $0.12 from pot
*** SUMMARY ***
Total pot $0.12 | Rake $0 | Jackpot $0 | Bingo $0 | Fortune $0 | Tax $0
Seat 1: Hero folded before Flop (didn't bet)
Seat 2: f67dc776 (button) collected ($0.12)
Seat 4: 4b81af74 (small blind) folded before Flop
Seat 5: 343a6074 (big blind) folded before Flop
Seat 6: ae2150f7 folded before Flop (didn't bet)


Poker Hand #HD1730107891: Hold'em No Limit ($0.02/$0.05) - 2024/04/14 16:19:24
Table 'NLHBlue1' 6-max Seat #1 is the button
Seat 1: Hero ($5.23 in chips)
Seat 2: f67dc776 ($9.49 in chips)
Seat 3: 99859cc5 ($9.38 in chips)
Seat 4: 4b81af74 ($6.21 in chips)
Seat 5: 343a6074 ($6.64 in chips)
Seat 6: ae2150f7 ($4.88 in chips)
f67dc776: posts small blind $0.02
99859cc5: posts big blind $0.05
*** HOLE CARDS ***
Dealt to Hero [5c 4c]
Dealt to f67dc776 
Dealt to 99859cc5 
Dealt to 4b81af74 
Dealt to 343a6074 
Dealt to ae2150f7 
4b81af74: folds
343a6074: folds
ae2150f7: folds
Hero: folds
f67dc776: raises $0.06 to $0.11
99859cc5: folds
Uncalled bet ($0.06) returned to f67dc776
*** SHOWDOWN ***
f67dc776 collected $0.1 from pot
*** SUMMARY ***
Total pot $0.1 | Rake $0 | Jackpot $0 | Bingo $0 | Fortune $0 | Tax $0
Seat 1: Hero (button) folded before Flop (didn't bet)
Seat 2: f67dc776 (small blind) collected ($0.1)
Seat 3: 99859cc5 (big blind) folded before Flop
Seat 4: 4b81af74 folded before Flop (didn't bet)
Seat 5: 343a6074 folded before Flop (didn't bet)
Seat 6: ae2150f7 folded before Flop (didn't bet)


Poker Hand #HD1730107780: Hold'em No Limit ($0.02/$0.05) - 2024/04/14 16:18:33
Table 'NLHBlue1' 6-max Seat #6 is the button
Seat 1: Hero ($5.25 in chips)
Seat 2: f67dc776 ($9.34 in chips)
Seat 4: 4b81af74 ($6.21 in chips)
Seat 5: 343a6074 ($6.78 in chips)
Seat 6: ae2150f7 ($4.88 in chips)
Hero: posts small blind $0.02
f67dc776: posts big blind $0.05
*** HOLE CARDS ***
Dealt to Hero [9h 3h]
Dealt to f67dc776 
Dealt to 4b81af74 
Dealt to 343a6074 
Dealt to ae2150f7 
4b81af74: folds
343a6074: raises $0.09 to $0.14
ae2150f7: folds
Hero: folds
f67dc776: calls $0.09
*** FLOP *** [Ts 8s Jh]
f67dc776: checks
343a6074: checks
*** TURN *** [Ts 8s Jh] [5d]
f67dc776: bets $0.15
343a6074: folds
Uncalled bet ($0.15) returned to f67dc776
*** SHOWDOWN ***
f67dc776 collected $0.29 from pot
*** SUMMARY ***
Total pot $0.3 | Rake $0.01 | Jackpot $0 | Bingo $0 | Fortune $0 | Tax $0
Board [Ts 8s Jh 5d]
Seat 1: Hero (small blind) folded before Flop
Seat 2: f67dc776 (big blind) won ($0.29)
Seat 4: 4b81af74 folded before Flop (didn't bet)
Seat 5: 343a6074 folded on the Turn
Seat 6: ae2150f7 (button) folded before Flop (didn't bet)


Poker Hand #HD1730107741: Hold'em No Limit ($0.02/$0.05) - 2024/04/14 16:18:17
Table 'NLHBlue1' 6-max Seat #5 is the button
Seat 1: Hero ($5.23 in chips)
Seat 2: f67dc776 ($9.34 in chips)
Seat 4: 4b81af74 ($6.21 in chips)
Seat 5: 343a6074 ($6.78 in chips)
Seat 6: ae2150f7 ($4.9 in chips)
ae2150f7: posts small blind $0.02
Hero: posts big blind $0.05
*** HOLE CARDS ***
Dealt to Hero [Ts Jh]
Dealt to f67dc776 
Dealt to 4b81af74 
Dealt to 343a6074 
Dealt to ae2150f7 
f67dc776: folds
4b81af74: folds
343a6074: folds
ae2150f7: folds
Uncalled bet ($0.03) returned to Hero
*** SHOWDOWN ***
Hero collected $0.04 from pot
*** SUMMARY ***
Total pot $0.04 | Rake $0 | Jackpot $0 | Bingo $0 | Fortune $0 | Tax $0
Seat 1: Hero (big blind) collected ($0.04)
Seat 2: f67dc776 folded before Flop (didn't bet)
Seat 4: 4b81af74 folded before Flop (didn't bet)
Seat 5: 343a6074 (button) folded before Flop (didn't bet)
Seat 6: ae2150f7 (small blind) folded before Flop


Poker Hand #HD1730107661: Hold'em No Limit ($0.02/$0.05) - 2024/04/14 16:17:39
Table 'NLHBlue1' 6-max Seat #4 is the button
Seat 1: Hero ($5.07 in chips)
Seat 2: f67dc776 ($9.34 in chips)
Seat 4: 4b81af74 ($6.31 in chips)
Seat 5: 343a6074 ($6.8 in chips)
Seat 6: ae2150f7 ($4.95 in chips)
343a6074: posts small blind $0.02
ae2150f7: posts big blind $0.05
*** HOLE CARDS ***
Dealt to Hero [Ts Kc]
Dealt to f67dc776 
Dealt to 4b81af74 
Dealt to 343a6074 
Dealt to ae2150f7 
Hero: raises $0.05 to $0.1
f67dc776: folds
4b81af74: calls $0.1
343a6074: folds
ae2150f7: folds
*** FLOP *** [4c 7d 8d]
Hero: checks
4b81af74: checks
*** TURN *** [4c 7d 8d] [Qs]
Hero: bets $0.15
4b81af74: folds
Uncalled bet ($0.15) returned to Hero
*** SHOWDOWN ***
Hero collected $0.26 from pot
*** SUMMARY ***
Total pot $0.27 | Rake $0.01 | Jackpot $0 | Bingo $0 | Fortune $0 | Tax $0
Board [4c 7d 8d Qs]
Seat 1: Hero won ($0.26)
Seat 2: f67dc776 folded before Flop (didn't bet)
Seat 4: 4b81af74 (button) folded on the Turn
Seat 5: 343a6074 (small blind) folded before Flop
Seat 6: ae2150f7 (big blind) folded before Flop


Poker Hand #HD1730107638: Hold'em No Limit ($0.02/$0.05) - 2024/04/14 16:17:25
Table 'NLHBlue1' 6-max Seat #2 is the button
Seat 1: Hero ($5 in chips)
Seat 2: f67dc776 ($9.34 in chips)
Seat 4: 4b81af74 ($6.33 in chips)
Seat 5: 343a6074 ($6.85 in chips)
Seat 6: ae2150f7 ($4.95 in chips)
4b81af74: posts small blind $0.02
343a6074: posts big blind $0.05
*** HOLE CARDS ***
Dealt to Hero [Ts Kc]
Dealt to f67dc776 
Dealt to 4b81af74 
Dealt to 343a6074 
Dealt to ae2150f7 
ae2150f7: folds
Hero: raises $0.05 to $0.1
f67dc776: folds
4b81af74: folds
343a6074: folds
Uncalled bet ($0.05) returned to Hero
*** SHOWDOWN ***
Hero collected $0.12 from pot
*** SUMMARY ***
Total pot $0.12 | Rake $0 | Jackpot $0 | Bingo $0 | Fortune $0 | Tax $0
Seat 1: Hero collected ($0.12)
Seat 2: f67dc776 (button) folded before Flop (didn't bet)
Seat 4: 4b81af74 (small blind) folded before Flop
Seat 5: 343a6074 (big blind) folded before Flop
Seat 6: ae2150f7 folded before Flop (didn't bet)


Poker Hand #HD1730107588: Hold'em No Limit ($0.02/$0.05) - 2024/04/14 16:17:02
Table 'NLHBlue1' 6-max Seat #1 is the button
Seat 1: Hero ($5 in chips)
Seat 2: f67dc776 ($9.36 in chips)
Seat 4: 4b81af74 ($6.38 in chips)
Seat 5: 343a6074 ($6.73 in chips)
Seat 6: ae2150f7 ($5 in chips)
f67dc776: posts small blind $0.02
4b81af74: posts big blind $0.05
ae2150f7: posts big blind $0.05
*** HOLE CARDS ***
Dealt to Hero [Qs 7s]
Dealt to f67dc776 
Dealt to 4b81af74 
Dealt to 343a6074 
Dealt to ae2150f7 
343a6074: raises $0.15 to $0.2
ae2150f7: folds
Hero: folds
f67dc776: folds
4b81af74: folds
Uncalled bet ($0.15) returned to 343a6074
*** SHOWDOWN ***
343a6074 collected $0.17 from pot
*** SUMMARY ***
Total pot $0.17 | Rake $0 | Jackpot $0 | Bingo $0 | Fortune $0 | Tax $0
Seat 1: Hero (button) folded before Flop (didn't bet)
Seat 2: f67dc776 (small blind) folded before Flop
Seat 4: 4b81af74 (big blind) folded before Flop
Seat 5: 343a6074 collected ($0.17)
Seat 6: ae2150f7 folded before Flop


Poker Hand #HD1730107556: Hold'em No Limit ($0.02/$0.05) - 2024/04/14 16:16:50
Table 'NLHBlue1' 6-max Seat #5 is the button
Seat 1: Hero ($5 in chips)
Seat 2: f67dc776 ($9.41 in chips)
Seat 4: 4b81af74 ($6.38 in chips)
Seat 5: 343a6074 ($6.66 in chips)
Hero: posts small blind $0.02
f67dc776: posts big blind $0.05
*** HOLE CARDS ***
Dealt to Hero [8h 4h]
Dealt to f67dc776 
Dealt to 4b81af74 
Dealt to 343a6074 
4b81af74: folds
343a6074: raises $0.07 to $0.12
Hero: folds
f67dc776: folds
Uncalled bet ($0.07) returned to 343a6074
*** SHOWDOWN ***
343a6074 collected $0.12 from pot
*** SUMMARY ***
Total pot $0.12 | Rake $0 | Jackpot $0 | Bingo $0 | Fortune $0 | Tax $0
Seat 1: Hero (small blind) folded before Flop
Seat 2: f67dc776 (big blind) folded before Flop
Seat 4: 4b81af74 folded before Flop (didn't bet)
Seat 5: 343a6074 (button) collected ($0.12)


Poker Hand #HD1730107448: Hold'em No Limit ($0.02/$0.05) - 2024/04/14 16:16:00
Table 'NLHBlue1' 6-max Seat #4 is the button
Seat 1: Hero ($5 in chips)
Seat 2: f67dc776 ($9.71 in chips)
Seat 4: 4b81af74 ($6.04 in chips)
Seat 5: 343a6074 ($6.68 in chips)
343a6074: posts small blind $0.02
Hero: posts big blind $0.05
*** HOLE CARDS ***
Dealt to Hero [2s Kd]
Dealt to f67dc776 
Dealt to 4b81af74 
Dealt to 343a6074 
f67dc776: raises $0.08 to $0.13
4b81af74: calls $0.13
343a6074: folds
Hero: folds
*** FLOP *** [8s Td 4h]
f67dc776: bets $0.17
4b81af74: raises $0.23 to $0.4
f67dc776: folds
Uncalled bet ($0.23) returned to 4b81af74
*** SHOWDOWN ***
4b81af74 collected $0.64 from pot
*** SUMMARY ***
Total pot $0.67 | Rake $0.03 | Jackpot $0 | Bingo $0 | Fortune $0 | Tax $0
Board [8s Td 4h]
Seat 1: Hero (big blind) folded before Flop
Seat 2: f67dc776 folded on the Flop
Seat 4: 4b81af74 (button) won ($0.64)
Seat 5: 343a6074 (small blind) folded before Flop


Poker Hand #HD1730107403: Hold'em No Limit ($0.02/$0.05) - 2024/04/14 16:15:40
Table 'NLHBlue1' 6-max Seat #2 is the button
Seat 1: Hero ($5 in chips)
Seat 2: f67dc776 ($9.71 in chips)
Seat 4: 4b81af74 ($5.99 in chips)
Seat 5: 343a6074 ($6.73 in chips)
4b81af74: posts small blind $0.02
343a6074: posts big blind $0.05
*** HOLE CARDS ***
Dealt to Hero [3s 8d]
Dealt to f67dc776 
Dealt to 4b81af74 
Dealt to 343a6074 
Hero: folds
f67dc776: folds
4b81af74: raises $0.08 to $0.13
343a6074: folds
Uncalled bet ($0.08) returned to 4b81af74
*** SHOWDOWN ***
4b81af74 collected $0.1 from pot
*** SUMMARY ***
Total pot $0.1 | Rake $0 | Jackpot $0 | Bingo $0 | Fortune $0 | Tax $0
Seat 1: Hero folded before Flop (didn't bet)
Seat 2: f67dc776 (button) folded before Flop (didn't bet)
Seat 4: 4b81af74 (small blind) collected ($0.1)
Seat 5: 343a6074 (big blind) folded before Flop


Poker Hand #HD1730107355: Hold'em No Limit ($0.02/$0.05) - 2024/04/14 16:15:17
Table 'NLHBlue1' 6-max Seat #1 is the button
Seat 1: Hero ($5 in chips)
Seat 2: f67dc776 ($9.57 in chips)
Seat 4: 4b81af74 ($6.04 in chips)
Seat 5: 343a6074 ($6.83 in chips)
f67dc776: posts small blind $0.02
4b81af74: posts big blind $0.05
*** HOLE CARDS ***
Dealt to Hero [Kd 8d]
Dealt to f67dc776 
Dealt to 4b81af74 
Dealt to 343a6074 
343a6074: raises $0.05 to $0.1
Hero: folds
f67dc776: raises $0.34 to $0.44
4b81af74: folds
343a6074: folds
Uncalled bet ($0.34) returned to f67dc776
*** SHOWDOWN ***
f67dc776 collected $0.24 from pot
*** SUMMARY ***
Total pot $0.25 | Rake $0.01 | Jackpot $0 | Bingo $0 | Fortune $0 | Tax $0
Seat 1: Hero (button) folded before Flop (didn't bet)
Seat 2: f67dc776 (small blind) collected ($0.24)
Seat 4: 4b81af74 (big blind) folded before Flop
Seat 5: 343a6074 folded before Flop


Poker Hand #HD1730107331: Hold'em No Limit ($0.02/$0.05) - 2024/04/14 16:15:04
Table 'NLHBlue1' 6-max Seat #5 is the button
Seat 1: Hero ($5 in chips)
Seat 2: f67dc776 ($9.55 in chips)
Seat 4: 4b81af74 ($6.04 in chips)
Seat 5: 343a6074 ($6.83 in chips)
Hero: posts small blind $0.02
f67dc776: posts big blind $0.05
*** HOLE CARDS ***
Dealt to Hero [2d 7c]
Dealt to f67dc776 
Dealt to 4b81af74 
Dealt to 343a6074 
4b81af74: folds
343a6074: folds
Hero: folds
Uncalled bet ($0.03) returned to f67dc776
*** SHOWDOWN ***
f67dc776 collected $0.04 from pot
*** SUMMARY ***
Total pot $0.04 | Rake $0 | Jackpot $0 | Bingo $0 | Fortune $0 | Tax $0
Seat 1: Hero (small blind) folded before Flop
Seat 2: f67dc776 (big blind) collected ($0.04)
Seat 4: 4b81af74 folded before Flop (didn't bet)
Seat 5: 343a6074 (button) folded before Flop (didn't bet)


Poker Hand #HD1730107108: Hold'em No Limit ($0.02/$0.05) - 2024/04/14 16:13:21
Table 'NLHBlue1' 6-max Seat #4 is the button
Seat 1: Hero ($5 in chips)
Seat 2: f67dc776 ($9.55 in chips)
Seat 3: 99859cc5 ($9.38 in chips)
Seat 4: 4b81af74 ($6.04 in chips)
Seat 5: 343a6074 ($4.36 in chips)
Seat 6: 3dbab67e ($3.77 in chips)
343a6074: posts small blind $0.02
3dbab67e: posts big blind $0.05
*** HOLE CARDS ***
Dealt to Hero [4s 7h]
Dealt to f67dc776 
Dealt to 99859cc5 
Dealt to 4b81af74 
Dealt to 343a6074 
Dealt to 3dbab67e 
Hero: folds
f67dc776: folds
99859cc5: folds
4b81af74: folds
343a6074: raises $0.09 to $0.14
3dbab67e: calls $0.09
*** FLOP *** [Qs 5s 8h]
343a6074: bets $0.24
3dbab67e: raises $3.39 to $3.63 and is all-in
343a6074: calls $3.39
3dbab67e: shows [Qc 3c] (Pair of Queens)
343a6074: shows [Ad Ac] (Pair of Aces)
*** TURN *** [Qs 5s 8h] [6s]
343a6074: Chooses to EV Cashout 
*** RIVER *** [Qs 5s 8h 6s] [Js]
343a6074: Pays Cashout Risk ($0.88)
*** SHOWDOWN ***
343a6074 collected $7.12 from pot
*** SUMMARY ***
Total pot $7.54 | Rake $0.37 | Jackpot $0.05 | Bingo $0 | Fortune $0 | Tax $0
Board [Qs 5s 8h 6s Js]
Seat 1: Hero folded before Flop (didn't bet)
Seat 2: f67dc776 folded before Flop (didn't bet)
Seat 3: 99859cc5 folded before Flop (didn't bet)
Seat 4: 4b81af74 (button) folded before Flop (didn't bet)
Seat 5: 343a6074 (small blind) showed [Ad Ac] and won ($7.12) with Pair of Aces, Cashout Risk ($0.88)
Seat 6: 3dbab67e (big blind) showed [Qc 3c] and lost with Pair of Queens


Poker Hand #HD1730107080: Hold'em No Limit ($0.02/$0.05) - 2024/04/14 16:13:11
Table 'NLHBlue1' 6-max Seat #3 is the button
Seat 1: Hero ($5 in chips)
Seat 2: f67dc776 ($9.55 in chips)
Seat 3: 99859cc5 ($9.38 in chips)
Seat 4: 4b81af74 ($6.06 in chips)
Seat 5: 343a6074 ($4.34 in chips)
Seat 6: 3dbab67e ($3.77 in chips)
4b81af74: posts small blind $0.02
343a6074: posts big blind $0.05
*** HOLE CARDS ***
Dealt to Hero [8c 5s]
Dealt to f67dc776 
Dealt to 99859cc5 
Dealt to 4b81af74 
Dealt to 343a6074 
Dealt to 3dbab67e 
3dbab67e: folds
Hero: folds
f67dc776: folds
99859cc5: folds
4b81af74: folds
Uncalled bet ($0.03) returned to 343a6074
*** SHOWDOWN ***
343a6074 collected $0.04 from pot
*** SUMMARY ***
Total pot $0.04 | Rake $0 | Jackpot $0 | Bingo $0 | Fortune $0 | Tax $0
Seat 1: Hero folded before Flop (didn't bet)
Seat 2: f67dc776 folded before Flop (didn't bet)
Seat 3: 99859cc5 (button) folded before Flop (didn't bet)
Seat 4: 4b81af74 (small blind) folded before Flop
Seat 5: 343a6074 (big blind) collected ($0.04)
Seat 6: 3dbab67e folded before Flop (didn't bet)


Poker Hand #HD1730107010: Hold'em No Limit ($0.02/$0.05) - 2024/04/14 16:12:42
Table 'NLHBlue1' 6-max Seat #2 is the button
Seat 1: Hero ($5 in chips)
Seat 2: f67dc776 ($9.55 in chips)
Seat 3: 99859cc5 ($9.43 in chips)
Seat 4: 4b81af74 ($6.01 in chips)
Seat 5: 343a6074 ($4.34 in chips)
Seat 6: 3dbab67e ($3.77 in chips)
99859cc5: posts small blind $0.02
4b81af74: posts big blind $0.05
*** HOLE CARDS ***
Dealt to Hero [9s 3d]
Dealt to f67dc776 
Dealt to 99859cc5 
Dealt to 4b81af74 
Dealt to 343a6074 
Dealt to 3dbab67e 
343a6074: folds
3dbab67e: folds
Hero: folds
f67dc776: folds
99859cc5: calls $0.03
4b81af74: raises $0.1 to $0.15
99859cc5: folds
Uncalled bet ($0.1) returned to 4b81af74
*** SHOWDOWN ***
4b81af74 collected $0.1 from pot
*** SUMMARY ***
Total pot $0.1 | Rake $0 | Jackpot $0 | Bingo $0 | Fortune $0 | Tax $0
Seat 1: Hero folded before Flop (didn't bet)
Seat 2: f67dc776 (button) folded before Flop (didn't bet)
Seat 3: 99859cc5 (small blind) folded before Flop
Seat 4: 4b81af74 (big blind) collected ($0.1)
Seat 5: 343a6074 folded before Flop (didn't bet)
Seat 6: 3dbab67e folded before Flop (didn't bet)


Poker Hand #HD1730106879: Hold'em No Limit ($0.02/$0.05) - 2024/04/14 16:11:39
Table 'NLHBlue1' 6-max Seat #1 is the button
Seat 1: Hero ($5 in chips)
Seat 2: f67dc776 ($9.57 in chips)
Seat 3: 99859cc5 ($9.07 in chips)
Seat 4: 4b81af74 ($6.01 in chips)
Seat 5: 343a6074 ($4.71 in chips)
Seat 6: 3dbab67e ($3.77 in chips)
f67dc776: posts small blind $0.02
99859cc5: posts big blind $0.05
*** HOLE CARDS ***
Dealt to Hero [8d 6h]
Dealt to f67dc776 
Dealt to 99859cc5 
Dealt to 4b81af74 
Dealt to 343a6074 
Dealt to 3dbab67e 
4b81af74: folds
343a6074: raises $0.09 to $0.14
3dbab67e: folds
Hero: folds
f67dc776: folds
99859cc5: raises $0.23 to $0.37
343a6074: calls $0.23
*** FLOP *** [Th Tc 8s]
99859cc5: bets $0.38
343a6074: folds
Uncalled bet ($0.38) returned to 99859cc5
*** SHOWDOWN ***
99859cc5 collected $0.73 from pot
*** SUMMARY ***
Total pot $0.76 | Rake $0.03 | Jackpot $0 | Bingo $0 | Fortune $0 | Tax $0
Board [Th Tc 8s]
Seat 1: Hero (button) folded before Flop (didn't bet)
Seat 2: f67dc776 (small blind) folded before Flop
Seat 3: 99859cc5 (big blind) won ($0.73)
Seat 4: 4b81af74 folded before Flop (didn't bet)
Seat 5: 343a6074 folded on the Flop
Seat 6: 3dbab67e folded before Flop (didn't bet)


Poker Hand #HD1730106853: Hold'em No Limit ($0.02/$0.05) - 2024/04/14 16:11:24
Table 'NLHBlue1' 6-max Seat #6 is the button
Seat 1: Hero ($5 in chips)
Seat 2: f67dc776 ($9.62 in chips)
Seat 3: 99859cc5 ($9 in chips)
Seat 4: 4b81af74 ($6.01 in chips)
Seat 5: 343a6074 ($4.71 in chips)
Seat 6: 3dbab67e ($3.77 in chips)
Hero: posts small blind $0.02
f67dc776: posts big blind $0.05
*** HOLE CARDS ***
Dealt to Hero [8c As]
Dealt to f67dc776 
Dealt to 99859cc5 
Dealt to 4b81af74 
Dealt to 343a6074 
Dealt to 3dbab67e 
99859cc5: raises $0.05 to $0.1
4b81af74: folds
343a6074: folds
3dbab67e: folds
Hero: folds
f67dc776: folds
Uncalled bet ($0.05) returned to 99859cc5
*** SHOWDOWN ***
99859cc5 collected $0.12 from pot
*** SUMMARY ***
Total pot $0.12 | Rake $0 | Jackpot $0 | Bingo $0 | Fortune $0 | Tax $0
Seat 1: Hero (small blind) folded before Flop
Seat 2: f67dc776 (big blind) folded before Flop
Seat 3: 99859cc5 collected ($0.12)
Seat 4: 4b81af74 folded before Flop (didn't bet)
Seat 5: 343a6074 folded before Flop (didn't bet)
Seat 6: 3dbab67e (button) folded before Flop (didn't bet)


Poker Hand #HD1730106779: Hold'em No Limit ($0.02/$0.05) - 2024/04/14 16:10:51
Table 'NLHBlue1' 6-max Seat #5 is the button
Seat 1: Hero ($5 in chips)
Seat 2: f67dc776 ($9.62 in chips)
Seat 3: 99859cc5 ($8.84 in chips)
Seat 4: 4b81af74 ($6.01 in chips)
Seat 5: 343a6074 ($4.81 in chips)
Seat 6: 3dbab67e ($3.79 in chips)
3dbab67e: posts small blind $0.02
Hero: posts big blind $0.05
*** HOLE CARDS ***
Dealt to Hero [5d Kh]
Dealt to f67dc776 
Dealt to 99859cc5 
Dealt to 4b81af74 
Dealt to 343a6074 
Dealt to 3dbab67e 
f67dc776: folds
99859cc5: raises $0.05 to $0.1
4b81af74: folds
343a6074: calls $0.1
3dbab67e: folds
Hero: folds
*** FLOP *** [Js Jc Tc]
99859cc5: bets $0.09
343a6074: folds
Uncalled bet ($0.09) returned to 99859cc5
*** SHOWDOWN ***
99859cc5 collected $0.26 from pot
*** SUMMARY ***
Total pot $0.27 | Rake $0.01 | Jackpot $0 | Bingo $0 | Fortune $0 | Tax $0
Board [Js Jc Tc]
Seat 1: Hero (big blind) folded before Flop
Seat 2: f67dc776 folded before Flop (didn't bet)
Seat 3: 99859cc5 won ($0.26)
Seat 4: 4b81af74 folded before Flop (didn't bet)
Seat 5: 343a6074 (button) folded on the Flop
Seat 6: 3dbab67e (small blind) folded before Flop


