Poker Hand #HD1730481143: Hold'em No Limit ($0.02/$0.05) - 2024/04/14 21:27:37
Table 'NLHBlue31' 6-max Seat #6 is the button
Seat 1: 3641df25 ($1.59 in chips)
Seat 2: a2d3dd72 ($5 in chips)
Seat 4: 462b2baa ($5.28 in chips)
Seat 5: Hero ($6.41 in chips)
Seat 6: caccc7c4 ($8.73 in chips)
3641df25: posts small blind $0.02
a2d3dd72: posts big blind $0.05
*** HOLE CARDS ***
Dealt to 3641df25 
Dealt to a2d3dd72 
Dealt to 462b2baa 
Dealt to Hero [Qd Tc]
Dealt to caccc7c4 
462b2baa: folds
Hero: raises $0.07 to $0.12
caccc7c4: folds
3641df25: folds
a2d3dd72: raises $0.36 to $0.48
Hero: folds
Uncalled bet ($0.36) returned to a2d3dd72
*** SHOWDOWN ***
a2d3dd72 collected $0.25 from pot
*** SUMMARY ***
Total pot $0.26 | Rake $0.01 | Jackpot $0 | Bingo $0 | Fortune $0 | Tax $0
Seat 1: 3641df25 (small blind) folded before Flop
Seat 2: a2d3dd72 (big blind) collected ($0.25)
Seat 4: 462b2baa folded before Flop (didn't bet)
Seat 5: Hero folded before Flop
Seat 6: caccc7c4 (button) folded before Flop (didn't bet)


Poker Hand #HD1730481010: Hold'em No Limit ($0.02/$0.05) - 2024/04/14 21:26:37
Table 'NLHBlue31' 6-max Seat #5 is the button
Seat 1: 3641df25 ($1.88 in chips)
Seat 2: a2d3dd72 ($5 in chips)
Seat 4: 462b2baa ($5 in chips)
Seat 5: Hero ($6.41 in chips)
Seat 6: caccc7c4 ($8.75 in chips)
caccc7c4: posts small blind $0.02
3641df25: posts big blind $0.05
462b2baa: posts big blind $0.05
*** HOLE CARDS ***
Dealt to 3641df25 
Dealt to a2d3dd72 
Dealt to 462b2baa 
Dealt to Hero [2h 5h]
Dealt to caccc7c4 
a2d3dd72: folds
462b2baa: checks
Hero: folds
caccc7c4: folds
3641df25: checks
*** FLOP *** [As Td 2c]
3641df25: checks
462b2baa: checks
*** TURN *** [As Td 2c] [Jc]
3641df25: checks
462b2baa: bets $0.06
3641df25: calls $0.06
*** RIVER *** [As Td 2c Jc] [7c]
3641df25: checks
462b2baa: bets $0.18
3641df25: calls $0.18
462b2baa: shows [Jd 2s] (Pair of Jacks and Pair of Twos)
3641df25: shows [9s Tc] (Pair of Tens)
*** SHOWDOWN ***
462b2baa collected $0.57 from pot
*** SUMMARY ***
Total pot $0.6 | Rake $0.03 | Jackpot $0 | Bingo $0 | Fortune $0 | Tax $0
Board [As Td 2c Jc 7c]
Seat 1: 3641df25 (big blind) showed [9s Tc] and lost with Pair of Tens
Seat 2: a2d3dd72 folded before Flop (didn't bet)
Seat 4: 462b2baa showed [Jd 2s] and won ($0.57) with Pair of Jacks and Pair of Twos
Seat 5: Hero (button) folded before Flop (didn't bet)
Seat 6: caccc7c4 (small blind) folded before Flop


Poker Hand #HD1730480870: Hold'em No Limit ($0.02/$0.05) - 2024/04/14 21:25:36
Table 'NLHBlue31' 6-max Seat #2 is the button
Seat 1: 3641df25 ($1 in chips)
Seat 2: a2d3dd72 ($5 in chips)
Seat 5: Hero ($6.43 in chips)
Seat 6: caccc7c4 ($9.75 in chips)
Hero: posts small blind $0.02
caccc7c4: posts big blind $0.05
3641df25: posts big blind $0.05
*** HOLE CARDS ***
Dealt to 3641df25 
Dealt to a2d3dd72 
Dealt to Hero [8s 7d]
Dealt to caccc7c4 
3641df25: checks
a2d3dd72: folds
Hero: folds
caccc7c4: raises $0.19 to $0.24
3641df25: calls $0.19
*** FLOP *** [3c 7h 5h]
caccc7c4: checks
3641df25: checks
*** TURN *** [3c 7h 5h] [Kc]
caccc7c4: bets $0.5
3641df25: raises $0.26 to $0.76 and is all-in
caccc7c4: calls $0.26
3641df25: shows [3h 3d] (Three Treys)
caccc7c4: shows [Ks Js] (Pair of Kings)
*** RIVER *** [3c 7h 5h Kc] [Qd]
*** SHOWDOWN ***
3641df25 collected $1.88 from pot
*** SUMMARY ***
Total pot $2.02 | Rake $0.09 | Jackpot $0.05 | Bingo $0 | Fortune $0 | Tax $0
Board [3c 7h 5h Kc Qd]
Seat 1: 3641df25 showed [3h 3d] and won ($1.88) with Three Treys
Seat 2: a2d3dd72 (button) folded before Flop (didn't bet)
Seat 5: Hero (small blind) folded before Flop
Seat 6: caccc7c4 (big blind) showed [Ks Js] and lost with Pair of Kings


Poker Hand #HD1730480687: Hold'em No Limit ($0.02/$0.05) - 2024/04/14 21:24:16
Table 'NLHBlue31' 6-max Seat #6 is the button
Seat 2: a2d3dd72 ($5.74 in chips)
Seat 5: Hero ($6.48 in chips)
Seat 6: caccc7c4 ($5 in chips)
a2d3dd72: posts small blind $0.02
Hero: posts big blind $0.05
*** HOLE CARDS ***
Dealt to a2d3dd72 
Dealt to Hero [6s Qh]
Dealt to caccc7c4 
caccc7c4: raises $0.09 to $0.14
a2d3dd72: raises $0.38 to $0.52
Hero: folds
caccc7c4: calls $0.38
*** FLOP *** [6d 5s 3d]
a2d3dd72: bets $0.89
caccc7c4: raises $3.59 to $4.48 and is all-in
a2d3dd72: calls $3.59
caccc7c4: shows [3s 3h] (Three Treys)
a2d3dd72: shows [Kd Ks] (Pair of Kings)
*** TURN *** [6d 5s 3d] [2h]
*** RIVER *** [6d 5s 3d 2h] [9s]
*** SHOWDOWN ***
caccc7c4 collected $9.75 from pot
*** SUMMARY ***
Total pot $10.05 | Rake $0.25 | Jackpot $0.05 | Bingo $0 | Fortune $0 | Tax $0
Board [6d 5s 3d 2h 9s]
Seat 2: a2d3dd72 (small blind) showed [Kd Ks] and lost with Pair of Kings
Seat 5: Hero (big blind) folded before Flop
Seat 6: caccc7c4 (button) showed [3s 3h] and won ($9.75) with Three Treys


Poker Hand #HD1730480668: Hold'em No Limit ($0.02/$0.05) - 2024/04/14 21:24:06
Table 'NLHBlue31' 6-max Seat #5 is the button
Seat 2: a2d3dd72 ($5.72 in chips)
Seat 5: Hero ($6.48 in chips)
Seat 6: caccc7c4 ($5 in chips)
caccc7c4: posts small blind $0.02
a2d3dd72: posts big blind $0.05
*** HOLE CARDS ***
Dealt to a2d3dd72 
Dealt to Hero [Js 6c]
Dealt to caccc7c4 
Hero: folds
caccc7c4: folds
Uncalled bet ($0.03) returned to a2d3dd72
*** SHOWDOWN ***
a2d3dd72 collected $0.04 from pot
*** SUMMARY ***
Total pot $0.04 | Rake $0 | Jackpot $0 | Bingo $0 | Fortune $0 | Tax $0
Seat 2: a2d3dd72 (big blind) collected ($0.04)
Seat 5: Hero (button) folded before Flop (didn't bet)
Seat 6: caccc7c4 (small blind) folded before Flop


Poker Hand #HD1730480516: Hold'em No Limit ($0.02/$0.05) - 2024/04/14 21:22:57
Table 'NLHBlue31' 6-max Seat #2 is the button
Seat 2: a2d3dd72 ($5.72 in chips)
Seat 5: Hero ($5.61 in chips)
Seat 6: caccc7c4 ($5.6 in chips)
Hero: posts small blind $0.02
caccc7c4: posts big blind $0.05
*** HOLE CARDS ***
Dealt to a2d3dd72 
Dealt to Hero [Ah Kh]
Dealt to caccc7c4 
a2d3dd72: folds
Hero: raises $0.1 to $0.15
caccc7c4: calls $0.1
*** FLOP *** [2h 8s Ac]
Hero: checks
caccc7c4: bets $0.24
Hero: calls $0.24
*** TURN *** [2h 8s Ac] [6h]
Hero: checks
caccc7c4: bets $0.63
Hero: raises $0.77 to $1.4
caccc7c4: folds
Uncalled bet ($0.77) returned to Hero
*** SHOWDOWN ***
Hero collected $1.89 from pot
*** SUMMARY ***
Total pot $2.04 | Rake $0.1 | Jackpot $0.05 | Bingo $0 | Fortune $0 | Tax $0
Board [2h 8s Ac 6h]
Seat 2: a2d3dd72 (button) folded before Flop (didn't bet)
Seat 5: Hero (small blind) won ($1.89)
Seat 6: caccc7c4 (big blind) folded on the Turn


Poker Hand #HD1730480448: Hold'em No Limit ($0.02/$0.05) - 2024/04/14 21:22:28
Table 'NLHBlue31' 6-max Seat #6 is the button
Seat 2: a2d3dd72 ($5.74 in chips)
Seat 3: 67733b75 ($5.06 in chips)
Seat 5: Hero ($5.61 in chips)
Seat 6: caccc7c4 ($5.53 in chips)
a2d3dd72: posts small blind $0.02
67733b75: posts big blind $0.05
*** HOLE CARDS ***
Dealt to a2d3dd72 
Dealt to 67733b75 
Dealt to Hero [2h 6s]
Dealt to caccc7c4 
Hero: folds
caccc7c4: raises $0.09 to $0.14
a2d3dd72: folds
67733b75: folds
Uncalled bet ($0.09) returned to caccc7c4
*** SHOWDOWN ***
caccc7c4 collected $0.12 from pot
*** SUMMARY ***
Total pot $0.12 | Rake $0 | Jackpot $0 | Bingo $0 | Fortune $0 | Tax $0
Seat 2: a2d3dd72 (small blind) folded before Flop
Seat 3: 67733b75 (big blind) folded before Flop
Seat 5: Hero folded before Flop (didn't bet)
Seat 6: caccc7c4 (button) collected ($0.12)


Poker Hand #HD1730480258: Hold'em No Limit ($0.02/$0.05) - 2024/04/14 21:20:58
Table 'NLHBlue31' 6-max Seat #5 is the button
Seat 2: a2d3dd72 ($5.55 in chips)
Seat 3: 67733b75 ($5.24 in chips)
Seat 5: Hero ($5.61 in chips)
Seat 6: caccc7c4 ($5.55 in chips)
caccc7c4: posts small blind $0.02
a2d3dd72: posts big blind $0.05
*** HOLE CARDS ***
Dealt to a2d3dd72 
Dealt to 67733b75 
Dealt to Hero [Ks 7s]
Dealt to caccc7c4 
67733b75: raises $0.05 to $0.1
Hero: folds
caccc7c4: folds
a2d3dd72: calls $0.05
*** FLOP *** [Ts Kh Qc]
a2d3dd72: checks
67733b75: bets $0.08
a2d3dd72: calls $0.08
*** TURN *** [Ts Kh Qc] [Ad]
a2d3dd72: checks
67733b75: checks
*** RIVER *** [Ts Kh Qc Ad] [6s]
a2d3dd72: bets $0.12
67733b75: folds
Uncalled bet ($0.12) returned to a2d3dd72
*** SHOWDOWN ***
a2d3dd72 collected $0.37 from pot
*** SUMMARY ***
Total pot $0.38 | Rake $0.01 | Jackpot $0 | Bingo $0 | Fortune $0 | Tax $0
Board [Ts Kh Qc Ad 6s]
Seat 2: a2d3dd72 (big blind) won ($0.37)
Seat 3: 67733b75 folded on the River
Seat 5: Hero (button) folded before Flop (didn't bet)
Seat 6: caccc7c4 (small blind) folded before Flop


Poker Hand #HD1730480182: Hold'em No Limit ($0.02/$0.05) - 2024/04/14 21:20:20
Table 'NLHBlue31' 6-max Seat #3 is the button
Seat 2: a2d3dd72 ($5.55 in chips)
Seat 3: 67733b75 ($5.08 in chips)
Seat 5: Hero ($5.63 in chips)
Seat 6: caccc7c4 ($5.7 in chips)
Hero: posts small blind $0.02
caccc7c4: posts big blind $0.05
*** HOLE CARDS ***
Dealt to a2d3dd72 
Dealt to 67733b75 
Dealt to Hero [7h Ad]
Dealt to caccc7c4 
a2d3dd72: folds
67733b75: raises $0.1 to $0.15
Hero: folds
caccc7c4: calls $0.1
*** FLOP *** [Th 7s 5h]
caccc7c4: checks
67733b75: bets $0.16
caccc7c4: folds
Uncalled bet ($0.16) returned to 67733b75
*** SHOWDOWN ***
67733b75 collected $0.31 from pot
*** SUMMARY ***
Total pot $0.32 | Rake $0.01 | Jackpot $0 | Bingo $0 | Fortune $0 | Tax $0
Board [Th 7s 5h]
Seat 2: a2d3dd72 folded before Flop (didn't bet)
Seat 3: 67733b75 (button) won ($0.31)
Seat 5: Hero (small blind) folded before Flop
Seat 6: caccc7c4 (big blind) folded on the Flop


Poker Hand #HD1730480149: Hold'em No Limit ($0.02/$0.05) - 2024/04/14 21:20:09
Table 'NLHBlue31' 6-max Seat #2 is the button
Seat 2: a2d3dd72 ($5.48 in chips)
Seat 3: 67733b75 ($5.1 in chips)
Seat 5: Hero ($5.68 in chips)
Seat 6: caccc7c4 ($5.7 in chips)
67733b75: posts small blind $0.02
Hero: posts big blind $0.05
*** HOLE CARDS ***
Dealt to a2d3dd72 
Dealt to 67733b75 
Dealt to Hero [5h Jc]
Dealt to caccc7c4 
caccc7c4: folds
a2d3dd72: raises $0.07 to $0.12
67733b75: folds
Hero: folds
Uncalled bet ($0.07) returned to a2d3dd72
*** SHOWDOWN ***
a2d3dd72 collected $0.12 from pot
*** SUMMARY ***
Total pot $0.12 | Rake $0 | Jackpot $0 | Bingo $0 | Fortune $0 | Tax $0
Seat 2: a2d3dd72 (button) collected ($0.12)
Seat 3: 67733b75 (small blind) folded before Flop
Seat 5: Hero (big blind) folded before Flop
Seat 6: caccc7c4 folded before Flop (didn't bet)


Poker Hand #HD1730480107: Hold'em No Limit ($0.02/$0.05) - 2024/04/14 21:19:51
Table 'NLHBlue31' 6-max Seat #1 is the button
Seat 1: 5893f64c ($19.61 in chips)
Seat 2: a2d3dd72 ($5.5 in chips)
Seat 3: 67733b75 ($5.15 in chips)
Seat 4: 3d377e70 ($5.42 in chips)
Seat 5: Hero ($5.61 in chips)
Seat 6: caccc7c4 ($5.7 in chips)
a2d3dd72: posts small blind $0.02
67733b75: posts big blind $0.05
*** HOLE CARDS ***
Dealt to 5893f64c 
Dealt to a2d3dd72 
Dealt to 67733b75 
Dealt to 3d377e70 
Dealt to Hero [4h Ah]
Dealt to caccc7c4 
3d377e70: folds
Hero: raises $0.07 to $0.12
caccc7c4: folds
5893f64c: folds
a2d3dd72: folds
67733b75: folds
Uncalled bet ($0.07) returned to Hero
*** SHOWDOWN ***
Hero collected $0.12 from pot
*** SUMMARY ***
Total pot $0.12 | Rake $0 | Jackpot $0 | Bingo $0 | Fortune $0 | Tax $0
Seat 1: 5893f64c (button) folded before Flop (didn't bet)
Seat 2: a2d3dd72 (small blind) folded before Flop
Seat 3: 67733b75 (big blind) folded before Flop
Seat 4: 3d377e70 folded before Flop (didn't bet)
Seat 5: Hero collected ($0.12)
Seat 6: caccc7c4 folded before Flop (didn't bet)


Poker Hand #HD1730480061: Hold'em No Limit ($0.02/$0.05) - 2024/04/14 21:19:27
Table 'NLHBlue31' 6-max Seat #6 is the button
Seat 1: 5893f64c ($19.56 in chips)
Seat 2: a2d3dd72 ($5.55 in chips)
Seat 3: 67733b75 ($5.15 in chips)
Seat 4: 3d377e70 ($5.42 in chips)
Seat 5: Hero ($5.61 in chips)
Seat 6: caccc7c4 ($5.7 in chips)
5893f64c: posts small blind $0.02
a2d3dd72: posts big blind $0.05
*** HOLE CARDS ***
Dealt to 5893f64c 
Dealt to a2d3dd72 
Dealt to 67733b75 
Dealt to 3d377e70 
Dealt to Hero [Ks 2c]
Dealt to caccc7c4 
67733b75: folds
3d377e70: folds
Hero: folds
caccc7c4: folds
5893f64c: raises $0.08 to $0.13
a2d3dd72: folds
Uncalled bet ($0.08) returned to 5893f64c
*** SHOWDOWN ***
5893f64c collected $0.1 from pot
*** SUMMARY ***
Total pot $0.1 | Rake $0 | Jackpot $0 | Bingo $0 | Fortune $0 | Tax $0
Seat 1: 5893f64c (small blind) collected ($0.1)
Seat 2: a2d3dd72 (big blind) folded before Flop
Seat 3: 67733b75 folded before Flop (didn't bet)
Seat 4: 3d377e70 folded before Flop (didn't bet)
Seat 5: Hero folded before Flop (didn't bet)
Seat 6: caccc7c4 (button) folded before Flop (didn't bet)


Poker Hand #HD1730479968: Hold'em No Limit ($0.02/$0.05) - 2024/04/14 21:18:44
Table 'NLHBlue31' 6-max Seat #5 is the button
Seat 1: 5893f64c ($19.68 in chips)
Seat 2: a2d3dd72 ($5.3 in chips)
Seat 3: 67733b75 ($5.15 in chips)
Seat 4: 3d377e70 ($5.54 in chips)
Seat 5: Hero ($5.61 in chips)
Seat 6: caccc7c4 ($5.72 in chips)
caccc7c4: posts small blind $0.02
5893f64c: posts big blind $0.05
*** HOLE CARDS ***
Dealt to 5893f64c 
Dealt to a2d3dd72 
Dealt to 67733b75 
Dealt to 3d377e70 
Dealt to Hero [5s 9h]
Dealt to caccc7c4 
a2d3dd72: raises $0.07 to $0.12
67733b75: folds
3d377e70: calls $0.12
Hero: folds
caccc7c4: folds
5893f64c: calls $0.07
*** FLOP *** [9c Qh Td]
5893f64c: checks
a2d3dd72: bets $0.23
3d377e70: folds
5893f64c: folds
Uncalled bet ($0.23) returned to a2d3dd72
*** SHOWDOWN ***
a2d3dd72 collected $0.37 from pot
*** SUMMARY ***
Total pot $0.38 | Rake $0.01 | Jackpot $0 | Bingo $0 | Fortune $0 | Tax $0
Board [9c Qh Td]
Seat 1: 5893f64c (big blind) folded on the Flop
Seat 2: a2d3dd72 won ($0.37)
Seat 3: 67733b75 folded before Flop (didn't bet)
Seat 4: 3d377e70 folded on the Flop
Seat 5: Hero (button) folded before Flop (didn't bet)
Seat 6: caccc7c4 (small blind) folded before Flop


Poker Hand #HD1730479834: Hold'em No Limit ($0.02/$0.05) - 2024/04/14 21:17:47
Table 'NLHBlue31' 6-max Seat #4 is the button
Seat 1: 5893f64c ($19.68 in chips)
Seat 2: a2d3dd72 ($5.3 in chips)
Seat 3: 67733b75 ($5.25 in chips)
Seat 4: 3d377e70 ($5.33 in chips)
Seat 5: Hero ($5.63 in chips)
Seat 6: caccc7c4 ($5.82 in chips)
Hero: posts small blind $0.02
caccc7c4: posts big blind $0.05
*** HOLE CARDS ***
Dealt to 5893f64c 
Dealt to a2d3dd72 
Dealt to 67733b75 
Dealt to 3d377e70 
Dealt to Hero [Qc 5c]
Dealt to caccc7c4 
5893f64c: folds
a2d3dd72: folds
67733b75: raises $0.05 to $0.1
3d377e70: calls $0.1
Hero: folds
caccc7c4: calls $0.05
*** FLOP *** [8d 5d 3c]
caccc7c4: checks
67733b75: checks
3d377e70: checks
*** TURN *** [8d 5d 3c] [Ad]
caccc7c4: checks
67733b75: checks
3d377e70: bets $0.16
caccc7c4: folds
67733b75: folds
Uncalled bet ($0.16) returned to 3d377e70
*** SHOWDOWN ***
3d377e70 collected $0.31 from pot
*** SUMMARY ***
Total pot $0.32 | Rake $0.01 | Jackpot $0 | Bingo $0 | Fortune $0 | Tax $0
Board [8d 5d 3c Ad]
Seat 1: 5893f64c folded before Flop (didn't bet)
Seat 2: a2d3dd72 folded before Flop (didn't bet)
Seat 3: 67733b75 folded on the Turn
Seat 4: 3d377e70 (button) won ($0.31)
Seat 5: Hero (small blind) folded before Flop
Seat 6: caccc7c4 (big blind) folded on the Turn


Poker Hand #HD1730479732: Hold'em No Limit ($0.02/$0.05) - 2024/04/14 21:17:03
Table 'NLHBlue31' 6-max Seat #3 is the button
Seat 1: 5893f64c ($19.68 in chips)
Seat 2: a2d3dd72 ($5.3 in chips)
Seat 3: 67733b75 ($5.25 in chips)
Seat 4: 3d377e70 ($5.15 in chips)
Seat 5: Hero ($5.83 in chips)
Seat 6: caccc7c4 ($5.82 in chips)
3d377e70: posts small blind $0.02
Hero: posts big blind $0.05
*** HOLE CARDS ***
Dealt to 5893f64c 
Dealt to a2d3dd72 
Dealt to 67733b75 
Dealt to 3d377e70 
Dealt to Hero [7c Ac]
Dealt to caccc7c4 
caccc7c4: folds
5893f64c: folds
a2d3dd72: folds
67733b75: folds
3d377e70: raises $0.05 to $0.1
Hero: calls $0.05
*** FLOP *** [6h Td 9h]
3d377e70: bets $0.1
Hero: calls $0.1
*** TURN *** [6h Td 9h] [Tc]
3d377e70: bets $0.2
Hero: folds
Uncalled bet ($0.2) returned to 3d377e70
*** SHOWDOWN ***
3d377e70 collected $0.38 from pot
*** SUMMARY ***
Total pot $0.4 | Rake $0.02 | Jackpot $0 | Bingo $0 | Fortune $0 | Tax $0
Board [6h Td 9h Tc]
Seat 1: 5893f64c folded before Flop (didn't bet)
Seat 2: a2d3dd72 folded before Flop (didn't bet)
Seat 3: 67733b75 (button) folded before Flop (didn't bet)
Seat 4: 3d377e70 (small blind) won ($0.38)
Seat 5: Hero (big blind) folded on the Turn
Seat 6: caccc7c4 folded before Flop (didn't bet)


Poker Hand #HD1730479668: Hold'em No Limit ($0.02/$0.05) - 2024/04/14 21:16:32
Table 'NLHBlue31' 6-max Seat #2 is the button
Seat 1: 5893f64c ($19.68 in chips)
Seat 2: a2d3dd72 ($5.23 in chips)
Seat 3: 67733b75 ($5.27 in chips)
Seat 4: 3d377e70 ($5.2 in chips)
Seat 5: Hero ($5.83 in chips)
Seat 6: caccc7c4 ($5.82 in chips)
67733b75: posts small blind $0.02
3d377e70: posts big blind $0.05
*** HOLE CARDS ***
Dealt to 5893f64c 
Dealt to a2d3dd72 
Dealt to 67733b75 
Dealt to 3d377e70 
Dealt to Hero [3c Kh]
Dealt to caccc7c4 
Hero: folds
caccc7c4: folds
5893f64c: folds
a2d3dd72: raises $0.07 to $0.12
67733b75: folds
3d377e70: folds
Uncalled bet ($0.07) returned to a2d3dd72
*** SHOWDOWN ***
a2d3dd72 collected $0.12 from pot
*** SUMMARY ***
Total pot $0.12 | Rake $0 | Jackpot $0 | Bingo $0 | Fortune $0 | Tax $0
Seat 1: 5893f64c folded before Flop (didn't bet)
Seat 2: a2d3dd72 (button) collected ($0.12)
Seat 3: 67733b75 (small blind) folded before Flop
Seat 4: 3d377e70 (big blind) folded before Flop
Seat 5: Hero folded before Flop (didn't bet)
Seat 6: caccc7c4 folded before Flop (didn't bet)


Poker Hand #HD1730479616: Hold'em No Limit ($0.02/$0.05) - 2024/04/14 21:16:07
Table 'NLHBlue31' 6-max Seat #1 is the button
Seat 1: 5893f64c ($19.68 in chips)
Seat 2: a2d3dd72 ($5.25 in chips)
Seat 3: 67733b75 ($5.32 in chips)
Seat 4: 3d377e70 ($5.2 in chips)
Seat 5: Hero ($5.83 in chips)
Seat 6: caccc7c4 ($5.75 in chips)
a2d3dd72: posts small blind $0.02
67733b75: posts big blind $0.05
*** HOLE CARDS ***
Dealt to 5893f64c 
Dealt to a2d3dd72 
Dealt to 67733b75 
Dealt to 3d377e70 
Dealt to Hero [3s Ts]
Dealt to caccc7c4 
3d377e70: folds
Hero: folds
caccc7c4: raises $0.09 to $0.14
5893f64c: folds
a2d3dd72: folds
67733b75: folds
Uncalled bet ($0.09) returned to caccc7c4
*** SHOWDOWN ***
caccc7c4 collected $0.12 from pot
*** SUMMARY ***
Total pot $0.12 | Rake $0 | Jackpot $0 | Bingo $0 | Fortune $0 | Tax $0
Seat 1: 5893f64c (button) folded before Flop (didn't bet)
Seat 2: a2d3dd72 (small blind) folded before Flop
Seat 3: 67733b75 (big blind) folded before Flop
Seat 4: 3d377e70 folded before Flop (didn't bet)
Seat 5: Hero folded before Flop (didn't bet)
Seat 6: caccc7c4 collected ($0.12)


Poker Hand #HD1730479506: Hold'em No Limit ($0.02/$0.05) - 2024/04/14 21:15:19
Table 'NLHBlue31' 6-max Seat #6 is the button
Seat 1: 5893f64c ($20.51 in chips)
Seat 2: a2d3dd72 ($5.3 in chips)
Seat 3: 67733b75 ($5.32 in chips)
Seat 4: 3d377e70 ($5.2 in chips)
Seat 5: Hero ($5.83 in chips)
Seat 6: caccc7c4 ($5 in chips)
5893f64c: posts small blind $0.02
a2d3dd72: posts big blind $0.05
*** HOLE CARDS ***
Dealt to 5893f64c 
Dealt to a2d3dd72 
Dealt to 67733b75 
Dealt to 3d377e70 
Dealt to Hero [6c Jc]
Dealt to caccc7c4 
67733b75: folds
3d377e70: folds
Hero: folds
caccc7c4: raises $0.09 to $0.14
5893f64c: raises $0.35 to $0.49
a2d3dd72: folds
caccc7c4: calls $0.35
*** FLOP *** [9s 7c Qh]
5893f64c: bets $0.34
caccc7c4: raises $0.57 to $0.91
5893f64c: folds
Uncalled bet ($0.57) returned to caccc7c4
*** SHOWDOWN ***
caccc7c4 collected $1.58 from pot
*** SUMMARY ***
Total pot $1.71 | Rake $0.08 | Jackpot $0.05 | Bingo $0 | Fortune $0 | Tax $0
Board [9s 7c Qh]
Seat 1: 5893f64c (small blind) folded on the Flop
Seat 2: a2d3dd72 (big blind) folded before Flop
Seat 3: 67733b75 folded before Flop (didn't bet)
Seat 4: 3d377e70 folded before Flop (didn't bet)
Seat 5: Hero folded before Flop (didn't bet)
Seat 6: caccc7c4 (button) won ($1.58)


Poker Hand #HD1730479436: Hold'em No Limit ($0.02/$0.05) - 2024/04/14 21:14:51
Table 'NLHBlue31' 6-max Seat #5 is the button
Seat 1: 5893f64c ($20.56 in chips)
Seat 2: a2d3dd72 ($5.23 in chips)
Seat 3: 67733b75 ($5.32 in chips)
Seat 4: 3d377e70 ($5.2 in chips)
Seat 5: Hero ($5.83 in chips)
Seat 6: caccc7c4 ($5 in chips)
caccc7c4: posts small blind $0.02
5893f64c: posts big blind $0.05
*** HOLE CARDS ***
Dealt to 5893f64c 
Dealt to a2d3dd72 
Dealt to 67733b75 
Dealt to 3d377e70 
Dealt to Hero [4c Kh]
Dealt to caccc7c4 
a2d3dd72: raises $0.07 to $0.12
67733b75: folds
3d377e70: folds
Hero: folds
caccc7c4: folds
5893f64c: folds
Uncalled bet ($0.07) returned to a2d3dd72
*** SHOWDOWN ***
a2d3dd72 collected $0.12 from pot
*** SUMMARY ***
Total pot $0.12 | Rake $0 | Jackpot $0 | Bingo $0 | Fortune $0 | Tax $0
Seat 1: 5893f64c (big blind) folded before Flop
Seat 2: a2d3dd72 collected ($0.12)
Seat 3: 67733b75 folded before Flop (didn't bet)
Seat 4: 3d377e70 folded before Flop (didn't bet)
Seat 5: Hero (button) folded before Flop (didn't bet)
Seat 6: caccc7c4 (small blind) folded before Flop


Poker Hand #HD1730479402: Hold'em No Limit ($0.02/$0.05) - 2024/04/14 21:14:31
Table 'NLHBlue31' 6-max Seat #4 is the button
Seat 1: 5893f64c ($20.56 in chips)
Seat 2: a2d3dd72 ($5.23 in chips)
Seat 3: 67733b75 ($5.32 in chips)
Seat 4: 3d377e70 ($5.13 in chips)
Seat 5: Hero ($5.85 in chips)
Seat 6: caccc7c4 ($5 in chips)
Hero: posts small blind $0.02
caccc7c4: posts big blind $0.05
*** HOLE CARDS ***
Dealt to 5893f64c 
Dealt to a2d3dd72 
Dealt to 67733b75 
Dealt to 3d377e70 
Dealt to Hero [6d 8d]
Dealt to caccc7c4 
5893f64c: folds
a2d3dd72: folds
67733b75: folds
3d377e70: raises $0.05 to $0.1
Hero: folds
caccc7c4: folds
Uncalled bet ($0.05) returned to 3d377e70
*** SHOWDOWN ***
3d377e70 collected $0.12 from pot
*** SUMMARY ***
Total pot $0.12 | Rake $0 | Jackpot $0 | Bingo $0 | Fortune $0 | Tax $0
Seat 1: 5893f64c folded before Flop (didn't bet)
Seat 2: a2d3dd72 folded before Flop (didn't bet)
Seat 3: 67733b75 folded before Flop (didn't bet)
Seat 4: 3d377e70 (button) collected ($0.12)
Seat 5: Hero (small blind) folded before Flop
Seat 6: caccc7c4 (big blind) folded before Flop


Poker Hand #HD1730479359: Hold'em No Limit ($0.02/$0.05) - 2024/04/14 21:14:13
Table 'NLHBlue31' 6-max Seat #3 is the button
Seat 1: 5893f64c ($20.56 in chips)
Seat 2: a2d3dd72 ($5.23 in chips)
Seat 3: 67733b75 ($5.25 in chips)
Seat 4: 3d377e70 ($5.15 in chips)
Seat 5: Hero ($5.9 in chips)
3d377e70: posts small blind $0.02
Hero: posts big blind $0.05
*** HOLE CARDS ***
Dealt to 5893f64c 
Dealt to a2d3dd72 
Dealt to 67733b75 
Dealt to 3d377e70 
Dealt to Hero [8s 2d]
5893f64c: folds
a2d3dd72: folds
67733b75: raises $0.1 to $0.15
3d377e70: folds
Hero: folds
Uncalled bet ($0.1) returned to 67733b75
*** SHOWDOWN ***
67733b75 collected $0.12 from pot
*** SUMMARY ***
Total pot $0.12 | Rake $0 | Jackpot $0 | Bingo $0 | Fortune $0 | Tax $0
Seat 1: 5893f64c folded before Flop (didn't bet)
Seat 2: a2d3dd72 folded before Flop (didn't bet)
Seat 3: 67733b75 (button) collected ($0.12)
Seat 4: 3d377e70 (small blind) folded before Flop
Seat 5: Hero (big blind) folded before Flop


Poker Hand #HD1730479330: Hold'em No Limit ($0.02/$0.05) - 2024/04/14 21:13:59
Table 'NLHBlue31' 6-max Seat #2 is the button
Seat 1: 5893f64c ($20.56 in chips)
Seat 2: a2d3dd72 ($5.16 in chips)
Seat 3: 67733b75 ($5.27 in chips)
Seat 4: 3d377e70 ($5.2 in chips)
Seat 5: Hero ($5.9 in chips)
67733b75: posts small blind $0.02
3d377e70: posts big blind $0.05
*** HOLE CARDS ***
Dealt to 5893f64c 
Dealt to a2d3dd72 
Dealt to 67733b75 
Dealt to 3d377e70 
Dealt to Hero [3d Kd]
Hero: folds
5893f64c: folds
a2d3dd72: raises $0.07 to $0.12
67733b75: folds
3d377e70: folds
Uncalled bet ($0.07) returned to a2d3dd72
*** SHOWDOWN ***
a2d3dd72 collected $0.12 from pot
*** SUMMARY ***
Total pot $0.12 | Rake $0 | Jackpot $0 | Bingo $0 | Fortune $0 | Tax $0
Seat 1: 5893f64c folded before Flop (didn't bet)
Seat 2: a2d3dd72 (button) collected ($0.12)
Seat 3: 67733b75 (small blind) folded before Flop
Seat 4: 3d377e70 (big blind) folded before Flop
Seat 5: Hero folded before Flop (didn't bet)


Poker Hand #HD1730479300: Hold'em No Limit ($0.02/$0.05) - 2024/04/14 21:13:46
Table 'NLHBlue31' 6-max Seat #1 is the button
Seat 1: 5893f64c ($20.49 in chips)
Seat 2: a2d3dd72 ($5.18 in chips)
Seat 3: 67733b75 ($5.32 in chips)
Seat 4: 3d377e70 ($5.2 in chips)
Seat 5: Hero ($5.9 in chips)
a2d3dd72: posts small blind $0.02
67733b75: posts big blind $0.05
*** HOLE CARDS ***
Dealt to 5893f64c 
Dealt to a2d3dd72 
Dealt to 67733b75 
Dealt to 3d377e70 
Dealt to Hero [7h 4s]
3d377e70: folds
Hero: folds
5893f64c: raises $0.08 to $0.13
a2d3dd72: folds
67733b75: folds
Uncalled bet ($0.08) returned to 5893f64c
*** SHOWDOWN ***
5893f64c collected $0.12 from pot
*** SUMMARY ***
Total pot $0.12 | Rake $0 | Jackpot $0 | Bingo $0 | Fortune $0 | Tax $0
Seat 1: 5893f64c (button) collected ($0.12)
Seat 2: a2d3dd72 (small blind) folded before Flop
Seat 3: 67733b75 (big blind) folded before Flop
Seat 4: 3d377e70 folded before Flop (didn't bet)
Seat 5: Hero folded before Flop (didn't bet)


Poker Hand #HD1730479189: Hold'em No Limit ($0.02/$0.05) - 2024/04/14 21:12:59
Table 'NLHBlue31' 6-max Seat #5 is the button
Seat 1: 5893f64c ($20.37 in chips)
Seat 2: a2d3dd72 ($5.31 in chips)
Seat 3: 67733b75 ($5.32 in chips)
Seat 4: 3d377e70 ($5.2 in chips)
Seat 5: Hero ($5.9 in chips)
5893f64c: posts small blind $0.02
a2d3dd72: posts big blind $0.05
*** HOLE CARDS ***
Dealt to 5893f64c 
Dealt to a2d3dd72 
Dealt to 67733b75 
Dealt to 3d377e70 
Dealt to Hero [Jd 6c]
67733b75: folds
3d377e70: folds
Hero: folds
5893f64c: raises $0.08 to $0.13
a2d3dd72: calls $0.08
*** FLOP *** [Ah 7d Qh]
5893f64c: checks
a2d3dd72: checks
*** TURN *** [Ah 7d Qh] [5h]
5893f64c: bets $0.13
a2d3dd72: folds
Uncalled bet ($0.13) returned to 5893f64c
*** SHOWDOWN ***
5893f64c collected $0.25 from pot
*** SUMMARY ***
Total pot $0.26 | Rake $0.01 | Jackpot $0 | Bingo $0 | Fortune $0 | Tax $0
Board [Ah 7d Qh 5h]
Seat 1: 5893f64c (small blind) won ($0.25)
Seat 2: a2d3dd72 (big blind) folded on the Turn
Seat 3: 67733b75 folded before Flop (didn't bet)
Seat 4: 3d377e70 folded before Flop (didn't bet)
Seat 5: Hero (button) folded before Flop (didn't bet)


Poker Hand #HD1730479118: Hold'em No Limit ($0.02/$0.05) - 2024/04/14 21:12:21
Table 'NLHBlue31' 6-max Seat #4 is the button
Seat 1: 5893f64c ($20.47 in chips)
Seat 2: a2d3dd72 ($5.31 in chips)
Seat 3: 67733b75 ($5.32 in chips)
Seat 4: 3d377e70 ($5.09 in chips)
Seat 5: Hero ($5.92 in chips)
Hero: posts small blind $0.02
5893f64c: posts big blind $0.05
*** HOLE CARDS ***
Dealt to 5893f64c 
Dealt to a2d3dd72 
Dealt to 67733b75 
Dealt to 3d377e70 
Dealt to Hero [6d Jd]
a2d3dd72: folds
67733b75: folds
3d377e70: raises $0.05 to $0.1
Hero: folds
5893f64c: calls $0.05
*** FLOP *** [2h 7s 3c]
5893f64c: checks
3d377e70: bets $0.11
5893f64c: folds
Uncalled bet ($0.11) returned to 3d377e70
*** SHOWDOWN ***
3d377e70 collected $0.21 from pot
*** SUMMARY ***
Total pot $0.22 | Rake $0.01 | Jackpot $0 | Bingo $0 | Fortune $0 | Tax $0
Board [2h 7s 3c]
Seat 1: 5893f64c (big blind) folded on the Flop
Seat 2: a2d3dd72 folded before Flop (didn't bet)
Seat 3: 67733b75 folded before Flop (didn't bet)
Seat 4: 3d377e70 (button) won ($0.21)
Seat 5: Hero (small blind) folded before Flop


Poker Hand #HD1730479078: Hold'em No Limit ($0.02/$0.05) - 2024/04/14 21:12:06
Table 'NLHBlue31' 6-max Seat #3 is the button
Seat 1: 5893f64c ($20.47 in chips)
Seat 2: a2d3dd72 ($5.31 in chips)
Seat 3: 67733b75 ($5.32 in chips)
Seat 4: 3d377e70 ($5.11 in chips)
Seat 5: Hero ($5.9 in chips)
Seat 6: f4897af4 ($5.01 in chips)
3d377e70: posts small blind $0.02
Hero: posts big blind $0.05
*** HOLE CARDS ***
Dealt to 5893f64c 
Dealt to a2d3dd72 
Dealt to 67733b75 
Dealt to 3d377e70 
Dealt to Hero [5h 7c]
Dealt to f4897af4 
f4897af4: folds
5893f64c: folds
a2d3dd72: folds
67733b75: folds
3d377e70: folds
Uncalled bet ($0.03) returned to Hero
*** SHOWDOWN ***
Hero collected $0.04 from pot
*** SUMMARY ***
Total pot $0.04 | Rake $0 | Jackpot $0 | Bingo $0 | Fortune $0 | Tax $0
Seat 1: 5893f64c folded before Flop (didn't bet)
Seat 2: a2d3dd72 folded before Flop (didn't bet)
Seat 3: 67733b75 (button) folded before Flop (didn't bet)
Seat 4: 3d377e70 (small blind) folded before Flop
Seat 5: Hero (big blind) collected ($0.04)
Seat 6: f4897af4 folded before Flop (didn't bet)


Poker Hand #HD1730479037: Hold'em No Limit ($0.02/$0.05) - 2024/04/14 21:11:44
Table 'NLHBlue31' 6-max Seat #2 is the button
Seat 1: 5893f64c ($20.4 in chips)
Seat 2: a2d3dd72 ($5.31 in chips)
Seat 3: 67733b75 ($5.34 in chips)
Seat 4: 3d377e70 ($5.16 in chips)
Seat 5: Hero ($5.9 in chips)
Seat 6: f4897af4 ($5.01 in chips)
67733b75: posts small blind $0.02
3d377e70: posts big blind $0.05
*** HOLE CARDS ***
Dealt to 5893f64c 
Dealt to a2d3dd72 
Dealt to 67733b75 
Dealt to 3d377e70 
Dealt to Hero [Kd 3s]
Dealt to f4897af4 
Hero: folds
f4897af4: folds
5893f64c: raises $0.1 to $0.15
a2d3dd72: folds
67733b75: folds
3d377e70: folds
Uncalled bet ($0.1) returned to 5893f64c
*** SHOWDOWN ***
5893f64c collected $0.12 from pot
*** SUMMARY ***
Total pot $0.12 | Rake $0 | Jackpot $0 | Bingo $0 | Fortune $0 | Tax $0
Seat 1: 5893f64c collected ($0.12)
Seat 2: a2d3dd72 (button) folded before Flop (didn't bet)
Seat 3: 67733b75 (small blind) folded before Flop
Seat 4: 3d377e70 (big blind) folded before Flop
Seat 5: Hero folded before Flop (didn't bet)
Seat 6: f4897af4 folded before Flop (didn't bet)


Poker Hand #HD1730478865: Hold'em No Limit ($0.02/$0.05) - 2024/04/14 21:10:23
Table 'NLHBlue31' 6-max Seat #1 is the button
Seat 1: 5893f64c ($20.4 in chips)
Seat 2: a2d3dd72 ($5.47 in chips)
Seat 3: 67733b75 ($5.19 in chips)
Seat 4: 3d377e70 ($5.16 in chips)
Seat 5: Hero ($5.9 in chips)
Seat 6: f4897af4 ($5.01 in chips)
a2d3dd72: posts small blind $0.02
67733b75: posts big blind $0.05
*** HOLE CARDS ***
Dealt to 5893f64c 
Dealt to a2d3dd72 
Dealt to 67733b75 
Dealt to 3d377e70 
Dealt to Hero [Kc 5h]
Dealt to f4897af4 
3d377e70: folds
Hero: folds
f4897af4: folds
5893f64c: folds
a2d3dd72: calls $0.03
67733b75: checks
*** FLOP *** [3d Ks 2s]
a2d3dd72: checks
67733b75: checks
*** TURN *** [3d Ks 2s] [7c]
a2d3dd72: bets $0.05
67733b75: calls $0.05
*** RIVER *** [3d Ks 2s 7c] [6c]
a2d3dd72: checks
67733b75: bets $0.06
a2d3dd72: calls $0.06
67733b75: shows [7s 9s] (Pair of Sevens)
a2d3dd72: shows [6d 8c] (Pair of Sixes)
*** SHOWDOWN ***
67733b75 collected $0.31 from pot
*** SUMMARY ***
Total pot $0.32 | Rake $0.01 | Jackpot $0 | Bingo $0 | Fortune $0 | Tax $0
Board [3d Ks 2s 7c 6c]
Seat 1: 5893f64c (button) folded before Flop (didn't bet)
Seat 2: a2d3dd72 (small blind) showed [6d 8c] and lost with Pair of Sixes
Seat 3: 67733b75 (big blind) showed [7s 9s] and won ($0.31) with Pair of Sevens
Seat 4: 3d377e70 folded before Flop (didn't bet)
Seat 5: Hero folded before Flop (didn't bet)
Seat 6: f4897af4 folded before Flop (didn't bet)


Poker Hand #HD1730478816: Hold'em No Limit ($0.02/$0.05) - 2024/04/14 21:10:04
Table 'NLHBlue31' 6-max Seat #6 is the button
Seat 1: 5893f64c ($20.42 in chips)
Seat 2: a2d3dd72 ($5.45 in chips)
Seat 3: 67733b75 ($5.19 in chips)
Seat 4: 3d377e70 ($5.16 in chips)
Seat 5: Hero ($5.9 in chips)
Seat 6: f4897af4 ($5.01 in chips)
5893f64c: posts small blind $0.02
a2d3dd72: posts big blind $0.05
*** HOLE CARDS ***
Dealt to 5893f64c 
Dealt to a2d3dd72 
Dealt to 67733b75 
Dealt to 3d377e70 
Dealt to Hero [3d Td]
Dealt to f4897af4 
67733b75: folds
3d377e70: folds
Hero: folds
f4897af4: folds
5893f64c: folds
Uncalled bet ($0.03) returned to a2d3dd72
*** SHOWDOWN ***
a2d3dd72 collected $0.04 from pot
*** SUMMARY ***
Total pot $0.04 | Rake $0 | Jackpot $0 | Bingo $0 | Fortune $0 | Tax $0
Seat 1: 5893f64c (small blind) folded before Flop
Seat 2: a2d3dd72 (big blind) collected ($0.04)
Seat 3: 67733b75 folded before Flop (didn't bet)
Seat 4: 3d377e70 folded before Flop (didn't bet)
Seat 5: Hero folded before Flop (didn't bet)
Seat 6: f4897af4 (button) folded before Flop (didn't bet)


Poker Hand #HD1730478691: Hold'em No Limit ($0.02/$0.05) - 2024/04/14 21:09:02
Table 'NLHBlue31' 6-max Seat #5 is the button
Seat 1: 5893f64c ($20.52 in chips)
Seat 2: a2d3dd72 ($5.45 in chips)
Seat 3: 67733b75 ($5.19 in chips)
Seat 4: 3d377e70 ($5.05 in chips)
Seat 5: Hero ($5.9 in chips)
Seat 6: f4897af4 ($5.03 in chips)
f4897af4: posts small blind $0.02
5893f64c: posts big blind $0.05
*** HOLE CARDS ***
Dealt to 5893f64c 
Dealt to a2d3dd72 
Dealt to 67733b75 
Dealt to 3d377e70 
Dealt to Hero [Th Jc]
Dealt to f4897af4 
a2d3dd72: folds
67733b75: folds
3d377e70: raises $0.05 to $0.1
Hero: folds
f4897af4: folds
5893f64c: calls $0.05
*** FLOP *** [4s 8h 4d]
5893f64c: checks
3d377e70: checks
*** TURN *** [4s 8h 4d] [4c]
5893f64c: checks
3d377e70: checks
*** RIVER *** [4s 8h 4d 4c] [6c]
5893f64c: checks
3d377e70: checks
5893f64c: shows [Jh 5h] (Three Fours)
3d377e70: shows [Qc 9s] (Three Fours)
*** SHOWDOWN ***
3d377e70 collected $0.21 from pot
*** SUMMARY ***
Total pot $0.22 | Rake $0.01 | Jackpot $0 | Bingo $0 | Fortune $0 | Tax $0
Board [4s 8h 4d 4c 6c]
Seat 1: 5893f64c (big blind) showed [Jh 5h] and lost with Three Fours
Seat 2: a2d3dd72 folded before Flop (didn't bet)
Seat 3: 67733b75 folded before Flop (didn't bet)
Seat 4: 3d377e70 showed [Qc 9s] and won ($0.21) with Three Fours
Seat 5: Hero (button) folded before Flop (didn't bet)
Seat 6: f4897af4 (small blind) folded before Flop


Poker Hand #HD1730478525: Hold'em No Limit ($0.02/$0.05) - 2024/04/14 21:07:47
Table 'NLHBlue31' 6-max Seat #4 is the button
Seat 1: 5893f64c ($20.76 in chips)
Seat 2: a2d3dd72 ($5.16 in chips)
Seat 3: 67733b75 ($5.19 in chips)
Seat 4: 3d377e70 ($5.05 in chips)
Seat 5: Hero ($5.92 in chips)
Seat 6: f4897af4 ($5.08 in chips)
Hero: posts small blind $0.02
f4897af4: posts big blind $0.05
*** HOLE CARDS ***
Dealt to 5893f64c 
Dealt to a2d3dd72 
Dealt to 67733b75 
Dealt to 3d377e70 
Dealt to Hero [Tc Jd]
Dealt to f4897af4 
5893f64c: raises $0.08 to $0.13
a2d3dd72: calls $0.13
67733b75: folds
3d377e70: folds
Hero: folds
f4897af4: folds
*** FLOP *** [Ac 2h 2s]
5893f64c: bets $0.11
a2d3dd72: calls $0.11
*** TURN *** [Ac 2h 2s] [9d]
5893f64c: checks
a2d3dd72: checks
*** RIVER *** [Ac 2h 2s 9d] [Qs]
5893f64c: checks
a2d3dd72: checks
5893f64c: shows [4d 4h] (Pair of Fours and Pair of Twos)
a2d3dd72: shows [6c 6d] (Pair of Sixes and Pair of Twos)
*** SHOWDOWN ***
a2d3dd72 collected $0.53 from pot
*** SUMMARY ***
Total pot $0.55 | Rake $0.02 | Jackpot $0 | Bingo $0 | Fortune $0 | Tax $0
Board [Ac 2h 2s 9d Qs]
Seat 1: 5893f64c showed [4d 4h] and lost with Pair of Fours and Pair of Twos
Seat 2: a2d3dd72 showed [6c 6d] and won ($0.53) with Pair of Sixes and Pair of Twos
Seat 3: 67733b75 folded before Flop (didn't bet)
Seat 4: 3d377e70 (button) folded before Flop (didn't bet)
Seat 5: Hero (small blind) folded before Flop
Seat 6: f4897af4 (big blind) folded before Flop


Poker Hand #HD1730478466: Hold'em No Limit ($0.02/$0.05) - 2024/04/14 21:07:22
Table 'NLHBlue31' 6-max Seat #3 is the button
Seat 1: 5893f64c ($20.76 in chips)
Seat 2: a2d3dd72 ($5.16 in chips)
Seat 3: 67733b75 ($5.19 in chips)
Seat 4: 3d377e70 ($5 in chips)
Seat 5: Hero ($5.97 in chips)
Seat 6: f4897af4 ($5.08 in chips)
3d377e70: posts small blind $0.02
Hero: posts big blind $0.05
*** HOLE CARDS ***
Dealt to 5893f64c 
Dealt to a2d3dd72 
Dealt to 67733b75 
Dealt to 3d377e70 
Dealt to Hero [4s 5c]
Dealt to f4897af4 
f4897af4: folds
5893f64c: folds
a2d3dd72: folds
67733b75: folds
3d377e70: raises $0.05 to $0.1
Hero: folds
Uncalled bet ($0.05) returned to 3d377e70
*** SHOWDOWN ***
3d377e70 collected $0.1 from pot
*** SUMMARY ***
Total pot $0.1 | Rake $0 | Jackpot $0 | Bingo $0 | Fortune $0 | Tax $0
Seat 1: 5893f64c folded before Flop (didn't bet)
Seat 2: a2d3dd72 folded before Flop (didn't bet)
Seat 3: 67733b75 (button) folded before Flop (didn't bet)
Seat 4: 3d377e70 (small blind) collected ($0.1)
Seat 5: Hero (big blind) folded before Flop
Seat 6: f4897af4 folded before Flop (didn't bet)


Poker Hand #HD1730478371: Hold'em No Limit ($0.02/$0.05) - 2024/04/14 21:06:32
Table 'NLHBlue31' 6-max Seat #2 is the button
Seat 1: 5893f64c ($20.76 in chips)
Seat 2: a2d3dd72 ($5 in chips)
Seat 3: 67733b75 ($5.21 in chips)
Seat 4: 3d377e70 ($5 in chips)
Seat 5: Hero ($5.97 in chips)
Seat 6: f4897af4 ($5.18 in chips)
67733b75: posts small blind $0.02
3d377e70: posts big blind $0.05
*** HOLE CARDS ***
Dealt to 5893f64c 
Dealt to a2d3dd72 
Dealt to 67733b75 
Dealt to 3d377e70 
Dealt to Hero [4h 9c]
Dealt to f4897af4 
Hero: folds
f4897af4: raises $0.05 to $0.1
5893f64c: folds
a2d3dd72: raises $0.2 to $0.3
67733b75: folds
3d377e70: folds
f4897af4: folds
Uncalled bet ($0.2) returned to a2d3dd72
*** SHOWDOWN ***
a2d3dd72 collected $0.26 from pot
*** SUMMARY ***
Total pot $0.27 | Rake $0.01 | Jackpot $0 | Bingo $0 | Fortune $0 | Tax $0
Seat 1: 5893f64c folded before Flop (didn't bet)
Seat 2: a2d3dd72 (button) collected ($0.26)
Seat 3: 67733b75 (small blind) folded before Flop
Seat 4: 3d377e70 (big blind) folded before Flop
Seat 5: Hero folded before Flop (didn't bet)
Seat 6: f4897af4 folded before Flop


Poker Hand #HD1730478341: Hold'em No Limit ($0.02/$0.05) - 2024/04/14 21:06:22
Table 'NLHBlue31' 6-max Seat #1 is the button
Seat 1: 5893f64c ($20.76 in chips)
Seat 2: a2d3dd72 ($5 in chips)
Seat 3: 67733b75 ($5.19 in chips)
Seat 5: Hero ($5.97 in chips)
Seat 6: f4897af4 ($5.18 in chips)
a2d3dd72: posts small blind $0.02
67733b75: posts big blind $0.05
*** HOLE CARDS ***
Dealt to 5893f64c 
Dealt to a2d3dd72 
Dealt to 67733b75 
Dealt to Hero [Jd 7d]
Dealt to f4897af4 
Hero: folds
f4897af4: folds
5893f64c: folds
a2d3dd72: folds
Uncalled bet ($0.03) returned to 67733b75
*** SHOWDOWN ***
67733b75 collected $0.04 from pot
*** SUMMARY ***
Total pot $0.04 | Rake $0 | Jackpot $0 | Bingo $0 | Fortune $0 | Tax $0
Seat 1: 5893f64c (button) folded before Flop (didn't bet)
Seat 2: a2d3dd72 (small blind) folded before Flop
Seat 3: 67733b75 (big blind) collected ($0.04)
Seat 5: Hero folded before Flop (didn't bet)
Seat 6: f4897af4 folded before Flop (didn't bet)


Poker Hand #HD1730478283: Hold'em No Limit ($0.02/$0.05) - 2024/04/14 21:05:56
Table 'NLHBlue31' 6-max Seat #6 is the button
Seat 1: 5893f64c ($20.78 in chips)
Seat 2: a2d3dd72 ($5 in chips)
Seat 3: 67733b75 ($5.19 in chips)
Seat 5: Hero ($6.09 in chips)
Seat 6: f4897af4 ($5 in chips)
5893f64c: posts small blind $0.02
a2d3dd72: posts big blind $0.05
*** HOLE CARDS ***
Dealt to 5893f64c 
Dealt to a2d3dd72 
Dealt to 67733b75 
Dealt to Hero [Tc Js]
Dealt to f4897af4 
67733b75: folds
Hero: raises $0.07 to $0.12
f4897af4: raises $0.26 to $0.38
5893f64c: folds
a2d3dd72: folds
Hero: folds
Uncalled bet ($0.26) returned to f4897af4
*** SHOWDOWN ***
f4897af4 collected $0.3 from pot
*** SUMMARY ***
Total pot $0.31 | Rake $0.01 | Jackpot $0 | Bingo $0 | Fortune $0 | Tax $0
Seat 1: 5893f64c (small blind) folded before Flop
Seat 2: a2d3dd72 (big blind) folded before Flop
Seat 3: 67733b75 folded before Flop (didn't bet)
Seat 5: Hero folded before Flop
Seat 6: f4897af4 (button) collected ($0.3)


Poker Hand #HD1730478138: Hold'em No Limit ($0.02/$0.05) - 2024/04/14 21:04:53
Table 'NLHBlue31' 6-max Seat #5 is the button
Seat 1: 5893f64c ($20.09 in chips)
Seat 3: 67733b75 ($5.19 in chips)
Seat 5: Hero ($6.09 in chips)
Seat 6: f4897af4 ($5.02 in chips)
f4897af4: posts small blind $0.02
5893f64c: posts big blind $0.05
*** HOLE CARDS ***
Dealt to 5893f64c 
Dealt to 67733b75 
Dealt to Hero [2h Qh]
Dealt to f4897af4 
67733b75: folds
Hero: folds
f4897af4: raises $0.08 to $0.13
5893f64c: raises $0.2 to $0.33
f4897af4: raises $0.49 to $0.82
5893f64c: raises $1.23 to $2.05
f4897af4: folds
Uncalled bet ($1.23) returned to 5893f64c
*** SHOWDOWN ***
5893f64c collected $1.51 from pot
*** SUMMARY ***
Total pot $1.64 | Rake $0.08 | Jackpot $0.05 | Bingo $0 | Fortune $0 | Tax $0
Seat 1: 5893f64c (big blind) collected ($1.51)
Seat 3: 67733b75 folded before Flop (didn't bet)
Seat 5: Hero (button) folded before Flop (didn't bet)
Seat 6: f4897af4 (small blind) folded before Flop


Poker Hand #HD1730478113: Hold'em No Limit ($0.02/$0.05) - 2024/04/14 21:04:41
Table 'NLHBlue31' 6-max Seat #4 is the button
Seat 1: 5893f64c ($20.09 in chips)
Seat 3: 67733b75 ($5.12 in chips)
Seat 4: 79a02a96 ($4.81 in chips)
Seat 5: Hero ($6.11 in chips)
Seat 6: f4897af4 ($5.07 in chips)
Hero: posts small blind $0.02
f4897af4: posts big blind $0.05
*** HOLE CARDS ***
Dealt to 5893f64c 
Dealt to 67733b75 
Dealt to 79a02a96 
Dealt to Hero [Qc 9s]
Dealt to f4897af4 
5893f64c: folds
67733b75: raises $0.05 to $0.1
79a02a96: folds
Hero: folds
f4897af4: folds
Uncalled bet ($0.05) returned to 67733b75
*** SHOWDOWN ***
67733b75 collected $0.12 from pot
*** SUMMARY ***
Total pot $0.12 | Rake $0 | Jackpot $0 | Bingo $0 | Fortune $0 | Tax $0
Seat 1: 5893f64c folded before Flop (didn't bet)
Seat 3: 67733b75 collected ($0.12)
Seat 4: 79a02a96 (button) folded before Flop (didn't bet)
Seat 5: Hero (small blind) folded before Flop
Seat 6: f4897af4 (big blind) folded before Flop


Poker Hand #HD1730478090: Hold'em No Limit ($0.02/$0.05) - 2024/04/14 21:04:31
Table 'NLHBlue31' 6-max Seat #3 is the button
Seat 1: 5893f64c ($20.09 in chips)
Seat 3: 67733b75 ($5.12 in chips)
Seat 4: 79a02a96 ($4.83 in chips)
Seat 5: Hero ($6.09 in chips)
Seat 6: f4897af4 ($5.07 in chips)
79a02a96: posts small blind $0.02
Hero: posts big blind $0.05
*** HOLE CARDS ***
Dealt to 5893f64c 
Dealt to 67733b75 
Dealt to 79a02a96 
Dealt to Hero [Ts Ad]
Dealt to f4897af4 
f4897af4: folds
5893f64c: folds
67733b75: folds
79a02a96: folds
Uncalled bet ($0.03) returned to Hero
*** SHOWDOWN ***
Hero collected $0.04 from pot
*** SUMMARY ***
Total pot $0.04 | Rake $0 | Jackpot $0 | Bingo $0 | Fortune $0 | Tax $0
Seat 1: 5893f64c folded before Flop (didn't bet)
Seat 3: 67733b75 (button) folded before Flop (didn't bet)
Seat 4: 79a02a96 (small blind) folded before Flop
Seat 5: Hero (big blind) collected ($0.04)
Seat 6: f4897af4 folded before Flop (didn't bet)


Poker Hand #HD1730478004: Hold'em No Limit ($0.02/$0.05) - 2024/04/14 21:03:49
Table 'NLHBlue31' 6-max Seat #1 is the button
Seat 1: 5893f64c ($20.22 in chips)
Seat 3: 67733b75 ($4.95 in chips)
Seat 4: 79a02a96 ($4.88 in chips)
Seat 5: Hero ($6.09 in chips)
Seat 6: f4897af4 ($5.07 in chips)
67733b75: posts small blind $0.02
79a02a96: posts big blind $0.05
*** HOLE CARDS ***
Dealt to 5893f64c 
Dealt to 67733b75 
Dealt to 79a02a96 
Dealt to Hero [Qs 7c]
Dealt to f4897af4 
Hero: folds
f4897af4: folds
5893f64c: raises $0.08 to $0.13
67733b75: raises $0.47 to $0.6
79a02a96: folds
5893f64c: folds
Uncalled bet ($0.47) returned to 67733b75
*** SHOWDOWN ***
67733b75 collected $0.3 from pot
*** SUMMARY ***
Total pot $0.31 | Rake $0.01 | Jackpot $0 | Bingo $0 | Fortune $0 | Tax $0
Seat 1: 5893f64c (button) folded before Flop
Seat 3: 67733b75 (small blind) collected ($0.3)
Seat 4: 79a02a96 (big blind) folded before Flop
Seat 5: Hero folded before Flop (didn't bet)
Seat 6: f4897af4 folded before Flop (didn't bet)


Poker Hand #HD1730477975: Hold'em No Limit ($0.02/$0.05) - 2024/04/14 21:03:37
Table 'NLHBlue31' 6-max Seat #6 is the button
Seat 1: 5893f64c ($20.24 in chips)
Seat 3: 67733b75 ($5 in chips)
Seat 4: 79a02a96 ($4.88 in chips)
Seat 5: Hero ($6.09 in chips)
Seat 6: f4897af4 ($5 in chips)
5893f64c: posts small blind $0.02
67733b75: posts big blind $0.05
*** HOLE CARDS ***
Dealt to 5893f64c 
Dealt to 67733b75 
Dealt to 79a02a96 
Dealt to Hero [5c 6h]
Dealt to f4897af4 
79a02a96: folds
Hero: folds
f4897af4: raises $0.1 to $0.15
5893f64c: folds
67733b75: folds
Uncalled bet ($0.1) returned to f4897af4
*** SHOWDOWN ***
f4897af4 collected $0.12 from pot
*** SUMMARY ***
Total pot $0.12 | Rake $0 | Jackpot $0 | Bingo $0 | Fortune $0 | Tax $0
Seat 1: 5893f64c (small blind) folded before Flop
Seat 3: 67733b75 (big blind) folded before Flop
Seat 4: 79a02a96 folded before Flop (didn't bet)
Seat 5: Hero folded before Flop (didn't bet)
Seat 6: f4897af4 (button) collected ($0.12)


Poker Hand #HD1730477950: Hold'em No Limit ($0.02/$0.05) - 2024/04/14 21:03:26
Table 'NLHBlue31' 6-max Seat #5 is the button
Seat 1: 5893f64c ($20.22 in chips)
Seat 2: 8c7f09a8 ($5 in chips)
Seat 3: 67733b75 ($5 in chips)
Seat 4: 79a02a96 ($4.88 in chips)
Seat 5: Hero ($6.09 in chips)
Seat 6: f4897af4 ($5 in chips)
f4897af4: posts small blind $0.02
5893f64c: posts big blind $0.05
*** HOLE CARDS ***
Dealt to 5893f64c 
Dealt to 8c7f09a8 
Dealt to 67733b75 
Dealt to 79a02a96 
Dealt to Hero [3h 8d]
Dealt to f4897af4 
8c7f09a8: folds
67733b75: folds
79a02a96: folds
Hero: folds
f4897af4: folds
Uncalled bet ($0.03) returned to 5893f64c
*** SHOWDOWN ***
5893f64c collected $0.04 from pot
*** SUMMARY ***
Total pot $0.04 | Rake $0 | Jackpot $0 | Bingo $0 | Fortune $0 | Tax $0
Seat 1: 5893f64c (big blind) collected ($0.04)
Seat 2: 8c7f09a8 folded before Flop (didn't bet)
Seat 3: 67733b75 folded before Flop (didn't bet)
Seat 4: 79a02a96 folded before Flop (didn't bet)
Seat 5: Hero (button) folded before Flop (didn't bet)
Seat 6: f4897af4 (small blind) folded before Flop


Poker Hand #HD1730477923: Hold'em No Limit ($0.02/$0.05) - 2024/04/14 21:03:12
Table 'NLHBlue31' 6-max Seat #4 is the button
Seat 1: 5893f64c ($20.15 in chips)
Seat 2: 8c7f09a8 ($5 in chips)
Seat 3: 67733b75 ($5 in chips)
Seat 4: 79a02a96 ($4.88 in chips)
Seat 5: Hero ($6.11 in chips)
Seat 6: f4897af4 ($5 in chips)
Hero: posts small blind $0.02
f4897af4: posts big blind $0.05
*** HOLE CARDS ***
Dealt to 5893f64c 
Dealt to 8c7f09a8 
Dealt to 67733b75 
Dealt to 79a02a96 
Dealt to Hero [6c 5s]
Dealt to f4897af4 
5893f64c: raises $0.05 to $0.1
8c7f09a8: folds
67733b75: folds
79a02a96: folds
Hero: folds
f4897af4: folds
Uncalled bet ($0.05) returned to 5893f64c
*** SHOWDOWN ***
5893f64c collected $0.12 from pot
*** SUMMARY ***
Total pot $0.12 | Rake $0 | Jackpot $0 | Bingo $0 | Fortune $0 | Tax $0
Seat 1: 5893f64c collected ($0.12)
Seat 2: 8c7f09a8 folded before Flop (didn't bet)
Seat 3: 67733b75 folded before Flop (didn't bet)
Seat 4: 79a02a96 (button) folded before Flop (didn't bet)
Seat 5: Hero (small blind) folded before Flop
Seat 6: f4897af4 (big blind) folded before Flop


Poker Hand #HD1730477879: Hold'em No Limit ($0.02/$0.05) - 2024/04/14 21:02:53
Table 'NLHBlue31' 6-max Seat #3 is the button
Seat 1: 5893f64c ($20.15 in chips)
Seat 2: 8c7f09a8 ($5 in chips)
Seat 3: 67733b75 ($4.93 in chips)
Seat 4: 79a02a96 ($4.9 in chips)
Seat 5: Hero ($6.16 in chips)
Seat 6: 9215ccbb ($10.04 in chips)
79a02a96: posts small blind $0.02
Hero: posts big blind $0.05
*** HOLE CARDS ***
Dealt to 5893f64c 
Dealt to 8c7f09a8 
Dealt to 67733b75 
Dealt to 79a02a96 
Dealt to Hero [7c 5d]
Dealt to 9215ccbb 
9215ccbb: folds
5893f64c: folds
8c7f09a8: folds
67733b75: raises $0.1 to $0.15
79a02a96: folds
Hero: folds
Uncalled bet ($0.1) returned to 67733b75
*** SHOWDOWN ***
67733b75 collected $0.12 from pot
*** SUMMARY ***
Total pot $0.12 | Rake $0 | Jackpot $0 | Bingo $0 | Fortune $0 | Tax $0
Seat 1: 5893f64c folded before Flop (didn't bet)
Seat 2: 8c7f09a8 folded before Flop (didn't bet)
Seat 3: 67733b75 (button) collected ($0.12)
Seat 4: 79a02a96 (small blind) folded before Flop
Seat 5: Hero (big blind) folded before Flop
Seat 6: 9215ccbb folded before Flop (didn't bet)


Poker Hand #HD1730477753: Hold'em No Limit ($0.02/$0.05) - 2024/04/14 21:02:02
Table 'NLHBlue31' 6-max Seat #2 is the button
Seat 1: 5893f64c ($19.72 in chips)
Seat 2: 8c7f09a8 ($5 in chips)
Seat 3: 67733b75 ($4.95 in chips)
Seat 4: 79a02a96 ($5 in chips)
Seat 5: Hero ($6.26 in chips)
Seat 6: 9215ccbb ($10.28 in chips)
67733b75: posts small blind $0.02
79a02a96: posts big blind $0.05
*** HOLE CARDS ***
Dealt to 5893f64c 
Dealt to 8c7f09a8 
Dealt to 67733b75 
Dealt to 79a02a96 
Dealt to Hero [Qc Ad]
Dealt to 9215ccbb 
Hero: raises $0.05 to $0.1
9215ccbb: calls $0.1
5893f64c: calls $0.1
8c7f09a8: folds
67733b75: folds
79a02a96: calls $0.05
*** FLOP *** [4s 9h Jd]
79a02a96: checks
Hero: checks
9215ccbb: checks
5893f64c: bets $0.14
79a02a96: folds
Hero: folds
9215ccbb: calls $0.14
*** TURN *** [4s 9h Jd] [7d]
9215ccbb: checks
5893f64c: checks
*** RIVER *** [4s 9h Jd 7d] [Qh]
9215ccbb: checks
5893f64c: checks
9215ccbb: shows [5d Ah] (Ace-High)
5893f64c: shows [Kd 9d] (Pair of Nines)
*** SHOWDOWN ***
5893f64c collected $0.67 from pot
*** SUMMARY ***
Total pot $0.7 | Rake $0.03 | Jackpot $0 | Bingo $0 | Fortune $0 | Tax $0
Board [4s 9h Jd 7d Qh]
Seat 1: 5893f64c showed [Kd 9d] and won ($0.67) with Pair of Nines
Seat 2: 8c7f09a8 (button) folded before Flop (didn't bet)
Seat 3: 67733b75 (small blind) folded before Flop
Seat 4: 79a02a96 (big blind) folded on the Flop
Seat 5: Hero folded on the Flop
Seat 6: 9215ccbb showed [5d Ah] and lost with Ace-High


Poker Hand #HD1730477691: Hold'em No Limit ($0.02/$0.05) - 2024/04/14 21:01:38
Table 'NLHBlue31' 6-max Seat #1 is the button
Seat 1: 5893f64c ($19.72 in chips)
Seat 2: 8c7f09a8 ($5.02 in chips)
Seat 3: 67733b75 ($5 in chips)
Seat 4: 79a02a96 ($3.48 in chips)
Seat 5: Hero ($6.26 in chips)
Seat 6: 9215ccbb ($10.28 in chips)
8c7f09a8: posts small blind $0.02
67733b75: posts big blind $0.05
*** HOLE CARDS ***
Dealt to 5893f64c 
Dealt to 8c7f09a8 
Dealt to 67733b75 
Dealt to 79a02a96 
Dealt to Hero [2d 6c]
Dealt to 9215ccbb 
79a02a96: raises $0.05 to $0.1
Hero: folds
9215ccbb: folds
5893f64c: folds
8c7f09a8: folds
67733b75: folds
Uncalled bet ($0.05) returned to 79a02a96
*** SHOWDOWN ***
79a02a96 collected $0.12 from pot
*** SUMMARY ***
Total pot $0.12 | Rake $0 | Jackpot $0 | Bingo $0 | Fortune $0 | Tax $0
Seat 1: 5893f64c (button) folded before Flop (didn't bet)
Seat 2: 8c7f09a8 (small blind) folded before Flop
Seat 3: 67733b75 (big blind) folded before Flop
Seat 4: 79a02a96 collected ($0.12)
Seat 5: Hero folded before Flop (didn't bet)
Seat 6: 9215ccbb folded before Flop (didn't bet)


Poker Hand #HD1730477611: Hold'em No Limit ($0.02/$0.05) - 2024/04/14 21:00:57
Table 'NLHBlue31' 6-max Seat #6 is the button
Seat 1: 5893f64c ($18.77 in chips)
Seat 2: 8c7f09a8 ($5.07 in chips)
Seat 3: 67733b75 ($5 in chips)
Seat 4: 79a02a96 ($4.53 in chips)
Seat 5: Hero ($6.26 in chips)
Seat 6: 9215ccbb ($10.28 in chips)
5893f64c: posts small blind $0.02
8c7f09a8: posts big blind $0.05
*** HOLE CARDS ***
Dealt to 5893f64c 
Dealt to 8c7f09a8 
Dealt to 67733b75 
Dealt to 79a02a96 
Dealt to Hero [3h As]
Dealt to 9215ccbb 
67733b75: folds
79a02a96: raises $0.1 to $0.15
Hero: folds
9215ccbb: folds
5893f64c: raises $0.47 to $0.62
8c7f09a8: folds
79a02a96: calls $0.47
*** FLOP *** [Qd Jd Js]
5893f64c: bets $0.43
79a02a96: calls $0.43
*** TURN *** [Qd Jd Js] [2s]
5893f64c: bets $1.42
79a02a96: folds
Uncalled bet ($1.42) returned to 5893f64c
*** SHOWDOWN ***
5893f64c collected $2 from pot
*** SUMMARY ***
Total pot $2.15 | Rake $0.1 | Jackpot $0.05 | Bingo $0 | Fortune $0 | Tax $0
Board [Qd Jd Js 2s]
Seat 1: 5893f64c (small blind) won ($2)
Seat 2: 8c7f09a8 (big blind) folded before Flop
Seat 3: 67733b75 folded before Flop (didn't bet)
Seat 4: 79a02a96 folded on the Turn
Seat 5: Hero folded before Flop (didn't bet)
Seat 6: 9215ccbb (button) folded before Flop (didn't bet)


Poker Hand #HD1730477478: Hold'em No Limit ($0.02/$0.05) - 2024/04/14 21:00:03
Table 'NLHBlue31' 6-max Seat #5 is the button
Seat 1: 5893f64c ($18.82 in chips)
Seat 2: 8c7f09a8 ($5.07 in chips)
Seat 3: 67733b75 ($5 in chips)
Seat 4: 79a02a96 ($4.93 in chips)
Seat 5: Hero ($6.66 in chips)
Seat 6: 9215ccbb ($9.16 in chips)
9215ccbb: posts small blind $0.02
5893f64c: posts big blind $0.05
*** HOLE CARDS ***
Dealt to 5893f64c 
Dealt to 8c7f09a8 
Dealt to 67733b75 
Dealt to 79a02a96 
Dealt to Hero [Kd Kh]
Dealt to 9215ccbb 
8c7f09a8: folds
67733b75: raises $0.05 to $0.1
79a02a96: calls $0.1
Hero: raises $0.3 to $0.4
9215ccbb: calls $0.38
5893f64c: folds
67733b75: calls $0.3
79a02a96: calls $0.3
*** FLOP *** [Th 4c Ad]
9215ccbb: bets $1.65
67733b75: folds
79a02a96: folds
Hero: folds
Uncalled bet ($1.65) returned to 9215ccbb
*** SHOWDOWN ***
9215ccbb collected $1.52 from pot
*** SUMMARY ***
Total pot $1.65 | Rake $0.08 | Jackpot $0.05 | Bingo $0 | Fortune $0 | Tax $0
Board [Th 4c Ad]
Seat 1: 5893f64c (big blind) folded before Flop
Seat 2: 8c7f09a8 folded before Flop (didn't bet)
Seat 3: 67733b75 folded on the Flop
Seat 4: 79a02a96 folded on the Flop
Seat 5: Hero (button) folded on the Flop
Seat 6: 9215ccbb (small blind) won ($1.52)


Poker Hand #HD1730477411: Hold'em No Limit ($0.02/$0.05) - 2024/04/14 20:59:35
Table 'NLHBlue31' 6-max Seat #4 is the button
Seat 1: 5893f64c ($18.82 in chips)
Seat 2: 8c7f09a8 ($5.07 in chips)
Seat 3: 67733b75 ($5 in chips)
Seat 4: 79a02a96 ($4.93 in chips)
Seat 5: Hero ($6.68 in chips)
Seat 6: 9215ccbb ($9.14 in chips)
Hero: posts small blind $0.02
9215ccbb: posts big blind $0.05
*** HOLE CARDS ***
Dealt to 5893f64c 
Dealt to 8c7f09a8 
Dealt to 67733b75 
Dealt to 79a02a96 
Dealt to Hero [2h 5s]
Dealt to 9215ccbb 
5893f64c: folds
8c7f09a8: folds
67733b75: folds
79a02a96: folds
Hero: folds
Uncalled bet ($0.03) returned to 9215ccbb
*** SHOWDOWN ***
9215ccbb collected $0.04 from pot
*** SUMMARY ***
Total pot $0.04 | Rake $0 | Jackpot $0 | Bingo $0 | Fortune $0 | Tax $0
Seat 1: 5893f64c folded before Flop (didn't bet)
Seat 2: 8c7f09a8 folded before Flop (didn't bet)
Seat 3: 67733b75 folded before Flop (didn't bet)
Seat 4: 79a02a96 (button) folded before Flop (didn't bet)
Seat 5: Hero (small blind) folded before Flop
Seat 6: 9215ccbb (big blind) collected ($0.04)


Poker Hand #HD1730477205: Hold'em No Limit ($0.02/$0.05) - 2024/04/14 20:58:03
Table 'NLHBlue31' 6-max Seat #3 is the button
Seat 1: 5893f64c ($11.78 in chips)
Seat 2: 8c7f09a8 ($5.07 in chips)
Seat 3: 67733b75 ($5.01 in chips)
Seat 4: 79a02a96 ($4.95 in chips)
Seat 5: Hero ($6.73 in chips)
Seat 6: 9215ccbb ($6.97 in chips)
79a02a96: posts small blind $0.02
Hero: posts big blind $0.05
*** HOLE CARDS ***
Dealt to 5893f64c 
Dealt to 8c7f09a8 
Dealt to 67733b75 
Dealt to 79a02a96 
Dealt to Hero [2h Kh]
Dealt to 9215ccbb 
9215ccbb: calls $0.05
5893f64c: raises $0.15 to $0.2
8c7f09a8: folds
67733b75: raises $0.35 to $0.55
79a02a96: folds
Hero: folds
9215ccbb: calls $0.5
5893f64c: calls $0.35
*** FLOP *** [5h 3d 7d]
9215ccbb: bets $6.42 and is all-in
5893f64c: calls $6.42
67733b75: folds
9215ccbb: shows [7s 8s] (Pair of Sevens)
5893f64c: shows [Ad Jd] (Ace-High)
*** TURN *** [5h 3d 7d] [Th]
*** RIVER *** [5h 3d 7d Th] [Js]
9215ccbb: Receives Cashout ($9.14)
*** SHOWDOWN ***
5893f64c collected $14.01 from pot
*** SUMMARY ***
Total pot $14.56 | Rake $0.5 | Jackpot $0.05 | Bingo $0 | Fortune $0 | Tax $0
Board [5h 3d 7d Th Js]
Seat 1: 5893f64c showed [Ad Jd] and won ($14.01) with Pair of Jacks
Seat 2: 8c7f09a8 folded before Flop (didn't bet)
Seat 3: 67733b75 (button) folded on the Flop
Seat 4: 79a02a96 (small blind) folded before Flop
Seat 5: Hero (big blind) folded before Flop
Seat 6: 9215ccbb showed [7s 8s] and lost with Pair of Sevens, EV Cashout ($9.14)


Poker Hand #HD1730477151: Hold'em No Limit ($0.02/$0.05) - 2024/04/14 20:57:39
Table 'NLHBlue31' 6-max Seat #2 is the button
Seat 1: 5893f64c ($11.78 in chips)
Seat 2: 8c7f09a8 ($5 in chips)
Seat 3: 67733b75 ($5.03 in chips)
Seat 4: 79a02a96 ($5 in chips)
Seat 5: Hero ($6.73 in chips)
Seat 6: 9215ccbb ($6.97 in chips)
67733b75: posts small blind $0.02
79a02a96: posts big blind $0.05
*** HOLE CARDS ***
Dealt to 5893f64c 
Dealt to 8c7f09a8 
Dealt to 67733b75 
Dealt to 79a02a96 
Dealt to Hero [7s 4s]
Dealt to 9215ccbb 
Hero: folds
9215ccbb: folds
5893f64c: folds
8c7f09a8: raises $0.08 to $0.13
67733b75: folds
79a02a96: folds
Uncalled bet ($0.08) returned to 8c7f09a8
*** SHOWDOWN ***
8c7f09a8 collected $0.12 from pot
*** SUMMARY ***
Total pot $0.12 | Rake $0 | Jackpot $0 | Bingo $0 | Fortune $0 | Tax $0
Seat 1: 5893f64c folded before Flop (didn't bet)
Seat 2: 8c7f09a8 (button) collected ($0.12)
Seat 3: 67733b75 (small blind) folded before Flop
Seat 4: 79a02a96 (big blind) folded before Flop
Seat 5: Hero folded before Flop (didn't bet)
Seat 6: 9215ccbb folded before Flop (didn't bet)


Poker Hand #HD1730477135: Hold'em No Limit ($0.02/$0.05) - 2024/04/14 20:57:32
Table 'NLHBlue31' 6-max Seat #1 is the button
Seat 1: 5893f64c ($11.78 in chips)
Seat 2: 8c7f09a8 ($5 in chips)
Seat 3: 67733b75 ($5.01 in chips)
Seat 5: Hero ($6.73 in chips)
Seat 6: 9215ccbb ($6.97 in chips)
8c7f09a8: posts small blind $0.02
67733b75: posts big blind $0.05
*** HOLE CARDS ***
Dealt to 5893f64c 
Dealt to 8c7f09a8 
Dealt to 67733b75 
Dealt to Hero [6c 5s]
Dealt to 9215ccbb 
Hero: folds
9215ccbb: folds
5893f64c: folds
8c7f09a8: folds
Uncalled bet ($0.03) returned to 67733b75
*** SHOWDOWN ***
67733b75 collected $0.04 from pot
*** SUMMARY ***
Total pot $0.04 | Rake $0 | Jackpot $0 | Bingo $0 | Fortune $0 | Tax $0
Seat 1: 5893f64c (button) folded before Flop (didn't bet)
Seat 2: 8c7f09a8 (small blind) folded before Flop
Seat 3: 67733b75 (big blind) collected ($0.04)
Seat 5: Hero folded before Flop (didn't bet)
Seat 6: 9215ccbb folded before Flop (didn't bet)


Poker Hand #HD1730477079: Hold'em No Limit ($0.02/$0.05) - 2024/04/14 20:57:04
Table 'NLHBlue31' 6-max Seat #6 is the button
Seat 1: 5893f64c ($11.8 in chips)
Seat 2: 8c7f09a8 ($5 in chips)
Seat 3: 67733b75 ($5.11 in chips)
Seat 5: Hero ($6.73 in chips)
Seat 6: 9215ccbb ($6.81 in chips)
5893f64c: posts small blind $0.02
8c7f09a8: posts big blind $0.05
*** HOLE CARDS ***
Dealt to 5893f64c 
Dealt to 8c7f09a8 
Dealt to 67733b75 
Dealt to Hero [8d Jc]
Dealt to 9215ccbb 
67733b75: raises $0.05 to $0.1
Hero: folds
9215ccbb: calls $0.1
5893f64c: folds
8c7f09a8: folds
*** FLOP *** [8s Ad 2s]
67733b75: checks
9215ccbb: bets $0.27
67733b75: folds
Uncalled bet ($0.27) returned to 9215ccbb
*** SHOWDOWN ***
9215ccbb collected $0.26 from pot
*** SUMMARY ***
Total pot $0.27 | Rake $0.01 | Jackpot $0 | Bingo $0 | Fortune $0 | Tax $0
Board [8s Ad 2s]
Seat 1: 5893f64c (small blind) folded before Flop
Seat 2: 8c7f09a8 (big blind) folded before Flop
Seat 3: 67733b75 folded on the Flop
Seat 5: Hero folded before Flop (didn't bet)
Seat 6: 9215ccbb (button) won ($0.26)


Poker Hand #HD1730477016: Hold'em No Limit ($0.02/$0.05) - 2024/04/14 20:56:39
Table 'NLHBlue31' 6-max Seat #5 is the button
Seat 1: 5893f64c ($11.9 in chips)
Seat 2: 8c7f09a8 ($5 in chips)
Seat 3: 67733b75 ($5 in chips)
Seat 5: Hero ($6.73 in chips)
Seat 6: 9215ccbb ($6.83 in chips)
9215ccbb: posts small blind $0.02
5893f64c: posts big blind $0.05
*** HOLE CARDS ***
Dealt to 5893f64c 
Dealt to 8c7f09a8 
Dealt to 67733b75 
Dealt to Hero [3c 5d]
Dealt to 9215ccbb 
8c7f09a8: folds
67733b75: raises $0.05 to $0.1
Hero: folds
9215ccbb: folds
5893f64c: calls $0.05
*** FLOP *** [3h 7d 5c]
5893f64c: checks
67733b75: bets $0.11
5893f64c: folds
Uncalled bet ($0.11) returned to 67733b75
*** SHOWDOWN ***
67733b75 collected $0.21 from pot
*** SUMMARY ***
Total pot $0.22 | Rake $0.01 | Jackpot $0 | Bingo $0 | Fortune $0 | Tax $0
Board [3h 7d 5c]
Seat 1: 5893f64c (big blind) folded on the Flop
Seat 2: 8c7f09a8 folded before Flop (didn't bet)
Seat 3: 67733b75 won ($0.21)
Seat 5: Hero (button) folded before Flop (didn't bet)
Seat 6: 9215ccbb (small blind) folded before Flop


Poker Hand #HD1730476926: Hold'em No Limit ($0.02/$0.05) - 2024/04/14 20:56:00
Table 'NLHBlue31' 6-max Seat #3 is the button
Seat 1: 5893f64c ($11.9 in chips)
Seat 2: 8c7f09a8 ($5 in chips)
Seat 3: 67733b75 ($5.18 in chips)
Seat 5: Hero ($6.75 in chips)
Seat 6: 9215ccbb ($6.44 in chips)
Hero: posts small blind $0.02
9215ccbb: posts big blind $0.05
*** HOLE CARDS ***
Dealt to 5893f64c 
Dealt to 8c7f09a8 
Dealt to 67733b75 
Dealt to Hero [8s Qd]
Dealt to 9215ccbb 
5893f64c: folds
8c7f09a8: folds
67733b75: raises $0.1 to $0.15
Hero: folds
9215ccbb: calls $0.1
*** FLOP *** [3d 7h As]
9215ccbb: checks
67733b75: bets $0.09
9215ccbb: calls $0.09
*** TURN *** [3d 7h As] [Tc]
9215ccbb: checks
67733b75: checks
*** RIVER *** [3d 7h As Tc] [5c]
9215ccbb: bets $0.17
67733b75: calls $0.17
9215ccbb: shows [Qh 7d] (Pair of Sevens)
67733b75: shows [4s 4h] (Pair of Fours)
*** SHOWDOWN ***
9215ccbb collected $0.8 from pot
*** SUMMARY ***
Total pot $0.84 | Rake $0.04 | Jackpot $0 | Bingo $0 | Fortune $0 | Tax $0
Board [3d 7h As Tc 5c]
Seat 1: 5893f64c folded before Flop (didn't bet)
Seat 2: 8c7f09a8 folded before Flop (didn't bet)
Seat 3: 67733b75 (button) showed [4s 4h] and lost with Pair of Fours
Seat 5: Hero (small blind) folded before Flop
Seat 6: 9215ccbb (big blind) showed [Qh 7d] and won ($0.8) with Pair of Sevens


Poker Hand #HD1730476881: Hold'em No Limit ($0.02/$0.05) - 2024/04/14 20:55:40
Table 'NLHBlue31' 6-max Seat #2 is the button
Seat 1: 5893f64c ($11.9 in chips)
Seat 2: 8c7f09a8 ($5 in chips)
Seat 3: 67733b75 ($5.2 in chips)
Seat 5: Hero ($6.8 in chips)
Seat 6: 9215ccbb ($6.37 in chips)
67733b75: posts small blind $0.02
Hero: posts big blind $0.05
*** HOLE CARDS ***
Dealt to 5893f64c 
Dealt to 8c7f09a8 
Dealt to 67733b75 
Dealt to Hero [2c Th]
Dealt to 9215ccbb 
9215ccbb: calls $0.05
5893f64c: folds
8c7f09a8: folds
67733b75: folds
Hero: checks
*** FLOP *** [Ks 7s As]
Hero: checks
9215ccbb: checks
*** TURN *** [Ks 7s As] [Kh]
Hero: checks
9215ccbb: bets $0.06
Hero: folds
Uncalled bet ($0.06) returned to 9215ccbb
*** SHOWDOWN ***
9215ccbb collected $0.12 from pot
*** SUMMARY ***
Total pot $0.12 | Rake $0 | Jackpot $0 | Bingo $0 | Fortune $0 | Tax $0
Board [Ks 7s As Kh]
Seat 1: 5893f64c folded before Flop (didn't bet)
Seat 2: 8c7f09a8 (button) folded before Flop (didn't bet)
Seat 3: 67733b75 (small blind) folded before Flop
Seat 5: Hero (big blind) folded on the Turn
Seat 6: 9215ccbb won ($0.12)


Poker Hand #HD1730476726: Hold'em No Limit ($0.02/$0.05) - 2024/04/14 20:54:33
Table 'NLHBlue31' 6-max Seat #1 is the button
Seat 1: 5893f64c ($11.9 in chips)
Seat 2: 8c7f09a8 ($5.14 in chips)
Seat 3: 67733b75 ($5 in chips)
Seat 4: 319f51e1 ($5.32 in chips)
Seat 5: Hero ($6.8 in chips)
Seat 6: 9215ccbb ($6.37 in chips)
8c7f09a8: posts small blind $0.02
67733b75: posts big blind $0.05
*** HOLE CARDS ***
Dealt to 5893f64c 
Dealt to 8c7f09a8 
Dealt to 67733b75 
Dealt to 319f51e1 
Dealt to Hero [8s Tc]
Dealt to 9215ccbb 
319f51e1: folds
Hero: folds
9215ccbb: folds
5893f64c: folds
8c7f09a8: raises $0.08 to $0.13
67733b75: calls $0.08
*** FLOP *** [Qs 6c 4h]
8c7f09a8: checks
67733b75: checks
*** TURN *** [Qs 6c 4h] [Jd]
8c7f09a8: checks
67733b75: bets $0.09
8c7f09a8: calls $0.09
*** RIVER *** [Qs 6c 4h Jd] [Kh]
8c7f09a8: checks
67733b75: checks
8c7f09a8: shows [2h 2d] (Pair of Twos)
67733b75: shows [Ts Jc] (Pair of Jacks)
*** SHOWDOWN ***
67733b75 collected $0.42 from pot
*** SUMMARY ***
Total pot $0.44 | Rake $0.02 | Jackpot $0 | Bingo $0 | Fortune $0 | Tax $0
Board [Qs 6c 4h Jd Kh]
Seat 1: 5893f64c (button) folded before Flop (didn't bet)
Seat 2: 8c7f09a8 (small blind) showed [2h 2d] and lost with Pair of Twos
Seat 3: 67733b75 (big blind) showed [Ts Jc] and won ($0.42) with Pair of Jacks
Seat 4: 319f51e1 folded before Flop (didn't bet)
Seat 5: Hero folded before Flop (didn't bet)
Seat 6: 9215ccbb folded before Flop (didn't bet)


Poker Hand #HD1730476692: Hold'em No Limit ($0.02/$0.05) - 2024/04/14 20:54:20
Table 'NLHBlue31' 6-max Seat #6 is the button
Seat 1: 5893f64c ($11.92 in chips)
Seat 2: 8c7f09a8 ($5.12 in chips)
Seat 4: 319f51e1 ($5.32 in chips)
Seat 5: Hero ($6.8 in chips)
Seat 6: 9215ccbb ($6.37 in chips)
5893f64c: posts small blind $0.02
8c7f09a8: posts big blind $0.05
*** HOLE CARDS ***
Dealt to 5893f64c 
Dealt to 8c7f09a8 
Dealt to 319f51e1 
Dealt to Hero [Qs 4h]
Dealt to 9215ccbb 
319f51e1: folds
Hero: folds
9215ccbb: folds
5893f64c: folds
Uncalled bet ($0.03) returned to 8c7f09a8
*** SHOWDOWN ***
8c7f09a8 collected $0.04 from pot
*** SUMMARY ***
Total pot $0.04 | Rake $0 | Jackpot $0 | Bingo $0 | Fortune $0 | Tax $0
Seat 1: 5893f64c (small blind) folded before Flop
Seat 2: 8c7f09a8 (big blind) collected ($0.04)
Seat 4: 319f51e1 folded before Flop (didn't bet)
Seat 5: Hero folded before Flop (didn't bet)
Seat 6: 9215ccbb (button) folded before Flop (didn't bet)


Poker Hand #HD1730476551: Hold'em No Limit ($0.02/$0.05) - 2024/04/14 20:53:15
Table 'NLHBlue31' 6-max Seat #5 is the button
Seat 1: 5893f64c ($11.31 in chips)
Seat 2: 8c7f09a8 ($5.12 in chips)
Seat 4: 319f51e1 ($5.32 in chips)
Seat 5: Hero ($6.8 in chips)
Seat 6: 9215ccbb ($7.04 in chips)
9215ccbb: posts small blind $0.02
5893f64c: posts big blind $0.05
*** HOLE CARDS ***
Dealt to 5893f64c 
Dealt to 8c7f09a8 
Dealt to 319f51e1 
Dealt to Hero [3s 7c]
Dealt to 9215ccbb 
8c7f09a8: folds
319f51e1: folds
Hero: folds
9215ccbb: raises $0.05 to $0.1
5893f64c: raises $0.3 to $0.4
9215ccbb: calls $0.3
*** FLOP *** [5c Ts 8c]
9215ccbb: bets $0.27
5893f64c: calls $0.27
*** TURN *** [5c Ts 8c] [3c]
9215ccbb: checks
5893f64c: checks
*** RIVER *** [5c Ts 8c 3c] [2d]
9215ccbb: checks
5893f64c: checks
9215ccbb: shows [7s 6s] (Ten-High)
5893f64c: shows [Ad Kh] (Ace-High)
*** SHOWDOWN ***
5893f64c collected $1.28 from pot
*** SUMMARY ***
Total pot $1.34 | Rake $0.06 | Jackpot $0 | Bingo $0 | Fortune $0 | Tax $0
Board [5c Ts 8c 3c 2d]
Seat 1: 5893f64c (big blind) showed [Ad Kh] and won ($1.28) with Ace-High
Seat 2: 8c7f09a8 folded before Flop (didn't bet)
Seat 4: 319f51e1 folded before Flop (didn't bet)
Seat 5: Hero (button) folded before Flop (didn't bet)
Seat 6: 9215ccbb (small blind) showed [7s 6s] and lost with Ten-High


Poker Hand #HD1730476530: Hold'em No Limit ($0.02/$0.05) - 2024/04/14 20:53:06
Table 'NLHBlue31' 6-max Seat #4 is the button
Seat 1: 5893f64c ($11.31 in chips)
Seat 2: 8c7f09a8 ($5.12 in chips)
Seat 4: 319f51e1 ($5.32 in chips)
Seat 5: Hero ($6.82 in chips)
Seat 6: 9215ccbb ($7.02 in chips)
Hero: posts small blind $0.02
9215ccbb: posts big blind $0.05
*** HOLE CARDS ***
Dealt to 5893f64c 
Dealt to 8c7f09a8 
Dealt to 319f51e1 
Dealt to Hero [6s 4d]
Dealt to 9215ccbb 
5893f64c: folds
8c7f09a8: folds
319f51e1: folds
Hero: folds
Uncalled bet ($0.03) returned to 9215ccbb
*** SHOWDOWN ***
9215ccbb collected $0.04 from pot
*** SUMMARY ***
Total pot $0.04 | Rake $0 | Jackpot $0 | Bingo $0 | Fortune $0 | Tax $0
Seat 1: 5893f64c folded before Flop (didn't bet)
Seat 2: 8c7f09a8 folded before Flop (didn't bet)
Seat 4: 319f51e1 (button) folded before Flop (didn't bet)
Seat 5: Hero (small blind) folded before Flop
Seat 6: 9215ccbb (big blind) collected ($0.04)


Poker Hand #HD1730476394: Hold'em No Limit ($0.02/$0.05) - 2024/04/14 20:52:07
Table 'NLHBlue31' 6-max Seat #2 is the button
Seat 1: 5893f64c ($11.31 in chips)
Seat 2: 8c7f09a8 ($5.12 in chips)
Seat 4: 319f51e1 ($5.34 in chips)
Seat 5: Hero ($5.38 in chips)
Seat 6: 9215ccbb ($8.65 in chips)
319f51e1: posts small blind $0.02
Hero: posts big blind $0.05
*** HOLE CARDS ***
Dealt to 5893f64c 
Dealt to 8c7f09a8 
Dealt to 319f51e1 
Dealt to Hero [9c Jc]
Dealt to 9215ccbb 
9215ccbb: calls $0.05
5893f64c: folds
8c7f09a8: folds
319f51e1: folds
Hero: raises $0.1 to $0.15
9215ccbb: calls $0.1
*** FLOP *** [4c 2d 9h]
Hero: bets $0.15
9215ccbb: calls $0.15
*** TURN *** [4c 2d 9h] [2c]
Hero: bets $0.35
9215ccbb: calls $0.35
*** RIVER *** [4c 2d 9h 2c] [Ac]
Hero: bets $0.98
9215ccbb: calls $0.98
Hero: shows [9c Jc] (Ace High Flush)
9215ccbb: shows [9s Kh] (Pair of Nines and Pair of Twos)
*** SHOWDOWN ***
Hero collected $3.07 from pot
*** SUMMARY ***
Total pot $3.28 | Rake $0.16 | Jackpot $0.05 | Bingo $0 | Fortune $0 | Tax $0
Board [4c 2d 9h 2c Ac]
Seat 1: 5893f64c folded before Flop (didn't bet)
Seat 2: 8c7f09a8 (button) folded before Flop (didn't bet)
Seat 4: 319f51e1 (small blind) folded before Flop
Seat 5: Hero (big blind) showed [9c Jc] and won ($3.07) with Ace High Flush
Seat 6: 9215ccbb showed [9s Kh] and lost with Pair of Nines and Pair of Twos


Poker Hand #HD1730476278: Hold'em No Limit ($0.02/$0.05) - 2024/04/14 20:51:16
Table 'NLHBlue31' 6-max Seat #1 is the button
Seat 1: 5893f64c ($11.31 in chips)
Seat 2: 8c7f09a8 ($5 in chips)
Seat 4: 319f51e1 ($5.47 in chips)
Seat 5: Hero ($5.38 in chips)
Seat 6: 9215ccbb ($8.65 in chips)
8c7f09a8: posts small blind $0.02
319f51e1: posts big blind $0.05
*** HOLE CARDS ***
Dealt to 5893f64c 
Dealt to 8c7f09a8 
Dealt to 319f51e1 
Dealt to Hero [Qs 7s]
Dealt to 9215ccbb 
Hero: folds
9215ccbb: folds
5893f64c: folds
8c7f09a8: raises $0.08 to $0.13
319f51e1: calls $0.08
*** FLOP *** [Kh 8c 3d]
8c7f09a8: checks
319f51e1: checks
*** TURN *** [Kh 8c 3d] [As]
8c7f09a8: bets $0.2
319f51e1: folds
Uncalled bet ($0.2) returned to 8c7f09a8
*** SHOWDOWN ***
8c7f09a8 collected $0.25 from pot
*** SUMMARY ***
Total pot $0.26 | Rake $0.01 | Jackpot $0 | Bingo $0 | Fortune $0 | Tax $0
Board [Kh 8c 3d As]
Seat 1: 5893f64c (button) folded before Flop (didn't bet)
Seat 2: 8c7f09a8 (small blind) won ($0.25)
Seat 4: 319f51e1 (big blind) folded on the Turn
Seat 5: Hero folded before Flop (didn't bet)
Seat 6: 9215ccbb folded before Flop (didn't bet)


Poker Hand #HD1730476214: Hold'em No Limit ($0.02/$0.05) - 2024/04/14 20:50:47
Table 'NLHBlue31' 6-max Seat #6 is the button
Seat 1: 5893f64c ($11.33 in chips)
Seat 2: 8c7f09a8 ($5.05 in chips)
Seat 3: ee2c9fc3 ($6.07 in chips)
Seat 4: 319f51e1 ($5.47 in chips)
Seat 5: Hero ($5.38 in chips)
Seat 6: 9215ccbb ($8.58 in chips)
5893f64c: posts small blind $0.02
8c7f09a8: posts big blind $0.05
*** HOLE CARDS ***
Dealt to 5893f64c 
Dealt to 8c7f09a8 
Dealt to ee2c9fc3 
Dealt to 319f51e1 
Dealt to Hero [Qd 7c]
Dealt to 9215ccbb 
ee2c9fc3: folds
319f51e1: folds
Hero: folds
9215ccbb: calls $0.05
5893f64c: folds
8c7f09a8: checks
*** FLOP *** [2h Ts 8s]
8c7f09a8: checks
9215ccbb: bets $0.12
8c7f09a8: folds
Uncalled bet ($0.12) returned to 9215ccbb
*** SHOWDOWN ***
9215ccbb collected $0.12 from pot
*** SUMMARY ***
Total pot $0.12 | Rake $0 | Jackpot $0 | Bingo $0 | Fortune $0 | Tax $0
Board [2h Ts 8s]
Seat 1: 5893f64c (small blind) folded before Flop
Seat 2: 8c7f09a8 (big blind) folded on the Flop
Seat 3: ee2c9fc3 folded before Flop (didn't bet)
Seat 4: 319f51e1 folded before Flop (didn't bet)
Seat 5: Hero folded before Flop (didn't bet)
Seat 6: 9215ccbb (button) won ($0.12)


Poker Hand #HD1730476165: Hold'em No Limit ($0.02/$0.05) - 2024/04/14 20:50:26
Table 'NLHBlue31' 6-max Seat #5 is the button
Seat 1: 5893f64c ($11.38 in chips)
Seat 2: 8c7f09a8 ($5.05 in chips)
Seat 3: ee2c9fc3 ($6.07 in chips)
Seat 4: 319f51e1 ($5.47 in chips)
Seat 5: Hero ($5.31 in chips)
Seat 6: 9215ccbb ($8.6 in chips)
9215ccbb: posts small blind $0.02
5893f64c: posts big blind $0.05
*** HOLE CARDS ***
Dealt to 5893f64c 
Dealt to 8c7f09a8 
Dealt to ee2c9fc3 
Dealt to 319f51e1 
Dealt to Hero [8s Ks]
Dealt to 9215ccbb 
8c7f09a8: folds
ee2c9fc3: folds
319f51e1: folds
Hero: raises $0.07 to $0.12
9215ccbb: folds
5893f64c: folds
Uncalled bet ($0.07) returned to Hero
*** SHOWDOWN ***
Hero collected $0.12 from pot
*** SUMMARY ***
Total pot $0.12 | Rake $0 | Jackpot $0 | Bingo $0 | Fortune $0 | Tax $0
Seat 1: 5893f64c (big blind) folded before Flop
Seat 2: 8c7f09a8 folded before Flop (didn't bet)
Seat 3: ee2c9fc3 folded before Flop (didn't bet)
Seat 4: 319f51e1 folded before Flop (didn't bet)
Seat 5: Hero (button) collected ($0.12)
Seat 6: 9215ccbb (small blind) folded before Flop


Poker Hand #HD1730476140: Hold'em No Limit ($0.02/$0.05) - 2024/04/14 20:50:15
Table 'NLHBlue31' 6-max Seat #4 is the button
Seat 1: 5893f64c ($11.38 in chips)
Seat 2: 8c7f09a8 ($5.05 in chips)
Seat 3: ee2c9fc3 ($6.07 in chips)
Seat 4: 319f51e1 ($5.47 in chips)
Seat 5: Hero ($5.33 in chips)
Seat 6: 9215ccbb ($8.58 in chips)
Hero: posts small blind $0.02
9215ccbb: posts big blind $0.05
*** HOLE CARDS ***
Dealt to 5893f64c 
Dealt to 8c7f09a8 
Dealt to ee2c9fc3 
Dealt to 319f51e1 
Dealt to Hero [6h Ks]
Dealt to 9215ccbb 
5893f64c: folds
8c7f09a8: folds
ee2c9fc3: folds
319f51e1: folds
Hero: folds
Uncalled bet ($0.03) returned to 9215ccbb
*** SHOWDOWN ***
9215ccbb collected $0.04 from pot
*** SUMMARY ***
Total pot $0.04 | Rake $0 | Jackpot $0 | Bingo $0 | Fortune $0 | Tax $0
Seat 1: 5893f64c folded before Flop (didn't bet)
Seat 2: 8c7f09a8 folded before Flop (didn't bet)
Seat 3: ee2c9fc3 folded before Flop (didn't bet)
Seat 4: 319f51e1 (button) folded before Flop (didn't bet)
Seat 5: Hero (small blind) folded before Flop
Seat 6: 9215ccbb (big blind) collected ($0.04)


Poker Hand #HD1730476015: Hold'em No Limit ($0.02/$0.05) - 2024/04/14 20:49:23
Table 'NLHBlue31' 6-max Seat #3 is the button
Seat 1: 5893f64c ($11.38 in chips)
Seat 2: 8c7f09a8 ($5.05 in chips)
Seat 3: ee2c9fc3 ($5.8 in chips)
Seat 4: 319f51e1 ($5.49 in chips)
Seat 5: Hero ($5.6 in chips)
Seat 6: 9215ccbb ($8.58 in chips)
319f51e1: posts small blind $0.02
Hero: posts big blind $0.05
*** HOLE CARDS ***
Dealt to 5893f64c 
Dealt to 8c7f09a8 
Dealt to ee2c9fc3 
Dealt to 319f51e1 
Dealt to Hero [Th As]
Dealt to 9215ccbb 
9215ccbb: folds
5893f64c: folds
8c7f09a8: folds
ee2c9fc3: raises $0.08 to $0.13
319f51e1: folds
Hero: calls $0.08
*** FLOP *** [6d Jd Kc]
Hero: checks
ee2c9fc3: bets $0.14
Hero: calls $0.14
*** TURN *** [6d Jd Kc] [6s]
Hero: checks
ee2c9fc3: bets $0.42
Hero: folds
Uncalled bet ($0.42) returned to ee2c9fc3
*** SHOWDOWN ***
ee2c9fc3 collected $0.54 from pot
*** SUMMARY ***
Total pot $0.56 | Rake $0.02 | Jackpot $0 | Bingo $0 | Fortune $0 | Tax $0
Board [6d Jd Kc 6s]
Seat 1: 5893f64c folded before Flop (didn't bet)
Seat 2: 8c7f09a8 folded before Flop (didn't bet)
Seat 3: ee2c9fc3 (button) won ($0.54)
Seat 4: 319f51e1 (small blind) folded before Flop
Seat 5: Hero (big blind) folded on the Turn
Seat 6: 9215ccbb folded before Flop (didn't bet)


Poker Hand #HD1730475973: Hold'em No Limit ($0.02/$0.05) - 2024/04/14 20:49:05
Table 'NLHBlue31' 6-max Seat #2 is the button
Seat 1: 5893f64c ($11.38 in chips)
Seat 2: 8c7f09a8 ($5.05 in chips)
Seat 3: ee2c9fc3 ($5.82 in chips)
Seat 4: 319f51e1 ($5.54 in chips)
Seat 5: Hero ($5.53 in chips)
Seat 6: 9215ccbb ($8.58 in chips)
ee2c9fc3: posts small blind $0.02
319f51e1: posts big blind $0.05
*** HOLE CARDS ***
Dealt to 5893f64c 
Dealt to 8c7f09a8 
Dealt to ee2c9fc3 
Dealt to 319f51e1 
Dealt to Hero [Ad Ks]
Dealt to 9215ccbb 
Hero: raises $0.05 to $0.1
9215ccbb: folds
5893f64c: folds
8c7f09a8: folds
ee2c9fc3: folds
319f51e1: folds
Uncalled bet ($0.05) returned to Hero
*** SHOWDOWN ***
Hero collected $0.12 from pot
*** SUMMARY ***
Total pot $0.12 | Rake $0 | Jackpot $0 | Bingo $0 | Fortune $0 | Tax $0
Seat 1: 5893f64c folded before Flop (didn't bet)
Seat 2: 8c7f09a8 (button) folded before Flop (didn't bet)
Seat 3: ee2c9fc3 (small blind) folded before Flop
Seat 4: 319f51e1 (big blind) folded before Flop
Seat 5: Hero collected ($0.12)
Seat 6: 9215ccbb folded before Flop (didn't bet)


Poker Hand #HD1730475865: Hold'em No Limit ($0.02/$0.05) - 2024/04/14 20:48:09
Table 'NLHBlue31' 6-max Seat #1 is the button
Seat 1: 5893f64c ($11.38 in chips)
Seat 2: 8c7f09a8 ($5.07 in chips)
Seat 3: ee2c9fc3 ($6.07 in chips)
Seat 4: 319f51e1 ($5.54 in chips)
Seat 5: Hero ($5.28 in chips)
Seat 6: 9215ccbb ($8.58 in chips)
8c7f09a8: posts small blind $0.02
ee2c9fc3: posts big blind $0.05
*** HOLE CARDS ***
Dealt to 5893f64c 
Dealt to 8c7f09a8 
Dealt to ee2c9fc3 
Dealt to 319f51e1 
Dealt to Hero [9c 9d]
Dealt to 9215ccbb 
319f51e1: folds
Hero: raises $0.05 to $0.1
9215ccbb: folds
5893f64c: folds
8c7f09a8: folds
ee2c9fc3: calls $0.05
*** FLOP *** [6c 9h Jd]
ee2c9fc3: checks
Hero: bets $0.15
ee2c9fc3: calls $0.15
*** TURN *** [6c 9h Jd] [Js]
ee2c9fc3: checks
Hero: bets $0.3
ee2c9fc3: folds
Uncalled bet ($0.3) returned to Hero
*** SHOWDOWN ***
Hero collected $0.5 from pot
*** SUMMARY ***
Total pot $0.52 | Rake $0.02 | Jackpot $0 | Bingo $0 | Fortune $0 | Tax $0
Board [6c 9h Jd Js]
Seat 1: 5893f64c (button) folded before Flop (didn't bet)
Seat 2: 8c7f09a8 (small blind) folded before Flop
Seat 3: ee2c9fc3 (big blind) folded on the Turn
Seat 4: 319f51e1 folded before Flop (didn't bet)
Seat 5: Hero won ($0.5)
Seat 6: 9215ccbb folded before Flop (didn't bet)


Poker Hand #HD1730475798: Hold'em No Limit ($0.02/$0.05) - 2024/04/14 20:47:39
Table 'NLHBlue31' 6-max Seat #6 is the button
Seat 1: 5893f64c ($11.4 in chips)
Seat 2: 8c7f09a8 ($5 in chips)
Seat 3: ee2c9fc3 ($6.07 in chips)
Seat 4: 319f51e1 ($5.54 in chips)
Seat 5: Hero ($5.28 in chips)
Seat 6: 9215ccbb ($8.63 in chips)
5893f64c: posts small blind $0.02
8c7f09a8: posts big blind $0.05
*** HOLE CARDS ***
Dealt to 5893f64c 
Dealt to 8c7f09a8 
Dealt to ee2c9fc3 
Dealt to 319f51e1 
Dealt to Hero [9h 5h]
Dealt to 9215ccbb 
ee2c9fc3: folds
319f51e1: folds
Hero: folds
9215ccbb: calls $0.05
5893f64c: folds
8c7f09a8: checks
*** FLOP *** [Kh 7d Js]
8c7f09a8: checks
9215ccbb: checks
*** TURN *** [Kh 7d Js] [Jh]
8c7f09a8: bets $0.15
9215ccbb: folds
Uncalled bet ($0.15) returned to 8c7f09a8
*** SHOWDOWN ***
8c7f09a8 collected $0.12 from pot
*** SUMMARY ***
Total pot $0.12 | Rake $0 | Jackpot $0 | Bingo $0 | Fortune $0 | Tax $0
Board [Kh 7d Js Jh]
Seat 1: 5893f64c (small blind) folded before Flop
Seat 2: 8c7f09a8 (big blind) won ($0.12)
Seat 3: ee2c9fc3 folded before Flop (didn't bet)
Seat 4: 319f51e1 folded before Flop (didn't bet)
Seat 5: Hero folded before Flop (didn't bet)
Seat 6: 9215ccbb (button) folded on the Turn


Poker Hand #HD1730475721: Hold'em No Limit ($0.02/$0.05) - 2024/04/14 20:47:03
Table 'NLHBlue31' 6-max Seat #5 is the button
Seat 1: 5893f64c ($11.5 in chips)
Seat 2: 8c7f09a8 ($5 in chips)
Seat 3: ee2c9fc3 ($6.07 in chips)
Seat 4: 319f51e1 ($5.54 in chips)
Seat 5: Hero ($5.28 in chips)
Seat 6: 9215ccbb ($8.54 in chips)
9215ccbb: posts small blind $0.02
5893f64c: posts big blind $0.05
*** HOLE CARDS ***
Dealt to 5893f64c 
Dealt to 8c7f09a8 
Dealt to ee2c9fc3 
Dealt to 319f51e1 
Dealt to Hero [3s Kd]
Dealt to 9215ccbb 
8c7f09a8: folds
ee2c9fc3: folds
319f51e1: folds
Hero: folds
9215ccbb: calls $0.03
5893f64c: checks
*** FLOP *** [Kh 9h 6c]
9215ccbb: checks
5893f64c: checks
*** TURN *** [Kh 9h 6c] [Jc]
9215ccbb: checks
5893f64c: checks
*** RIVER *** [Kh 9h 6c Jc] [Qh]
9215ccbb: bets $0.05
5893f64c: calls $0.05
9215ccbb: shows [Qd As] (Pair of Queens)
5893f64c: shows [8c 6h] (Pair of Sixes)
*** SHOWDOWN ***
9215ccbb collected $0.19 from pot
*** SUMMARY ***
Total pot $0.2 | Rake $0.01 | Jackpot $0 | Bingo $0 | Fortune $0 | Tax $0
Board [Kh 9h 6c Jc Qh]
Seat 1: 5893f64c (big blind) showed [8c 6h] and lost with Pair of Sixes
Seat 2: 8c7f09a8 folded before Flop (didn't bet)
Seat 3: ee2c9fc3 folded before Flop (didn't bet)
Seat 4: 319f51e1 folded before Flop (didn't bet)
Seat 5: Hero (button) folded before Flop (didn't bet)
Seat 6: 9215ccbb (small blind) showed [Qd As] and won ($0.19) with Pair of Queens


Poker Hand #HD1730375563: Hold'em No Limit ($0.02/$0.05) - 2024/04/14 20:45:42
Table 'NLHBlue31' 6-max Seat #4 is the button
Seat 1: 5893f64c ($11.5 in chips)
Seat 2: 8c7f09a8 ($5 in chips)
Seat 3: ee2c9fc3 ($5.84 in chips)
Seat 4: 319f51e1 ($5.54 in chips)
Seat 5: Hero ($5.3 in chips)
Seat 6: 9215ccbb ($8.77 in chips)
Hero: posts small blind $0.02
9215ccbb: posts big blind $0.05
*** HOLE CARDS ***
Dealt to 5893f64c 
Dealt to 8c7f09a8 
Dealt to ee2c9fc3 
Dealt to 319f51e1 
Dealt to Hero [7d 5h]
Dealt to 9215ccbb 
5893f64c: folds
8c7f09a8: folds
ee2c9fc3: raises $0.08 to $0.13
319f51e1: folds
Hero: folds
9215ccbb: calls $0.08
*** FLOP *** [3h 6c Qc]
9215ccbb: checks
ee2c9fc3: checks
*** TURN *** [3h 6c Qc] [Ac]
9215ccbb: bets $0.1
ee2c9fc3: calls $0.1
*** RIVER *** [3h 6c Qc Ac] [Kc]
9215ccbb: checks
ee2c9fc3: checks
9215ccbb: shows [6s 8d] (Pair of Sixes)
ee2c9fc3: shows [Ah 8s] (Pair of Aces)
*** SHOWDOWN ***
ee2c9fc3 collected $0.46 from pot
*** SUMMARY ***
Total pot $0.48 | Rake $0.02 | Jackpot $0 | Bingo $0 | Fortune $0 | Tax $0
Board [3h 6c Qc Ac Kc]
Seat 1: 5893f64c folded before Flop (didn't bet)
Seat 2: 8c7f09a8 folded before Flop (didn't bet)
Seat 3: ee2c9fc3 showed [Ah 8s] and won ($0.46) with Pair of Aces
Seat 4: 319f51e1 (button) folded before Flop (didn't bet)
Seat 5: Hero (small blind) folded before Flop
Seat 6: 9215ccbb (big blind) showed [6s 8d] and lost with Pair of Sixes


Poker Hand #HD1730375465: Hold'em No Limit ($0.02/$0.05) - 2024/04/14 20:44:58
Table 'NLHBlue31' 6-max Seat #3 is the button
Seat 1: 5893f64c ($11.5 in chips)
Seat 2: 8c7f09a8 ($5 in chips)
Seat 3: ee2c9fc3 ($5.54 in chips)
Seat 4: 319f51e1 ($5.56 in chips)
Seat 5: Hero ($5.35 in chips)
Seat 6: 9215ccbb ($9.02 in chips)
319f51e1: posts small blind $0.02
Hero: posts big blind $0.05
*** HOLE CARDS ***
Dealt to 5893f64c 
Dealt to 8c7f09a8 
Dealt to ee2c9fc3 
Dealt to 319f51e1 
Dealt to Hero [7c Jh]
Dealt to 9215ccbb 
9215ccbb: calls $0.05
5893f64c: folds
8c7f09a8: folds
ee2c9fc3: raises $0.2 to $0.25
319f51e1: folds
Hero: folds
9215ccbb: calls $0.2
*** FLOP *** [As 3c 6s]
9215ccbb: checks
ee2c9fc3: checks
*** TURN *** [As 3c 6s] [9h]
9215ccbb: checks
ee2c9fc3: bets $0.29
9215ccbb: folds
Uncalled bet ($0.29) returned to ee2c9fc3
*** SHOWDOWN ***
ee2c9fc3 collected $0.55 from pot
*** SUMMARY ***
Total pot $0.57 | Rake $0.02 | Jackpot $0 | Bingo $0 | Fortune $0 | Tax $0
Board [As 3c 6s 9h]
Seat 1: 5893f64c folded before Flop (didn't bet)
Seat 2: 8c7f09a8 folded before Flop (didn't bet)
Seat 3: ee2c9fc3 (button) won ($0.55)
Seat 4: 319f51e1 (small blind) folded before Flop
Seat 5: Hero (big blind) folded before Flop
Seat 6: 9215ccbb folded on the Turn


Poker Hand #HD1730375370: Hold'em No Limit ($0.02/$0.05) - 2024/04/14 20:44:14
Table 'NLHBlue31' 6-max Seat #2 is the button
Seat 1: 5893f64c ($10.59 in chips)
Seat 2: 8c7f09a8 ($5 in chips)
Seat 3: ee2c9fc3 ($5.56 in chips)
Seat 4: 319f51e1 ($5.61 in chips)
Seat 5: Hero ($5.35 in chips)
Seat 6: 9215ccbb ($10 in chips)
ee2c9fc3: posts small blind $0.02
319f51e1: posts big blind $0.05
*** HOLE CARDS ***
Dealt to 5893f64c 
Dealt to 8c7f09a8 
Dealt to ee2c9fc3 
Dealt to 319f51e1 
Dealt to Hero [5c 2h]
Dealt to 9215ccbb 
Hero: folds
9215ccbb: raises $0.05 to $0.1
5893f64c: calls $0.1
8c7f09a8: folds
ee2c9fc3: folds
319f51e1: folds
*** FLOP *** [4d 8s 7c]
9215ccbb: bets $0.27
5893f64c: calls $0.27
*** TURN *** [4d 8s 7c] [Jd]
9215ccbb: checks
5893f64c: checks
*** RIVER *** [4d 8s 7c Jd] [6h]
9215ccbb: checks
5893f64c: bets $0.61
9215ccbb: calls $0.61
5893f64c: shows [5s Ac] (Eights-High Straight)
9215ccbb: shows [Tc Th] (Pair of Tens)
*** SHOWDOWN ***
5893f64c collected $1.89 from pot
*** SUMMARY ***
Total pot $2.03 | Rake $0.09 | Jackpot $0.05 | Bingo $0 | Fortune $0 | Tax $0
Board [4d 8s 7c Jd 6h]
Seat 1: 5893f64c showed [5s Ac] and won ($1.89) with Eights-High Straight
Seat 2: 8c7f09a8 (button) folded before Flop (didn't bet)
Seat 3: ee2c9fc3 (small blind) folded before Flop
Seat 4: 319f51e1 (big blind) folded before Flop
Seat 5: Hero folded before Flop (didn't bet)
Seat 6: 9215ccbb showed [Tc Th] and lost with Pair of Tens


Poker Hand #HD1730375284: Hold'em No Limit ($0.02/$0.05) - 2024/04/14 20:43:31
Table 'NLHBlue31' 6-max Seat #1 is the button
Seat 1: 5893f64c ($10.69 in chips)
Seat 2: 8c7f09a8 ($5.02 in chips)
Seat 3: ee2c9fc3 ($5.61 in chips)
Seat 4: 319f51e1 ($5.61 in chips)
Seat 5: Hero ($5.45 in chips)
Seat 6: 9215ccbb ($9.74 in chips)
8c7f09a8: posts small blind $0.02
ee2c9fc3: posts big blind $0.05
*** HOLE CARDS ***
Dealt to 5893f64c 
Dealt to 8c7f09a8 
Dealt to ee2c9fc3 
Dealt to 319f51e1 
Dealt to Hero [8c 7c]
Dealt to 9215ccbb 
319f51e1: folds
Hero: raises $0.05 to $0.1
9215ccbb: calls $0.1
5893f64c: calls $0.1
8c7f09a8: folds
ee2c9fc3: folds
*** FLOP *** [Th Kc Ah]
Hero: checks
9215ccbb: checks
5893f64c: checks
*** TURN *** [Th Kc Ah] [4s]
Hero: checks
9215ccbb: checks
5893f64c: checks
*** RIVER *** [Th Kc Ah 4s] [As]
Hero: checks
9215ccbb: bets $0.13
5893f64c: folds
Hero: folds
Uncalled bet ($0.13) returned to 9215ccbb
*** SHOWDOWN ***
9215ccbb collected $0.36 from pot
*** SUMMARY ***
Total pot $0.37 | Rake $0.01 | Jackpot $0 | Bingo $0 | Fortune $0 | Tax $0
Board [Th Kc Ah 4s As]
Seat 1: 5893f64c (button) folded on the River
Seat 2: 8c7f09a8 (small blind) folded before Flop
Seat 3: ee2c9fc3 (big blind) folded before Flop
Seat 4: 319f51e1 folded before Flop (didn't bet)
Seat 5: Hero folded on the River
Seat 6: 9215ccbb won ($0.36)


Poker Hand #HD1730375254: Hold'em No Limit ($0.02/$0.05) - 2024/04/14 20:43:18
Table 'NLHBlue31' 6-max Seat #6 is the button
Seat 1: 5893f64c ($10.71 in chips)
Seat 2: 8c7f09a8 ($5 in chips)
Seat 3: ee2c9fc3 ($5.61 in chips)
Seat 4: 319f51e1 ($5.61 in chips)
Seat 5: Hero ($5.45 in chips)
Seat 6: 9215ccbb ($9.74 in chips)
5893f64c: posts small blind $0.02
8c7f09a8: posts big blind $0.05
*** HOLE CARDS ***
Dealt to 5893f64c 
Dealt to 8c7f09a8 
Dealt to ee2c9fc3 
Dealt to 319f51e1 
Dealt to Hero [4s Jd]
Dealt to 9215ccbb 
ee2c9fc3: folds
319f51e1: folds
Hero: folds
9215ccbb: folds
5893f64c: folds
Uncalled bet ($0.03) returned to 8c7f09a8
*** SHOWDOWN ***
8c7f09a8 collected $0.04 from pot
*** SUMMARY ***
Total pot $0.04 | Rake $0 | Jackpot $0 | Bingo $0 | Fortune $0 | Tax $0
Seat 1: 5893f64c (small blind) folded before Flop
Seat 2: 8c7f09a8 (big blind) collected ($0.04)
Seat 3: ee2c9fc3 folded before Flop (didn't bet)
Seat 4: 319f51e1 folded before Flop (didn't bet)
Seat 5: Hero folded before Flop (didn't bet)
Seat 6: 9215ccbb (button) folded before Flop (didn't bet)


Poker Hand #HD1730375163: Hold'em No Limit ($0.02/$0.05) - 2024/04/14 20:42:35
Table 'NLHBlue31' 6-max Seat #5 is the button
Seat 1: 5893f64c ($10.98 in chips)
Seat 2: 8c7f09a8 ($5 in chips)
Seat 3: ee2c9fc3 ($5.34 in chips)
Seat 4: 319f51e1 ($5.61 in chips)
Seat 5: Hero ($5.45 in chips)
Seat 6: 9215ccbb ($9.76 in chips)
9215ccbb: posts small blind $0.02
5893f64c: posts big blind $0.05
*** HOLE CARDS ***
Dealt to 5893f64c 
Dealt to 8c7f09a8 
Dealt to ee2c9fc3 
Dealt to 319f51e1 
Dealt to Hero [Js 2c]
Dealt to 9215ccbb 
8c7f09a8: folds
ee2c9fc3: raises $0.08 to $0.13
319f51e1: folds
Hero: folds
9215ccbb: folds
5893f64c: calls $0.08
*** FLOP *** [4c Ac Kh]
5893f64c: checks
ee2c9fc3: checks
*** TURN *** [4c Ac Kh] [9s]
5893f64c: checks
ee2c9fc3: checks
*** RIVER *** [4c Ac Kh 9s] [9d]
5893f64c: bets $0.14
ee2c9fc3: raises $0.84 to $0.98
5893f64c: folds
Uncalled bet ($0.84) returned to ee2c9fc3
*** SHOWDOWN ***
ee2c9fc3 collected $0.54 from pot
*** SUMMARY ***
Total pot $0.56 | Rake $0.02 | Jackpot $0 | Bingo $0 | Fortune $0 | Tax $0
Board [4c Ac Kh 9s 9d]
Seat 1: 5893f64c (big blind) folded on the River
Seat 2: 8c7f09a8 folded before Flop (didn't bet)
Seat 3: ee2c9fc3 won ($0.54)
Seat 4: 319f51e1 folded before Flop (didn't bet)
Seat 5: Hero (button) folded before Flop (didn't bet)
Seat 6: 9215ccbb (small blind) folded before Flop


Poker Hand #HD1730375087: Hold'em No Limit ($0.02/$0.05) - 2024/04/14 20:42:00
Table 'NLHBlue31' 6-max Seat #4 is the button
Seat 1: 5893f64c ($10.56 in chips)
Seat 2: 8c7f09a8 ($5 in chips)
Seat 3: ee2c9fc3 ($5.34 in chips)
Seat 4: 319f51e1 ($5.61 in chips)
Seat 5: Hero ($5.47 in chips)
Seat 6: 9215ccbb ($10.2 in chips)
Hero: posts small blind $0.02
9215ccbb: posts big blind $0.05
*** HOLE CARDS ***
Dealt to 5893f64c 
Dealt to 8c7f09a8 
Dealt to ee2c9fc3 
Dealt to 319f51e1 
Dealt to Hero [9h Ks]
Dealt to 9215ccbb 
5893f64c: raises $0.1 to $0.15
8c7f09a8: folds
ee2c9fc3: folds
319f51e1: folds
Hero: folds
9215ccbb: calls $0.1
*** FLOP *** [5c 9c 8h]
9215ccbb: bets $0.11
5893f64c: calls $0.11
*** TURN *** [5c 9c 8h] [Ts]
9215ccbb: checks
5893f64c: checks
*** RIVER *** [5c 9c 8h Ts] [Kh]
9215ccbb: bets $0.18
5893f64c: calls $0.18
9215ccbb: shows [8c 7s] (Pair of Eights)
5893f64c: shows [6d Kd] (Pair of Kings)
*** SHOWDOWN ***
5893f64c collected $0.86 from pot
*** SUMMARY ***
Total pot $0.9 | Rake $0.04 | Jackpot $0 | Bingo $0 | Fortune $0 | Tax $0
Board [5c 9c 8h Ts Kh]
Seat 1: 5893f64c showed [6d Kd] and won ($0.86) with Pair of Kings
Seat 2: 8c7f09a8 folded before Flop (didn't bet)
Seat 3: ee2c9fc3 folded before Flop (didn't bet)
Seat 4: 319f51e1 (button) folded before Flop (didn't bet)
Seat 5: Hero (small blind) folded before Flop
Seat 6: 9215ccbb (big blind) showed [8c 7s] and lost with Pair of Eights


Poker Hand #HD1730375030: Hold'em No Limit ($0.02/$0.05) - 2024/04/14 20:41:33
Table 'NLHBlue31' 6-max Seat #3 is the button
Seat 1: 5893f64c ($10.56 in chips)
Seat 2: 8c7f09a8 ($5 in chips)
Seat 3: ee2c9fc3 ($5 in chips)
Seat 4: 319f51e1 ($5.63 in chips)
Seat 5: Hero ($5.52 in chips)
Seat 6: 9215ccbb ($10.25 in chips)
319f51e1: posts small blind $0.02
Hero: posts big blind $0.05
*** HOLE CARDS ***
Dealt to 5893f64c 
Dealt to 8c7f09a8 
Dealt to ee2c9fc3 
Dealt to 319f51e1 
Dealt to Hero [7d 6s]
Dealt to 9215ccbb 
9215ccbb: calls $0.05
5893f64c: folds
8c7f09a8: raises $0.2 to $0.25
ee2c9fc3: raises $0.55 to $0.8
319f51e1: folds
Hero: folds
9215ccbb: folds
8c7f09a8: folds
Uncalled bet ($0.55) returned to ee2c9fc3
*** SHOWDOWN ***
ee2c9fc3 collected $0.59 from pot
*** SUMMARY ***
Total pot $0.62 | Rake $0.03 | Jackpot $0 | Bingo $0 | Fortune $0 | Tax $0
Seat 1: 5893f64c folded before Flop (didn't bet)
Seat 2: 8c7f09a8 folded before Flop
Seat 3: ee2c9fc3 (button) collected ($0.59)
Seat 4: 319f51e1 (small blind) folded before Flop
Seat 5: Hero (big blind) folded before Flop
Seat 6: 9215ccbb folded before Flop


Poker Hand #HD1730374934: Hold'em No Limit ($0.02/$0.05) - 2024/04/14 20:40:51
Table 'NLHBlue31' 6-max Seat #2 is the button
Seat 1: 5893f64c ($10.49 in chips)
Seat 2: 8c7f09a8 ($5 in chips)
Seat 3: ee2c9fc3 ($5 in chips)
Seat 4: 319f51e1 ($5.68 in chips)
Seat 5: Hero ($5.52 in chips)
Seat 6: 9215ccbb ($10.25 in chips)
ee2c9fc3: posts small blind $0.02
319f51e1: posts big blind $0.05
*** HOLE CARDS ***
Dealt to 5893f64c 
Dealt to 8c7f09a8 
Dealt to ee2c9fc3 
Dealt to 319f51e1 
Dealt to Hero [8c 5s]
Dealt to 9215ccbb 
Hero: folds
9215ccbb: folds
5893f64c: raises $0.1 to $0.15
8c7f09a8: folds
ee2c9fc3: folds
319f51e1: folds
Uncalled bet ($0.1) returned to 5893f64c
*** SHOWDOWN ***
5893f64c collected $0.12 from pot
*** SUMMARY ***
Total pot $0.12 | Rake $0 | Jackpot $0 | Bingo $0 | Fortune $0 | Tax $0
Seat 1: 5893f64c collected ($0.12)
Seat 2: 8c7f09a8 (button) folded before Flop (didn't bet)
Seat 3: ee2c9fc3 (small blind) folded before Flop
Seat 4: 319f51e1 (big blind) folded before Flop
Seat 5: Hero folded before Flop (didn't bet)
Seat 6: 9215ccbb folded before Flop (didn't bet)


Poker Hand #HD1730374803: Hold'em No Limit ($0.02/$0.05) - 2024/04/14 20:39:52
Table 'NLHBlue31' 6-max Seat #1 is the button
Seat 1: 5893f64c ($10.63 in chips)
Seat 2: 8c7f09a8 ($5 in chips)
Seat 3: ee2c9fc3 ($5.02 in chips)
Seat 4: 319f51e1 ($5.68 in chips)
Seat 5: Hero ($5.52 in chips)
Seat 6: 9215ccbb ($10.05 in chips)
8c7f09a8: posts small blind $0.02
ee2c9fc3: posts big blind $0.05
*** HOLE CARDS ***
Dealt to 5893f64c 
Dealt to 8c7f09a8 
Dealt to ee2c9fc3 
Dealt to 319f51e1 
Dealt to Hero [Qd 7c]
Dealt to 9215ccbb 
319f51e1: folds
Hero: folds
9215ccbb: calls $0.05
5893f64c: calls $0.05
8c7f09a8: folds
ee2c9fc3: checks
*** FLOP *** [2c 9s 3d]
ee2c9fc3: checks
9215ccbb: checks
5893f64c: bets $0.09
ee2c9fc3: folds
9215ccbb: calls $0.09
*** TURN *** [2c 9s 3d] [8s]
9215ccbb: checks
5893f64c: checks
*** RIVER *** [2c 9s 3d 8s] [4c]
9215ccbb: checks
5893f64c: checks
9215ccbb: shows [Ac 3s] (Pair of Treys)
5893f64c: shows [6c 3c] (Pair of Treys)
*** SHOWDOWN ***
9215ccbb collected $0.34 from pot
*** SUMMARY ***
Total pot $0.35 | Rake $0.01 | Jackpot $0 | Bingo $0 | Fortune $0 | Tax $0
Board [2c 9s 3d 8s 4c]
Seat 1: 5893f64c (button) showed [6c 3c] and lost with Pair of Treys
Seat 2: 8c7f09a8 (small blind) folded before Flop
Seat 3: ee2c9fc3 (big blind) folded on the Flop
Seat 4: 319f51e1 folded before Flop (didn't bet)
Seat 5: Hero folded before Flop (didn't bet)
Seat 6: 9215ccbb showed [Ac 3s] and won ($0.34) with Pair of Treys


Poker Hand #HD1730374715: Hold'em No Limit ($0.02/$0.05) - 2024/04/14 20:39:15
Table 'NLHBlue31' 6-max Seat #6 is the button
Seat 1: 5893f64c ($10.68 in chips)
Seat 2: 8c7f09a8 ($5 in chips)
Seat 3: ee2c9fc3 ($5.02 in chips)
Seat 4: 319f51e1 ($5.68 in chips)
Seat 5: Hero ($5.52 in chips)
Seat 6: 9215ccbb ($9.95 in chips)
5893f64c: posts small blind $0.02
8c7f09a8: posts big blind $0.05
*** HOLE CARDS ***
Dealt to 5893f64c 
Dealt to 8c7f09a8 
Dealt to ee2c9fc3 
Dealt to 319f51e1 
Dealt to Hero [3c Jc]
Dealt to 9215ccbb 
ee2c9fc3: folds
319f51e1: folds
Hero: folds
9215ccbb: calls $0.05
5893f64c: calls $0.03
8c7f09a8: checks
*** FLOP *** [Td Ks 6d]
5893f64c: checks
8c7f09a8: checks
9215ccbb: bets $0.15
5893f64c: folds
8c7f09a8: folds
Uncalled bet ($0.15) returned to 9215ccbb
*** SHOWDOWN ***
9215ccbb collected $0.15 from pot
*** SUMMARY ***
Total pot $0.15 | Rake $0 | Jackpot $0 | Bingo $0 | Fortune $0 | Tax $0
Board [Td Ks 6d]
Seat 1: 5893f64c (small blind) folded on the Flop
Seat 2: 8c7f09a8 (big blind) folded on the Flop
Seat 3: ee2c9fc3 folded before Flop (didn't bet)
Seat 4: 319f51e1 folded before Flop (didn't bet)
Seat 5: Hero folded before Flop (didn't bet)
Seat 6: 9215ccbb (button) won ($0.15)


Poker Hand #HD1730374577: Hold'em No Limit ($0.02/$0.05) - 2024/04/14 20:38:13
Table 'NLHBlue31' 6-max Seat #5 is the button
Seat 1: 5893f64c ($15.49 in chips)
Seat 2: 8c7f09a8 ($5 in chips)
Seat 3: ee2c9fc3 ($5.15 in chips)
Seat 4: 319f51e1 ($5.68 in chips)
Seat 5: Hero ($5.52 in chips)
Seat 6: 9215ccbb ($5.54 in chips)
9215ccbb: posts small blind $0.02
5893f64c: posts big blind $0.05
*** HOLE CARDS ***
Dealt to 5893f64c 
Dealt to 8c7f09a8 
Dealt to ee2c9fc3 
Dealt to 319f51e1 
Dealt to Hero [4s 6c]
Dealt to 9215ccbb 
8c7f09a8: folds
ee2c9fc3: raises $0.08 to $0.13
319f51e1: folds
Hero: folds
9215ccbb: calls $0.11
5893f64c: calls $0.08
*** FLOP *** [3s Kd 8h]
9215ccbb: bets $0.13
5893f64c: calls $0.13
ee2c9fc3: folds
*** TURN *** [3s Kd 8h] [8s]
9215ccbb: bets $0.65
5893f64c: raises $0.65 to $1.3
9215ccbb: calls $0.65
*** RIVER *** [3s Kd 8h 8s] [Ks]
9215ccbb: bets $3.25
5893f64c: calls $3.25
9215ccbb: shows [Jh Kc] (Kings Full over Eights)
5893f64c: shows [8d 6h] (Eights Full over Kings)
*** SHOWDOWN ***
9215ccbb collected $9.22 from pot
*** SUMMARY ***
Total pot $9.75 | Rake $0.48 | Jackpot $0.05 | Bingo $0 | Fortune $0 | Tax $0
Board [3s Kd 8h 8s Ks]
Seat 1: 5893f64c (big blind) showed [8d 6h] and lost with Eights Full over Kings
Seat 2: 8c7f09a8 folded before Flop (didn't bet)
Seat 3: ee2c9fc3 folded on the Flop
Seat 4: 319f51e1 folded before Flop (didn't bet)
Seat 5: Hero (button) folded before Flop (didn't bet)
Seat 6: 9215ccbb (small blind) showed [Jh Kc] and won ($9.22) with Kings Full over Eights


Poker Hand #HD1730374556: Hold'em No Limit ($0.02/$0.05) - 2024/04/14 20:38:05
Table 'NLHBlue31' 6-max Seat #4 is the button
Seat 1: 5893f64c ($15.49 in chips)
Seat 2: 8c7f09a8 ($5 in chips)
Seat 3: ee2c9fc3 ($5.15 in chips)
Seat 4: 319f51e1 ($5.68 in chips)
Seat 5: Hero ($5.54 in chips)
Seat 6: 9215ccbb ($5.52 in chips)
Hero: posts small blind $0.02
9215ccbb: posts big blind $0.05
*** HOLE CARDS ***
Dealt to 5893f64c 
Dealt to 8c7f09a8 
Dealt to ee2c9fc3 
Dealt to 319f51e1 
Dealt to Hero [8c Th]
Dealt to 9215ccbb 
5893f64c: folds
8c7f09a8: folds
ee2c9fc3: folds
319f51e1: folds
Hero: folds
Uncalled bet ($0.03) returned to 9215ccbb
*** SHOWDOWN ***
9215ccbb collected $0.04 from pot
*** SUMMARY ***
Total pot $0.04 | Rake $0 | Jackpot $0 | Bingo $0 | Fortune $0 | Tax $0
Seat 1: 5893f64c folded before Flop (didn't bet)
Seat 2: 8c7f09a8 folded before Flop (didn't bet)
Seat 3: ee2c9fc3 folded before Flop (didn't bet)
Seat 4: 319f51e1 (button) folded before Flop (didn't bet)
Seat 5: Hero (small blind) folded before Flop
Seat 6: 9215ccbb (big blind) collected ($0.04)


Poker Hand #HD1730374279: Hold'em No Limit ($0.02/$0.05) - 2024/04/14 20:35:50
Table 'NLHBlue31' 6-max Seat #3 is the button
Seat 1: 5893f64c ($10.68 in chips)
Seat 2: 8c7f09a8 ($5.29 in chips)
Seat 3: ee2c9fc3 ($5.15 in chips)
Seat 4: 319f51e1 ($5.7 in chips)
Seat 5: Hero ($5.59 in chips)
Seat 6: 9215ccbb ($5.52 in chips)
319f51e1: posts small blind $0.02
Hero: posts big blind $0.05
*** HOLE CARDS ***
Dealt to 5893f64c 
Dealt to 8c7f09a8 
Dealt to ee2c9fc3 
Dealt to 319f51e1 
Dealt to Hero [Kh 4d]
Dealt to 9215ccbb 
9215ccbb: folds
5893f64c: raises $0.1 to $0.15
8c7f09a8: raises $0.2 to $0.35
ee2c9fc3: folds
319f51e1: folds
Hero: folds
5893f64c: calls $0.2
*** FLOP *** [5c Td 8s]
5893f64c: checks
8c7f09a8: bets $0.4
5893f64c: raises $0.6 to $1
8c7f09a8: calls $0.6
*** TURN *** [5c Td 8s] [8h]
5893f64c: bets $0.97
8c7f09a8: calls $0.97
*** RIVER *** [5c Td 8s 8h] [7s]
5893f64c: bets $3.54
8c7f09a8: calls $2.97 and is all-in
Uncalled bet ($0.57) returned to 5893f64c
5893f64c: shows [Tc Ts] (Tens Full over Eights)
8c7f09a8: shows [As Ac] (Pair of Aces and Pair of Eights)
*** SHOWDOWN ***
5893f64c collected $10.1 from pot
*** SUMMARY ***
Total pot $10.65 | Rake $0.5 | Jackpot $0.05 | Bingo $0 | Fortune $0 | Tax $0
Board [5c Td 8s 8h 7s]
Seat 1: 5893f64c showed [Tc Ts] and won ($10.1) with Tens Full over Eights
Seat 2: 8c7f09a8 showed [As Ac] and lost with Pair of Aces and Pair of Eights
Seat 3: ee2c9fc3 (button) folded before Flop (didn't bet)
Seat 4: 319f51e1 (small blind) folded before Flop
Seat 5: Hero (big blind) folded before Flop
Seat 6: 9215ccbb folded before Flop (didn't bet)


Poker Hand #HD1730374240: Hold'em No Limit ($0.02/$0.05) - 2024/04/14 20:35:31
Table 'NLHBlue31' 6-max Seat #2 is the button
Seat 1: 5893f64c ($10.68 in chips)
Seat 2: 8c7f09a8 ($5.29 in chips)
Seat 3: ee2c9fc3 ($5.17 in chips)
Seat 4: 319f51e1 ($5.68 in chips)
Seat 5: Hero ($5.59 in chips)
Seat 6: 9215ccbb ($5.52 in chips)
ee2c9fc3: posts small blind $0.02
319f51e1: posts big blind $0.05
*** HOLE CARDS ***
Dealt to 5893f64c 
Dealt to 8c7f09a8 
Dealt to ee2c9fc3 
Dealt to 319f51e1 
Dealt to Hero [6d Ah]
Dealt to 9215ccbb 
Hero: folds
9215ccbb: folds
5893f64c: folds
8c7f09a8: folds
ee2c9fc3: folds
Uncalled bet ($0.03) returned to 319f51e1
*** SHOWDOWN ***
319f51e1 collected $0.04 from pot
*** SUMMARY ***
Total pot $0.04 | Rake $0 | Jackpot $0 | Bingo $0 | Fortune $0 | Tax $0
Seat 1: 5893f64c folded before Flop (didn't bet)
Seat 2: 8c7f09a8 (button) folded before Flop (didn't bet)
Seat 3: ee2c9fc3 (small blind) folded before Flop
Seat 4: 319f51e1 (big blind) collected ($0.04)
Seat 5: Hero folded before Flop (didn't bet)
Seat 6: 9215ccbb folded before Flop (didn't bet)


Poker Hand #HD1730374148: Hold'em No Limit ($0.02/$0.05) - 2024/04/14 20:34:50
Table 'NLHBlue31' 6-max Seat #1 is the button
Seat 1: 5893f64c ($10.68 in chips)
Seat 2: 8c7f09a8 ($5.31 in chips)
Seat 3: ee2c9fc3 ($5.1 in chips)
Seat 4: 319f51e1 ($5.68 in chips)
Seat 5: Hero ($5.59 in chips)
Seat 6: 9215ccbb ($5.57 in chips)
8c7f09a8: posts small blind $0.02
ee2c9fc3: posts big blind $0.05
*** HOLE CARDS ***
Dealt to 5893f64c 
Dealt to 8c7f09a8 
Dealt to ee2c9fc3 
Dealt to 319f51e1 
Dealt to Hero [5h 3s]
Dealt to 9215ccbb 
319f51e1: folds
Hero: folds
9215ccbb: calls $0.05
5893f64c: folds
8c7f09a8: folds
ee2c9fc3: checks
*** FLOP *** [Jh Kh 5s]
ee2c9fc3: checks
9215ccbb: checks
*** TURN *** [Jh Kh 5s] [Ah]
ee2c9fc3: checks
9215ccbb: checks
*** RIVER *** [Jh Kh 5s Ah] [Qc]
ee2c9fc3: checks
9215ccbb: checks
ee2c9fc3: shows [5d Qs] (Pair of Queens and Pair of Fives)
9215ccbb: shows [Jc 9s] (Pair of Jacks)
*** SHOWDOWN ***
ee2c9fc3 collected $0.12 from pot
*** SUMMARY ***
Total pot $0.12 | Rake $0 | Jackpot $0 | Bingo $0 | Fortune $0 | Tax $0
Board [Jh Kh 5s Ah Qc]
Seat 1: 5893f64c (button) folded before Flop (didn't bet)
Seat 2: 8c7f09a8 (small blind) folded before Flop
Seat 3: ee2c9fc3 (big blind) showed [5d Qs] and won ($0.12) with Pair of Queens and Pair of Fives
Seat 4: 319f51e1 folded before Flop (didn't bet)
Seat 5: Hero folded before Flop (didn't bet)
Seat 6: 9215ccbb showed [Jc 9s] and lost with Pair of Jacks


Poker Hand #HD1730374031: Hold'em No Limit ($0.02/$0.05) - 2024/04/14 20:33:51
Table 'NLHBlue31' 6-max Seat #6 is the button
Seat 1: 5893f64c ($10.7 in chips)
Seat 2: 8c7f09a8 ($5.36 in chips)
Seat 3: ee2c9fc3 ($5.1 in chips)
Seat 4: 319f51e1 ($5 in chips)
Seat 5: Hero ($5.59 in chips)
Seat 6: 9215ccbb ($6.25 in chips)
5893f64c: posts small blind $0.02
8c7f09a8: posts big blind $0.05
*** HOLE CARDS ***
Dealt to 5893f64c 
Dealt to 8c7f09a8 
Dealt to ee2c9fc3 
Dealt to 319f51e1 
Dealt to Hero [5c 8c]
Dealt to 9215ccbb 
ee2c9fc3: folds
319f51e1: raises $0.08 to $0.13
Hero: folds
9215ccbb: calls $0.13
5893f64c: folds
8c7f09a8: folds
*** FLOP *** [3h 6h Ts]
319f51e1: bets $0.2
9215ccbb: calls $0.2
*** TURN *** [3h 6h Ts] [2c]
319f51e1: bets $0.35
9215ccbb: calls $0.35
*** RIVER *** [3h 6h Ts 2c] [Qc]
319f51e1: checks
9215ccbb: checks
319f51e1: shows [Ks Th] (Pair of Tens)
9215ccbb: shows [4s 7s] (Queen-High)
*** SHOWDOWN ***
319f51e1 collected $1.36 from pot
*** SUMMARY ***
Total pot $1.43 | Rake $0.07 | Jackpot $0 | Bingo $0 | Fortune $0 | Tax $0
Board [3h 6h Ts 2c Qc]
Seat 1: 5893f64c (small blind) folded before Flop
Seat 2: 8c7f09a8 (big blind) folded before Flop
Seat 3: ee2c9fc3 folded before Flop (didn't bet)
Seat 4: 319f51e1 showed [Ks Th] and won ($1.36) with Pair of Tens
Seat 5: Hero folded before Flop (didn't bet)
Seat 6: 9215ccbb (button) showed [4s 7s] and lost with Queen-High


Poker Hand #HD1730373933: Hold'em No Limit ($0.02/$0.05) - 2024/04/14 20:33:07
Table 'NLHBlue31' 6-max Seat #5 is the button
Seat 1: 5893f64c ($10.83 in chips)
Seat 2: 8c7f09a8 ($5 in chips)
Seat 3: ee2c9fc3 ($5.1 in chips)
Seat 4: 319f51e1 ($5 in chips)
Seat 5: Hero ($5.59 in chips)
Seat 6: 9215ccbb ($6.51 in chips)
9215ccbb: posts small blind $0.02
5893f64c: posts big blind $0.05
*** HOLE CARDS ***
Dealt to 5893f64c 
Dealt to 8c7f09a8 
Dealt to ee2c9fc3 
Dealt to 319f51e1 
Dealt to Hero [6d 8d]
Dealt to 9215ccbb 
8c7f09a8: raises $0.08 to $0.13
ee2c9fc3: folds
319f51e1: folds
Hero: folds
9215ccbb: calls $0.11
5893f64c: calls $0.08
*** FLOP *** [4d 8s 8h]
9215ccbb: checks
5893f64c: checks
8c7f09a8: checks
*** TURN *** [4d 8s 8h] [4c]
9215ccbb: checks
5893f64c: checks
8c7f09a8: checks
*** RIVER *** [4d 8s 8h 4c] [7h]
9215ccbb: bets $0.13
5893f64c: folds
8c7f09a8: calls $0.13
9215ccbb: shows [Ah 6c] (Pair of Eights and Pair of Fours)
8c7f09a8: shows [6h 6s] (Pair of Eights and Pair of Sixes)
*** SHOWDOWN ***
8c7f09a8 collected $0.62 from pot
*** SUMMARY ***
Total pot $0.65 | Rake $0.03 | Jackpot $0 | Bingo $0 | Fortune $0 | Tax $0
Board [4d 8s 8h 4c 7h]
Seat 1: 5893f64c (big blind) folded on the River
Seat 2: 8c7f09a8 showed [6h 6s] and won ($0.62) with Pair of Eights and Pair of Sixes
Seat 3: ee2c9fc3 folded before Flop (didn't bet)
Seat 4: 319f51e1 folded before Flop (didn't bet)
Seat 5: Hero (button) folded before Flop (didn't bet)
Seat 6: 9215ccbb (small blind) showed [Ah 6c] and lost with Pair of Eights and Pair of Fours


Poker Hand #HD1730373768: Hold'em No Limit ($0.02/$0.05) - 2024/04/14 20:31:45
Table 'NLHBlue31' 6-max Seat #4 is the button
Seat 1: 5893f64c ($10.83 in chips)
Seat 2: 8c7f09a8 ($5 in chips)
Seat 3: ee2c9fc3 ($5.1 in chips)
Seat 4: 319f51e1 ($5 in chips)
Seat 5: Hero ($5.61 in chips)
Seat 6: 9215ccbb ($6.24 in chips)
Hero: posts small blind $0.02
9215ccbb: posts big blind $0.05
*** HOLE CARDS ***
Dealt to 5893f64c 
Dealt to 8c7f09a8 
Dealt to ee2c9fc3 
Dealt to 319f51e1 
Dealt to Hero [2h Jd]
Dealt to 9215ccbb 
5893f64c: folds
8c7f09a8: raises $0.08 to $0.13
ee2c9fc3: folds
319f51e1: folds
Hero: folds
9215ccbb: calls $0.08
*** FLOP *** [Qs Td 7h]
9215ccbb: checks
8c7f09a8: checks
*** TURN *** [Qs Td 7h] [Kd]
9215ccbb: bets $0.14
8c7f09a8: calls $0.14
*** RIVER *** [Qs Td 7h Kd] [5c]
9215ccbb: bets $0.56
8c7f09a8: folds
Uncalled bet ($0.56) returned to 9215ccbb
*** SHOWDOWN ***
9215ccbb collected $0.54 from pot
*** SUMMARY ***
Total pot $0.56 | Rake $0.02 | Jackpot $0 | Bingo $0 | Fortune $0 | Tax $0
Board [Qs Td 7h Kd 5c]
Seat 1: 5893f64c folded before Flop (didn't bet)
Seat 2: 8c7f09a8 folded on the River
Seat 3: ee2c9fc3 folded before Flop (didn't bet)
Seat 4: 319f51e1 (button) folded before Flop (didn't bet)
Seat 5: Hero (small blind) folded before Flop
Seat 6: 9215ccbb (big blind) won ($0.54)


Poker Hand #HD1730373745: Hold'em No Limit ($0.02/$0.05) - 2024/04/14 20:31:34
Table 'NLHBlue31' 6-max Seat #3 is the button
Seat 1: 5893f64c ($10.83 in chips)
Seat 2: 8c7f09a8 ($5 in chips)
Seat 3: ee2c9fc3 ($5.03 in chips)
Seat 4: 319f51e1 ($5 in chips)
Seat 5: Hero ($5.66 in chips)
Seat 6: 9215ccbb ($6.24 in chips)
319f51e1: posts small blind $0.02
Hero: posts big blind $0.05
*** HOLE CARDS ***
Dealt to 5893f64c 
Dealt to 8c7f09a8 
Dealt to ee2c9fc3 
Dealt to 319f51e1 
Dealt to Hero [5h 4s]
Dealt to 9215ccbb 
9215ccbb: folds
5893f64c: folds
8c7f09a8: folds
ee2c9fc3: raises $0.08 to $0.13
319f51e1: folds
Hero: folds
Uncalled bet ($0.08) returned to ee2c9fc3
*** SHOWDOWN ***
ee2c9fc3 collected $0.12 from pot
*** SUMMARY ***
Total pot $0.12 | Rake $0 | Jackpot $0 | Bingo $0 | Fortune $0 | Tax $0
Seat 1: 5893f64c folded before Flop (didn't bet)
Seat 2: 8c7f09a8 folded before Flop (didn't bet)
Seat 3: ee2c9fc3 (button) collected ($0.12)
Seat 4: 319f51e1 (small blind) folded before Flop
Seat 5: Hero (big blind) folded before Flop
Seat 6: 9215ccbb folded before Flop (didn't bet)


Poker Hand #HD1730373604: Hold'em No Limit ($0.02/$0.05) - 2024/04/14 20:30:27
Table 'NLHBlue31' 6-max Seat #2 is the button
Seat 1: 5893f64c ($10.83 in chips)
Seat 2: 8c7f09a8 ($5 in chips)
Seat 3: ee2c9fc3 ($5.05 in chips)
Seat 4: 319f51e1 ($5.04 in chips)
Seat 5: Hero ($5.36 in chips)
Seat 6: 9215ccbb ($6.44 in chips)
ee2c9fc3: posts small blind $0.02
319f51e1: posts big blind $0.05
*** HOLE CARDS ***
Dealt to 5893f64c 
Dealt to 8c7f09a8 
Dealt to ee2c9fc3 
Dealt to 319f51e1 
Dealt to Hero [2s As]
Dealt to 9215ccbb 
Hero: raises $0.05 to $0.1
9215ccbb: calls $0.1
5893f64c: folds
8c7f09a8: folds
ee2c9fc3: folds
319f51e1: calls $0.05
*** FLOP *** [9h 4s 9d]
319f51e1: checks
Hero: checks
9215ccbb: checks
*** TURN *** [9h 4s 9d] [2d]
319f51e1: checks
Hero: bets $0.1
9215ccbb: calls $0.1
319f51e1: folds
*** RIVER *** [9h 4s 9d 2d] [8s]
Hero: checks
9215ccbb: checks
Hero: shows [2s As] (Pair of Nines and Pair of Twos)
9215ccbb: shows [5c Ah] (Pair of Nines)
*** SHOWDOWN ***
Hero collected $0.5 from pot
*** SUMMARY ***
Total pot $0.52 | Rake $0.02 | Jackpot $0 | Bingo $0 | Fortune $0 | Tax $0
Board [9h 4s 9d 2d 8s]
Seat 1: 5893f64c folded before Flop (didn't bet)
Seat 2: 8c7f09a8 (button) folded before Flop (didn't bet)
Seat 3: ee2c9fc3 (small blind) folded before Flop
Seat 4: 319f51e1 (big blind) folded on the Turn
Seat 5: Hero showed [2s As] and won ($0.5) with Pair of Nines and Pair of Twos
Seat 6: 9215ccbb showed [5c Ah] and lost with Pair of Nines


Poker Hand #HD1730373496: Hold'em No Limit ($0.02/$0.05) - 2024/04/14 20:29:40
Table 'NLHBlue31' 6-max Seat #1 is the button
Seat 1: 5893f64c ($10.83 in chips)
Seat 2: 8c7f09a8 ($5 in chips)
Seat 3: ee2c9fc3 ($5.1 in chips)
Seat 4: 319f51e1 ($5.04 in chips)
Seat 5: Hero ($5 in chips)
Seat 6: 9215ccbb ($6.76 in chips)
8c7f09a8: posts small blind $0.02
ee2c9fc3: posts big blind $0.05
*** HOLE CARDS ***
Dealt to 5893f64c 
Dealt to 8c7f09a8 
Dealt to ee2c9fc3 
Dealt to 319f51e1 
Dealt to Hero [Ad Qs]
Dealt to 9215ccbb 
319f51e1: folds
Hero: raises $0.07 to $0.12
9215ccbb: calls $0.12
5893f64c: folds
8c7f09a8: folds
ee2c9fc3: folds
*** FLOP *** [6h 6s Jc]
Hero: checks
9215ccbb: checks
*** TURN *** [6h 6s Jc] [Tc]
Hero: bets $0.2
9215ccbb: calls $0.2
*** RIVER *** [6h 6s Jc Tc] [Qd]
Hero: bets $0.45
9215ccbb: folds
Uncalled bet ($0.45) returned to Hero
*** SHOWDOWN ***
Hero collected $0.68 from pot
*** SUMMARY ***
Total pot $0.71 | Rake $0.03 | Jackpot $0 | Bingo $0 | Fortune $0 | Tax $0
Board [6h 6s Jc Tc Qd]
Seat 1: 5893f64c (button) folded before Flop (didn't bet)
Seat 2: 8c7f09a8 (small blind) folded before Flop
Seat 3: ee2c9fc3 (big blind) folded before Flop
Seat 4: 319f51e1 folded before Flop (didn't bet)
Seat 5: Hero won ($0.68)
Seat 6: 9215ccbb folded on the River


Poker Hand #HD1730373460: Hold'em No Limit ($0.02/$0.05) - 2024/04/14 20:29:21
Table 'NLHBlue31' 6-max Seat #6 is the button
Seat 1: 5893f64c ($10.85 in chips)
Seat 2: 8c7f09a8 ($5 in chips)
Seat 3: ee2c9fc3 ($5.1 in chips)
Seat 4: 319f51e1 ($5.17 in chips)
Seat 5: Hero ($5 in chips)
Seat 6: 9215ccbb ($6.57 in chips)
5893f64c: posts small blind $0.02
8c7f09a8: posts big blind $0.05
*** HOLE CARDS ***
Dealt to 5893f64c 
Dealt to 8c7f09a8 
Dealt to ee2c9fc3 
Dealt to 319f51e1 
Dealt to Hero [8c 9d]
Dealt to 9215ccbb 
ee2c9fc3: folds
319f51e1: raises $0.08 to $0.13
Hero: folds
9215ccbb: raises $0.25 to $0.38
5893f64c: folds
8c7f09a8: folds
319f51e1: folds
Uncalled bet ($0.25) returned to 9215ccbb
9215ccbb: shows [Kc Kd]
*** SHOWDOWN ***
9215ccbb collected $0.32 from pot
*** SUMMARY ***
Total pot $0.33 | Rake $0.01 | Jackpot $0 | Bingo $0 | Fortune $0 | Tax $0
Seat 1: 5893f64c (small blind) folded before Flop
Seat 2: 8c7f09a8 (big blind) folded before Flop
Seat 3: ee2c9fc3 folded before Flop (didn't bet)
Seat 4: 319f51e1 folded before Flop
Seat 5: Hero folded before Flop (didn't bet)
Seat 6: 9215ccbb (button) showed [Kc Kd] and collected ($0.32)


Poker Hand #HD1730373430: Hold'em No Limit ($0.02/$0.05) - 2024/04/14 20:29:08
Table 'NLHBlue31' 6-max Seat #5 is the button
Seat 1: 5893f64c ($10.83 in chips)
Seat 3: ee2c9fc3 ($5.1 in chips)
Seat 4: 319f51e1 ($5.17 in chips)
Seat 5: Hero ($5 in chips)
Seat 6: 9215ccbb ($6.59 in chips)
9215ccbb: posts small blind $0.02
5893f64c: posts big blind $0.05
*** HOLE CARDS ***
Dealt to 5893f64c 
Dealt to ee2c9fc3 
Dealt to 319f51e1 
Dealt to Hero [3h 5c]
Dealt to 9215ccbb 
ee2c9fc3: folds
319f51e1: folds
Hero: folds
9215ccbb: folds
Uncalled bet ($0.03) returned to 5893f64c
*** SHOWDOWN ***
5893f64c collected $0.04 from pot
*** SUMMARY ***
Total pot $0.04 | Rake $0 | Jackpot $0 | Bingo $0 | Fortune $0 | Tax $0
Seat 1: 5893f64c (big blind) collected ($0.04)
Seat 3: ee2c9fc3 folded before Flop (didn't bet)
Seat 4: 319f51e1 folded before Flop (didn't bet)
Seat 5: Hero (button) folded before Flop (didn't bet)
Seat 6: 9215ccbb (small blind) folded before Flop


Poker Hand #HD1730373415: Hold'em No Limit ($0.02/$0.05) - 2024/04/14 20:29:01
Table 'NLHBlue31' 6-max Seat #4 is the button
Seat 1: 5893f64c ($10.83 in chips)
Seat 3: ee2c9fc3 ($5.1 in chips)
Seat 4: 319f51e1 ($5.17 in chips)
Seat 5: Hero ($5 in chips)
Seat 6: 9215ccbb ($6.57 in chips)
Hero: posts small blind $0.02
9215ccbb: posts big blind $0.05
*** HOLE CARDS ***
Dealt to 5893f64c 
Dealt to ee2c9fc3 
Dealt to 319f51e1 
Dealt to Hero [7s 4c]
Dealt to 9215ccbb 
5893f64c: folds
ee2c9fc3: folds
319f51e1: folds
Hero: folds
Uncalled bet ($0.03) returned to 9215ccbb
*** SHOWDOWN ***
9215ccbb collected $0.04 from pot
*** SUMMARY ***
Total pot $0.04 | Rake $0 | Jackpot $0 | Bingo $0 | Fortune $0 | Tax $0
Seat 1: 5893f64c folded before Flop (didn't bet)
Seat 3: ee2c9fc3 folded before Flop (didn't bet)
Seat 4: 319f51e1 (button) folded before Flop (didn't bet)
Seat 5: Hero (small blind) folded before Flop
Seat 6: 9215ccbb (big blind) collected ($0.04)


Poker Hand #HD1730373335: Hold'em No Limit ($0.02/$0.05) - 2024/04/14 20:28:18
Table 'NLHBlue31' 6-max Seat #3 is the button
Seat 1: 5893f64c ($10.83 in chips)
Seat 3: ee2c9fc3 ($5.1 in chips)
Seat 4: 319f51e1 ($5.19 in chips)
Seat 5: Hero ($5 in chips)
Seat 6: 9215ccbb ($6.5 in chips)
319f51e1: posts small blind $0.02
Hero: posts big blind $0.05
*** HOLE CARDS ***
Dealt to 5893f64c 
Dealt to ee2c9fc3 
Dealt to 319f51e1 
Dealt to Hero [8s 5s]
Dealt to 9215ccbb 
9215ccbb: calls $0.05
5893f64c: folds
ee2c9fc3: folds
319f51e1: folds
Hero: checks
*** FLOP *** [2c Jc 9s]
Hero: checks
9215ccbb: bets $0.09
Hero: folds
Uncalled bet ($0.09) returned to 9215ccbb
*** SHOWDOWN ***
9215ccbb collected $0.12 from pot
*** SUMMARY ***
Total pot $0.12 | Rake $0 | Jackpot $0 | Bingo $0 | Fortune $0 | Tax $0
Board [2c Jc 9s]
Seat 1: 5893f64c folded before Flop (didn't bet)
Seat 3: ee2c9fc3 (button) folded before Flop (didn't bet)
Seat 4: 319f51e1 (small blind) folded before Flop
Seat 5: Hero (big blind) folded on the Flop
Seat 6: 9215ccbb won ($0.12)


