Poker Hand #HD1711205184: Hold'em No Limit ($0.02/$0.05) - 2024/04/01 21:17:25
Table 'NLHBlue123' 6-max Seat #5 is the button
Seat 1: 8ebc39cb ($7.5 in chips)
Seat 2: 6c0f16c9 ($8.06 in chips)
Seat 3: 7c4aca6c ($4.89 in chips)
Seat 4: 99942177 ($5.12 in chips)
Seat 5: Hero ($6.21 in chips)
Seat 6: 7fb6428c ($5.25 in chips)
7fb6428c: posts small blind $0.02
8ebc39cb: posts big blind $0.05
*** HOLE CARDS ***
Dealt to 8ebc39cb 
Dealt to 6c0f16c9 
Dealt to 7c4aca6c 
Dealt to 99942177 
Dealt to Hero [3d Js]
Dealt to 7fb6428c 
6c0f16c9: raises $0.05 to $0.1
7c4aca6c: calls $0.1
99942177: folds
Hero: folds
7fb6428c: folds
8ebc39cb: folds
*** FLOP *** [5d 9c 6h]
6c0f16c9: bets $0.14
7c4aca6c: calls $0.14
*** TURN *** [5d 9c 6h] [Ts]
6c0f16c9: bets $0.55
7c4aca6c: folds
Uncalled bet ($0.55) returned to 6c0f16c9
*** SHOWDOWN ***
6c0f16c9 collected $0.53 from pot
*** SUMMARY ***
Total pot $0.55 | Rake $0.02 | Jackpot $0 | Bingo $0 | Fortune $0 | Tax $0
Board [5d 9c 6h Ts]
Seat 1: 8ebc39cb (big blind) folded before Flop
Seat 2: 6c0f16c9 won ($0.53)
Seat 3: 7c4aca6c folded on the Turn
Seat 4: 99942177 folded before Flop (didn't bet)
Seat 5: Hero (button) folded before Flop (didn't bet)
Seat 6: 7fb6428c (small blind) folded before Flop


Poker Hand #HD1711205067: Hold'em No Limit ($0.02/$0.05) - 2024/04/01 21:16:18
Table 'NLHBlue123' 6-max Seat #4 is the button
Seat 1: 8ebc39cb ($7.5 in chips)
Seat 2: 6c0f16c9 ($6 in chips)
Seat 3: 7c4aca6c ($4.89 in chips)
Seat 4: 99942177 ($5.12 in chips)
Seat 5: Hero ($6.23 in chips)
Seat 6: 7fb6428c ($7.57 in chips)
Hero: posts small blind $0.02
7fb6428c: posts big blind $0.05
*** HOLE CARDS ***
Dealt to 8ebc39cb 
Dealt to 6c0f16c9 
Dealt to 7c4aca6c 
Dealt to 99942177 
Dealt to Hero [2h Jd]
Dealt to 7fb6428c 
8ebc39cb: folds
6c0f16c9: raises $0.08 to $0.13
7c4aca6c: folds
99942177: folds
Hero: folds
7fb6428c: raises $0.42 to $0.55
6c0f16c9: calls $0.42
*** FLOP *** [7c Qs Qc]
7fb6428c: checks
6c0f16c9: bets $0.37
7fb6428c: calls $0.37
*** TURN *** [7c Qs Qc] [Js]
7fb6428c: checks
6c0f16c9: checks
*** RIVER *** [7c Qs Qc Js] [6c]
7fb6428c: bets $1.4
6c0f16c9: calls $1.4
7fb6428c: shows [Ks Ac] (Pair of Queens)
6c0f16c9: shows [Jh Kh] (Pair of Queens and Pair of Jacks)
*** SHOWDOWN ***
6c0f16c9 collected $4.38 from pot
*** SUMMARY ***
Total pot $4.66 | Rake $0.23 | Jackpot $0.05 | Bingo $0 | Fortune $0 | Tax $0
Board [7c Qs Qc Js 6c]
Seat 1: 8ebc39cb folded before Flop (didn't bet)
Seat 2: 6c0f16c9 showed [Jh Kh] and won ($4.38) with Pair of Queens and Pair of Jacks
Seat 3: 7c4aca6c folded before Flop (didn't bet)
Seat 4: 99942177 (button) folded before Flop (didn't bet)
Seat 5: Hero (small blind) folded before Flop
Seat 6: 7fb6428c (big blind) showed [Ks Ac] and lost with Pair of Queens


Poker Hand #HD1711204989: Hold'em No Limit ($0.02/$0.05) - 2024/04/01 21:15:37
Table 'NLHBlue123' 6-max Seat #3 is the button
Seat 1: 8ebc39cb ($7.36 in chips)
Seat 3: 7c4aca6c ($4.89 in chips)
Seat 4: 99942177 ($5.14 in chips)
Seat 5: Hero ($6.36 in chips)
Seat 6: 7fb6428c ($7.57 in chips)
99942177: posts small blind $0.02
Hero: posts big blind $0.05
*** HOLE CARDS ***
Dealt to 8ebc39cb 
Dealt to 7c4aca6c 
Dealt to 99942177 
Dealt to Hero [Th Jd]
Dealt to 7fb6428c 
7fb6428c: folds
8ebc39cb: raises $0.08 to $0.13
7c4aca6c: folds
99942177: folds
Hero: calls $0.08
*** FLOP *** [Kh Jh 3s]
Hero: checks
8ebc39cb: bets $0.28
Hero: folds
Uncalled bet ($0.28) returned to 8ebc39cb
*** SHOWDOWN ***
8ebc39cb collected $0.27 from pot
*** SUMMARY ***
Total pot $0.28 | Rake $0.01 | Jackpot $0 | Bingo $0 | Fortune $0 | Tax $0
Board [Kh Jh 3s]
Seat 1: 8ebc39cb won ($0.27)
Seat 3: 7c4aca6c (button) folded before Flop (didn't bet)
Seat 4: 99942177 (small blind) folded before Flop
Seat 5: Hero (big blind) folded on the Flop
Seat 6: 7fb6428c folded before Flop (didn't bet)


Poker Hand #HD1711204956: Hold'em No Limit ($0.02/$0.05) - 2024/04/01 21:15:19
Table 'NLHBlue123' 6-max Seat #2 is the button
Seat 1: 8ebc39cb ($7.36 in chips)
Seat 2: 6c0f16c9 ($6 in chips)
Seat 3: 7c4aca6c ($4.91 in chips)
Seat 4: 99942177 ($5.12 in chips)
Seat 5: Hero ($6.36 in chips)
Seat 6: 7fb6428c ($7.57 in chips)
7c4aca6c: posts small blind $0.02
99942177: posts big blind $0.05
*** HOLE CARDS ***
Dealt to 8ebc39cb 
Dealt to 6c0f16c9 
Dealt to 7c4aca6c 
Dealt to 99942177 
Dealt to Hero [Ks 9d]
Dealt to 7fb6428c 
Hero: folds
7fb6428c: folds
8ebc39cb: folds
6c0f16c9: folds
7c4aca6c: folds
Uncalled bet ($0.03) returned to 99942177
*** SHOWDOWN ***
99942177 collected $0.04 from pot
*** SUMMARY ***
Total pot $0.04 | Rake $0 | Jackpot $0 | Bingo $0 | Fortune $0 | Tax $0
Seat 1: 8ebc39cb folded before Flop (didn't bet)
Seat 2: 6c0f16c9 (button) folded before Flop (didn't bet)
Seat 3: 7c4aca6c (small blind) folded before Flop
Seat 4: 99942177 (big blind) collected ($0.04)
Seat 5: Hero folded before Flop (didn't bet)
Seat 6: 7fb6428c folded before Flop (didn't bet)


Poker Hand #HD1711204921: Hold'em No Limit ($0.02/$0.05) - 2024/04/01 21:15:02
Table 'NLHBlue123' 6-max Seat #1 is the button
Seat 1: 8ebc39cb ($7.29 in chips)
Seat 2: 6c0f16c9 ($6.02 in chips)
Seat 3: 7c4aca6c ($4.96 in chips)
Seat 4: 99942177 ($5.12 in chips)
Seat 5: Hero ($6.36 in chips)
Seat 6: 7fb6428c ($7.57 in chips)
6c0f16c9: posts small blind $0.02
7c4aca6c: posts big blind $0.05
*** HOLE CARDS ***
Dealt to 8ebc39cb 
Dealt to 6c0f16c9 
Dealt to 7c4aca6c 
Dealt to 99942177 
Dealt to Hero [5c 9h]
Dealt to 7fb6428c 
99942177: folds
Hero: folds
7fb6428c: folds
8ebc39cb: raises $0.05 to $0.1
6c0f16c9: folds
7c4aca6c: folds
Uncalled bet ($0.05) returned to 8ebc39cb
*** SHOWDOWN ***
8ebc39cb collected $0.12 from pot
*** SUMMARY ***
Total pot $0.12 | Rake $0 | Jackpot $0 | Bingo $0 | Fortune $0 | Tax $0
Seat 1: 8ebc39cb (button) collected ($0.12)
Seat 2: 6c0f16c9 (small blind) folded before Flop
Seat 3: 7c4aca6c (big blind) folded before Flop
Seat 4: 99942177 folded before Flop (didn't bet)
Seat 5: Hero folded before Flop (didn't bet)
Seat 6: 7fb6428c folded before Flop (didn't bet)


Poker Hand #HD1711204715: Hold'em No Limit ($0.02/$0.05) - 2024/04/01 21:13:09
Table 'NLHBlue123' 6-max Seat #6 is the button
Seat 1: 8ebc39cb ($7.42 in chips)
Seat 2: 6c0f16c9 ($5 in chips)
Seat 3: 7c4aca6c ($6 in chips)
Seat 4: 99942177 ($5.12 in chips)
Seat 5: Hero ($6.36 in chips)
Seat 6: 7fb6428c ($7.57 in chips)
8ebc39cb: posts small blind $0.02
6c0f16c9: posts big blind $0.05
*** HOLE CARDS ***
Dealt to 8ebc39cb 
Dealt to 6c0f16c9 
Dealt to 7c4aca6c 
Dealt to 99942177 
Dealt to Hero [Th 7d]
Dealt to 7fb6428c 
7c4aca6c: raises $0.08 to $0.13
99942177: folds
Hero: folds
7fb6428c: folds
8ebc39cb: calls $0.11
6c0f16c9: raises $0.47 to $0.6
7c4aca6c: calls $0.47
8ebc39cb: folds
*** FLOP *** [Kh Tc 4d]
6c0f16c9: bets $0.44
7c4aca6c: calls $0.44
*** TURN *** [Kh Tc 4d] [6s]
6c0f16c9: checks
7c4aca6c: checks
*** RIVER *** [Kh Tc 4d 6s] [5h]
6c0f16c9: bets $2.21
7c4aca6c: folds
Uncalled bet ($2.21) returned to 6c0f16c9
*** SHOWDOWN ***
6c0f16c9 collected $2.06 from pot
*** SUMMARY ***
Total pot $2.21 | Rake $0.1 | Jackpot $0.05 | Bingo $0 | Fortune $0 | Tax $0
Board [Kh Tc 4d 6s 5h]
Seat 1: 8ebc39cb (small blind) folded before Flop
Seat 2: 6c0f16c9 (big blind) won ($2.06)
Seat 3: 7c4aca6c folded on the River
Seat 4: 99942177 folded before Flop (didn't bet)
Seat 5: Hero folded before Flop (didn't bet)
Seat 6: 7fb6428c (button) folded before Flop (didn't bet)


Poker Hand #HD1711204622: Hold'em No Limit ($0.02/$0.05) - 2024/04/01 21:12:18
Table 'NLHBlue123' 6-max Seat #5 is the button
Seat 1: 8ebc39cb ($7.55 in chips)
Seat 2: 6c0f16c9 ($5 in chips)
Seat 3: 7c4aca6c ($6 in chips)
Seat 4: 99942177 ($5.12 in chips)
Seat 5: Hero ($6.22 in chips)
Seat 6: 7fb6428c ($7.59 in chips)
7fb6428c: posts small blind $0.02
8ebc39cb: posts big blind $0.05
*** HOLE CARDS ***
Dealt to 8ebc39cb 
Dealt to 6c0f16c9 
Dealt to 7c4aca6c 
Dealt to 99942177 
Dealt to Hero [Qc Jd]
Dealt to 7fb6428c 
6c0f16c9: folds
7c4aca6c: folds
99942177: folds
Hero: raises $0.08 to $0.13
7fb6428c: folds
8ebc39cb: calls $0.08
*** FLOP *** [8s 7d Kc]
8ebc39cb: checks
Hero: checks
*** TURN *** [8s 7d Kc] [8c]
8ebc39cb: checks
Hero: checks
*** RIVER *** [8s 7d Kc 8c] [3c]
8ebc39cb: checks
Hero: bets $0.15
8ebc39cb: folds
Uncalled bet ($0.15) returned to Hero
*** SHOWDOWN ***
Hero collected $0.27 from pot
*** SUMMARY ***
Total pot $0.28 | Rake $0.01 | Jackpot $0 | Bingo $0 | Fortune $0 | Tax $0
Board [8s 7d Kc 8c 3c]
Seat 1: 8ebc39cb (big blind) folded on the River
Seat 2: 6c0f16c9 folded before Flop (didn't bet)
Seat 3: 7c4aca6c folded before Flop (didn't bet)
Seat 4: 99942177 folded before Flop (didn't bet)
Seat 5: Hero (button) won ($0.27)
Seat 6: 7fb6428c (small blind) folded before Flop


Poker Hand #HD1711204591: Hold'em No Limit ($0.02/$0.05) - 2024/04/01 21:11:58
Table 'NLHBlue123' 6-max Seat #4 is the button
Seat 1: 8ebc39cb ($7.55 in chips)
Seat 2: 6c0f16c9 ($5 in chips)
Seat 3: 7c4aca6c ($6 in chips)
Seat 4: 99942177 ($5.12 in chips)
Seat 5: Hero ($6.24 in chips)
Seat 6: 7fb6428c ($7.57 in chips)
Hero: posts small blind $0.02
7fb6428c: posts big blind $0.05
*** HOLE CARDS ***
Dealt to 8ebc39cb 
Dealt to 6c0f16c9 
Dealt to 7c4aca6c 
Dealt to 99942177 
Dealt to Hero [4s Qd]
Dealt to 7fb6428c 
8ebc39cb: folds
6c0f16c9: folds
7c4aca6c: folds
99942177: folds
Hero: folds
Uncalled bet ($0.03) returned to 7fb6428c
*** SHOWDOWN ***
7fb6428c collected $0.04 from pot
*** SUMMARY ***
Total pot $0.04 | Rake $0 | Jackpot $0 | Bingo $0 | Fortune $0 | Tax $0
Seat 1: 8ebc39cb folded before Flop (didn't bet)
Seat 2: 6c0f16c9 folded before Flop (didn't bet)
Seat 3: 7c4aca6c folded before Flop (didn't bet)
Seat 4: 99942177 (button) folded before Flop (didn't bet)
Seat 5: Hero (small blind) folded before Flop
Seat 6: 7fb6428c (big blind) collected ($0.04)


Poker Hand #HD1711204565: Hold'em No Limit ($0.02/$0.05) - 2024/04/01 21:11:44
Table 'NLHBlue123' 6-max Seat #3 is the button
Seat 1: 8ebc39cb ($7.55 in chips)
Seat 2: 6c0f16c9 ($5 in chips)
Seat 3: 7c4aca6c ($6 in chips)
Seat 4: 99942177 ($5.14 in chips)
Seat 5: Hero ($6.29 in chips)
Seat 6: 7fb6428c ($7.5 in chips)
99942177: posts small blind $0.02
Hero: posts big blind $0.05
*** HOLE CARDS ***
Dealt to 8ebc39cb 
Dealt to 6c0f16c9 
Dealt to 7c4aca6c 
Dealt to 99942177 
Dealt to Hero [Jc 7h]
Dealt to 7fb6428c 
7fb6428c: raises $0.1 to $0.15
8ebc39cb: folds
6c0f16c9: folds
7c4aca6c: folds
99942177: folds
Hero: folds
Uncalled bet ($0.1) returned to 7fb6428c
*** SHOWDOWN ***
7fb6428c collected $0.12 from pot
*** SUMMARY ***
Total pot $0.12 | Rake $0 | Jackpot $0 | Bingo $0 | Fortune $0 | Tax $0
Seat 1: 8ebc39cb folded before Flop (didn't bet)
Seat 2: 6c0f16c9 folded before Flop (didn't bet)
Seat 3: 7c4aca6c (button) folded before Flop (didn't bet)
Seat 4: 99942177 (small blind) folded before Flop
Seat 5: Hero (big blind) folded before Flop
Seat 6: 7fb6428c collected ($0.12)


Poker Hand #HD1711204531: Hold'em No Limit ($0.02/$0.05) - 2024/04/01 21:11:20
Table 'NLHBlue123' 6-max Seat #2 is the button
Seat 1: 8ebc39cb ($7.55 in chips)
Seat 2: 6c0f16c9 ($5 in chips)
Seat 3: 7c4aca6c ($6.02 in chips)
Seat 4: 99942177 ($5.19 in chips)
Seat 5: Hero ($6.22 in chips)
Seat 6: 7fb6428c ($7.5 in chips)
7c4aca6c: posts small blind $0.02
99942177: posts big blind $0.05
*** HOLE CARDS ***
Dealt to 8ebc39cb 
Dealt to 6c0f16c9 
Dealt to 7c4aca6c 
Dealt to 99942177 
Dealt to Hero [Jc Qh]
Dealt to 7fb6428c 
Hero: raises $0.05 to $0.1
7fb6428c: folds
8ebc39cb: folds
6c0f16c9: folds
7c4aca6c: folds
99942177: folds
Uncalled bet ($0.05) returned to Hero
*** SHOWDOWN ***
Hero collected $0.12 from pot
*** SUMMARY ***
Total pot $0.12 | Rake $0 | Jackpot $0 | Bingo $0 | Fortune $0 | Tax $0
Seat 1: 8ebc39cb folded before Flop (didn't bet)
Seat 2: 6c0f16c9 (button) folded before Flop (didn't bet)
Seat 3: 7c4aca6c (small blind) folded before Flop
Seat 4: 99942177 (big blind) folded before Flop
Seat 5: Hero collected ($0.12)
Seat 6: 7fb6428c folded before Flop (didn't bet)


Poker Hand #HD1711204395: Hold'em No Limit ($0.02/$0.05) - 2024/04/01 21:10:07
Table 'NLHBlue123' 6-max Seat #1 is the button
Seat 1: 8ebc39cb ($7.92 in chips)
Seat 2: 6c0f16c9 ($5.02 in chips)
Seat 3: 7c4aca6c ($5.66 in chips)
Seat 4: 99942177 ($5.19 in chips)
Seat 5: Hero ($6.22 in chips)
Seat 6: 7fb6428c ($7.5 in chips)
6c0f16c9: posts small blind $0.02
7c4aca6c: posts big blind $0.05
*** HOLE CARDS ***
Dealt to 8ebc39cb 
Dealt to 6c0f16c9 
Dealt to 7c4aca6c 
Dealt to 99942177 
Dealt to Hero [8h Qs]
Dealt to 7fb6428c 
99942177: folds
Hero: folds
7fb6428c: folds
8ebc39cb: raises $0.05 to $0.1
6c0f16c9: folds
7c4aca6c: raises $0.27 to $0.37
8ebc39cb: calls $0.27
*** FLOP *** [Ad 4d 2c]
7c4aca6c: bets $0.43
8ebc39cb: folds
Uncalled bet ($0.43) returned to 7c4aca6c
*** SHOWDOWN ***
7c4aca6c collected $0.73 from pot
*** SUMMARY ***
Total pot $0.76 | Rake $0.03 | Jackpot $0 | Bingo $0 | Fortune $0 | Tax $0
Board [Ad 4d 2c]
Seat 1: 8ebc39cb (button) folded on the Flop
Seat 2: 6c0f16c9 (small blind) folded before Flop
Seat 3: 7c4aca6c (big blind) won ($0.73)
Seat 4: 99942177 folded before Flop (didn't bet)
Seat 5: Hero folded before Flop (didn't bet)
Seat 6: 7fb6428c folded before Flop (didn't bet)


Poker Hand #HD1711204364: Hold'em No Limit ($0.02/$0.05) - 2024/04/01 21:09:55
Table 'NLHBlue123' 6-max Seat #6 is the button
Seat 1: 8ebc39cb ($7.94 in chips)
Seat 2: 6c0f16c9 ($5 in chips)
Seat 3: 7c4aca6c ($5.66 in chips)
Seat 4: 99942177 ($5.19 in chips)
Seat 5: Hero ($6.22 in chips)
Seat 6: 7fb6428c ($7.5 in chips)
8ebc39cb: posts small blind $0.02
6c0f16c9: posts big blind $0.05
*** HOLE CARDS ***
Dealt to 8ebc39cb 
Dealt to 6c0f16c9 
Dealt to 7c4aca6c 
Dealt to 99942177 
Dealt to Hero [8h 2c]
Dealt to 7fb6428c 
7c4aca6c: folds
99942177: folds
Hero: folds
7fb6428c: folds
8ebc39cb: folds
Uncalled bet ($0.03) returned to 6c0f16c9
*** SHOWDOWN ***
6c0f16c9 collected $0.04 from pot
*** SUMMARY ***
Total pot $0.04 | Rake $0 | Jackpot $0 | Bingo $0 | Fortune $0 | Tax $0
Seat 1: 8ebc39cb (small blind) folded before Flop
Seat 2: 6c0f16c9 (big blind) collected ($0.04)
Seat 3: 7c4aca6c folded before Flop (didn't bet)
Seat 4: 99942177 folded before Flop (didn't bet)
Seat 5: Hero folded before Flop (didn't bet)
Seat 6: 7fb6428c (button) folded before Flop (didn't bet)


Poker Hand #HD1711204351: Hold'em No Limit ($0.02/$0.05) - 2024/04/01 21:09:46
Table 'NLHBlue123' 6-max Seat #5 is the button
Seat 1: 8ebc39cb ($7.92 in chips)
Seat 3: 7c4aca6c ($5.66 in chips)
Seat 4: 99942177 ($5.19 in chips)
Seat 5: Hero ($6.22 in chips)
Seat 6: 7fb6428c ($7.52 in chips)
7fb6428c: posts small blind $0.02
8ebc39cb: posts big blind $0.05
*** HOLE CARDS ***
Dealt to 8ebc39cb 
Dealt to 7c4aca6c 
Dealt to 99942177 
Dealt to Hero [5s Qc]
Dealt to 7fb6428c 
7c4aca6c: folds
99942177: folds
Hero: folds
7fb6428c: folds
Uncalled bet ($0.03) returned to 8ebc39cb
*** SHOWDOWN ***
8ebc39cb collected $0.04 from pot
*** SUMMARY ***
Total pot $0.04 | Rake $0 | Jackpot $0 | Bingo $0 | Fortune $0 | Tax $0
Seat 1: 8ebc39cb (big blind) collected ($0.04)
Seat 3: 7c4aca6c folded before Flop (didn't bet)
Seat 4: 99942177 folded before Flop (didn't bet)
Seat 5: Hero (button) folded before Flop (didn't bet)
Seat 6: 7fb6428c (small blind) folded before Flop


Poker Hand #HD1711204331: Hold'em No Limit ($0.02/$0.05) - 2024/04/01 21:09:35
Table 'NLHBlue123' 6-max Seat #4 is the button
Seat 1: 8ebc39cb ($7.92 in chips)
Seat 3: 7c4aca6c ($5.66 in chips)
Seat 4: 99942177 ($5.19 in chips)
Seat 5: Hero ($6.24 in chips)
Seat 6: 7fb6428c ($7.5 in chips)
Hero: posts small blind $0.02
7fb6428c: posts big blind $0.05
*** HOLE CARDS ***
Dealt to 8ebc39cb 
Dealt to 7c4aca6c 
Dealt to 99942177 
Dealt to Hero [8h Js]
Dealt to 7fb6428c 
8ebc39cb: folds
7c4aca6c: folds
99942177: folds
Hero: folds
Uncalled bet ($0.03) returned to 7fb6428c
*** SHOWDOWN ***
7fb6428c collected $0.04 from pot
*** SUMMARY ***
Total pot $0.04 | Rake $0 | Jackpot $0 | Bingo $0 | Fortune $0 | Tax $0
Seat 1: 8ebc39cb folded before Flop (didn't bet)
Seat 3: 7c4aca6c folded before Flop (didn't bet)
Seat 4: 99942177 (button) folded before Flop (didn't bet)
Seat 5: Hero (small blind) folded before Flop
Seat 6: 7fb6428c (big blind) collected ($0.04)


Poker Hand #HD1711204230: Hold'em No Limit ($0.02/$0.05) - 2024/04/01 21:08:45
Table 'NLHBlue123' 6-max Seat #3 is the button
Seat 1: 8ebc39cb ($8.31 in chips)
Seat 3: 7c4aca6c ($5.66 in chips)
Seat 4: 99942177 ($5.21 in chips)
Seat 5: Hero ($5.72 in chips)
Seat 6: 7fb6428c ($7.65 in chips)
99942177: posts small blind $0.02
Hero: posts big blind $0.05
*** HOLE CARDS ***
Dealt to 8ebc39cb 
Dealt to 7c4aca6c 
Dealt to 99942177 
Dealt to Hero [8c Ah]
Dealt to 7fb6428c 
7fb6428c: raises $0.1 to $0.15
8ebc39cb: calls $0.15
7c4aca6c: folds
99942177: folds
Hero: calls $0.1
*** FLOP *** [9h 3h 7h]
Hero: checks
7fb6428c: checks
8ebc39cb: bets $0.24
Hero: raises $0.51 to $0.75
7fb6428c: folds
8ebc39cb: folds
Uncalled bet ($0.51) returned to Hero
*** SHOWDOWN ***
Hero collected $0.91 from pot
*** SUMMARY ***
Total pot $0.95 | Rake $0.04 | Jackpot $0 | Bingo $0 | Fortune $0 | Tax $0
Board [9h 3h 7h]
Seat 1: 8ebc39cb folded on the Flop
Seat 3: 7c4aca6c (button) folded before Flop (didn't bet)
Seat 4: 99942177 (small blind) folded before Flop
Seat 5: Hero (big blind) won ($0.91)
Seat 6: 7fb6428c folded on the Flop


Poker Hand #HD1711204131: Hold'em No Limit ($0.02/$0.05) - 2024/04/01 21:07:57
Table 'NLHBlue123' 6-max Seat #1 is the button
Seat 1: 8ebc39cb ($8.31 in chips)
Seat 3: 7c4aca6c ($5.68 in chips)
Seat 4: 99942177 ($5.1 in chips)
Seat 5: Hero ($5.82 in chips)
Seat 6: 7fb6428c ($7.65 in chips)
7c4aca6c: posts small blind $0.02
99942177: posts big blind $0.05
*** HOLE CARDS ***
Dealt to 8ebc39cb 
Dealt to 7c4aca6c 
Dealt to 99942177 
Dealt to Hero [As 9s]
Dealt to 7fb6428c 
Hero: raises $0.05 to $0.1
7fb6428c: folds
8ebc39cb: folds
7c4aca6c: folds
99942177: calls $0.05
*** FLOP *** [3d Jd 5c]
99942177: checks
Hero: checks
*** TURN *** [3d Jd 5c] [2h]
99942177: bets $0.15
Hero: folds
Uncalled bet ($0.15) returned to 99942177
*** SHOWDOWN ***
99942177 collected $0.21 from pot
*** SUMMARY ***
Total pot $0.22 | Rake $0.01 | Jackpot $0 | Bingo $0 | Fortune $0 | Tax $0
Board [3d Jd 5c 2h]
Seat 1: 8ebc39cb (button) folded before Flop (didn't bet)
Seat 3: 7c4aca6c (small blind) folded before Flop
Seat 4: 99942177 (big blind) won ($0.21)
Seat 5: Hero folded on the Turn
Seat 6: 7fb6428c folded before Flop (didn't bet)


Poker Hand #HD1711204096: Hold'em No Limit ($0.02/$0.05) - 2024/04/01 21:07:39
Table 'NLHBlue123' 6-max Seat #6 is the button
Seat 1: 8ebc39cb ($8.33 in chips)
Seat 3: 7c4aca6c ($5.73 in chips)
Seat 4: 99942177 ($5.1 in chips)
Seat 5: Hero ($5.75 in chips)
Seat 6: 7fb6428c ($7.65 in chips)
8ebc39cb: posts small blind $0.02
7c4aca6c: posts big blind $0.05
*** HOLE CARDS ***
Dealt to 8ebc39cb 
Dealt to 7c4aca6c 
Dealt to 99942177 
Dealt to Hero [7d 7c]
Dealt to 7fb6428c 
99942177: folds
Hero: raises $0.08 to $0.13
7fb6428c: folds
8ebc39cb: folds
7c4aca6c: folds
Uncalled bet ($0.08) returned to Hero
*** SHOWDOWN ***
Hero collected $0.12 from pot
*** SUMMARY ***
Total pot $0.12 | Rake $0 | Jackpot $0 | Bingo $0 | Fortune $0 | Tax $0
Seat 1: 8ebc39cb (small blind) folded before Flop
Seat 3: 7c4aca6c (big blind) folded before Flop
Seat 4: 99942177 folded before Flop (didn't bet)
Seat 5: Hero collected ($0.12)
Seat 6: 7fb6428c (button) folded before Flop (didn't bet)


Poker Hand #HD1711204069: Hold'em No Limit ($0.02/$0.05) - 2024/04/01 21:07:24
Table 'NLHBlue123' 6-max Seat #5 is the button
Seat 1: 8ebc39cb ($8.38 in chips)
Seat 3: 7c4aca6c ($5.73 in chips)
Seat 4: 99942177 ($5.1 in chips)
Seat 5: Hero ($5.75 in chips)
Seat 6: 7fb6428c ($7.6 in chips)
7fb6428c: posts small blind $0.02
8ebc39cb: posts big blind $0.05
*** HOLE CARDS ***
Dealt to 8ebc39cb 
Dealt to 7c4aca6c 
Dealt to 99942177 
Dealt to Hero [6h 3s]
Dealt to 7fb6428c 
7c4aca6c: folds
99942177: folds
Hero: folds
7fb6428c: raises $0.1 to $0.15
8ebc39cb: folds
Uncalled bet ($0.1) returned to 7fb6428c
*** SHOWDOWN ***
7fb6428c collected $0.1 from pot
*** SUMMARY ***
Total pot $0.1 | Rake $0 | Jackpot $0 | Bingo $0 | Fortune $0 | Tax $0
Seat 1: 8ebc39cb (big blind) folded before Flop
Seat 3: 7c4aca6c folded before Flop (didn't bet)
Seat 4: 99942177 folded before Flop (didn't bet)
Seat 5: Hero (button) folded before Flop (didn't bet)
Seat 6: 7fb6428c (small blind) collected ($0.1)


Poker Hand #HD1711204010: Hold'em No Limit ($0.02/$0.05) - 2024/04/01 21:06:53
Table 'NLHBlue123' 6-max Seat #4 is the button
Seat 1: 8ebc39cb ($8.38 in chips)
Seat 2: 6c0f16c9 ($5 in chips)
Seat 3: 7c4aca6c ($5.86 in chips)
Seat 4: 99942177 ($5.1 in chips)
Seat 5: Hero ($5.77 in chips)
Seat 6: 7fb6428c ($7.46 in chips)
Hero: posts small blind $0.02
7fb6428c: posts big blind $0.05
*** HOLE CARDS ***
Dealt to 8ebc39cb 
Dealt to 6c0f16c9 
Dealt to 7c4aca6c 
Dealt to 99942177 
Dealt to Hero [3c 9c]
Dealt to 7fb6428c 
8ebc39cb: folds
6c0f16c9: folds
7c4aca6c: raises $0.08 to $0.13
99942177: folds
Hero: folds
7fb6428c: raises $0.37 to $0.5
7c4aca6c: folds
Uncalled bet ($0.37) returned to 7fb6428c
*** SHOWDOWN ***
7fb6428c collected $0.27 from pot
*** SUMMARY ***
Total pot $0.28 | Rake $0.01 | Jackpot $0 | Bingo $0 | Fortune $0 | Tax $0
Seat 1: 8ebc39cb folded before Flop (didn't bet)
Seat 2: 6c0f16c9 folded before Flop (didn't bet)
Seat 3: 7c4aca6c folded before Flop
Seat 4: 99942177 (button) folded before Flop (didn't bet)
Seat 5: Hero (small blind) folded before Flop
Seat 6: 7fb6428c (big blind) collected ($0.27)


Poker Hand #HD1711203834: Hold'em No Limit ($0.02/$0.05) - 2024/04/01 21:05:22
Table 'NLHBlue123' 6-max Seat #3 is the button
Seat 1: 8ebc39cb ($4.21 in chips)
Seat 2: 6c0f16c9 ($5.23 in chips)
Seat 3: 7c4aca6c ($6.24 in chips)
Seat 4: 99942177 ($5.12 in chips)
Seat 5: Hero ($5.82 in chips)
Seat 6: 7fb6428c ($7.46 in chips)
99942177: posts small blind $0.02
Hero: posts big blind $0.05
*** HOLE CARDS ***
Dealt to 8ebc39cb 
Dealt to 6c0f16c9 
Dealt to 7c4aca6c 
Dealt to 99942177 
Dealt to Hero [Ts 5d]
Dealt to 7fb6428c 
7fb6428c: folds
8ebc39cb: raises $0.08 to $0.13
6c0f16c9: raises $0.25 to $0.38
7c4aca6c: calls $0.38
99942177: folds
Hero: folds
8ebc39cb: calls $0.25
*** FLOP *** [8s 4h Ks]
8ebc39cb: bets $0.61
6c0f16c9: raises $1.22 to $1.83
7c4aca6c: folds
8ebc39cb: calls $1.22
*** TURN *** [8s 4h Ks] [2s]
8ebc39cb: checks
6c0f16c9: bets $3.02 and is all-in
8ebc39cb: calls $2 and is all-in
Uncalled bet ($1.02) returned to 6c0f16c9
6c0f16c9: shows [Kh As] (Pair of Kings)
8ebc39cb: shows [8h 8d] (Three Eights)
*** RIVER *** [8s 4h Ks 2s] [Qh]
*** SHOWDOWN ***
8ebc39cb collected $8.38 from pot
*** SUMMARY ***
Total pot $8.87 | Rake $0.44 | Jackpot $0.05 | Bingo $0 | Fortune $0 | Tax $0
Board [8s 4h Ks 2s Qh]
Seat 1: 8ebc39cb showed [8h 8d] and won ($8.38) with Three Eights
Seat 2: 6c0f16c9 showed [Kh As] and lost with Pair of Kings
Seat 3: 7c4aca6c (button) folded on the Flop
Seat 4: 99942177 (small blind) folded before Flop
Seat 5: Hero (big blind) folded before Flop
Seat 6: 7fb6428c folded before Flop (didn't bet)


Poker Hand #HD1711203756: Hold'em No Limit ($0.02/$0.05) - 2024/04/01 21:04:45
Table 'NLHBlue123' 6-max Seat #2 is the button
Seat 1: 8ebc39cb ($4.21 in chips)
Seat 2: 6c0f16c9 ($5.23 in chips)
Seat 3: 7c4aca6c ($6.37 in chips)
Seat 4: 99942177 ($5 in chips)
Seat 5: Hero ($5.82 in chips)
Seat 6: 7fb6428c ($7.46 in chips)
7c4aca6c: posts small blind $0.02
99942177: posts big blind $0.05
*** HOLE CARDS ***
Dealt to 8ebc39cb 
Dealt to 6c0f16c9 
Dealt to 7c4aca6c 
Dealt to 99942177 
Dealt to Hero [Jh 7c]
Dealt to 7fb6428c 
Hero: folds
7fb6428c: folds
8ebc39cb: folds
6c0f16c9: folds
7c4aca6c: raises $0.08 to $0.13
99942177: raises $0.18 to $0.31
7c4aca6c: folds
Uncalled bet ($0.18) returned to 99942177
*** SHOWDOWN ***
99942177 collected $0.25 from pot
*** SUMMARY ***
Total pot $0.26 | Rake $0.01 | Jackpot $0 | Bingo $0 | Fortune $0 | Tax $0
Seat 1: 8ebc39cb folded before Flop (didn't bet)
Seat 2: 6c0f16c9 (button) folded before Flop (didn't bet)
Seat 3: 7c4aca6c (small blind) folded before Flop
Seat 4: 99942177 (big blind) collected ($0.25)
Seat 5: Hero folded before Flop (didn't bet)
Seat 6: 7fb6428c folded before Flop (didn't bet)


Poker Hand #HD1711203735: Hold'em No Limit ($0.02/$0.05) - 2024/04/01 21:04:35
Table 'NLHBlue123' 6-max Seat #1 is the button
Seat 1: 8ebc39cb ($4.21 in chips)
Seat 2: 6c0f16c9 ($5.25 in chips)
Seat 3: 7c4aca6c ($6.35 in chips)
Seat 5: Hero ($5.82 in chips)
Seat 6: 7fb6428c ($7.46 in chips)
6c0f16c9: posts small blind $0.02
7c4aca6c: posts big blind $0.05
*** HOLE CARDS ***
Dealt to 8ebc39cb 
Dealt to 6c0f16c9 
Dealt to 7c4aca6c 
Dealt to Hero [3h 2s]
Dealt to 7fb6428c 
Hero: folds
7fb6428c: folds
8ebc39cb: folds
6c0f16c9: folds
Uncalled bet ($0.03) returned to 7c4aca6c
*** SHOWDOWN ***
7c4aca6c collected $0.04 from pot
*** SUMMARY ***
Total pot $0.04 | Rake $0 | Jackpot $0 | Bingo $0 | Fortune $0 | Tax $0
Seat 1: 8ebc39cb (button) folded before Flop (didn't bet)
Seat 2: 6c0f16c9 (small blind) folded before Flop
Seat 3: 7c4aca6c (big blind) collected ($0.04)
Seat 5: Hero folded before Flop (didn't bet)
Seat 6: 7fb6428c folded before Flop (didn't bet)


Poker Hand #HD1711203705: Hold'em No Limit ($0.02/$0.05) - 2024/04/01 21:04:21
Table 'NLHBlue123' 6-max Seat #6 is the button
Seat 1: 8ebc39cb ($4.23 in chips)
Seat 2: 6c0f16c9 ($5.23 in chips)
Seat 3: 7c4aca6c ($6.35 in chips)
Seat 5: Hero ($5.82 in chips)
Seat 6: 7fb6428c ($7.46 in chips)
8ebc39cb: posts small blind $0.02
6c0f16c9: posts big blind $0.05
*** HOLE CARDS ***
Dealt to 8ebc39cb 
Dealt to 6c0f16c9 
Dealt to 7c4aca6c 
Dealt to Hero [2c Ah]
Dealt to 7fb6428c 
7c4aca6c: folds
Hero: folds
7fb6428c: folds
8ebc39cb: folds
Uncalled bet ($0.03) returned to 6c0f16c9
*** SHOWDOWN ***
6c0f16c9 collected $0.04 from pot
*** SUMMARY ***
Total pot $0.04 | Rake $0 | Jackpot $0 | Bingo $0 | Fortune $0 | Tax $0
Seat 1: 8ebc39cb (small blind) folded before Flop
Seat 2: 6c0f16c9 (big blind) collected ($0.04)
Seat 3: 7c4aca6c folded before Flop (didn't bet)
Seat 5: Hero folded before Flop (didn't bet)
Seat 6: 7fb6428c (button) folded before Flop (didn't bet)


Poker Hand #HD1711203683: Hold'em No Limit ($0.02/$0.05) - 2024/04/01 21:04:11
Table 'NLHBlue123' 6-max Seat #5 is the button
Seat 1: 8ebc39cb ($4.28 in chips)
Seat 3: 7c4aca6c ($6.35 in chips)
Seat 5: Hero ($5.82 in chips)
Seat 6: 7fb6428c ($7.41 in chips)
7fb6428c: posts small blind $0.02
8ebc39cb: posts big blind $0.05
*** HOLE CARDS ***
Dealt to 8ebc39cb 
Dealt to 7c4aca6c 
Dealt to Hero [5d 8d]
Dealt to 7fb6428c 
7c4aca6c: folds
Hero: folds
7fb6428c: raises $0.1 to $0.15
8ebc39cb: folds
Uncalled bet ($0.1) returned to 7fb6428c
*** SHOWDOWN ***
7fb6428c collected $0.1 from pot
*** SUMMARY ***
Total pot $0.1 | Rake $0 | Jackpot $0 | Bingo $0 | Fortune $0 | Tax $0
Seat 1: 8ebc39cb (big blind) folded before Flop
Seat 3: 7c4aca6c folded before Flop (didn't bet)
Seat 5: Hero (button) folded before Flop (didn't bet)
Seat 6: 7fb6428c (small blind) collected ($0.1)


Poker Hand #HD1711203663: Hold'em No Limit ($0.02/$0.05) - 2024/04/01 21:04:01
Table 'NLHBlue123' 6-max Seat #3 is the button
Seat 1: 8ebc39cb ($4.28 in chips)
Seat 3: 7c4aca6c ($6.35 in chips)
Seat 5: Hero ($5.84 in chips)
Seat 6: 7fb6428c ($7.39 in chips)
Hero: posts small blind $0.02
7fb6428c: posts big blind $0.05
*** HOLE CARDS ***
Dealt to 8ebc39cb 
Dealt to 7c4aca6c 
Dealt to Hero [8s 8c]
Dealt to 7fb6428c 
8ebc39cb: folds
7c4aca6c: folds
Hero: folds
Uncalled bet ($0.03) returned to 7fb6428c
*** SHOWDOWN ***
7fb6428c collected $0.04 from pot
*** SUMMARY ***
Total pot $0.04 | Rake $0 | Jackpot $0 | Bingo $0 | Fortune $0 | Tax $0
Seat 1: 8ebc39cb folded before Flop (didn't bet)
Seat 3: 7c4aca6c (button) folded before Flop (didn't bet)
Seat 5: Hero (small blind) folded before Flop
Seat 6: 7fb6428c (big blind) collected ($0.04)


Poker Hand #HD1711203553: Hold'em No Limit ($0.02/$0.05) - 2024/04/01 21:03:04
Table 'NLHBlue123' 6-max Seat #1 is the button
Seat 1: 8ebc39cb ($4.28 in chips)
Seat 3: 7c4aca6c ($6.4 in chips)
Seat 5: Hero ($5.79 in chips)
Seat 6: 7fb6428c ($7.39 in chips)
7c4aca6c: posts small blind $0.02
Hero: posts big blind $0.05
*** HOLE CARDS ***
Dealt to 8ebc39cb 
Dealt to 7c4aca6c 
Dealt to Hero [4h Ks]
Dealt to 7fb6428c 
7fb6428c: folds
8ebc39cb: folds
7c4aca6c: calls $0.03
Hero: checks
*** FLOP *** [Ah 6d As]
7c4aca6c: checks
Hero: checks
*** TURN *** [Ah 6d As] [6c]
7c4aca6c: checks
Hero: checks
*** RIVER *** [Ah 6d As 6c] [2s]
7c4aca6c: checks
Hero: checks
7c4aca6c: shows [Jh 9c] (Pair of Aces and Pair of Sixes)
Hero: shows [4h Ks] (Pair of Aces and Pair of Sixes)
*** SHOWDOWN ***
Hero collected $0.1 from pot
*** SUMMARY ***
Total pot $0.1 | Rake $0 | Jackpot $0 | Bingo $0 | Fortune $0 | Tax $0
Board [Ah 6d As 6c 2s]
Seat 1: 8ebc39cb (button) folded before Flop (didn't bet)
Seat 3: 7c4aca6c (small blind) showed [Jh 9c] and lost with Pair of Aces and Pair of Sixes
Seat 5: Hero (big blind) showed [4h Ks] and won ($0.1) with Pair of Aces and Pair of Sixes
Seat 6: 7fb6428c folded before Flop (didn't bet)


Poker Hand #HD1711203473: Hold'em No Limit ($0.02/$0.05) - 2024/04/01 21:02:28
Table 'NLHBlue123' 6-max Seat #6 is the button
Seat 1: 8ebc39cb ($4.3 in chips)
Seat 3: 7c4aca6c ($6.53 in chips)
Seat 4: 6dcd7cfe ($5.2 in chips)
Seat 5: Hero ($5.79 in chips)
Seat 6: 7fb6428c ($7.25 in chips)
8ebc39cb: posts small blind $0.02
7c4aca6c: posts big blind $0.05
*** HOLE CARDS ***
Dealt to 8ebc39cb 
Dealt to 7c4aca6c 
Dealt to 6dcd7cfe 
Dealt to Hero [4s Jh]
Dealt to 7fb6428c 
6dcd7cfe: folds
Hero: folds
7fb6428c: raises $0.08 to $0.13
8ebc39cb: folds
7c4aca6c: calls $0.08
*** FLOP *** [Ks 8h Kd]
7c4aca6c: checks
7fb6428c: bets $0.09
7c4aca6c: folds
Uncalled bet ($0.09) returned to 7fb6428c
*** SHOWDOWN ***
7fb6428c collected $0.27 from pot
*** SUMMARY ***
Total pot $0.28 | Rake $0.01 | Jackpot $0 | Bingo $0 | Fortune $0 | Tax $0
Board [Ks 8h Kd]
Seat 1: 8ebc39cb (small blind) folded before Flop
Seat 3: 7c4aca6c (big blind) folded on the Flop
Seat 4: 6dcd7cfe folded before Flop (didn't bet)
Seat 5: Hero folded before Flop (didn't bet)
Seat 6: 7fb6428c (button) won ($0.27)


Poker Hand #HD1711203433: Hold'em No Limit ($0.02/$0.05) - 2024/04/01 21:02:09
Table 'NLHBlue123' 6-max Seat #5 is the button
Seat 1: 8ebc39cb ($4.35 in chips)
Seat 3: 7c4aca6c ($6.53 in chips)
Seat 4: 6dcd7cfe ($5.2 in chips)
Seat 5: Hero ($5.79 in chips)
Seat 6: 7fb6428c ($7.2 in chips)
7fb6428c: posts small blind $0.02
8ebc39cb: posts big blind $0.05
*** HOLE CARDS ***
Dealt to 8ebc39cb 
Dealt to 7c4aca6c 
Dealt to 6dcd7cfe 
Dealt to Hero [Ks 2h]
Dealt to 7fb6428c 
7c4aca6c: folds
6dcd7cfe: folds
Hero: folds
7fb6428c: raises $0.1 to $0.15
8ebc39cb: folds
Uncalled bet ($0.1) returned to 7fb6428c
*** SHOWDOWN ***
7fb6428c collected $0.1 from pot
*** SUMMARY ***
Total pot $0.1 | Rake $0 | Jackpot $0 | Bingo $0 | Fortune $0 | Tax $0
Seat 1: 8ebc39cb (big blind) folded before Flop
Seat 3: 7c4aca6c folded before Flop (didn't bet)
Seat 4: 6dcd7cfe folded before Flop (didn't bet)
Seat 5: Hero (button) folded before Flop (didn't bet)
Seat 6: 7fb6428c (small blind) collected ($0.1)


Poker Hand #HD1711203370: Hold'em No Limit ($0.02/$0.05) - 2024/04/01 21:01:38
Table 'NLHBlue123' 6-max Seat #4 is the button
Seat 1: 8ebc39cb ($4.35 in chips)
Seat 2: 6c0f16c9 ($5.23 in chips)
Seat 3: 7c4aca6c ($6.53 in chips)
Seat 4: 6dcd7cfe ($5.32 in chips)
Seat 5: Hero ($5.63 in chips)
Seat 6: 7fb6428c ($7.25 in chips)
Hero: posts small blind $0.02
7fb6428c: posts big blind $0.05
*** HOLE CARDS ***
Dealt to 8ebc39cb 
Dealt to 6c0f16c9 
Dealt to 7c4aca6c 
Dealt to 6dcd7cfe 
Dealt to Hero [Td Jd]
Dealt to 7fb6428c 
8ebc39cb: folds
6c0f16c9: folds
7c4aca6c: folds
6dcd7cfe: raises $0.07 to $0.12
Hero: raises $0.38 to $0.5
7fb6428c: folds
6dcd7cfe: folds
Uncalled bet ($0.38) returned to Hero
*** SHOWDOWN ***
Hero collected $0.28 from pot
*** SUMMARY ***
Total pot $0.29 | Rake $0.01 | Jackpot $0 | Bingo $0 | Fortune $0 | Tax $0
Seat 1: 8ebc39cb folded before Flop (didn't bet)
Seat 2: 6c0f16c9 folded before Flop (didn't bet)
Seat 3: 7c4aca6c folded before Flop (didn't bet)
Seat 4: 6dcd7cfe (button) folded before Flop
Seat 5: Hero (small blind) collected ($0.28)
Seat 6: 7fb6428c (big blind) folded before Flop


Poker Hand #HD1711203308: Hold'em No Limit ($0.02/$0.05) - 2024/04/01 21:01:09
Table 'NLHBlue123' 6-max Seat #3 is the button
Seat 1: 8ebc39cb ($4.35 in chips)
Seat 2: 6c0f16c9 ($5.23 in chips)
Seat 3: 7c4aca6c ($6.53 in chips)
Seat 4: 6dcd7cfe ($5.34 in chips)
Seat 5: Hero ($5.61 in chips)
Seat 6: 7fb6428c ($7.25 in chips)
6dcd7cfe: posts small blind $0.02
Hero: posts big blind $0.05
*** HOLE CARDS ***
Dealt to 8ebc39cb 
Dealt to 6c0f16c9 
Dealt to 7c4aca6c 
Dealt to 6dcd7cfe 
Dealt to Hero [As 3c]
Dealt to 7fb6428c 
7fb6428c: folds
8ebc39cb: folds
6c0f16c9: folds
7c4aca6c: folds
6dcd7cfe: folds
Uncalled bet ($0.03) returned to Hero
*** SHOWDOWN ***
Hero collected $0.04 from pot
*** SUMMARY ***
Total pot $0.04 | Rake $0 | Jackpot $0 | Bingo $0 | Fortune $0 | Tax $0
Seat 1: 8ebc39cb folded before Flop (didn't bet)
Seat 2: 6c0f16c9 folded before Flop (didn't bet)
Seat 3: 7c4aca6c (button) folded before Flop (didn't bet)
Seat 4: 6dcd7cfe (small blind) folded before Flop
Seat 5: Hero (big blind) collected ($0.04)
Seat 6: 7fb6428c folded before Flop (didn't bet)


Poker Hand #HD1711203229: Hold'em No Limit ($0.02/$0.05) - 2024/04/01 21:00:29
Table 'NLHBlue123' 6-max Seat #2 is the button
Seat 1: 8ebc39cb ($4.35 in chips)
Seat 2: 6c0f16c9 ($5.02 in chips)
Seat 3: 7c4aca6c ($6.55 in chips)
Seat 4: 6dcd7cfe ($5.39 in chips)
Seat 5: Hero ($5.61 in chips)
Seat 6: 7fb6428c ($7.4 in chips)
7c4aca6c: posts small blind $0.02
6dcd7cfe: posts big blind $0.05
*** HOLE CARDS ***
Dealt to 8ebc39cb 
Dealt to 6c0f16c9 
Dealt to 7c4aca6c 
Dealt to 6dcd7cfe 
Dealt to Hero [2d 2s]
Dealt to 7fb6428c 
Hero: folds
7fb6428c: raises $0.1 to $0.15
8ebc39cb: folds
6c0f16c9: raises $0.28 to $0.43
7c4aca6c: folds
6dcd7cfe: folds
7fb6428c: folds
Uncalled bet ($0.28) returned to 6c0f16c9
*** SHOWDOWN ***
6c0f16c9 collected $0.36 from pot
*** SUMMARY ***
Total pot $0.37 | Rake $0.01 | Jackpot $0 | Bingo $0 | Fortune $0 | Tax $0
Seat 1: 8ebc39cb folded before Flop (didn't bet)
Seat 2: 6c0f16c9 (button) collected ($0.36)
Seat 3: 7c4aca6c (small blind) folded before Flop
Seat 4: 6dcd7cfe (big blind) folded before Flop
Seat 5: Hero folded before Flop (didn't bet)
Seat 6: 7fb6428c folded before Flop


Poker Hand #HD1711203068: Hold'em No Limit ($0.02/$0.05) - 2024/04/01 20:59:08
Table 'NLHBlue123' 6-max Seat #1 is the button
Seat 1: 8ebc39cb ($4.35 in chips)
Seat 2: 6c0f16c9 ($5.04 in chips)
Seat 3: 7c4aca6c ($6.65 in chips)
Seat 4: 6dcd7cfe ($5.39 in chips)
Seat 5: Hero ($5.5 in chips)
Seat 6: 7fb6428c ($7.4 in chips)
6c0f16c9: posts small blind $0.02
7c4aca6c: posts big blind $0.05
*** HOLE CARDS ***
Dealt to 8ebc39cb 
Dealt to 6c0f16c9 
Dealt to 7c4aca6c 
Dealt to 6dcd7cfe 
Dealt to Hero [9h 9s]
Dealt to 7fb6428c 
6dcd7cfe: folds
Hero: raises $0.05 to $0.1
7fb6428c: folds
8ebc39cb: folds
6c0f16c9: folds
7c4aca6c: calls $0.05
*** FLOP *** [Ts Qc Ks]
7c4aca6c: checks
Hero: checks
*** TURN *** [Ts Qc Ks] [2s]
7c4aca6c: checks
Hero: checks
*** RIVER *** [Ts Qc Ks 2s] [7h]
7c4aca6c: checks
Hero: checks
7c4aca6c: shows [9c Ah] (Ace-High)
Hero: shows [9h 9s] (Pair of Nines)
*** SHOWDOWN ***
Hero collected $0.21 from pot
*** SUMMARY ***
Total pot $0.22 | Rake $0.01 | Jackpot $0 | Bingo $0 | Fortune $0 | Tax $0
Board [Ts Qc Ks 2s 7h]
Seat 1: 8ebc39cb (button) folded before Flop (didn't bet)
Seat 2: 6c0f16c9 (small blind) folded before Flop
Seat 3: 7c4aca6c (big blind) showed [9c Ah] and lost with Ace-High
Seat 4: 6dcd7cfe folded before Flop (didn't bet)
Seat 5: Hero showed [9h 9s] and won ($0.21) with Pair of Nines
Seat 6: 7fb6428c folded before Flop (didn't bet)


Poker Hand #HD1711202869: Hold'em No Limit ($0.02/$0.05) - 2024/04/01 20:57:33
Table 'NLHBlue123' 6-max Seat #6 is the button
Seat 1: 8ebc39cb ($4.37 in chips)
Seat 2: 6c0f16c9 ($5.3 in chips)
Seat 3: 7c4aca6c ($6.65 in chips)
Seat 4: 6dcd7cfe ($5.39 in chips)
Seat 5: Hero ($5.77 in chips)
Seat 6: 7fb6428c ($7.4 in chips)
8ebc39cb: posts small blind $0.02
6c0f16c9: posts big blind $0.05
*** HOLE CARDS ***
Dealt to 8ebc39cb 
Dealt to 6c0f16c9 
Dealt to 7c4aca6c 
Dealt to 6dcd7cfe 
Dealt to Hero [Ks As]
Dealt to 7fb6428c 
7c4aca6c: folds
6dcd7cfe: folds
Hero: raises $0.08 to $0.13
7fb6428c: folds
8ebc39cb: folds
6c0f16c9: raises $0.42 to $0.55
Hero: raises $0.75 to $1.3
6c0f16c9: raises $4 to $5.3 and is all-in
Hero: calls $4
6c0f16c9: shows [Qs Qd]
Hero: shows [Ks As]
*** FIRST FLOP *** [Ah 5s 2d]
*** FIRST TURN *** [Ah 5s 2d] [Jh]
*** FIRST RIVER *** [Ah 5s 2d Jh] [4c]
*** SECOND FLOP *** [6c Th 2s]
*** SECOND TURN *** [6c Th 2s] [Jc]
*** SECOND RIVER *** [6c Th 2s Jc] [7h]
*** FIRST SHOWDOWN ***
Hero collected $5.03 from pot
*** SECOND SHOWDOWN ***
6c0f16c9 collected $5.04 from pot
*** SUMMARY ***
Total pot $10.62 | Rake $0.5 | Jackpot $0.05 | Bingo $0 | Fortune $0 | Tax $0
Hand was run two times
FIRST Board [Ah 5s 2d Jh 4c]
SECOND Board [6c Th 2s Jc 7h]
Seat 1: 8ebc39cb (small blind) folded before Flop
Seat 2: 6c0f16c9 (big blind) showed [Qs Qd] and lost with Pair of Queens, and won ($5.04) with Pair of Queens
Seat 3: 7c4aca6c folded before Flop (didn't bet)
Seat 4: 6dcd7cfe folded before Flop (didn't bet)
Seat 5: Hero showed [Ks As] and won ($5.03) with Pair of Aces, and lost with Ace-High
Seat 6: 7fb6428c (button) folded before Flop (didn't bet)


Poker Hand #HD1711202839: Hold'em No Limit ($0.02/$0.05) - 2024/04/01 20:57:18
Table 'NLHBlue123' 6-max Seat #5 is the button
Seat 1: 8ebc39cb ($4.42 in chips)
Seat 2: 6c0f16c9 ($5.3 in chips)
Seat 3: 7c4aca6c ($6.65 in chips)
Seat 4: 6dcd7cfe ($5.39 in chips)
Seat 5: Hero ($5.77 in chips)
Seat 6: 7fb6428c ($7.35 in chips)
7fb6428c: posts small blind $0.02
8ebc39cb: posts big blind $0.05
*** HOLE CARDS ***
Dealt to 8ebc39cb 
Dealt to 6c0f16c9 
Dealt to 7c4aca6c 
Dealt to 6dcd7cfe 
Dealt to Hero [7d 2h]
Dealt to 7fb6428c 
6c0f16c9: folds
7c4aca6c: folds
6dcd7cfe: folds
Hero: folds
7fb6428c: raises $0.1 to $0.15
8ebc39cb: folds
Uncalled bet ($0.1) returned to 7fb6428c
*** SHOWDOWN ***
7fb6428c collected $0.1 from pot
*** SUMMARY ***
Total pot $0.1 | Rake $0 | Jackpot $0 | Bingo $0 | Fortune $0 | Tax $0
Seat 1: 8ebc39cb (big blind) folded before Flop
Seat 2: 6c0f16c9 folded before Flop (didn't bet)
Seat 3: 7c4aca6c folded before Flop (didn't bet)
Seat 4: 6dcd7cfe folded before Flop (didn't bet)
Seat 5: Hero (button) folded before Flop (didn't bet)
Seat 6: 7fb6428c (small blind) collected ($0.1)


Poker Hand #HD1711202750: Hold'em No Limit ($0.02/$0.05) - 2024/04/01 20:56:34
Table 'NLHBlue123' 6-max Seat #4 is the button
Seat 1: 8ebc39cb ($4.35 in chips)
Seat 2: 6c0f16c9 ($5.3 in chips)
Seat 3: 7c4aca6c ($6.65 in chips)
Seat 4: 6dcd7cfe ($5.39 in chips)
Seat 5: Hero ($5.79 in chips)
Seat 6: 7fb6428c ($7.4 in chips)
Hero: posts small blind $0.02
7fb6428c: posts big blind $0.05
*** HOLE CARDS ***
Dealt to 8ebc39cb 
Dealt to 6c0f16c9 
Dealt to 7c4aca6c 
Dealt to 6dcd7cfe 
Dealt to Hero [8h 2s]
Dealt to 7fb6428c 
8ebc39cb: raises $0.1 to $0.15
6c0f16c9: folds
7c4aca6c: folds
6dcd7cfe: folds
Hero: folds
7fb6428c: folds
Uncalled bet ($0.1) returned to 8ebc39cb
*** SHOWDOWN ***
8ebc39cb collected $0.12 from pot
*** SUMMARY ***
Total pot $0.12 | Rake $0 | Jackpot $0 | Bingo $0 | Fortune $0 | Tax $0
Seat 1: 8ebc39cb collected ($0.12)
Seat 2: 6c0f16c9 folded before Flop (didn't bet)
Seat 3: 7c4aca6c folded before Flop (didn't bet)
Seat 4: 6dcd7cfe (button) folded before Flop (didn't bet)
Seat 5: Hero (small blind) folded before Flop
Seat 6: 7fb6428c (big blind) folded before Flop


Poker Hand #HD1711202622: Hold'em No Limit ($0.02/$0.05) - 2024/04/01 20:55:30
Table 'NLHBlue123' 6-max Seat #3 is the button
Seat 1: 8ebc39cb ($4.5 in chips)
Seat 2: 6c0f16c9 ($5.3 in chips)
Seat 3: 7c4aca6c ($6.65 in chips)
Seat 4: 6dcd7cfe ($5.41 in chips)
Seat 5: Hero ($5.49 in chips)
Seat 6: 7fb6428c ($7.55 in chips)
6dcd7cfe: posts small blind $0.02
Hero: posts big blind $0.05
*** HOLE CARDS ***
Dealt to 8ebc39cb 
Dealt to 6c0f16c9 
Dealt to 7c4aca6c 
Dealt to 6dcd7cfe 
Dealt to Hero [8s 9s]
Dealt to 7fb6428c 
7fb6428c: raises $0.1 to $0.15
8ebc39cb: calls $0.15
6c0f16c9: folds
7c4aca6c: folds
6dcd7cfe: folds
Hero: calls $0.1
*** FLOP *** [5s 2d 8c]
Hero: checks
7fb6428c: checks
8ebc39cb: checks
*** TURN *** [5s 2d 8c] [Th]
Hero: checks
7fb6428c: checks
8ebc39cb: checks
*** RIVER *** [5s 2d 8c Th] [Td]
Hero: checks
7fb6428c: checks
8ebc39cb: checks
Hero: shows [8s 9s] (Pair of Tens and Pair of Eights)
7fb6428c: shows [Kh Qc] (Pair of Tens)
8ebc39cb: shows [Qd As] (Pair of Tens)
*** SHOWDOWN ***
Hero collected $0.45 from pot
*** SUMMARY ***
Total pot $0.47 | Rake $0.02 | Jackpot $0 | Bingo $0 | Fortune $0 | Tax $0
Board [5s 2d 8c Th Td]
Seat 1: 8ebc39cb showed [Qd As] and lost with Pair of Tens
Seat 2: 6c0f16c9 folded before Flop (didn't bet)
Seat 3: 7c4aca6c (button) folded before Flop (didn't bet)
Seat 4: 6dcd7cfe (small blind) folded before Flop
Seat 5: Hero (big blind) showed [8s 9s] and won ($0.45) with Pair of Tens and Pair of Eights
Seat 6: 7fb6428c showed [Kh Qc] and lost with Pair of Tens


Poker Hand #HD1711202552: Hold'em No Limit ($0.02/$0.05) - 2024/04/01 20:54:56
Table 'NLHBlue123' 6-max Seat #2 is the button
Seat 1: 8ebc39cb ($4.5 in chips)
Seat 2: 6c0f16c9 ($5.23 in chips)
Seat 3: 7c4aca6c ($6.67 in chips)
Seat 4: 6dcd7cfe ($5.46 in chips)
Seat 5: Hero ($5.49 in chips)
Seat 6: 7fb6428c ($7.55 in chips)
7c4aca6c: posts small blind $0.02
6dcd7cfe: posts big blind $0.05
*** HOLE CARDS ***
Dealt to 8ebc39cb 
Dealt to 6c0f16c9 
Dealt to 7c4aca6c 
Dealt to 6dcd7cfe 
Dealt to Hero [2d 2s]
Dealt to 7fb6428c 
Hero: folds
7fb6428c: folds
8ebc39cb: folds
6c0f16c9: raises $0.1 to $0.15
7c4aca6c: folds
6dcd7cfe: folds
Uncalled bet ($0.1) returned to 6c0f16c9
*** SHOWDOWN ***
6c0f16c9 collected $0.12 from pot
*** SUMMARY ***
Total pot $0.12 | Rake $0 | Jackpot $0 | Bingo $0 | Fortune $0 | Tax $0
Seat 1: 8ebc39cb folded before Flop (didn't bet)
Seat 2: 6c0f16c9 (button) collected ($0.12)
Seat 3: 7c4aca6c (small blind) folded before Flop
Seat 4: 6dcd7cfe (big blind) folded before Flop
Seat 5: Hero folded before Flop (didn't bet)
Seat 6: 7fb6428c folded before Flop (didn't bet)


Poker Hand #HD1711202505: Hold'em No Limit ($0.02/$0.05) - 2024/04/01 20:54:26
Table 'NLHBlue123' 6-max Seat #1 is the button
Seat 1: 8ebc39cb ($4.5 in chips)
Seat 2: 6c0f16c9 ($5.25 in chips)
Seat 3: 7c4aca6c ($6.65 in chips)
Seat 4: 6dcd7cfe ($5.46 in chips)
Seat 5: Hero ($5.49 in chips)
Seat 6: 7fb6428c ($7.55 in chips)
6c0f16c9: posts small blind $0.02
7c4aca6c: posts big blind $0.05
*** HOLE CARDS ***
Dealt to 8ebc39cb 
Dealt to 6c0f16c9 
Dealt to 7c4aca6c 
Dealt to 6dcd7cfe 
Dealt to Hero [6d 2d]
Dealt to 7fb6428c 
6dcd7cfe: folds
Hero: folds
7fb6428c: folds
8ebc39cb: folds
6c0f16c9: folds
Uncalled bet ($0.03) returned to 7c4aca6c
*** SHOWDOWN ***
7c4aca6c collected $0.04 from pot
*** SUMMARY ***
Total pot $0.04 | Rake $0 | Jackpot $0 | Bingo $0 | Fortune $0 | Tax $0
Seat 1: 8ebc39cb (button) folded before Flop (didn't bet)
Seat 2: 6c0f16c9 (small blind) folded before Flop
Seat 3: 7c4aca6c (big blind) collected ($0.04)
Seat 4: 6dcd7cfe folded before Flop (didn't bet)
Seat 5: Hero folded before Flop (didn't bet)
Seat 6: 7fb6428c folded before Flop (didn't bet)


Poker Hand #HD1711202450: Hold'em No Limit ($0.02/$0.05) - 2024/04/01 20:53:57
Table 'NLHBlue123' 6-max Seat #6 is the button
Seat 1: 8ebc39cb ($4.52 in chips)
Seat 2: 6c0f16c9 ($5.3 in chips)
Seat 3: 7c4aca6c ($6.65 in chips)
Seat 4: 6dcd7cfe ($5.39 in chips)
Seat 5: Hero ($5.49 in chips)
Seat 6: 7fb6428c ($7.55 in chips)
8ebc39cb: posts small blind $0.02
6c0f16c9: posts big blind $0.05
*** HOLE CARDS ***
Dealt to 8ebc39cb 
Dealt to 6c0f16c9 
Dealt to 7c4aca6c 
Dealt to 6dcd7cfe 
Dealt to Hero [7s 2d]
Dealt to 7fb6428c 
7c4aca6c: folds
6dcd7cfe: raises $0.1 to $0.15
Hero: folds
7fb6428c: folds
8ebc39cb: folds
6c0f16c9: folds
Uncalled bet ($0.1) returned to 6dcd7cfe
*** SHOWDOWN ***
6dcd7cfe collected $0.12 from pot
*** SUMMARY ***
Total pot $0.12 | Rake $0 | Jackpot $0 | Bingo $0 | Fortune $0 | Tax $0
Seat 1: 8ebc39cb (small blind) folded before Flop
Seat 2: 6c0f16c9 (big blind) folded before Flop
Seat 3: 7c4aca6c folded before Flop (didn't bet)
Seat 4: 6dcd7cfe collected ($0.12)
Seat 5: Hero folded before Flop (didn't bet)
Seat 6: 7fb6428c (button) folded before Flop (didn't bet)


Poker Hand #HD1711202413: Hold'em No Limit ($0.02/$0.05) - 2024/04/01 20:53:34
Table 'NLHBlue123' 6-max Seat #5 is the button
Seat 1: 8ebc39cb ($4.57 in chips)
Seat 2: 6c0f16c9 ($5.23 in chips)
Seat 3: 7c4aca6c ($6.65 in chips)
Seat 4: 6dcd7cfe ($5.39 in chips)
Seat 5: Hero ($5.49 in chips)
Seat 6: 7fb6428c ($7.57 in chips)
7fb6428c: posts small blind $0.02
8ebc39cb: posts big blind $0.05
*** HOLE CARDS ***
Dealt to 8ebc39cb 
Dealt to 6c0f16c9 
Dealt to 7c4aca6c 
Dealt to 6dcd7cfe 
Dealt to Hero [Js Qd]
Dealt to 7fb6428c 
6c0f16c9: raises $0.05 to $0.1
7c4aca6c: folds
6dcd7cfe: folds
Hero: folds
7fb6428c: folds
8ebc39cb: folds
Uncalled bet ($0.05) returned to 6c0f16c9
*** SHOWDOWN ***
6c0f16c9 collected $0.12 from pot
*** SUMMARY ***
Total pot $0.12 | Rake $0 | Jackpot $0 | Bingo $0 | Fortune $0 | Tax $0
Seat 1: 8ebc39cb (big blind) folded before Flop
Seat 2: 6c0f16c9 collected ($0.12)
Seat 3: 7c4aca6c folded before Flop (didn't bet)
Seat 4: 6dcd7cfe folded before Flop (didn't bet)
Seat 5: Hero (button) folded before Flop (didn't bet)
Seat 6: 7fb6428c (small blind) folded before Flop


Poker Hand #HD1711202366: Hold'em No Limit ($0.02/$0.05) - 2024/04/01 20:53:12
Table 'NLHBlue123' 6-max Seat #4 is the button
Seat 1: 8ebc39cb ($4.5 in chips)
Seat 2: 6c0f16c9 ($5.23 in chips)
Seat 3: 7c4aca6c ($6.65 in chips)
Seat 4: 6dcd7cfe ($5.39 in chips)
Seat 5: Hero ($5.51 in chips)
Seat 6: 7fb6428c ($7.62 in chips)
Hero: posts small blind $0.02
7fb6428c: posts big blind $0.05
*** HOLE CARDS ***
Dealt to 8ebc39cb 
Dealt to 6c0f16c9 
Dealt to 7c4aca6c 
Dealt to 6dcd7cfe 
Dealt to Hero [8s 5h]
Dealt to 7fb6428c 
8ebc39cb: raises $0.1 to $0.15
6c0f16c9: folds
7c4aca6c: folds
6dcd7cfe: folds
Hero: folds
7fb6428c: folds
Uncalled bet ($0.1) returned to 8ebc39cb
*** SHOWDOWN ***
8ebc39cb collected $0.12 from pot
*** SUMMARY ***
Total pot $0.12 | Rake $0 | Jackpot $0 | Bingo $0 | Fortune $0 | Tax $0
Seat 1: 8ebc39cb collected ($0.12)
Seat 2: 6c0f16c9 folded before Flop (didn't bet)
Seat 3: 7c4aca6c folded before Flop (didn't bet)
Seat 4: 6dcd7cfe (button) folded before Flop (didn't bet)
Seat 5: Hero (small blind) folded before Flop
Seat 6: 7fb6428c (big blind) folded before Flop


Poker Hand #HD1711202333: Hold'em No Limit ($0.02/$0.05) - 2024/04/01 20:52:55
Table 'NLHBlue123' 6-max Seat #3 is the button
Seat 1: 8ebc39cb ($4.5 in chips)
Seat 2: 6c0f16c9 ($5.16 in chips)
Seat 3: 7c4aca6c ($6.65 in chips)
Seat 4: 6dcd7cfe ($5.41 in chips)
Seat 5: Hero ($5.56 in chips)
Seat 6: 7fb6428c ($7.62 in chips)
6dcd7cfe: posts small blind $0.02
Hero: posts big blind $0.05
*** HOLE CARDS ***
Dealt to 8ebc39cb 
Dealt to 6c0f16c9 
Dealt to 7c4aca6c 
Dealt to 6dcd7cfe 
Dealt to Hero [7c Qh]
Dealt to 7fb6428c 
7fb6428c: folds
8ebc39cb: folds
6c0f16c9: raises $0.08 to $0.13
7c4aca6c: folds
6dcd7cfe: folds
Hero: folds
Uncalled bet ($0.08) returned to 6c0f16c9
*** SHOWDOWN ***
6c0f16c9 collected $0.12 from pot
*** SUMMARY ***
Total pot $0.12 | Rake $0 | Jackpot $0 | Bingo $0 | Fortune $0 | Tax $0
Seat 1: 8ebc39cb folded before Flop (didn't bet)
Seat 2: 6c0f16c9 collected ($0.12)
Seat 3: 7c4aca6c (button) folded before Flop (didn't bet)
Seat 4: 6dcd7cfe (small blind) folded before Flop
Seat 5: Hero (big blind) folded before Flop
Seat 6: 7fb6428c folded before Flop (didn't bet)


Poker Hand #HD1711202281: Hold'em No Limit ($0.02/$0.05) - 2024/04/01 20:52:29
Table 'NLHBlue123' 6-max Seat #2 is the button
Seat 1: 8ebc39cb ($4.5 in chips)
Seat 2: 6c0f16c9 ($5.09 in chips)
Seat 3: 7c4aca6c ($6.67 in chips)
Seat 4: 6dcd7cfe ($5.46 in chips)
Seat 5: Hero ($5.56 in chips)
Seat 6: 7fb6428c ($7.62 in chips)
7c4aca6c: posts small blind $0.02
6dcd7cfe: posts big blind $0.05
*** HOLE CARDS ***
Dealt to 8ebc39cb 
Dealt to 6c0f16c9 
Dealt to 7c4aca6c 
Dealt to 6dcd7cfe 
Dealt to Hero [Qh 3c]
Dealt to 7fb6428c 
Hero: folds
7fb6428c: folds
8ebc39cb: folds
6c0f16c9: raises $0.1 to $0.15
7c4aca6c: folds
6dcd7cfe: folds
Uncalled bet ($0.1) returned to 6c0f16c9
*** SHOWDOWN ***
6c0f16c9 collected $0.12 from pot
*** SUMMARY ***
Total pot $0.12 | Rake $0 | Jackpot $0 | Bingo $0 | Fortune $0 | Tax $0
Seat 1: 8ebc39cb folded before Flop (didn't bet)
Seat 2: 6c0f16c9 (button) collected ($0.12)
Seat 3: 7c4aca6c (small blind) folded before Flop
Seat 4: 6dcd7cfe (big blind) folded before Flop
Seat 5: Hero folded before Flop (didn't bet)
Seat 6: 7fb6428c folded before Flop (didn't bet)


Poker Hand #HD1711202214: Hold'em No Limit ($0.02/$0.05) - 2024/04/01 20:51:58
Table 'NLHBlue123' 6-max Seat #1 is the button
Seat 1: 8ebc39cb ($4.6 in chips)
Seat 2: 6c0f16c9 ($4.95 in chips)
Seat 3: 7c4aca6c ($6.72 in chips)
Seat 4: 6dcd7cfe ($5.46 in chips)
Seat 5: Hero ($5.56 in chips)
Seat 6: 7fb6428c ($7.62 in chips)
6c0f16c9: posts small blind $0.02
7c4aca6c: posts big blind $0.05
*** HOLE CARDS ***
Dealt to 8ebc39cb 
Dealt to 6c0f16c9 
Dealt to 7c4aca6c 
Dealt to 6dcd7cfe 
Dealt to Hero [Kd 5h]
Dealt to 7fb6428c 
6dcd7cfe: folds
Hero: folds
7fb6428c: folds
8ebc39cb: raises $0.05 to $0.1
6c0f16c9: raises $0.3 to $0.4
7c4aca6c: folds
8ebc39cb: folds
Uncalled bet ($0.3) returned to 6c0f16c9
*** SHOWDOWN ***
6c0f16c9 collected $0.24 from pot
*** SUMMARY ***
Total pot $0.25 | Rake $0.01 | Jackpot $0 | Bingo $0 | Fortune $0 | Tax $0
Seat 1: 8ebc39cb (button) folded before Flop
Seat 2: 6c0f16c9 (small blind) collected ($0.24)
Seat 3: 7c4aca6c (big blind) folded before Flop
Seat 4: 6dcd7cfe folded before Flop (didn't bet)
Seat 5: Hero folded before Flop (didn't bet)
Seat 6: 7fb6428c folded before Flop (didn't bet)


Poker Hand #HD1711202114: Hold'em No Limit ($0.02/$0.05) - 2024/04/01 20:51:03
Table 'NLHBlue123' 6-max Seat #6 is the button
Seat 1: 8ebc39cb ($4.62 in chips)
Seat 2: 6c0f16c9 ($5 in chips)
Seat 3: 7c4aca6c ($7.17 in chips)
Seat 4: 6dcd7cfe ($5.46 in chips)
Seat 5: Hero ($5.08 in chips)
Seat 6: 7fb6428c ($7.62 in chips)
8ebc39cb: posts small blind $0.02
6c0f16c9: posts big blind $0.05
*** HOLE CARDS ***
Dealt to 8ebc39cb 
Dealt to 6c0f16c9 
Dealt to 7c4aca6c 
Dealt to 6dcd7cfe 
Dealt to Hero [Qd Ad]
Dealt to 7fb6428c 
7c4aca6c: raises $0.08 to $0.13
6dcd7cfe: folds
Hero: raises $0.32 to $0.45
7fb6428c: folds
8ebc39cb: folds
6c0f16c9: folds
7c4aca6c: calls $0.32
*** FLOP *** [Kh As 4h]
7c4aca6c: checks
Hero: bets $0.35
7c4aca6c: folds
Uncalled bet ($0.35) returned to Hero
*** SHOWDOWN ***
Hero collected $0.93 from pot
*** SUMMARY ***
Total pot $0.97 | Rake $0.04 | Jackpot $0 | Bingo $0 | Fortune $0 | Tax $0
Board [Kh As 4h]
Seat 1: 8ebc39cb (small blind) folded before Flop
Seat 2: 6c0f16c9 (big blind) folded before Flop
Seat 3: 7c4aca6c folded on the Flop
Seat 4: 6dcd7cfe folded before Flop (didn't bet)
Seat 5: Hero won ($0.93)
Seat 6: 7fb6428c (button) folded before Flop (didn't bet)


Poker Hand #HD1711202081: Hold'em No Limit ($0.02/$0.05) - 2024/04/01 20:50:43
Table 'NLHBlue123' 6-max Seat #5 is the button
Seat 1: 8ebc39cb ($4.67 in chips)
Seat 3: 7c4aca6c ($7.17 in chips)
Seat 4: 6dcd7cfe ($5.39 in chips)
Seat 5: Hero ($5.08 in chips)
Seat 6: 7fb6428c ($7.64 in chips)
7fb6428c: posts small blind $0.02
8ebc39cb: posts big blind $0.05
*** HOLE CARDS ***
Dealt to 8ebc39cb 
Dealt to 7c4aca6c 
Dealt to 6dcd7cfe 
Dealt to Hero [2h Ks]
Dealt to 7fb6428c 
7c4aca6c: folds
6dcd7cfe: raises $0.1 to $0.15
Hero: folds
7fb6428c: folds
8ebc39cb: folds
Uncalled bet ($0.1) returned to 6dcd7cfe
*** SHOWDOWN ***
6dcd7cfe collected $0.12 from pot
*** SUMMARY ***
Total pot $0.12 | Rake $0 | Jackpot $0 | Bingo $0 | Fortune $0 | Tax $0
Seat 1: 8ebc39cb (big blind) folded before Flop
Seat 3: 7c4aca6c folded before Flop (didn't bet)
Seat 4: 6dcd7cfe collected ($0.12)
Seat 5: Hero (button) folded before Flop (didn't bet)
Seat 6: 7fb6428c (small blind) folded before Flop


Poker Hand #HD1711202005: Hold'em No Limit ($0.02/$0.05) - 2024/04/01 20:50:05
Table 'NLHBlue123' 6-max Seat #4 is the button
Seat 1: 8ebc39cb ($4.8 in chips)
Seat 3: 7c4aca6c ($7.17 in chips)
Seat 4: 6dcd7cfe ($5.2 in chips)
Seat 5: Hero ($5.1 in chips)
Seat 6: 7fb6428c ($7.69 in chips)
Hero: posts small blind $0.02
7fb6428c: posts big blind $0.05
*** HOLE CARDS ***
Dealt to 8ebc39cb 
Dealt to 7c4aca6c 
Dealt to 6dcd7cfe 
Dealt to Hero [7s Kh]
Dealt to 7fb6428c 
8ebc39cb: raises $0.08 to $0.13
7c4aca6c: folds
6dcd7cfe: raises $0.17 to $0.3
Hero: folds
7fb6428c: folds
8ebc39cb: folds
Uncalled bet ($0.17) returned to 6dcd7cfe
*** SHOWDOWN ***
6dcd7cfe collected $0.32 from pot
*** SUMMARY ***
Total pot $0.33 | Rake $0.01 | Jackpot $0 | Bingo $0 | Fortune $0 | Tax $0
Seat 1: 8ebc39cb folded before Flop
Seat 3: 7c4aca6c folded before Flop (didn't bet)
Seat 4: 6dcd7cfe (button) collected ($0.32)
Seat 5: Hero (small blind) folded before Flop
Seat 6: 7fb6428c (big blind) folded before Flop


Poker Hand #HD1711201963: Hold'em No Limit ($0.02/$0.05) - 2024/04/01 20:49:45
Table 'NLHBlue123' 6-max Seat #3 is the button
Seat 1: 8ebc39cb ($4.8 in chips)
Seat 3: 7c4aca6c ($7.1 in chips)
Seat 4: 6dcd7cfe ($5.22 in chips)
Seat 5: Hero ($5.15 in chips)
Seat 6: 7fb6428c ($7.69 in chips)
6dcd7cfe: posts small blind $0.02
Hero: posts big blind $0.05
*** HOLE CARDS ***
Dealt to 8ebc39cb 
Dealt to 7c4aca6c 
Dealt to 6dcd7cfe 
Dealt to Hero [7h Kd]
Dealt to 7fb6428c 
7fb6428c: folds
8ebc39cb: folds
7c4aca6c: raises $0.08 to $0.13
6dcd7cfe: folds
Hero: folds
Uncalled bet ($0.08) returned to 7c4aca6c
*** SHOWDOWN ***
7c4aca6c collected $0.12 from pot
*** SUMMARY ***
Total pot $0.12 | Rake $0 | Jackpot $0 | Bingo $0 | Fortune $0 | Tax $0
Seat 1: 8ebc39cb folded before Flop (didn't bet)
Seat 3: 7c4aca6c (button) collected ($0.12)
Seat 4: 6dcd7cfe (small blind) folded before Flop
Seat 5: Hero (big blind) folded before Flop
Seat 6: 7fb6428c folded before Flop (didn't bet)


Poker Hand #HD1711201937: Hold'em No Limit ($0.02/$0.05) - 2024/04/01 20:49:31
Table 'NLHBlue123' 6-max Seat #1 is the button
Seat 1: 8ebc39cb ($4.8 in chips)
Seat 3: 7c4aca6c ($7.12 in chips)
Seat 4: 6dcd7cfe ($5.2 in chips)
Seat 5: Hero ($5.15 in chips)
Seat 6: 7fb6428c ($7.69 in chips)
7c4aca6c: posts small blind $0.02
6dcd7cfe: posts big blind $0.05
*** HOLE CARDS ***
Dealt to 8ebc39cb 
Dealt to 7c4aca6c 
Dealt to 6dcd7cfe 
Dealt to Hero [6c As]
Dealt to 7fb6428c 
Hero: folds
7fb6428c: folds
8ebc39cb: folds
7c4aca6c: folds
Uncalled bet ($0.03) returned to 6dcd7cfe
*** SHOWDOWN ***
6dcd7cfe collected $0.04 from pot
*** SUMMARY ***
Total pot $0.04 | Rake $0 | Jackpot $0 | Bingo $0 | Fortune $0 | Tax $0
Seat 1: 8ebc39cb (button) folded before Flop (didn't bet)
Seat 3: 7c4aca6c (small blind) folded before Flop
Seat 4: 6dcd7cfe (big blind) collected ($0.04)
Seat 5: Hero folded before Flop (didn't bet)
Seat 6: 7fb6428c folded before Flop (didn't bet)


Poker Hand #HD1711201874: Hold'em No Limit ($0.02/$0.05) - 2024/04/01 20:49:02
Table 'NLHBlue123' 6-max Seat #6 is the button
Seat 1: 8ebc39cb ($4.82 in chips)
Seat 3: 7c4aca6c ($7.17 in chips)
Seat 4: 6dcd7cfe ($5.2 in chips)
Seat 5: Hero ($5.15 in chips)
Seat 6: 7fb6428c ($7.62 in chips)
8ebc39cb: posts small blind $0.02
7c4aca6c: posts big blind $0.05
*** HOLE CARDS ***
Dealt to 8ebc39cb 
Dealt to 7c4aca6c 
Dealt to 6dcd7cfe 
Dealt to Hero [Qs 4c]
Dealt to 7fb6428c 
6dcd7cfe: folds
Hero: folds
7fb6428c: raises $0.08 to $0.13
8ebc39cb: folds
7c4aca6c: folds
Uncalled bet ($0.08) returned to 7fb6428c
*** SHOWDOWN ***
7fb6428c collected $0.12 from pot
*** SUMMARY ***
Total pot $0.12 | Rake $0 | Jackpot $0 | Bingo $0 | Fortune $0 | Tax $0
Seat 1: 8ebc39cb (small blind) folded before Flop
Seat 3: 7c4aca6c (big blind) folded before Flop
Seat 4: 6dcd7cfe folded before Flop (didn't bet)
Seat 5: Hero folded before Flop (didn't bet)
Seat 6: 7fb6428c (button) collected ($0.12)


Poker Hand #HD1711201833: Hold'em No Limit ($0.02/$0.05) - 2024/04/01 20:48:34
Table 'NLHBlue123' 6-max Seat #5 is the button
Seat 1: 8ebc39cb ($4.87 in chips)
Seat 3: 7c4aca6c ($7.17 in chips)
Seat 4: 6dcd7cfe ($5.2 in chips)
Seat 5: Hero ($5.08 in chips)
Seat 6: 7fb6428c ($7.64 in chips)
7fb6428c: posts small blind $0.02
8ebc39cb: posts big blind $0.05
*** HOLE CARDS ***
Dealt to 8ebc39cb 
Dealt to 7c4aca6c 
Dealt to 6dcd7cfe 
Dealt to Hero [Td Qc]
Dealt to 7fb6428c 
7c4aca6c: folds
6dcd7cfe: folds
Hero: raises $0.08 to $0.13
7fb6428c: folds
8ebc39cb: folds
Uncalled bet ($0.08) returned to Hero
*** SHOWDOWN ***
Hero collected $0.12 from pot
*** SUMMARY ***
Total pot $0.12 | Rake $0 | Jackpot $0 | Bingo $0 | Fortune $0 | Tax $0
Seat 1: 8ebc39cb (big blind) folded before Flop
Seat 3: 7c4aca6c folded before Flop (didn't bet)
Seat 4: 6dcd7cfe folded before Flop (didn't bet)
Seat 5: Hero (button) collected ($0.12)
Seat 6: 7fb6428c (small blind) folded before Flop


Poker Hand #HD1711201730: Hold'em No Limit ($0.02/$0.05) - 2024/04/01 20:47:47
Table 'NLHBlue123' 6-max Seat #4 is the button
Seat 1: 8ebc39cb ($4.87 in chips)
Seat 3: 7c4aca6c ($7.17 in chips)
Seat 4: 6dcd7cfe ($5.45 in chips)
Seat 5: Hero ($5.1 in chips)
Seat 6: 7fb6428c ($7.39 in chips)
Hero: posts small blind $0.02
7fb6428c: posts big blind $0.05
*** HOLE CARDS ***
Dealt to 8ebc39cb 
Dealt to 7c4aca6c 
Dealt to 6dcd7cfe 
Dealt to Hero [6s 2h]
Dealt to 7fb6428c 
8ebc39cb: folds
7c4aca6c: folds
6dcd7cfe: raises $0.07 to $0.12
Hero: folds
7fb6428c: calls $0.07
*** FLOP *** [8h Ts Ac]
7fb6428c: checks
6dcd7cfe: checks
*** TURN *** [8h Ts Ac] [8s]
7fb6428c: bets $0.13
6dcd7cfe: calls $0.13
*** RIVER *** [8h Ts Ac 8s] [Kh]
7fb6428c: bets $0.39
6dcd7cfe: folds
Uncalled bet ($0.39) returned to 7fb6428c
*** SHOWDOWN ***
7fb6428c collected $0.5 from pot
*** SUMMARY ***
Total pot $0.52 | Rake $0.02 | Jackpot $0 | Bingo $0 | Fortune $0 | Tax $0
Board [8h Ts Ac 8s Kh]
Seat 1: 8ebc39cb folded before Flop (didn't bet)
Seat 3: 7c4aca6c folded before Flop (didn't bet)
Seat 4: 6dcd7cfe (button) folded on the River
Seat 5: Hero (small blind) folded before Flop
Seat 6: 7fb6428c (big blind) won ($0.5)


Poker Hand #HD1711201631: Hold'em No Limit ($0.02/$0.05) - 2024/04/01 20:47:04
Table 'NLHBlue123' 6-max Seat #3 is the button
Seat 1: 8ebc39cb ($5 in chips)
Seat 2: 6c0f16c9 ($4.88 in chips)
Seat 3: 7c4aca6c ($6.63 in chips)
Seat 4: 6dcd7cfe ($5.47 in chips)
Seat 5: Hero ($5.15 in chips)
6dcd7cfe: posts small blind $0.02
Hero: posts big blind $0.05
*** HOLE CARDS ***
Dealt to 8ebc39cb 
Dealt to 6c0f16c9 
Dealt to 7c4aca6c 
Dealt to 6dcd7cfe 
Dealt to Hero [3d 3s]
8ebc39cb: raises $0.08 to $0.13
6c0f16c9: raises $0.25 to $0.38
7c4aca6c: raises $0.65 to $1.03
6dcd7cfe: folds
Hero: folds
8ebc39cb: folds
6c0f16c9: folds
Uncalled bet ($0.65) returned to 7c4aca6c
*** SHOWDOWN ***
7c4aca6c collected $0.92 from pot
*** SUMMARY ***
Total pot $0.96 | Rake $0.04 | Jackpot $0 | Bingo $0 | Fortune $0 | Tax $0
Seat 1: 8ebc39cb folded before Flop
Seat 2: 6c0f16c9 folded before Flop
Seat 3: 7c4aca6c (button) collected ($0.92)
Seat 4: 6dcd7cfe (small blind) folded before Flop
Seat 5: Hero (big blind) folded before Flop


Poker Hand #HD1711201428: Hold'em No Limit ($0.02/$0.05) - 2024/04/01 20:45:28
Table 'NLHBlue123' 6-max Seat #2 is the button
Seat 1: 8ebc39cb ($5 in chips)
Seat 2: 6c0f16c9 ($4.88 in chips)
Seat 3: 7c4aca6c ($7.15 in chips)
Seat 4: 6dcd7cfe ($5 in chips)
Seat 5: Hero ($5.15 in chips)
7c4aca6c: posts small blind $0.02
6dcd7cfe: posts big blind $0.05
*** HOLE CARDS ***
Dealt to 8ebc39cb 
Dealt to 6c0f16c9 
Dealt to 7c4aca6c 
Dealt to 6dcd7cfe 
Dealt to Hero [8s Kh]
Hero: folds
8ebc39cb: folds
6c0f16c9: folds
7c4aca6c: raises $0.08 to $0.13
6dcd7cfe: calls $0.08
*** FLOP *** [3h 2d Qc]
7c4aca6c: bets $0.13
6dcd7cfe: calls $0.13
*** TURN *** [3h 2d Qc] [Qh]
7c4aca6c: checks
6dcd7cfe: checks
*** RIVER *** [3h 2d Qc Qh] [As]
7c4aca6c: bets $0.26
6dcd7cfe: calls $0.26
7c4aca6c: shows [9d 7h] (Pair of Queens)
6dcd7cfe: shows [6d 6c] (Pair of Queens and Pair of Sixes)
*** SHOWDOWN ***
6dcd7cfe collected $0.99 from pot
*** SUMMARY ***
Total pot $1.04 | Rake $0.05 | Jackpot $0 | Bingo $0 | Fortune $0 | Tax $0
Board [3h 2d Qc Qh As]
Seat 1: 8ebc39cb folded before Flop (didn't bet)
Seat 2: 6c0f16c9 (button) folded before Flop (didn't bet)
Seat 3: 7c4aca6c (small blind) showed [9d 7h] and lost with Pair of Queens
Seat 4: 6dcd7cfe (big blind) showed [6d 6c] and won ($0.99) with Pair of Queens and Pair of Sixes
Seat 5: Hero folded before Flop (didn't bet)


Poker Hand #HD1711201333: Hold'em No Limit ($0.02/$0.05) - 2024/04/01 20:44:40
Table 'NLHBlue123' 6-max Seat #1 is the button
Seat 1: 8ebc39cb ($5.1 in chips)
Seat 2: 6c0f16c9 ($4.9 in chips)
Seat 3: 7c4aca6c ($7.04 in chips)
Seat 5: Hero ($5.15 in chips)
6c0f16c9: posts small blind $0.02
7c4aca6c: posts big blind $0.05
*** HOLE CARDS ***
Dealt to 8ebc39cb 
Dealt to 6c0f16c9 
Dealt to 7c4aca6c 
Dealt to Hero [6h Jc]
Hero: folds
8ebc39cb: raises $0.05 to $0.1
6c0f16c9: folds
7c4aca6c: calls $0.05
*** FLOP *** [9h 7s 5c]
7c4aca6c: checks
8ebc39cb: checks
*** TURN *** [9h 7s 5c] [2d]
7c4aca6c: bets $0.11
8ebc39cb: folds
Uncalled bet ($0.11) returned to 7c4aca6c
*** SHOWDOWN ***
7c4aca6c collected $0.21 from pot
*** SUMMARY ***
Total pot $0.22 | Rake $0.01 | Jackpot $0 | Bingo $0 | Fortune $0 | Tax $0
Board [9h 7s 5c 2d]
Seat 1: 8ebc39cb (button) folded on the Turn
Seat 2: 6c0f16c9 (small blind) folded before Flop
Seat 3: 7c4aca6c (big blind) won ($0.21)
Seat 5: Hero folded before Flop (didn't bet)


Poker Hand #HD1711201304: Hold'em No Limit ($0.02/$0.05) - 2024/04/01 20:44:29
Table 'NLHBlue123' 6-max Seat #5 is the button
Seat 1: 8ebc39cb ($5.12 in chips)
Seat 2: 6c0f16c9 ($4.88 in chips)
Seat 3: 7c4aca6c ($7.04 in chips)
Seat 5: Hero ($5.15 in chips)
8ebc39cb: posts small blind $0.02
6c0f16c9: posts big blind $0.05
*** HOLE CARDS ***
Dealt to 8ebc39cb 
Dealt to 6c0f16c9 
Dealt to 7c4aca6c 
Dealt to Hero [6d 4d]
7c4aca6c: folds
Hero: folds
8ebc39cb: folds
Uncalled bet ($0.03) returned to 6c0f16c9
*** SHOWDOWN ***
6c0f16c9 collected $0.04 from pot
*** SUMMARY ***
Total pot $0.04 | Rake $0 | Jackpot $0 | Bingo $0 | Fortune $0 | Tax $0
Seat 1: 8ebc39cb (small blind) folded before Flop
Seat 2: 6c0f16c9 (big blind) collected ($0.04)
Seat 3: 7c4aca6c folded before Flop (didn't bet)
Seat 5: Hero (button) folded before Flop (didn't bet)


Poker Hand #HD1711201278: Hold'em No Limit ($0.02/$0.05) - 2024/04/01 20:44:18
Table 'NLHBlue123' 6-max Seat #3 is the button
Seat 1: 8ebc39cb ($5.1 in chips)
Seat 2: 6c0f16c9 ($4.88 in chips)
Seat 3: 7c4aca6c ($7.04 in chips)
Seat 5: Hero ($5.17 in chips)
Hero: posts small blind $0.02
8ebc39cb: posts big blind $0.05
*** HOLE CARDS ***
Dealt to 8ebc39cb 
Dealt to 6c0f16c9 
Dealt to 7c4aca6c 
Dealt to Hero [Ah 7c]
6c0f16c9: folds
7c4aca6c: folds
Hero: folds
Uncalled bet ($0.03) returned to 8ebc39cb
*** SHOWDOWN ***
8ebc39cb collected $0.04 from pot
*** SUMMARY ***
Total pot $0.04 | Rake $0 | Jackpot $0 | Bingo $0 | Fortune $0 | Tax $0
Seat 1: 8ebc39cb (big blind) collected ($0.04)
Seat 2: 6c0f16c9 folded before Flop (didn't bet)
Seat 3: 7c4aca6c (button) folded before Flop (didn't bet)
Seat 5: Hero (small blind) folded before Flop


Poker Hand #HD1711201237: Hold'em No Limit ($0.02/$0.05) - 2024/04/01 20:43:56
Table 'NLHBlue123' 6-max Seat #2 is the button
Seat 1: 8ebc39cb ($5.1 in chips)
Seat 2: 6c0f16c9 ($4.88 in chips)
Seat 3: 7c4aca6c ($7.06 in chips)
Seat 4: 68a45a28 ($5.22 in chips)
Seat 5: Hero ($5.1 in chips)
7c4aca6c: posts small blind $0.02
68a45a28: posts big blind $0.05
*** HOLE CARDS ***
Dealt to 8ebc39cb 
Dealt to 6c0f16c9 
Dealt to 7c4aca6c 
Dealt to 68a45a28 
Dealt to Hero [Kc Ah]
Hero: raises $0.05 to $0.1
8ebc39cb: folds
6c0f16c9: folds
7c4aca6c: folds
68a45a28: folds
Uncalled bet ($0.05) returned to Hero
*** SHOWDOWN ***
Hero collected $0.12 from pot
*** SUMMARY ***
Total pot $0.12 | Rake $0 | Jackpot $0 | Bingo $0 | Fortune $0 | Tax $0
Seat 1: 8ebc39cb folded before Flop (didn't bet)
Seat 2: 6c0f16c9 (button) folded before Flop (didn't bet)
Seat 3: 7c4aca6c (small blind) folded before Flop
Seat 4: 68a45a28 (big blind) folded before Flop
Seat 5: Hero collected ($0.12)


Poker Hand #HD1711201115: Hold'em No Limit ($0.02/$0.05) - 2024/04/01 20:42:56
Table 'NLHBlue123' 6-max Seat #1 is the button
Seat 1: 8ebc39cb ($5.1 in chips)
Seat 2: 6c0f16c9 ($4.9 in chips)
Seat 3: 7c4aca6c ($7.11 in chips)
Seat 4: 68a45a28 ($4.82 in chips)
Seat 5: Hero ($5.47 in chips)
6c0f16c9: posts small blind $0.02
7c4aca6c: posts big blind $0.05
*** HOLE CARDS ***
Dealt to 8ebc39cb 
Dealt to 6c0f16c9 
Dealt to 7c4aca6c 
Dealt to 68a45a28 
Dealt to Hero [Kh Qs]
68a45a28: calls $0.05
Hero: raises $0.12 to $0.17
8ebc39cb: folds
6c0f16c9: folds
7c4aca6c: folds
68a45a28: calls $0.12
*** FLOP *** [7c 8c Td]
68a45a28: checks
Hero: checks
*** TURN *** [7c 8c Td] [Ad]
68a45a28: checks
Hero: bets $0.2
68a45a28: calls $0.2
*** RIVER *** [7c 8c Td Ad] [Kd]
68a45a28: checks
Hero: checks
68a45a28: shows [Th Ts] (Three Tens)
Hero: shows [Kh Qs] (Pair of Kings)
*** SHOWDOWN ***
68a45a28 collected $0.77 from pot
*** SUMMARY ***
Total pot $0.81 | Rake $0.04 | Jackpot $0 | Bingo $0 | Fortune $0 | Tax $0
Board [7c 8c Td Ad Kd]
Seat 1: 8ebc39cb (button) folded before Flop (didn't bet)
Seat 2: 6c0f16c9 (small blind) folded before Flop
Seat 3: 7c4aca6c (big blind) folded before Flop
Seat 4: 68a45a28 showed [Th Ts] and won ($0.77) with Three Tens
Seat 5: Hero showed [Kh Qs] and lost with Pair of Kings


Poker Hand #HD1711200977: Hold'em No Limit ($0.02/$0.05) - 2024/04/01 20:41:50
Table 'NLHBlue123' 6-max Seat #6 is the button
Seat 1: 8ebc39cb ($5.12 in chips)
Seat 2: 6c0f16c9 ($5 in chips)
Seat 3: 7c4aca6c ($7.11 in chips)
Seat 4: 68a45a28 ($4.71 in chips)
Seat 5: Hero ($5.47 in chips)
Seat 6: 7fb6428c ($7.39 in chips)
8ebc39cb: posts small blind $0.02
6c0f16c9: posts big blind $0.05
*** HOLE CARDS ***
Dealt to 8ebc39cb 
Dealt to 6c0f16c9 
Dealt to 7c4aca6c 
Dealt to 68a45a28 
Dealt to Hero [7d 2d]
Dealt to 7fb6428c 
7c4aca6c: folds
68a45a28: calls $0.05
Hero: folds
7fb6428c: folds
8ebc39cb: folds
6c0f16c9: checks
*** FLOP *** [Ts Kd Qh]
6c0f16c9: checks
68a45a28: checks
*** TURN *** [Ts Kd Qh] [Qc]
6c0f16c9: bets $0.05
68a45a28: calls $0.05
*** RIVER *** [Ts Kd Qh Qc] [9c]
6c0f16c9: checks
68a45a28: bets $0.17
6c0f16c9: folds
Uncalled bet ($0.17) returned to 68a45a28
*** SHOWDOWN ***
68a45a28 collected $0.21 from pot
*** SUMMARY ***
Total pot $0.22 | Rake $0.01 | Jackpot $0 | Bingo $0 | Fortune $0 | Tax $0
Board [Ts Kd Qh Qc 9c]
Seat 1: 8ebc39cb (small blind) folded before Flop
Seat 2: 6c0f16c9 (big blind) folded on the River
Seat 3: 7c4aca6c folded before Flop (didn't bet)
Seat 4: 68a45a28 won ($0.21)
Seat 5: Hero folded before Flop (didn't bet)
Seat 6: 7fb6428c (button) folded before Flop (didn't bet)


Poker Hand #HD1711200847: Hold'em No Limit ($0.02/$0.05) - 2024/04/01 20:40:47
Table 'NLHBlue123' 6-max Seat #5 is the button
Seat 1: 8ebc39cb ($5.23 in chips)
Seat 3: 7c4aca6c ($6.72 in chips)
Seat 4: 68a45a28 ($5 in chips)
Seat 5: Hero ($5.47 in chips)
Seat 6: 7fb6428c ($7.41 in chips)
7fb6428c: posts small blind $0.02
8ebc39cb: posts big blind $0.05
68a45a28: posts big blind $0.05
*** HOLE CARDS ***
Dealt to 8ebc39cb 
Dealt to 7c4aca6c 
Dealt to 68a45a28 
Dealt to Hero [5h 9d]
Dealt to 7fb6428c 
7c4aca6c: raises $0.06 to $0.11
68a45a28: calls $0.06
Hero: folds
7fb6428c: folds
8ebc39cb: calls $0.06
*** FLOP *** [6s 4d 9c]
8ebc39cb: checks
7c4aca6c: bets $0.18
68a45a28: calls $0.18
8ebc39cb: folds
*** TURN *** [6s 4d 9c] [2d]
7c4aca6c: bets $0.24
68a45a28: folds
Uncalled bet ($0.24) returned to 7c4aca6c
*** SHOWDOWN ***
7c4aca6c collected $0.68 from pot
*** SUMMARY ***
Total pot $0.71 | Rake $0.03 | Jackpot $0 | Bingo $0 | Fortune $0 | Tax $0
Board [6s 4d 9c 2d]
Seat 1: 8ebc39cb (big blind) folded on the Flop
Seat 3: 7c4aca6c won ($0.68)
Seat 4: 68a45a28 folded on the Turn
Seat 5: Hero (button) folded before Flop (didn't bet)
Seat 6: 7fb6428c (small blind) folded before Flop


Poker Hand #HD1711200796: Hold'em No Limit ($0.02/$0.05) - 2024/04/01 20:40:26
Table 'NLHBlue123' 6-max Seat #3 is the button
Seat 1: 8ebc39cb ($5.23 in chips)
Seat 2: 7433951c ($7.21 in chips)
Seat 3: 7c4aca6c ($6.72 in chips)
Seat 5: Hero ($5.42 in chips)
Seat 6: 7fb6428c ($7.46 in chips)
Hero: posts small blind $0.02
7fb6428c: posts big blind $0.05
*** HOLE CARDS ***
Dealt to 8ebc39cb 
Dealt to 7433951c 
Dealt to 7c4aca6c 
Dealt to Hero [Td Ks]
Dealt to 7fb6428c 
8ebc39cb: folds
7433951c: folds
7c4aca6c: folds
Hero: raises $0.1 to $0.15
7fb6428c: folds
Uncalled bet ($0.1) returned to Hero
*** SHOWDOWN ***
Hero collected $0.1 from pot
*** SUMMARY ***
Total pot $0.1 | Rake $0 | Jackpot $0 | Bingo $0 | Fortune $0 | Tax $0
Seat 1: 8ebc39cb folded before Flop (didn't bet)
Seat 2: 7433951c folded before Flop (didn't bet)
Seat 3: 7c4aca6c (button) folded before Flop (didn't bet)
Seat 5: Hero (small blind) collected ($0.1)
Seat 6: 7fb6428c (big blind) folded before Flop


Poker Hand #HD1711200654: Hold'em No Limit ($0.02/$0.05) - 2024/04/01 20:39:12
Table 'NLHBlue123' 6-max Seat #2 is the button
Seat 1: 8ebc39cb ($5.23 in chips)
Seat 2: 7433951c ($8.9 in chips)
Seat 3: 7c4aca6c ($5.19 in chips)
Seat 5: Hero ($5.47 in chips)
Seat 6: 7fb6428c ($7.46 in chips)
7c4aca6c: posts small blind $0.02
Hero: posts big blind $0.05
*** HOLE CARDS ***
Dealt to 8ebc39cb 
Dealt to 7433951c 
Dealt to 7c4aca6c 
Dealt to Hero [Kc 3s]
Dealt to 7fb6428c 
7fb6428c: folds
8ebc39cb: folds
7433951c: raises $0.05 to $0.1
7c4aca6c: raises $0.3 to $0.4
Hero: folds
7433951c: calls $0.3
*** FLOP *** [Js 6h 9h]
7c4aca6c: bets $0.43
7433951c: calls $0.43
*** TURN *** [Js 6h 9h] [Qc]
7c4aca6c: checks
7433951c: bets $0.86
7c4aca6c: calls $0.86
*** RIVER *** [Js 6h 9h Qc] [As]
7c4aca6c: bets $3.5 and is all-in
7433951c: folds
Uncalled bet ($3.5) returned to 7c4aca6c
*** SHOWDOWN ***
7c4aca6c collected $3.22 from pot
*** SUMMARY ***
Total pot $3.43 | Rake $0.16 | Jackpot $0.05 | Bingo $0 | Fortune $0 | Tax $0
Board [Js 6h 9h Qc As]
Seat 1: 8ebc39cb folded before Flop (didn't bet)
Seat 2: 7433951c (button) folded on the River
Seat 3: 7c4aca6c (small blind) won ($3.22)
Seat 5: Hero (big blind) folded before Flop
Seat 6: 7fb6428c folded before Flop (didn't bet)


Poker Hand #HD1711200577: Hold'em No Limit ($0.02/$0.05) - 2024/04/01 20:38:37
Table 'NLHBlue123' 6-max Seat #1 is the button
Seat 1: 8ebc39cb ($5.23 in chips)
Seat 2: 7433951c ($9 in chips)
Seat 3: 7c4aca6c ($5.1 in chips)
Seat 4: 73a8a00f ($7.62 in chips)
Seat 5: Hero ($5.47 in chips)
Seat 6: 7fb6428c ($7.46 in chips)
7433951c: posts small blind $0.02
7c4aca6c: posts big blind $0.05
*** HOLE CARDS ***
Dealt to 8ebc39cb 
Dealt to 7433951c 
Dealt to 7c4aca6c 
Dealt to 73a8a00f 
Dealt to Hero [Kh 3s]
Dealt to 7fb6428c 
73a8a00f: folds
Hero: folds
7fb6428c: folds
8ebc39cb: folds
7433951c: raises $0.05 to $0.1
7c4aca6c: calls $0.05
*** FLOP *** [7s 5s Th]
7433951c: checks
7c4aca6c: bets $0.1
7433951c: folds
Uncalled bet ($0.1) returned to 7c4aca6c
*** SHOWDOWN ***
7c4aca6c collected $0.19 from pot
*** SUMMARY ***
Total pot $0.2 | Rake $0.01 | Jackpot $0 | Bingo $0 | Fortune $0 | Tax $0
Board [7s 5s Th]
Seat 1: 8ebc39cb (button) folded before Flop (didn't bet)
Seat 2: 7433951c (small blind) folded on the Flop
Seat 3: 7c4aca6c (big blind) won ($0.19)
Seat 4: 73a8a00f folded before Flop (didn't bet)
Seat 5: Hero folded before Flop (didn't bet)
Seat 6: 7fb6428c folded before Flop (didn't bet)


Poker Hand #HD1711200473: Hold'em No Limit ($0.02/$0.05) - 2024/04/01 20:37:43
Table 'NLHBlue123' 6-max Seat #6 is the button
Seat 1: 8ebc39cb ($5.25 in chips)
Seat 2: 7433951c ($9.58 in chips)
Seat 3: 7c4aca6c ($4.55 in chips)
Seat 4: 73a8a00f ($7.62 in chips)
Seat 5: Hero ($5.47 in chips)
Seat 6: 7fb6428c ($7.46 in chips)
8ebc39cb: posts small blind $0.02
7433951c: posts big blind $0.05
*** HOLE CARDS ***
Dealt to 8ebc39cb 
Dealt to 7433951c 
Dealt to 7c4aca6c 
Dealt to 73a8a00f 
Dealt to Hero [5h 9d]
Dealt to 7fb6428c 
7c4aca6c: raises $0.08 to $0.13
73a8a00f: folds
Hero: folds
7fb6428c: folds
8ebc39cb: folds
7433951c: raises $0.21 to $0.34
7c4aca6c: calls $0.21
*** FLOP *** [8c 5s 3h]
7433951c: bets $0.24
7c4aca6c: calls $0.24
*** TURN *** [8c 5s 3h] [6c]
7433951c: checks
7c4aca6c: bets $0.89
7433951c: folds
Uncalled bet ($0.89) returned to 7c4aca6c
*** SHOWDOWN ***
7c4aca6c collected $1.13 from pot
*** SUMMARY ***
Total pot $1.18 | Rake $0.05 | Jackpot $0 | Bingo $0 | Fortune $0 | Tax $0
Board [8c 5s 3h 6c]
Seat 1: 8ebc39cb (small blind) folded before Flop
Seat 2: 7433951c (big blind) folded on the Turn
Seat 3: 7c4aca6c won ($1.13)
Seat 4: 73a8a00f folded before Flop (didn't bet)
Seat 5: Hero folded before Flop (didn't bet)
Seat 6: 7fb6428c (button) folded before Flop (didn't bet)


Poker Hand #HD1711200439: Hold'em No Limit ($0.02/$0.05) - 2024/04/01 20:37:23
Table 'NLHBlue123' 6-max Seat #5 is the button
Seat 1: 8ebc39cb ($5.3 in chips)
Seat 2: 7433951c ($9.58 in chips)
Seat 3: 7c4aca6c ($4.55 in chips)
Seat 4: 73a8a00f ($7.55 in chips)
Seat 5: Hero ($5.47 in chips)
Seat 6: 7fb6428c ($7.48 in chips)
7fb6428c: posts small blind $0.02
8ebc39cb: posts big blind $0.05
*** HOLE CARDS ***
Dealt to 8ebc39cb 
Dealt to 7433951c 
Dealt to 7c4aca6c 
Dealt to 73a8a00f 
Dealt to Hero [9s 3c]
Dealt to 7fb6428c 
7433951c: folds
7c4aca6c: folds
73a8a00f: raises $0.1 to $0.15
Hero: folds
7fb6428c: folds
8ebc39cb: folds
Uncalled bet ($0.1) returned to 73a8a00f
*** SHOWDOWN ***
73a8a00f collected $0.12 from pot
*** SUMMARY ***
Total pot $0.12 | Rake $0 | Jackpot $0 | Bingo $0 | Fortune $0 | Tax $0
Seat 1: 8ebc39cb (big blind) folded before Flop
Seat 2: 7433951c folded before Flop (didn't bet)
Seat 3: 7c4aca6c folded before Flop (didn't bet)
Seat 4: 73a8a00f collected ($0.12)
Seat 5: Hero (button) folded before Flop (didn't bet)
Seat 6: 7fb6428c (small blind) folded before Flop


Poker Hand #HD1711200340: Hold'em No Limit ($0.02/$0.05) - 2024/04/01 20:36:33
Table 'NLHBlue123' 6-max Seat #4 is the button
Seat 1: 8ebc39cb ($5.3 in chips)
Seat 2: 7433951c ($9.76 in chips)
Seat 3: 7c4aca6c ($4.55 in chips)
Seat 4: 73a8a00f ($7.55 in chips)
Seat 5: Hero ($5.49 in chips)
Seat 6: 7fb6428c ($7.29 in chips)
Hero: posts small blind $0.02
7fb6428c: posts big blind $0.05
*** HOLE CARDS ***
Dealt to 8ebc39cb 
Dealt to 7433951c 
Dealt to 7c4aca6c 
Dealt to 73a8a00f 
Dealt to Hero [8h 6d]
Dealt to 7fb6428c 
8ebc39cb: folds
7433951c: raises $0.05 to $0.1
7c4aca6c: folds
73a8a00f: folds
Hero: folds
7fb6428c: calls $0.05
*** FLOP *** [6c Qh Ks]
7fb6428c: checks
7433951c: checks
*** TURN *** [6c Qh Ks] [Jd]
7fb6428c: checks
7433951c: bets $0.08
7fb6428c: calls $0.08
*** RIVER *** [6c Qh Ks Jd] [Ts]
7fb6428c: bets $0.38
7433951c: folds
Uncalled bet ($0.38) returned to 7fb6428c
*** SHOWDOWN ***
7fb6428c collected $0.37 from pot
*** SUMMARY ***
Total pot $0.38 | Rake $0.01 | Jackpot $0 | Bingo $0 | Fortune $0 | Tax $0
Board [6c Qh Ks Jd Ts]
Seat 1: 8ebc39cb folded before Flop (didn't bet)
Seat 2: 7433951c folded on the River
Seat 3: 7c4aca6c folded before Flop (didn't bet)
Seat 4: 73a8a00f (button) folded before Flop (didn't bet)
Seat 5: Hero (small blind) folded before Flop
Seat 6: 7fb6428c (big blind) won ($0.37)


Poker Hand #HD1711200304: Hold'em No Limit ($0.02/$0.05) - 2024/04/01 20:36:12
Table 'NLHBlue123' 6-max Seat #3 is the button
Seat 1: 8ebc39cb ($5.3 in chips)
Seat 2: 7433951c ($9.76 in chips)
Seat 3: 7c4aca6c ($4.48 in chips)
Seat 4: 73a8a00f ($7.57 in chips)
Seat 5: Hero ($5.54 in chips)
Seat 6: 7fb6428c ($7.29 in chips)
73a8a00f: posts small blind $0.02
Hero: posts big blind $0.05
*** HOLE CARDS ***
Dealt to 8ebc39cb 
Dealt to 7433951c 
Dealt to 7c4aca6c 
Dealt to 73a8a00f 
Dealt to Hero [3h 5h]
Dealt to 7fb6428c 
7fb6428c: folds
8ebc39cb: folds
7433951c: folds
7c4aca6c: raises $0.08 to $0.13
73a8a00f: folds
Hero: folds
Uncalled bet ($0.08) returned to 7c4aca6c
*** SHOWDOWN ***
7c4aca6c collected $0.12 from pot
*** SUMMARY ***
Total pot $0.12 | Rake $0 | Jackpot $0 | Bingo $0 | Fortune $0 | Tax $0
Seat 1: 8ebc39cb folded before Flop (didn't bet)
Seat 2: 7433951c folded before Flop (didn't bet)
Seat 3: 7c4aca6c (button) collected ($0.12)
Seat 4: 73a8a00f (small blind) folded before Flop
Seat 5: Hero (big blind) folded before Flop
Seat 6: 7fb6428c folded before Flop (didn't bet)


Poker Hand #HD1711200222: Hold'em No Limit ($0.02/$0.05) - 2024/04/01 20:35:30
Table 'NLHBlue123' 6-max Seat #2 is the button
Seat 1: 8ebc39cb ($5.3 in chips)
Seat 2: 7433951c ($9.76 in chips)
Seat 3: 7c4aca6c ($4.5 in chips)
Seat 4: 73a8a00f ($7.67 in chips)
Seat 5: Hero ($5.43 in chips)
Seat 6: 7fb6428c ($7.29 in chips)
7c4aca6c: posts small blind $0.02
73a8a00f: posts big blind $0.05
*** HOLE CARDS ***
Dealt to 8ebc39cb 
Dealt to 7433951c 
Dealt to 7c4aca6c 
Dealt to 73a8a00f 
Dealt to Hero [Tc As]
Dealt to 7fb6428c 
Hero: raises $0.05 to $0.1
7fb6428c: folds
8ebc39cb: folds
7433951c: folds
7c4aca6c: folds
73a8a00f: calls $0.05
*** FLOP *** [Qc 6d 4d]
73a8a00f: checks
Hero: checks
*** TURN *** [Qc 6d 4d] [9s]
73a8a00f: checks
Hero: checks
*** RIVER *** [Qc 6d 4d 9s] [4h]
73a8a00f: checks
Hero: checks
73a8a00f: shows [2c 7c] (Pair of Fours)
Hero: shows [Tc As] (Pair of Fours)
*** SHOWDOWN ***
Hero collected $0.21 from pot
*** SUMMARY ***
Total pot $0.22 | Rake $0.01 | Jackpot $0 | Bingo $0 | Fortune $0 | Tax $0
Board [Qc 6d 4d 9s 4h]
Seat 1: 8ebc39cb folded before Flop (didn't bet)
Seat 2: 7433951c (button) folded before Flop (didn't bet)
Seat 3: 7c4aca6c (small blind) folded before Flop
Seat 4: 73a8a00f (big blind) showed [2c 7c] and lost with Pair of Fours
Seat 5: Hero showed [Tc As] and won ($0.21) with Pair of Fours
Seat 6: 7fb6428c folded before Flop (didn't bet)


Poker Hand #HD1711200179: Hold'em No Limit ($0.02/$0.05) - 2024/04/01 20:35:12
Table 'NLHBlue123' 6-max Seat #1 is the button
Seat 1: 8ebc39cb ($5.3 in chips)
Seat 2: 7433951c ($9.78 in chips)
Seat 3: 7c4aca6c ($4.55 in chips)
Seat 4: 73a8a00f ($7.67 in chips)
Seat 5: Hero ($5.43 in chips)
Seat 6: 7fb6428c ($7.22 in chips)
7433951c: posts small blind $0.02
7c4aca6c: posts big blind $0.05
*** HOLE CARDS ***
Dealt to 8ebc39cb 
Dealt to 7433951c 
Dealt to 7c4aca6c 
Dealt to 73a8a00f 
Dealt to Hero [6h 3d]
Dealt to 7fb6428c 
73a8a00f: folds
Hero: folds
7fb6428c: raises $0.08 to $0.13
8ebc39cb: folds
7433951c: folds
7c4aca6c: folds
Uncalled bet ($0.08) returned to 7fb6428c
*** SHOWDOWN ***
7fb6428c collected $0.12 from pot
*** SUMMARY ***
Total pot $0.12 | Rake $0 | Jackpot $0 | Bingo $0 | Fortune $0 | Tax $0
Seat 1: 8ebc39cb (button) folded before Flop (didn't bet)
Seat 2: 7433951c (small blind) folded before Flop
Seat 3: 7c4aca6c (big blind) folded before Flop
Seat 4: 73a8a00f folded before Flop (didn't bet)
Seat 5: Hero folded before Flop (didn't bet)
Seat 6: 7fb6428c collected ($0.12)


Poker Hand #HD1711200023: Hold'em No Limit ($0.02/$0.05) - 2024/04/01 20:33:57
Table 'NLHBlue123' 6-max Seat #6 is the button
Seat 1: 8ebc39cb ($4.88 in chips)
Seat 2: 7433951c ($9.91 in chips)
Seat 3: 7c4aca6c ($4.88 in chips)
Seat 4: 73a8a00f ($7.67 in chips)
Seat 5: Hero ($5.43 in chips)
Seat 6: 7fb6428c ($7.22 in chips)
8ebc39cb: posts small blind $0.02
7433951c: posts big blind $0.05
*** HOLE CARDS ***
Dealt to 8ebc39cb 
Dealt to 7433951c 
Dealt to 7c4aca6c 
Dealt to 73a8a00f 
Dealt to Hero [Ts Ac]
Dealt to 7fb6428c 
7c4aca6c: raises $0.08 to $0.13
73a8a00f: folds
Hero: folds
7fb6428c: folds
8ebc39cb: calls $0.11
7433951c: calls $0.08
*** FLOP *** [3s Qh 8s]
8ebc39cb: checks
7433951c: checks
7c4aca6c: bets $0.2
8ebc39cb: calls $0.2
7433951c: folds
*** TURN *** [3s Qh 8s] [4s]
8ebc39cb: checks
7c4aca6c: checks
*** RIVER *** [3s Qh 8s 4s] [8d]
8ebc39cb: bets $0.79
7c4aca6c: folds
Uncalled bet ($0.79) returned to 8ebc39cb
*** SHOWDOWN ***
8ebc39cb collected $0.75 from pot
*** SUMMARY ***
Total pot $0.79 | Rake $0.04 | Jackpot $0 | Bingo $0 | Fortune $0 | Tax $0
Board [3s Qh 8s 4s 8d]
Seat 1: 8ebc39cb (small blind) won ($0.75)
Seat 2: 7433951c (big blind) folded on the Flop
Seat 3: 7c4aca6c folded on the River
Seat 4: 73a8a00f folded before Flop (didn't bet)
Seat 5: Hero folded before Flop (didn't bet)
Seat 6: 7fb6428c (button) folded before Flop (didn't bet)


Poker Hand #HD1711199990: Hold'em No Limit ($0.02/$0.05) - 2024/04/01 20:33:41
Table 'NLHBlue123' 6-max Seat #5 is the button
Seat 1: 8ebc39cb ($4.93 in chips)
Seat 2: 7433951c ($9.91 in chips)
Seat 3: 7c4aca6c ($4.88 in chips)
Seat 4: 73a8a00f ($7.6 in chips)
Seat 5: Hero ($5.43 in chips)
Seat 6: 7fb6428c ($7.24 in chips)
7fb6428c: posts small blind $0.02
8ebc39cb: posts big blind $0.05
*** HOLE CARDS ***
Dealt to 8ebc39cb 
Dealt to 7433951c 
Dealt to 7c4aca6c 
Dealt to 73a8a00f 
Dealt to Hero [6c Kh]
Dealt to 7fb6428c 
7433951c: folds
7c4aca6c: folds
73a8a00f: raises $0.1 to $0.15
Hero: folds
7fb6428c: folds
8ebc39cb: folds
Uncalled bet ($0.1) returned to 73a8a00f
*** SHOWDOWN ***
73a8a00f collected $0.12 from pot
*** SUMMARY ***
Total pot $0.12 | Rake $0 | Jackpot $0 | Bingo $0 | Fortune $0 | Tax $0
Seat 1: 8ebc39cb (big blind) folded before Flop
Seat 2: 7433951c folded before Flop (didn't bet)
Seat 3: 7c4aca6c folded before Flop (didn't bet)
Seat 4: 73a8a00f collected ($0.12)
Seat 5: Hero (button) folded before Flop (didn't bet)
Seat 6: 7fb6428c (small blind) folded before Flop


Poker Hand #HD1711199930: Hold'em No Limit ($0.02/$0.05) - 2024/04/01 20:33:11
Table 'NLHBlue123' 6-max Seat #4 is the button
Seat 1: 8ebc39cb ($4.93 in chips)
Seat 2: 7433951c ($9.91 in chips)
Seat 3: 7c4aca6c ($4.88 in chips)
Seat 4: 73a8a00f ($7.73 in chips)
Seat 5: Hero ($5.26 in chips)
Seat 6: 7fb6428c ($7.29 in chips)
Hero: posts small blind $0.02
7fb6428c: posts big blind $0.05
*** HOLE CARDS ***
Dealt to 8ebc39cb 
Dealt to 7433951c 
Dealt to 7c4aca6c 
Dealt to 73a8a00f 
Dealt to Hero [9s Ks]
Dealt to 7fb6428c 
8ebc39cb: folds
7433951c: folds
7c4aca6c: folds
73a8a00f: raises $0.08 to $0.13
Hero: raises $0.42 to $0.55
7fb6428c: folds
73a8a00f: folds
Uncalled bet ($0.42) returned to Hero
*** SHOWDOWN ***
Hero collected $0.3 from pot
*** SUMMARY ***
Total pot $0.31 | Rake $0.01 | Jackpot $0 | Bingo $0 | Fortune $0 | Tax $0
Seat 1: 8ebc39cb folded before Flop (didn't bet)
Seat 2: 7433951c folded before Flop (didn't bet)
Seat 3: 7c4aca6c folded before Flop (didn't bet)
Seat 4: 73a8a00f (button) folded before Flop
Seat 5: Hero (small blind) collected ($0.3)
Seat 6: 7fb6428c (big blind) folded before Flop


Poker Hand #HD1711199778: Hold'em No Limit ($0.02/$0.05) - 2024/04/01 20:31:56
Table 'NLHBlue123' 6-max Seat #3 is the button
Seat 1: 8ebc39cb ($4.93 in chips)
Seat 2: 7433951c ($9.91 in chips)
Seat 3: 7c4aca6c ($5.17 in chips)
Seat 4: 73a8a00f ($7.42 in chips)
Seat 5: Hero ($5.31 in chips)
Seat 6: 7fb6428c ($7.29 in chips)
73a8a00f: posts small blind $0.02
Hero: posts big blind $0.05
*** HOLE CARDS ***
Dealt to 8ebc39cb 
Dealt to 7433951c 
Dealt to 7c4aca6c 
Dealt to 73a8a00f 
Dealt to Hero [6d 2h]
Dealt to 7fb6428c 
7fb6428c: folds
8ebc39cb: folds
7433951c: folds
7c4aca6c: raises $0.08 to $0.13
73a8a00f: calls $0.11
Hero: folds
*** FLOP *** [Qc 3s 4d]
73a8a00f: checks
7c4aca6c: bets $0.16
73a8a00f: calls $0.16
*** TURN *** [Qc 3s 4d] [7s]
73a8a00f: checks
7c4aca6c: checks
*** RIVER *** [Qc 3s 4d 7s] [7h]
73a8a00f: bets $0.48
7c4aca6c: folds
Uncalled bet ($0.48) returned to 73a8a00f
*** SHOWDOWN ***
73a8a00f collected $0.6 from pot
*** SUMMARY ***
Total pot $0.63 | Rake $0.03 | Jackpot $0 | Bingo $0 | Fortune $0 | Tax $0
Board [Qc 3s 4d 7s 7h]
Seat 1: 8ebc39cb folded before Flop (didn't bet)
Seat 2: 7433951c folded before Flop (didn't bet)
Seat 3: 7c4aca6c (button) folded on the River
Seat 4: 73a8a00f (small blind) won ($0.6)
Seat 5: Hero (big blind) folded before Flop
Seat 6: 7fb6428c folded before Flop (didn't bet)


Poker Hand #HD1711199716: Hold'em No Limit ($0.02/$0.05) - 2024/04/01 20:31:23
Table 'NLHBlue123' 6-max Seat #2 is the button
Seat 1: 8ebc39cb ($4.93 in chips)
Seat 2: 7433951c ($9.91 in chips)
Seat 3: 7c4aca6c ($5.19 in chips)
Seat 4: 73a8a00f ($7.31 in chips)
Seat 5: Hero ($5.41 in chips)
Seat 6: 7fb6428c ($7.29 in chips)
7c4aca6c: posts small blind $0.02
73a8a00f: posts big blind $0.05
*** HOLE CARDS ***
Dealt to 8ebc39cb 
Dealt to 7433951c 
Dealt to 7c4aca6c 
Dealt to 73a8a00f 
Dealt to Hero [7h 7d]
Dealt to 7fb6428c 
Hero: raises $0.05 to $0.1
7fb6428c: folds
8ebc39cb: folds
7433951c: folds
7c4aca6c: folds
73a8a00f: calls $0.05
*** FLOP *** [Ah 8s 4d]
73a8a00f: checks
Hero: checks
*** TURN *** [Ah 8s 4d] [Ks]
73a8a00f: checks
Hero: checks
*** RIVER *** [Ah 8s 4d Ks] [Kh]
73a8a00f: checks
Hero: checks
73a8a00f: shows [8c 7c] (Pair of Kings and Pair of Eights)
Hero: shows [7h 7d] (Pair of Kings and Pair of Sevens)
*** SHOWDOWN ***
73a8a00f collected $0.21 from pot
*** SUMMARY ***
Total pot $0.22 | Rake $0.01 | Jackpot $0 | Bingo $0 | Fortune $0 | Tax $0
Board [Ah 8s 4d Ks Kh]
Seat 1: 8ebc39cb folded before Flop (didn't bet)
Seat 2: 7433951c (button) folded before Flop (didn't bet)
Seat 3: 7c4aca6c (small blind) folded before Flop
Seat 4: 73a8a00f (big blind) showed [8c 7c] and won ($0.21) with Pair of Kings and Pair of Eights
Seat 5: Hero showed [7h 7d] and lost with Pair of Kings and Pair of Sevens
Seat 6: 7fb6428c folded before Flop (didn't bet)


Poker Hand #HD1711199636: Hold'em No Limit ($0.02/$0.05) - 2024/04/01 20:30:46
Table 'NLHBlue123' 6-max Seat #1 is the button
Seat 1: 8ebc39cb ($4.93 in chips)
Seat 2: 7433951c ($9.93 in chips)
Seat 3: 7c4aca6c ($5.32 in chips)
Seat 4: 73a8a00f ($7.31 in chips)
Seat 5: Hero ($5.41 in chips)
Seat 6: 7fb6428c ($7.15 in chips)
7433951c: posts small blind $0.02
7c4aca6c: posts big blind $0.05
*** HOLE CARDS ***
Dealt to 8ebc39cb 
Dealt to 7433951c 
Dealt to 7c4aca6c 
Dealt to 73a8a00f 
Dealt to Hero [8s 6h]
Dealt to 7fb6428c 
73a8a00f: folds
Hero: folds
7fb6428c: raises $0.08 to $0.13
8ebc39cb: folds
7433951c: folds
7c4aca6c: calls $0.08
*** FLOP *** [4d 2d 7d]
7c4aca6c: checks
7fb6428c: bets $0.09
7c4aca6c: folds
Uncalled bet ($0.09) returned to 7fb6428c
*** SHOWDOWN ***
7fb6428c collected $0.27 from pot
*** SUMMARY ***
Total pot $0.28 | Rake $0.01 | Jackpot $0 | Bingo $0 | Fortune $0 | Tax $0
Board [4d 2d 7d]
Seat 1: 8ebc39cb (button) folded before Flop (didn't bet)
Seat 2: 7433951c (small blind) folded before Flop
Seat 3: 7c4aca6c (big blind) folded on the Flop
Seat 4: 73a8a00f folded before Flop (didn't bet)
Seat 5: Hero folded before Flop (didn't bet)
Seat 6: 7fb6428c won ($0.27)


Poker Hand #HD1711199605: Hold'em No Limit ($0.02/$0.05) - 2024/04/01 20:30:28
Table 'NLHBlue123' 6-max Seat #6 is the button
Seat 1: 8ebc39cb ($4.95 in chips)
Seat 2: 7433951c ($9.98 in chips)
Seat 3: 7c4aca6c ($5.32 in chips)
Seat 4: 73a8a00f ($7.24 in chips)
Seat 5: Hero ($5.41 in chips)
Seat 6: 7fb6428c ($7.15 in chips)
8ebc39cb: posts small blind $0.02
7433951c: posts big blind $0.05
*** HOLE CARDS ***
Dealt to 8ebc39cb 
Dealt to 7433951c 
Dealt to 7c4aca6c 
Dealt to 73a8a00f 
Dealt to Hero [2s Qh]
Dealt to 7fb6428c 
7c4aca6c: folds
73a8a00f: raises $0.1 to $0.15
Hero: folds
7fb6428c: folds
8ebc39cb: folds
7433951c: folds
Uncalled bet ($0.1) returned to 73a8a00f
*** SHOWDOWN ***
73a8a00f collected $0.12 from pot
*** SUMMARY ***
Total pot $0.12 | Rake $0 | Jackpot $0 | Bingo $0 | Fortune $0 | Tax $0
Seat 1: 8ebc39cb (small blind) folded before Flop
Seat 2: 7433951c (big blind) folded before Flop
Seat 3: 7c4aca6c folded before Flop (didn't bet)
Seat 4: 73a8a00f collected ($0.12)
Seat 5: Hero folded before Flop (didn't bet)
Seat 6: 7fb6428c (button) folded before Flop (didn't bet)


Poker Hand #HD1711199536: Hold'em No Limit ($0.02/$0.05) - 2024/04/01 20:29:54
Table 'NLHBlue123' 6-max Seat #5 is the button
Seat 1: 8ebc39cb ($5 in chips)
Seat 2: 7433951c ($9.65 in chips)
Seat 3: 7c4aca6c ($5.42 in chips)
Seat 4: 73a8a00f ($7.34 in chips)
Seat 5: Hero ($5.41 in chips)
Seat 6: 7fb6428c ($7.25 in chips)
7fb6428c: posts small blind $0.02
8ebc39cb: posts big blind $0.05
*** HOLE CARDS ***
Dealt to 8ebc39cb 
Dealt to 7433951c 
Dealt to 7c4aca6c 
Dealt to 73a8a00f 
Dealt to Hero [9s 7d]
Dealt to 7fb6428c 
7433951c: raises $0.05 to $0.1
7c4aca6c: calls $0.1
73a8a00f: calls $0.1
Hero: folds
7fb6428c: calls $0.08
8ebc39cb: folds
*** FLOP *** [4c 4d Ks]
7fb6428c: checks
7433951c: bets $0.34
7c4aca6c: folds
73a8a00f: folds
7fb6428c: folds
Uncalled bet ($0.34) returned to 7433951c
*** SHOWDOWN ***
7433951c collected $0.43 from pot
*** SUMMARY ***
Total pot $0.45 | Rake $0.02 | Jackpot $0 | Bingo $0 | Fortune $0 | Tax $0
Board [4c 4d Ks]
Seat 1: 8ebc39cb (big blind) folded before Flop
Seat 2: 7433951c won ($0.43)
Seat 3: 7c4aca6c folded on the Flop
Seat 4: 73a8a00f folded on the Flop
Seat 5: Hero (button) folded before Flop (didn't bet)
Seat 6: 7fb6428c (small blind) folded on the Flop


Poker Hand #HD1711199400: Hold'em No Limit ($0.02/$0.05) - 2024/04/01 20:28:45
Table 'NLHBlue123' 6-max Seat #4 is the button
Seat 1: 9f7f9bd9 ($3.2 in chips)
Seat 2: 7433951c ($10.05 in chips)
Seat 3: 7c4aca6c ($4.28 in chips)
Seat 4: 73a8a00f ($8.16 in chips)
Seat 5: Hero ($5.43 in chips)
Seat 6: 7fb6428c ($7.3 in chips)
Hero: posts small blind $0.02
7fb6428c: posts big blind $0.05
*** HOLE CARDS ***
Dealt to 9f7f9bd9 
Dealt to 7433951c 
Dealt to 7c4aca6c 
Dealt to 73a8a00f 
Dealt to Hero [6c Qd]
Dealt to 7fb6428c 
9f7f9bd9: folds
7433951c: raises $0.05 to $0.1
7c4aca6c: calls $0.1
73a8a00f: raises $0.3 to $0.4
Hero: folds
7fb6428c: folds
7433951c: calls $0.3
7c4aca6c: calls $0.3
*** FLOP *** [Tc Kd Qh]
7433951c: checks
7c4aca6c: checks
73a8a00f: bets $0.42
7433951c: folds
7c4aca6c: calls $0.42
*** TURN *** [Tc Kd Qh] [Ad]
7c4aca6c: checks
73a8a00f: checks
*** RIVER *** [Tc Kd Qh Ad] [9c]
7c4aca6c: bets $1.06
73a8a00f: folds
Uncalled bet ($1.06) returned to 7c4aca6c
*** SHOWDOWN ***
7c4aca6c collected $1.96 from pot
*** SUMMARY ***
Total pot $2.11 | Rake $0.1 | Jackpot $0.05 | Bingo $0 | Fortune $0 | Tax $0
Board [Tc Kd Qh Ad 9c]
Seat 1: 9f7f9bd9 folded before Flop (didn't bet)
Seat 2: 7433951c folded on the Flop
Seat 3: 7c4aca6c won ($1.96)
Seat 4: 73a8a00f (button) folded on the River
Seat 5: Hero (small blind) folded before Flop
Seat 6: 7fb6428c (big blind) folded before Flop


Poker Hand #HD1711199336: Hold'em No Limit ($0.02/$0.05) - 2024/04/01 20:28:17
Table 'NLHBlue123' 6-max Seat #3 is the button
Seat 1: 9f7f9bd9 ($3.13 in chips)
Seat 2: 7433951c ($10.05 in chips)
Seat 3: 7c4aca6c ($4.28 in chips)
Seat 4: 73a8a00f ($8.18 in chips)
Seat 5: Hero ($5.48 in chips)
73a8a00f: posts small blind $0.02
Hero: posts big blind $0.05
*** HOLE CARDS ***
Dealt to 9f7f9bd9 
Dealt to 7433951c 
Dealt to 7c4aca6c 
Dealt to 73a8a00f 
Dealt to Hero [3s 6c]
9f7f9bd9: raises $0.08 to $0.13
7433951c: folds
7c4aca6c: folds
73a8a00f: folds
Hero: folds
Uncalled bet ($0.08) returned to 9f7f9bd9
*** SHOWDOWN ***
9f7f9bd9 collected $0.12 from pot
*** SUMMARY ***
Total pot $0.12 | Rake $0 | Jackpot $0 | Bingo $0 | Fortune $0 | Tax $0
Seat 1: 9f7f9bd9 collected ($0.12)
Seat 2: 7433951c folded before Flop (didn't bet)
Seat 3: 7c4aca6c (button) folded before Flop (didn't bet)
Seat 4: 73a8a00f (small blind) folded before Flop
Seat 5: Hero (big blind) folded before Flop


Poker Hand #HD1711199254: Hold'em No Limit ($0.02/$0.05) - 2024/04/01 20:27:34
Table 'NLHBlue123' 6-max Seat #2 is the button
Seat 1: 9f7f9bd9 ($3.13 in chips)
Seat 2: 7433951c ($10.05 in chips)
Seat 3: 7c4aca6c ($3.6 in chips)
Seat 4: 73a8a00f ($8.98 in chips)
Seat 5: Hero ($5.48 in chips)
7c4aca6c: posts small blind $0.02
73a8a00f: posts big blind $0.05
*** HOLE CARDS ***
Dealt to 9f7f9bd9 
Dealt to 7433951c 
Dealt to 7c4aca6c 
Dealt to 73a8a00f 
Dealt to Hero [Kh 8s]
Hero: folds
9f7f9bd9: folds
7433951c: folds
7c4aca6c: calls $0.03
73a8a00f: raises $0.15 to $0.2
7c4aca6c: raises $0.6 to $0.8
73a8a00f: calls $0.6
*** FLOP *** [Ad 9c 3d]
7c4aca6c: bets $0.8
73a8a00f: folds
Uncalled bet ($0.8) returned to 7c4aca6c
*** SHOWDOWN ***
7c4aca6c collected $1.48 from pot
*** SUMMARY ***
Total pot $1.6 | Rake $0.07 | Jackpot $0.05 | Bingo $0 | Fortune $0 | Tax $0
Board [Ad 9c 3d]
Seat 1: 9f7f9bd9 folded before Flop (didn't bet)
Seat 2: 7433951c (button) folded before Flop (didn't bet)
Seat 3: 7c4aca6c (small blind) won ($1.48)
Seat 4: 73a8a00f (big blind) folded on the Flop
Seat 5: Hero folded before Flop (didn't bet)


Poker Hand #HD1711199193: Hold'em No Limit ($0.02/$0.05) - 2024/04/01 20:26:59
Table 'NLHBlue123' 6-max Seat #1 is the button
Seat 1: 9f7f9bd9 ($3.13 in chips)
Seat 2: 7433951c ($10.15 in chips)
Seat 3: 7c4aca6c ($3.65 in chips)
Seat 4: 73a8a00f ($8.98 in chips)
Seat 5: Hero ($5.34 in chips)
7433951c: posts small blind $0.02
7c4aca6c: posts big blind $0.05
*** HOLE CARDS ***
Dealt to 9f7f9bd9 
Dealt to 7433951c 
Dealt to 7c4aca6c 
Dealt to 73a8a00f 
Dealt to Hero [8d 9d]
73a8a00f: folds
Hero: raises $0.05 to $0.1
9f7f9bd9: folds
7433951c: calls $0.08
7c4aca6c: folds
*** FLOP *** [Js 5c Kc]
7433951c: checks
Hero: bets $0.15
7433951c: folds
Uncalled bet ($0.15) returned to Hero
*** SHOWDOWN ***
Hero collected $0.24 from pot
*** SUMMARY ***
Total pot $0.25 | Rake $0.01 | Jackpot $0 | Bingo $0 | Fortune $0 | Tax $0
Board [Js 5c Kc]
Seat 1: 9f7f9bd9 (button) folded before Flop (didn't bet)
Seat 2: 7433951c (small blind) folded on the Flop
Seat 3: 7c4aca6c (big blind) folded before Flop
Seat 4: 73a8a00f folded before Flop (didn't bet)
Seat 5: Hero won ($0.24)


Poker Hand #HD1711199149: Hold'em No Limit ($0.02/$0.05) - 2024/04/01 20:26:38
Table 'NLHBlue123' 6-max Seat #5 is the button
Seat 1: 9f7f9bd9 ($2.99 in chips)
Seat 2: 7433951c ($10.3 in chips)
Seat 3: 7c4aca6c ($3.65 in chips)
Seat 4: 73a8a00f ($8.98 in chips)
Seat 5: Hero ($5.34 in chips)
9f7f9bd9: posts small blind $0.02
7433951c: posts big blind $0.05
*** HOLE CARDS ***
Dealt to 9f7f9bd9 
Dealt to 7433951c 
Dealt to 7c4aca6c 
Dealt to 73a8a00f 
Dealt to Hero [Kh 3d]
7c4aca6c: folds
73a8a00f: folds
Hero: folds
9f7f9bd9: raises $0.1 to $0.15
7433951c: calls $0.1
*** FLOP *** [Jc 8s Qh]
9f7f9bd9: bets $0.2
7433951c: folds
Uncalled bet ($0.2) returned to 9f7f9bd9
*** SHOWDOWN ***
9f7f9bd9 collected $0.29 from pot
*** SUMMARY ***
Total pot $0.3 | Rake $0.01 | Jackpot $0 | Bingo $0 | Fortune $0 | Tax $0
Board [Jc 8s Qh]
Seat 1: 9f7f9bd9 (small blind) won ($0.29)
Seat 2: 7433951c (big blind) folded on the Flop
Seat 3: 7c4aca6c folded before Flop (didn't bet)
Seat 4: 73a8a00f folded before Flop (didn't bet)
Seat 5: Hero (button) folded before Flop (didn't bet)


Poker Hand #HD1711199072: Hold'em No Limit ($0.02/$0.05) - 2024/04/01 20:25:56
Table 'NLHBlue123' 6-max Seat #4 is the button
Seat 1: 9f7f9bd9 ($2.69 in chips)
Seat 2: 7433951c ($10.3 in chips)
Seat 3: 7c4aca6c ($3.65 in chips)
Seat 4: 73a8a00f ($9.29 in chips)
Seat 5: Hero ($5.36 in chips)
Hero: posts small blind $0.02
9f7f9bd9: posts big blind $0.05
*** HOLE CARDS ***
Dealt to 9f7f9bd9 
Dealt to 7433951c 
Dealt to 7c4aca6c 
Dealt to 73a8a00f 
Dealt to Hero [4h Jd]
7433951c: folds
7c4aca6c: folds
73a8a00f: raises $0.08 to $0.13
Hero: folds
9f7f9bd9: calls $0.08
*** FLOP *** [8h 3s 7s]
9f7f9bd9: bets $0.18
73a8a00f: calls $0.18
*** TURN *** [8h 3s 7s] [Qs]
9f7f9bd9: checks
73a8a00f: checks
*** RIVER *** [8h 3s 7s Qs] [Kh]
9f7f9bd9: checks
73a8a00f: checks
9f7f9bd9: shows [9c 8c] (Pair of Eights)
73a8a00f: shows [7c As] (Pair of Sevens)
*** SHOWDOWN ***
9f7f9bd9 collected $0.61 from pot
*** SUMMARY ***
Total pot $0.64 | Rake $0.03 | Jackpot $0 | Bingo $0 | Fortune $0 | Tax $0
Board [8h 3s 7s Qs Kh]
Seat 1: 9f7f9bd9 (big blind) showed [9c 8c] and won ($0.61) with Pair of Eights
Seat 2: 7433951c folded before Flop (didn't bet)
Seat 3: 7c4aca6c folded before Flop (didn't bet)
Seat 4: 73a8a00f (button) showed [7c As] and lost with Pair of Sevens
Seat 5: Hero (small blind) folded before Flop


Poker Hand #HD1711199002: Hold'em No Limit ($0.02/$0.05) - 2024/04/01 20:25:24
Table 'NLHBlue123' 6-max Seat #3 is the button
Seat 1: 9f7f9bd9 ($2.5 in chips)
Seat 2: 7433951c ($10.3 in chips)
Seat 3: 7c4aca6c ($3.65 in chips)
Seat 4: 73a8a00f ($9.44 in chips)
Seat 5: Hero ($5.41 in chips)
73a8a00f: posts small blind $0.02
Hero: posts big blind $0.05
*** HOLE CARDS ***
Dealt to 9f7f9bd9 
Dealt to 7433951c 
Dealt to 7c4aca6c 
Dealt to 73a8a00f 
Dealt to Hero [6d 8c]
9f7f9bd9: raises $0.1 to $0.15
7433951c: folds
7c4aca6c: folds
73a8a00f: calls $0.13
Hero: folds
*** FLOP *** [4h 4s Td]
73a8a00f: checks
9f7f9bd9: bets $0.23
73a8a00f: folds
Uncalled bet ($0.23) returned to 9f7f9bd9
*** SHOWDOWN ***
9f7f9bd9 collected $0.34 from pot
*** SUMMARY ***
Total pot $0.35 | Rake $0.01 | Jackpot $0 | Bingo $0 | Fortune $0 | Tax $0
Board [4h 4s Td]
Seat 1: 9f7f9bd9 won ($0.34)
Seat 2: 7433951c folded before Flop (didn't bet)
Seat 3: 7c4aca6c (button) folded before Flop (didn't bet)
Seat 4: 73a8a00f (small blind) folded on the Flop
Seat 5: Hero (big blind) folded before Flop


Poker Hand #HD1711198858: Hold'em No Limit ($0.02/$0.05) - 2024/04/01 20:24:01
Table 'NLHBlue123' 6-max Seat #2 is the button
Seat 1: 9f7f9bd9 ($2.2 in chips)
Seat 2: 7433951c ($10.3 in chips)
Seat 3: 7c4aca6c ($2.55 in chips)
Seat 4: 73a8a00f ($9.84 in chips)
Seat 5: Hero ($5.41 in chips)
7c4aca6c: posts small blind $0.02
73a8a00f: posts big blind $0.05
*** HOLE CARDS ***
Dealt to 9f7f9bd9 
Dealt to 7433951c 
Dealt to 7c4aca6c 
Dealt to 73a8a00f 
Dealt to Hero [9h 4c]
Hero: folds
9f7f9bd9: raises $0.05 to $0.1
7433951c: folds
7c4aca6c: raises $0.3 to $0.4
73a8a00f: calls $0.35
9f7f9bd9: calls $0.3
*** FLOP *** [Tc 3c Ah]
7c4aca6c: checks
73a8a00f: checks
9f7f9bd9: checks
*** TURN *** [Tc 3c Ah] [3h]
7c4aca6c: bets $0.45
73a8a00f: folds
9f7f9bd9: calls $0.45
*** RIVER *** [Tc 3c Ah 3h] [6c]
7c4aca6c: bets $1.7 and is all-in
9f7f9bd9: folds
Uncalled bet ($1.7) returned to 7c4aca6c
*** SHOWDOWN ***
7c4aca6c collected $1.95 from pot
*** SUMMARY ***
Total pot $2.1 | Rake $0.1 | Jackpot $0.05 | Bingo $0 | Fortune $0 | Tax $0
Board [Tc 3c Ah 3h 6c]
Seat 1: 9f7f9bd9 folded on the River
Seat 2: 7433951c (button) folded before Flop (didn't bet)
Seat 3: 7c4aca6c (small blind) won ($1.95)
Seat 4: 73a8a00f (big blind) folded on the Turn
Seat 5: Hero folded before Flop (didn't bet)


Poker Hand #HD1711198783: Hold'em No Limit ($0.02/$0.05) - 2024/04/01 20:23:24
Table 'NLHBlue123' 6-max Seat #1 is the button
Seat 1: 9f7f9bd9 ($2.2 in chips)
Seat 2: 7433951c ($10.32 in chips)
Seat 3: 7c4aca6c ($2.7 in chips)
Seat 4: 73a8a00f ($9.68 in chips)
Seat 5: Hero ($5.41 in chips)
7433951c: posts small blind $0.02
7c4aca6c: posts big blind $0.05
*** HOLE CARDS ***
Dealt to 9f7f9bd9 
Dealt to 7433951c 
Dealt to 7c4aca6c 
Dealt to 73a8a00f 
Dealt to Hero [8h 8c]
73a8a00f: raises $0.1 to $0.15
Hero: folds
9f7f9bd9: folds
7433951c: folds
7c4aca6c: calls $0.1
*** FLOP *** [4s Th Jd]
7c4aca6c: checks
73a8a00f: bets $0.11
7c4aca6c: folds
Uncalled bet ($0.11) returned to 73a8a00f
*** SHOWDOWN ***
73a8a00f collected $0.31 from pot
*** SUMMARY ***
Total pot $0.32 | Rake $0.01 | Jackpot $0 | Bingo $0 | Fortune $0 | Tax $0
Board [4s Th Jd]
Seat 1: 9f7f9bd9 (button) folded before Flop (didn't bet)
Seat 2: 7433951c (small blind) folded before Flop
Seat 3: 7c4aca6c (big blind) folded on the Flop
Seat 4: 73a8a00f won ($0.31)
Seat 5: Hero folded before Flop (didn't bet)


Poker Hand #HD1711198720: Hold'em No Limit ($0.02/$0.05) - 2024/04/01 20:22:51
Table 'NLHBlue123' 6-max Seat #5 is the button
Seat 1: 9f7f9bd9 ($2.25 in chips)
Seat 2: 7433951c ($10.32 in chips)
Seat 3: 7c4aca6c ($2.27 in chips)
Seat 4: 73a8a00f ($9.68 in chips)
Seat 5: Hero ($5.81 in chips)
Seat 6: 7fb6428c ($7.32 in chips)
7fb6428c: posts small blind $0.02
9f7f9bd9: posts big blind $0.05
*** HOLE CARDS ***
Dealt to 9f7f9bd9 
Dealt to 7433951c 
Dealt to 7c4aca6c 
Dealt to 73a8a00f 
Dealt to Hero [Jd Kd]
Dealt to 7fb6428c 
7433951c: folds
7c4aca6c: raises $0.08 to $0.13
73a8a00f: folds
Hero: raises $0.27 to $0.4
7fb6428c: folds
9f7f9bd9: folds
7c4aca6c: raises $1.87 to $2.27 and is all-in
Hero: folds
Uncalled bet ($1.87) returned to 7c4aca6c
*** SHOWDOWN ***
7c4aca6c collected $0.83 from pot
*** SUMMARY ***
Total pot $0.87 | Rake $0.04 | Jackpot $0 | Bingo $0 | Fortune $0 | Tax $0
Seat 1: 9f7f9bd9 (big blind) folded before Flop
Seat 2: 7433951c folded before Flop (didn't bet)
Seat 3: 7c4aca6c collected ($0.83)
Seat 4: 73a8a00f folded before Flop (didn't bet)
Seat 5: Hero (button) folded before Flop
Seat 6: 7fb6428c (small blind) folded before Flop


Poker Hand #HD1711198559: Hold'em No Limit ($0.02/$0.05) - 2024/04/01 20:21:24
Table 'NLHBlue123' 6-max Seat #4 is the button
Seat 1: 9f7f9bd9 ($2.25 in chips)
Seat 2: 7433951c ($10.42 in chips)
Seat 3: 7c4aca6c ($4.65 in chips)
Seat 4: 73a8a00f ($9.68 in chips)
Seat 5: Hero ($5.83 in chips)
Seat 6: 7fb6428c ($5.11 in chips)
Hero: posts small blind $0.02
7fb6428c: posts big blind $0.05
*** HOLE CARDS ***
Dealt to 9f7f9bd9 
Dealt to 7433951c 
Dealt to 7c4aca6c 
Dealt to 73a8a00f 
Dealt to Hero [Ah 4c]
Dealt to 7fb6428c 
9f7f9bd9: folds
7433951c: raises $0.05 to $0.1
7c4aca6c: calls $0.1
73a8a00f: folds
Hero: folds
7fb6428c: raises $0.45 to $0.55
7433951c: folds
7c4aca6c: calls $0.45
*** FLOP *** [7d 2c Ac]
7fb6428c: checks
7c4aca6c: bets $0.61
7fb6428c: calls $0.61
*** TURN *** [7d 2c Ac] [7s]
7fb6428c: checks
7c4aca6c: checks
*** RIVER *** [7d 2c Ac 7s] [6d]
7fb6428c: checks
7c4aca6c: bets $1.22
7fb6428c: calls $1.22
7c4aca6c: shows [Jd Td] (Pair of Sevens)
7fb6428c: shows [Ad Ks] (Pair of Aces and Pair of Sevens)
7433951c: shows [7h] (Three Sevens)
*** SHOWDOWN ***
7fb6428c collected $4.59 from pot
*** SUMMARY ***
Total pot $4.88 | Rake $0.24 | Jackpot $0.05 | Bingo $0 | Fortune $0 | Tax $0
Board [7d 2c Ac 7s 6d]
Seat 1: 9f7f9bd9 folded before Flop (didn't bet)
Seat 2: 7433951c folded before Flop
Seat 3: 7c4aca6c showed [Jd Td] and lost with Pair of Sevens
Seat 4: 73a8a00f (button) folded before Flop (didn't bet)
Seat 5: Hero (small blind) folded before Flop
Seat 6: 7fb6428c (big blind) showed [Ad Ks] and won ($4.59) with Pair of Aces and Pair of Sevens


Poker Hand #HD1711198447: Hold'em No Limit ($0.02/$0.05) - 2024/04/01 20:20:28
Table 'NLHBlue123' 6-max Seat #3 is the button
Seat 1: 9f7f9bd9 ($2.5 in chips)
Seat 2: 7433951c ($10.42 in chips)
Seat 3: 7c4aca6c ($4.65 in chips)
Seat 4: 73a8a00f ($9.7 in chips)
Seat 5: Hero ($5.58 in chips)
Seat 6: 7fb6428c ($5.11 in chips)
73a8a00f: posts small blind $0.02
Hero: posts big blind $0.05
*** HOLE CARDS ***
Dealt to 9f7f9bd9 
Dealt to 7433951c 
Dealt to 7c4aca6c 
Dealt to 73a8a00f 
Dealt to Hero [Qh Kc]
Dealt to 7fb6428c 
7fb6428c: folds
9f7f9bd9: raises $0.1 to $0.15
7433951c: folds
7c4aca6c: folds
73a8a00f: folds
Hero: calls $0.1
*** FLOP *** [5c Ks 9h]
Hero: checks
9f7f9bd9: checks
*** TURN *** [5c Ks 9h] [Qc]
Hero: bets $0.1
9f7f9bd9: calls $0.1
*** RIVER *** [5c Ks 9h Qc] [2d]
Hero: bets $0.35
9f7f9bd9: folds
Uncalled bet ($0.35) returned to Hero
*** SHOWDOWN ***
Hero collected $0.5 from pot
*** SUMMARY ***
Total pot $0.52 | Rake $0.02 | Jackpot $0 | Bingo $0 | Fortune $0 | Tax $0
Board [5c Ks 9h Qc 2d]
Seat 1: 9f7f9bd9 folded on the River
Seat 2: 7433951c folded before Flop (didn't bet)
Seat 3: 7c4aca6c (button) folded before Flop (didn't bet)
Seat 4: 73a8a00f (small blind) folded before Flop
Seat 5: Hero (big blind) won ($0.5)
Seat 6: 7fb6428c folded before Flop (didn't bet)


Poker Hand #HD1711198244: Hold'em No Limit ($0.02/$0.05) - 2024/04/01 20:18:46
Table 'NLHBlue123' 6-max Seat #2 is the button
Seat 1: 9f7f9bd9 ($2.32 in chips)
Seat 2: 7433951c ($10.42 in chips)
Seat 3: 7c4aca6c ($2.91 in chips)
Seat 4: 73a8a00f ($9.75 in chips)
Seat 5: Hero ($7.03 in chips)
Seat 6: 7fb6428c ($5.11 in chips)
7c4aca6c: posts small blind $0.02
73a8a00f: posts big blind $0.05
*** HOLE CARDS ***
Dealt to 9f7f9bd9 
Dealt to 7433951c 
Dealt to 7c4aca6c 
Dealt to 73a8a00f 
Dealt to Hero [Ad Ac]
Dealt to 7fb6428c 
Hero: raises $0.05 to $0.1
7fb6428c: folds
9f7f9bd9: calls $0.1
7433951c: folds
7c4aca6c: raises $0.35 to $0.45
73a8a00f: folds
Hero: calls $0.35
9f7f9bd9: calls $0.35
*** FLOP *** [Jh Qh 8s]
7c4aca6c: checks
Hero: checks
9f7f9bd9: checks
*** TURN *** [Jh Qh 8s] [Qs]
7c4aca6c: checks
Hero: bets $0.4
9f7f9bd9: folds
7c4aca6c: raises $0.6 to $1
Hero: calls $0.6
*** RIVER *** [Jh Qh 8s Qs] [9s]
7c4aca6c: bets $1.46 and is all-in
Hero: folds
Uncalled bet ($1.46) returned to 7c4aca6c
*** SHOWDOWN ***
7c4aca6c collected $3.19 from pot
*** SUMMARY ***
Total pot $3.4 | Rake $0.16 | Jackpot $0.05 | Bingo $0 | Fortune $0 | Tax $0
Board [Jh Qh 8s Qs 9s]
Seat 1: 9f7f9bd9 folded on the Turn
Seat 2: 7433951c (button) folded before Flop (didn't bet)
Seat 3: 7c4aca6c (small blind) won ($3.19)
Seat 4: 73a8a00f (big blind) folded before Flop
Seat 5: Hero folded on the River
Seat 6: 7fb6428c folded before Flop (didn't bet)


Poker Hand #HD1711198181: Hold'em No Limit ($0.02/$0.05) - 2024/04/01 20:18:12
Table 'NLHBlue123' 6-max Seat #1 is the button
Seat 1: 9f7f9bd9 ($2.32 in chips)
Seat 2: 7433951c ($10.25 in chips)
Seat 3: 7c4aca6c ($2.96 in chips)
Seat 4: 73a8a00f ($9.75 in chips)
Seat 5: Hero ($7.03 in chips)
Seat 6: 7fb6428c ($5.24 in chips)
7433951c: posts small blind $0.02
7c4aca6c: posts big blind $0.05
*** HOLE CARDS ***
Dealt to 9f7f9bd9 
Dealt to 7433951c 
Dealt to 7c4aca6c 
Dealt to 73a8a00f 
Dealt to Hero [2s 7h]
Dealt to 7fb6428c 
73a8a00f: folds
Hero: folds
7fb6428c: raises $0.08 to $0.13
9f7f9bd9: folds
7433951c: raises $0.23 to $0.36
7c4aca6c: folds
7fb6428c: folds
Uncalled bet ($0.23) returned to 7433951c
*** SHOWDOWN ***
7433951c collected $0.3 from pot
*** SUMMARY ***
Total pot $0.31 | Rake $0.01 | Jackpot $0 | Bingo $0 | Fortune $0 | Tax $0
Seat 1: 9f7f9bd9 (button) folded before Flop (didn't bet)
Seat 2: 7433951c (small blind) collected ($0.3)
Seat 3: 7c4aca6c (big blind) folded before Flop
Seat 4: 73a8a00f folded before Flop (didn't bet)
Seat 5: Hero folded before Flop (didn't bet)
Seat 6: 7fb6428c folded before Flop


Poker Hand #HD1711198091: Hold'em No Limit ($0.02/$0.05) - 2024/04/01 20:17:26
Table 'NLHBlue123' 6-max Seat #6 is the button
Seat 1: 9f7f9bd9 ($2.34 in chips)
Seat 2: 7433951c ($10.02 in chips)
Seat 3: 7c4aca6c ($2.96 in chips)
Seat 4: 73a8a00f ($9.75 in chips)
Seat 5: Hero ($7.03 in chips)
Seat 6: 7fb6428c ($5.47 in chips)
9f7f9bd9: posts small blind $0.02
7433951c: posts big blind $0.05
*** HOLE CARDS ***
Dealt to 9f7f9bd9 
Dealt to 7433951c 
Dealt to 7c4aca6c 
Dealt to 73a8a00f 
Dealt to Hero [2h 8h]
Dealt to 7fb6428c 
7c4aca6c: folds
73a8a00f: folds
Hero: folds
7fb6428c: raises $0.08 to $0.13
9f7f9bd9: folds
7433951c: calls $0.08
*** FLOP *** [8d 7d Qc]
7433951c: checks
7fb6428c: checks
*** TURN *** [8d 7d Qc] [6d]
7433951c: bets $0.1
7fb6428c: calls $0.1
*** RIVER *** [8d 7d Qc 6d] [4c]
7433951c: checks
7fb6428c: checks
7433951c: shows [7c Ks] (Pair of Sevens)
7fb6428c: shows [7h Jh] (Pair of Sevens)
*** SHOWDOWN ***
7433951c collected $0.46 from pot
*** SUMMARY ***
Total pot $0.48 | Rake $0.02 | Jackpot $0 | Bingo $0 | Fortune $0 | Tax $0
Board [8d 7d Qc 6d 4c]
Seat 1: 9f7f9bd9 (small blind) folded before Flop
Seat 2: 7433951c (big blind) showed [7c Ks] and won ($0.46) with Pair of Sevens
Seat 3: 7c4aca6c folded before Flop (didn't bet)
Seat 4: 73a8a00f folded before Flop (didn't bet)
Seat 5: Hero folded before Flop (didn't bet)
Seat 6: 7fb6428c (button) showed [7h Jh] and lost with Pair of Sevens


Poker Hand #HD1711198071: Hold'em No Limit ($0.02/$0.05) - 2024/04/01 20:17:15
Table 'NLHBlue123' 6-max Seat #5 is the button
Seat 1: 9f7f9bd9 ($2.32 in chips)
Seat 2: 7433951c ($10.02 in chips)
Seat 3: 7c4aca6c ($2.96 in chips)
Seat 4: 73a8a00f ($9.75 in chips)
Seat 5: Hero ($7.03 in chips)
Seat 6: 7fb6428c ($5.49 in chips)
7fb6428c: posts small blind $0.02
9f7f9bd9: posts big blind $0.05
*** HOLE CARDS ***
Dealt to 9f7f9bd9 
Dealt to 7433951c 
Dealt to 7c4aca6c 
Dealt to 73a8a00f 
Dealt to Hero [7h 2h]
Dealt to 7fb6428c 
7433951c: folds
7c4aca6c: folds
73a8a00f: folds
Hero: folds
7fb6428c: folds
Uncalled bet ($0.03) returned to 9f7f9bd9
*** SHOWDOWN ***
9f7f9bd9 collected $0.04 from pot
*** SUMMARY ***
Total pot $0.04 | Rake $0 | Jackpot $0 | Bingo $0 | Fortune $0 | Tax $0
Seat 1: 9f7f9bd9 (big blind) collected ($0.04)
Seat 2: 7433951c folded before Flop (didn't bet)
Seat 3: 7c4aca6c folded before Flop (didn't bet)
Seat 4: 73a8a00f folded before Flop (didn't bet)
Seat 5: Hero (button) folded before Flop (didn't bet)
Seat 6: 7fb6428c (small blind) folded before Flop


Poker Hand #HD1711197938: Hold'em No Limit ($0.02/$0.05) - 2024/04/01 20:16:09
Table 'NLHBlue123' 6-max Seat #4 is the button
Seat 1: 9f7f9bd9 ($2.32 in chips)
Seat 2: 7433951c ($9.09 in chips)
Seat 3: 7c4aca6c ($3.06 in chips)
Seat 4: 73a8a00f ($9.75 in chips)
Seat 5: Hero ($7.05 in chips)
Seat 6: 7fb6428c ($6.45 in chips)
Hero: posts small blind $0.02
7fb6428c: posts big blind $0.05
*** HOLE CARDS ***
Dealt to 9f7f9bd9 
Dealt to 7433951c 
Dealt to 7c4aca6c 
Dealt to 73a8a00f 
Dealt to Hero [Jc 9d]
Dealt to 7fb6428c 
9f7f9bd9: folds
7433951c: raises $0.05 to $0.1
7c4aca6c: calls $0.1
73a8a00f: folds
Hero: folds
7fb6428c: raises $0.45 to $0.55
7433951c: calls $0.45
7c4aca6c: folds
*** FLOP *** [8s 3c Ac]
7fb6428c: checks
7433951c: bets $0.41
7fb6428c: calls $0.41
*** TURN *** [8s 3c Ac] [7h]
7fb6428c: checks
7433951c: bets $0.68
7fb6428c: folds
Uncalled bet ($0.68) returned to 7433951c
*** SHOWDOWN ***
7433951c collected $1.89 from pot
*** SUMMARY ***
Total pot $2.04 | Rake $0.1 | Jackpot $0.05 | Bingo $0 | Fortune $0 | Tax $0
Board [8s 3c Ac 7h]
Seat 1: 9f7f9bd9 folded before Flop (didn't bet)
Seat 2: 7433951c won ($1.89)
Seat 3: 7c4aca6c folded before Flop
Seat 4: 73a8a00f (button) folded before Flop (didn't bet)
Seat 5: Hero (small blind) folded before Flop
Seat 6: 7fb6428c (big blind) folded on the Turn


Poker Hand #HD1711197861: Hold'em No Limit ($0.02/$0.05) - 2024/04/01 20:15:34
Table 'NLHBlue123' 6-max Seat #3 is the button
Seat 1: 9f7f9bd9 ($2.32 in chips)
Seat 2: 7433951c ($8.65 in chips)
Seat 3: 7c4aca6c ($3.47 in chips)
Seat 4: 73a8a00f ($9.77 in chips)
Seat 5: Hero ($7.1 in chips)
Seat 6: 7fb6428c ($6.45 in chips)
73a8a00f: posts small blind $0.02
Hero: posts big blind $0.05
*** HOLE CARDS ***
Dealt to 9f7f9bd9 
Dealt to 7433951c 
Dealt to 7c4aca6c 
Dealt to 73a8a00f 
Dealt to Hero [Kd 5d]
Dealt to 7fb6428c 
7fb6428c: folds
9f7f9bd9: folds
7433951c: raises $0.05 to $0.1
7c4aca6c: raises $0.31 to $0.41
73a8a00f: folds
Hero: folds
7433951c: calls $0.31
*** FLOP *** [4s 9s 9c]
7433951c: bets $0.45
7c4aca6c: folds
Uncalled bet ($0.45) returned to 7433951c
*** SHOWDOWN ***
7433951c collected $0.85 from pot
*** SUMMARY ***
Total pot $0.89 | Rake $0.04 | Jackpot $0 | Bingo $0 | Fortune $0 | Tax $0
Board [4s 9s 9c]
Seat 1: 9f7f9bd9 folded before Flop (didn't bet)
Seat 2: 7433951c won ($0.85)
Seat 3: 7c4aca6c (button) folded on the Flop
Seat 4: 73a8a00f (small blind) folded before Flop
Seat 5: Hero (big blind) folded before Flop
Seat 6: 7fb6428c folded before Flop (didn't bet)


Poker Hand #HD1711197837: Hold'em No Limit ($0.02/$0.05) - 2024/04/01 20:15:19
Table 'NLHBlue123' 6-max Seat #2 is the button
Seat 1: 9f7f9bd9 ($2.32 in chips)
Seat 2: 7433951c ($8.58 in chips)
Seat 3: 7c4aca6c ($3.49 in chips)
Seat 4: 73a8a00f ($9.82 in chips)
Seat 5: Hero ($7.1 in chips)
Seat 6: 7fb6428c ($6.45 in chips)
7c4aca6c: posts small blind $0.02
73a8a00f: posts big blind $0.05
*** HOLE CARDS ***
Dealt to 9f7f9bd9 
Dealt to 7433951c 
Dealt to 7c4aca6c 
Dealt to 73a8a00f 
Dealt to Hero [7h 6s]
Dealt to 7fb6428c 
Hero: folds
7fb6428c: folds
9f7f9bd9: folds
7433951c: raises $0.05 to $0.1
7c4aca6c: folds
73a8a00f: folds
Uncalled bet ($0.05) returned to 7433951c
*** SHOWDOWN ***
7433951c collected $0.12 from pot
*** SUMMARY ***
Total pot $0.12 | Rake $0 | Jackpot $0 | Bingo $0 | Fortune $0 | Tax $0
Seat 1: 9f7f9bd9 folded before Flop (didn't bet)
Seat 2: 7433951c (button) collected ($0.12)
Seat 3: 7c4aca6c (small blind) folded before Flop
Seat 4: 73a8a00f (big blind) folded before Flop
Seat 5: Hero folded before Flop (didn't bet)
Seat 6: 7fb6428c folded before Flop (didn't bet)


Poker Hand #HD1711197826: Hold'em No Limit ($0.02/$0.05) - 2024/04/01 20:15:10
Table 'NLHBlue123' 6-max Seat #1 is the button
Seat 1: 9f7f9bd9 ($2.32 in chips)
Seat 2: 7433951c ($8.6 in chips)
Seat 3: 7c4aca6c ($3.47 in chips)
Seat 4: 73a8a00f ($9.82 in chips)
Seat 5: Hero ($7.1 in chips)
Seat 6: 7fb6428c ($6.45 in chips)
7433951c: posts small blind $0.02
7c4aca6c: posts big blind $0.05
*** HOLE CARDS ***
Dealt to 9f7f9bd9 
Dealt to 7433951c 
Dealt to 7c4aca6c 
Dealt to 73a8a00f 
Dealt to Hero [2h 7s]
Dealt to 7fb6428c 
73a8a00f: folds
Hero: folds
7fb6428c: folds
9f7f9bd9: folds
7433951c: folds
Uncalled bet ($0.03) returned to 7c4aca6c
*** SHOWDOWN ***
7c4aca6c collected $0.04 from pot
*** SUMMARY ***
Total pot $0.04 | Rake $0 | Jackpot $0 | Bingo $0 | Fortune $0 | Tax $0
Seat 1: 9f7f9bd9 (button) folded before Flop (didn't bet)
Seat 2: 7433951c (small blind) folded before Flop
Seat 3: 7c4aca6c (big blind) collected ($0.04)
Seat 4: 73a8a00f folded before Flop (didn't bet)
Seat 5: Hero folded before Flop (didn't bet)
Seat 6: 7fb6428c folded before Flop (didn't bet)


Poker Hand #HD1711197709: Hold'em No Limit ($0.02/$0.05) - 2024/04/01 20:14:08
Table 'NLHBlue123' 6-max Seat #6 is the button
Seat 1: 9f7f9bd9 ($2.45 in chips)
Seat 2: 7433951c ($8.36 in chips)
Seat 3: 7c4aca6c ($3.47 in chips)
Seat 4: 73a8a00f ($9.82 in chips)
Seat 5: Hero ($7.23 in chips)
Seat 6: 7fb6428c ($6.45 in chips)
9f7f9bd9: posts small blind $0.02
7433951c: posts big blind $0.05
*** HOLE CARDS ***
Dealt to 9f7f9bd9 
Dealt to 7433951c 
Dealt to 7c4aca6c 
Dealt to 73a8a00f 
Dealt to Hero [6s 6c]
Dealt to 7fb6428c 
7c4aca6c: folds
73a8a00f: folds
Hero: raises $0.08 to $0.13
7fb6428c: folds
9f7f9bd9: calls $0.11
7433951c: calls $0.08
*** FLOP *** [3d 9h Kh]
9f7f9bd9: checks
7433951c: checks
Hero: checks
*** TURN *** [3d 9h Kh] [Qd]
9f7f9bd9: checks
7433951c: bets $0.13
Hero: folds
9f7f9bd9: folds
Uncalled bet ($0.13) returned to 7433951c
*** SHOWDOWN ***
7433951c collected $0.37 from pot
*** SUMMARY ***
Total pot $0.39 | Rake $0.02 | Jackpot $0 | Bingo $0 | Fortune $0 | Tax $0
Board [3d 9h Kh Qd]
Seat 1: 9f7f9bd9 (small blind) folded on the Turn
Seat 2: 7433951c (big blind) won ($0.37)
Seat 3: 7c4aca6c folded before Flop (didn't bet)
Seat 4: 73a8a00f folded before Flop (didn't bet)
Seat 5: Hero folded on the Turn
Seat 6: 7fb6428c (button) folded before Flop (didn't bet)


Poker Hand #HD1711197622: Hold'em No Limit ($0.02/$0.05) - 2024/04/01 20:13:27
Table 'NLHBlue123' 6-max Seat #5 is the button
Seat 1: 9f7f9bd9 ($2.5 in chips)
Seat 2: 7433951c ($8.86 in chips)
Seat 3: 7c4aca6c ($3.47 in chips)
Seat 4: 73a8a00f ($9.82 in chips)
Seat 5: Hero ($7.23 in chips)
Seat 6: 7fb6428c ($5.95 in chips)
7fb6428c: posts small blind $0.02
9f7f9bd9: posts big blind $0.05
*** HOLE CARDS ***
Dealt to 9f7f9bd9 
Dealt to 7433951c 
Dealt to 7c4aca6c 
Dealt to 73a8a00f 
Dealt to Hero [Js 7h]
Dealt to 7fb6428c 
7433951c: raises $0.05 to $0.1
7c4aca6c: folds
73a8a00f: folds
Hero: folds
7fb6428c: raises $0.4 to $0.5
9f7f9bd9: folds
7433951c: calls $0.4
*** FLOP *** [Tc 2s 9d]
7fb6428c: checks
7433951c: checks
*** TURN *** [Tc 2s 9d] [6h]
7fb6428c: bets $0.53
7433951c: folds
Uncalled bet ($0.53) returned to 7fb6428c
*** SHOWDOWN ***
7fb6428c collected $1 from pot
*** SUMMARY ***
Total pot $1.05 | Rake $0.05 | Jackpot $0 | Bingo $0 | Fortune $0 | Tax $0
Board [Tc 2s 9d 6h]
Seat 1: 9f7f9bd9 (big blind) folded before Flop
Seat 2: 7433951c folded on the Turn
Seat 3: 7c4aca6c folded before Flop (didn't bet)
Seat 4: 73a8a00f folded before Flop (didn't bet)
Seat 5: Hero (button) folded before Flop (didn't bet)
Seat 6: 7fb6428c (small blind) won ($1)


Poker Hand #HD1711197499: Hold'em No Limit ($0.02/$0.05) - 2024/04/01 20:12:20
Table 'NLHBlue123' 6-max Seat #4 is the button
Seat 2: 7433951c ($9.7 in chips)
Seat 3: 7c4aca6c ($2.69 in chips)
Seat 4: 73a8a00f ($9.82 in chips)
Seat 5: Hero ($7.25 in chips)
Seat 6: 7fb6428c ($6 in chips)
Hero: posts small blind $0.02
7fb6428c: posts big blind $0.05
*** HOLE CARDS ***
Dealt to 7433951c 
Dealt to 7c4aca6c 
Dealt to 73a8a00f 
Dealt to Hero [7c 5d]
Dealt to 7fb6428c 
7433951c: raises $0.05 to $0.1
7c4aca6c: raises $0.3 to $0.4
73a8a00f: folds
Hero: folds
7fb6428c: folds
7433951c: calls $0.3
*** FLOP *** [7d 8d 7h]
7433951c: checks
7c4aca6c: bets $0.44
7433951c: calls $0.44
*** TURN *** [7d 8d 7h] [Qc]
7433951c: checks
7c4aca6c: checks
*** RIVER *** [7d 8d 7h Qc] [8s]
7433951c: checks
7c4aca6c: checks
7433951c: shows [Th Jh] (Pair of Eights and Pair of Sevens)
7c4aca6c: shows [Jd Jc] (Pair of Jacks and Pair of Eights)
*** SHOWDOWN ***
7c4aca6c collected $1.62 from pot
*** SUMMARY ***
Total pot $1.75 | Rake $0.08 | Jackpot $0.05 | Bingo $0 | Fortune $0 | Tax $0
Board [7d 8d 7h Qc 8s]
Seat 2: 7433951c showed [Th Jh] and lost with Pair of Eights and Pair of Sevens
Seat 3: 7c4aca6c showed [Jd Jc] and won ($1.62) with Pair of Jacks and Pair of Eights
Seat 4: 73a8a00f (button) folded before Flop (didn't bet)
Seat 5: Hero (small blind) folded before Flop
Seat 6: 7fb6428c (big blind) folded before Flop


Poker Hand #HD1711197468: Hold'em No Limit ($0.02/$0.05) - 2024/04/01 20:12:03
Table 'NLHBlue123' 6-max Seat #3 is the button
Seat 2: 7433951c ($9.8 in chips)
Seat 3: 7c4aca6c ($2.69 in chips)
Seat 4: 73a8a00f ($9.68 in chips)
Seat 5: Hero ($7.3 in chips)
Seat 6: 7fb6428c ($6 in chips)
73a8a00f: posts small blind $0.02
Hero: posts big blind $0.05
*** HOLE CARDS ***
Dealt to 7433951c 
Dealt to 7c4aca6c 
Dealt to 73a8a00f 
Dealt to Hero [Ks 8c]
Dealt to 7fb6428c 
7fb6428c: folds
7433951c: raises $0.05 to $0.1
7c4aca6c: folds
73a8a00f: raises $0.35 to $0.45
Hero: folds
7433951c: folds
Uncalled bet ($0.35) returned to 73a8a00f
*** SHOWDOWN ***
73a8a00f collected $0.24 from pot
*** SUMMARY ***
Total pot $0.25 | Rake $0.01 | Jackpot $0 | Bingo $0 | Fortune $0 | Tax $0
Seat 2: 7433951c folded before Flop
Seat 3: 7c4aca6c (button) folded before Flop (didn't bet)
Seat 4: 73a8a00f (small blind) collected ($0.24)
Seat 5: Hero (big blind) folded before Flop
Seat 6: 7fb6428c folded before Flop (didn't bet)


Poker Hand #HD1711197412: Hold'em No Limit ($0.02/$0.05) - 2024/04/01 20:11:33
Table 'NLHBlue123' 6-max Seat #2 is the button
Seat 2: 7433951c ($9.8 in chips)
Seat 3: 7c4aca6c ($2.82 in chips)
Seat 4: 73a8a00f ($9.56 in chips)
Seat 5: Hero ($7.3 in chips)
Seat 6: 7fb6428c ($6 in chips)
7c4aca6c: posts small blind $0.02
73a8a00f: posts big blind $0.05
*** HOLE CARDS ***
Dealt to 7433951c 
Dealt to 7c4aca6c 
Dealt to 73a8a00f 
Dealt to Hero [Jd 7d]
Dealt to 7fb6428c 
Hero: folds
7fb6428c: folds
7433951c: folds
7c4aca6c: raises $0.08 to $0.13
73a8a00f: calls $0.08
*** FLOP *** [6d 2c 3d]
7c4aca6c: checks
73a8a00f: bets $0.09
7c4aca6c: folds
Uncalled bet ($0.09) returned to 73a8a00f
*** SHOWDOWN ***
73a8a00f collected $0.25 from pot
*** SUMMARY ***
Total pot $0.26 | Rake $0.01 | Jackpot $0 | Bingo $0 | Fortune $0 | Tax $0
Board [6d 2c 3d]
Seat 2: 7433951c (button) folded before Flop (didn't bet)
Seat 3: 7c4aca6c (small blind) folded on the Flop
Seat 4: 73a8a00f (big blind) won ($0.25)
Seat 5: Hero folded before Flop (didn't bet)
Seat 6: 7fb6428c folded before Flop (didn't bet)


Poker Hand #HD1711197186: Hold'em No Limit ($0.02/$0.05) - 2024/04/01 20:09:43
Table 'NLHBlue123' 6-max Seat #6 is the button
Seat 2: 7433951c ($9.82 in chips)
Seat 3: 7c4aca6c ($4.57 in chips)
Seat 4: 73a8a00f ($9.56 in chips)
Seat 5: Hero ($5.75 in chips)
Seat 6: 7fb6428c ($6 in chips)
7433951c: posts small blind $0.02
7c4aca6c: posts big blind $0.05
*** HOLE CARDS ***
Dealt to 7433951c 
Dealt to 7c4aca6c 
Dealt to 73a8a00f 
Dealt to Hero [As Ac]
Dealt to 7fb6428c 
73a8a00f: folds
Hero: raises $0.05 to $0.1
7fb6428c: folds
7433951c: folds
7c4aca6c: raises $0.3 to $0.4
Hero: raises $0.6 to $1
7c4aca6c: calls $0.6
*** FLOP *** [Kd Ad 3h]
7c4aca6c: checks
Hero: checks
*** TURN *** [Kd Ad 3h] [7c]
7c4aca6c: checks
Hero: checks
*** RIVER *** [Kd Ad 3h 7c] [3c]
7c4aca6c: checks
Hero: bets $0.75
7c4aca6c: calls $0.75
Hero: shows [As Ac] (Aces Full over Treys)
7c4aca6c: shows [Qd Qs] (Pair of Queens and Pair of Treys)
*** SHOWDOWN ***
Hero collected $3.3 from pot
*** SUMMARY ***
Total pot $3.52 | Rake $0.17 | Jackpot $0.05 | Bingo $0 | Fortune $0 | Tax $0
Board [Kd Ad 3h 7c 3c]
Seat 2: 7433951c (small blind) folded before Flop
Seat 3: 7c4aca6c (big blind) showed [Qd Qs] and lost with Pair of Queens and Pair of Treys
Seat 4: 73a8a00f folded before Flop (didn't bet)
Seat 5: Hero showed [As Ac] and won ($3.3) with Aces Full over Treys
Seat 6: 7fb6428c (button) folded before Flop (didn't bet)


Poker Hand #HD1711197145: Hold'em No Limit ($0.02/$0.05) - 2024/04/01 20:09:18
Table 'NLHBlue123' 6-max Seat #5 is the button
Seat 2: 7433951c ($9.87 in chips)
Seat 3: 7c4aca6c ($4.5 in chips)
Seat 4: 73a8a00f ($9.56 in chips)
Seat 5: Hero ($5.75 in chips)
Seat 6: 7fb6428c ($6.02 in chips)
7fb6428c: posts small blind $0.02
7433951c: posts big blind $0.05
*** HOLE CARDS ***
Dealt to 7433951c 
Dealt to 7c4aca6c 
Dealt to 73a8a00f 
Dealt to Hero [Js Tc]
Dealt to 7fb6428c 
7c4aca6c: raises $0.08 to $0.13
73a8a00f: folds
Hero: folds
7fb6428c: folds
7433951c: folds
Uncalled bet ($0.08) returned to 7c4aca6c
*** SHOWDOWN ***
7c4aca6c collected $0.12 from pot
*** SUMMARY ***
Total pot $0.12 | Rake $0 | Jackpot $0 | Bingo $0 | Fortune $0 | Tax $0
Seat 2: 7433951c (big blind) folded before Flop
Seat 3: 7c4aca6c collected ($0.12)
Seat 4: 73a8a00f folded before Flop (didn't bet)
Seat 5: Hero (button) folded before Flop (didn't bet)
Seat 6: 7fb6428c (small blind) folded before Flop


Poker Hand #HD1711197093: Hold'em No Limit ($0.02/$0.05) - 2024/04/01 20:08:53
Table 'NLHBlue123' 6-max Seat #4 is the button
Seat 1: 810417ed ($5.46 in chips)
Seat 2: 7433951c ($9.66 in chips)
Seat 3: 7c4aca6c ($4.5 in chips)
Seat 4: 73a8a00f ($9.56 in chips)
Seat 5: Hero ($5.77 in chips)
Seat 6: 7fb6428c ($6.07 in chips)
Hero: posts small blind $0.02
7fb6428c: posts big blind $0.05
*** HOLE CARDS ***
Dealt to 810417ed 
Dealt to 7433951c 
Dealt to 7c4aca6c 
Dealt to 73a8a00f 
Dealt to Hero [5s 6c]
Dealt to 7fb6428c 
810417ed: raises $0.1 to $0.15
7433951c: raises $0.21 to $0.36
7c4aca6c: folds
73a8a00f: folds
Hero: folds
7fb6428c: folds
810417ed: folds
Uncalled bet ($0.21) returned to 7433951c
*** SHOWDOWN ***
7433951c collected $0.36 from pot
*** SUMMARY ***
Total pot $0.37 | Rake $0.01 | Jackpot $0 | Bingo $0 | Fortune $0 | Tax $0
Seat 1: 810417ed folded before Flop
Seat 2: 7433951c collected ($0.36)
Seat 3: 7c4aca6c folded before Flop (didn't bet)
Seat 4: 73a8a00f (button) folded before Flop (didn't bet)
Seat 5: Hero (small blind) folded before Flop
Seat 6: 7fb6428c (big blind) folded before Flop


Poker Hand #HD1711196953: Hold'em No Limit ($0.02/$0.05) - 2024/04/01 20:07:40
Table 'NLHBlue123' 6-max Seat #3 is the button
Seat 1: 810417ed ($5.61 in chips)
Seat 2: 7433951c ($9.66 in chips)
Seat 3: 7c4aca6c ($4.65 in chips)
Seat 4: 73a8a00f ($9.58 in chips)
Seat 5: Hero ($5.47 in chips)
Seat 6: 7fb6428c ($6.07 in chips)
73a8a00f: posts small blind $0.02
Hero: posts big blind $0.05
*** HOLE CARDS ***
Dealt to 810417ed 
Dealt to 7433951c 
Dealt to 7c4aca6c 
Dealt to 73a8a00f 
Dealt to Hero [5d 6d]
Dealt to 7fb6428c 
7fb6428c: folds
810417ed: raises $0.1 to $0.15
7433951c: folds
7c4aca6c: calls $0.15
73a8a00f: folds
Hero: calls $0.1
*** FLOP *** [Qd 2s Td]
Hero: checks
810417ed: checks
7c4aca6c: checks
*** TURN *** [Qd 2s Td] [6h]
Hero: checks
810417ed: checks
7c4aca6c: checks
*** RIVER *** [Qd 2s Td 6h] [Qc]
Hero: checks
810417ed: checks
7c4aca6c: checks
Hero: shows [5d 6d] (Pair of Queens and Pair of Sixes)
810417ed: shows [5h 5c] (Pair of Queens and Pair of Fives)
7c4aca6c: shows [3c 3h] (Pair of Queens and Pair of Treys)
*** SHOWDOWN ***
Hero collected $0.45 from pot
*** SUMMARY ***
Total pot $0.47 | Rake $0.02 | Jackpot $0 | Bingo $0 | Fortune $0 | Tax $0
Board [Qd 2s Td 6h Qc]
Seat 1: 810417ed showed [5h 5c] and lost with Pair of Queens and Pair of Fives
Seat 2: 7433951c folded before Flop (didn't bet)
Seat 3: 7c4aca6c (button) showed [3c 3h] and lost with Pair of Queens and Pair of Treys
Seat 4: 73a8a00f (small blind) folded before Flop
Seat 5: Hero (big blind) showed [5d 6d] and won ($0.45) with Pair of Queens and Pair of Sixes
Seat 6: 7fb6428c folded before Flop (didn't bet)


Poker Hand #HD1711196920: Hold'em No Limit ($0.02/$0.05) - 2024/04/01 20:07:24
Table 'NLHBlue123' 6-max Seat #2 is the button
Seat 1: 810417ed ($5.61 in chips)
Seat 2: 7433951c ($9.59 in chips)
Seat 3: 7c4aca6c ($4.67 in chips)
Seat 4: 73a8a00f ($9.63 in chips)
Seat 5: Hero ($5.47 in chips)
Seat 6: 7fb6428c ($6.07 in chips)
7c4aca6c: posts small blind $0.02
73a8a00f: posts big blind $0.05
*** HOLE CARDS ***
Dealt to 810417ed 
Dealt to 7433951c 
Dealt to 7c4aca6c 
Dealt to 73a8a00f 
Dealt to Hero [8s 4s]
Dealt to 7fb6428c 
Hero: folds
7fb6428c: folds
810417ed: folds
7433951c: raises $0.05 to $0.1
7c4aca6c: folds
73a8a00f: folds
Uncalled bet ($0.05) returned to 7433951c
*** SHOWDOWN ***
7433951c collected $0.12 from pot
*** SUMMARY ***
Total pot $0.12 | Rake $0 | Jackpot $0 | Bingo $0 | Fortune $0 | Tax $0
Seat 1: 810417ed folded before Flop (didn't bet)
Seat 2: 7433951c (button) collected ($0.12)
Seat 3: 7c4aca6c (small blind) folded before Flop
Seat 4: 73a8a00f (big blind) folded before Flop
Seat 5: Hero folded before Flop (didn't bet)
Seat 6: 7fb6428c folded before Flop (didn't bet)


Poker Hand #HD1711196863: Hold'em No Limit ($0.02/$0.05) - 2024/04/01 20:06:55
Table 'NLHBlue123' 6-max Seat #1 is the button
Seat 1: 810417ed ($5.61 in chips)
Seat 2: 7433951c ($9.72 in chips)
Seat 3: 7c4aca6c ($4.72 in chips)
Seat 4: 73a8a00f ($9.63 in chips)
Seat 5: Hero ($5.47 in chips)
Seat 6: 7fb6428c ($5.9 in chips)
7433951c: posts small blind $0.02
7c4aca6c: posts big blind $0.05
*** HOLE CARDS ***
Dealt to 810417ed 
Dealt to 7433951c 
Dealt to 7c4aca6c 
Dealt to 73a8a00f 
Dealt to Hero [6c 9c]
Dealt to 7fb6428c 
73a8a00f: folds
Hero: folds
7fb6428c: raises $0.08 to $0.13
810417ed: folds
7433951c: calls $0.11
7c4aca6c: folds
*** FLOP *** [8h Ah 2h]
7433951c: checks
7fb6428c: bets $0.1
7433951c: folds
Uncalled bet ($0.1) returned to 7fb6428c
*** SHOWDOWN ***
7fb6428c collected $0.3 from pot
*** SUMMARY ***
Total pot $0.31 | Rake $0.01 | Jackpot $0 | Bingo $0 | Fortune $0 | Tax $0
Board [8h Ah 2h]
Seat 1: 810417ed (button) folded before Flop (didn't bet)
Seat 2: 7433951c (small blind) folded on the Flop
Seat 3: 7c4aca6c (big blind) folded before Flop
Seat 4: 73a8a00f folded before Flop (didn't bet)
Seat 5: Hero folded before Flop (didn't bet)
Seat 6: 7fb6428c won ($0.3)


Poker Hand #HD1711196809: Hold'em No Limit ($0.02/$0.05) - 2024/04/01 20:06:28
Table 'NLHBlue123' 6-max Seat #6 is the button
Seat 1: 810417ed ($5.63 in chips)
Seat 2: 7433951c ($9.85 in chips)
Seat 3: 7c4aca6c ($4.72 in chips)
Seat 4: 73a8a00f ($9.63 in chips)
Seat 5: Hero ($5.47 in chips)
Seat 6: 7fb6428c ($5.76 in chips)
810417ed: posts small blind $0.02
7433951c: posts big blind $0.05
*** HOLE CARDS ***
Dealt to 810417ed 
Dealt to 7433951c 
Dealt to 7c4aca6c 
Dealt to 73a8a00f 
Dealt to Hero [7d Qs]
Dealt to 7fb6428c 
7c4aca6c: folds
73a8a00f: folds
Hero: folds
7fb6428c: raises $0.08 to $0.13
810417ed: folds
7433951c: calls $0.08
*** FLOP *** [4s Kc 4d]
7433951c: checks
7fb6428c: bets $0.09
7433951c: folds
Uncalled bet ($0.09) returned to 7fb6428c
*** SHOWDOWN ***
7fb6428c collected $0.27 from pot
*** SUMMARY ***
Total pot $0.28 | Rake $0.01 | Jackpot $0 | Bingo $0 | Fortune $0 | Tax $0
Board [4s Kc 4d]
Seat 1: 810417ed (small blind) folded before Flop
Seat 2: 7433951c (big blind) folded on the Flop
Seat 3: 7c4aca6c folded before Flop (didn't bet)
Seat 4: 73a8a00f folded before Flop (didn't bet)
Seat 5: Hero folded before Flop (didn't bet)
Seat 6: 7fb6428c (button) won ($0.27)


Poker Hand #HD1711196672: Hold'em No Limit ($0.02/$0.05) - 2024/04/01 20:05:18
Table 'NLHBlue123' 6-max Seat #5 is the button
Seat 1: 810417ed ($6.33 in chips)
Seat 2: 7433951c ($9.04 in chips)
Seat 3: 7c4aca6c ($4.93 in chips)
Seat 4: 73a8a00f ($9.63 in chips)
Seat 5: Hero ($5.47 in chips)
Seat 6: 7fb6428c ($5.78 in chips)
7fb6428c: posts small blind $0.02
810417ed: posts big blind $0.05
*** HOLE CARDS ***
Dealt to 810417ed 
Dealt to 7433951c 
Dealt to 7c4aca6c 
Dealt to 73a8a00f 
Dealt to Hero [6c 3c]
Dealt to 7fb6428c 
7433951c: raises $0.05 to $0.1
7c4aca6c: calls $0.1
73a8a00f: folds
Hero: folds
7fb6428c: folds
810417ed: calls $0.05
*** FLOP *** [6s Jc Qh]
810417ed: checks
7433951c: bets $0.11
7c4aca6c: calls $0.11
810417ed: calls $0.11
*** TURN *** [6s Jc Qh] [6h]
810417ed: checks
7433951c: bets $0.49
7c4aca6c: folds
810417ed: calls $0.49
*** RIVER *** [6s Jc Qh 6h] [5d]
810417ed: checks
7433951c: checks
810417ed: shows [7c Qc] (Pair of Queens and Pair of Sixes)
7433951c: shows [Kh Qs] (Pair of Queens and Pair of Sixes)
*** SHOWDOWN ***
7433951c collected $1.51 from pot
*** SUMMARY ***
Total pot $1.63 | Rake $0.07 | Jackpot $0.05 | Bingo $0 | Fortune $0 | Tax $0
Board [6s Jc Qh 6h 5d]
Seat 1: 810417ed (big blind) showed [7c Qc] and lost with Pair of Queens and Pair of Sixes
Seat 2: 7433951c showed [Kh Qs] and won ($1.51) with Pair of Queens and Pair of Sixes
Seat 3: 7c4aca6c folded on the Turn
Seat 4: 73a8a00f folded before Flop (didn't bet)
Seat 5: Hero (button) folded before Flop (didn't bet)
Seat 6: 7fb6428c (small blind) folded before Flop


Poker Hand #HD1711196625: Hold'em No Limit ($0.02/$0.05) - 2024/04/01 20:04:59
Table 'NLHBlue123' 6-max Seat #4 is the button
Seat 1: 810417ed ($6.33 in chips)
Seat 2: 7433951c ($8.97 in chips)
Seat 3: 7c4aca6c ($4.93 in chips)
Seat 4: 73a8a00f ($9.63 in chips)
Seat 5: Hero ($5.49 in chips)
Seat 6: 7fb6428c ($5.83 in chips)
Hero: posts small blind $0.02
7fb6428c: posts big blind $0.05
*** HOLE CARDS ***
Dealt to 810417ed 
Dealt to 7433951c 
Dealt to 7c4aca6c 
Dealt to 73a8a00f 
Dealt to Hero [3d 5s]
Dealt to 7fb6428c 
810417ed: folds
7433951c: raises $0.05 to $0.1
7c4aca6c: folds
73a8a00f: folds
Hero: folds
7fb6428c: folds
Uncalled bet ($0.05) returned to 7433951c
*** SHOWDOWN ***
7433951c collected $0.12 from pot
*** SUMMARY ***
Total pot $0.12 | Rake $0 | Jackpot $0 | Bingo $0 | Fortune $0 | Tax $0
Seat 1: 810417ed folded before Flop (didn't bet)
Seat 2: 7433951c collected ($0.12)
Seat 3: 7c4aca6c folded before Flop (didn't bet)
Seat 4: 73a8a00f (button) folded before Flop (didn't bet)
Seat 5: Hero (small blind) folded before Flop
Seat 6: 7fb6428c (big blind) folded before Flop


Poker Hand #HD1711196593: Hold'em No Limit ($0.02/$0.05) - 2024/04/01 20:04:45
Table 'NLHBlue123' 6-max Seat #3 is the button
Seat 1: 810417ed ($6.33 in chips)
Seat 2: 7433951c ($8.9 in chips)
Seat 3: 7c4aca6c ($4.93 in chips)
Seat 4: 73a8a00f ($9.65 in chips)
Seat 5: Hero ($5.54 in chips)
Seat 6: 7fb6428c ($5.83 in chips)
73a8a00f: posts small blind $0.02
Hero: posts big blind $0.05
*** HOLE CARDS ***
Dealt to 810417ed 
Dealt to 7433951c 
Dealt to 7c4aca6c 
Dealt to 73a8a00f 
Dealt to Hero [2d 9s]
Dealt to 7fb6428c 
7fb6428c: folds
810417ed: folds
7433951c: raises $0.05 to $0.1
7c4aca6c: folds
73a8a00f: folds
Hero: folds
Uncalled bet ($0.05) returned to 7433951c
*** SHOWDOWN ***
7433951c collected $0.12 from pot
*** SUMMARY ***
Total pot $0.12 | Rake $0 | Jackpot $0 | Bingo $0 | Fortune $0 | Tax $0
Seat 1: 810417ed folded before Flop (didn't bet)
Seat 2: 7433951c collected ($0.12)
Seat 3: 7c4aca6c (button) folded before Flop (didn't bet)
Seat 4: 73a8a00f (small blind) folded before Flop
Seat 5: Hero (big blind) folded before Flop
Seat 6: 7fb6428c folded before Flop (didn't bet)


Poker Hand #HD1711196559: Hold'em No Limit ($0.02/$0.05) - 2024/04/01 20:04:27
Table 'NLHBlue123' 6-max Seat #2 is the button
Seat 1: 810417ed ($6.33 in chips)
Seat 2: 7433951c ($8.9 in chips)
Seat 3: 7c4aca6c ($4.95 in chips)
Seat 4: 73a8a00f ($9.63 in chips)
Seat 5: Hero ($5.54 in chips)
Seat 6: 7fb6428c ($5.83 in chips)
7c4aca6c: posts small blind $0.02
73a8a00f: posts big blind $0.05
*** HOLE CARDS ***
Dealt to 810417ed 
Dealt to 7433951c 
Dealt to 7c4aca6c 
Dealt to 73a8a00f 
Dealt to Hero [5s Qd]
Dealt to 7fb6428c 
Hero: folds
7fb6428c: folds
810417ed: folds
7433951c: folds
7c4aca6c: folds
Uncalled bet ($0.03) returned to 73a8a00f
*** SHOWDOWN ***
73a8a00f collected $0.04 from pot
*** SUMMARY ***
Total pot $0.04 | Rake $0 | Jackpot $0 | Bingo $0 | Fortune $0 | Tax $0
Seat 1: 810417ed folded before Flop (didn't bet)
Seat 2: 7433951c (button) folded before Flop (didn't bet)
Seat 3: 7c4aca6c (small blind) folded before Flop
Seat 4: 73a8a00f (big blind) collected ($0.04)
Seat 5: Hero folded before Flop (didn't bet)
Seat 6: 7fb6428c folded before Flop (didn't bet)


Poker Hand #HD1711196489: Hold'em No Limit ($0.02/$0.05) - 2024/04/01 20:03:51
Table 'NLHBlue123' 6-max Seat #1 is the button
Seat 1: 810417ed ($6.33 in chips)
Seat 2: 7433951c ($8.71 in chips)
Seat 3: 7c4aca6c ($5 in chips)
Seat 4: 73a8a00f ($9.78 in chips)
Seat 5: Hero ($5.54 in chips)
Seat 6: 7fb6428c ($5.83 in chips)
7433951c: posts small blind $0.02
7c4aca6c: posts big blind $0.05
*** HOLE CARDS ***
Dealt to 810417ed 
Dealt to 7433951c 
Dealt to 7c4aca6c 
Dealt to 73a8a00f 
Dealt to Hero [8h 5c]
Dealt to 7fb6428c 
73a8a00f: raises $0.1 to $0.15
Hero: folds
7fb6428c: folds
810417ed: folds
7433951c: calls $0.13
7c4aca6c: folds
*** FLOP *** [Ah 2s 7s]
7433951c: checks
73a8a00f: checks
*** TURN *** [Ah 2s 7s] [9h]
7433951c: bets $0.12
73a8a00f: folds
Uncalled bet ($0.12) returned to 7433951c
*** SHOWDOWN ***
7433951c collected $0.34 from pot
*** SUMMARY ***
Total pot $0.35 | Rake $0.01 | Jackpot $0 | Bingo $0 | Fortune $0 | Tax $0
Board [Ah 2s 7s 9h]
Seat 1: 810417ed (button) folded before Flop (didn't bet)
Seat 2: 7433951c (small blind) won ($0.34)
Seat 3: 7c4aca6c (big blind) folded before Flop
Seat 4: 73a8a00f folded on the Turn
Seat 5: Hero folded before Flop (didn't bet)
Seat 6: 7fb6428c folded before Flop (didn't bet)


Poker Hand #HD1711196434: Hold'em No Limit ($0.02/$0.05) - 2024/04/01 20:03:31
Table 'NLHBlue123' 6-max Seat #6 is the button
Seat 1: 810417ed ($6.35 in chips)
Seat 2: 7433951c ($8.76 in chips)
Seat 4: 73a8a00f ($9.78 in chips)
Seat 5: Hero ($5.54 in chips)
Seat 6: 7fb6428c ($5.76 in chips)
810417ed: posts small blind $0.02
7433951c: posts big blind $0.05
*** HOLE CARDS ***
Dealt to 810417ed 
Dealt to 7433951c 
Dealt to 73a8a00f 
Dealt to Hero [5c 3h]
Dealt to 7fb6428c 
73a8a00f: folds
Hero: folds
7fb6428c: raises $0.08 to $0.13
810417ed: folds
7433951c: folds
Uncalled bet ($0.08) returned to 7fb6428c
*** SHOWDOWN ***
7fb6428c collected $0.12 from pot
*** SUMMARY ***
Total pot $0.12 | Rake $0 | Jackpot $0 | Bingo $0 | Fortune $0 | Tax $0
Seat 1: 810417ed (small blind) folded before Flop
Seat 2: 7433951c (big blind) folded before Flop
Seat 4: 73a8a00f folded before Flop (didn't bet)
Seat 5: Hero folded before Flop (didn't bet)
Seat 6: 7fb6428c (button) collected ($0.12)


Poker Hand #HD1711196378: Hold'em No Limit ($0.02/$0.05) - 2024/04/01 20:03:03
Table 'NLHBlue123' 6-max Seat #5 is the button
Seat 1: 810417ed ($6.4 in chips)
Seat 2: 7433951c ($8.76 in chips)
Seat 4: 73a8a00f ($9.78 in chips)
Seat 5: Hero ($5.47 in chips)
Seat 6: 7fb6428c ($5.78 in chips)
7fb6428c: posts small blind $0.02
810417ed: posts big blind $0.05
*** HOLE CARDS ***
Dealt to 810417ed 
Dealt to 7433951c 
Dealt to 73a8a00f 
Dealt to Hero [8h 8d]
Dealt to 7fb6428c 
7433951c: folds
73a8a00f: folds
Hero: raises $0.08 to $0.13
7fb6428c: folds
810417ed: folds
Uncalled bet ($0.08) returned to Hero
*** SHOWDOWN ***
Hero collected $0.12 from pot
*** SUMMARY ***
Total pot $0.12 | Rake $0 | Jackpot $0 | Bingo $0 | Fortune $0 | Tax $0
Seat 1: 810417ed (big blind) folded before Flop
Seat 2: 7433951c folded before Flop (didn't bet)
Seat 4: 73a8a00f folded before Flop (didn't bet)
Seat 5: Hero (button) collected ($0.12)
Seat 6: 7fb6428c (small blind) folded before Flop


Poker Hand #HD1711196354: Hold'em No Limit ($0.02/$0.05) - 2024/04/01 20:02:51
Table 'NLHBlue123' 6-max Seat #4 is the button
Seat 1: 810417ed ($6.33 in chips)
Seat 2: 7433951c ($8.76 in chips)
Seat 4: 73a8a00f ($9.78 in chips)
Seat 5: Hero ($5.49 in chips)
Seat 6: 7fb6428c ($5.83 in chips)
Hero: posts small blind $0.02
7fb6428c: posts big blind $0.05
*** HOLE CARDS ***
Dealt to 810417ed 
Dealt to 7433951c 
Dealt to 73a8a00f 
Dealt to Hero [5d 4d]
Dealt to 7fb6428c 
810417ed: raises $0.1 to $0.15
7433951c: folds
73a8a00f: folds
Hero: folds
7fb6428c: folds
Uncalled bet ($0.1) returned to 810417ed
*** SHOWDOWN ***
810417ed collected $0.12 from pot
*** SUMMARY ***
Total pot $0.12 | Rake $0 | Jackpot $0 | Bingo $0 | Fortune $0 | Tax $0
Seat 1: 810417ed collected ($0.12)
Seat 2: 7433951c folded before Flop (didn't bet)
Seat 4: 73a8a00f (button) folded before Flop (didn't bet)
Seat 5: Hero (small blind) folded before Flop
Seat 6: 7fb6428c (big blind) folded before Flop


Poker Hand #HD1711196215: Hold'em No Limit ($0.02/$0.05) - 2024/04/01 20:01:40
Table 'NLHBlue123' 6-max Seat #2 is the button
Seat 1: 810417ed ($5.3 in chips)
Seat 2: 7433951c ($9.88 in chips)
Seat 4: 73a8a00f ($9.8 in chips)
Seat 5: Hero ($5.54 in chips)
Seat 6: 7fb6428c ($5.83 in chips)
73a8a00f: posts small blind $0.02
Hero: posts big blind $0.05
*** HOLE CARDS ***
Dealt to 810417ed 
Dealt to 7433951c 
Dealt to 73a8a00f 
Dealt to Hero [Kd 6d]
Dealt to 7fb6428c 
7fb6428c: folds
810417ed: raises $0.1 to $0.15
7433951c: raises $0.23 to $0.38
73a8a00f: folds
Hero: folds
810417ed: calls $0.23
*** FLOP *** [5h 5s 7h]
810417ed: checks
7433951c: bets $0.28
810417ed: calls $0.28
*** TURN *** [5h 5s 7h] [2d]
810417ed: checks
7433951c: checks
*** RIVER *** [5h 5s 7h 2d] [8h]
810417ed: checks
7433951c: bets $0.46
810417ed: calls $0.46
7433951c: shows [Jd Tc] (Pair of Fives)
810417ed: shows [9h 9c] (Pair of Nines and Pair of Fives)
*** SHOWDOWN ***
810417ed collected $2.15 from pot
*** SUMMARY ***
Total pot $2.31 | Rake $0.11 | Jackpot $0.05 | Bingo $0 | Fortune $0 | Tax $0
Board [5h 5s 7h 2d 8h]
Seat 1: 810417ed showed [9h 9c] and won ($2.15) with Pair of Nines and Pair of Fives
Seat 2: 7433951c (button) showed [Jd Tc] and lost with Pair of Fives
Seat 4: 73a8a00f (small blind) folded before Flop
Seat 5: Hero (big blind) folded before Flop
Seat 6: 7fb6428c folded before Flop (didn't bet)


Poker Hand #HD1711196172: Hold'em No Limit ($0.02/$0.05) - 2024/04/01 20:01:21
Table 'NLHBlue123' 6-max Seat #1 is the button
Seat 1: 810417ed ($5.3 in chips)
Seat 2: 7433951c ($9.9 in chips)
Seat 4: 73a8a00f ($9.85 in chips)
Seat 5: Hero ($5.54 in chips)
Seat 6: 7fb6428c ($5.76 in chips)
7433951c: posts small blind $0.02
73a8a00f: posts big blind $0.05
*** HOLE CARDS ***
Dealt to 810417ed 
Dealt to 7433951c 
Dealt to 73a8a00f 
Dealt to Hero [Qh Td]
Dealt to 7fb6428c 
Hero: folds
7fb6428c: raises $0.08 to $0.13
810417ed: folds
7433951c: folds
73a8a00f: folds
Uncalled bet ($0.08) returned to 7fb6428c
*** SHOWDOWN ***
7fb6428c collected $0.12 from pot
*** SUMMARY ***
Total pot $0.12 | Rake $0 | Jackpot $0 | Bingo $0 | Fortune $0 | Tax $0
Seat 1: 810417ed (button) folded before Flop (didn't bet)
Seat 2: 7433951c (small blind) folded before Flop
Seat 4: 73a8a00f (big blind) folded before Flop
Seat 5: Hero folded before Flop (didn't bet)
Seat 6: 7fb6428c collected ($0.12)


Poker Hand #HD1711196026: Hold'em No Limit ($0.02/$0.05) - 2024/04/01 20:00:06
Table 'NLHBlue123' 6-max Seat #6 is the button
Seat 1: 810417ed ($5.02 in chips)
Seat 2: 7433951c ($10.05 in chips)
Seat 3: e5b813b0 ($8.15 in chips)
Seat 4: 73a8a00f ($10 in chips)
Seat 5: Hero ($5.54 in chips)
Seat 6: 7fb6428c ($5.76 in chips)
810417ed: posts small blind $0.02
7433951c: posts big blind $0.05
*** HOLE CARDS ***
Dealt to 810417ed 
Dealt to 7433951c 
Dealt to e5b813b0 
Dealt to 73a8a00f 
Dealt to Hero [5h Kc]
Dealt to 7fb6428c 
e5b813b0: folds
73a8a00f: raises $0.1 to $0.15
Hero: folds
7fb6428c: folds
810417ed: calls $0.13
7433951c: calls $0.1
*** FLOP *** [2d Jc 8d]
810417ed: checks
7433951c: checks
73a8a00f: checks
*** TURN *** [2d Jc 8d] [Ac]
810417ed: checks
7433951c: checks
73a8a00f: checks
*** RIVER *** [2d Jc 8d Ac] [7d]
810417ed: checks
7433951c: checks
73a8a00f: checks
810417ed: shows [Ah Tc] (Pair of Aces)
7433951c: shows [Qs Td] (Ace-High)
73a8a00f: shows [6h 6s] (Pair of Sixes)
*** SHOWDOWN ***
810417ed collected $0.43 from pot
*** SUMMARY ***
Total pot $0.45 | Rake $0.02 | Jackpot $0 | Bingo $0 | Fortune $0 | Tax $0
Board [2d Jc 8d Ac 7d]
Seat 1: 810417ed (small blind) showed [Ah Tc] and won ($0.43) with Pair of Aces
Seat 2: 7433951c (big blind) showed [Qs Td] and lost with Ace-High
Seat 3: e5b813b0 folded before Flop (didn't bet)
Seat 4: 73a8a00f showed [6h 6s] and lost with Pair of Sixes
Seat 5: Hero folded before Flop (didn't bet)
Seat 6: 7fb6428c (button) folded before Flop (didn't bet)


Poker Hand #HD1711195989: Hold'em No Limit ($0.02/$0.05) - 2024/04/01 19:59:48
Table 'NLHBlue123' 6-max Seat #5 is the button
Seat 1: 810417ed ($5 in chips)
Seat 2: 7433951c ($10.05 in chips)
Seat 3: e5b813b0 ($8.15 in chips)
Seat 4: 73a8a00f ($10 in chips)
Seat 5: Hero ($5.54 in chips)
Seat 6: 7fb6428c ($5.78 in chips)
7fb6428c: posts small blind $0.02
810417ed: posts big blind $0.05
*** HOLE CARDS ***
Dealt to 810417ed 
Dealt to 7433951c 
Dealt to e5b813b0 
Dealt to 73a8a00f 
Dealt to Hero [4h 3c]
Dealt to 7fb6428c 
7433951c: folds
e5b813b0: folds
73a8a00f: folds
Hero: folds
7fb6428c: folds
Uncalled bet ($0.03) returned to 810417ed
*** SHOWDOWN ***
810417ed collected $0.04 from pot
*** SUMMARY ***
Total pot $0.04 | Rake $0 | Jackpot $0 | Bingo $0 | Fortune $0 | Tax $0
Seat 1: 810417ed (big blind) collected ($0.04)
Seat 2: 7433951c folded before Flop (didn't bet)
Seat 3: e5b813b0 folded before Flop (didn't bet)
Seat 4: 73a8a00f folded before Flop (didn't bet)
Seat 5: Hero (button) folded before Flop (didn't bet)
Seat 6: 7fb6428c (small blind) folded before Flop


Poker Hand #HD1711195886: Hold'em No Limit ($0.02/$0.05) - 2024/04/01 19:58:59
Table 'NLHBlue123' 6-max Seat #4 is the button
Seat 1: 810417ed ($5 in chips)
Seat 2: 7433951c ($10.05 in chips)
Seat 3: e5b813b0 ($8.15 in chips)
Seat 4: 73a8a00f ($10 in chips)
Seat 5: Hero ($5.57 in chips)
Seat 6: 7fb6428c ($5.81 in chips)
Hero: posts small blind $0.02
7fb6428c: posts big blind $0.05
*** HOLE CARDS ***
Dealt to 810417ed 
Dealt to 7433951c 
Dealt to e5b813b0 
Dealt to 73a8a00f 
Dealt to Hero [6h Qh]
Dealt to 7fb6428c 
810417ed: folds
7433951c: folds
e5b813b0: folds
73a8a00f: folds
Hero: raises $0.1 to $0.15
7fb6428c: calls $0.1
*** FLOP *** [As Qs Qc]
Hero: checks
7fb6428c: bets $0.15
Hero: calls $0.15
*** TURN *** [As Qs Qc] [Ac]
Hero: checks
7fb6428c: checks
*** RIVER *** [As Qs Qc Ac] [6c]
Hero: checks
7fb6428c: bets $0.3
Hero: calls $0.3
7fb6428c: shows [8c Qd] (Queens Full over Aces)
Hero: shows [6h Qh] (Queens Full over Aces)
*** SHOWDOWN ***
Hero collected $0.57 from pot
7fb6428c collected $0.57 from pot
*** SUMMARY ***
Total pot $1.2 | Rake $0.06 | Jackpot $0 | Bingo $0 | Fortune $0 | Tax $0
Board [As Qs Qc Ac 6c]
Seat 1: 810417ed folded before Flop (didn't bet)
Seat 2: 7433951c folded before Flop (didn't bet)
Seat 3: e5b813b0 folded before Flop (didn't bet)
Seat 4: 73a8a00f (button) folded before Flop (didn't bet)
Seat 5: Hero (small blind) showed [6h Qh] and won ($0.57) with Queens Full over Aces
Seat 6: 7fb6428c (big blind) showed [8c Qd] and won ($0.57) with Queens Full over Aces


Poker Hand #HD1711195832: Hold'em No Limit ($0.02/$0.05) - 2024/04/01 19:58:27
Table 'NLHBlue123' 6-max Seat #3 is the button
Seat 1: 810417ed ($4.43 in chips)
Seat 2: 7433951c ($10.05 in chips)
Seat 3: e5b813b0 ($8.7 in chips)
Seat 4: 73a8a00f ($9.45 in chips)
Seat 5: Hero ($5.62 in chips)
Seat 6: 7fb6428c ($5.81 in chips)
73a8a00f: posts small blind $0.02
Hero: posts big blind $0.05
*** HOLE CARDS ***
Dealt to 810417ed 
Dealt to 7433951c 
Dealt to e5b813b0 
Dealt to 73a8a00f 
Dealt to Hero [2d Ac]
Dealt to 7fb6428c 
7fb6428c: folds
810417ed: folds
7433951c: folds
e5b813b0: raises $0.08 to $0.13
73a8a00f: raises $0.42 to $0.55
Hero: folds
e5b813b0: calls $0.42
*** FLOP *** [Qd 7s 6c]
73a8a00f: bets $0.38
e5b813b0: folds
Uncalled bet ($0.38) returned to 73a8a00f
*** SHOWDOWN ***
73a8a00f collected $1.1 from pot
*** SUMMARY ***
Total pot $1.15 | Rake $0.05 | Jackpot $0 | Bingo $0 | Fortune $0 | Tax $0
Board [Qd 7s 6c]
Seat 1: 810417ed folded before Flop (didn't bet)
Seat 2: 7433951c folded before Flop (didn't bet)
Seat 3: e5b813b0 (button) folded on the Flop
Seat 4: 73a8a00f (small blind) won ($1.1)
Seat 5: Hero (big blind) folded before Flop
Seat 6: 7fb6428c folded before Flop (didn't bet)


Poker Hand #HD1711195787: Hold'em No Limit ($0.02/$0.05) - 2024/04/01 19:58:06
Table 'NLHBlue123' 6-max Seat #2 is the button
Seat 1: 810417ed ($4.43 in chips)
Seat 2: 7433951c ($10.05 in chips)
Seat 3: e5b813b0 ($8.65 in chips)
Seat 4: 73a8a00f ($9.5 in chips)
Seat 5: Hero ($5.62 in chips)
Seat 6: 7fb6428c ($5.81 in chips)
e5b813b0: posts small blind $0.02
73a8a00f: posts big blind $0.05
*** HOLE CARDS ***
Dealt to 810417ed 
Dealt to 7433951c 
Dealt to e5b813b0 
Dealt to 73a8a00f 
Dealt to Hero [Qh Jd]
Dealt to 7fb6428c 
Hero: folds
7fb6428c: folds
810417ed: folds
7433951c: folds
e5b813b0: raises $0.1 to $0.15
73a8a00f: folds
Uncalled bet ($0.1) returned to e5b813b0
*** SHOWDOWN ***
e5b813b0 collected $0.1 from pot
*** SUMMARY ***
Total pot $0.1 | Rake $0 | Jackpot $0 | Bingo $0 | Fortune $0 | Tax $0
Seat 1: 810417ed folded before Flop (didn't bet)
Seat 2: 7433951c (button) folded before Flop (didn't bet)
Seat 3: e5b813b0 (small blind) collected ($0.1)
Seat 4: 73a8a00f (big blind) folded before Flop
Seat 5: Hero folded before Flop (didn't bet)
Seat 6: 7fb6428c folded before Flop (didn't bet)


Poker Hand #HD1711095614: Hold'em No Limit ($0.02/$0.05) - 2024/04/01 19:56:27
Table 'NLHBlue123' 6-max Seat #1 is the button
Seat 1: 810417ed ($8.54 in chips)
Seat 2: 7433951c ($6.25 in chips)
Seat 3: e5b813b0 ($8.7 in chips)
Seat 4: 73a8a00f ($9.5 in chips)
Seat 5: Hero ($5.72 in chips)
Seat 6: 7fb6428c ($5.81 in chips)
7433951c: posts small blind $0.02
e5b813b0: posts big blind $0.05
*** HOLE CARDS ***
Dealt to 810417ed 
Dealt to 7433951c 
Dealt to e5b813b0 
Dealt to 73a8a00f 
Dealt to Hero [Jh Kc]
Dealt to 7fb6428c 
73a8a00f: folds
Hero: raises $0.05 to $0.1
7fb6428c: folds
810417ed: calls $0.1
7433951c: raises $0.24 to $0.34
e5b813b0: folds
Hero: folds
810417ed: calls $0.24
*** FLOP *** [5h Js 9d]
7433951c: bets $0.28
810417ed: calls $0.28
*** TURN *** [5h Js 9d] [6s]
7433951c: bets $0.7
810417ed: calls $0.7
*** RIVER *** [5h Js 9d 6s] [Ks]
7433951c: bets $2.79
810417ed: calls $2.79
7433951c: shows [Ts As] (Ace High Flush)
810417ed: shows [9h 9s] (Three Nines)
*** SHOWDOWN ***
7433951c collected $7.91 from pot
*** SUMMARY ***
Total pot $8.37 | Rake $0.41 | Jackpot $0.05 | Bingo $0 | Fortune $0 | Tax $0
Board [5h Js 9d 6s Ks]
Seat 1: 810417ed (button) showed [9h 9s] and lost with Three Nines
Seat 2: 7433951c (small blind) showed [Ts As] and won ($7.91) with Ace High Flush
Seat 3: e5b813b0 (big blind) folded before Flop
Seat 4: 73a8a00f folded before Flop (didn't bet)
Seat 5: Hero folded before Flop
Seat 6: 7fb6428c folded before Flop (didn't bet)


Poker Hand #HD1711095509: Hold'em No Limit ($0.02/$0.05) - 2024/04/01 19:55:33
Table 'NLHBlue123' 6-max Seat #6 is the button
Seat 1: 810417ed ($8.56 in chips)
Seat 2: 7433951c ($5.99 in chips)
Seat 3: e5b813b0 ($8.7 in chips)
Seat 4: 73a8a00f ($9.76 in chips)
Seat 5: Hero ($5.72 in chips)
Seat 6: 7fb6428c ($5.81 in chips)
810417ed: posts small blind $0.02
7433951c: posts big blind $0.05
*** HOLE CARDS ***
Dealt to 810417ed 
Dealt to 7433951c 
Dealt to e5b813b0 
Dealt to 73a8a00f 
Dealt to Hero [3c 7h]
Dealt to 7fb6428c 
e5b813b0: folds
73a8a00f: raises $0.1 to $0.15
Hero: folds
7fb6428c: folds
810417ed: folds
7433951c: calls $0.1
*** FLOP *** [2h 4d 3d]
7433951c: bets $0.11
73a8a00f: calls $0.11
*** TURN *** [2h 4d 3d] [3s]
7433951c: bets $0.27
73a8a00f: folds
Uncalled bet ($0.27) returned to 7433951c
*** SHOWDOWN ***
7433951c collected $0.52 from pot
*** SUMMARY ***
Total pot $0.54 | Rake $0.02 | Jackpot $0 | Bingo $0 | Fortune $0 | Tax $0
Board [2h 4d 3d 3s]
Seat 1: 810417ed (small blind) folded before Flop
Seat 2: 7433951c (big blind) won ($0.52)
Seat 3: e5b813b0 folded before Flop (didn't bet)
Seat 4: 73a8a00f folded on the Turn
Seat 5: Hero folded before Flop (didn't bet)
Seat 6: 7fb6428c (button) folded before Flop (didn't bet)


Poker Hand #HD1711095479: Hold'em No Limit ($0.02/$0.05) - 2024/04/01 19:55:17
Table 'NLHBlue123' 6-max Seat #5 is the button
Seat 1: 810417ed ($8.54 in chips)
Seat 2: 7433951c ($5.99 in chips)
Seat 3: e5b813b0 ($8.7 in chips)
Seat 4: 73a8a00f ($9.76 in chips)
Seat 5: Hero ($5.72 in chips)
Seat 6: 7fb6428c ($5.83 in chips)
7fb6428c: posts small blind $0.02
810417ed: posts big blind $0.05
*** HOLE CARDS ***
Dealt to 810417ed 
Dealt to 7433951c 
Dealt to e5b813b0 
Dealt to 73a8a00f 
Dealt to Hero [3c 7c]
Dealt to 7fb6428c 
7433951c: folds
e5b813b0: folds
73a8a00f: folds
Hero: folds
7fb6428c: folds
Uncalled bet ($0.03) returned to 810417ed
*** SHOWDOWN ***
810417ed collected $0.04 from pot
*** SUMMARY ***
Total pot $0.04 | Rake $0 | Jackpot $0 | Bingo $0 | Fortune $0 | Tax $0
Seat 1: 810417ed (big blind) collected ($0.04)
Seat 2: 7433951c folded before Flop (didn't bet)
Seat 3: e5b813b0 folded before Flop (didn't bet)
Seat 4: 73a8a00f folded before Flop (didn't bet)
Seat 5: Hero (button) folded before Flop (didn't bet)
Seat 6: 7fb6428c (small blind) folded before Flop


Poker Hand #HD1711095461: Hold'em No Limit ($0.02/$0.05) - 2024/04/01 19:55:01
Table 'NLHBlue123' 6-max Seat #4 is the button
Seat 1: 810417ed ($8.47 in chips)
Seat 2: 7433951c ($5.99 in chips)
Seat 3: e5b813b0 ($8.7 in chips)
Seat 4: 73a8a00f ($9.76 in chips)
Seat 5: Hero ($5.74 in chips)
Seat 6: 7fb6428c ($5.88 in chips)
Hero: posts small blind $0.02
7fb6428c: posts big blind $0.05
*** HOLE CARDS ***
Dealt to 810417ed 
Dealt to 7433951c 
Dealt to e5b813b0 
Dealt to 73a8a00f 
Dealt to Hero [Qd Kc]
Dealt to 7fb6428c 
810417ed: raises $0.1 to $0.15
7433951c: folds
e5b813b0: folds
73a8a00f: folds
Hero: folds
7fb6428c: folds
Uncalled bet ($0.1) returned to 810417ed
*** SHOWDOWN ***
810417ed collected $0.12 from pot
*** SUMMARY ***
Total pot $0.12 | Rake $0 | Jackpot $0 | Bingo $0 | Fortune $0 | Tax $0
Seat 1: 810417ed collected ($0.12)
Seat 2: 7433951c folded before Flop (didn't bet)
Seat 3: e5b813b0 folded before Flop (didn't bet)
Seat 4: 73a8a00f (button) folded before Flop (didn't bet)
Seat 5: Hero (small blind) folded before Flop
Seat 6: 7fb6428c (big blind) folded before Flop


Poker Hand #HD1711095439: Hold'em No Limit ($0.02/$0.05) - 2024/04/01 19:54:47
Table 'NLHBlue123' 6-max Seat #3 is the button
Seat 1: 810417ed ($8.47 in chips)
Seat 2: 7433951c ($5.92 in chips)
Seat 3: e5b813b0 ($8.7 in chips)
Seat 4: 73a8a00f ($9.78 in chips)
Seat 5: Hero ($5.79 in chips)
Seat 6: 7fb6428c ($5.88 in chips)
73a8a00f: posts small blind $0.02
Hero: posts big blind $0.05
*** HOLE CARDS ***
Dealt to 810417ed 
Dealt to 7433951c 
Dealt to e5b813b0 
Dealt to 73a8a00f 
Dealt to Hero [7d 2h]
Dealt to 7fb6428c 
7fb6428c: folds
810417ed: folds
7433951c: raises $0.05 to $0.1
e5b813b0: folds
73a8a00f: folds
Hero: folds
Uncalled bet ($0.05) returned to 7433951c
*** SHOWDOWN ***
7433951c collected $0.12 from pot
*** SUMMARY ***
Total pot $0.12 | Rake $0 | Jackpot $0 | Bingo $0 | Fortune $0 | Tax $0
Seat 1: 810417ed folded before Flop (didn't bet)
Seat 2: 7433951c collected ($0.12)
Seat 3: e5b813b0 (button) folded before Flop (didn't bet)
Seat 4: 73a8a00f (small blind) folded before Flop
Seat 5: Hero (big blind) folded before Flop
Seat 6: 7fb6428c folded before Flop (didn't bet)


Poker Hand #HD1711095405: Hold'em No Limit ($0.02/$0.05) - 2024/04/01 19:54:28
Table 'NLHBlue123' 6-max Seat #2 is the button
Seat 1: 810417ed ($8.47 in chips)
Seat 2: 7433951c ($6.02 in chips)
Seat 3: e5b813b0 ($8.72 in chips)
Seat 4: 73a8a00f ($9.67 in chips)
Seat 5: Hero ($5.79 in chips)
Seat 6: 7fb6428c ($5.88 in chips)
e5b813b0: posts small blind $0.02
73a8a00f: posts big blind $0.05
*** HOLE CARDS ***
Dealt to 810417ed 
Dealt to 7433951c 
Dealt to e5b813b0 
Dealt to 73a8a00f 
Dealt to Hero [7d Jc]
Dealt to 7fb6428c 
Hero: folds
7fb6428c: folds
810417ed: folds
7433951c: raises $0.05 to $0.1
e5b813b0: folds
73a8a00f: raises $0.4 to $0.5
7433951c: folds
Uncalled bet ($0.4) returned to 73a8a00f
*** SHOWDOWN ***
73a8a00f collected $0.21 from pot
*** SUMMARY ***
Total pot $0.22 | Rake $0.01 | Jackpot $0 | Bingo $0 | Fortune $0 | Tax $0
Seat 1: 810417ed folded before Flop (didn't bet)
Seat 2: 7433951c (button) folded before Flop
Seat 3: e5b813b0 (small blind) folded before Flop
Seat 4: 73a8a00f (big blind) collected ($0.21)
Seat 5: Hero folded before Flop (didn't bet)
Seat 6: 7fb6428c folded before Flop (didn't bet)


Poker Hand #HD1711095382: Hold'em No Limit ($0.02/$0.05) - 2024/04/01 19:54:20
Table 'NLHBlue123' 6-max Seat #1 is the button
Seat 1: 810417ed ($8.47 in chips)
Seat 2: 7433951c ($6.04 in chips)
Seat 3: e5b813b0 ($8.7 in chips)
Seat 4: 73a8a00f ($9.67 in chips)
Seat 5: Hero ($5.79 in chips)
Seat 6: 7fb6428c ($5.88 in chips)
7433951c: posts small blind $0.02
e5b813b0: posts big blind $0.05
*** HOLE CARDS ***
Dealt to 810417ed 
Dealt to 7433951c 
Dealt to e5b813b0 
Dealt to 73a8a00f 
Dealt to Hero [9d 4c]
Dealt to 7fb6428c 
73a8a00f: folds
Hero: folds
7fb6428c: folds
810417ed: folds
7433951c: folds
Uncalled bet ($0.03) returned to e5b813b0
*** SHOWDOWN ***
e5b813b0 collected $0.04 from pot
*** SUMMARY ***
Total pot $0.04 | Rake $0 | Jackpot $0 | Bingo $0 | Fortune $0 | Tax $0
Seat 1: 810417ed (button) folded before Flop (didn't bet)
Seat 2: 7433951c (small blind) folded before Flop
Seat 3: e5b813b0 (big blind) collected ($0.04)
Seat 4: 73a8a00f folded before Flop (didn't bet)
Seat 5: Hero folded before Flop (didn't bet)
Seat 6: 7fb6428c folded before Flop (didn't bet)


Poker Hand #HD1711095245: Hold'em No Limit ($0.02/$0.05) - 2024/04/01 19:53:16
Table 'NLHBlue123' 6-max Seat #6 is the button
Seat 1: 810417ed ($8.49 in chips)
Seat 2: 7433951c ($5.9 in chips)
Seat 3: e5b813b0 ($8.7 in chips)
Seat 4: 73a8a00f ($9.67 in chips)
Seat 5: Hero ($5.92 in chips)
Seat 6: 7fb6428c ($5.88 in chips)
810417ed: posts small blind $0.02
7433951c: posts big blind $0.05
*** HOLE CARDS ***
Dealt to 810417ed 
Dealt to 7433951c 
Dealt to e5b813b0 
Dealt to 73a8a00f 
Dealt to Hero [4h As]
Dealt to 7fb6428c 
e5b813b0: folds
73a8a00f: folds
Hero: raises $0.08 to $0.13
7fb6428c: folds
810417ed: folds
7433951c: raises $0.25 to $0.38
Hero: folds
Uncalled bet ($0.25) returned to 7433951c
*** SHOWDOWN ***
7433951c collected $0.27 from pot
*** SUMMARY ***
Total pot $0.28 | Rake $0.01 | Jackpot $0 | Bingo $0 | Fortune $0 | Tax $0
Seat 1: 810417ed (small blind) folded before Flop
Seat 2: 7433951c (big blind) collected ($0.27)
Seat 3: e5b813b0 folded before Flop (didn't bet)
Seat 4: 73a8a00f folded before Flop (didn't bet)
Seat 5: Hero folded before Flop
Seat 6: 7fb6428c (button) folded before Flop (didn't bet)


Poker Hand #HD1711095208: Hold'em No Limit ($0.02/$0.05) - 2024/04/01 19:52:53
Table 'NLHBlue123' 6-max Seat #5 is the button
Seat 1: 810417ed ($8.47 in chips)
Seat 2: 7433951c ($5.9 in chips)
Seat 3: e5b813b0 ($8.7 in chips)
Seat 4: 73a8a00f ($9.67 in chips)
Seat 5: Hero ($5.92 in chips)
Seat 6: 7fb6428c ($5.9 in chips)
7fb6428c: posts small blind $0.02
810417ed: posts big blind $0.05
*** HOLE CARDS ***
Dealt to 810417ed 
Dealt to 7433951c 
Dealt to e5b813b0 
Dealt to 73a8a00f 
Dealt to Hero [7c Js]
Dealt to 7fb6428c 
7433951c: folds
e5b813b0: folds
73a8a00f: folds
Hero: folds
7fb6428c: folds
Uncalled bet ($0.03) returned to 810417ed
*** SHOWDOWN ***
810417ed collected $0.04 from pot
*** SUMMARY ***
Total pot $0.04 | Rake $0 | Jackpot $0 | Bingo $0 | Fortune $0 | Tax $0
Seat 1: 810417ed (big blind) collected ($0.04)
Seat 2: 7433951c folded before Flop (didn't bet)
Seat 3: e5b813b0 folded before Flop (didn't bet)
Seat 4: 73a8a00f folded before Flop (didn't bet)
Seat 5: Hero (button) folded before Flop (didn't bet)
Seat 6: 7fb6428c (small blind) folded before Flop


Poker Hand #HD1711095170: Hold'em No Limit ($0.02/$0.05) - 2024/04/01 19:52:34
Table 'NLHBlue123' 6-max Seat #4 is the button
Seat 1: 810417ed ($8.47 in chips)
Seat 2: 7433951c ($5.9 in chips)
Seat 3: e5b813b0 ($8.7 in chips)
Seat 4: 73a8a00f ($9.67 in chips)
Seat 5: Hero ($5.94 in chips)
Seat 6: 7fb6428c ($5.88 in chips)
Hero: posts small blind $0.02
7fb6428c: posts big blind $0.05
*** HOLE CARDS ***
Dealt to 810417ed 
Dealt to 7433951c 
Dealt to e5b813b0 
Dealt to 73a8a00f 
Dealt to Hero [Js 2d]
Dealt to 7fb6428c 
810417ed: folds
7433951c: folds
e5b813b0: folds
73a8a00f: folds
Hero: folds
Uncalled bet ($0.03) returned to 7fb6428c
*** SHOWDOWN ***
7fb6428c collected $0.04 from pot
*** SUMMARY ***
Total pot $0.04 | Rake $0 | Jackpot $0 | Bingo $0 | Fortune $0 | Tax $0
Seat 1: 810417ed folded before Flop (didn't bet)
Seat 2: 7433951c folded before Flop (didn't bet)
Seat 3: e5b813b0 folded before Flop (didn't bet)
Seat 4: 73a8a00f (button) folded before Flop (didn't bet)
Seat 5: Hero (small blind) folded before Flop
Seat 6: 7fb6428c (big blind) collected ($0.04)


Poker Hand #HD1711095070: Hold'em No Limit ($0.02/$0.05) - 2024/04/01 19:51:42
Table 'NLHBlue123' 6-max Seat #3 is the button
Seat 1: 810417ed ($8.62 in chips)
Seat 2: 7433951c ($5.9 in chips)
Seat 3: e5b813b0 ($8.7 in chips)
Seat 4: 73a8a00f ($9.69 in chips)
Seat 5: Hero ($5.78 in chips)
Seat 6: 7fb6428c ($5.88 in chips)
73a8a00f: posts small blind $0.02
Hero: posts big blind $0.05
*** HOLE CARDS ***
Dealt to 810417ed 
Dealt to 7433951c 
Dealt to e5b813b0 
Dealt to 73a8a00f 
Dealt to Hero [Js Ac]
Dealt to 7fb6428c 
7fb6428c: folds
810417ed: raises $0.1 to $0.15
7433951c: folds
e5b813b0: folds
73a8a00f: folds
Hero: calls $0.1
*** FLOP *** [As 8s Qc]
Hero: bets $0.15
810417ed: folds
Uncalled bet ($0.15) returned to Hero
*** SHOWDOWN ***
Hero collected $0.31 from pot
*** SUMMARY ***
Total pot $0.32 | Rake $0.01 | Jackpot $0 | Bingo $0 | Fortune $0 | Tax $0
Board [As 8s Qc]
Seat 1: 810417ed folded on the Flop
Seat 2: 7433951c folded before Flop (didn't bet)
Seat 3: e5b813b0 (button) folded before Flop (didn't bet)
Seat 4: 73a8a00f (small blind) folded before Flop
Seat 5: Hero (big blind) won ($0.31)
Seat 6: 7fb6428c folded before Flop (didn't bet)


Poker Hand #HD1711094969: Hold'em No Limit ($0.02/$0.05) - 2024/04/01 19:50:51
Table 'NLHBlue123' 6-max Seat #2 is the button
Seat 1: 810417ed ($8.62 in chips)
Seat 2: 7433951c ($6.51 in chips)
Seat 3: e5b813b0 ($8.72 in chips)
Seat 4: 73a8a00f ($9.74 in chips)
Seat 5: Hero ($5.78 in chips)
Seat 6: 7fb6428c ($5.26 in chips)
e5b813b0: posts small blind $0.02
73a8a00f: posts big blind $0.05
*** HOLE CARDS ***
Dealt to 810417ed 
Dealt to 7433951c 
Dealt to e5b813b0 
Dealt to 73a8a00f 
Dealt to Hero [9s Th]
Dealt to 7fb6428c 
Hero: folds
7fb6428c: raises $0.1 to $0.15
810417ed: folds
7433951c: raises $0.21 to $0.36
e5b813b0: folds
73a8a00f: folds
7fb6428c: calls $0.21
*** FLOP *** [Tc Jc 2c]
7fb6428c: checks
7433951c: checks
*** TURN *** [Tc Jc 2c] [2h]
7fb6428c: bets $0.25
7433951c: calls $0.25
*** RIVER *** [Tc Jc 2c 2h] [2d]
7fb6428c: bets $0.4
7433951c: folds
Uncalled bet ($0.4) returned to 7fb6428c
*** SHOWDOWN ***
7fb6428c collected $1.23 from pot
*** SUMMARY ***
Total pot $1.29 | Rake $0.06 | Jackpot $0 | Bingo $0 | Fortune $0 | Tax $0
Board [Tc Jc 2c 2h 2d]
Seat 1: 810417ed folded before Flop (didn't bet)
Seat 2: 7433951c (button) folded on the River
Seat 3: e5b813b0 (small blind) folded before Flop
Seat 4: 73a8a00f (big blind) folded before Flop
Seat 5: Hero folded before Flop (didn't bet)
Seat 6: 7fb6428c won ($1.23)


Poker Hand #HD1711094926: Hold'em No Limit ($0.02/$0.05) - 2024/04/01 19:50:34
Table 'NLHBlue123' 6-max Seat #1 is the button
Seat 1: 810417ed ($8.62 in chips)
Seat 2: 7433951c ($6.53 in chips)
Seat 3: e5b813b0 ($8.7 in chips)
Seat 4: 73a8a00f ($9.74 in chips)
Seat 5: Hero ($5.78 in chips)
Seat 6: 7fb6428c ($5.26 in chips)
7433951c: posts small blind $0.02
e5b813b0: posts big blind $0.05
*** HOLE CARDS ***
Dealt to 810417ed 
Dealt to 7433951c 
Dealt to e5b813b0 
Dealt to 73a8a00f 
Dealt to Hero [8s Kd]
Dealt to 7fb6428c 
73a8a00f: folds
Hero: folds
7fb6428c: folds
810417ed: folds
7433951c: folds
Uncalled bet ($0.03) returned to e5b813b0
*** SHOWDOWN ***
e5b813b0 collected $0.04 from pot
*** SUMMARY ***
Total pot $0.04 | Rake $0 | Jackpot $0 | Bingo $0 | Fortune $0 | Tax $0
Seat 1: 810417ed (button) folded before Flop (didn't bet)
Seat 2: 7433951c (small blind) folded before Flop
Seat 3: e5b813b0 (big blind) collected ($0.04)
Seat 4: 73a8a00f folded before Flop (didn't bet)
Seat 5: Hero folded before Flop (didn't bet)
Seat 6: 7fb6428c folded before Flop (didn't bet)


Poker Hand #HD1711094858: Hold'em No Limit ($0.02/$0.05) - 2024/04/01 19:49:57
Table 'NLHBlue123' 6-max Seat #6 is the button
Seat 1: 810417ed ($8.77 in chips)
Seat 2: 7433951c ($6.39 in chips)
Seat 3: e5b813b0 ($8.7 in chips)
Seat 4: 73a8a00f ($9.74 in chips)
Seat 5: Hero ($5.78 in chips)
Seat 6: 7fb6428c ($5.26 in chips)
810417ed: posts small blind $0.02
7433951c: posts big blind $0.05
*** HOLE CARDS ***
Dealt to 810417ed 
Dealt to 7433951c 
Dealt to e5b813b0 
Dealt to 73a8a00f 
Dealt to Hero [8h 4c]
Dealt to 7fb6428c 
e5b813b0: folds
73a8a00f: folds
Hero: folds
7fb6428c: folds
810417ed: raises $0.1 to $0.15
7433951c: raises $0.27 to $0.42
810417ed: folds
Uncalled bet ($0.27) returned to 7433951c
*** SHOWDOWN ***
7433951c collected $0.29 from pot
*** SUMMARY ***
Total pot $0.3 | Rake $0.01 | Jackpot $0 | Bingo $0 | Fortune $0 | Tax $0
Seat 1: 810417ed (small blind) folded before Flop
Seat 2: 7433951c (big blind) collected ($0.29)
Seat 3: e5b813b0 folded before Flop (didn't bet)
Seat 4: 73a8a00f folded before Flop (didn't bet)
Seat 5: Hero folded before Flop (didn't bet)
Seat 6: 7fb6428c (button) folded before Flop (didn't bet)


Poker Hand #HD1711094738: Hold'em No Limit ($0.02/$0.05) - 2024/04/01 19:48:59
Table 'NLHBlue123' 6-max Seat #5 is the button
Seat 1: 810417ed ($8.9 in chips)
Seat 2: 7433951c ($6.39 in chips)
Seat 3: e5b813b0 ($8.7 in chips)
Seat 4: 73a8a00f ($9.74 in chips)
Seat 5: Hero ($5.64 in chips)
Seat 6: 7fb6428c ($5.28 in chips)
7fb6428c: posts small blind $0.02
810417ed: posts big blind $0.05
*** HOLE CARDS ***
Dealt to 810417ed 
Dealt to 7433951c 
Dealt to e5b813b0 
Dealt to 73a8a00f 
Dealt to Hero [9d Ac]
Dealt to 7fb6428c 
7433951c: folds
e5b813b0: folds
73a8a00f: folds
Hero: raises $0.08 to $0.13
7fb6428c: folds
810417ed: calls $0.08
*** FLOP *** [6d Tc 9c]
810417ed: checks
Hero: checks
*** TURN *** [6d Tc 9c] [2d]
810417ed: checks
Hero: checks
*** RIVER *** [6d Tc 9c 2d] [Qs]
810417ed: checks
Hero: checks
810417ed: shows [6h 8c] (Pair of Sixes)
Hero: shows [9d Ac] (Pair of Nines)
*** SHOWDOWN ***
Hero collected $0.27 from pot
*** SUMMARY ***
Total pot $0.28 | Rake $0.01 | Jackpot $0 | Bingo $0 | Fortune $0 | Tax $0
Board [6d Tc 9c 2d Qs]
Seat 1: 810417ed (big blind) showed [6h 8c] and lost with Pair of Sixes
Seat 2: 7433951c folded before Flop (didn't bet)
Seat 3: e5b813b0 folded before Flop (didn't bet)
Seat 4: 73a8a00f folded before Flop (didn't bet)
Seat 5: Hero (button) showed [9d Ac] and won ($0.27) with Pair of Nines
Seat 6: 7fb6428c (small blind) folded before Flop


Poker Hand #HD1711094700: Hold'em No Limit ($0.02/$0.05) - 2024/04/01 19:48:41
Table 'NLHBlue123' 6-max Seat #4 is the button
Seat 1: 810417ed ($8.9 in chips)
Seat 2: 7433951c ($6.39 in chips)
Seat 3: e5b813b0 ($8.63 in chips)
Seat 4: 73a8a00f ($9.74 in chips)
Seat 5: Hero ($5.66 in chips)
Seat 6: 7fb6428c ($5.33 in chips)
Hero: posts small blind $0.02
7fb6428c: posts big blind $0.05
*** HOLE CARDS ***
Dealt to 810417ed 
Dealt to 7433951c 
Dealt to e5b813b0 
Dealt to 73a8a00f 
Dealt to Hero [Qc 3s]
Dealt to 7fb6428c 
810417ed: folds
7433951c: folds
e5b813b0: raises $0.1 to $0.15
73a8a00f: folds
Hero: folds
7fb6428c: folds
Uncalled bet ($0.1) returned to e5b813b0
*** SHOWDOWN ***
e5b813b0 collected $0.12 from pot
*** SUMMARY ***
Total pot $0.12 | Rake $0 | Jackpot $0 | Bingo $0 | Fortune $0 | Tax $0
Seat 1: 810417ed folded before Flop (didn't bet)
Seat 2: 7433951c folded before Flop (didn't bet)
Seat 3: e5b813b0 collected ($0.12)
Seat 4: 73a8a00f (button) folded before Flop (didn't bet)
Seat 5: Hero (small blind) folded before Flop
Seat 6: 7fb6428c (big blind) folded before Flop


Poker Hand #HD1711094587: Hold'em No Limit ($0.02/$0.05) - 2024/04/01 19:47:42
Table 'NLHBlue123' 6-max Seat #3 is the button
Seat 1: 810417ed ($8.9 in chips)
Seat 2: 7433951c ($5 in chips)
Seat 3: e5b813b0 ($10.15 in chips)
Seat 4: 73a8a00f ($9.76 in chips)
Seat 5: Hero ($5.71 in chips)
Seat 6: 7fb6428c ($5.33 in chips)
73a8a00f: posts small blind $0.02
Hero: posts big blind $0.05
*** HOLE CARDS ***
Dealt to 810417ed 
Dealt to 7433951c 
Dealt to e5b813b0 
Dealt to 73a8a00f 
Dealt to Hero [4s Kd]
Dealt to 7fb6428c 
7fb6428c: folds
810417ed: folds
7433951c: raises $0.05 to $0.1
e5b813b0: raises $0.21 to $0.31
73a8a00f: folds
Hero: folds
7433951c: raises $0.43 to $0.74
e5b813b0: calls $0.43
*** FLOP *** [4h 8d 2s]
7433951c: bets $0.78
e5b813b0: calls $0.78
*** TURN *** [4h 8d 2s] [Td]
7433951c: bets $2.34
e5b813b0: folds
Uncalled bet ($2.34) returned to 7433951c
*** SHOWDOWN ***
7433951c collected $2.91 from pot
*** SUMMARY ***
Total pot $3.11 | Rake $0.15 | Jackpot $0.05 | Bingo $0 | Fortune $0 | Tax $0
Board [4h 8d 2s Td]
Seat 1: 810417ed folded before Flop (didn't bet)
Seat 2: 7433951c won ($2.91)
Seat 3: e5b813b0 (button) folded on the Turn
Seat 4: 73a8a00f (small blind) folded before Flop
Seat 5: Hero (big blind) folded before Flop
Seat 6: 7fb6428c folded before Flop (didn't bet)


Poker Hand #HD1711094528: Hold'em No Limit ($0.02/$0.05) - 2024/04/01 19:47:12
Table 'NLHBlue123' 6-max Seat #2 is the button
Seat 1: 810417ed ($8.9 in chips)
Seat 2: 7433951c ($5.14 in chips)
Seat 3: e5b813b0 ($9.66 in chips)
Seat 4: 73a8a00f ($9.81 in chips)
Seat 5: Hero ($5.71 in chips)
Seat 6: 7fb6428c ($5.33 in chips)
e5b813b0: posts small blind $0.02
73a8a00f: posts big blind $0.05
*** HOLE CARDS ***
Dealt to 810417ed 
Dealt to 7433951c 
Dealt to e5b813b0 
Dealt to 73a8a00f 
Dealt to Hero [6c 9h]
Dealt to 7fb6428c 
Hero: folds
7fb6428c: folds
810417ed: folds
7433951c: raises $0.05 to $0.1
e5b813b0: raises $0.4 to $0.5
73a8a00f: folds
7433951c: calls $0.4
*** FLOP *** [Ad 7d 2h]
e5b813b0: bets $0.54
7433951c: folds
Uncalled bet ($0.54) returned to e5b813b0
*** SHOWDOWN ***
e5b813b0 collected $0.99 from pot
*** SUMMARY ***
Total pot $1.05 | Rake $0.06 | Jackpot $0 | Bingo $0 | Fortune $0 | Tax $0
Board [Ad 7d 2h]
Seat 1: 810417ed folded before Flop (didn't bet)
Seat 2: 7433951c (button) folded on the Flop
Seat 3: e5b813b0 (small blind) won ($0.99)
Seat 4: 73a8a00f (big blind) folded before Flop
Seat 5: Hero folded before Flop (didn't bet)
Seat 6: 7fb6428c folded before Flop (didn't bet)


Poker Hand #HD1711094464: Hold'em No Limit ($0.02/$0.05) - 2024/04/01 19:46:38
Table 'NLHBlue123' 6-max Seat #1 is the button
Seat 1: 810417ed ($9.03 in chips)
Seat 2: 7433951c ($5.16 in chips)
Seat 3: e5b813b0 ($9.71 in chips)
Seat 4: 73a8a00f ($9.81 in chips)
Seat 5: Hero ($5.71 in chips)
Seat 6: 7fb6428c ($5.14 in chips)
7433951c: posts small blind $0.02
e5b813b0: posts big blind $0.05
*** HOLE CARDS ***
Dealt to 810417ed 
Dealt to 7433951c 
Dealt to e5b813b0 
Dealt to 73a8a00f 
Dealt to Hero [Kh 8c]
Dealt to 7fb6428c 
73a8a00f: folds
Hero: folds
7fb6428c: raises $0.08 to $0.13
810417ed: calls $0.13
7433951c: folds
e5b813b0: folds
*** FLOP *** [Qc 7h Jh]
7fb6428c: checks
810417ed: checks
*** TURN *** [Qc 7h Jh] [2d]
7fb6428c: bets $0.17
810417ed: folds
Uncalled bet ($0.17) returned to 7fb6428c
*** SHOWDOWN ***
7fb6428c collected $0.32 from pot
*** SUMMARY ***
Total pot $0.33 | Rake $0.01 | Jackpot $0 | Bingo $0 | Fortune $0 | Tax $0
Board [Qc 7h Jh 2d]
Seat 1: 810417ed (button) folded on the Turn
Seat 2: 7433951c (small blind) folded before Flop
Seat 3: e5b813b0 (big blind) folded before Flop
Seat 4: 73a8a00f folded before Flop (didn't bet)
Seat 5: Hero folded before Flop (didn't bet)
Seat 6: 7fb6428c won ($0.32)


Poker Hand #HD1711094387: Hold'em No Limit ($0.02/$0.05) - 2024/04/01 19:46:00
Table 'NLHBlue123' 6-max Seat #6 is the button
Seat 1: 810417ed ($9.05 in chips)
Seat 2: 7433951c ($5.29 in chips)
Seat 3: e5b813b0 ($9.71 in chips)
Seat 4: 73a8a00f ($9.81 in chips)
Seat 5: Hero ($5.71 in chips)
Seat 6: 7fb6428c ($5 in chips)
810417ed: posts small blind $0.02
7433951c: posts big blind $0.05
*** HOLE CARDS ***
Dealt to 810417ed 
Dealt to 7433951c 
Dealt to e5b813b0 
Dealt to 73a8a00f 
Dealt to Hero [Qs 3d]
Dealt to 7fb6428c 
e5b813b0: folds
73a8a00f: folds
Hero: folds
7fb6428c: raises $0.08 to $0.13
810417ed: folds
7433951c: calls $0.08
*** FLOP *** [Ks Kc 7d]
7433951c: checks
7fb6428c: bets $0.09
7433951c: folds
Uncalled bet ($0.09) returned to 7fb6428c
*** SHOWDOWN ***
7fb6428c collected $0.27 from pot
*** SUMMARY ***
Total pot $0.28 | Rake $0.01 | Jackpot $0 | Bingo $0 | Fortune $0 | Tax $0
Board [Ks Kc 7d]
Seat 1: 810417ed (small blind) folded before Flop
Seat 2: 7433951c (big blind) folded on the Flop
Seat 3: e5b813b0 folded before Flop (didn't bet)
Seat 4: 73a8a00f folded before Flop (didn't bet)
Seat 5: Hero folded before Flop (didn't bet)
Seat 6: 7fb6428c (button) won ($0.27)


Poker Hand #HD1711094322: Hold'em No Limit ($0.02/$0.05) - 2024/04/01 19:45:30
Table 'NLHBlue123' 6-max Seat #5 is the button
Seat 1: 810417ed ($9.15 in chips)
Seat 2: 7433951c ($5.18 in chips)
Seat 3: e5b813b0 ($9.71 in chips)
Seat 4: 73a8a00f ($9.81 in chips)
Seat 5: Hero ($5.71 in chips)
Seat 6: 7fb6428c ($5.02 in chips)
7fb6428c: posts small blind $0.02
810417ed: posts big blind $0.05
*** HOLE CARDS ***
Dealt to 810417ed 
Dealt to 7433951c 
Dealt to e5b813b0 
Dealt to 73a8a00f 
Dealt to Hero [7h 9s]
Dealt to 7fb6428c 
7433951c: raises $0.05 to $0.1
e5b813b0: folds
73a8a00f: folds
Hero: folds
7fb6428c: folds
810417ed: calls $0.05
*** FLOP *** [8s 3c Kh]
810417ed: checks
7433951c: bets $0.08
810417ed: folds
Uncalled bet ($0.08) returned to 7433951c
*** SHOWDOWN ***
7433951c collected $0.21 from pot
*** SUMMARY ***
Total pot $0.22 | Rake $0.01 | Jackpot $0 | Bingo $0 | Fortune $0 | Tax $0
Board [8s 3c Kh]
Seat 1: 810417ed (big blind) folded on the Flop
Seat 2: 7433951c won ($0.21)
Seat 3: e5b813b0 folded before Flop (didn't bet)
Seat 4: 73a8a00f folded before Flop (didn't bet)
Seat 5: Hero (button) folded before Flop (didn't bet)
Seat 6: 7fb6428c (small blind) folded before Flop


Poker Hand #HD1711094298: Hold'em No Limit ($0.02/$0.05) - 2024/04/01 19:45:18
Table 'NLHBlue123' 6-max Seat #4 is the button
Seat 1: 810417ed ($9.15 in chips)
Seat 2: 7433951c ($5.18 in chips)
Seat 3: e5b813b0 ($9.71 in chips)
Seat 4: 73a8a00f ($9.81 in chips)
Seat 5: Hero ($5.73 in chips)
Seat 6: 7fb6428c ($5 in chips)
Hero: posts small blind $0.02
7fb6428c: posts big blind $0.05
*** HOLE CARDS ***
Dealt to 810417ed 
Dealt to 7433951c 
Dealt to e5b813b0 
Dealt to 73a8a00f 
Dealt to Hero [Js 4c]
Dealt to 7fb6428c 
810417ed: folds
7433951c: folds
e5b813b0: folds
73a8a00f: folds
Hero: folds
Uncalled bet ($0.03) returned to 7fb6428c
*** SHOWDOWN ***
7fb6428c collected $0.04 from pot
*** SUMMARY ***
Total pot $0.04 | Rake $0 | Jackpot $0 | Bingo $0 | Fortune $0 | Tax $0
Seat 1: 810417ed folded before Flop (didn't bet)
Seat 2: 7433951c folded before Flop (didn't bet)
Seat 3: e5b813b0 folded before Flop (didn't bet)
Seat 4: 73a8a00f (button) folded before Flop (didn't bet)
Seat 5: Hero (small blind) folded before Flop
Seat 6: 7fb6428c (big blind) collected ($0.04)


Poker Hand #HD1711094258: Hold'em No Limit ($0.02/$0.05) - 2024/04/01 19:45:03
Table 'NLHBlue123' 6-max Seat #3 is the button
Seat 1: 810417ed ($9.15 in chips)
Seat 2: 7433951c ($5.11 in chips)
Seat 3: e5b813b0 ($9.71 in chips)
Seat 4: 73a8a00f ($9.83 in chips)
Seat 5: Hero ($5.78 in chips)
Seat 6: 7fb6428c ($5 in chips)
73a8a00f: posts small blind $0.02
Hero: posts big blind $0.05
*** HOLE CARDS ***
Dealt to 810417ed 
Dealt to 7433951c 
Dealt to e5b813b0 
Dealt to 73a8a00f 
Dealt to Hero [4c Qd]
Dealt to 7fb6428c 
7fb6428c: folds
810417ed: folds
7433951c: raises $0.05 to $0.1
e5b813b0: folds
73a8a00f: folds
Hero: folds
Uncalled bet ($0.05) returned to 7433951c
*** SHOWDOWN ***
7433951c collected $0.12 from pot
*** SUMMARY ***
Total pot $0.12 | Rake $0 | Jackpot $0 | Bingo $0 | Fortune $0 | Tax $0
Seat 1: 810417ed folded before Flop (didn't bet)
Seat 2: 7433951c collected ($0.12)
Seat 3: e5b813b0 (button) folded before Flop (didn't bet)
Seat 4: 73a8a00f (small blind) folded before Flop
Seat 5: Hero (big blind) folded before Flop
Seat 6: 7fb6428c folded before Flop (didn't bet)


Poker Hand #HD1711094199: Hold'em No Limit ($0.02/$0.05) - 2024/04/01 19:44:35
Table 'NLHBlue123' 6-max Seat #2 is the button
Seat 1: 810417ed ($9.15 in chips)
Seat 2: 7433951c ($5 in chips)
Seat 3: e5b813b0 ($9.73 in chips)
Seat 4: 73a8a00f ($9.93 in chips)
Seat 5: Hero ($5.78 in chips)
Seat 6: 7fb6428c ($5 in chips)
e5b813b0: posts small blind $0.02
73a8a00f: posts big blind $0.05
*** HOLE CARDS ***
Dealt to 810417ed 
Dealt to 7433951c 
Dealt to e5b813b0 
Dealt to 73a8a00f 
Dealt to Hero [6c Jd]
Dealt to 7fb6428c 
Hero: folds
7fb6428c: folds
810417ed: folds
7433951c: raises $0.05 to $0.1
e5b813b0: folds
73a8a00f: calls $0.05
*** FLOP *** [Jh 7h 5s]
73a8a00f: checks
7433951c: bets $0.08
73a8a00f: folds
Uncalled bet ($0.08) returned to 7433951c
*** SHOWDOWN ***
7433951c collected $0.21 from pot
*** SUMMARY ***
Total pot $0.22 | Rake $0.01 | Jackpot $0 | Bingo $0 | Fortune $0 | Tax $0
Board [Jh 7h 5s]
Seat 1: 810417ed folded before Flop (didn't bet)
Seat 2: 7433951c (button) won ($0.21)
Seat 3: e5b813b0 (small blind) folded before Flop
Seat 4: 73a8a00f (big blind) folded on the Flop
Seat 5: Hero folded before Flop (didn't bet)
Seat 6: 7fb6428c folded before Flop (didn't bet)


Poker Hand #HD1711094150: Hold'em No Limit ($0.02/$0.05) - 2024/04/01 19:44:07
Table 'NLHBlue123' 6-max Seat #1 is the button
Seat 1: 810417ed ($9.15 in chips)
Seat 2: 7433951c ($5 in chips)
Seat 3: e5b813b0 ($9.59 in chips)
Seat 4: 73a8a00f ($9.93 in chips)
Seat 5: Hero ($5.78 in chips)
Seat 6: 7fb6428c ($5 in chips)
7433951c: posts small blind $0.02
e5b813b0: posts big blind $0.05
*** HOLE CARDS ***
Dealt to 810417ed 
Dealt to 7433951c 
Dealt to e5b813b0 
Dealt to 73a8a00f 
Dealt to Hero [8s 4h]
Dealt to 7fb6428c 
73a8a00f: folds
Hero: folds
7fb6428c: raises $0.08 to $0.13
810417ed: folds
7433951c: folds
e5b813b0: raises $0.47 to $0.6
7fb6428c: folds
Uncalled bet ($0.47) returned to e5b813b0
*** SHOWDOWN ***
e5b813b0 collected $0.27 from pot
*** SUMMARY ***
Total pot $0.28 | Rake $0.01 | Jackpot $0 | Bingo $0 | Fortune $0 | Tax $0
Seat 1: 810417ed (button) folded before Flop (didn't bet)
Seat 2: 7433951c (small blind) folded before Flop
Seat 3: e5b813b0 (big blind) collected ($0.27)
Seat 4: 73a8a00f folded before Flop (didn't bet)
Seat 5: Hero folded before Flop (didn't bet)
Seat 6: 7fb6428c folded before Flop


Poker Hand #HD1711093999: Hold'em No Limit ($0.02/$0.05) - 2024/04/01 19:42:57
Table 'NLHBlue123' 6-max Seat #6 is the button
Seat 1: 810417ed ($9.17 in chips)
Seat 2: 7433951c ($5 in chips)
Seat 3: e5b813b0 ($9.59 in chips)
Seat 4: 73a8a00f ($9.93 in chips)
Seat 5: Hero ($5.07 in chips)
Seat 6: 7fb6428c ($5 in chips)
810417ed: posts small blind $0.02
7433951c: posts big blind $0.05
*** HOLE CARDS ***
Dealt to 810417ed 
Dealt to 7433951c 
Dealt to e5b813b0 
Dealt to 73a8a00f 
Dealt to Hero [Jh Qc]
Dealt to 7fb6428c 
e5b813b0: folds
73a8a00f: folds
Hero: raises $0.08 to $0.13
7fb6428c: calls $0.13
810417ed: folds
7433951c: calls $0.08
*** FLOP *** [2s Qd 3c]
7433951c: checks
Hero: bets $0.15
7fb6428c: folds
7433951c: calls $0.15
*** TURN *** [2s Qd 3c] [4c]
7433951c: checks
Hero: bets $0.35
7433951c: calls $0.35
*** RIVER *** [2s Qd 3c 4c] [Tc]
7433951c: checks
Hero: checks
7433951c: shows [Ah 4s] (Pair of Fours)
Hero: shows [Jh Qc] (Pair of Queens)
*** SHOWDOWN ***
Hero collected $1.34 from pot
*** SUMMARY ***
Total pot $1.41 | Rake $0.07 | Jackpot $0 | Bingo $0 | Fortune $0 | Tax $0
Board [2s Qd 3c 4c Tc]
Seat 1: 810417ed (small blind) folded before Flop
Seat 2: 7433951c (big blind) showed [Ah 4s] and lost with Pair of Fours
Seat 3: e5b813b0 folded before Flop (didn't bet)
Seat 4: 73a8a00f folded before Flop (didn't bet)
Seat 5: Hero showed [Jh Qc] and won ($1.34) with Pair of Queens
Seat 6: 7fb6428c (button) folded on the Flop


Poker Hand #HD1711093952: Hold'em No Limit ($0.02/$0.05) - 2024/04/01 19:42:37
Table 'NLHBlue123' 6-max Seat #5 is the button
Seat 1: 810417ed ($9.22 in chips)
Seat 2: 7433951c ($5 in chips)
Seat 3: e5b813b0 ($9.59 in chips)
Seat 4: 73a8a00f ($9.93 in chips)
Seat 5: Hero ($5 in chips)
Seat 6: 7fb6428c ($5 in chips)
7fb6428c: posts small blind $0.02
810417ed: posts big blind $0.05
*** HOLE CARDS ***
Dealt to 810417ed 
Dealt to 7433951c 
Dealt to e5b813b0 
Dealt to 73a8a00f 
Dealt to Hero [6h 6s]
Dealt to 7fb6428c 
7433951c: folds
e5b813b0: folds
73a8a00f: folds
Hero: raises $0.08 to $0.13
7fb6428c: folds
810417ed: folds
Uncalled bet ($0.08) returned to Hero
*** SHOWDOWN ***
Hero collected $0.12 from pot
*** SUMMARY ***
Total pot $0.12 | Rake $0 | Jackpot $0 | Bingo $0 | Fortune $0 | Tax $0
Seat 1: 810417ed (big blind) folded before Flop
Seat 2: 7433951c folded before Flop (didn't bet)
Seat 3: e5b813b0 folded before Flop (didn't bet)
Seat 4: 73a8a00f folded before Flop (didn't bet)
Seat 5: Hero (button) collected ($0.12)
Seat 6: 7fb6428c (small blind) folded before Flop


Poker Hand #HD1711093851: Hold'em No Limit ($0.02/$0.05) - 2024/04/01 19:41:45
Table 'NLHBlue123' 6-max Seat #4 is the button
Seat 1: 810417ed ($9.22 in chips)
Seat 2: 7433951c ($5 in chips)
Seat 3: e5b813b0 ($9.59 in chips)
Seat 4: 73a8a00f ($9.7 in chips)
Seat 5: Hero ($5.02 in chips)
Seat 6: 7fb6428c ($5 in chips)
Hero: posts small blind $0.02
7fb6428c: posts big blind $0.05
*** HOLE CARDS ***
Dealt to 810417ed 
Dealt to 7433951c 
Dealt to e5b813b0 
Dealt to 73a8a00f 
Dealt to Hero [4s 9h]
Dealt to 7fb6428c 
810417ed: folds
7433951c: folds
e5b813b0: folds
73a8a00f: raises $0.08 to $0.13
Hero: folds
7fb6428c: calls $0.08
*** FLOP *** [6s 2s 5c]
7fb6428c: checks
73a8a00f: bets $0.1
7fb6428c: calls $0.1
*** TURN *** [6s 2s 5c] [Th]
7fb6428c: checks
73a8a00f: checks
*** RIVER *** [6s 2s 5c Th] [Ad]
7fb6428c: checks
73a8a00f: checks
7fb6428c: shows [9s 8h] (Ace-High)
73a8a00f: shows [Js Kc] (Ace-High)
*** SHOWDOWN ***
73a8a00f collected $0.46 from pot
*** SUMMARY ***
Total pot $0.48 | Rake $0.02 | Jackpot $0 | Bingo $0 | Fortune $0 | Tax $0
Board [6s 2s 5c Th Ad]
Seat 1: 810417ed folded before Flop (didn't bet)
Seat 2: 7433951c folded before Flop (didn't bet)
Seat 3: e5b813b0 folded before Flop (didn't bet)
Seat 4: 73a8a00f (button) showed [Js Kc] and won ($0.46) with Ace-High
Seat 5: Hero (small blind) folded before Flop
Seat 6: 7fb6428c (big blind) showed [9s 8h] and lost with Ace-High


Poker Hand #HD1711093819: Hold'em No Limit ($0.02/$0.05) - 2024/04/01 19:41:31
Table 'NLHBlue123' 6-max Seat #3 is the button
Seat 1: 810417ed ($9.22 in chips)
Seat 2: 7433951c ($5 in chips)
Seat 3: e5b813b0 ($9.59 in chips)
Seat 4: 73a8a00f ($9.72 in chips)
Seat 5: Hero ($5 in chips)
73a8a00f: posts small blind $0.02
Hero: posts big blind $0.05
*** HOLE CARDS ***
Dealt to 810417ed 
Dealt to 7433951c 
Dealt to e5b813b0 
Dealt to 73a8a00f 
Dealt to Hero [Kd 5h]
810417ed: folds
7433951c: folds
e5b813b0: folds
73a8a00f: folds
Uncalled bet ($0.03) returned to Hero
*** SHOWDOWN ***
Hero collected $0.04 from pot
*** SUMMARY ***
Total pot $0.04 | Rake $0 | Jackpot $0 | Bingo $0 | Fortune $0 | Tax $0
Seat 1: 810417ed folded before Flop (didn't bet)
Seat 2: 7433951c folded before Flop (didn't bet)
Seat 3: e5b813b0 (button) folded before Flop (didn't bet)
Seat 4: 73a8a00f (small blind) folded before Flop
Seat 5: Hero (big blind) collected ($0.04)


