Poker Hand #HD1788693789: Hold'em No Limit ($0.05/$0.1) - 2024/05/26 18:53:42
Table 'NLHRed29' 6-max Seat #4 is the button
Seat 1: 383bf2ea ($11.36 in chips)
Seat 2: b592b9b9 ($20.08 in chips)
Seat 3: 566f3186 ($12.72 in chips)
Seat 4: Hero ($10.87 in chips)
Seat 5: 68423648 ($10.48 in chips)
Seat 6: 6a88451b ($11.72 in chips)
68423648: posts small blind $0.05
6a88451b: posts big blind $0.1
*** HOLE CARDS ***
Dealt to 383bf2ea 
Dealt to b592b9b9 
Dealt to 566f3186 
Dealt to Hero [9d Kh]
Dealt to 68423648 
Dealt to 6a88451b 
383bf2ea: folds
b592b9b9: calls $0.1
566f3186: folds
Hero: folds
68423648: folds
6a88451b: checks
*** FLOP *** [9h Ac 8c]
6a88451b: checks
b592b9b9: checks
*** TURN *** [9h Ac 8c] [3d]
6a88451b: checks
b592b9b9: checks
*** RIVER *** [9h Ac 8c 3d] [Qs]
6a88451b: checks
b592b9b9: bets $0.25
6a88451b: folds
Uncalled bet ($0.25) returned to b592b9b9
*** SHOWDOWN ***
b592b9b9 collected $0.24 from pot
*** SUMMARY ***
Total pot $0.25 | Rake $0.01 | Jackpot $0 | Bingo $0 | Fortune $0 | Tax $0
Board [9h Ac 8c 3d Qs]
Seat 1: 383bf2ea folded before Flop (didn't bet)
Seat 2: b592b9b9 won ($0.24)
Seat 3: 566f3186 folded before Flop (didn't bet)
Seat 4: Hero (button) folded before Flop (didn't bet)
Seat 5: 68423648 (small blind) folded before Flop
Seat 6: 6a88451b (big blind) folded on the River


Poker Hand #HD1788693708: Hold'em No Limit ($0.05/$0.1) - 2024/05/26 18:52:50
Table 'NLHRed29' 6-max Seat #3 is the button
Seat 1: 383bf2ea ($11.36 in chips)
Seat 2: b592b9b9 ($20.31 in chips)
Seat 3: 566f3186 ($12.72 in chips)
Seat 4: Hero ($10.92 in chips)
Seat 5: 68423648 ($10.22 in chips)
Seat 6: 6a88451b ($11.72 in chips)
Hero: posts small blind $0.05
68423648: posts big blind $0.1
*** HOLE CARDS ***
Dealt to 383bf2ea 
Dealt to b592b9b9 
Dealt to 566f3186 
Dealt to Hero [7d 3c]
Dealt to 68423648 
Dealt to 6a88451b 
6a88451b: folds
383bf2ea: folds
b592b9b9: calls $0.1
566f3186: folds
Hero: folds
68423648: checks
*** FLOP *** [As 4d Ks]
68423648: checks
b592b9b9: checks
*** TURN *** [As 4d Ks] [3d]
68423648: checks
b592b9b9: bets $0.13
68423648: calls $0.13
*** RIVER *** [As 4d Ks 3d] [7s]
68423648: checks
b592b9b9: checks
68423648: shows [6h 5c] (Sevens-High Straight)
b592b9b9: shows [9c Tc] (Ace-High)
*** SHOWDOWN ***
68423648 collected $0.49 from pot
*** SUMMARY ***
Total pot $0.51 | Rake $0.02 | Jackpot $0 | Bingo $0 | Fortune $0 | Tax $0
Board [As 4d Ks 3d 7s]
Seat 1: 383bf2ea folded before Flop (didn't bet)
Seat 2: b592b9b9 showed [9c Tc] and lost with Ace-High
Seat 3: 566f3186 (button) folded before Flop (didn't bet)
Seat 4: Hero (small blind) folded before Flop
Seat 5: 68423648 (big blind) showed [6h 5c] and won ($0.49) with Sevens-High Straight
Seat 6: 6a88451b folded before Flop (didn't bet)


Poker Hand #HD1788693636: Hold'em No Limit ($0.05/$0.1) - 2024/05/26 18:51:50
Table 'NLHRed29' 6-max Seat #2 is the button
Seat 1: 383bf2ea ($11.03 in chips)
Seat 2: b592b9b9 ($20.51 in chips)
Seat 3: 566f3186 ($12.77 in chips)
Seat 4: Hero ($11.02 in chips)
Seat 5: 68423648 ($10.22 in chips)
Seat 6: 6a88451b ($11.72 in chips)
566f3186: posts small blind $0.05
Hero: posts big blind $0.1
*** HOLE CARDS ***
Dealt to 383bf2ea 
Dealt to b592b9b9 
Dealt to 566f3186 
Dealt to Hero [6h Ac]
Dealt to 68423648 
Dealt to 6a88451b 
68423648: folds
6a88451b: folds
383bf2ea: raises $0.1 to $0.2
b592b9b9: calls $0.2
566f3186: folds
Hero: folds
*** FLOP *** [2h 9d 9h]
383bf2ea: checks
b592b9b9: checks
*** TURN *** [2h 9d 9h] [6s]
383bf2ea: checks
b592b9b9: checks
*** RIVER *** [2h 9d 9h 6s] [8c]
383bf2ea: checks
b592b9b9: checks
383bf2ea: shows [As Ks] (Pair of Nines)
b592b9b9: shows [Jd Kd] (Pair of Nines)
*** SHOWDOWN ***
383bf2ea collected $0.53 from pot
*** SUMMARY ***
Total pot $0.55 | Rake $0.02 | Jackpot $0 | Bingo $0 | Fortune $0 | Tax $0
Board [2h 9d 9h 6s 8c]
Seat 1: 383bf2ea showed [As Ks] and won ($0.53) with Pair of Nines
Seat 2: b592b9b9 (button) showed [Jd Kd] and lost with Pair of Nines
Seat 3: 566f3186 (small blind) folded before Flop
Seat 4: Hero (big blind) folded before Flop
Seat 5: 68423648 folded before Flop (didn't bet)
Seat 6: 6a88451b folded before Flop (didn't bet)


Poker Hand #HD1788693579: Hold'em No Limit ($0.05/$0.1) - 2024/05/26 18:51:16
Table 'NLHRed29' 6-max Seat #1 is the button
Seat 1: 383bf2ea ($11.03 in chips)
Seat 2: b592b9b9 ($20.56 in chips)
Seat 3: 566f3186 ($12.97 in chips)
Seat 4: Hero ($10.79 in chips)
Seat 5: 68423648 ($10.22 in chips)
Seat 6: 6a88451b ($11.72 in chips)
b592b9b9: posts small blind $0.05
566f3186: posts big blind $0.1
*** HOLE CARDS ***
Dealt to 383bf2ea 
Dealt to b592b9b9 
Dealt to 566f3186 
Dealt to Hero [Ah Jd]
Dealt to 68423648 
Dealt to 6a88451b 
Hero: raises $0.1 to $0.2
68423648: folds
6a88451b: folds
383bf2ea: folds
b592b9b9: folds
566f3186: calls $0.1
*** FLOP *** [7s Qh 8s]
566f3186: checks
Hero: bets $0.2
566f3186: folds
Uncalled bet ($0.2) returned to Hero
*** SHOWDOWN ***
Hero collected $0.43 from pot
*** SUMMARY ***
Total pot $0.45 | Rake $0.02 | Jackpot $0 | Bingo $0 | Fortune $0 | Tax $0
Board [7s Qh 8s]
Seat 1: 383bf2ea (button) folded before Flop (didn't bet)
Seat 2: b592b9b9 (small blind) folded before Flop
Seat 3: 566f3186 (big blind) folded on the Flop
Seat 4: Hero won ($0.43)
Seat 5: 68423648 folded before Flop (didn't bet)
Seat 6: 6a88451b folded before Flop (didn't bet)


Poker Hand #HD1788693559: Hold'em No Limit ($0.05/$0.1) - 2024/05/26 18:51:05
Table 'NLHRed29' 6-max Seat #6 is the button
Seat 1: 383bf2ea ($11.08 in chips)
Seat 2: b592b9b9 ($20.51 in chips)
Seat 3: 566f3186 ($12.97 in chips)
Seat 4: Hero ($10.79 in chips)
Seat 5: 68423648 ($10.22 in chips)
Seat 6: 6a88451b ($11.72 in chips)
383bf2ea: posts small blind $0.05
b592b9b9: posts big blind $0.1
*** HOLE CARDS ***
Dealt to 383bf2ea 
Dealt to b592b9b9 
Dealt to 566f3186 
Dealt to Hero [Th 4h]
Dealt to 68423648 
Dealt to 6a88451b 
566f3186: folds
Hero: folds
68423648: folds
6a88451b: folds
383bf2ea: folds
Uncalled bet ($0.05) returned to b592b9b9
*** SHOWDOWN ***
b592b9b9 collected $0.1 from pot
*** SUMMARY ***
Total pot $0.1 | Rake $0 | Jackpot $0 | Bingo $0 | Fortune $0 | Tax $0
Seat 1: 383bf2ea (small blind) folded before Flop
Seat 2: b592b9b9 (big blind) collected ($0.1)
Seat 3: 566f3186 folded before Flop (didn't bet)
Seat 4: Hero folded before Flop (didn't bet)
Seat 5: 68423648 folded before Flop (didn't bet)
Seat 6: 6a88451b (button) folded before Flop (didn't bet)


Poker Hand #HD1788693504: Hold'em No Limit ($0.05/$0.1) - 2024/05/26 18:50:22
Table 'NLHRed29' 6-max Seat #5 is the button
Seat 1: 383bf2ea ($11.18 in chips)
Seat 2: b592b9b9 ($20.37 in chips)
Seat 3: 566f3186 ($12.97 in chips)
Seat 4: Hero ($10.79 in chips)
Seat 5: 68423648 ($10.22 in chips)
Seat 6: 6a88451b ($11.77 in chips)
6a88451b: posts small blind $0.05
383bf2ea: posts big blind $0.1
*** HOLE CARDS ***
Dealt to 383bf2ea 
Dealt to b592b9b9 
Dealt to 566f3186 
Dealt to Hero [Js Td]
Dealt to 68423648 
Dealt to 6a88451b 
b592b9b9: calls $0.1
566f3186: folds
Hero: folds
68423648: folds
6a88451b: folds
383bf2ea: checks
*** FLOP *** [Ac Jc Jh]
383bf2ea: checks
b592b9b9: bets $0.13
383bf2ea: folds
Uncalled bet ($0.13) returned to b592b9b9
*** SHOWDOWN ***
b592b9b9 collected $0.24 from pot
*** SUMMARY ***
Total pot $0.25 | Rake $0.01 | Jackpot $0 | Bingo $0 | Fortune $0 | Tax $0
Board [Ac Jc Jh]
Seat 1: 383bf2ea (big blind) folded on the Flop
Seat 2: b592b9b9 won ($0.24)
Seat 3: 566f3186 folded before Flop (didn't bet)
Seat 4: Hero folded before Flop (didn't bet)
Seat 5: 68423648 (button) folded before Flop (didn't bet)
Seat 6: 6a88451b (small blind) folded before Flop


Poker Hand #HD1788693442: Hold'em No Limit ($0.05/$0.1) - 2024/05/26 18:49:42
Table 'NLHRed29' 6-max Seat #4 is the button
Seat 1: 383bf2ea ($11.18 in chips)
Seat 2: b592b9b9 ($20.23 in chips)
Seat 3: 566f3186 ($12.97 in chips)
Seat 4: Hero ($10.79 in chips)
Seat 5: 68423648 ($10.27 in chips)
Seat 6: 6a88451b ($11.87 in chips)
68423648: posts small blind $0.05
6a88451b: posts big blind $0.1
*** HOLE CARDS ***
Dealt to 383bf2ea 
Dealt to b592b9b9 
Dealt to 566f3186 
Dealt to Hero [2h 4d]
Dealt to 68423648 
Dealt to 6a88451b 
383bf2ea: folds
b592b9b9: calls $0.1
566f3186: folds
Hero: folds
68423648: folds
6a88451b: checks
*** FLOP *** [9s 6h Ad]
6a88451b: checks
b592b9b9: bets $0.19
6a88451b: folds
Uncalled bet ($0.19) returned to b592b9b9
*** SHOWDOWN ***
b592b9b9 collected $0.24 from pot
*** SUMMARY ***
Total pot $0.25 | Rake $0.01 | Jackpot $0 | Bingo $0 | Fortune $0 | Tax $0
Board [9s 6h Ad]
Seat 1: 383bf2ea folded before Flop (didn't bet)
Seat 2: b592b9b9 won ($0.24)
Seat 3: 566f3186 folded before Flop (didn't bet)
Seat 4: Hero (button) folded before Flop (didn't bet)
Seat 5: 68423648 (small blind) folded before Flop
Seat 6: 6a88451b (big blind) folded on the Flop


Poker Hand #HD1788693409: Hold'em No Limit ($0.05/$0.1) - 2024/05/26 18:49:15
Table 'NLHRed29' 6-max Seat #3 is the button
Seat 1: 383bf2ea ($11.18 in chips)
Seat 2: b592b9b9 ($20.08 in chips)
Seat 3: 566f3186 ($12.97 in chips)
Seat 4: Hero ($10.84 in chips)
Seat 5: 68423648 ($10.37 in chips)
Seat 6: 6a88451b ($11.87 in chips)
Hero: posts small blind $0.05
68423648: posts big blind $0.1
*** HOLE CARDS ***
Dealt to 383bf2ea 
Dealt to b592b9b9 
Dealt to 566f3186 
Dealt to Hero [2c Ts]
Dealt to 68423648 
Dealt to 6a88451b 
6a88451b: folds
383bf2ea: folds
b592b9b9: raises $0.1 to $0.2
566f3186: folds
Hero: folds
68423648: folds
Uncalled bet ($0.1) returned to b592b9b9
*** SHOWDOWN ***
b592b9b9 collected $0.25 from pot
*** SUMMARY ***
Total pot $0.25 | Rake $0 | Jackpot $0 | Bingo $0 | Fortune $0 | Tax $0
Seat 1: 383bf2ea folded before Flop (didn't bet)
Seat 2: b592b9b9 collected ($0.25)
Seat 3: 566f3186 (button) folded before Flop (didn't bet)
Seat 4: Hero (small blind) folded before Flop
Seat 5: 68423648 (big blind) folded before Flop
Seat 6: 6a88451b folded before Flop (didn't bet)


Poker Hand #HD1788693343: Hold'em No Limit ($0.05/$0.1) - 2024/05/26 18:48:28
Table 'NLHRed29' 6-max Seat #2 is the button
Seat 1: 383bf2ea ($11.18 in chips)
Seat 2: b592b9b9 ($20.08 in chips)
Seat 3: 566f3186 ($13.02 in chips)
Seat 4: Hero ($10.94 in chips)
Seat 5: 68423648 ($10.37 in chips)
Seat 6: 6a88451b ($11.72 in chips)
566f3186: posts small blind $0.05
Hero: posts big blind $0.1
*** HOLE CARDS ***
Dealt to 383bf2ea 
Dealt to b592b9b9 
Dealt to 566f3186 
Dealt to Hero [3h As]
Dealt to 68423648 
Dealt to 6a88451b 
68423648: folds
6a88451b: raises $0.2 to $0.3
383bf2ea: folds
b592b9b9: folds
566f3186: folds
Hero: folds
Uncalled bet ($0.2) returned to 6a88451b
*** SHOWDOWN ***
6a88451b collected $0.25 from pot
*** SUMMARY ***
Total pot $0.25 | Rake $0 | Jackpot $0 | Bingo $0 | Fortune $0 | Tax $0
Seat 1: 383bf2ea folded before Flop (didn't bet)
Seat 2: b592b9b9 (button) folded before Flop (didn't bet)
Seat 3: 566f3186 (small blind) folded before Flop
Seat 4: Hero (big blind) folded before Flop
Seat 5: 68423648 folded before Flop (didn't bet)
Seat 6: 6a88451b collected ($0.25)


Poker Hand #HD1788693289: Hold'em No Limit ($0.05/$0.1) - 2024/05/26 18:47:52
Table 'NLHRed29' 6-max Seat #1 is the button
Seat 1: 383bf2ea ($11.18 in chips)
Seat 2: b592b9b9 ($20.13 in chips)
Seat 3: 566f3186 ($13.22 in chips)
Seat 4: Hero ($10.71 in chips)
Seat 5: 68423648 ($10.37 in chips)
Seat 6: 6a88451b ($11.72 in chips)
b592b9b9: posts small blind $0.05
566f3186: posts big blind $0.1
*** HOLE CARDS ***
Dealt to 383bf2ea 
Dealt to b592b9b9 
Dealt to 566f3186 
Dealt to Hero [Tc As]
Dealt to 68423648 
Dealt to 6a88451b 
Hero: raises $0.1 to $0.2
68423648: folds
6a88451b: folds
383bf2ea: folds
b592b9b9: folds
566f3186: calls $0.1
*** FLOP *** [Kc 5d 2d]
566f3186: checks
Hero: bets $0.3
566f3186: folds
Uncalled bet ($0.3) returned to Hero
*** SHOWDOWN ***
Hero collected $0.43 from pot
*** SUMMARY ***
Total pot $0.45 | Rake $0.02 | Jackpot $0 | Bingo $0 | Fortune $0 | Tax $0
Board [Kc 5d 2d]
Seat 1: 383bf2ea (button) folded before Flop (didn't bet)
Seat 2: b592b9b9 (small blind) folded before Flop
Seat 3: 566f3186 (big blind) folded on the Flop
Seat 4: Hero won ($0.43)
Seat 5: 68423648 folded before Flop (didn't bet)
Seat 6: 6a88451b folded before Flop (didn't bet)


Poker Hand #HD1788693270: Hold'em No Limit ($0.05/$0.1) - 2024/05/26 18:47:39
Table 'NLHRed29' 6-max Seat #6 is the button
Seat 1: 383bf2ea ($11.23 in chips)
Seat 2: b592b9b9 ($20.08 in chips)
Seat 4: Hero ($10.71 in chips)
Seat 5: 68423648 ($10.37 in chips)
Seat 6: 6a88451b ($11.72 in chips)
383bf2ea: posts small blind $0.05
b592b9b9: posts big blind $0.1
*** HOLE CARDS ***
Dealt to 383bf2ea 
Dealt to b592b9b9 
Dealt to Hero [Tc Qd]
Dealt to 68423648 
Dealt to 6a88451b 
Hero: folds
68423648: folds
6a88451b: folds
383bf2ea: folds
Uncalled bet ($0.05) returned to b592b9b9
*** SHOWDOWN ***
b592b9b9 collected $0.1 from pot
*** SUMMARY ***
Total pot $0.1 | Rake $0 | Jackpot $0 | Bingo $0 | Fortune $0 | Tax $0
Seat 1: 383bf2ea (small blind) folded before Flop
Seat 2: b592b9b9 (big blind) collected ($0.1)
Seat 4: Hero folded before Flop (didn't bet)
Seat 5: 68423648 folded before Flop (didn't bet)
Seat 6: 6a88451b (button) folded before Flop (didn't bet)


Poker Hand #HD1788693252: Hold'em No Limit ($0.05/$0.1) - 2024/05/26 18:47:21
Table 'NLHRed29' 6-max Seat #5 is the button
Seat 1: 383bf2ea ($11.33 in chips)
Seat 2: b592b9b9 ($20.08 in chips)
Seat 4: Hero ($10.71 in chips)
Seat 5: 68423648 ($10.22 in chips)
Seat 6: 6a88451b ($11.77 in chips)
6a88451b: posts small blind $0.05
383bf2ea: posts big blind $0.1
*** HOLE CARDS ***
Dealt to 383bf2ea 
Dealt to b592b9b9 
Dealt to Hero [6d Ts]
Dealt to 68423648 
Dealt to 6a88451b 
b592b9b9: folds
Hero: folds
68423648: raises $0.15 to $0.25
6a88451b: folds
383bf2ea: folds
Uncalled bet ($0.15) returned to 68423648
*** SHOWDOWN ***
68423648 collected $0.25 from pot
*** SUMMARY ***
Total pot $0.25 | Rake $0 | Jackpot $0 | Bingo $0 | Fortune $0 | Tax $0
Seat 1: 383bf2ea (big blind) folded before Flop
Seat 2: b592b9b9 folded before Flop (didn't bet)
Seat 4: Hero folded before Flop (didn't bet)
Seat 5: 68423648 (button) collected ($0.25)
Seat 6: 6a88451b (small blind) folded before Flop


Poker Hand #HD1788693156: Hold'em No Limit ($0.05/$0.1) - 2024/05/26 18:46:26
Table 'NLHRed29' 6-max Seat #4 is the button
Seat 1: 383bf2ea ($11.33 in chips)
Seat 2: b592b9b9 ($20.18 in chips)
Seat 4: Hero ($10.71 in chips)
Seat 5: 68423648 ($10.27 in chips)
Seat 6: 6a88451b ($11.63 in chips)
68423648: posts small blind $0.05
6a88451b: posts big blind $0.1
*** HOLE CARDS ***
Dealt to 383bf2ea 
Dealt to b592b9b9 
Dealt to Hero [Td 9h]
Dealt to 68423648 
Dealt to 6a88451b 
383bf2ea: folds
b592b9b9: calls $0.1
Hero: folds
68423648: folds
6a88451b: checks
*** FLOP *** [6s 3c 5h]
6a88451b: checks
b592b9b9: checks
*** TURN *** [6s 3c 5h] [Qh]
6a88451b: checks
b592b9b9: checks
*** RIVER *** [6s 3c 5h Qh] [2h]
6a88451b: bets $0.23
b592b9b9: folds
Uncalled bet ($0.23) returned to 6a88451b
*** SHOWDOWN ***
6a88451b collected $0.24 from pot
*** SUMMARY ***
Total pot $0.25 | Rake $0.01 | Jackpot $0 | Bingo $0 | Fortune $0 | Tax $0
Board [6s 3c 5h Qh 2h]
Seat 1: 383bf2ea folded before Flop (didn't bet)
Seat 2: b592b9b9 folded on the River
Seat 4: Hero (button) folded before Flop (didn't bet)
Seat 5: 68423648 (small blind) folded before Flop
Seat 6: 6a88451b (big blind) won ($0.24)


Poker Hand #HD1788693107: Hold'em No Limit ($0.05/$0.1) - 2024/05/26 18:45:47
Table 'NLHRed29' 6-max Seat #2 is the button
Seat 1: 383bf2ea ($11.33 in chips)
Seat 2: b592b9b9 ($20.18 in chips)
Seat 4: Hero ($11.01 in chips)
Seat 5: 68423648 ($10 in chips)
Seat 6: 6a88451b ($11.63 in chips)
Hero: posts small blind $0.05
68423648: posts big blind $0.1
*** HOLE CARDS ***
Dealt to 383bf2ea 
Dealt to b592b9b9 
Dealt to Hero [5s 5d]
Dealt to 68423648 
Dealt to 6a88451b 
6a88451b: folds
383bf2ea: folds
b592b9b9: folds
Hero: raises $0.2 to $0.3
68423648: calls $0.2
*** FLOP *** [6c Jd 3h]
Hero: checks
68423648: bets $0.33
Hero: folds
Uncalled bet ($0.33) returned to 68423648
*** SHOWDOWN ***
68423648 collected $0.57 from pot
*** SUMMARY ***
Total pot $0.6 | Rake $0.03 | Jackpot $0 | Bingo $0 | Fortune $0 | Tax $0
Board [6c Jd 3h]
Seat 1: 383bf2ea folded before Flop (didn't bet)
Seat 2: b592b9b9 (button) folded before Flop (didn't bet)
Seat 4: Hero (small blind) folded on the Flop
Seat 5: 68423648 (big blind) won ($0.57)
Seat 6: 6a88451b folded before Flop (didn't bet)


Poker Hand #HD1788693008: Hold'em No Limit ($0.05/$0.1) - 2024/05/26 18:44:34
Table 'NLHRed29' 6-max Seat #1 is the button
Seat 1: 383bf2ea ($11.33 in chips)
Seat 2: b592b9b9 ($20 in chips)
Seat 4: Hero ($11.21 in chips)
Seat 5: 68423648 ($10 in chips)
Seat 6: 6a88451b ($11.63 in chips)
b592b9b9: posts small blind $0.05
Hero: posts big blind $0.1
*** HOLE CARDS ***
Dealt to 383bf2ea 
Dealt to b592b9b9 
Dealt to Hero [Jc 3s]
Dealt to 68423648 
Dealt to 6a88451b 
68423648: folds
6a88451b: folds
383bf2ea: folds
b592b9b9: calls $0.05
Hero: checks
*** FLOP *** [9c Js 2h]
b592b9b9: bets $0.1
Hero: calls $0.1
*** TURN *** [9c Js 2h] [Th]
b592b9b9: checks
Hero: checks
*** RIVER *** [9c Js 2h Th] [5h]
b592b9b9: bets $0.6
Hero: folds
Uncalled bet ($0.6) returned to b592b9b9
*** SHOWDOWN ***
b592b9b9 collected $0.38 from pot
*** SUMMARY ***
Total pot $0.4 | Rake $0.02 | Jackpot $0 | Bingo $0 | Fortune $0 | Tax $0
Board [9c Js 2h Th 5h]
Seat 1: 383bf2ea (button) folded before Flop (didn't bet)
Seat 2: b592b9b9 (small blind) won ($0.38)
Seat 4: Hero (big blind) folded on the River
Seat 5: 68423648 folded before Flop (didn't bet)
Seat 6: 6a88451b folded before Flop (didn't bet)


Poker Hand #HD1788692983: Hold'em No Limit ($0.05/$0.1) - 2024/05/26 18:44:15
Table 'NLHRed29' 6-max Seat #6 is the button
Seat 1: 383bf2ea ($11.38 in chips)
Seat 2: b592b9b9 ($19.95 in chips)
Seat 4: Hero ($11.21 in chips)
Seat 5: 68423648 ($10 in chips)
Seat 6: 6a88451b ($11.63 in chips)
383bf2ea: posts small blind $0.05
b592b9b9: posts big blind $0.1
*** HOLE CARDS ***
Dealt to 383bf2ea 
Dealt to b592b9b9 
Dealt to Hero [9d 3s]
Dealt to 68423648 
Dealt to 6a88451b 
Hero: folds
68423648: folds
6a88451b: folds
383bf2ea: folds
Uncalled bet ($0.05) returned to b592b9b9
*** SHOWDOWN ***
b592b9b9 collected $0.1 from pot
*** SUMMARY ***
Total pot $0.1 | Rake $0 | Jackpot $0 | Bingo $0 | Fortune $0 | Tax $0
Seat 1: 383bf2ea (small blind) folded before Flop
Seat 2: b592b9b9 (big blind) collected ($0.1)
Seat 4: Hero folded before Flop (didn't bet)
Seat 5: 68423648 folded before Flop (didn't bet)
Seat 6: 6a88451b (button) folded before Flop (didn't bet)


Poker Hand #HD1788692898: Hold'em No Limit ($0.05/$0.1) - 2024/05/26 18:43:22
Table 'NLHRed29' 6-max Seat #5 is the button
Seat 1: 383bf2ea ($11.48 in chips)
Seat 2: b592b9b9 ($19.95 in chips)
Seat 3: 566f3186 ($13.22 in chips)
Seat 4: Hero ($11.21 in chips)
Seat 5: 68423648 ($10 in chips)
Seat 6: 6a88451b ($10.68 in chips)
6a88451b: posts small blind $0.05
383bf2ea: posts big blind $0.1
*** HOLE CARDS ***
Dealt to 383bf2ea 
Dealt to b592b9b9 
Dealt to 566f3186 
Dealt to Hero [2s 6s]
Dealt to 68423648 
Dealt to 6a88451b 
b592b9b9: folds
566f3186: folds
Hero: folds
68423648: raises $0.15 to $0.25
6a88451b: raises $0.7 to $0.95
383bf2ea: folds
68423648: calls $0.7
*** FLOP *** [4s Ah Kh]
6a88451b: bets $0.6
68423648: folds
Uncalled bet ($0.6) returned to 6a88451b
*** SHOWDOWN ***
6a88451b collected $1.9 from pot
*** SUMMARY ***
Total pot $2 | Rake $0.1 | Jackpot $0 | Bingo $0 | Fortune $0 | Tax $0
Board [4s Ah Kh]
Seat 1: 383bf2ea (big blind) folded before Flop
Seat 2: b592b9b9 folded before Flop (didn't bet)
Seat 3: 566f3186 folded before Flop (didn't bet)
Seat 4: Hero folded before Flop (didn't bet)
Seat 5: 68423648 (button) folded on the Flop
Seat 6: 6a88451b (small blind) won ($1.9)


Poker Hand #HD1788692834: Hold'em No Limit ($0.05/$0.1) - 2024/05/26 18:42:37
Table 'NLHRed29' 6-max Seat #4 is the button
Seat 1: 383bf2ea ($11.48 in chips)
Seat 2: b592b9b9 ($19.95 in chips)
Seat 3: 566f3186 ($13.22 in chips)
Seat 4: Hero ($11.21 in chips)
Seat 5: 68423648 ($10.05 in chips)
Seat 6: 6a88451b ($10.45 in chips)
68423648: posts small blind $0.05
6a88451b: posts big blind $0.1
*** HOLE CARDS ***
Dealt to 383bf2ea 
Dealt to b592b9b9 
Dealt to 566f3186 
Dealt to Hero [7c 9s]
Dealt to 68423648 
Dealt to 6a88451b 
383bf2ea: folds
b592b9b9: folds
566f3186: folds
Hero: folds
68423648: raises $0.15 to $0.25
6a88451b: calls $0.15
*** FLOP *** [Ad 3c Qc]
68423648: checks
6a88451b: checks
*** TURN *** [Ad 3c Qc] [Ts]
68423648: checks
6a88451b: bets $0.35
68423648: folds
Uncalled bet ($0.35) returned to 6a88451b
*** SHOWDOWN ***
6a88451b collected $0.48 from pot
*** SUMMARY ***
Total pot $0.5 | Rake $0.02 | Jackpot $0 | Bingo $0 | Fortune $0 | Tax $0
Board [Ad 3c Qc Ts]
Seat 1: 383bf2ea folded before Flop (didn't bet)
Seat 2: b592b9b9 folded before Flop (didn't bet)
Seat 3: 566f3186 folded before Flop (didn't bet)
Seat 4: Hero (button) folded before Flop (didn't bet)
Seat 5: 68423648 (small blind) folded on the Turn
Seat 6: 6a88451b (big blind) won ($0.48)


Poker Hand #HD1788692814: Hold'em No Limit ($0.05/$0.1) - 2024/05/26 18:42:25
Table 'NLHRed29' 6-max Seat #3 is the button
Seat 1: 383bf2ea ($11.48 in chips)
Seat 2: b592b9b9 ($19.95 in chips)
Seat 3: 566f3186 ($13.22 in chips)
Seat 4: Hero ($11.26 in chips)
Seat 5: 68423648 ($10 in chips)
Seat 6: 6a88451b ($10.45 in chips)
Hero: posts small blind $0.05
68423648: posts big blind $0.1
*** HOLE CARDS ***
Dealt to 383bf2ea 
Dealt to b592b9b9 
Dealt to 566f3186 
Dealt to Hero [As 2c]
Dealt to 68423648 
Dealt to 6a88451b 
6a88451b: folds
383bf2ea: folds
b592b9b9: folds
566f3186: folds
Hero: folds
Uncalled bet ($0.05) returned to 68423648
*** SHOWDOWN ***
68423648 collected $0.1 from pot
*** SUMMARY ***
Total pot $0.1 | Rake $0 | Jackpot $0 | Bingo $0 | Fortune $0 | Tax $0
Seat 1: 383bf2ea folded before Flop (didn't bet)
Seat 2: b592b9b9 folded before Flop (didn't bet)
Seat 3: 566f3186 (button) folded before Flop (didn't bet)
Seat 4: Hero (small blind) folded before Flop
Seat 5: 68423648 (big blind) collected ($0.1)
Seat 6: 6a88451b folded before Flop (didn't bet)


Poker Hand #HD1788692734: Hold'em No Limit ($0.05/$0.1) - 2024/05/26 18:41:27
Table 'NLHRed29' 6-max Seat #2 is the button
Seat 1: 383bf2ea ($10.9 in chips)
Seat 2: b592b9b9 ($20.43 in chips)
Seat 3: 566f3186 ($13.27 in chips)
Seat 4: Hero ($11.36 in chips)
Seat 6: 6a88451b ($10.45 in chips)
566f3186: posts small blind $0.05
Hero: posts big blind $0.1
*** HOLE CARDS ***
Dealt to 383bf2ea 
Dealt to b592b9b9 
Dealt to 566f3186 
Dealt to Hero [6c 2d]
Dealt to 6a88451b 
6a88451b: folds
383bf2ea: raises $0.1 to $0.2
b592b9b9: calls $0.2
566f3186: folds
Hero: folds
*** FLOP *** [8h 9h 8c]
383bf2ea: checks
b592b9b9: checks
*** TURN *** [8h 9h 8c] [4d]
383bf2ea: checks
b592b9b9: checks
*** RIVER *** [8h 9h 8c 4d] [7h]
383bf2ea: checks
b592b9b9: bets $0.28
383bf2ea: calls $0.28
b592b9b9: shows [Qd Tc] (Pair of Eights)
383bf2ea: shows [As Qs] (Pair of Eights)
*** SHOWDOWN ***
383bf2ea collected $1.06 from pot
*** SUMMARY ***
Total pot $1.11 | Rake $0.05 | Jackpot $0 | Bingo $0 | Fortune $0 | Tax $0
Board [8h 9h 8c 4d 7h]
Seat 1: 383bf2ea showed [As Qs] and won ($1.06) with Pair of Eights
Seat 2: b592b9b9 (button) showed [Qd Tc] and lost with Pair of Eights
Seat 3: 566f3186 (small blind) folded before Flop
Seat 4: Hero (big blind) folded before Flop
Seat 6: 6a88451b folded before Flop (didn't bet)


Poker Hand #HD1788692622: Hold'em No Limit ($0.05/$0.1) - 2024/05/26 18:40:10
Table 'NLHRed29' 6-max Seat #1 is the button
Seat 1: 383bf2ea ($10.9 in chips)
Seat 2: b592b9b9 ($22.63 in chips)
Seat 3: 566f3186 ($11.38 in chips)
Seat 4: Hero ($11.36 in chips)
Seat 6: 6a88451b ($10.45 in chips)
b592b9b9: posts small blind $0.05
566f3186: posts big blind $0.1
*** HOLE CARDS ***
Dealt to 383bf2ea 
Dealt to b592b9b9 
Dealt to 566f3186 
Dealt to Hero [7c Ad]
Dealt to 6a88451b 
Hero: folds
6a88451b: folds
383bf2ea: folds
b592b9b9: calls $0.05
566f3186: raises $0.3 to $0.4
b592b9b9: calls $0.3
*** FLOP *** [Qc 3d As]
b592b9b9: checks
566f3186: bets $0.6
b592b9b9: calls $0.6
*** TURN *** [Qc 3d As] [Ts]
b592b9b9: checks
566f3186: bets $1.2
b592b9b9: calls $1.2
*** RIVER *** [Qc 3d As Ts] [4d]
b592b9b9: checks
566f3186: checks
b592b9b9: shows [Jd Qh] (Pair of Queens)
566f3186: shows [Ac 5c] (Pair of Aces)
*** SHOWDOWN ***
566f3186 collected $4.09 from pot
*** SUMMARY ***
Total pot $4.4 | Rake $0.21 | Jackpot $0.1 | Bingo $0 | Fortune $0 | Tax $0
Board [Qc 3d As Ts 4d]
Seat 1: 383bf2ea (button) folded before Flop (didn't bet)
Seat 2: b592b9b9 (small blind) showed [Jd Qh] and lost with Pair of Queens
Seat 3: 566f3186 (big blind) showed [Ac 5c] and won ($4.09) with Pair of Aces
Seat 4: Hero folded before Flop (didn't bet)
Seat 6: 6a88451b folded before Flop (didn't bet)


Poker Hand #HD1788692595: Hold'em No Limit ($0.05/$0.1) - 2024/05/26 18:39:51
Table 'NLHRed29' 6-max Seat #6 is the button
Seat 1: 383bf2ea ($10.8 in chips)
Seat 2: b592b9b9 ($22.73 in chips)
Seat 4: Hero ($11.36 in chips)
Seat 6: 6a88451b ($10.45 in chips)
383bf2ea: posts small blind $0.05
b592b9b9: posts big blind $0.1
*** HOLE CARDS ***
Dealt to 383bf2ea 
Dealt to b592b9b9 
Dealt to Hero [2c Kd]
Dealt to 6a88451b 
Hero: folds
6a88451b: folds
383bf2ea: raises $0.15 to $0.25
b592b9b9: folds
Uncalled bet ($0.15) returned to 383bf2ea
*** SHOWDOWN ***
383bf2ea collected $0.2 from pot
*** SUMMARY ***
Total pot $0.2 | Rake $0 | Jackpot $0 | Bingo $0 | Fortune $0 | Tax $0
Seat 1: 383bf2ea (small blind) collected ($0.2)
Seat 2: b592b9b9 (big blind) folded before Flop
Seat 4: Hero folded before Flop (didn't bet)
Seat 6: 6a88451b (button) folded before Flop (didn't bet)


Poker Hand #HD1788692565: Hold'em No Limit ($0.05/$0.1) - 2024/05/26 18:39:32
Table 'NLHRed29' 6-max Seat #4 is the button
Seat 1: 383bf2ea ($10.9 in chips)
Seat 2: b592b9b9 ($22.73 in chips)
Seat 4: Hero ($11.36 in chips)
Seat 6: 6a88451b ($10.35 in chips)
6a88451b: posts small blind $0.05
383bf2ea: posts big blind $0.1
*** HOLE CARDS ***
Dealt to 383bf2ea 
Dealt to b592b9b9 
Dealt to Hero [Kd 7s]
Dealt to 6a88451b 
b592b9b9: folds
Hero: folds
6a88451b: raises $0.25 to $0.35
383bf2ea: folds
Uncalled bet ($0.25) returned to 6a88451b
*** SHOWDOWN ***
6a88451b collected $0.2 from pot
*** SUMMARY ***
Total pot $0.2 | Rake $0 | Jackpot $0 | Bingo $0 | Fortune $0 | Tax $0
Seat 1: 383bf2ea (big blind) folded before Flop
Seat 2: b592b9b9 folded before Flop (didn't bet)
Seat 4: Hero (button) folded before Flop (didn't bet)
Seat 6: 6a88451b (small blind) collected ($0.2)


Poker Hand #HD1788692516: Hold'em No Limit ($0.05/$0.1) - 2024/05/26 18:38:58
Table 'NLHRed29' 6-max Seat #2 is the button
Seat 1: 383bf2ea ($10.9 in chips)
Seat 2: b592b9b9 ($22.83 in chips)
Seat 4: Hero ($11.17 in chips)
Seat 6: 6a88451b ($10.45 in chips)
Hero: posts small blind $0.05
6a88451b: posts big blind $0.1
*** HOLE CARDS ***
Dealt to 383bf2ea 
Dealt to b592b9b9 
Dealt to Hero [As 9c]
Dealt to 6a88451b 
383bf2ea: folds
b592b9b9: calls $0.1
Hero: raises $0.3 to $0.4
6a88451b: folds
b592b9b9: folds
Uncalled bet ($0.3) returned to Hero
*** SHOWDOWN ***
Hero collected $0.29 from pot
*** SUMMARY ***
Total pot $0.3 | Rake $0.01 | Jackpot $0 | Bingo $0 | Fortune $0 | Tax $0
Seat 1: 383bf2ea folded before Flop (didn't bet)
Seat 2: b592b9b9 (button) folded before Flop
Seat 4: Hero (small blind) collected ($0.29)
Seat 6: 6a88451b (big blind) folded before Flop


Poker Hand #HD1788692497: Hold'em No Limit ($0.05/$0.1) - 2024/05/26 18:38:42
Table 'NLHRed29' 6-max Seat #1 is the button
Seat 1: 383bf2ea ($10.75 in chips)
Seat 2: b592b9b9 ($22.88 in chips)
Seat 4: Hero ($11.27 in chips)
Seat 5: 8fda630a ($10.29 in chips)
Seat 6: 6a88451b ($10.45 in chips)
b592b9b9: posts small blind $0.05
Hero: posts big blind $0.1
*** HOLE CARDS ***
Dealt to 383bf2ea 
Dealt to b592b9b9 
Dealt to Hero [5h Jc]
Dealt to 8fda630a 
Dealt to 6a88451b 
8fda630a: folds
6a88451b: folds
383bf2ea: raises $0.15 to $0.25
b592b9b9: folds
Hero: folds
Uncalled bet ($0.15) returned to 383bf2ea
*** SHOWDOWN ***
383bf2ea collected $0.25 from pot
*** SUMMARY ***
Total pot $0.25 | Rake $0 | Jackpot $0 | Bingo $0 | Fortune $0 | Tax $0
Seat 1: 383bf2ea (button) collected ($0.25)
Seat 2: b592b9b9 (small blind) folded before Flop
Seat 4: Hero (big blind) folded before Flop
Seat 5: 8fda630a folded before Flop (didn't bet)
Seat 6: 6a88451b folded before Flop (didn't bet)


Poker Hand #HD1788692457: Hold'em No Limit ($0.05/$0.1) - 2024/05/26 18:38:18
Table 'NLHRed29' 6-max Seat #6 is the button
Seat 1: 383bf2ea ($10.8 in chips)
Seat 2: b592b9b9 ($22.98 in chips)
Seat 4: Hero ($11.27 in chips)
Seat 5: 8fda630a ($10.14 in chips)
Seat 6: 6a88451b ($10.45 in chips)
383bf2ea: posts small blind $0.05
b592b9b9: posts big blind $0.1
*** HOLE CARDS ***
Dealt to 383bf2ea 
Dealt to b592b9b9 
Dealt to Hero [9d Js]
Dealt to 8fda630a 
Dealt to 6a88451b 
Hero: folds
8fda630a: raises $0.15 to $0.25
6a88451b: folds
383bf2ea: folds
b592b9b9: folds
Uncalled bet ($0.15) returned to 8fda630a
*** SHOWDOWN ***
8fda630a collected $0.25 from pot
*** SUMMARY ***
Total pot $0.25 | Rake $0 | Jackpot $0 | Bingo $0 | Fortune $0 | Tax $0
Seat 1: 383bf2ea (small blind) folded before Flop
Seat 2: b592b9b9 (big blind) folded before Flop
Seat 4: Hero folded before Flop (didn't bet)
Seat 5: 8fda630a collected ($0.25)
Seat 6: 6a88451b (button) folded before Flop (didn't bet)


Poker Hand #HD1788692352: Hold'em No Limit ($0.05/$0.1) - 2024/05/26 18:37:10
Table 'NLHRed29' 6-max Seat #5 is the button
Seat 1: 383bf2ea ($10.29 in chips)
Seat 2: b592b9b9 ($22.98 in chips)
Seat 4: Hero ($11.27 in chips)
Seat 5: 8fda630a ($10.14 in chips)
Seat 6: 6a88451b ($11.01 in chips)
6a88451b: posts small blind $0.05
383bf2ea: posts big blind $0.1
*** HOLE CARDS ***
Dealt to 383bf2ea 
Dealt to b592b9b9 
Dealt to Hero [8h 9s]
Dealt to 8fda630a 
Dealt to 6a88451b 
b592b9b9: folds
Hero: folds
8fda630a: folds
6a88451b: raises $0.25 to $0.35
383bf2ea: calls $0.25
*** FLOP *** [3s Tc 6h]
6a88451b: bets $0.21
383bf2ea: calls $0.21
*** TURN *** [3s Tc 6h] [2d]
6a88451b: checks
383bf2ea: bets $1
6a88451b: folds
Uncalled bet ($1) returned to 383bf2ea
*** SHOWDOWN ***
383bf2ea collected $1.07 from pot
*** SUMMARY ***
Total pot $1.12 | Rake $0.05 | Jackpot $0 | Bingo $0 | Fortune $0 | Tax $0
Board [3s Tc 6h 2d]
Seat 1: 383bf2ea (big blind) won ($1.07)
Seat 2: b592b9b9 folded before Flop (didn't bet)
Seat 4: Hero folded before Flop (didn't bet)
Seat 5: 8fda630a (button) folded before Flop (didn't bet)
Seat 6: 6a88451b (small blind) folded on the Turn


Poker Hand #HD1788692274: Hold'em No Limit ($0.05/$0.1) - 2024/05/26 18:36:20
Table 'NLHRed29' 6-max Seat #4 is the button
Seat 2: b592b9b9 ($22.98 in chips)
Seat 4: Hero ($11.27 in chips)
Seat 5: 8fda630a ($10.05 in chips)
Seat 6: 6a88451b ($11.11 in chips)
8fda630a: posts small blind $0.05
6a88451b: posts big blind $0.1
*** HOLE CARDS ***
Dealt to b592b9b9 
Dealt to Hero [4s Jc]
Dealt to 8fda630a 
Dealt to 6a88451b 
b592b9b9: folds
Hero: folds
8fda630a: calls $0.05
6a88451b: checks
*** FLOP *** [Ah Th Td]
8fda630a: checks
6a88451b: checks
*** TURN *** [Ah Th Td] [9d]
8fda630a: bets $0.15
6a88451b: folds
Uncalled bet ($0.15) returned to 8fda630a
*** SHOWDOWN ***
8fda630a collected $0.19 from pot
*** SUMMARY ***
Total pot $0.2 | Rake $0.01 | Jackpot $0 | Bingo $0 | Fortune $0 | Tax $0
Board [Ah Th Td 9d]
Seat 2: b592b9b9 folded before Flop (didn't bet)
Seat 4: Hero (button) folded before Flop (didn't bet)
Seat 5: 8fda630a (small blind) won ($0.19)
Seat 6: 6a88451b (big blind) folded on the Turn


Poker Hand #HD1788692202: Hold'em No Limit ($0.05/$0.1) - 2024/05/26 18:35:35
Table 'NLHRed29' 6-max Seat #2 is the button
Seat 1: 383bf2ea ($10.29 in chips)
Seat 2: b592b9b9 ($22.84 in chips)
Seat 4: Hero ($11.32 in chips)
Seat 5: 8fda630a ($10.15 in chips)
Seat 6: 6a88451b ($11.11 in chips)
Hero: posts small blind $0.05
8fda630a: posts big blind $0.1
*** HOLE CARDS ***
Dealt to 383bf2ea 
Dealt to b592b9b9 
Dealt to Hero [2h Jd]
Dealt to 8fda630a 
Dealt to 6a88451b 
6a88451b: folds
383bf2ea: folds
b592b9b9: calls $0.1
Hero: folds
8fda630a: checks
*** FLOP *** [Jh 4d 3h]
8fda630a: checks
b592b9b9: bets $0.25
8fda630a: folds
Uncalled bet ($0.25) returned to b592b9b9
*** SHOWDOWN ***
b592b9b9 collected $0.24 from pot
*** SUMMARY ***
Total pot $0.25 | Rake $0.01 | Jackpot $0 | Bingo $0 | Fortune $0 | Tax $0
Board [Jh 4d 3h]
Seat 1: 383bf2ea folded before Flop (didn't bet)
Seat 2: b592b9b9 (button) won ($0.24)
Seat 4: Hero (small blind) folded before Flop
Seat 5: 8fda630a (big blind) folded on the Flop
Seat 6: 6a88451b folded before Flop (didn't bet)


Poker Hand #HD1788692052: Hold'em No Limit ($0.05/$0.1) - 2024/05/26 18:34:02
Table 'NLHRed29' 6-max Seat #1 is the button
Seat 1: 383bf2ea ($10.54 in chips)
Seat 2: b592b9b9 ($24.04 in chips)
Seat 4: Hero ($10 in chips)
Seat 5: 8fda630a ($10.15 in chips)
Seat 6: 6a88451b ($11.11 in chips)
b592b9b9: posts small blind $0.05
Hero: posts big blind $0.1
*** HOLE CARDS ***
Dealt to 383bf2ea 
Dealt to b592b9b9 
Dealt to Hero [As Qs]
Dealt to 8fda630a 
Dealt to 6a88451b 
8fda630a: folds
6a88451b: folds
383bf2ea: raises $0.15 to $0.25
b592b9b9: calls $0.2
Hero: raises $0.95 to $1.2
383bf2ea: folds
b592b9b9: calls $0.95
*** FLOP *** [Ad Th 4d]
b592b9b9: checks
Hero: bets $1.2
b592b9b9: folds
Uncalled bet ($1.2) returned to Hero
*** SHOWDOWN ***
Hero collected $2.52 from pot
*** SUMMARY ***
Total pot $2.65 | Rake $0.13 | Jackpot $0 | Bingo $0 | Fortune $0 | Tax $0
Board [Ad Th 4d]
Seat 1: 383bf2ea (button) folded before Flop
Seat 2: b592b9b9 (small blind) folded on the Flop
Seat 4: Hero (big blind) won ($2.52)
Seat 5: 8fda630a folded before Flop (didn't bet)
Seat 6: 6a88451b folded before Flop (didn't bet)


Poker Hand #HD1788692016: Hold'em No Limit ($0.05/$0.1) - 2024/05/26 18:33:42
Table 'NLHRed29' 6-max Seat #6 is the button
Seat 1: 383bf2ea ($10.59 in chips)
Seat 2: b592b9b9 ($24.14 in chips)
Seat 4: Hero ($10 in chips)
Seat 5: 8fda630a ($10 in chips)
Seat 6: 6a88451b ($11.11 in chips)
383bf2ea: posts small blind $0.05
b592b9b9: posts big blind $0.1
*** HOLE CARDS ***
Dealt to 383bf2ea 
Dealt to b592b9b9 
Dealt to Hero [7c Qs]
Dealt to 8fda630a 
Dealt to 6a88451b 
Hero: folds
8fda630a: raises $0.15 to $0.25
6a88451b: folds
383bf2ea: folds
b592b9b9: folds
Uncalled bet ($0.15) returned to 8fda630a
*** SHOWDOWN ***
8fda630a collected $0.25 from pot
*** SUMMARY ***
Total pot $0.25 | Rake $0 | Jackpot $0 | Bingo $0 | Fortune $0 | Tax $0
Seat 1: 383bf2ea (small blind) folded before Flop
Seat 2: b592b9b9 (big blind) folded before Flop
Seat 4: Hero folded before Flop (didn't bet)
Seat 5: 8fda630a collected ($0.25)
Seat 6: 6a88451b (button) folded before Flop (didn't bet)


Poker Hand #HD1788691981: Hold'em No Limit ($0.05/$0.1) - 2024/05/26 18:33:15
Table 'NLHRed29' 6-max Seat #5 is the button
Seat 1: 383bf2ea ($10.69 in chips)
Seat 2: b592b9b9 ($24.14 in chips)
Seat 4: Hero ($10 in chips)
Seat 5: 8fda630a ($10 in chips)
Seat 6: 6a88451b ($10.79 in chips)
6a88451b: posts small blind $0.05
383bf2ea: posts big blind $0.1
*** HOLE CARDS ***
Dealt to 383bf2ea 
Dealt to b592b9b9 
Dealt to Hero [Ac 9d]
Dealt to 8fda630a 
Dealt to 6a88451b 
b592b9b9: folds
Hero: raises $0.14 to $0.24
8fda630a: folds
6a88451b: raises $0.69 to $0.93
383bf2ea: folds
Hero: folds
Uncalled bet ($0.69) returned to 6a88451b
*** SHOWDOWN ***
6a88451b collected $0.56 from pot
*** SUMMARY ***
Total pot $0.58 | Rake $0.02 | Jackpot $0 | Bingo $0 | Fortune $0 | Tax $0
Seat 1: 383bf2ea (big blind) folded before Flop
Seat 2: b592b9b9 folded before Flop (didn't bet)
Seat 4: Hero folded before Flop
Seat 5: 8fda630a (button) folded before Flop (didn't bet)
Seat 6: 6a88451b (small blind) collected ($0.56)


Poker Hand #HD1788691866: Hold'em No Limit ($0.05/$0.1) - 2024/05/26 18:31:56
Table 'NLHRed29' 6-max Seat #4 is the button
Seat 1: 383bf2ea ($10.69 in chips)
Seat 2: b592b9b9 ($24.14 in chips)
Seat 3: 566f3186 ($11.38 in chips)
Seat 4: Hero ($10 in chips)
Seat 5: 8fda630a ($10 in chips)
Seat 6: 6a88451b ($10.22 in chips)
8fda630a: posts small blind $0.05
6a88451b: posts big blind $0.1
*** HOLE CARDS ***
Dealt to 383bf2ea 
Dealt to b592b9b9 
Dealt to 566f3186 
Dealt to Hero [Ad 8c]
Dealt to 8fda630a 
Dealt to 6a88451b 
383bf2ea: folds
b592b9b9: folds
566f3186: folds
Hero: folds
8fda630a: raises $0.15 to $0.25
6a88451b: calls $0.15
*** FLOP *** [4s Td 7c]
8fda630a: checks
6a88451b: checks
*** TURN *** [4s Td 7c] [3s]
8fda630a: bets $0.38
6a88451b: calls $0.38
*** RIVER *** [4s Td 7c 3s] [3h]
8fda630a: checks
6a88451b: bets $0.63
8fda630a: folds
Uncalled bet ($0.63) returned to 6a88451b
*** SHOWDOWN ***
6a88451b collected $1.2 from pot
*** SUMMARY ***
Total pot $1.26 | Rake $0.06 | Jackpot $0 | Bingo $0 | Fortune $0 | Tax $0
Board [4s Td 7c 3s 3h]
Seat 1: 383bf2ea folded before Flop (didn't bet)
Seat 2: b592b9b9 folded before Flop (didn't bet)
Seat 3: 566f3186 folded before Flop (didn't bet)
Seat 4: Hero (button) folded before Flop (didn't bet)
Seat 5: 8fda630a (small blind) folded on the River
Seat 6: 6a88451b (big blind) won ($1.2)


Poker Hand #HD1788691802: Hold'em No Limit ($0.05/$0.1) - 2024/05/26 18:31:07
Table 'NLHRed29' 6-max Seat #3 is the button
Seat 1: 383bf2ea ($10.69 in chips)
Seat 2: b592b9b9 ($25.04 in chips)
Seat 3: 566f3186 ($10.42 in chips)
Seat 4: Hero ($10 in chips)
Seat 5: 8fda630a ($10 in chips)
Seat 6: 6a88451b ($10.22 in chips)
Hero: posts small blind $0.05
8fda630a: posts big blind $0.1
*** HOLE CARDS ***
Dealt to 383bf2ea 
Dealt to b592b9b9 
Dealt to 566f3186 
Dealt to Hero [2h 5h]
Dealt to 8fda630a 
Dealt to 6a88451b 
6a88451b: folds
383bf2ea: folds
b592b9b9: raises $0.1 to $0.2
566f3186: raises $0.7 to $0.9
Hero: folds
8fda630a: folds
b592b9b9: calls $0.7
*** FLOP *** [Td 4c Th]
b592b9b9: checks
566f3186: bets $0.65
b592b9b9: folds
Uncalled bet ($0.65) returned to 566f3186
*** SHOWDOWN ***
566f3186 collected $1.86 from pot
*** SUMMARY ***
Total pot $1.95 | Rake $0.09 | Jackpot $0 | Bingo $0 | Fortune $0 | Tax $0
Board [Td 4c Th]
Seat 1: 383bf2ea folded before Flop (didn't bet)
Seat 2: b592b9b9 folded on the Flop
Seat 3: 566f3186 (button) won ($1.86)
Seat 4: Hero (small blind) folded before Flop
Seat 5: 8fda630a (big blind) folded before Flop
Seat 6: 6a88451b folded before Flop (didn't bet)


Poker Hand #HD1788691720: Hold'em No Limit ($0.05/$0.1) - 2024/05/26 18:30:19
Table 'NLHRed29' 6-max Seat #2 is the button
Seat 1: 383bf2ea ($10.69 in chips)
Seat 2: b592b9b9 ($25.29 in chips)
Seat 3: 566f3186 ($10.1 in chips)
Seat 4: Hero ($10 in chips)
Seat 6: 6a88451b ($10.22 in chips)
566f3186: posts small blind $0.05
Hero: posts big blind $0.1
*** HOLE CARDS ***
Dealt to 383bf2ea 
Dealt to b592b9b9 
Dealt to 566f3186 
Dealt to Hero [Jc 9d]
Dealt to 6a88451b 
6a88451b: folds
383bf2ea: folds
b592b9b9: calls $0.1
566f3186: calls $0.05
Hero: checks
*** FLOP *** [5d 6s 4h]
566f3186: bets $0.15
Hero: folds
b592b9b9: calls $0.15
*** TURN *** [5d 6s 4h] [6c]
566f3186: bets $0.6
b592b9b9: folds
Uncalled bet ($0.6) returned to 566f3186
*** SHOWDOWN ***
566f3186 collected $0.57 from pot
*** SUMMARY ***
Total pot $0.6 | Rake $0.03 | Jackpot $0 | Bingo $0 | Fortune $0 | Tax $0
Board [5d 6s 4h 6c]
Seat 1: 383bf2ea folded before Flop (didn't bet)
Seat 2: b592b9b9 (button) folded on the Turn
Seat 3: 566f3186 (small blind) won ($0.57)
Seat 4: Hero (big blind) folded on the Flop
Seat 6: 6a88451b folded before Flop (didn't bet)


Poker Hand #HD1788691686: Hold'em No Limit ($0.05/$0.1) - 2024/05/26 18:29:56
Table 'NLHRed29' 6-max Seat #1 is the button
Seat 1: 383bf2ea ($10.69 in chips)
Seat 2: b592b9b9 ($25.39 in chips)
Seat 3: 566f3186 ($10 in chips)
Seat 4: Hero ($10 in chips)
Seat 6: 6a88451b ($10.22 in chips)
b592b9b9: posts small blind $0.05
566f3186: posts big blind $0.1
*** HOLE CARDS ***
Dealt to 383bf2ea 
Dealt to b592b9b9 
Dealt to 566f3186 
Dealt to Hero [2d 8s]
Dealt to 6a88451b 
Hero: folds
6a88451b: folds
383bf2ea: folds
b592b9b9: calls $0.05
566f3186: raises $0.3 to $0.4
b592b9b9: folds
Uncalled bet ($0.3) returned to 566f3186
*** SHOWDOWN ***
566f3186 collected $0.2 from pot
*** SUMMARY ***
Total pot $0.2 | Rake $0 | Jackpot $0 | Bingo $0 | Fortune $0 | Tax $0
Seat 1: 383bf2ea (button) folded before Flop (didn't bet)
Seat 2: b592b9b9 (small blind) folded before Flop
Seat 3: 566f3186 (big blind) collected ($0.2)
Seat 4: Hero folded before Flop (didn't bet)
Seat 6: 6a88451b folded before Flop (didn't bet)


Poker Hand #HD1788691665: Hold'em No Limit ($0.05/$0.1) - 2024/05/26 18:29:43
Table 'NLHRed29' 6-max Seat #6 is the button
Seat 1: 383bf2ea ($10.59 in chips)
Seat 2: b592b9b9 ($25.49 in chips)
Seat 3: 566f3186 ($10 in chips)
Seat 4: Hero ($10 in chips)
Seat 6: 6a88451b ($10.22 in chips)
383bf2ea: posts small blind $0.05
b592b9b9: posts big blind $0.1
*** HOLE CARDS ***
Dealt to 383bf2ea 
Dealt to b592b9b9 
Dealt to 566f3186 
Dealt to Hero [As 6d]
Dealt to 6a88451b 
566f3186: folds
Hero: folds
6a88451b: folds
383bf2ea: raises $0.15 to $0.25
b592b9b9: folds
Uncalled bet ($0.15) returned to 383bf2ea
*** SHOWDOWN ***
383bf2ea collected $0.2 from pot
*** SUMMARY ***
Total pot $0.2 | Rake $0 | Jackpot $0 | Bingo $0 | Fortune $0 | Tax $0
Seat 1: 383bf2ea (small blind) collected ($0.2)
Seat 2: b592b9b9 (big blind) folded before Flop
Seat 3: 566f3186 folded before Flop (didn't bet)
Seat 4: Hero folded before Flop (didn't bet)
Seat 6: 6a88451b (button) folded before Flop (didn't bet)


Poker Hand #HD1788691649: Hold'em No Limit ($0.05/$0.1) - 2024/05/26 18:29:31
Table 'NLHRed29' 6-max Seat #4 is the button
Seat 1: 383bf2ea ($10.54 in chips)
Seat 2: b592b9b9 ($25.49 in chips)
Seat 3: 566f3186 ($10 in chips)
Seat 4: Hero ($10 in chips)
Seat 6: 6a88451b ($10.27 in chips)
6a88451b: posts small blind $0.05
383bf2ea: posts big blind $0.1
*** HOLE CARDS ***
Dealt to 383bf2ea 
Dealt to b592b9b9 
Dealt to 566f3186 
Dealt to Hero [Js 7d]
Dealt to 6a88451b 
b592b9b9: folds
566f3186: folds
Hero: folds
6a88451b: folds
Uncalled bet ($0.05) returned to 383bf2ea
*** SHOWDOWN ***
383bf2ea collected $0.1 from pot
*** SUMMARY ***
Total pot $0.1 | Rake $0 | Jackpot $0 | Bingo $0 | Fortune $0 | Tax $0
Seat 1: 383bf2ea (big blind) collected ($0.1)
Seat 2: b592b9b9 folded before Flop (didn't bet)
Seat 3: 566f3186 folded before Flop (didn't bet)
Seat 4: Hero (button) folded before Flop (didn't bet)
Seat 6: 6a88451b (small blind) folded before Flop


Poker Hand #HD1788691577: Hold'em No Limit ($0.05/$0.1) - 2024/05/26 18:28:37
Table 'NLHRed29' 6-max Seat #3 is the button
Seat 1: 383bf2ea ($10.54 in chips)
Seat 2: b592b9b9 ($24.86 in chips)
Seat 3: 566f3186 ($10.33 in chips)
Seat 4: Hero ($10 in chips)
Seat 6: 6a88451b ($10.37 in chips)
Hero: posts small blind $0.05
6a88451b: posts big blind $0.1
*** HOLE CARDS ***
Dealt to 383bf2ea 
Dealt to b592b9b9 
Dealt to 566f3186 
Dealt to Hero [8c 2d]
Dealt to 6a88451b 
383bf2ea: folds
b592b9b9: calls $0.1
566f3186: raises $0.2 to $0.3
Hero: folds
6a88451b: folds
b592b9b9: calls $0.2
*** FLOP *** [9s Qs 2h]
b592b9b9: checks
566f3186: checks
*** TURN *** [9s Qs 2h] [3d]
b592b9b9: bets $0.25
566f3186: calls $0.25
*** RIVER *** [9s Qs 2h 3d] [9c]
b592b9b9: checks
566f3186: checks
b592b9b9: shows [9h Th] (Three Nines)
566f3186: shows [Ad Ks] (Pair of Nines)
*** SHOWDOWN ***
b592b9b9 collected $1.18 from pot
*** SUMMARY ***
Total pot $1.25 | Rake $0.07 | Jackpot $0 | Bingo $0 | Fortune $0 | Tax $0
Board [9s Qs 2h 3d 9c]
Seat 1: 383bf2ea folded before Flop (didn't bet)
Seat 2: b592b9b9 showed [9h Th] and won ($1.18) with Three Nines
Seat 3: 566f3186 (button) showed [Ad Ks] and lost with Pair of Nines
Seat 4: Hero (small blind) folded before Flop
Seat 6: 6a88451b (big blind) folded before Flop


Poker Hand #HD1788691532: Hold'em No Limit ($0.05/$0.1) - 2024/05/26 18:28:04
Table 'NLHRed29' 6-max Seat #2 is the button
Seat 1: 383bf2ea ($10.54 in chips)
Seat 2: b592b9b9 ($24.86 in chips)
Seat 3: 566f3186 ($10.38 in chips)
Seat 4: Hero ($10 in chips)
Seat 5: 72a00826 ($22.07 in chips)
Seat 6: 6a88451b ($10.37 in chips)
566f3186: posts small blind $0.05
Hero: posts big blind $0.1
*** HOLE CARDS ***
Dealt to 383bf2ea 
Dealt to b592b9b9 
Dealt to 566f3186 
Dealt to Hero [Qc Th]
Dealt to 72a00826 
Dealt to 6a88451b 
72a00826: raises $0.2 to $0.3
6a88451b: folds
383bf2ea: folds
b592b9b9: folds
566f3186: folds
Hero: folds
Uncalled bet ($0.2) returned to 72a00826
*** SHOWDOWN ***
72a00826 collected $0.25 from pot
*** SUMMARY ***
Total pot $0.25 | Rake $0 | Jackpot $0 | Bingo $0 | Fortune $0 | Tax $0
Seat 1: 383bf2ea folded before Flop (didn't bet)
Seat 2: b592b9b9 (button) folded before Flop (didn't bet)
Seat 3: 566f3186 (small blind) folded before Flop
Seat 4: Hero (big blind) folded before Flop
Seat 5: 72a00826 collected ($0.25)
Seat 6: 6a88451b folded before Flop (didn't bet)


Poker Hand #HD1788691471: Hold'em No Limit ($0.05/$0.1) - 2024/05/26 18:27:22
Table 'NLHRed29' 6-max Seat #1 is the button
Seat 1: 383bf2ea ($10.54 in chips)
Seat 2: b592b9b9 ($24.91 in chips)
Seat 3: 566f3186 ($10.15 in chips)
Seat 4: Hero ($10 in chips)
Seat 5: 72a00826 ($22.27 in chips)
Seat 6: 6a88451b ($10.37 in chips)
b592b9b9: posts small blind $0.05
566f3186: posts big blind $0.1
*** HOLE CARDS ***
Dealt to 383bf2ea 
Dealt to b592b9b9 
Dealt to 566f3186 
Dealt to Hero [Qd 5c]
Dealt to 72a00826 
Dealt to 6a88451b 
Hero: folds
72a00826: raises $0.1 to $0.2
6a88451b: folds
383bf2ea: folds
b592b9b9: folds
566f3186: raises $0.8 to $1
72a00826: folds
Uncalled bet ($0.8) returned to 566f3186
*** SHOWDOWN ***
566f3186 collected $0.43 from pot
*** SUMMARY ***
Total pot $0.45 | Rake $0.02 | Jackpot $0 | Bingo $0 | Fortune $0 | Tax $0
Seat 1: 383bf2ea (button) folded before Flop (didn't bet)
Seat 2: b592b9b9 (small blind) folded before Flop
Seat 3: 566f3186 (big blind) collected ($0.43)
Seat 4: Hero folded before Flop (didn't bet)
Seat 5: 72a00826 folded before Flop
Seat 6: 6a88451b folded before Flop (didn't bet)


Poker Hand #HD1788691400: Hold'em No Limit ($0.05/$0.1) - 2024/05/26 18:26:33
Table 'NLHRed29' 6-max Seat #6 is the button
Seat 1: 383bf2ea ($10.31 in chips)
Seat 2: b592b9b9 ($25.16 in chips)
Seat 3: 566f3186 ($10.15 in chips)
Seat 4: Hero ($10 in chips)
Seat 5: 72a00826 ($22.27 in chips)
Seat 6: 6a88451b ($10.37 in chips)
383bf2ea: posts small blind $0.05
b592b9b9: posts big blind $0.1
*** HOLE CARDS ***
Dealt to 383bf2ea 
Dealt to b592b9b9 
Dealt to 566f3186 
Dealt to Hero [Th Jd]
Dealt to 72a00826 
Dealt to 6a88451b 
566f3186: folds
Hero: folds
72a00826: folds
6a88451b: folds
383bf2ea: raises $0.15 to $0.25
b592b9b9: calls $0.15
*** FLOP *** [5h 5s As]
383bf2ea: checks
b592b9b9: checks
*** TURN *** [5h 5s As] [Qd]
383bf2ea: bets $0.2
b592b9b9: folds
Uncalled bet ($0.2) returned to 383bf2ea
*** SHOWDOWN ***
383bf2ea collected $0.48 from pot
*** SUMMARY ***
Total pot $0.5 | Rake $0.02 | Jackpot $0 | Bingo $0 | Fortune $0 | Tax $0
Board [5h 5s As Qd]
Seat 1: 383bf2ea (small blind) won ($0.48)
Seat 2: b592b9b9 (big blind) folded on the Turn
Seat 3: 566f3186 folded before Flop (didn't bet)
Seat 4: Hero folded before Flop (didn't bet)
Seat 5: 72a00826 folded before Flop (didn't bet)
Seat 6: 6a88451b (button) folded before Flop (didn't bet)


Poker Hand #HD1788691371: Hold'em No Limit ($0.05/$0.1) - 2024/05/26 18:26:14
Table 'NLHRed29' 6-max Seat #5 is the button
Seat 1: 383bf2ea ($10.41 in chips)
Seat 2: b592b9b9 ($25.16 in chips)
Seat 3: 566f3186 ($10.15 in chips)
Seat 4: Hero ($10 in chips)
Seat 5: 72a00826 ($22.27 in chips)
Seat 6: 6a88451b ($10.27 in chips)
6a88451b: posts small blind $0.05
383bf2ea: posts big blind $0.1
*** HOLE CARDS ***
Dealt to 383bf2ea 
Dealt to b592b9b9 
Dealt to 566f3186 
Dealt to Hero [Ts 2d]
Dealt to 72a00826 
Dealt to 6a88451b 
b592b9b9: folds
566f3186: folds
Hero: folds
72a00826: folds
6a88451b: raises $0.2 to $0.3
383bf2ea: folds
Uncalled bet ($0.2) returned to 6a88451b
*** SHOWDOWN ***
6a88451b collected $0.2 from pot
*** SUMMARY ***
Total pot $0.2 | Rake $0 | Jackpot $0 | Bingo $0 | Fortune $0 | Tax $0
Seat 1: 383bf2ea (big blind) folded before Flop
Seat 2: b592b9b9 folded before Flop (didn't bet)
Seat 3: 566f3186 folded before Flop (didn't bet)
Seat 4: Hero folded before Flop (didn't bet)
Seat 5: 72a00826 (button) folded before Flop (didn't bet)
Seat 6: 6a88451b (small blind) collected ($0.2)


Poker Hand #HD1788691287: Hold'em No Limit ($0.05/$0.1) - 2024/05/26 18:25:10
Table 'NLHRed29' 6-max Seat #4 is the button
Seat 1: 383bf2ea ($10.41 in chips)
Seat 2: b592b9b9 ($25.16 in chips)
Seat 3: 566f3186 ($10.15 in chips)
Seat 4: Hero ($10 in chips)
Seat 5: 72a00826 ($22.32 in chips)
Seat 6: 6a88451b ($10 in chips)
72a00826: posts small blind $0.05
6a88451b: posts big blind $0.1
*** HOLE CARDS ***
Dealt to 383bf2ea 
Dealt to b592b9b9 
Dealt to 566f3186 
Dealt to Hero [Jd 9h]
Dealt to 72a00826 
Dealt to 6a88451b 
383bf2ea: folds
b592b9b9: folds
566f3186: folds
Hero: raises $0.14 to $0.24
72a00826: folds
6a88451b: calls $0.14
*** FLOP *** [Ah Qc 2c]
6a88451b: checks
Hero: checks
*** TURN *** [Ah Qc 2c] [6d]
6a88451b: bets $0.37
Hero: folds
Uncalled bet ($0.37) returned to 6a88451b
*** SHOWDOWN ***
6a88451b collected $0.51 from pot
*** SUMMARY ***
Total pot $0.53 | Rake $0.02 | Jackpot $0 | Bingo $0 | Fortune $0 | Tax $0
Board [Ah Qc 2c 6d]
Seat 1: 383bf2ea folded before Flop (didn't bet)
Seat 2: b592b9b9 folded before Flop (didn't bet)
Seat 3: 566f3186 folded before Flop (didn't bet)
Seat 4: Hero (button) folded on the Turn
Seat 5: 72a00826 (small blind) folded before Flop
Seat 6: 6a88451b (big blind) won ($0.51)


Poker Hand #HD1788691260: Hold'em No Limit ($0.05/$0.1) - 2024/05/26 18:24:52
Table 'NLHRed29' 6-max Seat #3 is the button
Seat 1: 383bf2ea ($10.41 in chips)
Seat 2: b592b9b9 ($25.16 in chips)
Seat 3: 566f3186 ($10 in chips)
Seat 4: Hero ($10.05 in chips)
Seat 5: 72a00826 ($22.42 in chips)
Hero: posts small blind $0.05
72a00826: posts big blind $0.1
*** HOLE CARDS ***
Dealt to 383bf2ea 
Dealt to b592b9b9 
Dealt to 566f3186 
Dealt to Hero [4h 5c]
Dealt to 72a00826 
383bf2ea: folds
b592b9b9: folds
566f3186: raises $0.15 to $0.25
Hero: folds
72a00826: folds
Uncalled bet ($0.15) returned to 566f3186
*** SHOWDOWN ***
566f3186 collected $0.25 from pot
*** SUMMARY ***
Total pot $0.25 | Rake $0 | Jackpot $0 | Bingo $0 | Fortune $0 | Tax $0
Seat 1: 383bf2ea folded before Flop (didn't bet)
Seat 2: b592b9b9 folded before Flop (didn't bet)
Seat 3: 566f3186 (button) collected ($0.25)
Seat 4: Hero (small blind) folded before Flop
Seat 5: 72a00826 (big blind) folded before Flop


Poker Hand #HD1788691224: Hold'em No Limit ($0.05/$0.1) - 2024/05/26 18:24:22
Table 'NLHRed29' 6-max Seat #2 is the button
Seat 1: 383bf2ea ($10.41 in chips)
Seat 2: b592b9b9 ($25.16 in chips)
Seat 3: 566f3186 ($10 in chips)
Seat 4: Hero ($10 in chips)
Seat 5: 72a00826 ($22.42 in chips)
566f3186: posts small blind $0.05
Hero: posts big blind $0.1
*** HOLE CARDS ***
Dealt to 383bf2ea 
Dealt to b592b9b9 
Dealt to 566f3186 
Dealt to Hero [Ah 8h]
Dealt to 72a00826 
72a00826: folds
383bf2ea: folds
b592b9b9: folds
566f3186: folds
Uncalled bet ($0.05) returned to Hero
*** SHOWDOWN ***
Hero collected $0.1 from pot
*** SUMMARY ***
Total pot $0.1 | Rake $0 | Jackpot $0 | Bingo $0 | Fortune $0 | Tax $0
Seat 1: 383bf2ea folded before Flop (didn't bet)
Seat 2: b592b9b9 (button) folded before Flop (didn't bet)
Seat 3: 566f3186 (small blind) folded before Flop
Seat 4: Hero (big blind) collected ($0.1)
Seat 5: 72a00826 folded before Flop (didn't bet)


Poker Hand #HD1788691167: Hold'em No Limit ($0.05/$0.1) - 2024/05/26 18:23:45
Table 'NLHRed29' 6-max Seat #1 is the button
Seat 1: 383bf2ea ($10.41 in chips)
Seat 2: b592b9b9 ($25.07 in chips)
Seat 3: 566f3186 ($10.05 in chips)
Seat 4: Hero ($10 in chips)
Seat 5: 72a00826 ($22.42 in chips)
b592b9b9: posts small blind $0.05
566f3186: posts big blind $0.1
*** HOLE CARDS ***
Dealt to 383bf2ea 
Dealt to b592b9b9 
Dealt to 566f3186 
Dealt to Hero [6c Qs]
Dealt to 72a00826 
Hero: folds
72a00826: folds
383bf2ea: folds
b592b9b9: calls $0.05
566f3186: checks
*** FLOP *** [5h 3h Kc]
b592b9b9: checks
566f3186: checks
*** TURN *** [5h 3h Kc] [6h]
b592b9b9: bets $0.2
566f3186: folds
Uncalled bet ($0.2) returned to b592b9b9
*** SHOWDOWN ***
b592b9b9 collected $0.19 from pot
*** SUMMARY ***
Total pot $0.2 | Rake $0.01 | Jackpot $0 | Bingo $0 | Fortune $0 | Tax $0
Board [5h 3h Kc 6h]
Seat 1: 383bf2ea (button) folded before Flop (didn't bet)
Seat 2: b592b9b9 (small blind) won ($0.19)
Seat 3: 566f3186 (big blind) folded on the Turn
Seat 4: Hero folded before Flop (didn't bet)
Seat 5: 72a00826 folded before Flop (didn't bet)


Poker Hand #HD1788691093: Hold'em No Limit ($0.05/$0.1) - 2024/05/26 18:22:57
Table 'NLHRed29' 6-max Seat #5 is the button
Seat 1: 383bf2ea ($10 in chips)
Seat 2: b592b9b9 ($25.47 in chips)
Seat 3: 566f3186 ($10.05 in chips)
Seat 4: Hero ($10 in chips)
Seat 5: 72a00826 ($22.42 in chips)
Seat 6: a192c024 ($12.12 in chips)
a192c024: posts small blind $0.05
383bf2ea: posts big blind $0.1
*** HOLE CARDS ***
Dealt to 383bf2ea 
Dealt to b592b9b9 
Dealt to 566f3186 
Dealt to Hero [Kh 8d]
Dealt to 72a00826 
Dealt to a192c024 
b592b9b9: calls $0.1
566f3186: folds
Hero: folds
72a00826: folds
a192c024: folds
383bf2ea: raises $0.3 to $0.4
b592b9b9: calls $0.3
*** FLOP *** [9d 4h 9s]
383bf2ea: bets $0.3
b592b9b9: folds
Uncalled bet ($0.3) returned to 383bf2ea
*** SHOWDOWN ***
383bf2ea collected $0.81 from pot
*** SUMMARY ***
Total pot $0.85 | Rake $0.04 | Jackpot $0 | Bingo $0 | Fortune $0 | Tax $0
Board [9d 4h 9s]
Seat 1: 383bf2ea (big blind) won ($0.81)
Seat 2: b592b9b9 folded on the Flop
Seat 3: 566f3186 folded before Flop (didn't bet)
Seat 4: Hero folded before Flop (didn't bet)
Seat 5: 72a00826 (button) folded before Flop (didn't bet)
Seat 6: a192c024 (small blind) folded before Flop


Poker Hand #HD1788691050: Hold'em No Limit ($0.05/$0.1) - 2024/05/26 18:22:20
Table 'NLHRed29' 6-max Seat #4 is the button
Seat 1: 383bf2ea ($10 in chips)
Seat 2: b592b9b9 ($25.33 in chips)
Seat 3: 566f3186 ($10.05 in chips)
Seat 4: Hero ($10 in chips)
Seat 5: 72a00826 ($22.47 in chips)
Seat 6: a192c024 ($12.22 in chips)
72a00826: posts small blind $0.05
a192c024: posts big blind $0.1
*** HOLE CARDS ***
Dealt to 383bf2ea 
Dealt to b592b9b9 
Dealt to 566f3186 
Dealt to Hero [9s Qd]
Dealt to 72a00826 
Dealt to a192c024 
383bf2ea: folds
b592b9b9: calls $0.1
566f3186: folds
Hero: folds
72a00826: folds
a192c024: checks
*** FLOP *** [Ks 6h 6d]
a192c024: checks
b592b9b9: checks
*** TURN *** [Ks 6h 6d] [6c]
a192c024: checks
b592b9b9: bets $0.13
a192c024: folds
Uncalled bet ($0.13) returned to b592b9b9
*** SHOWDOWN ***
b592b9b9 collected $0.24 from pot
*** SUMMARY ***
Total pot $0.25 | Rake $0.01 | Jackpot $0 | Bingo $0 | Fortune $0 | Tax $0
Board [Ks 6h 6d 6c]
Seat 1: 383bf2ea folded before Flop (didn't bet)
Seat 2: b592b9b9 won ($0.24)
Seat 3: 566f3186 folded before Flop (didn't bet)
Seat 4: Hero (button) folded before Flop (didn't bet)
Seat 5: 72a00826 (small blind) folded before Flop
Seat 6: a192c024 (big blind) folded on the Turn


Poker Hand #HD1788690913: Hold'em No Limit ($0.05/$0.1) - 2024/05/26 18:20:49
Table 'NLHRed29' 6-max Seat #3 is the button
Seat 1: 383bf2ea ($10 in chips)
Seat 2: b592b9b9 ($25.33 in chips)
Seat 3: 566f3186 ($10.05 in chips)
Seat 4: Hero ($12.48 in chips)
Seat 5: 72a00826 ($19.86 in chips)
Seat 6: a192c024 ($12.22 in chips)
Hero: posts small blind $0.05
72a00826: posts big blind $0.1
*** HOLE CARDS ***
Dealt to 383bf2ea 
Dealt to b592b9b9 
Dealt to 566f3186 
Dealt to Hero [Qd Qs]
Dealt to 72a00826 
Dealt to a192c024 
a192c024: folds
383bf2ea: folds
b592b9b9: folds
566f3186: folds
Hero: raises $0.2 to $0.3
72a00826: calls $0.2
*** FLOP *** [6c 3s Jc]
Hero: bets $0.4
72a00826: calls $0.4
*** TURN *** [6c 3s Jc] [2d]
Hero: bets $0.8
72a00826: raises $1.5 to $2.3
Hero: calls $1.5
*** RIVER *** [6c 3s Jc 2d] [9c]
Hero: checks
72a00826: checks
Hero: shows [Qd Qs] (Pair of Queens)
72a00826: shows [4c 5d] (Sixes-High Straight)
*** SHOWDOWN ***
72a00826 collected $5.61 from pot
*** SUMMARY ***
Total pot $6 | Rake $0.29 | Jackpot $0.1 | Bingo $0 | Fortune $0 | Tax $0
Board [6c 3s Jc 2d 9c]
Seat 1: 383bf2ea folded before Flop (didn't bet)
Seat 2: b592b9b9 folded before Flop (didn't bet)
Seat 3: 566f3186 (button) folded before Flop (didn't bet)
Seat 4: Hero (small blind) showed [Qd Qs] and lost with Pair of Queens
Seat 5: 72a00826 (big blind) showed [4c 5d] and won ($5.61) with Sixes-High Straight
Seat 6: a192c024 folded before Flop (didn't bet)


Poker Hand #HD1788690869: Hold'em No Limit ($0.05/$0.1) - 2024/05/26 18:20:25
Table 'NLHRed29' 6-max Seat #2 is the button
Seat 1: 383bf2ea ($10 in chips)
Seat 2: b592b9b9 ($25.33 in chips)
Seat 3: 566f3186 ($10.1 in chips)
Seat 4: Hero ($12.58 in chips)
Seat 5: 72a00826 ($19.71 in chips)
Seat 6: a192c024 ($12.22 in chips)
566f3186: posts small blind $0.05
Hero: posts big blind $0.1
*** HOLE CARDS ***
Dealt to 383bf2ea 
Dealt to b592b9b9 
Dealt to 566f3186 
Dealt to Hero [Tc 4h]
Dealt to 72a00826 
Dealt to a192c024 
72a00826: raises $0.15 to $0.25
a192c024: folds
383bf2ea: folds
b592b9b9: folds
566f3186: folds
Hero: folds
Uncalled bet ($0.15) returned to 72a00826
*** SHOWDOWN ***
72a00826 collected $0.25 from pot
*** SUMMARY ***
Total pot $0.25 | Rake $0 | Jackpot $0 | Bingo $0 | Fortune $0 | Tax $0
Seat 1: 383bf2ea folded before Flop (didn't bet)
Seat 2: b592b9b9 (button) folded before Flop (didn't bet)
Seat 3: 566f3186 (small blind) folded before Flop
Seat 4: Hero (big blind) folded before Flop
Seat 5: 72a00826 collected ($0.25)
Seat 6: a192c024 folded before Flop (didn't bet)


Poker Hand #HD1788690832: Hold'em No Limit ($0.05/$0.1) - 2024/05/26 18:19:57
Table 'NLHRed29' 6-max Seat #1 is the button
Seat 1: 383bf2ea ($10 in chips)
Seat 2: b592b9b9 ($25.43 in chips)
Seat 3: 566f3186 ($10 in chips)
Seat 4: Hero ($12.58 in chips)
Seat 5: 72a00826 ($19.71 in chips)
Seat 6: a192c024 ($12.22 in chips)
b592b9b9: posts small blind $0.05
566f3186: posts big blind $0.1
*** HOLE CARDS ***
Dealt to 383bf2ea 
Dealt to b592b9b9 
Dealt to 566f3186 
Dealt to Hero [Qs 7s]
Dealt to 72a00826 
Dealt to a192c024 
Hero: folds
72a00826: folds
a192c024: folds
383bf2ea: folds
b592b9b9: calls $0.05
566f3186: raises $0.3 to $0.4
b592b9b9: folds
Uncalled bet ($0.3) returned to 566f3186
*** SHOWDOWN ***
566f3186 collected $0.2 from pot
*** SUMMARY ***
Total pot $0.2 | Rake $0 | Jackpot $0 | Bingo $0 | Fortune $0 | Tax $0
Seat 1: 383bf2ea (button) folded before Flop (didn't bet)
Seat 2: b592b9b9 (small blind) folded before Flop
Seat 3: 566f3186 (big blind) collected ($0.2)
Seat 4: Hero folded before Flop (didn't bet)
Seat 5: 72a00826 folded before Flop (didn't bet)
Seat 6: a192c024 folded before Flop (didn't bet)


Poker Hand #HD1788690679: Hold'em No Limit ($0.05/$0.1) - 2024/05/26 18:18:15
Table 'NLHRed29' 6-max Seat #6 is the button
Seat 1: 383bf2ea ($10 in chips)
Seat 2: b592b9b9 ($13.49 in chips)
Seat 3: 566f3186 ($14.84 in chips)
Seat 4: Hero ($12.58 in chips)
Seat 5: 72a00826 ($19.71 in chips)
Seat 6: a192c024 ($12.22 in chips)
383bf2ea: posts small blind $0.05
b592b9b9: posts big blind $0.1
*** HOLE CARDS ***
Dealt to 383bf2ea 
Dealt to b592b9b9 
Dealt to 566f3186 
Dealt to Hero [7s Qs]
Dealt to 72a00826 
Dealt to a192c024 
566f3186: raises $0.1 to $0.2
Hero: folds
72a00826: folds
a192c024: folds
383bf2ea: folds
b592b9b9: calls $0.1
*** FLOP *** [9d Jh Kc]
b592b9b9: checks
566f3186: bets $0.34
b592b9b9: calls $0.34
*** TURN *** [9d Jh Kc] [Ad]
b592b9b9: checks
566f3186: bets $14.3 and is all-in
b592b9b9: calls $12.95 and is all-in
Uncalled bet ($1.35) returned to 566f3186
566f3186: shows [Kd Qd] (Pair of Kings)
b592b9b9: shows [Th Qc] (Aces-High Straight)
*** FIRST RIVER *** [9d Jh Kc Ad] [7c]
*** SECOND RIVER *** [9d Jh Kc Ad] [4s]
*** FIRST SHOWDOWN ***
b592b9b9 collected $12.72 from pot
*** SECOND SHOWDOWN ***
b592b9b9 collected $12.71 from pot
*** SUMMARY ***
Total pot $27.03 | Rake $1.5 | Jackpot $0.1 | Bingo $0 | Fortune $0 | Tax $0
Hand was run two times
FIRST Board [9d Jh Kc Ad 7c]
SECOND Board [4s]
Seat 1: 383bf2ea (small blind) folded before Flop
Seat 2: b592b9b9 (big blind) showed [Th Qc] and won ($12.72) with Aces-High Straight, and won ($12.71)
Seat 3: 566f3186 showed [Kd Qd] and lost with Pair of Kings, and lost
Seat 4: Hero folded before Flop (didn't bet)
Seat 5: 72a00826 folded before Flop (didn't bet)
Seat 6: a192c024 (button) folded before Flop (didn't bet)


Poker Hand #HD1788690653: Hold'em No Limit ($0.05/$0.1) - 2024/05/26 18:17:55
Table 'NLHRed29' 6-max Seat #5 is the button
Seat 1: 383bf2ea ($10 in chips)
Seat 2: b592b9b9 ($13.49 in chips)
Seat 3: 566f3186 ($14.84 in chips)
Seat 4: Hero ($12.43 in chips)
Seat 5: 72a00826 ($19.71 in chips)
Seat 6: a192c024 ($12.27 in chips)
a192c024: posts small blind $0.05
383bf2ea: posts big blind $0.1
*** HOLE CARDS ***
Dealt to 383bf2ea 
Dealt to b592b9b9 
Dealt to 566f3186 
Dealt to Hero [Jd Qh]
Dealt to 72a00826 
Dealt to a192c024 
b592b9b9: folds
566f3186: folds
Hero: raises $0.14 to $0.24
72a00826: folds
a192c024: folds
383bf2ea: folds
Uncalled bet ($0.14) returned to Hero
*** SHOWDOWN ***
Hero collected $0.25 from pot
*** SUMMARY ***
Total pot $0.25 | Rake $0 | Jackpot $0 | Bingo $0 | Fortune $0 | Tax $0
Seat 1: 383bf2ea (big blind) folded before Flop
Seat 2: b592b9b9 folded before Flop (didn't bet)
Seat 3: 566f3186 folded before Flop (didn't bet)
Seat 4: Hero collected ($0.25)
Seat 5: 72a00826 (button) folded before Flop (didn't bet)
Seat 6: a192c024 (small blind) folded before Flop


Poker Hand #HD1788690631: Hold'em No Limit ($0.05/$0.1) - 2024/05/26 18:17:40
Table 'NLHRed29' 6-max Seat #4 is the button
Seat 2: b592b9b9 ($13.49 in chips)
Seat 3: 566f3186 ($14.84 in chips)
Seat 4: Hero ($12.43 in chips)
Seat 5: 72a00826 ($19.76 in chips)
Seat 6: a192c024 ($12.22 in chips)
72a00826: posts small blind $0.05
a192c024: posts big blind $0.1
*** HOLE CARDS ***
Dealt to b592b9b9 
Dealt to 566f3186 
Dealt to Hero [5s 4h]
Dealt to 72a00826 
Dealt to a192c024 
b592b9b9: folds
566f3186: folds
Hero: folds
72a00826: folds
Uncalled bet ($0.05) returned to a192c024
*** SHOWDOWN ***
a192c024 collected $0.1 from pot
*** SUMMARY ***
Total pot $0.1 | Rake $0 | Jackpot $0 | Bingo $0 | Fortune $0 | Tax $0
Seat 2: b592b9b9 folded before Flop (didn't bet)
Seat 3: 566f3186 folded before Flop (didn't bet)
Seat 4: Hero (button) folded before Flop (didn't bet)
Seat 5: 72a00826 (small blind) folded before Flop
Seat 6: a192c024 (big blind) collected ($0.1)


Poker Hand #HD1788690599: Hold'em No Limit ($0.05/$0.1) - 2024/05/26 18:17:18
Table 'NLHRed29' 6-max Seat #3 is the button
Seat 2: b592b9b9 ($13.49 in chips)
Seat 3: 566f3186 ($14.84 in chips)
Seat 4: Hero ($12.33 in chips)
Seat 5: 72a00826 ($19.86 in chips)
Seat 6: a192c024 ($12.22 in chips)
Hero: posts small blind $0.05
72a00826: posts big blind $0.1
*** HOLE CARDS ***
Dealt to b592b9b9 
Dealt to 566f3186 
Dealt to Hero [As Qd]
Dealt to 72a00826 
Dealt to a192c024 
a192c024: folds
b592b9b9: folds
566f3186: folds
Hero: raises $0.2 to $0.3
72a00826: folds
Uncalled bet ($0.2) returned to Hero
*** SHOWDOWN ***
Hero collected $0.2 from pot
*** SUMMARY ***
Total pot $0.2 | Rake $0 | Jackpot $0 | Bingo $0 | Fortune $0 | Tax $0
Seat 2: b592b9b9 folded before Flop (didn't bet)
Seat 3: 566f3186 (button) folded before Flop (didn't bet)
Seat 4: Hero (small blind) collected ($0.2)
Seat 5: 72a00826 (big blind) folded before Flop
Seat 6: a192c024 folded before Flop (didn't bet)


Poker Hand #HD1788690529: Hold'em No Limit ($0.05/$0.1) - 2024/05/26 18:16:21
Table 'NLHRed29' 6-max Seat #2 is the button
Seat 1: ab260b46 ($13.51 in chips)
Seat 2: b592b9b9 ($13.49 in chips)
Seat 3: 566f3186 ($14.89 in chips)
Seat 4: Hero ($12.43 in chips)
Seat 5: 72a00826 ($19.71 in chips)
Seat 6: a192c024 ($12.22 in chips)
566f3186: posts small blind $0.05
Hero: posts big blind $0.1
*** HOLE CARDS ***
Dealt to ab260b46 
Dealt to b592b9b9 
Dealt to 566f3186 
Dealt to Hero [6h 3h]
Dealt to 72a00826 
Dealt to a192c024 
72a00826: raises $0.1 to $0.2
a192c024: folds
ab260b46: folds
b592b9b9: folds
566f3186: folds
Hero: folds
Uncalled bet ($0.1) returned to 72a00826
*** SHOWDOWN ***
72a00826 collected $0.25 from pot
*** SUMMARY ***
Total pot $0.25 | Rake $0 | Jackpot $0 | Bingo $0 | Fortune $0 | Tax $0
Seat 1: ab260b46 folded before Flop (didn't bet)
Seat 2: b592b9b9 (button) folded before Flop (didn't bet)
Seat 3: 566f3186 (small blind) folded before Flop
Seat 4: Hero (big blind) folded before Flop
Seat 5: 72a00826 collected ($0.25)
Seat 6: a192c024 folded before Flop (didn't bet)


Poker Hand #HD1788690444: Hold'em No Limit ($0.05/$0.1) - 2024/05/26 18:15:19
Table 'NLHRed29' 6-max Seat #1 is the button
Seat 1: ab260b46 ($13.51 in chips)
Seat 2: b592b9b9 ($13.79 in chips)
Seat 3: 566f3186 ($14.62 in chips)
Seat 4: Hero ($12.43 in chips)
Seat 5: 72a00826 ($19.71 in chips)
Seat 6: a192c024 ($12.22 in chips)
b592b9b9: posts small blind $0.05
566f3186: posts big blind $0.1
*** HOLE CARDS ***
Dealt to ab260b46 
Dealt to b592b9b9 
Dealt to 566f3186 
Dealt to Hero [5c 6h]
Dealt to 72a00826 
Dealt to a192c024 
Hero: folds
72a00826: folds
a192c024: folds
ab260b46: folds
b592b9b9: calls $0.05
566f3186: checks
*** FLOP *** [9c Kh 8c]
b592b9b9: checks
566f3186: checks
*** TURN *** [9c Kh 8c] [Tc]
b592b9b9: bets $0.1
566f3186: raises $0.1 to $0.2
b592b9b9: calls $0.1
*** RIVER *** [9c Kh 8c Tc] [2h]
b592b9b9: checks
566f3186: checks
b592b9b9: shows [7h 3d] (King-High)
566f3186: shows [9s 5h] (Pair of Nines)
*** SHOWDOWN ***
566f3186 collected $0.57 from pot
*** SUMMARY ***
Total pot $0.6 | Rake $0.03 | Jackpot $0 | Bingo $0 | Fortune $0 | Tax $0
Board [9c Kh 8c Tc 2h]
Seat 1: ab260b46 (button) folded before Flop (didn't bet)
Seat 2: b592b9b9 (small blind) showed [7h 3d] and lost with King-High
Seat 3: 566f3186 (big blind) showed [9s 5h] and won ($0.57) with Pair of Nines
Seat 4: Hero folded before Flop (didn't bet)
Seat 5: 72a00826 folded before Flop (didn't bet)
Seat 6: a192c024 folded before Flop (didn't bet)


Poker Hand #HD1788690368: Hold'em No Limit ($0.05/$0.1) - 2024/05/26 18:14:26
Table 'NLHRed29' 6-max Seat #6 is the button
Seat 1: ab260b46 ($13.56 in chips)
Seat 2: b592b9b9 ($13.99 in chips)
Seat 3: 566f3186 ($14.62 in chips)
Seat 4: Hero ($12.2 in chips)
Seat 5: 72a00826 ($19.71 in chips)
Seat 6: a192c024 ($12.22 in chips)
ab260b46: posts small blind $0.05
b592b9b9: posts big blind $0.1
*** HOLE CARDS ***
Dealt to ab260b46 
Dealt to b592b9b9 
Dealt to 566f3186 
Dealt to Hero [Kd Ad]
Dealt to 72a00826 
Dealt to a192c024 
566f3186: folds
Hero: raises $0.1 to $0.2
72a00826: folds
a192c024: folds
ab260b46: folds
b592b9b9: calls $0.1
*** FLOP *** [6d 8h Td]
b592b9b9: checks
Hero: bets $0.2
b592b9b9: folds
Uncalled bet ($0.2) returned to Hero
*** SHOWDOWN ***
Hero collected $0.43 from pot
*** SUMMARY ***
Total pot $0.45 | Rake $0.02 | Jackpot $0 | Bingo $0 | Fortune $0 | Tax $0
Board [6d 8h Td]
Seat 1: ab260b46 (small blind) folded before Flop
Seat 2: b592b9b9 (big blind) folded on the Flop
Seat 3: 566f3186 folded before Flop (didn't bet)
Seat 4: Hero won ($0.43)
Seat 5: 72a00826 folded before Flop (didn't bet)
Seat 6: a192c024 (button) folded before Flop (didn't bet)


Poker Hand #HD1788690322: Hold'em No Limit ($0.05/$0.1) - 2024/05/26 18:13:59
Table 'NLHRed29' 6-max Seat #5 is the button
Seat 1: ab260b46 ($13.66 in chips)
Seat 2: b592b9b9 ($13.99 in chips)
Seat 3: 566f3186 ($14.62 in chips)
Seat 4: Hero ($12.2 in chips)
Seat 5: 72a00826 ($19.71 in chips)
Seat 6: a192c024 ($12.12 in chips)
a192c024: posts small blind $0.05
ab260b46: posts big blind $0.1
*** HOLE CARDS ***
Dealt to ab260b46 
Dealt to b592b9b9 
Dealt to 566f3186 
Dealt to Hero [6d Tc]
Dealt to 72a00826 
Dealt to a192c024 
b592b9b9: folds
566f3186: folds
Hero: folds
72a00826: folds
a192c024: raises $0.2 to $0.3
ab260b46: folds
Uncalled bet ($0.2) returned to a192c024
*** SHOWDOWN ***
a192c024 collected $0.2 from pot
*** SUMMARY ***
Total pot $0.2 | Rake $0 | Jackpot $0 | Bingo $0 | Fortune $0 | Tax $0
Seat 1: ab260b46 (big blind) folded before Flop
Seat 2: b592b9b9 folded before Flop (didn't bet)
Seat 3: 566f3186 folded before Flop (didn't bet)
Seat 4: Hero folded before Flop (didn't bet)
Seat 5: 72a00826 (button) folded before Flop (didn't bet)
Seat 6: a192c024 (small blind) collected ($0.2)


Poker Hand #HD1788690277: Hold'em No Limit ($0.05/$0.1) - 2024/05/26 18:13:28
Table 'NLHRed29' 6-max Seat #4 is the button
Seat 1: ab260b46 ($13.52 in chips)
Seat 2: b592b9b9 ($13.99 in chips)
Seat 3: 566f3186 ($14.62 in chips)
Seat 4: Hero ($12.2 in chips)
Seat 5: 72a00826 ($19.76 in chips)
Seat 6: a192c024 ($12.22 in chips)
72a00826: posts small blind $0.05
a192c024: posts big blind $0.1
*** HOLE CARDS ***
Dealt to ab260b46 
Dealt to b592b9b9 
Dealt to 566f3186 
Dealt to Hero [4d Kc]
Dealt to 72a00826 
Dealt to a192c024 
ab260b46: calls $0.1
b592b9b9: folds
566f3186: folds
Hero: folds
72a00826: folds
a192c024: checks
*** FLOP *** [5h Qh Tc]
a192c024: checks
ab260b46: bets $0.1
a192c024: folds
Uncalled bet ($0.1) returned to ab260b46
*** SHOWDOWN ***
ab260b46 collected $0.24 from pot
*** SUMMARY ***
Total pot $0.25 | Rake $0.01 | Jackpot $0 | Bingo $0 | Fortune $0 | Tax $0
Board [5h Qh Tc]
Seat 1: ab260b46 won ($0.24)
Seat 2: b592b9b9 folded before Flop (didn't bet)
Seat 3: 566f3186 folded before Flop (didn't bet)
Seat 4: Hero (button) folded before Flop (didn't bet)
Seat 5: 72a00826 (small blind) folded before Flop
Seat 6: a192c024 (big blind) folded on the Flop


Poker Hand #HD1788690217: Hold'em No Limit ($0.05/$0.1) - 2024/05/26 18:12:38
Table 'NLHRed29' 6-max Seat #3 is the button
Seat 1: ab260b46 ($13.52 in chips)
Seat 2: b592b9b9 ($13.99 in chips)
Seat 3: 566f3186 ($14.62 in chips)
Seat 4: Hero ($11.93 in chips)
Seat 5: 72a00826 ($20.06 in chips)
Seat 6: a192c024 ($12.22 in chips)
Hero: posts small blind $0.05
72a00826: posts big blind $0.1
*** HOLE CARDS ***
Dealt to ab260b46 
Dealt to b592b9b9 
Dealt to 566f3186 
Dealt to Hero [3h 4h]
Dealt to 72a00826 
Dealt to a192c024 
a192c024: folds
ab260b46: folds
b592b9b9: folds
566f3186: folds
Hero: raises $0.2 to $0.3
72a00826: calls $0.2
*** FLOP *** [Jd 4c Ks]
Hero: checks
72a00826: checks
*** TURN *** [Jd 4c Ks] [3c]
Hero: bets $0.4
72a00826: folds
Uncalled bet ($0.4) returned to Hero
*** SHOWDOWN ***
Hero collected $0.57 from pot
*** SUMMARY ***
Total pot $0.6 | Rake $0.03 | Jackpot $0 | Bingo $0 | Fortune $0 | Tax $0
Board [Jd 4c Ks 3c]
Seat 1: ab260b46 folded before Flop (didn't bet)
Seat 2: b592b9b9 folded before Flop (didn't bet)
Seat 3: 566f3186 (button) folded before Flop (didn't bet)
Seat 4: Hero (small blind) won ($0.57)
Seat 5: 72a00826 (big blind) folded on the Turn
Seat 6: a192c024 folded before Flop (didn't bet)


Poker Hand #HD1788690163: Hold'em No Limit ($0.05/$0.1) - 2024/05/26 18:12:03
Table 'NLHRed29' 6-max Seat #2 is the button
Seat 1: ab260b46 ($13.52 in chips)
Seat 2: b592b9b9 ($14.39 in chips)
Seat 3: 566f3186 ($14.16 in chips)
Seat 4: Hero ($12.03 in chips)
Seat 5: 72a00826 ($20.06 in chips)
Seat 6: a192c024 ($12.22 in chips)
566f3186: posts small blind $0.05
Hero: posts big blind $0.1
*** HOLE CARDS ***
Dealt to ab260b46 
Dealt to b592b9b9 
Dealt to 566f3186 
Dealt to Hero [Kd 3d]
Dealt to 72a00826 
Dealt to a192c024 
72a00826: folds
a192c024: folds
ab260b46: folds
b592b9b9: calls $0.1
566f3186: raises $0.3 to $0.4
Hero: folds
b592b9b9: calls $0.3
*** FLOP *** [2c 4h Jc]
566f3186: bets $0.68
b592b9b9: folds
Uncalled bet ($0.68) returned to 566f3186
*** SHOWDOWN ***
566f3186 collected $0.86 from pot
*** SUMMARY ***
Total pot $0.9 | Rake $0.04 | Jackpot $0 | Bingo $0 | Fortune $0 | Tax $0
Board [2c 4h Jc]
Seat 1: ab260b46 folded before Flop (didn't bet)
Seat 2: b592b9b9 (button) folded on the Flop
Seat 3: 566f3186 (small blind) won ($0.86)
Seat 4: Hero (big blind) folded before Flop
Seat 5: 72a00826 folded before Flop (didn't bet)
Seat 6: a192c024 folded before Flop (didn't bet)


Poker Hand #HD1788690125: Hold'em No Limit ($0.05/$0.1) - 2024/05/26 18:11:34
Table 'NLHRed29' 6-max Seat #1 is the button
Seat 1: ab260b46 ($13.52 in chips)
Seat 2: b592b9b9 ($14.44 in chips)
Seat 3: 566f3186 ($14.26 in chips)
Seat 4: Hero ($12.23 in chips)
Seat 5: 72a00826 ($20.06 in chips)
Seat 6: a192c024 ($11.89 in chips)
b592b9b9: posts small blind $0.05
566f3186: posts big blind $0.1
*** HOLE CARDS ***
Dealt to ab260b46 
Dealt to b592b9b9 
Dealt to 566f3186 
Dealt to Hero [Kc 9c]
Dealt to 72a00826 
Dealt to a192c024 
Hero: raises $0.1 to $0.2
72a00826: folds
a192c024: raises $0.6 to $0.8
ab260b46: folds
b592b9b9: folds
566f3186: folds
Hero: folds
Uncalled bet ($0.6) returned to a192c024
*** SHOWDOWN ***
a192c024 collected $0.53 from pot
*** SUMMARY ***
Total pot $0.55 | Rake $0.02 | Jackpot $0 | Bingo $0 | Fortune $0 | Tax $0
Seat 1: ab260b46 (button) folded before Flop (didn't bet)
Seat 2: b592b9b9 (small blind) folded before Flop
Seat 3: 566f3186 (big blind) folded before Flop
Seat 4: Hero folded before Flop
Seat 5: 72a00826 folded before Flop (didn't bet)
Seat 6: a192c024 collected ($0.53)


Poker Hand #HD1788690019: Hold'em No Limit ($0.05/$0.1) - 2024/05/26 18:10:09
Table 'NLHRed29' 6-max Seat #6 is the button
Seat 1: ab260b46 ($11.07 in chips)
Seat 2: b592b9b9 ($13.63 in chips)
Seat 3: 566f3186 ($12.6 in chips)
Seat 4: Hero ($10.57 in chips)
Seat 5: 72a00826 ($18.4 in chips)
Seat 6: a192c024 ($10.23 in chips)
ab260b46: posts small blind $0.05
b592b9b9: posts big blind $0.1
*** HOLE CARDS ***
Dealt to ab260b46 
Dealt to b592b9b9 
Dealt to 566f3186 
Dealt to Hero [Qh 5d]
Dealt to 72a00826 
Dealt to a192c024 
566f3186: folds
Hero: folds
72a00826: folds
a192c024: folds
ab260b46: calls $0.05
b592b9b9: checks
*** FLOP *** [Ts 9s 9c]
ab260b46: bets $0.1
b592b9b9: calls $0.1
*** TURN *** [Ts 9s 9c] [9h]
ab260b46: checks
b592b9b9: bets $0.14
ab260b46: calls $0.14
*** RIVER *** [Ts 9s 9c 9h] [Ah]
ab260b46: checks
b592b9b9: bets $0.51
ab260b46: raises $0.61 to $1.12
b592b9b9: folds
Uncalled bet ($0.61) returned to ab260b46
*** SHOWDOWN ***
ab260b46 collected $1.6 from pot
*** SUMMARY ***
Total pot $1.7 | Rake $0.1 | Jackpot $0 | Bingo $0 | Fortune $0 | Tax $0
Board [Ts 9s 9c 9h Ah]
Seat 1: ab260b46 (small blind) won ($1.6)
Seat 2: b592b9b9 (big blind) folded on the River
Seat 3: 566f3186 folded before Flop (didn't bet)
Seat 4: Hero folded before Flop (didn't bet)
Seat 5: 72a00826 folded before Flop (didn't bet)
Seat 6: a192c024 (button) folded before Flop (didn't bet)


Poker Hand #HD1788689986: Hold'em No Limit ($0.05/$0.1) - 2024/05/26 18:09:44
Table 'NLHRed29' 6-max Seat #5 is the button
Seat 1: ab260b46 ($11.17 in chips)
Seat 2: b592b9b9 ($13.49 in chips)
Seat 3: 566f3186 ($12.6 in chips)
Seat 4: Hero ($10.57 in chips)
Seat 5: 72a00826 ($18.4 in chips)
Seat 6: a192c024 ($10.28 in chips)
a192c024: posts small blind $0.05
ab260b46: posts big blind $0.1
*** HOLE CARDS ***
Dealt to ab260b46 
Dealt to b592b9b9 
Dealt to 566f3186 
Dealt to Hero [Kh 4s]
Dealt to 72a00826 
Dealt to a192c024 
b592b9b9: calls $0.1
566f3186: folds
Hero: folds
72a00826: folds
a192c024: folds
ab260b46: checks
*** FLOP *** [8s 4c 8d]
ab260b46: checks
b592b9b9: bets $0.13
ab260b46: folds
Uncalled bet ($0.13) returned to b592b9b9
*** SHOWDOWN ***
b592b9b9 collected $0.24 from pot
*** SUMMARY ***
Total pot $0.25 | Rake $0.01 | Jackpot $0 | Bingo $0 | Fortune $0 | Tax $0
Board [8s 4c 8d]
Seat 1: ab260b46 (big blind) folded on the Flop
Seat 2: b592b9b9 won ($0.24)
Seat 3: 566f3186 folded before Flop (didn't bet)
Seat 4: Hero folded before Flop (didn't bet)
Seat 5: 72a00826 (button) folded before Flop (didn't bet)
Seat 6: a192c024 (small blind) folded before Flop


Poker Hand #HD1788689878: Hold'em No Limit ($0.05/$0.1) - 2024/05/26 18:08:28
Table 'NLHRed29' 6-max Seat #4 is the button
Seat 1: ab260b46 ($11.37 in chips)
Seat 2: b592b9b9 ($13.49 in chips)
Seat 3: 566f3186 ($12.6 in chips)
Seat 4: Hero ($10.57 in chips)
Seat 5: 72a00826 ($18.12 in chips)
Seat 6: a192c024 ($10.38 in chips)
72a00826: posts small blind $0.05
a192c024: posts big blind $0.1
*** HOLE CARDS ***
Dealt to ab260b46 
Dealt to b592b9b9 
Dealt to 566f3186 
Dealt to Hero [7d 3h]
Dealt to 72a00826 
Dealt to a192c024 
ab260b46: calls $0.1
b592b9b9: folds
566f3186: folds
Hero: folds
72a00826: calls $0.05
a192c024: checks
*** FLOP *** [9s 3s Jd]
72a00826: checks
a192c024: checks
ab260b46: bets $0.1
72a00826: calls $0.1
a192c024: folds
*** TURN *** [9s 3s Jd] [9c]
72a00826: checks
ab260b46: checks
*** RIVER *** [9s 3s Jd 9c] [4c]
72a00826: bets $0.38
ab260b46: folds
Uncalled bet ($0.38) returned to 72a00826
*** SHOWDOWN ***
72a00826 collected $0.48 from pot
*** SUMMARY ***
Total pot $0.5 | Rake $0.02 | Jackpot $0 | Bingo $0 | Fortune $0 | Tax $0
Board [9s 3s Jd 9c 4c]
Seat 1: ab260b46 folded on the River
Seat 2: b592b9b9 folded before Flop (didn't bet)
Seat 3: 566f3186 folded before Flop (didn't bet)
Seat 4: Hero (button) folded before Flop (didn't bet)
Seat 5: 72a00826 (small blind) won ($0.48)
Seat 6: a192c024 (big blind) folded on the Flop


Poker Hand #HD1788689781: Hold'em No Limit ($0.05/$0.1) - 2024/05/26 18:07:14
Table 'NLHRed29' 6-max Seat #3 is the button
Seat 1: ab260b46 ($11.37 in chips)
Seat 2: b592b9b9 ($13.59 in chips)
Seat 3: 566f3186 ($12.6 in chips)
Seat 4: Hero ($11.27 in chips)
Seat 5: 72a00826 ($17.39 in chips)
Seat 6: a192c024 ($10.38 in chips)
Hero: posts small blind $0.05
72a00826: posts big blind $0.1
*** HOLE CARDS ***
Dealt to ab260b46 
Dealt to b592b9b9 
Dealt to 566f3186 
Dealt to Hero [7c 6c]
Dealt to 72a00826 
Dealt to a192c024 
a192c024: folds
ab260b46: folds
b592b9b9: calls $0.1
566f3186: folds
Hero: raises $0.2 to $0.3
72a00826: calls $0.2
b592b9b9: folds
*** FLOP *** [Qs Qc 4s]
Hero: checks
72a00826: checks
*** TURN *** [Qs Qc 4s] [2s]
Hero: bets $0.4
72a00826: calls $0.4
*** RIVER *** [Qs Qc 4s 2s] [Ts]
Hero: checks
72a00826: checks
Hero: shows [7c 6c] (Pair of Queens)
72a00826: shows [7s 7h] (Queen High Flush)
*** SHOWDOWN ***
72a00826 collected $1.43 from pot
*** SUMMARY ***
Total pot $1.5 | Rake $0.07 | Jackpot $0 | Bingo $0 | Fortune $0 | Tax $0
Board [Qs Qc 4s 2s Ts]
Seat 1: ab260b46 folded before Flop (didn't bet)
Seat 2: b592b9b9 folded before Flop
Seat 3: 566f3186 (button) folded before Flop (didn't bet)
Seat 4: Hero (small blind) showed [7c 6c] and lost with Pair of Queens
Seat 5: 72a00826 (big blind) showed [7s 7h] and won ($1.43) with Queen High Flush
Seat 6: a192c024 folded before Flop (didn't bet)


Poker Hand #HD1788689727: Hold'em No Limit ($0.05/$0.1) - 2024/05/26 18:06:33
Table 'NLHRed29' 6-max Seat #2 is the button
Seat 1: ab260b46 ($11.37 in chips)
Seat 2: b592b9b9 ($14.29 in chips)
Seat 3: 566f3186 ($11.87 in chips)
Seat 4: Hero ($11.37 in chips)
Seat 5: 72a00826 ($17.39 in chips)
Seat 6: a192c024 ($10.38 in chips)
566f3186: posts small blind $0.05
Hero: posts big blind $0.1
*** HOLE CARDS ***
Dealt to ab260b46 
Dealt to b592b9b9 
Dealt to 566f3186 
Dealt to Hero [3s 9s]
Dealt to 72a00826 
Dealt to a192c024 
72a00826: folds
a192c024: folds
ab260b46: folds
b592b9b9: calls $0.1
566f3186: raises $0.3 to $0.4
Hero: folds
b592b9b9: calls $0.3
*** FLOP *** [4s Jd Ts]
566f3186: bets $0.3
b592b9b9: calls $0.3
*** TURN *** [4s Jd Ts] [8s]
566f3186: bets $0.5
b592b9b9: folds
Uncalled bet ($0.5) returned to 566f3186
*** SHOWDOWN ***
566f3186 collected $1.43 from pot
*** SUMMARY ***
Total pot $1.5 | Rake $0.07 | Jackpot $0 | Bingo $0 | Fortune $0 | Tax $0
Board [4s Jd Ts 8s]
Seat 1: ab260b46 folded before Flop (didn't bet)
Seat 2: b592b9b9 (button) folded on the Turn
Seat 3: 566f3186 (small blind) won ($1.43)
Seat 4: Hero (big blind) folded before Flop
Seat 5: 72a00826 folded before Flop (didn't bet)
Seat 6: a192c024 folded before Flop (didn't bet)


Poker Hand #HD1788689683: Hold'em No Limit ($0.05/$0.1) - 2024/05/26 18:06:00
Table 'NLHRed29' 6-max Seat #1 is the button
Seat 1: ab260b46 ($11.37 in chips)
Seat 2: b592b9b9 ($13.92 in chips)
Seat 3: 566f3186 ($12.07 in chips)
Seat 4: Hero ($11.57 in chips)
Seat 5: 72a00826 ($17.39 in chips)
Seat 6: a192c024 ($10.38 in chips)
b592b9b9: posts small blind $0.05
566f3186: posts big blind $0.1
*** HOLE CARDS ***
Dealt to ab260b46 
Dealt to b592b9b9 
Dealt to 566f3186 
Dealt to Hero [Th Ts]
Dealt to 72a00826 
Dealt to a192c024 
Hero: raises $0.1 to $0.2
72a00826: folds
a192c024: folds
ab260b46: folds
b592b9b9: calls $0.15
566f3186: calls $0.1
*** FLOP *** [3c 2c Jc]
b592b9b9: bets $0.45
566f3186: folds
Hero: folds
Uncalled bet ($0.45) returned to b592b9b9
*** SHOWDOWN ***
b592b9b9 collected $0.57 from pot
*** SUMMARY ***
Total pot $0.6 | Rake $0.03 | Jackpot $0 | Bingo $0 | Fortune $0 | Tax $0
Board [3c 2c Jc]
Seat 1: ab260b46 (button) folded before Flop (didn't bet)
Seat 2: b592b9b9 (small blind) won ($0.57)
Seat 3: 566f3186 (big blind) folded on the Flop
Seat 4: Hero folded on the Flop
Seat 5: 72a00826 folded before Flop (didn't bet)
Seat 6: a192c024 folded before Flop (didn't bet)


Poker Hand #HD1788689618: Hold'em No Limit ($0.05/$0.1) - 2024/05/26 18:05:05
Table 'NLHRed29' 6-max Seat #6 is the button
Seat 1: ab260b46 ($9.92 in chips)
Seat 2: b592b9b9 ($15.67 in chips)
Seat 3: 566f3186 ($12.07 in chips)
Seat 4: Hero ($11.57 in chips)
Seat 5: 72a00826 ($17.39 in chips)
Seat 6: a192c024 ($10.38 in chips)
ab260b46: posts small blind $0.05
b592b9b9: posts big blind $0.1
*** HOLE CARDS ***
Dealt to ab260b46 
Dealt to b592b9b9 
Dealt to 566f3186 
Dealt to Hero [5h 8h]
Dealt to 72a00826 
Dealt to a192c024 
566f3186: folds
Hero: folds
72a00826: folds
a192c024: folds
ab260b46: calls $0.05
b592b9b9: checks
*** FLOP *** [Qc Ad 7h]
ab260b46: bets $0.2
b592b9b9: calls $0.2
*** TURN *** [Qc Ad 7h] [Qd]
ab260b46: bets $0.2
b592b9b9: calls $0.2
*** RIVER *** [Qc Ad 7h Qd] [5s]
ab260b46: bets $0.2
b592b9b9: raises $1.05 to $1.25
ab260b46: calls $1.05
b592b9b9: shows [6d Qh] (Three Queens)
ab260b46: shows [Tc Qs] (Three Queens)
*** SHOWDOWN ***
ab260b46 collected $3.2 from pot
*** SUMMARY ***
Total pot $3.5 | Rake $0.2 | Jackpot $0.1 | Bingo $0 | Fortune $0 | Tax $0
Board [Qc Ad 7h Qd 5s]
Seat 1: ab260b46 (small blind) showed [Tc Qs] and won ($3.2) with Three Queens
Seat 2: b592b9b9 (big blind) showed [6d Qh] and lost with Three Queens
Seat 3: 566f3186 folded before Flop (didn't bet)
Seat 4: Hero folded before Flop (didn't bet)
Seat 5: 72a00826 folded before Flop (didn't bet)
Seat 6: a192c024 (button) folded before Flop (didn't bet)


Poker Hand #HD1788689603: Hold'em No Limit ($0.05/$0.1) - 2024/05/26 18:04:54
Table 'NLHRed29' 6-max Seat #5 is the button
Seat 1: ab260b46 ($9.87 in chips)
Seat 2: b592b9b9 ($15.67 in chips)
Seat 3: 566f3186 ($12.07 in chips)
Seat 4: Hero ($11.57 in chips)
Seat 5: 72a00826 ($17.39 in chips)
Seat 6: a192c024 ($10.43 in chips)
a192c024: posts small blind $0.05
ab260b46: posts big blind $0.1
*** HOLE CARDS ***
Dealt to ab260b46 
Dealt to b592b9b9 
Dealt to 566f3186 
Dealt to Hero [4s 8s]
Dealt to 72a00826 
Dealt to a192c024 
b592b9b9: folds
566f3186: folds
Hero: folds
72a00826: folds
a192c024: folds
Uncalled bet ($0.05) returned to ab260b46
*** SHOWDOWN ***
ab260b46 collected $0.1 from pot
*** SUMMARY ***
Total pot $0.1 | Rake $0 | Jackpot $0 | Bingo $0 | Fortune $0 | Tax $0
Seat 1: ab260b46 (big blind) collected ($0.1)
Seat 2: b592b9b9 folded before Flop (didn't bet)
Seat 3: 566f3186 folded before Flop (didn't bet)
Seat 4: Hero folded before Flop (didn't bet)
Seat 5: 72a00826 (button) folded before Flop (didn't bet)
Seat 6: a192c024 (small blind) folded before Flop


Poker Hand #HD1788689578: Hold'em No Limit ($0.05/$0.1) - 2024/05/26 18:04:31
Table 'NLHRed29' 6-max Seat #4 is the button
Seat 1: ab260b46 ($9.87 in chips)
Seat 2: b592b9b9 ($15.67 in chips)
Seat 3: 566f3186 ($12.07 in chips)
Seat 4: Hero ($11.81 in chips)
Seat 5: 72a00826 ($17.44 in chips)
Seat 6: a192c024 ($10.16 in chips)
72a00826: posts small blind $0.05
a192c024: posts big blind $0.1
*** HOLE CARDS ***
Dealt to ab260b46 
Dealt to b592b9b9 
Dealt to 566f3186 
Dealt to Hero [7h 6h]
Dealt to 72a00826 
Dealt to a192c024 
ab260b46: folds
b592b9b9: folds
566f3186: folds
Hero: raises $0.14 to $0.24
72a00826: folds
a192c024: raises $0.76 to $1
Hero: folds
Uncalled bet ($0.76) returned to a192c024
*** SHOWDOWN ***
a192c024 collected $0.51 from pot
*** SUMMARY ***
Total pot $0.53 | Rake $0.02 | Jackpot $0 | Bingo $0 | Fortune $0 | Tax $0
Seat 1: ab260b46 folded before Flop (didn't bet)
Seat 2: b592b9b9 folded before Flop (didn't bet)
Seat 3: 566f3186 folded before Flop (didn't bet)
Seat 4: Hero (button) folded before Flop
Seat 5: 72a00826 (small blind) folded before Flop
Seat 6: a192c024 (big blind) collected ($0.51)


Poker Hand #HD1788689537: Hold'em No Limit ($0.05/$0.1) - 2024/05/26 18:04:02
Table 'NLHRed29' 6-max Seat #3 is the button
Seat 1: ab260b46 ($9.87 in chips)
Seat 2: b592b9b9 ($15.67 in chips)
Seat 3: 566f3186 ($12.32 in chips)
Seat 4: Hero ($11.86 in chips)
Seat 5: 72a00826 ($17.16 in chips)
Seat 6: a192c024 ($10.16 in chips)
Hero: posts small blind $0.05
72a00826: posts big blind $0.1
*** HOLE CARDS ***
Dealt to ab260b46 
Dealt to b592b9b9 
Dealt to 566f3186 
Dealt to Hero [2h 2d]
Dealt to 72a00826 
Dealt to a192c024 
a192c024: folds
ab260b46: folds
b592b9b9: folds
566f3186: raises $0.15 to $0.25
Hero: folds
72a00826: raises $0.75 to $1
566f3186: folds
Uncalled bet ($0.75) returned to 72a00826
*** SHOWDOWN ***
72a00826 collected $0.53 from pot
*** SUMMARY ***
Total pot $0.55 | Rake $0.02 | Jackpot $0 | Bingo $0 | Fortune $0 | Tax $0
Seat 1: ab260b46 folded before Flop (didn't bet)
Seat 2: b592b9b9 folded before Flop (didn't bet)
Seat 3: 566f3186 (button) folded before Flop
Seat 4: Hero (small blind) folded before Flop
Seat 5: 72a00826 (big blind) collected ($0.53)
Seat 6: a192c024 folded before Flop (didn't bet)


Poker Hand #HD1788689521: Hold'em No Limit ($0.05/$0.1) - 2024/05/26 18:03:45
Table 'NLHRed29' 6-max Seat #2 is the button
Seat 1: ab260b46 ($9.87 in chips)
Seat 2: b592b9b9 ($15.67 in chips)
Seat 3: 566f3186 ($12.22 in chips)
Seat 4: Hero ($11.96 in chips)
Seat 5: 72a00826 ($17.16 in chips)
Seat 6: a192c024 ($10.16 in chips)
566f3186: posts small blind $0.05
Hero: posts big blind $0.1
*** HOLE CARDS ***
Dealt to ab260b46 
Dealt to b592b9b9 
Dealt to 566f3186 
Dealt to Hero [4h 6d]
Dealt to 72a00826 
Dealt to a192c024 
72a00826: folds
a192c024: folds
ab260b46: folds
b592b9b9: folds
566f3186: raises $0.15 to $0.25
Hero: folds
Uncalled bet ($0.15) returned to 566f3186
*** SHOWDOWN ***
566f3186 collected $0.2 from pot
*** SUMMARY ***
Total pot $0.2 | Rake $0 | Jackpot $0 | Bingo $0 | Fortune $0 | Tax $0
Seat 1: ab260b46 folded before Flop (didn't bet)
Seat 2: b592b9b9 (button) folded before Flop (didn't bet)
Seat 3: 566f3186 (small blind) collected ($0.2)
Seat 4: Hero (big blind) folded before Flop
Seat 5: 72a00826 folded before Flop (didn't bet)
Seat 6: a192c024 folded before Flop (didn't bet)


Poker Hand #HD1788689497: Hold'em No Limit ($0.05/$0.1) - 2024/05/26 18:03:31
Table 'NLHRed29' 6-max Seat #1 is the button
Seat 1: ab260b46 ($9.87 in chips)
Seat 2: b592b9b9 ($15.72 in chips)
Seat 3: 566f3186 ($12.32 in chips)
Seat 4: Hero ($11.96 in chips)
Seat 5: 72a00826 ($17.16 in chips)
Seat 6: a192c024 ($10.01 in chips)
b592b9b9: posts small blind $0.05
566f3186: posts big blind $0.1
*** HOLE CARDS ***
Dealt to ab260b46 
Dealt to b592b9b9 
Dealt to 566f3186 
Dealt to Hero [4c 5h]
Dealt to 72a00826 
Dealt to a192c024 
Hero: folds
72a00826: folds
a192c024: raises $0.2 to $0.3
ab260b46: folds
b592b9b9: folds
566f3186: folds
Uncalled bet ($0.2) returned to a192c024
*** SHOWDOWN ***
a192c024 collected $0.25 from pot
*** SUMMARY ***
Total pot $0.25 | Rake $0 | Jackpot $0 | Bingo $0 | Fortune $0 | Tax $0
Seat 1: ab260b46 (button) folded before Flop (didn't bet)
Seat 2: b592b9b9 (small blind) folded before Flop
Seat 3: 566f3186 (big blind) folded before Flop
Seat 4: Hero folded before Flop (didn't bet)
Seat 5: 72a00826 folded before Flop (didn't bet)
Seat 6: a192c024 collected ($0.25)


Poker Hand #HD1788689447: Hold'em No Limit ($0.05/$0.1) - 2024/05/26 18:02:52
Table 'NLHRed29' 6-max Seat #6 is the button
Seat 1: ab260b46 ($10.42 in chips)
Seat 2: b592b9b9 ($15.82 in chips)
Seat 3: 566f3186 ($12.32 in chips)
Seat 4: Hero ($11.96 in chips)
Seat 5: 72a00826 ($16.57 in chips)
Seat 6: a192c024 ($10.01 in chips)
ab260b46: posts small blind $0.05
b592b9b9: posts big blind $0.1
*** HOLE CARDS ***
Dealt to ab260b46 
Dealt to b592b9b9 
Dealt to 566f3186 
Dealt to Hero [Tc Js]
Dealt to 72a00826 
Dealt to a192c024 
566f3186: folds
Hero: folds
72a00826: raises $0.15 to $0.25
a192c024: folds
ab260b46: calls $0.2
b592b9b9: folds
*** FLOP *** [4c Ks 8d]
ab260b46: bets $0.3
72a00826: raises $0.9 to $1.2
ab260b46: folds
Uncalled bet ($0.9) returned to 72a00826
*** SHOWDOWN ***
72a00826 collected $1.14 from pot
*** SUMMARY ***
Total pot $1.2 | Rake $0.06 | Jackpot $0 | Bingo $0 | Fortune $0 | Tax $0
Board [4c Ks 8d]
Seat 1: ab260b46 (small blind) folded on the Flop
Seat 2: b592b9b9 (big blind) folded before Flop
Seat 3: 566f3186 folded before Flop (didn't bet)
Seat 4: Hero folded before Flop (didn't bet)
Seat 5: 72a00826 won ($1.14)
Seat 6: a192c024 (button) folded before Flop (didn't bet)


Poker Hand #HD1788689406: Hold'em No Limit ($0.05/$0.1) - 2024/05/26 18:02:21
Table 'NLHRed29' 6-max Seat #5 is the button
Seat 1: ab260b46 ($10.19 in chips)
Seat 2: b592b9b9 ($15.82 in chips)
Seat 3: 566f3186 ($12.52 in chips)
Seat 4: Hero ($11.96 in chips)
Seat 5: 72a00826 ($16.57 in chips)
Seat 6: a192c024 ($10.06 in chips)
a192c024: posts small blind $0.05
ab260b46: posts big blind $0.1
*** HOLE CARDS ***
Dealt to ab260b46 
Dealt to b592b9b9 
Dealt to 566f3186 
Dealt to Hero [3c 7c]
Dealt to 72a00826 
Dealt to a192c024 
b592b9b9: folds
566f3186: raises $0.1 to $0.2
Hero: folds
72a00826: folds
a192c024: folds
ab260b46: calls $0.1
*** FLOP *** [8c 3s 7s]
ab260b46: bets $0.2
566f3186: folds
Uncalled bet ($0.2) returned to ab260b46
*** SHOWDOWN ***
ab260b46 collected $0.43 from pot
*** SUMMARY ***
Total pot $0.45 | Rake $0.02 | Jackpot $0 | Bingo $0 | Fortune $0 | Tax $0
Board [8c 3s 7s]
Seat 1: ab260b46 (big blind) won ($0.43)
Seat 2: b592b9b9 folded before Flop (didn't bet)
Seat 3: 566f3186 folded on the Flop
Seat 4: Hero folded before Flop (didn't bet)
Seat 5: 72a00826 (button) folded before Flop (didn't bet)
Seat 6: a192c024 (small blind) folded before Flop


Poker Hand #HD1788689385: Hold'em No Limit ($0.05/$0.1) - 2024/05/26 18:02:04
Table 'NLHRed29' 6-max Seat #4 is the button
Seat 1: ab260b46 ($10.05 in chips)
Seat 2: b592b9b9 ($15.82 in chips)
Seat 3: 566f3186 ($12.52 in chips)
Seat 4: Hero ($11.96 in chips)
Seat 5: 72a00826 ($16.62 in chips)
Seat 6: a192c024 ($10.16 in chips)
72a00826: posts small blind $0.05
a192c024: posts big blind $0.1
*** HOLE CARDS ***
Dealt to ab260b46 
Dealt to b592b9b9 
Dealt to 566f3186 
Dealt to Hero [2d Ks]
Dealt to 72a00826 
Dealt to a192c024 
ab260b46: calls $0.1
b592b9b9: folds
566f3186: folds
Hero: folds
72a00826: folds
a192c024: checks
*** FLOP *** [6s 2h Td]
a192c024: checks
ab260b46: bets $0.1
a192c024: folds
Uncalled bet ($0.1) returned to ab260b46
*** SHOWDOWN ***
ab260b46 collected $0.24 from pot
*** SUMMARY ***
Total pot $0.25 | Rake $0.01 | Jackpot $0 | Bingo $0 | Fortune $0 | Tax $0
Board [6s 2h Td]
Seat 1: ab260b46 won ($0.24)
Seat 2: b592b9b9 folded before Flop (didn't bet)
Seat 3: 566f3186 folded before Flop (didn't bet)
Seat 4: Hero (button) folded before Flop (didn't bet)
Seat 5: 72a00826 (small blind) folded before Flop
Seat 6: a192c024 (big blind) folded on the Flop


Poker Hand #HD1788689287: Hold'em No Limit ($0.05/$0.1) - 2024/05/26 18:00:47
Table 'NLHRed29' 6-max Seat #3 is the button
Seat 1: ab260b46 ($10.05 in chips)
Seat 2: b592b9b9 ($18.52 in chips)
Seat 3: 566f3186 ($10.04 in chips)
Seat 4: Hero ($12.01 in chips)
Seat 5: 72a00826 ($16.72 in chips)
Seat 6: a192c024 ($10.16 in chips)
Hero: posts small blind $0.05
72a00826: posts big blind $0.1
*** HOLE CARDS ***
Dealt to ab260b46 
Dealt to b592b9b9 
Dealt to 566f3186 
Dealt to Hero [6s Ah]
Dealt to 72a00826 
Dealt to a192c024 
a192c024: folds
ab260b46: folds
b592b9b9: calls $0.1
566f3186: raises $0.3 to $0.4
Hero: folds
72a00826: folds
b592b9b9: calls $0.3
*** FLOP *** [Qh 6d 2d]
b592b9b9: checks
566f3186: bets $0.6
b592b9b9: calls $0.6
*** TURN *** [Qh 6d 2d] [8h]
b592b9b9: checks
566f3186: bets $1.7
b592b9b9: calls $1.7
*** RIVER *** [Qh 6d 2d 8h] [5c]
b592b9b9: checks
566f3186: checks
b592b9b9: shows [Kd 4d] (King-High)
566f3186: shows [Qs Th] (Pair of Queens)
*** SHOWDOWN ***
566f3186 collected $5.18 from pot
*** SUMMARY ***
Total pot $5.55 | Rake $0.27 | Jackpot $0.1 | Bingo $0 | Fortune $0 | Tax $0
Board [Qh 6d 2d 8h 5c]
Seat 1: ab260b46 folded before Flop (didn't bet)
Seat 2: b592b9b9 showed [Kd 4d] and lost with King-High
Seat 3: 566f3186 (button) showed [Qs Th] and won ($5.18) with Pair of Queens
Seat 4: Hero (small blind) folded before Flop
Seat 5: 72a00826 (big blind) folded before Flop
Seat 6: a192c024 folded before Flop (didn't bet)


Poker Hand #HD1788689266: Hold'em No Limit ($0.05/$0.1) - 2024/05/26 18:00:32
Table 'NLHRed29' 6-max Seat #2 is the button
Seat 1: ab260b46 ($9.9 in chips)
Seat 2: b592b9b9 ($18.52 in chips)
Seat 3: 566f3186 ($10.09 in chips)
Seat 4: Hero ($12.11 in chips)
Seat 5: 72a00826 ($16.72 in chips)
Seat 6: a192c024 ($10.16 in chips)
566f3186: posts small blind $0.05
Hero: posts big blind $0.1
*** HOLE CARDS ***
Dealt to ab260b46 
Dealt to b592b9b9 
Dealt to 566f3186 
Dealt to Hero [5h 6c]
Dealt to 72a00826 
Dealt to a192c024 
72a00826: folds
a192c024: folds
ab260b46: raises $0.1 to $0.2
b592b9b9: folds
566f3186: folds
Hero: folds
Uncalled bet ($0.1) returned to ab260b46
*** SHOWDOWN ***
ab260b46 collected $0.25 from pot
*** SUMMARY ***
Total pot $0.25 | Rake $0 | Jackpot $0 | Bingo $0 | Fortune $0 | Tax $0
Seat 1: ab260b46 collected ($0.25)
Seat 2: b592b9b9 (button) folded before Flop (didn't bet)
Seat 3: 566f3186 (small blind) folded before Flop
Seat 4: Hero (big blind) folded before Flop
Seat 5: 72a00826 folded before Flop (didn't bet)
Seat 6: a192c024 folded before Flop (didn't bet)


Poker Hand #HD1788689241: Hold'em No Limit ($0.05/$0.1) - 2024/05/26 18:00:09
Table 'NLHRed29' 6-max Seat #1 is the button
Seat 1: ab260b46 ($9.9 in chips)
Seat 2: b592b9b9 ($18.57 in chips)
Seat 3: 566f3186 ($10.19 in chips)
Seat 4: Hero ($12.11 in chips)
Seat 5: 72a00826 ($16.72 in chips)
Seat 6: a192c024 ($10.01 in chips)
b592b9b9: posts small blind $0.05
566f3186: posts big blind $0.1
*** HOLE CARDS ***
Dealt to ab260b46 
Dealt to b592b9b9 
Dealt to 566f3186 
Dealt to Hero [3c Tc]
Dealt to 72a00826 
Dealt to a192c024 
Hero: folds
72a00826: folds
a192c024: raises $0.2 to $0.3
ab260b46: folds
b592b9b9: folds
566f3186: folds
Uncalled bet ($0.2) returned to a192c024
*** SHOWDOWN ***
a192c024 collected $0.25 from pot
*** SUMMARY ***
Total pot $0.25 | Rake $0 | Jackpot $0 | Bingo $0 | Fortune $0 | Tax $0
Seat 1: ab260b46 (button) folded before Flop (didn't bet)
Seat 2: b592b9b9 (small blind) folded before Flop
Seat 3: 566f3186 (big blind) folded before Flop
Seat 4: Hero folded before Flop (didn't bet)
Seat 5: 72a00826 folded before Flop (didn't bet)
Seat 6: a192c024 collected ($0.25)


Poker Hand #HD1788689160: Hold'em No Limit ($0.05/$0.1) - 2024/05/26 17:59:13
Table 'NLHRed29' 6-max Seat #6 is the button
Seat 1: ab260b46 ($10.6 in chips)
Seat 2: b592b9b9 ($17.86 in chips)
Seat 3: 566f3186 ($10.19 in chips)
Seat 4: Hero ($12.11 in chips)
Seat 5: 72a00826 ($16.82 in chips)
Seat 6: a192c024 ($10.01 in chips)
ab260b46: posts small blind $0.05
b592b9b9: posts big blind $0.1
*** HOLE CARDS ***
Dealt to ab260b46 
Dealt to b592b9b9 
Dealt to 566f3186 
Dealt to Hero [7d 9c]
Dealt to 72a00826 
Dealt to a192c024 
566f3186: folds
Hero: folds
72a00826: calls $0.1
a192c024: folds
ab260b46: calls $0.05
b592b9b9: checks
*** FLOP *** [7c 2c 8d]
ab260b46: bets $0.2
b592b9b9: calls $0.2
72a00826: folds
*** TURN *** [7c 2c 8d] [Jd]
ab260b46: bets $0.2
b592b9b9: calls $0.2
*** RIVER *** [7c 2c 8d Jd] [9d]
ab260b46: bets $0.2
b592b9b9: raises $0.5 to $0.7
ab260b46: folds
Uncalled bet ($0.5) returned to b592b9b9
*** SHOWDOWN ***
b592b9b9 collected $1.41 from pot
*** SUMMARY ***
Total pot $1.5 | Rake $0.09 | Jackpot $0 | Bingo $0 | Fortune $0 | Tax $0
Board [7c 2c 8d Jd 9d]
Seat 1: ab260b46 (small blind) folded on the River
Seat 2: b592b9b9 (big blind) won ($1.41)
Seat 3: 566f3186 folded before Flop (didn't bet)
Seat 4: Hero folded before Flop (didn't bet)
Seat 5: 72a00826 folded on the Flop
Seat 6: a192c024 (button) folded before Flop (didn't bet)


Poker Hand #HD1788689120: Hold'em No Limit ($0.05/$0.1) - 2024/05/26 17:58:46
Table 'NLHRed29' 6-max Seat #5 is the button
Seat 1: ab260b46 ($10.7 in chips)
Seat 2: b592b9b9 ($17.86 in chips)
Seat 3: 566f3186 ($10.19 in chips)
Seat 4: Hero ($12.11 in chips)
Seat 5: 72a00826 ($16.67 in chips)
Seat 6: a192c024 ($10.06 in chips)
a192c024: posts small blind $0.05
ab260b46: posts big blind $0.1
*** HOLE CARDS ***
Dealt to ab260b46 
Dealt to b592b9b9 
Dealt to 566f3186 
Dealt to Hero [5d 2d]
Dealt to 72a00826 
Dealt to a192c024 
b592b9b9: folds
566f3186: folds
Hero: folds
72a00826: raises $0.15 to $0.25
a192c024: folds
ab260b46: folds
Uncalled bet ($0.15) returned to 72a00826
*** SHOWDOWN ***
72a00826 collected $0.25 from pot
*** SUMMARY ***
Total pot $0.25 | Rake $0 | Jackpot $0 | Bingo $0 | Fortune $0 | Tax $0
Seat 1: ab260b46 (big blind) folded before Flop
Seat 2: b592b9b9 folded before Flop (didn't bet)
Seat 3: 566f3186 folded before Flop (didn't bet)
Seat 4: Hero folded before Flop (didn't bet)
Seat 5: 72a00826 (button) collected ($0.25)
Seat 6: a192c024 (small blind) folded before Flop


Poker Hand #HD1788689075: Hold'em No Limit ($0.05/$0.1) - 2024/05/26 17:58:17
Table 'NLHRed29' 6-max Seat #4 is the button
Seat 1: ab260b46 ($10.7 in chips)
Seat 2: b592b9b9 ($17.86 in chips)
Seat 3: 566f3186 ($10.19 in chips)
Seat 4: Hero ($11.84 in chips)
Seat 5: 72a00826 ($16.72 in chips)
Seat 6: a192c024 ($10.3 in chips)
72a00826: posts small blind $0.05
a192c024: posts big blind $0.1
*** HOLE CARDS ***
Dealt to ab260b46 
Dealt to b592b9b9 
Dealt to 566f3186 
Dealt to Hero [Jh 9d]
Dealt to 72a00826 
Dealt to a192c024 
ab260b46: folds
b592b9b9: folds
566f3186: folds
Hero: raises $0.14 to $0.24
72a00826: folds
a192c024: calls $0.14
*** FLOP *** [8d 4c Tc]
a192c024: checks
Hero: bets $0.3
a192c024: folds
Uncalled bet ($0.3) returned to Hero
*** SHOWDOWN ***
Hero collected $0.51 from pot
*** SUMMARY ***
Total pot $0.53 | Rake $0.02 | Jackpot $0 | Bingo $0 | Fortune $0 | Tax $0
Board [8d 4c Tc]
Seat 1: ab260b46 folded before Flop (didn't bet)
Seat 2: b592b9b9 folded before Flop (didn't bet)
Seat 3: 566f3186 folded before Flop (didn't bet)
Seat 4: Hero (button) won ($0.51)
Seat 5: 72a00826 (small blind) folded before Flop
Seat 6: a192c024 (big blind) folded on the Flop


Poker Hand #HD1788688963: Hold'em No Limit ($0.05/$0.1) - 2024/05/26 17:57:00
Table 'NLHRed29' 6-max Seat #3 is the button
Seat 1: ab260b46 ($9.9 in chips)
Seat 2: b592b9b9 ($18.5 in chips)
Seat 3: 566f3186 ($10.19 in chips)
Seat 4: Hero ($11.89 in chips)
Seat 5: 72a00826 ($16.92 in chips)
Seat 6: a192c024 ($10.3 in chips)
Hero: posts small blind $0.05
72a00826: posts big blind $0.1
*** HOLE CARDS ***
Dealt to ab260b46 
Dealt to b592b9b9 
Dealt to 566f3186 
Dealt to Hero [4c 2c]
Dealt to 72a00826 
Dealt to a192c024 
a192c024: folds
ab260b46: calls $0.1
b592b9b9: raises $0.1 to $0.2
566f3186: folds
Hero: folds
72a00826: calls $0.1
ab260b46: calls $0.1
*** FLOP *** [9c 8s Qh]
72a00826: checks
ab260b46: checks
b592b9b9: bets $0.22
72a00826: folds
ab260b46: raises $0.22 to $0.44
b592b9b9: calls $0.22
*** TURN *** [9c 8s Qh] [7s]
ab260b46: bets $0.3
b592b9b9: folds
Uncalled bet ($0.3) returned to ab260b46
*** SHOWDOWN ***
ab260b46 collected $1.44 from pot
*** SUMMARY ***
Total pot $1.53 | Rake $0.09 | Jackpot $0 | Bingo $0 | Fortune $0 | Tax $0
Board [9c 8s Qh 7s]
Seat 1: ab260b46 won ($1.44)
Seat 2: b592b9b9 folded on the Turn
Seat 3: 566f3186 (button) folded before Flop (didn't bet)
Seat 4: Hero (small blind) folded before Flop
Seat 5: 72a00826 (big blind) folded on the Flop
Seat 6: a192c024 folded before Flop (didn't bet)


Poker Hand #HD1788688922: Hold'em No Limit ($0.05/$0.1) - 2024/05/26 17:56:29
Table 'NLHRed29' 6-max Seat #2 is the button
Seat 1: ab260b46 ($10 in chips)
Seat 2: b592b9b9 ($18.5 in chips)
Seat 3: 566f3186 ($10 in chips)
Seat 4: Hero ($11.99 in chips)
Seat 5: 72a00826 ($16.92 in chips)
Seat 6: a192c024 ($10.3 in chips)
566f3186: posts small blind $0.05
Hero: posts big blind $0.1
ab260b46: posts big blind $0.1
*** HOLE CARDS ***
Dealt to ab260b46 
Dealt to b592b9b9 
Dealt to 566f3186 
Dealt to Hero [Tc Qh]
Dealt to 72a00826 
Dealt to a192c024 
72a00826: folds
a192c024: folds
ab260b46: checks
b592b9b9: folds
566f3186: raises $0.3 to $0.4
Hero: folds
ab260b46: folds
Uncalled bet ($0.3) returned to 566f3186
*** SHOWDOWN ***
566f3186 collected $0.29 from pot
*** SUMMARY ***
Total pot $0.3 | Rake $0.01 | Jackpot $0 | Bingo $0 | Fortune $0 | Tax $0
Seat 1: ab260b46 folded before Flop
Seat 2: b592b9b9 (button) folded before Flop (didn't bet)
Seat 3: 566f3186 (small blind) collected ($0.29)
Seat 4: Hero (big blind) folded before Flop
Seat 5: 72a00826 folded before Flop (didn't bet)
Seat 6: a192c024 folded before Flop (didn't bet)


Poker Hand #HD1788688829: Hold'em No Limit ($0.05/$0.1) - 2024/05/26 17:55:16
Table 'NLHRed29' 6-max Seat #6 is the button
Seat 2: b592b9b9 ($16.74 in chips)
Seat 3: 566f3186 ($10.78 in chips)
Seat 4: Hero ($11.99 in chips)
Seat 5: 72a00826 ($16.92 in chips)
Seat 6: a192c024 ($10.3 in chips)
b592b9b9: posts small blind $0.05
566f3186: posts big blind $0.1
*** HOLE CARDS ***
Dealt to b592b9b9 
Dealt to 566f3186 
Dealt to Hero [Kd 5c]
Dealt to 72a00826 
Dealt to a192c024 
Hero: folds
72a00826: folds
a192c024: folds
b592b9b9: calls $0.05
566f3186: raises $0.3 to $0.4
b592b9b9: calls $0.3
*** FLOP *** [Jd 6c 7d]
b592b9b9: checks
566f3186: bets $0.6
b592b9b9: calls $0.6
*** TURN *** [Jd 6c 7d] [4h]
b592b9b9: checks
566f3186: bets $1.1
b592b9b9: calls $1.1
*** RIVER *** [Jd 6c 7d 4h] [2h]
b592b9b9: checks
566f3186: checks
b592b9b9: shows [6d Ad] (Pair of Sixes)
566f3186: shows [6h Td] (Pair of Sixes)
*** SHOWDOWN ***
b592b9b9 collected $3.86 from pot
*** SUMMARY ***
Total pot $4.2 | Rake $0.24 | Jackpot $0.1 | Bingo $0 | Fortune $0 | Tax $0
Board [Jd 6c 7d 4h 2h]
Seat 2: b592b9b9 (small blind) showed [6d Ad] and won ($3.86) with Pair of Sixes
Seat 3: 566f3186 (big blind) showed [6h Td] and lost with Pair of Sixes
Seat 4: Hero folded before Flop (didn't bet)
Seat 5: 72a00826 folded before Flop (didn't bet)
Seat 6: a192c024 (button) folded before Flop (didn't bet)


Poker Hand #HD1788688813: Hold'em No Limit ($0.05/$0.1) - 2024/05/26 17:55:02
Table 'NLHRed29' 6-max Seat #5 is the button
Seat 2: b592b9b9 ($16.69 in chips)
Seat 3: 566f3186 ($10.78 in chips)
Seat 4: Hero ($11.99 in chips)
Seat 5: 72a00826 ($16.92 in chips)
Seat 6: a192c024 ($10.35 in chips)
a192c024: posts small blind $0.05
b592b9b9: posts big blind $0.1
*** HOLE CARDS ***
Dealt to b592b9b9 
Dealt to 566f3186 
Dealt to Hero [6s Qs]
Dealt to 72a00826 
Dealt to a192c024 
566f3186: folds
Hero: folds
72a00826: folds
a192c024: folds
Uncalled bet ($0.05) returned to b592b9b9
*** SHOWDOWN ***
b592b9b9 collected $0.1 from pot
*** SUMMARY ***
Total pot $0.1 | Rake $0 | Jackpot $0 | Bingo $0 | Fortune $0 | Tax $0
Seat 2: b592b9b9 (big blind) collected ($0.1)
Seat 3: 566f3186 folded before Flop (didn't bet)
Seat 4: Hero folded before Flop (didn't bet)
Seat 5: 72a00826 (button) folded before Flop (didn't bet)
Seat 6: a192c024 (small blind) folded before Flop


Poker Hand #HD1788688787: Hold'em No Limit ($0.05/$0.1) - 2024/05/26 17:54:43
Table 'NLHRed29' 6-max Seat #4 is the button
Seat 1: 216e4906 ($10.17 in chips)
Seat 2: b592b9b9 ($16.69 in chips)
Seat 3: 566f3186 ($10.78 in chips)
Seat 4: Hero ($11.84 in chips)
Seat 5: 72a00826 ($16.97 in chips)
Seat 6: a192c024 ($10.45 in chips)
72a00826: posts small blind $0.05
a192c024: posts big blind $0.1
*** HOLE CARDS ***
Dealt to 216e4906 
Dealt to b592b9b9 
Dealt to 566f3186 
Dealt to Hero [6h Ah]
Dealt to 72a00826 
Dealt to a192c024 
216e4906: folds
b592b9b9: folds
566f3186: folds
Hero: raises $0.14 to $0.24
72a00826: folds
a192c024: folds
Uncalled bet ($0.14) returned to Hero
*** SHOWDOWN ***
Hero collected $0.25 from pot
*** SUMMARY ***
Total pot $0.25 | Rake $0 | Jackpot $0 | Bingo $0 | Fortune $0 | Tax $0
Seat 1: 216e4906 folded before Flop (didn't bet)
Seat 2: b592b9b9 folded before Flop (didn't bet)
Seat 3: 566f3186 folded before Flop (didn't bet)
Seat 4: Hero (button) collected ($0.25)
Seat 5: 72a00826 (small blind) folded before Flop
Seat 6: a192c024 (big blind) folded before Flop


Poker Hand #HD1788688772: Hold'em No Limit ($0.05/$0.1) - 2024/05/26 17:54:27
Table 'NLHRed29' 6-max Seat #3 is the button
Seat 1: 216e4906 ($10.02 in chips)
Seat 2: b592b9b9 ($16.69 in chips)
Seat 3: 566f3186 ($10.78 in chips)
Seat 4: Hero ($11.89 in chips)
Seat 5: 72a00826 ($17.07 in chips)
Seat 6: a192c024 ($10.45 in chips)
Hero: posts small blind $0.05
72a00826: posts big blind $0.1
*** HOLE CARDS ***
Dealt to 216e4906 
Dealt to b592b9b9 
Dealt to 566f3186 
Dealt to Hero [Qs 7c]
Dealt to 72a00826 
Dealt to a192c024 
a192c024: folds
216e4906: raises $0.2 to $0.3
b592b9b9: folds
566f3186: folds
Hero: folds
72a00826: folds
Uncalled bet ($0.2) returned to 216e4906
*** SHOWDOWN ***
216e4906 collected $0.25 from pot
*** SUMMARY ***
Total pot $0.25 | Rake $0 | Jackpot $0 | Bingo $0 | Fortune $0 | Tax $0
Seat 1: 216e4906 collected ($0.25)
Seat 2: b592b9b9 folded before Flop (didn't bet)
Seat 3: 566f3186 (button) folded before Flop (didn't bet)
Seat 4: Hero (small blind) folded before Flop
Seat 5: 72a00826 (big blind) folded before Flop
Seat 6: a192c024 folded before Flop (didn't bet)


Poker Hand #HD1788688723: Hold'em No Limit ($0.05/$0.1) - 2024/05/26 17:53:50
Table 'NLHRed29' 6-max Seat #2 is the button
Seat 1: 216e4906 ($10.02 in chips)
Seat 2: b592b9b9 ($16.79 in chips)
Seat 3: 566f3186 ($10.59 in chips)
Seat 4: Hero ($11.99 in chips)
Seat 5: 72a00826 ($17.07 in chips)
Seat 6: a192c024 ($10.45 in chips)
566f3186: posts small blind $0.05
Hero: posts big blind $0.1
*** HOLE CARDS ***
Dealt to 216e4906 
Dealt to b592b9b9 
Dealt to 566f3186 
Dealt to Hero [3h 7h]
Dealt to 72a00826 
Dealt to a192c024 
72a00826: folds
a192c024: folds
216e4906: folds
b592b9b9: calls $0.1
566f3186: calls $0.05
Hero: checks
*** FLOP *** [Td 8s 7c]
566f3186: checks
Hero: checks
b592b9b9: checks
*** TURN *** [Td 8s 7c] [Kc]
566f3186: bets $0.25
Hero: folds
b592b9b9: folds
Uncalled bet ($0.25) returned to 566f3186
*** SHOWDOWN ***
566f3186 collected $0.29 from pot
*** SUMMARY ***
Total pot $0.3 | Rake $0.01 | Jackpot $0 | Bingo $0 | Fortune $0 | Tax $0
Board [Td 8s 7c Kc]
Seat 1: 216e4906 folded before Flop (didn't bet)
Seat 2: b592b9b9 (button) folded on the Turn
Seat 3: 566f3186 (small blind) won ($0.29)
Seat 4: Hero (big blind) folded on the Turn
Seat 5: 72a00826 folded before Flop (didn't bet)
Seat 6: a192c024 folded before Flop (didn't bet)


Poker Hand #HD1788688644: Hold'em No Limit ($0.05/$0.1) - 2024/05/26 17:52:58
Table 'NLHRed29' 6-max Seat #1 is the button
Seat 1: 216e4906 ($10.02 in chips)
Seat 2: b592b9b9 ($17.19 in chips)
Seat 3: 566f3186 ($10.23 in chips)
Seat 4: Hero ($11.99 in chips)
Seat 5: 72a00826 ($17.07 in chips)
Seat 6: a192c024 ($10.45 in chips)
b592b9b9: posts small blind $0.05
566f3186: posts big blind $0.1
*** HOLE CARDS ***
Dealt to 216e4906 
Dealt to b592b9b9 
Dealt to 566f3186 
Dealt to Hero [Jd 7h]
Dealt to 72a00826 
Dealt to a192c024 
Hero: folds
72a00826: folds
a192c024: folds
216e4906: folds
b592b9b9: calls $0.05
566f3186: raises $0.3 to $0.4
b592b9b9: calls $0.3
*** FLOP *** [2d Qc 5s]
b592b9b9: checks
566f3186: bets $0.6
b592b9b9: folds
Uncalled bet ($0.6) returned to 566f3186
*** SHOWDOWN ***
566f3186 collected $0.76 from pot
*** SUMMARY ***
Total pot $0.8 | Rake $0.04 | Jackpot $0 | Bingo $0 | Fortune $0 | Tax $0
Board [2d Qc 5s]
Seat 1: 216e4906 (button) folded before Flop (didn't bet)
Seat 2: b592b9b9 (small blind) folded on the Flop
Seat 3: 566f3186 (big blind) won ($0.76)
Seat 4: Hero folded before Flop (didn't bet)
Seat 5: 72a00826 folded before Flop (didn't bet)
Seat 6: a192c024 folded before Flop (didn't bet)


Poker Hand #HD1788688589: Hold'em No Limit ($0.05/$0.1) - 2024/05/26 17:52:15
Table 'NLHRed29' 6-max Seat #6 is the button
Seat 1: 216e4906 ($10.07 in chips)
Seat 2: b592b9b9 ($17.39 in chips)
Seat 3: 566f3186 ($10 in chips)
Seat 4: Hero ($11.99 in chips)
Seat 5: 72a00826 ($17.07 in chips)
Seat 6: a192c024 ($10.45 in chips)
216e4906: posts small blind $0.05
b592b9b9: posts big blind $0.1
*** HOLE CARDS ***
Dealt to 216e4906 
Dealt to b592b9b9 
Dealt to 566f3186 
Dealt to Hero [2c 3c]
Dealt to 72a00826 
Dealt to a192c024 
566f3186: raises $0.1 to $0.2
Hero: folds
72a00826: folds
a192c024: folds
216e4906: folds
b592b9b9: calls $0.1
*** FLOP *** [9s Qh 2h]
b592b9b9: checks
566f3186: bets $0.23
b592b9b9: folds
Uncalled bet ($0.23) returned to 566f3186
*** SHOWDOWN ***
566f3186 collected $0.43 from pot
*** SUMMARY ***
Total pot $0.45 | Rake $0.02 | Jackpot $0 | Bingo $0 | Fortune $0 | Tax $0
Board [9s Qh 2h]
Seat 1: 216e4906 (small blind) folded before Flop
Seat 2: b592b9b9 (big blind) folded on the Flop
Seat 3: 566f3186 won ($0.43)
Seat 4: Hero folded before Flop (didn't bet)
Seat 5: 72a00826 folded before Flop (didn't bet)
Seat 6: a192c024 (button) folded before Flop (didn't bet)


Poker Hand #HD1788688570: Hold'em No Limit ($0.05/$0.1) - 2024/05/26 17:52:01
Table 'NLHRed29' 6-max Seat #5 is the button
Seat 1: 216e4906 ($10.17 in chips)
Seat 2: b592b9b9 ($17.24 in chips)
Seat 3: 566f3186 ($10 in chips)
Seat 4: Hero ($11.99 in chips)
Seat 5: 72a00826 ($17.07 in chips)
Seat 6: a192c024 ($10.5 in chips)
a192c024: posts small blind $0.05
216e4906: posts big blind $0.1
*** HOLE CARDS ***
Dealt to 216e4906 
Dealt to b592b9b9 
Dealt to 566f3186 
Dealt to Hero [Ts Jh]
Dealt to 72a00826 
Dealt to a192c024 
b592b9b9: raises $0.1 to $0.2
566f3186: folds
Hero: folds
72a00826: folds
a192c024: folds
216e4906: folds
Uncalled bet ($0.1) returned to b592b9b9
*** SHOWDOWN ***
b592b9b9 collected $0.25 from pot
*** SUMMARY ***
Total pot $0.25 | Rake $0 | Jackpot $0 | Bingo $0 | Fortune $0 | Tax $0
Seat 1: 216e4906 (big blind) folded before Flop
Seat 2: b592b9b9 collected ($0.25)
Seat 3: 566f3186 folded before Flop (didn't bet)
Seat 4: Hero folded before Flop (didn't bet)
Seat 5: 72a00826 (button) folded before Flop (didn't bet)
Seat 6: a192c024 (small blind) folded before Flop


Poker Hand #HD1788688559: Hold'em No Limit ($0.05/$0.1) - 2024/05/26 17:51:50
Table 'NLHRed29' 6-max Seat #4 is the button
Seat 1: 216e4906 ($10.17 in chips)
Seat 2: b592b9b9 ($17.24 in chips)
Seat 3: 566f3186 ($10 in chips)
Seat 4: Hero ($11.99 in chips)
Seat 5: 72a00826 ($17.12 in chips)
Seat 6: a192c024 ($10.45 in chips)
72a00826: posts small blind $0.05
a192c024: posts big blind $0.1
*** HOLE CARDS ***
Dealt to 216e4906 
Dealt to b592b9b9 
Dealt to 566f3186 
Dealt to Hero [7c Ah]
Dealt to 72a00826 
Dealt to a192c024 
216e4906: folds
b592b9b9: folds
566f3186: folds
Hero: folds
72a00826: folds
Uncalled bet ($0.05) returned to a192c024
*** SHOWDOWN ***
a192c024 collected $0.1 from pot
*** SUMMARY ***
Total pot $0.1 | Rake $0 | Jackpot $0 | Bingo $0 | Fortune $0 | Tax $0
Seat 1: 216e4906 folded before Flop (didn't bet)
Seat 2: b592b9b9 folded before Flop (didn't bet)
Seat 3: 566f3186 folded before Flop (didn't bet)
Seat 4: Hero (button) folded before Flop (didn't bet)
Seat 5: 72a00826 (small blind) folded before Flop
Seat 6: a192c024 (big blind) collected ($0.1)


Poker Hand #HD1788688490: Hold'em No Limit ($0.05/$0.1) - 2024/05/26 17:50:46
Table 'NLHRed29' 6-max Seat #3 is the button
Seat 1: 216e4906 ($9.85 in chips)
Seat 2: b592b9b9 ($17.24 in chips)
Seat 3: 566f3186 ($10 in chips)
Seat 4: Hero ($12.04 in chips)
Seat 5: 72a00826 ($17.42 in chips)
Seat 6: a192c024 ($10.45 in chips)
Hero: posts small blind $0.05
72a00826: posts big blind $0.1
*** HOLE CARDS ***
Dealt to 216e4906 
Dealt to b592b9b9 
Dealt to 566f3186 
Dealt to Hero [6h Ts]
Dealt to 72a00826 
Dealt to a192c024 
a192c024: folds
216e4906: raises $0.2 to $0.3
b592b9b9: folds
566f3186: folds
Hero: folds
72a00826: calls $0.2
*** FLOP *** [8h Th Tc]
72a00826: checks
216e4906: checks
*** TURN *** [8h Th Tc] [7c]
72a00826: checks
216e4906: checks
*** RIVER *** [8h Th Tc 7c] [Jd]
72a00826: checks
216e4906: bets $0.33
72a00826: folds
Uncalled bet ($0.33) returned to 216e4906
*** SHOWDOWN ***
216e4906 collected $0.62 from pot
*** SUMMARY ***
Total pot $0.65 | Rake $0.03 | Jackpot $0 | Bingo $0 | Fortune $0 | Tax $0
Board [8h Th Tc 7c Jd]
Seat 1: 216e4906 won ($0.62)
Seat 2: b592b9b9 folded before Flop (didn't bet)
Seat 3: 566f3186 (button) folded before Flop (didn't bet)
Seat 4: Hero (small blind) folded before Flop
Seat 5: 72a00826 (big blind) folded on the River
Seat 6: a192c024 folded before Flop (didn't bet)


Poker Hand #HD1788688362: Hold'em No Limit ($0.05/$0.1) - 2024/05/26 17:49:11
Table 'NLHRed29' 6-max Seat #2 is the button
Seat 1: 216e4906 ($9.85 in chips)
Seat 2: b592b9b9 ($17.34 in chips)
Seat 3: 566f3186 ($10 in chips)
Seat 4: Hero ($11.72 in chips)
Seat 5: 72a00826 ($17.42 in chips)
Seat 6: a192c024 ($10.45 in chips)
566f3186: posts small blind $0.05
Hero: posts big blind $0.1
*** HOLE CARDS ***
Dealt to 216e4906 
Dealt to b592b9b9 
Dealt to 566f3186 
Dealt to Hero [5h 4d]
Dealt to 72a00826 
Dealt to a192c024 
72a00826: folds
a192c024: folds
216e4906: folds
b592b9b9: calls $0.1
566f3186: calls $0.05
Hero: checks
*** FLOP *** [As 6s Tc]
566f3186: checks
Hero: checks
b592b9b9: checks
*** TURN *** [As 6s Tc] [3h]
566f3186: bets $0.15
Hero: raises $0.35 to $0.5
b592b9b9: folds
566f3186: folds
Uncalled bet ($0.35) returned to Hero
*** SHOWDOWN ***
Hero collected $0.57 from pot
*** SUMMARY ***
Total pot $0.6 | Rake $0.03 | Jackpot $0 | Bingo $0 | Fortune $0 | Tax $0
Board [As 6s Tc 3h]
Seat 1: 216e4906 folded before Flop (didn't bet)
Seat 2: b592b9b9 (button) folded on the Turn
Seat 3: 566f3186 (small blind) folded on the Turn
Seat 4: Hero (big blind) won ($0.57)
Seat 5: 72a00826 folded before Flop (didn't bet)
Seat 6: a192c024 folded before Flop (didn't bet)


Poker Hand #HD1788688333: Hold'em No Limit ($0.05/$0.1) - 2024/05/26 17:48:53
Table 'NLHRed29' 6-max Seat #1 is the button
Seat 1: 216e4906 ($9.85 in chips)
Seat 2: b592b9b9 ($17.39 in chips)
Seat 3: 566f3186 ($10 in chips)
Seat 4: Hero ($11.72 in chips)
Seat 5: 72a00826 ($17.42 in chips)
Seat 6: a192c024 ($10.3 in chips)
b592b9b9: posts small blind $0.05
566f3186: posts big blind $0.1
*** HOLE CARDS ***
Dealt to 216e4906 
Dealt to b592b9b9 
Dealt to 566f3186 
Dealt to Hero [Tc 2h]
Dealt to 72a00826 
Dealt to a192c024 
Hero: folds
72a00826: folds
a192c024: raises $0.2 to $0.3
216e4906: folds
b592b9b9: folds
566f3186: folds
Uncalled bet ($0.2) returned to a192c024
*** SHOWDOWN ***
a192c024 collected $0.25 from pot
*** SUMMARY ***
Total pot $0.25 | Rake $0 | Jackpot $0 | Bingo $0 | Fortune $0 | Tax $0
Seat 1: 216e4906 (button) folded before Flop (didn't bet)
Seat 2: b592b9b9 (small blind) folded before Flop
Seat 3: 566f3186 (big blind) folded before Flop
Seat 4: Hero folded before Flop (didn't bet)
Seat 5: 72a00826 folded before Flop (didn't bet)
Seat 6: a192c024 collected ($0.25)


Poker Hand #HD1788688319: Hold'em No Limit ($0.05/$0.1) - 2024/05/26 17:48:43
Table 'NLHRed29' 6-max Seat #6 is the button
Seat 1: 216e4906 ($9.9 in chips)
Seat 2: b592b9b9 ($17.34 in chips)
Seat 3: 566f3186 ($10 in chips)
Seat 4: Hero ($11.72 in chips)
Seat 5: 72a00826 ($17.42 in chips)
Seat 6: a192c024 ($10.3 in chips)
216e4906: posts small blind $0.05
b592b9b9: posts big blind $0.1
*** HOLE CARDS ***
Dealt to 216e4906 
Dealt to b592b9b9 
Dealt to 566f3186 
Dealt to Hero [3h 6s]
Dealt to 72a00826 
Dealt to a192c024 
566f3186: folds
Hero: folds
72a00826: folds
a192c024: folds
216e4906: folds
Uncalled bet ($0.05) returned to b592b9b9
*** SHOWDOWN ***
b592b9b9 collected $0.1 from pot
*** SUMMARY ***
Total pot $0.1 | Rake $0 | Jackpot $0 | Bingo $0 | Fortune $0 | Tax $0
Seat 1: 216e4906 (small blind) folded before Flop
Seat 2: b592b9b9 (big blind) collected ($0.1)
Seat 3: 566f3186 folded before Flop (didn't bet)
Seat 4: Hero folded before Flop (didn't bet)
Seat 5: 72a00826 folded before Flop (didn't bet)
Seat 6: a192c024 (button) folded before Flop (didn't bet)


Poker Hand #HD1788688298: Hold'em No Limit ($0.05/$0.1) - 2024/05/26 17:48:25
Table 'NLHRed29' 6-max Seat #5 is the button
Seat 1: 216e4906 ($10 in chips)
Seat 2: b592b9b9 ($17.34 in chips)
Seat 3: 566f3186 ($10 in chips)
Seat 4: Hero ($11.72 in chips)
Seat 5: 72a00826 ($17.42 in chips)
Seat 6: a192c024 ($10.2 in chips)
a192c024: posts small blind $0.05
216e4906: posts big blind $0.1
*** HOLE CARDS ***
Dealt to 216e4906 
Dealt to b592b9b9 
Dealt to 566f3186 
Dealt to Hero [4d 6c]
Dealt to 72a00826 
Dealt to a192c024 
b592b9b9: folds
566f3186: folds
Hero: folds
72a00826: folds
a192c024: raises $0.2 to $0.3
216e4906: folds
Uncalled bet ($0.2) returned to a192c024
*** SHOWDOWN ***
a192c024 collected $0.2 from pot
*** SUMMARY ***
Total pot $0.2 | Rake $0 | Jackpot $0 | Bingo $0 | Fortune $0 | Tax $0
Seat 1: 216e4906 (big blind) folded before Flop
Seat 2: b592b9b9 folded before Flop (didn't bet)
Seat 3: 566f3186 folded before Flop (didn't bet)
Seat 4: Hero folded before Flop (didn't bet)
Seat 5: 72a00826 (button) folded before Flop (didn't bet)
Seat 6: a192c024 (small blind) collected ($0.2)


Poker Hand #HD1788688279: Hold'em No Limit ($0.05/$0.1) - 2024/05/26 17:48:11
Table 'NLHRed29' 6-max Seat #4 is the button
Seat 2: b592b9b9 ($17.34 in chips)
Seat 3: 566f3186 ($10 in chips)
Seat 4: Hero ($11.72 in chips)
Seat 5: 72a00826 ($17.47 in chips)
Seat 6: a192c024 ($10.15 in chips)
72a00826: posts small blind $0.05
a192c024: posts big blind $0.1
*** HOLE CARDS ***
Dealt to b592b9b9 
Dealt to 566f3186 
Dealt to Hero [3h 6c]
Dealt to 72a00826 
Dealt to a192c024 
b592b9b9: folds
566f3186: folds
Hero: folds
72a00826: folds
Uncalled bet ($0.05) returned to a192c024
*** SHOWDOWN ***
a192c024 collected $0.1 from pot
*** SUMMARY ***
Total pot $0.1 | Rake $0 | Jackpot $0 | Bingo $0 | Fortune $0 | Tax $0
Seat 2: b592b9b9 folded before Flop (didn't bet)
Seat 3: 566f3186 folded before Flop (didn't bet)
Seat 4: Hero (button) folded before Flop (didn't bet)
Seat 5: 72a00826 (small blind) folded before Flop
Seat 6: a192c024 (big blind) collected ($0.1)


Poker Hand #HD1788688255: Hold'em No Limit ($0.05/$0.1) - 2024/05/26 17:47:58
Table 'NLHRed29' 6-max Seat #3 is the button
Seat 2: b592b9b9 ($17.34 in chips)
Seat 3: 566f3186 ($10 in chips)
Seat 4: Hero ($11.77 in chips)
Seat 5: 72a00826 ($17.42 in chips)
Seat 6: a192c024 ($10.15 in chips)
Hero: posts small blind $0.05
72a00826: posts big blind $0.1
*** HOLE CARDS ***
Dealt to b592b9b9 
Dealt to 566f3186 
Dealt to Hero [3d 6h]
Dealt to 72a00826 
Dealt to a192c024 
a192c024: folds
b592b9b9: folds
566f3186: folds
Hero: folds
Uncalled bet ($0.05) returned to 72a00826
*** SHOWDOWN ***
72a00826 collected $0.1 from pot
*** SUMMARY ***
Total pot $0.1 | Rake $0 | Jackpot $0 | Bingo $0 | Fortune $0 | Tax $0
Seat 2: b592b9b9 folded before Flop (didn't bet)
Seat 3: 566f3186 (button) folded before Flop (didn't bet)
Seat 4: Hero (small blind) folded before Flop
Seat 5: 72a00826 (big blind) collected ($0.1)
Seat 6: a192c024 folded before Flop (didn't bet)


Poker Hand #HD1788688171: Hold'em No Limit ($0.05/$0.1) - 2024/05/26 17:47:02
Table 'NLHRed29' 6-max Seat #2 is the button
Seat 2: b592b9b9 ($17.44 in chips)
Seat 3: 566f3186 ($10.09 in chips)
Seat 4: Hero ($11.58 in chips)
Seat 5: 72a00826 ($17.42 in chips)
Seat 6: a192c024 ($10.15 in chips)
566f3186: posts small blind $0.05
Hero: posts big blind $0.1
*** HOLE CARDS ***
Dealt to b592b9b9 
Dealt to 566f3186 
Dealt to Hero [Ah 3h]
Dealt to 72a00826 
Dealt to a192c024 
72a00826: folds
a192c024: folds
b592b9b9: calls $0.1
566f3186: calls $0.05
Hero: checks
*** FLOP *** [9h As 6s]
566f3186: checks
Hero: checks
b592b9b9: checks
*** TURN *** [9h As 6s] [5c]
566f3186: checks
Hero: checks
b592b9b9: checks
*** RIVER *** [9h As 6s 5c] [4c]
566f3186: checks
Hero: checks
b592b9b9: checks
566f3186: shows [9d 2s] (Pair of Nines)
Hero: shows [Ah 3h] (Pair of Aces)
b592b9b9: shows [Jd Kh] (Ace-High)
*** SHOWDOWN ***
Hero collected $0.29 from pot
*** SUMMARY ***
Total pot $0.3 | Rake $0.01 | Jackpot $0 | Bingo $0 | Fortune $0 | Tax $0
Board [9h As 6s 5c 4c]
Seat 2: b592b9b9 (button) showed [Jd Kh] and lost with Ace-High
Seat 3: 566f3186 (small blind) showed [9d 2s] and lost with Pair of Nines
Seat 4: Hero (big blind) showed [Ah 3h] and won ($0.29) with Pair of Aces
Seat 5: 72a00826 folded before Flop (didn't bet)
Seat 6: a192c024 folded before Flop (didn't bet)


Poker Hand #HD1788688103: Hold'em No Limit ($0.05/$0.1) - 2024/05/26 17:46:13
Table 'NLHRed29' 6-max Seat #6 is the button
Seat 2: b592b9b9 ($17.54 in chips)
Seat 3: 566f3186 ($10 in chips)
Seat 4: Hero ($11.58 in chips)
Seat 5: 72a00826 ($17.42 in chips)
Seat 6: a192c024 ($10.15 in chips)
b592b9b9: posts small blind $0.05
566f3186: posts big blind $0.1
*** HOLE CARDS ***
Dealt to b592b9b9 
Dealt to 566f3186 
Dealt to Hero [6s Jh]
Dealt to 72a00826 
Dealt to a192c024 
Hero: folds
72a00826: folds
a192c024: folds
b592b9b9: calls $0.05
566f3186: checks
*** FLOP *** [Js 7d 9h]
b592b9b9: checks
566f3186: checks
*** TURN *** [Js 7d 9h] [7s]
b592b9b9: checks
566f3186: bets $0.1
b592b9b9: folds
Uncalled bet ($0.1) returned to 566f3186
*** SHOWDOWN ***
566f3186 collected $0.19 from pot
*** SUMMARY ***
Total pot $0.2 | Rake $0.01 | Jackpot $0 | Bingo $0 | Fortune $0 | Tax $0
Board [Js 7d 9h 7s]
Seat 2: b592b9b9 (small blind) folded on the Turn
Seat 3: 566f3186 (big blind) won ($0.19)
Seat 4: Hero folded before Flop (didn't bet)
Seat 5: 72a00826 folded before Flop (didn't bet)
Seat 6: a192c024 (button) folded before Flop (didn't bet)


Poker Hand #HD1788688082: Hold'em No Limit ($0.05/$0.1) - 2024/05/26 17:45:56
Table 'NLHRed29' 6-max Seat #5 is the button
Seat 2: b592b9b9 ($17.64 in chips)
Seat 3: 566f3186 ($10 in chips)
Seat 4: Hero ($11.58 in chips)
Seat 5: 72a00826 ($17.42 in chips)
Seat 6: a192c024 ($10.05 in chips)
a192c024: posts small blind $0.05
b592b9b9: posts big blind $0.1
*** HOLE CARDS ***
Dealt to b592b9b9 
Dealt to 566f3186 
Dealt to Hero [Ts 3h]
Dealt to 72a00826 
Dealt to a192c024 
566f3186: folds
Hero: folds
72a00826: folds
a192c024: raises $0.2 to $0.3
b592b9b9: folds
Uncalled bet ($0.2) returned to a192c024
*** SHOWDOWN ***
a192c024 collected $0.2 from pot
*** SUMMARY ***
Total pot $0.2 | Rake $0 | Jackpot $0 | Bingo $0 | Fortune $0 | Tax $0
Seat 2: b592b9b9 (big blind) folded before Flop
Seat 3: 566f3186 folded before Flop (didn't bet)
Seat 4: Hero folded before Flop (didn't bet)
Seat 5: 72a00826 (button) folded before Flop (didn't bet)
Seat 6: a192c024 (small blind) collected ($0.2)


Poker Hand #HD1788688069: Hold'em No Limit ($0.05/$0.1) - 2024/05/26 17:45:47
Table 'NLHRed29' 6-max Seat #4 is the button
Seat 2: b592b9b9 ($17.64 in chips)
Seat 3: 566f3186 ($10 in chips)
Seat 4: Hero ($11.58 in chips)
Seat 5: 72a00826 ($17.47 in chips)
Seat 6: a192c024 ($10 in chips)
72a00826: posts small blind $0.05
a192c024: posts big blind $0.1
*** HOLE CARDS ***
Dealt to b592b9b9 
Dealt to 566f3186 
Dealt to Hero [Kh 4h]
Dealt to 72a00826 
Dealt to a192c024 
b592b9b9: folds
566f3186: folds
Hero: folds
72a00826: folds
Uncalled bet ($0.05) returned to a192c024
*** SHOWDOWN ***
a192c024 collected $0.1 from pot
*** SUMMARY ***
Total pot $0.1 | Rake $0 | Jackpot $0 | Bingo $0 | Fortune $0 | Tax $0
Seat 2: b592b9b9 folded before Flop (didn't bet)
Seat 3: 566f3186 folded before Flop (didn't bet)
Seat 4: Hero (button) folded before Flop (didn't bet)
Seat 5: 72a00826 (small blind) folded before Flop
Seat 6: a192c024 (big blind) collected ($0.1)


Poker Hand #HD1788687992: Hold'em No Limit ($0.05/$0.1) - 2024/05/26 17:44:54
Table 'NLHRed29' 6-max Seat #3 is the button
Seat 2: b592b9b9 ($17.74 in chips)
Seat 3: 566f3186 ($10 in chips)
Seat 4: Hero ($11.39 in chips)
Seat 5: 72a00826 ($17.57 in chips)
Seat 6: a192c024 ($10 in chips)
Hero: posts small blind $0.05
72a00826: posts big blind $0.1
*** HOLE CARDS ***
Dealt to b592b9b9 
Dealt to 566f3186 
Dealt to Hero [5s 4s]
Dealt to 72a00826 
Dealt to a192c024 
a192c024: folds
b592b9b9: calls $0.1
566f3186: folds
Hero: raises $0.3 to $0.4
72a00826: folds
b592b9b9: folds
Uncalled bet ($0.3) returned to Hero
*** SHOWDOWN ***
Hero collected $0.29 from pot
*** SUMMARY ***
Total pot $0.3 | Rake $0.01 | Jackpot $0 | Bingo $0 | Fortune $0 | Tax $0
Seat 2: b592b9b9 folded before Flop
Seat 3: 566f3186 (button) folded before Flop (didn't bet)
Seat 4: Hero (small blind) collected ($0.29)
Seat 5: 72a00826 (big blind) folded before Flop
Seat 6: a192c024 folded before Flop (didn't bet)


Poker Hand #HD1788687925: Hold'em No Limit ($0.05/$0.1) - 2024/05/26 17:44:06
Table 'NLHRed29' 6-max Seat #2 is the button
Seat 2: b592b9b9 ($17.18 in chips)
Seat 3: 566f3186 ($10.05 in chips)
Seat 4: Hero ($11.49 in chips)
Seat 5: 72a00826 ($18.04 in chips)
Seat 6: a192c024 ($10 in chips)
566f3186: posts small blind $0.05
Hero: posts big blind $0.1
*** HOLE CARDS ***
Dealt to b592b9b9 
Dealt to 566f3186 
Dealt to Hero [Qh 8c]
Dealt to 72a00826 
Dealt to a192c024 
72a00826: raises $0.15 to $0.25
a192c024: folds
b592b9b9: calls $0.25
566f3186: folds
Hero: folds
*** FLOP *** [Ac Jh Tc]
72a00826: checks
b592b9b9: bets $0.22
72a00826: calls $0.22
*** TURN *** [Ac Jh Tc] [3s]
72a00826: checks
b592b9b9: bets $0.55
72a00826: folds
Uncalled bet ($0.55) returned to b592b9b9
*** SHOWDOWN ***
b592b9b9 collected $1.03 from pot
*** SUMMARY ***
Total pot $1.09 | Rake $0.06 | Jackpot $0 | Bingo $0 | Fortune $0 | Tax $0
Board [Ac Jh Tc 3s]
Seat 2: b592b9b9 (button) won ($1.03)
Seat 3: 566f3186 (small blind) folded before Flop
Seat 4: Hero (big blind) folded before Flop
Seat 5: 72a00826 folded on the Turn
Seat 6: a192c024 folded before Flop (didn't bet)


Poker Hand #HD1788687903: Hold'em No Limit ($0.05/$0.1) - 2024/05/26 17:43:51
Table 'NLHRed29' 6-max Seat #6 is the button
Seat 2: b592b9b9 ($17.23 in chips)
Seat 3: 566f3186 ($10 in chips)
Seat 4: Hero ($11.49 in chips)
Seat 5: 72a00826 ($18.04 in chips)
Seat 6: a192c024 ($10 in chips)
b592b9b9: posts small blind $0.05
566f3186: posts big blind $0.1
*** HOLE CARDS ***
Dealt to b592b9b9 
Dealt to 566f3186 
Dealt to Hero [Qs 9h]
Dealt to 72a00826 
Dealt to a192c024 
Hero: folds
72a00826: folds
a192c024: folds
b592b9b9: folds
Uncalled bet ($0.05) returned to 566f3186
*** SHOWDOWN ***
566f3186 collected $0.1 from pot
*** SUMMARY ***
Total pot $0.1 | Rake $0 | Jackpot $0 | Bingo $0 | Fortune $0 | Tax $0
Seat 2: b592b9b9 (small blind) folded before Flop
Seat 3: 566f3186 (big blind) collected ($0.1)
Seat 4: Hero folded before Flop (didn't bet)
Seat 5: 72a00826 folded before Flop (didn't bet)
Seat 6: a192c024 (button) folded before Flop (didn't bet)


Poker Hand #HD1788687890: Hold'em No Limit ($0.05/$0.1) - 2024/05/26 17:43:36
Table 'NLHRed29' 6-max Seat #5 is the button
Seat 2: b592b9b9 ($17.18 in chips)
Seat 3: 566f3186 ($10 in chips)
Seat 4: Hero ($11.49 in chips)
Seat 5: 72a00826 ($18.04 in chips)
Seat 6: a192c024 ($10 in chips)
a192c024: posts small blind $0.05
b592b9b9: posts big blind $0.1
*** HOLE CARDS ***
Dealt to b592b9b9 
Dealt to 566f3186 
Dealt to Hero [4h 4d]
Dealt to 72a00826 
Dealt to a192c024 
566f3186: folds
Hero: folds
72a00826: folds
a192c024: folds
Uncalled bet ($0.05) returned to b592b9b9
*** SHOWDOWN ***
b592b9b9 collected $0.1 from pot
*** SUMMARY ***
Total pot $0.1 | Rake $0 | Jackpot $0 | Bingo $0 | Fortune $0 | Tax $0
Seat 2: b592b9b9 (big blind) collected ($0.1)
Seat 3: 566f3186 folded before Flop (didn't bet)
Seat 4: Hero folded before Flop (didn't bet)
Seat 5: 72a00826 (button) folded before Flop (didn't bet)
Seat 6: a192c024 (small blind) folded before Flop


Poker Hand #HD1788687862: Hold'em No Limit ($0.05/$0.1) - 2024/05/26 17:43:17
Table 'NLHRed29' 6-max Seat #4 is the button
Seat 2: b592b9b9 ($17.03 in chips)
Seat 3: 566f3186 ($10 in chips)
Seat 4: Hero ($11.49 in chips)
Seat 5: 72a00826 ($18.09 in chips)
Seat 6: a192c024 ($10 in chips)
72a00826: posts small blind $0.05
a192c024: posts big blind $0.1
*** HOLE CARDS ***
Dealt to b592b9b9 
Dealt to 566f3186 
Dealt to Hero [Jd 8d]
Dealt to 72a00826 
Dealt to a192c024 
b592b9b9: raises $0.1 to $0.2
566f3186: folds
Hero: folds
72a00826: folds
a192c024: folds
Uncalled bet ($0.1) returned to b592b9b9
*** SHOWDOWN ***
b592b9b9 collected $0.25 from pot
*** SUMMARY ***
Total pot $0.25 | Rake $0 | Jackpot $0 | Bingo $0 | Fortune $0 | Tax $0
Seat 2: b592b9b9 collected ($0.25)
Seat 3: 566f3186 folded before Flop (didn't bet)
Seat 4: Hero (button) folded before Flop (didn't bet)
Seat 5: 72a00826 (small blind) folded before Flop
Seat 6: a192c024 (big blind) folded before Flop


Poker Hand #HD1788687793: Hold'em No Limit ($0.05/$0.1) - 2024/05/26 17:42:20
Table 'NLHRed29' 6-max Seat #3 is the button
Seat 2: b592b9b9 ($16.89 in chips)
Seat 3: 566f3186 ($10 in chips)
Seat 4: Hero ($11.54 in chips)
Seat 5: 72a00826 ($18.19 in chips)
Seat 6: a192c024 ($10 in chips)
Hero: posts small blind $0.05
72a00826: posts big blind $0.1
*** HOLE CARDS ***
Dealt to b592b9b9 
Dealt to 566f3186 
Dealt to Hero [4d 2s]
Dealt to 72a00826 
Dealt to a192c024 
a192c024: folds
b592b9b9: calls $0.1
566f3186: folds
Hero: folds
72a00826: checks
*** FLOP *** [8h 3s Js]
72a00826: checks
b592b9b9: checks
*** TURN *** [8h 3s Js] [3c]
72a00826: checks
b592b9b9: checks
*** RIVER *** [8h 3s Js 3c] [4s]
72a00826: checks
b592b9b9: checks
72a00826: shows [Kc 6s] (Pair of Treys)
b592b9b9: shows [4h Ah] (Pair of Fours and Pair of Treys)
*** SHOWDOWN ***
b592b9b9 collected $0.24 from pot
*** SUMMARY ***
Total pot $0.25 | Rake $0.01 | Jackpot $0 | Bingo $0 | Fortune $0 | Tax $0
Board [8h 3s Js 3c 4s]
Seat 2: b592b9b9 showed [4h Ah] and won ($0.24) with Pair of Fours and Pair of Treys
Seat 3: 566f3186 (button) folded before Flop (didn't bet)
Seat 4: Hero (small blind) folded before Flop
Seat 5: 72a00826 (big blind) showed [Kc 6s] and lost with Pair of Treys
Seat 6: a192c024 folded before Flop (didn't bet)


Poker Hand #HD1788687760: Hold'em No Limit ($0.05/$0.1) - 2024/05/26 17:41:59
Table 'NLHRed29' 6-max Seat #2 is the button
Seat 2: b592b9b9 ($16.89 in chips)
Seat 3: 566f3186 ($10 in chips)
Seat 4: Hero ($11.64 in chips)
Seat 5: 72a00826 ($18.04 in chips)
Seat 6: a192c024 ($10 in chips)
566f3186: posts small blind $0.05
Hero: posts big blind $0.1
*** HOLE CARDS ***
Dealt to b592b9b9 
Dealt to 566f3186 
Dealt to Hero [Ts 6s]
Dealt to 72a00826 
Dealt to a192c024 
72a00826: raises $0.15 to $0.25
a192c024: folds
b592b9b9: folds
566f3186: folds
Hero: folds
Uncalled bet ($0.15) returned to 72a00826
*** SHOWDOWN ***
72a00826 collected $0.25 from pot
*** SUMMARY ***
Total pot $0.25 | Rake $0 | Jackpot $0 | Bingo $0 | Fortune $0 | Tax $0
Seat 2: b592b9b9 (button) folded before Flop (didn't bet)
Seat 3: 566f3186 (small blind) folded before Flop
Seat 4: Hero (big blind) folded before Flop
Seat 5: 72a00826 collected ($0.25)
Seat 6: a192c024 folded before Flop (didn't bet)


Poker Hand #HD1788687636: Hold'em No Limit ($0.05/$0.1) - 2024/05/26 17:40:28
Table 'NLHRed29' 6-max Seat #6 is the button
Seat 2: b592b9b9 ($14.3 in chips)
Seat 3: 566f3186 ($10.15 in chips)
Seat 4: Hero ($11.64 in chips)
Seat 6: a192c024 ($10 in chips)
b592b9b9: posts small blind $0.05
566f3186: posts big blind $0.1
*** HOLE CARDS ***
Dealt to b592b9b9 
Dealt to 566f3186 
Dealt to Hero [6h 8d]
Dealt to a192c024 
Hero: folds
a192c024: raises $0.2 to $0.3
b592b9b9: calls $0.25
566f3186: calls $0.2
*** FLOP *** [6s 9c 7s]
b592b9b9: checks
566f3186: checks
a192c024: bets $0.3
b592b9b9: calls $0.3
566f3186: calls $0.3
*** TURN *** [6s 9c 7s] [3h]
b592b9b9: checks
566f3186: checks
a192c024: bets $1.8
b592b9b9: calls $1.8
566f3186: folds
*** RIVER *** [6s 9c 7s 3h] [4d]
b592b9b9: bets $4.05
a192c024: folds
Uncalled bet ($4.05) returned to b592b9b9
*** SHOWDOWN ***
b592b9b9 collected $4.99 from pot
*** SUMMARY ***
Total pot $5.4 | Rake $0.31 | Jackpot $0.1 | Bingo $0 | Fortune $0 | Tax $0
Board [6s 9c 7s 3h 4d]
Seat 2: b592b9b9 (small blind) won ($4.99)
Seat 3: 566f3186 (big blind) folded on the Turn
Seat 4: Hero folded before Flop (didn't bet)
Seat 6: a192c024 (button) folded on the River


Poker Hand #HD1788687604: Hold'em No Limit ($0.05/$0.1) - 2024/05/26 17:40:04
Table 'NLHRed29' 6-max Seat #4 is the button
Seat 1: b69d13d ($10 in chips)
Seat 2: b592b9b9 ($14.3 in chips)
Seat 3: 566f3186 ($10.15 in chips)
Seat 4: Hero ($11.49 in chips)
Seat 5: 72a00826 ($18.09 in chips)
Seat 6: a192c024 ($10 in chips)
72a00826: posts small blind $0.05
a192c024: posts big blind $0.1
*** HOLE CARDS ***
Dealt to b69d13d 
Dealt to b592b9b9 
Dealt to 566f3186 
Dealt to Hero [Qc Ac]
Dealt to 72a00826 
Dealt to a192c024 
b69d13d: folds
b592b9b9: folds
566f3186: folds
Hero: raises $0.14 to $0.24
72a00826: folds
a192c024: folds
Uncalled bet ($0.14) returned to Hero
*** SHOWDOWN ***
Hero collected $0.25 from pot
*** SUMMARY ***
Total pot $0.25 | Rake $0 | Jackpot $0 | Bingo $0 | Fortune $0 | Tax $0
Seat 1: b69d13d folded before Flop (didn't bet)
Seat 2: b592b9b9 folded before Flop (didn't bet)
Seat 3: 566f3186 folded before Flop (didn't bet)
Seat 4: Hero (button) collected ($0.25)
Seat 5: 72a00826 (small blind) folded before Flop
Seat 6: a192c024 (big blind) folded before Flop


Poker Hand #HD1788687592: Hold'em No Limit ($0.05/$0.1) - 2024/05/26 17:39:54
Table 'NLHRed29' 6-max Seat #3 is the button
Seat 1: b69d13d ($10 in chips)
Seat 2: b592b9b9 ($14.3 in chips)
Seat 3: 566f3186 ($10 in chips)
Seat 4: Hero ($11.54 in chips)
Seat 5: 72a00826 ($18.19 in chips)
Hero: posts small blind $0.05
72a00826: posts big blind $0.1
*** HOLE CARDS ***
Dealt to b69d13d 
Dealt to b592b9b9 
Dealt to 566f3186 
Dealt to Hero [4h Qs]
Dealt to 72a00826 
b69d13d: folds
b592b9b9: folds
566f3186: raises $0.15 to $0.25
Hero: folds
72a00826: folds
Uncalled bet ($0.15) returned to 566f3186
*** SHOWDOWN ***
566f3186 collected $0.25 from pot
*** SUMMARY ***
Total pot $0.25 | Rake $0 | Jackpot $0 | Bingo $0 | Fortune $0 | Tax $0
Seat 1: b69d13d folded before Flop (didn't bet)
Seat 2: b592b9b9 folded before Flop (didn't bet)
Seat 3: 566f3186 (button) collected ($0.25)
Seat 4: Hero (small blind) folded before Flop
Seat 5: 72a00826 (big blind) folded before Flop


Poker Hand #HD1788687461: Hold'em No Limit ($0.05/$0.1) - 2024/05/26 17:38:09
Table 'NLHRed29' 6-max Seat #2 is the button
Seat 1: b69d13d ($13.74 in chips)
Seat 2: b592b9b9 ($9.86 in chips)
Seat 3: 566f3186 ($10 in chips)
Seat 4: Hero ($11.64 in chips)
Seat 5: 72a00826 ($18.19 in chips)
566f3186: posts small blind $0.05
Hero: posts big blind $0.1
*** HOLE CARDS ***
Dealt to b69d13d 
Dealt to b592b9b9 
Dealt to 566f3186 
Dealt to Hero [6h 3h]
Dealt to 72a00826 
72a00826: folds
b69d13d: raises $0.15 to $0.25
b592b9b9: calls $0.25
566f3186: folds
Hero: folds
*** FLOP *** [9s Jc 7d]
b69d13d: bets $0.3
b592b9b9: calls $0.3
*** TURN *** [9s Jc 7d] [6c]
b69d13d: bets $0.5
b592b9b9: calls $0.5
*** RIVER *** [9s Jc 7d 6c] [7s]
b69d13d: bets $0.9
b592b9b9: raises $3.04 to $3.94
b69d13d: calls $3.04
b592b9b9: shows [Th 8h] (Jacks-High Straight)
b69d13d: shows [Ks Jd] (Pair of Jacks and Pair of Sevens)
*** SHOWDOWN ***
b592b9b9 collected $9.43 from pot
*** SUMMARY ***
Total pot $10.13 | Rake $0.6 | Jackpot $0.1 | Bingo $0 | Fortune $0 | Tax $0
Board [9s Jc 7d 6c 7s]
Seat 1: b69d13d showed [Ks Jd] and lost with Pair of Jacks and Pair of Sevens
Seat 2: b592b9b9 (button) showed [Th 8h] and won ($9.43) with Jacks-High Straight
Seat 3: 566f3186 (small blind) folded before Flop
Seat 4: Hero (big blind) folded before Flop
Seat 5: 72a00826 folded before Flop (didn't bet)


Poker Hand #HD1788687408: Hold'em No Limit ($0.05/$0.1) - 2024/05/26 17:37:27
Table 'NLHRed29' 6-max Seat #1 is the button
Seat 1: b69d13d ($13.74 in chips)
Seat 2: b592b9b9 ($9.91 in chips)
Seat 3: 566f3186 ($10 in chips)
Seat 4: Hero ($11.41 in chips)
Seat 5: 72a00826 ($18.19 in chips)
b592b9b9: posts small blind $0.05
566f3186: posts big blind $0.1
*** HOLE CARDS ***
Dealt to b69d13d 
Dealt to b592b9b9 
Dealt to 566f3186 
Dealt to Hero [Td As]
Dealt to 72a00826 
Hero: raises $0.1 to $0.2
72a00826: folds
b69d13d: folds
b592b9b9: folds
566f3186: calls $0.1
*** FLOP *** [7h Ac 8d]
566f3186: checks
Hero: bets $0.2
566f3186: folds
Uncalled bet ($0.2) returned to Hero
*** SHOWDOWN ***
Hero collected $0.43 from pot
*** SUMMARY ***
Total pot $0.45 | Rake $0.02 | Jackpot $0 | Bingo $0 | Fortune $0 | Tax $0
Board [7h Ac 8d]
Seat 1: b69d13d (button) folded before Flop (didn't bet)
Seat 2: b592b9b9 (small blind) folded before Flop
Seat 3: 566f3186 (big blind) folded on the Flop
Seat 4: Hero won ($0.43)
Seat 5: 72a00826 folded before Flop (didn't bet)


Poker Hand #HD1788687396: Hold'em No Limit ($0.05/$0.1) - 2024/05/26 17:37:17
Table 'NLHRed29' 6-max Seat #5 is the button
Seat 1: b69d13d ($13.79 in chips)
Seat 2: b592b9b9 ($9.86 in chips)
Seat 3: 566f3186 ($10 in chips)
Seat 4: Hero ($11.41 in chips)
Seat 5: 72a00826 ($18.19 in chips)
b69d13d: posts small blind $0.05
b592b9b9: posts big blind $0.1
*** HOLE CARDS ***
Dealt to b69d13d 
Dealt to b592b9b9 
Dealt to 566f3186 
Dealt to Hero [9c 6s]
Dealt to 72a00826 
566f3186: folds
Hero: folds
72a00826: folds
b69d13d: folds
Uncalled bet ($0.05) returned to b592b9b9
*** SHOWDOWN ***
b592b9b9 collected $0.1 from pot
*** SUMMARY ***
Total pot $0.1 | Rake $0 | Jackpot $0 | Bingo $0 | Fortune $0 | Tax $0
Seat 1: b69d13d (small blind) folded before Flop
Seat 2: b592b9b9 (big blind) collected ($0.1)
Seat 3: 566f3186 folded before Flop (didn't bet)
Seat 4: Hero folded before Flop (didn't bet)
Seat 5: 72a00826 (button) folded before Flop (didn't bet)


Poker Hand #HD1788687353: Hold'em No Limit ($0.05/$0.1) - 2024/05/26 17:36:46
Table 'NLHRed29' 6-max Seat #4 is the button
Seat 1: b69d13d ($14.09 in chips)
Seat 2: b592b9b9 ($9.86 in chips)
Seat 3: 566f3186 ($10 in chips)
Seat 4: Hero ($11.41 in chips)
Seat 5: 72a00826 ($17.92 in chips)
72a00826: posts small blind $0.05
b69d13d: posts big blind $0.1
*** HOLE CARDS ***
Dealt to b69d13d 
Dealt to b592b9b9 
Dealt to 566f3186 
Dealt to Hero [9c 3d]
Dealt to 72a00826 
b592b9b9: folds
566f3186: folds
Hero: folds
72a00826: raises $0.2 to $0.3
b69d13d: calls $0.2
*** FLOP *** [Ad 5c 3c]
72a00826: bets $0.3
b69d13d: folds
Uncalled bet ($0.3) returned to 72a00826
*** SHOWDOWN ***
72a00826 collected $0.57 from pot
*** SUMMARY ***
Total pot $0.6 | Rake $0.03 | Jackpot $0 | Bingo $0 | Fortune $0 | Tax $0
Board [Ad 5c 3c]
Seat 1: b69d13d (big blind) folded on the Flop
Seat 2: b592b9b9 folded before Flop (didn't bet)
Seat 3: 566f3186 folded before Flop (didn't bet)
Seat 4: Hero (button) folded before Flop (didn't bet)
Seat 5: 72a00826 (small blind) won ($0.57)


Poker Hand #HD1788687239: Hold'em No Limit ($0.05/$0.1) - 2024/05/26 17:35:20
Table 'NLHRed29' 6-max Seat #3 is the button
Seat 1: b69d13d ($11.79 in chips)
Seat 2: b592b9b9 ($9.86 in chips)
Seat 3: 566f3186 ($10.31 in chips)
Seat 4: Hero ($11.46 in chips)
Seat 5: 72a00826 ($18.02 in chips)
Seat 6: bffe4d21 ($13.45 in chips)
Hero: posts small blind $0.05
72a00826: posts big blind $0.1
*** HOLE CARDS ***
Dealt to b69d13d 
Dealt to b592b9b9 
Dealt to 566f3186 
Dealt to Hero [7s 8s]
Dealt to 72a00826 
Dealt to bffe4d21 
bffe4d21: folds
b69d13d: raises $0.15 to $0.25
b592b9b9: folds
566f3186: raises $0.55 to $0.8
Hero: folds
72a00826: folds
b69d13d: calls $0.55
*** FLOP *** [5d 9d Jd]
b69d13d: checks
566f3186: checks
*** TURN *** [5d 9d Jd] [Th]
b69d13d: checks
566f3186: bets $0.58
b69d13d: raises $1.12 to $1.7
566f3186: calls $1.12
*** RIVER *** [5d 9d Jd Th] [5c]
b69d13d: bets $2.5
566f3186: folds
Uncalled bet ($2.5) returned to b69d13d
*** SHOWDOWN ***
b69d13d collected $4.8 from pot
*** SUMMARY ***
Total pot $5.15 | Rake $0.25 | Jackpot $0.1 | Bingo $0 | Fortune $0 | Tax $0
Board [5d 9d Jd Th 5c]
Seat 1: b69d13d won ($4.8)
Seat 2: b592b9b9 folded before Flop (didn't bet)
Seat 3: 566f3186 (button) folded on the River
Seat 4: Hero (small blind) folded before Flop
Seat 5: 72a00826 (big blind) folded before Flop
Seat 6: bffe4d21 folded before Flop (didn't bet)


Poker Hand #HD1788687156: Hold'em No Limit ($0.05/$0.1) - 2024/05/26 17:34:08
Table 'NLHRed29' 6-max Seat #2 is the button
Seat 1: b69d13d ($11.79 in chips)
Seat 2: b592b9b9 ($9.86 in chips)
Seat 3: 566f3186 ($10.36 in chips)
Seat 4: Hero ($11.56 in chips)
Seat 5: 72a00826 ($15.4 in chips)
Seat 6: bffe4d21 ($16.3 in chips)
566f3186: posts small blind $0.05
Hero: posts big blind $0.1
*** HOLE CARDS ***
Dealt to b69d13d 
Dealt to b592b9b9 
Dealt to 566f3186 
Dealt to Hero [3s 2c]
Dealt to 72a00826 
Dealt to bffe4d21 
72a00826: raises $0.15 to $0.25
bffe4d21: raises $0.65 to $0.9
b69d13d: folds
b592b9b9: folds
566f3186: folds
Hero: folds
72a00826: raises $1.95 to $2.85
bffe4d21: calls $1.95
*** FLOP *** [As 2s 6s]
72a00826: bets $2.93
bffe4d21: folds
Uncalled bet ($2.93) returned to 72a00826
*** SHOWDOWN ***
72a00826 collected $5.47 from pot
*** SUMMARY ***
Total pot $5.85 | Rake $0.28 | Jackpot $0.1 | Bingo $0 | Fortune $0 | Tax $0
Board [As 2s 6s]
Seat 1: b69d13d folded before Flop (didn't bet)
Seat 2: b592b9b9 (button) folded before Flop (didn't bet)
Seat 3: 566f3186 (small blind) folded before Flop
Seat 4: Hero (big blind) folded before Flop
Seat 5: 72a00826 won ($5.47)
Seat 6: bffe4d21 folded on the Flop


Poker Hand #HD1788687093: Hold'em No Limit ($0.05/$0.1) - 2024/05/26 17:33:25
Table 'NLHRed29' 6-max Seat #1 is the button
Seat 1: b69d13d ($11.79 in chips)
Seat 2: b592b9b9 ($10.26 in chips)
Seat 3: 566f3186 ($10 in chips)
Seat 4: Hero ($11.56 in chips)
Seat 5: 72a00826 ($15.4 in chips)
Seat 6: bffe4d21 ($16.3 in chips)
b592b9b9: posts small blind $0.05
566f3186: posts big blind $0.1
*** HOLE CARDS ***
Dealt to b69d13d 
Dealt to b592b9b9 
Dealt to 566f3186 
Dealt to Hero [Ah 4c]
Dealt to 72a00826 
Dealt to bffe4d21 
Hero: folds
72a00826: folds
bffe4d21: folds
b69d13d: folds
b592b9b9: calls $0.05
566f3186: raises $0.3 to $0.4
b592b9b9: calls $0.3
*** FLOP *** [Qd Jc 2c]
b592b9b9: checks
566f3186: bets $0.4
b592b9b9: folds
Uncalled bet ($0.4) returned to 566f3186
*** SHOWDOWN ***
566f3186 collected $0.76 from pot
*** SUMMARY ***
Total pot $0.8 | Rake $0.04 | Jackpot $0 | Bingo $0 | Fortune $0 | Tax $0
Board [Qd Jc 2c]
Seat 1: b69d13d (button) folded before Flop (didn't bet)
Seat 2: b592b9b9 (small blind) folded on the Flop
Seat 3: 566f3186 (big blind) won ($0.76)
Seat 4: Hero folded before Flop (didn't bet)
Seat 5: 72a00826 folded before Flop (didn't bet)
Seat 6: bffe4d21 folded before Flop (didn't bet)


Poker Hand #HD1788687067: Hold'em No Limit ($0.05/$0.1) - 2024/05/26 17:33:04
Table 'NLHRed29' 6-max Seat #6 is the button
Seat 1: b69d13d ($11.84 in chips)
Seat 2: b592b9b9 ($10.36 in chips)
Seat 3: 566f3186 ($10 in chips)
Seat 4: Hero ($11.56 in chips)
Seat 5: 72a00826 ($15.25 in chips)
Seat 6: bffe4d21 ($16.3 in chips)
b69d13d: posts small blind $0.05
b592b9b9: posts big blind $0.1
*** HOLE CARDS ***
Dealt to b69d13d 
Dealt to b592b9b9 
Dealt to 566f3186 
Dealt to Hero [7c As]
Dealt to 72a00826 
Dealt to bffe4d21 
566f3186: folds
Hero: folds
72a00826: raises $0.1 to $0.2
bffe4d21: folds
b69d13d: folds
b592b9b9: folds
Uncalled bet ($0.1) returned to 72a00826
*** SHOWDOWN ***
72a00826 collected $0.25 from pot
*** SUMMARY ***
Total pot $0.25 | Rake $0 | Jackpot $0 | Bingo $0 | Fortune $0 | Tax $0
Seat 1: b69d13d (small blind) folded before Flop
Seat 2: b592b9b9 (big blind) folded before Flop
Seat 3: 566f3186 folded before Flop (didn't bet)
Seat 4: Hero folded before Flop (didn't bet)
Seat 5: 72a00826 collected ($0.25)
Seat 6: bffe4d21 (button) folded before Flop (didn't bet)


Poker Hand #HD1788686959: Hold'em No Limit ($0.05/$0.1) - 2024/05/26 17:31:34
Table 'NLHRed29' 6-max Seat #5 is the button
Seat 1: b69d13d ($11.28 in chips)
Seat 2: b592b9b9 ($10.36 in chips)
Seat 3: 566f3186 ($10 in chips)
Seat 4: Hero ($11.56 in chips)
Seat 5: 72a00826 ($15.25 in chips)
Seat 6: bffe4d21 ($16.92 in chips)
bffe4d21: posts small blind $0.05
b69d13d: posts big blind $0.1
*** HOLE CARDS ***
Dealt to b69d13d 
Dealt to b592b9b9 
Dealt to 566f3186 
Dealt to Hero [6d 9d]
Dealt to 72a00826 
Dealt to bffe4d21 
b592b9b9: folds
566f3186: folds
Hero: folds
72a00826: folds
bffe4d21: raises $0.2 to $0.3
b69d13d: calls $0.2
*** FLOP *** [9c Jh Ah]
bffe4d21: checks
b69d13d: checks
*** TURN *** [9c Jh Ah] [8h]
bffe4d21: bets $0.32
b69d13d: calls $0.32
*** RIVER *** [9c Jh Ah 8h] [3c]
bffe4d21: checks
b69d13d: bets $0.62
bffe4d21: folds
Uncalled bet ($0.62) returned to b69d13d
*** SHOWDOWN ***
b69d13d collected $1.18 from pot
*** SUMMARY ***
Total pot $1.24 | Rake $0.06 | Jackpot $0 | Bingo $0 | Fortune $0 | Tax $0
Board [9c Jh Ah 8h 3c]
Seat 1: b69d13d (big blind) won ($1.18)
Seat 2: b592b9b9 folded before Flop (didn't bet)
Seat 3: 566f3186 folded before Flop (didn't bet)
Seat 4: Hero folded before Flop (didn't bet)
Seat 5: 72a00826 (button) folded before Flop (didn't bet)
Seat 6: bffe4d21 (small blind) folded on the River


Poker Hand #HD1788686935: Hold'em No Limit ($0.05/$0.1) - 2024/05/26 17:31:19
Table 'NLHRed29' 6-max Seat #4 is the button
Seat 1: b69d13d ($11.28 in chips)
Seat 2: b592b9b9 ($10.36 in chips)
Seat 3: 566f3186 ($10 in chips)
Seat 4: Hero ($11.41 in chips)
Seat 5: 72a00826 ($15.3 in chips)
Seat 6: bffe4d21 ($17.02 in chips)
72a00826: posts small blind $0.05
bffe4d21: posts big blind $0.1
*** HOLE CARDS ***
Dealt to b69d13d 
Dealt to b592b9b9 
Dealt to 566f3186 
Dealt to Hero [Ad 7s]
Dealt to 72a00826 
Dealt to bffe4d21 
b69d13d: folds
b592b9b9: folds
566f3186: folds
Hero: raises $0.14 to $0.24
72a00826: folds
bffe4d21: folds
Uncalled bet ($0.14) returned to Hero
*** SHOWDOWN ***
Hero collected $0.25 from pot
*** SUMMARY ***
Total pot $0.25 | Rake $0 | Jackpot $0 | Bingo $0 | Fortune $0 | Tax $0
Seat 1: b69d13d folded before Flop (didn't bet)
Seat 2: b592b9b9 folded before Flop (didn't bet)
Seat 3: 566f3186 folded before Flop (didn't bet)
Seat 4: Hero (button) collected ($0.25)
Seat 5: 72a00826 (small blind) folded before Flop
Seat 6: bffe4d21 (big blind) folded before Flop


Poker Hand #HD1788686856: Hold'em No Limit ($0.05/$0.1) - 2024/05/26 17:30:18
Table 'NLHRed29' 6-max Seat #3 is the button
Seat 1: b69d13d ($11.28 in chips)
Seat 2: b592b9b9 ($9 in chips)
Seat 3: 566f3186 ($10 in chips)
Seat 4: Hero ($11.46 in chips)
Seat 5: 72a00826 ($15.4 in chips)
Seat 6: bffe4d21 ($17.02 in chips)
Hero: posts small blind $0.05
72a00826: posts big blind $0.1
*** HOLE CARDS ***
Dealt to b69d13d 
Dealt to b592b9b9 
Dealt to 566f3186 
Dealt to Hero [Jc 8h]
Dealt to 72a00826 
Dealt to bffe4d21 
bffe4d21: folds
b69d13d: folds
b592b9b9: raises $0.1 to $0.2
566f3186: raises $0.6 to $0.8
Hero: folds
72a00826: folds
b592b9b9: calls $0.6
*** FLOP *** [8s 4s 6h]
b592b9b9: checks
566f3186: bets $0.58
b592b9b9: raises $0.97 to $1.55
566f3186: folds
Uncalled bet ($0.97) returned to b592b9b9
*** SHOWDOWN ***
b592b9b9 collected $2.74 from pot
*** SUMMARY ***
Total pot $2.91 | Rake $0.17 | Jackpot $0 | Bingo $0 | Fortune $0 | Tax $0
Board [8s 4s 6h]
Seat 1: b69d13d folded before Flop (didn't bet)
Seat 2: b592b9b9 won ($2.74)
Seat 3: 566f3186 (button) folded on the Flop
Seat 4: Hero (small blind) folded before Flop
Seat 5: 72a00826 (big blind) folded before Flop
Seat 6: bffe4d21 folded before Flop (didn't bet)


Poker Hand #HD1788686820: Hold'em No Limit ($0.05/$0.1) - 2024/05/26 17:29:42
Table 'NLHRed29' 6-max Seat #2 is the button
Seat 1: b69d13d ($11.28 in chips)
Seat 2: b592b9b9 ($9 in chips)
Seat 3: 566f3186 ($10 in chips)
Seat 4: Hero ($11.41 in chips)
Seat 5: 72a00826 ($15.4 in chips)
Seat 6: bffe4d21 ($17.02 in chips)
566f3186: posts small blind $0.05
Hero: posts big blind $0.1
*** HOLE CARDS ***
Dealt to b69d13d 
Dealt to b592b9b9 
Dealt to 566f3186 
Dealt to Hero [7h 8d]
Dealt to 72a00826 
Dealt to bffe4d21 
72a00826: folds
bffe4d21: folds
b69d13d: folds
b592b9b9: folds
566f3186: folds
Uncalled bet ($0.05) returned to Hero
*** SHOWDOWN ***
Hero collected $0.1 from pot
*** SUMMARY ***
Total pot $0.1 | Rake $0 | Jackpot $0 | Bingo $0 | Fortune $0 | Tax $0
Seat 1: b69d13d folded before Flop (didn't bet)
Seat 2: b592b9b9 (button) folded before Flop (didn't bet)
Seat 3: 566f3186 (small blind) folded before Flop
Seat 4: Hero (big blind) collected ($0.1)
Seat 5: 72a00826 folded before Flop (didn't bet)
Seat 6: bffe4d21 folded before Flop (didn't bet)


Poker Hand #HD1788686799: Hold'em No Limit ($0.05/$0.1) - 2024/05/26 17:29:22
Table 'NLHRed29' 6-max Seat #1 is the button
Seat 1: b69d13d ($11.13 in chips)
Seat 2: b592b9b9 ($9.05 in chips)
Seat 3: 566f3186 ($10 in chips)
Seat 4: Hero ($11.41 in chips)
Seat 5: 72a00826 ($15.4 in chips)
Seat 6: bffe4d21 ($17.02 in chips)
b592b9b9: posts small blind $0.05
566f3186: posts big blind $0.1
*** HOLE CARDS ***
Dealt to b69d13d 
Dealt to b592b9b9 
Dealt to 566f3186 
Dealt to Hero [9s 6s]
Dealt to 72a00826 
Dealt to bffe4d21 
Hero: folds
72a00826: folds
bffe4d21: folds
b69d13d: raises $0.15 to $0.25
b592b9b9: folds
566f3186: folds
Uncalled bet ($0.15) returned to b69d13d
*** SHOWDOWN ***
b69d13d collected $0.25 from pot
*** SUMMARY ***
Total pot $0.25 | Rake $0 | Jackpot $0 | Bingo $0 | Fortune $0 | Tax $0
Seat 1: b69d13d (button) collected ($0.25)
Seat 2: b592b9b9 (small blind) folded before Flop
Seat 3: 566f3186 (big blind) folded before Flop
Seat 4: Hero folded before Flop (didn't bet)
Seat 5: 72a00826 folded before Flop (didn't bet)
Seat 6: bffe4d21 folded before Flop (didn't bet)


Poker Hand #HD1788686769: Hold'em No Limit ($0.05/$0.1) - 2024/05/26 17:28:57
Table 'NLHRed29' 6-max Seat #6 is the button
Seat 1: b69d13d ($11.18 in chips)
Seat 2: b592b9b9 ($9 in chips)
Seat 3: 566f3186 ($10 in chips)
Seat 4: Hero ($11.41 in chips)
Seat 5: 72a00826 ($15.4 in chips)
Seat 6: bffe4d21 ($17.02 in chips)
b69d13d: posts small blind $0.05
b592b9b9: posts big blind $0.1
*** HOLE CARDS ***
Dealt to b69d13d 
Dealt to b592b9b9 
Dealt to 566f3186 
Dealt to Hero [Kh 6h]
Dealt to 72a00826 
Dealt to bffe4d21 
566f3186: folds
Hero: folds
72a00826: folds
bffe4d21: folds
b69d13d: folds
Uncalled bet ($0.05) returned to b592b9b9
*** SHOWDOWN ***
b592b9b9 collected $0.1 from pot
*** SUMMARY ***
Total pot $0.1 | Rake $0 | Jackpot $0 | Bingo $0 | Fortune $0 | Tax $0
Seat 1: b69d13d (small blind) folded before Flop
Seat 2: b592b9b9 (big blind) collected ($0.1)
Seat 3: 566f3186 folded before Flop (didn't bet)
Seat 4: Hero folded before Flop (didn't bet)
Seat 5: 72a00826 folded before Flop (didn't bet)
Seat 6: bffe4d21 (button) folded before Flop (didn't bet)


Poker Hand #HD1788686679: Hold'em No Limit ($0.05/$0.1) - 2024/05/26 17:27:42
Table 'NLHRed29' 6-max Seat #5 is the button
Seat 1: b69d13d ($10.74 in chips)
Seat 2: b592b9b9 ($9 in chips)
Seat 3: 566f3186 ($10 in chips)
Seat 4: Hero ($11.41 in chips)
Seat 5: 72a00826 ($15.83 in chips)
Seat 6: bffe4d21 ($17.07 in chips)
bffe4d21: posts small blind $0.05
b69d13d: posts big blind $0.1
*** HOLE CARDS ***
Dealt to b69d13d 
Dealt to b592b9b9 
Dealt to 566f3186 
Dealt to Hero [8s 2d]
Dealt to 72a00826 
Dealt to bffe4d21 
b592b9b9: folds
566f3186: folds
Hero: folds
72a00826: raises $0.1 to $0.2
bffe4d21: folds
b69d13d: calls $0.1
*** FLOP *** [8d Kc Qh]
b69d13d: checks
72a00826: checks
*** TURN *** [8d Kc Qh] [2s]
b69d13d: checks
72a00826: checks
*** RIVER *** [8d Kc Qh 2s] [5s]
b69d13d: checks
72a00826: bets $0.23
b69d13d: calls $0.23
72a00826: shows [9d Jc] (King-High)
b69d13d: shows [5d 4s] (Pair of Fives)
*** SHOWDOWN ***
b69d13d collected $0.87 from pot
*** SUMMARY ***
Total pot $0.91 | Rake $0.04 | Jackpot $0 | Bingo $0 | Fortune $0 | Tax $0
Board [8d Kc Qh 2s 5s]
Seat 1: b69d13d (big blind) showed [5d 4s] and won ($0.87) with Pair of Fives
Seat 2: b592b9b9 folded before Flop (didn't bet)
Seat 3: 566f3186 folded before Flop (didn't bet)
Seat 4: Hero folded before Flop (didn't bet)
Seat 5: 72a00826 (button) showed [9d Jc] and lost with King-High
Seat 6: bffe4d21 (small blind) folded before Flop


Poker Hand #HD1788686653: Hold'em No Limit ($0.05/$0.1) - 2024/05/26 17:27:21
Table 'NLHRed29' 6-max Seat #4 is the button
Seat 1: b69d13d ($10.74 in chips)
Seat 2: b592b9b9 ($9 in chips)
Seat 3: 566f3186 ($10 in chips)
Seat 4: Hero ($11.26 in chips)
Seat 5: 72a00826 ($15.88 in chips)
Seat 6: bffe4d21 ($17.17 in chips)
72a00826: posts small blind $0.05
bffe4d21: posts big blind $0.1
*** HOLE CARDS ***
Dealt to b69d13d 
Dealt to b592b9b9 
Dealt to 566f3186 
Dealt to Hero [Jc Th]
Dealt to 72a00826 
Dealt to bffe4d21 
b69d13d: folds
b592b9b9: folds
566f3186: folds
Hero: raises $0.14 to $0.24
72a00826: folds
bffe4d21: folds
Uncalled bet ($0.14) returned to Hero
*** SHOWDOWN ***
Hero collected $0.25 from pot
*** SUMMARY ***
Total pot $0.25 | Rake $0 | Jackpot $0 | Bingo $0 | Fortune $0 | Tax $0
Seat 1: b69d13d folded before Flop (didn't bet)
Seat 2: b592b9b9 folded before Flop (didn't bet)
Seat 3: 566f3186 folded before Flop (didn't bet)
Seat 4: Hero (button) collected ($0.25)
Seat 5: 72a00826 (small blind) folded before Flop
Seat 6: bffe4d21 (big blind) folded before Flop


Poker Hand #HD1788686564: Hold'em No Limit ($0.05/$0.1) - 2024/05/26 17:26:12
Table 'NLHRed29' 6-max Seat #3 is the button
Seat 1: b69d13d ($10.74 in chips)
Seat 2: b592b9b9 ($9 in chips)
Seat 3: 566f3186 ($10 in chips)
Seat 4: Hero ($10 in chips)
Seat 5: 72a00826 ($17.38 in chips)
Seat 6: bffe4d21 ($17.17 in chips)
Hero: posts small blind $0.05
72a00826: posts big blind $0.1
*** HOLE CARDS ***
Dealt to b69d13d 
Dealt to b592b9b9 
Dealt to 566f3186 
Dealt to Hero [Kd Kc]
Dealt to 72a00826 
Dealt to bffe4d21 
bffe4d21: folds
b69d13d: folds
b592b9b9: folds
566f3186: folds
Hero: raises $0.2 to $0.3
72a00826: calls $0.2
*** FLOP *** [Qh Tc 5h]
Hero: bets $0.3
72a00826: calls $0.3
*** TURN *** [Qh Tc 5h] [5s]
Hero: bets $0.9
72a00826: calls $0.9
*** RIVER *** [Qh Tc 5h 5s] [Ks]
Hero: checks
72a00826: checks
Hero: shows [Kd Kc] (Kings Full over Fives)
72a00826: shows [7d Qd] (Pair of Queens and Pair of Fives)
*** SHOWDOWN ***
Hero collected $2.76 from pot
*** SUMMARY ***
Total pot $3 | Rake $0.14 | Jackpot $0.1 | Bingo $0 | Fortune $0 | Tax $0
Board [Qh Tc 5h 5s Ks]
Seat 1: b69d13d folded before Flop (didn't bet)
Seat 2: b592b9b9 folded before Flop (didn't bet)
Seat 3: 566f3186 (button) folded before Flop (didn't bet)
Seat 4: Hero (small blind) showed [Kd Kc] and won ($2.76) with Kings Full over Fives
Seat 5: 72a00826 (big blind) showed [7d Qd] and lost with Pair of Queens and Pair of Fives
Seat 6: bffe4d21 folded before Flop (didn't bet)


Poker Hand #HD1788686436: Hold'em No Limit ($0.05/$0.1) - 2024/05/26 17:24:34
Table 'NLHRed29' 6-max Seat #2 is the button
Seat 1: b69d13d ($10.74 in chips)
Seat 2: b592b9b9 ($9 in chips)
Seat 3: 566f3186 ($15.56 in chips)
Seat 4: Hero ($10 in chips)
Seat 5: 72a00826 ($9.14 in chips)
Seat 6: bffe4d21 ($17.17 in chips)
566f3186: posts small blind $0.05
Hero: posts big blind $0.1
*** HOLE CARDS ***
Dealt to b69d13d 
Dealt to b592b9b9 
Dealt to 566f3186 
Dealt to Hero [8h 7h]
Dealt to 72a00826 
Dealt to bffe4d21 
72a00826: raises $0.1 to $0.2
bffe4d21: folds
b69d13d: folds
b592b9b9: folds
566f3186: raises $0.8 to $1
Hero: folds
72a00826: calls $0.8
*** FLOP *** [6s 5h 6h]
566f3186: bets $1.58
72a00826: raises $3.95 to $5.53
566f3186: raises $9.03 to $14.56 and is all-in
72a00826: calls $2.61 and is all-in
Uncalled bet ($6.42) returned to 566f3186
566f3186: shows [Qh Qs] (Pair of Queens and Pair of Sixes)
72a00826: shows [5s 5c] (Fives Full over Sixes)
*** FIRST TURN *** [6s 5h 6h] [7c]
*** FIRST RIVER *** [6s 5h 6h 7c] [2s]
*** SECOND TURN *** [6s 5h 6h] [3s]
*** SECOND RIVER *** [6s 5h 6h 3s] [7d]
*** FIRST SHOWDOWN ***
72a00826 collected $8.69 from pot
*** SECOND SHOWDOWN ***
72a00826 collected $8.69 from pot
*** SUMMARY ***
Total pot $18.38 | Rake $0.9 | Jackpot $0.1 | Bingo $0 | Fortune $0 | Tax $0
Hand was run two times
FIRST Board [6s 5h 6h 7c 2s]
SECOND Board [3s 7d]
Seat 1: b69d13d folded before Flop (didn't bet)
Seat 2: b592b9b9 (button) folded before Flop (didn't bet)
Seat 3: 566f3186 (small blind) showed [Qh Qs] and lost with Pair of Queens and Pair of Sixes, and lost
Seat 4: Hero (big blind) folded before Flop
Seat 5: 72a00826 showed [5s 5c] and won ($8.69) with Fives Full over Sixes, and won ($8.69)
Seat 6: bffe4d21 folded before Flop (didn't bet)


