Poker Hand #HD1849650026: Hold'em No Limit ($0.05/$0.1) - 2024/07/09 14:32:06
Table 'NLHRed11' 6-max Seat #3 is the button
Seat 1: d5f5a635 ($10.26 in chips)
Seat 2: d07641a2 ($27.37 in chips)
Seat 3: c78cf8c9 ($23.81 in chips)
Seat 4: Hero ($10.12 in chips)
Seat 6: 792dd408 ($10.91 in chips)
Hero: posts small blind $0.05
792dd408: posts big blind $0.1
*** HOLE CARDS ***
Dealt to d5f5a635 
Dealt to d07641a2 
Dealt to c78cf8c9 
Dealt to Hero [3d 7s]
Dealt to 792dd408 
d5f5a635: folds
d07641a2: folds
c78cf8c9: folds
Hero: folds
Uncalled bet ($0.05) returned to 792dd408
*** SHOWDOWN ***
792dd408 collected $0.1 from pot
*** SUMMARY ***
Total pot $0.1 | Rake $0 | Jackpot $0 | Bingo $0 | Fortune $0 | Tax $0
Seat 1: d5f5a635 folded before Flop (didn't bet)
Seat 2: d07641a2 folded before Flop (didn't bet)
Seat 3: c78cf8c9 (button) folded before Flop (didn't bet)
Seat 4: Hero (small blind) folded before Flop
Seat 6: 792dd408 (big blind) collected ($0.1)


Poker Hand #HD1849649984: Hold'em No Limit ($0.05/$0.1) - 2024/07/09 14:31:45
Table 'NLHRed11' 6-max Seat #2 is the button
Seat 1: d5f5a635 ($10.26 in chips)
Seat 2: d07641a2 ($27.37 in chips)
Seat 3: c78cf8c9 ($23.86 in chips)
Seat 4: Hero ($10.22 in chips)
Seat 5: 820158 ($13.09 in chips)
c78cf8c9: posts small blind $0.05
Hero: posts big blind $0.1
*** HOLE CARDS ***
Dealt to d5f5a635 
Dealt to d07641a2 
Dealt to c78cf8c9 
Dealt to Hero [6d 8h]
Dealt to 820158 
820158: raises $0.1 to $0.2
d5f5a635: folds
d07641a2: folds
c78cf8c9: folds
Hero: folds
Uncalled bet ($0.1) returned to 820158
*** SHOWDOWN ***
820158 collected $0.25 from pot
*** SUMMARY ***
Total pot $0.25 | Rake $0 | Jackpot $0 | Bingo $0 | Fortune $0 | Tax $0
Seat 1: d5f5a635 folded before Flop (didn't bet)
Seat 2: d07641a2 (button) folded before Flop (didn't bet)
Seat 3: c78cf8c9 (small blind) folded before Flop
Seat 4: Hero (big blind) folded before Flop
Seat 5: 820158 collected ($0.25)


Poker Hand #HD1849649966: Hold'em No Limit ($0.05/$0.1) - 2024/07/09 14:31:32
Table 'NLHRed11' 6-max Seat #1 is the button
Seat 1: d5f5a635 ($10.26 in chips)
Seat 2: d07641a2 ($27.42 in chips)
Seat 3: c78cf8c9 ($23.81 in chips)
Seat 4: Hero ($10.22 in chips)
Seat 5: 820158 ($13.09 in chips)
d07641a2: posts small blind $0.05
c78cf8c9: posts big blind $0.1
*** HOLE CARDS ***
Dealt to d5f5a635 
Dealt to d07641a2 
Dealt to c78cf8c9 
Dealt to Hero [7s Qd]
Dealt to 820158 
Hero: folds
820158: folds
d5f5a635: folds
d07641a2: folds
Uncalled bet ($0.05) returned to c78cf8c9
*** SHOWDOWN ***
c78cf8c9 collected $0.1 from pot
*** SUMMARY ***
Total pot $0.1 | Rake $0 | Jackpot $0 | Bingo $0 | Fortune $0 | Tax $0
Seat 1: d5f5a635 (button) folded before Flop (didn't bet)
Seat 2: d07641a2 (small blind) folded before Flop
Seat 3: c78cf8c9 (big blind) collected ($0.1)
Seat 4: Hero folded before Flop (didn't bet)
Seat 5: 820158 folded before Flop (didn't bet)


Poker Hand #HD1849649827: Hold'em No Limit ($0.05/$0.1) - 2024/07/09 14:30:09
Table 'NLHRed11' 6-max Seat #5 is the button
Seat 1: d5f5a635 ($10.36 in chips)
Seat 2: d07641a2 ($27.42 in chips)
Seat 3: c78cf8c9 ($14.31 in chips)
Seat 4: Hero ($10.22 in chips)
Seat 5: 820158 ($13.09 in chips)
Seat 6: 366a0ad9 ($10.5 in chips)
366a0ad9: posts small blind $0.05
d5f5a635: posts big blind $0.1
*** HOLE CARDS ***
Dealt to d5f5a635 
Dealt to d07641a2 
Dealt to c78cf8c9 
Dealt to Hero [Qd 2d]
Dealt to 820158 
Dealt to 366a0ad9 
d07641a2: folds
c78cf8c9: raises $0.1 to $0.2
Hero: folds
820158: folds
366a0ad9: raises $0.5 to $0.7
d5f5a635: folds
c78cf8c9: calls $0.5
*** FLOP *** [2s 5c 5d]
366a0ad9: bets $0.75
c78cf8c9: calls $0.75
*** TURN *** [2s 5c 5d] [9d]
366a0ad9: bets $2.25
c78cf8c9: calls $2.25
*** RIVER *** [2s 5c 5d 9d] [3c]
366a0ad9: bets $6.8 and is all-in
c78cf8c9: calls $6.8
366a0ad9: shows [Ac Kc] (Pair of Fives)
c78cf8c9: shows [5s 6s] (Three Fives)
*** SHOWDOWN ***
c78cf8c9 collected $20 from pot
*** SUMMARY ***
Total pot $21.1 | Rake $1 | Jackpot $0.1 | Bingo $0 | Fortune $0 | Tax $0
Board [2s 5c 5d 9d 3c]
Seat 1: d5f5a635 (big blind) folded before Flop
Seat 2: d07641a2 folded before Flop (didn't bet)
Seat 3: c78cf8c9 showed [5s 6s] and won ($20) with Three Fives
Seat 4: Hero folded before Flop (didn't bet)
Seat 5: 820158 (button) folded before Flop (didn't bet)
Seat 6: 366a0ad9 (small blind) showed [Ac Kc] and lost with Pair of Fives


Poker Hand #HD1849649775: Hold'em No Limit ($0.05/$0.1) - 2024/07/09 14:29:39
Table 'NLHRed11' 6-max Seat #4 is the button
Seat 1: d5f5a635 ($10.36 in chips)
Seat 2: d07641a2 ($27.42 in chips)
Seat 3: c78cf8c9 ($14.31 in chips)
Seat 4: Hero ($10.22 in chips)
Seat 5: 820158 ($12.82 in chips)
Seat 6: 366a0ad9 ($10.8 in chips)
820158: posts small blind $0.05
366a0ad9: posts big blind $0.1
*** HOLE CARDS ***
Dealt to d5f5a635 
Dealt to d07641a2 
Dealt to c78cf8c9 
Dealt to Hero [3d Td]
Dealt to 820158 
Dealt to 366a0ad9 
d5f5a635: folds
d07641a2: folds
c78cf8c9: folds
Hero: folds
820158: raises $0.2 to $0.3
366a0ad9: calls $0.2
*** FLOP *** [7h 4h Kd]
820158: bets $0.2
366a0ad9: folds
Uncalled bet ($0.2) returned to 820158
*** SHOWDOWN ***
820158 collected $0.57 from pot
*** SUMMARY ***
Total pot $0.6 | Rake $0.03 | Jackpot $0 | Bingo $0 | Fortune $0 | Tax $0
Board [7h 4h Kd]
Seat 1: d5f5a635 folded before Flop (didn't bet)
Seat 2: d07641a2 folded before Flop (didn't bet)
Seat 3: c78cf8c9 folded before Flop (didn't bet)
Seat 4: Hero (button) folded before Flop (didn't bet)
Seat 5: 820158 (small blind) won ($0.57)
Seat 6: 366a0ad9 (big blind) folded on the Flop


Poker Hand #HD1849649744: Hold'em No Limit ($0.05/$0.1) - 2024/07/09 14:29:18
Table 'NLHRed11' 6-max Seat #3 is the button
Seat 1: d5f5a635 ($10.36 in chips)
Seat 2: d07641a2 ($27.42 in chips)
Seat 3: c78cf8c9 ($14.16 in chips)
Seat 4: Hero ($10.27 in chips)
Seat 5: 820158 ($12.92 in chips)
Seat 6: 366a0ad9 ($10.8 in chips)
Hero: posts small blind $0.05
820158: posts big blind $0.1
*** HOLE CARDS ***
Dealt to d5f5a635 
Dealt to d07641a2 
Dealt to c78cf8c9 
Dealt to Hero [7h Qc]
Dealt to 820158 
Dealt to 366a0ad9 
366a0ad9: folds
d5f5a635: folds
d07641a2: folds
c78cf8c9: raises $0.12 to $0.22
Hero: folds
820158: folds
Uncalled bet ($0.12) returned to c78cf8c9
*** SHOWDOWN ***
c78cf8c9 collected $0.25 from pot
*** SUMMARY ***
Total pot $0.25 | Rake $0 | Jackpot $0 | Bingo $0 | Fortune $0 | Tax $0
Seat 1: d5f5a635 folded before Flop (didn't bet)
Seat 2: d07641a2 folded before Flop (didn't bet)
Seat 3: c78cf8c9 (button) collected ($0.25)
Seat 4: Hero (small blind) folded before Flop
Seat 5: 820158 (big blind) folded before Flop
Seat 6: 366a0ad9 folded before Flop (didn't bet)


Poker Hand #HD1849649643: Hold'em No Limit ($0.05/$0.1) - 2024/07/09 14:28:06
Table 'NLHRed11' 6-max Seat #2 is the button
Seat 1: d5f5a635 ($10.36 in chips)
Seat 2: d07641a2 ($27.42 in chips)
Seat 3: c78cf8c9 ($14.46 in chips)
Seat 4: Hero ($10 in chips)
Seat 5: 820158 ($12.92 in chips)
Seat 6: 366a0ad9 ($10.8 in chips)
c78cf8c9: posts small blind $0.05
Hero: posts big blind $0.1
*** HOLE CARDS ***
Dealt to d5f5a635 
Dealt to d07641a2 
Dealt to c78cf8c9 
Dealt to Hero [9s 6s]
Dealt to 820158 
Dealt to 366a0ad9 
820158: folds
366a0ad9: folds
d5f5a635: folds
d07641a2: folds
c78cf8c9: raises $0.2 to $0.3
Hero: calls $0.2
*** FLOP *** [Ah 9d 4h]
c78cf8c9: checks
Hero: checks
*** TURN *** [Ah 9d 4h] [5s]
c78cf8c9: checks
Hero: bets $0.3
c78cf8c9: folds
Uncalled bet ($0.3) returned to Hero
*** SHOWDOWN ***
Hero collected $0.57 from pot
*** SUMMARY ***
Total pot $0.6 | Rake $0.03 | Jackpot $0 | Bingo $0 | Fortune $0 | Tax $0
Board [Ah 9d 4h 5s]
Seat 1: d5f5a635 folded before Flop (didn't bet)
Seat 2: d07641a2 (button) folded before Flop (didn't bet)
Seat 3: c78cf8c9 (small blind) folded on the Turn
Seat 4: Hero (big blind) won ($0.57)
Seat 5: 820158 folded before Flop (didn't bet)
Seat 6: 366a0ad9 folded before Flop (didn't bet)


Poker Hand #HD1849649592: Hold'em No Limit ($0.05/$0.1) - 2024/07/09 14:27:32
Table 'NLHRed11' 6-max Seat #1 is the button
Seat 1: d5f5a635 ($10.36 in chips)
Seat 2: d07641a2 ($27.15 in chips)
Seat 3: c78cf8c9 ($14.76 in chips)
Seat 4: Hero ($10 in chips)
Seat 5: 820158 ($12.92 in chips)
Seat 6: 366a0ad9 ($10.8 in chips)
d07641a2: posts small blind $0.05
c78cf8c9: posts big blind $0.1
*** HOLE CARDS ***
Dealt to d5f5a635 
Dealt to d07641a2 
Dealt to c78cf8c9 
Dealt to Hero [3c 9c]
Dealt to 820158 
Dealt to 366a0ad9 
Hero: folds
820158: folds
366a0ad9: folds
d5f5a635: folds
d07641a2: raises $0.2 to $0.3
c78cf8c9: calls $0.2
*** FLOP *** [5c Jd 2c]
d07641a2: bets $0.3
c78cf8c9: folds
Uncalled bet ($0.3) returned to d07641a2
*** SHOWDOWN ***
d07641a2 collected $0.57 from pot
*** SUMMARY ***
Total pot $0.6 | Rake $0.03 | Jackpot $0 | Bingo $0 | Fortune $0 | Tax $0
Board [5c Jd 2c]
Seat 1: d5f5a635 (button) folded before Flop (didn't bet)
Seat 2: d07641a2 (small blind) won ($0.57)
Seat 3: c78cf8c9 (big blind) folded on the Flop
Seat 4: Hero folded before Flop (didn't bet)
Seat 5: 820158 folded before Flop (didn't bet)
Seat 6: 366a0ad9 folded before Flop (didn't bet)


Poker Hand #HD1849649578: Hold'em No Limit ($0.05/$0.1) - 2024/07/09 14:27:19
Table 'NLHRed11' 6-max Seat #6 is the button
Seat 1: d5f5a635 ($10.41 in chips)
Seat 2: d07641a2 ($27.25 in chips)
Seat 3: c78cf8c9 ($14.76 in chips)
Seat 4: Hero ($10 in chips)
Seat 5: 820158 ($12.92 in chips)
Seat 6: 366a0ad9 ($10.65 in chips)
d5f5a635: posts small blind $0.05
d07641a2: posts big blind $0.1
*** HOLE CARDS ***
Dealt to d5f5a635 
Dealt to d07641a2 
Dealt to c78cf8c9 
Dealt to Hero [8c 9d]
Dealt to 820158 
Dealt to 366a0ad9 
c78cf8c9: folds
Hero: folds
820158: folds
366a0ad9: raises $0.2 to $0.3
d5f5a635: folds
d07641a2: folds
Uncalled bet ($0.2) returned to 366a0ad9
*** SHOWDOWN ***
366a0ad9 collected $0.25 from pot
*** SUMMARY ***
Total pot $0.25 | Rake $0 | Jackpot $0 | Bingo $0 | Fortune $0 | Tax $0
Seat 1: d5f5a635 (small blind) folded before Flop
Seat 2: d07641a2 (big blind) folded before Flop
Seat 3: c78cf8c9 folded before Flop (didn't bet)
Seat 4: Hero folded before Flop (didn't bet)
Seat 5: 820158 folded before Flop (didn't bet)
Seat 6: 366a0ad9 (button) collected ($0.25)


Poker Hand #HD1849649545: Hold'em No Limit ($0.05/$0.1) - 2024/07/09 14:26:56
Table 'NLHRed11' 6-max Seat #5 is the button
Seat 1: d5f5a635 ($10.36 in chips)
Seat 2: d07641a2 ($27.25 in chips)
Seat 3: c78cf8c9 ($14.76 in chips)
Seat 4: Hero ($10 in chips)
Seat 5: 820158 ($12.92 in chips)
Seat 6: 366a0ad9 ($10.7 in chips)
366a0ad9: posts small blind $0.05
d5f5a635: posts big blind $0.1
*** HOLE CARDS ***
Dealt to d5f5a635 
Dealt to d07641a2 
Dealt to c78cf8c9 
Dealt to Hero [4h Tc]
Dealt to 820158 
Dealt to 366a0ad9 
d07641a2: folds
c78cf8c9: folds
Hero: folds
820158: folds
366a0ad9: folds
Uncalled bet ($0.05) returned to d5f5a635
*** SHOWDOWN ***
d5f5a635 collected $0.1 from pot
*** SUMMARY ***
Total pot $0.1 | Rake $0 | Jackpot $0 | Bingo $0 | Fortune $0 | Tax $0
Seat 1: d5f5a635 (big blind) collected ($0.1)
Seat 2: d07641a2 folded before Flop (didn't bet)
Seat 3: c78cf8c9 folded before Flop (didn't bet)
Seat 4: Hero folded before Flop (didn't bet)
Seat 5: 820158 (button) folded before Flop (didn't bet)
Seat 6: 366a0ad9 (small blind) folded before Flop


Poker Hand #HD1849649528: Hold'em No Limit ($0.05/$0.1) - 2024/07/09 14:26:46
Table 'NLHRed11' 6-max Seat #4 is the button
Seat 1: d5f5a635 ($10.36 in chips)
Seat 2: d07641a2 ($27.25 in chips)
Seat 3: c78cf8c9 ($14.76 in chips)
Seat 4: Hero ($10 in chips)
Seat 5: 820158 ($12.97 in chips)
Seat 6: 366a0ad9 ($10.65 in chips)
820158: posts small blind $0.05
366a0ad9: posts big blind $0.1
*** HOLE CARDS ***
Dealt to d5f5a635 
Dealt to d07641a2 
Dealt to c78cf8c9 
Dealt to Hero [Kc 9d]
Dealt to 820158 
Dealt to 366a0ad9 
d5f5a635: folds
d07641a2: folds
c78cf8c9: folds
Hero: folds
820158: folds
Uncalled bet ($0.05) returned to 366a0ad9
*** SHOWDOWN ***
366a0ad9 collected $0.1 from pot
*** SUMMARY ***
Total pot $0.1 | Rake $0 | Jackpot $0 | Bingo $0 | Fortune $0 | Tax $0
Seat 1: d5f5a635 folded before Flop (didn't bet)
Seat 2: d07641a2 folded before Flop (didn't bet)
Seat 3: c78cf8c9 folded before Flop (didn't bet)
Seat 4: Hero (button) folded before Flop (didn't bet)
Seat 5: 820158 (small blind) folded before Flop
Seat 6: 366a0ad9 (big blind) collected ($0.1)


Poker Hand #HD1849649444: Hold'em No Limit ($0.05/$0.1) - 2024/07/09 14:25:46
Table 'NLHRed11' 6-max Seat #3 is the button
Seat 1: d5f5a635 ($10.36 in chips)
Seat 2: d07641a2 ($27.25 in chips)
Seat 3: c78cf8c9 ($14.51 in chips)
Seat 4: Hero ($10 in chips)
Seat 5: 820158 ($13.19 in chips)
Seat 6: 366a0ad9 ($10.65 in chips)
Hero: posts small blind $0.05
820158: posts big blind $0.1
*** HOLE CARDS ***
Dealt to d5f5a635 
Dealt to d07641a2 
Dealt to c78cf8c9 
Dealt to Hero [9s 6h]
Dealt to 820158 
Dealt to 366a0ad9 
366a0ad9: folds
d5f5a635: folds
d07641a2: folds
c78cf8c9: raises $0.12 to $0.22
Hero: folds
820158: calls $0.12
*** FLOP *** [Js 4h Kc]
820158: checks
c78cf8c9: checks
*** TURN *** [Js 4h Kc] [6s]
820158: checks
c78cf8c9: checks
*** RIVER *** [Js 4h Kc 6s] [Ac]
820158: checks
c78cf8c9: bets $0.17
820158: folds
Uncalled bet ($0.17) returned to c78cf8c9
*** SHOWDOWN ***
c78cf8c9 collected $0.47 from pot
*** SUMMARY ***
Total pot $0.49 | Rake $0.02 | Jackpot $0 | Bingo $0 | Fortune $0 | Tax $0
Board [Js 4h Kc 6s Ac]
Seat 1: d5f5a635 folded before Flop (didn't bet)
Seat 2: d07641a2 folded before Flop (didn't bet)
Seat 3: c78cf8c9 (button) won ($0.47)
Seat 4: Hero (small blind) folded before Flop
Seat 5: 820158 (big blind) folded on the River
Seat 6: 366a0ad9 folded before Flop (didn't bet)


Poker Hand #HD1849649339: Hold'em No Limit ($0.05/$0.1) - 2024/07/09 14:24:39
Table 'NLHRed11' 6-max Seat #2 is the button
Seat 1: d5f5a635 ($10.36 in chips)
Seat 2: d07641a2 ($26.57 in chips)
Seat 3: c78cf8c9 ($14.61 in chips)
Seat 4: Hero ($10.54 in chips)
Seat 5: 820158 ($13.19 in chips)
Seat 6: 366a0ad9 ($10.65 in chips)
c78cf8c9: posts small blind $0.05
Hero: posts big blind $0.1
*** HOLE CARDS ***
Dealt to d5f5a635 
Dealt to d07641a2 
Dealt to c78cf8c9 
Dealt to Hero [Qs Td]
Dealt to 820158 
Dealt to 366a0ad9 
820158: folds
366a0ad9: folds
d5f5a635: folds
d07641a2: calls $0.1
c78cf8c9: calls $0.05
Hero: checks
*** FLOP *** [2h Th 5s]
c78cf8c9: checks
Hero: bets $0.2
d07641a2: calls $0.2
c78cf8c9: folds
*** TURN *** [2h Th 5s] [Ad]
Hero: checks
d07641a2: bets $0.35
Hero: calls $0.35
*** RIVER *** [2h Th 5s Ad] [As]
Hero: checks
d07641a2: bets $1.4
Hero: folds
Uncalled bet ($1.4) returned to d07641a2
*** SHOWDOWN ***
d07641a2 collected $1.33 from pot
*** SUMMARY ***
Total pot $1.4 | Rake $0.07 | Jackpot $0 | Bingo $0 | Fortune $0 | Tax $0
Board [2h Th 5s Ad As]
Seat 1: d5f5a635 folded before Flop (didn't bet)
Seat 2: d07641a2 (button) won ($1.33)
Seat 3: c78cf8c9 (small blind) folded on the Flop
Seat 4: Hero (big blind) folded on the River
Seat 5: 820158 folded before Flop (didn't bet)
Seat 6: 366a0ad9 folded before Flop (didn't bet)


Poker Hand #HD1849649311: Hold'em No Limit ($0.05/$0.1) - 2024/07/09 14:24:20
Table 'NLHRed11' 6-max Seat #1 is the button
Seat 1: d5f5a635 ($10.36 in chips)
Seat 2: d07641a2 ($26.62 in chips)
Seat 3: c78cf8c9 ($14.56 in chips)
Seat 4: Hero ($10.54 in chips)
Seat 5: 820158 ($13.19 in chips)
Seat 6: 366a0ad9 ($10.65 in chips)
d07641a2: posts small blind $0.05
c78cf8c9: posts big blind $0.1
*** HOLE CARDS ***
Dealt to d5f5a635 
Dealt to d07641a2 
Dealt to c78cf8c9 
Dealt to Hero [6c 5h]
Dealt to 820158 
Dealt to 366a0ad9 
Hero: folds
820158: folds
366a0ad9: folds
d5f5a635: folds
d07641a2: folds
Uncalled bet ($0.05) returned to c78cf8c9
*** SHOWDOWN ***
c78cf8c9 collected $0.1 from pot
*** SUMMARY ***
Total pot $0.1 | Rake $0 | Jackpot $0 | Bingo $0 | Fortune $0 | Tax $0
Seat 1: d5f5a635 (button) folded before Flop (didn't bet)
Seat 2: d07641a2 (small blind) folded before Flop
Seat 3: c78cf8c9 (big blind) collected ($0.1)
Seat 4: Hero folded before Flop (didn't bet)
Seat 5: 820158 folded before Flop (didn't bet)
Seat 6: 366a0ad9 folded before Flop (didn't bet)


Poker Hand #HD1849649280: Hold'em No Limit ($0.05/$0.1) - 2024/07/09 14:23:58
Table 'NLHRed11' 6-max Seat #6 is the button
Seat 1: d5f5a635 ($10.41 in chips)
Seat 2: d07641a2 ($26.72 in chips)
Seat 3: c78cf8c9 ($14.56 in chips)
Seat 4: Hero ($10.54 in chips)
Seat 5: 820158 ($13.19 in chips)
Seat 6: 366a0ad9 ($10.5 in chips)
d5f5a635: posts small blind $0.05
d07641a2: posts big blind $0.1
*** HOLE CARDS ***
Dealt to d5f5a635 
Dealt to d07641a2 
Dealt to c78cf8c9 
Dealt to Hero [5d Ts]
Dealt to 820158 
Dealt to 366a0ad9 
c78cf8c9: folds
Hero: folds
820158: folds
366a0ad9: raises $0.2 to $0.3
d5f5a635: folds
d07641a2: folds
Uncalled bet ($0.2) returned to 366a0ad9
*** SHOWDOWN ***
366a0ad9 collected $0.25 from pot
*** SUMMARY ***
Total pot $0.25 | Rake $0 | Jackpot $0 | Bingo $0 | Fortune $0 | Tax $0
Seat 1: d5f5a635 (small blind) folded before Flop
Seat 2: d07641a2 (big blind) folded before Flop
Seat 3: c78cf8c9 folded before Flop (didn't bet)
Seat 4: Hero folded before Flop (didn't bet)
Seat 5: 820158 folded before Flop (didn't bet)
Seat 6: 366a0ad9 (button) collected ($0.25)


Poker Hand #HD1849649211: Hold'em No Limit ($0.05/$0.1) - 2024/07/09 14:23:11
Table 'NLHRed11' 6-max Seat #5 is the button
Seat 1: d5f5a635 ($10 in chips)
Seat 2: d07641a2 ($27.12 in chips)
Seat 3: c78cf8c9 ($14.56 in chips)
Seat 4: Hero ($10.54 in chips)
Seat 5: 820158 ($13.19 in chips)
Seat 6: 366a0ad9 ($10.55 in chips)
366a0ad9: posts small blind $0.05
d5f5a635: posts big blind $0.1
*** HOLE CARDS ***
Dealt to d5f5a635 
Dealt to d07641a2 
Dealt to c78cf8c9 
Dealt to Hero [3s 8h]
Dealt to 820158 
Dealt to 366a0ad9 
d07641a2: calls $0.1
c78cf8c9: folds
Hero: folds
820158: folds
366a0ad9: folds
d5f5a635: checks
*** FLOP *** [2h Qh 3h]
d5f5a635: checks
d07641a2: checks
*** TURN *** [2h Qh 3h] [5d]
d5f5a635: bets $0.3
d07641a2: calls $0.3
*** RIVER *** [2h Qh 3h 5d] [4d]
d5f5a635: checks
d07641a2: checks
d5f5a635: shows [Qs 5h] (Pair of Queens and Pair of Fives)
d07641a2: shows [2s 5s] (Pair of Fives and Pair of Twos)
*** SHOWDOWN ***
d5f5a635 collected $0.81 from pot
*** SUMMARY ***
Total pot $0.85 | Rake $0.04 | Jackpot $0 | Bingo $0 | Fortune $0 | Tax $0
Board [2h Qh 3h 5d 4d]
Seat 1: d5f5a635 (big blind) showed [Qs 5h] and won ($0.81) with Pair of Queens and Pair of Fives
Seat 2: d07641a2 showed [2s 5s] and lost with Pair of Fives and Pair of Twos
Seat 3: c78cf8c9 folded before Flop (didn't bet)
Seat 4: Hero folded before Flop (didn't bet)
Seat 5: 820158 (button) folded before Flop (didn't bet)
Seat 6: 366a0ad9 (small blind) folded before Flop


Poker Hand #HD1849649136: Hold'em No Limit ($0.05/$0.1) - 2024/07/09 14:22:17
Table 'NLHRed11' 6-max Seat #4 is the button
Seat 1: d5f5a635 ($10 in chips)
Seat 2: d07641a2 ($27.12 in chips)
Seat 3: c78cf8c9 ($14.56 in chips)
Seat 4: Hero ($10 in chips)
Seat 5: 820158 ($13.24 in chips)
Seat 6: 366a0ad9 ($11.09 in chips)
820158: posts small blind $0.05
366a0ad9: posts big blind $0.1
*** HOLE CARDS ***
Dealt to d5f5a635 
Dealt to d07641a2 
Dealt to c78cf8c9 
Dealt to Hero [Kc 9h]
Dealt to 820158 
Dealt to 366a0ad9 
d5f5a635: folds
d07641a2: folds
c78cf8c9: folds
Hero: raises $0.14 to $0.24
820158: folds
366a0ad9: calls $0.14
*** FLOP *** [Ah Th Ts]
366a0ad9: checks
Hero: checks
*** TURN *** [Ah Th Ts] [5s]
366a0ad9: checks
Hero: bets $0.3
366a0ad9: calls $0.3
*** RIVER *** [Ah Th Ts 5s] [2c]
366a0ad9: checks
Hero: checks
366a0ad9: shows [Jh Qc] (Pair of Tens)
Hero: shows [Kc 9h] (Pair of Tens)
*** SHOWDOWN ***
Hero collected $1.08 from pot
*** SUMMARY ***
Total pot $1.13 | Rake $0.05 | Jackpot $0 | Bingo $0 | Fortune $0 | Tax $0
Board [Ah Th Ts 5s 2c]
Seat 1: d5f5a635 folded before Flop (didn't bet)
Seat 2: d07641a2 folded before Flop (didn't bet)
Seat 3: c78cf8c9 folded before Flop (didn't bet)
Seat 4: Hero (button) showed [Kc 9h] and won ($1.08) with Pair of Tens
Seat 5: 820158 (small blind) folded before Flop
Seat 6: 366a0ad9 (big blind) showed [Jh Qc] and lost with Pair of Tens


Poker Hand #HD1849649104: Hold'em No Limit ($0.05/$0.1) - 2024/07/09 14:21:55
Table 'NLHRed11' 6-max Seat #3 is the button
Seat 1: d5f5a635 ($10.52 in chips)
Seat 2: d07641a2 ($27.12 in chips)
Seat 3: c78cf8c9 ($14.56 in chips)
Seat 4: Hero ($10 in chips)
Seat 5: 820158 ($13.34 in chips)
Seat 6: 366a0ad9 ($10.13 in chips)
Hero: posts small blind $0.05
820158: posts big blind $0.1
*** HOLE CARDS ***
Dealt to d5f5a635 
Dealt to d07641a2 
Dealt to c78cf8c9 
Dealt to Hero [2s 7c]
Dealt to 820158 
Dealt to 366a0ad9 
366a0ad9: raises $0.2 to $0.3
d5f5a635: raises $0.6 to $0.9
d07641a2: folds
c78cf8c9: folds
Hero: folds
820158: folds
366a0ad9: raises $1.47 to $2.37
d5f5a635: folds
Uncalled bet ($1.47) returned to 366a0ad9
*** SHOWDOWN ***
366a0ad9 collected $1.86 from pot
*** SUMMARY ***
Total pot $1.95 | Rake $0.09 | Jackpot $0 | Bingo $0 | Fortune $0 | Tax $0
Seat 1: d5f5a635 folded before Flop
Seat 2: d07641a2 folded before Flop (didn't bet)
Seat 3: c78cf8c9 (button) folded before Flop (didn't bet)
Seat 4: Hero (small blind) folded before Flop
Seat 5: 820158 (big blind) folded before Flop
Seat 6: 366a0ad9 collected ($1.86)


Poker Hand #HD1849649066: Hold'em No Limit ($0.05/$0.1) - 2024/07/09 14:21:24
Table 'NLHRed11' 6-max Seat #2 is the button
Seat 1: d5f5a635 ($10.52 in chips)
Seat 2: d07641a2 ($27.12 in chips)
Seat 3: c78cf8c9 ($14.61 in chips)
Seat 4: Hero ($10 in chips)
Seat 5: 820158 ($13.34 in chips)
Seat 6: 366a0ad9 ($9.81 in chips)
c78cf8c9: posts small blind $0.05
Hero: posts big blind $0.1
*** HOLE CARDS ***
Dealt to d5f5a635 
Dealt to d07641a2 
Dealt to c78cf8c9 
Dealt to Hero [9h 9c]
Dealt to 820158 
Dealt to 366a0ad9 
820158: folds
366a0ad9: raises $0.2 to $0.3
d5f5a635: folds
d07641a2: folds
c78cf8c9: folds
Hero: calls $0.2
*** FLOP *** [Kc 6d 8d]
Hero: checks
366a0ad9: bets $0.33
Hero: folds
Uncalled bet ($0.33) returned to 366a0ad9
*** SHOWDOWN ***
366a0ad9 collected $0.62 from pot
*** SUMMARY ***
Total pot $0.65 | Rake $0.03 | Jackpot $0 | Bingo $0 | Fortune $0 | Tax $0
Board [Kc 6d 8d]
Seat 1: d5f5a635 folded before Flop (didn't bet)
Seat 2: d07641a2 (button) folded before Flop (didn't bet)
Seat 3: c78cf8c9 (small blind) folded before Flop
Seat 4: Hero (big blind) folded on the Flop
Seat 5: 820158 folded before Flop (didn't bet)
Seat 6: 366a0ad9 won ($0.62)


Poker Hand #HD1849649048: Hold'em No Limit ($0.05/$0.1) - 2024/07/09 14:21:11
Table 'NLHRed11' 6-max Seat #1 is the button
Seat 1: d5f5a635 ($10.37 in chips)
Seat 2: d07641a2 ($27.17 in chips)
Seat 3: c78cf8c9 ($14.71 in chips)
Seat 4: Hero ($10 in chips)
Seat 5: 820158 ($13.34 in chips)
Seat 6: 366a0ad9 ($9.81 in chips)
d07641a2: posts small blind $0.05
c78cf8c9: posts big blind $0.1
*** HOLE CARDS ***
Dealt to d5f5a635 
Dealt to d07641a2 
Dealt to c78cf8c9 
Dealt to Hero [5h 3s]
Dealt to 820158 
Dealt to 366a0ad9 
Hero: folds
820158: folds
366a0ad9: folds
d5f5a635: raises $0.15 to $0.25
d07641a2: folds
c78cf8c9: folds
Uncalled bet ($0.15) returned to d5f5a635
*** SHOWDOWN ***
d5f5a635 collected $0.25 from pot
*** SUMMARY ***
Total pot $0.25 | Rake $0 | Jackpot $0 | Bingo $0 | Fortune $0 | Tax $0
Seat 1: d5f5a635 (button) collected ($0.25)
Seat 2: d07641a2 (small blind) folded before Flop
Seat 3: c78cf8c9 (big blind) folded before Flop
Seat 4: Hero folded before Flop (didn't bet)
Seat 5: 820158 folded before Flop (didn't bet)
Seat 6: 366a0ad9 folded before Flop (didn't bet)


Poker Hand #HD1849648987: Hold'em No Limit ($0.05/$0.1) - 2024/07/09 14:20:26
Table 'NLHRed11' 6-max Seat #6 is the button
Seat 1: d5f5a635 ($10.42 in chips)
Seat 2: d07641a2 ($27.27 in chips)
Seat 3: c78cf8c9 ($14.71 in chips)
Seat 4: Hero ($10.59 in chips)
Seat 5: 820158 ($11.49 in chips)
Seat 6: 366a0ad9 ($9.81 in chips)
d5f5a635: posts small blind $0.05
d07641a2: posts big blind $0.1
*** HOLE CARDS ***
Dealt to d5f5a635 
Dealt to d07641a2 
Dealt to c78cf8c9 
Dealt to Hero [Qc Kc]
Dealt to 820158 
Dealt to 366a0ad9 
c78cf8c9: folds
Hero: raises $0.1 to $0.2
820158: raises $0.55 to $0.75
366a0ad9: folds
d5f5a635: folds
d07641a2: folds
Hero: raises $1.25 to $2
820158: raises $9.49 to $11.49 and is all-in
Hero: folds
Uncalled bet ($9.49) returned to 820158
*** SHOWDOWN ***
820158 collected $3.85 from pot
*** SUMMARY ***
Total pot $4.15 | Rake $0.2 | Jackpot $0.1 | Bingo $0 | Fortune $0 | Tax $0
Seat 1: d5f5a635 (small blind) folded before Flop
Seat 2: d07641a2 (big blind) folded before Flop
Seat 3: c78cf8c9 folded before Flop (didn't bet)
Seat 4: Hero folded before Flop
Seat 5: 820158 collected ($3.85)
Seat 6: 366a0ad9 (button) folded before Flop (didn't bet)


Poker Hand #HD1849648967: Hold'em No Limit ($0.05/$0.1) - 2024/07/09 14:20:09
Table 'NLHRed11' 6-max Seat #5 is the button
Seat 1: d5f5a635 ($10.52 in chips)
Seat 2: d07641a2 ($27.27 in chips)
Seat 3: c78cf8c9 ($14.71 in chips)
Seat 4: Hero ($10.59 in chips)
Seat 5: 820158 ($11.49 in chips)
Seat 6: 366a0ad9 ($9.71 in chips)
366a0ad9: posts small blind $0.05
d5f5a635: posts big blind $0.1
*** HOLE CARDS ***
Dealt to d5f5a635 
Dealt to d07641a2 
Dealt to c78cf8c9 
Dealt to Hero [8d 3s]
Dealt to 820158 
Dealt to 366a0ad9 
d07641a2: folds
c78cf8c9: folds
Hero: folds
820158: folds
366a0ad9: raises $0.2 to $0.3
d5f5a635: folds
Uncalled bet ($0.2) returned to 366a0ad9
*** SHOWDOWN ***
366a0ad9 collected $0.2 from pot
*** SUMMARY ***
Total pot $0.2 | Rake $0 | Jackpot $0 | Bingo $0 | Fortune $0 | Tax $0
Seat 1: d5f5a635 (big blind) folded before Flop
Seat 2: d07641a2 folded before Flop (didn't bet)
Seat 3: c78cf8c9 folded before Flop (didn't bet)
Seat 4: Hero folded before Flop (didn't bet)
Seat 5: 820158 (button) folded before Flop (didn't bet)
Seat 6: 366a0ad9 (small blind) collected ($0.2)


Poker Hand #HD1849648918: Hold'em No Limit ($0.05/$0.1) - 2024/07/09 14:19:30
Table 'NLHRed11' 6-max Seat #4 is the button
Seat 1: d5f5a635 ($10.82 in chips)
Seat 2: d07641a2 ($27.27 in chips)
Seat 3: c78cf8c9 ($14.1 in chips)
Seat 4: Hero ($10.59 in chips)
Seat 5: 820158 ($11.54 in chips)
Seat 6: 366a0ad9 ($10.01 in chips)
820158: posts small blind $0.05
366a0ad9: posts big blind $0.1
*** HOLE CARDS ***
Dealt to d5f5a635 
Dealt to d07641a2 
Dealt to c78cf8c9 
Dealt to Hero [2c 2h]
Dealt to 820158 
Dealt to 366a0ad9 
d5f5a635: raises $0.2 to $0.3
d07641a2: folds
c78cf8c9: calls $0.3
Hero: folds
820158: folds
366a0ad9: calls $0.2
*** FLOP *** [7h Ad As]
366a0ad9: checks
d5f5a635: checks
c78cf8c9: bets $0.32
366a0ad9: folds
d5f5a635: folds
Uncalled bet ($0.32) returned to c78cf8c9
*** SHOWDOWN ***
c78cf8c9 collected $0.91 from pot
*** SUMMARY ***
Total pot $0.95 | Rake $0.04 | Jackpot $0 | Bingo $0 | Fortune $0 | Tax $0
Board [7h Ad As]
Seat 1: d5f5a635 folded on the Flop
Seat 2: d07641a2 folded before Flop (didn't bet)
Seat 3: c78cf8c9 won ($0.91)
Seat 4: Hero (button) folded before Flop (didn't bet)
Seat 5: 820158 (small blind) folded before Flop
Seat 6: 366a0ad9 (big blind) folded on the Flop


Poker Hand #HD1849648891: Hold'em No Limit ($0.05/$0.1) - 2024/07/09 14:19:04
Table 'NLHRed11' 6-max Seat #3 is the button
Seat 1: d5f5a635 ($10.82 in chips)
Seat 2: d07641a2 ($27.27 in chips)
Seat 3: c78cf8c9 ($14.1 in chips)
Seat 4: Hero ($10.49 in chips)
Seat 5: 820158 ($11.64 in chips)
Seat 6: 366a0ad9 ($10.01 in chips)
Hero: posts small blind $0.05
820158: posts big blind $0.1
*** HOLE CARDS ***
Dealt to d5f5a635 
Dealt to d07641a2 
Dealt to c78cf8c9 
Dealt to Hero [Qc Kh]
Dealt to 820158 
Dealt to 366a0ad9 
366a0ad9: folds
d5f5a635: folds
d07641a2: folds
c78cf8c9: folds
Hero: raises $0.2 to $0.3
820158: folds
Uncalled bet ($0.2) returned to Hero
*** SHOWDOWN ***
Hero collected $0.2 from pot
*** SUMMARY ***
Total pot $0.2 | Rake $0 | Jackpot $0 | Bingo $0 | Fortune $0 | Tax $0
Seat 1: d5f5a635 folded before Flop (didn't bet)
Seat 2: d07641a2 folded before Flop (didn't bet)
Seat 3: c78cf8c9 (button) folded before Flop (didn't bet)
Seat 4: Hero (small blind) collected ($0.2)
Seat 5: 820158 (big blind) folded before Flop
Seat 6: 366a0ad9 folded before Flop (didn't bet)


Poker Hand #HD1849648852: Hold'em No Limit ($0.05/$0.1) - 2024/07/09 14:18:33
Table 'NLHRed11' 6-max Seat #2 is the button
Seat 1: d5f5a635 ($10.82 in chips)
Seat 2: d07641a2 ($27.27 in chips)
Seat 3: c78cf8c9 ($14.15 in chips)
Seat 4: Hero ($10.59 in chips)
Seat 5: 820158 ($11.49 in chips)
Seat 6: 366a0ad9 ($10.01 in chips)
c78cf8c9: posts small blind $0.05
Hero: posts big blind $0.1
*** HOLE CARDS ***
Dealt to d5f5a635 
Dealt to d07641a2 
Dealt to c78cf8c9 
Dealt to Hero [8s 7c]
Dealt to 820158 
Dealt to 366a0ad9 
820158: raises $0.1 to $0.2
366a0ad9: folds
d5f5a635: folds
d07641a2: folds
c78cf8c9: folds
Hero: folds
Uncalled bet ($0.1) returned to 820158
*** SHOWDOWN ***
820158 collected $0.25 from pot
*** SUMMARY ***
Total pot $0.25 | Rake $0 | Jackpot $0 | Bingo $0 | Fortune $0 | Tax $0
Seat 1: d5f5a635 folded before Flop (didn't bet)
Seat 2: d07641a2 (button) folded before Flop (didn't bet)
Seat 3: c78cf8c9 (small blind) folded before Flop
Seat 4: Hero (big blind) folded before Flop
Seat 5: 820158 collected ($0.25)
Seat 6: 366a0ad9 folded before Flop (didn't bet)


Poker Hand #HD1849648822: Hold'em No Limit ($0.05/$0.1) - 2024/07/09 14:18:08
Table 'NLHRed11' 6-max Seat #1 is the button
Seat 1: d5f5a635 ($10.82 in chips)
Seat 2: d07641a2 ($27.32 in chips)
Seat 3: c78cf8c9 ($14.25 in chips)
Seat 4: Hero ($10.59 in chips)
Seat 5: 820158 ($11.49 in chips)
Seat 6: 366a0ad9 ($9.86 in chips)
d07641a2: posts small blind $0.05
c78cf8c9: posts big blind $0.1
*** HOLE CARDS ***
Dealt to d5f5a635 
Dealt to d07641a2 
Dealt to c78cf8c9 
Dealt to Hero [6c 2d]
Dealt to 820158 
Dealt to 366a0ad9 
Hero: folds
820158: folds
366a0ad9: raises $0.2 to $0.3
d5f5a635: folds
d07641a2: folds
c78cf8c9: folds
Uncalled bet ($0.2) returned to 366a0ad9
*** SHOWDOWN ***
366a0ad9 collected $0.25 from pot
*** SUMMARY ***
Total pot $0.25 | Rake $0 | Jackpot $0 | Bingo $0 | Fortune $0 | Tax $0
Seat 1: d5f5a635 (button) folded before Flop (didn't bet)
Seat 2: d07641a2 (small blind) folded before Flop
Seat 3: c78cf8c9 (big blind) folded before Flop
Seat 4: Hero folded before Flop (didn't bet)
Seat 5: 820158 folded before Flop (didn't bet)
Seat 6: 366a0ad9 collected ($0.25)


Poker Hand #HD1849648805: Hold'em No Limit ($0.05/$0.1) - 2024/07/09 14:17:55
Table 'NLHRed11' 6-max Seat #6 is the button
Seat 1: d5f5a635 ($10.72 in chips)
Seat 2: d07641a2 ($27.42 in chips)
Seat 3: c78cf8c9 ($14.25 in chips)
Seat 4: Hero ($10.59 in chips)
Seat 5: 820158 ($11.49 in chips)
Seat 6: 366a0ad9 ($9.86 in chips)
d5f5a635: posts small blind $0.05
d07641a2: posts big blind $0.1
*** HOLE CARDS ***
Dealt to d5f5a635 
Dealt to d07641a2 
Dealt to c78cf8c9 
Dealt to Hero [Qh 5c]
Dealt to 820158 
Dealt to 366a0ad9 
c78cf8c9: folds
Hero: folds
820158: folds
366a0ad9: folds
d5f5a635: raises $0.2 to $0.3
d07641a2: folds
Uncalled bet ($0.2) returned to d5f5a635
*** SHOWDOWN ***
d5f5a635 collected $0.2 from pot
*** SUMMARY ***
Total pot $0.2 | Rake $0 | Jackpot $0 | Bingo $0 | Fortune $0 | Tax $0
Seat 1: d5f5a635 (small blind) collected ($0.2)
Seat 2: d07641a2 (big blind) folded before Flop
Seat 3: c78cf8c9 folded before Flop (didn't bet)
Seat 4: Hero folded before Flop (didn't bet)
Seat 5: 820158 folded before Flop (didn't bet)
Seat 6: 366a0ad9 (button) folded before Flop (didn't bet)


Poker Hand #HD1849648792: Hold'em No Limit ($0.05/$0.1) - 2024/07/09 14:17:45
Table 'NLHRed11' 6-max Seat #5 is the button
Seat 1: d5f5a635 ($10.82 in chips)
Seat 2: d07641a2 ($27.27 in chips)
Seat 3: c78cf8c9 ($14.25 in chips)
Seat 4: Hero ($10.59 in chips)
Seat 5: 820158 ($11.49 in chips)
Seat 6: 366a0ad9 ($9.91 in chips)
366a0ad9: posts small blind $0.05
d5f5a635: posts big blind $0.1
*** HOLE CARDS ***
Dealt to d5f5a635 
Dealt to d07641a2 
Dealt to c78cf8c9 
Dealt to Hero [Qs Th]
Dealt to 820158 
Dealt to 366a0ad9 
d07641a2: raises $0.2 to $0.3
c78cf8c9: folds
Hero: folds
820158: folds
366a0ad9: folds
d5f5a635: folds
Uncalled bet ($0.2) returned to d07641a2
*** SHOWDOWN ***
d07641a2 collected $0.25 from pot
*** SUMMARY ***
Total pot $0.25 | Rake $0 | Jackpot $0 | Bingo $0 | Fortune $0 | Tax $0
Seat 1: d5f5a635 (big blind) folded before Flop
Seat 2: d07641a2 collected ($0.25)
Seat 3: c78cf8c9 folded before Flop (didn't bet)
Seat 4: Hero folded before Flop (didn't bet)
Seat 5: 820158 (button) folded before Flop (didn't bet)
Seat 6: 366a0ad9 (small blind) folded before Flop


Poker Hand #HD1849648731: Hold'em No Limit ($0.05/$0.1) - 2024/07/09 14:16:58
Table 'NLHRed11' 6-max Seat #4 is the button
Seat 1: d5f5a635 ($10.82 in chips)
Seat 2: d07641a2 ($27.27 in chips)
Seat 3: c78cf8c9 ($14.25 in chips)
Seat 4: Hero ($10.59 in chips)
Seat 5: 820158 ($10.41 in chips)
Seat 6: 366a0ad9 ($11.11 in chips)
820158: posts small blind $0.05
366a0ad9: posts big blind $0.1
*** HOLE CARDS ***
Dealt to d5f5a635 
Dealt to d07641a2 
Dealt to c78cf8c9 
Dealt to Hero [4d Qs]
Dealt to 820158 
Dealt to 366a0ad9 
d5f5a635: folds
d07641a2: folds
c78cf8c9: folds
Hero: folds
820158: raises $0.2 to $0.3
366a0ad9: calls $0.2
*** FLOP *** [Jc Td Qc]
820158: checks
366a0ad9: bets $0.3
820158: calls $0.3
*** TURN *** [Jc Td Qc] [8c]
820158: checks
366a0ad9: checks
*** RIVER *** [Jc Td Qc 8c] [Ks]
820158: checks
366a0ad9: bets $0.6
820158: calls $0.6
366a0ad9: shows [Kd Tc] (Pair of Kings and Pair of Tens)
820158: shows [Ah 7c] (Aces-High Straight)
*** SHOWDOWN ***
820158 collected $2.28 from pot
*** SUMMARY ***
Total pot $2.4 | Rake $0.12 | Jackpot $0 | Bingo $0 | Fortune $0 | Tax $0
Board [Jc Td Qc 8c Ks]
Seat 1: d5f5a635 folded before Flop (didn't bet)
Seat 2: d07641a2 folded before Flop (didn't bet)
Seat 3: c78cf8c9 folded before Flop (didn't bet)
Seat 4: Hero (button) folded before Flop (didn't bet)
Seat 5: 820158 (small blind) showed [Ah 7c] and won ($2.28) with Aces-High Straight
Seat 6: 366a0ad9 (big blind) showed [Kd Tc] and lost with Pair of Kings and Pair of Tens


Poker Hand #HD1849648690: Hold'em No Limit ($0.05/$0.1) - 2024/07/09 14:16:32
Table 'NLHRed11' 6-max Seat #3 is the button
Seat 1: d5f5a635 ($10.67 in chips)
Seat 2: d07641a2 ($27.27 in chips)
Seat 3: c78cf8c9 ($14.25 in chips)
Seat 4: Hero ($10.64 in chips)
Seat 5: 820158 ($10.51 in chips)
Seat 6: 366a0ad9 ($11.11 in chips)
Hero: posts small blind $0.05
820158: posts big blind $0.1
*** HOLE CARDS ***
Dealt to d5f5a635 
Dealt to d07641a2 
Dealt to c78cf8c9 
Dealt to Hero [3d Jh]
Dealt to 820158 
Dealt to 366a0ad9 
366a0ad9: folds
d5f5a635: raises $0.2 to $0.3
d07641a2: folds
c78cf8c9: folds
Hero: folds
820158: folds
Uncalled bet ($0.2) returned to d5f5a635
*** SHOWDOWN ***
d5f5a635 collected $0.25 from pot
*** SUMMARY ***
Total pot $0.25 | Rake $0 | Jackpot $0 | Bingo $0 | Fortune $0 | Tax $0
Seat 1: d5f5a635 collected ($0.25)
Seat 2: d07641a2 folded before Flop (didn't bet)
Seat 3: c78cf8c9 (button) folded before Flop (didn't bet)
Seat 4: Hero (small blind) folded before Flop
Seat 5: 820158 (big blind) folded before Flop
Seat 6: 366a0ad9 folded before Flop (didn't bet)


Poker Hand #HD1849648613: Hold'em No Limit ($0.05/$0.1) - 2024/07/09 14:15:33
Table 'NLHRed11' 6-max Seat #2 is the button
Seat 1: d5f5a635 ($10 in chips)
Seat 2: d07641a2 ($27.85 in chips)
Seat 3: c78cf8c9 ($14.3 in chips)
Seat 4: Hero ($10.74 in chips)
Seat 5: 820158 ($10.51 in chips)
Seat 6: 366a0ad9 ($11.11 in chips)
c78cf8c9: posts small blind $0.05
Hero: posts big blind $0.1
*** HOLE CARDS ***
Dealt to d5f5a635 
Dealt to d07641a2 
Dealt to c78cf8c9 
Dealt to Hero [Jh 3s]
Dealt to 820158 
Dealt to 366a0ad9 
820158: folds
366a0ad9: folds
d5f5a635: raises $0.15 to $0.25
d07641a2: calls $0.25
c78cf8c9: folds
Hero: folds
*** FLOP *** [Tc 5h Jc]
d5f5a635: checks
d07641a2: bets $0.33
d5f5a635: calls $0.33
*** TURN *** [Tc 5h Jc] [2s]
d5f5a635: checks
d07641a2: checks
*** RIVER *** [Tc 5h Jc 2s] [Qs]
d5f5a635: checks
d07641a2: checks
d5f5a635: shows [Qd Td] (Pair of Queens and Pair of Tens)
d07641a2: shows [6s 9s] (Queen-High)
*** SHOWDOWN ***
d5f5a635 collected $1.25 from pot
*** SUMMARY ***
Total pot $1.31 | Rake $0.06 | Jackpot $0 | Bingo $0 | Fortune $0 | Tax $0
Board [Tc 5h Jc 2s Qs]
Seat 1: d5f5a635 showed [Qd Td] and won ($1.25) with Pair of Queens and Pair of Tens
Seat 2: d07641a2 (button) showed [6s 9s] and lost with Queen-High
Seat 3: c78cf8c9 (small blind) folded before Flop
Seat 4: Hero (big blind) folded before Flop
Seat 5: 820158 folded before Flop (didn't bet)
Seat 6: 366a0ad9 folded before Flop (didn't bet)


Poker Hand #HD1849648484: Hold'em No Limit ($0.05/$0.1) - 2024/07/09 14:14:03
Table 'NLHRed11' 6-max Seat #1 is the button
Seat 1: d5f5a635 ($10 in chips)
Seat 2: d07641a2 ($28.25 in chips)
Seat 3: c78cf8c9 ($14.7 in chips)
Seat 4: Hero ($10 in chips)
Seat 5: 820158 ($10.51 in chips)
Seat 6: 366a0ad9 ($11.11 in chips)
d07641a2: posts small blind $0.05
c78cf8c9: posts big blind $0.1
*** HOLE CARDS ***
Dealt to d5f5a635 
Dealt to d07641a2 
Dealt to c78cf8c9 
Dealt to Hero [Jc Jh]
Dealt to 820158 
Dealt to 366a0ad9 
Hero: raises $0.1 to $0.2
820158: folds
366a0ad9: folds
d5f5a635: folds
d07641a2: calls $0.15
c78cf8c9: calls $0.1
*** FLOP *** [7s 7h 5d]
d07641a2: checks
c78cf8c9: bets $0.2
Hero: calls $0.2
d07641a2: calls $0.2
*** TURN *** [7s 7h 5d] [3s]
d07641a2: checks
c78cf8c9: checks
Hero: bets $0.6
d07641a2: folds
c78cf8c9: folds
Uncalled bet ($0.6) returned to Hero
*** SHOWDOWN ***
Hero collected $1.14 from pot
*** SUMMARY ***
Total pot $1.2 | Rake $0.06 | Jackpot $0 | Bingo $0 | Fortune $0 | Tax $0
Board [7s 7h 5d 3s]
Seat 1: d5f5a635 (button) folded before Flop (didn't bet)
Seat 2: d07641a2 (small blind) folded on the Turn
Seat 3: c78cf8c9 (big blind) folded on the Turn
Seat 4: Hero won ($1.14)
Seat 5: 820158 folded before Flop (didn't bet)
Seat 6: 366a0ad9 folded before Flop (didn't bet)


Poker Hand #HD1849648357: Hold'em No Limit ($0.05/$0.1) - 2024/07/09 14:12:33
Table 'NLHRed11' 6-max Seat #6 is the button
Seat 1: d5f5a635 ($10.05 in chips)
Seat 2: d07641a2 ($29.11 in chips)
Seat 3: c78cf8c9 ($15.56 in chips)
Seat 4: Hero ($10 in chips)
Seat 5: 820158 ($10.51 in chips)
Seat 6: 366a0ad9 ($9.47 in chips)
d5f5a635: posts small blind $0.05
d07641a2: posts big blind $0.1
*** HOLE CARDS ***
Dealt to d5f5a635 
Dealt to d07641a2 
Dealt to c78cf8c9 
Dealt to Hero [Qd 9h]
Dealt to 820158 
Dealt to 366a0ad9 
c78cf8c9: raises $0.1 to $0.2
Hero: folds
820158: folds
366a0ad9: calls $0.2
d5f5a635: folds
d07641a2: calls $0.1
*** FLOP *** [Js 6s 3c]
d07641a2: checks
c78cf8c9: bets $0.22
366a0ad9: calls $0.22
d07641a2: calls $0.22
*** TURN *** [Js 6s 3c] [7s]
d07641a2: checks
c78cf8c9: bets $0.44
366a0ad9: calls $0.44
d07641a2: calls $0.44
*** RIVER *** [Js 6s 3c 7s] [Th]
d07641a2: checks
c78cf8c9: checks
366a0ad9: bets $1.32
d07641a2: folds
c78cf8c9: folds
Uncalled bet ($1.32) returned to 366a0ad9
*** SHOWDOWN ***
366a0ad9 collected $2.5 from pot
*** SUMMARY ***
Total pot $2.63 | Rake $0.13 | Jackpot $0 | Bingo $0 | Fortune $0 | Tax $0
Board [Js 6s 3c 7s Th]
Seat 1: d5f5a635 (small blind) folded before Flop
Seat 2: d07641a2 (big blind) folded on the River
Seat 3: c78cf8c9 folded on the River
Seat 4: Hero folded before Flop (didn't bet)
Seat 5: 820158 folded before Flop (didn't bet)
Seat 6: 366a0ad9 (button) won ($2.5)


Poker Hand #HD1849648302: Hold'em No Limit ($0.05/$0.1) - 2024/07/09 14:11:59
Table 'NLHRed11' 6-max Seat #5 is the button
Seat 1: d5f5a635 ($10 in chips)
Seat 3: c78cf8c9 ($15.56 in chips)
Seat 4: Hero ($10 in chips)
Seat 5: 820158 ($10.51 in chips)
Seat 6: 366a0ad9 ($9.52 in chips)
366a0ad9: posts small blind $0.05
d5f5a635: posts big blind $0.1
*** HOLE CARDS ***
Dealt to d5f5a635 
Dealt to c78cf8c9 
Dealt to Hero [3h Ac]
Dealt to 820158 
Dealt to 366a0ad9 
c78cf8c9: folds
Hero: folds
820158: folds
366a0ad9: folds
Uncalled bet ($0.05) returned to d5f5a635
*** SHOWDOWN ***
d5f5a635 collected $0.1 from pot
*** SUMMARY ***
Total pot $0.1 | Rake $0 | Jackpot $0 | Bingo $0 | Fortune $0 | Tax $0
Seat 1: d5f5a635 (big blind) collected ($0.1)
Seat 3: c78cf8c9 folded before Flop (didn't bet)
Seat 4: Hero folded before Flop (didn't bet)
Seat 5: 820158 (button) folded before Flop (didn't bet)
Seat 6: 366a0ad9 (small blind) folded before Flop


Poker Hand #HD1849648120: Hold'em No Limit ($0.05/$0.1) - 2024/07/09 14:09:59
Table 'NLHRed11' 6-max Seat #4 is the button
Seat 2: d07641a2 ($29.21 in chips)
Seat 3: c78cf8c9 ($15.56 in chips)
Seat 4: Hero ($10 in chips)
Seat 5: 820158 ($10.61 in chips)
Seat 6: 366a0ad9 ($9.33 in chips)
820158: posts small blind $0.05
366a0ad9: posts big blind $0.1
*** HOLE CARDS ***
Dealt to d07641a2 
Dealt to c78cf8c9 
Dealt to Hero [Tc 6d]
Dealt to 820158 
Dealt to 366a0ad9 
d07641a2: calls $0.1
c78cf8c9: folds
Hero: folds
820158: calls $0.05
366a0ad9: checks
*** FLOP *** [Td 5s Ad]
820158: checks
366a0ad9: checks
d07641a2: checks
*** TURN *** [Td 5s Ad] [6s]
820158: checks
366a0ad9: bets $0.15
d07641a2: folds
820158: folds
Uncalled bet ($0.15) returned to 366a0ad9
*** SHOWDOWN ***
366a0ad9 collected $0.29 from pot
*** SUMMARY ***
Total pot $0.3 | Rake $0.01 | Jackpot $0 | Bingo $0 | Fortune $0 | Tax $0
Board [Td 5s Ad 6s]
Seat 2: d07641a2 folded on the Turn
Seat 3: c78cf8c9 folded before Flop (didn't bet)
Seat 4: Hero (button) folded before Flop (didn't bet)
Seat 5: 820158 (small blind) folded on the Turn
Seat 6: 366a0ad9 (big blind) won ($0.29)


Poker Hand #HD1849648082: Hold'em No Limit ($0.05/$0.1) - 2024/07/09 14:09:34
Table 'NLHRed11' 6-max Seat #3 is the button
Seat 2: d07641a2 ($29.21 in chips)
Seat 3: c78cf8c9 ($15.56 in chips)
Seat 4: Hero ($10 in chips)
Seat 5: 820158 ($10.91 in chips)
Seat 6: 366a0ad9 ($9.01 in chips)
Hero: posts small blind $0.05
820158: posts big blind $0.1
*** HOLE CARDS ***
Dealt to d07641a2 
Dealt to c78cf8c9 
Dealt to Hero [Jd Kc]
Dealt to 820158 
Dealt to 366a0ad9 
366a0ad9: raises $0.2 to $0.3
d07641a2: folds
c78cf8c9: folds
Hero: folds
820158: calls $0.2
*** FLOP *** [4c 8c 7c]
820158: checks
366a0ad9: bets $0.33
820158: folds
Uncalled bet ($0.33) returned to 366a0ad9
*** SHOWDOWN ***
366a0ad9 collected $0.62 from pot
*** SUMMARY ***
Total pot $0.65 | Rake $0.03 | Jackpot $0 | Bingo $0 | Fortune $0 | Tax $0
Board [4c 8c 7c]
Seat 2: d07641a2 folded before Flop (didn't bet)
Seat 3: c78cf8c9 (button) folded before Flop (didn't bet)
Seat 4: Hero (small blind) folded before Flop
Seat 5: 820158 (big blind) folded on the Flop
Seat 6: 366a0ad9 won ($0.62)


Poker Hand #HD1849648040: Hold'em No Limit ($0.05/$0.1) - 2024/07/09 14:09:05
Table 'NLHRed11' 6-max Seat #2 is the button
Seat 2: d07641a2 ($29.21 in chips)
Seat 3: c78cf8c9 ($15.61 in chips)
Seat 4: Hero ($10 in chips)
Seat 5: 820158 ($10.91 in chips)
Seat 6: 366a0ad9 ($8.69 in chips)
c78cf8c9: posts small blind $0.05
Hero: posts big blind $0.1
*** HOLE CARDS ***
Dealt to d07641a2 
Dealt to c78cf8c9 
Dealt to Hero [Jh Qh]
Dealt to 820158 
Dealt to 366a0ad9 
820158: folds
366a0ad9: raises $0.2 to $0.3
d07641a2: folds
c78cf8c9: folds
Hero: calls $0.2
*** FLOP *** [Ad 5d 9c]
Hero: checks
366a0ad9: bets $0.33
Hero: folds
Uncalled bet ($0.33) returned to 366a0ad9
*** SHOWDOWN ***
366a0ad9 collected $0.62 from pot
*** SUMMARY ***
Total pot $0.65 | Rake $0.03 | Jackpot $0 | Bingo $0 | Fortune $0 | Tax $0
Board [Ad 5d 9c]
Seat 2: d07641a2 (button) folded before Flop (didn't bet)
Seat 3: c78cf8c9 (small blind) folded before Flop
Seat 4: Hero (big blind) folded on the Flop
Seat 5: 820158 folded before Flop (didn't bet)
Seat 6: 366a0ad9 won ($0.62)


Poker Hand #HD1849647410: Hold'em No Limit ($0.05/$0.1) - 2024/07/09 14:01:38
Table 'NLHRed11' 6-max Seat #1 is the button
Seat 1: d9803191 ($10.86 in chips)
Seat 2: d07641a2 ($28.41 in chips)
Seat 4: Hero ($10 in chips)
Seat 5: 820158 ($10 in chips)
Seat 6: 366a0ad9 ($9.48 in chips)
d07641a2: posts small blind $0.05
Hero: posts big blind $0.1
*** HOLE CARDS ***
Dealt to d9803191 
Dealt to d07641a2 
Dealt to Hero [7h Qc]
Dealt to 820158 
Dealt to 366a0ad9 
820158: folds
366a0ad9: folds
d9803191: folds
d07641a2: calls $0.05
Hero: checks
*** FLOP *** [9d Tc 8c]
d07641a2: bets $0.2
Hero: calls $0.2
*** TURN *** [9d Tc 8c] [Qs]
d07641a2: bets $0.2
Hero: calls $0.2
*** RIVER *** [9d Tc 8c Qs] [Jh]
d07641a2: bets $27.9
Hero: folds
Uncalled bet ($27.9) returned to d07641a2
*** SHOWDOWN ***
d07641a2 collected $0.95 from pot
*** SUMMARY ***
Total pot $1 | Rake $0.05 | Jackpot $0 | Bingo $0 | Fortune $0 | Tax $0
Board [9d Tc 8c Qs Jh]
Seat 1: d9803191 (button) folded before Flop (didn't bet)
Seat 2: d07641a2 (small blind) won ($0.95)
Seat 4: Hero (big blind) folded on the River
Seat 5: 820158 folded before Flop (didn't bet)
Seat 6: 366a0ad9 folded before Flop (didn't bet)


Poker Hand #HD1849647380: Hold'em No Limit ($0.05/$0.1) - 2024/07/09 14:01:21
Table 'NLHRed11' 6-max Seat #6 is the button
Seat 1: d9803191 ($10.91 in chips)
Seat 2: d07641a2 ($28.51 in chips)
Seat 4: Hero ($10 in chips)
Seat 5: 820158 ($10 in chips)
Seat 6: 366a0ad9 ($9.33 in chips)
d9803191: posts small blind $0.05
d07641a2: posts big blind $0.1
*** HOLE CARDS ***
Dealt to d9803191 
Dealt to d07641a2 
Dealt to Hero [7s 4s]
Dealt to 820158 
Dealt to 366a0ad9 
Hero: folds
820158: folds
366a0ad9: raises $0.2 to $0.3
d9803191: folds
d07641a2: folds
Uncalled bet ($0.2) returned to 366a0ad9
*** SHOWDOWN ***
366a0ad9 collected $0.25 from pot
*** SUMMARY ***
Total pot $0.25 | Rake $0 | Jackpot $0 | Bingo $0 | Fortune $0 | Tax $0
Seat 1: d9803191 (small blind) folded before Flop
Seat 2: d07641a2 (big blind) folded before Flop
Seat 4: Hero folded before Flop (didn't bet)
Seat 5: 820158 folded before Flop (didn't bet)
Seat 6: 366a0ad9 (button) collected ($0.25)


Poker Hand #HD1849647324: Hold'em No Limit ($0.05/$0.1) - 2024/07/09 14:00:40
Table 'NLHRed11' 6-max Seat #5 is the button
Seat 1: d9803191 ($10.01 in chips)
Seat 2: d07641a2 ($28.51 in chips)
Seat 4: Hero ($10 in chips)
Seat 5: 820158 ($10 in chips)
Seat 6: 366a0ad9 ($10.33 in chips)
366a0ad9: posts small blind $0.05
d9803191: posts big blind $0.1
*** HOLE CARDS ***
Dealt to d9803191 
Dealt to d07641a2 
Dealt to Hero [5h Jd]
Dealt to 820158 
Dealt to 366a0ad9 
d07641a2: folds
Hero: folds
820158: folds
366a0ad9: raises $0.2 to $0.3
d9803191: calls $0.2
*** FLOP *** [Kc Th 9d]
366a0ad9: checks
d9803191: checks
*** TURN *** [Kc Th 9d] [Ah]
366a0ad9: bets $0.3
d9803191: calls $0.3
*** RIVER *** [Kc Th 9d Ah] [Qc]
366a0ad9: checks
d9803191: bets $0.4
366a0ad9: calls $0.4
d9803191: shows [Tc As] (Pair of Aces and Pair of Tens)
366a0ad9: shows [Ad 8d] (Pair of Aces)
*** SHOWDOWN ***
d9803191 collected $1.9 from pot
*** SUMMARY ***
Total pot $2 | Rake $0.1 | Jackpot $0 | Bingo $0 | Fortune $0 | Tax $0
Board [Kc Th 9d Ah Qc]
Seat 1: d9803191 (big blind) showed [Tc As] and won ($1.9) with Pair of Aces and Pair of Tens
Seat 2: d07641a2 folded before Flop (didn't bet)
Seat 4: Hero folded before Flop (didn't bet)
Seat 5: 820158 (button) folded before Flop (didn't bet)
Seat 6: 366a0ad9 (small blind) showed [Ad 8d] and lost with Pair of Aces


Poker Hand #HD1849647310: Hold'em No Limit ($0.05/$0.1) - 2024/07/09 14:00:27
Table 'NLHRed11' 6-max Seat #4 is the button
Seat 1: d9803191 ($9.86 in chips)
Seat 2: d07641a2 ($28.51 in chips)
Seat 4: Hero ($10 in chips)
Seat 5: 820158 ($10 in chips)
Seat 6: 366a0ad9 ($10.43 in chips)
820158: posts small blind $0.05
366a0ad9: posts big blind $0.1
*** HOLE CARDS ***
Dealt to d9803191 
Dealt to d07641a2 
Dealt to Hero [Th 5d]
Dealt to 820158 
Dealt to 366a0ad9 
d9803191: raises $0.2 to $0.3
d07641a2: folds
Hero: folds
820158: folds
366a0ad9: folds
Uncalled bet ($0.2) returned to d9803191
*** SHOWDOWN ***
d9803191 collected $0.25 from pot
*** SUMMARY ***
Total pot $0.25 | Rake $0 | Jackpot $0 | Bingo $0 | Fortune $0 | Tax $0
Seat 1: d9803191 collected ($0.25)
Seat 2: d07641a2 folded before Flop (didn't bet)
Seat 4: Hero (button) folded before Flop (didn't bet)
Seat 5: 820158 (small blind) folded before Flop
Seat 6: 366a0ad9 (big blind) folded before Flop


Poker Hand #HD1849647270: Hold'em No Limit ($0.05/$0.1) - 2024/07/09 13:59:56
Table 'NLHRed11' 6-max Seat #2 is the button
Seat 1: d9803191 ($9.54 in chips)
Seat 2: d07641a2 ($28.51 in chips)
Seat 4: Hero ($10 in chips)
Seat 5: 820158 ($10 in chips)
Seat 6: 366a0ad9 ($10.43 in chips)
Hero: posts small blind $0.05
820158: posts big blind $0.1
*** HOLE CARDS ***
Dealt to d9803191 
Dealt to d07641a2 
Dealt to Hero [7c 3h]
Dealt to 820158 
Dealt to 366a0ad9 
366a0ad9: folds
d9803191: raises $0.2 to $0.3
d07641a2: folds
Hero: folds
820158: calls $0.2
*** FLOP *** [Th Td Jh]
820158: checks
d9803191: bets $0.22
820158: folds
Uncalled bet ($0.22) returned to d9803191
*** SHOWDOWN ***
d9803191 collected $0.62 from pot
*** SUMMARY ***
Total pot $0.65 | Rake $0.03 | Jackpot $0 | Bingo $0 | Fortune $0 | Tax $0
Board [Th Td Jh]
Seat 1: d9803191 won ($0.62)
Seat 2: d07641a2 (button) folded before Flop (didn't bet)
Seat 4: Hero (small blind) folded before Flop
Seat 5: 820158 (big blind) folded on the Flop
Seat 6: 366a0ad9 folded before Flop (didn't bet)


Poker Hand #HD1849647248: Hold'em No Limit ($0.05/$0.1) - 2024/07/09 13:59:38
Table 'NLHRed11' 6-max Seat #1 is the button
Seat 1: d9803191 ($9.54 in chips)
Seat 2: d07641a2 ($28.56 in chips)
Seat 4: Hero ($10 in chips)
Seat 5: 820158 ($10 in chips)
Seat 6: 366a0ad9 ($10.28 in chips)
d07641a2: posts small blind $0.05
Hero: posts big blind $0.1
*** HOLE CARDS ***
Dealt to d9803191 
Dealt to d07641a2 
Dealt to Hero [Th 7c]
Dealt to 820158 
Dealt to 366a0ad9 
820158: folds
366a0ad9: raises $0.2 to $0.3
d9803191: folds
d07641a2: folds
Hero: folds
Uncalled bet ($0.2) returned to 366a0ad9
*** SHOWDOWN ***
366a0ad9 collected $0.25 from pot
*** SUMMARY ***
Total pot $0.25 | Rake $0 | Jackpot $0 | Bingo $0 | Fortune $0 | Tax $0
Seat 1: d9803191 (button) folded before Flop (didn't bet)
Seat 2: d07641a2 (small blind) folded before Flop
Seat 4: Hero (big blind) folded before Flop
Seat 5: 820158 folded before Flop (didn't bet)
Seat 6: 366a0ad9 collected ($0.25)


Poker Hand #HD1849647225: Hold'em No Limit ($0.05/$0.1) - 2024/07/09 13:59:23
Table 'NLHRed11' 6-max Seat #6 is the button
Seat 1: d9803191 ($9.59 in chips)
Seat 2: d07641a2 ($28.66 in chips)
Seat 4: Hero ($10 in chips)
Seat 5: 820158 ($10 in chips)
Seat 6: 366a0ad9 ($10.13 in chips)
d9803191: posts small blind $0.05
d07641a2: posts big blind $0.1
*** HOLE CARDS ***
Dealt to d9803191 
Dealt to d07641a2 
Dealt to Hero [9s 8h]
Dealt to 820158 
Dealt to 366a0ad9 
Hero: folds
820158: folds
366a0ad9: raises $0.2 to $0.3
d9803191: folds
d07641a2: folds
Uncalled bet ($0.2) returned to 366a0ad9
*** SHOWDOWN ***
366a0ad9 collected $0.25 from pot
*** SUMMARY ***
Total pot $0.25 | Rake $0 | Jackpot $0 | Bingo $0 | Fortune $0 | Tax $0
Seat 1: d9803191 (small blind) folded before Flop
Seat 2: d07641a2 (big blind) folded before Flop
Seat 4: Hero folded before Flop (didn't bet)
Seat 5: 820158 folded before Flop (didn't bet)
Seat 6: 366a0ad9 (button) collected ($0.25)


Poker Hand #HD1849647200: Hold'em No Limit ($0.05/$0.1) - 2024/07/09 13:59:04
Table 'NLHRed11' 6-max Seat #5 is the button
Seat 1: d9803191 ($9.54 in chips)
Seat 2: d07641a2 ($28.66 in chips)
Seat 4: Hero ($10 in chips)
Seat 5: 820158 ($10 in chips)
Seat 6: 366a0ad9 ($10.18 in chips)
366a0ad9: posts small blind $0.05
d9803191: posts big blind $0.1
*** HOLE CARDS ***
Dealt to d9803191 
Dealt to d07641a2 
Dealt to Hero [Jc 8h]
Dealt to 820158 
Dealt to 366a0ad9 
d07641a2: folds
Hero: folds
820158: folds
366a0ad9: folds
Uncalled bet ($0.05) returned to d9803191
*** SHOWDOWN ***
d9803191 collected $0.1 from pot
*** SUMMARY ***
Total pot $0.1 | Rake $0 | Jackpot $0 | Bingo $0 | Fortune $0 | Tax $0
Seat 1: d9803191 (big blind) collected ($0.1)
Seat 2: d07641a2 folded before Flop (didn't bet)
Seat 4: Hero folded before Flop (didn't bet)
Seat 5: 820158 (button) folded before Flop (didn't bet)
Seat 6: 366a0ad9 (small blind) folded before Flop


Poker Hand #HD1849647170: Hold'em No Limit ($0.05/$0.1) - 2024/07/09 13:58:40
Table 'NLHRed11' 6-max Seat #4 is the button
Seat 1: d9803191 ($9.54 in chips)
Seat 2: d07641a2 ($28.52 in chips)
Seat 4: Hero ($10 in chips)
Seat 5: 820158 ($10.04 in chips)
Seat 6: 366a0ad9 ($10.28 in chips)
820158: posts small blind $0.05
366a0ad9: posts big blind $0.1
*** HOLE CARDS ***
Dealt to d9803191 
Dealt to d07641a2 
Dealt to Hero [2h Qs]
Dealt to 820158 
Dealt to 366a0ad9 
d9803191: folds
d07641a2: calls $0.1
Hero: folds
820158: folds
366a0ad9: checks
*** FLOP *** [Ts 6c 6h]
366a0ad9: checks
d07641a2: bets $0.25
366a0ad9: folds
Uncalled bet ($0.25) returned to d07641a2
*** SHOWDOWN ***
d07641a2 collected $0.24 from pot
*** SUMMARY ***
Total pot $0.25 | Rake $0.01 | Jackpot $0 | Bingo $0 | Fortune $0 | Tax $0
Board [Ts 6c 6h]
Seat 1: d9803191 folded before Flop (didn't bet)
Seat 2: d07641a2 won ($0.24)
Seat 4: Hero (button) folded before Flop (didn't bet)
Seat 5: 820158 (small blind) folded before Flop
Seat 6: 366a0ad9 (big blind) folded on the Flop


Poker Hand #HD1849647139: Hold'em No Limit ($0.05/$0.1) - 2024/07/09 13:58:22
Table 'NLHRed11' 6-max Seat #2 is the button
Seat 1: d9803191 ($9.54 in chips)
Seat 2: d07641a2 ($28.37 in chips)
Seat 4: Hero ($10 in chips)
Seat 5: 820158 ($10.14 in chips)
Seat 6: 366a0ad9 ($10.28 in chips)
Hero: posts small blind $0.05
820158: posts big blind $0.1
*** HOLE CARDS ***
Dealt to d9803191 
Dealt to d07641a2 
Dealt to Hero [7d Td]
Dealt to 820158 
Dealt to 366a0ad9 
366a0ad9: folds
d9803191: folds
d07641a2: raises $0.3 to $0.4
Hero: folds
820158: folds
Uncalled bet ($0.3) returned to d07641a2
*** SHOWDOWN ***
d07641a2 collected $0.25 from pot
*** SUMMARY ***
Total pot $0.25 | Rake $0 | Jackpot $0 | Bingo $0 | Fortune $0 | Tax $0
Seat 1: d9803191 folded before Flop (didn't bet)
Seat 2: d07641a2 (button) collected ($0.25)
Seat 4: Hero (small blind) folded before Flop
Seat 5: 820158 (big blind) folded before Flop
Seat 6: 366a0ad9 folded before Flop (didn't bet)


Poker Hand #HD1849647093: Hold'em No Limit ($0.05/$0.1) - 2024/07/09 13:57:43
Table 'NLHRed11' 6-max Seat #1 is the button
Seat 1: d9803191 ($9.17 in chips)
Seat 2: d07641a2 ($28.67 in chips)
Seat 4: Hero ($10 in chips)
Seat 5: 820158 ($10.14 in chips)
Seat 6: 366a0ad9 ($10.28 in chips)
d07641a2: posts small blind $0.05
Hero: posts big blind $0.1
*** HOLE CARDS ***
Dealt to d9803191 
Dealt to d07641a2 
Dealt to Hero [6c Qh]
Dealt to 820158 
Dealt to 366a0ad9 
820158: folds
366a0ad9: folds
d9803191: raises $0.2 to $0.3
d07641a2: calls $0.25
Hero: folds
*** FLOP *** [9s 7s Ah]
d07641a2: checks
d9803191: bets $0.35
d07641a2: folds
Uncalled bet ($0.35) returned to d9803191
*** SHOWDOWN ***
d9803191 collected $0.67 from pot
*** SUMMARY ***
Total pot $0.7 | Rake $0.03 | Jackpot $0 | Bingo $0 | Fortune $0 | Tax $0
Board [9s 7s Ah]
Seat 1: d9803191 (button) won ($0.67)
Seat 2: d07641a2 (small blind) folded on the Flop
Seat 4: Hero (big blind) folded before Flop
Seat 5: 820158 folded before Flop (didn't bet)
Seat 6: 366a0ad9 folded before Flop (didn't bet)


Poker Hand #HD1849647073: Hold'em No Limit ($0.05/$0.1) - 2024/07/09 13:57:27
Table 'NLHRed11' 6-max Seat #6 is the button
Seat 1: d9803191 ($9.22 in chips)
Seat 2: d07641a2 ($28.77 in chips)
Seat 4: Hero ($10 in chips)
Seat 5: 820158 ($10.14 in chips)
Seat 6: 366a0ad9 ($10.13 in chips)
d9803191: posts small blind $0.05
d07641a2: posts big blind $0.1
*** HOLE CARDS ***
Dealt to d9803191 
Dealt to d07641a2 
Dealt to Hero [9s 8c]
Dealt to 820158 
Dealt to 366a0ad9 
Hero: folds
820158: folds
366a0ad9: raises $0.2 to $0.3
d9803191: folds
d07641a2: folds
Uncalled bet ($0.2) returned to 366a0ad9
*** SHOWDOWN ***
366a0ad9 collected $0.25 from pot
*** SUMMARY ***
Total pot $0.25 | Rake $0 | Jackpot $0 | Bingo $0 | Fortune $0 | Tax $0
Seat 1: d9803191 (small blind) folded before Flop
Seat 2: d07641a2 (big blind) folded before Flop
Seat 4: Hero folded before Flop (didn't bet)
Seat 5: 820158 folded before Flop (didn't bet)
Seat 6: 366a0ad9 (button) collected ($0.25)


Poker Hand #HD1849647051: Hold'em No Limit ($0.05/$0.1) - 2024/07/09 13:57:13
Table 'NLHRed11' 6-max Seat #5 is the button
Seat 1: d9803191 ($9.32 in chips)
Seat 2: d07641a2 ($28.77 in chips)
Seat 4: Hero ($10 in chips)
Seat 5: 820158 ($10.14 in chips)
Seat 6: 366a0ad9 ($10.03 in chips)
366a0ad9: posts small blind $0.05
d9803191: posts big blind $0.1
*** HOLE CARDS ***
Dealt to d9803191 
Dealt to d07641a2 
Dealt to Hero [Ah 6c]
Dealt to 820158 
Dealt to 366a0ad9 
d07641a2: folds
Hero: folds
820158: folds
366a0ad9: raises $0.2 to $0.3
d9803191: folds
Uncalled bet ($0.2) returned to 366a0ad9
*** SHOWDOWN ***
366a0ad9 collected $0.2 from pot
*** SUMMARY ***
Total pot $0.2 | Rake $0 | Jackpot $0 | Bingo $0 | Fortune $0 | Tax $0
Seat 1: d9803191 (big blind) folded before Flop
Seat 2: d07641a2 folded before Flop (didn't bet)
Seat 4: Hero folded before Flop (didn't bet)
Seat 5: 820158 (button) folded before Flop (didn't bet)
Seat 6: 366a0ad9 (small blind) collected ($0.2)


Poker Hand #HD1849647040: Hold'em No Limit ($0.05/$0.1) - 2024/07/09 13:57:03
Table 'NLHRed11' 6-max Seat #4 is the button
Seat 1: d9803191 ($9.32 in chips)
Seat 2: d07641a2 ($28.62 in chips)
Seat 4: Hero ($10 in chips)
Seat 5: 820158 ($10.19 in chips)
Seat 6: 366a0ad9 ($10.13 in chips)
820158: posts small blind $0.05
366a0ad9: posts big blind $0.1
*** HOLE CARDS ***
Dealt to d9803191 
Dealt to d07641a2 
Dealt to Hero [9s 7c]
Dealt to 820158 
Dealt to 366a0ad9 
d9803191: folds
d07641a2: raises $0.2 to $0.3
Hero: folds
820158: folds
366a0ad9: folds
Uncalled bet ($0.2) returned to d07641a2
*** SHOWDOWN ***
d07641a2 collected $0.25 from pot
*** SUMMARY ***
Total pot $0.25 | Rake $0 | Jackpot $0 | Bingo $0 | Fortune $0 | Tax $0
Seat 1: d9803191 folded before Flop (didn't bet)
Seat 2: d07641a2 collected ($0.25)
Seat 4: Hero (button) folded before Flop (didn't bet)
Seat 5: 820158 (small blind) folded before Flop
Seat 6: 366a0ad9 (big blind) folded before Flop


Poker Hand #HD1849646931: Hold'em No Limit ($0.05/$0.1) - 2024/07/09 13:55:43
Table 'NLHRed11' 6-max Seat #2 is the button
Seat 1: d9803191 ($9.32 in chips)
Seat 2: d07641a2 ($26.46 in chips)
Seat 4: Hero ($10.3 in chips)
Seat 5: 820158 ($10.29 in chips)
Seat 6: 366a0ad9 ($10.13 in chips)
Hero: posts small blind $0.05
820158: posts big blind $0.1
*** HOLE CARDS ***
Dealt to d9803191 
Dealt to d07641a2 
Dealt to Hero [Qc Kh]
Dealt to 820158 
Dealt to 366a0ad9 
366a0ad9: folds
d9803191: folds
d07641a2: raises $0.2 to $0.3
Hero: raises $0.9 to $1.2
820158: folds
d07641a2: calls $0.9
*** FLOP *** [As 5c 2d]
Hero: checks
d07641a2: checks
*** TURN *** [As 5c 2d] [Tc]
Hero: bets $1.2
d07641a2: calls $1.2
*** RIVER *** [As 5c 2d Tc] [8c]
Hero: checks
d07641a2: checks
Hero: shows [Qc Kh] (Ace-High)
d07641a2: shows [9h 9d] (Pair of Nines)
*** SHOWDOWN ***
d07641a2 collected $4.56 from pot
*** SUMMARY ***
Total pot $4.9 | Rake $0.24 | Jackpot $0.1 | Bingo $0 | Fortune $0 | Tax $0
Board [As 5c 2d Tc 8c]
Seat 1: d9803191 folded before Flop (didn't bet)
Seat 2: d07641a2 (button) showed [9h 9d] and won ($4.56) with Pair of Nines
Seat 4: Hero (small blind) showed [Qc Kh] and lost with Ace-High
Seat 5: 820158 (big blind) folded before Flop
Seat 6: 366a0ad9 folded before Flop (didn't bet)


Poker Hand #HD1849646867: Hold'em No Limit ($0.05/$0.1) - 2024/07/09 13:54:49
Table 'NLHRed11' 6-max Seat #1 is the button
Seat 1: d9803191 ($9.94 in chips)
Seat 2: d07641a2 ($26.51 in chips)
Seat 4: Hero ($10.4 in chips)
Seat 5: 820158 ($10.91 in chips)
Seat 6: 366a0ad9 ($8.84 in chips)
d07641a2: posts small blind $0.05
Hero: posts big blind $0.1
*** HOLE CARDS ***
Dealt to d9803191 
Dealt to d07641a2 
Dealt to Hero [5s As]
Dealt to 820158 
Dealt to 366a0ad9 
820158: raises $0.1 to $0.2
366a0ad9: raises $0.42 to $0.62
d9803191: calls $0.62
d07641a2: folds
Hero: folds
820158: calls $0.42
*** FLOP *** [Ah 6c Qh]
820158: checks
366a0ad9: bets $1.01
d9803191: folds
820158: folds
Uncalled bet ($1.01) returned to 366a0ad9
*** SHOWDOWN ***
366a0ad9 collected $1.91 from pot
*** SUMMARY ***
Total pot $2.01 | Rake $0.1 | Jackpot $0 | Bingo $0 | Fortune $0 | Tax $0
Board [Ah 6c Qh]
Seat 1: d9803191 (button) folded on the Flop
Seat 2: d07641a2 (small blind) folded before Flop
Seat 4: Hero (big blind) folded before Flop
Seat 5: 820158 folded on the Flop
Seat 6: 366a0ad9 won ($1.91)


Poker Hand #HD1849646776: Hold'em No Limit ($0.05/$0.1) - 2024/07/09 13:53:42
Table 'NLHRed11' 6-max Seat #6 is the button
Seat 1: d9803191 ($9.85 in chips)
Seat 2: d07641a2 ($26.61 in chips)
Seat 3: c78cf8c9 ($16.21 in chips)
Seat 4: Hero ($10.4 in chips)
Seat 5: 820158 ($10.91 in chips)
Seat 6: 366a0ad9 ($8.84 in chips)
d9803191: posts small blind $0.05
d07641a2: posts big blind $0.1
*** HOLE CARDS ***
Dealt to d9803191 
Dealt to d07641a2 
Dealt to c78cf8c9 
Dealt to Hero [2c 7d]
Dealt to 820158 
Dealt to 366a0ad9 
c78cf8c9: folds
Hero: folds
820158: folds
366a0ad9: folds
d9803191: calls $0.05
d07641a2: checks
*** FLOP *** [Qc 3s 9h]
d9803191: checks
d07641a2: checks
*** TURN *** [Qc 3s 9h] [8s]
d9803191: checks
d07641a2: checks
*** RIVER *** [Qc 3s 9h 8s] [Kh]
d9803191: checks
d07641a2: checks
d9803191: shows [7s Ad] (Ace-High)
d07641a2: shows [Js 5h] (King-High)
*** SHOWDOWN ***
d9803191 collected $0.19 from pot
*** SUMMARY ***
Total pot $0.2 | Rake $0.01 | Jackpot $0 | Bingo $0 | Fortune $0 | Tax $0
Board [Qc 3s 9h 8s Kh]
Seat 1: d9803191 (small blind) showed [7s Ad] and won ($0.19) with Ace-High
Seat 2: d07641a2 (big blind) showed [Js 5h] and lost with King-High
Seat 3: c78cf8c9 folded before Flop (didn't bet)
Seat 4: Hero folded before Flop (didn't bet)
Seat 5: 820158 folded before Flop (didn't bet)
Seat 6: 366a0ad9 (button) folded before Flop (didn't bet)


Poker Hand #HD1849646612: Hold'em No Limit ($0.05/$0.1) - 2024/07/09 13:51:46
Table 'NLHRed11' 6-max Seat #5 is the button
Seat 1: d9803191 ($9.95 in chips)
Seat 2: d07641a2 ($25.03 in chips)
Seat 3: c78cf8c9 ($17.01 in chips)
Seat 4: Hero ($10.4 in chips)
Seat 5: 820158 ($10.91 in chips)
Seat 6: 366a0ad9 ($9.64 in chips)
366a0ad9: posts small blind $0.05
d9803191: posts big blind $0.1
*** HOLE CARDS ***
Dealt to d9803191 
Dealt to d07641a2 
Dealt to c78cf8c9 
Dealt to Hero [4d Qd]
Dealt to 820158 
Dealt to 366a0ad9 
d07641a2: raises $0.2 to $0.3
c78cf8c9: calls $0.3
Hero: folds
820158: folds
366a0ad9: raises $0.5 to $0.8
d9803191: folds
d07641a2: calls $0.5
c78cf8c9: calls $0.5
*** FLOP *** [Ts 3c 6h]
366a0ad9: checks
d07641a2: checks
c78cf8c9: checks
*** TURN *** [Ts 3c 6h] [9d]
366a0ad9: checks
d07641a2: bets $1.25
c78cf8c9: folds
366a0ad9: folds
Uncalled bet ($1.25) returned to d07641a2
*** SHOWDOWN ***
d07641a2 collected $2.38 from pot
*** SUMMARY ***
Total pot $2.5 | Rake $0.12 | Jackpot $0 | Bingo $0 | Fortune $0 | Tax $0
Board [Ts 3c 6h 9d]
Seat 1: d9803191 (big blind) folded before Flop
Seat 2: d07641a2 won ($2.38)
Seat 3: c78cf8c9 folded on the Turn
Seat 4: Hero folded before Flop (didn't bet)
Seat 5: 820158 (button) folded before Flop (didn't bet)
Seat 6: 366a0ad9 (small blind) folded on the Turn


Poker Hand #HD1849646590: Hold'em No Limit ($0.05/$0.1) - 2024/07/09 13:51:28
Table 'NLHRed11' 6-max Seat #4 is the button
Seat 1: d9803191 ($9.95 in chips)
Seat 2: d07641a2 ($25.03 in chips)
Seat 3: c78cf8c9 ($17.01 in chips)
Seat 4: Hero ($10.4 in chips)
Seat 5: 820158 ($10.96 in chips)
Seat 6: 366a0ad9 ($9.59 in chips)
820158: posts small blind $0.05
366a0ad9: posts big blind $0.1
*** HOLE CARDS ***
Dealt to d9803191 
Dealt to d07641a2 
Dealt to c78cf8c9 
Dealt to Hero [2d Jc]
Dealt to 820158 
Dealt to 366a0ad9 
d9803191: folds
d07641a2: folds
c78cf8c9: folds
Hero: folds
820158: folds
Uncalled bet ($0.05) returned to 366a0ad9
*** SHOWDOWN ***
366a0ad9 collected $0.1 from pot
*** SUMMARY ***
Total pot $0.1 | Rake $0 | Jackpot $0 | Bingo $0 | Fortune $0 | Tax $0
Seat 1: d9803191 folded before Flop (didn't bet)
Seat 2: d07641a2 folded before Flop (didn't bet)
Seat 3: c78cf8c9 folded before Flop (didn't bet)
Seat 4: Hero (button) folded before Flop (didn't bet)
Seat 5: 820158 (small blind) folded before Flop
Seat 6: 366a0ad9 (big blind) collected ($0.1)


Poker Hand #HD1849646544: Hold'em No Limit ($0.05/$0.1) - 2024/07/09 13:50:55
Table 'NLHRed11' 6-max Seat #3 is the button
Seat 1: d9803191 ($9.95 in chips)
Seat 2: d07641a2 ($25.03 in chips)
Seat 3: c78cf8c9 ($17.01 in chips)
Seat 4: Hero ($10.45 in chips)
Seat 5: 820158 ($11.06 in chips)
Seat 6: 366a0ad9 ($9.44 in chips)
Hero: posts small blind $0.05
820158: posts big blind $0.1
*** HOLE CARDS ***
Dealt to d9803191 
Dealt to d07641a2 
Dealt to c78cf8c9 
Dealt to Hero [2c 6d]
Dealt to 820158 
Dealt to 366a0ad9 
366a0ad9: raises $0.2 to $0.3
d9803191: folds
d07641a2: folds
c78cf8c9: folds
Hero: folds
820158: folds
Uncalled bet ($0.2) returned to 366a0ad9
*** SHOWDOWN ***
366a0ad9 collected $0.25 from pot
*** SUMMARY ***
Total pot $0.25 | Rake $0 | Jackpot $0 | Bingo $0 | Fortune $0 | Tax $0
Seat 1: d9803191 folded before Flop (didn't bet)
Seat 2: d07641a2 folded before Flop (didn't bet)
Seat 3: c78cf8c9 (button) folded before Flop (didn't bet)
Seat 4: Hero (small blind) folded before Flop
Seat 5: 820158 (big blind) folded before Flop
Seat 6: 366a0ad9 collected ($0.25)


Poker Hand #HD1849646532: Hold'em No Limit ($0.05/$0.1) - 2024/07/09 13:50:41
Table 'NLHRed11' 6-max Seat #2 is the button
Seat 1: d9803191 ($9.95 in chips)
Seat 2: d07641a2 ($25.03 in chips)
Seat 3: c78cf8c9 ($17.06 in chips)
Seat 4: Hero ($10.4 in chips)
Seat 5: 820158 ($11.06 in chips)
Seat 6: 366a0ad9 ($9.44 in chips)
c78cf8c9: posts small blind $0.05
Hero: posts big blind $0.1
*** HOLE CARDS ***
Dealt to d9803191 
Dealt to d07641a2 
Dealt to c78cf8c9 
Dealt to Hero [Jc 9d]
Dealt to 820158 
Dealt to 366a0ad9 
820158: folds
366a0ad9: folds
d9803191: folds
d07641a2: folds
c78cf8c9: folds
Uncalled bet ($0.05) returned to Hero
*** SHOWDOWN ***
Hero collected $0.1 from pot
*** SUMMARY ***
Total pot $0.1 | Rake $0 | Jackpot $0 | Bingo $0 | Fortune $0 | Tax $0
Seat 1: d9803191 folded before Flop (didn't bet)
Seat 2: d07641a2 (button) folded before Flop (didn't bet)
Seat 3: c78cf8c9 (small blind) folded before Flop
Seat 4: Hero (big blind) collected ($0.1)
Seat 5: 820158 folded before Flop (didn't bet)
Seat 6: 366a0ad9 folded before Flop (didn't bet)


Poker Hand #HD1849646462: Hold'em No Limit ($0.05/$0.1) - 2024/07/09 13:49:47
Table 'NLHRed11' 6-max Seat #1 is the button
Seat 1: d9803191 ($9.95 in chips)
Seat 2: d07641a2 ($21.92 in chips)
Seat 3: c78cf8c9 ($17.16 in chips)
Seat 4: Hero ($10.4 in chips)
Seat 5: 820158 ($11.06 in chips)
Seat 6: 366a0ad9 ($12.89 in chips)
d07641a2: posts small blind $0.05
c78cf8c9: posts big blind $0.1
*** HOLE CARDS ***
Dealt to d9803191 
Dealt to d07641a2 
Dealt to c78cf8c9 
Dealt to Hero [9s Jh]
Dealt to 820158 
Dealt to 366a0ad9 
Hero: folds
820158: folds
366a0ad9: raises $0.2 to $0.3
d9803191: folds
d07641a2: calls $0.25
c78cf8c9: folds
*** FLOP *** [6s Qd 6c]
d07641a2: checks
366a0ad9: checks
*** TURN *** [6s Qd 6c] [Qc]
d07641a2: checks
366a0ad9: bets $0.35
d07641a2: calls $0.35
*** RIVER *** [6s Qd 6c Qc] [Ks]
d07641a2: checks
366a0ad9: bets $1.05
d07641a2: raises $1.75 to $2.8
366a0ad9: calls $1.75
d07641a2: shows [Qs Kd] (Queens Full over Kings)
366a0ad9: shows [Ah 6h] (Sixes Full over Queens)
*** SHOWDOWN ***
d07641a2 collected $6.56 from pot
*** SUMMARY ***
Total pot $7 | Rake $0.34 | Jackpot $0.1 | Bingo $0 | Fortune $0 | Tax $0
Board [6s Qd 6c Qc Ks]
Seat 1: d9803191 (button) folded before Flop (didn't bet)
Seat 2: d07641a2 (small blind) showed [Qs Kd] and won ($6.56) with Queens Full over Kings
Seat 3: c78cf8c9 (big blind) folded before Flop
Seat 4: Hero folded before Flop (didn't bet)
Seat 5: 820158 folded before Flop (didn't bet)
Seat 6: 366a0ad9 showed [Ah 6h] and lost with Sixes Full over Queens


Poker Hand #HD1849646442: Hold'em No Limit ($0.05/$0.1) - 2024/07/09 13:49:33
Table 'NLHRed11' 6-max Seat #6 is the button
Seat 1: d9803191 ($10 in chips)
Seat 2: d07641a2 ($22.02 in chips)
Seat 3: c78cf8c9 ($17.01 in chips)
Seat 4: Hero ($10.4 in chips)
Seat 5: 820158 ($11.06 in chips)
Seat 6: 366a0ad9 ($12.89 in chips)
d9803191: posts small blind $0.05
d07641a2: posts big blind $0.1
*** HOLE CARDS ***
Dealt to d9803191 
Dealt to d07641a2 
Dealt to c78cf8c9 
Dealt to Hero [4c As]
Dealt to 820158 
Dealt to 366a0ad9 
c78cf8c9: raises $0.1 to $0.2
Hero: folds
820158: folds
366a0ad9: folds
d9803191: folds
d07641a2: folds
Uncalled bet ($0.1) returned to c78cf8c9
*** SHOWDOWN ***
c78cf8c9 collected $0.25 from pot
*** SUMMARY ***
Total pot $0.25 | Rake $0 | Jackpot $0 | Bingo $0 | Fortune $0 | Tax $0
Seat 1: d9803191 (small blind) folded before Flop
Seat 2: d07641a2 (big blind) folded before Flop
Seat 3: c78cf8c9 collected ($0.25)
Seat 4: Hero folded before Flop (didn't bet)
Seat 5: 820158 folded before Flop (didn't bet)
Seat 6: 366a0ad9 (button) folded before Flop (didn't bet)


Poker Hand #HD1849646366: Hold'em No Limit ($0.05/$0.1) - 2024/07/09 13:48:35
Table 'NLHRed11' 6-max Seat #5 is the button
Seat 1: d9803191 ($9.85 in chips)
Seat 2: d07641a2 ($22.02 in chips)
Seat 3: c78cf8c9 ($17.01 in chips)
Seat 4: Hero ($10.4 in chips)
Seat 5: 820158 ($11.06 in chips)
Seat 6: 366a0ad9 ($12.35 in chips)
366a0ad9: posts small blind $0.05
d9803191: posts big blind $0.1
*** HOLE CARDS ***
Dealt to d9803191 
Dealt to d07641a2 
Dealt to c78cf8c9 
Dealt to Hero [8d 7s]
Dealt to 820158 
Dealt to 366a0ad9 
d07641a2: folds
c78cf8c9: folds
Hero: folds
820158: folds
366a0ad9: raises $0.2 to $0.3
d9803191: calls $0.2
*** FLOP *** [2d Kd 3s]
366a0ad9: checks
d9803191: checks
*** TURN *** [2d Kd 3s] [8h]
366a0ad9: checks
d9803191: checks
*** RIVER *** [2d Kd 3s 8h] [Tc]
366a0ad9: bets $0.3
d9803191: calls $0.3
366a0ad9: shows [Qh Ts] (Pair of Tens)
d9803191: shows [9c Td] (Pair of Tens)
*** SHOWDOWN ***
366a0ad9 collected $1.14 from pot
*** SUMMARY ***
Total pot $1.2 | Rake $0.06 | Jackpot $0 | Bingo $0 | Fortune $0 | Tax $0
Board [2d Kd 3s 8h Tc]
Seat 1: d9803191 (big blind) showed [9c Td] and lost with Pair of Tens
Seat 2: d07641a2 folded before Flop (didn't bet)
Seat 3: c78cf8c9 folded before Flop (didn't bet)
Seat 4: Hero folded before Flop (didn't bet)
Seat 5: 820158 (button) folded before Flop (didn't bet)
Seat 6: 366a0ad9 (small blind) showed [Qh Ts] and won ($1.14) with Pair of Tens


Poker Hand #HD1849646339: Hold'em No Limit ($0.05/$0.1) - 2024/07/09 13:48:14
Table 'NLHRed11' 6-max Seat #4 is the button
Seat 1: d9803191 ($9.85 in chips)
Seat 2: d07641a2 ($22.02 in chips)
Seat 3: c78cf8c9 ($17.01 in chips)
Seat 4: Hero ($10.25 in chips)
Seat 5: 820158 ($11.11 in chips)
Seat 6: 366a0ad9 ($12.45 in chips)
820158: posts small blind $0.05
366a0ad9: posts big blind $0.1
*** HOLE CARDS ***
Dealt to d9803191 
Dealt to d07641a2 
Dealt to c78cf8c9 
Dealt to Hero [7c Ah]
Dealt to 820158 
Dealt to 366a0ad9 
d9803191: folds
d07641a2: folds
c78cf8c9: folds
Hero: raises $0.14 to $0.24
820158: folds
366a0ad9: folds
Uncalled bet ($0.14) returned to Hero
*** SHOWDOWN ***
Hero collected $0.25 from pot
*** SUMMARY ***
Total pot $0.25 | Rake $0 | Jackpot $0 | Bingo $0 | Fortune $0 | Tax $0
Seat 1: d9803191 folded before Flop (didn't bet)
Seat 2: d07641a2 folded before Flop (didn't bet)
Seat 3: c78cf8c9 folded before Flop (didn't bet)
Seat 4: Hero (button) collected ($0.25)
Seat 5: 820158 (small blind) folded before Flop
Seat 6: 366a0ad9 (big blind) folded before Flop


Poker Hand #HD1849646309: Hold'em No Limit ($0.05/$0.1) - 2024/07/09 13:47:56
Table 'NLHRed11' 6-max Seat #3 is the button
Seat 1: d9803191 ($9.85 in chips)
Seat 2: d07641a2 ($22.02 in chips)
Seat 3: c78cf8c9 ($17.01 in chips)
Seat 4: Hero ($10.15 in chips)
Seat 5: 820158 ($11.21 in chips)
Seat 6: 366a0ad9 ($12.45 in chips)
Hero: posts small blind $0.05
820158: posts big blind $0.1
*** HOLE CARDS ***
Dealt to d9803191 
Dealt to d07641a2 
Dealt to c78cf8c9 
Dealt to Hero [5s 9s]
Dealt to 820158 
Dealt to 366a0ad9 
366a0ad9: folds
d9803191: folds
d07641a2: folds
c78cf8c9: folds
Hero: raises $0.2 to $0.3
820158: folds
Uncalled bet ($0.2) returned to Hero
*** SHOWDOWN ***
Hero collected $0.2 from pot
*** SUMMARY ***
Total pot $0.2 | Rake $0 | Jackpot $0 | Bingo $0 | Fortune $0 | Tax $0
Seat 1: d9803191 folded before Flop (didn't bet)
Seat 2: d07641a2 folded before Flop (didn't bet)
Seat 3: c78cf8c9 (button) folded before Flop (didn't bet)
Seat 4: Hero (small blind) collected ($0.2)
Seat 5: 820158 (big blind) folded before Flop
Seat 6: 366a0ad9 folded before Flop (didn't bet)


Poker Hand #HD1849646273: Hold'em No Limit ($0.05/$0.1) - 2024/07/09 13:47:24
Table 'NLHRed11' 6-max Seat #2 is the button
Seat 1: d9803191 ($9.85 in chips)
Seat 2: d07641a2 ($22.12 in chips)
Seat 3: c78cf8c9 ($17.06 in chips)
Seat 4: Hero ($10 in chips)
Seat 5: 820158 ($11.21 in chips)
Seat 6: 366a0ad9 ($12.45 in chips)
c78cf8c9: posts small blind $0.05
Hero: posts big blind $0.1
*** HOLE CARDS ***
Dealt to d9803191 
Dealt to d07641a2 
Dealt to c78cf8c9 
Dealt to Hero [Js Ac]
Dealt to 820158 
Dealt to 366a0ad9 
820158: folds
366a0ad9: folds
d9803191: folds
d07641a2: calls $0.1
c78cf8c9: folds
Hero: raises $0.3 to $0.4
d07641a2: folds
Uncalled bet ($0.3) returned to Hero
*** SHOWDOWN ***
Hero collected $0.25 from pot
*** SUMMARY ***
Total pot $0.25 | Rake $0 | Jackpot $0 | Bingo $0 | Fortune $0 | Tax $0
Seat 1: d9803191 folded before Flop (didn't bet)
Seat 2: d07641a2 (button) folded before Flop
Seat 3: c78cf8c9 (small blind) folded before Flop
Seat 4: Hero (big blind) collected ($0.25)
Seat 5: 820158 folded before Flop (didn't bet)
Seat 6: 366a0ad9 folded before Flop (didn't bet)


Poker Hand #HD1849646246: Hold'em No Limit ($0.05/$0.1) - 2024/07/09 13:47:05
Table 'NLHRed11' 6-max Seat #1 is the button
Seat 1: d9803191 ($9.85 in chips)
Seat 2: d07641a2 ($22.17 in chips)
Seat 3: c78cf8c9 ($17.01 in chips)
Seat 4: Hero ($10 in chips)
Seat 5: 820158 ($11.21 in chips)
Seat 6: 366a0ad9 ($12.45 in chips)
d07641a2: posts small blind $0.05
c78cf8c9: posts big blind $0.1
*** HOLE CARDS ***
Dealt to d9803191 
Dealt to d07641a2 
Dealt to c78cf8c9 
Dealt to Hero [7h 6c]
Dealt to 820158 
Dealt to 366a0ad9 
Hero: folds
820158: folds
366a0ad9: folds
d9803191: folds
d07641a2: folds
Uncalled bet ($0.05) returned to c78cf8c9
*** SHOWDOWN ***
c78cf8c9 collected $0.1 from pot
*** SUMMARY ***
Total pot $0.1 | Rake $0 | Jackpot $0 | Bingo $0 | Fortune $0 | Tax $0
Seat 1: d9803191 (button) folded before Flop (didn't bet)
Seat 2: d07641a2 (small blind) folded before Flop
Seat 3: c78cf8c9 (big blind) collected ($0.1)
Seat 4: Hero folded before Flop (didn't bet)
Seat 5: 820158 folded before Flop (didn't bet)
Seat 6: 366a0ad9 folded before Flop (didn't bet)


Poker Hand #HD1849646229: Hold'em No Limit ($0.05/$0.1) - 2024/07/09 13:46:51
Table 'NLHRed11' 6-max Seat #6 is the button
Seat 1: d9803191 ($9.9 in chips)
Seat 2: d07641a2 ($22.12 in chips)
Seat 3: c78cf8c9 ($17.01 in chips)
Seat 4: Hero ($10 in chips)
Seat 5: 820158 ($11.21 in chips)
Seat 6: 366a0ad9 ($12.45 in chips)
d9803191: posts small blind $0.05
d07641a2: posts big blind $0.1
*** HOLE CARDS ***
Dealt to d9803191 
Dealt to d07641a2 
Dealt to c78cf8c9 
Dealt to Hero [3d Qd]
Dealt to 820158 
Dealt to 366a0ad9 
c78cf8c9: folds
Hero: folds
820158: folds
366a0ad9: folds
d9803191: folds
Uncalled bet ($0.05) returned to d07641a2
*** SHOWDOWN ***
d07641a2 collected $0.1 from pot
*** SUMMARY ***
Total pot $0.1 | Rake $0 | Jackpot $0 | Bingo $0 | Fortune $0 | Tax $0
Seat 1: d9803191 (small blind) folded before Flop
Seat 2: d07641a2 (big blind) collected ($0.1)
Seat 3: c78cf8c9 folded before Flop (didn't bet)
Seat 4: Hero folded before Flop (didn't bet)
Seat 5: 820158 folded before Flop (didn't bet)
Seat 6: 366a0ad9 (button) folded before Flop (didn't bet)


Poker Hand #HD1849646185: Hold'em No Limit ($0.05/$0.1) - 2024/07/09 13:46:19
Table 'NLHRed11' 6-max Seat #5 is the button
Seat 1: d9803191 ($10 in chips)
Seat 2: d07641a2 ($22.12 in chips)
Seat 3: c78cf8c9 ($17.01 in chips)
Seat 4: Hero ($10 in chips)
Seat 5: 820158 ($11.21 in chips)
Seat 6: 366a0ad9 ($12.13 in chips)
366a0ad9: posts small blind $0.05
d9803191: posts big blind $0.1
*** HOLE CARDS ***
Dealt to d9803191 
Dealt to d07641a2 
Dealt to c78cf8c9 
Dealt to Hero [Js Kh]
Dealt to 820158 
Dealt to 366a0ad9 
d07641a2: folds
c78cf8c9: folds
Hero: raises $0.14 to $0.24
820158: folds
366a0ad9: raises $0.44 to $0.68
d9803191: folds
Hero: folds
Uncalled bet ($0.44) returned to 366a0ad9
*** SHOWDOWN ***
366a0ad9 collected $0.56 from pot
*** SUMMARY ***
Total pot $0.58 | Rake $0.02 | Jackpot $0 | Bingo $0 | Fortune $0 | Tax $0
Seat 1: d9803191 (big blind) folded before Flop
Seat 2: d07641a2 folded before Flop (didn't bet)
Seat 3: c78cf8c9 folded before Flop (didn't bet)
Seat 4: Hero folded before Flop
Seat 5: 820158 (button) folded before Flop (didn't bet)
Seat 6: 366a0ad9 (small blind) collected ($0.56)


Poker Hand #HD1849646159: Hold'em No Limit ($0.05/$0.1) - 2024/07/09 13:46:01
Table 'NLHRed11' 6-max Seat #4 is the button
Seat 1: d9803191 ($10 in chips)
Seat 3: c78cf8c9 ($17.01 in chips)
Seat 4: Hero ($10 in chips)
Seat 5: 820158 ($11.11 in chips)
Seat 6: 366a0ad9 ($12.23 in chips)
820158: posts small blind $0.05
366a0ad9: posts big blind $0.1
*** HOLE CARDS ***
Dealt to d9803191 
Dealt to c78cf8c9 
Dealt to Hero [7h Qd]
Dealt to 820158 
Dealt to 366a0ad9 
d9803191: folds
c78cf8c9: folds
Hero: folds
820158: raises $0.2 to $0.3
366a0ad9: folds
Uncalled bet ($0.2) returned to 820158
*** SHOWDOWN ***
820158 collected $0.2 from pot
*** SUMMARY ***
Total pot $0.2 | Rake $0 | Jackpot $0 | Bingo $0 | Fortune $0 | Tax $0
Seat 1: d9803191 folded before Flop (didn't bet)
Seat 3: c78cf8c9 folded before Flop (didn't bet)
Seat 4: Hero (button) folded before Flop (didn't bet)
Seat 5: 820158 (small blind) collected ($0.2)
Seat 6: 366a0ad9 (big blind) folded before Flop


Poker Hand #HD1849646121: Hold'em No Limit ($0.05/$0.1) - 2024/07/09 13:45:32
Table 'NLHRed11' 6-max Seat #3 is the button
Seat 1: d9803191 ($10 in chips)
Seat 2: d07641a2 ($22.12 in chips)
Seat 3: c78cf8c9 ($16.86 in chips)
Seat 4: Hero ($10 in chips)
Seat 5: 820158 ($11.21 in chips)
Seat 6: 366a0ad9 ($12.23 in chips)
Hero: posts small blind $0.05
820158: posts big blind $0.1
*** HOLE CARDS ***
Dealt to d9803191 
Dealt to d07641a2 
Dealt to c78cf8c9 
Dealt to Hero [As 8h]
Dealt to 820158 
Dealt to 366a0ad9 
366a0ad9: folds
d9803191: folds
d07641a2: folds
c78cf8c9: raises $0.12 to $0.22
Hero: folds
820158: folds
Uncalled bet ($0.12) returned to c78cf8c9
*** SHOWDOWN ***
c78cf8c9 collected $0.25 from pot
*** SUMMARY ***
Total pot $0.25 | Rake $0 | Jackpot $0 | Bingo $0 | Fortune $0 | Tax $0
Seat 1: d9803191 folded before Flop (didn't bet)
Seat 2: d07641a2 folded before Flop (didn't bet)
Seat 3: c78cf8c9 (button) collected ($0.25)
Seat 4: Hero (small blind) folded before Flop
Seat 5: 820158 (big blind) folded before Flop
Seat 6: 366a0ad9 folded before Flop (didn't bet)


Poker Hand #HD1849646104: Hold'em No Limit ($0.05/$0.1) - 2024/07/09 13:45:18
Table 'NLHRed11' 6-max Seat #2 is the button
Seat 1: d9803191 ($10 in chips)
Seat 2: d07641a2 ($22.12 in chips)
Seat 3: c78cf8c9 ($16.91 in chips)
Seat 4: Hero ($10 in chips)
Seat 5: 820158 ($11.06 in chips)
Seat 6: 366a0ad9 ($12.23 in chips)
c78cf8c9: posts small blind $0.05
Hero: posts big blind $0.1
*** HOLE CARDS ***
Dealt to d9803191 
Dealt to d07641a2 
Dealt to c78cf8c9 
Dealt to Hero [Qd 2c]
Dealt to 820158 
Dealt to 366a0ad9 
820158: raises $0.1 to $0.2
366a0ad9: folds
d9803191: folds
d07641a2: folds
c78cf8c9: folds
Hero: folds
Uncalled bet ($0.1) returned to 820158
*** SHOWDOWN ***
820158 collected $0.25 from pot
*** SUMMARY ***
Total pot $0.25 | Rake $0 | Jackpot $0 | Bingo $0 | Fortune $0 | Tax $0
Seat 1: d9803191 folded before Flop (didn't bet)
Seat 2: d07641a2 (button) folded before Flop (didn't bet)
Seat 3: c78cf8c9 (small blind) folded before Flop
Seat 4: Hero (big blind) folded before Flop
Seat 5: 820158 collected ($0.25)
Seat 6: 366a0ad9 folded before Flop (didn't bet)


Poker Hand #HD1849646090: Hold'em No Limit ($0.05/$0.1) - 2024/07/09 13:45:03
Table 'NLHRed11' 6-max Seat #1 is the button
Seat 1: d9803191 ($10 in chips)
Seat 2: d07641a2 ($22.17 in chips)
Seat 3: c78cf8c9 ($16.86 in chips)
Seat 4: Hero ($10 in chips)
Seat 5: 820158 ($11.06 in chips)
Seat 6: 366a0ad9 ($12.23 in chips)
d07641a2: posts small blind $0.05
c78cf8c9: posts big blind $0.1
*** HOLE CARDS ***
Dealt to d9803191 
Dealt to d07641a2 
Dealt to c78cf8c9 
Dealt to Hero [7d Js]
Dealt to 820158 
Dealt to 366a0ad9 
Hero: folds
820158: folds
366a0ad9: folds
d9803191: folds
d07641a2: folds
Uncalled bet ($0.05) returned to c78cf8c9
*** SHOWDOWN ***
c78cf8c9 collected $0.1 from pot
*** SUMMARY ***
Total pot $0.1 | Rake $0 | Jackpot $0 | Bingo $0 | Fortune $0 | Tax $0
Seat 1: d9803191 (button) folded before Flop (didn't bet)
Seat 2: d07641a2 (small blind) folded before Flop
Seat 3: c78cf8c9 (big blind) collected ($0.1)
Seat 4: Hero folded before Flop (didn't bet)
Seat 5: 820158 folded before Flop (didn't bet)
Seat 6: 366a0ad9 folded before Flop (didn't bet)


Poker Hand #HD1849646059: Hold'em No Limit ($0.05/$0.1) - 2024/07/09 13:44:46
Table 'NLHRed11' 6-max Seat #6 is the button
Seat 1: d9803191 ($10.05 in chips)
Seat 2: d07641a2 ($22.27 in chips)
Seat 3: c78cf8c9 ($16.71 in chips)
Seat 4: Hero ($10 in chips)
Seat 5: 820158 ($11.06 in chips)
Seat 6: 366a0ad9 ($12.23 in chips)
d9803191: posts small blind $0.05
d07641a2: posts big blind $0.1
*** HOLE CARDS ***
Dealt to d9803191 
Dealt to d07641a2 
Dealt to c78cf8c9 
Dealt to Hero [9c 3c]
Dealt to 820158 
Dealt to 366a0ad9 
c78cf8c9: raises $0.1 to $0.2
Hero: folds
820158: folds
366a0ad9: folds
d9803191: folds
d07641a2: folds
Uncalled bet ($0.1) returned to c78cf8c9
*** SHOWDOWN ***
c78cf8c9 collected $0.25 from pot
*** SUMMARY ***
Total pot $0.25 | Rake $0 | Jackpot $0 | Bingo $0 | Fortune $0 | Tax $0
Seat 1: d9803191 (small blind) folded before Flop
Seat 2: d07641a2 (big blind) folded before Flop
Seat 3: c78cf8c9 collected ($0.25)
Seat 4: Hero folded before Flop (didn't bet)
Seat 5: 820158 folded before Flop (didn't bet)
Seat 6: 366a0ad9 (button) folded before Flop (didn't bet)


Poker Hand #HD1849645987: Hold'em No Limit ($0.05/$0.1) - 2024/07/09 13:43:46
Table 'NLHRed11' 6-max Seat #5 is the button
Seat 1: d9803191 ($10.15 in chips)
Seat 2: d07641a2 ($22.49 in chips)
Seat 3: c78cf8c9 ($16.37 in chips)
Seat 4: Hero ($10 in chips)
Seat 5: 820158 ($11.06 in chips)
Seat 6: 366a0ad9 ($12.28 in chips)
366a0ad9: posts small blind $0.05
d9803191: posts big blind $0.1
*** HOLE CARDS ***
Dealt to d9803191 
Dealt to d07641a2 
Dealt to c78cf8c9 
Dealt to Hero [2c 4s]
Dealt to 820158 
Dealt to 366a0ad9 
d07641a2: calls $0.1
c78cf8c9: raises $0.12 to $0.22
Hero: folds
820158: folds
366a0ad9: folds
d9803191: folds
d07641a2: calls $0.12
*** FLOP *** [3s Kd Jd]
d07641a2: checks
c78cf8c9: checks
*** TURN *** [3s Kd Jd] [2s]
d07641a2: checks
c78cf8c9: bets $0.2
d07641a2: folds
Uncalled bet ($0.2) returned to c78cf8c9
*** SHOWDOWN ***
c78cf8c9 collected $0.56 from pot
*** SUMMARY ***
Total pot $0.59 | Rake $0.03 | Jackpot $0 | Bingo $0 | Fortune $0 | Tax $0
Board [3s Kd Jd 2s]
Seat 1: d9803191 (big blind) folded before Flop
Seat 2: d07641a2 folded on the Turn
Seat 3: c78cf8c9 won ($0.56)
Seat 4: Hero folded before Flop (didn't bet)
Seat 5: 820158 (button) folded before Flop (didn't bet)
Seat 6: 366a0ad9 (small blind) folded before Flop


Poker Hand #HD1849645899: Hold'em No Limit ($0.05/$0.1) - 2024/07/09 13:42:33
Table 'NLHRed11' 6-max Seat #4 is the button
Seat 1: d9803191 ($10.15 in chips)
Seat 3: c78cf8c9 ($19.06 in chips)
Seat 4: Hero ($10 in chips)
Seat 5: 820158 ($11.11 in chips)
Seat 6: 366a0ad9 ($9.9 in chips)
820158: posts small blind $0.05
366a0ad9: posts big blind $0.1
*** HOLE CARDS ***
Dealt to d9803191 
Dealt to c78cf8c9 
Dealt to Hero [Kd 6h]
Dealt to 820158 
Dealt to 366a0ad9 
d9803191: folds
c78cf8c9: raises $0.1 to $0.2
Hero: folds
820158: folds
366a0ad9: raises $0.45 to $0.65
c78cf8c9: calls $0.45
*** FLOP *** [3c 8h 3h]
366a0ad9: checks
c78cf8c9: checks
*** TURN *** [3c 8h 3h] [6d]
366a0ad9: bets $0.68
c78cf8c9: raises $1.36 to $2.04
366a0ad9: raises $2.72 to $4.76
c78cf8c9: folds
Uncalled bet ($2.72) returned to 366a0ad9
*** SHOWDOWN ***
366a0ad9 collected $5.07 from pot
*** SUMMARY ***
Total pot $5.43 | Rake $0.26 | Jackpot $0.1 | Bingo $0 | Fortune $0 | Tax $0
Board [3c 8h 3h 6d]
Seat 1: d9803191 folded before Flop (didn't bet)
Seat 3: c78cf8c9 folded on the Turn
Seat 4: Hero (button) folded before Flop (didn't bet)
Seat 5: 820158 (small blind) folded before Flop
Seat 6: 366a0ad9 (big blind) won ($5.07)


Poker Hand #HD1849645868: Hold'em No Limit ($0.05/$0.1) - 2024/07/09 13:42:11
Table 'NLHRed11' 6-max Seat #3 is the button
Seat 1: d9803191 ($10.15 in chips)
Seat 2: d07641a2 ($22.49 in chips)
Seat 3: c78cf8c9 ($18.91 in chips)
Seat 4: Hero ($10 in chips)
Seat 5: 820158 ($11.21 in chips)
Seat 6: 366a0ad9 ($9.9 in chips)
Hero: posts small blind $0.05
820158: posts big blind $0.1
*** HOLE CARDS ***
Dealt to d9803191 
Dealt to d07641a2 
Dealt to c78cf8c9 
Dealt to Hero [7c 6s]
Dealt to 820158 
Dealt to 366a0ad9 
366a0ad9: folds
d9803191: folds
d07641a2: folds
c78cf8c9: raises $0.12 to $0.22
Hero: folds
820158: folds
Uncalled bet ($0.12) returned to c78cf8c9
*** SHOWDOWN ***
c78cf8c9 collected $0.25 from pot
*** SUMMARY ***
Total pot $0.25 | Rake $0 | Jackpot $0 | Bingo $0 | Fortune $0 | Tax $0
Seat 1: d9803191 folded before Flop (didn't bet)
Seat 2: d07641a2 folded before Flop (didn't bet)
Seat 3: c78cf8c9 (button) collected ($0.25)
Seat 4: Hero (small blind) folded before Flop
Seat 5: 820158 (big blind) folded before Flop
Seat 6: 366a0ad9 folded before Flop (didn't bet)


Poker Hand #HD1849645843: Hold'em No Limit ($0.05/$0.1) - 2024/07/09 13:41:54
Table 'NLHRed11' 6-max Seat #2 is the button
Seat 1: d9803191 ($10 in chips)
Seat 2: d07641a2 ($22.49 in chips)
Seat 3: c78cf8c9 ($18.96 in chips)
Seat 4: Hero ($10 in chips)
Seat 5: 820158 ($11.21 in chips)
Seat 6: 366a0ad9 ($9.9 in chips)
c78cf8c9: posts small blind $0.05
Hero: posts big blind $0.1
*** HOLE CARDS ***
Dealt to d9803191 
Dealt to d07641a2 
Dealt to c78cf8c9 
Dealt to Hero [2h 4d]
Dealt to 820158 
Dealt to 366a0ad9 
820158: folds
366a0ad9: folds
d9803191: raises $0.2 to $0.3
d07641a2: folds
c78cf8c9: folds
Hero: folds
Uncalled bet ($0.2) returned to d9803191
*** SHOWDOWN ***
d9803191 collected $0.25 from pot
*** SUMMARY ***
Total pot $0.25 | Rake $0 | Jackpot $0 | Bingo $0 | Fortune $0 | Tax $0
Seat 1: d9803191 collected ($0.25)
Seat 2: d07641a2 (button) folded before Flop (didn't bet)
Seat 3: c78cf8c9 (small blind) folded before Flop
Seat 4: Hero (big blind) folded before Flop
Seat 5: 820158 folded before Flop (didn't bet)
Seat 6: 366a0ad9 folded before Flop (didn't bet)


Poker Hand #HD1849645796: Hold'em No Limit ($0.05/$0.1) - 2024/07/09 13:41:13
Table 'NLHRed11' 6-max Seat #1 is the button
Seat 1: d9803191 ($5.7 in chips)
Seat 2: d07641a2 ($21.49 in chips)
Seat 3: c78cf8c9 ($19.06 in chips)
Seat 4: Hero ($10.9 in chips)
Seat 5: 820158 ($11.21 in chips)
Seat 6: 366a0ad9 ($10 in chips)
d07641a2: posts small blind $0.05
c78cf8c9: posts big blind $0.1
366a0ad9: posts big blind $0.1
*** HOLE CARDS ***
Dealt to d9803191 
Dealt to d07641a2 
Dealt to c78cf8c9 
Dealt to Hero [9s 9h]
Dealt to 820158 
Dealt to 366a0ad9 
Hero: raises $0.2 to $0.3
820158: folds
366a0ad9: folds
d9803191: folds
d07641a2: raises $0.6 to $0.9
c78cf8c9: folds
Hero: calls $0.6
*** FLOP *** [Th 3d 3h]
d07641a2: bets $1.5
Hero: folds
Uncalled bet ($1.5) returned to d07641a2
*** SHOWDOWN ***
d07641a2 collected $1.9 from pot
*** SUMMARY ***
Total pot $2 | Rake $0.1 | Jackpot $0 | Bingo $0 | Fortune $0 | Tax $0
Board [Th 3d 3h]
Seat 1: d9803191 (button) folded before Flop (didn't bet)
Seat 2: d07641a2 (small blind) won ($1.9)
Seat 3: c78cf8c9 (big blind) folded before Flop
Seat 4: Hero folded on the Flop
Seat 5: 820158 folded before Flop (didn't bet)
Seat 6: 366a0ad9 folded before Flop


Poker Hand #HD1849645709: Hold'em No Limit ($0.05/$0.1) - 2024/07/09 13:40:02
Table 'NLHRed11' 6-max Seat #5 is the button
Seat 1: d9803191 ($9.55 in chips)
Seat 2: d07641a2 ($17.45 in chips)
Seat 3: c78cf8c9 ($19.06 in chips)
Seat 4: Hero ($10.9 in chips)
Seat 5: 820158 ($11.91 in chips)
d9803191: posts small blind $0.05
d07641a2: posts big blind $0.1
*** HOLE CARDS ***
Dealt to d9803191 
Dealt to d07641a2 
Dealt to c78cf8c9 
Dealt to Hero [3s 7c]
Dealt to 820158 
c78cf8c9: folds
Hero: folds
820158: raises $0.1 to $0.2
d9803191: raises $0.5 to $0.7
d07641a2: calls $0.6
820158: calls $0.5
*** FLOP *** [3d Td Kc]
d9803191: bets $1.05
d07641a2: calls $1.05
820158: folds
*** TURN *** [3d Td Kc] [8c]
d9803191: bets $2.1
d07641a2: raises $2.78 to $4.88
d9803191: folds
Uncalled bet ($2.78) returned to d07641a2
*** SHOWDOWN ***
d07641a2 collected $7.89 from pot
*** SUMMARY ***
Total pot $8.4 | Rake $0.41 | Jackpot $0.1 | Bingo $0 | Fortune $0 | Tax $0
Board [3d Td Kc 8c]
Seat 1: d9803191 (small blind) folded on the Turn
Seat 2: d07641a2 (big blind) won ($7.89)
Seat 3: c78cf8c9 folded before Flop (didn't bet)
Seat 4: Hero folded before Flop (didn't bet)
Seat 5: 820158 (button) folded on the Flop


Poker Hand #HD1849645683: Hold'em No Limit ($0.05/$0.1) - 2024/07/09 13:39:48
Table 'NLHRed11' 6-max Seat #4 is the button
Seat 1: d9803191 ($9.55 in chips)
Seat 2: d07641a2 ($17.45 in chips)
Seat 3: c78cf8c9 ($18.91 in chips)
Seat 4: Hero ($10.9 in chips)
Seat 5: 820158 ($11.96 in chips)
Seat 6: 708c9912 ($14.37 in chips)
820158: posts small blind $0.05
708c9912: posts big blind $0.1
*** HOLE CARDS ***
Dealt to d9803191 
Dealt to d07641a2 
Dealt to c78cf8c9 
Dealt to Hero [Ts 5h]
Dealt to 820158 
Dealt to 708c9912 
d9803191: folds
d07641a2: folds
c78cf8c9: raises $0.1 to $0.2
Hero: folds
820158: folds
708c9912: folds
Uncalled bet ($0.1) returned to c78cf8c9
*** SHOWDOWN ***
c78cf8c9 collected $0.25 from pot
*** SUMMARY ***
Total pot $0.25 | Rake $0 | Jackpot $0 | Bingo $0 | Fortune $0 | Tax $0
Seat 1: d9803191 folded before Flop (didn't bet)
Seat 2: d07641a2 folded before Flop (didn't bet)
Seat 3: c78cf8c9 collected ($0.25)
Seat 4: Hero (button) folded before Flop (didn't bet)
Seat 5: 820158 (small blind) folded before Flop
Seat 6: 708c9912 (big blind) folded before Flop


Poker Hand #HD1849645664: Hold'em No Limit ($0.05/$0.1) - 2024/07/09 13:39:31
Table 'NLHRed11' 6-max Seat #3 is the button
Seat 1: d9803191 ($9.55 in chips)
Seat 2: d07641a2 ($17.45 in chips)
Seat 3: c78cf8c9 ($18.91 in chips)
Seat 4: Hero ($10.95 in chips)
Seat 5: 820158 ($12.06 in chips)
Seat 6: 708c9912 ($14.22 in chips)
Hero: posts small blind $0.05
820158: posts big blind $0.1
*** HOLE CARDS ***
Dealt to d9803191 
Dealt to d07641a2 
Dealt to c78cf8c9 
Dealt to Hero [7d 7c]
Dealt to 820158 
Dealt to 708c9912 
708c9912: raises $0.1 to $0.2
d9803191: folds
d07641a2: folds
c78cf8c9: folds
Hero: folds
820158: folds
Uncalled bet ($0.1) returned to 708c9912
*** SHOWDOWN ***
708c9912 collected $0.25 from pot
*** SUMMARY ***
Total pot $0.25 | Rake $0 | Jackpot $0 | Bingo $0 | Fortune $0 | Tax $0
Seat 1: d9803191 folded before Flop (didn't bet)
Seat 2: d07641a2 folded before Flop (didn't bet)
Seat 3: c78cf8c9 (button) folded before Flop (didn't bet)
Seat 4: Hero (small blind) folded before Flop
Seat 5: 820158 (big blind) folded before Flop
Seat 6: 708c9912 collected ($0.25)


Poker Hand #HD1849535616: Hold'em No Limit ($0.05/$0.1) - 2024/07/09 13:38:55
Table 'NLHRed11' 6-max Seat #2 is the button
Seat 1: d9803191 ($9.85 in chips)
Seat 2: d07641a2 ($17.03 in chips)
Seat 3: c78cf8c9 ($18.96 in chips)
Seat 4: Hero ($11.05 in chips)
Seat 5: 820158 ($12.06 in chips)
Seat 6: 708c9912 ($14.22 in chips)
c78cf8c9: posts small blind $0.05
Hero: posts big blind $0.1
*** HOLE CARDS ***
Dealt to d9803191 
Dealt to d07641a2 
Dealt to c78cf8c9 
Dealt to Hero [4h Qc]
Dealt to 820158 
Dealt to 708c9912 
820158: folds
708c9912: folds
d9803191: raises $0.2 to $0.3
d07641a2: calls $0.3
c78cf8c9: folds
Hero: folds
*** FLOP *** [Qh 9d 4d]
d9803191: checks
d07641a2: bets $0.38
d9803191: folds
Uncalled bet ($0.38) returned to d07641a2
*** SHOWDOWN ***
d07641a2 collected $0.72 from pot
*** SUMMARY ***
Total pot $0.75 | Rake $0.03 | Jackpot $0 | Bingo $0 | Fortune $0 | Tax $0
Board [Qh 9d 4d]
Seat 1: d9803191 folded on the Flop
Seat 2: d07641a2 (button) won ($0.72)
Seat 3: c78cf8c9 (small blind) folded before Flop
Seat 4: Hero (big blind) folded before Flop
Seat 5: 820158 folded before Flop (didn't bet)
Seat 6: 708c9912 folded before Flop (didn't bet)


Poker Hand #HD1849535492: Hold'em No Limit ($0.05/$0.1) - 2024/07/09 13:37:19
Table 'NLHRed11' 6-max Seat #1 is the button
Seat 1: d9803191 ($9.85 in chips)
Seat 2: d07641a2 ($17.08 in chips)
Seat 3: c78cf8c9 ($10 in chips)
Seat 4: Hero ($11.05 in chips)
Seat 5: 820158 ($12.06 in chips)
Seat 6: 708c9912 ($24.22 in chips)
d07641a2: posts small blind $0.05
c78cf8c9: posts big blind $0.1
*** HOLE CARDS ***
Dealt to d9803191 
Dealt to d07641a2 
Dealt to c78cf8c9 
Dealt to Hero [2d Th]
Dealt to 820158 
Dealt to 708c9912 
Hero: folds
820158: folds
708c9912: raises $0.2 to $0.3
d9803191: folds
d07641a2: folds
c78cf8c9: calls $0.2
*** FLOP *** [4d 8s As]
c78cf8c9: checks
708c9912: bets $0.35
c78cf8c9: raises $1.02 to $1.37
708c9912: calls $1.02
*** TURN *** [4d 8s As] [8c]
c78cf8c9: bets $1.8
708c9912: calls $1.8
*** RIVER *** [4d 8s As 8c] [7d]
c78cf8c9: bets $6.53 and is all-in
708c9912: calls $6.53
c78cf8c9: shows [8d Ad] (Eights Full over Aces)
708c9912: shows [Qc Ac] (Pair of Aces and Pair of Eights)
*** SHOWDOWN ***
c78cf8c9 collected $18.96 from pot
*** SUMMARY ***
Total pot $20.05 | Rake $0.99 | Jackpot $0.1 | Bingo $0 | Fortune $0 | Tax $0
Board [4d 8s As 8c 7d]
Seat 1: d9803191 (button) folded before Flop (didn't bet)
Seat 2: d07641a2 (small blind) folded before Flop
Seat 3: c78cf8c9 (big blind) showed [8d Ad] and won ($18.96) with Eights Full over Aces
Seat 4: Hero folded before Flop (didn't bet)
Seat 5: 820158 folded before Flop (didn't bet)
Seat 6: 708c9912 showed [Qc Ac] and lost with Pair of Aces and Pair of Eights


Poker Hand #HD1849535477: Hold'em No Limit ($0.05/$0.1) - 2024/07/09 13:37:04
Table 'NLHRed11' 6-max Seat #6 is the button
Seat 1: d9803191 ($9.9 in chips)
Seat 2: d07641a2 ($17.03 in chips)
Seat 3: c78cf8c9 ($10 in chips)
Seat 4: Hero ($11.05 in chips)
Seat 5: 820158 ($12.06 in chips)
Seat 6: 708c9912 ($24.22 in chips)
d9803191: posts small blind $0.05
d07641a2: posts big blind $0.1
*** HOLE CARDS ***
Dealt to d9803191 
Dealt to d07641a2 
Dealt to c78cf8c9 
Dealt to Hero [7c 2d]
Dealt to 820158 
Dealt to 708c9912 
c78cf8c9: folds
Hero: folds
820158: folds
708c9912: folds
d9803191: folds
Uncalled bet ($0.05) returned to d07641a2
*** SHOWDOWN ***
d07641a2 collected $0.1 from pot
*** SUMMARY ***
Total pot $0.1 | Rake $0 | Jackpot $0 | Bingo $0 | Fortune $0 | Tax $0
Seat 1: d9803191 (small blind) folded before Flop
Seat 2: d07641a2 (big blind) collected ($0.1)
Seat 3: c78cf8c9 folded before Flop (didn't bet)
Seat 4: Hero folded before Flop (didn't bet)
Seat 5: 820158 folded before Flop (didn't bet)
Seat 6: 708c9912 (button) folded before Flop (didn't bet)


Poker Hand #HD1849535430: Hold'em No Limit ($0.05/$0.1) - 2024/07/09 13:36:32
Table 'NLHRed11' 6-max Seat #5 is the button
Seat 1: d9803191 ($10 in chips)
Seat 2: d07641a2 ($17.03 in chips)
Seat 3: c78cf8c9 ($10 in chips)
Seat 4: Hero ($11.05 in chips)
Seat 5: 820158 ($12.06 in chips)
Seat 6: 708c9912 ($24.12 in chips)
708c9912: posts small blind $0.05
d9803191: posts big blind $0.1
*** HOLE CARDS ***
Dealt to d9803191 
Dealt to d07641a2 
Dealt to c78cf8c9 
Dealt to Hero [2d 9h]
Dealt to 820158 
Dealt to 708c9912 
d07641a2: folds
c78cf8c9: folds
Hero: folds
820158: folds
708c9912: raises $0.2 to $0.3
d9803191: folds
Uncalled bet ($0.2) returned to 708c9912
*** SHOWDOWN ***
708c9912 collected $0.2 from pot
*** SUMMARY ***
Total pot $0.2 | Rake $0 | Jackpot $0 | Bingo $0 | Fortune $0 | Tax $0
Seat 1: d9803191 (big blind) folded before Flop
Seat 2: d07641a2 folded before Flop (didn't bet)
Seat 3: c78cf8c9 folded before Flop (didn't bet)
Seat 4: Hero folded before Flop (didn't bet)
Seat 5: 820158 (button) folded before Flop (didn't bet)
Seat 6: 708c9912 (small blind) collected ($0.2)


Poker Hand #HD1849535393: Hold'em No Limit ($0.05/$0.1) - 2024/07/09 13:36:01
Table 'NLHRed11' 6-max Seat #4 is the button
Seat 1: d9803191 ($9.18 in chips)
Seat 2: d07641a2 ($17.03 in chips)
Seat 3: c78cf8c9 ($10 in chips)
Seat 4: Hero ($11.05 in chips)
Seat 5: 820158 ($12.11 in chips)
Seat 6: 708c9912 ($24.22 in chips)
820158: posts small blind $0.05
708c9912: posts big blind $0.1
*** HOLE CARDS ***
Dealt to d9803191 
Dealt to d07641a2 
Dealt to c78cf8c9 
Dealt to Hero [9s Ts]
Dealt to 820158 
Dealt to 708c9912 
d9803191: raises $0.2 to $0.3
d07641a2: folds
c78cf8c9: folds
Hero: folds
820158: folds
708c9912: folds
Uncalled bet ($0.2) returned to d9803191
*** SHOWDOWN ***
d9803191 collected $0.25 from pot
*** SUMMARY ***
Total pot $0.25 | Rake $0 | Jackpot $0 | Bingo $0 | Fortune $0 | Tax $0
Seat 1: d9803191 collected ($0.25)
Seat 2: d07641a2 folded before Flop (didn't bet)
Seat 3: c78cf8c9 folded before Flop (didn't bet)
Seat 4: Hero (button) folded before Flop (didn't bet)
Seat 5: 820158 (small blind) folded before Flop
Seat 6: 708c9912 (big blind) folded before Flop


Poker Hand #HD1849535337: Hold'em No Limit ($0.05/$0.1) - 2024/07/09 13:35:24
Table 'NLHRed11' 6-max Seat #3 is the button
Seat 1: d9803191 ($9.43 in chips)
Seat 2: d07641a2 ($17.28 in chips)
Seat 3: c78cf8c9 ($10 in chips)
Seat 4: Hero ($10.49 in chips)
Seat 5: 820158 ($12.21 in chips)
Seat 6: 708c9912 ($24.22 in chips)
Hero: posts small blind $0.05
820158: posts big blind $0.1
*** HOLE CARDS ***
Dealt to d9803191 
Dealt to d07641a2 
Dealt to c78cf8c9 
Dealt to Hero [Kd Qd]
Dealt to 820158 
Dealt to 708c9912 
708c9912: folds
d9803191: raises $0.15 to $0.25
d07641a2: calls $0.25
c78cf8c9: folds
Hero: raises $0.95 to $1.2
820158: folds
d9803191: folds
d07641a2: folds
Uncalled bet ($0.95) returned to Hero
*** SHOWDOWN ***
Hero collected $0.81 from pot
*** SUMMARY ***
Total pot $0.85 | Rake $0.04 | Jackpot $0 | Bingo $0 | Fortune $0 | Tax $0
Seat 1: d9803191 folded before Flop
Seat 2: d07641a2 folded before Flop
Seat 3: c78cf8c9 (button) folded before Flop (didn't bet)
Seat 4: Hero (small blind) collected ($0.81)
Seat 5: 820158 (big blind) folded before Flop
Seat 6: 708c9912 folded before Flop (didn't bet)


Poker Hand #HD1849535216: Hold'em No Limit ($0.05/$0.1) - 2024/07/09 13:33:50
Table 'NLHRed11' 6-max Seat #2 is the button
Seat 1: d9803191 ($9.43 in chips)
Seat 2: d07641a2 ($19.12 in chips)
Seat 3: c78cf8c9 ($10.05 in chips)
Seat 4: Hero ($10.69 in chips)
Seat 5: 820158 ($10.41 in chips)
Seat 6: 708c9912 ($24.22 in chips)
c78cf8c9: posts small blind $0.05
Hero: posts big blind $0.1
*** HOLE CARDS ***
Dealt to d9803191 
Dealt to d07641a2 
Dealt to c78cf8c9 
Dealt to Hero [As 7s]
Dealt to 820158 
Dealt to 708c9912 
820158: raises $0.1 to $0.2
708c9912: folds
d9803191: folds
d07641a2: calls $0.2
c78cf8c9: folds
Hero: calls $0.1
*** FLOP *** [7d Kd 3c]
Hero: checks
820158: checks
d07641a2: checks
*** TURN *** [7d Kd 3c] [9c]
Hero: checks
820158: checks
d07641a2: bets $0.33
Hero: folds
820158: calls $0.33
*** RIVER *** [7d Kd 3c 9c] [2h]
820158: checks
d07641a2: bets $1.31
820158: calls $1.31
d07641a2: shows [5c Ah] (Ace-High)
820158: shows [9s Ts] (Pair of Nines)
*** SHOWDOWN ***
820158 collected $3.64 from pot
*** SUMMARY ***
Total pot $3.93 | Rake $0.19 | Jackpot $0.1 | Bingo $0 | Fortune $0 | Tax $0
Board [7d Kd 3c 9c 2h]
Seat 1: d9803191 folded before Flop (didn't bet)
Seat 2: d07641a2 (button) showed [5c Ah] and lost with Ace-High
Seat 3: c78cf8c9 (small blind) folded before Flop
Seat 4: Hero (big blind) folded on the Turn
Seat 5: 820158 showed [9s Ts] and won ($3.64) with Pair of Nines
Seat 6: 708c9912 folded before Flop (didn't bet)


Poker Hand #HD1849535198: Hold'em No Limit ($0.05/$0.1) - 2024/07/09 13:33:34
Table 'NLHRed11' 6-max Seat #1 is the button
Seat 1: d9803191 ($9.43 in chips)
Seat 2: d07641a2 ($19.17 in chips)
Seat 3: c78cf8c9 ($10 in chips)
Seat 4: Hero ($10.69 in chips)
Seat 5: 820158 ($10.41 in chips)
Seat 6: 708c9912 ($24.22 in chips)
d07641a2: posts small blind $0.05
c78cf8c9: posts big blind $0.1
*** HOLE CARDS ***
Dealt to d9803191 
Dealt to d07641a2 
Dealt to c78cf8c9 
Dealt to Hero [Qc 2d]
Dealt to 820158 
Dealt to 708c9912 
Hero: folds
820158: folds
708c9912: folds
d9803191: folds
d07641a2: folds
Uncalled bet ($0.05) returned to c78cf8c9
*** SHOWDOWN ***
c78cf8c9 collected $0.1 from pot
*** SUMMARY ***
Total pot $0.1 | Rake $0 | Jackpot $0 | Bingo $0 | Fortune $0 | Tax $0
Seat 1: d9803191 (button) folded before Flop (didn't bet)
Seat 2: d07641a2 (small blind) folded before Flop
Seat 3: c78cf8c9 (big blind) collected ($0.1)
Seat 4: Hero folded before Flop (didn't bet)
Seat 5: 820158 folded before Flop (didn't bet)
Seat 6: 708c9912 folded before Flop (didn't bet)


Poker Hand #HD1849535165: Hold'em No Limit ($0.05/$0.1) - 2024/07/09 13:33:10
Table 'NLHRed11' 6-max Seat #6 is the button
Seat 1: d9803191 ($9.48 in chips)
Seat 2: d07641a2 ($19.12 in chips)
Seat 3: c78cf8c9 ($10 in chips)
Seat 4: Hero ($10.69 in chips)
Seat 5: 820158 ($10.41 in chips)
Seat 6: 708c9912 ($24.22 in chips)
d9803191: posts small blind $0.05
d07641a2: posts big blind $0.1
*** HOLE CARDS ***
Dealt to d9803191 
Dealt to d07641a2 
Dealt to c78cf8c9 
Dealt to Hero [6s 2h]
Dealt to 820158 
Dealt to 708c9912 
c78cf8c9: folds
Hero: folds
820158: folds
708c9912: folds
d9803191: folds
Uncalled bet ($0.05) returned to d07641a2
*** SHOWDOWN ***
d07641a2 collected $0.1 from pot
*** SUMMARY ***
Total pot $0.1 | Rake $0 | Jackpot $0 | Bingo $0 | Fortune $0 | Tax $0
Seat 1: d9803191 (small blind) folded before Flop
Seat 2: d07641a2 (big blind) collected ($0.1)
Seat 3: c78cf8c9 folded before Flop (didn't bet)
Seat 4: Hero folded before Flop (didn't bet)
Seat 5: 820158 folded before Flop (didn't bet)
Seat 6: 708c9912 (button) folded before Flop (didn't bet)


Poker Hand #HD1849535113: Hold'em No Limit ($0.05/$0.1) - 2024/07/09 13:32:31
Table 'NLHRed11' 6-max Seat #5 is the button
Seat 1: d9803191 ($9.58 in chips)
Seat 2: d07641a2 ($19.12 in chips)
Seat 3: c78cf8c9 ($10 in chips)
Seat 4: Hero ($10.36 in chips)
Seat 5: 820158 ($10.41 in chips)
Seat 6: 708c9912 ($24.27 in chips)
708c9912: posts small blind $0.05
d9803191: posts big blind $0.1
*** HOLE CARDS ***
Dealt to d9803191 
Dealt to d07641a2 
Dealt to c78cf8c9 
Dealt to Hero [9s 9d]
Dealt to 820158 
Dealt to 708c9912 
d07641a2: folds
c78cf8c9: raises $0.1 to $0.2
Hero: raises $0.5 to $0.7
820158: folds
708c9912: folds
d9803191: folds
c78cf8c9: folds
Uncalled bet ($0.5) returned to Hero
*** SHOWDOWN ***
Hero collected $0.53 from pot
*** SUMMARY ***
Total pot $0.55 | Rake $0.02 | Jackpot $0 | Bingo $0 | Fortune $0 | Tax $0
Seat 1: d9803191 (big blind) folded before Flop
Seat 2: d07641a2 folded before Flop (didn't bet)
Seat 3: c78cf8c9 folded before Flop
Seat 4: Hero collected ($0.53)
Seat 5: 820158 (button) folded before Flop (didn't bet)
Seat 6: 708c9912 (small blind) folded before Flop


Poker Hand #HD1849535037: Hold'em No Limit ($0.05/$0.1) - 2024/07/09 13:31:35
Table 'NLHRed11' 6-max Seat #4 is the button
Seat 1: d9803191 ($9.58 in chips)
Seat 2: d07641a2 ($18.98 in chips)
Seat 3: c78cf8c9 ($10 in chips)
Seat 4: Hero ($10.36 in chips)
Seat 5: 820158 ($10.46 in chips)
Seat 6: 708c9912 ($24.37 in chips)
820158: posts small blind $0.05
708c9912: posts big blind $0.1
*** HOLE CARDS ***
Dealt to d9803191 
Dealt to d07641a2 
Dealt to c78cf8c9 
Dealt to Hero [Jd 5h]
Dealt to 820158 
Dealt to 708c9912 
d9803191: folds
d07641a2: calls $0.1
c78cf8c9: folds
Hero: folds
820158: folds
708c9912: checks
*** FLOP *** [Th Tc 7c]
708c9912: checks
d07641a2: checks
*** TURN *** [Th Tc 7c] [Qh]
708c9912: checks
d07641a2: checks
*** RIVER *** [Th Tc 7c Qh] [6h]
708c9912: checks
d07641a2: bets $0.25
708c9912: folds
Uncalled bet ($0.25) returned to d07641a2
*** SHOWDOWN ***
d07641a2 collected $0.24 from pot
*** SUMMARY ***
Total pot $0.25 | Rake $0.01 | Jackpot $0 | Bingo $0 | Fortune $0 | Tax $0
Board [Th Tc 7c Qh 6h]
Seat 1: d9803191 folded before Flop (didn't bet)
Seat 2: d07641a2 won ($0.24)
Seat 3: c78cf8c9 folded before Flop (didn't bet)
Seat 4: Hero (button) folded before Flop (didn't bet)
Seat 5: 820158 (small blind) folded before Flop
Seat 6: 708c9912 (big blind) folded on the River


Poker Hand #HD1849534980: Hold'em No Limit ($0.05/$0.1) - 2024/07/09 13:30:46
Table 'NLHRed11' 6-max Seat #3 is the button
Seat 1: d9803191 ($9.58 in chips)
Seat 2: d07641a2 ($19.27 in chips)
Seat 3: c78cf8c9 ($10 in chips)
Seat 4: Hero ($10.41 in chips)
Seat 5: 820158 ($10.15 in chips)
Seat 6: 708c9912 ($24.37 in chips)
Hero: posts small blind $0.05
820158: posts big blind $0.1
*** HOLE CARDS ***
Dealt to d9803191 
Dealt to d07641a2 
Dealt to c78cf8c9 
Dealt to Hero [4c 3s]
Dealt to 820158 
Dealt to 708c9912 
708c9912: folds
d9803191: folds
d07641a2: calls $0.1
c78cf8c9: folds
Hero: folds
820158: checks
*** FLOP *** [Qs 6h Ac]
820158: checks
d07641a2: checks
*** TURN *** [Qs 6h Ac] [Kc]
820158: checks
d07641a2: bets $0.19
820158: calls $0.19
*** RIVER *** [Qs 6h Ac Kc] [Tc]
820158: bets $0.4
d07641a2: folds
Uncalled bet ($0.4) returned to 820158
*** SHOWDOWN ***
820158 collected $0.6 from pot
*** SUMMARY ***
Total pot $0.63 | Rake $0.03 | Jackpot $0 | Bingo $0 | Fortune $0 | Tax $0
Board [Qs 6h Ac Kc Tc]
Seat 1: d9803191 folded before Flop (didn't bet)
Seat 2: d07641a2 folded on the River
Seat 3: c78cf8c9 (button) folded before Flop (didn't bet)
Seat 4: Hero (small blind) folded before Flop
Seat 5: 820158 (big blind) won ($0.6)
Seat 6: 708c9912 folded before Flop (didn't bet)


Poker Hand #HD1849534967: Hold'em No Limit ($0.05/$0.1) - 2024/07/09 13:30:33
Table 'NLHRed11' 6-max Seat #2 is the button
Seat 1: d9803191 ($9.58 in chips)
Seat 2: d07641a2 ($19.27 in chips)
Seat 3: c78cf8c9 ($10 in chips)
Seat 4: Hero ($10.51 in chips)
Seat 5: 820158 ($10.15 in chips)
Seat 6: 708c9912 ($24.22 in chips)
c78cf8c9: posts small blind $0.05
Hero: posts big blind $0.1
*** HOLE CARDS ***
Dealt to d9803191 
Dealt to d07641a2 
Dealt to c78cf8c9 
Dealt to Hero [8s Qc]
Dealt to 820158 
Dealt to 708c9912 
820158: folds
708c9912: raises $0.13 to $0.23
d9803191: folds
d07641a2: folds
c78cf8c9: folds
Hero: folds
Uncalled bet ($0.13) returned to 708c9912
*** SHOWDOWN ***
708c9912 collected $0.25 from pot
*** SUMMARY ***
Total pot $0.25 | Rake $0 | Jackpot $0 | Bingo $0 | Fortune $0 | Tax $0
Seat 1: d9803191 folded before Flop (didn't bet)
Seat 2: d07641a2 (button) folded before Flop (didn't bet)
Seat 3: c78cf8c9 (small blind) folded before Flop
Seat 4: Hero (big blind) folded before Flop
Seat 5: 820158 folded before Flop (didn't bet)
Seat 6: 708c9912 collected ($0.25)


Poker Hand #HD1849534907: Hold'em No Limit ($0.05/$0.1) - 2024/07/09 13:29:52
Table 'NLHRed11' 6-max Seat #1 is the button
Seat 1: d9803191 ($9.58 in chips)
Seat 2: d07641a2 ($18.99 in chips)
Seat 3: c78cf8c9 ($10 in chips)
Seat 4: Hero ($10.51 in chips)
Seat 5: 820158 ($10.35 in chips)
Seat 6: 708c9912 ($24.22 in chips)
d07641a2: posts small blind $0.05
c78cf8c9: posts big blind $0.1
*** HOLE CARDS ***
Dealt to d9803191 
Dealt to d07641a2 
Dealt to c78cf8c9 
Dealt to Hero [4c Qc]
Dealt to 820158 
Dealt to 708c9912 
Hero: folds
820158: raises $0.1 to $0.2
708c9912: folds
d9803191: folds
d07641a2: calls $0.15
c78cf8c9: folds
*** FLOP *** [8s 9c Qh]
d07641a2: bets $0.25
820158: folds
Uncalled bet ($0.25) returned to d07641a2
*** SHOWDOWN ***
d07641a2 collected $0.48 from pot
*** SUMMARY ***
Total pot $0.5 | Rake $0.02 | Jackpot $0 | Bingo $0 | Fortune $0 | Tax $0
Board [8s 9c Qh]
Seat 1: d9803191 (button) folded before Flop (didn't bet)
Seat 2: d07641a2 (small blind) won ($0.48)
Seat 3: c78cf8c9 (big blind) folded before Flop
Seat 4: Hero folded before Flop (didn't bet)
Seat 5: 820158 folded on the Flop
Seat 6: 708c9912 folded before Flop (didn't bet)


Poker Hand #HD1849534859: Hold'em No Limit ($0.05/$0.1) - 2024/07/09 13:29:16
Table 'NLHRed11' 6-max Seat #6 is the button
Seat 1: d9803191 ($9.3 in chips)
Seat 2: d07641a2 ($19.09 in chips)
Seat 3: c78cf8c9 ($10 in chips)
Seat 4: Hero ($10.51 in chips)
Seat 5: 820158 ($10.55 in chips)
Seat 6: 708c9912 ($24.22 in chips)
d9803191: posts small blind $0.05
d07641a2: posts big blind $0.1
*** HOLE CARDS ***
Dealt to d9803191 
Dealt to d07641a2 
Dealt to c78cf8c9 
Dealt to Hero [9s Kd]
Dealt to 820158 
Dealt to 708c9912 
c78cf8c9: folds
Hero: folds
820158: raises $0.1 to $0.2
708c9912: folds
d9803191: calls $0.15
d07641a2: folds
*** FLOP *** [6s 7c 4h]
d9803191: checks
820158: checks
*** TURN *** [6s 7c 4h] [As]
d9803191: checks
820158: checks
*** RIVER *** [6s 7c 4h As] [Ad]
d9803191: checks
820158: checks
d9803191: shows [Jc Qh] (Pair of Aces)
820158: shows [Qs Td] (Pair of Aces)
*** SHOWDOWN ***
d9803191 collected $0.48 from pot
*** SUMMARY ***
Total pot $0.5 | Rake $0.02 | Jackpot $0 | Bingo $0 | Fortune $0 | Tax $0
Board [6s 7c 4h As Ad]
Seat 1: d9803191 (small blind) showed [Jc Qh] and won ($0.48) with Pair of Aces
Seat 2: d07641a2 (big blind) folded before Flop
Seat 3: c78cf8c9 folded before Flop (didn't bet)
Seat 4: Hero folded before Flop (didn't bet)
Seat 5: 820158 showed [Qs Td] and lost with Pair of Aces
Seat 6: 708c9912 (button) folded before Flop (didn't bet)


Poker Hand #HD1849534804: Hold'em No Limit ($0.05/$0.1) - 2024/07/09 13:28:34
Table 'NLHRed11' 6-max Seat #5 is the button
Seat 1: d9803191 ($9.5 in chips)
Seat 2: d07641a2 ($18.67 in chips)
Seat 3: c78cf8c9 ($10 in chips)
Seat 4: Hero ($10.71 in chips)
Seat 5: 820158 ($10.55 in chips)
Seat 6: 708c9912 ($24.27 in chips)
708c9912: posts small blind $0.05
d9803191: posts big blind $0.1
*** HOLE CARDS ***
Dealt to d9803191 
Dealt to d07641a2 
Dealt to c78cf8c9 
Dealt to Hero [Kc Qd]
Dealt to 820158 
Dealt to 708c9912 
d07641a2: calls $0.1
c78cf8c9: folds
Hero: raises $0.1 to $0.2
820158: folds
708c9912: folds
d9803191: calls $0.1
d07641a2: calls $0.1
*** FLOP *** [6c 6h 4h]
d9803191: checks
d07641a2: bets $0.49
Hero: folds
d9803191: folds
Uncalled bet ($0.49) returned to d07641a2
*** SHOWDOWN ***
d07641a2 collected $0.62 from pot
*** SUMMARY ***
Total pot $0.65 | Rake $0.03 | Jackpot $0 | Bingo $0 | Fortune $0 | Tax $0
Board [6c 6h 4h]
Seat 1: d9803191 (big blind) folded on the Flop
Seat 2: d07641a2 won ($0.62)
Seat 3: c78cf8c9 folded before Flop (didn't bet)
Seat 4: Hero folded on the Flop
Seat 5: 820158 (button) folded before Flop (didn't bet)
Seat 6: 708c9912 (small blind) folded before Flop


Poker Hand #HD1849534755: Hold'em No Limit ($0.05/$0.1) - 2024/07/09 13:27:53
Table 'NLHRed11' 6-max Seat #4 is the button
Seat 1: d9803191 ($9.5 in chips)
Seat 2: d07641a2 ($17.59 in chips)
Seat 3: c78cf8c9 ($10.18 in chips)
Seat 4: Hero ($10.71 in chips)
Seat 5: 820158 ($10.6 in chips)
Seat 6: 708c9912 ($24.37 in chips)
820158: posts small blind $0.05
708c9912: posts big blind $0.1
*** HOLE CARDS ***
Dealt to d9803191 
Dealt to d07641a2 
Dealt to c78cf8c9 
Dealt to Hero [9d 3h]
Dealt to 820158 
Dealt to 708c9912 
d9803191: folds
d07641a2: calls $0.1
c78cf8c9: raises $0.27 to $0.37
Hero: folds
820158: folds
708c9912: folds
d07641a2: calls $0.27
*** FLOP *** [7c 2c 7h]
d07641a2: checks
c78cf8c9: bets $0.67
d07641a2: raises $2.23 to $2.9
c78cf8c9: folds
Uncalled bet ($2.23) returned to d07641a2
*** SHOWDOWN ***
d07641a2 collected $2.12 from pot
*** SUMMARY ***
Total pot $2.23 | Rake $0.11 | Jackpot $0 | Bingo $0 | Fortune $0 | Tax $0
Board [7c 2c 7h]
Seat 1: d9803191 folded before Flop (didn't bet)
Seat 2: d07641a2 won ($2.12)
Seat 3: c78cf8c9 folded on the Flop
Seat 4: Hero (button) folded before Flop (didn't bet)
Seat 5: 820158 (small blind) folded before Flop
Seat 6: 708c9912 (big blind) folded before Flop


Poker Hand #HD1849534693: Hold'em No Limit ($0.05/$0.1) - 2024/07/09 13:27:03
Table 'NLHRed11' 6-max Seat #3 is the button
Seat 1: d9803191 ($9.5 in chips)
Seat 2: d07641a2 ($17.94 in chips)
Seat 3: c78cf8c9 ($10.18 in chips)
Seat 4: Hero ($10.76 in chips)
Seat 5: 820158 ($10.23 in chips)
Seat 6: 708c9912 ($24.37 in chips)
Hero: posts small blind $0.05
820158: posts big blind $0.1
*** HOLE CARDS ***
Dealt to d9803191 
Dealt to d07641a2 
Dealt to c78cf8c9 
Dealt to Hero [3d Jh]
Dealt to 820158 
Dealt to 708c9912 
708c9912: folds
d9803191: folds
d07641a2: calls $0.1
c78cf8c9: folds
Hero: folds
820158: checks
*** FLOP *** [8h Ad 4h]
820158: checks
d07641a2: bets $0.25
820158: calls $0.25
*** TURN *** [8h Ad 4h] [Tc]
820158: checks
d07641a2: checks
*** RIVER *** [8h Ad 4h Tc] [Qs]
820158: checks
d07641a2: checks
820158: shows [Th 9h] (Pair of Tens)
d07641a2: shows [7c 8s] (Pair of Eights)
*** SHOWDOWN ***
820158 collected $0.72 from pot
*** SUMMARY ***
Total pot $0.75 | Rake $0.03 | Jackpot $0 | Bingo $0 | Fortune $0 | Tax $0
Board [8h Ad 4h Tc Qs]
Seat 1: d9803191 folded before Flop (didn't bet)
Seat 2: d07641a2 showed [7c 8s] and lost with Pair of Eights
Seat 3: c78cf8c9 (button) folded before Flop (didn't bet)
Seat 4: Hero (small blind) folded before Flop
Seat 5: 820158 (big blind) showed [Th 9h] and won ($0.72) with Pair of Tens
Seat 6: 708c9912 folded before Flop (didn't bet)


Poker Hand #HD1849534671: Hold'em No Limit ($0.05/$0.1) - 2024/07/09 13:26:51
Table 'NLHRed11' 6-max Seat #2 is the button
Seat 1: d9803191 ($9.5 in chips)
Seat 2: d07641a2 ($17.94 in chips)
Seat 3: c78cf8c9 ($10.23 in chips)
Seat 4: Hero ($10.71 in chips)
Seat 5: 820158 ($10.23 in chips)
Seat 6: 708c9912 ($24.37 in chips)
c78cf8c9: posts small blind $0.05
Hero: posts big blind $0.1
*** HOLE CARDS ***
Dealt to d9803191 
Dealt to d07641a2 
Dealt to c78cf8c9 
Dealt to Hero [Jd Th]
Dealt to 820158 
Dealt to 708c9912 
820158: folds
708c9912: folds
d9803191: folds
d07641a2: folds
c78cf8c9: folds
Uncalled bet ($0.05) returned to Hero
*** SHOWDOWN ***
Hero collected $0.1 from pot
*** SUMMARY ***
Total pot $0.1 | Rake $0 | Jackpot $0 | Bingo $0 | Fortune $0 | Tax $0
Seat 1: d9803191 folded before Flop (didn't bet)
Seat 2: d07641a2 (button) folded before Flop (didn't bet)
Seat 3: c78cf8c9 (small blind) folded before Flop
Seat 4: Hero (big blind) collected ($0.1)
Seat 5: 820158 folded before Flop (didn't bet)
Seat 6: 708c9912 folded before Flop (didn't bet)


Poker Hand #HD1849534628: Hold'em No Limit ($0.05/$0.1) - 2024/07/09 13:26:21
Table 'NLHRed11' 6-max Seat #1 is the button
Seat 1: d9803191 ($9.7 in chips)
Seat 2: d07641a2 ($17.99 in chips)
Seat 3: c78cf8c9 ($10 in chips)
Seat 4: Hero ($10.71 in chips)
Seat 5: 820158 ($10.23 in chips)
Seat 6: 708c9912 ($24.37 in chips)
d07641a2: posts small blind $0.05
c78cf8c9: posts big blind $0.1
*** HOLE CARDS ***
Dealt to d9803191 
Dealt to d07641a2 
Dealt to c78cf8c9 
Dealt to Hero [Qc 9d]
Dealt to 820158 
Dealt to 708c9912 
Hero: folds
820158: folds
708c9912: folds
d9803191: raises $0.1 to $0.2
d07641a2: folds
c78cf8c9: raises $0.9 to $1.1
d9803191: folds
Uncalled bet ($0.9) returned to c78cf8c9
*** SHOWDOWN ***
c78cf8c9 collected $0.43 from pot
*** SUMMARY ***
Total pot $0.45 | Rake $0.02 | Jackpot $0 | Bingo $0 | Fortune $0 | Tax $0
Seat 1: d9803191 (button) folded before Flop
Seat 2: d07641a2 (small blind) folded before Flop
Seat 3: c78cf8c9 (big blind) collected ($0.43)
Seat 4: Hero folded before Flop (didn't bet)
Seat 5: 820158 folded before Flop (didn't bet)
Seat 6: 708c9912 folded before Flop (didn't bet)


Poker Hand #HD1849534562: Hold'em No Limit ($0.05/$0.1) - 2024/07/09 13:25:21
Table 'NLHRed11' 6-max Seat #6 is the button
Seat 1: d9803191 ($9.75 in chips)
Seat 2: d07641a2 ($21.44 in chips)
Seat 3: c78cf8c9 ($10 in chips)
Seat 4: Hero ($10.71 in chips)
Seat 5: 820158 ($10.23 in chips)
Seat 6: 708c9912 ($21.31 in chips)
d9803191: posts small blind $0.05
d07641a2: posts big blind $0.1
*** HOLE CARDS ***
Dealt to d9803191 
Dealt to d07641a2 
Dealt to c78cf8c9 
Dealt to Hero [Qh 3d]
Dealt to 820158 
Dealt to 708c9912 
c78cf8c9: folds
Hero: folds
820158: folds
708c9912: raises $0.15 to $0.25
d9803191: folds
d07641a2: calls $0.15
*** FLOP *** [Kd 2h Js]
d07641a2: checks
708c9912: bets $0.2
d07641a2: calls $0.2
*** TURN *** [Kd 2h Js] [Th]
d07641a2: checks
708c9912: bets $2.3
d07641a2: calls $2.3
*** RIVER *** [Kd 2h Js Th] [Ac]
d07641a2: checks
708c9912: bets $0.7
d07641a2: calls $0.7
708c9912: shows [Ad Qs] (Aces-High Straight)
d07641a2: shows [Ks Td] (Pair of Kings and Pair of Tens)
*** SHOWDOWN ***
708c9912 collected $6.51 from pot
*** SUMMARY ***
Total pot $6.95 | Rake $0.34 | Jackpot $0.1 | Bingo $0 | Fortune $0 | Tax $0
Board [Kd 2h Js Th Ac]
Seat 1: d9803191 (small blind) folded before Flop
Seat 2: d07641a2 (big blind) showed [Ks Td] and lost with Pair of Kings and Pair of Tens
Seat 3: c78cf8c9 folded before Flop (didn't bet)
Seat 4: Hero folded before Flop (didn't bet)
Seat 5: 820158 folded before Flop (didn't bet)
Seat 6: 708c9912 (button) showed [Ad Qs] and won ($6.51) with Aces-High Straight


Poker Hand #HD1849534530: Hold'em No Limit ($0.05/$0.1) - 2024/07/09 13:25:00
Table 'NLHRed11' 6-max Seat #5 is the button
Seat 1: d9803191 ($9.85 in chips)
Seat 3: c78cf8c9 ($10 in chips)
Seat 4: Hero ($10.71 in chips)
Seat 5: 820158 ($10.08 in chips)
Seat 6: 708c9912 ($21.36 in chips)
708c9912: posts small blind $0.05
d9803191: posts big blind $0.1
*** HOLE CARDS ***
Dealt to d9803191 
Dealt to c78cf8c9 
Dealt to Hero [Tc 5h]
Dealt to 820158 
Dealt to 708c9912 
c78cf8c9: folds
Hero: folds
820158: raises $0.1 to $0.2
708c9912: folds
d9803191: folds
Uncalled bet ($0.1) returned to 820158
*** SHOWDOWN ***
820158 collected $0.25 from pot
*** SUMMARY ***
Total pot $0.25 | Rake $0 | Jackpot $0 | Bingo $0 | Fortune $0 | Tax $0
Seat 1: d9803191 (big blind) folded before Flop
Seat 3: c78cf8c9 folded before Flop (didn't bet)
Seat 4: Hero folded before Flop (didn't bet)
Seat 5: 820158 (button) collected ($0.25)
Seat 6: 708c9912 (small blind) folded before Flop


Poker Hand #HD1849534504: Hold'em No Limit ($0.05/$0.1) - 2024/07/09 13:24:38
Table 'NLHRed11' 6-max Seat #4 is the button
Seat 1: d9803191 ($9.85 in chips)
Seat 2: d07641a2 ($21.44 in chips)
Seat 3: c78cf8c9 ($10 in chips)
Seat 4: Hero ($10.71 in chips)
Seat 5: 820158 ($10.13 in chips)
Seat 6: 708c9912 ($21.31 in chips)
820158: posts small blind $0.05
708c9912: posts big blind $0.1
*** HOLE CARDS ***
Dealt to d9803191 
Dealt to d07641a2 
Dealt to c78cf8c9 
Dealt to Hero [6h 4s]
Dealt to 820158 
Dealt to 708c9912 
d9803191: folds
d07641a2: folds
c78cf8c9: folds
Hero: folds
820158: folds
Uncalled bet ($0.05) returned to 708c9912
*** SHOWDOWN ***
708c9912 collected $0.1 from pot
*** SUMMARY ***
Total pot $0.1 | Rake $0 | Jackpot $0 | Bingo $0 | Fortune $0 | Tax $0
Seat 1: d9803191 folded before Flop (didn't bet)
Seat 2: d07641a2 folded before Flop (didn't bet)
Seat 3: c78cf8c9 folded before Flop (didn't bet)
Seat 4: Hero (button) folded before Flop (didn't bet)
Seat 5: 820158 (small blind) folded before Flop
Seat 6: 708c9912 (big blind) collected ($0.1)


Poker Hand #HD1849534474: Hold'em No Limit ($0.05/$0.1) - 2024/07/09 13:24:20
Table 'NLHRed11' 6-max Seat #3 is the button
Seat 1: d9803191 ($9.85 in chips)
Seat 2: d07641a2 ($21.44 in chips)
Seat 3: c78cf8c9 ($10 in chips)
Seat 4: Hero ($10.61 in chips)
Seat 5: 820158 ($10.23 in chips)
Seat 6: 708c9912 ($21.31 in chips)
Hero: posts small blind $0.05
820158: posts big blind $0.1
*** HOLE CARDS ***
Dealt to d9803191 
Dealt to d07641a2 
Dealt to c78cf8c9 
Dealt to Hero [As Ts]
Dealt to 820158 
Dealt to 708c9912 
708c9912: folds
d9803191: folds
d07641a2: folds
c78cf8c9: folds
Hero: raises $0.2 to $0.3
820158: folds
Uncalled bet ($0.2) returned to Hero
*** SHOWDOWN ***
Hero collected $0.2 from pot
*** SUMMARY ***
Total pot $0.2 | Rake $0 | Jackpot $0 | Bingo $0 | Fortune $0 | Tax $0
Seat 1: d9803191 folded before Flop (didn't bet)
Seat 2: d07641a2 folded before Flop (didn't bet)
Seat 3: c78cf8c9 (button) folded before Flop (didn't bet)
Seat 4: Hero (small blind) collected ($0.2)
Seat 5: 820158 (big blind) folded before Flop
Seat 6: 708c9912 folded before Flop (didn't bet)


Poker Hand #HD1849534446: Hold'em No Limit ($0.05/$0.1) - 2024/07/09 13:23:58
Table 'NLHRed11' 6-max Seat #2 is the button
Seat 1: d9803191 ($9.85 in chips)
Seat 2: d07641a2 ($21.44 in chips)
Seat 3: c78cf8c9 ($10 in chips)
Seat 4: Hero ($10.71 in chips)
Seat 5: 820158 ($10.23 in chips)
Seat 6: 708c9912 ($21.16 in chips)
c78cf8c9: posts small blind $0.05
Hero: posts big blind $0.1
*** HOLE CARDS ***
Dealt to d9803191 
Dealt to d07641a2 
Dealt to c78cf8c9 
Dealt to Hero [Ts 5s]
Dealt to 820158 
Dealt to 708c9912 
820158: folds
708c9912: raises $0.2 to $0.3
d9803191: folds
d07641a2: folds
c78cf8c9: folds
Hero: folds
Uncalled bet ($0.2) returned to 708c9912
*** SHOWDOWN ***
708c9912 collected $0.25 from pot
*** SUMMARY ***
Total pot $0.25 | Rake $0 | Jackpot $0 | Bingo $0 | Fortune $0 | Tax $0
Seat 1: d9803191 folded before Flop (didn't bet)
Seat 2: d07641a2 (button) folded before Flop (didn't bet)
Seat 3: c78cf8c9 (small blind) folded before Flop
Seat 4: Hero (big blind) folded before Flop
Seat 5: 820158 folded before Flop (didn't bet)
Seat 6: 708c9912 collected ($0.25)


Poker Hand #HD1849534388: Hold'em No Limit ($0.05/$0.1) - 2024/07/09 13:23:15
Table 'NLHRed11' 6-max Seat #1 is the button
Seat 1: d9803191 ($9.85 in chips)
Seat 2: d07641a2 ($21.49 in chips)
Seat 3: c78cf8c9 ($10 in chips)
Seat 4: Hero ($10.71 in chips)
Seat 5: 820158 ($10 in chips)
Seat 6: 708c9912 ($21.16 in chips)
d07641a2: posts small blind $0.05
c78cf8c9: posts big blind $0.1
*** HOLE CARDS ***
Dealt to d9803191 
Dealt to d07641a2 
Dealt to c78cf8c9 
Dealt to Hero [Jc 5h]
Dealt to 820158 
Dealt to 708c9912 
Hero: folds
820158: raises $0.1 to $0.2
708c9912: folds
d9803191: folds
d07641a2: folds
c78cf8c9: calls $0.1
*** FLOP *** [7h Qs 9c]
c78cf8c9: checks
820158: bets $0.23
c78cf8c9: folds
Uncalled bet ($0.23) returned to 820158
*** SHOWDOWN ***
820158 collected $0.43 from pot
*** SUMMARY ***
Total pot $0.45 | Rake $0.02 | Jackpot $0 | Bingo $0 | Fortune $0 | Tax $0
Board [7h Qs 9c]
Seat 1: d9803191 (button) folded before Flop (didn't bet)
Seat 2: d07641a2 (small blind) folded before Flop
Seat 3: c78cf8c9 (big blind) folded on the Flop
Seat 4: Hero folded before Flop (didn't bet)
Seat 5: 820158 won ($0.43)
Seat 6: 708c9912 folded before Flop (didn't bet)


Poker Hand #HD1849534373: Hold'em No Limit ($0.05/$0.1) - 2024/07/09 13:23:04
Table 'NLHRed11' 6-max Seat #6 is the button
Seat 1: d9803191 ($9.9 in chips)
Seat 2: d07641a2 ($21.59 in chips)
Seat 3: c78cf8c9 ($10 in chips)
Seat 4: Hero ($10.56 in chips)
Seat 5: 820158 ($10 in chips)
Seat 6: 708c9912 ($21.16 in chips)
d9803191: posts small blind $0.05
d07641a2: posts big blind $0.1
*** HOLE CARDS ***
Dealt to d9803191 
Dealt to d07641a2 
Dealt to c78cf8c9 
Dealt to Hero [9s Ks]
Dealt to 820158 
Dealt to 708c9912 
c78cf8c9: folds
Hero: raises $0.1 to $0.2
820158: folds
708c9912: folds
d9803191: folds
d07641a2: folds
Uncalled bet ($0.1) returned to Hero
*** SHOWDOWN ***
Hero collected $0.25 from pot
*** SUMMARY ***
Total pot $0.25 | Rake $0 | Jackpot $0 | Bingo $0 | Fortune $0 | Tax $0
Seat 1: d9803191 (small blind) folded before Flop
Seat 2: d07641a2 (big blind) folded before Flop
Seat 3: c78cf8c9 folded before Flop (didn't bet)
Seat 4: Hero collected ($0.25)
Seat 5: 820158 folded before Flop (didn't bet)
Seat 6: 708c9912 (button) folded before Flop (didn't bet)


Poker Hand #HD1849534260: Hold'em No Limit ($0.05/$0.1) - 2024/07/09 13:21:34
Table 'NLHRed11' 6-max Seat #5 is the button
Seat 1: d9803191 ($10 in chips)
Seat 2: d07641a2 ($17.43 in chips)
Seat 3: c78cf8c9 ($10.37 in chips)
Seat 4: Hero ($10.56 in chips)
Seat 5: 820158 ($10 in chips)
Seat 6: 708c9912 ($21.21 in chips)
708c9912: posts small blind $0.05
d9803191: posts big blind $0.1
*** HOLE CARDS ***
Dealt to d9803191 
Dealt to d07641a2 
Dealt to c78cf8c9 
Dealt to Hero [2c 5c]
Dealt to 820158 
Dealt to 708c9912 
d07641a2: calls $0.1
c78cf8c9: raises $0.27 to $0.37
Hero: folds
820158: folds
708c9912: folds
d9803191: folds
d07641a2: calls $0.27
*** FLOP *** [Ts 6h 7c]
d07641a2: checks
c78cf8c9: bets $0.67
d07641a2: calls $0.67
*** TURN *** [Ts 6h 7c] [Kh]
d07641a2: checks
c78cf8c9: bets $1.68
d07641a2: raises $1.85 to $3.53
c78cf8c9: calls $1.85
*** RIVER *** [Ts 6h 7c Kh] [9d]
d07641a2: checks
c78cf8c9: checks
d07641a2: shows [Tc Kd] (Pair of Kings and Pair of Tens)
c78cf8c9: shows [Ah As] (Pair of Aces)
*** SHOWDOWN ***
d07641a2 collected $8.73 from pot
*** SUMMARY ***
Total pot $9.29 | Rake $0.46 | Jackpot $0.1 | Bingo $0 | Fortune $0 | Tax $0
Board [Ts 6h 7c Kh 9d]
Seat 1: d9803191 (big blind) folded before Flop
Seat 2: d07641a2 showed [Tc Kd] and won ($8.73) with Pair of Kings and Pair of Tens
Seat 3: c78cf8c9 showed [Ah As] and lost with Pair of Aces
Seat 4: Hero folded before Flop (didn't bet)
Seat 5: 820158 (button) folded before Flop (didn't bet)
Seat 6: 708c9912 (small blind) folded before Flop


Poker Hand #HD1849534234: Hold'em No Limit ($0.05/$0.1) - 2024/07/09 13:21:19
Table 'NLHRed11' 6-max Seat #4 is the button
Seat 2: d07641a2 ($17.43 in chips)
Seat 3: c78cf8c9 ($10.37 in chips)
Seat 4: Hero ($10.56 in chips)
Seat 5: 820158 ($10 in chips)
Seat 6: 708c9912 ($21.16 in chips)
820158: posts small blind $0.05
708c9912: posts big blind $0.1
*** HOLE CARDS ***
Dealt to d07641a2 
Dealt to c78cf8c9 
Dealt to Hero [7h 9s]
Dealt to 820158 
Dealt to 708c9912 
d07641a2: folds
c78cf8c9: folds
Hero: folds
820158: folds
Uncalled bet ($0.05) returned to 708c9912
*** SHOWDOWN ***
708c9912 collected $0.1 from pot
*** SUMMARY ***
Total pot $0.1 | Rake $0 | Jackpot $0 | Bingo $0 | Fortune $0 | Tax $0
Seat 2: d07641a2 folded before Flop (didn't bet)
Seat 3: c78cf8c9 folded before Flop (didn't bet)
Seat 4: Hero (button) folded before Flop (didn't bet)
Seat 5: 820158 (small blind) folded before Flop
Seat 6: 708c9912 (big blind) collected ($0.1)


Poker Hand #HD1849534185: Hold'em No Limit ($0.05/$0.1) - 2024/07/09 13:20:45
Table 'NLHRed11' 6-max Seat #3 is the button
Seat 2: d07641a2 ($17.11 in chips)
Seat 3: c78cf8c9 ($10.37 in chips)
Seat 4: Hero ($10.61 in chips)
Seat 5: 820158 ($10 in chips)
Seat 6: 708c9912 ($21.16 in chips)
Hero: posts small blind $0.05
820158: posts big blind $0.1
*** HOLE CARDS ***
Dealt to d07641a2 
Dealt to c78cf8c9 
Dealt to Hero [5s Qd]
Dealt to 820158 
Dealt to 708c9912 
708c9912: folds
d07641a2: raises $0.2 to $0.3
c78cf8c9: folds
Hero: folds
820158: calls $0.2
*** FLOP *** [9d 5h 5d]
820158: checks
d07641a2: bets $0.49
820158: folds
Uncalled bet ($0.49) returned to d07641a2
*** SHOWDOWN ***
d07641a2 collected $0.62 from pot
*** SUMMARY ***
Total pot $0.65 | Rake $0.03 | Jackpot $0 | Bingo $0 | Fortune $0 | Tax $0
Board [9d 5h 5d]
Seat 2: d07641a2 won ($0.62)
Seat 3: c78cf8c9 (button) folded before Flop (didn't bet)
Seat 4: Hero (small blind) folded before Flop
Seat 5: 820158 (big blind) folded on the Flop
Seat 6: 708c9912 folded before Flop (didn't bet)


Poker Hand #HD1849534172: Hold'em No Limit ($0.05/$0.1) - 2024/07/09 13:20:33
Table 'NLHRed11' 6-max Seat #2 is the button
Seat 2: d07641a2 ($17.11 in chips)
Seat 3: c78cf8c9 ($10.27 in chips)
Seat 4: Hero ($10.71 in chips)
Seat 5: 820158 ($10 in chips)
Seat 6: 708c9912 ($21.16 in chips)
c78cf8c9: posts small blind $0.05
Hero: posts big blind $0.1
*** HOLE CARDS ***
Dealt to d07641a2 
Dealt to c78cf8c9 
Dealt to Hero [8s Th]
Dealt to 820158 
Dealt to 708c9912 
820158: folds
708c9912: folds
d07641a2: folds
c78cf8c9: raises $0.2 to $0.3
Hero: folds
Uncalled bet ($0.2) returned to c78cf8c9
*** SHOWDOWN ***
c78cf8c9 collected $0.2 from pot
*** SUMMARY ***
Total pot $0.2 | Rake $0 | Jackpot $0 | Bingo $0 | Fortune $0 | Tax $0
Seat 2: d07641a2 (button) folded before Flop (didn't bet)
Seat 3: c78cf8c9 (small blind) collected ($0.2)
Seat 4: Hero (big blind) folded before Flop
Seat 5: 820158 folded before Flop (didn't bet)
Seat 6: 708c9912 folded before Flop (didn't bet)


Poker Hand #HD1849534030: Hold'em No Limit ($0.05/$0.1) - 2024/07/09 13:18:43
Table 'NLHRed11' 6-max Seat #6 is the button
Seat 1: d3f0f542 ($9.9 in chips)
Seat 2: d07641a2 ($17.21 in chips)
Seat 3: c78cf8c9 ($10.27 in chips)
Seat 4: Hero ($10.71 in chips)
Seat 5: 820158 ($10 in chips)
Seat 6: 708c9912 ($12.25 in chips)
d3f0f542: posts small blind $0.05
d07641a2: posts big blind $0.1
*** HOLE CARDS ***
Dealt to d3f0f542 
Dealt to d07641a2 
Dealt to c78cf8c9 
Dealt to Hero [6c 8d]
Dealt to 820158 
Dealt to 708c9912 
c78cf8c9: folds
Hero: folds
820158: folds
708c9912: raises $0.15 to $0.25
d3f0f542: raises $0.6 to $0.85
d07641a2: folds
708c9912: calls $0.6
*** FLOP *** [9h Kd Ah]
d3f0f542: bets $0.6
708c9912: calls $0.6
*** TURN *** [9h Kd Ah] [3h]
d3f0f542: bets $1.5
708c9912: raises $1.6 to $3.1
d3f0f542: calls $1.6
*** RIVER *** [9h Kd Ah 3h] [7s]
d3f0f542: checks
708c9912: bets $7.7 and is all-in
d3f0f542: calls $5.35 and is all-in
Uncalled bet ($2.35) returned to 708c9912
708c9912: shows [Qh Kh] (Ace High Flush)
d3f0f542: shows [Qc Ks] (Pair of Kings)
*** SHOWDOWN ***
708c9912 collected $18.81 from pot
*** SUMMARY ***
Total pot $19.9 | Rake $0.99 | Jackpot $0.1 | Bingo $0 | Fortune $0 | Tax $0
Board [9h Kd Ah 3h 7s]
Seat 1: d3f0f542 (small blind) showed [Qc Ks] and lost with Pair of Kings
Seat 2: d07641a2 (big blind) folded before Flop
Seat 3: c78cf8c9 folded before Flop (didn't bet)
Seat 4: Hero folded before Flop (didn't bet)
Seat 5: 820158 folded before Flop (didn't bet)
Seat 6: 708c9912 (button) showed [Qh Kh] and won ($18.81) with Ace High Flush


Poker Hand #HD1849533999: Hold'em No Limit ($0.05/$0.1) - 2024/07/09 13:18:19
Table 'NLHRed11' 6-max Seat #5 is the button
Seat 1: d3f0f542 ($10 in chips)
Seat 2: d07641a2 ($17.21 in chips)
Seat 3: c78cf8c9 ($10.12 in chips)
Seat 4: Hero ($10.71 in chips)
Seat 5: 820158 ($10 in chips)
Seat 6: 708c9912 ($12.3 in chips)
708c9912: posts small blind $0.05
d3f0f542: posts big blind $0.1
*** HOLE CARDS ***
Dealt to d3f0f542 
Dealt to d07641a2 
Dealt to c78cf8c9 
Dealt to Hero [2c Jd]
Dealt to 820158 
Dealt to 708c9912 
d07641a2: folds
c78cf8c9: raises $0.1 to $0.2
Hero: folds
820158: folds
708c9912: folds
d3f0f542: folds
Uncalled bet ($0.1) returned to c78cf8c9
*** SHOWDOWN ***
c78cf8c9 collected $0.25 from pot
*** SUMMARY ***
Total pot $0.25 | Rake $0 | Jackpot $0 | Bingo $0 | Fortune $0 | Tax $0
Seat 1: d3f0f542 (big blind) folded before Flop
Seat 2: d07641a2 folded before Flop (didn't bet)
Seat 3: c78cf8c9 collected ($0.25)
Seat 4: Hero folded before Flop (didn't bet)
Seat 5: 820158 (button) folded before Flop (didn't bet)
Seat 6: 708c9912 (small blind) folded before Flop


Poker Hand #HD1849533978: Hold'em No Limit ($0.05/$0.1) - 2024/07/09 13:18:05
Table 'NLHRed11' 6-max Seat #4 is the button
Seat 1: 9c2ce7a8 ($9.24 in chips)
Seat 2: d07641a2 ($17.21 in chips)
Seat 3: c78cf8c9 ($10.12 in chips)
Seat 4: Hero ($10.71 in chips)
Seat 5: 820158 ($10 in chips)
Seat 6: 708c9912 ($12.25 in chips)
820158: posts small blind $0.05
708c9912: posts big blind $0.1
*** HOLE CARDS ***
Dealt to 9c2ce7a8 
Dealt to d07641a2 
Dealt to c78cf8c9 
Dealt to Hero [3s 5h]
Dealt to 820158 
Dealt to 708c9912 
9c2ce7a8: folds
d07641a2: folds
c78cf8c9: folds
Hero: folds
820158: folds
Uncalled bet ($0.05) returned to 708c9912
*** SHOWDOWN ***
708c9912 collected $0.1 from pot
*** SUMMARY ***
Total pot $0.1 | Rake $0 | Jackpot $0 | Bingo $0 | Fortune $0 | Tax $0
Seat 1: 9c2ce7a8 folded before Flop (didn't bet)
Seat 2: d07641a2 folded before Flop (didn't bet)
Seat 3: c78cf8c9 folded before Flop (didn't bet)
Seat 4: Hero (button) folded before Flop (didn't bet)
Seat 5: 820158 (small blind) folded before Flop
Seat 6: 708c9912 (big blind) collected ($0.1)


Poker Hand #HD1849533965: Hold'em No Limit ($0.05/$0.1) - 2024/07/09 13:17:52
Table 'NLHRed11' 6-max Seat #3 is the button
Seat 1: 9c2ce7a8 ($9.24 in chips)
Seat 2: d07641a2 ($17.06 in chips)
Seat 3: c78cf8c9 ($10.12 in chips)
Seat 4: Hero ($10.76 in chips)
Seat 5: 820158 ($10 in chips)
Seat 6: 708c9912 ($12.25 in chips)
Hero: posts small blind $0.05
820158: posts big blind $0.1
*** HOLE CARDS ***
Dealt to 9c2ce7a8 
Dealt to d07641a2 
Dealt to c78cf8c9 
Dealt to Hero [4h Kh]
Dealt to 820158 
Dealt to 708c9912 
708c9912: folds
9c2ce7a8: folds
d07641a2: raises $0.2 to $0.3
c78cf8c9: folds
Hero: folds
820158: folds
Uncalled bet ($0.2) returned to d07641a2
*** SHOWDOWN ***
d07641a2 collected $0.25 from pot
*** SUMMARY ***
Total pot $0.25 | Rake $0 | Jackpot $0 | Bingo $0 | Fortune $0 | Tax $0
Seat 1: 9c2ce7a8 folded before Flop (didn't bet)
Seat 2: d07641a2 collected ($0.25)
Seat 3: c78cf8c9 (button) folded before Flop (didn't bet)
Seat 4: Hero (small blind) folded before Flop
Seat 5: 820158 (big blind) folded before Flop
Seat 6: 708c9912 folded before Flop (didn't bet)


Poker Hand #HD1849533943: Hold'em No Limit ($0.05/$0.1) - 2024/07/09 13:17:38
Table 'NLHRed11' 6-max Seat #2 is the button
Seat 1: 9c2ce7a8 ($9.09 in chips)
Seat 2: d07641a2 ($17.06 in chips)
Seat 3: c78cf8c9 ($10.17 in chips)
Seat 4: Hero ($10.86 in chips)
Seat 5: 820158 ($10 in chips)
Seat 6: 708c9912 ($12.25 in chips)
c78cf8c9: posts small blind $0.05
Hero: posts big blind $0.1
*** HOLE CARDS ***
Dealt to 9c2ce7a8 
Dealt to d07641a2 
Dealt to c78cf8c9 
Dealt to Hero [4c 2s]
Dealt to 820158 
Dealt to 708c9912 
820158: folds
708c9912: folds
9c2ce7a8: raises $0.2 to $0.3
d07641a2: folds
c78cf8c9: folds
Hero: folds
Uncalled bet ($0.2) returned to 9c2ce7a8
*** SHOWDOWN ***
9c2ce7a8 collected $0.25 from pot
*** SUMMARY ***
Total pot $0.25 | Rake $0 | Jackpot $0 | Bingo $0 | Fortune $0 | Tax $0
Seat 1: 9c2ce7a8 collected ($0.25)
Seat 2: d07641a2 (button) folded before Flop (didn't bet)
Seat 3: c78cf8c9 (small blind) folded before Flop
Seat 4: Hero (big blind) folded before Flop
Seat 5: 820158 folded before Flop (didn't bet)
Seat 6: 708c9912 folded before Flop (didn't bet)


Poker Hand #HD1849533827: Hold'em No Limit ($0.05/$0.1) - 2024/07/09 13:16:19
Table 'NLHRed11' 6-max Seat #1 is the button
Seat 1: 9c2ce7a8 ($9.09 in chips)
Seat 2: d07641a2 ($16.29 in chips)
Seat 3: c78cf8c9 ($10.77 in chips)
Seat 4: Hero ($10.86 in chips)
Seat 5: 820158 ($10 in chips)
Seat 6: 708c9912 ($12.49 in chips)
d07641a2: posts small blind $0.05
c78cf8c9: posts big blind $0.1
*** HOLE CARDS ***
Dealt to 9c2ce7a8 
Dealt to d07641a2 
Dealt to c78cf8c9 
Dealt to Hero [Qs 8c]
Dealt to 820158 
Dealt to 708c9912 
Hero: folds
820158: folds
708c9912: raises $0.14 to $0.24
9c2ce7a8: folds
d07641a2: calls $0.19
c78cf8c9: calls $0.14
*** FLOP *** [Th 8d 3c]
d07641a2: checks
c78cf8c9: checks
708c9912: checks
*** TURN *** [Th 8d 3c] [Jd]
d07641a2: bets $0.36
c78cf8c9: calls $0.36
708c9912: folds
*** RIVER *** [Th 8d 3c Jd] [5s]
d07641a2: bets $1.44
c78cf8c9: folds
Uncalled bet ($1.44) returned to d07641a2
*** SHOWDOWN ***
d07641a2 collected $1.37 from pot
*** SUMMARY ***
Total pot $1.44 | Rake $0.07 | Jackpot $0 | Bingo $0 | Fortune $0 | Tax $0
Board [Th 8d 3c Jd 5s]
Seat 1: 9c2ce7a8 (button) folded before Flop (didn't bet)
Seat 2: d07641a2 (small blind) won ($1.37)
Seat 3: c78cf8c9 (big blind) folded on the River
Seat 4: Hero folded before Flop (didn't bet)
Seat 5: 820158 folded before Flop (didn't bet)
Seat 6: 708c9912 folded on the Turn


Poker Hand #HD1849533724: Hold'em No Limit ($0.05/$0.1) - 2024/07/09 13:14:54
Table 'NLHRed11' 6-max Seat #6 is the button
Seat 1: 9c2ce7a8 ($10.01 in chips)
Seat 2: d07641a2 ($16.39 in chips)
Seat 3: c78cf8c9 ($10.77 in chips)
Seat 4: Hero ($10.86 in chips)
Seat 5: 820158 ($10 in chips)
Seat 6: 708c9912 ($11.56 in chips)
9c2ce7a8: posts small blind $0.05
d07641a2: posts big blind $0.1
*** HOLE CARDS ***
Dealt to 9c2ce7a8 
Dealt to d07641a2 
Dealt to c78cf8c9 
Dealt to Hero [Jc Td]
Dealt to 820158 
Dealt to 708c9912 
c78cf8c9: folds
Hero: folds
820158: folds
708c9912: raises $0.15 to $0.25
9c2ce7a8: calls $0.2
d07641a2: folds
*** FLOP *** [Kc 3h 2c]
9c2ce7a8: bets $0.3
708c9912: raises $0.37 to $0.67
9c2ce7a8: calls $0.37
*** TURN *** [Kc 3h 2c] [8d]
9c2ce7a8: checks
708c9912: checks
*** RIVER *** [Kc 3h 2c 8d] [6s]
9c2ce7a8: checks
708c9912: checks
9c2ce7a8: shows [4s 4h] (Pair of Fours)
708c9912: shows [Jd Js] (Pair of Jacks)
*** SHOWDOWN ***
708c9912 collected $1.85 from pot
*** SUMMARY ***
Total pot $1.94 | Rake $0.09 | Jackpot $0 | Bingo $0 | Fortune $0 | Tax $0
Board [Kc 3h 2c 8d 6s]
Seat 1: 9c2ce7a8 (small blind) showed [4s 4h] and lost with Pair of Fours
Seat 2: d07641a2 (big blind) folded before Flop
Seat 3: c78cf8c9 folded before Flop (didn't bet)
Seat 4: Hero folded before Flop (didn't bet)
Seat 5: 820158 folded before Flop (didn't bet)
Seat 6: 708c9912 (button) showed [Jd Js] and won ($1.85) with Pair of Jacks


Poker Hand #HD1849533693: Hold'em No Limit ($0.05/$0.1) - 2024/07/09 13:14:33
Table 'NLHRed11' 6-max Seat #5 is the button
Seat 1: 9c2ce7a8 ($10.11 in chips)
Seat 2: d07641a2 ($16.24 in chips)
Seat 3: c78cf8c9 ($10.77 in chips)
Seat 4: Hero ($10.86 in chips)
Seat 5: 820158 ($10 in chips)
Seat 6: 708c9912 ($11.61 in chips)
708c9912: posts small blind $0.05
9c2ce7a8: posts big blind $0.1
*** HOLE CARDS ***
Dealt to 9c2ce7a8 
Dealt to d07641a2 
Dealt to c78cf8c9 
Dealt to Hero [Js 7d]
Dealt to 820158 
Dealt to 708c9912 
d07641a2: raises $0.2 to $0.3
c78cf8c9: folds
Hero: folds
820158: folds
708c9912: folds
9c2ce7a8: folds
Uncalled bet ($0.2) returned to d07641a2
*** SHOWDOWN ***
d07641a2 collected $0.25 from pot
*** SUMMARY ***
Total pot $0.25 | Rake $0 | Jackpot $0 | Bingo $0 | Fortune $0 | Tax $0
Seat 1: 9c2ce7a8 (big blind) folded before Flop
Seat 2: d07641a2 collected ($0.25)
Seat 3: c78cf8c9 folded before Flop (didn't bet)
Seat 4: Hero folded before Flop (didn't bet)
Seat 5: 820158 (button) folded before Flop (didn't bet)
Seat 6: 708c9912 (small blind) folded before Flop


Poker Hand #HD1849533573: Hold'em No Limit ($0.05/$0.1) - 2024/07/09 13:12:56
Table 'NLHRed11' 6-max Seat #4 is the button
Seat 1: 9c2ce7a8 ($9.83 in chips)
Seat 2: d07641a2 ($16.34 in chips)
Seat 3: c78cf8c9 ($10.77 in chips)
Seat 4: Hero ($10.86 in chips)
Seat 5: 820158 ($10 in chips)
Seat 6: 708c9912 ($11.71 in chips)
820158: posts small blind $0.05
708c9912: posts big blind $0.1
*** HOLE CARDS ***
Dealt to 9c2ce7a8 
Dealt to d07641a2 
Dealt to c78cf8c9 
Dealt to Hero [Qd 3c]
Dealt to 820158 
Dealt to 708c9912 
9c2ce7a8: calls $0.1
d07641a2: calls $0.1
c78cf8c9: folds
Hero: folds
820158: calls $0.05
708c9912: checks
*** FLOP *** [Td Jh 3s]
820158: checks
708c9912: checks
9c2ce7a8: checks
d07641a2: checks
*** TURN *** [Td Jh 3s] [Kc]
820158: checks
708c9912: checks
9c2ce7a8: checks
d07641a2: checks
*** RIVER *** [Td Jh 3s Kc] [Qc]
820158: checks
708c9912: checks
9c2ce7a8: bets $0.2
d07641a2: folds
820158: folds
708c9912: folds
Uncalled bet ($0.2) returned to 9c2ce7a8
*** SHOWDOWN ***
9c2ce7a8 collected $0.38 from pot
*** SUMMARY ***
Total pot $0.4 | Rake $0.02 | Jackpot $0 | Bingo $0 | Fortune $0 | Tax $0
Board [Td Jh 3s Kc Qc]
Seat 1: 9c2ce7a8 won ($0.38)
Seat 2: d07641a2 folded on the River
Seat 3: c78cf8c9 folded before Flop (didn't bet)
Seat 4: Hero (button) folded before Flop (didn't bet)
Seat 5: 820158 (small blind) folded on the River
Seat 6: 708c9912 (big blind) folded on the River


Poker Hand #HD1849533491: Hold'em No Limit ($0.05/$0.1) - 2024/07/09 13:11:50
Table 'NLHRed11' 6-max Seat #3 is the button
Seat 1: 9c2ce7a8 ($9.93 in chips)
Seat 2: d07641a2 ($16.34 in chips)
Seat 3: c78cf8c9 ($10.2 in chips)
Seat 4: Hero ($10.91 in chips)
Seat 5: 820158 ($10 in chips)
Seat 6: 708c9912 ($11.71 in chips)
Hero: posts small blind $0.05
820158: posts big blind $0.1
*** HOLE CARDS ***
Dealt to 9c2ce7a8 
Dealt to d07641a2 
Dealt to c78cf8c9 
Dealt to Hero [5c 7h]
Dealt to 820158 
Dealt to 708c9912 
708c9912: folds
9c2ce7a8: calls $0.1
d07641a2: folds
c78cf8c9: raises $0.27 to $0.37
Hero: folds
820158: calls $0.27
9c2ce7a8: folds
*** FLOP *** [9h 3c Kh]
820158: checks
c78cf8c9: bets $0.1
820158: calls $0.1
*** TURN *** [9h 3c Kh] [Js]
820158: checks
c78cf8c9: checks
*** RIVER *** [9h 3c Kh Js] [Jc]
820158: checks
c78cf8c9: checks
820158: shows [As Qh] (Pair of Jacks)
c78cf8c9: shows [9c Qc] (Pair of Jacks and Pair of Nines)
*** SHOWDOWN ***
c78cf8c9 collected $1.04 from pot
*** SUMMARY ***
Total pot $1.09 | Rake $0.05 | Jackpot $0 | Bingo $0 | Fortune $0 | Tax $0
Board [9h 3c Kh Js Jc]
Seat 1: 9c2ce7a8 folded before Flop
Seat 2: d07641a2 folded before Flop (didn't bet)
Seat 3: c78cf8c9 (button) showed [9c Qc] and won ($1.04) with Pair of Jacks and Pair of Nines
Seat 4: Hero (small blind) folded before Flop
Seat 5: 820158 (big blind) showed [As Qh] and lost with Pair of Jacks
Seat 6: 708c9912 folded before Flop (didn't bet)


Poker Hand #HD1849533398: Hold'em No Limit ($0.05/$0.1) - 2024/07/09 13:10:44
Table 'NLHRed11' 6-max Seat #2 is the button
Seat 1: 9c2ce7a8 ($9.93 in chips)
Seat 2: d07641a2 ($16.34 in chips)
Seat 3: c78cf8c9 ($10.25 in chips)
Seat 4: Hero ($10.15 in chips)
Seat 5: 820158 ($10 in chips)
Seat 6: 708c9912 ($12.5 in chips)
c78cf8c9: posts small blind $0.05
Hero: posts big blind $0.1
*** HOLE CARDS ***
Dealt to 9c2ce7a8 
Dealt to d07641a2 
Dealt to c78cf8c9 
Dealt to Hero [8c Tc]
Dealt to 820158 
Dealt to 708c9912 
820158: folds
708c9912: raises $0.14 to $0.24
9c2ce7a8: folds
d07641a2: folds
c78cf8c9: folds
Hero: calls $0.14
*** FLOP *** [9h 5s Jd]
Hero: checks
708c9912: checks
*** TURN *** [9h 5s Jd] [7d]
Hero: bets $0.3
708c9912: calls $0.3
*** RIVER *** [9h 5s Jd 7d] [Ks]
Hero: checks
708c9912: bets $0.25
Hero: raises $0.75 to $1
708c9912: folds
Uncalled bet ($0.75) returned to Hero
*** SHOWDOWN ***
Hero collected $1.55 from pot
*** SUMMARY ***
Total pot $1.63 | Rake $0.08 | Jackpot $0 | Bingo $0 | Fortune $0 | Tax $0
Board [9h 5s Jd 7d Ks]
Seat 1: 9c2ce7a8 folded before Flop (didn't bet)
Seat 2: d07641a2 (button) folded before Flop (didn't bet)
Seat 3: c78cf8c9 (small blind) folded before Flop
Seat 4: Hero (big blind) won ($1.55)
Seat 5: 820158 folded before Flop (didn't bet)
Seat 6: 708c9912 folded on the River


Poker Hand #HD1849533321: Hold'em No Limit ($0.05/$0.1) - 2024/07/09 13:09:48
Table 'NLHRed11' 6-max Seat #1 is the button
Seat 1: 9c2ce7a8 ($9.93 in chips)
Seat 2: d07641a2 ($16.25 in chips)
Seat 3: c78cf8c9 ($10.35 in chips)
Seat 4: Hero ($10.15 in chips)
Seat 5: 820158 ($10 in chips)
Seat 6: 708c9912 ($12.5 in chips)
d07641a2: posts small blind $0.05
c78cf8c9: posts big blind $0.1
*** HOLE CARDS ***
Dealt to 9c2ce7a8 
Dealt to d07641a2 
Dealt to c78cf8c9 
Dealt to Hero [2d Ts]
Dealt to 820158 
Dealt to 708c9912 
Hero: folds
820158: folds
708c9912: folds
9c2ce7a8: folds
d07641a2: calls $0.05
c78cf8c9: checks
*** FLOP *** [9c Qd 5d]
d07641a2: checks
c78cf8c9: checks
*** TURN *** [9c Qd 5d] [Th]
d07641a2: bets $0.2
c78cf8c9: folds
Uncalled bet ($0.2) returned to d07641a2
*** SHOWDOWN ***
d07641a2 collected $0.19 from pot
*** SUMMARY ***
Total pot $0.2 | Rake $0.01 | Jackpot $0 | Bingo $0 | Fortune $0 | Tax $0
Board [9c Qd 5d Th]
Seat 1: 9c2ce7a8 (button) folded before Flop (didn't bet)
Seat 2: d07641a2 (small blind) won ($0.19)
Seat 3: c78cf8c9 (big blind) folded on the Turn
Seat 4: Hero folded before Flop (didn't bet)
Seat 5: 820158 folded before Flop (didn't bet)
Seat 6: 708c9912 folded before Flop (didn't bet)


Poker Hand #HD1849533302: Hold'em No Limit ($0.05/$0.1) - 2024/07/09 13:09:30
Table 'NLHRed11' 6-max Seat #6 is the button
Seat 1: 9c2ce7a8 ($9.98 in chips)
Seat 2: d07641a2 ($16.2 in chips)
Seat 3: c78cf8c9 ($10.35 in chips)
Seat 4: Hero ($10.15 in chips)
Seat 5: 820158 ($10 in chips)
Seat 6: 708c9912 ($12.5 in chips)
9c2ce7a8: posts small blind $0.05
d07641a2: posts big blind $0.1
*** HOLE CARDS ***
Dealt to 9c2ce7a8 
Dealt to d07641a2 
Dealt to c78cf8c9 
Dealt to Hero [4s Th]
Dealt to 820158 
Dealt to 708c9912 
c78cf8c9: folds
Hero: folds
820158: folds
708c9912: folds
9c2ce7a8: folds
Uncalled bet ($0.05) returned to d07641a2
*** SHOWDOWN ***
d07641a2 collected $0.1 from pot
*** SUMMARY ***
Total pot $0.1 | Rake $0 | Jackpot $0 | Bingo $0 | Fortune $0 | Tax $0
Seat 1: 9c2ce7a8 (small blind) folded before Flop
Seat 2: d07641a2 (big blind) collected ($0.1)
Seat 3: c78cf8c9 folded before Flop (didn't bet)
Seat 4: Hero folded before Flop (didn't bet)
Seat 5: 820158 folded before Flop (didn't bet)
Seat 6: 708c9912 (button) folded before Flop (didn't bet)


Poker Hand #HD1849533224: Hold'em No Limit ($0.05/$0.1) - 2024/07/09 13:08:29
Table 'NLHRed11' 6-max Seat #5 is the button
Seat 1: 9c2ce7a8 ($10.08 in chips)
Seat 2: d07641a2 ($15.44 in chips)
Seat 3: c78cf8c9 ($11.03 in chips)
Seat 4: Hero ($10.15 in chips)
Seat 5: 820158 ($10 in chips)
Seat 6: 708c9912 ($12.55 in chips)
708c9912: posts small blind $0.05
9c2ce7a8: posts big blind $0.1
*** HOLE CARDS ***
Dealt to 9c2ce7a8 
Dealt to d07641a2 
Dealt to c78cf8c9 
Dealt to Hero [5d Jc]
Dealt to 820158 
Dealt to 708c9912 
d07641a2: raises $0.2 to $0.3
c78cf8c9: calls $0.3
Hero: folds
820158: folds
708c9912: folds
9c2ce7a8: folds
*** FLOP *** [Ac Ts 3c]
d07641a2: bets $0.38
c78cf8c9: calls $0.38
*** TURN *** [Ac Ts 3c] [8h]
d07641a2: bets $0.76
c78cf8c9: folds
Uncalled bet ($0.76) returned to d07641a2
*** SHOWDOWN ***
d07641a2 collected $1.44 from pot
*** SUMMARY ***
Total pot $1.51 | Rake $0.07 | Jackpot $0 | Bingo $0 | Fortune $0 | Tax $0
Board [Ac Ts 3c 8h]
Seat 1: 9c2ce7a8 (big blind) folded before Flop
Seat 2: d07641a2 won ($1.44)
Seat 3: c78cf8c9 folded on the Turn
Seat 4: Hero folded before Flop (didn't bet)
Seat 5: 820158 (button) folded before Flop (didn't bet)
Seat 6: 708c9912 (small blind) folded before Flop


Poker Hand #HD1849533143: Hold'em No Limit ($0.05/$0.1) - 2024/07/09 13:07:27
Table 'NLHRed11' 6-max Seat #4 is the button
Seat 1: 9c2ce7a8 ($10.08 in chips)
Seat 2: d07641a2 ($15.44 in chips)
Seat 3: c78cf8c9 ($11.03 in chips)
Seat 4: Hero ($10.15 in chips)
Seat 5: 820158 ($10 in chips)
Seat 6: 708c9912 ($11.92 in chips)
820158: posts small blind $0.05
708c9912: posts big blind $0.1
*** HOLE CARDS ***
Dealt to 9c2ce7a8 
Dealt to d07641a2 
Dealt to c78cf8c9 
Dealt to Hero [9s Td]
Dealt to 820158 
Dealt to 708c9912 
9c2ce7a8: folds
d07641a2: folds
c78cf8c9: folds
Hero: folds
820158: raises $0.2 to $0.3
708c9912: calls $0.2
*** FLOP *** [3h 3d Jh]
820158: checks
708c9912: bets $0.4
820158: calls $0.4
*** TURN *** [3h 3d Jh] [2s]
820158: checks
708c9912: bets $0.93
820158: folds
Uncalled bet ($0.93) returned to 708c9912
*** SHOWDOWN ***
708c9912 collected $1.33 from pot
*** SUMMARY ***
Total pot $1.4 | Rake $0.07 | Jackpot $0 | Bingo $0 | Fortune $0 | Tax $0
Board [3h 3d Jh 2s]
Seat 1: 9c2ce7a8 folded before Flop (didn't bet)
Seat 2: d07641a2 folded before Flop (didn't bet)
Seat 3: c78cf8c9 folded before Flop (didn't bet)
Seat 4: Hero (button) folded before Flop (didn't bet)
Seat 5: 820158 (small blind) folded on the Turn
Seat 6: 708c9912 (big blind) won ($1.33)


Poker Hand #HD1849533119: Hold'em No Limit ($0.05/$0.1) - 2024/07/09 13:07:06
Table 'NLHRed11' 6-max Seat #3 is the button
Seat 1: 9c2ce7a8 ($10.08 in chips)
Seat 2: d07641a2 ($15.44 in chips)
Seat 3: c78cf8c9 ($11.03 in chips)
Seat 4: Hero ($10.05 in chips)
Seat 5: 820158 ($10 in chips)
Seat 6: 708c9912 ($11.92 in chips)
Hero: posts small blind $0.05
820158: posts big blind $0.1
*** HOLE CARDS ***
Dealt to 9c2ce7a8 
Dealt to d07641a2 
Dealt to c78cf8c9 
Dealt to Hero [Ts Th]
Dealt to 820158 
Dealt to 708c9912 
708c9912: folds
9c2ce7a8: folds
d07641a2: folds
c78cf8c9: folds
Hero: raises $0.2 to $0.3
820158: folds
Uncalled bet ($0.2) returned to Hero
*** SHOWDOWN ***
Hero collected $0.2 from pot
*** SUMMARY ***
Total pot $0.2 | Rake $0 | Jackpot $0 | Bingo $0 | Fortune $0 | Tax $0
Seat 1: 9c2ce7a8 folded before Flop (didn't bet)
Seat 2: d07641a2 folded before Flop (didn't bet)
Seat 3: c78cf8c9 (button) folded before Flop (didn't bet)
Seat 4: Hero (small blind) collected ($0.2)
Seat 5: 820158 (big blind) folded before Flop
Seat 6: 708c9912 folded before Flop (didn't bet)


Poker Hand #HD1849533100: Hold'em No Limit ($0.05/$0.1) - 2024/07/09 13:06:53
Table 'NLHRed11' 6-max Seat #2 is the button
Seat 1: 9c2ce7a8 ($10.08 in chips)
Seat 2: d07641a2 ($15.44 in chips)
Seat 3: c78cf8c9 ($11.08 in chips)
Seat 4: Hero ($10 in chips)
Seat 5: 820158 ($10 in chips)
Seat 6: 708c9912 ($11.92 in chips)
c78cf8c9: posts small blind $0.05
Hero: posts big blind $0.1
*** HOLE CARDS ***
Dealt to 9c2ce7a8 
Dealt to d07641a2 
Dealt to c78cf8c9 
Dealt to Hero [3h 8c]
Dealt to 820158 
Dealt to 708c9912 
820158: folds
708c9912: folds
9c2ce7a8: folds
d07641a2: folds
c78cf8c9: folds
Uncalled bet ($0.05) returned to Hero
*** SHOWDOWN ***
Hero collected $0.1 from pot
*** SUMMARY ***
Total pot $0.1 | Rake $0 | Jackpot $0 | Bingo $0 | Fortune $0 | Tax $0
Seat 1: 9c2ce7a8 folded before Flop (didn't bet)
Seat 2: d07641a2 (button) folded before Flop (didn't bet)
Seat 3: c78cf8c9 (small blind) folded before Flop
Seat 4: Hero (big blind) collected ($0.1)
Seat 5: 820158 folded before Flop (didn't bet)
Seat 6: 708c9912 folded before Flop (didn't bet)


