Poker Hand #HD1847997682: Hold'em No Limit ($0.05/$0.1) - 2024/07/08 11:01:02
Table 'NLHRed25' 6-max Seat #1 is the button
Seat 1: 461635cd ($14.24 in chips)
Seat 2: a6c3dcd3 ($11.82 in chips)
Seat 3: Hero ($12.45 in chips)
Seat 5: ae5042e2 ($21.49 in chips)
Seat 6: d1c4ec45 ($8.79 in chips)
a6c3dcd3: posts small blind $0.05
Hero: posts big blind $0.1
*** HOLE CARDS ***
Dealt to 461635cd 
Dealt to a6c3dcd3 
Dealt to Hero [5c 2d]
Dealt to ae5042e2 
Dealt to d1c4ec45 
ae5042e2: raises $0.3 to $0.4
d1c4ec45: raises $0.75 to $1.15
461635cd: folds
a6c3dcd3: folds
Hero: folds
ae5042e2: raises $1.8 to $2.95
d1c4ec45: raises $5.84 to $8.79 and is all-in
ae5042e2: calls $5.84
d1c4ec45: shows [Ac Kd]
ae5042e2: shows [Qs Qh]
*** FIRST FLOP *** [8c 9s As]
*** FIRST TURN *** [8c 9s As] [3d]
*** FIRST RIVER *** [8c 9s As 3d] [5d]
*** SECOND FLOP *** [4s 6d 8s]
*** SECOND TURN *** [4s 6d 8s] [Kc]
*** SECOND RIVER *** [4s 6d 8s Kc] [Ad]
*** FIRST SHOWDOWN ***
d1c4ec45 collected $8.38 from pot
*** SECOND SHOWDOWN ***
d1c4ec45 collected $8.37 from pot
*** SUMMARY ***
Total pot $17.73 | Rake $0.88 | Jackpot $0.1 | Bingo $0 | Fortune $0 | Tax $0
Hand was run two times
FIRST Board [8c 9s As 3d 5d]
SECOND Board [4s 6d 8s Kc Ad]
Seat 1: 461635cd (button) folded before Flop (didn't bet)
Seat 2: a6c3dcd3 (small blind) folded before Flop
Seat 3: Hero (big blind) folded before Flop
Seat 5: ae5042e2 showed [Qs Qh] and lost with Pair of Queens, and lost with Pair of Queens
Seat 6: d1c4ec45 showed [Ac Kd] and won ($8.38) with Pair of Aces, and won ($8.37) with Pair of Aces and Pair of Kings


Poker Hand #HD1847997584: Hold'em No Limit ($0.05/$0.1) - 2024/07/08 11:00:09
Table 'NLHRed25' 6-max Seat #6 is the button
Seat 1: 461635cd ($14.29 in chips)
Seat 2: a6c3dcd3 ($12.02 in chips)
Seat 3: Hero ($12.45 in chips)
Seat 5: ae5042e2 ($21.49 in chips)
Seat 6: d1c4ec45 ($8.56 in chips)
461635cd: posts small blind $0.05
a6c3dcd3: posts big blind $0.1
*** HOLE CARDS ***
Dealt to 461635cd 
Dealt to a6c3dcd3 
Dealt to Hero [3c 4s]
Dealt to ae5042e2 
Dealt to d1c4ec45 
Hero: folds
ae5042e2: folds
d1c4ec45: raises $0.1 to $0.2
461635cd: folds
a6c3dcd3: calls $0.1
*** FLOP *** [Ac Jh Jd]
a6c3dcd3: checks
d1c4ec45: bets $0.2
a6c3dcd3: folds
Uncalled bet ($0.2) returned to d1c4ec45
*** SHOWDOWN ***
d1c4ec45 collected $0.43 from pot
*** SUMMARY ***
Total pot $0.45 | Rake $0.02 | Jackpot $0 | Bingo $0 | Fortune $0 | Tax $0
Board [Ac Jh Jd]
Seat 1: 461635cd (small blind) folded before Flop
Seat 2: a6c3dcd3 (big blind) folded on the Flop
Seat 3: Hero folded before Flop (didn't bet)
Seat 5: ae5042e2 folded before Flop (didn't bet)
Seat 6: d1c4ec45 (button) won ($0.43)


Poker Hand #HD1847997476: Hold'em No Limit ($0.05/$0.1) - 2024/07/08 10:59:12
Table 'NLHRed25' 6-max Seat #5 is the button
Seat 1: 461635cd ($13.75 in chips)
Seat 2: a6c3dcd3 ($12.56 in chips)
Seat 3: Hero ($12.45 in chips)
Seat 5: ae5042e2 ($21.49 in chips)
Seat 6: d1c4ec45 ($8.61 in chips)
d1c4ec45: posts small blind $0.05
461635cd: posts big blind $0.1
*** HOLE CARDS ***
Dealt to 461635cd 
Dealt to a6c3dcd3 
Dealt to Hero [3h 8s]
Dealt to ae5042e2 
Dealt to d1c4ec45 
a6c3dcd3: raises $0.1 to $0.2
Hero: folds
ae5042e2: folds
d1c4ec45: folds
461635cd: calls $0.1
*** FLOP *** [9d Kc 4d]
461635cd: checks
a6c3dcd3: checks
*** TURN *** [9d Kc 4d] [6h]
461635cd: bets $0.34
a6c3dcd3: calls $0.34
*** RIVER *** [9d Kc 4d 6h] [8h]
461635cd: bets $1
a6c3dcd3: folds
Uncalled bet ($1) returned to 461635cd
*** SHOWDOWN ***
461635cd collected $1.08 from pot
*** SUMMARY ***
Total pot $1.13 | Rake $0.05 | Jackpot $0 | Bingo $0 | Fortune $0 | Tax $0
Board [9d Kc 4d 6h 8h]
Seat 1: 461635cd (big blind) won ($1.08)
Seat 2: a6c3dcd3 folded on the River
Seat 3: Hero folded before Flop (didn't bet)
Seat 5: ae5042e2 (button) folded before Flop (didn't bet)
Seat 6: d1c4ec45 (small blind) folded before Flop


Poker Hand #HD1847997314: Hold'em No Limit ($0.05/$0.1) - 2024/07/08 10:57:49
Table 'NLHRed25' 6-max Seat #3 is the button
Seat 1: 461635cd ($13.75 in chips)
Seat 2: a6c3dcd3 ($12.56 in chips)
Seat 3: Hero ($12.45 in chips)
Seat 5: ae5042e2 ($20.4 in chips)
Seat 6: d1c4ec45 ($9.82 in chips)
ae5042e2: posts small blind $0.05
d1c4ec45: posts big blind $0.1
*** HOLE CARDS ***
Dealt to 461635cd 
Dealt to a6c3dcd3 
Dealt to Hero [3s Qs]
Dealt to ae5042e2 
Dealt to d1c4ec45 
461635cd: folds
a6c3dcd3: folds
Hero: folds
ae5042e2: raises $0.15 to $0.25
d1c4ec45: calls $0.15
*** FLOP *** [As Jc 9h]
ae5042e2: bets $0.3
d1c4ec45: calls $0.3
*** TURN *** [As Jc 9h] [4c]
ae5042e2: bets $0.66
d1c4ec45: calls $0.66
*** RIVER *** [As Jc 9h 4c] [3c]
ae5042e2: bets $3
d1c4ec45: folds
Uncalled bet ($3) returned to ae5042e2
*** SHOWDOWN ***
ae5042e2 collected $2.3 from pot
*** SUMMARY ***
Total pot $2.42 | Rake $0.12 | Jackpot $0 | Bingo $0 | Fortune $0 | Tax $0
Board [As Jc 9h 4c 3c]
Seat 1: 461635cd folded before Flop (didn't bet)
Seat 2: a6c3dcd3 folded before Flop (didn't bet)
Seat 3: Hero (button) folded before Flop (didn't bet)
Seat 5: ae5042e2 (small blind) won ($2.3)
Seat 6: d1c4ec45 (big blind) folded on the River


Poker Hand #HD1847997248: Hold'em No Limit ($0.05/$0.1) - 2024/07/08 10:57:11
Table 'NLHRed25' 6-max Seat #2 is the button
Seat 1: 461635cd ($14 in chips)
Seat 2: a6c3dcd3 ($12.56 in chips)
Seat 3: Hero ($12.13 in chips)
Seat 5: ae5042e2 ($20.5 in chips)
Seat 6: d1c4ec45 ($9.59 in chips)
Hero: posts small blind $0.05
ae5042e2: posts big blind $0.1
*** HOLE CARDS ***
Dealt to 461635cd 
Dealt to a6c3dcd3 
Dealt to Hero [8d 8c]
Dealt to ae5042e2 
Dealt to d1c4ec45 
d1c4ec45: folds
461635cd: raises $0.15 to $0.25
a6c3dcd3: folds
Hero: raises $0.75 to $1
ae5042e2: folds
461635cd: folds
Uncalled bet ($0.75) returned to Hero
*** SHOWDOWN ***
Hero collected $0.57 from pot
*** SUMMARY ***
Total pot $0.6 | Rake $0.03 | Jackpot $0 | Bingo $0 | Fortune $0 | Tax $0
Seat 1: 461635cd folded before Flop
Seat 2: a6c3dcd3 (button) folded before Flop (didn't bet)
Seat 3: Hero (small blind) collected ($0.57)
Seat 5: ae5042e2 (big blind) folded before Flop
Seat 6: d1c4ec45 folded before Flop (didn't bet)


Poker Hand #HD1847997174: Hold'em No Limit ($0.05/$0.1) - 2024/07/08 10:56:28
Table 'NLHRed25' 6-max Seat #1 is the button
Seat 1: 461635cd ($14 in chips)
Seat 2: a6c3dcd3 ($12.61 in chips)
Seat 3: Hero ($10 in chips)
Seat 4: 367cc142 ($2.42 in chips)
Seat 5: ae5042e2 ($20.5 in chips)
Seat 6: d1c4ec45 ($9.59 in chips)
a6c3dcd3: posts small blind $0.05
Hero: posts big blind $0.1
*** HOLE CARDS ***
Dealt to 461635cd 
Dealt to a6c3dcd3 
Dealt to Hero [Ah Kh]
Dealt to 367cc142 
Dealt to ae5042e2 
Dealt to d1c4ec45 
367cc142: raises $2.32 to $2.42 and is all-in
ae5042e2: folds
d1c4ec45: folds
461635cd: folds
a6c3dcd3: folds
Hero: calls $2.32
367cc142: shows [Js 8c]
Hero: shows [Ah Kh]
*** FLOP *** [3d Kc Jc]
*** TURN *** [3d Kc Jc] [2c]
*** RIVER *** [3d Kc Jc 2c] [As]
*** SHOWDOWN ***
Hero collected $4.55 from pot
*** SUMMARY ***
Total pot $4.89 | Rake $0.24 | Jackpot $0.1 | Bingo $0 | Fortune $0 | Tax $0
Board [3d Kc Jc 2c As]
Seat 1: 461635cd (button) folded before Flop (didn't bet)
Seat 2: a6c3dcd3 (small blind) folded before Flop
Seat 3: Hero (big blind) showed [Ah Kh] and won ($4.55) with Pair of Aces and Pair of Kings
Seat 4: 367cc142 showed [Js 8c] and lost with Pair of Jacks
Seat 5: ae5042e2 folded before Flop (didn't bet)
Seat 6: d1c4ec45 folded before Flop (didn't bet)


Poker Hand #HD1847997058: Hold'em No Limit ($0.05/$0.1) - 2024/07/08 10:55:17
Table 'NLHRed25' 6-max Seat #6 is the button
Seat 1: 461635cd ($14.05 in chips)
Seat 2: a6c3dcd3 ($9.62 in chips)
Seat 3: Hero ($10.4 in chips)
Seat 4: 367cc142 ($4.42 in chips)
Seat 5: ae5042e2 ($20.5 in chips)
Seat 6: d1c4ec45 ($10.24 in chips)
461635cd: posts small blind $0.05
a6c3dcd3: posts big blind $0.1
*** HOLE CARDS ***
Dealt to 461635cd 
Dealt to a6c3dcd3 
Dealt to Hero [Jh Ad]
Dealt to 367cc142 
Dealt to ae5042e2 
Dealt to d1c4ec45 
Hero: raises $0.1 to $0.2
367cc142: calls $0.2
ae5042e2: folds
d1c4ec45: calls $0.2
461635cd: folds
a6c3dcd3: calls $0.1
*** FLOP *** [Ts 7d 9c]
a6c3dcd3: checks
Hero: checks
367cc142: checks
d1c4ec45: bets $0.45
a6c3dcd3: calls $0.45
Hero: calls $0.45
367cc142: calls $0.45
*** TURN *** [Ts 7d 9c] [Qs]
a6c3dcd3: checks
Hero: checks
367cc142: checks
d1c4ec45: checks
*** RIVER *** [Ts 7d 9c Qs] [Js]
a6c3dcd3: bets $1.35
Hero: folds
367cc142: calls $1.35
d1c4ec45: folds
a6c3dcd3: shows [9s Kc] (Kings-High Straight)
367cc142: shows [8d 4h] (Queens-High Straight)
*** SHOWDOWN ***
a6c3dcd3 collected $4.99 from pot
*** SUMMARY ***
Total pot $5.35 | Rake $0.26 | Jackpot $0.1 | Bingo $0 | Fortune $0 | Tax $0
Board [Ts 7d 9c Qs Js]
Seat 1: 461635cd (small blind) folded before Flop
Seat 2: a6c3dcd3 (big blind) showed [9s Kc] and won ($4.99) with Kings-High Straight
Seat 3: Hero folded on the River
Seat 4: 367cc142 showed [8d 4h] and lost with Queens-High Straight
Seat 5: ae5042e2 folded before Flop (didn't bet)
Seat 6: d1c4ec45 (button) folded on the River


Poker Hand #HD1847996975: Hold'em No Limit ($0.05/$0.1) - 2024/07/08 10:54:33
Table 'NLHRed25' 6-max Seat #5 is the button
Seat 1: 461635cd ($13.32 in chips)
Seat 2: a6c3dcd3 ($9.62 in chips)
Seat 3: Hero ($10.4 in chips)
Seat 4: 367cc142 ($4.42 in chips)
Seat 5: ae5042e2 ($20.7 in chips)
Seat 6: d1c4ec45 ($10.84 in chips)
d1c4ec45: posts small blind $0.05
461635cd: posts big blind $0.1
*** HOLE CARDS ***
Dealt to 461635cd 
Dealt to a6c3dcd3 
Dealt to Hero [2d 8d]
Dealt to 367cc142 
Dealt to ae5042e2 
Dealt to d1c4ec45 
a6c3dcd3: folds
Hero: folds
367cc142: folds
ae5042e2: raises $0.1 to $0.2
d1c4ec45: raises $0.4 to $0.6
461635cd: raises $0.8 to $1.4
ae5042e2: folds
d1c4ec45: folds
Uncalled bet ($0.8) returned to 461635cd
*** SHOWDOWN ***
461635cd collected $1.33 from pot
*** SUMMARY ***
Total pot $1.4 | Rake $0.07 | Jackpot $0 | Bingo $0 | Fortune $0 | Tax $0
Seat 1: 461635cd (big blind) collected ($1.33)
Seat 2: a6c3dcd3 folded before Flop (didn't bet)
Seat 3: Hero folded before Flop (didn't bet)
Seat 4: 367cc142 folded before Flop (didn't bet)
Seat 5: ae5042e2 (button) folded before Flop
Seat 6: d1c4ec45 (small blind) folded before Flop


Poker Hand #HD1847996840: Hold'em No Limit ($0.05/$0.1) - 2024/07/08 10:53:21
Table 'NLHRed25' 6-max Seat #4 is the button
Seat 1: 461635cd ($13.32 in chips)
Seat 2: a6c3dcd3 ($11.52 in chips)
Seat 3: Hero ($10.4 in chips)
Seat 4: 367cc142 ($14.22 in chips)
Seat 5: ae5042e2 ($10 in chips)
Seat 6: d1c4ec45 ($10.94 in chips)
ae5042e2: posts small blind $0.05
d1c4ec45: posts big blind $0.1
*** HOLE CARDS ***
Dealt to 461635cd 
Dealt to a6c3dcd3 
Dealt to Hero [Th 2h]
Dealt to 367cc142 
Dealt to ae5042e2 
Dealt to d1c4ec45 
461635cd: folds
a6c3dcd3: raises $0.15 to $0.25
Hero: folds
367cc142: calls $0.25
ae5042e2: raises $0.7 to $0.95
d1c4ec45: folds
a6c3dcd3: calls $0.7
367cc142: calls $0.7
*** FLOP *** [Qh Ks 5d]
ae5042e2: bets $0.95
a6c3dcd3: calls $0.95
367cc142: calls $0.95
*** TURN *** [Qh Ks 5d] [2c]
ae5042e2: bets $1.95
a6c3dcd3: folds
367cc142: calls $1.95
*** RIVER *** [Qh Ks 5d 2c] [4d]
ae5042e2: bets $5.95
367cc142: calls $5.95
ae5042e2: shows [Qc Qs] (Three Queens)
367cc142: shows [Js Kd] (Pair of Kings)
*** SHOWDOWN ***
ae5042e2 collected $20.5 from pot
*** SUMMARY ***
Total pot $21.6 | Rake $1 | Jackpot $0.1 | Bingo $0 | Fortune $0 | Tax $0
Board [Qh Ks 5d 2c 4d]
Seat 1: 461635cd folded before Flop (didn't bet)
Seat 2: a6c3dcd3 folded on the Turn
Seat 3: Hero folded before Flop (didn't bet)
Seat 4: 367cc142 (button) showed [Js Kd] and lost with Pair of Kings
Seat 5: ae5042e2 (small blind) showed [Qc Qs] and won ($20.5) with Three Queens
Seat 6: d1c4ec45 (big blind) folded before Flop


Poker Hand #HD1847996751: Hold'em No Limit ($0.05/$0.1) - 2024/07/08 10:52:38
Table 'NLHRed25' 6-max Seat #3 is the button
Seat 1: 461635cd ($12 in chips)
Seat 2: a6c3dcd3 ($11.52 in chips)
Seat 3: Hero ($10.4 in chips)
Seat 4: 367cc142 ($14.47 in chips)
Seat 5: ae5042e2 ($10.39 in chips)
Seat 6: d1c4ec45 ($10.94 in chips)
367cc142: posts small blind $0.05
ae5042e2: posts big blind $0.1
*** HOLE CARDS ***
Dealt to 461635cd 
Dealt to a6c3dcd3 
Dealt to Hero [As 5h]
Dealt to 367cc142 
Dealt to ae5042e2 
Dealt to d1c4ec45 
d1c4ec45: folds
461635cd: raises $0.15 to $0.25
a6c3dcd3: folds
Hero: folds
367cc142: calls $0.2
ae5042e2: raises $0.95 to $1.2
461635cd: raises $1.25 to $2.45
367cc142: folds
ae5042e2: folds
Uncalled bet ($1.25) returned to 461635cd
*** SHOWDOWN ***
461635cd collected $2.52 from pot
*** SUMMARY ***
Total pot $2.65 | Rake $0.13 | Jackpot $0 | Bingo $0 | Fortune $0 | Tax $0
Seat 1: 461635cd collected ($2.52)
Seat 2: a6c3dcd3 folded before Flop (didn't bet)
Seat 3: Hero (button) folded before Flop (didn't bet)
Seat 4: 367cc142 (small blind) folded before Flop
Seat 5: ae5042e2 (big blind) folded before Flop
Seat 6: d1c4ec45 folded before Flop (didn't bet)


Poker Hand #HD1847996690: Hold'em No Limit ($0.05/$0.1) - 2024/07/08 10:52:06
Table 'NLHRed25' 6-max Seat #2 is the button
Seat 1: 461635cd ($12 in chips)
Seat 2: a6c3dcd3 ($11.72 in chips)
Seat 3: Hero ($10.45 in chips)
Seat 4: 367cc142 ($15.25 in chips)
Seat 5: ae5042e2 ($10.39 in chips)
Seat 6: d1c4ec45 ($10 in chips)
Hero: posts small blind $0.05
367cc142: posts big blind $0.1
*** HOLE CARDS ***
Dealt to 461635cd 
Dealt to a6c3dcd3 
Dealt to Hero [9h Js]
Dealt to 367cc142 
Dealt to ae5042e2 
Dealt to d1c4ec45 
ae5042e2: folds
d1c4ec45: raises $0.1 to $0.2
461635cd: folds
a6c3dcd3: calls $0.2
Hero: folds
367cc142: calls $0.1
*** FLOP *** [2c 7d 3d]
367cc142: checks
d1c4ec45: checks
a6c3dcd3: checks
*** TURN *** [2c 7d 3d] [4s]
367cc142: bets $0.22
d1c4ec45: calls $0.22
a6c3dcd3: folds
*** RIVER *** [2c 7d 3d 4s] [Kh]
367cc142: bets $0.36
d1c4ec45: calls $0.36
367cc142: shows [7h Qh] (Pair of Sevens)
d1c4ec45: shows [8c Kc] (Pair of Kings)
*** SHOWDOWN ***
d1c4ec45 collected $1.72 from pot
*** SUMMARY ***
Total pot $1.81 | Rake $0.09 | Jackpot $0 | Bingo $0 | Fortune $0 | Tax $0
Board [2c 7d 3d 4s Kh]
Seat 1: 461635cd folded before Flop (didn't bet)
Seat 2: a6c3dcd3 (button) folded on the Turn
Seat 3: Hero (small blind) folded before Flop
Seat 4: 367cc142 (big blind) showed [7h Qh] and lost with Pair of Sevens
Seat 5: ae5042e2 folded before Flop (didn't bet)
Seat 6: d1c4ec45 showed [8c Kc] and won ($1.72) with Pair of Kings


Poker Hand #HD1847996562: Hold'em No Limit ($0.05/$0.1) - 2024/07/08 10:50:53
Table 'NLHRed25' 6-max Seat #1 is the button
Seat 1: 461635cd ($12 in chips)
Seat 2: a6c3dcd3 ($12.02 in chips)
Seat 3: Hero ($10.55 in chips)
Seat 4: 367cc142 ($14.88 in chips)
Seat 5: ae5042e2 ($10.39 in chips)
Seat 6: d1c4ec45 ($10 in chips)
a6c3dcd3: posts small blind $0.05
Hero: posts big blind $0.1
*** HOLE CARDS ***
Dealt to 461635cd 
Dealt to a6c3dcd3 
Dealt to Hero [3c 6h]
Dealt to 367cc142 
Dealt to ae5042e2 
Dealt to d1c4ec45 
367cc142: raises $0.2 to $0.3
ae5042e2: folds
d1c4ec45: folds
461635cd: folds
a6c3dcd3: calls $0.25
Hero: folds
*** FLOP *** [9h Qh 5h]
a6c3dcd3: checks
367cc142: checks
*** TURN *** [9h Qh 5h] [4c]
a6c3dcd3: checks
367cc142: checks
*** RIVER *** [9h Qh 5h 4c] [3d]
a6c3dcd3: checks
367cc142: bets $0.7
a6c3dcd3: folds
Uncalled bet ($0.7) returned to 367cc142
*** SHOWDOWN ***
367cc142 collected $0.67 from pot
*** SUMMARY ***
Total pot $0.7 | Rake $0.03 | Jackpot $0 | Bingo $0 | Fortune $0 | Tax $0
Board [9h Qh 5h 4c 3d]
Seat 1: 461635cd (button) folded before Flop (didn't bet)
Seat 2: a6c3dcd3 (small blind) folded on the River
Seat 3: Hero (big blind) folded before Flop
Seat 4: 367cc142 won ($0.67)
Seat 5: ae5042e2 folded before Flop (didn't bet)
Seat 6: d1c4ec45 folded before Flop (didn't bet)


Poker Hand #HD1847996529: Hold'em No Limit ($0.05/$0.1) - 2024/07/08 10:50:33
Table 'NLHRed25' 6-max Seat #6 is the button
Seat 1: 461635cd ($12.05 in chips)
Seat 2: a6c3dcd3 ($12.12 in chips)
Seat 3: Hero ($10.55 in chips)
Seat 4: 367cc142 ($14.88 in chips)
Seat 5: ae5042e2 ($10.39 in chips)
Seat 6: d1c4ec45 ($9.85 in chips)
461635cd: posts small blind $0.05
a6c3dcd3: posts big blind $0.1
*** HOLE CARDS ***
Dealt to 461635cd 
Dealt to a6c3dcd3 
Dealt to Hero [Ac 8d]
Dealt to 367cc142 
Dealt to ae5042e2 
Dealt to d1c4ec45 
Hero: folds
367cc142: folds
ae5042e2: folds
d1c4ec45: raises $0.1 to $0.2
461635cd: folds
a6c3dcd3: folds
Uncalled bet ($0.1) returned to d1c4ec45
*** SHOWDOWN ***
d1c4ec45 collected $0.25 from pot
*** SUMMARY ***
Total pot $0.25 | Rake $0 | Jackpot $0 | Bingo $0 | Fortune $0 | Tax $0
Seat 1: 461635cd (small blind) folded before Flop
Seat 2: a6c3dcd3 (big blind) folded before Flop
Seat 3: Hero folded before Flop (didn't bet)
Seat 4: 367cc142 folded before Flop (didn't bet)
Seat 5: ae5042e2 folded before Flop (didn't bet)
Seat 6: d1c4ec45 (button) collected ($0.25)


Poker Hand #HD1847996497: Hold'em No Limit ($0.05/$0.1) - 2024/07/08 10:50:18
Table 'NLHRed25' 6-max Seat #5 is the button
Seat 1: 461635cd ($12 in chips)
Seat 2: a6c3dcd3 ($12.12 in chips)
Seat 3: Hero ($10.55 in chips)
Seat 4: 367cc142 ($14.88 in chips)
Seat 5: ae5042e2 ($10.39 in chips)
Seat 6: d1c4ec45 ($9.9 in chips)
d1c4ec45: posts small blind $0.05
461635cd: posts big blind $0.1
*** HOLE CARDS ***
Dealt to 461635cd 
Dealt to a6c3dcd3 
Dealt to Hero [6c 4c]
Dealt to 367cc142 
Dealt to ae5042e2 
Dealt to d1c4ec45 
a6c3dcd3: folds
Hero: folds
367cc142: folds
ae5042e2: folds
d1c4ec45: folds
Uncalled bet ($0.05) returned to 461635cd
*** SHOWDOWN ***
461635cd collected $0.1 from pot
*** SUMMARY ***
Total pot $0.1 | Rake $0 | Jackpot $0 | Bingo $0 | Fortune $0 | Tax $0
Seat 1: 461635cd (big blind) collected ($0.1)
Seat 2: a6c3dcd3 folded before Flop (didn't bet)
Seat 3: Hero folded before Flop (didn't bet)
Seat 4: 367cc142 folded before Flop (didn't bet)
Seat 5: ae5042e2 (button) folded before Flop (didn't bet)
Seat 6: d1c4ec45 (small blind) folded before Flop


Poker Hand #HD1847996390: Hold'em No Limit ($0.05/$0.1) - 2024/07/08 10:49:25
Table 'NLHRed25' 6-max Seat #4 is the button
Seat 1: 461635cd ($12 in chips)
Seat 2: a6c3dcd3 ($12.12 in chips)
Seat 3: Hero ($10 in chips)
Seat 4: 367cc142 ($15.33 in chips)
Seat 5: ae5042e2 ($10.44 in chips)
Seat 6: d1c4ec45 ($10 in chips)
ae5042e2: posts small blind $0.05
d1c4ec45: posts big blind $0.1
*** HOLE CARDS ***
Dealt to 461635cd 
Dealt to a6c3dcd3 
Dealt to Hero [7h 7s]
Dealt to 367cc142 
Dealt to ae5042e2 
Dealt to d1c4ec45 
461635cd: folds
a6c3dcd3: folds
Hero: raises $0.14 to $0.24
367cc142: calls $0.24
ae5042e2: folds
d1c4ec45: folds
*** FLOP *** [Kh 2s 3d]
Hero: checks
367cc142: bets $0.21
Hero: calls $0.21
*** TURN *** [Kh 2s 3d] [Ks]
Hero: checks
367cc142: checks
*** RIVER *** [Kh 2s 3d Ks] [Kc]
Hero: bets $0.5
367cc142: folds
Uncalled bet ($0.5) returned to Hero
*** SHOWDOWN ***
Hero collected $1 from pot
*** SUMMARY ***
Total pot $1.05 | Rake $0.05 | Jackpot $0 | Bingo $0 | Fortune $0 | Tax $0
Board [Kh 2s 3d Ks Kc]
Seat 1: 461635cd folded before Flop (didn't bet)
Seat 2: a6c3dcd3 folded before Flop (didn't bet)
Seat 3: Hero won ($1)
Seat 4: 367cc142 (button) folded on the River
Seat 5: ae5042e2 (small blind) folded before Flop
Seat 6: d1c4ec45 (big blind) folded before Flop


Poker Hand #HD1847996337: Hold'em No Limit ($0.05/$0.1) - 2024/07/08 10:48:57
Table 'NLHRed25' 6-max Seat #3 is the button
Seat 1: 461635cd ($12 in chips)
Seat 2: a6c3dcd3 ($12.12 in chips)
Seat 3: Hero ($10 in chips)
Seat 4: 367cc142 ($15.38 in chips)
Seat 5: ae5042e2 ($10.39 in chips)
Seat 6: d1c4ec45 ($10 in chips)
367cc142: posts small blind $0.05
ae5042e2: posts big blind $0.1
*** HOLE CARDS ***
Dealt to 461635cd 
Dealt to a6c3dcd3 
Dealt to Hero [Td 8c]
Dealt to 367cc142 
Dealt to ae5042e2 
Dealt to d1c4ec45 
d1c4ec45: folds
461635cd: folds
a6c3dcd3: folds
Hero: folds
367cc142: folds
Uncalled bet ($0.05) returned to ae5042e2
*** SHOWDOWN ***
ae5042e2 collected $0.1 from pot
*** SUMMARY ***
Total pot $0.1 | Rake $0 | Jackpot $0 | Bingo $0 | Fortune $0 | Tax $0
Seat 1: 461635cd folded before Flop (didn't bet)
Seat 2: a6c3dcd3 folded before Flop (didn't bet)
Seat 3: Hero (button) folded before Flop (didn't bet)
Seat 4: 367cc142 (small blind) folded before Flop
Seat 5: ae5042e2 (big blind) collected ($0.1)
Seat 6: d1c4ec45 folded before Flop (didn't bet)


Poker Hand #HD1847996303: Hold'em No Limit ($0.05/$0.1) - 2024/07/08 10:48:42
Table 'NLHRed25' 6-max Seat #2 is the button
Seat 1: 461635cd ($12 in chips)
Seat 2: a6c3dcd3 ($11.97 in chips)
Seat 3: Hero ($10 in chips)
Seat 4: 367cc142 ($15.48 in chips)
Seat 5: ae5042e2 ($10.39 in chips)
Seat 6: d1c4ec45 ($10 in chips)
Hero: posts small blind $0.05
367cc142: posts big blind $0.1
*** HOLE CARDS ***
Dealt to 461635cd 
Dealt to a6c3dcd3 
Dealt to Hero [4d Th]
Dealt to 367cc142 
Dealt to ae5042e2 
Dealt to d1c4ec45 
ae5042e2: folds
d1c4ec45: folds
461635cd: folds
a6c3dcd3: raises $0.15 to $0.25
Hero: folds
367cc142: folds
Uncalled bet ($0.15) returned to a6c3dcd3
*** SHOWDOWN ***
a6c3dcd3 collected $0.25 from pot
*** SUMMARY ***
Total pot $0.25 | Rake $0 | Jackpot $0 | Bingo $0 | Fortune $0 | Tax $0
Seat 1: 461635cd folded before Flop (didn't bet)
Seat 2: a6c3dcd3 (button) collected ($0.25)
Seat 3: Hero (small blind) folded before Flop
Seat 4: 367cc142 (big blind) folded before Flop
Seat 5: ae5042e2 folded before Flop (didn't bet)
Seat 6: d1c4ec45 folded before Flop (didn't bet)


Poker Hand #HD1847996284: Hold'em No Limit ($0.05/$0.1) - 2024/07/08 10:48:29
Table 'NLHRed25' 6-max Seat #1 is the button
Seat 1: 461635cd ($11.85 in chips)
Seat 2: a6c3dcd3 ($12.02 in chips)
Seat 3: Hero ($10 in chips)
Seat 4: 367cc142 ($15.48 in chips)
Seat 5: ae5042e2 ($10.39 in chips)
Seat 6: d1c4ec45 ($10 in chips)
a6c3dcd3: posts small blind $0.05
Hero: posts big blind $0.1
*** HOLE CARDS ***
Dealt to 461635cd 
Dealt to a6c3dcd3 
Dealt to Hero [Ts 7c]
Dealt to 367cc142 
Dealt to ae5042e2 
Dealt to d1c4ec45 
367cc142: folds
ae5042e2: folds
d1c4ec45: folds
461635cd: raises $0.15 to $0.25
a6c3dcd3: folds
Hero: folds
Uncalled bet ($0.15) returned to 461635cd
*** SHOWDOWN ***
461635cd collected $0.25 from pot
*** SUMMARY ***
Total pot $0.25 | Rake $0 | Jackpot $0 | Bingo $0 | Fortune $0 | Tax $0
Seat 1: 461635cd (button) collected ($0.25)
Seat 2: a6c3dcd3 (small blind) folded before Flop
Seat 3: Hero (big blind) folded before Flop
Seat 4: 367cc142 folded before Flop (didn't bet)
Seat 5: ae5042e2 folded before Flop (didn't bet)
Seat 6: d1c4ec45 folded before Flop (didn't bet)


Poker Hand #HD1847996252: Hold'em No Limit ($0.05/$0.1) - 2024/07/08 10:48:08
Table 'NLHRed25' 6-max Seat #6 is the button
Seat 1: 461635cd ($11.9 in chips)
Seat 2: a6c3dcd3 ($12.12 in chips)
Seat 3: Hero ($10 in chips)
Seat 4: 367cc142 ($15.33 in chips)
Seat 5: ae5042e2 ($10.39 in chips)
Seat 6: d1c4ec45 ($10 in chips)
461635cd: posts small blind $0.05
a6c3dcd3: posts big blind $0.1
*** HOLE CARDS ***
Dealt to 461635cd 
Dealt to a6c3dcd3 
Dealt to Hero [6d 2h]
Dealt to 367cc142 
Dealt to ae5042e2 
Dealt to d1c4ec45 
Hero: folds
367cc142: raises $0.2 to $0.3
ae5042e2: folds
d1c4ec45: folds
461635cd: folds
a6c3dcd3: folds
Uncalled bet ($0.2) returned to 367cc142
*** SHOWDOWN ***
367cc142 collected $0.25 from pot
*** SUMMARY ***
Total pot $0.25 | Rake $0 | Jackpot $0 | Bingo $0 | Fortune $0 | Tax $0
Seat 1: 461635cd (small blind) folded before Flop
Seat 2: a6c3dcd3 (big blind) folded before Flop
Seat 3: Hero folded before Flop (didn't bet)
Seat 4: 367cc142 collected ($0.25)
Seat 5: ae5042e2 folded before Flop (didn't bet)
Seat 6: d1c4ec45 (button) folded before Flop (didn't bet)


Poker Hand #HD1847996097: Hold'em No Limit ($0.05/$0.1) - 2024/07/08 10:46:39
Table 'NLHRed25' 6-max Seat #5 is the button
Seat 1: 461635cd ($12.1 in chips)
Seat 2: a6c3dcd3 ($12.32 in chips)
Seat 3: Hero ($10 in chips)
Seat 4: 367cc142 ($14.52 in chips)
Seat 5: ae5042e2 ($10.39 in chips)
Seat 6: d1c4ec45 ($9.75 in chips)
d1c4ec45: posts small blind $0.05
461635cd: posts big blind $0.1
*** HOLE CARDS ***
Dealt to 461635cd 
Dealt to a6c3dcd3 
Dealt to Hero [3s 3h]
Dealt to 367cc142 
Dealt to ae5042e2 
Dealt to d1c4ec45 
a6c3dcd3: raises $0.1 to $0.2
Hero: folds
367cc142: calls $0.2
ae5042e2: folds
d1c4ec45: calls $0.15
461635cd: calls $0.1
*** FLOP *** [4c Jc 3d]
d1c4ec45: checks
461635cd: checks
a6c3dcd3: checks
367cc142: checks
*** TURN *** [4c Jc 3d] [Js]
d1c4ec45: checks
461635cd: checks
a6c3dcd3: checks
367cc142: checks
*** RIVER *** [4c Jc 3d Js] [Qd]
d1c4ec45: checks
461635cd: checks
a6c3dcd3: checks
367cc142: bets $0.27
d1c4ec45: calls $0.27
461635cd: folds
a6c3dcd3: folds
367cc142: shows [Kd Qs] (Pair of Queens and Pair of Jacks)
d1c4ec45: shows [2h 2s] (Pair of Jacks and Pair of Twos)
*** SHOWDOWN ***
367cc142 collected $1.28 from pot
*** SUMMARY ***
Total pot $1.34 | Rake $0.06 | Jackpot $0 | Bingo $0 | Fortune $0 | Tax $0
Board [4c Jc 3d Js Qd]
Seat 1: 461635cd (big blind) folded on the River
Seat 2: a6c3dcd3 folded on the River
Seat 3: Hero folded before Flop (didn't bet)
Seat 4: 367cc142 showed [Kd Qs] and won ($1.28) with Pair of Queens and Pair of Jacks
Seat 5: ae5042e2 (button) folded before Flop (didn't bet)
Seat 6: d1c4ec45 (small blind) showed [2h 2s] and lost with Pair of Jacks and Pair of Twos


Poker Hand #HD1847996061: Hold'em No Limit ($0.05/$0.1) - 2024/07/08 10:46:24
Table 'NLHRed25' 6-max Seat #4 is the button
Seat 1: 461635cd ($12.1 in chips)
Seat 2: a6c3dcd3 ($12.32 in chips)
Seat 3: Hero ($10 in chips)
Seat 4: 367cc142 ($14.52 in chips)
Seat 5: ae5042e2 ($10.44 in chips)
Seat 6: d1c4ec45 ($9.7 in chips)
ae5042e2: posts small blind $0.05
d1c4ec45: posts big blind $0.1
*** HOLE CARDS ***
Dealt to 461635cd 
Dealt to a6c3dcd3 
Dealt to Hero [3s 4s]
Dealt to 367cc142 
Dealt to ae5042e2 
Dealt to d1c4ec45 
461635cd: folds
a6c3dcd3: folds
Hero: folds
367cc142: folds
ae5042e2: folds
Uncalled bet ($0.05) returned to d1c4ec45
*** SHOWDOWN ***
d1c4ec45 collected $0.1 from pot
*** SUMMARY ***
Total pot $0.1 | Rake $0 | Jackpot $0 | Bingo $0 | Fortune $0 | Tax $0
Seat 1: 461635cd folded before Flop (didn't bet)
Seat 2: a6c3dcd3 folded before Flop (didn't bet)
Seat 3: Hero folded before Flop (didn't bet)
Seat 4: 367cc142 (button) folded before Flop (didn't bet)
Seat 5: ae5042e2 (small blind) folded before Flop
Seat 6: d1c4ec45 (big blind) collected ($0.1)


Poker Hand #HD1847996024: Hold'em No Limit ($0.05/$0.1) - 2024/07/08 10:46:05
Table 'NLHRed25' 6-max Seat #3 is the button
Seat 1: 461635cd ($12.1 in chips)
Seat 2: a6c3dcd3 ($12.32 in chips)
Seat 3: Hero ($10 in chips)
Seat 4: 367cc142 ($14.42 in chips)
Seat 5: ae5042e2 ($10.54 in chips)
Seat 6: d1c4ec45 ($9.7 in chips)
367cc142: posts small blind $0.05
ae5042e2: posts big blind $0.1
*** HOLE CARDS ***
Dealt to 461635cd 
Dealt to a6c3dcd3 
Dealt to Hero [3c 9c]
Dealt to 367cc142 
Dealt to ae5042e2 
Dealt to d1c4ec45 
d1c4ec45: folds
461635cd: folds
a6c3dcd3: folds
Hero: folds
367cc142: raises $0.2 to $0.3
ae5042e2: folds
Uncalled bet ($0.2) returned to 367cc142
*** SHOWDOWN ***
367cc142 collected $0.2 from pot
*** SUMMARY ***
Total pot $0.2 | Rake $0 | Jackpot $0 | Bingo $0 | Fortune $0 | Tax $0
Seat 1: 461635cd folded before Flop (didn't bet)
Seat 2: a6c3dcd3 folded before Flop (didn't bet)
Seat 3: Hero (button) folded before Flop (didn't bet)
Seat 4: 367cc142 (small blind) collected ($0.2)
Seat 5: ae5042e2 (big blind) folded before Flop
Seat 6: d1c4ec45 folded before Flop (didn't bet)


Poker Hand #HD1847995956: Hold'em No Limit ($0.05/$0.1) - 2024/07/08 10:45:26
Table 'NLHRed25' 6-max Seat #2 is the button
Seat 1: 461635cd ($11.37 in chips)
Seat 2: a6c3dcd3 ($12.32 in chips)
Seat 3: Hero ($10 in chips)
Seat 4: 367cc142 ($15.17 in chips)
Seat 5: ae5042e2 ($10.54 in chips)
Seat 6: d1c4ec45 ($9.7 in chips)
Hero: posts small blind $0.05
367cc142: posts big blind $0.1
*** HOLE CARDS ***
Dealt to 461635cd 
Dealt to a6c3dcd3 
Dealt to Hero [9d 4d]
Dealt to 367cc142 
Dealt to ae5042e2 
Dealt to d1c4ec45 
ae5042e2: folds
d1c4ec45: folds
461635cd: raises $0.15 to $0.25
a6c3dcd3: folds
Hero: folds
367cc142: calls $0.15
*** FLOP *** [Td 6c 3s]
367cc142: checks
461635cd: bets $0.19
367cc142: calls $0.19
*** TURN *** [Td 6c 3s] [7h]
367cc142: checks
461635cd: checks
*** RIVER *** [Td 6c 3s 7h] [8d]
367cc142: bets $0.31
461635cd: calls $0.31
367cc142: shows [6d Qd] (Pair of Sixes)
461635cd: shows [7c 8c] (Pair of Eights and Pair of Sevens)
*** SHOWDOWN ***
461635cd collected $1.48 from pot
*** SUMMARY ***
Total pot $1.55 | Rake $0.07 | Jackpot $0 | Bingo $0 | Fortune $0 | Tax $0
Board [Td 6c 3s 7h 8d]
Seat 1: 461635cd showed [7c 8c] and won ($1.48) with Pair of Eights and Pair of Sevens
Seat 2: a6c3dcd3 (button) folded before Flop (didn't bet)
Seat 3: Hero (small blind) folded before Flop
Seat 4: 367cc142 (big blind) showed [6d Qd] and lost with Pair of Sixes
Seat 5: ae5042e2 folded before Flop (didn't bet)
Seat 6: d1c4ec45 folded before Flop (didn't bet)


Poker Hand #HD1847995884: Hold'em No Limit ($0.05/$0.1) - 2024/07/08 10:44:42
Table 'NLHRed25' 6-max Seat #1 is the button
Seat 1: 461635cd ($11.37 in chips)
Seat 2: a6c3dcd3 ($12.81 in chips)
Seat 3: Hero ($10 in chips)
Seat 4: 367cc142 ($15.17 in chips)
Seat 5: ae5042e2 ($10 in chips)
Seat 6: d1c4ec45 ($9.7 in chips)
a6c3dcd3: posts small blind $0.05
Hero: posts big blind $0.1
*** HOLE CARDS ***
Dealt to 461635cd 
Dealt to a6c3dcd3 
Dealt to Hero [5s Ts]
Dealt to 367cc142 
Dealt to ae5042e2 
Dealt to d1c4ec45 
367cc142: folds
ae5042e2: raises $0.15 to $0.25
d1c4ec45: folds
461635cd: folds
a6c3dcd3: calls $0.2
Hero: folds
*** FLOP *** [5d 5h 7c]
a6c3dcd3: checks
ae5042e2: bets $0.24
a6c3dcd3: calls $0.24
*** TURN *** [5d 5h 7c] [2d]
a6c3dcd3: checks
ae5042e2: bets $0.44
a6c3dcd3: folds
Uncalled bet ($0.44) returned to ae5042e2
*** SHOWDOWN ***
ae5042e2 collected $1.03 from pot
*** SUMMARY ***
Total pot $1.08 | Rake $0.05 | Jackpot $0 | Bingo $0 | Fortune $0 | Tax $0
Board [5d 5h 7c 2d]
Seat 1: 461635cd (button) folded before Flop (didn't bet)
Seat 2: a6c3dcd3 (small blind) folded on the Turn
Seat 3: Hero (big blind) folded before Flop
Seat 4: 367cc142 folded before Flop (didn't bet)
Seat 5: ae5042e2 won ($1.03)
Seat 6: d1c4ec45 folded before Flop (didn't bet)


Poker Hand #HD1847995826: Hold'em No Limit ($0.05/$0.1) - 2024/07/08 10:44:05
Table 'NLHRed25' 6-max Seat #6 is the button
Seat 1: 461635cd ($11.42 in chips)
Seat 2: a6c3dcd3 ($13.21 in chips)
Seat 3: Hero ($10 in chips)
Seat 4: 367cc142 ($14.76 in chips)
Seat 5: ae5042e2 ($10 in chips)
Seat 6: d1c4ec45 ($9.7 in chips)
461635cd: posts small blind $0.05
a6c3dcd3: posts big blind $0.1
*** HOLE CARDS ***
Dealt to 461635cd 
Dealt to a6c3dcd3 
Dealt to Hero [9c 8s]
Dealt to 367cc142 
Dealt to ae5042e2 
Dealt to d1c4ec45 
Hero: folds
367cc142: calls $0.1
ae5042e2: folds
d1c4ec45: folds
461635cd: folds
a6c3dcd3: checks
*** FLOP *** [8d Tc 4h]
a6c3dcd3: checks
367cc142: bets $0.13
a6c3dcd3: calls $0.13
*** TURN *** [8d Tc 4h] [Jh]
a6c3dcd3: checks
367cc142: checks
*** RIVER *** [8d Tc 4h Jh] [Ts]
a6c3dcd3: checks
367cc142: bets $0.17
a6c3dcd3: calls $0.17
367cc142: shows [As 8c] (Pair of Tens and Pair of Eights)
a6c3dcd3: shows [Qh 8h] (Pair of Tens and Pair of Eights)
*** SHOWDOWN ***
367cc142 collected $0.81 from pot
*** SUMMARY ***
Total pot $0.85 | Rake $0.04 | Jackpot $0 | Bingo $0 | Fortune $0 | Tax $0
Board [8d Tc 4h Jh Ts]
Seat 1: 461635cd (small blind) folded before Flop
Seat 2: a6c3dcd3 (big blind) showed [Qh 8h] and lost with Pair of Tens and Pair of Eights
Seat 3: Hero folded before Flop (didn't bet)
Seat 4: 367cc142 showed [As 8c] and won ($0.81) with Pair of Tens and Pair of Eights
Seat 5: ae5042e2 folded before Flop (didn't bet)
Seat 6: d1c4ec45 (button) folded before Flop (didn't bet)


Poker Hand #HD1847995757: Hold'em No Limit ($0.05/$0.1) - 2024/07/08 10:43:23
Table 'NLHRed25' 6-max Seat #5 is the button
Seat 1: 461635cd ($11.52 in chips)
Seat 2: a6c3dcd3 ($13.21 in chips)
Seat 3: Hero ($10 in chips)
Seat 4: 367cc142 ($11.9 in chips)
Seat 5: ae5042e2 ($10.46 in chips)
Seat 6: d1c4ec45 ($9.75 in chips)
d1c4ec45: posts small blind $0.05
461635cd: posts big blind $0.1
*** HOLE CARDS ***
Dealt to 461635cd 
Dealt to a6c3dcd3 
Dealt to Hero [8c 6h]
Dealt to 367cc142 
Dealt to ae5042e2 
Dealt to d1c4ec45 
a6c3dcd3: folds
Hero: folds
367cc142: raises $0.2 to $0.3
ae5042e2: raises $0.9 to $1.2
d1c4ec45: folds
461635cd: folds
367cc142: raises $1.92 to $3.12
ae5042e2: calls $1.92
*** FLOP *** [Ts Td 2d]
367cc142: bets $2.11
ae5042e2: folds
Uncalled bet ($2.11) returned to 367cc142
*** SHOWDOWN ***
367cc142 collected $5.98 from pot
*** SUMMARY ***
Total pot $6.39 | Rake $0.31 | Jackpot $0.1 | Bingo $0 | Fortune $0 | Tax $0
Board [Ts Td 2d]
Seat 1: 461635cd (big blind) folded before Flop
Seat 2: a6c3dcd3 folded before Flop (didn't bet)
Seat 3: Hero folded before Flop (didn't bet)
Seat 4: 367cc142 won ($5.98)
Seat 5: ae5042e2 (button) folded on the Flop
Seat 6: d1c4ec45 (small blind) folded before Flop


Poker Hand #HD1847995688: Hold'em No Limit ($0.05/$0.1) - 2024/07/08 10:42:39
Table 'NLHRed25' 6-max Seat #4 is the button
Seat 1: 461635cd ($11.52 in chips)
Seat 2: a6c3dcd3 ($13.21 in chips)
Seat 3: Hero ($10 in chips)
Seat 4: 367cc142 ($11.11 in chips)
Seat 5: ae5042e2 ($10.51 in chips)
Seat 6: d1c4ec45 ($9.85 in chips)
ae5042e2: posts small blind $0.05
d1c4ec45: posts big blind $0.1
*** HOLE CARDS ***
Dealt to 461635cd 
Dealt to a6c3dcd3 
Dealt to Hero [Ts Td]
Dealt to 367cc142 
Dealt to ae5042e2 
Dealt to d1c4ec45 
461635cd: folds
a6c3dcd3: folds
Hero: raises $0.14 to $0.24
367cc142: raises $0.48 to $0.72
ae5042e2: folds
d1c4ec45: folds
Hero: calls $0.48
*** FLOP *** [8c 9c Kc]
Hero: checks
367cc142: bets $0.53
Hero: folds
Uncalled bet ($0.53) returned to 367cc142
*** SHOWDOWN ***
367cc142 collected $1.51 from pot
*** SUMMARY ***
Total pot $1.59 | Rake $0.08 | Jackpot $0 | Bingo $0 | Fortune $0 | Tax $0
Board [8c 9c Kc]
Seat 1: 461635cd folded before Flop (didn't bet)
Seat 2: a6c3dcd3 folded before Flop (didn't bet)
Seat 3: Hero folded on the Flop
Seat 4: 367cc142 (button) won ($1.51)
Seat 5: ae5042e2 (small blind) folded before Flop
Seat 6: d1c4ec45 (big blind) folded before Flop


Poker Hand #HD1847925634: Hold'em No Limit ($0.05/$0.1) - 2024/07/08 10:42:08
Table 'NLHRed25' 6-max Seat #3 is the button
Seat 1: 461635cd ($11.52 in chips)
Seat 2: a6c3dcd3 ($13.21 in chips)
Seat 3: Hero ($10.1 in chips)
Seat 4: 367cc142 ($10.79 in chips)
Seat 5: ae5042e2 ($10.61 in chips)
Seat 6: d1c4ec45 ($9.85 in chips)
367cc142: posts small blind $0.05
ae5042e2: posts big blind $0.1
*** HOLE CARDS ***
Dealt to 461635cd 
Dealt to a6c3dcd3 
Dealt to Hero [Qd 9h]
Dealt to 367cc142 
Dealt to ae5042e2 
Dealt to d1c4ec45 
d1c4ec45: folds
461635cd: folds
a6c3dcd3: folds
Hero: raises $0.14 to $0.24
367cc142: raises $0.44 to $0.68
ae5042e2: folds
Hero: folds
Uncalled bet ($0.44) returned to 367cc142
*** SHOWDOWN ***
367cc142 collected $0.56 from pot
*** SUMMARY ***
Total pot $0.58 | Rake $0.02 | Jackpot $0 | Bingo $0 | Fortune $0 | Tax $0
Seat 1: 461635cd folded before Flop (didn't bet)
Seat 2: a6c3dcd3 folded before Flop (didn't bet)
Seat 3: Hero (button) folded before Flop
Seat 4: 367cc142 (small blind) collected ($0.56)
Seat 5: ae5042e2 (big blind) folded before Flop
Seat 6: d1c4ec45 folded before Flop (didn't bet)


Poker Hand #HD1847925611: Hold'em No Limit ($0.05/$0.1) - 2024/07/08 10:41:53
Table 'NLHRed25' 6-max Seat #2 is the button
Seat 1: 461635cd ($11.52 in chips)
Seat 2: a6c3dcd3 ($13.21 in chips)
Seat 3: Hero ($10 in chips)
Seat 4: 367cc142 ($10.89 in chips)
Seat 5: ae5042e2 ($10.61 in chips)
Seat 6: d1c4ec45 ($9.85 in chips)
Hero: posts small blind $0.05
367cc142: posts big blind $0.1
*** HOLE CARDS ***
Dealt to 461635cd 
Dealt to a6c3dcd3 
Dealt to Hero [Js Td]
Dealt to 367cc142 
Dealt to ae5042e2 
Dealt to d1c4ec45 
ae5042e2: folds
d1c4ec45: folds
461635cd: folds
a6c3dcd3: folds
Hero: raises $0.2 to $0.3
367cc142: folds
Uncalled bet ($0.2) returned to Hero
*** SHOWDOWN ***
Hero collected $0.2 from pot
*** SUMMARY ***
Total pot $0.2 | Rake $0 | Jackpot $0 | Bingo $0 | Fortune $0 | Tax $0
Seat 1: 461635cd folded before Flop (didn't bet)
Seat 2: a6c3dcd3 (button) folded before Flop (didn't bet)
Seat 3: Hero (small blind) collected ($0.2)
Seat 4: 367cc142 (big blind) folded before Flop
Seat 5: ae5042e2 folded before Flop (didn't bet)
Seat 6: d1c4ec45 folded before Flop (didn't bet)


Poker Hand #HD1847925534: Hold'em No Limit ($0.05/$0.1) - 2024/07/08 10:41:13
Table 'NLHRed25' 6-max Seat #1 is the button
Seat 1: 461635cd ($11.52 in chips)
Seat 2: a6c3dcd3 ($13.26 in chips)
Seat 3: Hero ($10 in chips)
Seat 4: 367cc142 ($11.09 in chips)
Seat 5: ae5042e2 ($10.28 in chips)
Seat 6: d1c4ec45 ($9.85 in chips)
a6c3dcd3: posts small blind $0.05
Hero: posts big blind $0.1
*** HOLE CARDS ***
Dealt to 461635cd 
Dealt to a6c3dcd3 
Dealt to Hero [5d 9c]
Dealt to 367cc142 
Dealt to ae5042e2 
Dealt to d1c4ec45 
367cc142: raises $0.1 to $0.2
ae5042e2: raises $1 to $1.2
d1c4ec45: folds
461635cd: folds
a6c3dcd3: folds
Hero: folds
367cc142: folds
Uncalled bet ($1) returned to ae5042e2
*** SHOWDOWN ***
ae5042e2 collected $0.53 from pot
*** SUMMARY ***
Total pot $0.55 | Rake $0.02 | Jackpot $0 | Bingo $0 | Fortune $0 | Tax $0
Seat 1: 461635cd (button) folded before Flop (didn't bet)
Seat 2: a6c3dcd3 (small blind) folded before Flop
Seat 3: Hero (big blind) folded before Flop
Seat 4: 367cc142 folded before Flop
Seat 5: ae5042e2 collected ($0.53)
Seat 6: d1c4ec45 folded before Flop (didn't bet)


Poker Hand #HD1847925504: Hold'em No Limit ($0.05/$0.1) - 2024/07/08 10:40:54
Table 'NLHRed25' 6-max Seat #6 is the button
Seat 1: 461635cd ($11.57 in chips)
Seat 2: a6c3dcd3 ($13.36 in chips)
Seat 3: Hero ($10 in chips)
Seat 4: 367cc142 ($10.94 in chips)
Seat 5: ae5042e2 ($10.28 in chips)
Seat 6: d1c4ec45 ($9.85 in chips)
461635cd: posts small blind $0.05
a6c3dcd3: posts big blind $0.1
*** HOLE CARDS ***
Dealt to 461635cd 
Dealt to a6c3dcd3 
Dealt to Hero [Js 4d]
Dealt to 367cc142 
Dealt to ae5042e2 
Dealt to d1c4ec45 
Hero: folds
367cc142: raises $0.1 to $0.2
ae5042e2: folds
d1c4ec45: folds
461635cd: folds
a6c3dcd3: folds
Uncalled bet ($0.1) returned to 367cc142
*** SHOWDOWN ***
367cc142 collected $0.25 from pot
*** SUMMARY ***
Total pot $0.25 | Rake $0 | Jackpot $0 | Bingo $0 | Fortune $0 | Tax $0
Seat 1: 461635cd (small blind) folded before Flop
Seat 2: a6c3dcd3 (big blind) folded before Flop
Seat 3: Hero folded before Flop (didn't bet)
Seat 4: 367cc142 collected ($0.25)
Seat 5: ae5042e2 folded before Flop (didn't bet)
Seat 6: d1c4ec45 (button) folded before Flop (didn't bet)


Poker Hand #HD1847925419: Hold'em No Limit ($0.05/$0.1) - 2024/07/08 10:40:09
Table 'NLHRed25' 6-max Seat #5 is the button
Seat 1: 461635cd ($12.79 in chips)
Seat 2: a6c3dcd3 ($13.36 in chips)
Seat 3: Hero ($10 in chips)
Seat 4: 367cc142 ($9.79 in chips)
Seat 5: ae5042e2 ($10.28 in chips)
Seat 6: d1c4ec45 ($9.9 in chips)
d1c4ec45: posts small blind $0.05
461635cd: posts big blind $0.1
*** HOLE CARDS ***
Dealt to 461635cd 
Dealt to a6c3dcd3 
Dealt to Hero [3d 7s]
Dealt to 367cc142 
Dealt to ae5042e2 
Dealt to d1c4ec45 
a6c3dcd3: folds
Hero: folds
367cc142: raises $0.2 to $0.3
ae5042e2: folds
d1c4ec45: folds
461635cd: calls $0.2
*** FLOP *** [3s 9d 6s]
461635cd: checks
367cc142: bets $0.22
461635cd: calls $0.22
*** TURN *** [3s 9d 6s] [2c]
461635cd: checks
367cc142: checks
*** RIVER *** [3s 9d 6s 2c] [8d]
461635cd: bets $0.7
367cc142: calls $0.7
461635cd: shows [Qs Kd] (King-High)
367cc142: shows [9s Th] (Pair of Nines)
*** SHOWDOWN ***
367cc142 collected $2.37 from pot
*** SUMMARY ***
Total pot $2.49 | Rake $0.12 | Jackpot $0 | Bingo $0 | Fortune $0 | Tax $0
Board [3s 9d 6s 2c 8d]
Seat 1: 461635cd (big blind) showed [Qs Kd] and lost with King-High
Seat 2: a6c3dcd3 folded before Flop (didn't bet)
Seat 3: Hero folded before Flop (didn't bet)
Seat 4: 367cc142 showed [9s Th] and won ($2.37) with Pair of Nines
Seat 5: ae5042e2 (button) folded before Flop (didn't bet)
Seat 6: d1c4ec45 (small blind) folded before Flop


Poker Hand #HD1847925367: Hold'em No Limit ($0.05/$0.1) - 2024/07/08 10:39:41
Table 'NLHRed25' 6-max Seat #4 is the button
Seat 1: 461635cd ($12.79 in chips)
Seat 2: a6c3dcd3 ($13.56 in chips)
Seat 3: Hero ($10 in chips)
Seat 4: 367cc142 ($9.79 in chips)
Seat 5: ae5042e2 ($10 in chips)
Seat 6: d1c4ec45 ($10 in chips)
ae5042e2: posts small blind $0.05
d1c4ec45: posts big blind $0.1
*** HOLE CARDS ***
Dealt to 461635cd 
Dealt to a6c3dcd3 
Dealt to Hero [5d 5c]
Dealt to 367cc142 
Dealt to ae5042e2 
Dealt to d1c4ec45 
461635cd: folds
a6c3dcd3: raises $0.1 to $0.2
Hero: folds
367cc142: folds
ae5042e2: raises $1 to $1.2
d1c4ec45: folds
a6c3dcd3: folds
Uncalled bet ($1) returned to ae5042e2
*** SHOWDOWN ***
ae5042e2 collected $0.48 from pot
*** SUMMARY ***
Total pot $0.5 | Rake $0.02 | Jackpot $0 | Bingo $0 | Fortune $0 | Tax $0
Seat 1: 461635cd folded before Flop (didn't bet)
Seat 2: a6c3dcd3 folded before Flop
Seat 3: Hero folded before Flop (didn't bet)
Seat 4: 367cc142 (button) folded before Flop (didn't bet)
Seat 5: ae5042e2 (small blind) collected ($0.48)
Seat 6: d1c4ec45 (big blind) folded before Flop


Poker Hand #HD1847925299: Hold'em No Limit ($0.05/$0.1) - 2024/07/08 10:39:01
Table 'NLHRed25' 6-max Seat #3 is the button
Seat 1: 461635cd ($12.79 in chips)
Seat 2: a6c3dcd3 ($13.56 in chips)
Seat 3: Hero ($10 in chips)
Seat 4: 367cc142 ($9.34 in chips)
Seat 5: ae5042e2 ($10.15 in chips)
Seat 6: d1c4ec45 ($10 in chips)
367cc142: posts small blind $0.05
ae5042e2: posts big blind $0.1
*** HOLE CARDS ***
Dealt to 461635cd 
Dealt to a6c3dcd3 
Dealt to Hero [3h As]
Dealt to 367cc142 
Dealt to ae5042e2 
Dealt to d1c4ec45 
d1c4ec45: folds
461635cd: folds
a6c3dcd3: folds
Hero: folds
367cc142: raises $0.2 to $0.3
ae5042e2: calls $0.2
*** FLOP *** [3s 8s 3c]
367cc142: bets $0.2
ae5042e2: calls $0.2
*** TURN *** [3s 8s 3c] [9s]
367cc142: bets $0.75
ae5042e2: folds
Uncalled bet ($0.75) returned to 367cc142
*** SHOWDOWN ***
367cc142 collected $0.95 from pot
*** SUMMARY ***
Total pot $1 | Rake $0.05 | Jackpot $0 | Bingo $0 | Fortune $0 | Tax $0
Board [3s 8s 3c 9s]
Seat 1: 461635cd folded before Flop (didn't bet)
Seat 2: a6c3dcd3 folded before Flop (didn't bet)
Seat 3: Hero (button) folded before Flop (didn't bet)
Seat 4: 367cc142 (small blind) won ($0.95)
Seat 5: ae5042e2 (big blind) folded on the Turn
Seat 6: d1c4ec45 folded before Flop (didn't bet)


Poker Hand #HD1847925233: Hold'em No Limit ($0.05/$0.1) - 2024/07/08 10:38:27
Table 'NLHRed25' 6-max Seat #2 is the button
Seat 1: 461635cd ($12.79 in chips)
Seat 2: a6c3dcd3 ($13.56 in chips)
Seat 3: Hero ($10 in chips)
Seat 4: 367cc142 ($9.44 in chips)
Seat 5: ae5042e2 ($10 in chips)
Seat 6: d1c4ec45 ($10 in chips)
Hero: posts small blind $0.05
367cc142: posts big blind $0.1
*** HOLE CARDS ***
Dealt to 461635cd 
Dealt to a6c3dcd3 
Dealt to Hero [5s 3d]
Dealt to 367cc142 
Dealt to ae5042e2 
Dealt to d1c4ec45 
ae5042e2: raises $0.3 to $0.4
d1c4ec45: folds
461635cd: folds
a6c3dcd3: folds
Hero: folds
367cc142: folds
Uncalled bet ($0.3) returned to ae5042e2
*** SHOWDOWN ***
ae5042e2 collected $0.25 from pot
*** SUMMARY ***
Total pot $0.25 | Rake $0 | Jackpot $0 | Bingo $0 | Fortune $0 | Tax $0
Seat 1: 461635cd folded before Flop (didn't bet)
Seat 2: a6c3dcd3 (button) folded before Flop (didn't bet)
Seat 3: Hero (small blind) folded before Flop
Seat 4: 367cc142 (big blind) folded before Flop
Seat 5: ae5042e2 collected ($0.25)
Seat 6: d1c4ec45 folded before Flop (didn't bet)


Poker Hand #HD1847925185: Hold'em No Limit ($0.05/$0.1) - 2024/07/08 10:38:00
Table 'NLHRed25' 6-max Seat #1 is the button
Seat 1: 461635cd ($12.64 in chips)
Seat 2: a6c3dcd3 ($13.61 in chips)
Seat 3: Hero ($10 in chips)
Seat 4: 367cc142 ($9.44 in chips)
Seat 5: ae5042e2 ($10 in chips)
Seat 6: d1c4ec45 ($10 in chips)
a6c3dcd3: posts small blind $0.05
Hero: posts big blind $0.1
*** HOLE CARDS ***
Dealt to 461635cd 
Dealt to a6c3dcd3 
Dealt to Hero [3c Jd]
Dealt to 367cc142 
Dealt to ae5042e2 
Dealt to d1c4ec45 
367cc142: folds
ae5042e2: folds
d1c4ec45: folds
461635cd: raises $0.15 to $0.25
a6c3dcd3: folds
Hero: folds
Uncalled bet ($0.15) returned to 461635cd
*** SHOWDOWN ***
461635cd collected $0.25 from pot
*** SUMMARY ***
Total pot $0.25 | Rake $0 | Jackpot $0 | Bingo $0 | Fortune $0 | Tax $0
Seat 1: 461635cd (button) collected ($0.25)
Seat 2: a6c3dcd3 (small blind) folded before Flop
Seat 3: Hero (big blind) folded before Flop
Seat 4: 367cc142 folded before Flop (didn't bet)
Seat 5: ae5042e2 folded before Flop (didn't bet)
Seat 6: d1c4ec45 folded before Flop (didn't bet)


