Poker Hand #HD1780780732: Hold'em No Limit ($0.05/$0.1) - 2024/05/20 18:21:06
Table 'NLHRed20' 6-max Seat #4 is the button
Seat 1: 107e0d03 ($10.18 in chips)
Seat 2: 364147e8 ($9.31 in chips)
Seat 3: Hero ($12.92 in chips)
Seat 4: d4da44b ($10.18 in chips)
Seat 5: c71c0186 ($11.05 in chips)
Seat 6: 7f23b20b ($7.81 in chips)
c71c0186: posts small blind $0.05
7f23b20b: posts big blind $0.1
*** HOLE CARDS ***
Dealt to 107e0d03 
Dealt to 364147e8 
Dealt to Hero [8c 8s]
Dealt to d4da44b 
Dealt to c71c0186 
Dealt to 7f23b20b 
107e0d03: folds
364147e8: folds
Hero: raises $0.14 to $0.24
d4da44b: calls $0.24
c71c0186: folds
7f23b20b: calls $0.14
*** FLOP *** [Qs Qd 6c]
7f23b20b: checks
Hero: checks
d4da44b: checks
*** TURN *** [Qs Qd 6c] [Th]
7f23b20b: bets $0.26
Hero: folds
d4da44b: calls $0.26
*** RIVER *** [Qs Qd 6c Th] [8h]
7f23b20b: checks
d4da44b: bets $0.65
7f23b20b: folds
Uncalled bet ($0.65) returned to d4da44b
7f23b20b: shows [Js] (Pair of Queens)
*** SHOWDOWN ***
d4da44b collected $1.23 from pot
*** SUMMARY ***
Total pot $1.29 | Rake $0.06 | Jackpot $0 | Bingo $0 | Fortune $0 | Tax $0
Board [Qs Qd 6c Th 8h]
Seat 1: 107e0d03 folded before Flop (didn't bet)
Seat 2: 364147e8 folded before Flop (didn't bet)
Seat 3: Hero folded on the Turn
Seat 4: d4da44b (button) won ($1.23)
Seat 5: c71c0186 (small blind) folded before Flop
Seat 6: 7f23b20b (big blind) folded on the River


Poker Hand #HD1780780677: Hold'em No Limit ($0.05/$0.1) - 2024/05/20 18:20:41
Table 'NLHRed20' 6-max Seat #3 is the button
Seat 1: 107e0d03 ($10.18 in chips)
Seat 2: 364147e8 ($9.56 in chips)
Seat 3: Hero ($12.55 in chips)
Seat 4: d4da44b ($10.23 in chips)
Seat 5: c71c0186 ($11.15 in chips)
Seat 6: 7f23b20b ($7.81 in chips)
d4da44b: posts small blind $0.05
c71c0186: posts big blind $0.1
*** HOLE CARDS ***
Dealt to 107e0d03 
Dealt to 364147e8 
Dealt to Hero [Kh Jh]
Dealt to d4da44b 
Dealt to c71c0186 
Dealt to 7f23b20b 
7f23b20b: folds
107e0d03: folds
364147e8: raises $0.15 to $0.25
Hero: raises $0.75 to $1
d4da44b: folds
c71c0186: folds
364147e8: folds
Uncalled bet ($0.75) returned to Hero
*** SHOWDOWN ***
Hero collected $0.62 from pot
*** SUMMARY ***
Total pot $0.65 | Rake $0.03 | Jackpot $0 | Bingo $0 | Fortune $0 | Tax $0
Seat 1: 107e0d03 folded before Flop (didn't bet)
Seat 2: 364147e8 folded before Flop
Seat 3: Hero (button) collected ($0.62)
Seat 4: d4da44b (small blind) folded before Flop
Seat 5: c71c0186 (big blind) folded before Flop
Seat 6: 7f23b20b folded before Flop (didn't bet)


Poker Hand #HD1780780587: Hold'em No Limit ($0.05/$0.1) - 2024/05/20 18:19:58
Table 'NLHRed20' 6-max Seat #2 is the button
Seat 1: 107e0d03 ($10.18 in chips)
Seat 2: 364147e8 ($9.76 in chips)
Seat 3: Hero ($12.6 in chips)
Seat 4: d4da44b ($10 in chips)
Seat 5: c71c0186 ($11.15 in chips)
Seat 6: 7f23b20b ($7.81 in chips)
Hero: posts small blind $0.05
d4da44b: posts big blind $0.1
*** HOLE CARDS ***
Dealt to 107e0d03 
Dealt to 364147e8 
Dealt to Hero [6d 4c]
Dealt to d4da44b 
Dealt to c71c0186 
Dealt to 7f23b20b 
c71c0186: folds
7f23b20b: folds
107e0d03: folds
364147e8: raises $0.1 to $0.2
Hero: folds
d4da44b: calls $0.1
*** FLOP *** [8h Ad 3s]
d4da44b: bets $0.23
364147e8: folds
Uncalled bet ($0.23) returned to d4da44b
*** SHOWDOWN ***
d4da44b collected $0.43 from pot
*** SUMMARY ***
Total pot $0.45 | Rake $0.02 | Jackpot $0 | Bingo $0 | Fortune $0 | Tax $0
Board [8h Ad 3s]
Seat 1: 107e0d03 folded before Flop (didn't bet)
Seat 2: 364147e8 (button) folded on the Flop
Seat 3: Hero (small blind) folded before Flop
Seat 4: d4da44b (big blind) won ($0.43)
Seat 5: c71c0186 folded before Flop (didn't bet)
Seat 6: 7f23b20b folded before Flop (didn't bet)


Poker Hand #HD1780780556: Hold'em No Limit ($0.05/$0.1) - 2024/05/20 18:19:44
Table 'NLHRed20' 6-max Seat #1 is the button
Seat 1: 107e0d03 ($10.18 in chips)
Seat 2: 364147e8 ($9.81 in chips)
Seat 3: Hero ($12.7 in chips)
Seat 4: d4da44b ($10 in chips)
Seat 5: c71c0186 ($11.15 in chips)
Seat 6: 7f23b20b ($7.66 in chips)
364147e8: posts small blind $0.05
Hero: posts big blind $0.1
*** HOLE CARDS ***
Dealt to 107e0d03 
Dealt to 364147e8 
Dealt to Hero [4s 9c]
Dealt to d4da44b 
Dealt to c71c0186 
Dealt to 7f23b20b 
d4da44b: folds
c71c0186: folds
7f23b20b: raises $0.2 to $0.3
107e0d03: folds
364147e8: folds
Hero: folds
Uncalled bet ($0.2) returned to 7f23b20b
*** SHOWDOWN ***
7f23b20b collected $0.25 from pot
*** SUMMARY ***
Total pot $0.25 | Rake $0 | Jackpot $0 | Bingo $0 | Fortune $0 | Tax $0
Seat 1: 107e0d03 (button) folded before Flop (didn't bet)
Seat 2: 364147e8 (small blind) folded before Flop
Seat 3: Hero (big blind) folded before Flop
Seat 4: d4da44b folded before Flop (didn't bet)
Seat 5: c71c0186 folded before Flop (didn't bet)
Seat 6: 7f23b20b collected ($0.25)


Poker Hand #HD1780780464: Hold'em No Limit ($0.05/$0.1) - 2024/05/20 18:19:00
Table 'NLHRed20' 6-max Seat #6 is the button
Seat 1: 107e0d03 ($10.23 in chips)
Seat 2: 364147e8 ($9.91 in chips)
Seat 3: Hero ($12.7 in chips)
Seat 4: d4da44b ($10 in chips)
Seat 5: c71c0186 ($10.28 in chips)
Seat 6: 7f23b20b ($7.66 in chips)
107e0d03: posts small blind $0.05
364147e8: posts big blind $0.1
*** HOLE CARDS ***
Dealt to 107e0d03 
Dealt to 364147e8 
Dealt to Hero [4h 5c]
Dealt to d4da44b 
Dealt to c71c0186 
Dealt to 7f23b20b 
Hero: folds
d4da44b: raises $0.1 to $0.2
c71c0186: raises $0.6 to $0.8
7f23b20b: folds
107e0d03: folds
364147e8: folds
d4da44b: calls $0.6
*** FLOP *** [7d 9d Qs]
d4da44b: checks
c71c0186: bets $0.88
d4da44b: folds
Uncalled bet ($0.88) returned to c71c0186
*** SHOWDOWN ***
c71c0186 collected $1.67 from pot
*** SUMMARY ***
Total pot $1.75 | Rake $0.08 | Jackpot $0 | Bingo $0 | Fortune $0 | Tax $0
Board [7d 9d Qs]
Seat 1: 107e0d03 (small blind) folded before Flop
Seat 2: 364147e8 (big blind) folded before Flop
Seat 3: Hero folded before Flop (didn't bet)
Seat 4: d4da44b folded on the Flop
Seat 5: c71c0186 won ($1.67)
Seat 6: 7f23b20b (button) folded before Flop (didn't bet)


Poker Hand #HD1780780385: Hold'em No Limit ($0.05/$0.1) - 2024/05/20 18:18:25
Table 'NLHRed20' 6-max Seat #5 is the button
Seat 1: 107e0d03 ($10 in chips)
Seat 2: 364147e8 ($9.91 in chips)
Seat 3: Hero ($12.9 in chips)
Seat 4: d4da44b ($10 in chips)
Seat 5: c71c0186 ($10.28 in chips)
Seat 6: 7f23b20b ($7.71 in chips)
7f23b20b: posts small blind $0.05
107e0d03: posts big blind $0.1
*** HOLE CARDS ***
Dealt to 107e0d03 
Dealt to 364147e8 
Dealt to Hero [Tc Jc]
Dealt to d4da44b 
Dealt to c71c0186 
Dealt to 7f23b20b 
364147e8: folds
Hero: raises $0.1 to $0.2
d4da44b: folds
c71c0186: folds
7f23b20b: folds
107e0d03: calls $0.1
*** FLOP *** [3d 8s 5c]
107e0d03: checks
Hero: checks
*** TURN *** [3d 8s 5c] [4s]
107e0d03: bets $0.68
Hero: folds
Uncalled bet ($0.68) returned to 107e0d03
*** SHOWDOWN ***
107e0d03 collected $0.43 from pot
*** SUMMARY ***
Total pot $0.45 | Rake $0.02 | Jackpot $0 | Bingo $0 | Fortune $0 | Tax $0
Board [3d 8s 5c 4s]
Seat 1: 107e0d03 (big blind) won ($0.43)
Seat 2: 364147e8 folded before Flop (didn't bet)
Seat 3: Hero folded on the Turn
Seat 4: d4da44b folded before Flop (didn't bet)
Seat 5: c71c0186 (button) folded before Flop (didn't bet)
Seat 6: 7f23b20b (small blind) folded before Flop


Poker Hand #HD1780780332: Hold'em No Limit ($0.05/$0.1) - 2024/05/20 18:18:02
Table 'NLHRed20' 6-max Seat #4 is the button
Seat 1: 107e0d03 ($10 in chips)
Seat 2: 364147e8 ($9.91 in chips)
Seat 3: Hero ($12.75 in chips)
Seat 4: d4da44b ($10 in chips)
Seat 5: c71c0186 ($10.33 in chips)
Seat 6: 7f23b20b ($7.81 in chips)
c71c0186: posts small blind $0.05
7f23b20b: posts big blind $0.1
*** HOLE CARDS ***
Dealt to 107e0d03 
Dealt to 364147e8 
Dealt to Hero [2d Ad]
Dealt to d4da44b 
Dealt to c71c0186 
Dealt to 7f23b20b 
107e0d03: folds
364147e8: folds
Hero: raises $0.14 to $0.24
d4da44b: folds
c71c0186: folds
7f23b20b: folds
Uncalled bet ($0.14) returned to Hero
*** SHOWDOWN ***
Hero collected $0.25 from pot
*** SUMMARY ***
Total pot $0.25 | Rake $0 | Jackpot $0 | Bingo $0 | Fortune $0 | Tax $0
Seat 1: 107e0d03 folded before Flop (didn't bet)
Seat 2: 364147e8 folded before Flop (didn't bet)
Seat 3: Hero collected ($0.25)
Seat 4: d4da44b (button) folded before Flop (didn't bet)
Seat 5: c71c0186 (small blind) folded before Flop
Seat 6: 7f23b20b (big blind) folded before Flop


Poker Hand #HD1780780285: Hold'em No Limit ($0.05/$0.1) - 2024/05/20 18:17:38
Table 'NLHRed20' 6-max Seat #3 is the button
Seat 1: 107e0d03 ($10 in chips)
Seat 2: 364147e8 ($9.91 in chips)
Seat 3: Hero ($12.75 in chips)
Seat 4: d4da44b ($10.05 in chips)
Seat 5: c71c0186 ($10.43 in chips)
Seat 6: 7f23b20b ($7.66 in chips)
d4da44b: posts small blind $0.05
c71c0186: posts big blind $0.1
*** HOLE CARDS ***
Dealt to 107e0d03 
Dealt to 364147e8 
Dealt to Hero [Qc Th]
Dealt to d4da44b 
Dealt to c71c0186 
Dealt to 7f23b20b 
7f23b20b: raises $0.2 to $0.3
107e0d03: folds
364147e8: folds
Hero: folds
d4da44b: folds
c71c0186: folds
Uncalled bet ($0.2) returned to 7f23b20b
*** SHOWDOWN ***
7f23b20b collected $0.25 from pot
*** SUMMARY ***
Total pot $0.25 | Rake $0 | Jackpot $0 | Bingo $0 | Fortune $0 | Tax $0
Seat 1: 107e0d03 folded before Flop (didn't bet)
Seat 2: 364147e8 folded before Flop (didn't bet)
Seat 3: Hero (button) folded before Flop (didn't bet)
Seat 4: d4da44b (small blind) folded before Flop
Seat 5: c71c0186 (big blind) folded before Flop
Seat 6: 7f23b20b collected ($0.25)


Poker Hand #HD1780780240: Hold'em No Limit ($0.05/$0.1) - 2024/05/20 18:17:20
Table 'NLHRed20' 6-max Seat #2 is the button
Seat 1: 107e0d03 ($10 in chips)
Seat 2: 364147e8 ($9.91 in chips)
Seat 3: Hero ($12.8 in chips)
Seat 4: d4da44b ($10 in chips)
Seat 5: c71c0186 ($10.43 in chips)
Seat 6: 7f23b20b ($7.66 in chips)
Hero: posts small blind $0.05
d4da44b: posts big blind $0.1
*** HOLE CARDS ***
Dealt to 107e0d03 
Dealt to 364147e8 
Dealt to Hero [4s 6d]
Dealt to d4da44b 
Dealt to c71c0186 
Dealt to 7f23b20b 
c71c0186: folds
7f23b20b: folds
107e0d03: folds
364147e8: folds
Hero: folds
Uncalled bet ($0.05) returned to d4da44b
*** SHOWDOWN ***
d4da44b collected $0.1 from pot
*** SUMMARY ***
Total pot $0.1 | Rake $0 | Jackpot $0 | Bingo $0 | Fortune $0 | Tax $0
Seat 1: 107e0d03 folded before Flop (didn't bet)
Seat 2: 364147e8 (button) folded before Flop (didn't bet)
Seat 3: Hero (small blind) folded before Flop
Seat 4: d4da44b (big blind) collected ($0.1)
Seat 5: c71c0186 folded before Flop (didn't bet)
Seat 6: 7f23b20b folded before Flop (didn't bet)


Poker Hand #HD1780780211: Hold'em No Limit ($0.05/$0.1) - 2024/05/20 18:17:08
Table 'NLHRed20' 6-max Seat #1 is the button
Seat 1: 107e0d03 ($10 in chips)
Seat 2: 364147e8 ($9.96 in chips)
Seat 3: Hero ($12.75 in chips)
Seat 4: d4da44b ($10 in chips)
Seat 5: c71c0186 ($10.43 in chips)
Seat 6: 7f23b20b ($7.66 in chips)
364147e8: posts small blind $0.05
Hero: posts big blind $0.1
*** HOLE CARDS ***
Dealt to 107e0d03 
Dealt to 364147e8 
Dealt to Hero [Ts 7s]
Dealt to d4da44b 
Dealt to c71c0186 
Dealt to 7f23b20b 
d4da44b: folds
c71c0186: folds
7f23b20b: folds
107e0d03: folds
364147e8: folds
Uncalled bet ($0.05) returned to Hero
*** SHOWDOWN ***
Hero collected $0.1 from pot
*** SUMMARY ***
Total pot $0.1 | Rake $0 | Jackpot $0 | Bingo $0 | Fortune $0 | Tax $0
Seat 1: 107e0d03 (button) folded before Flop (didn't bet)
Seat 2: 364147e8 (small blind) folded before Flop
Seat 3: Hero (big blind) collected ($0.1)
Seat 4: d4da44b folded before Flop (didn't bet)
Seat 5: c71c0186 folded before Flop (didn't bet)
Seat 6: 7f23b20b folded before Flop (didn't bet)


Poker Hand #HD1780780147: Hold'em No Limit ($0.05/$0.1) - 2024/05/20 18:16:38
Table 'NLHRed20' 6-max Seat #6 is the button
Seat 1: 107e0d03 ($10.05 in chips)
Seat 2: 364147e8 ($10.06 in chips)
Seat 3: Hero ($12.75 in chips)
Seat 4: d4da44b ($10.15 in chips)
Seat 5: c71c0186 ($10.1 in chips)
Seat 6: 7f23b20b ($7.66 in chips)
107e0d03: posts small blind $0.05
364147e8: posts big blind $0.1
*** HOLE CARDS ***
Dealt to 107e0d03 
Dealt to 364147e8 
Dealt to Hero [6c 4h]
Dealt to d4da44b 
Dealt to c71c0186 
Dealt to 7f23b20b 
Hero: folds
d4da44b: raises $0.1 to $0.2
c71c0186: raises $0.6 to $0.8
7f23b20b: folds
107e0d03: folds
364147e8: folds
d4da44b: folds
Uncalled bet ($0.6) returned to c71c0186
*** SHOWDOWN ***
c71c0186 collected $0.53 from pot
*** SUMMARY ***
Total pot $0.55 | Rake $0.02 | Jackpot $0 | Bingo $0 | Fortune $0 | Tax $0
Seat 1: 107e0d03 (small blind) folded before Flop
Seat 2: 364147e8 (big blind) folded before Flop
Seat 3: Hero folded before Flop (didn't bet)
Seat 4: d4da44b folded before Flop
Seat 5: c71c0186 collected ($0.53)
Seat 6: 7f23b20b (button) folded before Flop (didn't bet)


Poker Hand #HD1780780117: Hold'em No Limit ($0.05/$0.1) - 2024/05/20 18:16:24
Table 'NLHRed20' 6-max Seat #5 is the button
Seat 1: 107e0d03 ($10.15 in chips)
Seat 2: 364147e8 ($10.06 in chips)
Seat 3: Hero ($12.75 in chips)
Seat 4: d4da44b ($10 in chips)
Seat 5: c71c0186 ($10.1 in chips)
Seat 6: 7f23b20b ($7.71 in chips)
7f23b20b: posts small blind $0.05
107e0d03: posts big blind $0.1
*** HOLE CARDS ***
Dealt to 107e0d03 
Dealt to 364147e8 
Dealt to Hero [9s 5c]
Dealt to d4da44b 
Dealt to c71c0186 
Dealt to 7f23b20b 
364147e8: folds
Hero: folds
d4da44b: raises $0.1 to $0.2
c71c0186: folds
7f23b20b: folds
107e0d03: folds
Uncalled bet ($0.1) returned to d4da44b
*** SHOWDOWN ***
d4da44b collected $0.25 from pot
*** SUMMARY ***
Total pot $0.25 | Rake $0 | Jackpot $0 | Bingo $0 | Fortune $0 | Tax $0
Seat 1: 107e0d03 (big blind) folded before Flop
Seat 2: 364147e8 folded before Flop (didn't bet)
Seat 3: Hero folded before Flop (didn't bet)
Seat 4: d4da44b collected ($0.25)
Seat 5: c71c0186 (button) folded before Flop (didn't bet)
Seat 6: 7f23b20b (small blind) folded before Flop


Poker Hand #HD1780780078: Hold'em No Limit ($0.05/$0.1) - 2024/05/20 18:16:06
Table 'NLHRed20' 6-max Seat #4 is the button
Seat 1: 107e0d03 ($10.15 in chips)
Seat 2: 364147e8 ($10.06 in chips)
Seat 3: Hero ($12.75 in chips)
Seat 4: d4da44b ($10 in chips)
Seat 5: c71c0186 ($10 in chips)
Seat 6: 7f23b20b ($7.81 in chips)
c71c0186: posts small blind $0.05
7f23b20b: posts big blind $0.1
*** HOLE CARDS ***
Dealt to 107e0d03 
Dealt to 364147e8 
Dealt to Hero [6s Kh]
Dealt to d4da44b 
Dealt to c71c0186 
Dealt to 7f23b20b 
107e0d03: folds
364147e8: folds
Hero: folds
d4da44b: folds
c71c0186: raises $0.2 to $0.3
7f23b20b: folds
Uncalled bet ($0.2) returned to c71c0186
*** SHOWDOWN ***
c71c0186 collected $0.2 from pot
*** SUMMARY ***
Total pot $0.2 | Rake $0 | Jackpot $0 | Bingo $0 | Fortune $0 | Tax $0
Seat 1: 107e0d03 folded before Flop (didn't bet)
Seat 2: 364147e8 folded before Flop (didn't bet)
Seat 3: Hero folded before Flop (didn't bet)
Seat 4: d4da44b (button) folded before Flop (didn't bet)
Seat 5: c71c0186 (small blind) collected ($0.2)
Seat 6: 7f23b20b (big blind) folded before Flop


Poker Hand #HD1780780012: Hold'em No Limit ($0.05/$0.1) - 2024/05/20 18:15:37
Table 'NLHRed20' 6-max Seat #3 is the button
Seat 1: 107e0d03 ($10.15 in chips)
Seat 2: 364147e8 ($9.91 in chips)
Seat 3: Hero ($12.75 in chips)
Seat 4: d4da44b ($10 in chips)
Seat 5: c71c0186 ($10 in chips)
Seat 6: 7f23b20b ($7.81 in chips)
d4da44b: posts small blind $0.05
c71c0186: posts big blind $0.1
*** HOLE CARDS ***
Dealt to 107e0d03 
Dealt to 364147e8 
Dealt to Hero [Qd 8d]
Dealt to d4da44b 
Dealt to c71c0186 
Dealt to 7f23b20b 
7f23b20b: folds
107e0d03: folds
364147e8: raises $0.15 to $0.25
Hero: folds
d4da44b: folds
c71c0186: folds
Uncalled bet ($0.15) returned to 364147e8
*** SHOWDOWN ***
364147e8 collected $0.25 from pot
*** SUMMARY ***
Total pot $0.25 | Rake $0 | Jackpot $0 | Bingo $0 | Fortune $0 | Tax $0
Seat 1: 107e0d03 folded before Flop (didn't bet)
Seat 2: 364147e8 collected ($0.25)
Seat 3: Hero (button) folded before Flop (didn't bet)
Seat 4: d4da44b (small blind) folded before Flop
Seat 5: c71c0186 (big blind) folded before Flop
Seat 6: 7f23b20b folded before Flop (didn't bet)


Poker Hand #HD1780779965: Hold'em No Limit ($0.05/$0.1) - 2024/05/20 18:15:16
Table 'NLHRed20' 6-max Seat #2 is the button
Seat 1: 107e0d03 ($10 in chips)
Seat 2: 364147e8 ($9.91 in chips)
Seat 3: Hero ($12.8 in chips)
Seat 4: d4da44b ($10 in chips)
Seat 5: c71c0186 ($10 in chips)
Seat 6: 7f23b20b ($7.81 in chips)
Hero: posts small blind $0.05
d4da44b: posts big blind $0.1
*** HOLE CARDS ***
Dealt to 107e0d03 
Dealt to 364147e8 
Dealt to Hero [6s Jd]
Dealt to d4da44b 
Dealt to c71c0186 
Dealt to 7f23b20b 
c71c0186: folds
7f23b20b: folds
107e0d03: raises $0.15 to $0.25
364147e8: folds
Hero: folds
d4da44b: folds
Uncalled bet ($0.15) returned to 107e0d03
*** SHOWDOWN ***
107e0d03 collected $0.25 from pot
*** SUMMARY ***
Total pot $0.25 | Rake $0 | Jackpot $0 | Bingo $0 | Fortune $0 | Tax $0
Seat 1: 107e0d03 collected ($0.25)
Seat 2: 364147e8 (button) folded before Flop (didn't bet)
Seat 3: Hero (small blind) folded before Flop
Seat 4: d4da44b (big blind) folded before Flop
Seat 5: c71c0186 folded before Flop (didn't bet)
Seat 6: 7f23b20b folded before Flop (didn't bet)


Poker Hand #HD1780779906: Hold'em No Limit ($0.05/$0.1) - 2024/05/20 18:14:50
Table 'NLHRed20' 6-max Seat #1 is the button
Seat 1: 107e0d03 ($10 in chips)
Seat 2: 364147e8 ($9.81 in chips)
Seat 3: Hero ($12.9 in chips)
Seat 4: d4da44b ($10 in chips)
Seat 5: c71c0186 ($10 in chips)
Seat 6: 7f23b20b ($7.81 in chips)
364147e8: posts small blind $0.05
Hero: posts big blind $0.1
*** HOLE CARDS ***
Dealt to 107e0d03 
Dealt to 364147e8 
Dealt to Hero [9s Qc]
Dealt to d4da44b 
Dealt to c71c0186 
Dealt to 7f23b20b 
d4da44b: folds
c71c0186: folds
7f23b20b: folds
107e0d03: folds
364147e8: raises $0.15 to $0.25
Hero: folds
Uncalled bet ($0.15) returned to 364147e8
*** SHOWDOWN ***
364147e8 collected $0.2 from pot
*** SUMMARY ***
Total pot $0.2 | Rake $0 | Jackpot $0 | Bingo $0 | Fortune $0 | Tax $0
Seat 1: 107e0d03 (button) folded before Flop (didn't bet)
Seat 2: 364147e8 (small blind) collected ($0.2)
Seat 3: Hero (big blind) folded before Flop
Seat 4: d4da44b folded before Flop (didn't bet)
Seat 5: c71c0186 folded before Flop (didn't bet)
Seat 6: 7f23b20b folded before Flop (didn't bet)


Poker Hand #HD1780779834: Hold'em No Limit ($0.05/$0.1) - 2024/05/20 18:14:22
Table 'NLHRed20' 6-max Seat #6 is the button
Seat 1: 107e0d03 ($10.05 in chips)
Seat 2: 364147e8 ($9.91 in chips)
Seat 3: Hero ($12.9 in chips)
Seat 4: d4da44b ($10 in chips)
Seat 5: c71c0186 ($10.25 in chips)
Seat 6: 7f23b20b ($7.39 in chips)
107e0d03: posts small blind $0.05
364147e8: posts big blind $0.1
*** HOLE CARDS ***
Dealt to 107e0d03 
Dealt to 364147e8 
Dealt to Hero [6h 2s]
Dealt to d4da44b 
Dealt to c71c0186 
Dealt to 7f23b20b 
Hero: folds
d4da44b: folds
c71c0186: raises $0.2 to $0.3
7f23b20b: raises $0.57 to $0.87
107e0d03: folds
364147e8: folds
c71c0186: folds
Uncalled bet ($0.57) returned to 7f23b20b
*** SHOWDOWN ***
7f23b20b collected $0.72 from pot
*** SUMMARY ***
Total pot $0.75 | Rake $0.03 | Jackpot $0 | Bingo $0 | Fortune $0 | Tax $0
Seat 1: 107e0d03 (small blind) folded before Flop
Seat 2: 364147e8 (big blind) folded before Flop
Seat 3: Hero folded before Flop (didn't bet)
Seat 4: d4da44b folded before Flop (didn't bet)
Seat 5: c71c0186 folded before Flop
Seat 6: 7f23b20b (button) collected ($0.72)


Poker Hand #HD1780779765: Hold'em No Limit ($0.05/$0.1) - 2024/05/20 18:13:50
Table 'NLHRed20' 6-max Seat #5 is the button
Seat 1: 107e0d03 ($10.15 in chips)
Seat 2: 364147e8 ($9.91 in chips)
Seat 3: Hero ($12.9 in chips)
Seat 4: d4da44b ($10 in chips)
Seat 5: c71c0186 ($10.1 in chips)
Seat 6: 7f23b20b ($7.44 in chips)
7f23b20b: posts small blind $0.05
107e0d03: posts big blind $0.1
*** HOLE CARDS ***
Dealt to 107e0d03 
Dealt to 364147e8 
Dealt to Hero [Kh 9s]
Dealt to d4da44b 
Dealt to c71c0186 
Dealt to 7f23b20b 
364147e8: folds
Hero: folds
d4da44b: folds
c71c0186: raises $0.15 to $0.25
7f23b20b: folds
107e0d03: folds
Uncalled bet ($0.15) returned to c71c0186
*** SHOWDOWN ***
c71c0186 collected $0.25 from pot
*** SUMMARY ***
Total pot $0.25 | Rake $0 | Jackpot $0 | Bingo $0 | Fortune $0 | Tax $0
Seat 1: 107e0d03 (big blind) folded before Flop
Seat 2: 364147e8 folded before Flop (didn't bet)
Seat 3: Hero folded before Flop (didn't bet)
Seat 4: d4da44b folded before Flop (didn't bet)
Seat 5: c71c0186 (button) collected ($0.25)
Seat 6: 7f23b20b (small blind) folded before Flop


Poker Hand #HD1780779707: Hold'em No Limit ($0.05/$0.1) - 2024/05/20 18:13:25
Table 'NLHRed20' 6-max Seat #4 is the button
Seat 1: 107e0d03 ($10.15 in chips)
Seat 2: 364147e8 ($9.91 in chips)
Seat 3: Hero ($12.9 in chips)
Seat 4: d4da44b ($10 in chips)
Seat 5: c71c0186 ($10 in chips)
Seat 6: 7f23b20b ($7.54 in chips)
c71c0186: posts small blind $0.05
7f23b20b: posts big blind $0.1
*** HOLE CARDS ***
Dealt to 107e0d03 
Dealt to 364147e8 
Dealt to Hero [8c Jd]
Dealt to d4da44b 
Dealt to c71c0186 
Dealt to 7f23b20b 
107e0d03: folds
364147e8: folds
Hero: folds
d4da44b: folds
c71c0186: raises $0.2 to $0.3
7f23b20b: folds
Uncalled bet ($0.2) returned to c71c0186
*** SHOWDOWN ***
c71c0186 collected $0.2 from pot
*** SUMMARY ***
Total pot $0.2 | Rake $0 | Jackpot $0 | Bingo $0 | Fortune $0 | Tax $0
Seat 1: 107e0d03 folded before Flop (didn't bet)
Seat 2: 364147e8 folded before Flop (didn't bet)
Seat 3: Hero folded before Flop (didn't bet)
Seat 4: d4da44b (button) folded before Flop (didn't bet)
Seat 5: c71c0186 (small blind) collected ($0.2)
Seat 6: 7f23b20b (big blind) folded before Flop


Poker Hand #HD1780779658: Hold'em No Limit ($0.05/$0.1) - 2024/05/20 18:13:03
Table 'NLHRed20' 6-max Seat #3 is the button
Seat 1: 107e0d03 ($10 in chips)
Seat 2: 364147e8 ($9.91 in chips)
Seat 3: Hero ($12.9 in chips)
Seat 4: d4da44b ($10.05 in chips)
Seat 5: c71c0186 ($10 in chips)
Seat 6: 7f23b20b ($7.54 in chips)
d4da44b: posts small blind $0.05
c71c0186: posts big blind $0.1
*** HOLE CARDS ***
Dealt to 107e0d03 
Dealt to 364147e8 
Dealt to Hero [7d Td]
Dealt to d4da44b 
Dealt to c71c0186 
Dealt to 7f23b20b 
7f23b20b: folds
107e0d03: raises $0.15 to $0.25
364147e8: folds
Hero: folds
d4da44b: folds
c71c0186: folds
Uncalled bet ($0.15) returned to 107e0d03
*** SHOWDOWN ***
107e0d03 collected $0.25 from pot
*** SUMMARY ***
Total pot $0.25 | Rake $0 | Jackpot $0 | Bingo $0 | Fortune $0 | Tax $0
Seat 1: 107e0d03 collected ($0.25)
Seat 2: 364147e8 folded before Flop (didn't bet)
Seat 3: Hero (button) folded before Flop (didn't bet)
Seat 4: d4da44b (small blind) folded before Flop
Seat 5: c71c0186 (big blind) folded before Flop
Seat 6: 7f23b20b folded before Flop (didn't bet)


Poker Hand #HD1780779614: Hold'em No Limit ($0.05/$0.1) - 2024/05/20 18:12:45
Table 'NLHRed20' 6-max Seat #2 is the button
Seat 1: 107e0d03 ($10 in chips)
Seat 2: 364147e8 ($9.91 in chips)
Seat 3: Hero ($12.95 in chips)
Seat 4: d4da44b ($10 in chips)
Seat 5: c71c0186 ($10 in chips)
Seat 6: 7f23b20b ($7.54 in chips)
Hero: posts small blind $0.05
d4da44b: posts big blind $0.1
*** HOLE CARDS ***
Dealt to 107e0d03 
Dealt to 364147e8 
Dealt to Hero [2c 8h]
Dealt to d4da44b 
Dealt to c71c0186 
Dealt to 7f23b20b 
c71c0186: folds
7f23b20b: folds
107e0d03: folds
364147e8: folds
Hero: folds
Uncalled bet ($0.05) returned to d4da44b
*** SHOWDOWN ***
d4da44b collected $0.1 from pot
*** SUMMARY ***
Total pot $0.1 | Rake $0 | Jackpot $0 | Bingo $0 | Fortune $0 | Tax $0
Seat 1: 107e0d03 folded before Flop (didn't bet)
Seat 2: 364147e8 (button) folded before Flop (didn't bet)
Seat 3: Hero (small blind) folded before Flop
Seat 4: d4da44b (big blind) collected ($0.1)
Seat 5: c71c0186 folded before Flop (didn't bet)
Seat 6: 7f23b20b folded before Flop (didn't bet)


Poker Hand #HD1780779512: Hold'em No Limit ($0.05/$0.1) - 2024/05/20 18:11:59
Table 'NLHRed20' 6-max Seat #1 is the button
Seat 1: 107e0d03 ($10 in chips)
Seat 2: 364147e8 ($9.96 in chips)
Seat 3: Hero ($12.67 in chips)
Seat 5: c71c0186 ($10 in chips)
Seat 6: 7f23b20b ($7.54 in chips)
364147e8: posts small blind $0.05
Hero: posts big blind $0.1
*** HOLE CARDS ***
Dealt to 107e0d03 
Dealt to 364147e8 
Dealt to Hero [9h Th]
Dealt to c71c0186 
Dealt to 7f23b20b 
c71c0186: folds
7f23b20b: folds
107e0d03: raises $0.15 to $0.25
364147e8: folds
Hero: calls $0.15
*** FLOP *** [8s 8d 9d]
Hero: checks
107e0d03: checks
*** TURN *** [8s 8d 9d] [9c]
Hero: bets $0.2
107e0d03: folds
Uncalled bet ($0.2) returned to Hero
*** SHOWDOWN ***
Hero collected $0.53 from pot
*** SUMMARY ***
Total pot $0.55 | Rake $0.02 | Jackpot $0 | Bingo $0 | Fortune $0 | Tax $0
Board [8s 8d 9d 9c]
Seat 1: 107e0d03 (button) folded on the Turn
Seat 2: 364147e8 (small blind) folded before Flop
Seat 3: Hero (big blind) won ($0.53)
Seat 5: c71c0186 folded before Flop (didn't bet)
Seat 6: 7f23b20b folded before Flop (didn't bet)


Poker Hand #HD1780779329: Hold'em No Limit ($0.05/$0.1) - 2024/05/20 18:10:38
Table 'NLHRed20' 6-max Seat #6 is the button
Seat 1: 107e0d03 ($10.05 in chips)
Seat 2: 364147e8 ($10.06 in chips)
Seat 3: Hero ($12.67 in chips)
Seat 5: c71c0186 ($10.42 in chips)
Seat 6: 7f23b20b ($6.61 in chips)
107e0d03: posts small blind $0.05
364147e8: posts big blind $0.1
*** HOLE CARDS ***
Dealt to 107e0d03 
Dealt to 364147e8 
Dealt to Hero [Ks 7d]
Dealt to c71c0186 
Dealt to 7f23b20b 
Hero: folds
c71c0186: raises $0.2 to $0.3
7f23b20b: raises $0.57 to $0.87
107e0d03: folds
364147e8: folds
c71c0186: calls $0.57
*** FLOP *** [7h 6c 8h]
c71c0186: checks
7f23b20b: checks
*** TURN *** [7h 6c 8h] [9h]
c71c0186: checks
7f23b20b: bets $0.63
c71c0186: folds
Uncalled bet ($0.63) returned to 7f23b20b
7f23b20b: shows [Jc] (Jack-High)
*** SHOWDOWN ***
7f23b20b collected $1.8 from pot
*** SUMMARY ***
Total pot $1.89 | Rake $0.09 | Jackpot $0 | Bingo $0 | Fortune $0 | Tax $0
Board [7h 6c 8h 9h]
Seat 1: 107e0d03 (small blind) folded before Flop
Seat 2: 364147e8 (big blind) folded before Flop
Seat 3: Hero folded before Flop (didn't bet)
Seat 5: c71c0186 folded on the Turn
Seat 6: 7f23b20b (button) showed [Jc] and won ($1.8)


Poker Hand #HD1780779296: Hold'em No Limit ($0.05/$0.1) - 2024/05/20 18:10:22
Table 'NLHRed20' 6-max Seat #5 is the button
Seat 1: 107e0d03 ($10.15 in chips)
Seat 2: 364147e8 ($10.06 in chips)
Seat 3: Hero ($12.67 in chips)
Seat 5: c71c0186 ($10.27 in chips)
Seat 6: 7f23b20b ($6.66 in chips)
7f23b20b: posts small blind $0.05
107e0d03: posts big blind $0.1
*** HOLE CARDS ***
Dealt to 107e0d03 
Dealt to 364147e8 
Dealt to Hero [Th 8d]
Dealt to c71c0186 
Dealt to 7f23b20b 
364147e8: folds
Hero: folds
c71c0186: raises $0.15 to $0.25
7f23b20b: folds
107e0d03: folds
Uncalled bet ($0.15) returned to c71c0186
*** SHOWDOWN ***
c71c0186 collected $0.25 from pot
*** SUMMARY ***
Total pot $0.25 | Rake $0 | Jackpot $0 | Bingo $0 | Fortune $0 | Tax $0
Seat 1: 107e0d03 (big blind) folded before Flop
Seat 2: 364147e8 folded before Flop (didn't bet)
Seat 3: Hero folded before Flop (didn't bet)
Seat 5: c71c0186 (button) collected ($0.25)
Seat 6: 7f23b20b (small blind) folded before Flop


Poker Hand #HD1780779267: Hold'em No Limit ($0.05/$0.1) - 2024/05/20 18:10:09
Table 'NLHRed20' 6-max Seat #3 is the button
Seat 1: 107e0d03 ($10 in chips)
Seat 2: 364147e8 ($10.06 in chips)
Seat 3: Hero ($12.67 in chips)
Seat 5: c71c0186 ($10.32 in chips)
Seat 6: 7f23b20b ($6.76 in chips)
c71c0186: posts small blind $0.05
7f23b20b: posts big blind $0.1
*** HOLE CARDS ***
Dealt to 107e0d03 
Dealt to 364147e8 
Dealt to Hero [4s 2d]
Dealt to c71c0186 
Dealt to 7f23b20b 
107e0d03: raises $0.2 to $0.3
364147e8: folds
Hero: folds
c71c0186: folds
7f23b20b: folds
Uncalled bet ($0.2) returned to 107e0d03
*** SHOWDOWN ***
107e0d03 collected $0.25 from pot
*** SUMMARY ***
Total pot $0.25 | Rake $0 | Jackpot $0 | Bingo $0 | Fortune $0 | Tax $0
Seat 1: 107e0d03 collected ($0.25)
Seat 2: 364147e8 folded before Flop (didn't bet)
Seat 3: Hero (button) folded before Flop (didn't bet)
Seat 5: c71c0186 (small blind) folded before Flop
Seat 6: 7f23b20b (big blind) folded before Flop


Poker Hand #HD1780779233: Hold'em No Limit ($0.05/$0.1) - 2024/05/20 18:09:54
Table 'NLHRed20' 6-max Seat #2 is the button
Seat 1: 107e0d03 ($10 in chips)
Seat 2: 364147e8 ($10.06 in chips)
Seat 3: Hero ($12.57 in chips)
Seat 5: c71c0186 ($10.42 in chips)
Seat 6: 7f23b20b ($6.76 in chips)
Hero: posts small blind $0.05
c71c0186: posts big blind $0.1
*** HOLE CARDS ***
Dealt to 107e0d03 
Dealt to 364147e8 
Dealt to Hero [Ah 8d]
Dealt to c71c0186 
Dealt to 7f23b20b 
7f23b20b: folds
107e0d03: folds
364147e8: folds
Hero: raises $0.2 to $0.3
c71c0186: folds
Uncalled bet ($0.2) returned to Hero
*** SHOWDOWN ***
Hero collected $0.2 from pot
*** SUMMARY ***
Total pot $0.2 | Rake $0 | Jackpot $0 | Bingo $0 | Fortune $0 | Tax $0
Seat 1: 107e0d03 folded before Flop (didn't bet)
Seat 2: 364147e8 (button) folded before Flop (didn't bet)
Seat 3: Hero (small blind) collected ($0.2)
Seat 5: c71c0186 (big blind) folded before Flop
Seat 6: 7f23b20b folded before Flop (didn't bet)


Poker Hand #HD1780779147: Hold'em No Limit ($0.05/$0.1) - 2024/05/20 18:09:20
Table 'NLHRed20' 6-max Seat #1 is the button
Seat 1: 107e0d03 ($10 in chips)
Seat 2: 364147e8 ($10.6 in chips)
Seat 3: Hero ($12.67 in chips)
Seat 5: c71c0186 ($10.42 in chips)
Seat 6: 7f23b20b ($6.17 in chips)
364147e8: posts small blind $0.05
Hero: posts big blind $0.1
*** HOLE CARDS ***
Dealt to 107e0d03 
Dealt to 364147e8 
Dealt to Hero [2h 6h]
Dealt to c71c0186 
Dealt to 7f23b20b 
c71c0186: folds
7f23b20b: raises $0.2 to $0.3
107e0d03: folds
364147e8: calls $0.25
Hero: folds
*** FLOP *** [Ts Kh Jd]
364147e8: checks
7f23b20b: bets $0.24
364147e8: calls $0.24
*** TURN *** [Ts Kh Jd] [Qh]
364147e8: checks
7f23b20b: bets $1.18
364147e8: folds
Uncalled bet ($1.18) returned to 7f23b20b
*** SHOWDOWN ***
7f23b20b collected $1.13 from pot
*** SUMMARY ***
Total pot $1.18 | Rake $0.05 | Jackpot $0 | Bingo $0 | Fortune $0 | Tax $0
Board [Ts Kh Jd Qh]
Seat 1: 107e0d03 (button) folded before Flop (didn't bet)
Seat 2: 364147e8 (small blind) folded on the Turn
Seat 3: Hero (big blind) folded before Flop
Seat 5: c71c0186 folded before Flop (didn't bet)
Seat 6: 7f23b20b won ($1.13)


Poker Hand #HD1780779098: Hold'em No Limit ($0.05/$0.1) - 2024/05/20 18:09:00
Table 'NLHRed20' 6-max Seat #6 is the button
Seat 1: 107e0d03 ($10.05 in chips)
Seat 2: 364147e8 ($10.55 in chips)
Seat 3: Hero ($12.67 in chips)
Seat 5: c71c0186 ($10.42 in chips)
Seat 6: 7f23b20b ($6.17 in chips)
107e0d03: posts small blind $0.05
364147e8: posts big blind $0.1
*** HOLE CARDS ***
Dealt to 107e0d03 
Dealt to 364147e8 
Dealt to Hero [Ts 5c]
Dealt to c71c0186 
Dealt to 7f23b20b 
Hero: folds
c71c0186: folds
7f23b20b: folds
107e0d03: folds
Uncalled bet ($0.05) returned to 364147e8
*** SHOWDOWN ***
364147e8 collected $0.1 from pot
*** SUMMARY ***
Total pot $0.1 | Rake $0 | Jackpot $0 | Bingo $0 | Fortune $0 | Tax $0
Seat 1: 107e0d03 (small blind) folded before Flop
Seat 2: 364147e8 (big blind) collected ($0.1)
Seat 3: Hero folded before Flop (didn't bet)
Seat 5: c71c0186 folded before Flop (didn't bet)
Seat 6: 7f23b20b (button) folded before Flop (didn't bet)


Poker Hand #HD1780779053: Hold'em No Limit ($0.05/$0.1) - 2024/05/20 18:08:40
Table 'NLHRed20' 6-max Seat #5 is the button
Seat 1: 107e0d03 ($10 in chips)
Seat 2: 364147e8 ($10.55 in chips)
Seat 3: Hero ($12.67 in chips)
Seat 5: c71c0186 ($10.42 in chips)
Seat 6: 7f23b20b ($6.22 in chips)
7f23b20b: posts small blind $0.05
107e0d03: posts big blind $0.1
*** HOLE CARDS ***
Dealt to 107e0d03 
Dealt to 364147e8 
Dealt to Hero [6d 3s]
Dealt to c71c0186 
Dealt to 7f23b20b 
364147e8: folds
Hero: folds
c71c0186: folds
7f23b20b: folds
Uncalled bet ($0.05) returned to 107e0d03
*** SHOWDOWN ***
107e0d03 collected $0.1 from pot
*** SUMMARY ***
Total pot $0.1 | Rake $0 | Jackpot $0 | Bingo $0 | Fortune $0 | Tax $0
Seat 1: 107e0d03 (big blind) collected ($0.1)
Seat 2: 364147e8 folded before Flop (didn't bet)
Seat 3: Hero folded before Flop (didn't bet)
Seat 5: c71c0186 (button) folded before Flop (didn't bet)
Seat 6: 7f23b20b (small blind) folded before Flop


Poker Hand #HD1780779026: Hold'em No Limit ($0.05/$0.1) - 2024/05/20 18:08:32
Table 'NLHRed20' 6-max Seat #3 is the button
Seat 2: 364147e8 ($10.55 in chips)
Seat 3: Hero ($12.67 in chips)
Seat 5: c71c0186 ($10.47 in chips)
Seat 6: 7f23b20b ($6.17 in chips)
c71c0186: posts small blind $0.05
7f23b20b: posts big blind $0.1
*** HOLE CARDS ***
Dealt to 364147e8 
Dealt to Hero [5c 7c]
Dealt to c71c0186 
Dealt to 7f23b20b 
364147e8: folds
Hero: folds
c71c0186: folds
Uncalled bet ($0.05) returned to 7f23b20b
*** SHOWDOWN ***
7f23b20b collected $0.1 from pot
*** SUMMARY ***
Total pot $0.1 | Rake $0 | Jackpot $0 | Bingo $0 | Fortune $0 | Tax $0
Seat 2: 364147e8 folded before Flop (didn't bet)
Seat 3: Hero (button) folded before Flop (didn't bet)
Seat 5: c71c0186 (small blind) folded before Flop
Seat 6: 7f23b20b (big blind) collected ($0.1)


Poker Hand #HD1780778918: Hold'em No Limit ($0.05/$0.1) - 2024/05/20 18:07:43
Table 'NLHRed20' 6-max Seat #2 is the button
Seat 2: 364147e8 ($10.55 in chips)
Seat 3: Hero ($12.13 in chips)
Seat 5: c71c0186 ($11.07 in chips)
Seat 6: 7f23b20b ($6.17 in chips)
Hero: posts small blind $0.05
c71c0186: posts big blind $0.1
*** HOLE CARDS ***
Dealt to 364147e8 
Dealt to Hero [Tc 8c]
Dealt to c71c0186 
Dealt to 7f23b20b 
7f23b20b: folds
364147e8: folds
Hero: raises $0.2 to $0.3
c71c0186: calls $0.2
*** FLOP *** [3s 8d 3c]
Hero: checks
c71c0186: checks
*** TURN *** [3s 8d 3c] [Th]
Hero: bets $0.3
c71c0186: calls $0.3
*** RIVER *** [3s 8d 3c Th] [Qh]
Hero: checks
c71c0186: checks
Hero: shows [Tc 8c] (Pair of Tens and Pair of Eights)
c71c0186: shows [Td As] (Pair of Tens and Pair of Treys)
*** SHOWDOWN ***
Hero collected $1.14 from pot
*** SUMMARY ***
Total pot $1.2 | Rake $0.06 | Jackpot $0 | Bingo $0 | Fortune $0 | Tax $0
Board [3s 8d 3c Th Qh]
Seat 2: 364147e8 (button) folded before Flop (didn't bet)
Seat 3: Hero (small blind) showed [Tc 8c] and won ($1.14) with Pair of Tens and Pair of Eights
Seat 5: c71c0186 (big blind) showed [Td As] and lost with Pair of Tens and Pair of Treys
Seat 6: 7f23b20b folded before Flop (didn't bet)


Poker Hand #HD1780778819: Hold'em No Limit ($0.05/$0.1) - 2024/05/20 18:06:57
Table 'NLHRed20' 6-max Seat #6 is the button
Seat 1: e2c3f3c6 ($5.66 in chips)
Seat 2: 364147e8 ($10.28 in chips)
Seat 3: Hero ($12.13 in chips)
Seat 5: c71c0186 ($11.07 in chips)
Seat 6: 7f23b20b ($6.17 in chips)
e2c3f3c6: posts small blind $0.05
364147e8: posts big blind $0.1
*** HOLE CARDS ***
Dealt to e2c3f3c6 
Dealt to 364147e8 
Dealt to Hero [Td 4d]
Dealt to c71c0186 
Dealt to 7f23b20b 
Hero: folds
c71c0186: folds
7f23b20b: folds
e2c3f3c6: raises $0.1 to $0.2
364147e8: calls $0.1
*** FLOP *** [Ac 5s Js]
e2c3f3c6: checks
364147e8: checks
*** TURN *** [Ac 5s Js] [Tc]
e2c3f3c6: bets $0.1
364147e8: calls $0.1
*** RIVER *** [Ac 5s Js Tc] [Jh]
e2c3f3c6: checks
364147e8: bets $0.2
e2c3f3c6: folds
Uncalled bet ($0.2) returned to 364147e8
*** SHOWDOWN ***
364147e8 collected $0.57 from pot
*** SUMMARY ***
Total pot $0.6 | Rake $0.03 | Jackpot $0 | Bingo $0 | Fortune $0 | Tax $0
Board [Ac 5s Js Tc Jh]
Seat 1: e2c3f3c6 (small blind) folded on the River
Seat 2: 364147e8 (big blind) won ($0.57)
Seat 3: Hero folded before Flop (didn't bet)
Seat 5: c71c0186 folded before Flop (didn't bet)
Seat 6: 7f23b20b (button) folded before Flop (didn't bet)


Poker Hand #HD1780778660: Hold'em No Limit ($0.05/$0.1) - 2024/05/20 18:05:44
Table 'NLHRed20' 6-max Seat #5 is the button
Seat 1: e2c3f3c6 ($6.1 in chips)
Seat 2: 364147e8 ($10.28 in chips)
Seat 3: Hero ($12.13 in chips)
Seat 5: c71c0186 ($10.62 in chips)
Seat 6: 7f23b20b ($6.22 in chips)
7f23b20b: posts small blind $0.05
e2c3f3c6: posts big blind $0.1
*** HOLE CARDS ***
Dealt to e2c3f3c6 
Dealt to 364147e8 
Dealt to Hero [8d 4s]
Dealt to c71c0186 
Dealt to 7f23b20b 
364147e8: folds
Hero: folds
c71c0186: raises $0.15 to $0.25
7f23b20b: folds
e2c3f3c6: calls $0.15
*** FLOP *** [Qh 7h Ks]
e2c3f3c6: checks
c71c0186: bets $0.19
e2c3f3c6: calls $0.19
*** TURN *** [Qh 7h Ks] [Tc]
e2c3f3c6: checks
c71c0186: checks
*** RIVER *** [Qh 7h Ks Tc] [As]
e2c3f3c6: checks
c71c0186: bets $0.31
e2c3f3c6: folds
Uncalled bet ($0.31) returned to c71c0186
*** SHOWDOWN ***
c71c0186 collected $0.89 from pot
*** SUMMARY ***
Total pot $0.93 | Rake $0.04 | Jackpot $0 | Bingo $0 | Fortune $0 | Tax $0
Board [Qh 7h Ks Tc As]
Seat 1: e2c3f3c6 (big blind) folded on the River
Seat 2: 364147e8 folded before Flop (didn't bet)
Seat 3: Hero folded before Flop (didn't bet)
Seat 5: c71c0186 (button) won ($0.89)
Seat 6: 7f23b20b (small blind) folded before Flop


Poker Hand #HD1780778604: Hold'em No Limit ($0.05/$0.1) - 2024/05/20 18:05:21
Table 'NLHRed20' 6-max Seat #3 is the button
Seat 1: e2c3f3c6 ($6.2 in chips)
Seat 2: 364147e8 ($10.5 in chips)
Seat 3: Hero ($12.13 in chips)
Seat 5: c71c0186 ($10.23 in chips)
Seat 6: 7f23b20b ($6.32 in chips)
c71c0186: posts small blind $0.05
7f23b20b: posts big blind $0.1
e2c3f3c6: posts big blind $0.1
*** HOLE CARDS ***
Dealt to e2c3f3c6 
Dealt to 364147e8 
Dealt to Hero [2h Kc]
Dealt to c71c0186 
Dealt to 7f23b20b 
e2c3f3c6: checks
364147e8: raises $0.12 to $0.22
Hero: folds
c71c0186: raises $0.68 to $0.9
7f23b20b: folds
e2c3f3c6: folds
364147e8: folds
Uncalled bet ($0.68) returned to c71c0186
*** SHOWDOWN ***
c71c0186 collected $0.61 from pot
*** SUMMARY ***
Total pot $0.64 | Rake $0.03 | Jackpot $0 | Bingo $0 | Fortune $0 | Tax $0
Seat 1: e2c3f3c6 folded before Flop
Seat 2: 364147e8 folded before Flop
Seat 3: Hero (button) folded before Flop (didn't bet)
Seat 5: c71c0186 (small blind) collected ($0.61)
Seat 6: 7f23b20b (big blind) folded before Flop


Poker Hand #HD1780778485: Hold'em No Limit ($0.05/$0.1) - 2024/05/20 18:04:34
Table 'NLHRed20' 6-max Seat #2 is the button
Seat 2: 364147e8 ($10.22 in chips)
Seat 3: Hero ($12.18 in chips)
Seat 4: d4da44b ($10 in chips)
Seat 5: c71c0186 ($10.23 in chips)
Seat 6: 7f23b20b ($6.32 in chips)
Hero: posts small blind $0.05
d4da44b: posts big blind $0.1
*** HOLE CARDS ***
Dealt to 364147e8 
Dealt to Hero [Jd 3c]
Dealt to d4da44b 
Dealt to c71c0186 
Dealt to 7f23b20b 
c71c0186: folds
7f23b20b: folds
364147e8: raises $0.15 to $0.25
Hero: folds
d4da44b: calls $0.15
*** FLOP *** [4h 6h Ac]
d4da44b: checks
364147e8: bets $0.42
d4da44b: folds
Uncalled bet ($0.42) returned to 364147e8
*** SHOWDOWN ***
364147e8 collected $0.53 from pot
*** SUMMARY ***
Total pot $0.55 | Rake $0.02 | Jackpot $0 | Bingo $0 | Fortune $0 | Tax $0
Board [4h 6h Ac]
Seat 2: 364147e8 (button) won ($0.53)
Seat 3: Hero (small blind) folded before Flop
Seat 4: d4da44b (big blind) folded on the Flop
Seat 5: c71c0186 folded before Flop (didn't bet)
Seat 6: 7f23b20b folded before Flop (didn't bet)


Poker Hand #HD1780778470: Hold'em No Limit ($0.05/$0.1) - 2024/05/20 18:04:25
Table 'NLHRed20' 6-max Seat #6 is the button
Seat 2: 364147e8 ($10.27 in chips)
Seat 3: Hero ($12.13 in chips)
Seat 4: d4da44b ($10 in chips)
Seat 5: c71c0186 ($10.23 in chips)
Seat 6: 7f23b20b ($6.32 in chips)
364147e8: posts small blind $0.05
Hero: posts big blind $0.1
*** HOLE CARDS ***
Dealt to 364147e8 
Dealt to Hero [5d 6c]
Dealt to d4da44b 
Dealt to c71c0186 
Dealt to 7f23b20b 
d4da44b: folds
c71c0186: folds
7f23b20b: folds
364147e8: folds
Uncalled bet ($0.05) returned to Hero
*** SHOWDOWN ***
Hero collected $0.1 from pot
*** SUMMARY ***
Total pot $0.1 | Rake $0 | Jackpot $0 | Bingo $0 | Fortune $0 | Tax $0
Seat 2: 364147e8 (small blind) folded before Flop
Seat 3: Hero (big blind) collected ($0.1)
Seat 4: d4da44b folded before Flop (didn't bet)
Seat 5: c71c0186 folded before Flop (didn't bet)
Seat 6: 7f23b20b (button) folded before Flop (didn't bet)


Poker Hand #HD1780778392: Hold'em No Limit ($0.05/$0.1) - 2024/05/20 18:03:53
Table 'NLHRed20' 6-max Seat #5 is the button
Seat 2: 364147e8 ($9.31 in chips)
Seat 3: Hero ($12.13 in chips)
Seat 4: d4da44b ($10.15 in chips)
Seat 5: c71c0186 ($11.03 in chips)
Seat 6: 7f23b20b ($6.37 in chips)
7f23b20b: posts small blind $0.05
364147e8: posts big blind $0.1
*** HOLE CARDS ***
Dealt to 364147e8 
Dealt to Hero [5h 2c]
Dealt to d4da44b 
Dealt to c71c0186 
Dealt to 7f23b20b 
Hero: folds
d4da44b: raises $0.1 to $0.2
c71c0186: raises $0.6 to $0.8
7f23b20b: folds
364147e8: raises $1.85 to $2.65
d4da44b: folds
c71c0186: folds
Uncalled bet ($1.85) returned to 364147e8
*** SHOWDOWN ***
364147e8 collected $1.76 from pot
*** SUMMARY ***
Total pot $1.85 | Rake $0.09 | Jackpot $0 | Bingo $0 | Fortune $0 | Tax $0
Seat 2: 364147e8 (big blind) collected ($1.76)
Seat 3: Hero folded before Flop (didn't bet)
Seat 4: d4da44b folded before Flop
Seat 5: c71c0186 (button) folded before Flop
Seat 6: 7f23b20b (small blind) folded before Flop


Poker Hand #HD1780778359: Hold'em No Limit ($0.05/$0.1) - 2024/05/20 18:03:38
Table 'NLHRed20' 6-max Seat #4 is the button
Seat 1: 5d918452 ($10 in chips)
Seat 2: 364147e8 ($9.31 in chips)
Seat 3: Hero ($12.13 in chips)
Seat 4: d4da44b ($10.15 in chips)
Seat 5: c71c0186 ($10.93 in chips)
Seat 6: 7f23b20b ($6.47 in chips)
c71c0186: posts small blind $0.05
7f23b20b: posts big blind $0.1
*** HOLE CARDS ***
Dealt to 5d918452 
Dealt to 364147e8 
Dealt to Hero [9s Kd]
Dealt to d4da44b 
Dealt to c71c0186 
Dealt to 7f23b20b 
5d918452: folds
364147e8: folds
Hero: folds
d4da44b: folds
c71c0186: raises $0.2 to $0.3
7f23b20b: folds
Uncalled bet ($0.2) returned to c71c0186
*** SHOWDOWN ***
c71c0186 collected $0.2 from pot
*** SUMMARY ***
Total pot $0.2 | Rake $0 | Jackpot $0 | Bingo $0 | Fortune $0 | Tax $0
Seat 1: 5d918452 folded before Flop (didn't bet)
Seat 2: 364147e8 folded before Flop (didn't bet)
Seat 3: Hero folded before Flop (didn't bet)
Seat 4: d4da44b (button) folded before Flop (didn't bet)
Seat 5: c71c0186 (small blind) collected ($0.2)
Seat 6: 7f23b20b (big blind) folded before Flop


Poker Hand #HD1780778340: Hold'em No Limit ($0.05/$0.1) - 2024/05/20 18:03:29
Table 'NLHRed20' 6-max Seat #3 is the button
Seat 1: 5d918452 ($10 in chips)
Seat 2: 364147e8 ($9.31 in chips)
Seat 3: Hero ($12.13 in chips)
Seat 4: d4da44b ($10.2 in chips)
Seat 5: c71c0186 ($10.88 in chips)
Seat 6: 7f23b20b ($6.47 in chips)
d4da44b: posts small blind $0.05
c71c0186: posts big blind $0.1
*** HOLE CARDS ***
Dealt to 5d918452 
Dealt to 364147e8 
Dealt to Hero [Qh 6d]
Dealt to d4da44b 
Dealt to c71c0186 
Dealt to 7f23b20b 
7f23b20b: folds
5d918452: folds
364147e8: folds
Hero: folds
d4da44b: folds
Uncalled bet ($0.05) returned to c71c0186
*** SHOWDOWN ***
c71c0186 collected $0.1 from pot
*** SUMMARY ***
Total pot $0.1 | Rake $0 | Jackpot $0 | Bingo $0 | Fortune $0 | Tax $0
Seat 1: 5d918452 folded before Flop (didn't bet)
Seat 2: 364147e8 folded before Flop (didn't bet)
Seat 3: Hero (button) folded before Flop (didn't bet)
Seat 4: d4da44b (small blind) folded before Flop
Seat 5: c71c0186 (big blind) collected ($0.1)
Seat 6: 7f23b20b folded before Flop (didn't bet)


Poker Hand #HD1780778318: Hold'em No Limit ($0.05/$0.1) - 2024/05/20 18:03:17
Table 'NLHRed20' 6-max Seat #2 is the button
Seat 1: 5d918452 ($10 in chips)
Seat 2: 364147e8 ($9.31 in chips)
Seat 3: Hero ($12.18 in chips)
Seat 4: d4da44b ($10.15 in chips)
Seat 5: c71c0186 ($10.88 in chips)
Seat 6: 7f23b20b ($6.47 in chips)
Hero: posts small blind $0.05
d4da44b: posts big blind $0.1
*** HOLE CARDS ***
Dealt to 5d918452 
Dealt to 364147e8 
Dealt to Hero [2c 4s]
Dealt to d4da44b 
Dealt to c71c0186 
Dealt to 7f23b20b 
c71c0186: folds
7f23b20b: folds
5d918452: folds
364147e8: folds
Hero: folds
Uncalled bet ($0.05) returned to d4da44b
*** SHOWDOWN ***
d4da44b collected $0.1 from pot
*** SUMMARY ***
Total pot $0.1 | Rake $0 | Jackpot $0 | Bingo $0 | Fortune $0 | Tax $0
Seat 1: 5d918452 folded before Flop (didn't bet)
Seat 2: 364147e8 (button) folded before Flop (didn't bet)
Seat 3: Hero (small blind) folded before Flop
Seat 4: d4da44b (big blind) collected ($0.1)
Seat 5: c71c0186 folded before Flop (didn't bet)
Seat 6: 7f23b20b folded before Flop (didn't bet)


Poker Hand #HD1780778158: Hold'em No Limit ($0.05/$0.1) - 2024/05/20 18:02:01
Table 'NLHRed20' 6-max Seat #1 is the button
Seat 1: 5d918452 ($10.13 in chips)
Seat 2: 364147e8 ($9.36 in chips)
Seat 3: Hero ($12.28 in chips)
Seat 4: d4da44b ($10.15 in chips)
Seat 5: c71c0186 ($10.88 in chips)
Seat 6: 7f23b20b ($5.32 in chips)
364147e8: posts small blind $0.05
Hero: posts big blind $0.1
*** HOLE CARDS ***
Dealt to 5d918452 
Dealt to 364147e8 
Dealt to Hero [Ad 7s]
Dealt to d4da44b 
Dealt to c71c0186 
Dealt to 7f23b20b 
d4da44b: folds
c71c0186: folds
7f23b20b: raises $0.1 to $0.2
5d918452: raises $0.44 to $0.64
364147e8: folds
Hero: folds
7f23b20b: calls $0.44
*** FLOP *** [6d Kd 9d]
7f23b20b: checks
5d918452: bets $0.48
7f23b20b: calls $0.48
*** TURN *** [6d Kd 9d] [9s]
7f23b20b: checks
5d918452: checks
*** RIVER *** [6d Kd 9d 9s] [8s]
7f23b20b: bets $2.39
5d918452: folds
Uncalled bet ($2.39) returned to 7f23b20b
*** SHOWDOWN ***
7f23b20b collected $2.27 from pot
*** SUMMARY ***
Total pot $2.39 | Rake $0.12 | Jackpot $0 | Bingo $0 | Fortune $0 | Tax $0
Board [6d Kd 9d 9s 8s]
Seat 1: 5d918452 (button) folded on the River
Seat 2: 364147e8 (small blind) folded before Flop
Seat 3: Hero (big blind) folded before Flop
Seat 4: d4da44b folded before Flop (didn't bet)
Seat 5: c71c0186 folded before Flop (didn't bet)
Seat 6: 7f23b20b won ($2.27)


Poker Hand #HD1780778105: Hold'em No Limit ($0.05/$0.1) - 2024/05/20 18:01:36
Table 'NLHRed20' 6-max Seat #6 is the button
Seat 1: 5d918452 ($10.18 in chips)
Seat 2: 364147e8 ($9.46 in chips)
Seat 3: Hero ($12.28 in chips)
Seat 4: d4da44b ($10.15 in chips)
Seat 5: c71c0186 ($10.73 in chips)
Seat 6: 7f23b20b ($5.32 in chips)
5d918452: posts small blind $0.05
364147e8: posts big blind $0.1
*** HOLE CARDS ***
Dealt to 5d918452 
Dealt to 364147e8 
Dealt to Hero [3c 9c]
Dealt to d4da44b 
Dealt to c71c0186 
Dealt to 7f23b20b 
Hero: folds
d4da44b: folds
c71c0186: raises $0.2 to $0.3
7f23b20b: folds
5d918452: folds
364147e8: folds
Uncalled bet ($0.2) returned to c71c0186
*** SHOWDOWN ***
c71c0186 collected $0.25 from pot
*** SUMMARY ***
Total pot $0.25 | Rake $0 | Jackpot $0 | Bingo $0 | Fortune $0 | Tax $0
Seat 1: 5d918452 (small blind) folded before Flop
Seat 2: 364147e8 (big blind) folded before Flop
Seat 3: Hero folded before Flop (didn't bet)
Seat 4: d4da44b folded before Flop (didn't bet)
Seat 5: c71c0186 collected ($0.25)
Seat 6: 7f23b20b (button) folded before Flop (didn't bet)


Poker Hand #HD1780778067: Hold'em No Limit ($0.05/$0.1) - 2024/05/20 18:01:20
Table 'NLHRed20' 6-max Seat #5 is the button
Seat 1: 5d918452 ($10.28 in chips)
Seat 2: 364147e8 ($9.46 in chips)
Seat 3: Hero ($12.28 in chips)
Seat 4: d4da44b ($10 in chips)
Seat 5: c71c0186 ($10.73 in chips)
Seat 6: 7f23b20b ($5.37 in chips)
7f23b20b: posts small blind $0.05
5d918452: posts big blind $0.1
*** HOLE CARDS ***
Dealt to 5d918452 
Dealt to 364147e8 
Dealt to Hero [4s 2s]
Dealt to d4da44b 
Dealt to c71c0186 
Dealt to 7f23b20b 
364147e8: folds
Hero: folds
d4da44b: raises $0.1 to $0.2
c71c0186: folds
7f23b20b: folds
5d918452: folds
Uncalled bet ($0.1) returned to d4da44b
*** SHOWDOWN ***
d4da44b collected $0.25 from pot
*** SUMMARY ***
Total pot $0.25 | Rake $0 | Jackpot $0 | Bingo $0 | Fortune $0 | Tax $0
Seat 1: 5d918452 (big blind) folded before Flop
Seat 2: 364147e8 folded before Flop (didn't bet)
Seat 3: Hero folded before Flop (didn't bet)
Seat 4: d4da44b collected ($0.25)
Seat 5: c71c0186 (button) folded before Flop (didn't bet)
Seat 6: 7f23b20b (small blind) folded before Flop


Poker Hand #HD1780778039: Hold'em No Limit ($0.05/$0.1) - 2024/05/20 18:01:07
Table 'NLHRed20' 6-max Seat #4 is the button
Seat 1: 5d918452 ($10.28 in chips)
Seat 2: 364147e8 ($9.46 in chips)
Seat 3: Hero ($12.28 in chips)
Seat 4: d4da44b ($10 in chips)
Seat 5: c71c0186 ($10.78 in chips)
Seat 6: 7f23b20b ($5.32 in chips)
c71c0186: posts small blind $0.05
7f23b20b: posts big blind $0.1
*** HOLE CARDS ***
Dealt to 5d918452 
Dealt to 364147e8 
Dealt to Hero [9s 4c]
Dealt to d4da44b 
Dealt to c71c0186 
Dealt to 7f23b20b 
5d918452: folds
364147e8: folds
Hero: folds
d4da44b: folds
c71c0186: folds
Uncalled bet ($0.05) returned to 7f23b20b
*** SHOWDOWN ***
7f23b20b collected $0.1 from pot
*** SUMMARY ***
Total pot $0.1 | Rake $0 | Jackpot $0 | Bingo $0 | Fortune $0 | Tax $0
Seat 1: 5d918452 folded before Flop (didn't bet)
Seat 2: 364147e8 folded before Flop (didn't bet)
Seat 3: Hero folded before Flop (didn't bet)
Seat 4: d4da44b (button) folded before Flop (didn't bet)
Seat 5: c71c0186 (small blind) folded before Flop
Seat 6: 7f23b20b (big blind) collected ($0.1)


Poker Hand #HD1780777917: Hold'em No Limit ($0.05/$0.1) - 2024/05/20 18:00:17
Table 'NLHRed20' 6-max Seat #3 is the button
Seat 1: 5d918452 ($10.28 in chips)
Seat 2: 364147e8 ($9.46 in chips)
Seat 3: Hero ($12.28 in chips)
Seat 4: d4da44b ($10 in chips)
Seat 5: c71c0186 ($10.47 in chips)
Seat 6: 7f23b20b ($5.32 in chips)
d4da44b: posts small blind $0.05
c71c0186: posts big blind $0.1
*** HOLE CARDS ***
Dealt to 5d918452 
Dealt to 364147e8 
Dealt to Hero [Jh 4h]
Dealt to d4da44b 
Dealt to c71c0186 
Dealt to 7f23b20b 
7f23b20b: folds
5d918452: folds
364147e8: folds
Hero: folds
d4da44b: raises $0.1 to $0.2
c71c0186: calls $0.1
*** FLOP *** [Ad 6c Ts]
d4da44b: bets $0.14
c71c0186: calls $0.14
*** TURN *** [Ad 6c Ts] [5d]
d4da44b: checks
c71c0186: checks
*** RIVER *** [Ad 6c Ts 5d] [Ks]
d4da44b: checks
c71c0186: checks
d4da44b: shows [9d 9s] (Pair of Nines)
c71c0186: shows [Qh Tc] (Pair of Tens)
*** SHOWDOWN ***
c71c0186 collected $0.65 from pot
*** SUMMARY ***
Total pot $0.68 | Rake $0.03 | Jackpot $0 | Bingo $0 | Fortune $0 | Tax $0
Board [Ad 6c Ts 5d Ks]
Seat 1: 5d918452 folded before Flop (didn't bet)
Seat 2: 364147e8 folded before Flop (didn't bet)
Seat 3: Hero (button) folded before Flop (didn't bet)
Seat 4: d4da44b (small blind) showed [9d 9s] and lost with Pair of Nines
Seat 5: c71c0186 (big blind) showed [Qh Tc] and won ($0.65) with Pair of Tens
Seat 6: 7f23b20b folded before Flop (didn't bet)


Poker Hand #HD1780777887: Hold'em No Limit ($0.05/$0.1) - 2024/05/20 18:00:02
Table 'NLHRed20' 6-max Seat #2 is the button
Seat 1: 5d918452 ($10.28 in chips)
Seat 2: 364147e8 ($9.46 in chips)
Seat 3: Hero ($12.18 in chips)
Seat 4: d4da44b ($10.04 in chips)
Seat 5: c71c0186 ($10.47 in chips)
Seat 6: 7f23b20b ($5.32 in chips)
Hero: posts small blind $0.05
d4da44b: posts big blind $0.1
*** HOLE CARDS ***
Dealt to 5d918452 
Dealt to 364147e8 
Dealt to Hero [Kh Kd]
Dealt to d4da44b 
Dealt to c71c0186 
Dealt to 7f23b20b 
c71c0186: folds
7f23b20b: folds
5d918452: folds
364147e8: folds
Hero: raises $0.2 to $0.3
d4da44b: folds
Uncalled bet ($0.2) returned to Hero
*** SHOWDOWN ***
Hero collected $0.2 from pot
*** SUMMARY ***
Total pot $0.2 | Rake $0 | Jackpot $0 | Bingo $0 | Fortune $0 | Tax $0
Seat 1: 5d918452 folded before Flop (didn't bet)
Seat 2: 364147e8 (button) folded before Flop (didn't bet)
Seat 3: Hero (small blind) collected ($0.2)
Seat 4: d4da44b (big blind) folded before Flop
Seat 5: c71c0186 folded before Flop (didn't bet)
Seat 6: 7f23b20b folded before Flop (didn't bet)


Poker Hand #HD1780777845: Hold'em No Limit ($0.05/$0.1) - 2024/05/20 17:59:41
Table 'NLHRed20' 6-max Seat #1 is the button
Seat 1: 5d918452 ($10.28 in chips)
Seat 2: 364147e8 ($9.51 in chips)
Seat 3: Hero ($12.28 in chips)
Seat 4: d4da44b ($10.04 in chips)
Seat 5: c71c0186 ($10.32 in chips)
Seat 6: 7f23b20b ($5.32 in chips)
364147e8: posts small blind $0.05
Hero: posts big blind $0.1
*** HOLE CARDS ***
Dealt to 5d918452 
Dealt to 364147e8 
Dealt to Hero [4d 7d]
Dealt to d4da44b 
Dealt to c71c0186 
Dealt to 7f23b20b 
d4da44b: folds
c71c0186: raises $0.2 to $0.3
7f23b20b: folds
5d918452: folds
364147e8: folds
Hero: folds
Uncalled bet ($0.2) returned to c71c0186
*** SHOWDOWN ***
c71c0186 collected $0.25 from pot
*** SUMMARY ***
Total pot $0.25 | Rake $0 | Jackpot $0 | Bingo $0 | Fortune $0 | Tax $0
Seat 1: 5d918452 (button) folded before Flop (didn't bet)
Seat 2: 364147e8 (small blind) folded before Flop
Seat 3: Hero (big blind) folded before Flop
Seat 4: d4da44b folded before Flop (didn't bet)
Seat 5: c71c0186 collected ($0.25)
Seat 6: 7f23b20b folded before Flop (didn't bet)


Poker Hand #HD1780777814: Hold'em No Limit ($0.05/$0.1) - 2024/05/20 17:59:28
Table 'NLHRed20' 6-max Seat #6 is the button
Seat 1: 5d918452 ($10.33 in chips)
Seat 2: 364147e8 ($9.46 in chips)
Seat 3: Hero ($12.28 in chips)
Seat 4: d4da44b ($10.04 in chips)
Seat 5: c71c0186 ($10.32 in chips)
Seat 6: 7f23b20b ($5.32 in chips)
5d918452: posts small blind $0.05
364147e8: posts big blind $0.1
*** HOLE CARDS ***
Dealt to 5d918452 
Dealt to 364147e8 
Dealt to Hero [9h 3d]
Dealt to d4da44b 
Dealt to c71c0186 
Dealt to 7f23b20b 
Hero: folds
d4da44b: folds
c71c0186: folds
7f23b20b: folds
5d918452: folds
Uncalled bet ($0.05) returned to 364147e8
*** SHOWDOWN ***
364147e8 collected $0.1 from pot
*** SUMMARY ***
Total pot $0.1 | Rake $0 | Jackpot $0 | Bingo $0 | Fortune $0 | Tax $0
Seat 1: 5d918452 (small blind) folded before Flop
Seat 2: 364147e8 (big blind) collected ($0.1)
Seat 3: Hero folded before Flop (didn't bet)
Seat 4: d4da44b folded before Flop (didn't bet)
Seat 5: c71c0186 folded before Flop (didn't bet)
Seat 6: 7f23b20b (button) folded before Flop (didn't bet)


Poker Hand #HD1780777782: Hold'em No Limit ($0.05/$0.1) - 2024/05/20 17:59:13
Table 'NLHRed20' 6-max Seat #5 is the button
Seat 1: 5d918452 ($10.43 in chips)
Seat 2: 364147e8 ($9.46 in chips)
Seat 3: Hero ($12.13 in chips)
Seat 4: d4da44b ($10.04 in chips)
Seat 5: c71c0186 ($10.32 in chips)
Seat 6: 7f23b20b ($5.37 in chips)
7f23b20b: posts small blind $0.05
5d918452: posts big blind $0.1
*** HOLE CARDS ***
Dealt to 5d918452 
Dealt to 364147e8 
Dealt to Hero [Kc 8c]
Dealt to d4da44b 
Dealt to c71c0186 
Dealt to 7f23b20b 
364147e8: folds
Hero: raises $0.1 to $0.2
d4da44b: folds
c71c0186: folds
7f23b20b: folds
5d918452: folds
Uncalled bet ($0.1) returned to Hero
*** SHOWDOWN ***
Hero collected $0.25 from pot
*** SUMMARY ***
Total pot $0.25 | Rake $0 | Jackpot $0 | Bingo $0 | Fortune $0 | Tax $0
Seat 1: 5d918452 (big blind) folded before Flop
Seat 2: 364147e8 folded before Flop (didn't bet)
Seat 3: Hero collected ($0.25)
Seat 4: d4da44b folded before Flop (didn't bet)
Seat 5: c71c0186 (button) folded before Flop (didn't bet)
Seat 6: 7f23b20b (small blind) folded before Flop


Poker Hand #HD1780777693: Hold'em No Limit ($0.05/$0.1) - 2024/05/20 17:58:38
Table 'NLHRed20' 6-max Seat #4 is the button
Seat 1: 5d918452 ($10.43 in chips)
Seat 2: 364147e8 ($9.46 in chips)
Seat 3: Hero ($12.13 in chips)
Seat 4: d4da44b ($10.39 in chips)
Seat 5: c71c0186 ($10.37 in chips)
Seat 6: 7f23b20b ($5 in chips)
c71c0186: posts small blind $0.05
7f23b20b: posts big blind $0.1
*** HOLE CARDS ***
Dealt to 5d918452 
Dealt to 364147e8 
Dealt to Hero [9c 2d]
Dealt to d4da44b 
Dealt to c71c0186 
Dealt to 7f23b20b 
5d918452: folds
364147e8: folds
Hero: folds
d4da44b: raises $0.1 to $0.2
c71c0186: folds
7f23b20b: calls $0.1
*** FLOP *** [9d Ac 7d]
7f23b20b: checks
d4da44b: bets $0.15
7f23b20b: raises $0.38 to $0.53
d4da44b: folds
Uncalled bet ($0.38) returned to 7f23b20b
7f23b20b: shows [8c]
*** SHOWDOWN ***
7f23b20b collected $0.72 from pot
*** SUMMARY ***
Total pot $0.75 | Rake $0.03 | Jackpot $0 | Bingo $0 | Fortune $0 | Tax $0
Board [9d Ac 7d]
Seat 1: 5d918452 folded before Flop (didn't bet)
Seat 2: 364147e8 folded before Flop (didn't bet)
Seat 3: Hero folded before Flop (didn't bet)
Seat 4: d4da44b (button) folded on the Flop
Seat 5: c71c0186 (small blind) folded before Flop
Seat 6: 7f23b20b (big blind) showed [8c] and won ($0.72)


Poker Hand #HD1780777554: Hold'em No Limit ($0.05/$0.1) - 2024/05/20 17:57:37
Table 'NLHRed20' 6-max Seat #3 is the button
Seat 1: 5d918452 ($10 in chips)
Seat 2: 364147e8 ($9.46 in chips)
Seat 3: Hero ($12.13 in chips)
Seat 4: d4da44b ($10.76 in chips)
Seat 5: c71c0186 ($10.47 in chips)
d4da44b: posts small blind $0.05
c71c0186: posts big blind $0.1
*** HOLE CARDS ***
Dealt to 5d918452 
Dealt to 364147e8 
Dealt to Hero [Jc 5s]
Dealt to d4da44b 
Dealt to c71c0186 
5d918452: raises $0.1 to $0.2
364147e8: folds
Hero: folds
d4da44b: calls $0.15
c71c0186: folds
*** FLOP *** [Js 9s 9d]
d4da44b: checks
5d918452: bets $0.17
d4da44b: calls $0.17
*** TURN *** [Js 9s 9d] [Qc]
d4da44b: checks
5d918452: bets $0.6
d4da44b: folds
Uncalled bet ($0.6) returned to 5d918452
*** SHOWDOWN ***
5d918452 collected $0.8 from pot
*** SUMMARY ***
Total pot $0.84 | Rake $0.04 | Jackpot $0 | Bingo $0 | Fortune $0 | Tax $0
Board [Js 9s 9d Qc]
Seat 1: 5d918452 won ($0.8)
Seat 2: 364147e8 folded before Flop (didn't bet)
Seat 3: Hero (button) folded before Flop (didn't bet)
Seat 4: d4da44b (small blind) folded on the Turn
Seat 5: c71c0186 (big blind) folded before Flop


Poker Hand #HD1780777528: Hold'em No Limit ($0.05/$0.1) - 2024/05/20 17:57:24
Table 'NLHRed20' 6-max Seat #2 is the button
Seat 1: 5d918452 ($10 in chips)
Seat 2: 364147e8 ($9.46 in chips)
Seat 3: Hero ($12.18 in chips)
Seat 4: d4da44b ($10.86 in chips)
Seat 5: c71c0186 ($10.32 in chips)
Hero: posts small blind $0.05
d4da44b: posts big blind $0.1
*** HOLE CARDS ***
Dealt to 5d918452 
Dealt to 364147e8 
Dealt to Hero [2s 3s]
Dealt to d4da44b 
Dealt to c71c0186 
c71c0186: raises $0.2 to $0.3
5d918452: folds
364147e8: folds
Hero: folds
d4da44b: folds
Uncalled bet ($0.2) returned to c71c0186
*** SHOWDOWN ***
c71c0186 collected $0.25 from pot
*** SUMMARY ***
Total pot $0.25 | Rake $0 | Jackpot $0 | Bingo $0 | Fortune $0 | Tax $0
Seat 1: 5d918452 folded before Flop (didn't bet)
Seat 2: 364147e8 (button) folded before Flop (didn't bet)
Seat 3: Hero (small blind) folded before Flop
Seat 4: d4da44b (big blind) folded before Flop
Seat 5: c71c0186 collected ($0.25)


Poker Hand #HD1780777443: Hold'em No Limit ($0.05/$0.1) - 2024/05/20 17:56:52
Table 'NLHRed20' 6-max Seat #1 is the button
Seat 1: 5d918452 ($10 in chips)
Seat 2: 364147e8 ($9.51 in chips)
Seat 3: Hero ($12.48 in chips)
Seat 4: d4da44b ($10.86 in chips)
Seat 5: c71c0186 ($10 in chips)
Seat 6: a94b0d33 ($11.16 in chips)
364147e8: posts small blind $0.05
Hero: posts big blind $0.1
*** HOLE CARDS ***
Dealt to 5d918452 
Dealt to 364147e8 
Dealt to Hero [6c Kc]
Dealt to d4da44b 
Dealt to c71c0186 
Dealt to a94b0d33 
d4da44b: folds
c71c0186: raises $0.2 to $0.3
a94b0d33: folds
5d918452: folds
364147e8: folds
Hero: calls $0.2
*** FLOP *** [4s 9s Ts]
Hero: checks
c71c0186: bets $0.33
Hero: folds
Uncalled bet ($0.33) returned to c71c0186
*** SHOWDOWN ***
c71c0186 collected $0.62 from pot
*** SUMMARY ***
Total pot $0.65 | Rake $0.03 | Jackpot $0 | Bingo $0 | Fortune $0 | Tax $0
Board [4s 9s Ts]
Seat 1: 5d918452 (button) folded before Flop (didn't bet)
Seat 2: 364147e8 (small blind) folded before Flop
Seat 3: Hero (big blind) folded on the Flop
Seat 4: d4da44b folded before Flop (didn't bet)
Seat 5: c71c0186 won ($0.62)
Seat 6: a94b0d33 folded before Flop (didn't bet)


Poker Hand #HD1780777338: Hold'em No Limit ($0.05/$0.1) - 2024/05/20 17:55:59
Table 'NLHRed20' 6-max Seat #6 is the button
Seat 1: 5d918452 ($10 in chips)
Seat 2: 364147e8 ($10.24 in chips)
Seat 3: Hero ($12.48 in chips)
Seat 4: d4da44b ($10.15 in chips)
Seat 5: c71c0186 ($10 in chips)
Seat 6: a94b0d33 ($11.16 in chips)
5d918452: posts small blind $0.05
364147e8: posts big blind $0.1
*** HOLE CARDS ***
Dealt to 5d918452 
Dealt to 364147e8 
Dealt to Hero [Qc Jd]
Dealt to d4da44b 
Dealt to c71c0186 
Dealt to a94b0d33 
Hero: folds
d4da44b: raises $0.1 to $0.2
c71c0186: folds
a94b0d33: folds
5d918452: folds
364147e8: calls $0.1
*** FLOP *** [8c Th 8s]
364147e8: checks
d4da44b: bets $0.15
364147e8: calls $0.15
*** TURN *** [8c Th 8s] [4h]
364147e8: checks
d4da44b: checks
*** RIVER *** [8c Th 8s 4h] [5h]
364147e8: bets $0.38
d4da44b: raises $1.51 to $1.89
364147e8: folds
Uncalled bet ($1.51) returned to d4da44b
*** SHOWDOWN ***
d4da44b collected $1.44 from pot
*** SUMMARY ***
Total pot $1.51 | Rake $0.07 | Jackpot $0 | Bingo $0 | Fortune $0 | Tax $0
Board [8c Th 8s 4h 5h]
Seat 1: 5d918452 (small blind) folded before Flop
Seat 2: 364147e8 (big blind) folded on the River
Seat 3: Hero folded before Flop (didn't bet)
Seat 4: d4da44b won ($1.44)
Seat 5: c71c0186 folded before Flop (didn't bet)
Seat 6: a94b0d33 (button) folded before Flop (didn't bet)


Poker Hand #HD1780777300: Hold'em No Limit ($0.05/$0.1) - 2024/05/20 17:55:44
Table 'NLHRed20' 6-max Seat #5 is the button
Seat 1: 5d918452 ($10 in chips)
Seat 2: 364147e8 ($10.24 in chips)
Seat 3: Hero ($12.33 in chips)
Seat 4: d4da44b ($10.15 in chips)
Seat 5: c71c0186 ($10 in chips)
Seat 6: a94b0d33 ($11.21 in chips)
a94b0d33: posts small blind $0.05
5d918452: posts big blind $0.1
*** HOLE CARDS ***
Dealt to 5d918452 
Dealt to 364147e8 
Dealt to Hero [6s As]
Dealt to d4da44b 
Dealt to c71c0186 
Dealt to a94b0d33 
364147e8: folds
Hero: raises $0.1 to $0.2
d4da44b: folds
c71c0186: folds
a94b0d33: folds
5d918452: folds
Uncalled bet ($0.1) returned to Hero
*** SHOWDOWN ***
Hero collected $0.25 from pot
*** SUMMARY ***
Total pot $0.25 | Rake $0 | Jackpot $0 | Bingo $0 | Fortune $0 | Tax $0
Seat 1: 5d918452 (big blind) folded before Flop
Seat 2: 364147e8 folded before Flop (didn't bet)
Seat 3: Hero collected ($0.25)
Seat 4: d4da44b folded before Flop (didn't bet)
Seat 5: c71c0186 (button) folded before Flop (didn't bet)
Seat 6: a94b0d33 (small blind) folded before Flop


Poker Hand #HD1780777256: Hold'em No Limit ($0.05/$0.1) - 2024/05/20 17:55:25
Table 'NLHRed20' 6-max Seat #4 is the button
Seat 1: 5d918452 ($10 in chips)
Seat 2: 364147e8 ($10.24 in chips)
Seat 3: Hero ($12.33 in chips)
Seat 4: d4da44b ($10 in chips)
Seat 5: c71c0186 ($10.05 in chips)
Seat 6: a94b0d33 ($11.31 in chips)
c71c0186: posts small blind $0.05
a94b0d33: posts big blind $0.1
*** HOLE CARDS ***
Dealt to 5d918452 
Dealt to 364147e8 
Dealt to Hero [Jd 2d]
Dealt to d4da44b 
Dealt to c71c0186 
Dealt to a94b0d33 
5d918452: folds
364147e8: folds
Hero: folds
d4da44b: raises $0.1 to $0.2
c71c0186: folds
a94b0d33: folds
Uncalled bet ($0.1) returned to d4da44b
*** SHOWDOWN ***
d4da44b collected $0.25 from pot
*** SUMMARY ***
Total pot $0.25 | Rake $0 | Jackpot $0 | Bingo $0 | Fortune $0 | Tax $0
Seat 1: 5d918452 folded before Flop (didn't bet)
Seat 2: 364147e8 folded before Flop (didn't bet)
Seat 3: Hero folded before Flop (didn't bet)
Seat 4: d4da44b (button) collected ($0.25)
Seat 5: c71c0186 (small blind) folded before Flop
Seat 6: a94b0d33 (big blind) folded before Flop


Poker Hand #HD1780777220: Hold'em No Limit ($0.05/$0.1) - 2024/05/20 17:55:10
Table 'NLHRed20' 6-max Seat #3 is the button
Seat 1: 5d918452 ($10 in chips)
Seat 2: 364147e8 ($10.24 in chips)
Seat 3: Hero ($12.33 in chips)
Seat 4: d4da44b ($10.05 in chips)
Seat 5: c71c0186 ($10 in chips)
Seat 6: a94b0d33 ($11.31 in chips)
d4da44b: posts small blind $0.05
c71c0186: posts big blind $0.1
*** HOLE CARDS ***
Dealt to 5d918452 
Dealt to 364147e8 
Dealt to Hero [5s 9s]
Dealt to d4da44b 
Dealt to c71c0186 
Dealt to a94b0d33 
a94b0d33: folds
5d918452: folds
364147e8: folds
Hero: folds
d4da44b: folds
Uncalled bet ($0.05) returned to c71c0186
*** SHOWDOWN ***
c71c0186 collected $0.1 from pot
*** SUMMARY ***
Total pot $0.1 | Rake $0 | Jackpot $0 | Bingo $0 | Fortune $0 | Tax $0
Seat 1: 5d918452 folded before Flop (didn't bet)
Seat 2: 364147e8 folded before Flop (didn't bet)
Seat 3: Hero (button) folded before Flop (didn't bet)
Seat 4: d4da44b (small blind) folded before Flop
Seat 5: c71c0186 (big blind) collected ($0.1)
Seat 6: a94b0d33 folded before Flop (didn't bet)


Poker Hand #HD1780777176: Hold'em No Limit ($0.05/$0.1) - 2024/05/20 17:54:50
Table 'NLHRed20' 6-max Seat #2 is the button
Seat 1: 5d918452 ($10 in chips)
Seat 2: 364147e8 ($10.24 in chips)
Seat 3: Hero ($12.38 in chips)
Seat 4: d4da44b ($10 in chips)
Seat 5: c71c0186 ($10 in chips)
Seat 6: a94b0d33 ($11.31 in chips)
Hero: posts small blind $0.05
d4da44b: posts big blind $0.1
*** HOLE CARDS ***
Dealt to 5d918452 
Dealt to 364147e8 
Dealt to Hero [2s 8s]
Dealt to d4da44b 
Dealt to c71c0186 
Dealt to a94b0d33 
c71c0186: folds
a94b0d33: folds
5d918452: folds
364147e8: folds
Hero: folds
Uncalled bet ($0.05) returned to d4da44b
*** SHOWDOWN ***
d4da44b collected $0.1 from pot
*** SUMMARY ***
Total pot $0.1 | Rake $0 | Jackpot $0 | Bingo $0 | Fortune $0 | Tax $0
Seat 1: 5d918452 folded before Flop (didn't bet)
Seat 2: 364147e8 (button) folded before Flop (didn't bet)
Seat 3: Hero (small blind) folded before Flop
Seat 4: d4da44b (big blind) collected ($0.1)
Seat 5: c71c0186 folded before Flop (didn't bet)
Seat 6: a94b0d33 folded before Flop (didn't bet)


Poker Hand #HD1780777111: Hold'em No Limit ($0.05/$0.1) - 2024/05/20 17:54:22
Table 'NLHRed20' 6-max Seat #1 is the button
Seat 1: 5d918452 ($10 in chips)
Seat 2: 364147e8 ($10.48 in chips)
Seat 3: Hero ($12.48 in chips)
Seat 5: c71c0186 ($10 in chips)
Seat 6: a94b0d33 ($11 in chips)
364147e8: posts small blind $0.05
Hero: posts big blind $0.1
*** HOLE CARDS ***
Dealt to 5d918452 
Dealt to 364147e8 
Dealt to Hero [4d 2d]
Dealt to c71c0186 
Dealt to a94b0d33 
c71c0186: folds
a94b0d33: raises $0.14 to $0.24
5d918452: folds
364147e8: calls $0.19
Hero: folds
*** FLOP *** [Js 3c 6d]
364147e8: checks
a94b0d33: bets $0.24
364147e8: folds
Uncalled bet ($0.24) returned to a94b0d33
*** SHOWDOWN ***
a94b0d33 collected $0.55 from pot
*** SUMMARY ***
Total pot $0.58 | Rake $0.03 | Jackpot $0 | Bingo $0 | Fortune $0 | Tax $0
Board [Js 3c 6d]
Seat 1: 5d918452 (button) folded before Flop (didn't bet)
Seat 2: 364147e8 (small blind) folded on the Flop
Seat 3: Hero (big blind) folded before Flop
Seat 5: c71c0186 folded before Flop (didn't bet)
Seat 6: a94b0d33 won ($0.55)


Poker Hand #HD1780777077: Hold'em No Limit ($0.05/$0.1) - 2024/05/20 17:54:07
Table 'NLHRed20' 6-max Seat #6 is the button
Seat 1: 5d918452 ($10.05 in chips)
Seat 2: 364147e8 ($10.58 in chips)
Seat 3: Hero ($12.48 in chips)
Seat 5: c71c0186 ($10 in chips)
Seat 6: a94b0d33 ($10.85 in chips)
5d918452: posts small blind $0.05
364147e8: posts big blind $0.1
*** HOLE CARDS ***
Dealt to 5d918452 
Dealt to 364147e8 
Dealt to Hero [Ad 2s]
Dealt to c71c0186 
Dealt to a94b0d33 
Hero: folds
c71c0186: folds
a94b0d33: raises $0.14 to $0.24
5d918452: folds
364147e8: folds
Uncalled bet ($0.14) returned to a94b0d33
*** SHOWDOWN ***
a94b0d33 collected $0.25 from pot
*** SUMMARY ***
Total pot $0.25 | Rake $0 | Jackpot $0 | Bingo $0 | Fortune $0 | Tax $0
Seat 1: 5d918452 (small blind) folded before Flop
Seat 2: 364147e8 (big blind) folded before Flop
Seat 3: Hero folded before Flop (didn't bet)
Seat 5: c71c0186 folded before Flop (didn't bet)
Seat 6: a94b0d33 (button) collected ($0.25)


Poker Hand #HD1780777016: Hold'em No Limit ($0.05/$0.1) - 2024/05/20 17:53:35
Table 'NLHRed20' 6-max Seat #5 is the button
Seat 1: 5d918452 ($10.15 in chips)
Seat 2: 364147e8 ($10.58 in chips)
Seat 3: Hero ($12.48 in chips)
Seat 5: c71c0186 ($10.32 in chips)
Seat 6: a94b0d33 ($10 in chips)
a94b0d33: posts small blind $0.05
5d918452: posts big blind $0.1
*** HOLE CARDS ***
Dealt to 5d918452 
Dealt to 364147e8 
Dealt to Hero [2d 2c]
Dealt to c71c0186 
Dealt to a94b0d33 
364147e8: folds
Hero: folds
c71c0186: raises $0.15 to $0.25
a94b0d33: raises $0.6 to $0.85
5d918452: folds
c71c0186: calls $0.6
*** FLOP *** [8c Tc Jc]
a94b0d33: bets $0.9
c71c0186: folds
Uncalled bet ($0.9) returned to a94b0d33
*** SHOWDOWN ***
a94b0d33 collected $1.7 from pot
*** SUMMARY ***
Total pot $1.8 | Rake $0.1 | Jackpot $0 | Bingo $0 | Fortune $0 | Tax $0
Board [8c Tc Jc]
Seat 1: 5d918452 (big blind) folded before Flop
Seat 2: 364147e8 folded before Flop (didn't bet)
Seat 3: Hero folded before Flop (didn't bet)
Seat 5: c71c0186 (button) folded on the Flop
Seat 6: a94b0d33 (small blind) won ($1.7)


Poker Hand #HD1780776925: Hold'em No Limit ($0.05/$0.1) - 2024/05/20 17:52:59
Table 'NLHRed20' 6-max Seat #4 is the button
Seat 1: 5d918452 ($10.15 in chips)
Seat 2: 364147e8 ($10.83 in chips)
Seat 3: Hero ($12.48 in chips)
Seat 4: 6f243238 ($12.77 in chips)
Seat 5: c71c0186 ($10 in chips)
Seat 6: a94b0d33 ($10 in chips)
c71c0186: posts small blind $0.05
a94b0d33: posts big blind $0.1
*** HOLE CARDS ***
Dealt to 5d918452 
Dealt to 364147e8 
Dealt to Hero [Ts 6c]
Dealt to 6f243238 
Dealt to c71c0186 
Dealt to a94b0d33 
5d918452: folds
364147e8: raises $0.15 to $0.25
Hero: folds
6f243238: folds
c71c0186: raises $0.85 to $1.1
a94b0d33: folds
364147e8: folds
Uncalled bet ($0.85) returned to c71c0186
*** SHOWDOWN ***
c71c0186 collected $0.57 from pot
*** SUMMARY ***
Total pot $0.6 | Rake $0.03 | Jackpot $0 | Bingo $0 | Fortune $0 | Tax $0
Seat 1: 5d918452 folded before Flop (didn't bet)
Seat 2: 364147e8 folded before Flop
Seat 3: Hero folded before Flop (didn't bet)
Seat 4: 6f243238 (button) folded before Flop (didn't bet)
Seat 5: c71c0186 (small blind) collected ($0.57)
Seat 6: a94b0d33 (big blind) folded before Flop


Poker Hand #HD1780776797: Hold'em No Limit ($0.05/$0.1) - 2024/05/20 17:52:05
Table 'NLHRed20' 6-max Seat #3 is the button
Seat 1: 5d918452 ($10.15 in chips)
Seat 2: 364147e8 ($9.65 in chips)
Seat 3: Hero ($12.48 in chips)
Seat 4: 6f243238 ($13.97 in chips)
Seat 5: c71c0186 ($10 in chips)
6f243238: posts small blind $0.05
c71c0186: posts big blind $0.1
*** HOLE CARDS ***
Dealt to 5d918452 
Dealt to 364147e8 
Dealt to Hero [9s Jh]
Dealt to 6f243238 
Dealt to c71c0186 
5d918452: folds
364147e8: raises $0.15 to $0.25
Hero: folds
6f243238: calls $0.2
c71c0186: folds
*** FLOP *** [7d 3d 5h]
6f243238: checks
364147e8: checks
*** TURN *** [7d 3d 5h] [Ts]
6f243238: checks
364147e8: bets $0.45
6f243238: calls $0.45
*** RIVER *** [7d 3d 5h Ts] [8h]
6f243238: checks
364147e8: bets $0.5
6f243238: calls $0.5
364147e8: shows [Kh Td] (Pair of Tens)
6f243238: shows [8s Js] (Pair of Eights)
*** SHOWDOWN ***
364147e8 collected $2.38 from pot
*** SUMMARY ***
Total pot $2.5 | Rake $0.12 | Jackpot $0 | Bingo $0 | Fortune $0 | Tax $0
Board [7d 3d 5h Ts 8h]
Seat 1: 5d918452 folded before Flop (didn't bet)
Seat 2: 364147e8 showed [Kh Td] and won ($2.38) with Pair of Tens
Seat 3: Hero (button) folded before Flop (didn't bet)
Seat 4: 6f243238 (small blind) showed [8s Js] and lost with Pair of Eights
Seat 5: c71c0186 (big blind) folded before Flop


Poker Hand #HD1780776760: Hold'em No Limit ($0.05/$0.1) - 2024/05/20 17:51:47
Table 'NLHRed20' 6-max Seat #2 is the button
Seat 1: 5d918452 ($10.15 in chips)
Seat 2: 364147e8 ($9.65 in chips)
Seat 3: Hero ($12.53 in chips)
Seat 4: 6f243238 ($13.92 in chips)
Seat 5: c71c0186 ($10 in chips)
Hero: posts small blind $0.05
6f243238: posts big blind $0.1
*** HOLE CARDS ***
Dealt to 5d918452 
Dealt to 364147e8 
Dealt to Hero [5c Tc]
Dealt to 6f243238 
Dealt to c71c0186 
c71c0186: folds
5d918452: folds
364147e8: folds
Hero: folds
Uncalled bet ($0.05) returned to 6f243238
*** SHOWDOWN ***
6f243238 collected $0.1 from pot
*** SUMMARY ***
Total pot $0.1 | Rake $0 | Jackpot $0 | Bingo $0 | Fortune $0 | Tax $0
Seat 1: 5d918452 folded before Flop (didn't bet)
Seat 2: 364147e8 (button) folded before Flop (didn't bet)
Seat 3: Hero (small blind) folded before Flop
Seat 4: 6f243238 (big blind) collected ($0.1)
Seat 5: c71c0186 folded before Flop (didn't bet)


Poker Hand #HD1780776728: Hold'em No Limit ($0.05/$0.1) - 2024/05/20 17:51:31
Table 'NLHRed20' 6-max Seat #1 is the button
Seat 1: 5d918452 ($10.15 in chips)
Seat 2: 364147e8 ($9.7 in chips)
Seat 3: Hero ($12.63 in chips)
Seat 4: 6f243238 ($13.77 in chips)
Seat 5: c71c0186 ($10 in chips)
Seat 6: 91a11e2d ($8.52 in chips)
364147e8: posts small blind $0.05
Hero: posts big blind $0.1
*** HOLE CARDS ***
Dealt to 5d918452 
Dealt to 364147e8 
Dealt to Hero [5d Td]
Dealt to 6f243238 
Dealt to c71c0186 
Dealt to 91a11e2d 
6f243238: raises $0.35 to $0.45
c71c0186: folds
91a11e2d: folds
5d918452: folds
364147e8: folds
Hero: folds
Uncalled bet ($0.35) returned to 6f243238
*** SHOWDOWN ***
6f243238 collected $0.25 from pot
*** SUMMARY ***
Total pot $0.25 | Rake $0 | Jackpot $0 | Bingo $0 | Fortune $0 | Tax $0
Seat 1: 5d918452 (button) folded before Flop (didn't bet)
Seat 2: 364147e8 (small blind) folded before Flop
Seat 3: Hero (big blind) folded before Flop
Seat 4: 6f243238 collected ($0.25)
Seat 5: c71c0186 folded before Flop (didn't bet)
Seat 6: 91a11e2d folded before Flop (didn't bet)


Poker Hand #HD1780776691: Hold'em No Limit ($0.05/$0.1) - 2024/05/20 17:51:17
Table 'NLHRed20' 6-max Seat #6 is the button
Seat 1: 5d918452 ($10.05 in chips)
Seat 2: 364147e8 ($9.8 in chips)
Seat 3: Hero ($12.63 in chips)
Seat 4: 6f243238 ($13.77 in chips)
Seat 5: c71c0186 ($10 in chips)
Seat 6: 91a11e2d ($8.52 in chips)
5d918452: posts small blind $0.05
364147e8: posts big blind $0.1
*** HOLE CARDS ***
Dealt to 5d918452 
Dealt to 364147e8 
Dealt to Hero [Kc 2d]
Dealt to 6f243238 
Dealt to c71c0186 
Dealt to 91a11e2d 
Hero: folds
6f243238: folds
c71c0186: folds
91a11e2d: folds
5d918452: raises $0.2 to $0.3
364147e8: folds
Uncalled bet ($0.2) returned to 5d918452
*** SHOWDOWN ***
5d918452 collected $0.2 from pot
*** SUMMARY ***
Total pot $0.2 | Rake $0 | Jackpot $0 | Bingo $0 | Fortune $0 | Tax $0
Seat 1: 5d918452 (small blind) collected ($0.2)
Seat 2: 364147e8 (big blind) folded before Flop
Seat 3: Hero folded before Flop (didn't bet)
Seat 4: 6f243238 folded before Flop (didn't bet)
Seat 5: c71c0186 folded before Flop (didn't bet)
Seat 6: 91a11e2d (button) folded before Flop (didn't bet)


Poker Hand #HD1780776657: Hold'em No Limit ($0.05/$0.1) - 2024/05/20 17:51:01
Table 'NLHRed20' 6-max Seat #5 is the button
Seat 1: 5d918452 ($10 in chips)
Seat 2: 364147e8 ($9.8 in chips)
Seat 3: Hero ($12.63 in chips)
Seat 4: 6f243238 ($13.77 in chips)
Seat 5: c71c0186 ($10 in chips)
Seat 6: 91a11e2d ($8.57 in chips)
91a11e2d: posts small blind $0.05
5d918452: posts big blind $0.1
*** HOLE CARDS ***
Dealt to 5d918452 
Dealt to 364147e8 
Dealt to Hero [Qs 3c]
Dealt to 6f243238 
Dealt to c71c0186 
Dealt to 91a11e2d 
364147e8: folds
Hero: folds
6f243238: folds
c71c0186: folds
91a11e2d: folds
Uncalled bet ($0.05) returned to 5d918452
*** SHOWDOWN ***
5d918452 collected $0.1 from pot
*** SUMMARY ***
Total pot $0.1 | Rake $0 | Jackpot $0 | Bingo $0 | Fortune $0 | Tax $0
Seat 1: 5d918452 (big blind) collected ($0.1)
Seat 2: 364147e8 folded before Flop (didn't bet)
Seat 3: Hero folded before Flop (didn't bet)
Seat 4: 6f243238 folded before Flop (didn't bet)
Seat 5: c71c0186 (button) folded before Flop (didn't bet)
Seat 6: 91a11e2d (small blind) folded before Flop


Poker Hand #HD1780776531: Hold'em No Limit ($0.05/$0.1) - 2024/05/20 17:50:04
Table 'NLHRed20' 6-max Seat #4 is the button
Seat 1: 5d918452 ($10 in chips)
Seat 2: 364147e8 ($9.8 in chips)
Seat 3: Hero ($12.87 in chips)
Seat 4: 6f243238 ($13.41 in chips)
Seat 5: c71c0186 ($10 in chips)
Seat 6: 91a11e2d ($8.67 in chips)
c71c0186: posts small blind $0.05
91a11e2d: posts big blind $0.1
*** HOLE CARDS ***
Dealt to 5d918452 
Dealt to 364147e8 
Dealt to Hero [Kh 7h]
Dealt to 6f243238 
Dealt to c71c0186 
Dealt to 91a11e2d 
5d918452: folds
364147e8: folds
Hero: raises $0.14 to $0.24
6f243238: calls $0.24
c71c0186: folds
91a11e2d: folds
*** FLOP *** [6s Qc 3h]
Hero: checks
6f243238: checks
*** TURN *** [6s Qc 3h] [8h]
Hero: checks
6f243238: checks
*** RIVER *** [6s Qc 3h 8h] [8c]
Hero: checks
6f243238: checks
Hero: shows [Kh 7h] (Pair of Eights)
6f243238: shows [Ks 9c] (Pair of Eights)
*** SHOWDOWN ***
6f243238 collected $0.6 from pot
*** SUMMARY ***
Total pot $0.63 | Rake $0.03 | Jackpot $0 | Bingo $0 | Fortune $0 | Tax $0
Board [6s Qc 3h 8h 8c]
Seat 1: 5d918452 folded before Flop (didn't bet)
Seat 2: 364147e8 folded before Flop (didn't bet)
Seat 3: Hero showed [Kh 7h] and lost with Pair of Eights
Seat 4: 6f243238 (button) showed [Ks 9c] and won ($0.6) with Pair of Eights
Seat 5: c71c0186 (small blind) folded before Flop
Seat 6: 91a11e2d (big blind) folded before Flop


Poker Hand #HD1780776372: Hold'em No Limit ($0.05/$0.1) - 2024/05/20 17:48:53
Table 'NLHRed20' 6-max Seat #3 is the button
Seat 1: 5d918452 ($10 in chips)
Seat 2: 364147e8 ($9.8 in chips)
Seat 3: Hero ($12.87 in chips)
Seat 4: 6f243238 ($14.01 in chips)
Seat 5: c71c0186 ($10 in chips)
Seat 6: 91a11e2d ($7.94 in chips)
6f243238: posts small blind $0.05
c71c0186: posts big blind $0.1
*** HOLE CARDS ***
Dealt to 5d918452 
Dealt to 364147e8 
Dealt to Hero [9c 7c]
Dealt to 6f243238 
Dealt to c71c0186 
Dealt to 91a11e2d 
91a11e2d: raises $0.1 to $0.2
5d918452: folds
364147e8: folds
Hero: folds
6f243238: calls $0.15
c71c0186: calls $0.1
*** FLOP *** [Ks Jc 4c]
6f243238: checks
c71c0186: checks
91a11e2d: bets $0.4
6f243238: calls $0.4
c71c0186: folds
*** TURN *** [Ks Jc 4c] [Qh]
6f243238: checks
91a11e2d: bets $0.5
6f243238: folds
Uncalled bet ($0.5) returned to 91a11e2d
*** SHOWDOWN ***
91a11e2d collected $1.33 from pot
*** SUMMARY ***
Total pot $1.4 | Rake $0.07 | Jackpot $0 | Bingo $0 | Fortune $0 | Tax $0
Board [Ks Jc 4c Qh]
Seat 1: 5d918452 folded before Flop (didn't bet)
Seat 2: 364147e8 folded before Flop (didn't bet)
Seat 3: Hero (button) folded before Flop (didn't bet)
Seat 4: 6f243238 (small blind) folded on the Turn
Seat 5: c71c0186 (big blind) folded on the Flop
Seat 6: 91a11e2d won ($1.33)


Poker Hand #HD1780776257: Hold'em No Limit ($0.05/$0.1) - 2024/05/20 17:47:59
Table 'NLHRed20' 6-max Seat #2 is the button
Seat 1: 5d918452 ($10 in chips)
Seat 2: 364147e8 ($9.8 in chips)
Seat 3: Hero ($12.92 in chips)
Seat 4: 6f243238 ($13.13 in chips)
Seat 5: c71c0186 ($10 in chips)
Seat 6: 91a11e2d ($7.94 in chips)
Hero: posts small blind $0.05
6f243238: posts big blind $0.1
*** HOLE CARDS ***
Dealt to 5d918452 
Dealt to 364147e8 
Dealt to Hero [Ad 7c]
Dealt to 6f243238 
Dealt to c71c0186 
Dealt to 91a11e2d 
c71c0186: folds
91a11e2d: folds
5d918452: raises $0.1 to $0.2
364147e8: folds
Hero: folds
6f243238: calls $0.1
*** FLOP *** [8d Ah 6d]
6f243238: checks
5d918452: bets $0.15
6f243238: calls $0.15
*** TURN *** [8d Ah 6d] [5h]
6f243238: bets $0.57
5d918452: calls $0.57
*** RIVER *** [8d Ah 6d 5h] [Td]
6f243238: checks
5d918452: checks
6f243238: shows [9h 7h] (Tens-High Straight)
5d918452: shows [Kd As] (Pair of Aces)
*** SHOWDOWN ***
6f243238 collected $1.8 from pot
*** SUMMARY ***
Total pot $1.89 | Rake $0.09 | Jackpot $0 | Bingo $0 | Fortune $0 | Tax $0
Board [8d Ah 6d 5h Td]
Seat 1: 5d918452 showed [Kd As] and lost with Pair of Aces
Seat 2: 364147e8 (button) folded before Flop (didn't bet)
Seat 3: Hero (small blind) folded before Flop
Seat 4: 6f243238 (big blind) showed [9h 7h] and won ($1.8) with Tens-High Straight
Seat 5: c71c0186 folded before Flop (didn't bet)
Seat 6: 91a11e2d folded before Flop (didn't bet)


Poker Hand #HD1780776229: Hold'em No Limit ($0.05/$0.1) - 2024/05/20 17:47:48
Table 'NLHRed20' 6-max Seat #1 is the button
Seat 1: 5d918452 ($10 in chips)
Seat 2: 364147e8 ($9.85 in chips)
Seat 3: Hero ($12.87 in chips)
Seat 4: 6f243238 ($13.13 in chips)
Seat 5: c71c0186 ($10 in chips)
Seat 6: 91a11e2d ($7.94 in chips)
364147e8: posts small blind $0.05
Hero: posts big blind $0.1
*** HOLE CARDS ***
Dealt to 5d918452 
Dealt to 364147e8 
Dealt to Hero [Jd 3s]
Dealt to 6f243238 
Dealt to c71c0186 
Dealt to 91a11e2d 
6f243238: folds
c71c0186: folds
91a11e2d: folds
5d918452: folds
364147e8: folds
Uncalled bet ($0.05) returned to Hero
*** SHOWDOWN ***
Hero collected $0.1 from pot
*** SUMMARY ***
Total pot $0.1 | Rake $0 | Jackpot $0 | Bingo $0 | Fortune $0 | Tax $0
Seat 1: 5d918452 (button) folded before Flop (didn't bet)
Seat 2: 364147e8 (small blind) folded before Flop
Seat 3: Hero (big blind) collected ($0.1)
Seat 4: 6f243238 folded before Flop (didn't bet)
Seat 5: c71c0186 folded before Flop (didn't bet)
Seat 6: 91a11e2d folded before Flop (didn't bet)


Poker Hand #HD1780776069: Hold'em No Limit ($0.05/$0.1) - 2024/05/20 17:46:37
Table 'NLHRed20' 6-max Seat #6 is the button
Seat 1: 5d918452 ($10 in chips)
Seat 2: 364147e8 ($10.35 in chips)
Seat 3: Hero ($11.35 in chips)
Seat 4: 6f243238 ($13.13 in chips)
Seat 5: c71c0186 ($10 in chips)
Seat 6: 91a11e2d ($9.04 in chips)
5d918452: posts small blind $0.05
364147e8: posts big blind $0.1
*** HOLE CARDS ***
Dealt to 5d918452 
Dealt to 364147e8 
Dealt to Hero [Ad Ac]
Dealt to 6f243238 
Dealt to c71c0186 
Dealt to 91a11e2d 
Hero: raises $0.1 to $0.2
6f243238: folds
c71c0186: folds
91a11e2d: calls $0.2
5d918452: folds
364147e8: calls $0.1
*** FLOP *** [Qs 2c 6c]
364147e8: checks
Hero: bets $0.3
91a11e2d: calls $0.3
364147e8: calls $0.3
*** TURN *** [Qs 2c 6c] [Th]
364147e8: checks
Hero: bets $0.6
91a11e2d: calls $0.6
364147e8: folds
*** RIVER *** [Qs 2c 6c Th] [4s]
Hero: checks
91a11e2d: checks
Hero: shows [Ad Ac] (Pair of Aces)
91a11e2d: shows [Ah Tc] (Pair of Tens)
*** SHOWDOWN ***
Hero collected $2.62 from pot
*** SUMMARY ***
Total pot $2.75 | Rake $0.13 | Jackpot $0 | Bingo $0 | Fortune $0 | Tax $0
Board [Qs 2c 6c Th 4s]
Seat 1: 5d918452 (small blind) folded before Flop
Seat 2: 364147e8 (big blind) folded on the Turn
Seat 3: Hero showed [Ad Ac] and won ($2.62) with Pair of Aces
Seat 4: 6f243238 folded before Flop (didn't bet)
Seat 5: c71c0186 folded before Flop (didn't bet)
Seat 6: 91a11e2d (button) showed [Ah Tc] and lost with Pair of Tens


Poker Hand #HD1780776035: Hold'em No Limit ($0.05/$0.1) - 2024/05/20 17:46:26
Table 'NLHRed20' 6-max Seat #5 is the button
Seat 1: 5d918452 ($10 in chips)
Seat 2: 364147e8 ($10.2 in chips)
Seat 3: Hero ($11.35 in chips)
Seat 4: 6f243238 ($13.13 in chips)
Seat 5: c71c0186 ($10 in chips)
Seat 6: 91a11e2d ($9.09 in chips)
91a11e2d: posts small blind $0.05
5d918452: posts big blind $0.1
*** HOLE CARDS ***
Dealt to 5d918452 
Dealt to 364147e8 
Dealt to Hero [7c 7h]
Dealt to 6f243238 
Dealt to c71c0186 
Dealt to 91a11e2d 
364147e8: raises $0.15 to $0.25
Hero: folds
6f243238: folds
c71c0186: folds
91a11e2d: folds
5d918452: folds
Uncalled bet ($0.15) returned to 364147e8
*** SHOWDOWN ***
364147e8 collected $0.25 from pot
*** SUMMARY ***
Total pot $0.25 | Rake $0 | Jackpot $0 | Bingo $0 | Fortune $0 | Tax $0
Seat 1: 5d918452 (big blind) folded before Flop
Seat 2: 364147e8 collected ($0.25)
Seat 3: Hero folded before Flop (didn't bet)
Seat 4: 6f243238 folded before Flop (didn't bet)
Seat 5: c71c0186 (button) folded before Flop (didn't bet)
Seat 6: 91a11e2d (small blind) folded before Flop


Poker Hand #HD1780775967: Hold'em No Limit ($0.05/$0.1) - 2024/05/20 17:45:58
Table 'NLHRed20' 6-max Seat #4 is the button
Seat 1: 956e3e09 ($12.32 in chips)
Seat 2: 364147e8 ($10.2 in chips)
Seat 3: Hero ($11.59 in chips)
Seat 4: 6f243238 ($12.77 in chips)
Seat 5: c71c0186 ($10.05 in chips)
Seat 6: 91a11e2d ($9.19 in chips)
c71c0186: posts small blind $0.05
91a11e2d: posts big blind $0.1
*** HOLE CARDS ***
Dealt to 956e3e09 
Dealt to 364147e8 
Dealt to Hero [Ah 4h]
Dealt to 6f243238 
Dealt to c71c0186 
Dealt to 91a11e2d 
956e3e09: folds
364147e8: folds
Hero: raises $0.14 to $0.24
6f243238: raises $0.91 to $1.15
c71c0186: folds
91a11e2d: folds
Hero: folds
Uncalled bet ($0.91) returned to 6f243238
*** SHOWDOWN ***
6f243238 collected $0.6 from pot
*** SUMMARY ***
Total pot $0.63 | Rake $0.03 | Jackpot $0 | Bingo $0 | Fortune $0 | Tax $0
Seat 1: 956e3e09 folded before Flop (didn't bet)
Seat 2: 364147e8 folded before Flop (didn't bet)
Seat 3: Hero folded before Flop
Seat 4: 6f243238 (button) collected ($0.6)
Seat 5: c71c0186 (small blind) folded before Flop
Seat 6: 91a11e2d (big blind) folded before Flop


Poker Hand #HD1780775944: Hold'em No Limit ($0.05/$0.1) - 2024/05/20 17:45:48
Table 'NLHRed20' 6-max Seat #3 is the button
Seat 1: 956e3e09 ($12.32 in chips)
Seat 2: 364147e8 ($10.2 in chips)
Seat 3: Hero ($11.59 in chips)
Seat 4: 6f243238 ($12.82 in chips)
Seat 5: c71c0186 ($10 in chips)
Seat 6: 91a11e2d ($9.19 in chips)
6f243238: posts small blind $0.05
c71c0186: posts big blind $0.1
*** HOLE CARDS ***
Dealt to 956e3e09 
Dealt to 364147e8 
Dealt to Hero [9d 3c]
Dealt to 6f243238 
Dealt to c71c0186 
Dealt to 91a11e2d 
91a11e2d: folds
956e3e09: folds
364147e8: folds
Hero: folds
6f243238: folds
Uncalled bet ($0.05) returned to c71c0186
*** SHOWDOWN ***
c71c0186 collected $0.1 from pot
*** SUMMARY ***
Total pot $0.1 | Rake $0 | Jackpot $0 | Bingo $0 | Fortune $0 | Tax $0
Seat 1: 956e3e09 folded before Flop (didn't bet)
Seat 2: 364147e8 folded before Flop (didn't bet)
Seat 3: Hero (button) folded before Flop (didn't bet)
Seat 4: 6f243238 (small blind) folded before Flop
Seat 5: c71c0186 (big blind) collected ($0.1)
Seat 6: 91a11e2d folded before Flop (didn't bet)


Poker Hand #HD1780775895: Hold'em No Limit ($0.05/$0.1) - 2024/05/20 17:45:27
Table 'NLHRed20' 6-max Seat #2 is the button
Seat 1: 956e3e09 ($12.56 in chips)
Seat 2: 364147e8 ($10.2 in chips)
Seat 3: Hero ($11.27 in chips)
Seat 4: 6f243238 ($12.92 in chips)
Seat 5: c71c0186 ($10 in chips)
Seat 6: 91a11e2d ($9.19 in chips)
Hero: posts small blind $0.05
6f243238: posts big blind $0.1
*** HOLE CARDS ***
Dealt to 956e3e09 
Dealt to 364147e8 
Dealt to Hero [Qs Qc]
Dealt to 6f243238 
Dealt to c71c0186 
Dealt to 91a11e2d 
c71c0186: folds
91a11e2d: folds
956e3e09: raises $0.14 to $0.24
364147e8: folds
Hero: raises $0.96 to $1.2
6f243238: folds
956e3e09: folds
Uncalled bet ($0.96) returned to Hero
*** SHOWDOWN ***
Hero collected $0.56 from pot
*** SUMMARY ***
Total pot $0.58 | Rake $0.02 | Jackpot $0 | Bingo $0 | Fortune $0 | Tax $0
Seat 1: 956e3e09 folded before Flop
Seat 2: 364147e8 (button) folded before Flop (didn't bet)
Seat 3: Hero (small blind) collected ($0.56)
Seat 4: 6f243238 (big blind) folded before Flop
Seat 5: c71c0186 folded before Flop (didn't bet)
Seat 6: 91a11e2d folded before Flop (didn't bet)


Poker Hand #HD1780775818: Hold'em No Limit ($0.05/$0.1) - 2024/05/20 17:44:55
Table 'NLHRed20' 6-max Seat #1 is the button
Seat 1: 956e3e09 ($12.56 in chips)
Seat 2: 364147e8 ($10.25 in chips)
Seat 3: Hero ($11.37 in chips)
Seat 4: 6f243238 ($12.92 in chips)
Seat 5: c71c0186 ($10 in chips)
Seat 6: 91a11e2d ($9.05 in chips)
364147e8: posts small blind $0.05
Hero: posts big blind $0.1
*** HOLE CARDS ***
Dealt to 956e3e09 
Dealt to 364147e8 
Dealt to Hero [4h Qs]
Dealt to 6f243238 
Dealt to c71c0186 
Dealt to 91a11e2d 
6f243238: folds
c71c0186: folds
91a11e2d: calls $0.1
956e3e09: folds
364147e8: folds
Hero: checks
*** FLOP *** [3s Kd Td]
Hero: checks
91a11e2d: bets $0.3
Hero: folds
Uncalled bet ($0.3) returned to 91a11e2d
*** SHOWDOWN ***
91a11e2d collected $0.24 from pot
*** SUMMARY ***
Total pot $0.25 | Rake $0.01 | Jackpot $0 | Bingo $0 | Fortune $0 | Tax $0
Board [3s Kd Td]
Seat 1: 956e3e09 (button) folded before Flop (didn't bet)
Seat 2: 364147e8 (small blind) folded before Flop
Seat 3: Hero (big blind) folded on the Flop
Seat 4: 6f243238 folded before Flop (didn't bet)
Seat 5: c71c0186 folded before Flop (didn't bet)
Seat 6: 91a11e2d won ($0.24)


Poker Hand #HD1780775718: Hold'em No Limit ($0.05/$0.1) - 2024/05/20 17:44:08
Table 'NLHRed20' 6-max Seat #6 is the button
Seat 1: 956e3e09 ($12.61 in chips)
Seat 2: 364147e8 ($10.35 in chips)
Seat 3: Hero ($11.37 in chips)
Seat 4: 6f243238 ($12.92 in chips)
Seat 5: c71c0186 ($10 in chips)
Seat 6: 91a11e2d ($8.41 in chips)
956e3e09: posts small blind $0.05
364147e8: posts big blind $0.1
*** HOLE CARDS ***
Dealt to 956e3e09 
Dealt to 364147e8 
Dealt to Hero [7h 4c]
Dealt to 6f243238 
Dealt to c71c0186 
Dealt to 91a11e2d 
Hero: folds
6f243238: folds
c71c0186: raises $0.2 to $0.3
91a11e2d: calls $0.3
956e3e09: folds
364147e8: folds
*** FLOP *** [9c 7s Kd]
c71c0186: bets $0.25
91a11e2d: calls $0.25
*** TURN *** [9c 7s Kd] [6c]
c71c0186: checks
91a11e2d: bets $0.6
c71c0186: folds
Uncalled bet ($0.6) returned to 91a11e2d
*** SHOWDOWN ***
91a11e2d collected $1.19 from pot
*** SUMMARY ***
Total pot $1.25 | Rake $0.06 | Jackpot $0 | Bingo $0 | Fortune $0 | Tax $0
Board [9c 7s Kd 6c]
Seat 1: 956e3e09 (small blind) folded before Flop
Seat 2: 364147e8 (big blind) folded before Flop
Seat 3: Hero folded before Flop (didn't bet)
Seat 4: 6f243238 folded before Flop (didn't bet)
Seat 5: c71c0186 folded on the Turn
Seat 6: 91a11e2d (button) won ($1.19)


Poker Hand #HD1780775647: Hold'em No Limit ($0.05/$0.1) - 2024/05/20 17:43:34
Table 'NLHRed20' 6-max Seat #5 is the button
Seat 1: 956e3e09 ($12.43 in chips)
Seat 2: 364147e8 ($10.35 in chips)
Seat 3: Hero ($11.37 in chips)
Seat 4: 6f243238 ($12.92 in chips)
Seat 5: c71c0186 ($10 in chips)
Seat 6: 91a11e2d ($8.61 in chips)
91a11e2d: posts small blind $0.05
956e3e09: posts big blind $0.1
*** HOLE CARDS ***
Dealt to 956e3e09 
Dealt to 364147e8 
Dealt to Hero [Ks 2d]
Dealt to 6f243238 
Dealt to c71c0186 
Dealt to 91a11e2d 
364147e8: folds
Hero: folds
6f243238: folds
c71c0186: folds
91a11e2d: raises $0.1 to $0.2
956e3e09: raises $0.55 to $0.75
91a11e2d: folds
Uncalled bet ($0.55) returned to 956e3e09
*** SHOWDOWN ***
956e3e09 collected $0.38 from pot
*** SUMMARY ***
Total pot $0.4 | Rake $0.02 | Jackpot $0 | Bingo $0 | Fortune $0 | Tax $0
Seat 1: 956e3e09 (big blind) collected ($0.38)
Seat 2: 364147e8 folded before Flop (didn't bet)
Seat 3: Hero folded before Flop (didn't bet)
Seat 4: 6f243238 folded before Flop (didn't bet)
Seat 5: c71c0186 (button) folded before Flop (didn't bet)
Seat 6: 91a11e2d (small blind) folded before Flop


Poker Hand #HD1780685520: Hold'em No Limit ($0.05/$0.1) - 2024/05/20 17:42:40
Table 'NLHRed20' 6-max Seat #4 is the button
Seat 1: 956e3e09 ($12.43 in chips)
Seat 2: 364147e8 ($10.35 in chips)
Seat 3: Hero ($11.61 in chips)
Seat 4: 6f243238 ($12.42 in chips)
Seat 5: c71c0186 ($10 in chips)
Seat 6: 91a11e2d ($8.85 in chips)
c71c0186: posts small blind $0.05
91a11e2d: posts big blind $0.1
*** HOLE CARDS ***
Dealt to 956e3e09 
Dealt to 364147e8 
Dealt to Hero [8h 8c]
Dealt to 6f243238 
Dealt to c71c0186 
Dealt to 91a11e2d 
956e3e09: folds
364147e8: folds
Hero: raises $0.14 to $0.24
6f243238: calls $0.24
c71c0186: folds
91a11e2d: calls $0.14
*** FLOP *** [3h Jh Kc]
91a11e2d: checks
Hero: checks
6f243238: checks
*** TURN *** [3h Jh Kc] [6h]
91a11e2d: checks
Hero: checks
6f243238: bets $0.58
91a11e2d: folds
Hero: folds
Uncalled bet ($0.58) returned to 6f243238
*** SHOWDOWN ***
6f243238 collected $0.74 from pot
*** SUMMARY ***
Total pot $0.77 | Rake $0.03 | Jackpot $0 | Bingo $0 | Fortune $0 | Tax $0
Board [3h Jh Kc 6h]
Seat 1: 956e3e09 folded before Flop (didn't bet)
Seat 2: 364147e8 folded before Flop (didn't bet)
Seat 3: Hero folded on the Turn
Seat 4: 6f243238 (button) won ($0.74)
Seat 5: c71c0186 (small blind) folded before Flop
Seat 6: 91a11e2d (big blind) folded on the Turn


Poker Hand #HD1780685397: Hold'em No Limit ($0.05/$0.1) - 2024/05/20 17:41:46
Table 'NLHRed20' 6-max Seat #3 is the button
Seat 1: 956e3e09 ($12.43 in chips)
Seat 2: 364147e8 ($10.35 in chips)
Seat 3: Hero ($12.05 in chips)
Seat 4: 6f243238 ($11.92 in chips)
Seat 5: c71c0186 ($10 in chips)
Seat 6: 91a11e2d ($8.85 in chips)
6f243238: posts small blind $0.05
c71c0186: posts big blind $0.1
*** HOLE CARDS ***
Dealt to 956e3e09 
Dealt to 364147e8 
Dealt to Hero [Qs Js]
Dealt to 6f243238 
Dealt to c71c0186 
Dealt to 91a11e2d 
91a11e2d: folds
956e3e09: folds
364147e8: folds
Hero: raises $0.14 to $0.24
6f243238: calls $0.19
c71c0186: folds
*** FLOP *** [Ah Kd 9h]
6f243238: checks
Hero: bets $0.2
6f243238: calls $0.2
*** TURN *** [Ah Kd 9h] [Kh]
6f243238: checks
Hero: checks
*** RIVER *** [Ah Kd 9h Kh] [4d]
6f243238: checks
Hero: checks
6f243238: shows [4h 3h] (Ace High Flush)
Hero: shows [Qs Js] (Pair of Kings)
*** SHOWDOWN ***
6f243238 collected $0.94 from pot
*** SUMMARY ***
Total pot $0.98 | Rake $0.04 | Jackpot $0 | Bingo $0 | Fortune $0 | Tax $0
Board [Ah Kd 9h Kh 4d]
Seat 1: 956e3e09 folded before Flop (didn't bet)
Seat 2: 364147e8 folded before Flop (didn't bet)
Seat 3: Hero (button) showed [Qs Js] and lost with Pair of Kings
Seat 4: 6f243238 (small blind) showed [4h 3h] and won ($0.94) with Ace High Flush
Seat 5: c71c0186 (big blind) folded before Flop
Seat 6: 91a11e2d folded before Flop (didn't bet)


Poker Hand #HD1780685327: Hold'em No Limit ($0.05/$0.1) - 2024/05/20 17:41:08
Table 'NLHRed20' 6-max Seat #2 is the button
Seat 1: 956e3e09 ($12.43 in chips)
Seat 2: 364147e8 ($9.7 in chips)
Seat 3: Hero ($12.1 in chips)
Seat 4: 6f243238 ($12.59 in chips)
Seat 6: 91a11e2d ($8.85 in chips)
Hero: posts small blind $0.05
6f243238: posts big blind $0.1
*** HOLE CARDS ***
Dealt to 956e3e09 
Dealt to 364147e8 
Dealt to Hero [5d 8s]
Dealt to 6f243238 
Dealt to 91a11e2d 
91a11e2d: folds
956e3e09: folds
364147e8: raises $0.15 to $0.25
Hero: folds
6f243238: calls $0.15
*** FLOP *** [5s Qc 5c]
6f243238: checks
364147e8: bets $0.42
6f243238: calls $0.42
*** TURN *** [5s Qc 5c] [4s]
6f243238: checks
364147e8: checks
*** RIVER *** [5s Qc 5c 4s] [7d]
6f243238: checks
364147e8: checks
6f243238: shows [Ah 9d] (Pair of Fives)
364147e8: shows [4h 6h] (Pair of Fives and Pair of Fours)
*** SHOWDOWN ***
364147e8 collected $1.32 from pot
*** SUMMARY ***
Total pot $1.39 | Rake $0.07 | Jackpot $0 | Bingo $0 | Fortune $0 | Tax $0
Board [5s Qc 5c 4s 7d]
Seat 1: 956e3e09 folded before Flop (didn't bet)
Seat 2: 364147e8 (button) showed [4h 6h] and won ($1.32) with Pair of Fives and Pair of Fours
Seat 3: Hero (small blind) folded before Flop
Seat 4: 6f243238 (big blind) showed [Ah 9d] and lost with Pair of Fives
Seat 6: 91a11e2d folded before Flop (didn't bet)


Poker Hand #HD1780685298: Hold'em No Limit ($0.05/$0.1) - 2024/05/20 17:40:57
Table 'NLHRed20' 6-max Seat #1 is the button
Seat 1: 956e3e09 ($12.28 in chips)
Seat 2: 364147e8 ($9.75 in chips)
Seat 3: Hero ($12.2 in chips)
Seat 4: 6f243238 ($12.59 in chips)
Seat 6: 91a11e2d ($8.85 in chips)
364147e8: posts small blind $0.05
Hero: posts big blind $0.1
*** HOLE CARDS ***
Dealt to 956e3e09 
Dealt to 364147e8 
Dealt to Hero [6d Jc]
Dealt to 6f243238 
Dealt to 91a11e2d 
6f243238: folds
91a11e2d: folds
956e3e09: raises $0.14 to $0.24
364147e8: folds
Hero: folds
Uncalled bet ($0.14) returned to 956e3e09
*** SHOWDOWN ***
956e3e09 collected $0.25 from pot
*** SUMMARY ***
Total pot $0.25 | Rake $0 | Jackpot $0 | Bingo $0 | Fortune $0 | Tax $0
Seat 1: 956e3e09 (button) collected ($0.25)
Seat 2: 364147e8 (small blind) folded before Flop
Seat 3: Hero (big blind) folded before Flop
Seat 4: 6f243238 folded before Flop (didn't bet)
Seat 6: 91a11e2d folded before Flop (didn't bet)


Poker Hand #HD1780685116: Hold'em No Limit ($0.05/$0.1) - 2024/05/20 17:39:35
Table 'NLHRed20' 6-max Seat #6 is the button
Seat 1: 956e3e09 ($12.33 in chips)
Seat 2: 364147e8 ($9.85 in chips)
Seat 3: Hero ($12.7 in chips)
Seat 4: 6f243238 ($11.07 in chips)
Seat 5: e819ca4c ($10 in chips)
Seat 6: 91a11e2d ($9.85 in chips)
956e3e09: posts small blind $0.05
364147e8: posts big blind $0.1
*** HOLE CARDS ***
Dealt to 956e3e09 
Dealt to 364147e8 
Dealt to Hero [Tc 8c]
Dealt to 6f243238 
Dealt to e819ca4c 
Dealt to 91a11e2d 
Hero: raises $0.1 to $0.2
6f243238: calls $0.2
e819ca4c: folds
91a11e2d: calls $0.2
956e3e09: folds
364147e8: folds
*** FLOP *** [Ad 7c Ts]
Hero: checks
6f243238: checks
91a11e2d: bets $0.3
Hero: calls $0.3
6f243238: calls $0.3
*** TURN *** [Ad 7c Ts] [7s]
Hero: checks
6f243238: checks
91a11e2d: bets $0.5
Hero: folds
6f243238: raises $1.33 to $1.83
91a11e2d: folds
Uncalled bet ($1.33) returned to 6f243238
*** SHOWDOWN ***
6f243238 collected $2.52 from pot
*** SUMMARY ***
Total pot $2.65 | Rake $0.13 | Jackpot $0 | Bingo $0 | Fortune $0 | Tax $0
Board [Ad 7c Ts 7s]
Seat 1: 956e3e09 (small blind) folded before Flop
Seat 2: 364147e8 (big blind) folded before Flop
Seat 3: Hero folded on the Turn
Seat 4: 6f243238 won ($2.52)
Seat 5: e819ca4c folded before Flop (didn't bet)
Seat 6: 91a11e2d (button) folded on the Turn


Poker Hand #HD1780685078: Hold'em No Limit ($0.05/$0.1) - 2024/05/20 17:39:17
Table 'NLHRed20' 6-max Seat #5 is the button
Seat 1: 956e3e09 ($12.28 in chips)
Seat 2: 364147e8 ($9.85 in chips)
Seat 3: Hero ($12.7 in chips)
Seat 4: 6f243238 ($11.07 in chips)
Seat 5: e819ca4c ($10 in chips)
Seat 6: 91a11e2d ($9.9 in chips)
91a11e2d: posts small blind $0.05
956e3e09: posts big blind $0.1
*** HOLE CARDS ***
Dealt to 956e3e09 
Dealt to 364147e8 
Dealt to Hero [4s Jd]
Dealt to 6f243238 
Dealt to e819ca4c 
Dealt to 91a11e2d 
364147e8: folds
Hero: folds
6f243238: folds
e819ca4c: folds
91a11e2d: folds
Uncalled bet ($0.05) returned to 956e3e09
*** SHOWDOWN ***
956e3e09 collected $0.1 from pot
*** SUMMARY ***
Total pot $0.1 | Rake $0 | Jackpot $0 | Bingo $0 | Fortune $0 | Tax $0
Seat 1: 956e3e09 (big blind) collected ($0.1)
Seat 2: 364147e8 folded before Flop (didn't bet)
Seat 3: Hero folded before Flop (didn't bet)
Seat 4: 6f243238 folded before Flop (didn't bet)
Seat 5: e819ca4c (button) folded before Flop (didn't bet)
Seat 6: 91a11e2d (small blind) folded before Flop


Poker Hand #HD1780684955: Hold'em No Limit ($0.05/$0.1) - 2024/05/20 17:38:18
Table 'NLHRed20' 6-max Seat #4 is the button
Seat 1: 956e3e09 ($12.28 in chips)
Seat 2: 364147e8 ($9.85 in chips)
Seat 3: Hero ($12.7 in chips)
Seat 4: 6f243238 ($10 in chips)
Seat 5: e819ca4c ($10.29 in chips)
Seat 6: 91a11e2d ($10 in chips)
e819ca4c: posts small blind $0.05
91a11e2d: posts big blind $0.1
*** HOLE CARDS ***
Dealt to 956e3e09 
Dealt to 364147e8 
Dealt to Hero [6s 2c]
Dealt to 6f243238 
Dealt to e819ca4c 
Dealt to 91a11e2d 
956e3e09: folds
364147e8: folds
Hero: folds
6f243238: raises $0.2 to $0.3
e819ca4c: calls $0.25
91a11e2d: folds
*** FLOP *** [7s 7d 6c]
e819ca4c: checks
6f243238: checks
*** TURN *** [7s 7d 6c] [3s]
e819ca4c: checks
6f243238: checks
*** RIVER *** [7s 7d 6c 3s] [Th]
e819ca4c: bets $0.1
6f243238: raises $0.68 to $0.78
e819ca4c: calls $0.68
6f243238: shows [Kd Ts] (Pair of Tens and Pair of Sevens)
e819ca4c: shows [9h Ah] (Pair of Sevens)
*** SHOWDOWN ***
6f243238 collected $2.15 from pot
*** SUMMARY ***
Total pot $2.26 | Rake $0.11 | Jackpot $0 | Bingo $0 | Fortune $0 | Tax $0
Board [7s 7d 6c 3s Th]
Seat 1: 956e3e09 folded before Flop (didn't bet)
Seat 2: 364147e8 folded before Flop (didn't bet)
Seat 3: Hero folded before Flop (didn't bet)
Seat 4: 6f243238 (button) showed [Kd Ts] and won ($2.15) with Pair of Tens and Pair of Sevens
Seat 5: e819ca4c (small blind) showed [9h Ah] and lost with Pair of Sevens
Seat 6: 91a11e2d (big blind) folded before Flop


Poker Hand #HD1780684936: Hold'em No Limit ($0.05/$0.1) - 2024/05/20 17:38:09
Table 'NLHRed20' 6-max Seat #3 is the button
Seat 1: 956e3e09 ($12.28 in chips)
Seat 2: 364147e8 ($9.85 in chips)
Seat 3: Hero ($12.7 in chips)
Seat 4: 6f243238 ($10 in chips)
Seat 5: e819ca4c ($10.24 in chips)
6f243238: posts small blind $0.05
e819ca4c: posts big blind $0.1
*** HOLE CARDS ***
Dealt to 956e3e09 
Dealt to 364147e8 
Dealt to Hero [Jc 2h]
Dealt to 6f243238 
Dealt to e819ca4c 
956e3e09: folds
364147e8: folds
Hero: folds
6f243238: folds
Uncalled bet ($0.05) returned to e819ca4c
*** SHOWDOWN ***
e819ca4c collected $0.1 from pot
*** SUMMARY ***
Total pot $0.1 | Rake $0 | Jackpot $0 | Bingo $0 | Fortune $0 | Tax $0
Seat 1: 956e3e09 folded before Flop (didn't bet)
Seat 2: 364147e8 folded before Flop (didn't bet)
Seat 3: Hero (button) folded before Flop (didn't bet)
Seat 4: 6f243238 (small blind) folded before Flop
Seat 5: e819ca4c (big blind) collected ($0.1)


Poker Hand #HD1780684899: Hold'em No Limit ($0.05/$0.1) - 2024/05/20 17:37:50
Table 'NLHRed20' 6-max Seat #2 is the button
Seat 1: 956e3e09 ($12.13 in chips)
Seat 2: 364147e8 ($9.85 in chips)
Seat 3: Hero ($12.75 in chips)
Seat 4: 6f243238 ($10 in chips)
Seat 5: e819ca4c ($10.24 in chips)
Hero: posts small blind $0.05
6f243238: posts big blind $0.1
*** HOLE CARDS ***
Dealt to 956e3e09 
Dealt to 364147e8 
Dealt to Hero [6d 2c]
Dealt to 6f243238 
Dealt to e819ca4c 
e819ca4c: folds
956e3e09: raises $0.14 to $0.24
364147e8: folds
Hero: folds
6f243238: folds
Uncalled bet ($0.14) returned to 956e3e09
*** SHOWDOWN ***
956e3e09 collected $0.25 from pot
*** SUMMARY ***
Total pot $0.25 | Rake $0 | Jackpot $0 | Bingo $0 | Fortune $0 | Tax $0
Seat 1: 956e3e09 collected ($0.25)
Seat 2: 364147e8 (button) folded before Flop (didn't bet)
Seat 3: Hero (small blind) folded before Flop
Seat 4: 6f243238 (big blind) folded before Flop
Seat 5: e819ca4c folded before Flop (didn't bet)


Poker Hand #HD1780684840: Hold'em No Limit ($0.05/$0.1) - 2024/05/20 17:37:25
Table 'NLHRed20' 6-max Seat #1 is the button
Seat 1: 956e3e09 ($12.13 in chips)
Seat 2: 364147e8 ($9.9 in chips)
Seat 3: Hero ($12.7 in chips)
Seat 4: 6f243238 ($10 in chips)
Seat 5: e819ca4c ($10.24 in chips)
364147e8: posts small blind $0.05
Hero: posts big blind $0.1
*** HOLE CARDS ***
Dealt to 956e3e09 
Dealt to 364147e8 
Dealt to Hero [3d As]
Dealt to 6f243238 
Dealt to e819ca4c 
6f243238: folds
e819ca4c: folds
956e3e09: folds
364147e8: folds
Uncalled bet ($0.05) returned to Hero
*** SHOWDOWN ***
Hero collected $0.1 from pot
*** SUMMARY ***
Total pot $0.1 | Rake $0 | Jackpot $0 | Bingo $0 | Fortune $0 | Tax $0
Seat 1: 956e3e09 (button) folded before Flop (didn't bet)
Seat 2: 364147e8 (small blind) folded before Flop
Seat 3: Hero (big blind) collected ($0.1)
Seat 4: 6f243238 folded before Flop (didn't bet)
Seat 5: e819ca4c folded before Flop (didn't bet)


Poker Hand #HD1780684783: Hold'em No Limit ($0.05/$0.1) - 2024/05/20 17:36:57
Table 'NLHRed20' 6-max Seat #5 is the button
Seat 1: 956e3e09 ($12.18 in chips)
Seat 2: 364147e8 ($10 in chips)
Seat 3: Hero ($12.7 in chips)
Seat 4: 6f243238 ($10 in chips)
Seat 5: e819ca4c ($10 in chips)
956e3e09: posts small blind $0.05
364147e8: posts big blind $0.1
*** HOLE CARDS ***
Dealt to 956e3e09 
Dealt to 364147e8 
Dealt to Hero [2d 2s]
Dealt to 6f243238 
Dealt to e819ca4c 
Hero: folds
6f243238: calls $0.1
e819ca4c: raises $0.5 to $0.6
956e3e09: folds
364147e8: folds
6f243238: folds
Uncalled bet ($0.5) returned to e819ca4c
*** SHOWDOWN ***
e819ca4c collected $0.34 from pot
*** SUMMARY ***
Total pot $0.35 | Rake $0.01 | Jackpot $0 | Bingo $0 | Fortune $0 | Tax $0
Seat 1: 956e3e09 (small blind) folded before Flop
Seat 2: 364147e8 (big blind) folded before Flop
Seat 3: Hero folded before Flop (didn't bet)
Seat 4: 6f243238 folded before Flop
Seat 5: e819ca4c (button) collected ($0.34)


Poker Hand #HD1780684669: Hold'em No Limit ($0.05/$0.1) - 2024/05/20 17:36:02
Table 'NLHRed20' 6-max Seat #4 is the button
Seat 1: 956e3e09 ($13.28 in chips)
Seat 3: Hero ($11.48 in chips)
Seat 4: 6f243238 ($10 in chips)
Seat 5: e819ca4c ($10 in chips)
e819ca4c: posts small blind $0.05
956e3e09: posts big blind $0.1
*** HOLE CARDS ***
Dealt to 956e3e09 
Dealt to Hero [Tc Th]
Dealt to 6f243238 
Dealt to e819ca4c 
Hero: raises $0.14 to $0.24
6f243238: folds
e819ca4c: calls $0.19
956e3e09: raises $0.86 to $1.1
Hero: calls $0.86
e819ca4c: folds
*** FLOP *** [5s 8d 7d]
956e3e09: checks
Hero: bets $1
956e3e09: folds
Uncalled bet ($1) returned to Hero
*** SHOWDOWN ***
Hero collected $2.32 from pot
*** SUMMARY ***
Total pot $2.44 | Rake $0.12 | Jackpot $0 | Bingo $0 | Fortune $0 | Tax $0
Board [5s 8d 7d]
Seat 1: 956e3e09 (big blind) folded on the Flop
Seat 3: Hero won ($2.32)
Seat 4: 6f243238 (button) folded before Flop (didn't bet)
Seat 5: e819ca4c (small blind) folded before Flop


Poker Hand #HD1780684567: Hold'em No Limit ($0.05/$0.1) - 2024/05/20 17:35:11
Table 'NLHRed20' 6-max Seat #3 is the button
Seat 1: 956e3e09 ($13.28 in chips)
Seat 3: Hero ($10.27 in chips)
Seat 4: 6f243238 ($10 in chips)
Seat 5: e819ca4c ($10.22 in chips)
6f243238: posts small blind $0.05
e819ca4c: posts big blind $0.1
*** HOLE CARDS ***
Dealt to 956e3e09 
Dealt to Hero [Ks 9c]
Dealt to 6f243238 
Dealt to e819ca4c 
956e3e09: folds
Hero: raises $0.14 to $0.24
6f243238: folds
e819ca4c: calls $0.14
*** FLOP *** [5h 9s Ah]
e819ca4c: bets $0.3
Hero: calls $0.3
*** TURN *** [5h 9s Ah] [5s]
e819ca4c: checks
Hero: checks
*** RIVER *** [5h 9s Ah 5s] [9h]
e819ca4c: checks
Hero: bets $0.75
e819ca4c: calls $0.75
Hero: shows [Ks 9c] (Nines Full over Fives)
e819ca4c: shows [Ad 8h] (Pair of Aces and Pair of Nines)
*** SHOWDOWN ***
Hero collected $2.5 from pot
*** SUMMARY ***
Total pot $2.63 | Rake $0.13 | Jackpot $0 | Bingo $0 | Fortune $0 | Tax $0
Board [5h 9s Ah 5s 9h]
Seat 1: 956e3e09 folded before Flop (didn't bet)
Seat 3: Hero (button) showed [Ks 9c] and won ($2.5) with Nines Full over Fives
Seat 4: 6f243238 (small blind) folded before Flop
Seat 5: e819ca4c (big blind) showed [Ad 8h] and lost with Pair of Aces and Pair of Nines


Poker Hand #HD1780684515: Hold'em No Limit ($0.05/$0.1) - 2024/05/20 17:34:42
Table 'NLHRed20' 6-max Seat #2 is the button
Seat 1: 956e3e09 ($13.28 in chips)
Seat 2: bd85e532 ($3.8 in chips)
Seat 3: Hero ($10 in chips)
Seat 4: 6f243238 ($10 in chips)
Seat 5: e819ca4c ($10.22 in chips)
Hero: posts small blind $0.05
6f243238: posts big blind $0.1
*** HOLE CARDS ***
Dealt to 956e3e09 
Dealt to bd85e532 
Dealt to Hero [Jd Ks]
Dealt to 6f243238 
Dealt to e819ca4c 
e819ca4c: folds
956e3e09: folds
bd85e532: folds
Hero: raises $0.2 to $0.3
6f243238: calls $0.2
*** FLOP *** [Qd Ts 7h]
Hero: bets $0.3
6f243238: folds
Uncalled bet ($0.3) returned to Hero
*** SHOWDOWN ***
Hero collected $0.57 from pot
*** SUMMARY ***
Total pot $0.6 | Rake $0.03 | Jackpot $0 | Bingo $0 | Fortune $0 | Tax $0
Board [Qd Ts 7h]
Seat 1: 956e3e09 folded before Flop (didn't bet)
Seat 2: bd85e532 (button) folded before Flop (didn't bet)
Seat 3: Hero (small blind) won ($0.57)
Seat 4: 6f243238 (big blind) folded on the Flop
Seat 5: e819ca4c folded before Flop (didn't bet)


Poker Hand #HD1780684420: Hold'em No Limit ($0.05/$0.1) - 2024/05/20 17:33:57
Table 'NLHRed20' 6-max Seat #1 is the button
Seat 1: 956e3e09 ($12.96 in chips)
Seat 2: bd85e532 ($4.04 in chips)
Seat 3: Hero ($10 in chips)
Seat 5: e819ca4c ($10.22 in chips)
bd85e532: posts small blind $0.05
Hero: posts big blind $0.1
*** HOLE CARDS ***
Dealt to 956e3e09 
Dealt to bd85e532 
Dealt to Hero [2s 2c]
Dealt to e819ca4c 
e819ca4c: folds
956e3e09: raises $0.14 to $0.24
bd85e532: calls $0.19
Hero: folds
*** FLOP *** [Qs 5c 2h]
bd85e532: checks
956e3e09: bets $0.25
bd85e532: folds
Uncalled bet ($0.25) returned to 956e3e09
*** SHOWDOWN ***
956e3e09 collected $0.56 from pot
*** SUMMARY ***
Total pot $0.58 | Rake $0.02 | Jackpot $0 | Bingo $0 | Fortune $0 | Tax $0
Board [Qs 5c 2h]
Seat 1: 956e3e09 (button) won ($0.56)
Seat 2: bd85e532 (small blind) folded on the Flop
Seat 3: Hero (big blind) folded before Flop
Seat 5: e819ca4c folded before Flop (didn't bet)


Poker Hand #HD1780684268: Hold'em No Limit ($0.05/$0.1) - 2024/05/20 17:32:42
Table 'NLHRed20' 6-max Seat #6 is the button
Seat 1: 956e3e09 ($13.01 in chips)
Seat 2: bd85e532 ($2.15 in chips)
Seat 3: Hero ($10 in chips)
Seat 5: e819ca4c ($10.22 in chips)
Seat 6: 47a11beb ($11.74 in chips)
956e3e09: posts small blind $0.05
bd85e532: posts big blind $0.1
*** HOLE CARDS ***
Dealt to 956e3e09 
Dealt to bd85e532 
Dealt to Hero [As Ac]
Dealt to e819ca4c 
Dealt to 47a11beb 
Hero: raises $0.1 to $0.2
e819ca4c: folds
47a11beb: folds
956e3e09: folds
bd85e532: raises $0.38 to $0.58
Hero: raises $1.52 to $2.1
bd85e532: calls $1.52
*** FLOP *** [4d 6h 7d]
bd85e532: checks
Hero: bets $0.1
bd85e532: calls $0.05 and is all-in
Uncalled bet ($0.05) returned to Hero
Hero: shows [As Ac] (Pair of Aces)
bd85e532: shows [7s 7h] (Three Sevens)
*** TURN *** [4d 6h 7d] [3h]
*** RIVER *** [4d 6h 7d 3h] [Ts]
*** SHOWDOWN ***
bd85e532 collected $4.04 from pot
*** SUMMARY ***
Total pot $4.35 | Rake $0.21 | Jackpot $0.1 | Bingo $0 | Fortune $0 | Tax $0
Board [4d 6h 7d 3h Ts]
Seat 1: 956e3e09 (small blind) folded before Flop
Seat 2: bd85e532 (big blind) showed [7s 7h] and won ($4.04) with Three Sevens
Seat 3: Hero showed [As Ac] and lost with Pair of Aces
Seat 5: e819ca4c folded before Flop (didn't bet)
Seat 6: 47a11beb (button) folded before Flop (didn't bet)


Poker Hand #HD1780684230: Hold'em No Limit ($0.05/$0.1) - 2024/05/20 17:32:28
Table 'NLHRed20' 6-max Seat #5 is the button
Seat 1: 956e3e09 ($12.96 in chips)
Seat 2: bd85e532 ($2.15 in chips)
Seat 3: Hero ($10 in chips)
Seat 5: e819ca4c ($10.22 in chips)
Seat 6: 47a11beb ($11.79 in chips)
47a11beb: posts small blind $0.05
956e3e09: posts big blind $0.1
*** HOLE CARDS ***
Dealt to 956e3e09 
Dealt to bd85e532 
Dealt to Hero [6c 5s]
Dealt to e819ca4c 
Dealt to 47a11beb 
bd85e532: folds
Hero: folds
e819ca4c: folds
47a11beb: folds
Uncalled bet ($0.05) returned to 956e3e09
*** SHOWDOWN ***
956e3e09 collected $0.1 from pot
*** SUMMARY ***
Total pot $0.1 | Rake $0 | Jackpot $0 | Bingo $0 | Fortune $0 | Tax $0
Seat 1: 956e3e09 (big blind) collected ($0.1)
Seat 2: bd85e532 folded before Flop (didn't bet)
Seat 3: Hero folded before Flop (didn't bet)
Seat 5: e819ca4c (button) folded before Flop (didn't bet)
Seat 6: 47a11beb (small blind) folded before Flop


Poker Hand #HD1780684196: Hold'em No Limit ($0.05/$0.1) - 2024/05/20 17:32:10
Table 'NLHRed20' 6-max Seat #3 is the button
Seat 1: 956e3e09 ($12.96 in chips)
Seat 2: bd85e532 ($2 in chips)
Seat 3: Hero ($10 in chips)
Seat 5: e819ca4c ($10.27 in chips)
Seat 6: 47a11beb ($11.89 in chips)
e819ca4c: posts small blind $0.05
47a11beb: posts big blind $0.1
*** HOLE CARDS ***
Dealt to 956e3e09 
Dealt to bd85e532 
Dealt to Hero [7c 5s]
Dealt to e819ca4c 
Dealt to 47a11beb 
956e3e09: folds
bd85e532: raises $0.13 to $0.23
Hero: folds
e819ca4c: folds
47a11beb: folds
Uncalled bet ($0.13) returned to bd85e532
*** SHOWDOWN ***
bd85e532 collected $0.25 from pot
*** SUMMARY ***
Total pot $0.25 | Rake $0 | Jackpot $0 | Bingo $0 | Fortune $0 | Tax $0
Seat 1: 956e3e09 folded before Flop (didn't bet)
Seat 2: bd85e532 collected ($0.25)
Seat 3: Hero (button) folded before Flop (didn't bet)
Seat 5: e819ca4c (small blind) folded before Flop
Seat 6: 47a11beb (big blind) folded before Flop


Poker Hand #HD1780684142: Hold'em No Limit ($0.05/$0.1) - 2024/05/20 17:31:40
Table 'NLHRed20' 6-max Seat #2 is the button
Seat 1: 956e3e09 ($12.96 in chips)
Seat 2: bd85e532 ($2 in chips)
Seat 3: Hero ($10 in chips)
Seat 5: e819ca4c ($10 in chips)
Seat 6: 47a11beb ($11.89 in chips)
Hero: posts small blind $0.05
e819ca4c: posts big blind $0.1
*** HOLE CARDS ***
Dealt to 956e3e09 
Dealt to bd85e532 
Dealt to Hero [3d Ad]
Dealt to e819ca4c 
Dealt to 47a11beb 
47a11beb: folds
956e3e09: folds
bd85e532: folds
Hero: raises $0.2 to $0.3
e819ca4c: calls $0.2
*** FLOP *** [4h Qc 3h]
Hero: checks
e819ca4c: checks
*** TURN *** [4h Qc 3h] [Th]
Hero: checks
e819ca4c: bets $0.25
Hero: folds
Uncalled bet ($0.25) returned to e819ca4c
*** SHOWDOWN ***
e819ca4c collected $0.57 from pot
*** SUMMARY ***
Total pot $0.6 | Rake $0.03 | Jackpot $0 | Bingo $0 | Fortune $0 | Tax $0
Board [4h Qc 3h Th]
Seat 1: 956e3e09 folded before Flop (didn't bet)
Seat 2: bd85e532 (button) folded before Flop (didn't bet)
Seat 3: Hero (small blind) folded on the Turn
Seat 5: e819ca4c (big blind) won ($0.57)
Seat 6: 47a11beb folded before Flop (didn't bet)


Poker Hand #HD1780684096: Hold'em No Limit ($0.05/$0.1) - 2024/05/20 17:31:20
Table 'NLHRed20' 6-max Seat #1 is the button
Seat 1: 956e3e09 ($12.81 in chips)
Seat 2: bd85e532 ($2.05 in chips)
Seat 3: Hero ($10 in chips)
Seat 4: 60556ac3 ($20.78 in chips)
Seat 5: e819ca4c ($10 in chips)
Seat 6: 47a11beb ($11.89 in chips)
bd85e532: posts small blind $0.05
Hero: posts big blind $0.1
*** HOLE CARDS ***
Dealt to 956e3e09 
Dealt to bd85e532 
Dealt to Hero [2h 5s]
Dealt to 60556ac3 
Dealt to e819ca4c 
Dealt to 47a11beb 
60556ac3: folds
e819ca4c: folds
47a11beb: folds
956e3e09: raises $0.14 to $0.24
bd85e532: folds
Hero: folds
Uncalled bet ($0.14) returned to 956e3e09
*** SHOWDOWN ***
956e3e09 collected $0.25 from pot
*** SUMMARY ***
Total pot $0.25 | Rake $0 | Jackpot $0 | Bingo $0 | Fortune $0 | Tax $0
Seat 1: 956e3e09 (button) collected ($0.25)
Seat 2: bd85e532 (small blind) folded before Flop
Seat 3: Hero (big blind) folded before Flop
Seat 4: 60556ac3 folded before Flop (didn't bet)
Seat 5: e819ca4c folded before Flop (didn't bet)
Seat 6: 47a11beb folded before Flop (didn't bet)


Poker Hand #HD1780684072: Hold'em No Limit ($0.05/$0.1) - 2024/05/20 17:31:07
Table 'NLHRed20' 6-max Seat #6 is the button
Seat 1: 956e3e09 ($12.86 in chips)
Seat 2: bd85e532 ($2 in chips)
Seat 3: Hero ($10 in chips)
Seat 4: 60556ac3 ($20.78 in chips)
Seat 5: e819ca4c ($10 in chips)
Seat 6: 47a11beb ($11.89 in chips)
956e3e09: posts small blind $0.05
bd85e532: posts big blind $0.1
*** HOLE CARDS ***
Dealt to 956e3e09 
Dealt to bd85e532 
Dealt to Hero [Jc 5h]
Dealt to 60556ac3 
Dealt to e819ca4c 
Dealt to 47a11beb 
Hero: folds
60556ac3: folds
e819ca4c: folds
47a11beb: folds
956e3e09: folds
Uncalled bet ($0.05) returned to bd85e532
*** SHOWDOWN ***
bd85e532 collected $0.1 from pot
*** SUMMARY ***
Total pot $0.1 | Rake $0 | Jackpot $0 | Bingo $0 | Fortune $0 | Tax $0
Seat 1: 956e3e09 (small blind) folded before Flop
Seat 2: bd85e532 (big blind) collected ($0.1)
Seat 3: Hero folded before Flop (didn't bet)
Seat 4: 60556ac3 folded before Flop (didn't bet)
Seat 5: e819ca4c folded before Flop (didn't bet)
Seat 6: 47a11beb (button) folded before Flop (didn't bet)


Poker Hand #HD1780683873: Hold'em No Limit ($0.05/$0.1) - 2024/05/20 17:29:37
Table 'NLHRed20' 6-max Seat #5 is the button
Seat 1: 956e3e09 ($10.37 in chips)
Seat 2: bd85e532 ($2.15 in chips)
Seat 3: Hero ($10 in chips)
Seat 4: 60556ac3 ($20.78 in chips)
Seat 5: e819ca4c ($10.45 in chips)
Seat 6: 47a11beb ($11.94 in chips)
47a11beb: posts small blind $0.05
956e3e09: posts big blind $0.1
*** HOLE CARDS ***
Dealt to 956e3e09 
Dealt to bd85e532 
Dealt to Hero [Jd 9d]
Dealt to 60556ac3 
Dealt to e819ca4c 
Dealt to 47a11beb 
bd85e532: raises $0.13 to $0.23
Hero: folds
60556ac3: folds
e819ca4c: calls $0.23
47a11beb: folds
956e3e09: calls $0.13
*** FLOP *** [4c Qh Jh]
956e3e09: checks
bd85e532: bets $0.4
e819ca4c: calls $0.4
956e3e09: calls $0.4
*** TURN *** [4c Qh Jh] [Ad]
956e3e09: checks
bd85e532: bets $1.03
e819ca4c: folds
956e3e09: raises $7.47 to $8.5
bd85e532: calls $0.49 and is all-in
Uncalled bet ($6.98) returned to 956e3e09
956e3e09: shows [Kh 5h] (Ace-High)
bd85e532: shows [2h 6h] (Ace-High)
*** FIRST RIVER *** [4c Qh Jh Ad] [3c]
*** SECOND RIVER *** [4c Qh Jh Ad] [5s]
*** FIRST SHOWDOWN ***
956e3e09 collected $2.32 from pot
*** SECOND SHOWDOWN ***
956e3e09 collected $2.32 from pot
*** SUMMARY ***
Total pot $4.98 | Rake $0.24 | Jackpot $0.1 | Bingo $0 | Fortune $0 | Tax $0
Hand was run two times
FIRST Board [4c Qh Jh Ad 3c]
SECOND Board [5s]
Seat 1: 956e3e09 (big blind) showed [Kh 5h] and won ($2.32) with Ace-High, and won ($2.32)
Seat 2: bd85e532 showed [2h 6h] and lost with Ace-High, and lost
Seat 3: Hero folded before Flop (didn't bet)
Seat 4: 60556ac3 folded before Flop (didn't bet)
Seat 5: e819ca4c (button) folded on the Turn
Seat 6: 47a11beb (small blind) folded before Flop


Poker Hand #HD1780683838: Hold'em No Limit ($0.05/$0.1) - 2024/05/20 17:29:23
Table 'NLHRed20' 6-max Seat #4 is the button
Seat 1: 956e3e09 ($10.37 in chips)
Seat 2: bd85e532 ($2.15 in chips)
Seat 3: Hero ($10 in chips)
Seat 4: 60556ac3 ($20.78 in chips)
Seat 5: e819ca4c ($10.5 in chips)
Seat 6: 47a11beb ($11.89 in chips)
e819ca4c: posts small blind $0.05
47a11beb: posts big blind $0.1
*** HOLE CARDS ***
Dealt to 956e3e09 
Dealt to bd85e532 
Dealt to Hero [5h 4c]
Dealt to 60556ac3 
Dealt to e819ca4c 
Dealt to 47a11beb 
956e3e09: folds
bd85e532: folds
Hero: folds
60556ac3: folds
e819ca4c: folds
Uncalled bet ($0.05) returned to 47a11beb
*** SHOWDOWN ***
47a11beb collected $0.1 from pot
*** SUMMARY ***
Total pot $0.1 | Rake $0 | Jackpot $0 | Bingo $0 | Fortune $0 | Tax $0
Seat 1: 956e3e09 folded before Flop (didn't bet)
Seat 2: bd85e532 folded before Flop (didn't bet)
Seat 3: Hero folded before Flop (didn't bet)
Seat 4: 60556ac3 (button) folded before Flop (didn't bet)
Seat 5: e819ca4c (small blind) folded before Flop
Seat 6: 47a11beb (big blind) collected ($0.1)


Poker Hand #HD1780683769: Hold'em No Limit ($0.05/$0.1) - 2024/05/20 17:28:48
Table 'NLHRed20' 6-max Seat #3 is the button
Seat 1: 956e3e09 ($10 in chips)
Seat 2: bd85e532 ($2.15 in chips)
Seat 3: Hero ($10 in chips)
Seat 4: 60556ac3 ($20.83 in chips)
Seat 5: e819ca4c ($10.6 in chips)
Seat 6: 47a11beb ($12.14 in chips)
60556ac3: posts small blind $0.05
e819ca4c: posts big blind $0.1
*** HOLE CARDS ***
Dealt to 956e3e09 
Dealt to bd85e532 
Dealt to Hero [Kc 8h]
Dealt to 60556ac3 
Dealt to e819ca4c 
Dealt to 47a11beb 
47a11beb: raises $0.15 to $0.25
956e3e09: raises $0.55 to $0.8
bd85e532: folds
Hero: folds
60556ac3: folds
e819ca4c: folds
47a11beb: folds
Uncalled bet ($0.55) returned to 956e3e09
*** SHOWDOWN ***
956e3e09 collected $0.62 from pot
*** SUMMARY ***
Total pot $0.65 | Rake $0.03 | Jackpot $0 | Bingo $0 | Fortune $0 | Tax $0
Seat 1: 956e3e09 collected ($0.62)
Seat 2: bd85e532 folded before Flop (didn't bet)
Seat 3: Hero (button) folded before Flop (didn't bet)
Seat 4: 60556ac3 (small blind) folded before Flop
Seat 5: e819ca4c (big blind) folded before Flop
Seat 6: 47a11beb folded before Flop


Poker Hand #HD1780683660: Hold'em No Limit ($0.05/$0.1) - 2024/05/20 17:27:52
Table 'NLHRed20' 6-max Seat #2 is the button
Seat 1: 956e3e09 ($10 in chips)
Seat 2: bd85e532 ($2.15 in chips)
Seat 3: Hero ($12.18 in chips)
Seat 4: 60556ac3 ($18.62 in chips)
Seat 5: e819ca4c ($10.6 in chips)
Seat 6: 47a11beb ($12.14 in chips)
Hero: posts small blind $0.05
60556ac3: posts big blind $0.1
*** HOLE CARDS ***
Dealt to 956e3e09 
Dealt to bd85e532 
Dealt to Hero [Ts Tc]
Dealt to 60556ac3 
Dealt to e819ca4c 
Dealt to 47a11beb 
e819ca4c: folds
47a11beb: folds
956e3e09: raises $0.14 to $0.24
bd85e532: folds
Hero: raises $0.76 to $1
60556ac3: raises $1.3 to $2.3
956e3e09: folds
Hero: calls $1.3
*** FLOP *** [Kh 6h 5d]
Hero: checks
60556ac3: bets $1.2
Hero: folds
Uncalled bet ($1.2) returned to 60556ac3
*** SHOWDOWN ***
60556ac3 collected $4.51 from pot
*** SUMMARY ***
Total pot $4.84 | Rake $0.23 | Jackpot $0.1 | Bingo $0 | Fortune $0 | Tax $0
Board [Kh 6h 5d]
Seat 1: 956e3e09 folded before Flop
Seat 2: bd85e532 (button) folded before Flop (didn't bet)
Seat 3: Hero (small blind) folded on the Flop
Seat 4: 60556ac3 (big blind) won ($4.51)
Seat 5: e819ca4c folded before Flop (didn't bet)
Seat 6: 47a11beb folded before Flop (didn't bet)


Poker Hand #HD1780683636: Hold'em No Limit ($0.05/$0.1) - 2024/05/20 17:27:37
Table 'NLHRed20' 6-max Seat #1 is the button
Seat 1: 956e3e09 ($10 in chips)
Seat 2: bd85e532 ($2.05 in chips)
Seat 3: Hero ($12.28 in chips)
Seat 4: 60556ac3 ($18.62 in chips)
Seat 5: e819ca4c ($10.6 in chips)
Seat 6: 47a11beb ($12.14 in chips)
bd85e532: posts small blind $0.05
Hero: posts big blind $0.1
*** HOLE CARDS ***
Dealt to 956e3e09 
Dealt to bd85e532 
Dealt to Hero [Ks 6h]
Dealt to 60556ac3 
Dealt to e819ca4c 
Dealt to 47a11beb 
60556ac3: folds
e819ca4c: folds
47a11beb: folds
956e3e09: folds
bd85e532: raises $0.13 to $0.23
Hero: folds
Uncalled bet ($0.13) returned to bd85e532
*** SHOWDOWN ***
bd85e532 collected $0.2 from pot
*** SUMMARY ***
Total pot $0.2 | Rake $0 | Jackpot $0 | Bingo $0 | Fortune $0 | Tax $0
Seat 1: 956e3e09 (button) folded before Flop (didn't bet)
Seat 2: bd85e532 (small blind) collected ($0.2)
Seat 3: Hero (big blind) folded before Flop
Seat 4: 60556ac3 folded before Flop (didn't bet)
Seat 5: e819ca4c folded before Flop (didn't bet)
Seat 6: 47a11beb folded before Flop (didn't bet)


Poker Hand #HD1780683598: Hold'em No Limit ($0.05/$0.1) - 2024/05/20 17:27:21
Table 'NLHRed20' 6-max Seat #6 is the button
Seat 1: 956e3e09 ($10 in chips)
Seat 2: bd85e532 ($2 in chips)
Seat 3: Hero ($12.28 in chips)
Seat 4: 60556ac3 ($18.62 in chips)
Seat 5: e819ca4c ($10.6 in chips)
Seat 6: 47a11beb ($12.14 in chips)
956e3e09: posts small blind $0.05
bd85e532: posts big blind $0.1
*** HOLE CARDS ***
Dealt to 956e3e09 
Dealt to bd85e532 
Dealt to Hero [8s Ad]
Dealt to 60556ac3 
Dealt to e819ca4c 
Dealt to 47a11beb 
Hero: folds
60556ac3: folds
e819ca4c: folds
47a11beb: folds
956e3e09: folds
Uncalled bet ($0.05) returned to bd85e532
*** SHOWDOWN ***
bd85e532 collected $0.1 from pot
*** SUMMARY ***
Total pot $0.1 | Rake $0 | Jackpot $0 | Bingo $0 | Fortune $0 | Tax $0
Seat 1: 956e3e09 (small blind) folded before Flop
Seat 2: bd85e532 (big blind) collected ($0.1)
Seat 3: Hero folded before Flop (didn't bet)
Seat 4: 60556ac3 folded before Flop (didn't bet)
Seat 5: e819ca4c folded before Flop (didn't bet)
Seat 6: 47a11beb (button) folded before Flop (didn't bet)


Poker Hand #HD1780683537: Hold'em No Limit ($0.05/$0.1) - 2024/05/20 17:26:48
Table 'NLHRed20' 6-max Seat #5 is the button
Seat 1: 956e3e09 ($10 in chips)
Seat 2: bd85e532 ($2 in chips)
Seat 3: Hero ($12.13 in chips)
Seat 4: 60556ac3 ($18.62 in chips)
Seat 5: e819ca4c ($10.6 in chips)
Seat 6: 47a11beb ($12.19 in chips)
47a11beb: posts small blind $0.05
956e3e09: posts big blind $0.1
*** HOLE CARDS ***
Dealt to 956e3e09 
Dealt to bd85e532 
Dealt to Hero [Jd Qc]
Dealt to 60556ac3 
Dealt to e819ca4c 
Dealt to 47a11beb 
bd85e532: folds
Hero: raises $0.1 to $0.2
60556ac3: folds
e819ca4c: folds
47a11beb: folds
956e3e09: folds
Uncalled bet ($0.1) returned to Hero
*** SHOWDOWN ***
Hero collected $0.25 from pot
*** SUMMARY ***
Total pot $0.25 | Rake $0 | Jackpot $0 | Bingo $0 | Fortune $0 | Tax $0
Seat 1: 956e3e09 (big blind) folded before Flop
Seat 2: bd85e532 folded before Flop (didn't bet)
Seat 3: Hero collected ($0.25)
Seat 4: 60556ac3 folded before Flop (didn't bet)
Seat 5: e819ca4c (button) folded before Flop (didn't bet)
Seat 6: 47a11beb (small blind) folded before Flop


Poker Hand #HD1780683420: Hold'em No Limit ($0.05/$0.1) - 2024/05/20 17:25:47
Table 'NLHRed20' 6-max Seat #4 is the button
Seat 2: bd85e532 ($2 in chips)
Seat 3: Hero ($12.13 in chips)
Seat 4: 60556ac3 ($19.02 in chips)
Seat 5: e819ca4c ($10.05 in chips)
Seat 6: 47a11beb ($12.39 in chips)
e819ca4c: posts small blind $0.05
47a11beb: posts big blind $0.1
*** HOLE CARDS ***
Dealt to bd85e532 
Dealt to Hero [6h 3s]
Dealt to 60556ac3 
Dealt to e819ca4c 
Dealt to 47a11beb 
bd85e532: folds
Hero: folds
60556ac3: raises $0.1 to $0.2
e819ca4c: calls $0.15
47a11beb: calls $0.1
*** FLOP *** [3d 2s 7c]
e819ca4c: checks
47a11beb: checks
60556ac3: bets $0.2
e819ca4c: calls $0.2
47a11beb: folds
*** TURN *** [3d 2s 7c] [8c]
e819ca4c: checks
60556ac3: checks
*** RIVER *** [3d 2s 7c 8c] [Qc]
e819ca4c: checks
60556ac3: checks
e819ca4c: shows [9s 8s] (Pair of Eights)
60556ac3: shows [Kh 2h] (Pair of Twos)
*** SHOWDOWN ***
e819ca4c collected $0.95 from pot
*** SUMMARY ***
Total pot $1 | Rake $0.05 | Jackpot $0 | Bingo $0 | Fortune $0 | Tax $0
Board [3d 2s 7c 8c Qc]
Seat 2: bd85e532 folded before Flop (didn't bet)
Seat 3: Hero folded before Flop (didn't bet)
Seat 4: 60556ac3 (button) showed [Kh 2h] and lost with Pair of Twos
Seat 5: e819ca4c (small blind) showed [9s 8s] and won ($0.95) with Pair of Eights
Seat 6: 47a11beb (big blind) folded on the Flop


Poker Hand #HD1780683388: Hold'em No Limit ($0.05/$0.1) - 2024/05/20 17:25:33
Table 'NLHRed20' 6-max Seat #3 is the button
Seat 2: bd85e532 ($2 in chips)
Seat 3: Hero ($12.13 in chips)
Seat 4: 60556ac3 ($19.07 in chips)
Seat 5: e819ca4c ($10 in chips)
Seat 6: 47a11beb ($12.39 in chips)
60556ac3: posts small blind $0.05
e819ca4c: posts big blind $0.1
*** HOLE CARDS ***
Dealt to bd85e532 
Dealt to Hero [8s 7d]
Dealt to 60556ac3 
Dealt to e819ca4c 
Dealt to 47a11beb 
47a11beb: folds
bd85e532: folds
Hero: folds
60556ac3: folds
Uncalled bet ($0.05) returned to e819ca4c
*** SHOWDOWN ***
e819ca4c collected $0.1 from pot
*** SUMMARY ***
Total pot $0.1 | Rake $0 | Jackpot $0 | Bingo $0 | Fortune $0 | Tax $0
Seat 2: bd85e532 folded before Flop (didn't bet)
Seat 3: Hero (button) folded before Flop (didn't bet)
Seat 4: 60556ac3 (small blind) folded before Flop
Seat 5: e819ca4c (big blind) collected ($0.1)
Seat 6: 47a11beb folded before Flop (didn't bet)


Poker Hand #HD1780683352: Hold'em No Limit ($0.05/$0.1) - 2024/05/20 17:25:15
Table 'NLHRed20' 6-max Seat #2 is the button
Seat 2: bd85e532 ($1.85 in chips)
Seat 3: Hero ($12.18 in chips)
Seat 4: 60556ac3 ($19.17 in chips)
Seat 5: e819ca4c ($10 in chips)
Seat 6: 47a11beb ($12.39 in chips)
Hero: posts small blind $0.05
60556ac3: posts big blind $0.1
*** HOLE CARDS ***
Dealt to bd85e532 
Dealt to Hero [3c 4s]
Dealt to 60556ac3 
Dealt to e819ca4c 
Dealt to 47a11beb 
e819ca4c: folds
47a11beb: folds
bd85e532: raises $0.13 to $0.23
Hero: folds
60556ac3: folds
Uncalled bet ($0.13) returned to bd85e532
*** SHOWDOWN ***
bd85e532 collected $0.25 from pot
*** SUMMARY ***
Total pot $0.25 | Rake $0 | Jackpot $0 | Bingo $0 | Fortune $0 | Tax $0
Seat 2: bd85e532 (button) collected ($0.25)
Seat 3: Hero (small blind) folded before Flop
Seat 4: 60556ac3 (big blind) folded before Flop
Seat 5: e819ca4c folded before Flop (didn't bet)
Seat 6: 47a11beb folded before Flop (didn't bet)


Poker Hand #HD1780683285: Hold'em No Limit ($0.05/$0.1) - 2024/05/20 17:24:44
Table 'NLHRed20' 6-max Seat #6 is the button
Seat 2: bd85e532 ($1.9 in chips)
Seat 3: Hero ($11.9 in chips)
Seat 4: 60556ac3 ($19.17 in chips)
Seat 5: e819ca4c ($10 in chips)
Seat 6: 47a11beb ($12.64 in chips)
bd85e532: posts small blind $0.05
Hero: posts big blind $0.1
*** HOLE CARDS ***
Dealt to bd85e532 
Dealt to Hero [Qc As]
Dealt to 60556ac3 
Dealt to e819ca4c 
Dealt to 47a11beb 
60556ac3: folds
e819ca4c: folds
47a11beb: raises $0.15 to $0.25
bd85e532: folds
Hero: raises $0.95 to $1.2
47a11beb: folds
Uncalled bet ($0.95) returned to Hero
*** SHOWDOWN ***
Hero collected $0.53 from pot
*** SUMMARY ***
Total pot $0.55 | Rake $0.02 | Jackpot $0 | Bingo $0 | Fortune $0 | Tax $0
Seat 2: bd85e532 (small blind) folded before Flop
Seat 3: Hero (big blind) collected ($0.53)
Seat 4: 60556ac3 folded before Flop (didn't bet)
Seat 5: e819ca4c folded before Flop (didn't bet)
Seat 6: 47a11beb (button) folded before Flop


Poker Hand #HD1780683236: Hold'em No Limit ($0.05/$0.1) - 2024/05/20 17:24:24
Table 'NLHRed20' 6-max Seat #5 is the button
Seat 2: bd85e532 ($2 in chips)
Seat 3: Hero ($11.9 in chips)
Seat 4: 60556ac3 ($19.02 in chips)
Seat 5: e819ca4c ($10 in chips)
Seat 6: 47a11beb ($12.69 in chips)
47a11beb: posts small blind $0.05
bd85e532: posts big blind $0.1
*** HOLE CARDS ***
Dealt to bd85e532 
Dealt to Hero [Qc 9d]
Dealt to 60556ac3 
Dealt to e819ca4c 
Dealt to 47a11beb 
Hero: folds
60556ac3: raises $0.15 to $0.25
e819ca4c: folds
47a11beb: folds
bd85e532: folds
Uncalled bet ($0.15) returned to 60556ac3
*** SHOWDOWN ***
60556ac3 collected $0.25 from pot
*** SUMMARY ***
Total pot $0.25 | Rake $0 | Jackpot $0 | Bingo $0 | Fortune $0 | Tax $0
Seat 2: bd85e532 (big blind) folded before Flop
Seat 3: Hero folded before Flop (didn't bet)
Seat 4: 60556ac3 collected ($0.25)
Seat 5: e819ca4c (button) folded before Flop (didn't bet)
Seat 6: 47a11beb (small blind) folded before Flop


Poker Hand #HD1780683205: Hold'em No Limit ($0.05/$0.1) - 2024/05/20 17:24:10
Table 'NLHRed20' 6-max Seat #4 is the button
Seat 1: 9b9f5053 ($10.1 in chips)
Seat 3: Hero ($11.9 in chips)
Seat 4: 60556ac3 ($19.02 in chips)
Seat 5: e819ca4c ($10 in chips)
Seat 6: 47a11beb ($12.64 in chips)
e819ca4c: posts small blind $0.05
47a11beb: posts big blind $0.1
*** HOLE CARDS ***
Dealt to 9b9f5053 
Dealt to Hero [7h 4h]
Dealt to 60556ac3 
Dealt to e819ca4c 
Dealt to 47a11beb 
9b9f5053: folds
Hero: folds
60556ac3: folds
e819ca4c: folds
Uncalled bet ($0.05) returned to 47a11beb
*** SHOWDOWN ***
47a11beb collected $0.1 from pot
*** SUMMARY ***
Total pot $0.1 | Rake $0 | Jackpot $0 | Bingo $0 | Fortune $0 | Tax $0
Seat 1: 9b9f5053 folded before Flop (didn't bet)
Seat 3: Hero folded before Flop (didn't bet)
Seat 4: 60556ac3 (button) folded before Flop (didn't bet)
Seat 5: e819ca4c (small blind) folded before Flop
Seat 6: 47a11beb (big blind) collected ($0.1)


Poker Hand #HD1780683170: Hold'em No Limit ($0.05/$0.1) - 2024/05/20 17:23:53
Table 'NLHRed20' 6-max Seat #3 is the button
Seat 1: 9b9f5053 ($10.1 in chips)
Seat 3: Hero ($11.9 in chips)
Seat 4: 60556ac3 ($18.92 in chips)
Seat 5: e819ca4c ($10 in chips)
Seat 6: 47a11beb ($12.64 in chips)
60556ac3: posts small blind $0.05
e819ca4c: posts big blind $0.1
*** HOLE CARDS ***
Dealt to 9b9f5053 
Dealt to Hero [Qd 7s]
Dealt to 60556ac3 
Dealt to e819ca4c 
Dealt to 47a11beb 
47a11beb: folds
9b9f5053: folds
Hero: folds
60556ac3: raises $0.15 to $0.25
e819ca4c: folds
Uncalled bet ($0.15) returned to 60556ac3
*** SHOWDOWN ***
60556ac3 collected $0.2 from pot
*** SUMMARY ***
Total pot $0.2 | Rake $0 | Jackpot $0 | Bingo $0 | Fortune $0 | Tax $0
Seat 1: 9b9f5053 folded before Flop (didn't bet)
Seat 3: Hero (button) folded before Flop (didn't bet)
Seat 4: 60556ac3 (small blind) collected ($0.2)
Seat 5: e819ca4c (big blind) folded before Flop
Seat 6: 47a11beb folded before Flop (didn't bet)


Poker Hand #HD1780683118: Hold'em No Limit ($0.05/$0.1) - 2024/05/20 17:23:29
Table 'NLHRed20' 6-max Seat #1 is the button
Seat 1: 9b9f5053 ($10.1 in chips)
Seat 3: Hero ($11.95 in chips)
Seat 4: 60556ac3 ($18.87 in chips)
Seat 6: 47a11beb ($12.64 in chips)
Hero: posts small blind $0.05
60556ac3: posts big blind $0.1
*** HOLE CARDS ***
Dealt to 9b9f5053 
Dealt to Hero [Ac 2s]
Dealt to 60556ac3 
Dealt to 47a11beb 
47a11beb: folds
9b9f5053: folds
Hero: folds
Uncalled bet ($0.05) returned to 60556ac3
*** SHOWDOWN ***
60556ac3 collected $0.1 from pot
*** SUMMARY ***
Total pot $0.1 | Rake $0 | Jackpot $0 | Bingo $0 | Fortune $0 | Tax $0
Seat 1: 9b9f5053 (button) folded before Flop (didn't bet)
Seat 3: Hero (small blind) folded before Flop
Seat 4: 60556ac3 (big blind) collected ($0.1)
Seat 6: 47a11beb folded before Flop (didn't bet)


Poker Hand #HD1780683077: Hold'em No Limit ($0.05/$0.1) - 2024/05/20 17:23:10
Table 'NLHRed20' 6-max Seat #6 is the button
Seat 1: 9b9f5053 ($10 in chips)
Seat 3: Hero ($12.05 in chips)
Seat 4: 60556ac3 ($18.87 in chips)
Seat 5: 58392afa ($10.15 in chips)
Seat 6: 47a11beb ($12.64 in chips)
9b9f5053: posts small blind $0.05
Hero: posts big blind $0.1
*** HOLE CARDS ***
Dealt to 9b9f5053 
Dealt to Hero [Qc 6d]
Dealt to 60556ac3 
Dealt to 58392afa 
Dealt to 47a11beb 
60556ac3: folds
58392afa: folds
47a11beb: folds
9b9f5053: raises $0.2 to $0.3
Hero: folds
Uncalled bet ($0.2) returned to 9b9f5053
*** SHOWDOWN ***
9b9f5053 collected $0.2 from pot
*** SUMMARY ***
Total pot $0.2 | Rake $0 | Jackpot $0 | Bingo $0 | Fortune $0 | Tax $0
Seat 1: 9b9f5053 (small blind) collected ($0.2)
Seat 3: Hero (big blind) folded before Flop
Seat 4: 60556ac3 folded before Flop (didn't bet)
Seat 5: 58392afa folded before Flop (didn't bet)
Seat 6: 47a11beb (button) folded before Flop (didn't bet)


Poker Hand #HD1780683060: Hold'em No Limit ($0.05/$0.1) - 2024/05/20 17:23:01
Table 'NLHRed20' 6-max Seat #5 is the button
Seat 1: 9b9f5053 ($10 in chips)
Seat 3: Hero ($11.9 in chips)
Seat 4: 60556ac3 ($18.87 in chips)
Seat 5: 58392afa ($10.15 in chips)
Seat 6: 47a11beb ($12.69 in chips)
47a11beb: posts small blind $0.05
9b9f5053: posts big blind $0.1
*** HOLE CARDS ***
Dealt to 9b9f5053 
Dealt to Hero [9h Th]
Dealt to 60556ac3 
Dealt to 58392afa 
Dealt to 47a11beb 
Hero: raises $0.1 to $0.2
60556ac3: folds
58392afa: folds
47a11beb: folds
9b9f5053: folds
Uncalled bet ($0.1) returned to Hero
*** SHOWDOWN ***
Hero collected $0.25 from pot
*** SUMMARY ***
Total pot $0.25 | Rake $0 | Jackpot $0 | Bingo $0 | Fortune $0 | Tax $0
Seat 1: 9b9f5053 (big blind) folded before Flop
Seat 3: Hero collected ($0.25)
Seat 4: 60556ac3 folded before Flop (didn't bet)
Seat 5: 58392afa (button) folded before Flop (didn't bet)
Seat 6: 47a11beb (small blind) folded before Flop


Poker Hand #HD1780683023: Hold'em No Limit ($0.05/$0.1) - 2024/05/20 17:22:47
Table 'NLHRed20' 6-max Seat #4 is the button
Seat 1: 9b9f5053 ($10 in chips)
Seat 3: Hero ($11.9 in chips)
Seat 4: 60556ac3 ($18.87 in chips)
Seat 5: 58392afa ($10.05 in chips)
Seat 6: 47a11beb ($12.79 in chips)
58392afa: posts small blind $0.05
47a11beb: posts big blind $0.1
*** HOLE CARDS ***
Dealt to 9b9f5053 
Dealt to Hero [6d Js]
Dealt to 60556ac3 
Dealt to 58392afa 
Dealt to 47a11beb 
9b9f5053: folds
Hero: folds
60556ac3: folds
58392afa: raises $0.15 to $0.25
47a11beb: folds
Uncalled bet ($0.15) returned to 58392afa
*** SHOWDOWN ***
58392afa collected $0.2 from pot
*** SUMMARY ***
Total pot $0.2 | Rake $0 | Jackpot $0 | Bingo $0 | Fortune $0 | Tax $0
Seat 1: 9b9f5053 folded before Flop (didn't bet)
Seat 3: Hero folded before Flop (didn't bet)
Seat 4: 60556ac3 (button) folded before Flop (didn't bet)
Seat 5: 58392afa (small blind) collected ($0.2)
Seat 6: 47a11beb (big blind) folded before Flop


Poker Hand #HD1780682996: Hold'em No Limit ($0.05/$0.1) - 2024/05/20 17:22:34
Table 'NLHRed20' 6-max Seat #3 is the button
Seat 1: 9b9f5053 ($10 in chips)
Seat 3: Hero ($11.9 in chips)
Seat 4: 60556ac3 ($18.92 in chips)
Seat 5: 58392afa ($10 in chips)
Seat 6: 47a11beb ($12.79 in chips)
60556ac3: posts small blind $0.05
58392afa: posts big blind $0.1
*** HOLE CARDS ***
Dealt to 9b9f5053 
Dealt to Hero [4d 8s]
Dealt to 60556ac3 
Dealt to 58392afa 
Dealt to 47a11beb 
47a11beb: folds
9b9f5053: folds
Hero: folds
60556ac3: folds
Uncalled bet ($0.05) returned to 58392afa
*** SHOWDOWN ***
58392afa collected $0.1 from pot
*** SUMMARY ***
Total pot $0.1 | Rake $0 | Jackpot $0 | Bingo $0 | Fortune $0 | Tax $0
Seat 1: 9b9f5053 folded before Flop (didn't bet)
Seat 3: Hero (button) folded before Flop (didn't bet)
Seat 4: 60556ac3 (small blind) folded before Flop
Seat 5: 58392afa (big blind) collected ($0.1)
Seat 6: 47a11beb folded before Flop (didn't bet)


Poker Hand #HD1780682948: Hold'em No Limit ($0.05/$0.1) - 2024/05/20 17:22:10
Table 'NLHRed20' 6-max Seat #1 is the button
Seat 1: 9b9f5053 ($10.15 in chips)
Seat 3: Hero ($11.95 in chips)
Seat 4: 60556ac3 ($18.64 in chips)
Seat 5: 8b9e9876 ($10.24 in chips)
Seat 6: 47a11beb ($12.79 in chips)
Hero: posts small blind $0.05
60556ac3: posts big blind $0.1
*** HOLE CARDS ***
Dealt to 9b9f5053 
Dealt to Hero [Qd 8d]
Dealt to 60556ac3 
Dealt to 8b9e9876 
Dealt to 47a11beb 
8b9e9876: folds
47a11beb: folds
9b9f5053: raises $0.15 to $0.25
Hero: folds
60556ac3: raises $0.75 to $1
9b9f5053: folds
Uncalled bet ($0.75) returned to 60556ac3
*** SHOWDOWN ***
60556ac3 collected $0.53 from pot
*** SUMMARY ***
Total pot $0.55 | Rake $0.02 | Jackpot $0 | Bingo $0 | Fortune $0 | Tax $0
Seat 1: 9b9f5053 (button) folded before Flop
Seat 3: Hero (small blind) folded before Flop
Seat 4: 60556ac3 (big blind) collected ($0.53)
Seat 5: 8b9e9876 folded before Flop (didn't bet)
Seat 6: 47a11beb folded before Flop (didn't bet)


Poker Hand #HD1780682907: Hold'em No Limit ($0.05/$0.1) - 2024/05/20 17:21:49
Table 'NLHRed20' 6-max Seat #6 is the button
Seat 1: 9b9f5053 ($10.2 in chips)
Seat 3: Hero ($12.05 in chips)
Seat 4: 60556ac3 ($18.64 in chips)
Seat 5: 8b9e9876 ($10.09 in chips)
Seat 6: 47a11beb ($12.79 in chips)
9b9f5053: posts small blind $0.05
Hero: posts big blind $0.1
*** HOLE CARDS ***
Dealt to 9b9f5053 
Dealt to Hero [4c Ks]
Dealt to 60556ac3 
Dealt to 8b9e9876 
Dealt to 47a11beb 
60556ac3: folds
8b9e9876: raises $0.15 to $0.25
47a11beb: folds
9b9f5053: folds
Hero: folds
Uncalled bet ($0.15) returned to 8b9e9876
*** SHOWDOWN ***
8b9e9876 collected $0.25 from pot
*** SUMMARY ***
Total pot $0.25 | Rake $0 | Jackpot $0 | Bingo $0 | Fortune $0 | Tax $0
Seat 1: 9b9f5053 (small blind) folded before Flop
Seat 3: Hero (big blind) folded before Flop
Seat 4: 60556ac3 folded before Flop (didn't bet)
Seat 5: 8b9e9876 collected ($0.25)
Seat 6: 47a11beb (button) folded before Flop (didn't bet)


Poker Hand #HD1780682876: Hold'em No Limit ($0.05/$0.1) - 2024/05/20 17:21:38
Table 'NLHRed20' 6-max Seat #5 is the button
Seat 1: 9b9f5053 ($10.15 in chips)
Seat 3: Hero ($12.05 in chips)
Seat 4: 60556ac3 ($18.64 in chips)
Seat 5: 8b9e9876 ($10.09 in chips)
Seat 6: 47a11beb ($12.84 in chips)
47a11beb: posts small blind $0.05
9b9f5053: posts big blind $0.1
*** HOLE CARDS ***
Dealt to 9b9f5053 
Dealt to Hero [Js 7d]
Dealt to 60556ac3 
Dealt to 8b9e9876 
Dealt to 47a11beb 
Hero: folds
60556ac3: folds
8b9e9876: folds
47a11beb: folds
Uncalled bet ($0.05) returned to 9b9f5053
*** SHOWDOWN ***
9b9f5053 collected $0.1 from pot
*** SUMMARY ***
Total pot $0.1 | Rake $0 | Jackpot $0 | Bingo $0 | Fortune $0 | Tax $0
Seat 1: 9b9f5053 (big blind) collected ($0.1)
Seat 3: Hero folded before Flop (didn't bet)
Seat 4: 60556ac3 folded before Flop (didn't bet)
Seat 5: 8b9e9876 (button) folded before Flop (didn't bet)
Seat 6: 47a11beb (small blind) folded before Flop


Poker Hand #HD1780682848: Hold'em No Limit ($0.05/$0.1) - 2024/05/20 17:21:22
Table 'NLHRed20' 6-max Seat #4 is the button
Seat 1: 9b9f5053 ($10.15 in chips)
Seat 3: Hero ($12.05 in chips)
Seat 4: 60556ac3 ($18.49 in chips)
Seat 5: 8b9e9876 ($10.14 in chips)
Seat 6: 47a11beb ($12.94 in chips)
8b9e9876: posts small blind $0.05
47a11beb: posts big blind $0.1
*** HOLE CARDS ***
Dealt to 9b9f5053 
Dealt to Hero [8d As]
Dealt to 60556ac3 
Dealt to 8b9e9876 
Dealt to 47a11beb 
9b9f5053: folds
Hero: folds
60556ac3: raises $0.15 to $0.25
8b9e9876: folds
47a11beb: folds
Uncalled bet ($0.15) returned to 60556ac3
*** SHOWDOWN ***
60556ac3 collected $0.25 from pot
*** SUMMARY ***
Total pot $0.25 | Rake $0 | Jackpot $0 | Bingo $0 | Fortune $0 | Tax $0
Seat 1: 9b9f5053 folded before Flop (didn't bet)
Seat 3: Hero folded before Flop (didn't bet)
Seat 4: 60556ac3 (button) collected ($0.25)
Seat 5: 8b9e9876 (small blind) folded before Flop
Seat 6: 47a11beb (big blind) folded before Flop


Poker Hand #HD1780682785: Hold'em No Limit ($0.05/$0.1) - 2024/05/20 17:20:56
Table 'NLHRed20' 6-max Seat #3 is the button
Seat 1: 9b9f5053 ($10.15 in chips)
Seat 3: Hero ($12.05 in chips)
Seat 4: 60556ac3 ($18.26 in chips)
Seat 5: 8b9e9876 ($10.39 in chips)
Seat 6: 47a11beb ($12.94 in chips)
60556ac3: posts small blind $0.05
8b9e9876: posts big blind $0.1
*** HOLE CARDS ***
Dealt to 9b9f5053 
Dealt to Hero [9h 6c]
Dealt to 60556ac3 
Dealt to 8b9e9876 
Dealt to 47a11beb 
47a11beb: folds
9b9f5053: folds
Hero: folds
60556ac3: raises $0.15 to $0.25
8b9e9876: calls $0.15
*** FLOP *** [Kc Ac 9s]
60556ac3: bets $0.17
8b9e9876: folds
Uncalled bet ($0.17) returned to 60556ac3
*** SHOWDOWN ***
60556ac3 collected $0.48 from pot
*** SUMMARY ***
Total pot $0.5 | Rake $0.02 | Jackpot $0 | Bingo $0 | Fortune $0 | Tax $0
Board [Kc Ac 9s]
Seat 1: 9b9f5053 folded before Flop (didn't bet)
Seat 3: Hero (button) folded before Flop (didn't bet)
Seat 4: 60556ac3 (small blind) won ($0.48)
Seat 5: 8b9e9876 (big blind) folded on the Flop
Seat 6: 47a11beb folded before Flop (didn't bet)


Poker Hand #HD1780682754: Hold'em No Limit ($0.05/$0.1) - 2024/05/20 17:20:42
Table 'NLHRed20' 6-max Seat #1 is the button
Seat 1: 9b9f5053 ($10 in chips)
Seat 3: Hero ($12.1 in chips)
Seat 4: 60556ac3 ($18.36 in chips)
Seat 5: 8b9e9876 ($10.39 in chips)
Seat 6: 47a11beb ($12.94 in chips)
Hero: posts small blind $0.05
60556ac3: posts big blind $0.1
*** HOLE CARDS ***
Dealt to 9b9f5053 
Dealt to Hero [Ad 7d]
Dealt to 60556ac3 
Dealt to 8b9e9876 
Dealt to 47a11beb 
8b9e9876: folds
47a11beb: folds
9b9f5053: raises $0.15 to $0.25
Hero: folds
60556ac3: folds
Uncalled bet ($0.15) returned to 9b9f5053
*** SHOWDOWN ***
9b9f5053 collected $0.25 from pot
*** SUMMARY ***
Total pot $0.25 | Rake $0 | Jackpot $0 | Bingo $0 | Fortune $0 | Tax $0
Seat 1: 9b9f5053 (button) collected ($0.25)
Seat 3: Hero (small blind) folded before Flop
Seat 4: 60556ac3 (big blind) folded before Flop
Seat 5: 8b9e9876 folded before Flop (didn't bet)
Seat 6: 47a11beb folded before Flop (didn't bet)


Poker Hand #HD1780682729: Hold'em No Limit ($0.05/$0.1) - 2024/05/20 17:20:33
Table 'NLHRed20' 6-max Seat #6 is the button
Seat 1: 9b9f5053 ($10 in chips)
Seat 3: Hero ($12.05 in chips)
Seat 4: 60556ac3 ($18.36 in chips)
Seat 5: 8b9e9876 ($10.39 in chips)
Seat 6: 47a11beb ($12.94 in chips)
9b9f5053: posts small blind $0.05
Hero: posts big blind $0.1
*** HOLE CARDS ***
Dealt to 9b9f5053 
Dealt to Hero [Tc Qs]
Dealt to 60556ac3 
Dealt to 8b9e9876 
Dealt to 47a11beb 
60556ac3: folds
8b9e9876: folds
47a11beb: folds
9b9f5053: folds
Uncalled bet ($0.05) returned to Hero
*** SHOWDOWN ***
Hero collected $0.1 from pot
*** SUMMARY ***
Total pot $0.1 | Rake $0 | Jackpot $0 | Bingo $0 | Fortune $0 | Tax $0
Seat 1: 9b9f5053 (small blind) folded before Flop
Seat 3: Hero (big blind) collected ($0.1)
Seat 4: 60556ac3 folded before Flop (didn't bet)
Seat 5: 8b9e9876 folded before Flop (didn't bet)
Seat 6: 47a11beb (button) folded before Flop (didn't bet)


Poker Hand #HD1780682692: Hold'em No Limit ($0.05/$0.1) - 2024/05/20 17:20:16
Table 'NLHRed20' 6-max Seat #5 is the button
Seat 1: 9b9f5053 ($10 in chips)
Seat 3: Hero ($11.9 in chips)
Seat 4: 60556ac3 ($18.36 in chips)
Seat 5: 8b9e9876 ($10.39 in chips)
Seat 6: 47a11beb ($12.99 in chips)
47a11beb: posts small blind $0.05
9b9f5053: posts big blind $0.1
*** HOLE CARDS ***
Dealt to 9b9f5053 
Dealt to Hero [Ah 9c]
Dealt to 60556ac3 
Dealt to 8b9e9876 
Dealt to 47a11beb 
Hero: raises $0.1 to $0.2
60556ac3: folds
8b9e9876: folds
47a11beb: folds
9b9f5053: folds
Uncalled bet ($0.1) returned to Hero
*** SHOWDOWN ***
Hero collected $0.25 from pot
*** SUMMARY ***
Total pot $0.25 | Rake $0 | Jackpot $0 | Bingo $0 | Fortune $0 | Tax $0
Seat 1: 9b9f5053 (big blind) folded before Flop
Seat 3: Hero collected ($0.25)
Seat 4: 60556ac3 folded before Flop (didn't bet)
Seat 5: 8b9e9876 (button) folded before Flop (didn't bet)
Seat 6: 47a11beb (small blind) folded before Flop


Poker Hand #HD1780682567: Hold'em No Limit ($0.05/$0.1) - 2024/05/20 17:19:16
Table 'NLHRed20' 6-max Seat #4 is the button
Seat 2: 198509b ($9.23 in chips)
Seat 3: Hero ($11.9 in chips)
Seat 4: 60556ac3 ($10 in chips)
Seat 5: 8b9e9876 ($10.44 in chips)
Seat 6: 47a11beb ($13.09 in chips)
8b9e9876: posts small blind $0.05
47a11beb: posts big blind $0.1
*** HOLE CARDS ***
Dealt to 198509b 
Dealt to Hero [8c Kc]
Dealt to 60556ac3 
Dealt to 8b9e9876 
Dealt to 47a11beb 
198509b: raises $0.1 to $0.2
Hero: folds
60556ac3: raises $0.62 to $0.82
8b9e9876: folds
47a11beb: folds
198509b: calls $0.62
*** FLOP *** [Jd 5c 8s]
198509b: bets $1.79
60556ac3: calls $1.79
*** TURN *** [Jd 5c 8s] [Kh]
198509b: bets $1.78
60556ac3: calls $1.78
*** RIVER *** [Jd 5c 8s Kh] [7h]
198509b: checks
60556ac3: bets $5.61 and is all-in
198509b: calls $4.84 and is all-in
Uncalled bet ($0.77) returned to 60556ac3
60556ac3: shows [Js Jh] (Three Jacks)
198509b: shows [Ah Ac] (Pair of Aces)
*** SHOWDOWN ***
60556ac3 collected $17.59 from pot
*** SUMMARY ***
Total pot $18.61 | Rake $0.92 | Jackpot $0.1 | Bingo $0 | Fortune $0 | Tax $0
Board [Jd 5c 8s Kh 7h]
Seat 2: 198509b showed [Ah Ac] and lost with Pair of Aces
Seat 3: Hero folded before Flop (didn't bet)
Seat 4: 60556ac3 (button) showed [Js Jh] and won ($17.59) with Three Jacks
Seat 5: 8b9e9876 (small blind) folded before Flop
Seat 6: 47a11beb (big blind) folded before Flop


Poker Hand #HD1780682486: Hold'em No Limit ($0.05/$0.1) - 2024/05/20 17:18:35
Table 'NLHRed20' 6-max Seat #3 is the button
Seat 2: 198509b ($9 in chips)
Seat 3: Hero ($11.9 in chips)
Seat 4: 60556ac3 ($10 in chips)
Seat 5: 8b9e9876 ($10.64 in chips)
Seat 6: 47a11beb ($13.09 in chips)
60556ac3: posts small blind $0.05
8b9e9876: posts big blind $0.1
*** HOLE CARDS ***
Dealt to 198509b 
Dealt to Hero [3h 6h]
Dealt to 60556ac3 
Dealt to 8b9e9876 
Dealt to 47a11beb 
47a11beb: folds
198509b: raises $0.1 to $0.2
Hero: folds
60556ac3: folds
8b9e9876: calls $0.1
*** FLOP *** [7h 6d Ah]
8b9e9876: checks
198509b: bets $0.45
8b9e9876: folds
Uncalled bet ($0.45) returned to 198509b
198509b: shows [7s]
*** SHOWDOWN ***
198509b collected $0.43 from pot
*** SUMMARY ***
Total pot $0.45 | Rake $0.02 | Jackpot $0 | Bingo $0 | Fortune $0 | Tax $0
Board [7h 6d Ah]
Seat 2: 198509b showed [7s] and won ($0.43)
Seat 3: Hero (button) folded before Flop (didn't bet)
Seat 4: 60556ac3 (small blind) folded before Flop
Seat 5: 8b9e9876 (big blind) folded on the Flop
Seat 6: 47a11beb folded before Flop (didn't bet)


Poker Hand #HD1780682342: Hold'em No Limit ($0.05/$0.1) - 2024/05/20 17:17:33
Table 'NLHRed20' 6-max Seat #2 is the button
Seat 2: 198509b ($8.63 in chips)
Seat 3: Hero ($12.1 in chips)
Seat 4: 60556ac3 ($10 in chips)
Seat 5: 8b9e9876 ($10.64 in chips)
Seat 6: 47a11beb ($13.09 in chips)
Hero: posts small blind $0.05
60556ac3: posts big blind $0.1
*** HOLE CARDS ***
Dealt to 198509b 
Dealt to Hero [8h 9h]
Dealt to 60556ac3 
Dealt to 8b9e9876 
Dealt to 47a11beb 
8b9e9876: folds
47a11beb: folds
198509b: raises $0.1 to $0.2
Hero: calls $0.15
60556ac3: calls $0.1
*** FLOP *** [5c Jd Qd]
Hero: checks
60556ac3: checks
198509b: checks
*** TURN *** [5c Jd Qd] [4d]
Hero: checks
60556ac3: checks
198509b: bets $0.6
Hero: folds
60556ac3: folds
Uncalled bet ($0.6) returned to 198509b
*** SHOWDOWN ***
198509b collected $0.57 from pot
*** SUMMARY ***
Total pot $0.6 | Rake $0.03 | Jackpot $0 | Bingo $0 | Fortune $0 | Tax $0
Board [5c Jd Qd 4d]
Seat 2: 198509b (button) won ($0.57)
Seat 3: Hero (small blind) folded on the Turn
Seat 4: 60556ac3 (big blind) folded on the Turn
Seat 5: 8b9e9876 folded before Flop (didn't bet)
Seat 6: 47a11beb folded before Flop (didn't bet)


Poker Hand #HD1780682208: Hold'em No Limit ($0.05/$0.1) - 2024/05/20 17:16:34
Table 'NLHRed20' 6-max Seat #1 is the button
Seat 1: 1f6268c9 ($1.67 in chips)
Seat 2: 198509b ($7.12 in chips)
Seat 3: Hero ($12.2 in chips)
Seat 5: 8b9e9876 ($10.64 in chips)
Seat 6: 47a11beb ($13.09 in chips)
198509b: posts small blind $0.05
Hero: posts big blind $0.1
*** HOLE CARDS ***
Dealt to 1f6268c9 
Dealt to 198509b 
Dealt to Hero [4d 9d]
Dealt to 8b9e9876 
Dealt to 47a11beb 
8b9e9876: folds
47a11beb: folds
1f6268c9: calls $0.1
198509b: raises $0.1 to $0.2
Hero: folds
1f6268c9: calls $0.1
*** FLOP *** [Js 7d 3h]
198509b: checks
1f6268c9: bets $0.17
198509b: calls $0.17
*** TURN *** [Js 7d 3h] [Kh]
198509b: bets $0.42
1f6268c9: calls $0.42
*** RIVER *** [Js 7d 3h Kh] [4s]
198509b: bets $1.68
1f6268c9: calls $0.88 and is all-in
Uncalled bet ($0.8) returned to 198509b
198509b: shows [3d 3s] (Three Treys)
1f6268c9: shows [Kd Jh] (Pair of Kings and Pair of Jacks)
*** SHOWDOWN ***
198509b collected $3.18 from pot
*** SUMMARY ***
Total pot $3.44 | Rake $0.16 | Jackpot $0.1 | Bingo $0 | Fortune $0 | Tax $0
Board [Js 7d 3h Kh 4s]
Seat 1: 1f6268c9 (button) showed [Kd Jh] and lost with Pair of Kings and Pair of Jacks
Seat 2: 198509b (small blind) showed [3d 3s] and won ($3.18) with Three Treys
Seat 3: Hero (big blind) folded before Flop
Seat 5: 8b9e9876 folded before Flop (didn't bet)
Seat 6: 47a11beb folded before Flop (didn't bet)


Poker Hand #HD1780682115: Hold'em No Limit ($0.05/$0.1) - 2024/05/20 17:15:45
Table 'NLHRed20' 6-max Seat #6 is the button
Seat 1: 1f6268c9 ($2.07 in chips)
Seat 2: 198509b ($6.38 in chips)
Seat 3: Hero ($12.2 in chips)
Seat 4: 717e691e ($13.92 in chips)
Seat 5: 8b9e9876 ($11.04 in chips)
Seat 6: 47a11beb ($13.09 in chips)
1f6268c9: posts small blind $0.05
198509b: posts big blind $0.1
*** HOLE CARDS ***
Dealt to 1f6268c9 
Dealt to 198509b 
Dealt to Hero [2h 5s]
Dealt to 717e691e 
Dealt to 8b9e9876 
Dealt to 47a11beb 
Hero: folds
717e691e: folds
8b9e9876: raises $0.15 to $0.25
47a11beb: folds
1f6268c9: calls $0.2
198509b: raises $0.15 to $0.4
8b9e9876: calls $0.15
1f6268c9: calls $0.15
*** FLOP *** [8s Kd 3h]
1f6268c9: checks
198509b: bets $0.6
8b9e9876: folds
1f6268c9: folds
Uncalled bet ($0.6) returned to 198509b
198509b: shows [As]
*** SHOWDOWN ***
198509b collected $1.14 from pot
*** SUMMARY ***
Total pot $1.2 | Rake $0.06 | Jackpot $0 | Bingo $0 | Fortune $0 | Tax $0
Board [8s Kd 3h]
Seat 1: 1f6268c9 (small blind) folded on the Flop
Seat 2: 198509b (big blind) showed [As] and won ($1.14)
Seat 3: Hero folded before Flop (didn't bet)
Seat 4: 717e691e folded before Flop (didn't bet)
Seat 5: 8b9e9876 folded on the Flop
Seat 6: 47a11beb (button) folded before Flop (didn't bet)


Poker Hand #HD1780681948: Hold'em No Limit ($0.05/$0.1) - 2024/05/20 17:14:26
Table 'NLHRed20' 6-max Seat #5 is the button
Seat 1: 1f6268c9 ($2.67 in chips)
Seat 2: 198509b ($5.22 in chips)
Seat 3: Hero ($12.2 in chips)
Seat 4: 717e691e ($13.92 in chips)
Seat 5: 8b9e9876 ($11.64 in chips)
Seat 6: 47a11beb ($13.14 in chips)
47a11beb: posts small blind $0.05
1f6268c9: posts big blind $0.1
*** HOLE CARDS ***
Dealt to 1f6268c9 
Dealt to 198509b 
Dealt to Hero [Kd 3d]
Dealt to 717e691e 
Dealt to 8b9e9876 
Dealt to 47a11beb 
198509b: raises $0.1 to $0.2
Hero: folds
717e691e: folds
8b9e9876: raises $0.4 to $0.6
47a11beb: folds
1f6268c9: calls $0.5
198509b: calls $0.4
*** FLOP *** [4s 4c Td]
1f6268c9: checks
198509b: checks
8b9e9876: checks
*** TURN *** [4s 4c Td] [8s]
1f6268c9: checks
198509b: bets $1.39
8b9e9876: folds
1f6268c9: folds
Uncalled bet ($1.39) returned to 198509b
*** SHOWDOWN ***
198509b collected $1.76 from pot
*** SUMMARY ***
Total pot $1.85 | Rake $0.09 | Jackpot $0 | Bingo $0 | Fortune $0 | Tax $0
Board [4s 4c Td 8s]
Seat 1: 1f6268c9 (big blind) folded on the Turn
Seat 2: 198509b won ($1.76)
Seat 3: Hero folded before Flop (didn't bet)
Seat 4: 717e691e folded before Flop (didn't bet)
Seat 5: 8b9e9876 (button) folded on the Turn
Seat 6: 47a11beb (small blind) folded before Flop


Poker Hand #HD1780681905: Hold'em No Limit ($0.05/$0.1) - 2024/05/20 17:14:05
Table 'NLHRed20' 6-max Seat #4 is the button
Seat 1: 1f6268c9 ($2.67 in chips)
Seat 2: 198509b ($5.22 in chips)
Seat 3: Hero ($12.2 in chips)
Seat 4: 717e691e ($13.77 in chips)
Seat 5: 8b9e9876 ($11.69 in chips)
Seat 6: 47a11beb ($13.24 in chips)
8b9e9876: posts small blind $0.05
47a11beb: posts big blind $0.1
*** HOLE CARDS ***
Dealt to 1f6268c9 
Dealt to 198509b 
Dealt to Hero [Jd 4c]
Dealt to 717e691e 
Dealt to 8b9e9876 
Dealt to 47a11beb 
1f6268c9: folds
198509b: folds
Hero: folds
717e691e: raises $0.2 to $0.3
8b9e9876: folds
47a11beb: folds
Uncalled bet ($0.2) returned to 717e691e
*** SHOWDOWN ***
717e691e collected $0.25 from pot
*** SUMMARY ***
Total pot $0.25 | Rake $0 | Jackpot $0 | Bingo $0 | Fortune $0 | Tax $0
Seat 1: 1f6268c9 folded before Flop (didn't bet)
Seat 2: 198509b folded before Flop (didn't bet)
Seat 3: Hero folded before Flop (didn't bet)
Seat 4: 717e691e (button) collected ($0.25)
Seat 5: 8b9e9876 (small blind) folded before Flop
Seat 6: 47a11beb (big blind) folded before Flop


Poker Hand #HD1780681849: Hold'em No Limit ($0.05/$0.1) - 2024/05/20 17:13:35
Table 'NLHRed20' 6-max Seat #3 is the button
Seat 1: 1f6268c9 ($2.77 in chips)
Seat 2: 198509b ($5.22 in chips)
Seat 3: Hero ($12.2 in chips)
Seat 4: 717e691e ($13.82 in chips)
Seat 5: 8b9e9876 ($11.55 in chips)
Seat 6: 47a11beb ($13.24 in chips)
717e691e: posts small blind $0.05
8b9e9876: posts big blind $0.1
*** HOLE CARDS ***
Dealt to 1f6268c9 
Dealt to 198509b 
Dealt to Hero [4s 6s]
Dealt to 717e691e 
Dealt to 8b9e9876 
Dealt to 47a11beb 
47a11beb: folds
1f6268c9: calls $0.1
198509b: folds
Hero: folds
717e691e: folds
8b9e9876: checks
*** FLOP *** [2c 8d 5s]
8b9e9876: checks
1f6268c9: checks
*** TURN *** [2c 8d 5s] [8s]
8b9e9876: bets $0.1
1f6268c9: folds
Uncalled bet ($0.1) returned to 8b9e9876
*** SHOWDOWN ***
8b9e9876 collected $0.24 from pot
*** SUMMARY ***
Total pot $0.25 | Rake $0.01 | Jackpot $0 | Bingo $0 | Fortune $0 | Tax $0
Board [2c 8d 5s 8s]
Seat 1: 1f6268c9 folded on the Turn
Seat 2: 198509b folded before Flop (didn't bet)
Seat 3: Hero (button) folded before Flop (didn't bet)
Seat 4: 717e691e (small blind) folded before Flop
Seat 5: 8b9e9876 (big blind) won ($0.24)
Seat 6: 47a11beb folded before Flop (didn't bet)


Poker Hand #HD1780681731: Hold'em No Limit ($0.05/$0.1) - 2024/05/20 17:12:37
Table 'NLHRed20' 6-max Seat #2 is the button
Seat 1: 1f6268c9 ($3.07 in chips)
Seat 2: 198509b ($5.22 in chips)
Seat 3: Hero ($12.25 in chips)
Seat 4: 717e691e ($13.5 in chips)
Seat 5: 8b9e9876 ($11.55 in chips)
Seat 6: 47a11beb ($13.24 in chips)
Hero: posts small blind $0.05
717e691e: posts big blind $0.1
*** HOLE CARDS ***
Dealt to 1f6268c9 
Dealt to 198509b 
Dealt to Hero [Js 2c]
Dealt to 717e691e 
Dealt to 8b9e9876 
Dealt to 47a11beb 
8b9e9876: folds
47a11beb: folds
1f6268c9: calls $0.1
198509b: folds
Hero: folds
717e691e: checks
*** FLOP *** [4s 5c 6h]
717e691e: bets $0.1
1f6268c9: calls $0.1
*** TURN *** [4s 5c 6h] [Ad]
717e691e: bets $0.1
1f6268c9: calls $0.1
*** RIVER *** [4s 5c 6h Ad] [Kh]
717e691e: checks
1f6268c9: checks
717e691e: shows [5d 8h] (Pair of Fives)
1f6268c9: shows [3c 3s] (Pair of Treys)
*** SHOWDOWN ***
717e691e collected $0.62 from pot
*** SUMMARY ***
Total pot $0.65 | Rake $0.03 | Jackpot $0 | Bingo $0 | Fortune $0 | Tax $0
Board [4s 5c 6h Ad Kh]
Seat 1: 1f6268c9 showed [3c 3s] and lost with Pair of Treys
Seat 2: 198509b (button) folded before Flop (didn't bet)
Seat 3: Hero (small blind) folded before Flop
Seat 4: 717e691e (big blind) showed [5d 8h] and won ($0.62) with Pair of Fives
Seat 5: 8b9e9876 folded before Flop (didn't bet)
Seat 6: 47a11beb folded before Flop (didn't bet)


Poker Hand #HD1780681677: Hold'em No Limit ($0.05/$0.1) - 2024/05/20 17:12:10
Table 'NLHRed20' 6-max Seat #1 is the button
Seat 1: 1f6268c9 ($3.07 in chips)
Seat 2: 198509b ($5.12 in chips)
Seat 3: Hero ($12.35 in chips)
Seat 4: 717e691e ($13.5 in chips)
Seat 5: 8b9e9876 ($11.55 in chips)
Seat 6: 47a11beb ($13.24 in chips)
198509b: posts small blind $0.05
Hero: posts big blind $0.1
*** HOLE CARDS ***
Dealt to 1f6268c9 
Dealt to 198509b 
Dealt to Hero [2s 7c]
Dealt to 717e691e 
Dealt to 8b9e9876 
Dealt to 47a11beb 
717e691e: folds
8b9e9876: folds
47a11beb: folds
1f6268c9: folds
198509b: raises $0.1 to $0.2
Hero: folds
Uncalled bet ($0.1) returned to 198509b
*** SHOWDOWN ***
198509b collected $0.2 from pot
*** SUMMARY ***
Total pot $0.2 | Rake $0 | Jackpot $0 | Bingo $0 | Fortune $0 | Tax $0
Seat 1: 1f6268c9 (button) folded before Flop (didn't bet)
Seat 2: 198509b (small blind) collected ($0.2)
Seat 3: Hero (big blind) folded before Flop
Seat 4: 717e691e folded before Flop (didn't bet)
Seat 5: 8b9e9876 folded before Flop (didn't bet)
Seat 6: 47a11beb folded before Flop (didn't bet)


Poker Hand #HD1780681565: Hold'em No Limit ($0.05/$0.1) - 2024/05/20 17:11:14
Table 'NLHRed20' 6-max Seat #6 is the button
Seat 1: 1f6268c9 ($3.32 in chips)
Seat 2: 198509b ($6.12 in chips)
Seat 3: Hero ($12.35 in chips)
Seat 4: 717e691e ($13.5 in chips)
Seat 5: 8b9e9876 ($10.41 in chips)
Seat 6: 47a11beb ($13.24 in chips)
1f6268c9: posts small blind $0.05
198509b: posts big blind $0.1
*** HOLE CARDS ***
Dealt to 1f6268c9 
Dealt to 198509b 
Dealt to Hero [5s Qd]
Dealt to 717e691e 
Dealt to 8b9e9876 
Dealt to 47a11beb 
Hero: folds
717e691e: folds
8b9e9876: raises $0.15 to $0.25
47a11beb: folds
1f6268c9: calls $0.2
198509b: calls $0.15
*** FLOP *** [Jh Kh 9c]
1f6268c9: checks
198509b: bets $0.75
8b9e9876: calls $0.75
1f6268c9: folds
*** TURN *** [Jh Kh 9c] [6h]
198509b: checks
8b9e9876: bets $1.13
198509b: folds
Uncalled bet ($1.13) returned to 8b9e9876
*** SHOWDOWN ***
8b9e9876 collected $2.14 from pot
*** SUMMARY ***
Total pot $2.25 | Rake $0.11 | Jackpot $0 | Bingo $0 | Fortune $0 | Tax $0
Board [Jh Kh 9c 6h]
Seat 1: 1f6268c9 (small blind) folded on the Flop
Seat 2: 198509b (big blind) folded on the Turn
Seat 3: Hero folded before Flop (didn't bet)
Seat 4: 717e691e folded before Flop (didn't bet)
Seat 5: 8b9e9876 won ($2.14)
Seat 6: 47a11beb (button) folded before Flop (didn't bet)


Poker Hand #HD1780681473: Hold'em No Limit ($0.05/$0.1) - 2024/05/20 17:10:31
Table 'NLHRed20' 6-max Seat #5 is the button
Seat 1: 1f6268c9 ($3.72 in chips)
Seat 2: 198509b ($6.12 in chips)
Seat 3: Hero ($12.35 in chips)
Seat 4: 717e691e ($13.5 in chips)
Seat 5: 8b9e9876 ($10 in chips)
Seat 6: 47a11beb ($13.29 in chips)
47a11beb: posts small blind $0.05
1f6268c9: posts big blind $0.1
*** HOLE CARDS ***
Dealt to 1f6268c9 
Dealt to 198509b 
Dealt to Hero [Kd 3d]
Dealt to 717e691e 
Dealt to 8b9e9876 
Dealt to 47a11beb 
198509b: folds
Hero: folds
717e691e: folds
8b9e9876: raises $0.15 to $0.25
47a11beb: folds
1f6268c9: calls $0.15
*** FLOP *** [9d Kc 6c]
1f6268c9: checks
8b9e9876: bets $0.15
1f6268c9: calls $0.15
*** TURN *** [9d Kc 6c] [3s]
1f6268c9: checks
8b9e9876: bets $0.3
1f6268c9: folds
Uncalled bet ($0.3) returned to 8b9e9876
*** SHOWDOWN ***
8b9e9876 collected $0.81 from pot
*** SUMMARY ***
Total pot $0.85 | Rake $0.04 | Jackpot $0 | Bingo $0 | Fortune $0 | Tax $0
Board [9d Kc 6c 3s]
Seat 1: 1f6268c9 (big blind) folded on the Turn
Seat 2: 198509b folded before Flop (didn't bet)
Seat 3: Hero folded before Flop (didn't bet)
Seat 4: 717e691e folded before Flop (didn't bet)
Seat 5: 8b9e9876 (button) won ($0.81)
Seat 6: 47a11beb (small blind) folded before Flop


Poker Hand #HD1780681334: Hold'em No Limit ($0.05/$0.1) - 2024/05/20 17:09:27
Table 'NLHRed20' 6-max Seat #4 is the button
Seat 2: 198509b ($6.6 in chips)
Seat 3: Hero ($12.35 in chips)
Seat 4: 717e691e ($12.92 in chips)
Seat 5: 8b9e9876 ($10 in chips)
Seat 6: 47a11beb ($13.39 in chips)
8b9e9876: posts small blind $0.05
47a11beb: posts big blind $0.1
*** HOLE CARDS ***
Dealt to 198509b 
Dealt to Hero [6h 3s]
Dealt to 717e691e 
Dealt to 8b9e9876 
Dealt to 47a11beb 
198509b: raises $0.1 to $0.2
Hero: folds
717e691e: calls $0.2
8b9e9876: folds
47a11beb: folds
*** FLOP *** [3d 2c 2d]
198509b: bets $0.28
717e691e: calls $0.28
*** TURN *** [3d 2c 2d] [9h]
198509b: checks
717e691e: checks
*** RIVER *** [3d 2c 2d 9h] [6c]
198509b: checks
717e691e: checks
198509b: shows [Kh Qh] (Pair of Twos)
717e691e: shows [Ah 5c] (Pair of Twos)
*** SHOWDOWN ***
717e691e collected $1.06 from pot
*** SUMMARY ***
Total pot $1.11 | Rake $0.05 | Jackpot $0 | Bingo $0 | Fortune $0 | Tax $0
Board [3d 2c 2d 9h 6c]
Seat 2: 198509b showed [Kh Qh] and lost with Pair of Twos
Seat 3: Hero folded before Flop (didn't bet)
Seat 4: 717e691e (button) showed [Ah 5c] and won ($1.06) with Pair of Twos
Seat 5: 8b9e9876 (small blind) folded before Flop
Seat 6: 47a11beb (big blind) folded before Flop


Poker Hand #HD1780681290: Hold'em No Limit ($0.05/$0.1) - 2024/05/20 17:09:06
Table 'NLHRed20' 6-max Seat #3 is the button
Seat 2: 198509b ($6.45 in chips)
Seat 3: Hero ($12.35 in chips)
Seat 4: 717e691e ($12.97 in chips)
Seat 5: 8b9e9876 ($10 in chips)
Seat 6: 47a11beb ($13.39 in chips)
717e691e: posts small blind $0.05
8b9e9876: posts big blind $0.1
*** HOLE CARDS ***
Dealt to 198509b 
Dealt to Hero [5s 8h]
Dealt to 717e691e 
Dealt to 8b9e9876 
Dealt to 47a11beb 
47a11beb: folds
198509b: raises $0.1 to $0.2
Hero: folds
717e691e: folds
8b9e9876: folds
Uncalled bet ($0.1) returned to 198509b
*** SHOWDOWN ***
198509b collected $0.25 from pot
*** SUMMARY ***
Total pot $0.25 | Rake $0 | Jackpot $0 | Bingo $0 | Fortune $0 | Tax $0
Seat 2: 198509b collected ($0.25)
Seat 3: Hero (button) folded before Flop (didn't bet)
Seat 4: 717e691e (small blind) folded before Flop
Seat 5: 8b9e9876 (big blind) folded before Flop
Seat 6: 47a11beb folded before Flop (didn't bet)


Poker Hand #HD1780681222: Hold'em No Limit ($0.05/$0.1) - 2024/05/20 17:08:27
Table 'NLHRed20' 6-max Seat #2 is the button
Seat 2: 198509b ($5.81 in chips)
Seat 3: Hero ($12.4 in chips)
Seat 4: 717e691e ($13.07 in chips)
Seat 5: 8b9e9876 ($10 in chips)
Seat 6: 47a11beb ($13.94 in chips)
Hero: posts small blind $0.05
717e691e: posts big blind $0.1
*** HOLE CARDS ***
Dealt to 198509b 
Dealt to Hero [Js Qc]
Dealt to 717e691e 
Dealt to 8b9e9876 
Dealt to 47a11beb 
8b9e9876: folds
47a11beb: raises $0.15 to $0.25
198509b: calls $0.25
Hero: folds
717e691e: folds
*** FLOP *** [2c Kd 8c]
47a11beb: bets $0.3
198509b: calls $0.3
*** TURN *** [2c Kd 8c] [Jh]
47a11beb: checks
198509b: bets $1.25
47a11beb: folds
Uncalled bet ($1.25) returned to 198509b
198509b: shows [Ac] (Ace-High)
*** SHOWDOWN ***
198509b collected $1.19 from pot
*** SUMMARY ***
Total pot $1.25 | Rake $0.06 | Jackpot $0 | Bingo $0 | Fortune $0 | Tax $0
Board [2c Kd 8c Jh]
Seat 2: 198509b (button) showed [Ac] and won ($1.19)
Seat 3: Hero (small blind) folded before Flop
Seat 4: 717e691e (big blind) folded before Flop
Seat 5: 8b9e9876 folded before Flop (didn't bet)
Seat 6: 47a11beb folded on the Turn


Poker Hand #HD1780681188: Hold'em No Limit ($0.05/$0.1) - 2024/05/20 17:08:10
Table 'NLHRed20' 6-max Seat #6 is the button
Seat 2: 198509b ($5.86 in chips)
Seat 3: Hero ($12.5 in chips)
Seat 4: 717e691e ($13.07 in chips)
Seat 5: 8b9e9876 ($10 in chips)
Seat 6: 47a11beb ($13.79 in chips)
198509b: posts small blind $0.05
Hero: posts big blind $0.1
*** HOLE CARDS ***
Dealt to 198509b 
Dealt to Hero [Qd 3h]
Dealt to 717e691e 
Dealt to 8b9e9876 
Dealt to 47a11beb 
717e691e: folds
8b9e9876: folds
47a11beb: raises $0.15 to $0.25
198509b: folds
Hero: folds
Uncalled bet ($0.15) returned to 47a11beb
*** SHOWDOWN ***
47a11beb collected $0.25 from pot
*** SUMMARY ***
Total pot $0.25 | Rake $0 | Jackpot $0 | Bingo $0 | Fortune $0 | Tax $0
Seat 2: 198509b (small blind) folded before Flop
Seat 3: Hero (big blind) folded before Flop
Seat 4: 717e691e folded before Flop (didn't bet)
Seat 5: 8b9e9876 folded before Flop (didn't bet)
Seat 6: 47a11beb (button) collected ($0.25)


Poker Hand #HD1780681134: Hold'em No Limit ($0.05/$0.1) - 2024/05/20 17:07:43
Table 'NLHRed20' 6-max Seat #5 is the button
Seat 1: 1f6268c9 ($3.82 in chips)
Seat 2: 198509b ($5.86 in chips)
Seat 3: Hero ($12.5 in chips)
Seat 4: 717e691e ($12.92 in chips)
Seat 5: 8b9e9876 ($10 in chips)
Seat 6: 47a11beb ($13.84 in chips)
47a11beb: posts small blind $0.05
1f6268c9: posts big blind $0.1
*** HOLE CARDS ***
Dealt to 1f6268c9 
Dealt to 198509b 
Dealt to Hero [8s Ah]
Dealt to 717e691e 
Dealt to 8b9e9876 
Dealt to 47a11beb 
198509b: folds
Hero: folds
717e691e: raises $0.2 to $0.3
8b9e9876: folds
47a11beb: folds
1f6268c9: folds
Uncalled bet ($0.2) returned to 717e691e
*** SHOWDOWN ***
717e691e collected $0.25 from pot
*** SUMMARY ***
Total pot $0.25 | Rake $0 | Jackpot $0 | Bingo $0 | Fortune $0 | Tax $0
Seat 1: 1f6268c9 (big blind) folded before Flop
Seat 2: 198509b folded before Flop (didn't bet)
Seat 3: Hero folded before Flop (didn't bet)
Seat 4: 717e691e collected ($0.25)
Seat 5: 8b9e9876 (button) folded before Flop (didn't bet)
Seat 6: 47a11beb (small blind) folded before Flop


Poker Hand #HD1780681092: Hold'em No Limit ($0.05/$0.1) - 2024/05/20 17:07:20
Table 'NLHRed20' 6-max Seat #4 is the button
Seat 1: 1f6268c9 ($3.82 in chips)
Seat 3: Hero ($12.5 in chips)
Seat 4: 717e691e ($12.77 in chips)
Seat 5: 8b9e9876 ($10 in chips)
Seat 6: 47a11beb ($13.94 in chips)
8b9e9876: posts small blind $0.05
47a11beb: posts big blind $0.1
*** HOLE CARDS ***
Dealt to 1f6268c9 
Dealt to Hero [Th Jd]
Dealt to 717e691e 
Dealt to 8b9e9876 
Dealt to 47a11beb 
1f6268c9: folds
Hero: folds
717e691e: raises $0.2 to $0.3
8b9e9876: folds
47a11beb: folds
Uncalled bet ($0.2) returned to 717e691e
*** SHOWDOWN ***
717e691e collected $0.25 from pot
*** SUMMARY ***
Total pot $0.25 | Rake $0 | Jackpot $0 | Bingo $0 | Fortune $0 | Tax $0
Seat 1: 1f6268c9 folded before Flop (didn't bet)
Seat 3: Hero folded before Flop (didn't bet)
Seat 4: 717e691e (button) collected ($0.25)
Seat 5: 8b9e9876 (small blind) folded before Flop
Seat 6: 47a11beb (big blind) folded before Flop


Poker Hand #HD1780680915: Hold'em No Limit ($0.05/$0.1) - 2024/05/20 17:05:48
Table 'NLHRed20' 6-max Seat #3 is the button
Seat 1: 1f6268c9 ($3.82 in chips)
Seat 2: 198509b ($4.32 in chips)
Seat 3: Hero ($12.5 in chips)
Seat 4: 717e691e ($12.82 in chips)
Seat 5: 8b9e9876 ($10 in chips)
Seat 6: 47a11beb ($10 in chips)
717e691e: posts small blind $0.05
8b9e9876: posts big blind $0.1
*** HOLE CARDS ***
Dealt to 1f6268c9 
Dealt to 198509b 
Dealt to Hero [5d 6c]
Dealt to 717e691e 
Dealt to 8b9e9876 
Dealt to 47a11beb 
47a11beb: raises $0.15 to $0.25
1f6268c9: folds
198509b: calls $0.25
Hero: folds
717e691e: folds
8b9e9876: folds
*** FLOP *** [Qs Kh 8d]
47a11beb: bets $0.3
198509b: calls $0.3
*** TURN *** [Qs Kh 8d] [7d]
47a11beb: bets $1
198509b: calls $1
*** RIVER *** [Qs Kh 8d 7d] [8c]
47a11beb: bets $2.8
198509b: calls $2.77 and is all-in
Uncalled bet ($0.03) returned to 47a11beb
47a11beb: shows [As Ah] (Pair of Aces and Pair of Eights)
198509b: shows [Qd Js] (Pair of Queens and Pair of Eights)
*** SHOWDOWN ***
47a11beb collected $8.26 from pot
*** SUMMARY ***
Total pot $8.79 | Rake $0.43 | Jackpot $0.1 | Bingo $0 | Fortune $0 | Tax $0
Board [Qs Kh 8d 7d 8c]
Seat 1: 1f6268c9 folded before Flop (didn't bet)
Seat 2: 198509b showed [Qd Js] and lost with Pair of Queens and Pair of Eights
Seat 3: Hero (button) folded before Flop (didn't bet)
Seat 4: 717e691e (small blind) folded before Flop
Seat 5: 8b9e9876 (big blind) folded before Flop
Seat 6: 47a11beb showed [As Ah] and won ($8.26) with Pair of Aces and Pair of Eights


Poker Hand #HD1780680746: Hold'em No Limit ($0.05/$0.1) - 2024/05/20 17:04:31
Table 'NLHRed20' 6-max Seat #2 is the button
Seat 1: 1f6268c9 ($3.82 in chips)
Seat 2: 198509b ($6.9 in chips)
Seat 3: Hero ($10.17 in chips)
Seat 4: 717e691e ($12.92 in chips)
Seat 5: 24e24660 ($2.94 in chips)
Seat 6: 47a11beb ($10 in chips)
Hero: posts small blind $0.05
717e691e: posts big blind $0.1
*** HOLE CARDS ***
Dealt to 1f6268c9 
Dealt to 198509b 
Dealt to Hero [Ad Qh]
Dealt to 717e691e 
Dealt to 24e24660 
Dealt to 47a11beb 
24e24660: folds
47a11beb: folds
1f6268c9: folds
198509b: raises $0.1 to $0.2
Hero: raises $0.7 to $0.9
717e691e: folds
198509b: calls $0.7
*** FLOP *** [Qc 3h Kh]
Hero: bets $0.63
198509b: raises $1.05 to $1.68
Hero: calls $1.05
*** TURN *** [Qc 3h Kh] [6d]
Hero: checks
198509b: checks
*** RIVER *** [Qc 3h Kh 6d] [8s]
Hero: checks
198509b: checks
Hero: shows [Ad Qh] (Pair of Queens)
198509b: shows [2h 2d] (Pair of Twos)
*** SHOWDOWN ***
Hero collected $4.91 from pot
*** SUMMARY ***
Total pot $5.26 | Rake $0.25 | Jackpot $0.1 | Bingo $0 | Fortune $0 | Tax $0
Board [Qc 3h Kh 6d 8s]
Seat 1: 1f6268c9 folded before Flop (didn't bet)
Seat 2: 198509b (button) showed [2h 2d] and lost with Pair of Twos
Seat 3: Hero (small blind) showed [Ad Qh] and won ($4.91) with Pair of Queens
Seat 4: 717e691e (big blind) folded before Flop
Seat 5: 24e24660 folded before Flop (didn't bet)
Seat 6: 47a11beb folded before Flop (didn't bet)


Poker Hand #HD1780680717: Hold'em No Limit ($0.05/$0.1) - 2024/05/20 17:04:19
Table 'NLHRed20' 6-max Seat #1 is the button
Seat 1: 1f6268c9 ($3.82 in chips)
Seat 2: 198509b ($6.8 in chips)
Seat 3: Hero ($10.27 in chips)
Seat 4: 717e691e ($12.92 in chips)
Seat 5: 24e24660 ($2.94 in chips)
Seat 6: 47a11beb ($10 in chips)
198509b: posts small blind $0.05
Hero: posts big blind $0.1
*** HOLE CARDS ***
Dealt to 1f6268c9 
Dealt to 198509b 
Dealt to Hero [6s Kh]
Dealt to 717e691e 
Dealt to 24e24660 
Dealt to 47a11beb 
717e691e: folds
24e24660: folds
47a11beb: folds
1f6268c9: folds
198509b: raises $0.1 to $0.2
Hero: folds
Uncalled bet ($0.1) returned to 198509b
*** SHOWDOWN ***
198509b collected $0.2 from pot
*** SUMMARY ***
Total pot $0.2 | Rake $0 | Jackpot $0 | Bingo $0 | Fortune $0 | Tax $0
Seat 1: 1f6268c9 (button) folded before Flop (didn't bet)
Seat 2: 198509b (small blind) collected ($0.2)
Seat 3: Hero (big blind) folded before Flop
Seat 4: 717e691e folded before Flop (didn't bet)
Seat 5: 24e24660 folded before Flop (didn't bet)
Seat 6: 47a11beb folded before Flop (didn't bet)


Poker Hand #HD1780680608: Hold'em No Limit ($0.05/$0.1) - 2024/05/20 17:03:25
Table 'NLHRed20' 6-max Seat #6 is the button
Seat 1: 1f6268c9 ($3.87 in chips)
Seat 2: 198509b ($6.19 in chips)
Seat 3: Hero ($10.27 in chips)
Seat 4: 717e691e ($12.92 in chips)
Seat 5: 24e24660 ($3.24 in chips)
Seat 6: 47a11beb ($10.1 in chips)
1f6268c9: posts small blind $0.05
198509b: posts big blind $0.1
*** HOLE CARDS ***
Dealt to 1f6268c9 
Dealt to 198509b 
Dealt to Hero [9d Th]
Dealt to 717e691e 
Dealt to 24e24660 
Dealt to 47a11beb 
Hero: folds
717e691e: folds
24e24660: raises $0.2 to $0.3
47a11beb: calls $0.3
1f6268c9: folds
198509b: calls $0.2
*** FLOP *** [Jc Jh 7h]
198509b: checks
24e24660: checks
47a11beb: checks
*** TURN *** [Jc Jh 7h] [Qs]
198509b: bets $0.95
24e24660: folds
47a11beb: folds
Uncalled bet ($0.95) returned to 198509b
198509b: shows [Ah] (Pair of Jacks)
*** SHOWDOWN ***
198509b collected $0.91 from pot
*** SUMMARY ***
Total pot $0.95 | Rake $0.04 | Jackpot $0 | Bingo $0 | Fortune $0 | Tax $0
Board [Jc Jh 7h Qs]
Seat 1: 1f6268c9 (small blind) folded before Flop
Seat 2: 198509b (big blind) showed [Ah] and won ($0.91)
Seat 3: Hero folded before Flop (didn't bet)
Seat 4: 717e691e folded before Flop (didn't bet)
Seat 5: 24e24660 folded on the Turn
Seat 6: 47a11beb (button) folded on the Turn


Poker Hand #HD1780680414: Hold'em No Limit ($0.05/$0.1) - 2024/05/20 17:01:51
Table 'NLHRed20' 6-max Seat #5 is the button
Seat 1: 1f6268c9 ($3.28 in chips)
Seat 2: 198509b ($6.19 in chips)
Seat 3: Hero ($10.27 in chips)
Seat 4: 717e691e ($12.92 in chips)
Seat 5: 24e24660 ($3.84 in chips)
Seat 6: 47a11beb ($10.15 in chips)
47a11beb: posts small blind $0.05
1f6268c9: posts big blind $0.1
*** HOLE CARDS ***
Dealt to 1f6268c9 
Dealt to 198509b 
Dealt to Hero [2d 9h]
Dealt to 717e691e 
Dealt to 24e24660 
Dealt to 47a11beb 
198509b: folds
Hero: folds
717e691e: folds
24e24660: raises $0.2 to $0.3
47a11beb: folds
1f6268c9: calls $0.2
*** FLOP *** [5c Ks 8d]
1f6268c9: checks
24e24660: bets $0.3
1f6268c9: calls $0.3
*** TURN *** [5c Ks 8d] [9c]
1f6268c9: checks
24e24660: checks
*** RIVER *** [5c Ks 8d 9c] [3s]
1f6268c9: checks
24e24660: checks
1f6268c9: shows [6d 8c] (Pair of Eights)
24e24660: shows [Ts 4s] (King-High)
*** SHOWDOWN ***
1f6268c9 collected $1.19 from pot
*** SUMMARY ***
Total pot $1.25 | Rake $0.06 | Jackpot $0 | Bingo $0 | Fortune $0 | Tax $0
Board [5c Ks 8d 9c 3s]
Seat 1: 1f6268c9 (big blind) showed [6d 8c] and won ($1.19) with Pair of Eights
Seat 2: 198509b folded before Flop (didn't bet)
Seat 3: Hero folded before Flop (didn't bet)
Seat 4: 717e691e folded before Flop (didn't bet)
Seat 5: 24e24660 (button) showed [Ts 4s] and lost with King-High
Seat 6: 47a11beb (small blind) folded before Flop


Poker Hand #HD1780680300: Hold'em No Limit ($0.05/$0.1) - 2024/05/20 17:01:03
Table 'NLHRed20' 6-max Seat #4 is the button
Seat 1: 1f6268c9 ($3.73 in chips)
Seat 2: 198509b ($6.19 in chips)
Seat 3: Hero ($10.27 in chips)
Seat 4: 717e691e ($12.37 in chips)
Seat 5: 24e24660 ($3.89 in chips)
Seat 6: 47a11beb ($10.25 in chips)
24e24660: posts small blind $0.05
47a11beb: posts big blind $0.1
*** HOLE CARDS ***
Dealt to 1f6268c9 
Dealt to 198509b 
Dealt to Hero [7c 9c]
Dealt to 717e691e 
Dealt to 24e24660 
Dealt to 47a11beb 
1f6268c9: calls $0.1
198509b: folds
Hero: folds
717e691e: raises $0.35 to $0.45
24e24660: folds
47a11beb: folds
1f6268c9: calls $0.35
*** FLOP *** [8h 8s Js]
1f6268c9: checks
717e691e: checks
*** TURN *** [8h 8s Js] [2c]
1f6268c9: checks
717e691e: bets $0.35
1f6268c9: folds
Uncalled bet ($0.35) returned to 717e691e
*** SHOWDOWN ***
717e691e collected $1 from pot
*** SUMMARY ***
Total pot $1.05 | Rake $0.05 | Jackpot $0 | Bingo $0 | Fortune $0 | Tax $0
Board [8h 8s Js 2c]
Seat 1: 1f6268c9 folded on the Turn
Seat 2: 198509b folded before Flop (didn't bet)
Seat 3: Hero folded before Flop (didn't bet)
Seat 4: 717e691e (button) won ($1)
Seat 5: 24e24660 (small blind) folded before Flop
Seat 6: 47a11beb (big blind) folded before Flop


Poker Hand #HD1780680104: Hold'em No Limit ($0.05/$0.1) - 2024/05/20 16:59:26
Table 'NLHRed20' 6-max Seat #3 is the button
Seat 1: 1f6268c9 ($1.55 in chips)
Seat 2: 198509b ($7.74 in chips)
Seat 3: Hero ($10.27 in chips)
Seat 4: 717e691e ($12.42 in chips)
Seat 5: 24e24660 ($4.76 in chips)
Seat 6: 47a11beb ($10.25 in chips)
717e691e: posts small blind $0.05
24e24660: posts big blind $0.1
*** HOLE CARDS ***
Dealt to 1f6268c9 
Dealt to 198509b 
Dealt to Hero [Qs 8c]
Dealt to 717e691e 
Dealt to 24e24660 
Dealt to 47a11beb 
47a11beb: folds
1f6268c9: raises $0.2 to $0.3
198509b: raises $0.57 to $0.87
Hero: folds
717e691e: folds
24e24660: calls $0.77
1f6268c9: calls $0.57
*** FLOP *** [Qc 7h Qh]
24e24660: checks
1f6268c9: bets $0.68 and is all-in
198509b: calls $0.68
24e24660: folds
1f6268c9: shows [As Js] (Pair of Queens)
198509b: shows [6c 6s] (Pair of Queens and Pair of Sixes)
*** TURN *** [Qc 7h Qh] [Kc]
*** RIVER *** [Qc 7h Qh Kc] [Tc]
*** SHOWDOWN ***
1f6268c9 collected $3.73 from pot
*** SUMMARY ***
Total pot $4.02 | Rake $0.19 | Jackpot $0.1 | Bingo $0 | Fortune $0 | Tax $0
Board [Qc 7h Qh Kc Tc]
Seat 1: 1f6268c9 showed [As Js] and won ($3.73) with Aces-High Straight
Seat 2: 198509b showed [6c 6s] and lost with Pair of Queens and Pair of Sixes
Seat 3: Hero (button) folded before Flop (didn't bet)
Seat 4: 717e691e (small blind) folded before Flop
Seat 5: 24e24660 (big blind) folded on the Flop
Seat 6: 47a11beb folded before Flop (didn't bet)


Poker Hand #HD1780679958: Hold'em No Limit ($0.05/$0.1) - 2024/05/20 16:58:18
Table 'NLHRed20' 6-max Seat #2 is the button
Seat 1: 1f6268c9 ($0.7 in chips)
Seat 2: 198509b ($8.44 in chips)
Seat 3: Hero ($10.47 in chips)
Seat 4: 717e691e ($12.52 in chips)
Seat 5: 24e24660 ($4.76 in chips)
Seat 6: 47a11beb ($10.25 in chips)
Hero: posts small blind $0.05
717e691e: posts big blind $0.1
*** HOLE CARDS ***
Dealt to 1f6268c9 
Dealt to 198509b 
Dealt to Hero [9d Ad]
Dealt to 717e691e 
Dealt to 24e24660 
Dealt to 47a11beb 
24e24660: folds
47a11beb: folds
1f6268c9: calls $0.1
198509b: raises $0.1 to $0.2
Hero: calls $0.15
717e691e: folds
1f6268c9: calls $0.1
*** FLOP *** [6d Ks Js]
Hero: checks
1f6268c9: checks
198509b: bets $0.35
Hero: folds
1f6268c9: calls $0.35
*** TURN *** [6d Ks Js] [9s]
1f6268c9: bets $0.15 and is all-in
198509b: calls $0.15
1f6268c9: shows [7d 6h] (Pair of Sixes)
198509b: shows [7h Ah] (Ace-High)
1f6268c9: Chooses to EV Cashout 
*** RIVER *** [6d Ks Js 9s] [6s]
1f6268c9: Pays Cashout Risk ($0.07)
*** SHOWDOWN ***
1f6268c9 collected $1.62 from pot
*** SUMMARY ***
Total pot $1.7 | Rake $0.08 | Jackpot $0 | Bingo $0 | Fortune $0 | Tax $0
Board [6d Ks Js 9s 6s]
Seat 1: 1f6268c9 showed [7d 6h] and won ($1.62) with Three Sixes, Cashout Risk ($0.07)
Seat 2: 198509b (button) showed [7h Ah] and lost with Pair of Sixes
Seat 3: Hero (small blind) folded on the Flop
Seat 4: 717e691e (big blind) folded before Flop
Seat 5: 24e24660 folded before Flop (didn't bet)
Seat 6: 47a11beb folded before Flop (didn't bet)


Poker Hand #HD1780679876: Hold'em No Limit ($0.05/$0.1) - 2024/05/20 16:57:43
Table 'NLHRed20' 6-max Seat #1 is the button
Seat 1: 1f6268c9 ($0.7 in chips)
Seat 2: 198509b ($8.35 in chips)
Seat 3: Hero ($10.57 in chips)
Seat 4: 717e691e ($12.52 in chips)
Seat 5: 24e24660 ($4.76 in chips)
Seat 6: 47a11beb ($10.25 in chips)
198509b: posts small blind $0.05
Hero: posts big blind $0.1
*** HOLE CARDS ***
Dealt to 1f6268c9 
Dealt to 198509b 
Dealt to Hero [Th 2s]
Dealt to 717e691e 
Dealt to 24e24660 
Dealt to 47a11beb 
717e691e: folds
24e24660: folds
47a11beb: folds
1f6268c9: folds
198509b: calls $0.05
Hero: checks
*** FLOP *** [5h Js 9s]
198509b: bets $0.2
Hero: folds
Uncalled bet ($0.2) returned to 198509b
*** SHOWDOWN ***
198509b collected $0.19 from pot
*** SUMMARY ***
Total pot $0.2 | Rake $0.01 | Jackpot $0 | Bingo $0 | Fortune $0 | Tax $0
Board [5h Js 9s]
Seat 1: 1f6268c9 (button) folded before Flop (didn't bet)
Seat 2: 198509b (small blind) won ($0.19)
Seat 3: Hero (big blind) folded on the Flop
Seat 4: 717e691e folded before Flop (didn't bet)
Seat 5: 24e24660 folded before Flop (didn't bet)
Seat 6: 47a11beb folded before Flop (didn't bet)


Poker Hand #HD1780679725: Hold'em No Limit ($0.05/$0.1) - 2024/05/20 16:56:39
Table 'NLHRed20' 6-max Seat #6 is the button
Seat 1: 1f6268c9 ($0.75 in chips)
Seat 2: 198509b ($6.57 in chips)
Seat 3: Hero ($12.6 in chips)
Seat 4: 717e691e ($12.52 in chips)
Seat 5: 24e24660 ($4.76 in chips)
Seat 6: 47a11beb ($10.25 in chips)
1f6268c9: posts small blind $0.05
198509b: posts big blind $0.1
*** HOLE CARDS ***
Dealt to 1f6268c9 
Dealt to 198509b 
Dealt to Hero [Ac Kc]
Dealt to 717e691e 
Dealt to 24e24660 
Dealt to 47a11beb 
Hero: raises $0.1 to $0.2
717e691e: folds
24e24660: folds
47a11beb: folds
1f6268c9: folds
198509b: raises $0.1 to $0.3
Hero: raises $0.7 to $1
198509b: calls $0.7
*** FLOP *** [Jh 7s Qh]
198509b: bets $1.03
Hero: calls $1.03
*** TURN *** [Jh 7s Qh] [2d]
198509b: bets $4.11
Hero: folds
Uncalled bet ($4.11) returned to 198509b
198509b: shows [9h] (Queen-High)
*** SHOWDOWN ***
198509b collected $3.81 from pot
*** SUMMARY ***
Total pot $4.11 | Rake $0.2 | Jackpot $0.1 | Bingo $0 | Fortune $0 | Tax $0
Board [Jh 7s Qh 2d]
Seat 1: 1f6268c9 (small blind) folded before Flop
Seat 2: 198509b (big blind) showed [9h] and won ($3.81)
Seat 3: Hero folded on the Turn
Seat 4: 717e691e folded before Flop (didn't bet)
Seat 5: 24e24660 folded before Flop (didn't bet)
Seat 6: 47a11beb (button) folded before Flop (didn't bet)


Poker Hand #HD1780679622: Hold'em No Limit ($0.05/$0.1) - 2024/05/20 16:55:54
Table 'NLHRed20' 6-max Seat #5 is the button
Seat 1: 1f6268c9 ($1.1 in chips)
Seat 2: 198509b ($6.57 in chips)
Seat 3: Hero ($12.23 in chips)
Seat 4: 717e691e ($12.52 in chips)
Seat 5: 24e24660 ($4.76 in chips)
Seat 6: 47a11beb ($10.3 in chips)
47a11beb: posts small blind $0.05
1f6268c9: posts big blind $0.1
*** HOLE CARDS ***
Dealt to 1f6268c9 
Dealt to 198509b 
Dealt to Hero [Qs Ac]
Dealt to 717e691e 
Dealt to 24e24660 
Dealt to 47a11beb 
198509b: folds
Hero: raises $0.1 to $0.2
717e691e: folds
24e24660: folds
47a11beb: folds
1f6268c9: calls $0.1
*** FLOP *** [2h 2s 2d]
1f6268c9: bets $0.15
Hero: calls $0.15
*** TURN *** [2h 2s 2d] [4h]
1f6268c9: checks
Hero: checks
*** RIVER *** [2h 2s 2d 4h] [Td]
1f6268c9: checks
Hero: checks
1f6268c9: shows [Kh 7d] (Three Twos)
Hero: shows [Qs Ac] (Three Twos)
*** SHOWDOWN ***
Hero collected $0.72 from pot
*** SUMMARY ***
Total pot $0.75 | Rake $0.03 | Jackpot $0 | Bingo $0 | Fortune $0 | Tax $0
Board [2h 2s 2d 4h Td]
Seat 1: 1f6268c9 (big blind) showed [Kh 7d] and lost with Three Twos
Seat 2: 198509b folded before Flop (didn't bet)
Seat 3: Hero showed [Qs Ac] and won ($0.72) with Three Twos
Seat 4: 717e691e folded before Flop (didn't bet)
Seat 5: 24e24660 (button) folded before Flop (didn't bet)
Seat 6: 47a11beb (small blind) folded before Flop


Poker Hand #HD1780679533: Hold'em No Limit ($0.05/$0.1) - 2024/05/20 16:55:11
Table 'NLHRed20' 6-max Seat #4 is the button
Seat 1: 1f6268c9 ($1.3 in chips)
Seat 2: 198509b ($6.24 in chips)
Seat 3: Hero ($12.23 in chips)
Seat 4: 717e691e ($12.52 in chips)
Seat 5: 24e24660 ($4.81 in chips)
Seat 6: 47a11beb ($10.4 in chips)
24e24660: posts small blind $0.05
47a11beb: posts big blind $0.1
*** HOLE CARDS ***
Dealt to 1f6268c9 
Dealt to 198509b 
Dealt to Hero [3s 6d]
Dealt to 717e691e 
Dealt to 24e24660 
Dealt to 47a11beb 
1f6268c9: calls $0.1
198509b: raises $0.1 to $0.2
Hero: folds
717e691e: folds
24e24660: folds
47a11beb: folds
1f6268c9: calls $0.1
*** FLOP *** [Jh 7d 9s]
1f6268c9: checks
198509b: checks
*** TURN *** [Jh 7d 9s] [Ts]
1f6268c9: checks
198509b: bets $0.55
1f6268c9: folds
Uncalled bet ($0.55) returned to 198509b
*** SHOWDOWN ***
198509b collected $0.53 from pot
*** SUMMARY ***
Total pot $0.55 | Rake $0.02 | Jackpot $0 | Bingo $0 | Fortune $0 | Tax $0
Board [Jh 7d 9s Ts]
Seat 1: 1f6268c9 folded on the Turn
Seat 2: 198509b won ($0.53)
Seat 3: Hero folded before Flop (didn't bet)
Seat 4: 717e691e (button) folded before Flop (didn't bet)
Seat 5: 24e24660 (small blind) folded before Flop
Seat 6: 47a11beb (big blind) folded before Flop


Poker Hand #HD1780679447: Hold'em No Limit ($0.05/$0.1) - 2024/05/20 16:54:28
Table 'NLHRed20' 6-max Seat #3 is the button
Seat 1: 1f6268c9 ($1.4 in chips)
Seat 2: 198509b ($6 in chips)
Seat 3: Hero ($12.23 in chips)
Seat 4: 717e691e ($12.57 in chips)
Seat 5: 24e24660 ($4.91 in chips)
Seat 6: 47a11beb ($10.4 in chips)
717e691e: posts small blind $0.05
24e24660: posts big blind $0.1
198509b: posts big blind $0.1
*** HOLE CARDS ***
Dealt to 1f6268c9 
Dealt to 198509b 
Dealt to Hero [7d Tc]
Dealt to 717e691e 
Dealt to 24e24660 
Dealt to 47a11beb 
47a11beb: folds
1f6268c9: calls $0.1
198509b: checks
Hero: folds
717e691e: folds
24e24660: checks
*** FLOP *** [8s 3d 3c]
24e24660: checks
1f6268c9: checks
198509b: bets $0.35
24e24660: folds
1f6268c9: folds
Uncalled bet ($0.35) returned to 198509b
*** SHOWDOWN ***
198509b collected $0.34 from pot
*** SUMMARY ***
Total pot $0.35 | Rake $0.01 | Jackpot $0 | Bingo $0 | Fortune $0 | Tax $0
Board [8s 3d 3c]
Seat 1: 1f6268c9 folded on the Flop
Seat 2: 198509b won ($0.34)
Seat 3: Hero (button) folded before Flop (didn't bet)
Seat 4: 717e691e (small blind) folded before Flop
Seat 5: 24e24660 (big blind) folded on the Flop
Seat 6: 47a11beb folded before Flop (didn't bet)


Poker Hand #HD1780679260: Hold'em No Limit ($0.05/$0.1) - 2024/05/20 16:52:57
Table 'NLHRed20' 6-max Seat #1 is the button
Seat 1: 1f6268c9 ($1.4 in chips)
Seat 2: ff9e7ed3 ($12.41 in chips)
Seat 3: Hero ($10.43 in chips)
Seat 4: 717e691e ($12.57 in chips)
Seat 5: 24e24660 ($6.96 in chips)
Seat 6: 47a11beb ($10.4 in chips)
ff9e7ed3: posts small blind $0.05
Hero: posts big blind $0.1
*** HOLE CARDS ***
Dealt to 1f6268c9 
Dealt to ff9e7ed3 
Dealt to Hero [9d 6c]
Dealt to 717e691e 
Dealt to 24e24660 
Dealt to 47a11beb 
717e691e: folds
24e24660: calls $0.1
47a11beb: folds
1f6268c9: folds
ff9e7ed3: folds
Hero: checks
*** FLOP *** [8c 3d 6h]
Hero: checks
24e24660: bets $0.25
Hero: calls $0.25
*** TURN *** [8c 3d 6h] [9s]
Hero: checks
24e24660: bets $0.75
Hero: raises $0.95 to $1.7
24e24660: calls $0.95
*** RIVER *** [8c 3d 6h 9s] [2c]
Hero: bets $8.38 and is all-in
24e24660: folds
Uncalled bet ($8.38) returned to Hero
*** SHOWDOWN ***
Hero collected $3.85 from pot
*** SUMMARY ***
Total pot $4.15 | Rake $0.2 | Jackpot $0.1 | Bingo $0 | Fortune $0 | Tax $0
Board [8c 3d 6h 9s 2c]
Seat 1: 1f6268c9 (button) folded before Flop (didn't bet)
Seat 2: ff9e7ed3 (small blind) folded before Flop
Seat 3: Hero (big blind) won ($3.85)
Seat 4: 717e691e folded before Flop (didn't bet)
Seat 5: 24e24660 folded on the River
Seat 6: 47a11beb folded before Flop (didn't bet)


Poker Hand #HD1780679142: Hold'em No Limit ($0.05/$0.1) - 2024/05/20 16:52:02
Table 'NLHRed20' 6-max Seat #6 is the button
Seat 1: 1f6268c9 ($1.6 in chips)
Seat 2: ff9e7ed3 ($12.51 in chips)
Seat 3: Hero ($10.15 in chips)
Seat 4: 717e691e ($12.57 in chips)
Seat 5: 24e24660 ($6.96 in chips)
Seat 6: 47a11beb ($10.4 in chips)
1f6268c9: posts small blind $0.05
ff9e7ed3: posts big blind $0.1
*** HOLE CARDS ***
Dealt to 1f6268c9 
Dealt to ff9e7ed3 
Dealt to Hero [Qc Kh]
Dealt to 717e691e 
Dealt to 24e24660 
Dealt to 47a11beb 
Hero: raises $0.1 to $0.2
717e691e: folds
24e24660: folds
47a11beb: folds
1f6268c9: calls $0.15
ff9e7ed3: folds
*** FLOP *** [3h 9c Jh]
1f6268c9: checks
Hero: bets $0.2
1f6268c9: folds
Uncalled bet ($0.2) returned to Hero
*** SHOWDOWN ***
Hero collected $0.48 from pot
*** SUMMARY ***
Total pot $0.5 | Rake $0.02 | Jackpot $0 | Bingo $0 | Fortune $0 | Tax $0
Board [3h 9c Jh]
Seat 1: 1f6268c9 (small blind) folded on the Flop
Seat 2: ff9e7ed3 (big blind) folded before Flop
Seat 3: Hero won ($0.48)
Seat 4: 717e691e folded before Flop (didn't bet)
Seat 5: 24e24660 folded before Flop (didn't bet)
Seat 6: 47a11beb (button) folded before Flop (didn't bet)


Poker Hand #HD1780679105: Hold'em No Limit ($0.05/$0.1) - 2024/05/20 16:51:42
Table 'NLHRed20' 6-max Seat #5 is the button
Seat 1: 1f6268c9 ($1.7 in chips)
Seat 2: ff9e7ed3 ($12.51 in chips)
Seat 3: Hero ($10 in chips)
Seat 4: 717e691e ($12.57 in chips)
Seat 5: 24e24660 ($6.96 in chips)
Seat 6: 47a11beb ($10.45 in chips)
47a11beb: posts small blind $0.05
1f6268c9: posts big blind $0.1
*** HOLE CARDS ***
Dealt to 1f6268c9 
Dealt to ff9e7ed3 
Dealt to Hero [8h 9h]
Dealt to 717e691e 
Dealt to 24e24660 
Dealt to 47a11beb 
ff9e7ed3: folds
Hero: raises $0.1 to $0.2
717e691e: folds
24e24660: folds
47a11beb: folds
1f6268c9: folds
Uncalled bet ($0.1) returned to Hero
*** SHOWDOWN ***
Hero collected $0.25 from pot
*** SUMMARY ***
Total pot $0.25 | Rake $0 | Jackpot $0 | Bingo $0 | Fortune $0 | Tax $0
Seat 1: 1f6268c9 (big blind) folded before Flop
Seat 2: ff9e7ed3 folded before Flop (didn't bet)
Seat 3: Hero collected ($0.25)
Seat 4: 717e691e folded before Flop (didn't bet)
Seat 5: 24e24660 (button) folded before Flop (didn't bet)
Seat 6: 47a11beb (small blind) folded before Flop


Poker Hand #HD1780678983: Hold'em No Limit ($0.05/$0.1) - 2024/05/20 16:50:50
Table 'NLHRed20' 6-max Seat #4 is the button
Seat 2: ff9e7ed3 ($12.51 in chips)
Seat 3: Hero ($10 in chips)
Seat 4: 717e691e ($12.57 in chips)
Seat 5: 24e24660 ($7.2 in chips)
Seat 6: 47a11beb ($10 in chips)
24e24660: posts small blind $0.05
47a11beb: posts big blind $0.1
*** HOLE CARDS ***
Dealt to ff9e7ed3 
Dealt to Hero [8s As]
Dealt to 717e691e 
Dealt to 24e24660 
Dealt to 47a11beb 
ff9e7ed3: folds
Hero: raises $0.14 to $0.24
717e691e: folds
24e24660: calls $0.19
47a11beb: calls $0.14
*** FLOP *** [Qc 2s 2d]
24e24660: checks
47a11beb: checks
Hero: checks
*** TURN *** [Qc 2s 2d] [3c]
24e24660: checks
47a11beb: bets $0.36
Hero: folds
24e24660: folds
Uncalled bet ($0.36) returned to 47a11beb
*** SHOWDOWN ***
47a11beb collected $0.69 from pot
*** SUMMARY ***
Total pot $0.72 | Rake $0.03 | Jackpot $0 | Bingo $0 | Fortune $0 | Tax $0
Board [Qc 2s 2d 3c]
Seat 2: ff9e7ed3 folded before Flop (didn't bet)
Seat 3: Hero folded on the Turn
Seat 4: 717e691e (button) folded before Flop (didn't bet)
Seat 5: 24e24660 (small blind) folded on the Turn
Seat 6: 47a11beb (big blind) won ($0.69)


Poker Hand #HD1780678812: Hold'em No Limit ($0.05/$0.1) - 2024/05/20 16:49:28
Table 'NLHRed20' 6-max Seat #3 is the button
Seat 1: 1f6268c9 ($1.7 in chips)
Seat 2: ff9e7ed3 ($11.57 in chips)
Seat 3: Hero ($10 in chips)
Seat 4: 717e691e ($12.62 in chips)
Seat 5: 24e24660 ($7.3 in chips)
Seat 6: 47a11beb ($10.47 in chips)
717e691e: posts small blind $0.05
24e24660: posts big blind $0.1
*** HOLE CARDS ***
Dealt to 1f6268c9 
Dealt to ff9e7ed3 
Dealt to Hero [8s 3d]
Dealt to 717e691e 
Dealt to 24e24660 
Dealt to 47a11beb 
47a11beb: raises $0.15 to $0.25
1f6268c9: folds
ff9e7ed3: raises $0.65 to $0.9
Hero: folds
717e691e: folds
24e24660: folds
47a11beb: calls $0.65
*** FLOP *** [5c 5h 6c]
47a11beb: checks
ff9e7ed3: checks
*** TURN *** [5c 5h 6c] [As]
47a11beb: checks
ff9e7ed3: bets $0.73
47a11beb: folds
Uncalled bet ($0.73) returned to ff9e7ed3
*** SHOWDOWN ***
ff9e7ed3 collected $1.84 from pot
*** SUMMARY ***
Total pot $1.95 | Rake $0.11 | Jackpot $0 | Bingo $0 | Fortune $0 | Tax $0
Board [5c 5h 6c As]
Seat 1: 1f6268c9 folded before Flop (didn't bet)
Seat 2: ff9e7ed3 won ($1.84)
Seat 3: Hero (button) folded before Flop (didn't bet)
Seat 4: 717e691e (small blind) folded before Flop
Seat 5: 24e24660 (big blind) folded before Flop
Seat 6: 47a11beb folded on the Turn


Poker Hand #HD1780678762: Hold'em No Limit ($0.05/$0.1) - 2024/05/20 16:49:02
Table 'NLHRed20' 6-max Seat #2 is the button
Seat 1: 1f6268c9 ($1.7 in chips)
Seat 2: ff9e7ed3 ($11.42 in chips)
Seat 3: Hero ($10 in chips)
Seat 4: 717e691e ($12.72 in chips)
Seat 5: 24e24660 ($7.3 in chips)
Seat 6: 47a11beb ($10.47 in chips)
Hero: posts small blind $0.05
717e691e: posts big blind $0.1
*** HOLE CARDS ***
Dealt to 1f6268c9 
Dealt to ff9e7ed3 
Dealt to Hero [Qc 4h]
Dealt to 717e691e 
Dealt to 24e24660 
Dealt to 47a11beb 
24e24660: folds
47a11beb: folds
1f6268c9: folds
ff9e7ed3: raises $0.15 to $0.25
Hero: folds
717e691e: folds
Uncalled bet ($0.15) returned to ff9e7ed3
*** SHOWDOWN ***
ff9e7ed3 collected $0.25 from pot
*** SUMMARY ***
Total pot $0.25 | Rake $0 | Jackpot $0 | Bingo $0 | Fortune $0 | Tax $0
Seat 1: 1f6268c9 folded before Flop (didn't bet)
Seat 2: ff9e7ed3 (button) collected ($0.25)
Seat 3: Hero (small blind) folded before Flop
Seat 4: 717e691e (big blind) folded before Flop
Seat 5: 24e24660 folded before Flop (didn't bet)
Seat 6: 47a11beb folded before Flop (didn't bet)


Poker Hand #HD1780678700: Hold'em No Limit ($0.05/$0.1) - 2024/05/20 16:48:33
Table 'NLHRed20' 6-max Seat #1 is the button
Seat 1: 1f6268c9 ($1.7 in chips)
Seat 2: ff9e7ed3 ($11.47 in chips)
Seat 3: Hero ($10 in chips)
Seat 4: 717e691e ($12.72 in chips)
Seat 5: 24e24660 ($7.3 in chips)
Seat 6: 47a11beb ($10.32 in chips)
ff9e7ed3: posts small blind $0.05
Hero: posts big blind $0.1
*** HOLE CARDS ***
Dealt to 1f6268c9 
Dealt to ff9e7ed3 
Dealt to Hero [As 2h]
Dealt to 717e691e 
Dealt to 24e24660 
Dealt to 47a11beb 
717e691e: folds
24e24660: folds
47a11beb: raises $0.15 to $0.25
1f6268c9: folds
ff9e7ed3: folds
Hero: folds
Uncalled bet ($0.15) returned to 47a11beb
*** SHOWDOWN ***
47a11beb collected $0.25 from pot
*** SUMMARY ***
Total pot $0.25 | Rake $0 | Jackpot $0 | Bingo $0 | Fortune $0 | Tax $0
Seat 1: 1f6268c9 (button) folded before Flop (didn't bet)
Seat 2: ff9e7ed3 (small blind) folded before Flop
Seat 3: Hero (big blind) folded before Flop
Seat 4: 717e691e folded before Flop (didn't bet)
Seat 5: 24e24660 folded before Flop (didn't bet)
Seat 6: 47a11beb collected ($0.25)


Poker Hand #HD1780678661: Hold'em No Limit ($0.05/$0.1) - 2024/05/20 16:48:16
Table 'NLHRed20' 6-max Seat #6 is the button
Seat 1: 1f6268c9 ($1.75 in chips)
Seat 2: ff9e7ed3 ($11.42 in chips)
Seat 3: Hero ($10 in chips)
Seat 4: 717e691e ($12.72 in chips)
Seat 5: 24e24660 ($7.3 in chips)
Seat 6: 47a11beb ($10.32 in chips)
1f6268c9: posts small blind $0.05
ff9e7ed3: posts big blind $0.1
*** HOLE CARDS ***
Dealt to 1f6268c9 
Dealt to ff9e7ed3 
Dealt to Hero [Jh 5d]
Dealt to 717e691e 
Dealt to 24e24660 
Dealt to 47a11beb 
Hero: folds
717e691e: folds
24e24660: folds
47a11beb: folds
1f6268c9: folds
Uncalled bet ($0.05) returned to ff9e7ed3
*** SHOWDOWN ***
ff9e7ed3 collected $0.1 from pot
*** SUMMARY ***
Total pot $0.1 | Rake $0 | Jackpot $0 | Bingo $0 | Fortune $0 | Tax $0
Seat 1: 1f6268c9 (small blind) folded before Flop
Seat 2: ff9e7ed3 (big blind) collected ($0.1)
Seat 3: Hero folded before Flop (didn't bet)
Seat 4: 717e691e folded before Flop (didn't bet)
Seat 5: 24e24660 folded before Flop (didn't bet)
Seat 6: 47a11beb (button) folded before Flop (didn't bet)


Poker Hand #HD1780678620: Hold'em No Limit ($0.05/$0.1) - 2024/05/20 16:47:55
Table 'NLHRed20' 6-max Seat #5 is the button
Seat 1: 1f6268c9 ($1.85 in chips)
Seat 2: ff9e7ed3 ($11.42 in chips)
Seat 3: Hero ($10 in chips)
Seat 4: 717e691e ($12.72 in chips)
Seat 5: 24e24660 ($7.15 in chips)
Seat 6: 47a11beb ($10.37 in chips)
47a11beb: posts small blind $0.05
1f6268c9: posts big blind $0.1
*** HOLE CARDS ***
Dealt to 1f6268c9 
Dealt to ff9e7ed3 
Dealt to Hero [Jc 7d]
Dealt to 717e691e 
Dealt to 24e24660 
Dealt to 47a11beb 
ff9e7ed3: folds
Hero: folds
717e691e: folds
24e24660: raises $0.2 to $0.3
47a11beb: folds
1f6268c9: folds
Uncalled bet ($0.2) returned to 24e24660
*** SHOWDOWN ***
24e24660 collected $0.25 from pot
*** SUMMARY ***
Total pot $0.25 | Rake $0 | Jackpot $0 | Bingo $0 | Fortune $0 | Tax $0
Seat 1: 1f6268c9 (big blind) folded before Flop
Seat 2: ff9e7ed3 folded before Flop (didn't bet)
Seat 3: Hero folded before Flop (didn't bet)
Seat 4: 717e691e folded before Flop (didn't bet)
Seat 5: 24e24660 (button) collected ($0.25)
Seat 6: 47a11beb (small blind) folded before Flop


Poker Hand #HD1780678507: Hold'em No Limit ($0.05/$0.1) - 2024/05/20 16:47:02
Table 'NLHRed20' 6-max Seat #4 is the button
Seat 1: 1f6268c9 ($1.85 in chips)
Seat 2: ff9e7ed3 ($11.42 in chips)
Seat 3: Hero ($10.24 in chips)
Seat 4: 717e691e ($12.72 in chips)
Seat 5: 24e24660 ($6.56 in chips)
Seat 6: 47a11beb ($10.47 in chips)
24e24660: posts small blind $0.05
47a11beb: posts big blind $0.1
*** HOLE CARDS ***
Dealt to 1f6268c9 
Dealt to ff9e7ed3 
Dealt to Hero [Ah 5h]
Dealt to 717e691e 
Dealt to 24e24660 
Dealt to 47a11beb 
1f6268c9: folds
ff9e7ed3: folds
Hero: raises $0.14 to $0.24
717e691e: folds
24e24660: calls $0.19
47a11beb: folds
*** FLOP *** [Kc 4s Qs]
24e24660: checks
Hero: bets $0.3
24e24660: calls $0.3
*** TURN *** [Kc 4s Qs] [6d]
24e24660: checks
Hero: checks
*** RIVER *** [Kc 4s Qs 6d] [Jd]
24e24660: bets $6.02 and is all-in
Hero: folds
Uncalled bet ($6.02) returned to 24e24660
*** SHOWDOWN ***
24e24660 collected $1.13 from pot
*** SUMMARY ***
Total pot $1.18 | Rake $0.05 | Jackpot $0 | Bingo $0 | Fortune $0 | Tax $0
Board [Kc 4s Qs 6d Jd]
Seat 1: 1f6268c9 folded before Flop (didn't bet)
Seat 2: ff9e7ed3 folded before Flop (didn't bet)
Seat 3: Hero folded on the River
Seat 4: 717e691e (button) folded before Flop (didn't bet)
Seat 5: 24e24660 (small blind) won ($1.13)
Seat 6: 47a11beb (big blind) folded before Flop


Poker Hand #HD1780678453: Hold'em No Limit ($0.05/$0.1) - 2024/05/20 16:46:37
Table 'NLHRed20' 6-max Seat #3 is the button
Seat 1: 1f6268c9 ($1.95 in chips)
Seat 2: ff9e7ed3 ($11.42 in chips)
Seat 3: Hero ($10 in chips)
Seat 4: 717e691e ($12.77 in chips)
Seat 5: 24e24660 ($6.66 in chips)
Seat 6: 47a11beb ($10.47 in chips)
717e691e: posts small blind $0.05
24e24660: posts big blind $0.1
*** HOLE CARDS ***
Dealt to 1f6268c9 
Dealt to ff9e7ed3 
Dealt to Hero [Ks Td]
Dealt to 717e691e 
Dealt to 24e24660 
Dealt to 47a11beb 
47a11beb: folds
1f6268c9: calls $0.1
ff9e7ed3: folds
Hero: raises $0.3 to $0.4
717e691e: folds
24e24660: folds
1f6268c9: folds
Uncalled bet ($0.3) returned to Hero
*** SHOWDOWN ***
Hero collected $0.34 from pot
*** SUMMARY ***
Total pot $0.35 | Rake $0.01 | Jackpot $0 | Bingo $0 | Fortune $0 | Tax $0
Seat 1: 1f6268c9 folded before Flop
Seat 2: ff9e7ed3 folded before Flop (didn't bet)
Seat 3: Hero (button) collected ($0.34)
Seat 4: 717e691e (small blind) folded before Flop
Seat 5: 24e24660 (big blind) folded before Flop
Seat 6: 47a11beb folded before Flop (didn't bet)


Poker Hand #HD1780678308: Hold'em No Limit ($0.05/$0.1) - 2024/05/20 16:45:22
Table 'NLHRed20' 6-max Seat #2 is the button
Seat 1: 1f6268c9 ($2.4 in chips)
Seat 2: ff9e7ed3 ($11.52 in chips)
Seat 3: Hero ($10 in chips)
Seat 4: 717e691e ($12.97 in chips)
Seat 5: 24e24660 ($5.92 in chips)
Seat 6: 47a11beb ($10.47 in chips)
Hero: posts small blind $0.05
717e691e: posts big blind $0.1
*** HOLE CARDS ***
Dealt to 1f6268c9 
Dealt to ff9e7ed3 
Dealt to Hero [Qd 4h]
Dealt to 717e691e 
Dealt to 24e24660 
Dealt to 47a11beb 
24e24660: calls $0.1
47a11beb: folds
1f6268c9: calls $0.1
ff9e7ed3: calls $0.1
Hero: folds
717e691e: checks
*** FLOP *** [3s Qs 6h]
717e691e: bets $0.1
24e24660: calls $0.1
1f6268c9: calls $0.1
ff9e7ed3: folds
*** TURN *** [3s Qs 6h] [Ks]
717e691e: checks
24e24660: bets $0.25
1f6268c9: calls $0.25
717e691e: folds
*** RIVER *** [3s Qs 6h Ks] [9c]
24e24660: bets $1.95
1f6268c9: folds
Uncalled bet ($1.95) returned to 24e24660
*** SHOWDOWN ***
24e24660 collected $1.19 from pot
*** SUMMARY ***
Total pot $1.25 | Rake $0.06 | Jackpot $0 | Bingo $0 | Fortune $0 | Tax $0
Board [3s Qs 6h Ks 9c]
Seat 1: 1f6268c9 folded on the River
Seat 2: ff9e7ed3 (button) folded on the Flop
Seat 3: Hero (small blind) folded before Flop
Seat 4: 717e691e (big blind) folded on the Turn
Seat 5: 24e24660 won ($1.19)
Seat 6: 47a11beb folded before Flop (didn't bet)


Poker Hand #HD1780678203: Hold'em No Limit ($0.05/$0.1) - 2024/05/20 16:44:36
Table 'NLHRed20' 6-max Seat #1 is the button
Seat 1: 1f6268c9 ($2.7 in chips)
Seat 2: ff9e7ed3 ($11.57 in chips)
Seat 3: Hero ($10 in chips)
Seat 4: 717e691e ($12.97 in chips)
Seat 5: 24e24660 ($5.5 in chips)
Seat 6: 47a11beb ($10.47 in chips)
ff9e7ed3: posts small blind $0.05
Hero: posts big blind $0.1
*** HOLE CARDS ***
Dealt to 1f6268c9 
Dealt to ff9e7ed3 
Dealt to Hero [7h 2s]
Dealt to 717e691e 
Dealt to 24e24660 
Dealt to 47a11beb 
717e691e: folds
24e24660: raises $0.2 to $0.3
47a11beb: folds
1f6268c9: calls $0.3
ff9e7ed3: folds
Hero: folds
*** FLOP *** [Td 2d Qd]
24e24660: bets $0.3
1f6268c9: folds
Uncalled bet ($0.3) returned to 24e24660
*** SHOWDOWN ***
24e24660 collected $0.72 from pot
*** SUMMARY ***
Total pot $0.75 | Rake $0.03 | Jackpot $0 | Bingo $0 | Fortune $0 | Tax $0
Board [Td 2d Qd]
Seat 1: 1f6268c9 (button) folded on the Flop
Seat 2: ff9e7ed3 (small blind) folded before Flop
Seat 3: Hero (big blind) folded before Flop
Seat 4: 717e691e folded before Flop (didn't bet)
Seat 5: 24e24660 won ($0.72)
Seat 6: 47a11beb folded before Flop (didn't bet)


