Poker Hand #HD1721465831: Hold'em No Limit ($0.02/$0.05) - 2024/04/08 18:32:18
Table 'NLHBlue57' 6-max Seat #5 is the button
Seat 1: c635780b ($5 in chips)
Seat 2: 5bdc6832 ($3.48 in chips)
Seat 3: bb368a36 ($8.02 in chips)
Seat 4: a6fba01a ($5.51 in chips)
Seat 5: 15ca6281 ($7.73 in chips)
Seat 6: Hero ($6.25 in chips)
Hero: posts small blind $0.02
c635780b: posts big blind $0.05
*** HOLE CARDS ***
Dealt to c635780b 
Dealt to 5bdc6832 
Dealt to bb368a36 
Dealt to a6fba01a 
Dealt to 15ca6281 
Dealt to Hero [Jc Td]
5bdc6832: folds
bb368a36: raises $0.07 to $0.12
a6fba01a: folds
15ca6281: folds
Hero: folds
c635780b: calls $0.07
*** FLOP *** [6c Qh 7s]
c635780b: checks
bb368a36: checks
*** TURN *** [6c Qh 7s] [9c]
c635780b: checks
bb368a36: bets $0.13
c635780b: calls $0.13
*** RIVER *** [6c Qh 7s 9c] [9h]
c635780b: checks
bb368a36: bets $0.94
c635780b: folds
Uncalled bet ($0.94) returned to bb368a36
*** SHOWDOWN ***
bb368a36 collected $0.5 from pot
*** SUMMARY ***
Total pot $0.52 | Rake $0.02 | Jackpot $0 | Bingo $0 | Fortune $0 | Tax $0
Board [6c Qh 7s 9c 9h]
Seat 1: c635780b (big blind) folded on the River
Seat 2: 5bdc6832 folded before Flop (didn't bet)
Seat 3: bb368a36 won ($0.5)
Seat 4: a6fba01a folded before Flop (didn't bet)
Seat 5: 15ca6281 (button) folded before Flop (didn't bet)
Seat 6: Hero (small blind) folded before Flop


Poker Hand #HD1721465768: Hold'em No Limit ($0.02/$0.05) - 2024/04/08 18:31:53
Table 'NLHBlue57' 6-max Seat #4 is the button
Seat 2: 5bdc6832 ($3.48 in chips)
Seat 3: bb368a36 ($8.02 in chips)
Seat 4: a6fba01a ($5.44 in chips)
Seat 5: 15ca6281 ($7.75 in chips)
Seat 6: Hero ($6.3 in chips)
15ca6281: posts small blind $0.02
Hero: posts big blind $0.05
*** HOLE CARDS ***
Dealt to 5bdc6832 
Dealt to bb368a36 
Dealt to a6fba01a 
Dealt to 15ca6281 
Dealt to Hero [7d Kh]
5bdc6832: folds
bb368a36: folds
a6fba01a: raises $0.1 to $0.15
15ca6281: folds
Hero: folds
Uncalled bet ($0.1) returned to a6fba01a
*** SHOWDOWN ***
a6fba01a collected $0.12 from pot
*** SUMMARY ***
Total pot $0.12 | Rake $0 | Jackpot $0 | Bingo $0 | Fortune $0 | Tax $0
Seat 2: 5bdc6832 folded before Flop (didn't bet)
Seat 3: bb368a36 folded before Flop (didn't bet)
Seat 4: a6fba01a (button) collected ($0.12)
Seat 5: 15ca6281 (small blind) folded before Flop
Seat 6: Hero (big blind) folded before Flop


Poker Hand #HD1721465736: Hold'em No Limit ($0.02/$0.05) - 2024/04/08 18:31:42
Table 'NLHBlue57' 6-max Seat #3 is the button
Seat 2: 5bdc6832 ($3.48 in chips)
Seat 3: bb368a36 ($8.02 in chips)
Seat 4: a6fba01a ($5.46 in chips)
Seat 5: 15ca6281 ($7.73 in chips)
Seat 6: Hero ($6.3 in chips)
a6fba01a: posts small blind $0.02
15ca6281: posts big blind $0.05
*** HOLE CARDS ***
Dealt to 5bdc6832 
Dealt to bb368a36 
Dealt to a6fba01a 
Dealt to 15ca6281 
Dealt to Hero [8d 4c]
Hero: folds
5bdc6832: folds
bb368a36: folds
a6fba01a: folds
Uncalled bet ($0.03) returned to 15ca6281
*** SHOWDOWN ***
15ca6281 collected $0.04 from pot
*** SUMMARY ***
Total pot $0.04 | Rake $0 | Jackpot $0 | Bingo $0 | Fortune $0 | Tax $0
Seat 2: 5bdc6832 folded before Flop (didn't bet)
Seat 3: bb368a36 (button) folded before Flop (didn't bet)
Seat 4: a6fba01a (small blind) folded before Flop
Seat 5: 15ca6281 (big blind) collected ($0.04)
Seat 6: Hero folded before Flop (didn't bet)


Poker Hand #HD1721465662: Hold'em No Limit ($0.02/$0.05) - 2024/04/08 18:31:16
Table 'NLHBlue57' 6-max Seat #2 is the button
Seat 2: 5bdc6832 ($3.48 in chips)
Seat 3: bb368a36 ($8.04 in chips)
Seat 4: a6fba01a ($5.35 in chips)
Seat 5: 15ca6281 ($7.73 in chips)
Seat 6: Hero ($6.4 in chips)
bb368a36: posts small blind $0.02
a6fba01a: posts big blind $0.05
*** HOLE CARDS ***
Dealt to 5bdc6832 
Dealt to bb368a36 
Dealt to a6fba01a 
Dealt to 15ca6281 
Dealt to Hero [8s Qs]
15ca6281: folds
Hero: raises $0.05 to $0.1
5bdc6832: folds
bb368a36: folds
a6fba01a: raises $0.4 to $0.5
Hero: folds
Uncalled bet ($0.4) returned to a6fba01a
*** SHOWDOWN ***
a6fba01a collected $0.21 from pot
*** SUMMARY ***
Total pot $0.22 | Rake $0.01 | Jackpot $0 | Bingo $0 | Fortune $0 | Tax $0
Seat 2: 5bdc6832 (button) folded before Flop (didn't bet)
Seat 3: bb368a36 (small blind) folded before Flop
Seat 4: a6fba01a (big blind) collected ($0.21)
Seat 5: 15ca6281 folded before Flop (didn't bet)
Seat 6: Hero folded before Flop


Poker Hand #HD1721375551: Hold'em No Limit ($0.02/$0.05) - 2024/04/08 18:30:33
Table 'NLHBlue57' 6-max Seat #6 is the button
Seat 2: 5bdc6832 ($3.58 in chips)
Seat 3: bb368a36 ($7.95 in chips)
Seat 4: a6fba01a ($5.35 in chips)
Seat 5: 15ca6281 ($7.73 in chips)
Seat 6: Hero ($6.4 in chips)
5bdc6832: posts small blind $0.02
bb368a36: posts big blind $0.05
*** HOLE CARDS ***
Dealt to 5bdc6832 
Dealt to bb368a36 
Dealt to a6fba01a 
Dealt to 15ca6281 
Dealt to Hero [6d 3c]
a6fba01a: folds
15ca6281: folds
Hero: folds
5bdc6832: calls $0.03
bb368a36: checks
*** FLOP *** [Ac 3d Qs]
5bdc6832: checks
bb368a36: checks
*** TURN *** [Ac 3d Qs] [9s]
5bdc6832: checks
bb368a36: bets $0.05
5bdc6832: calls $0.05
*** RIVER *** [Ac 3d Qs 9s] [3s]
5bdc6832: checks
bb368a36: checks
5bdc6832: shows [2d 2s] (Pair of Treys and Pair of Twos)
bb368a36: shows [4s Qc] (Pair of Queens and Pair of Treys)
*** SHOWDOWN ***
bb368a36 collected $0.19 from pot
*** SUMMARY ***
Total pot $0.2 | Rake $0.01 | Jackpot $0 | Bingo $0 | Fortune $0 | Tax $0
Board [Ac 3d Qs 9s 3s]
Seat 2: 5bdc6832 (small blind) showed [2d 2s] and lost with Pair of Treys and Pair of Twos
Seat 3: bb368a36 (big blind) showed [4s Qc] and won ($0.19) with Pair of Queens and Pair of Treys
Seat 4: a6fba01a folded before Flop (didn't bet)
Seat 5: 15ca6281 folded before Flop (didn't bet)
Seat 6: Hero (button) folded before Flop (didn't bet)


Poker Hand #HD1721375491: Hold'em No Limit ($0.02/$0.05) - 2024/04/08 18:30:09
Table 'NLHBlue57' 6-max Seat #5 is the button
Seat 1: 366b50e1 ($5.28 in chips)
Seat 2: 5bdc6832 ($3.51 in chips)
Seat 3: bb368a36 ($7.95 in chips)
Seat 4: a6fba01a ($5.35 in chips)
Seat 5: 15ca6281 ($7.73 in chips)
Seat 6: Hero ($6.42 in chips)
Hero: posts small blind $0.02
366b50e1: posts big blind $0.05
*** HOLE CARDS ***
Dealt to 366b50e1 
Dealt to 5bdc6832 
Dealt to bb368a36 
Dealt to a6fba01a 
Dealt to 15ca6281 
Dealt to Hero [8c 8d]
5bdc6832: raises $0.05 to $0.1
bb368a36: folds
a6fba01a: folds
15ca6281: folds
Hero: folds
366b50e1: folds
Uncalled bet ($0.05) returned to 5bdc6832
*** SHOWDOWN ***
5bdc6832 collected $0.12 from pot
*** SUMMARY ***
Total pot $0.12 | Rake $0 | Jackpot $0 | Bingo $0 | Fortune $0 | Tax $0
Seat 1: 366b50e1 (big blind) folded before Flop
Seat 2: 5bdc6832 collected ($0.12)
Seat 3: bb368a36 folded before Flop (didn't bet)
Seat 4: a6fba01a folded before Flop (didn't bet)
Seat 5: 15ca6281 (button) folded before Flop (didn't bet)
Seat 6: Hero (small blind) folded before Flop


Poker Hand #HD1721375422: Hold'em No Limit ($0.02/$0.05) - 2024/04/08 18:29:46
Table 'NLHBlue57' 6-max Seat #4 is the button
Seat 1: 366b50e1 ($5.28 in chips)
Seat 2: 5bdc6832 ($3.61 in chips)
Seat 3: bb368a36 ($7.95 in chips)
Seat 4: a6fba01a ($5.19 in chips)
Seat 5: 15ca6281 ($7.75 in chips)
Seat 6: Hero ($6.47 in chips)
15ca6281: posts small blind $0.02
Hero: posts big blind $0.05
*** HOLE CARDS ***
Dealt to 366b50e1 
Dealt to 5bdc6832 
Dealt to bb368a36 
Dealt to a6fba01a 
Dealt to 15ca6281 
Dealt to Hero [Qh 6d]
366b50e1: folds
5bdc6832: raises $0.05 to $0.1
bb368a36: folds
a6fba01a: raises $0.25 to $0.35
15ca6281: folds
Hero: folds
5bdc6832: folds
Uncalled bet ($0.25) returned to a6fba01a
*** SHOWDOWN ***
a6fba01a collected $0.26 from pot
*** SUMMARY ***
Total pot $0.27 | Rake $0.01 | Jackpot $0 | Bingo $0 | Fortune $0 | Tax $0
Seat 1: 366b50e1 folded before Flop (didn't bet)
Seat 2: 5bdc6832 folded before Flop
Seat 3: bb368a36 folded before Flop (didn't bet)
Seat 4: a6fba01a (button) collected ($0.26)
Seat 5: 15ca6281 (small blind) folded before Flop
Seat 6: Hero (big blind) folded before Flop


Poker Hand #HD1721375330: Hold'em No Limit ($0.02/$0.05) - 2024/04/08 18:29:09
Table 'NLHBlue57' 6-max Seat #3 is the button
Seat 1: 366b50e1 ($5.28 in chips)
Seat 2: 5bdc6832 ($3.61 in chips)
Seat 3: bb368a36 ($8.07 in chips)
Seat 4: a6fba01a ($5.21 in chips)
Seat 5: 15ca6281 ($7.62 in chips)
Seat 6: Hero ($6.47 in chips)
a6fba01a: posts small blind $0.02
15ca6281: posts big blind $0.05
*** HOLE CARDS ***
Dealt to 366b50e1 
Dealt to 5bdc6832 
Dealt to bb368a36 
Dealt to a6fba01a 
Dealt to 15ca6281 
Dealt to Hero [2d As]
Hero: folds
366b50e1: folds
5bdc6832: folds
bb368a36: raises $0.07 to $0.12
a6fba01a: folds
15ca6281: calls $0.07
*** FLOP *** [3h Tc 3c]
15ca6281: checks
bb368a36: checks
*** TURN *** [3h Tc 3c] [5h]
15ca6281: bets $0.56
bb368a36: folds
Uncalled bet ($0.56) returned to 15ca6281
*** SHOWDOWN ***
15ca6281 collected $0.25 from pot
*** SUMMARY ***
Total pot $0.26 | Rake $0.01 | Jackpot $0 | Bingo $0 | Fortune $0 | Tax $0
Board [3h Tc 3c 5h]
Seat 1: 366b50e1 folded before Flop (didn't bet)
Seat 2: 5bdc6832 folded before Flop (didn't bet)
Seat 3: bb368a36 (button) folded on the Turn
Seat 4: a6fba01a (small blind) folded before Flop
Seat 5: 15ca6281 (big blind) won ($0.25)
Seat 6: Hero folded before Flop (didn't bet)


Poker Hand #HD1721375237: Hold'em No Limit ($0.02/$0.05) - 2024/04/08 18:28:31
Table 'NLHBlue57' 6-max Seat #2 is the button
Seat 1: 366b50e1 ($5.28 in chips)
Seat 2: 5bdc6832 ($3.71 in chips)
Seat 3: bb368a36 ($8.09 in chips)
Seat 4: a6fba01a ($5 in chips)
Seat 5: 15ca6281 ($7.62 in chips)
Seat 6: Hero ($6.57 in chips)
bb368a36: posts small blind $0.02
a6fba01a: posts big blind $0.05
*** HOLE CARDS ***
Dealt to 366b50e1 
Dealt to 5bdc6832 
Dealt to bb368a36 
Dealt to a6fba01a 
Dealt to 15ca6281 
Dealt to Hero [9h 9c]
15ca6281: folds
Hero: raises $0.05 to $0.1
366b50e1: folds
5bdc6832: calls $0.1
bb368a36: folds
a6fba01a: raises $0.6 to $0.7
Hero: folds
5bdc6832: folds
Uncalled bet ($0.6) returned to a6fba01a
*** SHOWDOWN ***
a6fba01a collected $0.31 from pot
*** SUMMARY ***
Total pot $0.32 | Rake $0.01 | Jackpot $0 | Bingo $0 | Fortune $0 | Tax $0
Seat 1: 366b50e1 folded before Flop (didn't bet)
Seat 2: 5bdc6832 (button) folded before Flop
Seat 3: bb368a36 (small blind) folded before Flop
Seat 4: a6fba01a (big blind) collected ($0.31)
Seat 5: 15ca6281 folded before Flop (didn't bet)
Seat 6: Hero folded before Flop


Poker Hand #HD1721375078: Hold'em No Limit ($0.02/$0.05) - 2024/04/08 18:27:25
Table 'NLHBlue57' 6-max Seat #1 is the button
Seat 1: 366b50e1 ($5.28 in chips)
Seat 2: 5bdc6832 ($3.73 in chips)
Seat 3: bb368a36 ($7.51 in chips)
Seat 4: a6fba01a ($5 in chips)
Seat 5: 15ca6281 ($7.62 in chips)
Seat 6: Hero ($6.87 in chips)
5bdc6832: posts small blind $0.02
bb368a36: posts big blind $0.05
*** HOLE CARDS ***
Dealt to 366b50e1 
Dealt to 5bdc6832 
Dealt to bb368a36 
Dealt to a6fba01a 
Dealt to 15ca6281 
Dealt to Hero [Ad Qs]
a6fba01a: raises $0.05 to $0.1
15ca6281: folds
Hero: raises $0.2 to $0.3
366b50e1: folds
5bdc6832: folds
bb368a36: calls $0.25
a6fba01a: calls $0.2
*** FLOP *** [9c 8s 5d]
bb368a36: checks
a6fba01a: checks
Hero: checks
*** TURN *** [9c 8s 5d] [Tc]
bb368a36: bets $0.46
a6fba01a: folds
Hero: folds
Uncalled bet ($0.46) returned to bb368a36
*** SHOWDOWN ***
bb368a36 collected $0.88 from pot
*** SUMMARY ***
Total pot $0.92 | Rake $0.04 | Jackpot $0 | Bingo $0 | Fortune $0 | Tax $0
Board [9c 8s 5d Tc]
Seat 1: 366b50e1 (button) folded before Flop (didn't bet)
Seat 2: 5bdc6832 (small blind) folded before Flop
Seat 3: bb368a36 (big blind) won ($0.88)
Seat 4: a6fba01a folded on the Turn
Seat 5: 15ca6281 folded before Flop (didn't bet)
Seat 6: Hero folded on the Turn


Poker Hand #HD1721375045: Hold'em No Limit ($0.02/$0.05) - 2024/04/08 18:27:13
Table 'NLHBlue57' 6-max Seat #6 is the button
Seat 1: 366b50e1 ($5.23 in chips)
Seat 2: 5bdc6832 ($3.78 in chips)
Seat 4: a6fba01a ($5 in chips)
Seat 5: 15ca6281 ($7.62 in chips)
Seat 6: Hero ($6.87 in chips)
366b50e1: posts small blind $0.02
5bdc6832: posts big blind $0.05
*** HOLE CARDS ***
Dealt to 366b50e1 
Dealt to 5bdc6832 
Dealt to a6fba01a 
Dealt to 15ca6281 
Dealt to Hero [6h 4s]
a6fba01a: folds
15ca6281: folds
Hero: folds
366b50e1: raises $0.1 to $0.15
5bdc6832: folds
Uncalled bet ($0.1) returned to 366b50e1
*** SHOWDOWN ***
366b50e1 collected $0.1 from pot
*** SUMMARY ***
Total pot $0.1 | Rake $0 | Jackpot $0 | Bingo $0 | Fortune $0 | Tax $0
Seat 1: 366b50e1 (small blind) collected ($0.1)
Seat 2: 5bdc6832 (big blind) folded before Flop
Seat 4: a6fba01a folded before Flop (didn't bet)
Seat 5: 15ca6281 folded before Flop (didn't bet)
Seat 6: Hero (button) folded before Flop (didn't bet)


Poker Hand #HD1721374999: Hold'em No Limit ($0.02/$0.05) - 2024/04/08 18:26:55
Table 'NLHBlue57' 6-max Seat #5 is the button
Seat 1: 366b50e1 ($5.14 in chips)
Seat 2: 5bdc6832 ($3.85 in chips)
Seat 4: a6fba01a ($5 in chips)
Seat 5: 15ca6281 ($7.62 in chips)
Seat 6: Hero ($6.89 in chips)
Hero: posts small blind $0.02
366b50e1: posts big blind $0.05
5bdc6832: posts big blind $0.05
5bdc6832: posts missed blind $0.02
*** HOLE CARDS ***
Dealt to 366b50e1 
Dealt to 5bdc6832 
Dealt to a6fba01a 
Dealt to 15ca6281 
Dealt to Hero [Ks 3d]
5bdc6832: checks
a6fba01a: folds
15ca6281: folds
Hero: folds
366b50e1: raises $0.2 to $0.25
5bdc6832: folds
Uncalled bet ($0.2) returned to 366b50e1
*** SHOWDOWN ***
366b50e1 collected $0.14 from pot
*** SUMMARY ***
Total pot $0.14 | Rake $0 | Jackpot $0 | Bingo $0 | Fortune $0 | Tax $0
Seat 1: 366b50e1 (big blind) collected ($0.14)
Seat 2: 5bdc6832 folded before Flop
Seat 4: a6fba01a folded before Flop (didn't bet)
Seat 5: 15ca6281 (button) folded before Flop (didn't bet)
Seat 6: Hero (small blind) folded before Flop


Poker Hand #HD1721374969: Hold'em No Limit ($0.02/$0.05) - 2024/04/08 18:26:44
Table 'NLHBlue57' 6-max Seat #4 is the button
Seat 1: 366b50e1 ($5.14 in chips)
Seat 4: a6fba01a ($5 in chips)
Seat 5: 15ca6281 ($7.57 in chips)
Seat 6: Hero ($6.94 in chips)
15ca6281: posts small blind $0.02
Hero: posts big blind $0.05
*** HOLE CARDS ***
Dealt to 366b50e1 
Dealt to a6fba01a 
Dealt to 15ca6281 
Dealt to Hero [Kc 6c]
366b50e1: folds
a6fba01a: folds
15ca6281: raises $0.1 to $0.15
Hero: folds
Uncalled bet ($0.1) returned to 15ca6281
*** SHOWDOWN ***
15ca6281 collected $0.1 from pot
*** SUMMARY ***
Total pot $0.1 | Rake $0 | Jackpot $0 | Bingo $0 | Fortune $0 | Tax $0
Seat 1: 366b50e1 folded before Flop (didn't bet)
Seat 4: a6fba01a (button) folded before Flop (didn't bet)
Seat 5: 15ca6281 (small blind) collected ($0.1)
Seat 6: Hero (big blind) folded before Flop


Poker Hand #HD1721374908: Hold'em No Limit ($0.02/$0.05) - 2024/04/08 18:26:21
Table 'NLHBlue57' 6-max Seat #1 is the button
Seat 1: 366b50e1 ($5.14 in chips)
Seat 4: a6fba01a ($5 in chips)
Seat 5: 15ca6281 ($7.55 in chips)
Seat 6: Hero ($6.94 in chips)
a6fba01a: posts small blind $0.02
15ca6281: posts big blind $0.05
*** HOLE CARDS ***
Dealt to 366b50e1 
Dealt to a6fba01a 
Dealt to 15ca6281 
Dealt to Hero [4d Jc]
Hero: folds
366b50e1: folds
a6fba01a: folds
Uncalled bet ($0.03) returned to 15ca6281
*** SHOWDOWN ***
15ca6281 collected $0.04 from pot
*** SUMMARY ***
Total pot $0.04 | Rake $0 | Jackpot $0 | Bingo $0 | Fortune $0 | Tax $0
Seat 1: 366b50e1 (button) folded before Flop (didn't bet)
Seat 4: a6fba01a (small blind) folded before Flop
Seat 5: 15ca6281 (big blind) collected ($0.04)
Seat 6: Hero folded before Flop (didn't bet)


Poker Hand #HD1721374840: Hold'em No Limit ($0.02/$0.05) - 2024/04/08 18:25:56
Table 'NLHBlue57' 6-max Seat #6 is the button
Seat 1: 366b50e1 ($5.09 in chips)
Seat 4: a6fba01a ($5 in chips)
Seat 5: 15ca6281 ($7.55 in chips)
Seat 6: Hero ($6.94 in chips)
366b50e1: posts small blind $0.02
a6fba01a: posts big blind $0.05
*** HOLE CARDS ***
Dealt to 366b50e1 
Dealt to a6fba01a 
Dealt to 15ca6281 
Dealt to Hero [7c 5s]
15ca6281: folds
Hero: folds
366b50e1: raises $0.1 to $0.15
a6fba01a: folds
Uncalled bet ($0.1) returned to 366b50e1
*** SHOWDOWN ***
366b50e1 collected $0.1 from pot
*** SUMMARY ***
Total pot $0.1 | Rake $0 | Jackpot $0 | Bingo $0 | Fortune $0 | Tax $0
Seat 1: 366b50e1 (small blind) collected ($0.1)
Seat 4: a6fba01a (big blind) folded before Flop
Seat 5: 15ca6281 folded before Flop (didn't bet)
Seat 6: Hero (button) folded before Flop (didn't bet)


Poker Hand #HD1721374801: Hold'em No Limit ($0.02/$0.05) - 2024/04/08 18:25:38
Table 'NLHBlue57' 6-max Seat #5 is the button
Seat 1: 366b50e1 ($5.07 in chips)
Seat 3: bb368a36 ($7.51 in chips)
Seat 5: 15ca6281 ($7.55 in chips)
Seat 6: Hero ($6.96 in chips)
Hero: posts small blind $0.02
366b50e1: posts big blind $0.05
*** HOLE CARDS ***
Dealt to 366b50e1 
Dealt to bb368a36 
Dealt to 15ca6281 
Dealt to Hero [5d 3h]
bb368a36: folds
15ca6281: folds
Hero: folds
Uncalled bet ($0.03) returned to 366b50e1
*** SHOWDOWN ***
366b50e1 collected $0.04 from pot
*** SUMMARY ***
Total pot $0.04 | Rake $0 | Jackpot $0 | Bingo $0 | Fortune $0 | Tax $0
Seat 1: 366b50e1 (big blind) collected ($0.04)
Seat 3: bb368a36 folded before Flop (didn't bet)
Seat 5: 15ca6281 (button) folded before Flop (didn't bet)
Seat 6: Hero (small blind) folded before Flop


Poker Hand #HD1721374776: Hold'em No Limit ($0.02/$0.05) - 2024/04/08 18:25:29
Table 'NLHBlue57' 6-max Seat #4 is the button
Seat 1: 366b50e1 ($5 in chips)
Seat 3: bb368a36 ($7.51 in chips)
Seat 4: 3068c74d ($5.24 in chips)
Seat 5: 15ca6281 ($7.57 in chips)
Seat 6: Hero ($7.01 in chips)
15ca6281: posts small blind $0.02
Hero: posts big blind $0.05
*** HOLE CARDS ***
Dealt to 366b50e1 
Dealt to bb368a36 
Dealt to 3068c74d 
Dealt to 15ca6281 
Dealt to Hero [9h 5h]
366b50e1: raises $0.07 to $0.12
bb368a36: folds
3068c74d: folds
15ca6281: folds
Hero: folds
Uncalled bet ($0.07) returned to 366b50e1
*** SHOWDOWN ***
366b50e1 collected $0.12 from pot
*** SUMMARY ***
Total pot $0.12 | Rake $0 | Jackpot $0 | Bingo $0 | Fortune $0 | Tax $0
Seat 1: 366b50e1 collected ($0.12)
Seat 3: bb368a36 folded before Flop (didn't bet)
Seat 4: 3068c74d (button) folded before Flop (didn't bet)
Seat 5: 15ca6281 (small blind) folded before Flop
Seat 6: Hero (big blind) folded before Flop


Poker Hand #HD1721374687: Hold'em No Limit ($0.02/$0.05) - 2024/04/08 18:24:54
Table 'NLHBlue57' 6-max Seat #3 is the button
Seat 1: 366b50e1 ($3.52 in chips)
Seat 3: bb368a36 ($7.33 in chips)
Seat 4: 3068c74d ($5.26 in chips)
Seat 5: 15ca6281 ($7.62 in chips)
Seat 6: Hero ($7.01 in chips)
3068c74d: posts small blind $0.02
15ca6281: posts big blind $0.05
*** HOLE CARDS ***
Dealt to 366b50e1 
Dealt to bb368a36 
Dealt to 3068c74d 
Dealt to 15ca6281 
Dealt to Hero [6h 2c]
Hero: folds
366b50e1: raises $0.07 to $0.12
bb368a36: calls $0.12
3068c74d: folds
15ca6281: folds
*** FLOP *** [8s 3c 7h]
366b50e1: checks
bb368a36: bets $0.16
366b50e1: folds
Uncalled bet ($0.16) returned to bb368a36
*** SHOWDOWN ***
bb368a36 collected $0.3 from pot
*** SUMMARY ***
Total pot $0.31 | Rake $0.01 | Jackpot $0 | Bingo $0 | Fortune $0 | Tax $0
Board [8s 3c 7h]
Seat 1: 366b50e1 folded on the Flop
Seat 3: bb368a36 (button) won ($0.3)
Seat 4: 3068c74d (small blind) folded before Flop
Seat 5: 15ca6281 (big blind) folded before Flop
Seat 6: Hero folded before Flop (didn't bet)


Poker Hand #HD1721374646: Hold'em No Limit ($0.02/$0.05) - 2024/04/08 18:24:40
Table 'NLHBlue57' 6-max Seat #1 is the button
Seat 1: 366b50e1 ($3.52 in chips)
Seat 3: bb368a36 ($7.35 in chips)
Seat 4: 3068c74d ($5.24 in chips)
Seat 5: 15ca6281 ($7.62 in chips)
Seat 6: Hero ($7.01 in chips)
bb368a36: posts small blind $0.02
3068c74d: posts big blind $0.05
*** HOLE CARDS ***
Dealt to 366b50e1 
Dealt to bb368a36 
Dealt to 3068c74d 
Dealt to 15ca6281 
Dealt to Hero [7c 9c]
15ca6281: folds
Hero: folds
366b50e1: folds
bb368a36: folds
Uncalled bet ($0.03) returned to 3068c74d
*** SHOWDOWN ***
3068c74d collected $0.04 from pot
*** SUMMARY ***
Total pot $0.04 | Rake $0 | Jackpot $0 | Bingo $0 | Fortune $0 | Tax $0
Seat 1: 366b50e1 (button) folded before Flop (didn't bet)
Seat 3: bb368a36 (small blind) folded before Flop
Seat 4: 3068c74d (big blind) collected ($0.04)
Seat 5: 15ca6281 folded before Flop (didn't bet)
Seat 6: Hero folded before Flop (didn't bet)


Poker Hand #HD1721374446: Hold'em No Limit ($0.02/$0.05) - 2024/04/08 18:23:25
Table 'NLHBlue57' 6-max Seat #6 is the button
Seat 1: 366b50e1 ($3.54 in chips)
Seat 3: bb368a36 ($6.94 in chips)
Seat 4: 3068c74d ($5.24 in chips)
Seat 5: 15ca6281 ($7.62 in chips)
Seat 6: Hero ($7.44 in chips)
366b50e1: posts small blind $0.02
bb368a36: posts big blind $0.05
*** HOLE CARDS ***
Dealt to 366b50e1 
Dealt to bb368a36 
Dealt to 3068c74d 
Dealt to 15ca6281 
Dealt to Hero [7s Ac]
3068c74d: folds
15ca6281: folds
Hero: raises $0.08 to $0.13
366b50e1: folds
bb368a36: calls $0.08
*** FLOP *** [Qh 8h 8c]
bb368a36: checks
Hero: bets $0.1
bb368a36: calls $0.1
*** TURN *** [Qh 8h 8c] [Qs]
bb368a36: checks
Hero: bets $0.2
bb368a36: calls $0.2
*** RIVER *** [Qh 8h 8c Qs] [9c]
bb368a36: checks
Hero: checks
bb368a36: shows [8d Ad] (Eights Full over Queens)
Hero: shows [7s Ac] (Pair of Queens and Pair of Eights)
*** SHOWDOWN ***
bb368a36 collected $0.84 from pot
*** SUMMARY ***
Total pot $0.88 | Rake $0.04 | Jackpot $0 | Bingo $0 | Fortune $0 | Tax $0
Board [Qh 8h 8c Qs 9c]
Seat 1: 366b50e1 (small blind) folded before Flop
Seat 3: bb368a36 (big blind) showed [8d Ad] and won ($0.84) with Eights Full over Queens
Seat 4: 3068c74d folded before Flop (didn't bet)
Seat 5: 15ca6281 folded before Flop (didn't bet)
Seat 6: Hero (button) showed [7s Ac] and lost with Pair of Queens and Pair of Eights


Poker Hand #HD1721374393: Hold'em No Limit ($0.02/$0.05) - 2024/04/08 18:23:05
Table 'NLHBlue57' 6-max Seat #5 is the button
Seat 1: 366b50e1 ($3.59 in chips)
Seat 2: 5bdc6832 ($3.85 in chips)
Seat 3: bb368a36 ($6.94 in chips)
Seat 4: 3068c74d ($5.24 in chips)
Seat 5: 15ca6281 ($7.55 in chips)
Seat 6: Hero ($7.46 in chips)
Hero: posts small blind $0.02
366b50e1: posts big blind $0.05
*** HOLE CARDS ***
Dealt to 366b50e1 
Dealt to 5bdc6832 
Dealt to bb368a36 
Dealt to 3068c74d 
Dealt to 15ca6281 
Dealt to Hero [8c 2d]
5bdc6832: folds
bb368a36: folds
3068c74d: folds
15ca6281: raises $0.06 to $0.11
Hero: folds
366b50e1: folds
Uncalled bet ($0.06) returned to 15ca6281
*** SHOWDOWN ***
15ca6281 collected $0.12 from pot
*** SUMMARY ***
Total pot $0.12 | Rake $0 | Jackpot $0 | Bingo $0 | Fortune $0 | Tax $0
Seat 1: 366b50e1 (big blind) folded before Flop
Seat 2: 5bdc6832 folded before Flop (didn't bet)
Seat 3: bb368a36 folded before Flop (didn't bet)
Seat 4: 3068c74d folded before Flop (didn't bet)
Seat 5: 15ca6281 (button) collected ($0.12)
Seat 6: Hero (small blind) folded before Flop


Poker Hand #HD1721374357: Hold'em No Limit ($0.02/$0.05) - 2024/04/08 18:22:50
Table 'NLHBlue57' 6-max Seat #4 is the button
Seat 1: 366b50e1 ($3.52 in chips)
Seat 2: 5bdc6832 ($3.85 in chips)
Seat 3: bb368a36 ($6.94 in chips)
Seat 4: 3068c74d ($5.24 in chips)
Seat 5: 15ca6281 ($7.57 in chips)
Seat 6: Hero ($7.51 in chips)
15ca6281: posts small blind $0.02
Hero: posts big blind $0.05
*** HOLE CARDS ***
Dealt to 366b50e1 
Dealt to 5bdc6832 
Dealt to bb368a36 
Dealt to 3068c74d 
Dealt to 15ca6281 
Dealt to Hero [3s 8c]
366b50e1: raises $0.07 to $0.12
5bdc6832: folds
bb368a36: folds
3068c74d: folds
15ca6281: folds
Hero: folds
Uncalled bet ($0.07) returned to 366b50e1
*** SHOWDOWN ***
366b50e1 collected $0.12 from pot
*** SUMMARY ***
Total pot $0.12 | Rake $0 | Jackpot $0 | Bingo $0 | Fortune $0 | Tax $0
Seat 1: 366b50e1 collected ($0.12)
Seat 2: 5bdc6832 folded before Flop (didn't bet)
Seat 3: bb368a36 folded before Flop (didn't bet)
Seat 4: 3068c74d (button) folded before Flop (didn't bet)
Seat 5: 15ca6281 (small blind) folded before Flop
Seat 6: Hero (big blind) folded before Flop


Poker Hand #HD1721374280: Hold'em No Limit ($0.02/$0.05) - 2024/04/08 18:22:24
Table 'NLHBlue57' 6-max Seat #3 is the button
Seat 1: 366b50e1 ($3.52 in chips)
Seat 2: 5bdc6832 ($3.95 in chips)
Seat 3: bb368a36 ($6.94 in chips)
Seat 4: 3068c74d ($5 in chips)
Seat 5: 15ca6281 ($7.62 in chips)
Seat 6: Hero ($7.61 in chips)
3068c74d: posts small blind $0.02
15ca6281: posts big blind $0.05
*** HOLE CARDS ***
Dealt to 366b50e1 
Dealt to 5bdc6832 
Dealt to bb368a36 
Dealt to 3068c74d 
Dealt to 15ca6281 
Dealt to Hero [7d 7h]
Hero: raises $0.05 to $0.1
366b50e1: folds
5bdc6832: calls $0.1
bb368a36: folds
3068c74d: raises $0.85 to $0.95
15ca6281: folds
Hero: folds
5bdc6832: folds
Uncalled bet ($0.85) returned to 3068c74d
*** SHOWDOWN ***
3068c74d collected $0.34 from pot
*** SUMMARY ***
Total pot $0.35 | Rake $0.01 | Jackpot $0 | Bingo $0 | Fortune $0 | Tax $0
Seat 1: 366b50e1 folded before Flop (didn't bet)
Seat 2: 5bdc6832 folded before Flop
Seat 3: bb368a36 (button) folded before Flop (didn't bet)
Seat 4: 3068c74d (small blind) collected ($0.34)
Seat 5: 15ca6281 (big blind) folded before Flop
Seat 6: Hero folded before Flop


Poker Hand #HD1721374132: Hold'em No Limit ($0.02/$0.05) - 2024/04/08 18:21:30
Table 'NLHBlue57' 6-max Seat #2 is the button
Seat 1: 366b50e1 ($3.52 in chips)
Seat 2: 5bdc6832 ($4.15 in chips)
Seat 3: bb368a36 ($6.3 in chips)
Seat 4: 3068c74d ($5.23 in chips)
Seat 5: 15ca6281 ($7.62 in chips)
Seat 6: Hero ($7.61 in chips)
bb368a36: posts small blind $0.02
3068c74d: posts big blind $0.05
*** HOLE CARDS ***
Dealt to 366b50e1 
Dealt to 5bdc6832 
Dealt to bb368a36 
Dealt to 3068c74d 
Dealt to 15ca6281 
Dealt to Hero [Qd 9h]
15ca6281: folds
Hero: folds
366b50e1: folds
5bdc6832: raises $0.05 to $0.1
bb368a36: calls $0.08
3068c74d: calls $0.05
*** FLOP *** [8c Ah Tc]
bb368a36: checks
3068c74d: checks
5bdc6832: checks
*** TURN *** [8c Ah Tc] [7d]
bb368a36: checks
3068c74d: checks
5bdc6832: bets $0.1
bb368a36: calls $0.1
3068c74d: calls $0.1
*** RIVER *** [8c Ah Tc 7d] [Jd]
bb368a36: bets $0.3
3068c74d: calls $0.3
5bdc6832: folds
bb368a36: shows [Qh 9d] (Queens-High Straight)
3068c74d: shows [9s 3s] (Jacks-High Straight)
*** SHOWDOWN ***
bb368a36 collected $1.14 from pot
*** SUMMARY ***
Total pot $1.2 | Rake $0.06 | Jackpot $0 | Bingo $0 | Fortune $0 | Tax $0
Board [8c Ah Tc 7d Jd]
Seat 1: 366b50e1 folded before Flop (didn't bet)
Seat 2: 5bdc6832 (button) folded on the River
Seat 3: bb368a36 (small blind) showed [Qh 9d] and won ($1.14) with Queens-High Straight
Seat 4: 3068c74d (big blind) showed [9s 3s] and lost with Jacks-High Straight
Seat 5: 15ca6281 folded before Flop (didn't bet)
Seat 6: Hero folded before Flop (didn't bet)


Poker Hand #HD1721373951: Hold'em No Limit ($0.02/$0.05) - 2024/04/08 18:20:21
Table 'NLHBlue57' 6-max Seat #1 is the button
Seat 1: 366b50e1 ($3.89 in chips)
Seat 2: 5bdc6832 ($2.02 in chips)
Seat 3: bb368a36 ($8.32 in chips)
Seat 4: 3068c74d ($5.23 in chips)
Seat 5: 15ca6281 ($7.62 in chips)
Seat 6: Hero ($7.61 in chips)
5bdc6832: posts small blind $0.02
bb368a36: posts big blind $0.05
*** HOLE CARDS ***
Dealt to 366b50e1 
Dealt to 5bdc6832 
Dealt to bb368a36 
Dealt to 3068c74d 
Dealt to 15ca6281 
Dealt to Hero [3s 8h]
3068c74d: folds
15ca6281: folds
Hero: folds
366b50e1: raises $0.08 to $0.13
5bdc6832: raises $0.24 to $0.37
bb368a36: calls $0.32
366b50e1: calls $0.24
*** FLOP *** [Th 3c Ts]
5bdc6832: bets $0.37
bb368a36: calls $0.37
366b50e1: folds
*** TURN *** [Th 3c Ts] [2d]
5bdc6832: bets $0.62
bb368a36: raises $1.02 to $1.64
5bdc6832: calls $0.66 and is all-in
Uncalled bet ($0.36) returned to bb368a36
bb368a36: shows [8s 8c] (Pair of Tens and Pair of Eights)
5bdc6832: shows [Jd Jc] (Pair of Jacks and Pair of Tens)
*** RIVER *** [Th 3c Ts 2d] [Tc]
*** SHOWDOWN ***
5bdc6832 collected $4.15 from pot
*** SUMMARY ***
Total pot $4.41 | Rake $0.21 | Jackpot $0.05 | Bingo $0 | Fortune $0 | Tax $0
Board [Th 3c Ts 2d Tc]
Seat 1: 366b50e1 (button) folded on the Flop
Seat 2: 5bdc6832 (small blind) showed [Jd Jc] and won ($4.15) with Tens Full over Jacks
Seat 3: bb368a36 (big blind) showed [8s 8c] and lost with Tens Full over Eights
Seat 4: 3068c74d folded before Flop (didn't bet)
Seat 5: 15ca6281 folded before Flop (didn't bet)
Seat 6: Hero folded before Flop (didn't bet)


Poker Hand #HD1721373851: Hold'em No Limit ($0.02/$0.05) - 2024/04/08 18:19:44
Table 'NLHBlue57' 6-max Seat #6 is the button
Seat 1: 366b50e1 ($3.91 in chips)
Seat 2: 5bdc6832 ($2.25 in chips)
Seat 3: bb368a36 ($8.32 in chips)
Seat 4: 3068c74d ($5 in chips)
Seat 5: 15ca6281 ($7.62 in chips)
Seat 6: Hero ($7.61 in chips)
366b50e1: posts small blind $0.02
5bdc6832: posts big blind $0.05
*** HOLE CARDS ***
Dealt to 366b50e1 
Dealt to 5bdc6832 
Dealt to bb368a36 
Dealt to 3068c74d 
Dealt to 15ca6281 
Dealt to Hero [5c Kc]
bb368a36: folds
3068c74d: raises $0.08 to $0.13
15ca6281: folds
Hero: folds
366b50e1: folds
5bdc6832: calls $0.08
*** FLOP *** [Tc 6s 8c]
5bdc6832: checks
3068c74d: bets $0.1
5bdc6832: calls $0.1
*** TURN *** [Tc 6s 8c] [2d]
5bdc6832: checks
3068c74d: checks
*** RIVER *** [Tc 6s 8c 2d] [Kd]
5bdc6832: checks
3068c74d: bets $0.15
5bdc6832: folds
Uncalled bet ($0.15) returned to 3068c74d
*** SHOWDOWN ***
3068c74d collected $0.46 from pot
*** SUMMARY ***
Total pot $0.48 | Rake $0.02 | Jackpot $0 | Bingo $0 | Fortune $0 | Tax $0
Board [Tc 6s 8c 2d Kd]
Seat 1: 366b50e1 (small blind) folded before Flop
Seat 2: 5bdc6832 (big blind) folded on the River
Seat 3: bb368a36 folded before Flop (didn't bet)
Seat 4: 3068c74d won ($0.46)
Seat 5: 15ca6281 folded before Flop (didn't bet)
Seat 6: Hero (button) folded before Flop (didn't bet)


Poker Hand #HD1721373715: Hold'em No Limit ($0.02/$0.05) - 2024/04/08 18:18:55
Table 'NLHBlue57' 6-max Seat #5 is the button
Seat 1: 366b50e1 ($3.96 in chips)
Seat 2: 5bdc6832 ($1.95 in chips)
Seat 3: bb368a36 ($8.32 in chips)
Seat 4: 3068c74d ($5.25 in chips)
Seat 5: 15ca6281 ($7.62 in chips)
Seat 6: Hero ($7.63 in chips)
Hero: posts small blind $0.02
366b50e1: posts big blind $0.05
5bdc6832: posts big blind $0.05
*** HOLE CARDS ***
Dealt to 366b50e1 
Dealt to 5bdc6832 
Dealt to bb368a36 
Dealt to 3068c74d 
Dealt to 15ca6281 
Dealt to Hero [7d 9s]
5bdc6832: checks
bb368a36: folds
3068c74d: raises $0.1 to $0.15
15ca6281: folds
Hero: folds
366b50e1: folds
5bdc6832: calls $0.1
*** FLOP *** [5c 5h Qc]
5bdc6832: checks
3068c74d: bets $0.1
5bdc6832: calls $0.1
*** TURN *** [5c 5h Qc] [Kd]
5bdc6832: checks
3068c74d: checks
*** RIVER *** [5c 5h Qc Kd] [Qd]
5bdc6832: bets $0.29
3068c74d: folds
Uncalled bet ($0.29) returned to 5bdc6832
*** SHOWDOWN ***
5bdc6832 collected $0.55 from pot
*** SUMMARY ***
Total pot $0.57 | Rake $0.02 | Jackpot $0 | Bingo $0 | Fortune $0 | Tax $0
Board [5c 5h Qc Kd Qd]
Seat 1: 366b50e1 (big blind) folded before Flop
Seat 2: 5bdc6832 won ($0.55)
Seat 3: bb368a36 folded before Flop (didn't bet)
Seat 4: 3068c74d folded on the River
Seat 5: 15ca6281 (button) folded before Flop (didn't bet)
Seat 6: Hero (small blind) folded before Flop


Poker Hand #HD1721373664: Hold'em No Limit ($0.02/$0.05) - 2024/04/08 18:18:37
Table 'NLHBlue57' 6-max Seat #4 is the button
Seat 1: 366b50e1 ($3.96 in chips)
Seat 3: bb368a36 ($8.32 in chips)
Seat 4: 3068c74d ($5.18 in chips)
Seat 5: 15ca6281 ($7.64 in chips)
Seat 6: Hero ($7.68 in chips)
15ca6281: posts small blind $0.02
Hero: posts big blind $0.05
*** HOLE CARDS ***
Dealt to 366b50e1 
Dealt to bb368a36 
Dealt to 3068c74d 
Dealt to 15ca6281 
Dealt to Hero [3s 7h]
366b50e1: folds
bb368a36: folds
3068c74d: raises $0.1 to $0.15
15ca6281: folds
Hero: folds
Uncalled bet ($0.1) returned to 3068c74d
*** SHOWDOWN ***
3068c74d collected $0.12 from pot
*** SUMMARY ***
Total pot $0.12 | Rake $0 | Jackpot $0 | Bingo $0 | Fortune $0 | Tax $0
Seat 1: 366b50e1 folded before Flop (didn't bet)
Seat 3: bb368a36 folded before Flop (didn't bet)
Seat 4: 3068c74d (button) collected ($0.12)
Seat 5: 15ca6281 (small blind) folded before Flop
Seat 6: Hero (big blind) folded before Flop


Poker Hand #HD1721373580: Hold'em No Limit ($0.02/$0.05) - 2024/04/08 18:18:08
Table 'NLHBlue57' 6-max Seat #3 is the button
Seat 1: 366b50e1 ($4.08 in chips)
Seat 2: 264c245a ($1 in chips)
Seat 3: bb368a36 ($8.32 in chips)
Seat 4: 3068c74d ($5.02 in chips)
Seat 5: 15ca6281 ($7.69 in chips)
Seat 6: Hero ($7.68 in chips)
3068c74d: posts small blind $0.02
15ca6281: posts big blind $0.05
*** HOLE CARDS ***
Dealt to 366b50e1 
Dealt to 264c245a 
Dealt to bb368a36 
Dealt to 3068c74d 
Dealt to 15ca6281 
Dealt to Hero [3s 8d]
Hero: folds
366b50e1: raises $0.07 to $0.12
264c245a: folds
bb368a36: folds
3068c74d: raises $0.63 to $0.75
15ca6281: folds
366b50e1: folds
Uncalled bet ($0.63) returned to 3068c74d
*** SHOWDOWN ***
3068c74d collected $0.28 from pot
*** SUMMARY ***
Total pot $0.29 | Rake $0.01 | Jackpot $0 | Bingo $0 | Fortune $0 | Tax $0
Seat 1: 366b50e1 folded before Flop
Seat 2: 264c245a folded before Flop (didn't bet)
Seat 3: bb368a36 (button) folded before Flop (didn't bet)
Seat 4: 3068c74d (small blind) collected ($0.28)
Seat 5: 15ca6281 (big blind) folded before Flop
Seat 6: Hero folded before Flop (didn't bet)


Poker Hand #HD1721373411: Hold'em No Limit ($0.02/$0.05) - 2024/04/08 18:17:05
Table 'NLHBlue57' 6-max Seat #2 is the button
Seat 1: 366b50e1 ($4.08 in chips)
Seat 2: 264c245a ($1 in chips)
Seat 3: bb368a36 ($8.34 in chips)
Seat 4: 3068c74d ($5.07 in chips)
Seat 5: 15ca6281 ($7.29 in chips)
Seat 6: Hero ($8.05 in chips)
bb368a36: posts small blind $0.02
3068c74d: posts big blind $0.05
*** HOLE CARDS ***
Dealt to 366b50e1 
Dealt to 264c245a 
Dealt to bb368a36 
Dealt to 3068c74d 
Dealt to 15ca6281 
Dealt to Hero [Ah Qc]
15ca6281: raises $0.06 to $0.11
Hero: raises $0.19 to $0.3
366b50e1: folds
264c245a: folds
bb368a36: folds
3068c74d: folds
15ca6281: calls $0.19
*** FLOP *** [2h 5d 2s]
15ca6281: checks
Hero: checks
*** TURN *** [2h 5d 2s] [Kc]
15ca6281: checks
Hero: checks
*** RIVER *** [2h 5d 2s Kc] [Ks]
15ca6281: bets $0.07
Hero: calls $0.07
15ca6281: shows [7c 7s] (Pair of Kings and Pair of Sevens)
Hero: shows [Ah Qc] (Pair of Kings and Pair of Twos)
bb368a36: shows [Kd] (Kings Full over Twos)
*** SHOWDOWN ***
15ca6281 collected $0.77 from pot
*** SUMMARY ***
Total pot $0.81 | Rake $0.04 | Jackpot $0 | Bingo $0 | Fortune $0 | Tax $0
Board [2h 5d 2s Kc Ks]
Seat 1: 366b50e1 folded before Flop (didn't bet)
Seat 2: 264c245a (button) folded before Flop (didn't bet)
Seat 3: bb368a36 (small blind) folded before Flop
Seat 4: 3068c74d (big blind) folded before Flop
Seat 5: 15ca6281 showed [7c 7s] and won ($0.77) with Pair of Kings and Pair of Sevens
Seat 6: Hero showed [Ah Qc] and lost with Pair of Kings and Pair of Twos


Poker Hand #HD1721373378: Hold'em No Limit ($0.02/$0.05) - 2024/04/08 18:16:54
Table 'NLHBlue57' 6-max Seat #1 is the button
Seat 1: 366b50e1 ($4.08 in chips)
Seat 2: 264c245a ($1.02 in chips)
Seat 3: bb368a36 ($8.39 in chips)
Seat 4: 3068c74d ($5 in chips)
Seat 5: 15ca6281 ($7.29 in chips)
Seat 6: Hero ($8.05 in chips)
264c245a: posts small blind $0.02
bb368a36: posts big blind $0.05
*** HOLE CARDS ***
Dealt to 366b50e1 
Dealt to 264c245a 
Dealt to bb368a36 
Dealt to 3068c74d 
Dealt to 15ca6281 
Dealt to Hero [8d 4d]
3068c74d: raises $4.95 to $5 and is all-in
15ca6281: folds
Hero: folds
366b50e1: folds
264c245a: folds
bb368a36: folds
Uncalled bet ($4.95) returned to 3068c74d
*** SHOWDOWN ***
3068c74d collected $0.12 from pot
*** SUMMARY ***
Total pot $0.12 | Rake $0 | Jackpot $0 | Bingo $0 | Fortune $0 | Tax $0
Seat 1: 366b50e1 (button) folded before Flop (didn't bet)
Seat 2: 264c245a (small blind) folded before Flop
Seat 3: bb368a36 (big blind) folded before Flop
Seat 4: 3068c74d collected ($0.12)
Seat 5: 15ca6281 folded before Flop (didn't bet)
Seat 6: Hero folded before Flop (didn't bet)


Poker Hand #HD1721373356: Hold'em No Limit ($0.02/$0.05) - 2024/04/08 18:16:45
Table 'NLHBlue57' 6-max Seat #6 is the button
Seat 1: 366b50e1 ($4.1 in chips)
Seat 2: 264c245a ($1 in chips)
Seat 3: bb368a36 ($8.39 in chips)
Seat 4: 3068c74d ($5 in chips)
Seat 5: 15ca6281 ($7.29 in chips)
Seat 6: Hero ($8.05 in chips)
366b50e1: posts small blind $0.02
264c245a: posts big blind $0.05
*** HOLE CARDS ***
Dealt to 366b50e1 
Dealt to 264c245a 
Dealt to bb368a36 
Dealt to 3068c74d 
Dealt to 15ca6281 
Dealt to Hero [4h Tc]
bb368a36: folds
3068c74d: folds
15ca6281: folds
Hero: folds
366b50e1: folds
Uncalled bet ($0.03) returned to 264c245a
*** SHOWDOWN ***
264c245a collected $0.04 from pot
*** SUMMARY ***
Total pot $0.04 | Rake $0 | Jackpot $0 | Bingo $0 | Fortune $0 | Tax $0
Seat 1: 366b50e1 (small blind) folded before Flop
Seat 2: 264c245a (big blind) collected ($0.04)
Seat 3: bb368a36 folded before Flop (didn't bet)
Seat 4: 3068c74d folded before Flop (didn't bet)
Seat 5: 15ca6281 folded before Flop (didn't bet)
Seat 6: Hero (button) folded before Flop (didn't bet)


Poker Hand #HD1721373298: Hold'em No Limit ($0.02/$0.05) - 2024/04/08 18:16:22
Table 'NLHBlue57' 6-max Seat #5 is the button
Seat 1: 366b50e1 ($4.15 in chips)
Seat 3: bb368a36 ($8.39 in chips)
Seat 4: 3068c74d ($5 in chips)
Seat 5: 15ca6281 ($7.22 in chips)
Seat 6: Hero ($8.07 in chips)
Hero: posts small blind $0.02
366b50e1: posts big blind $0.05
*** HOLE CARDS ***
Dealt to 366b50e1 
Dealt to bb368a36 
Dealt to 3068c74d 
Dealt to 15ca6281 
Dealt to Hero [Ad 3s]
bb368a36: folds
3068c74d: folds
15ca6281: raises $0.1 to $0.15
Hero: folds
366b50e1: folds
Uncalled bet ($0.1) returned to 15ca6281
*** SHOWDOWN ***
15ca6281 collected $0.12 from pot
*** SUMMARY ***
Total pot $0.12 | Rake $0 | Jackpot $0 | Bingo $0 | Fortune $0 | Tax $0
Seat 1: 366b50e1 (big blind) folded before Flop
Seat 3: bb368a36 folded before Flop (didn't bet)
Seat 4: 3068c74d folded before Flop (didn't bet)
Seat 5: 15ca6281 (button) collected ($0.12)
Seat 6: Hero (small blind) folded before Flop


Poker Hand #HD1721373262: Hold'em No Limit ($0.02/$0.05) - 2024/04/08 18:16:08
Table 'NLHBlue57' 6-max Seat #4 is the button
Seat 1: 366b50e1 ($4.15 in chips)
Seat 3: bb368a36 ($8.39 in chips)
Seat 4: 3068c74d ($5 in chips)
Seat 5: 15ca6281 ($7.17 in chips)
Seat 6: Hero ($8.12 in chips)
15ca6281: posts small blind $0.02
Hero: posts big blind $0.05
*** HOLE CARDS ***
Dealt to 366b50e1 
Dealt to bb368a36 
Dealt to 3068c74d 
Dealt to 15ca6281 
Dealt to Hero [Qh 8d]
366b50e1: folds
bb368a36: folds
3068c74d: folds
15ca6281: raises $0.1 to $0.15
Hero: folds
Uncalled bet ($0.1) returned to 15ca6281
*** SHOWDOWN ***
15ca6281 collected $0.1 from pot
*** SUMMARY ***
Total pot $0.1 | Rake $0 | Jackpot $0 | Bingo $0 | Fortune $0 | Tax $0
Seat 1: 366b50e1 folded before Flop (didn't bet)
Seat 3: bb368a36 folded before Flop (didn't bet)
Seat 4: 3068c74d (button) folded before Flop (didn't bet)
Seat 5: 15ca6281 (small blind) collected ($0.1)
Seat 6: Hero (big blind) folded before Flop


Poker Hand #HD1721373220: Hold'em No Limit ($0.02/$0.05) - 2024/04/08 18:15:52
Table 'NLHBlue57' 6-max Seat #3 is the button
Seat 1: 366b50e1 ($4.15 in chips)
Seat 3: bb368a36 ($8.39 in chips)
Seat 4: 3068c74d ($5 in chips)
Seat 5: 15ca6281 ($7.22 in chips)
Seat 6: Hero ($8.05 in chips)
3068c74d: posts small blind $0.02
15ca6281: posts big blind $0.05
*** HOLE CARDS ***
Dealt to 366b50e1 
Dealt to bb368a36 
Dealt to 3068c74d 
Dealt to 15ca6281 
Dealt to Hero [Qd Qc]
Hero: raises $0.05 to $0.1
366b50e1: folds
bb368a36: folds
3068c74d: folds
15ca6281: folds
Uncalled bet ($0.05) returned to Hero
*** SHOWDOWN ***
Hero collected $0.12 from pot
*** SUMMARY ***
Total pot $0.12 | Rake $0 | Jackpot $0 | Bingo $0 | Fortune $0 | Tax $0
Seat 1: 366b50e1 folded before Flop (didn't bet)
Seat 3: bb368a36 (button) folded before Flop (didn't bet)
Seat 4: 3068c74d (small blind) folded before Flop
Seat 5: 15ca6281 (big blind) folded before Flop
Seat 6: Hero collected ($0.12)


Poker Hand #HD1721373043: Hold'em No Limit ($0.02/$0.05) - 2024/04/08 18:14:43
Table 'NLHBlue57' 6-max Seat #2 is the button
Seat 1: 366b50e1 ($4.15 in chips)
Seat 2: 38aed53 ($0.53 in chips)
Seat 3: bb368a36 ($7.72 in chips)
Seat 4: 3068c74d ($5 in chips)
Seat 6: Hero ($8.05 in chips)
bb368a36: posts small blind $0.02
3068c74d: posts big blind $0.05
*** HOLE CARDS ***
Dealt to 366b50e1 
Dealt to 38aed53 
Dealt to bb368a36 
Dealt to 3068c74d 
Dealt to Hero [2s 5h]
Hero: folds
366b50e1: folds
38aed53: calls $0.05
bb368a36: raises $0.15 to $0.2
3068c74d: calls $0.15
38aed53: calls $0.15
*** FLOP *** [2c 8h 9c]
bb368a36: bets $0.3
3068c74d: folds
38aed53: calls $0.3
*** TURN *** [2c 8h 9c] [Th]
bb368a36: bets $0.4
38aed53: calls $0.03 and is all-in
Uncalled bet ($0.37) returned to bb368a36
bb368a36: shows [Ac Ad] (Pair of Aces)
38aed53: shows [Kd Td] (Pair of Tens)
*** RIVER *** [2c 8h 9c Th] [2h]
*** SHOWDOWN ***
bb368a36 collected $1.2 from pot
*** SUMMARY ***
Total pot $1.26 | Rake $0.06 | Jackpot $0 | Bingo $0 | Fortune $0 | Tax $0
Board [2c 8h 9c Th 2h]
Seat 1: 366b50e1 folded before Flop (didn't bet)
Seat 2: 38aed53 (button) showed [Kd Td] and lost with Pair of Tens and Pair of Twos
Seat 3: bb368a36 (small blind) showed [Ac Ad] and won ($1.2) with Pair of Aces and Pair of Twos
Seat 4: 3068c74d (big blind) folded on the Flop
Seat 6: Hero folded before Flop (didn't bet)


Poker Hand #HD1721373021: Hold'em No Limit ($0.02/$0.05) - 2024/04/08 18:14:34
Table 'NLHBlue57' 6-max Seat #1 is the button
Seat 1: 366b50e1 ($4.15 in chips)
Seat 2: 38aed53 ($0.55 in chips)
Seat 3: bb368a36 ($7.77 in chips)
Seat 6: Hero ($7.98 in chips)
38aed53: posts small blind $0.02
bb368a36: posts big blind $0.05
*** HOLE CARDS ***
Dealt to 366b50e1 
Dealt to 38aed53 
Dealt to bb368a36 
Dealt to Hero [Ks Ah]
Hero: raises $0.08 to $0.13
366b50e1: folds
38aed53: folds
bb368a36: folds
Uncalled bet ($0.08) returned to Hero
*** SHOWDOWN ***
Hero collected $0.12 from pot
*** SUMMARY ***
Total pot $0.12 | Rake $0 | Jackpot $0 | Bingo $0 | Fortune $0 | Tax $0
Seat 1: 366b50e1 (button) folded before Flop (didn't bet)
Seat 2: 38aed53 (small blind) folded before Flop
Seat 3: bb368a36 (big blind) folded before Flop
Seat 6: Hero collected ($0.12)


Poker Hand #HD1721372955: Hold'em No Limit ($0.02/$0.05) - 2024/04/08 18:14:10
Table 'NLHBlue57' 6-max Seat #6 is the button
Seat 1: 366b50e1 ($4.17 in chips)
Seat 2: 38aed53 ($0.68 in chips)
Seat 3: bb368a36 ($7.77 in chips)
Seat 6: Hero ($7.84 in chips)
366b50e1: posts small blind $0.02
38aed53: posts big blind $0.05
*** HOLE CARDS ***
Dealt to 366b50e1 
Dealt to 38aed53 
Dealt to bb368a36 
Dealt to Hero [Tc Kh]
bb368a36: folds
Hero: raises $0.08 to $0.13
366b50e1: folds
38aed53: calls $0.08
*** FLOP *** [2c Kc Qd]
38aed53: checks
Hero: bets $0.15
38aed53: folds
Uncalled bet ($0.15) returned to Hero
*** SHOWDOWN ***
Hero collected $0.27 from pot
*** SUMMARY ***
Total pot $0.28 | Rake $0.01 | Jackpot $0 | Bingo $0 | Fortune $0 | Tax $0
Board [2c Kc Qd]
Seat 1: 366b50e1 (small blind) folded before Flop
Seat 2: 38aed53 (big blind) folded on the Flop
Seat 3: bb368a36 folded before Flop (didn't bet)
Seat 6: Hero (button) won ($0.27)


Poker Hand #HD1721372872: Hold'em No Limit ($0.02/$0.05) - 2024/04/08 18:13:38
Table 'NLHBlue57' 6-max Seat #3 is the button
Seat 1: 366b50e1 ($4.17 in chips)
Seat 2: 38aed53 ($0.88 in chips)
Seat 3: bb368a36 ($7.52 in chips)
Seat 4: 6e1470fc ($5 in chips)
Seat 6: Hero ($7.89 in chips)
6e1470fc: posts small blind $0.02
Hero: posts big blind $0.05
*** HOLE CARDS ***
Dealt to 366b50e1 
Dealt to 38aed53 
Dealt to bb368a36 
Dealt to 6e1470fc 
Dealt to Hero [4s Ks]
366b50e1: folds
38aed53: calls $0.05
bb368a36: raises $0.15 to $0.2
6e1470fc: folds
Hero: folds
38aed53: calls $0.15
*** FLOP *** [5c 9s Td]
38aed53: checks
bb368a36: bets $0.86
38aed53: folds
Uncalled bet ($0.86) returned to bb368a36
*** SHOWDOWN ***
bb368a36 collected $0.45 from pot
*** SUMMARY ***
Total pot $0.47 | Rake $0.02 | Jackpot $0 | Bingo $0 | Fortune $0 | Tax $0
Board [5c 9s Td]
Seat 1: 366b50e1 folded before Flop (didn't bet)
Seat 2: 38aed53 folded on the Flop
Seat 3: bb368a36 (button) won ($0.45)
Seat 4: 6e1470fc (small blind) folded before Flop
Seat 6: Hero (big blind) folded before Flop


Poker Hand #HD1721372777: Hold'em No Limit ($0.02/$0.05) - 2024/04/08 18:13:00
Table 'NLHBlue57' 6-max Seat #2 is the button
Seat 1: 366b50e1 ($3.92 in chips)
Seat 2: 38aed53 ($1 in chips)
Seat 3: bb368a36 ($7.54 in chips)
Seat 4: 6e1470fc ($5.07 in chips)
Seat 6: Hero ($7.89 in chips)
bb368a36: posts small blind $0.02
6e1470fc: posts big blind $0.05
*** HOLE CARDS ***
Dealt to 366b50e1 
Dealt to 38aed53 
Dealt to bb368a36 
Dealt to 6e1470fc 
Dealt to Hero [Kc 5s]
Hero: folds
366b50e1: raises $0.07 to $0.12
38aed53: calls $0.12
bb368a36: folds
6e1470fc: calls $0.07
*** FLOP *** [5c 6d 6h]
6e1470fc: checks
366b50e1: checks
38aed53: checks
*** TURN *** [5c 6d 6h] [Ac]
6e1470fc: checks
366b50e1: checks
38aed53: checks
*** RIVER *** [5c 6d 6h Ac] [8d]
6e1470fc: checks
366b50e1: bets $0.16
38aed53: folds
6e1470fc: folds
Uncalled bet ($0.16) returned to 366b50e1
*** SHOWDOWN ***
366b50e1 collected $0.37 from pot
*** SUMMARY ***
Total pot $0.38 | Rake $0.01 | Jackpot $0 | Bingo $0 | Fortune $0 | Tax $0
Board [5c 6d 6h Ac 8d]
Seat 1: 366b50e1 won ($0.37)
Seat 2: 38aed53 (button) folded on the River
Seat 3: bb368a36 (small blind) folded before Flop
Seat 4: 6e1470fc (big blind) folded on the River
Seat 6: Hero folded before Flop (didn't bet)


Poker Hand #HD1721372712: Hold'em No Limit ($0.02/$0.05) - 2024/04/08 18:12:35
Table 'NLHBlue57' 6-max Seat #1 is the button
Seat 1: 366b50e1 ($3.92 in chips)
Seat 2: 38aed53 ($1.02 in chips)
Seat 3: bb368a36 ($7.59 in chips)
Seat 4: 6e1470fc ($5 in chips)
Seat 6: Hero ($7.89 in chips)
38aed53: posts small blind $0.02
bb368a36: posts big blind $0.05
*** HOLE CARDS ***
Dealt to 366b50e1 
Dealt to 38aed53 
Dealt to bb368a36 
Dealt to 6e1470fc 
Dealt to Hero [Ts 4c]
6e1470fc: raises $0.08 to $0.13
Hero: folds
366b50e1: folds
38aed53: folds
bb368a36: folds
Uncalled bet ($0.08) returned to 6e1470fc
*** SHOWDOWN ***
6e1470fc collected $0.12 from pot
*** SUMMARY ***
Total pot $0.12 | Rake $0 | Jackpot $0 | Bingo $0 | Fortune $0 | Tax $0
Seat 1: 366b50e1 (button) folded before Flop (didn't bet)
Seat 2: 38aed53 (small blind) folded before Flop
Seat 3: bb368a36 (big blind) folded before Flop
Seat 4: 6e1470fc collected ($0.12)
Seat 6: Hero folded before Flop (didn't bet)


Poker Hand #HD1721372599: Hold'em No Limit ($0.02/$0.05) - 2024/04/08 18:11:51
Table 'NLHBlue57' 6-max Seat #6 is the button
Seat 1: 366b50e1 ($3.94 in chips)
Seat 2: 38aed53 ($1.21 in chips)
Seat 3: bb368a36 ($7.59 in chips)
Seat 4: 6e1470fc ($5 in chips)
Seat 5: 15ca6281 ($7.03 in chips)
Seat 6: Hero ($7.89 in chips)
366b50e1: posts small blind $0.02
38aed53: posts big blind $0.05
*** HOLE CARDS ***
Dealt to 366b50e1 
Dealt to 38aed53 
Dealt to bb368a36 
Dealt to 6e1470fc 
Dealt to 15ca6281 
Dealt to Hero [Td 2c]
bb368a36: folds
6e1470fc: folds
15ca6281: raises $0.06 to $0.11
Hero: folds
366b50e1: folds
38aed53: calls $0.06
*** FLOP *** [Ac 6s Js]
38aed53: checks
15ca6281: bets $0.08
38aed53: calls $0.08
*** TURN *** [Ac 6s Js] [Jc]
38aed53: checks
15ca6281: checks
*** RIVER *** [Ac 6s Js Jc] [Qd]
38aed53: checks
15ca6281: bets $0.07
38aed53: folds
Uncalled bet ($0.07) returned to 15ca6281
*** SHOWDOWN ***
15ca6281 collected $0.38 from pot
*** SUMMARY ***
Total pot $0.4 | Rake $0.02 | Jackpot $0 | Bingo $0 | Fortune $0 | Tax $0
Board [Ac 6s Js Jc Qd]
Seat 1: 366b50e1 (small blind) folded before Flop
Seat 2: 38aed53 (big blind) folded on the River
Seat 3: bb368a36 folded before Flop (didn't bet)
Seat 4: 6e1470fc folded before Flop (didn't bet)
Seat 5: 15ca6281 won ($0.38)
Seat 6: Hero (button) folded before Flop (didn't bet)


Poker Hand #HD1721372507: Hold'em No Limit ($0.02/$0.05) - 2024/04/08 18:11:09
Table 'NLHBlue57' 6-max Seat #5 is the button
Seat 1: 366b50e1 ($4.37 in chips)
Seat 2: 38aed53 ($0.8 in chips)
Seat 3: bb368a36 ($7.59 in chips)
Seat 4: 6e1470fc ($5 in chips)
Seat 5: 15ca6281 ($7.03 in chips)
Seat 6: Hero ($7.91 in chips)
Hero: posts small blind $0.02
366b50e1: posts big blind $0.05
*** HOLE CARDS ***
Dealt to 366b50e1 
Dealt to 38aed53 
Dealt to bb368a36 
Dealt to 6e1470fc 
Dealt to 15ca6281 
Dealt to Hero [Js 6s]
38aed53: calls $0.05
bb368a36: folds
6e1470fc: folds
15ca6281: folds
Hero: folds
366b50e1: checks
*** FLOP *** [4s Qs 7d]
366b50e1: bets $0.05
38aed53: calls $0.05
*** TURN *** [4s Qs 7d] [2s]
366b50e1: bets $0.11
38aed53: calls $0.11
*** RIVER *** [4s Qs 7d 2s] [5h]
366b50e1: checks
38aed53: bets $0.22
366b50e1: calls $0.22
38aed53: shows [5c 2c] (Pair of Fives and Pair of Twos)
366b50e1: shows [Qh Jc] (Pair of Queens)
*** SHOWDOWN ***
38aed53 collected $0.84 from pot
*** SUMMARY ***
Total pot $0.88 | Rake $0.04 | Jackpot $0 | Bingo $0 | Fortune $0 | Tax $0
Board [4s Qs 7d 2s 5h]
Seat 1: 366b50e1 (big blind) showed [Qh Jc] and lost with Pair of Queens
Seat 2: 38aed53 showed [5c 2c] and won ($0.84) with Pair of Fives and Pair of Twos
Seat 3: bb368a36 folded before Flop (didn't bet)
Seat 4: 6e1470fc folded before Flop (didn't bet)
Seat 5: 15ca6281 (button) folded before Flop (didn't bet)
Seat 6: Hero (small blind) folded before Flop


Poker Hand #HD1721372387: Hold'em No Limit ($0.02/$0.05) - 2024/04/08 18:10:24
Table 'NLHBlue57' 6-max Seat #4 is the button
Seat 1: 366b50e1 ($4.37 in chips)
Seat 2: 38aed53 ($1 in chips)
Seat 3: bb368a36 ($7.15 in chips)
Seat 4: 6e1470fc ($5 in chips)
Seat 5: 15ca6281 ($7.05 in chips)
Seat 6: Hero ($7.96 in chips)
15ca6281: posts small blind $0.02
Hero: posts big blind $0.05
*** HOLE CARDS ***
Dealt to 366b50e1 
Dealt to 38aed53 
Dealt to bb368a36 
Dealt to 6e1470fc 
Dealt to 15ca6281 
Dealt to Hero [7s Ad]
366b50e1: folds
38aed53: calls $0.05
bb368a36: raises $0.15 to $0.2
6e1470fc: calls $0.2
15ca6281: folds
Hero: folds
38aed53: calls $0.15
*** FLOP *** [Kh 6c Jh]
38aed53: checks
bb368a36: checks
6e1470fc: checks
*** TURN *** [Kh 6c Jh] [Kc]
38aed53: checks
bb368a36: checks
6e1470fc: checks
*** RIVER *** [Kh 6c Jh Kc] [Td]
38aed53: checks
bb368a36: checks
6e1470fc: checks
38aed53: shows [4d 8c] (Pair of Kings)
bb368a36: shows [7c 7h] (Pair of Kings and Pair of Sevens)
6e1470fc: shows [9d 7d] (Pair of Kings)
*** SHOWDOWN ***
bb368a36 collected $0.64 from pot
*** SUMMARY ***
Total pot $0.67 | Rake $0.03 | Jackpot $0 | Bingo $0 | Fortune $0 | Tax $0
Board [Kh 6c Jh Kc Td]
Seat 1: 366b50e1 folded before Flop (didn't bet)
Seat 2: 38aed53 showed [4d 8c] and lost with Pair of Kings
Seat 3: bb368a36 showed [7c 7h] and won ($0.64) with Pair of Kings and Pair of Sevens
Seat 4: 6e1470fc (button) showed [9d 7d] and lost with Pair of Kings
Seat 5: 15ca6281 (small blind) folded before Flop
Seat 6: Hero (big blind) folded before Flop


Poker Hand #HD1721372190: Hold'em No Limit ($0.02/$0.05) - 2024/04/08 18:09:11
Table 'NLHBlue57' 6-max Seat #3 is the button
Seat 1: 366b50e1 ($4.37 in chips)
Seat 3: bb368a36 ($8.09 in chips)
Seat 4: 6e1470fc ($5 in chips)
Seat 5: 15ca6281 ($6.23 in chips)
Seat 6: Hero ($7.96 in chips)
6e1470fc: posts small blind $0.02
15ca6281: posts big blind $0.05
*** HOLE CARDS ***
Dealt to 366b50e1 
Dealt to bb368a36 
Dealt to 6e1470fc 
Dealt to 15ca6281 
Dealt to Hero [9c 6c]
Hero: folds
366b50e1: folds
bb368a36: raises $0.07 to $0.12
6e1470fc: folds
15ca6281: calls $0.07
*** FLOP *** [7h 8c 5s]
15ca6281: checks
bb368a36: bets $0.09
15ca6281: calls $0.09
*** TURN *** [7h 8c 5s] [9s]
15ca6281: bets $0.24
bb368a36: calls $0.24
*** RIVER *** [7h 8c 5s 9s] [7s]
15ca6281: bets $0.49
bb368a36: calls $0.49
15ca6281: shows [6h 6d] (Nines-High Straight)
bb368a36: shows [Jd Js] (Pair of Jacks and Pair of Sevens)
*** SHOWDOWN ***
15ca6281 collected $1.76 from pot
*** SUMMARY ***
Total pot $1.9 | Rake $0.09 | Jackpot $0.05 | Bingo $0 | Fortune $0 | Tax $0
Board [7h 8c 5s 9s 7s]
Seat 1: 366b50e1 folded before Flop (didn't bet)
Seat 3: bb368a36 (button) showed [Jd Js] and lost with Pair of Jacks and Pair of Sevens
Seat 4: 6e1470fc (small blind) folded before Flop
Seat 5: 15ca6281 (big blind) showed [6h 6d] and won ($1.76) with Nines-High Straight
Seat 6: Hero folded before Flop (didn't bet)


Poker Hand #HD1721371956: Hold'em No Limit ($0.02/$0.05) - 2024/04/08 18:07:37
Table 'NLHBlue57' 6-max Seat #1 is the button
Seat 1: 366b50e1 ($4.37 in chips)
Seat 2: 38aed53 ($1.18 in chips)
Seat 3: bb368a36 ($8.14 in chips)
Seat 4: 6e1470fc ($5 in chips)
Seat 5: 15ca6281 ($5.16 in chips)
Seat 6: Hero ($7.96 in chips)
38aed53: posts small blind $0.02
bb368a36: posts big blind $0.05
*** HOLE CARDS ***
Dealt to 366b50e1 
Dealt to 38aed53 
Dealt to bb368a36 
Dealt to 6e1470fc 
Dealt to 15ca6281 
Dealt to Hero [2h 4h]
6e1470fc: folds
15ca6281: raises $0.07 to $0.12
Hero: folds
366b50e1: folds
38aed53: calls $0.1
bb368a36: folds
*** FLOP *** [3h Qh 6c]
38aed53: checks
15ca6281: bets $0.16
38aed53: calls $0.16
*** TURN *** [3h Qh 6c] [Ts]
38aed53: checks
15ca6281: bets $0.96
38aed53: calls $0.9 and is all-in
Uncalled bet ($0.06) returned to 15ca6281
15ca6281: shows [Kc Qs] (Pair of Queens)
38aed53: shows [7h 6h] (Pair of Sixes)
*** RIVER *** [3h Qh 6c Ts] [5c]
*** SHOWDOWN ***
15ca6281 collected $2.25 from pot
*** SUMMARY ***
Total pot $2.41 | Rake $0.11 | Jackpot $0.05 | Bingo $0 | Fortune $0 | Tax $0
Board [3h Qh 6c Ts 5c]
Seat 1: 366b50e1 (button) folded before Flop (didn't bet)
Seat 2: 38aed53 (small blind) showed [7h 6h] and lost with Pair of Sixes
Seat 3: bb368a36 (big blind) folded before Flop
Seat 4: 6e1470fc folded before Flop (didn't bet)
Seat 5: 15ca6281 showed [Kc Qs] and won ($2.25) with Pair of Queens
Seat 6: Hero folded before Flop (didn't bet)


Poker Hand #HD1721371879: Hold'em No Limit ($0.02/$0.05) - 2024/04/08 18:07:08
Table 'NLHBlue57' 6-max Seat #6 is the button
Seat 1: 366b50e1 ($4.39 in chips)
Seat 2: 38aed53 ($1.04 in chips)
Seat 3: bb368a36 ($8.14 in chips)
Seat 4: 6e1470fc ($5 in chips)
Seat 5: 15ca6281 ($5.16 in chips)
Seat 6: Hero ($8.09 in chips)
366b50e1: posts small blind $0.02
38aed53: posts big blind $0.05
*** HOLE CARDS ***
Dealt to 366b50e1 
Dealt to 38aed53 
Dealt to bb368a36 
Dealt to 6e1470fc 
Dealt to 15ca6281 
Dealt to Hero [Ah Qd]
bb368a36: folds
6e1470fc: folds
15ca6281: folds
Hero: raises $0.08 to $0.13
366b50e1: folds
38aed53: calls $0.08
*** FLOP *** [4s 7c Tc]
38aed53: checks
Hero: checks
*** TURN *** [4s 7c Tc] [6d]
38aed53: bets $0.28
Hero: folds
Uncalled bet ($0.28) returned to 38aed53
*** SHOWDOWN ***
38aed53 collected $0.27 from pot
*** SUMMARY ***
Total pot $0.28 | Rake $0.01 | Jackpot $0 | Bingo $0 | Fortune $0 | Tax $0
Board [4s 7c Tc 6d]
Seat 1: 366b50e1 (small blind) folded before Flop
Seat 2: 38aed53 (big blind) won ($0.27)
Seat 3: bb368a36 folded before Flop (didn't bet)
Seat 4: 6e1470fc folded before Flop (didn't bet)
Seat 5: 15ca6281 folded before Flop (didn't bet)
Seat 6: Hero (button) folded on the Turn


Poker Hand #HD1721371756: Hold'em No Limit ($0.02/$0.05) - 2024/04/08 18:06:16
Table 'NLHBlue57' 6-max Seat #5 is the button
Seat 1: 366b50e1 ($4.44 in chips)
Seat 2: 38aed53 ($0.51 in chips)
Seat 3: bb368a36 ($8.14 in chips)
Seat 4: 6e1470fc ($5.03 in chips)
Seat 5: 15ca6281 ($5.16 in chips)
Seat 6: Hero ($8.11 in chips)
Hero: posts small blind $0.02
366b50e1: posts big blind $0.05
*** HOLE CARDS ***
Dealt to 366b50e1 
Dealt to 38aed53 
Dealt to bb368a36 
Dealt to 6e1470fc 
Dealt to 15ca6281 
Dealt to Hero [4d 9h]
38aed53: calls $0.05
bb368a36: folds
6e1470fc: raises $0.24 to $0.29
15ca6281: folds
Hero: folds
366b50e1: folds
38aed53: calls $0.24
*** FLOP *** [8d 8s 3c]
38aed53: checks
6e1470fc: bets $0.25
38aed53: calls $0.22 and is all-in
Uncalled bet ($0.03) returned to 6e1470fc
6e1470fc: shows [Qd Kc] (Pair of Eights)
38aed53: shows [As 6h] (Pair of Eights)
*** TURN *** [8d 8s 3c] [3h]
*** RIVER *** [8d 8s 3c 3h] [6s]
*** SHOWDOWN ***
38aed53 collected $1.04 from pot
*** SUMMARY ***
Total pot $1.09 | Rake $0.05 | Jackpot $0 | Bingo $0 | Fortune $0 | Tax $0
Board [8d 8s 3c 3h 6s]
Seat 1: 366b50e1 (big blind) folded before Flop
Seat 2: 38aed53 showed [As 6h] and won ($1.04) with Pair of Eights and Pair of Sixes
Seat 3: bb368a36 folded before Flop (didn't bet)
Seat 4: 6e1470fc showed [Qd Kc] and lost with Pair of Eights and Pair of Treys
Seat 5: 15ca6281 (button) folded before Flop (didn't bet)
Seat 6: Hero (small blind) folded before Flop


Poker Hand #HD1721371731: Hold'em No Limit ($0.02/$0.05) - 2024/04/08 18:06:05
Table 'NLHBlue57' 6-max Seat #4 is the button
Seat 1: 366b50e1 ($4.44 in chips)
Seat 2: 38aed53 ($0.51 in chips)
Seat 3: bb368a36 ($8.14 in chips)
Seat 4: 6e1470fc ($5.03 in chips)
Seat 5: 15ca6281 ($5.18 in chips)
Seat 6: Hero ($8.09 in chips)
15ca6281: posts small blind $0.02
Hero: posts big blind $0.05
*** HOLE CARDS ***
Dealt to 366b50e1 
Dealt to 38aed53 
Dealt to bb368a36 
Dealt to 6e1470fc 
Dealt to 15ca6281 
Dealt to Hero [7c Js]
366b50e1: folds
38aed53: folds
bb368a36: folds
6e1470fc: folds
15ca6281: folds
Uncalled bet ($0.03) returned to Hero
*** SHOWDOWN ***
Hero collected $0.04 from pot
*** SUMMARY ***
Total pot $0.04 | Rake $0 | Jackpot $0 | Bingo $0 | Fortune $0 | Tax $0
Seat 1: 366b50e1 folded before Flop (didn't bet)
Seat 2: 38aed53 folded before Flop (didn't bet)
Seat 3: bb368a36 folded before Flop (didn't bet)
Seat 4: 6e1470fc (button) folded before Flop (didn't bet)
Seat 5: 15ca6281 (small blind) folded before Flop
Seat 6: Hero (big blind) collected ($0.04)


Poker Hand #HD1721371609: Hold'em No Limit ($0.02/$0.05) - 2024/04/08 18:05:22
Table 'NLHBlue57' 6-max Seat #3 is the button
Seat 1: 366b50e1 ($4.44 in chips)
Seat 2: 38aed53 ($0.68 in chips)
Seat 3: bb368a36 ($8.14 in chips)
Seat 4: 6e1470fc ($5.05 in chips)
Seat 5: 15ca6281 ($5 in chips)
Seat 6: Hero ($8.09 in chips)
6e1470fc: posts small blind $0.02
15ca6281: posts big blind $0.05
*** HOLE CARDS ***
Dealt to 366b50e1 
Dealt to 38aed53 
Dealt to bb368a36 
Dealt to 6e1470fc 
Dealt to 15ca6281 
Dealt to Hero [6d 9s]
Hero: folds
366b50e1: folds
38aed53: calls $0.05
bb368a36: folds
6e1470fc: folds
15ca6281: checks
*** FLOP *** [Td 8c 6h]
15ca6281: checks
38aed53: checks
*** TURN *** [Td 8c 6h] [Qc]
15ca6281: checks
38aed53: bets $0.12
15ca6281: calls $0.12
*** RIVER *** [Td 8c 6h Qc] [6s]
15ca6281: checks
38aed53: checks
15ca6281: shows [Ts 7s] (Pair of Tens and Pair of Sixes)
38aed53: shows [2h 5s] (Pair of Sixes)
*** SHOWDOWN ***
15ca6281 collected $0.35 from pot
*** SUMMARY ***
Total pot $0.36 | Rake $0.01 | Jackpot $0 | Bingo $0 | Fortune $0 | Tax $0
Board [Td 8c 6h Qc 6s]
Seat 1: 366b50e1 folded before Flop (didn't bet)
Seat 2: 38aed53 showed [2h 5s] and lost with Pair of Sixes
Seat 3: bb368a36 (button) folded before Flop (didn't bet)
Seat 4: 6e1470fc (small blind) folded before Flop
Seat 5: 15ca6281 (big blind) showed [Ts 7s] and won ($0.35) with Pair of Tens and Pair of Sixes
Seat 6: Hero folded before Flop (didn't bet)


Poker Hand #HD1721371541: Hold'em No Limit ($0.02/$0.05) - 2024/04/08 18:04:48
Table 'NLHBlue57' 6-max Seat #2 is the button
Seat 1: 366b50e1 ($4.44 in chips)
Seat 2: 38aed53 ($0.61 in chips)
Seat 3: bb368a36 ($8.16 in chips)
Seat 4: 6e1470fc ($5 in chips)
Seat 5: 15ca6281 ($5 in chips)
Seat 6: Hero ($8.09 in chips)
bb368a36: posts small blind $0.02
6e1470fc: posts big blind $0.05
*** HOLE CARDS ***
Dealt to 366b50e1 
Dealt to 38aed53 
Dealt to bb368a36 
Dealt to 6e1470fc 
Dealt to 15ca6281 
Dealt to Hero [Jc 4s]
15ca6281: folds
Hero: folds
366b50e1: folds
38aed53: calls $0.05
bb368a36: folds
6e1470fc: checks
*** FLOP *** [7c Ah 6s]
6e1470fc: checks
38aed53: checks
*** TURN *** [7c Ah 6s] [Qh]
6e1470fc: checks
38aed53: bets $0.12
6e1470fc: folds
Uncalled bet ($0.12) returned to 38aed53
*** SHOWDOWN ***
38aed53 collected $0.12 from pot
*** SUMMARY ***
Total pot $0.12 | Rake $0 | Jackpot $0 | Bingo $0 | Fortune $0 | Tax $0
Board [7c Ah 6s Qh]
Seat 1: 366b50e1 folded before Flop (didn't bet)
Seat 2: 38aed53 (button) won ($0.12)
Seat 3: bb368a36 (small blind) folded before Flop
Seat 4: 6e1470fc (big blind) folded on the Turn
Seat 5: 15ca6281 folded before Flop (didn't bet)
Seat 6: Hero folded before Flop (didn't bet)


Poker Hand #HD1721371462: Hold'em No Limit ($0.02/$0.05) - 2024/04/08 18:04:13
Table 'NLHBlue57' 6-max Seat #1 is the button
Seat 1: 366b50e1 ($4.57 in chips)
Seat 2: 38aed53 ($0.74 in chips)
Seat 3: bb368a36 ($7.92 in chips)
Seat 4: 6e1470fc ($5 in chips)
Seat 5: 15ca6281 ($5 in chips)
Seat 6: Hero ($8.09 in chips)
38aed53: posts small blind $0.02
bb368a36: posts big blind $0.05
*** HOLE CARDS ***
Dealt to 366b50e1 
Dealt to 38aed53 
Dealt to bb368a36 
Dealt to 6e1470fc 
Dealt to 15ca6281 
Dealt to Hero [2h Jh]
6e1470fc: folds
15ca6281: folds
Hero: folds
366b50e1: raises $0.08 to $0.13
38aed53: calls $0.11
bb368a36: raises $0.39 to $0.52
366b50e1: folds
38aed53: folds
Uncalled bet ($0.39) returned to bb368a36
*** SHOWDOWN ***
bb368a36 collected $0.37 from pot
*** SUMMARY ***
Total pot $0.39 | Rake $0.02 | Jackpot $0 | Bingo $0 | Fortune $0 | Tax $0
Seat 1: 366b50e1 (button) folded before Flop
Seat 2: 38aed53 (small blind) folded before Flop
Seat 3: bb368a36 (big blind) collected ($0.37)
Seat 4: 6e1470fc folded before Flop (didn't bet)
Seat 5: 15ca6281 folded before Flop (didn't bet)
Seat 6: Hero folded before Flop (didn't bet)


Poker Hand #HD1721371402: Hold'em No Limit ($0.02/$0.05) - 2024/04/08 18:03:51
Table 'NLHBlue57' 6-max Seat #6 is the button
Seat 1: 366b50e1 ($4.72 in chips)
Seat 2: 38aed53 ($0.6 in chips)
Seat 3: bb368a36 ($7.92 in chips)
Seat 4: 6e1470fc ($5 in chips)
Seat 5: 15ca6281 ($5 in chips)
Seat 6: Hero ($8.09 in chips)
366b50e1: posts small blind $0.02
38aed53: posts big blind $0.05
*** HOLE CARDS ***
Dealt to 366b50e1 
Dealt to 38aed53 
Dealt to bb368a36 
Dealt to 6e1470fc 
Dealt to 15ca6281 
Dealt to Hero [6d 7s]
bb368a36: folds
6e1470fc: folds
15ca6281: folds
Hero: folds
366b50e1: raises $0.1 to $0.15
38aed53: calls $0.1
*** FLOP *** [7h Tc Td]
366b50e1: checks
38aed53: checks
*** TURN *** [7h Tc Td] [9s]
366b50e1: checks
38aed53: bets $0.15
366b50e1: folds
Uncalled bet ($0.15) returned to 38aed53
*** SHOWDOWN ***
38aed53 collected $0.29 from pot
*** SUMMARY ***
Total pot $0.3 | Rake $0.01 | Jackpot $0 | Bingo $0 | Fortune $0 | Tax $0
Board [7h Tc Td 9s]
Seat 1: 366b50e1 (small blind) folded on the Turn
Seat 2: 38aed53 (big blind) won ($0.29)
Seat 3: bb368a36 folded before Flop (didn't bet)
Seat 4: 6e1470fc folded before Flop (didn't bet)
Seat 5: 15ca6281 folded before Flop (didn't bet)
Seat 6: Hero (button) folded before Flop (didn't bet)


Poker Hand #HD1721371166: Hold'em No Limit ($0.02/$0.05) - 2024/04/08 18:02:21
Table 'NLHBlue57' 6-max Seat #5 is the button
Seat 1: 366b50e1 ($4.77 in chips)
Seat 2: 38aed53 ($1.35 in chips)
Seat 3: bb368a36 ($5.82 in chips)
Seat 4: 6e1470fc ($5 in chips)
Seat 5: 15ca6281 ($5 in chips)
Seat 6: Hero ($8.84 in chips)
Hero: posts small blind $0.02
366b50e1: posts big blind $0.05
*** HOLE CARDS ***
Dealt to 366b50e1 
Dealt to 38aed53 
Dealt to bb368a36 
Dealt to 6e1470fc 
Dealt to 15ca6281 
Dealt to Hero [Qs Qc]
38aed53: calls $0.05
bb368a36: raises $0.15 to $0.2
6e1470fc: calls $0.2
15ca6281: folds
Hero: raises $0.55 to $0.75
366b50e1: folds
38aed53: calls $0.7
bb368a36: calls $0.55
6e1470fc: calls $0.55
*** FLOP *** [Ac Kc 3h]
Hero: checks
38aed53: checks
bb368a36: bets $1.01
6e1470fc: folds
Hero: folds
38aed53: folds
Uncalled bet ($1.01) returned to bb368a36
*** SHOWDOWN ***
bb368a36 collected $2.85 from pot
*** SUMMARY ***
Total pot $3.05 | Rake $0.15 | Jackpot $0.05 | Bingo $0 | Fortune $0 | Tax $0
Board [Ac Kc 3h]
Seat 1: 366b50e1 (big blind) folded before Flop
Seat 2: 38aed53 folded on the Flop
Seat 3: bb368a36 won ($2.85)
Seat 4: 6e1470fc folded on the Flop
Seat 5: 15ca6281 (button) folded before Flop (didn't bet)
Seat 6: Hero (small blind) folded on the Flop


Poker Hand #HD1721371132: Hold'em No Limit ($0.02/$0.05) - 2024/04/08 18:02:06
Table 'NLHBlue57' 6-max Seat #4 is the button
Seat 1: 366b50e1 ($4.77 in chips)
Seat 2: 38aed53 ($1.35 in chips)
Seat 3: bb368a36 ($5.75 in chips)
Seat 4: 6e1470fc ($5 in chips)
Seat 5: 15ca6281 ($5 in chips)
Seat 6: Hero ($8.89 in chips)
15ca6281: posts small blind $0.02
Hero: posts big blind $0.05
*** HOLE CARDS ***
Dealt to 366b50e1 
Dealt to 38aed53 
Dealt to bb368a36 
Dealt to 6e1470fc 
Dealt to 15ca6281 
Dealt to Hero [Th 2h]
366b50e1: folds
38aed53: folds
bb368a36: raises $0.07 to $0.12
6e1470fc: folds
15ca6281: folds
Hero: folds
Uncalled bet ($0.07) returned to bb368a36
*** SHOWDOWN ***
bb368a36 collected $0.12 from pot
*** SUMMARY ***
Total pot $0.12 | Rake $0 | Jackpot $0 | Bingo $0 | Fortune $0 | Tax $0
Seat 1: 366b50e1 folded before Flop (didn't bet)
Seat 2: 38aed53 folded before Flop (didn't bet)
Seat 3: bb368a36 collected ($0.12)
Seat 4: 6e1470fc (button) folded before Flop (didn't bet)
Seat 5: 15ca6281 (small blind) folded before Flop
Seat 6: Hero (big blind) folded before Flop


Poker Hand #HD1721370983: Hold'em No Limit ($0.02/$0.05) - 2024/04/08 18:01:12
Table 'NLHBlue57' 6-max Seat #3 is the button
Seat 1: 366b50e1 ($4.77 in chips)
Seat 2: 38aed53 ($1.79 in chips)
Seat 3: bb368a36 ($5.28 in chips)
Seat 4: 6e1470fc ($5 in chips)
Seat 5: 15ca6281 ($5 in chips)
Seat 6: Hero ($8.89 in chips)
6e1470fc: posts small blind $0.02
15ca6281: posts big blind $0.05
*** HOLE CARDS ***
Dealt to 366b50e1 
Dealt to 38aed53 
Dealt to bb368a36 
Dealt to 6e1470fc 
Dealt to 15ca6281 
Dealt to Hero [3d 6c]
Hero: folds
366b50e1: folds
38aed53: calls $0.05
bb368a36: raises $0.15 to $0.2
6e1470fc: folds
15ca6281: folds
38aed53: calls $0.15
*** FLOP *** [7c 3h 7s]
38aed53: checks
bb368a36: bets $0.24
38aed53: calls $0.24
*** TURN *** [7c 3h 7s] [9h]
38aed53: checks
bb368a36: checks
*** RIVER *** [7c 3h 7s 9h] [7h]
38aed53: checks
bb368a36: checks
38aed53: shows [Td Jd] (Three Sevens)
bb368a36: shows [Qc Kc] (Three Sevens)
*** SHOWDOWN ***
bb368a36 collected $0.91 from pot
*** SUMMARY ***
Total pot $0.95 | Rake $0.04 | Jackpot $0 | Bingo $0 | Fortune $0 | Tax $0
Board [7c 3h 7s 9h 7h]
Seat 1: 366b50e1 folded before Flop (didn't bet)
Seat 2: 38aed53 showed [Td Jd] and lost with Three Sevens
Seat 3: bb368a36 (button) showed [Qc Kc] and won ($0.91) with Three Sevens
Seat 4: 6e1470fc (small blind) folded before Flop
Seat 5: 15ca6281 (big blind) folded before Flop
Seat 6: Hero folded before Flop (didn't bet)


Poker Hand #HD1721370804: Hold'em No Limit ($0.02/$0.05) - 2024/04/08 18:00:07
Table 'NLHBlue57' 6-max Seat #2 is the button
Seat 1: 366b50e1 ($4.15 in chips)
Seat 2: 38aed53 ($2.11 in chips)
Seat 3: bb368a36 ($5.3 in chips)
Seat 4: 6e1470fc ($5.08 in chips)
Seat 6: Hero ($8.89 in chips)
bb368a36: posts small blind $0.02
6e1470fc: posts big blind $0.05
*** HOLE CARDS ***
Dealt to 366b50e1 
Dealt to 38aed53 
Dealt to bb368a36 
Dealt to 6e1470fc 
Dealt to Hero [Jd 9c]
Hero: folds
366b50e1: raises $0.07 to $0.12
38aed53: calls $0.12
bb368a36: folds
6e1470fc: calls $0.07
*** FLOP *** [4h Qh Kd]
6e1470fc: checks
366b50e1: bets $0.2
38aed53: calls $0.2
6e1470fc: calls $0.2
*** TURN *** [4h Qh Kd] [Qd]
6e1470fc: checks
366b50e1: checks
38aed53: checks
*** RIVER *** [4h Qh Kd Qd] [2h]
6e1470fc: checks
366b50e1: bets $0.4
38aed53: folds
6e1470fc: folds
Uncalled bet ($0.4) returned to 366b50e1
*** SHOWDOWN ***
366b50e1 collected $0.94 from pot
*** SUMMARY ***
Total pot $0.98 | Rake $0.04 | Jackpot $0 | Bingo $0 | Fortune $0 | Tax $0
Board [4h Qh Kd Qd 2h]
Seat 1: 366b50e1 won ($0.94)
Seat 2: 38aed53 (button) folded on the River
Seat 3: bb368a36 (small blind) folded before Flop
Seat 4: 6e1470fc (big blind) folded on the River
Seat 6: Hero folded before Flop (didn't bet)


Poker Hand #HD1721370605: Hold'em No Limit ($0.02/$0.05) - 2024/04/08 17:58:55
Table 'NLHBlue57' 6-max Seat #1 is the button
Seat 1: 366b50e1 ($4.28 in chips)
Seat 2: 38aed53 ($3.39 in chips)
Seat 3: bb368a36 ($5.43 in chips)
Seat 4: 6e1470fc ($5.08 in chips)
Seat 6: Hero ($7.53 in chips)
38aed53: posts small blind $0.02
bb368a36: posts big blind $0.05
*** HOLE CARDS ***
Dealt to 366b50e1 
Dealt to 38aed53 
Dealt to bb368a36 
Dealt to 6e1470fc 
Dealt to Hero [8s Ad]
6e1470fc: folds
Hero: raises $0.08 to $0.13
366b50e1: calls $0.13
38aed53: calls $0.11
bb368a36: calls $0.08
*** FLOP *** [Qd Qh 3d]
38aed53: checks
bb368a36: checks
Hero: checks
366b50e1: checks
*** TURN *** [Qd Qh 3d] [Jd]
38aed53: checks
bb368a36: checks
Hero: bets $0.25
366b50e1: folds
38aed53: calls $0.25
bb368a36: folds
*** RIVER *** [Qd Qh 3d Jd] [9d]
38aed53: bets $0.34
Hero: raises $0.56 to $0.9
38aed53: calls $0.56
Hero: shows [8s Ad] (Ace High Flush)
38aed53: shows [Jh Td] (Queen High Flush)
*** SHOWDOWN ***
Hero collected $2.64 from pot
*** SUMMARY ***
Total pot $2.82 | Rake $0.13 | Jackpot $0.05 | Bingo $0 | Fortune $0 | Tax $0
Board [Qd Qh 3d Jd 9d]
Seat 1: 366b50e1 (button) folded on the Turn
Seat 2: 38aed53 (small blind) showed [Jh Td] and lost with Queen High Flush
Seat 3: bb368a36 (big blind) folded on the Turn
Seat 4: 6e1470fc folded before Flop (didn't bet)
Seat 6: Hero showed [8s Ad] and won ($2.64) with Ace High Flush


Poker Hand #HD1721370478: Hold'em No Limit ($0.02/$0.05) - 2024/04/08 17:58:06
Table 'NLHBlue57' 6-max Seat #6 is the button
Seat 1: 366b50e1 ($4.3 in chips)
Seat 2: 38aed53 ($3.56 in chips)
Seat 3: bb368a36 ($5.61 in chips)
Seat 4: 6e1470fc ($5.08 in chips)
Seat 6: Hero ($7.53 in chips)
366b50e1: posts small blind $0.02
38aed53: posts big blind $0.05
*** HOLE CARDS ***
Dealt to 366b50e1 
Dealt to 38aed53 
Dealt to bb368a36 
Dealt to 6e1470fc 
Dealt to Hero [Qs 3h]
bb368a36: raises $0.07 to $0.12
6e1470fc: folds
Hero: folds
366b50e1: folds
38aed53: calls $0.07
*** FLOP *** [4d 8s 7c]
38aed53: checks
bb368a36: bets $0.09
38aed53: calls $0.09
*** TURN *** [4d 8s 7c] [Th]
38aed53: checks
bb368a36: bets $0.22
38aed53: calls $0.22
*** RIVER *** [4d 8s 7c Th] [6s]
38aed53: bets $0.66
bb368a36: raises $2.2 to $2.86
38aed53: calls $2.2
bb368a36: shows [6c 5c] (Eights-High Straight)
38aed53: shows [Ad 5d] (Eights-High Straight)
*** SHOWDOWN ***
38aed53 collected $3.12 from pot
bb368a36 collected $3.11 from pot
*** SUMMARY ***
Total pot $6.6 | Rake $0.32 | Jackpot $0.05 | Bingo $0 | Fortune $0 | Tax $0
Board [4d 8s 7c Th 6s]
Seat 1: 366b50e1 (small blind) folded before Flop
Seat 2: 38aed53 (big blind) showed [Ad 5d] and won ($3.12) with Eights-High Straight
Seat 3: bb368a36 showed [6c 5c] and won ($3.11) with Eights-High Straight
Seat 4: 6e1470fc folded before Flop (didn't bet)
Seat 6: Hero (button) folded before Flop (didn't bet)


Poker Hand #HD1721370399: Hold'em No Limit ($0.02/$0.05) - 2024/04/08 17:57:32
Table 'NLHBlue57' 6-max Seat #4 is the button
Seat 1: 366b50e1 ($4.35 in chips)
Seat 2: 38aed53 ($3.49 in chips)
Seat 3: bb368a36 ($5.61 in chips)
Seat 4: 6e1470fc ($5.08 in chips)
Seat 6: Hero ($7.55 in chips)
Hero: posts small blind $0.02
366b50e1: posts big blind $0.05
*** HOLE CARDS ***
Dealt to 366b50e1 
Dealt to 38aed53 
Dealt to bb368a36 
Dealt to 6e1470fc 
Dealt to Hero [Qd 5s]
38aed53: calls $0.05
bb368a36: folds
6e1470fc: folds
Hero: folds
366b50e1: checks
*** FLOP *** [9s Ad 8c]
366b50e1: checks
38aed53: bets $0.09
366b50e1: folds
Uncalled bet ($0.09) returned to 38aed53
*** SHOWDOWN ***
38aed53 collected $0.12 from pot
*** SUMMARY ***
Total pot $0.12 | Rake $0 | Jackpot $0 | Bingo $0 | Fortune $0 | Tax $0
Board [9s Ad 8c]
Seat 1: 366b50e1 (big blind) folded on the Flop
Seat 2: 38aed53 won ($0.12)
Seat 3: bb368a36 folded before Flop (didn't bet)
Seat 4: 6e1470fc (button) folded before Flop (didn't bet)
Seat 6: Hero (small blind) folded before Flop


Poker Hand #HD1721370332: Hold'em No Limit ($0.02/$0.05) - 2024/04/08 17:57:06
Table 'NLHBlue57' 6-max Seat #3 is the button
Seat 1: 366b50e1 ($4.35 in chips)
Seat 2: 38aed53 ($3.49 in chips)
Seat 3: bb368a36 ($5.48 in chips)
Seat 4: 6e1470fc ($5.1 in chips)
Seat 6: Hero ($7.67 in chips)
6e1470fc: posts small blind $0.02
Hero: posts big blind $0.05
*** HOLE CARDS ***
Dealt to 366b50e1 
Dealt to 38aed53 
Dealt to bb368a36 
Dealt to 6e1470fc 
Dealt to Hero [9s Js]
366b50e1: folds
38aed53: folds
bb368a36: raises $0.07 to $0.12
6e1470fc: folds
Hero: calls $0.07
*** FLOP *** [Ad 8h Ks]
Hero: checks
bb368a36: bets $0.09
Hero: folds
Uncalled bet ($0.09) returned to bb368a36
*** SHOWDOWN ***
bb368a36 collected $0.25 from pot
*** SUMMARY ***
Total pot $0.26 | Rake $0.01 | Jackpot $0 | Bingo $0 | Fortune $0 | Tax $0
Board [Ad 8h Ks]
Seat 1: 366b50e1 folded before Flop (didn't bet)
Seat 2: 38aed53 folded before Flop (didn't bet)
Seat 3: bb368a36 (button) won ($0.25)
Seat 4: 6e1470fc (small blind) folded before Flop
Seat 6: Hero (big blind) folded on the Flop


Poker Hand #HD1721370246: Hold'em No Limit ($0.02/$0.05) - 2024/04/08 17:56:33
Table 'NLHBlue57' 6-max Seat #2 is the button
Seat 1: 366b50e1 ($4.35 in chips)
Seat 2: 38aed53 ($3.42 in chips)
Seat 3: bb368a36 ($5.5 in chips)
Seat 4: 6e1470fc ($5.15 in chips)
Seat 6: Hero ($7.67 in chips)
bb368a36: posts small blind $0.02
6e1470fc: posts big blind $0.05
*** HOLE CARDS ***
Dealt to 366b50e1 
Dealt to 38aed53 
Dealt to bb368a36 
Dealt to 6e1470fc 
Dealt to Hero [Qh 7h]
Hero: folds
366b50e1: folds
38aed53: calls $0.05
bb368a36: folds
6e1470fc: checks
*** FLOP *** [8c Jh 3c]
6e1470fc: checks
38aed53: checks
*** TURN *** [8c Jh 3c] [4c]
6e1470fc: checks
38aed53: bets $0.12
6e1470fc: folds
Uncalled bet ($0.12) returned to 38aed53
*** SHOWDOWN ***
38aed53 collected $0.12 from pot
*** SUMMARY ***
Total pot $0.12 | Rake $0 | Jackpot $0 | Bingo $0 | Fortune $0 | Tax $0
Board [8c Jh 3c 4c]
Seat 1: 366b50e1 folded before Flop (didn't bet)
Seat 2: 38aed53 (button) won ($0.12)
Seat 3: bb368a36 (small blind) folded before Flop
Seat 4: 6e1470fc (big blind) folded on the Turn
Seat 6: Hero folded before Flop (didn't bet)


Poker Hand #HD1721369995: Hold'em No Limit ($0.02/$0.05) - 2024/04/08 17:54:52
Table 'NLHBlue57' 6-max Seat #1 is the button
Seat 1: 366b50e1 ($4.62 in chips)
Seat 2: 38aed53 ($3.69 in chips)
Seat 3: bb368a36 ($5 in chips)
Seat 4: 6e1470fc ($5.15 in chips)
Seat 5: 15ca6281 ($5 in chips)
Seat 6: Hero ($7.67 in chips)
38aed53: posts small blind $0.02
bb368a36: posts big blind $0.05
*** HOLE CARDS ***
Dealt to 366b50e1 
Dealt to 38aed53 
Dealt to bb368a36 
Dealt to 6e1470fc 
Dealt to 15ca6281 
Dealt to Hero [Jh 5d]
6e1470fc: folds
15ca6281: folds
Hero: folds
366b50e1: raises $0.08 to $0.13
38aed53: calls $0.11
bb368a36: calls $0.08
*** FLOP *** [9s 3d 4c]
38aed53: checks
bb368a36: checks
366b50e1: bets $0.14
38aed53: calls $0.14
bb368a36: calls $0.14
*** TURN *** [9s 3d 4c] [6s]
38aed53: checks
bb368a36: checks
366b50e1: checks
*** RIVER *** [9s 3d 4c 6s] [5s]
38aed53: checks
bb368a36: checks
366b50e1: checks
38aed53: shows [Tc Qd] (Queen-High)
bb368a36: shows [As Td] (Ace-High)
366b50e1: shows [Th Qc] (Queen-High)
*** SHOWDOWN ***
bb368a36 collected $0.77 from pot
*** SUMMARY ***
Total pot $0.81 | Rake $0.04 | Jackpot $0 | Bingo $0 | Fortune $0 | Tax $0
Board [9s 3d 4c 6s 5s]
Seat 1: 366b50e1 (button) showed [Th Qc] and lost with Queen-High
Seat 2: 38aed53 (small blind) showed [Tc Qd] and lost with Queen-High
Seat 3: bb368a36 (big blind) showed [As Td] and won ($0.77) with Ace-High
Seat 4: 6e1470fc folded before Flop (didn't bet)
Seat 5: 15ca6281 folded before Flop (didn't bet)
Seat 6: Hero folded before Flop (didn't bet)


Poker Hand #HD1721369968: Hold'em No Limit ($0.02/$0.05) - 2024/04/08 17:54:40
Table 'NLHBlue57' 6-max Seat #6 is the button
Seat 1: 366b50e1 ($4.64 in chips)
Seat 2: 38aed53 ($3.67 in chips)
Seat 3: bb368a36 ($5 in chips)
Seat 4: 6e1470fc ($5.15 in chips)
Seat 5: 15ca6281 ($5 in chips)
Seat 6: Hero ($7.67 in chips)
366b50e1: posts small blind $0.02
38aed53: posts big blind $0.05
*** HOLE CARDS ***
Dealt to 366b50e1 
Dealt to 38aed53 
Dealt to bb368a36 
Dealt to 6e1470fc 
Dealt to 15ca6281 
Dealt to Hero [8c 2d]
bb368a36: folds
6e1470fc: folds
15ca6281: folds
Hero: folds
366b50e1: folds
Uncalled bet ($0.03) returned to 38aed53
*** SHOWDOWN ***
38aed53 collected $0.04 from pot
*** SUMMARY ***
Total pot $0.04 | Rake $0 | Jackpot $0 | Bingo $0 | Fortune $0 | Tax $0
Seat 1: 366b50e1 (small blind) folded before Flop
Seat 2: 38aed53 (big blind) collected ($0.04)
Seat 3: bb368a36 folded before Flop (didn't bet)
Seat 4: 6e1470fc folded before Flop (didn't bet)
Seat 5: 15ca6281 folded before Flop (didn't bet)
Seat 6: Hero (button) folded before Flop (didn't bet)


Poker Hand #HD1721369832: Hold'em No Limit ($0.02/$0.05) - 2024/04/08 17:53:48
Table 'NLHBlue57' 6-max Seat #5 is the button
Seat 1: 366b50e1 ($5.08 in chips)
Seat 2: 38aed53 ($3.25 in chips)
Seat 3: bb368a36 ($5 in chips)
Seat 4: 6e1470fc ($5.15 in chips)
Seat 5: 15ca6281 ($5 in chips)
Seat 6: Hero ($7.69 in chips)
Hero: posts small blind $0.02
366b50e1: posts big blind $0.05
*** HOLE CARDS ***
Dealt to 366b50e1 
Dealt to 38aed53 
Dealt to bb368a36 
Dealt to 6e1470fc 
Dealt to 15ca6281 
Dealt to Hero [Kh 3d]
38aed53: calls $0.05
bb368a36: folds
6e1470fc: folds
15ca6281: folds
Hero: folds
366b50e1: checks
*** FLOP *** [Kd 6h 8s]
366b50e1: checks
38aed53: checks
*** TURN *** [Kd 6h 8s] [4h]
366b50e1: bets $0.09
38aed53: calls $0.09
*** RIVER *** [Kd 6h 8s 4h] [4d]
366b50e1: bets $0.3
38aed53: raises $0.45 to $0.75
366b50e1: folds
Uncalled bet ($0.45) returned to 38aed53
*** SHOWDOWN ***
38aed53 collected $0.86 from pot
*** SUMMARY ***
Total pot $0.9 | Rake $0.04 | Jackpot $0 | Bingo $0 | Fortune $0 | Tax $0
Board [Kd 6h 8s 4h 4d]
Seat 1: 366b50e1 (big blind) folded on the River
Seat 2: 38aed53 won ($0.86)
Seat 3: bb368a36 folded before Flop (didn't bet)
Seat 4: 6e1470fc folded before Flop (didn't bet)
Seat 5: 15ca6281 (button) folded before Flop (didn't bet)
Seat 6: Hero (small blind) folded before Flop


Poker Hand #HD1721369727: Hold'em No Limit ($0.02/$0.05) - 2024/04/08 17:53:13
Table 'NLHBlue57' 6-max Seat #4 is the button
Seat 1: 366b50e1 ($5.08 in chips)
Seat 2: 38aed53 ($3.18 in chips)
Seat 3: bb368a36 ($3.3 in chips)
Seat 4: 6e1470fc ($5.15 in chips)
Seat 5: 15ca6281 ($5 in chips)
Seat 6: Hero ($7.74 in chips)
15ca6281: posts small blind $0.02
Hero: posts big blind $0.05
*** HOLE CARDS ***
Dealt to 366b50e1 
Dealt to 38aed53 
Dealt to bb368a36 
Dealt to 6e1470fc 
Dealt to 15ca6281 
Dealt to Hero [Ac 3d]
366b50e1: folds
38aed53: calls $0.05
bb368a36: folds
6e1470fc: folds
15ca6281: folds
Hero: checks
*** FLOP *** [3c 5d 8h]
Hero: checks
38aed53: checks
*** TURN *** [3c 5d 8h] [4c]
Hero: checks
38aed53: bets $0.12
Hero: folds
Uncalled bet ($0.12) returned to 38aed53
*** SHOWDOWN ***
38aed53 collected $0.12 from pot
*** SUMMARY ***
Total pot $0.12 | Rake $0 | Jackpot $0 | Bingo $0 | Fortune $0 | Tax $0
Board [3c 5d 8h 4c]
Seat 1: 366b50e1 folded before Flop (didn't bet)
Seat 2: 38aed53 won ($0.12)
Seat 3: bb368a36 folded before Flop (didn't bet)
Seat 4: 6e1470fc (button) folded before Flop (didn't bet)
Seat 5: 15ca6281 (small blind) folded before Flop
Seat 6: Hero (big blind) folded on the Turn


Poker Hand #HD1721369622: Hold'em No Limit ($0.02/$0.05) - 2024/04/08 17:52:34
Table 'NLHBlue57' 6-max Seat #3 is the button
Seat 1: 366b50e1 ($5.08 in chips)
Seat 2: 38aed53 ($2.71 in chips)
Seat 3: bb368a36 ($3.74 in chips)
Seat 4: 6e1470fc ($5.17 in chips)
Seat 5: 15ca6281 ($5 in chips)
Seat 6: Hero ($7.74 in chips)
6e1470fc: posts small blind $0.02
15ca6281: posts big blind $0.05
*** HOLE CARDS ***
Dealt to 366b50e1 
Dealt to 38aed53 
Dealt to bb368a36 
Dealt to 6e1470fc 
Dealt to 15ca6281 
Dealt to Hero [8d As]
Hero: folds
366b50e1: folds
38aed53: calls $0.05
bb368a36: raises $0.15 to $0.2
6e1470fc: folds
15ca6281: folds
38aed53: calls $0.15
*** FLOP *** [2s 9s Jd]
38aed53: checks
bb368a36: bets $0.24
38aed53: calls $0.24
*** TURN *** [2s 9s Jd] [Ad]
38aed53: checks
bb368a36: checks
*** RIVER *** [2s 9s Jd Ad] [8c]
38aed53: checks
bb368a36: checks
38aed53: shows [Jc 5c] (Pair of Jacks)
bb368a36: shows [Qs Ks] (Ace-High)
*** SHOWDOWN ***
38aed53 collected $0.91 from pot
*** SUMMARY ***
Total pot $0.95 | Rake $0.04 | Jackpot $0 | Bingo $0 | Fortune $0 | Tax $0
Board [2s 9s Jd Ad 8c]
Seat 1: 366b50e1 folded before Flop (didn't bet)
Seat 2: 38aed53 showed [Jc 5c] and won ($0.91) with Pair of Jacks
Seat 3: bb368a36 (button) showed [Qs Ks] and lost with Ace-High
Seat 4: 6e1470fc (small blind) folded before Flop
Seat 5: 15ca6281 (big blind) folded before Flop
Seat 6: Hero folded before Flop (didn't bet)


Poker Hand #HD1721369405: Hold'em No Limit ($0.02/$0.05) - 2024/04/08 17:51:14
Table 'NLHBlue57' 6-max Seat #2 is the button
Seat 1: 366b50e1 ($5.41 in chips)
Seat 2: 38aed53 ($2.25 in chips)
Seat 3: bb368a36 ($3.86 in chips)
Seat 4: 6e1470fc ($5.22 in chips)
Seat 6: Hero ($7.74 in chips)
bb368a36: posts small blind $0.02
6e1470fc: posts big blind $0.05
*** HOLE CARDS ***
Dealt to 366b50e1 
Dealt to 38aed53 
Dealt to bb368a36 
Dealt to 6e1470fc 
Dealt to Hero [Tc Jh]
Hero: folds
366b50e1: raises $0.07 to $0.12
38aed53: calls $0.12
bb368a36: calls $0.1
6e1470fc: folds
*** FLOP *** [4d Ah 9h]
bb368a36: checks
366b50e1: checks
38aed53: checks
*** TURN *** [4d Ah 9h] [Ks]
bb368a36: checks
366b50e1: checks
38aed53: checks
*** RIVER *** [4d Ah 9h Ks] [Qd]
bb368a36: checks
366b50e1: checks
38aed53: bets $0.21
bb368a36: folds
366b50e1: calls $0.21
38aed53: shows [9d Qs] (Pair of Queens and Pair of Nines)
366b50e1: shows [Kc 5c] (Pair of Kings)
*** SHOWDOWN ***
38aed53 collected $0.79 from pot
*** SUMMARY ***
Total pot $0.83 | Rake $0.04 | Jackpot $0 | Bingo $0 | Fortune $0 | Tax $0
Board [4d Ah 9h Ks Qd]
Seat 1: 366b50e1 showed [Kc 5c] and lost with Pair of Kings
Seat 2: 38aed53 (button) showed [9d Qs] and won ($0.79) with Pair of Queens and Pair of Nines
Seat 3: bb368a36 (small blind) folded on the River
Seat 4: 6e1470fc (big blind) folded before Flop
Seat 6: Hero folded before Flop (didn't bet)


Poker Hand #HD1721369232: Hold'em No Limit ($0.02/$0.05) - 2024/04/08 17:50:14
Table 'NLHBlue57' 6-max Seat #1 is the button
Seat 1: 366b50e1 ($5.54 in chips)
Seat 2: 38aed53 ($1.14 in chips)
Seat 3: bb368a36 ($5 in chips)
Seat 4: 6e1470fc ($5.22 in chips)
Seat 6: Hero ($7.74 in chips)
38aed53: posts small blind $0.02
bb368a36: posts big blind $0.05
*** HOLE CARDS ***
Dealt to 366b50e1 
Dealt to 38aed53 
Dealt to bb368a36 
Dealt to 6e1470fc 
Dealt to Hero [3d 7c]
6e1470fc: folds
Hero: folds
366b50e1: raises $0.08 to $0.13
38aed53: calls $0.11
bb368a36: raises $0.39 to $0.52
366b50e1: folds
38aed53: calls $0.39
*** FLOP *** [2c 8h 6c]
38aed53: checks
bb368a36: bets $0.88
38aed53: calls $0.62 and is all-in
Uncalled bet ($0.26) returned to bb368a36
bb368a36: shows [As Jh] (Ace-High)
38aed53: shows [Ts Jd] (Jack-High)
*** TURN *** [2c 8h 6c] [Qd]
*** RIVER *** [2c 8h 6c Qd] [9s]
*** SHOWDOWN ***
38aed53 collected $2.25 from pot
*** SUMMARY ***
Total pot $2.41 | Rake $0.11 | Jackpot $0.05 | Bingo $0 | Fortune $0 | Tax $0
Board [2c 8h 6c Qd 9s]
Seat 1: 366b50e1 (button) folded before Flop
Seat 2: 38aed53 (small blind) showed [Ts Jd] and won ($2.25) with Queens-High Straight
Seat 3: bb368a36 (big blind) showed [As Jh] and lost with Ace-High
Seat 4: 6e1470fc folded before Flop (didn't bet)
Seat 6: Hero folded before Flop (didn't bet)


Poker Hand #HD1721369169: Hold'em No Limit ($0.02/$0.05) - 2024/04/08 17:49:46
Table 'NLHBlue57' 6-max Seat #6 is the button
Seat 1: 366b50e1 ($5.56 in chips)
Seat 2: 38aed53 ($1 in chips)
Seat 4: 6e1470fc ($5.22 in chips)
Seat 6: Hero ($7.87 in chips)
366b50e1: posts small blind $0.02
38aed53: posts big blind $0.05
*** HOLE CARDS ***
Dealt to 366b50e1 
Dealt to 38aed53 
Dealt to 6e1470fc 
Dealt to Hero [6s 7s]
6e1470fc: folds
Hero: raises $0.08 to $0.13
366b50e1: folds
38aed53: calls $0.08
*** FLOP *** [8s 6h Qc]
38aed53: checks
Hero: checks
*** TURN *** [8s 6h Qc] [2h]
38aed53: checks
Hero: checks
*** RIVER *** [8s 6h Qc 2h] [Ac]
38aed53: checks
Hero: checks
38aed53: shows [8h 7h] (Pair of Eights)
Hero: shows [6s 7s] (Pair of Sixes)
*** SHOWDOWN ***
38aed53 collected $0.27 from pot
*** SUMMARY ***
Total pot $0.28 | Rake $0.01 | Jackpot $0 | Bingo $0 | Fortune $0 | Tax $0
Board [8s 6h Qc 2h Ac]
Seat 1: 366b50e1 (small blind) folded before Flop
Seat 2: 38aed53 (big blind) showed [8h 7h] and won ($0.27) with Pair of Eights
Seat 4: 6e1470fc folded before Flop (didn't bet)
Seat 6: Hero (button) showed [6s 7s] and lost with Pair of Sixes


Poker Hand #HD1721369150: Hold'em No Limit ($0.02/$0.05) - 2024/04/08 17:49:41
Table 'NLHBlue57' 6-max Seat #4 is the button
Seat 1: 366b50e1 ($5.54 in chips)
Seat 4: 6e1470fc ($5.22 in chips)
Seat 6: Hero ($7.89 in chips)
Hero: posts small blind $0.02
366b50e1: posts big blind $0.05
*** HOLE CARDS ***
Dealt to 366b50e1 
Dealt to 6e1470fc 
Dealt to Hero [Jc 8s]
6e1470fc: folds
Hero: folds
Uncalled bet ($0.03) returned to 366b50e1
*** SHOWDOWN ***
366b50e1 collected $0.04 from pot
*** SUMMARY ***
Total pot $0.04 | Rake $0 | Jackpot $0 | Bingo $0 | Fortune $0 | Tax $0
Seat 1: 366b50e1 (big blind) collected ($0.04)
Seat 4: 6e1470fc (button) folded before Flop (didn't bet)
Seat 6: Hero (small blind) folded before Flop


Poker Hand #HD1721369054: Hold'em No Limit ($0.02/$0.05) - 2024/04/08 17:49:03
Table 'NLHBlue57' 6-max Seat #1 is the button
Seat 1: 366b50e1 ($5.76 in chips)
Seat 4: 6e1470fc ($5.24 in chips)
Seat 6: Hero ($7.67 in chips)
6e1470fc: posts small blind $0.02
Hero: posts big blind $0.05
*** HOLE CARDS ***
Dealt to 366b50e1 
Dealt to 6e1470fc 
Dealt to Hero [Qs 7s]
366b50e1: raises $0.07 to $0.12
6e1470fc: folds
Hero: calls $0.07
*** FLOP *** [5h 3s 7h]
Hero: checks
366b50e1: checks
*** TURN *** [5h 3s 7h] [5s]
Hero: bets $0.1
366b50e1: calls $0.1
*** RIVER *** [5h 3s 7h 5s] [8d]
Hero: checks
366b50e1: checks
Hero: shows [Qs 7s] (Pair of Sevens and Pair of Fives)
366b50e1: shows [As Ks] (Pair of Fives)
*** SHOWDOWN ***
Hero collected $0.44 from pot
*** SUMMARY ***
Total pot $0.46 | Rake $0.02 | Jackpot $0 | Bingo $0 | Fortune $0 | Tax $0
Board [5h 3s 7h 5s 8d]
Seat 1: 366b50e1 (button) showed [As Ks] and lost with Pair of Fives
Seat 4: 6e1470fc (small blind) folded before Flop
Seat 6: Hero (big blind) showed [Qs 7s] and won ($0.44) with Pair of Sevens and Pair of Fives


Poker Hand #HD1721368919: Hold'em No Limit ($0.02/$0.05) - 2024/04/08 17:48:12
Table 'NLHBlue57' 6-max Seat #6 is the button
Seat 1: 366b50e1 ($5.78 in chips)
Seat 2: f804c343 ($1.32 in chips)
Seat 4: 6e1470fc ($5.24 in chips)
Seat 6: Hero ($6.51 in chips)
366b50e1: posts small blind $0.02
f804c343: posts big blind $0.05
*** HOLE CARDS ***
Dealt to 366b50e1 
Dealt to f804c343 
Dealt to 6e1470fc 
Dealt to Hero [3c Ac]
6e1470fc: folds
Hero: raises $0.08 to $0.13
366b50e1: folds
f804c343: calls $0.08
*** FLOP *** [Jd Kc 6c]
f804c343: bets $0.05
Hero: raises $0.15 to $0.2
f804c343: calls $0.15
*** TURN *** [Jd Kc 6c] [9c]
f804c343: bets $0.34
Hero: calls $0.34
*** RIVER *** [Jd Kc 6c 9c] [8h]
f804c343: bets $0.65 and is all-in
Hero: calls $0.65
f804c343: shows [Ks 9h] (Pair of Kings and Pair of Nines)
Hero: shows [3c Ac] (Ace High Flush)
*** SHOWDOWN ***
Hero collected $2.48 from pot
*** SUMMARY ***
Total pot $2.66 | Rake $0.13 | Jackpot $0.05 | Bingo $0 | Fortune $0 | Tax $0
Board [Jd Kc 6c 9c 8h]
Seat 1: 366b50e1 (small blind) folded before Flop
Seat 2: f804c343 (big blind) showed [Ks 9h] and lost with Pair of Kings and Pair of Nines
Seat 4: 6e1470fc folded before Flop (didn't bet)
Seat 6: Hero (button) showed [3c Ac] and won ($2.48) with Ace High Flush


Poker Hand #HD1721368876: Hold'em No Limit ($0.02/$0.05) - 2024/04/08 17:47:53
Table 'NLHBlue57' 6-max Seat #4 is the button
Seat 1: 366b50e1 ($5.83 in chips)
Seat 2: f804c343 ($1.37 in chips)
Seat 4: 6e1470fc ($5.24 in chips)
Seat 6: Hero ($6.41 in chips)
Hero: posts small blind $0.02
366b50e1: posts big blind $0.05
*** HOLE CARDS ***
Dealt to 366b50e1 
Dealt to f804c343 
Dealt to 6e1470fc 
Dealt to Hero [Ac As]
f804c343: calls $0.05
6e1470fc: folds
Hero: raises $0.15 to $0.2
366b50e1: folds
f804c343: folds
Uncalled bet ($0.15) returned to Hero
*** SHOWDOWN ***
Hero collected $0.15 from pot
*** SUMMARY ***
Total pot $0.15 | Rake $0 | Jackpot $0 | Bingo $0 | Fortune $0 | Tax $0
Seat 1: 366b50e1 (big blind) folded before Flop
Seat 2: f804c343 folded before Flop
Seat 4: 6e1470fc (button) folded before Flop (didn't bet)
Seat 6: Hero (small blind) collected ($0.15)


Poker Hand #HD1721368713: Hold'em No Limit ($0.02/$0.05) - 2024/04/08 17:46:51
Table 'NLHBlue57' 6-max Seat #2 is the button
Seat 1: 366b50e1 ($5.4 in chips)
Seat 2: f804c343 ($1.59 in chips)
Seat 4: 6e1470fc ($5.26 in chips)
Seat 6: Hero ($6.63 in chips)
6e1470fc: posts small blind $0.02
Hero: posts big blind $0.05
*** HOLE CARDS ***
Dealt to 366b50e1 
Dealt to f804c343 
Dealt to 6e1470fc 
Dealt to Hero [8c 8d]
366b50e1: raises $0.07 to $0.12
f804c343: calls $0.12
6e1470fc: folds
Hero: calls $0.07
*** FLOP *** [6h 7c 3s]
Hero: checks
366b50e1: checks
f804c343: bets $0.05
Hero: calls $0.05
366b50e1: calls $0.05
*** TURN *** [6h 7c 3s] [7h]
Hero: checks
366b50e1: checks
f804c343: bets $0.05
Hero: calls $0.05
366b50e1: calls $0.05
*** RIVER *** [6h 7c 3s 7h] [Th]
Hero: checks
366b50e1: checks
f804c343: checks
Hero: shows [8c 8d] (Pair of Eights and Pair of Sevens)
366b50e1: shows [Jh Qh] (Queen High Flush)
f804c343: shows [2d 2h] (Pair of Sevens and Pair of Twos)
*** SHOWDOWN ***
366b50e1 collected $0.65 from pot
*** SUMMARY ***
Total pot $0.68 | Rake $0.03 | Jackpot $0 | Bingo $0 | Fortune $0 | Tax $0
Board [6h 7c 3s 7h Th]
Seat 1: 366b50e1 showed [Jh Qh] and won ($0.65) with Queen High Flush
Seat 2: f804c343 (button) showed [2d 2h] and lost with Pair of Sevens and Pair of Twos
Seat 4: 6e1470fc (small blind) folded before Flop
Seat 6: Hero (big blind) showed [8c 8d] and lost with Pair of Eights and Pair of Sevens


Poker Hand #HD1721368596: Hold'em No Limit ($0.02/$0.05) - 2024/04/08 17:46:07
Table 'NLHBlue57' 6-max Seat #1 is the button
Seat 1: 366b50e1 ($5.8 in chips)
Seat 2: f804c343 ($1.61 in chips)
Seat 4: 6e1470fc ($5.31 in chips)
Seat 6: Hero ($6.2 in chips)
f804c343: posts small blind $0.02
6e1470fc: posts big blind $0.05
*** HOLE CARDS ***
Dealt to 366b50e1 
Dealt to f804c343 
Dealt to 6e1470fc 
Dealt to Hero [9d 9h]
Hero: raises $0.08 to $0.13
366b50e1: raises $0.27 to $0.4
f804c343: folds
6e1470fc: folds
Hero: calls $0.27
*** FLOP *** [5d 4s 7h]
Hero: checks
366b50e1: checks
*** TURN *** [5d 4s 7h] [Ts]
Hero: checks
366b50e1: checks
*** RIVER *** [5d 4s 7h Ts] [8h]
Hero: checks
366b50e1: checks
Hero: shows [9d 9h] (Pair of Nines)
366b50e1: shows [Ac Qd] (Ace-High)
*** SHOWDOWN ***
Hero collected $0.83 from pot
*** SUMMARY ***
Total pot $0.87 | Rake $0.04 | Jackpot $0 | Bingo $0 | Fortune $0 | Tax $0
Board [5d 4s 7h Ts 8h]
Seat 1: 366b50e1 (button) showed [Ac Qd] and lost with Ace-High
Seat 2: f804c343 (small blind) folded before Flop
Seat 4: 6e1470fc (big blind) folded before Flop
Seat 6: Hero showed [9d 9h] and won ($0.83) with Pair of Nines


Poker Hand #HD1721368534: Hold'em No Limit ($0.02/$0.05) - 2024/04/08 17:45:41
Table 'NLHBlue57' 6-max Seat #6 is the button
Seat 1: 366b50e1 ($5.82 in chips)
Seat 2: f804c343 ($1.66 in chips)
Seat 3: bb368a36 ($4.47 in chips)
Seat 4: 6e1470fc ($5.24 in chips)
Seat 6: Hero ($6.2 in chips)
366b50e1: posts small blind $0.02
f804c343: posts big blind $0.05
*** HOLE CARDS ***
Dealt to 366b50e1 
Dealt to f804c343 
Dealt to bb368a36 
Dealt to 6e1470fc 
Dealt to Hero [5d 9h]
bb368a36: folds
6e1470fc: raises $0.08 to $0.13
Hero: folds
366b50e1: folds
f804c343: folds
Uncalled bet ($0.08) returned to 6e1470fc
*** SHOWDOWN ***
6e1470fc collected $0.12 from pot
*** SUMMARY ***
Total pot $0.12 | Rake $0 | Jackpot $0 | Bingo $0 | Fortune $0 | Tax $0
Seat 1: 366b50e1 (small blind) folded before Flop
Seat 2: f804c343 (big blind) folded before Flop
Seat 3: bb368a36 folded before Flop (didn't bet)
Seat 4: 6e1470fc collected ($0.12)
Seat 6: Hero (button) folded before Flop (didn't bet)


Poker Hand #HD1721368506: Hold'em No Limit ($0.02/$0.05) - 2024/04/08 17:45:28
Table 'NLHBlue57' 6-max Seat #4 is the button
Seat 1: 366b50e1 ($5.87 in chips)
Seat 2: f804c343 ($1.66 in chips)
Seat 3: bb368a36 ($4.4 in chips)
Seat 4: 6e1470fc ($5.24 in chips)
Seat 6: Hero ($6.22 in chips)
Hero: posts small blind $0.02
366b50e1: posts big blind $0.05
*** HOLE CARDS ***
Dealt to 366b50e1 
Dealt to f804c343 
Dealt to bb368a36 
Dealt to 6e1470fc 
Dealt to Hero [7s 8c]
f804c343: folds
bb368a36: raises $0.07 to $0.12
6e1470fc: folds
Hero: folds
366b50e1: folds
Uncalled bet ($0.07) returned to bb368a36
*** SHOWDOWN ***
bb368a36 collected $0.12 from pot
*** SUMMARY ***
Total pot $0.12 | Rake $0 | Jackpot $0 | Bingo $0 | Fortune $0 | Tax $0
Seat 1: 366b50e1 (big blind) folded before Flop
Seat 2: f804c343 folded before Flop (didn't bet)
Seat 3: bb368a36 collected ($0.12)
Seat 4: 6e1470fc (button) folded before Flop (didn't bet)
Seat 6: Hero (small blind) folded before Flop


Poker Hand #HD1721368465: Hold'em No Limit ($0.02/$0.05) - 2024/04/08 17:45:13
Table 'NLHBlue57' 6-max Seat #3 is the button
Seat 1: 366b50e1 ($5.87 in chips)
Seat 2: f804c343 ($1.71 in chips)
Seat 3: bb368a36 ($4.28 in chips)
Seat 4: 6e1470fc ($5.26 in chips)
Seat 6: Hero ($6.27 in chips)
6e1470fc: posts small blind $0.02
Hero: posts big blind $0.05
*** HOLE CARDS ***
Dealt to 366b50e1 
Dealt to f804c343 
Dealt to bb368a36 
Dealt to 6e1470fc 
Dealt to Hero [As 4d]
366b50e1: folds
f804c343: calls $0.05
bb368a36: raises $0.15 to $0.2
6e1470fc: folds
Hero: folds
f804c343: folds
Uncalled bet ($0.15) returned to bb368a36
*** SHOWDOWN ***
bb368a36 collected $0.17 from pot
*** SUMMARY ***
Total pot $0.17 | Rake $0 | Jackpot $0 | Bingo $0 | Fortune $0 | Tax $0
Seat 1: 366b50e1 folded before Flop (didn't bet)
Seat 2: f804c343 folded before Flop
Seat 3: bb368a36 (button) collected ($0.17)
Seat 4: 6e1470fc (small blind) folded before Flop
Seat 6: Hero (big blind) folded before Flop


Poker Hand #HD1721368360: Hold'em No Limit ($0.02/$0.05) - 2024/04/08 17:44:35
Table 'NLHBlue57' 6-max Seat #2 is the button
Seat 1: 366b50e1 ($5.87 in chips)
Seat 2: f804c343 ($1.81 in chips)
Seat 3: bb368a36 ($4.38 in chips)
Seat 4: 6e1470fc ($5.07 in chips)
Seat 6: Hero ($6.27 in chips)
bb368a36: posts small blind $0.02
6e1470fc: posts big blind $0.05
*** HOLE CARDS ***
Dealt to 366b50e1 
Dealt to f804c343 
Dealt to bb368a36 
Dealt to 6e1470fc 
Dealt to Hero [6c Jc]
Hero: folds
366b50e1: folds
f804c343: calls $0.05
bb368a36: calls $0.03
6e1470fc: checks
*** FLOP *** [5c 4d 9s]
bb368a36: checks
6e1470fc: checks
f804c343: bets $0.05
bb368a36: calls $0.05
6e1470fc: raises $0.35 to $0.4
f804c343: folds
bb368a36: folds
Uncalled bet ($0.35) returned to 6e1470fc
*** SHOWDOWN ***
6e1470fc collected $0.29 from pot
*** SUMMARY ***
Total pot $0.3 | Rake $0.01 | Jackpot $0 | Bingo $0 | Fortune $0 | Tax $0
Board [5c 4d 9s]
Seat 1: 366b50e1 folded before Flop (didn't bet)
Seat 2: f804c343 (button) folded on the Flop
Seat 3: bb368a36 (small blind) folded on the Flop
Seat 4: 6e1470fc (big blind) won ($0.29)
Seat 6: Hero folded before Flop (didn't bet)


Poker Hand #HD1721368281: Hold'em No Limit ($0.02/$0.05) - 2024/04/08 17:44:05
Table 'NLHBlue57' 6-max Seat #1 is the button
Seat 1: 366b50e1 ($5.73 in chips)
Seat 2: f804c343 ($1.83 in chips)
Seat 3: bb368a36 ($4.51 in chips)
Seat 4: 6e1470fc ($5.07 in chips)
Seat 6: Hero ($6.27 in chips)
f804c343: posts small blind $0.02
bb368a36: posts big blind $0.05
*** HOLE CARDS ***
Dealt to 366b50e1 
Dealt to f804c343 
Dealt to bb368a36 
Dealt to 6e1470fc 
Dealt to Hero [4s 3c]
6e1470fc: folds
Hero: folds
366b50e1: raises $0.08 to $0.13
f804c343: folds
bb368a36: calls $0.08
*** FLOP *** [Ac Ad 4c]
bb368a36: checks
366b50e1: bets $0.1
bb368a36: folds
Uncalled bet ($0.1) returned to 366b50e1
*** SHOWDOWN ***
366b50e1 collected $0.27 from pot
*** SUMMARY ***
Total pot $0.28 | Rake $0.01 | Jackpot $0 | Bingo $0 | Fortune $0 | Tax $0
Board [Ac Ad 4c]
Seat 1: 366b50e1 (button) won ($0.27)
Seat 2: f804c343 (small blind) folded before Flop
Seat 3: bb368a36 (big blind) folded on the Flop
Seat 4: 6e1470fc folded before Flop (didn't bet)
Seat 6: Hero folded before Flop (didn't bet)


Poker Hand #HD1721368178: Hold'em No Limit ($0.02/$0.05) - 2024/04/08 17:43:22
Table 'NLHBlue57' 6-max Seat #6 is the button
Seat 1: 366b50e1 ($5.75 in chips)
Seat 2: f804c343 ($1.69 in chips)
Seat 4: 6e1470fc ($5.07 in chips)
Seat 5: 9618c294 ($5.28 in chips)
Seat 6: Hero ($6.4 in chips)
366b50e1: posts small blind $0.02
f804c343: posts big blind $0.05
*** HOLE CARDS ***
Dealt to 366b50e1 
Dealt to f804c343 
Dealt to 6e1470fc 
Dealt to 9618c294 
Dealt to Hero [7d 6d]
6e1470fc: folds
9618c294: folds
Hero: raises $0.08 to $0.13
366b50e1: folds
f804c343: calls $0.08
*** FLOP *** [3c Tc 5c]
f804c343: bets $0.05
Hero: folds
Uncalled bet ($0.05) returned to f804c343
*** SHOWDOWN ***
f804c343 collected $0.27 from pot
*** SUMMARY ***
Total pot $0.28 | Rake $0.01 | Jackpot $0 | Bingo $0 | Fortune $0 | Tax $0
Board [3c Tc 5c]
Seat 1: 366b50e1 (small blind) folded before Flop
Seat 2: f804c343 (big blind) won ($0.27)
Seat 4: 6e1470fc folded before Flop (didn't bet)
Seat 5: 9618c294 folded before Flop (didn't bet)
Seat 6: Hero (button) folded on the Flop


Poker Hand #HD1721368123: Hold'em No Limit ($0.02/$0.05) - 2024/04/08 17:43:00
Table 'NLHBlue57' 6-max Seat #5 is the button
Seat 1: 366b50e1 ($5.8 in chips)
Seat 2: f804c343 ($1.69 in chips)
Seat 4: 6e1470fc ($5.07 in chips)
Seat 5: 9618c294 ($5.28 in chips)
Seat 6: Hero ($6.35 in chips)
Hero: posts small blind $0.02
366b50e1: posts big blind $0.05
*** HOLE CARDS ***
Dealt to 366b50e1 
Dealt to f804c343 
Dealt to 6e1470fc 
Dealt to 9618c294 
Dealt to Hero [9c 7c]
f804c343: folds
6e1470fc: folds
9618c294: folds
Hero: raises $0.1 to $0.15
366b50e1: folds
Uncalled bet ($0.1) returned to Hero
*** SHOWDOWN ***
Hero collected $0.1 from pot
*** SUMMARY ***
Total pot $0.1 | Rake $0 | Jackpot $0 | Bingo $0 | Fortune $0 | Tax $0
Seat 1: 366b50e1 (big blind) folded before Flop
Seat 2: f804c343 folded before Flop (didn't bet)
Seat 4: 6e1470fc folded before Flop (didn't bet)
Seat 5: 9618c294 (button) folded before Flop (didn't bet)
Seat 6: Hero (small blind) collected ($0.1)


Poker Hand #HD1721368070: Hold'em No Limit ($0.02/$0.05) - 2024/04/08 17:42:36
Table 'NLHBlue57' 6-max Seat #4 is the button
Seat 1: 366b50e1 ($5.8 in chips)
Seat 2: f804c343 ($1.62 in chips)
Seat 4: 6e1470fc ($5.07 in chips)
Seat 5: 9618c294 ($5.3 in chips)
Seat 6: Hero ($6.4 in chips)
9618c294: posts small blind $0.02
Hero: posts big blind $0.05
*** HOLE CARDS ***
Dealt to 366b50e1 
Dealt to f804c343 
Dealt to 6e1470fc 
Dealt to 9618c294 
Dealt to Hero [4h 6s]
366b50e1: folds
f804c343: calls $0.05
6e1470fc: folds
9618c294: folds
Hero: checks
*** FLOP *** [8h Ac Th]
Hero: checks
f804c343: bets $0.05
Hero: folds
Uncalled bet ($0.05) returned to f804c343
*** SHOWDOWN ***
f804c343 collected $0.12 from pot
*** SUMMARY ***
Total pot $0.12 | Rake $0 | Jackpot $0 | Bingo $0 | Fortune $0 | Tax $0
Board [8h Ac Th]
Seat 1: 366b50e1 folded before Flop (didn't bet)
Seat 2: f804c343 won ($0.12)
Seat 4: 6e1470fc (button) folded before Flop (didn't bet)
Seat 5: 9618c294 (small blind) folded before Flop
Seat 6: Hero (big blind) folded on the Flop


Poker Hand #HD1721367908: Hold'em No Limit ($0.02/$0.05) - 2024/04/08 17:41:32
Table 'NLHBlue57' 6-max Seat #2 is the button
Seat 1: 366b50e1 ($6.03 in chips)
Seat 2: f804c343 ($1.62 in chips)
Seat 4: 6e1470fc ($5.09 in chips)
Seat 5: 9618c294 ($5.07 in chips)
Seat 6: Hero ($6.4 in chips)
6e1470fc: posts small blind $0.02
9618c294: posts big blind $0.05
*** HOLE CARDS ***
Dealt to 366b50e1 
Dealt to f804c343 
Dealt to 6e1470fc 
Dealt to 9618c294 
Dealt to Hero [7h Jh]
Hero: folds
366b50e1: raises $0.07 to $0.12
f804c343: folds
6e1470fc: folds
9618c294: calls $0.07
*** FLOP *** [Td Ac Tc]
9618c294: checks
366b50e1: bets $0.11
9618c294: calls $0.11
*** TURN *** [Td Ac Tc] [7c]
9618c294: checks
366b50e1: checks
*** RIVER *** [Td Ac Tc 7c] [2h]
9618c294: checks
366b50e1: checks
9618c294: shows [9h 9c] (Pair of Tens and Pair of Nines)
366b50e1: shows [Jd Qd] (Pair of Tens)
*** SHOWDOWN ***
9618c294 collected $0.46 from pot
*** SUMMARY ***
Total pot $0.48 | Rake $0.02 | Jackpot $0 | Bingo $0 | Fortune $0 | Tax $0
Board [Td Ac Tc 7c 2h]
Seat 1: 366b50e1 showed [Jd Qd] and lost with Pair of Tens
Seat 2: f804c343 (button) folded before Flop (didn't bet)
Seat 4: 6e1470fc (small blind) folded before Flop
Seat 5: 9618c294 (big blind) showed [9h 9c] and won ($0.46) with Pair of Tens and Pair of Nines
Seat 6: Hero folded before Flop (didn't bet)


Poker Hand #HD1721367703: Hold'em No Limit ($0.02/$0.05) - 2024/04/08 17:40:09
Table 'NLHBlue57' 6-max Seat #1 is the button
Seat 1: 366b50e1 ($6.03 in chips)
Seat 2: f804c343 ($1.57 in chips)
Seat 3: bb368a36 ($4.56 in chips)
Seat 4: 6e1470fc ($5.09 in chips)
Seat 5: 9618c294 ($5.07 in chips)
Seat 6: Hero ($6.4 in chips)
f804c343: posts small blind $0.02
bb368a36: posts big blind $0.05
*** HOLE CARDS ***
Dealt to 366b50e1 
Dealt to f804c343 
Dealt to bb368a36 
Dealt to 6e1470fc 
Dealt to 9618c294 
Dealt to Hero [Js 8c]
6e1470fc: folds
9618c294: folds
Hero: folds
366b50e1: folds
f804c343: calls $0.03
bb368a36: checks
*** FLOP *** [6s 5d 8h]
f804c343: bets $0.05
bb368a36: folds
Uncalled bet ($0.05) returned to f804c343
*** SHOWDOWN ***
f804c343 collected $0.1 from pot
*** SUMMARY ***
Total pot $0.1 | Rake $0 | Jackpot $0 | Bingo $0 | Fortune $0 | Tax $0
Board [6s 5d 8h]
Seat 1: 366b50e1 (button) folded before Flop (didn't bet)
Seat 2: f804c343 (small blind) won ($0.1)
Seat 3: bb368a36 (big blind) folded on the Flop
Seat 4: 6e1470fc folded before Flop (didn't bet)
Seat 5: 9618c294 folded before Flop (didn't bet)
Seat 6: Hero folded before Flop (didn't bet)


Poker Hand #HD1721367631: Hold'em No Limit ($0.02/$0.05) - 2024/04/08 17:39:44
Table 'NLHBlue57' 6-max Seat #6 is the button
Seat 1: 366b50e1 ($6.05 in chips)
Seat 2: f804c343 ($1.62 in chips)
Seat 3: bb368a36 ($4.56 in chips)
Seat 4: 6e1470fc ($5.09 in chips)
Seat 5: 9618c294 ($5 in chips)
Seat 6: Hero ($6.4 in chips)
366b50e1: posts small blind $0.02
f804c343: posts big blind $0.05
*** HOLE CARDS ***
Dealt to 366b50e1 
Dealt to f804c343 
Dealt to bb368a36 
Dealt to 6e1470fc 
Dealt to 9618c294 
Dealt to Hero [2s 3c]
bb368a36: folds
6e1470fc: folds
9618c294: raises $0.08 to $0.13
Hero: folds
366b50e1: folds
f804c343: folds
Uncalled bet ($0.08) returned to 9618c294
*** SHOWDOWN ***
9618c294 collected $0.12 from pot
*** SUMMARY ***
Total pot $0.12 | Rake $0 | Jackpot $0 | Bingo $0 | Fortune $0 | Tax $0
Seat 1: 366b50e1 (small blind) folded before Flop
Seat 2: f804c343 (big blind) folded before Flop
Seat 3: bb368a36 folded before Flop (didn't bet)
Seat 4: 6e1470fc folded before Flop (didn't bet)
Seat 5: 9618c294 collected ($0.12)
Seat 6: Hero (button) folded before Flop (didn't bet)


Poker Hand #HD1721367601: Hold'em No Limit ($0.02/$0.05) - 2024/04/08 17:39:29
Table 'NLHBlue57' 6-max Seat #5 is the button
Seat 1: 366b50e1 ($6.03 in chips)
Seat 2: f804c343 ($1.62 in chips)
Seat 3: bb368a36 ($4.56 in chips)
Seat 4: 6e1470fc ($5.09 in chips)
Seat 5: 9618c294 ($5 in chips)
Seat 6: Hero ($6.42 in chips)
Hero: posts small blind $0.02
366b50e1: posts big blind $0.05
*** HOLE CARDS ***
Dealt to 366b50e1 
Dealt to f804c343 
Dealt to bb368a36 
Dealt to 6e1470fc 
Dealt to 9618c294 
Dealt to Hero [4h 8d]
f804c343: folds
bb368a36: folds
6e1470fc: folds
9618c294: folds
Hero: folds
Uncalled bet ($0.03) returned to 366b50e1
*** SHOWDOWN ***
366b50e1 collected $0.04 from pot
*** SUMMARY ***
Total pot $0.04 | Rake $0 | Jackpot $0 | Bingo $0 | Fortune $0 | Tax $0
Seat 1: 366b50e1 (big blind) collected ($0.04)
Seat 2: f804c343 folded before Flop (didn't bet)
Seat 3: bb368a36 folded before Flop (didn't bet)
Seat 4: 6e1470fc folded before Flop (didn't bet)
Seat 5: 9618c294 (button) folded before Flop (didn't bet)
Seat 6: Hero (small blind) folded before Flop


Poker Hand #HD1721367527: Hold'em No Limit ($0.02/$0.05) - 2024/04/08 17:39:01
Table 'NLHBlue57' 6-max Seat #4 is the button
Seat 1: 366b50e1 ($6.03 in chips)
Seat 2: f804c343 ($1.62 in chips)
Seat 3: bb368a36 ($4.49 in chips)
Seat 4: 6e1470fc ($5.09 in chips)
Seat 5: 9618c294 ($5 in chips)
Seat 6: Hero ($6.47 in chips)
9618c294: posts small blind $0.02
Hero: posts big blind $0.05
*** HOLE CARDS ***
Dealt to 366b50e1 
Dealt to f804c343 
Dealt to bb368a36 
Dealt to 6e1470fc 
Dealt to 9618c294 
Dealt to Hero [Ks 5h]
366b50e1: folds
f804c343: folds
bb368a36: raises $0.07 to $0.12
6e1470fc: folds
9618c294: folds
Hero: folds
Uncalled bet ($0.07) returned to bb368a36
*** SHOWDOWN ***
bb368a36 collected $0.12 from pot
*** SUMMARY ***
Total pot $0.12 | Rake $0 | Jackpot $0 | Bingo $0 | Fortune $0 | Tax $0
Seat 1: 366b50e1 folded before Flop (didn't bet)
Seat 2: f804c343 folded before Flop (didn't bet)
Seat 3: bb368a36 collected ($0.12)
Seat 4: 6e1470fc (button) folded before Flop (didn't bet)
Seat 5: 9618c294 (small blind) folded before Flop
Seat 6: Hero (big blind) folded before Flop


Poker Hand #HD1721367439: Hold'em No Limit ($0.02/$0.05) - 2024/04/08 17:38:29
Table 'NLHBlue57' 6-max Seat #3 is the button
Seat 1: 366b50e1 ($6.03 in chips)
Seat 2: f804c343 ($1.62 in chips)
Seat 3: bb368a36 ($4.42 in chips)
Seat 4: 6e1470fc ($5.11 in chips)
Seat 5: 9618c294 ($5 in chips)
Seat 6: Hero ($6.47 in chips)
6e1470fc: posts small blind $0.02
9618c294: posts big blind $0.05
*** HOLE CARDS ***
Dealt to 366b50e1 
Dealt to f804c343 
Dealt to bb368a36 
Dealt to 6e1470fc 
Dealt to 9618c294 
Dealt to Hero [7d Kc]
Hero: folds
366b50e1: folds
f804c343: folds
bb368a36: raises $0.09 to $0.14
6e1470fc: folds
9618c294: folds
Uncalled bet ($0.09) returned to bb368a36
*** SHOWDOWN ***
bb368a36 collected $0.12 from pot
*** SUMMARY ***
Total pot $0.12 | Rake $0 | Jackpot $0 | Bingo $0 | Fortune $0 | Tax $0
Seat 1: 366b50e1 folded before Flop (didn't bet)
Seat 2: f804c343 folded before Flop (didn't bet)
Seat 3: bb368a36 (button) collected ($0.12)
Seat 4: 6e1470fc (small blind) folded before Flop
Seat 5: 9618c294 (big blind) folded before Flop
Seat 6: Hero folded before Flop (didn't bet)


Poker Hand #HD1721367357: Hold'em No Limit ($0.02/$0.05) - 2024/04/08 17:37:57
Table 'NLHBlue57' 6-max Seat #2 is the button
Seat 1: 366b50e1 ($6.03 in chips)
Seat 2: f804c343 ($1.62 in chips)
Seat 3: bb368a36 ($4.31 in chips)
Seat 4: 6e1470fc ($5.23 in chips)
Seat 5: 9618c294 ($5 in chips)
Seat 6: Hero ($6.47 in chips)
bb368a36: posts small blind $0.02
6e1470fc: posts big blind $0.05
*** HOLE CARDS ***
Dealt to 366b50e1 
Dealt to f804c343 
Dealt to bb368a36 
Dealt to 6e1470fc 
Dealt to 9618c294 
Dealt to Hero [6s 2d]
9618c294: folds
Hero: folds
366b50e1: folds
f804c343: folds
bb368a36: raises $0.07 to $0.12
6e1470fc: calls $0.07
*** FLOP *** [3s Kc 9c]
bb368a36: bets $0.12
6e1470fc: folds
Uncalled bet ($0.12) returned to bb368a36
*** SHOWDOWN ***
bb368a36 collected $0.23 from pot
*** SUMMARY ***
Total pot $0.24 | Rake $0.01 | Jackpot $0 | Bingo $0 | Fortune $0 | Tax $0
Board [3s Kc 9c]
Seat 1: 366b50e1 folded before Flop (didn't bet)
Seat 2: f804c343 (button) folded before Flop (didn't bet)
Seat 3: bb368a36 (small blind) won ($0.23)
Seat 4: 6e1470fc (big blind) folded on the Flop
Seat 5: 9618c294 folded before Flop (didn't bet)
Seat 6: Hero folded before Flop (didn't bet)


Poker Hand #HD1721367214: Hold'em No Limit ($0.02/$0.05) - 2024/04/08 17:37:02
Table 'NLHBlue57' 6-max Seat #1 is the button
Seat 1: 366b50e1 ($6.03 in chips)
Seat 2: f804c343 ($1.64 in chips)
Seat 3: bb368a36 ($4.46 in chips)
Seat 4: 6e1470fc ($5.23 in chips)
Seat 5: 9618c294 ($5 in chips)
Seat 6: Hero ($6.25 in chips)
f804c343: posts small blind $0.02
bb368a36: posts big blind $0.05
9618c294: posts big blind $0.05
9618c294: posts missed blind $0.02
*** HOLE CARDS ***
Dealt to 366b50e1 
Dealt to f804c343 
Dealt to bb368a36 
Dealt to 6e1470fc 
Dealt to 9618c294 
Dealt to Hero [9d Ad]
6e1470fc: folds
9618c294: checks
Hero: raises $0.1 to $0.15
366b50e1: folds
f804c343: folds
bb368a36: calls $0.1
9618c294: folds
*** FLOP *** [2h Js Kd]
bb368a36: checks
Hero: bets $0.2
bb368a36: folds
Uncalled bet ($0.2) returned to Hero
*** SHOWDOWN ***
Hero collected $0.37 from pot
*** SUMMARY ***
Total pot $0.39 | Rake $0.02 | Jackpot $0 | Bingo $0 | Fortune $0 | Tax $0
Board [2h Js Kd]
Seat 1: 366b50e1 (button) folded before Flop (didn't bet)
Seat 2: f804c343 (small blind) folded before Flop
Seat 3: bb368a36 (big blind) folded on the Flop
Seat 4: 6e1470fc folded before Flop (didn't bet)
Seat 5: 9618c294 folded before Flop
Seat 6: Hero won ($0.37)


Poker Hand #HD1721367146: Hold'em No Limit ($0.02/$0.05) - 2024/04/08 17:36:37
Table 'NLHBlue57' 6-max Seat #6 is the button
Seat 1: 366b50e1 ($6.05 in chips)
Seat 2: f804c343 ($1.62 in chips)
Seat 3: bb368a36 ($4.46 in chips)
Seat 4: 6e1470fc ($5.23 in chips)
Seat 6: Hero ($6.25 in chips)
366b50e1: posts small blind $0.02
f804c343: posts big blind $0.05
*** HOLE CARDS ***
Dealt to 366b50e1 
Dealt to f804c343 
Dealt to bb368a36 
Dealt to 6e1470fc 
Dealt to Hero [3d Qd]
bb368a36: folds
6e1470fc: folds
Hero: folds
366b50e1: folds
Uncalled bet ($0.03) returned to f804c343
*** SHOWDOWN ***
f804c343 collected $0.04 from pot
*** SUMMARY ***
Total pot $0.04 | Rake $0 | Jackpot $0 | Bingo $0 | Fortune $0 | Tax $0
Seat 1: 366b50e1 (small blind) folded before Flop
Seat 2: f804c343 (big blind) collected ($0.04)
Seat 3: bb368a36 folded before Flop (didn't bet)
Seat 4: 6e1470fc folded before Flop (didn't bet)
Seat 6: Hero (button) folded before Flop (didn't bet)


Poker Hand #HD1721367006: Hold'em No Limit ($0.02/$0.05) - 2024/04/08 17:35:45
Table 'NLHBlue57' 6-max Seat #4 is the button
Seat 1: 366b50e1 ($6.1 in chips)
Seat 2: f804c343 ($1.62 in chips)
Seat 3: bb368a36 ($4.46 in chips)
Seat 4: 6e1470fc ($5.27 in chips)
Seat 6: Hero ($6.29 in chips)
Hero: posts small blind $0.02
366b50e1: posts big blind $0.05
*** HOLE CARDS ***
Dealt to 366b50e1 
Dealt to f804c343 
Dealt to bb368a36 
Dealt to 6e1470fc 
Dealt to Hero [5h Ah]
f804c343: folds
bb368a36: folds
6e1470fc: raises $0.08 to $0.13
Hero: raises $0.32 to $0.45
366b50e1: folds
6e1470fc: calls $0.32
*** FLOP *** [Td 2s 8c]
Hero: checks
6e1470fc: checks
*** TURN *** [Td 2s 8c] [2d]
Hero: bets $0.45
6e1470fc: calls $0.45
*** RIVER *** [Td 2s 8c 2d] [8h]
Hero: checks
6e1470fc: checks
Hero: shows [5h Ah] (Pair of Eights and Pair of Twos)
6e1470fc: shows [Js As] (Pair of Eights and Pair of Twos)
*** SHOWDOWN ***
Hero collected $0.86 from pot
6e1470fc collected $0.86 from pot
*** SUMMARY ***
Total pot $1.85 | Rake $0.08 | Jackpot $0.05 | Bingo $0 | Fortune $0 | Tax $0
Board [Td 2s 8c 2d 8h]
Seat 1: 366b50e1 (big blind) folded before Flop
Seat 2: f804c343 folded before Flop (didn't bet)
Seat 3: bb368a36 folded before Flop (didn't bet)
Seat 4: 6e1470fc (button) showed [Js As] and won ($0.86) with Pair of Eights and Pair of Twos
Seat 6: Hero (small blind) showed [5h Ah] and won ($0.86) with Pair of Eights and Pair of Twos


Poker Hand #HD1721366972: Hold'em No Limit ($0.02/$0.05) - 2024/04/08 17:35:33
Table 'NLHBlue57' 6-max Seat #3 is the button
Seat 1: 366b50e1 ($6.1 in chips)
Seat 2: f804c343 ($1.62 in chips)
Seat 3: bb368a36 ($4.46 in chips)
Seat 4: 6e1470fc ($5.29 in chips)
Seat 6: Hero ($6.27 in chips)
6e1470fc: posts small blind $0.02
Hero: posts big blind $0.05
*** HOLE CARDS ***
Dealt to 366b50e1 
Dealt to f804c343 
Dealt to bb368a36 
Dealt to 6e1470fc 
Dealt to Hero [5h 5d]
366b50e1: folds
f804c343: folds
bb368a36: folds
6e1470fc: folds
Uncalled bet ($0.03) returned to Hero
*** SHOWDOWN ***
Hero collected $0.04 from pot
*** SUMMARY ***
Total pot $0.04 | Rake $0 | Jackpot $0 | Bingo $0 | Fortune $0 | Tax $0
Seat 1: 366b50e1 folded before Flop (didn't bet)
Seat 2: f804c343 folded before Flop (didn't bet)
Seat 3: bb368a36 (button) folded before Flop (didn't bet)
Seat 4: 6e1470fc (small blind) folded before Flop
Seat 6: Hero (big blind) collected ($0.04)


Poker Hand #HD1721366895: Hold'em No Limit ($0.02/$0.05) - 2024/04/08 17:35:04
Table 'NLHBlue57' 6-max Seat #2 is the button
Seat 1: 366b50e1 ($6.1 in chips)
Seat 2: f804c343 ($1.62 in chips)
Seat 3: bb368a36 ($4.19 in chips)
Seat 4: 6e1470fc ($5.58 in chips)
Seat 6: Hero ($6.27 in chips)
bb368a36: posts small blind $0.02
6e1470fc: posts big blind $0.05
*** HOLE CARDS ***
Dealt to 366b50e1 
Dealt to f804c343 
Dealt to bb368a36 
Dealt to 6e1470fc 
Dealt to Hero [7d 3s]
Hero: folds
366b50e1: folds
f804c343: folds
bb368a36: raises $0.07 to $0.12
6e1470fc: raises $0.17 to $0.29
bb368a36: raises $0.58 to $0.87
6e1470fc: folds
Uncalled bet ($0.58) returned to bb368a36
*** SHOWDOWN ***
bb368a36 collected $0.56 from pot
*** SUMMARY ***
Total pot $0.58 | Rake $0.02 | Jackpot $0 | Bingo $0 | Fortune $0 | Tax $0
Seat 1: 366b50e1 folded before Flop (didn't bet)
Seat 2: f804c343 (button) folded before Flop (didn't bet)
Seat 3: bb368a36 (small blind) collected ($0.56)
Seat 4: 6e1470fc (big blind) folded before Flop
Seat 6: Hero folded before Flop (didn't bet)


Poker Hand #HD1721366821: Hold'em No Limit ($0.02/$0.05) - 2024/04/08 17:34:36
Table 'NLHBlue57' 6-max Seat #1 is the button
Seat 1: 366b50e1 ($6.23 in chips)
Seat 2: f804c343 ($1.64 in chips)
Seat 3: bb368a36 ($4.05 in chips)
Seat 4: 6e1470fc ($5.58 in chips)
Seat 6: Hero ($6.27 in chips)
f804c343: posts small blind $0.02
bb368a36: posts big blind $0.05
*** HOLE CARDS ***
Dealt to 366b50e1 
Dealt to f804c343 
Dealt to bb368a36 
Dealt to 6e1470fc 
Dealt to Hero [7d Ac]
6e1470fc: folds
Hero: folds
366b50e1: raises $0.08 to $0.13
f804c343: folds
bb368a36: raises $0.28 to $0.41
366b50e1: folds
Uncalled bet ($0.28) returned to bb368a36
*** SHOWDOWN ***
bb368a36 collected $0.27 from pot
*** SUMMARY ***
Total pot $0.28 | Rake $0.01 | Jackpot $0 | Bingo $0 | Fortune $0 | Tax $0
Seat 1: 366b50e1 (button) folded before Flop
Seat 2: f804c343 (small blind) folded before Flop
Seat 3: bb368a36 (big blind) collected ($0.27)
Seat 4: 6e1470fc folded before Flop (didn't bet)
Seat 6: Hero folded before Flop (didn't bet)


Poker Hand #HD1721366709: Hold'em No Limit ($0.02/$0.05) - 2024/04/08 17:33:55
Table 'NLHBlue57' 6-max Seat #6 is the button
Seat 1: 366b50e1 ($6.25 in chips)
Seat 2: f804c343 ($1.69 in chips)
Seat 3: bb368a36 ($4.46 in chips)
Seat 4: 6e1470fc ($5.14 in chips)
Seat 6: Hero ($6.27 in chips)
366b50e1: posts small blind $0.02
f804c343: posts big blind $0.05
*** HOLE CARDS ***
Dealt to 366b50e1 
Dealt to f804c343 
Dealt to bb368a36 
Dealt to 6e1470fc 
Dealt to Hero [As 4h]
bb368a36: raises $0.07 to $0.12
6e1470fc: raises $0.29 to $0.41
Hero: folds
366b50e1: folds
f804c343: folds
bb368a36: calls $0.29
*** FLOP *** [6h 6c 9d]
bb368a36: checks
6e1470fc: bets $0.2
bb368a36: folds
Uncalled bet ($0.2) returned to 6e1470fc
*** SHOWDOWN ***
6e1470fc collected $0.85 from pot
*** SUMMARY ***
Total pot $0.89 | Rake $0.04 | Jackpot $0 | Bingo $0 | Fortune $0 | Tax $0
Board [6h 6c 9d]
Seat 1: 366b50e1 (small blind) folded before Flop
Seat 2: f804c343 (big blind) folded before Flop
Seat 3: bb368a36 folded on the Flop
Seat 4: 6e1470fc won ($0.85)
Seat 6: Hero (button) folded before Flop (didn't bet)


Poker Hand #HD1721366603: Hold'em No Limit ($0.02/$0.05) - 2024/04/08 17:33:14
Table 'NLHBlue57' 6-max Seat #4 is the button
Seat 1: 366b50e1 ($6.38 in chips)
Seat 2: f804c343 ($1.69 in chips)
Seat 3: bb368a36 ($4.46 in chips)
Seat 4: 6e1470fc ($5 in chips)
Seat 6: Hero ($6.29 in chips)
Hero: posts small blind $0.02
366b50e1: posts big blind $0.05
*** HOLE CARDS ***
Dealt to 366b50e1 
Dealt to f804c343 
Dealt to bb368a36 
Dealt to 6e1470fc 
Dealt to Hero [4s 4c]
f804c343: folds
bb368a36: folds
6e1470fc: raises $0.08 to $0.13
Hero: folds
366b50e1: calls $0.08
*** FLOP *** [6s Th 8s]
366b50e1: checks
6e1470fc: bets $0.1
366b50e1: folds
Uncalled bet ($0.1) returned to 6e1470fc
*** SHOWDOWN ***
6e1470fc collected $0.27 from pot
*** SUMMARY ***
Total pot $0.28 | Rake $0.01 | Jackpot $0 | Bingo $0 | Fortune $0 | Tax $0
Board [6s Th 8s]
Seat 1: 366b50e1 (big blind) folded on the Flop
Seat 2: f804c343 folded before Flop (didn't bet)
Seat 3: bb368a36 folded before Flop (didn't bet)
Seat 4: 6e1470fc (button) won ($0.27)
Seat 6: Hero (small blind) folded before Flop


Poker Hand #HD1721366516: Hold'em No Limit ($0.02/$0.05) - 2024/04/08 17:32:42
Table 'NLHBlue57' 6-max Seat #3 is the button
Seat 1: 366b50e1 ($6.38 in chips)
Seat 2: f804c343 ($1.69 in chips)
Seat 3: bb368a36 ($4.46 in chips)
Seat 4: 6e1470fc ($5 in chips)
Seat 6: Hero ($6.27 in chips)
6e1470fc: posts small blind $0.02
Hero: posts big blind $0.05
*** HOLE CARDS ***
Dealt to 366b50e1 
Dealt to f804c343 
Dealt to bb368a36 
Dealt to 6e1470fc 
Dealt to Hero [6h 7h]
366b50e1: folds
f804c343: folds
bb368a36: folds
6e1470fc: folds
Uncalled bet ($0.03) returned to Hero
*** SHOWDOWN ***
Hero collected $0.04 from pot
*** SUMMARY ***
Total pot $0.04 | Rake $0 | Jackpot $0 | Bingo $0 | Fortune $0 | Tax $0
Seat 1: 366b50e1 folded before Flop (didn't bet)
Seat 2: f804c343 folded before Flop (didn't bet)
Seat 3: bb368a36 (button) folded before Flop (didn't bet)
Seat 4: 6e1470fc (small blind) folded before Flop
Seat 6: Hero (big blind) collected ($0.04)


Poker Hand #HD1721366383: Hold'em No Limit ($0.02/$0.05) - 2024/04/08 17:31:51
Table 'NLHBlue57' 6-max Seat #2 is the button
Seat 1: 366b50e1 ($6.38 in chips)
Seat 2: f804c343 ($1.11 in chips)
Seat 3: bb368a36 ($5.06 in chips)
Seat 4: 6e1470fc ($5 in chips)
Seat 6: Hero ($6.27 in chips)
bb368a36: posts small blind $0.02
6e1470fc: posts big blind $0.05
*** HOLE CARDS ***
Dealt to 366b50e1 
Dealt to f804c343 
Dealt to bb368a36 
Dealt to 6e1470fc 
Dealt to Hero [3c 8s]
Hero: folds
366b50e1: folds
f804c343: calls $0.05
bb368a36: raises $0.15 to $0.2
6e1470fc: folds
f804c343: calls $0.15
*** FLOP *** [2d 4c 9h]
bb368a36: checks
f804c343: bets $0.15
bb368a36: calls $0.15
*** TURN *** [2d 4c 9h] [6h]
bb368a36: checks
f804c343: checks
*** RIVER *** [2d 4c 9h 6h] [Jh]
bb368a36: bets $0.25
f804c343: calls $0.25
bb368a36: shows [Qc Ks] (King-High)
f804c343: shows [Ad 5d] (Ace-High)
*** SHOWDOWN ***
f804c343 collected $1.18 from pot
*** SUMMARY ***
Total pot $1.25 | Rake $0.07 | Jackpot $0 | Bingo $0 | Fortune $0 | Tax $0
Board [2d 4c 9h 6h Jh]
Seat 1: 366b50e1 folded before Flop (didn't bet)
Seat 2: f804c343 (button) showed [Ad 5d] and won ($1.18) with Ace-High
Seat 3: bb368a36 (small blind) showed [Qc Ks] and lost with King-High
Seat 4: 6e1470fc (big blind) folded before Flop
Seat 6: Hero folded before Flop (didn't bet)


Poker Hand #HD1721366213: Hold'em No Limit ($0.02/$0.05) - 2024/04/08 17:30:49
Table 'NLHBlue57' 6-max Seat #1 is the button
Seat 1: 366b50e1 ($6.38 in chips)
Seat 2: f804c343 ($1.24 in chips)
Seat 3: bb368a36 ($5.69 in chips)
Seat 6: Hero ($5.58 in chips)
f804c343: posts small blind $0.02
bb368a36: posts big blind $0.05
*** HOLE CARDS ***
Dealt to 366b50e1 
Dealt to f804c343 
Dealt to bb368a36 
Dealt to Hero [Qh Tc]
Hero: raises $0.08 to $0.13
366b50e1: folds
f804c343: calls $0.11
bb368a36: calls $0.08
*** FLOP *** [Qs 7c Qc]
f804c343: checks
bb368a36: checks
Hero: bets $0.15
f804c343: folds
bb368a36: calls $0.15
*** TURN *** [Qs 7c Qc] [Qd]
bb368a36: checks
Hero: checks
*** RIVER *** [Qs 7c Qc Qd] [6d]
bb368a36: bets $0.35
Hero: raises $0.7 to $1.05
bb368a36: folds
Uncalled bet ($0.7) returned to Hero
*** SHOWDOWN ***
Hero collected $1.32 from pot
*** SUMMARY ***
Total pot $1.39 | Rake $0.07 | Jackpot $0 | Bingo $0 | Fortune $0 | Tax $0
Board [Qs 7c Qc Qd 6d]
Seat 1: 366b50e1 (button) folded before Flop (didn't bet)
Seat 2: f804c343 (small blind) folded on the Flop
Seat 3: bb368a36 (big blind) folded on the River
Seat 6: Hero won ($1.32)


Poker Hand #HD1721366111: Hold'em No Limit ($0.02/$0.05) - 2024/04/08 17:30:07
Table 'NLHBlue57' 6-max Seat #6 is the button
Seat 1: 366b50e1 ($6.5 in chips)
Seat 2: f804c343 ($1.53 in chips)
Seat 3: bb368a36 ($5.31 in chips)
Seat 6: Hero ($5.58 in chips)
366b50e1: posts small blind $0.02
f804c343: posts big blind $0.05
*** HOLE CARDS ***
Dealt to 366b50e1 
Dealt to f804c343 
Dealt to bb368a36 
Dealt to Hero [4d 3s]
bb368a36: raises $0.07 to $0.12
Hero: folds
366b50e1: calls $0.1
f804c343: calls $0.07
*** FLOP *** [Ks 3c 6c]
366b50e1: checks
f804c343: checks
bb368a36: bets $0.12
366b50e1: folds
f804c343: calls $0.12
*** TURN *** [Ks 3c 6c] [2d]
f804c343: bets $0.05
bb368a36: calls $0.05
*** RIVER *** [Ks 3c 6c 2d] [Ac]
f804c343: checks
bb368a36: bets $0.24
f804c343: folds
Uncalled bet ($0.24) returned to bb368a36
*** SHOWDOWN ***
bb368a36 collected $0.67 from pot
*** SUMMARY ***
Total pot $0.7 | Rake $0.03 | Jackpot $0 | Bingo $0 | Fortune $0 | Tax $0
Board [Ks 3c 6c 2d Ac]
Seat 1: 366b50e1 (small blind) folded on the Flop
Seat 2: f804c343 (big blind) folded on the River
Seat 3: bb368a36 won ($0.67)
Seat 6: Hero (button) folded before Flop (didn't bet)


Poker Hand #HD1721366051: Hold'em No Limit ($0.02/$0.05) - 2024/04/08 17:29:40
Table 'NLHBlue57' 6-max Seat #5 is the button
Seat 1: 366b50e1 ($6.55 in chips)
Seat 2: f804c343 ($1.53 in chips)
Seat 3: bb368a36 ($5.31 in chips)
Seat 5: 9618c294 ($5 in chips)
Seat 6: Hero ($5.53 in chips)
Hero: posts small blind $0.02
366b50e1: posts big blind $0.05
*** HOLE CARDS ***
Dealt to 366b50e1 
Dealt to f804c343 
Dealt to bb368a36 
Dealt to 9618c294 
Dealt to Hero [Kh As]
f804c343: folds
bb368a36: folds
9618c294: folds
Hero: raises $0.1 to $0.15
366b50e1: folds
Uncalled bet ($0.1) returned to Hero
*** SHOWDOWN ***
Hero collected $0.1 from pot
*** SUMMARY ***
Total pot $0.1 | Rake $0 | Jackpot $0 | Bingo $0 | Fortune $0 | Tax $0
Seat 1: 366b50e1 (big blind) folded before Flop
Seat 2: f804c343 folded before Flop (didn't bet)
Seat 3: bb368a36 folded before Flop (didn't bet)
Seat 5: 9618c294 (button) folded before Flop (didn't bet)
Seat 6: Hero (small blind) collected ($0.1)


Poker Hand #HD1721365890: Hold'em No Limit ($0.02/$0.05) - 2024/04/08 17:28:35
Table 'NLHBlue57' 6-max Seat #3 is the button
Seat 1: 366b50e1 ($7.07 in chips)
Seat 2: f804c343 ($1 in chips)
Seat 3: bb368a36 ($5.31 in chips)
Seat 4: 89c4e705 ($5.4 in chips)
Seat 5: 9618c294 ($5 in chips)
Seat 6: Hero ($5.53 in chips)
89c4e705: posts small blind $0.02
9618c294: posts big blind $0.05
f804c343: posts big blind $0.05
*** HOLE CARDS ***
Dealt to 366b50e1 
Dealt to f804c343 
Dealt to bb368a36 
Dealt to 89c4e705 
Dealt to 9618c294 
Dealt to Hero [3d 7d]
Hero: folds
366b50e1: raises $0.15 to $0.2
f804c343: calls $0.15
bb368a36: folds
89c4e705: folds
9618c294: folds
*** FLOP *** [2c Td Js]
366b50e1: bets $0.16
f804c343: raises $0.16 to $0.32
366b50e1: calls $0.16
*** TURN *** [2c Td Js] [Jd]
366b50e1: checks
f804c343: bets $0.48 and is all-in
366b50e1: folds
Uncalled bet ($0.48) returned to f804c343
*** SHOWDOWN ***
f804c343 collected $1.05 from pot
*** SUMMARY ***
Total pot $1.11 | Rake $0.06 | Jackpot $0 | Bingo $0 | Fortune $0 | Tax $0
Board [2c Td Js Jd]
Seat 1: 366b50e1 folded on the Turn
Seat 2: f804c343 won ($1.05)
Seat 3: bb368a36 (button) folded before Flop (didn't bet)
Seat 4: 89c4e705 (small blind) folded before Flop
Seat 5: 9618c294 (big blind) folded before Flop
Seat 6: Hero folded before Flop (didn't bet)


Poker Hand #HD1721365849: Hold'em No Limit ($0.02/$0.05) - 2024/04/08 17:28:19
Table 'NLHBlue57' 6-max Seat #1 is the button
Seat 1: 366b50e1 ($7.07 in chips)
Seat 3: bb368a36 ($5.26 in chips)
Seat 4: 89c4e705 ($5.45 in chips)
Seat 6: Hero ($5.53 in chips)
bb368a36: posts small blind $0.02
89c4e705: posts big blind $0.05
*** HOLE CARDS ***
Dealt to 366b50e1 
Dealt to bb368a36 
Dealt to 89c4e705 
Dealt to Hero [4d Kc]
Hero: folds
366b50e1: folds
bb368a36: raises $0.07 to $0.12
89c4e705: folds
Uncalled bet ($0.07) returned to bb368a36
*** SHOWDOWN ***
bb368a36 collected $0.1 from pot
*** SUMMARY ***
Total pot $0.1 | Rake $0 | Jackpot $0 | Bingo $0 | Fortune $0 | Tax $0
Seat 1: 366b50e1 (button) folded before Flop (didn't bet)
Seat 3: bb368a36 (small blind) collected ($0.1)
Seat 4: 89c4e705 (big blind) folded before Flop
Seat 6: Hero folded before Flop (didn't bet)


Poker Hand #HD1721275639: Hold'em No Limit ($0.02/$0.05) - 2024/04/08 17:27:01
Table 'NLHBlue57' 6-max Seat #6 is the button
Seat 1: 366b50e1 ($7.09 in chips)
Seat 3: bb368a36 ($5.27 in chips)
Seat 4: 89c4e705 ($5.46 in chips)
Seat 6: Hero ($5.53 in chips)
366b50e1: posts small blind $0.02
bb368a36: posts big blind $0.05
*** HOLE CARDS ***
Dealt to 366b50e1 
Dealt to bb368a36 
Dealt to 89c4e705 
Dealt to Hero [2h Ad]
89c4e705: raises $0.08 to $0.13
Hero: folds
366b50e1: folds
bb368a36: calls $0.08
*** FLOP *** [5s 5h 8d]
bb368a36: checks
89c4e705: checks
*** TURN *** [5s 5h 8d] [Qd]
bb368a36: checks
89c4e705: bets $0.14
bb368a36: calls $0.14
*** RIVER *** [5s 5h 8d Qd] [Kh]
bb368a36: checks
89c4e705: bets $0.2
bb368a36: calls $0.2
89c4e705: shows [Jc Qh] (Pair of Queens and Pair of Fives)
bb368a36: shows [Qs Js] (Pair of Queens and Pair of Fives)
*** SHOWDOWN ***
bb368a36 collected $0.46 from pot
89c4e705 collected $0.46 from pot
*** SUMMARY ***
Total pot $0.96 | Rake $0.04 | Jackpot $0 | Bingo $0 | Fortune $0 | Tax $0
Board [5s 5h 8d Qd Kh]
Seat 1: 366b50e1 (small blind) folded before Flop
Seat 3: bb368a36 (big blind) showed [Qs Js] and won ($0.46) with Pair of Queens and Pair of Fives
Seat 4: 89c4e705 showed [Jc Qh] and won ($0.46) with Pair of Queens and Pair of Fives
Seat 6: Hero (button) folded before Flop (didn't bet)


Poker Hand #HD1721275604: Hold'em No Limit ($0.02/$0.05) - 2024/04/08 17:26:49
Table 'NLHBlue57' 6-max Seat #5 is the button
Seat 1: 366b50e1 ($7.14 in chips)
Seat 2: 96f530e ($5 in chips)
Seat 3: bb368a36 ($5.2 in chips)
Seat 4: 89c4e705 ($5.46 in chips)
Seat 5: 486aa958 ($4.69 in chips)
Seat 6: Hero ($5.55 in chips)
Hero: posts small blind $0.02
366b50e1: posts big blind $0.05
*** HOLE CARDS ***
Dealt to 366b50e1 
Dealt to 96f530e 
Dealt to bb368a36 
Dealt to 89c4e705 
Dealt to 486aa958 
Dealt to Hero [Td Kc]
96f530e: folds
bb368a36: raises $0.07 to $0.12
89c4e705: folds
486aa958: folds
Hero: folds
366b50e1: folds
Uncalled bet ($0.07) returned to bb368a36
*** SHOWDOWN ***
bb368a36 collected $0.12 from pot
*** SUMMARY ***
Total pot $0.12 | Rake $0 | Jackpot $0 | Bingo $0 | Fortune $0 | Tax $0
Seat 1: 366b50e1 (big blind) folded before Flop
Seat 2: 96f530e folded before Flop (didn't bet)
Seat 3: bb368a36 collected ($0.12)
Seat 4: 89c4e705 folded before Flop (didn't bet)
Seat 5: 486aa958 (button) folded before Flop (didn't bet)
Seat 6: Hero (small blind) folded before Flop


Poker Hand #HD1721275557: Hold'em No Limit ($0.02/$0.05) - 2024/04/08 17:26:34
Table 'NLHBlue57' 6-max Seat #4 is the button
Seat 1: 366b50e1 ($7.14 in chips)
Seat 2: 96f530e ($5 in chips)
Seat 3: bb368a36 ($5.2 in chips)
Seat 4: 89c4e705 ($5.46 in chips)
Seat 5: 486aa958 ($4.71 in chips)
Seat 6: Hero ($5.53 in chips)
486aa958: posts small blind $0.02
Hero: posts big blind $0.05
*** HOLE CARDS ***
Dealt to 366b50e1 
Dealt to 96f530e 
Dealt to bb368a36 
Dealt to 89c4e705 
Dealt to 486aa958 
Dealt to Hero [Jc 7s]
366b50e1: folds
96f530e: folds
bb368a36: folds
89c4e705: folds
486aa958: folds
Uncalled bet ($0.03) returned to Hero
*** SHOWDOWN ***
Hero collected $0.04 from pot
*** SUMMARY ***
Total pot $0.04 | Rake $0 | Jackpot $0 | Bingo $0 | Fortune $0 | Tax $0
Seat 1: 366b50e1 folded before Flop (didn't bet)
Seat 2: 96f530e folded before Flop (didn't bet)
Seat 3: bb368a36 folded before Flop (didn't bet)
Seat 4: 89c4e705 (button) folded before Flop (didn't bet)
Seat 5: 486aa958 (small blind) folded before Flop
Seat 6: Hero (big blind) collected ($0.04)


Poker Hand #HD1721275319: Hold'em No Limit ($0.02/$0.05) - 2024/04/08 17:25:03
Table 'NLHBlue57' 6-max Seat #3 is the button
Seat 1: 366b50e1 ($7.41 in chips)
Seat 2: 96f530e ($5 in chips)
Seat 3: bb368a36 ($4.77 in chips)
Seat 4: 89c4e705 ($5.48 in chips)
Seat 5: 486aa958 ($4.76 in chips)
Seat 6: Hero ($5.53 in chips)
89c4e705: posts small blind $0.02
486aa958: posts big blind $0.05
*** HOLE CARDS ***
Dealt to 366b50e1 
Dealt to 96f530e 
Dealt to bb368a36 
Dealt to 89c4e705 
Dealt to 486aa958 
Dealt to Hero [8s Ks]
Hero: folds
366b50e1: raises $0.07 to $0.12
96f530e: calls $0.12
bb368a36: calls $0.12
89c4e705: folds
486aa958: folds
*** FLOP *** [Qd 6c 4c]
366b50e1: checks
96f530e: checks
bb368a36: bets $0.15
366b50e1: calls $0.15
96f530e: folds
*** TURN *** [Qd 6c 4c] [Tc]
366b50e1: checks
bb368a36: bets $0.25
366b50e1: folds
Uncalled bet ($0.25) returned to bb368a36
*** SHOWDOWN ***
bb368a36 collected $0.7 from pot
*** SUMMARY ***
Total pot $0.73 | Rake $0.03 | Jackpot $0 | Bingo $0 | Fortune $0 | Tax $0
Board [Qd 6c 4c Tc]
Seat 1: 366b50e1 folded on the Turn
Seat 2: 96f530e folded on the Flop
Seat 3: bb368a36 (button) won ($0.7)
Seat 4: 89c4e705 (small blind) folded before Flop
Seat 5: 486aa958 (big blind) folded before Flop
Seat 6: Hero folded before Flop (didn't bet)


Poker Hand #HD1721275284: Hold'em No Limit ($0.02/$0.05) - 2024/04/08 17:24:49
Table 'NLHBlue57' 6-max Seat #2 is the button
Seat 1: 366b50e1 ($7.41 in chips)
Seat 2: 96f530e ($5 in chips)
Seat 3: bb368a36 ($4.79 in chips)
Seat 4: 89c4e705 ($5.53 in chips)
Seat 5: 486aa958 ($4.69 in chips)
Seat 6: Hero ($5.53 in chips)
bb368a36: posts small blind $0.02
89c4e705: posts big blind $0.05
*** HOLE CARDS ***
Dealt to 366b50e1 
Dealt to 96f530e 
Dealt to bb368a36 
Dealt to 89c4e705 
Dealt to 486aa958 
Dealt to Hero [Ad 7h]
486aa958: raises $0.1 to $0.15
Hero: folds
366b50e1: folds
96f530e: folds
bb368a36: folds
89c4e705: folds
Uncalled bet ($0.1) returned to 486aa958
*** SHOWDOWN ***
486aa958 collected $0.12 from pot
*** SUMMARY ***
Total pot $0.12 | Rake $0 | Jackpot $0 | Bingo $0 | Fortune $0 | Tax $0
Seat 1: 366b50e1 folded before Flop (didn't bet)
Seat 2: 96f530e (button) folded before Flop (didn't bet)
Seat 3: bb368a36 (small blind) folded before Flop
Seat 4: 89c4e705 (big blind) folded before Flop
Seat 5: 486aa958 collected ($0.12)
Seat 6: Hero folded before Flop (didn't bet)


Poker Hand #HD1721275112: Hold'em No Limit ($0.02/$0.05) - 2024/04/08 17:23:35
Table 'NLHBlue57' 6-max Seat #1 is the button
Seat 1: 366b50e1 ($7.41 in chips)
Seat 2: 96f530e ($5.01 in chips)
Seat 3: bb368a36 ($4.92 in chips)
Seat 4: 89c4e705 ($5.27 in chips)
Seat 5: 486aa958 ($4.82 in chips)
Seat 6: Hero ($5.53 in chips)
96f530e: posts small blind $0.02
bb368a36: posts big blind $0.05
*** HOLE CARDS ***
Dealt to 366b50e1 
Dealt to 96f530e 
Dealt to bb368a36 
Dealt to 89c4e705 
Dealt to 486aa958 
Dealt to Hero [Kd 3s]
89c4e705: raises $0.08 to $0.13
486aa958: calls $0.13
Hero: folds
366b50e1: folds
96f530e: folds
bb368a36: calls $0.08
*** FLOP *** [2c 5d 4d]
bb368a36: checks
89c4e705: bets $0.21
486aa958: folds
bb368a36: folds
Uncalled bet ($0.21) returned to 89c4e705
*** SHOWDOWN ***
89c4e705 collected $0.39 from pot
*** SUMMARY ***
Total pot $0.41 | Rake $0.02 | Jackpot $0 | Bingo $0 | Fortune $0 | Tax $0
Board [2c 5d 4d]
Seat 1: 366b50e1 (button) folded before Flop (didn't bet)
Seat 2: 96f530e (small blind) folded before Flop
Seat 3: bb368a36 (big blind) folded on the Flop
Seat 4: 89c4e705 won ($0.39)
Seat 5: 486aa958 folded on the Flop
Seat 6: Hero folded before Flop (didn't bet)


Poker Hand #HD1721275033: Hold'em No Limit ($0.02/$0.05) - 2024/04/08 17:23:06
Table 'NLHBlue57' 6-max Seat #6 is the button
Seat 1: 366b50e1 ($7.43 in chips)
Seat 2: 96f530e ($5.06 in chips)
Seat 3: bb368a36 ($4.85 in chips)
Seat 4: 89c4e705 ($5.27 in chips)
Seat 5: 486aa958 ($4.82 in chips)
Seat 6: Hero ($5.53 in chips)
366b50e1: posts small blind $0.02
96f530e: posts big blind $0.05
*** HOLE CARDS ***
Dealt to 366b50e1 
Dealt to 96f530e 
Dealt to bb368a36 
Dealt to 89c4e705 
Dealt to 486aa958 
Dealt to Hero [6c Ac]
bb368a36: raises $0.07 to $0.12
89c4e705: folds
486aa958: folds
Hero: folds
366b50e1: folds
96f530e: folds
Uncalled bet ($0.07) returned to bb368a36
*** SHOWDOWN ***
bb368a36 collected $0.12 from pot
*** SUMMARY ***
Total pot $0.12 | Rake $0 | Jackpot $0 | Bingo $0 | Fortune $0 | Tax $0
Seat 1: 366b50e1 (small blind) folded before Flop
Seat 2: 96f530e (big blind) folded before Flop
Seat 3: bb368a36 collected ($0.12)
Seat 4: 89c4e705 folded before Flop (didn't bet)
Seat 5: 486aa958 folded before Flop (didn't bet)
Seat 6: Hero (button) folded before Flop (didn't bet)


Poker Hand #HD1721274979: Hold'em No Limit ($0.02/$0.05) - 2024/04/08 17:22:43
Table 'NLHBlue57' 6-max Seat #5 is the button
Seat 1: 366b50e1 ($7.41 in chips)
Seat 2: 96f530e ($5.06 in chips)
Seat 3: bb368a36 ($4.85 in chips)
Seat 4: 89c4e705 ($5.27 in chips)
Seat 5: 486aa958 ($4.82 in chips)
Seat 6: Hero ($5.55 in chips)
Hero: posts small blind $0.02
366b50e1: posts big blind $0.05
*** HOLE CARDS ***
Dealt to 366b50e1 
Dealt to 96f530e 
Dealt to bb368a36 
Dealt to 89c4e705 
Dealt to 486aa958 
Dealt to Hero [3h 7h]
96f530e: folds
bb368a36: folds
89c4e705: folds
486aa958: folds
Hero: folds
Uncalled bet ($0.03) returned to 366b50e1
*** SHOWDOWN ***
366b50e1 collected $0.04 from pot
*** SUMMARY ***
Total pot $0.04 | Rake $0 | Jackpot $0 | Bingo $0 | Fortune $0 | Tax $0
Seat 1: 366b50e1 (big blind) collected ($0.04)
Seat 2: 96f530e folded before Flop (didn't bet)
Seat 3: bb368a36 folded before Flop (didn't bet)
Seat 4: 89c4e705 folded before Flop (didn't bet)
Seat 5: 486aa958 (button) folded before Flop (didn't bet)
Seat 6: Hero (small blind) folded before Flop


Poker Hand #HD1721274908: Hold'em No Limit ($0.02/$0.05) - 2024/04/08 17:22:17
Table 'NLHBlue57' 6-max Seat #4 is the button
Seat 1: 366b50e1 ($7.41 in chips)
Seat 2: 96f530e ($5.06 in chips)
Seat 3: bb368a36 ($4.85 in chips)
Seat 4: 89c4e705 ($5.2 in chips)
Seat 5: 486aa958 ($4.84 in chips)
Seat 6: Hero ($5.6 in chips)
486aa958: posts small blind $0.02
Hero: posts big blind $0.05
*** HOLE CARDS ***
Dealt to 366b50e1 
Dealt to 96f530e 
Dealt to bb368a36 
Dealt to 89c4e705 
Dealt to 486aa958 
Dealt to Hero [2s 4d]
366b50e1: folds
96f530e: folds
bb368a36: folds
89c4e705: raises $0.08 to $0.13
486aa958: folds
Hero: folds
Uncalled bet ($0.08) returned to 89c4e705
*** SHOWDOWN ***
89c4e705 collected $0.12 from pot
*** SUMMARY ***
Total pot $0.12 | Rake $0 | Jackpot $0 | Bingo $0 | Fortune $0 | Tax $0
Seat 1: 366b50e1 folded before Flop (didn't bet)
Seat 2: 96f530e folded before Flop (didn't bet)
Seat 3: bb368a36 folded before Flop (didn't bet)
Seat 4: 89c4e705 (button) collected ($0.12)
Seat 5: 486aa958 (small blind) folded before Flop
Seat 6: Hero (big blind) folded before Flop


Poker Hand #HD1721274864: Hold'em No Limit ($0.02/$0.05) - 2024/04/08 17:21:59
Table 'NLHBlue57' 6-max Seat #3 is the button
Seat 1: 366b50e1 ($7.41 in chips)
Seat 2: 96f530e ($5.06 in chips)
Seat 3: bb368a36 ($4.85 in chips)
Seat 4: 89c4e705 ($5.22 in chips)
Seat 5: 486aa958 ($4.82 in chips)
Seat 6: Hero ($5.6 in chips)
89c4e705: posts small blind $0.02
486aa958: posts big blind $0.05
*** HOLE CARDS ***
Dealt to 366b50e1 
Dealt to 96f530e 
Dealt to bb368a36 
Dealt to 89c4e705 
Dealt to 486aa958 
Dealt to Hero [Td 4c]
Hero: folds
366b50e1: folds
96f530e: folds
bb368a36: folds
89c4e705: folds
Uncalled bet ($0.03) returned to 486aa958
*** SHOWDOWN ***
486aa958 collected $0.04 from pot
*** SUMMARY ***
Total pot $0.04 | Rake $0 | Jackpot $0 | Bingo $0 | Fortune $0 | Tax $0
Seat 1: 366b50e1 folded before Flop (didn't bet)
Seat 2: 96f530e folded before Flop (didn't bet)
Seat 3: bb368a36 (button) folded before Flop (didn't bet)
Seat 4: 89c4e705 (small blind) folded before Flop
Seat 5: 486aa958 (big blind) collected ($0.04)
Seat 6: Hero folded before Flop (didn't bet)


Poker Hand #HD1721274827: Hold'em No Limit ($0.02/$0.05) - 2024/04/08 17:21:42
Table 'NLHBlue57' 6-max Seat #2 is the button
Seat 1: 366b50e1 ($7.41 in chips)
Seat 2: 96f530e ($5.06 in chips)
Seat 3: bb368a36 ($4.87 in chips)
Seat 4: 89c4e705 ($5.2 in chips)
Seat 5: 486aa958 ($4.82 in chips)
Seat 6: Hero ($5.6 in chips)
bb368a36: posts small blind $0.02
89c4e705: posts big blind $0.05
*** HOLE CARDS ***
Dealt to 366b50e1 
Dealt to 96f530e 
Dealt to bb368a36 
Dealt to 89c4e705 
Dealt to 486aa958 
Dealt to Hero [2d 9s]
486aa958: folds
Hero: folds
366b50e1: folds
96f530e: folds
bb368a36: folds
Uncalled bet ($0.03) returned to 89c4e705
*** SHOWDOWN ***
89c4e705 collected $0.04 from pot
*** SUMMARY ***
Total pot $0.04 | Rake $0 | Jackpot $0 | Bingo $0 | Fortune $0 | Tax $0
Seat 1: 366b50e1 folded before Flop (didn't bet)
Seat 2: 96f530e (button) folded before Flop (didn't bet)
Seat 3: bb368a36 (small blind) folded before Flop
Seat 4: 89c4e705 (big blind) collected ($0.04)
Seat 5: 486aa958 folded before Flop (didn't bet)
Seat 6: Hero folded before Flop (didn't bet)


Poker Hand #HD1721274678: Hold'em No Limit ($0.02/$0.05) - 2024/04/08 17:20:45
Table 'NLHBlue57' 6-max Seat #1 is the button
Seat 1: 366b50e1 ($7.41 in chips)
Seat 2: 96f530e ($5.08 in chips)
Seat 3: bb368a36 ($5 in chips)
Seat 4: 89c4e705 ($5.2 in chips)
Seat 5: 486aa958 ($4.82 in chips)
Seat 6: Hero ($5.46 in chips)
96f530e: posts small blind $0.02
bb368a36: posts big blind $0.05
*** HOLE CARDS ***
Dealt to 366b50e1 
Dealt to 96f530e 
Dealt to bb368a36 
Dealt to 89c4e705 
Dealt to 486aa958 
Dealt to Hero [9h 7h]
89c4e705: folds
486aa958: folds
Hero: raises $0.08 to $0.13
366b50e1: folds
96f530e: folds
bb368a36: calls $0.08
*** FLOP *** [Ks Ac Ts]
bb368a36: checks
Hero: checks
*** TURN *** [Ks Ac Ts] [3c]
bb368a36: checks
Hero: checks
*** RIVER *** [Ks Ac Ts 3c] [9d]
bb368a36: checks
Hero: checks
bb368a36: shows [7c 7d] (Pair of Sevens)
Hero: shows [9h 7h] (Pair of Nines)
*** SHOWDOWN ***
Hero collected $0.27 from pot
*** SUMMARY ***
Total pot $0.28 | Rake $0.01 | Jackpot $0 | Bingo $0 | Fortune $0 | Tax $0
Board [Ks Ac Ts 3c 9d]
Seat 1: 366b50e1 (button) folded before Flop (didn't bet)
Seat 2: 96f530e (small blind) folded before Flop
Seat 3: bb368a36 (big blind) showed [7c 7d] and lost with Pair of Sevens
Seat 4: 89c4e705 folded before Flop (didn't bet)
Seat 5: 486aa958 folded before Flop (didn't bet)
Seat 6: Hero showed [9h 7h] and won ($0.27) with Pair of Nines


Poker Hand #HD1721274568: Hold'em No Limit ($0.02/$0.05) - 2024/04/08 17:20:03
Table 'NLHBlue57' 6-max Seat #6 is the button
Seat 1: 366b50e1 ($7.43 in chips)
Seat 2: 96f530e ($5.13 in chips)
Seat 4: 89c4e705 ($5.33 in chips)
Seat 5: 486aa958 ($4.82 in chips)
Seat 6: Hero ($5.27 in chips)
366b50e1: posts small blind $0.02
96f530e: posts big blind $0.05
*** HOLE CARDS ***
Dealt to 366b50e1 
Dealt to 96f530e 
Dealt to 89c4e705 
Dealt to 486aa958 
Dealt to Hero [Ad 5d]
89c4e705: raises $0.08 to $0.13
486aa958: folds
Hero: raises $0.27 to $0.4
366b50e1: folds
96f530e: folds
89c4e705: folds
Uncalled bet ($0.27) returned to Hero
*** SHOWDOWN ***
Hero collected $0.32 from pot
*** SUMMARY ***
Total pot $0.33 | Rake $0.01 | Jackpot $0 | Bingo $0 | Fortune $0 | Tax $0
Seat 1: 366b50e1 (small blind) folded before Flop
Seat 2: 96f530e (big blind) folded before Flop
Seat 4: 89c4e705 folded before Flop
Seat 5: 486aa958 folded before Flop (didn't bet)
Seat 6: Hero (button) collected ($0.32)


Poker Hand #HD1721274445: Hold'em No Limit ($0.02/$0.05) - 2024/04/08 17:19:14
Table 'NLHBlue57' 6-max Seat #5 is the button
Seat 1: 366b50e1 ($7.16 in chips)
Seat 2: 96f530e ($5.13 in chips)
Seat 4: 89c4e705 ($5.33 in chips)
Seat 5: 486aa958 ($5.09 in chips)
Seat 6: Hero ($5.29 in chips)
Hero: posts small blind $0.02
366b50e1: posts big blind $0.05
*** HOLE CARDS ***
Dealt to 366b50e1 
Dealt to 96f530e 
Dealt to 89c4e705 
Dealt to 486aa958 
Dealt to Hero [3c 9d]
96f530e: folds
89c4e705: folds
486aa958: calls $0.05
Hero: folds
366b50e1: checks
*** FLOP *** [Kh Ah Th]
366b50e1: checks
486aa958: checks
*** TURN *** [Kh Ah Th] [Qc]
366b50e1: bets $0.05
486aa958: calls $0.05
*** RIVER *** [Kh Ah Th Qc] [Qd]
366b50e1: bets $0.17
486aa958: calls $0.17
366b50e1: shows [Jd 9h] (Aces-High Straight)
486aa958: shows [As 8h] (Pair of Aces and Pair of Queens)
*** SHOWDOWN ***
366b50e1 collected $0.54 from pot
*** SUMMARY ***
Total pot $0.56 | Rake $0.02 | Jackpot $0 | Bingo $0 | Fortune $0 | Tax $0
Board [Kh Ah Th Qc Qd]
Seat 1: 366b50e1 (big blind) showed [Jd 9h] and won ($0.54) with Aces-High Straight
Seat 2: 96f530e folded before Flop (didn't bet)
Seat 4: 89c4e705 folded before Flop (didn't bet)
Seat 5: 486aa958 (button) showed [As 8h] and lost with Pair of Aces and Pair of Queens
Seat 6: Hero (small blind) folded before Flop


Poker Hand #HD1721274298: Hold'em No Limit ($0.02/$0.05) - 2024/04/08 17:18:13
Table 'NLHBlue57' 6-max Seat #4 is the button
Seat 1: 366b50e1 ($7.16 in chips)
Seat 2: 96f530e ($5 in chips)
Seat 4: 89c4e705 ($5.33 in chips)
Seat 5: 486aa958 ($5.11 in chips)
Seat 6: Hero ($5.41 in chips)
486aa958: posts small blind $0.02
Hero: posts big blind $0.05
*** HOLE CARDS ***
Dealt to 366b50e1 
Dealt to 96f530e 
Dealt to 89c4e705 
Dealt to 486aa958 
Dealt to Hero [Tc Ad]
366b50e1: folds
96f530e: raises $0.07 to $0.12
89c4e705: folds
486aa958: folds
Hero: calls $0.07
*** FLOP *** [2c 4d 4h]
Hero: checks
96f530e: bets $0.15
Hero: folds
Uncalled bet ($0.15) returned to 96f530e
*** SHOWDOWN ***
96f530e collected $0.25 from pot
*** SUMMARY ***
Total pot $0.26 | Rake $0.01 | Jackpot $0 | Bingo $0 | Fortune $0 | Tax $0
Board [2c 4d 4h]
Seat 1: 366b50e1 folded before Flop (didn't bet)
Seat 2: 96f530e won ($0.25)
Seat 4: 89c4e705 (button) folded before Flop (didn't bet)
Seat 5: 486aa958 (small blind) folded before Flop
Seat 6: Hero (big blind) folded on the Flop


Poker Hand #HD1721274266: Hold'em No Limit ($0.02/$0.05) - 2024/04/08 17:18:00
Table 'NLHBlue57' 6-max Seat #2 is the button
Seat 1: 366b50e1 ($7.16 in chips)
Seat 2: 96f530e ($5 in chips)
Seat 3: e331f6a5 ($2.96 in chips)
Seat 4: 89c4e705 ($5.31 in chips)
Seat 5: 486aa958 ($5.11 in chips)
Seat 6: Hero ($5.41 in chips)
e331f6a5: posts small blind $0.02
89c4e705: posts big blind $0.05
*** HOLE CARDS ***
Dealt to 366b50e1 
Dealt to 96f530e 
Dealt to e331f6a5 
Dealt to 89c4e705 
Dealt to 486aa958 
Dealt to Hero [7d 3c]
486aa958: folds
Hero: folds
366b50e1: folds
96f530e: folds
e331f6a5: folds
Uncalled bet ($0.03) returned to 89c4e705
*** SHOWDOWN ***
89c4e705 collected $0.04 from pot
*** SUMMARY ***
Total pot $0.04 | Rake $0 | Jackpot $0 | Bingo $0 | Fortune $0 | Tax $0
Seat 1: 366b50e1 folded before Flop (didn't bet)
Seat 2: 96f530e (button) folded before Flop (didn't bet)
Seat 3: e331f6a5 (small blind) folded before Flop
Seat 4: 89c4e705 (big blind) collected ($0.04)
Seat 5: 486aa958 folded before Flop (didn't bet)
Seat 6: Hero folded before Flop (didn't bet)


Poker Hand #HD1721274136: Hold'em No Limit ($0.02/$0.05) - 2024/04/08 17:17:08
Table 'NLHBlue57' 6-max Seat #1 is the button
Seat 1: 366b50e1 ($7.16 in chips)
Seat 2: 96f530e ($5 in chips)
Seat 3: e331f6a5 ($3.09 in chips)
Seat 4: 89c4e705 ($5.17 in chips)
Seat 5: 486aa958 ($5.11 in chips)
Seat 6: Hero ($5.41 in chips)
96f530e: posts small blind $0.02
e331f6a5: posts big blind $0.05
*** HOLE CARDS ***
Dealt to 366b50e1 
Dealt to 96f530e 
Dealt to e331f6a5 
Dealt to 89c4e705 
Dealt to 486aa958 
Dealt to Hero [8h 6d]
89c4e705: raises $0.08 to $0.13
486aa958: folds
Hero: folds
366b50e1: folds
96f530e: folds
e331f6a5: calls $0.08
*** FLOP *** [8s 5c 3c]
e331f6a5: checks
89c4e705: checks
*** TURN *** [8s 5c 3c] [Qc]
e331f6a5: checks
89c4e705: bets $0.21
e331f6a5: folds
Uncalled bet ($0.21) returned to 89c4e705
*** SHOWDOWN ***
89c4e705 collected $0.27 from pot
*** SUMMARY ***
Total pot $0.28 | Rake $0.01 | Jackpot $0 | Bingo $0 | Fortune $0 | Tax $0
Board [8s 5c 3c Qc]
Seat 1: 366b50e1 (button) folded before Flop (didn't bet)
Seat 2: 96f530e (small blind) folded before Flop
Seat 3: e331f6a5 (big blind) folded on the Turn
Seat 4: 89c4e705 won ($0.27)
Seat 5: 486aa958 folded before Flop (didn't bet)
Seat 6: Hero folded before Flop (didn't bet)


Poker Hand #HD1721274067: Hold'em No Limit ($0.02/$0.05) - 2024/04/08 17:16:45
Table 'NLHBlue57' 6-max Seat #6 is the button
Seat 1: 366b50e1 ($7.18 in chips)
Seat 2: 96f530e ($5 in chips)
Seat 3: e331f6a5 ($3.02 in chips)
Seat 4: 89c4e705 ($5.17 in chips)
Seat 5: 486aa958 ($5.11 in chips)
Seat 6: Hero ($5.41 in chips)
366b50e1: posts small blind $0.02
96f530e: posts big blind $0.05
*** HOLE CARDS ***
Dealt to 366b50e1 
Dealt to 96f530e 
Dealt to e331f6a5 
Dealt to 89c4e705 
Dealt to 486aa958 
Dealt to Hero [7h 7d]
e331f6a5: raises $0.15 to $0.2
89c4e705: folds
486aa958: folds
Hero: folds
366b50e1: folds
96f530e: folds
Uncalled bet ($0.15) returned to e331f6a5
*** SHOWDOWN ***
e331f6a5 collected $0.12 from pot
*** SUMMARY ***
Total pot $0.12 | Rake $0 | Jackpot $0 | Bingo $0 | Fortune $0 | Tax $0
Seat 1: 366b50e1 (small blind) folded before Flop
Seat 2: 96f530e (big blind) folded before Flop
Seat 3: e331f6a5 collected ($0.12)
Seat 4: 89c4e705 folded before Flop (didn't bet)
Seat 5: 486aa958 folded before Flop (didn't bet)
Seat 6: Hero (button) folded before Flop (didn't bet)


Poker Hand #HD1721274001: Hold'em No Limit ($0.02/$0.05) - 2024/04/08 17:16:23
Table 'NLHBlue57' 6-max Seat #5 is the button
Seat 1: 366b50e1 ($7.23 in chips)
Seat 2: 96f530e ($5 in chips)
Seat 3: e331f6a5 ($2.95 in chips)
Seat 4: 89c4e705 ($5.17 in chips)
Seat 5: 486aa958 ($5.11 in chips)
Seat 6: Hero ($5.43 in chips)
Hero: posts small blind $0.02
366b50e1: posts big blind $0.05
*** HOLE CARDS ***
Dealt to 366b50e1 
Dealt to 96f530e 
Dealt to e331f6a5 
Dealt to 89c4e705 
Dealt to 486aa958 
Dealt to Hero [Td 4h]
96f530e: folds
e331f6a5: calls $0.05
89c4e705: folds
486aa958: folds
Hero: folds
366b50e1: checks
*** FLOP *** [6s 5d Jd]
366b50e1: checks
e331f6a5: bets $0.09
366b50e1: folds
Uncalled bet ($0.09) returned to e331f6a5
*** SHOWDOWN ***
e331f6a5 collected $0.12 from pot
*** SUMMARY ***
Total pot $0.12 | Rake $0 | Jackpot $0 | Bingo $0 | Fortune $0 | Tax $0
Board [6s 5d Jd]
Seat 1: 366b50e1 (big blind) folded on the Flop
Seat 2: 96f530e folded before Flop (didn't bet)
Seat 3: e331f6a5 won ($0.12)
Seat 4: 89c4e705 folded before Flop (didn't bet)
Seat 5: 486aa958 (button) folded before Flop (didn't bet)
Seat 6: Hero (small blind) folded before Flop


Poker Hand #HD1721273917: Hold'em No Limit ($0.02/$0.05) - 2024/04/08 17:15:44
Table 'NLHBlue57' 6-max Seat #4 is the button
Seat 1: 366b50e1 ($7.23 in chips)
Seat 2: 96f530e ($5 in chips)
Seat 3: e331f6a5 ($2.88 in chips)
Seat 4: 89c4e705 ($5.17 in chips)
Seat 5: 486aa958 ($5.13 in chips)
Seat 6: Hero ($5.48 in chips)
486aa958: posts small blind $0.02
Hero: posts big blind $0.05
*** HOLE CARDS ***
Dealt to 366b50e1 
Dealt to 96f530e 
Dealt to e331f6a5 
Dealt to 89c4e705 
Dealt to 486aa958 
Dealt to Hero [Jc 4s]
366b50e1: folds
96f530e: folds
e331f6a5: calls $0.05
89c4e705: folds
486aa958: folds
Hero: checks
*** FLOP *** [Kh 9h 3d]
Hero: checks
e331f6a5: bets $0.09
Hero: folds
Uncalled bet ($0.09) returned to e331f6a5
*** SHOWDOWN ***
e331f6a5 collected $0.12 from pot
*** SUMMARY ***
Total pot $0.12 | Rake $0 | Jackpot $0 | Bingo $0 | Fortune $0 | Tax $0
Board [Kh 9h 3d]
Seat 1: 366b50e1 folded before Flop (didn't bet)
Seat 2: 96f530e folded before Flop (didn't bet)
Seat 3: e331f6a5 won ($0.12)
Seat 4: 89c4e705 (button) folded before Flop (didn't bet)
Seat 5: 486aa958 (small blind) folded before Flop
Seat 6: Hero (big blind) folded on the Flop


Poker Hand #HD1721273790: Hold'em No Limit ($0.02/$0.05) - 2024/04/08 17:14:54
Table 'NLHBlue57' 6-max Seat #3 is the button
Seat 1: 366b50e1 ($7.23 in chips)
Seat 2: 96f530e ($5 in chips)
Seat 3: e331f6a5 ($3.35 in chips)
Seat 4: 89c4e705 ($5.22 in chips)
Seat 5: 486aa958 ($4.67 in chips)
Seat 6: Hero ($5.48 in chips)
89c4e705: posts small blind $0.02
486aa958: posts big blind $0.05
*** HOLE CARDS ***
Dealt to 366b50e1 
Dealt to 96f530e 
Dealt to e331f6a5 
Dealt to 89c4e705 
Dealt to 486aa958 
Dealt to Hero [3h 9s]
Hero: folds
366b50e1: folds
96f530e: folds
e331f6a5: calls $0.05
89c4e705: calls $0.03
486aa958: checks
*** FLOP *** [Td Ac 4d]
89c4e705: checks
486aa958: bets $0.12
e331f6a5: raises $0.3 to $0.42
89c4e705: folds
486aa958: calls $0.3
*** TURN *** [Td Ac 4d] [3s]
486aa958: checks
e331f6a5: checks
*** RIVER *** [Td Ac 4d 3s] [7c]
486aa958: checks
e331f6a5: checks
486aa958: shows [Ad 9c] (Pair of Aces)
e331f6a5: shows [As 8d] (Pair of Aces)
*** SHOWDOWN ***
486aa958 collected $0.93 from pot
*** SUMMARY ***
Total pot $0.99 | Rake $0.06 | Jackpot $0 | Bingo $0 | Fortune $0 | Tax $0
Board [Td Ac 4d 3s 7c]
Seat 1: 366b50e1 folded before Flop (didn't bet)
Seat 2: 96f530e folded before Flop (didn't bet)
Seat 3: e331f6a5 (button) showed [As 8d] and lost with Pair of Aces
Seat 4: 89c4e705 (small blind) folded on the Flop
Seat 5: 486aa958 (big blind) showed [Ad 9c] and won ($0.93) with Pair of Aces
Seat 6: Hero folded before Flop (didn't bet)


Poker Hand #HD1721273594: Hold'em No Limit ($0.02/$0.05) - 2024/04/08 17:13:29
Table 'NLHBlue57' 6-max Seat #2 is the button
Seat 1: 366b50e1 ($7.23 in chips)
Seat 2: 96f530e ($5 in chips)
Seat 3: e331f6a5 ($3.26 in chips)
Seat 4: 89c4e705 ($5.32 in chips)
Seat 5: 486aa958 ($4.67 in chips)
Seat 6: Hero ($5.48 in chips)
e331f6a5: posts small blind $0.02
89c4e705: posts big blind $0.05
*** HOLE CARDS ***
Dealt to 366b50e1 
Dealt to 96f530e 
Dealt to e331f6a5 
Dealt to 89c4e705 
Dealt to 486aa958 
Dealt to Hero [Th 5s]
486aa958: folds
Hero: folds
366b50e1: folds
96f530e: folds
e331f6a5: calls $0.03
89c4e705: checks
*** FLOP *** [Ts 9d 2s]
e331f6a5: checks
89c4e705: checks
*** TURN *** [Ts 9d 2s] [Jc]
e331f6a5: checks
89c4e705: bets $0.05
e331f6a5: raises $0.2 to $0.25
89c4e705: folds
Uncalled bet ($0.2) returned to e331f6a5
*** SHOWDOWN ***
e331f6a5 collected $0.19 from pot
*** SUMMARY ***
Total pot $0.2 | Rake $0.01 | Jackpot $0 | Bingo $0 | Fortune $0 | Tax $0
Board [Ts 9d 2s Jc]
Seat 1: 366b50e1 folded before Flop (didn't bet)
Seat 2: 96f530e (button) folded before Flop (didn't bet)
Seat 3: e331f6a5 (small blind) won ($0.19)
Seat 4: 89c4e705 (big blind) folded on the Turn
Seat 5: 486aa958 folded before Flop (didn't bet)
Seat 6: Hero folded before Flop (didn't bet)


Poker Hand #HD1721273422: Hold'em No Limit ($0.02/$0.05) - 2024/04/08 17:12:18
Table 'NLHBlue57' 6-max Seat #1 is the button
Seat 1: 366b50e1 ($7.23 in chips)
Seat 2: 96f530e ($5 in chips)
Seat 3: e331f6a5 ($3.31 in chips)
Seat 4: 89c4e705 ($5.32 in chips)
Seat 5: 486aa958 ($5.12 in chips)
Seat 6: Hero ($5 in chips)
96f530e: posts small blind $0.02
e331f6a5: posts big blind $0.05
*** HOLE CARDS ***
Dealt to 366b50e1 
Dealt to 96f530e 
Dealt to e331f6a5 
Dealt to 89c4e705 
Dealt to 486aa958 
Dealt to Hero [Ks Kh]
89c4e705: folds
486aa958: raises $0.1 to $0.15
Hero: raises $0.3 to $0.45
366b50e1: folds
96f530e: folds
e331f6a5: folds
486aa958: calls $0.3
*** FLOP *** [6h Th Ac]
486aa958: checks
Hero: checks
*** TURN *** [6h Th Ac] [Jd]
486aa958: checks
Hero: checks
*** RIVER *** [6h Th Ac Jd] [2d]
486aa958: checks
Hero: checks
486aa958: shows [Qc Jh] (Pair of Jacks)
Hero: shows [Ks Kh] (Pair of Kings)
*** SHOWDOWN ***
Hero collected $0.93 from pot
*** SUMMARY ***
Total pot $0.97 | Rake $0.04 | Jackpot $0 | Bingo $0 | Fortune $0 | Tax $0
Board [6h Th Ac Jd 2d]
Seat 1: 366b50e1 (button) folded before Flop (didn't bet)
Seat 2: 96f530e (small blind) folded before Flop
Seat 3: e331f6a5 (big blind) folded before Flop
Seat 4: 89c4e705 folded before Flop (didn't bet)
Seat 5: 486aa958 showed [Qc Jh] and lost with Pair of Jacks
Seat 6: Hero showed [Ks Kh] and won ($0.93) with Pair of Kings


Poker Hand #HD1721273218: Hold'em No Limit ($0.02/$0.05) - 2024/04/08 17:10:48
Table 'NLHBlue57' 6-max Seat #6 is the button
Seat 1: 366b50e1 ($7.25 in chips)
Seat 2: 96f530e ($5 in chips)
Seat 3: e331f6a5 ($3.31 in chips)
Seat 4: 89c4e705 ($4.62 in chips)
Seat 5: 486aa958 ($5.12 in chips)
Seat 6: Hero ($5 in chips)
366b50e1: posts small blind $0.02
96f530e: posts big blind $0.05
*** HOLE CARDS ***
Dealt to 366b50e1 
Dealt to 96f530e 
Dealt to e331f6a5 
Dealt to 89c4e705 
Dealt to 486aa958 
Dealt to Hero [Kd Qd]
e331f6a5: folds
89c4e705: raises $0.08 to $0.13
486aa958: folds
Hero: raises $0.27 to $0.4
366b50e1: folds
96f530e: folds
89c4e705: calls $0.27
*** FLOP *** [Ah 6h Js]
89c4e705: checks
Hero: bets $0.3
89c4e705: calls $0.3
*** TURN *** [Ah 6h Js] [5c]
89c4e705: checks
Hero: checks
*** RIVER *** [Ah 6h Js 5c] [5h]
89c4e705: bets $0.3
Hero: folds
Uncalled bet ($0.3) returned to 89c4e705
*** SHOWDOWN ***
89c4e705 collected $1.4 from pot
*** SUMMARY ***
Total pot $1.47 | Rake $0.07 | Jackpot $0 | Bingo $0 | Fortune $0 | Tax $0
Board [Ah 6h Js 5c 5h]
Seat 1: 366b50e1 (small blind) folded before Flop
Seat 2: 96f530e (big blind) folded before Flop
Seat 3: e331f6a5 folded before Flop (didn't bet)
Seat 4: 89c4e705 won ($1.4)
Seat 5: 486aa958 folded before Flop (didn't bet)
Seat 6: Hero (button) folded on the River


Poker Hand #HD1721273055: Hold'em No Limit ($0.02/$0.05) - 2024/04/08 17:09:41
Table 'NLHBlue57' 6-max Seat #5 is the button
Seat 1: 366b50e1 ($7.18 in chips)
Seat 2: 96f530e ($5 in chips)
Seat 3: e331f6a5 ($3.36 in chips)
Seat 4: 89c4e705 ($4.62 in chips)
Seat 5: 486aa958 ($5.12 in chips)
Seat 6: Hero ($5 in chips)
Hero: posts small blind $0.02
366b50e1: posts big blind $0.05
*** HOLE CARDS ***
Dealt to 366b50e1 
Dealt to 96f530e 
Dealt to e331f6a5 
Dealt to 89c4e705 
Dealt to 486aa958 
Dealt to Hero [3d 9d]
96f530e: folds
e331f6a5: calls $0.05
89c4e705: folds
486aa958: folds
Hero: folds
366b50e1: checks
*** FLOP *** [Qd Th 4h]
366b50e1: checks
e331f6a5: checks
*** TURN *** [Qd Th 4h] [9c]
366b50e1: checks
e331f6a5: checks
*** RIVER *** [Qd Th 4h 9c] [5h]
366b50e1: checks
e331f6a5: checks
366b50e1: shows [4s 2c] (Pair of Fours)
e331f6a5: shows [8s 7s] (Queen-High)
*** SHOWDOWN ***
366b50e1 collected $0.12 from pot
*** SUMMARY ***
Total pot $0.12 | Rake $0 | Jackpot $0 | Bingo $0 | Fortune $0 | Tax $0
Board [Qd Th 4h 9c 5h]
Seat 1: 366b50e1 (big blind) showed [4s 2c] and won ($0.12) with Pair of Fours
Seat 2: 96f530e folded before Flop (didn't bet)
Seat 3: e331f6a5 showed [8s 7s] and lost with Queen-High
Seat 4: 89c4e705 folded before Flop (didn't bet)
Seat 5: 486aa958 (button) folded before Flop (didn't bet)
Seat 6: Hero (small blind) folded before Flop


Poker Hand #HD1721272748: Hold'em No Limit ($0.02/$0.05) - 2024/04/08 17:07:42
Table 'NLHBlue57' 6-max Seat #4 is the button
Seat 1: 366b50e1 ($6.59 in chips)
Seat 2: 96f530e ($5 in chips)
Seat 3: e331f6a5 ($3.81 in chips)
Seat 4: 89c4e705 ($4.74 in chips)
Seat 5: 486aa958 ($5.14 in chips)
Seat 6: Hero ($5 in chips)
486aa958: posts small blind $0.02
Hero: posts big blind $0.05
*** HOLE CARDS ***
Dealt to 366b50e1 
Dealt to 96f530e 
Dealt to e331f6a5 
Dealt to 89c4e705 
Dealt to 486aa958 
Dealt to Hero [2d Jc]
366b50e1: raises $0.07 to $0.12
96f530e: folds
e331f6a5: calls $0.12
89c4e705: calls $0.12
486aa958: folds
Hero: folds
*** FLOP *** [Ts 9s Ah]
366b50e1: checks
e331f6a5: checks
89c4e705: checks
*** TURN *** [Ts 9s Ah] [5h]
366b50e1: bets $0.33
e331f6a5: calls $0.33
89c4e705: folds
*** RIVER *** [Ts 9s Ah 5h] [Jd]
366b50e1: bets $1.5
e331f6a5: folds
Uncalled bet ($1.5) returned to 366b50e1
*** SHOWDOWN ***
366b50e1 collected $1.04 from pot
*** SUMMARY ***
Total pot $1.09 | Rake $0.05 | Jackpot $0 | Bingo $0 | Fortune $0 | Tax $0
Board [Ts 9s Ah 5h Jd]
Seat 1: 366b50e1 won ($1.04)
Seat 2: 96f530e folded before Flop (didn't bet)
Seat 3: e331f6a5 folded on the River
Seat 4: 89c4e705 (button) folded on the Turn
Seat 5: 486aa958 (small blind) folded before Flop
Seat 6: Hero (big blind) folded before Flop


