Poker Hand #HD1836080871: Hold'em No Limit ($0.05/$0.1) - 2024/06/29 17:50:10
Table 'NLHRed15' 6-max Seat #5 is the button
Seat 1: 104fb434 ($4.4 in chips)
Seat 2: Hero ($14.03 in chips)
Seat 3: f87e8677 ($12.18 in chips)
Seat 4: 7e8e0dd6 ($5.13 in chips)
Seat 5: 6910d878 ($12.32 in chips)
Seat 6: bf260b9d ($11.95 in chips)
bf260b9d: posts small blind $0.05
104fb434: posts big blind $0.1
*** HOLE CARDS ***
Dealt to 104fb434 
Dealt to Hero [8h 2d]
Dealt to f87e8677 
Dealt to 7e8e0dd6 
Dealt to 6910d878 
Dealt to bf260b9d 
Hero: folds
f87e8677: folds
7e8e0dd6: calls $0.1
6910d878: folds
bf260b9d: folds
104fb434: checks
*** FLOP *** [6c 9c 4s]
104fb434: checks
7e8e0dd6: checks
*** TURN *** [6c 9c 4s] [9s]
104fb434: bets $0.11
7e8e0dd6: folds
Uncalled bet ($0.11) returned to 104fb434
*** SHOWDOWN ***
104fb434 collected $0.24 from pot
*** SUMMARY ***
Total pot $0.25 | Rake $0.01 | Jackpot $0 | Bingo $0 | Fortune $0 | Tax $0
Board [6c 9c 4s 9s]
Seat 1: 104fb434 (big blind) won ($0.24)
Seat 2: Hero folded before Flop (didn't bet)
Seat 3: f87e8677 folded before Flop (didn't bet)
Seat 4: 7e8e0dd6 folded on the Turn
Seat 5: 6910d878 (button) folded before Flop (didn't bet)
Seat 6: bf260b9d (small blind) folded before Flop


Poker Hand #HD1836080737: Hold'em No Limit ($0.05/$0.1) - 2024/06/29 17:48:58
Table 'NLHRed15' 6-max Seat #4 is the button
Seat 1: 104fb434 ($4.4 in chips)
Seat 2: Hero ($14.03 in chips)
Seat 3: f87e8677 ($11.73 in chips)
Seat 4: 7e8e0dd6 ($5.13 in chips)
Seat 5: 6910d878 ($12.37 in chips)
Seat 6: bf260b9d ($12.39 in chips)
6910d878: posts small blind $0.05
bf260b9d: posts big blind $0.1
*** HOLE CARDS ***
Dealt to 104fb434 
Dealt to Hero [3h 7d]
Dealt to f87e8677 
Dealt to 7e8e0dd6 
Dealt to 6910d878 
Dealt to bf260b9d 
104fb434: folds
Hero: folds
f87e8677: raises $0.15 to $0.25
7e8e0dd6: folds
6910d878: folds
bf260b9d: calls $0.15
*** FLOP *** [4s 4h Jc]
bf260b9d: checks
f87e8677: bets $0.19
bf260b9d: calls $0.19
*** TURN *** [4s 4h Jc] [8c]
bf260b9d: checks
f87e8677: checks
*** RIVER *** [4s 4h Jc 8c] [9c]
bf260b9d: checks
f87e8677: checks
bf260b9d: shows [As 7s] (Pair of Fours)
f87e8677: shows [7h 7c] (Pair of Sevens and Pair of Fours)
*** SHOWDOWN ***
f87e8677 collected $0.89 from pot
*** SUMMARY ***
Total pot $0.93 | Rake $0.04 | Jackpot $0 | Bingo $0 | Fortune $0 | Tax $0
Board [4s 4h Jc 8c 9c]
Seat 1: 104fb434 folded before Flop (didn't bet)
Seat 2: Hero folded before Flop (didn't bet)
Seat 3: f87e8677 showed [7h 7c] and won ($0.89) with Pair of Sevens and Pair of Fours
Seat 4: 7e8e0dd6 (button) folded before Flop (didn't bet)
Seat 5: 6910d878 (small blind) folded before Flop
Seat 6: bf260b9d (big blind) showed [As 7s] and lost with Pair of Fours


Poker Hand #HD1836080707: Hold'em No Limit ($0.05/$0.1) - 2024/06/29 17:48:45
Table 'NLHRed15' 6-max Seat #3 is the button
Seat 1: 104fb434 ($4.4 in chips)
Seat 2: Hero ($14.03 in chips)
Seat 3: f87e8677 ($11.73 in chips)
Seat 4: 7e8e0dd6 ($5.18 in chips)
Seat 5: 6910d878 ($12.32 in chips)
Seat 6: bf260b9d ($12.39 in chips)
7e8e0dd6: posts small blind $0.05
6910d878: posts big blind $0.1
*** HOLE CARDS ***
Dealt to 104fb434 
Dealt to Hero [7h Jh]
Dealt to f87e8677 
Dealt to 7e8e0dd6 
Dealt to 6910d878 
Dealt to bf260b9d 
bf260b9d: folds
104fb434: folds
Hero: folds
f87e8677: folds
7e8e0dd6: folds
Uncalled bet ($0.05) returned to 6910d878
*** SHOWDOWN ***
6910d878 collected $0.1 from pot
*** SUMMARY ***
Total pot $0.1 | Rake $0 | Jackpot $0 | Bingo $0 | Fortune $0 | Tax $0
Seat 1: 104fb434 folded before Flop (didn't bet)
Seat 2: Hero folded before Flop (didn't bet)
Seat 3: f87e8677 (button) folded before Flop (didn't bet)
Seat 4: 7e8e0dd6 (small blind) folded before Flop
Seat 5: 6910d878 (big blind) collected ($0.1)
Seat 6: bf260b9d folded before Flop (didn't bet)


Poker Hand #HD1836080574: Hold'em No Limit ($0.05/$0.1) - 2024/06/29 17:47:42
Table 'NLHRed15' 6-max Seat #2 is the button
Seat 1: 104fb434 ($4.64 in chips)
Seat 2: Hero ($14.03 in chips)
Seat 3: f87e8677 ($11.78 in chips)
Seat 4: 7e8e0dd6 ($4.92 in chips)
Seat 5: 6910d878 ($12.32 in chips)
Seat 6: bf260b9d ($12.39 in chips)
f87e8677: posts small blind $0.05
7e8e0dd6: posts big blind $0.1
*** HOLE CARDS ***
Dealt to 104fb434 
Dealt to Hero [7s 8s]
Dealt to f87e8677 
Dealt to 7e8e0dd6 
Dealt to 6910d878 
Dealt to bf260b9d 
6910d878: folds
bf260b9d: folds
104fb434: raises $0.14 to $0.24
Hero: folds
f87e8677: folds
7e8e0dd6: calls $0.14
*** FLOP *** [9h 2h 5s]
7e8e0dd6: checks
104fb434: checks
*** TURN *** [9h 2h 5s] [Jd]
7e8e0dd6: bets $0.27
104fb434: folds
Uncalled bet ($0.27) returned to 7e8e0dd6
*** SHOWDOWN ***
7e8e0dd6 collected $0.5 from pot
*** SUMMARY ***
Total pot $0.53 | Rake $0.03 | Jackpot $0 | Bingo $0 | Fortune $0 | Tax $0
Board [9h 2h 5s Jd]
Seat 1: 104fb434 folded on the Turn
Seat 2: Hero (button) folded before Flop (didn't bet)
Seat 3: f87e8677 (small blind) folded before Flop
Seat 4: 7e8e0dd6 (big blind) won ($0.5)
Seat 5: 6910d878 folded before Flop (didn't bet)
Seat 6: bf260b9d folded before Flop (didn't bet)


Poker Hand #HD1836080516: Hold'em No Limit ($0.05/$0.1) - 2024/06/29 17:47:14
Table 'NLHRed15' 6-max Seat #1 is the button
Seat 1: 104fb434 ($4.89 in chips)
Seat 2: Hero ($13.47 in chips)
Seat 3: f87e8677 ($11.88 in chips)
Seat 4: 7e8e0dd6 ($4.92 in chips)
Seat 5: 6910d878 ($12.57 in chips)
Seat 6: bf260b9d ($12.39 in chips)
Hero: posts small blind $0.05
f87e8677: posts big blind $0.1
*** HOLE CARDS ***
Dealt to 104fb434 
Dealt to Hero [Qs Qc]
Dealt to f87e8677 
Dealt to 7e8e0dd6 
Dealt to 6910d878 
Dealt to bf260b9d 
7e8e0dd6: folds
6910d878: raises $0.15 to $0.25
bf260b9d: folds
104fb434: calls $0.25
Hero: raises $0.95 to $1.2
f87e8677: folds
6910d878: folds
104fb434: folds
Uncalled bet ($0.95) returned to Hero
*** SHOWDOWN ***
Hero collected $0.81 from pot
*** SUMMARY ***
Total pot $0.85 | Rake $0.04 | Jackpot $0 | Bingo $0 | Fortune $0 | Tax $0
Seat 1: 104fb434 (button) folded before Flop
Seat 2: Hero (small blind) collected ($0.81)
Seat 3: f87e8677 (big blind) folded before Flop
Seat 4: 7e8e0dd6 folded before Flop (didn't bet)
Seat 5: 6910d878 folded before Flop
Seat 6: bf260b9d folded before Flop (didn't bet)


Poker Hand #HD1836080416: Hold'em No Limit ($0.05/$0.1) - 2024/06/29 17:46:29
Table 'NLHRed15' 6-max Seat #6 is the button
Seat 1: 104fb434 ($4.94 in chips)
Seat 2: Hero ($13.72 in chips)
Seat 3: f87e8677 ($11.88 in chips)
Seat 4: 7e8e0dd6 ($4.92 in chips)
Seat 5: 6910d878 ($12.57 in chips)
Seat 6: bf260b9d ($12.11 in chips)
104fb434: posts small blind $0.05
Hero: posts big blind $0.1
*** HOLE CARDS ***
Dealt to 104fb434 
Dealt to Hero [Ks 9h]
Dealt to f87e8677 
Dealt to 7e8e0dd6 
Dealt to 6910d878 
Dealt to bf260b9d 
f87e8677: folds
7e8e0dd6: folds
6910d878: folds
bf260b9d: raises $0.15 to $0.25
104fb434: folds
Hero: calls $0.15
*** FLOP *** [2d 3d 7c]
Hero: checks
bf260b9d: bets $0.19
Hero: folds
Uncalled bet ($0.19) returned to bf260b9d
*** SHOWDOWN ***
bf260b9d collected $0.53 from pot
*** SUMMARY ***
Total pot $0.55 | Rake $0.02 | Jackpot $0 | Bingo $0 | Fortune $0 | Tax $0
Board [2d 3d 7c]
Seat 1: 104fb434 (small blind) folded before Flop
Seat 2: Hero (big blind) folded on the Flop
Seat 3: f87e8677 folded before Flop (didn't bet)
Seat 4: 7e8e0dd6 folded before Flop (didn't bet)
Seat 5: 6910d878 folded before Flop (didn't bet)
Seat 6: bf260b9d (button) won ($0.53)


Poker Hand #HD1836080289: Hold'em No Limit ($0.05/$0.1) - 2024/06/29 17:45:29
Table 'NLHRed15' 6-max Seat #5 is the button
Seat 1: 104fb434 ($3.72 in chips)
Seat 2: Hero ($13.72 in chips)
Seat 3: f87e8677 ($11.88 in chips)
Seat 4: 7e8e0dd6 ($4.92 in chips)
Seat 5: 6910d878 ($13.87 in chips)
Seat 6: bf260b9d ($12.16 in chips)
bf260b9d: posts small blind $0.05
104fb434: posts big blind $0.1
*** HOLE CARDS ***
Dealt to 104fb434 
Dealt to Hero [8h Kd]
Dealt to f87e8677 
Dealt to 7e8e0dd6 
Dealt to 6910d878 
Dealt to bf260b9d 
Hero: folds
f87e8677: folds
7e8e0dd6: folds
6910d878: raises $0.15 to $0.25
bf260b9d: folds
104fb434: calls $0.15
*** FLOP *** [9h 7h Td]
104fb434: checks
6910d878: checks
*** TURN *** [9h 7h Td] [Tc]
104fb434: bets $0.25
6910d878: raises $0.8 to $1.05
104fb434: calls $0.8
*** RIVER *** [9h 7h Td Tc] [Kh]
104fb434: checks
6910d878: checks
104fb434: shows [Ac Th] (Three Tens)
6910d878: shows [Ts Qs] (Three Tens)
*** SHOWDOWN ***
104fb434 collected $2.52 from pot
*** SUMMARY ***
Total pot $2.65 | Rake $0.13 | Jackpot $0 | Bingo $0 | Fortune $0 | Tax $0
Board [9h 7h Td Tc Kh]
Seat 1: 104fb434 (big blind) showed [Ac Th] and won ($2.52) with Three Tens
Seat 2: Hero folded before Flop (didn't bet)
Seat 3: f87e8677 folded before Flop (didn't bet)
Seat 4: 7e8e0dd6 folded before Flop (didn't bet)
Seat 5: 6910d878 (button) showed [Ts Qs] and lost with Three Tens
Seat 6: bf260b9d (small blind) folded before Flop


Poker Hand #HD1836080256: Hold'em No Limit ($0.05/$0.1) - 2024/06/29 17:45:17
Table 'NLHRed15' 6-max Seat #4 is the button
Seat 1: 104fb434 ($3.72 in chips)
Seat 2: Hero ($13.72 in chips)
Seat 3: f87e8677 ($11.88 in chips)
Seat 4: 7e8e0dd6 ($4.92 in chips)
Seat 5: 6910d878 ($13.92 in chips)
Seat 6: bf260b9d ($12.11 in chips)
6910d878: posts small blind $0.05
bf260b9d: posts big blind $0.1
*** HOLE CARDS ***
Dealt to 104fb434 
Dealt to Hero [Qh 6d]
Dealt to f87e8677 
Dealt to 7e8e0dd6 
Dealt to 6910d878 
Dealt to bf260b9d 
104fb434: folds
Hero: folds
f87e8677: folds
7e8e0dd6: folds
6910d878: folds
Uncalled bet ($0.05) returned to bf260b9d
*** SHOWDOWN ***
bf260b9d collected $0.1 from pot
*** SUMMARY ***
Total pot $0.1 | Rake $0 | Jackpot $0 | Bingo $0 | Fortune $0 | Tax $0
Seat 1: 104fb434 folded before Flop (didn't bet)
Seat 2: Hero folded before Flop (didn't bet)
Seat 3: f87e8677 folded before Flop (didn't bet)
Seat 4: 7e8e0dd6 (button) folded before Flop (didn't bet)
Seat 5: 6910d878 (small blind) folded before Flop
Seat 6: bf260b9d (big blind) collected ($0.1)


Poker Hand #HD1836080217: Hold'em No Limit ($0.05/$0.1) - 2024/06/29 17:44:55
Table 'NLHRed15' 6-max Seat #3 is the button
Seat 1: 104fb434 ($3.72 in chips)
Seat 2: Hero ($13.72 in chips)
Seat 3: f87e8677 ($11.88 in chips)
Seat 4: 7e8e0dd6 ($4.82 in chips)
Seat 5: 6910d878 ($14.02 in chips)
Seat 6: bf260b9d ($12.11 in chips)
7e8e0dd6: posts small blind $0.05
6910d878: posts big blind $0.1
*** HOLE CARDS ***
Dealt to 104fb434 
Dealt to Hero [5c 3c]
Dealt to f87e8677 
Dealt to 7e8e0dd6 
Dealt to 6910d878 
Dealt to bf260b9d 
bf260b9d: folds
104fb434: folds
Hero: folds
f87e8677: folds
7e8e0dd6: raises $0.1 to $0.2
6910d878: folds
Uncalled bet ($0.1) returned to 7e8e0dd6
*** SHOWDOWN ***
7e8e0dd6 collected $0.2 from pot
*** SUMMARY ***
Total pot $0.2 | Rake $0 | Jackpot $0 | Bingo $0 | Fortune $0 | Tax $0
Seat 1: 104fb434 folded before Flop (didn't bet)
Seat 2: Hero folded before Flop (didn't bet)
Seat 3: f87e8677 (button) folded before Flop (didn't bet)
Seat 4: 7e8e0dd6 (small blind) collected ($0.2)
Seat 5: 6910d878 (big blind) folded before Flop
Seat 6: bf260b9d folded before Flop (didn't bet)


Poker Hand #HD1836080092: Hold'em No Limit ($0.05/$0.1) - 2024/06/29 17:43:58
Table 'NLHRed15' 6-max Seat #2 is the button
Seat 1: 104fb434 ($3.72 in chips)
Seat 2: Hero ($13.72 in chips)
Seat 3: f87e8677 ($11.93 in chips)
Seat 4: 7e8e0dd6 ($5.35 in chips)
Seat 5: 6910d878 ($13.49 in chips)
Seat 6: bf260b9d ($12.11 in chips)
f87e8677: posts small blind $0.05
7e8e0dd6: posts big blind $0.1
*** HOLE CARDS ***
Dealt to 104fb434 
Dealt to Hero [6d 9d]
Dealt to f87e8677 
Dealt to 7e8e0dd6 
Dealt to 6910d878 
Dealt to bf260b9d 
6910d878: raises $0.15 to $0.25
bf260b9d: folds
104fb434: folds
Hero: folds
f87e8677: folds
7e8e0dd6: calls $0.15
*** FLOP *** [8c 5d 7s]
7e8e0dd6: checks
6910d878: checks
*** TURN *** [8c 5d 7s] [Tc]
7e8e0dd6: bets $0.28
6910d878: raises $0.77 to $1.05
7e8e0dd6: folds
Uncalled bet ($0.77) returned to 6910d878
*** SHOWDOWN ***
6910d878 collected $1.06 from pot
*** SUMMARY ***
Total pot $1.11 | Rake $0.05 | Jackpot $0 | Bingo $0 | Fortune $0 | Tax $0
Board [8c 5d 7s Tc]
Seat 1: 104fb434 folded before Flop (didn't bet)
Seat 2: Hero (button) folded before Flop (didn't bet)
Seat 3: f87e8677 (small blind) folded before Flop
Seat 4: 7e8e0dd6 (big blind) folded on the Turn
Seat 5: 6910d878 won ($1.06)
Seat 6: bf260b9d folded before Flop (didn't bet)


Poker Hand #HD1836079903: Hold'em No Limit ($0.05/$0.1) - 2024/06/29 17:42:21
Table 'NLHRed15' 6-max Seat #1 is the button
Seat 1: 104fb434 ($3.72 in chips)
Seat 2: Hero ($13.77 in chips)
Seat 3: f87e8677 ($13.34 in chips)
Seat 4: 79948ca3 ($15.47 in chips)
Seat 5: 6910d878 ($13.49 in chips)
Seat 6: bf260b9d ($10.22 in chips)
Hero: posts small blind $0.05
f87e8677: posts big blind $0.1
*** HOLE CARDS ***
Dealt to 104fb434 
Dealt to Hero [6c 2h]
Dealt to f87e8677 
Dealt to 79948ca3 
Dealt to 6910d878 
Dealt to bf260b9d 
79948ca3: raises $0.1 to $0.2
6910d878: folds
bf260b9d: raises $0.5 to $0.7
104fb434: folds
Hero: folds
f87e8677: calls $0.6
79948ca3: calls $0.5
*** FLOP *** [3h Kc 5d]
f87e8677: checks
79948ca3: checks
bf260b9d: checks
*** TURN *** [3h Kc 5d] [Qc]
f87e8677: bets $0.71
79948ca3: folds
bf260b9d: calls $0.71
*** RIVER *** [3h Kc 5d Qc] [6d]
f87e8677: checks
bf260b9d: checks
f87e8677: shows [Ah Th] (Ace-High)
bf260b9d: shows [Kh As] (Pair of Kings)
*** SHOWDOWN ***
bf260b9d collected $3.3 from pot
*** SUMMARY ***
Total pot $3.57 | Rake $0.17 | Jackpot $0.1 | Bingo $0 | Fortune $0 | Tax $0
Board [3h Kc 5d Qc 6d]
Seat 1: 104fb434 (button) folded before Flop (didn't bet)
Seat 2: Hero (small blind) folded before Flop
Seat 3: f87e8677 (big blind) showed [Ah Th] and lost with Ace-High
Seat 4: 79948ca3 folded on the Turn
Seat 5: 6910d878 folded before Flop (didn't bet)
Seat 6: bf260b9d showed [Kh As] and won ($3.3) with Pair of Kings


Poker Hand #HD1836079820: Hold'em No Limit ($0.05/$0.1) - 2024/06/29 17:41:41
Table 'NLHRed15' 6-max Seat #6 is the button
Seat 1: 104fb434 ($3.92 in chips)
Seat 2: Hero ($13.87 in chips)
Seat 3: f87e8677 ($13.34 in chips)
Seat 4: 79948ca3 ($15.19 in chips)
Seat 5: 6910d878 ($13.49 in chips)
Seat 6: bf260b9d ($10.22 in chips)
104fb434: posts small blind $0.05
Hero: posts big blind $0.1
*** HOLE CARDS ***
Dealt to 104fb434 
Dealt to Hero [2c 6c]
Dealt to f87e8677 
Dealt to 79948ca3 
Dealt to 6910d878 
Dealt to bf260b9d 
f87e8677: folds
79948ca3: raises $0.1 to $0.2
6910d878: folds
bf260b9d: folds
104fb434: calls $0.15
Hero: folds
*** FLOP *** [7d Kd Kh]
104fb434: checks
79948ca3: bets $0.17
104fb434: folds
Uncalled bet ($0.17) returned to 79948ca3
*** SHOWDOWN ***
79948ca3 collected $0.48 from pot
*** SUMMARY ***
Total pot $0.5 | Rake $0.02 | Jackpot $0 | Bingo $0 | Fortune $0 | Tax $0
Board [7d Kd Kh]
Seat 1: 104fb434 (small blind) folded on the Flop
Seat 2: Hero (big blind) folded before Flop
Seat 3: f87e8677 folded before Flop (didn't bet)
Seat 4: 79948ca3 won ($0.48)
Seat 5: 6910d878 folded before Flop (didn't bet)
Seat 6: bf260b9d (button) folded before Flop (didn't bet)


Poker Hand #HD1836079736: Hold'em No Limit ($0.05/$0.1) - 2024/06/29 17:41:01
Table 'NLHRed15' 6-max Seat #5 is the button
Seat 1: 104fb434 ($4.57 in chips)
Seat 2: Hero ($13.87 in chips)
Seat 3: f87e8677 ($13.59 in chips)
Seat 4: 79948ca3 ($14.32 in chips)
Seat 5: 6910d878 ($13.49 in chips)
Seat 6: bf260b9d ($10.27 in chips)
bf260b9d: posts small blind $0.05
104fb434: posts big blind $0.1
*** HOLE CARDS ***
Dealt to 104fb434 
Dealt to Hero [4h Ks]
Dealt to f87e8677 
Dealt to 79948ca3 
Dealt to 6910d878 
Dealt to bf260b9d 
Hero: folds
f87e8677: raises $0.15 to $0.25
79948ca3: calls $0.25
6910d878: folds
bf260b9d: folds
104fb434: calls $0.15
*** FLOP *** [4s 3c 8c]
104fb434: checks
f87e8677: checks
79948ca3: bets $0.4
104fb434: calls $0.4
f87e8677: folds
*** TURN *** [4s 3c 8c] [7c]
104fb434: checks
79948ca3: bets $1.2
104fb434: folds
Uncalled bet ($1.2) returned to 79948ca3
*** SHOWDOWN ***
79948ca3 collected $1.52 from pot
*** SUMMARY ***
Total pot $1.6 | Rake $0.08 | Jackpot $0 | Bingo $0 | Fortune $0 | Tax $0
Board [4s 3c 8c 7c]
Seat 1: 104fb434 (big blind) folded on the Turn
Seat 2: Hero folded before Flop (didn't bet)
Seat 3: f87e8677 folded on the Flop
Seat 4: 79948ca3 won ($1.52)
Seat 5: 6910d878 (button) folded before Flop (didn't bet)
Seat 6: bf260b9d (small blind) folded before Flop


Poker Hand #HD1836079538: Hold'em No Limit ($0.05/$0.1) - 2024/06/29 17:39:31
Table 'NLHRed15' 6-max Seat #4 is the button
Seat 1: 104fb434 ($3.22 in chips)
Seat 2: Hero ($13.87 in chips)
Seat 3: f87e8677 ($14.93 in chips)
Seat 4: 79948ca3 ($14.32 in chips)
Seat 5: 6910d878 ($13.54 in chips)
Seat 6: bf260b9d ($10.37 in chips)
6910d878: posts small blind $0.05
bf260b9d: posts big blind $0.1
*** HOLE CARDS ***
Dealt to 104fb434 
Dealt to Hero [7c Jc]
Dealt to f87e8677 
Dealt to 79948ca3 
Dealt to 6910d878 
Dealt to bf260b9d 
104fb434: calls $0.1
Hero: folds
f87e8677: raises $0.2 to $0.3
79948ca3: folds
6910d878: folds
bf260b9d: folds
104fb434: calls $0.2
*** FLOP *** [7s 9d 8h]
104fb434: checks
f87e8677: checks
*** TURN *** [7s 9d 8h] [Tc]
104fb434: bets $0.33
f87e8677: calls $0.33
*** RIVER *** [7s 9d 8h Tc] [Qh]
104fb434: checks
f87e8677: bets $0.71
104fb434: calls $0.71
f87e8677: shows [6s 6d] (Tens-High Straight)
104fb434: shows [Jd 8d] (Queens-High Straight)
*** SHOWDOWN ***
104fb434 collected $2.69 from pot
*** SUMMARY ***
Total pot $2.83 | Rake $0.14 | Jackpot $0 | Bingo $0 | Fortune $0 | Tax $0
Board [7s 9d 8h Tc Qh]
Seat 1: 104fb434 showed [Jd 8d] and won ($2.69) with Queens-High Straight
Seat 2: Hero folded before Flop (didn't bet)
Seat 3: f87e8677 showed [6s 6d] and lost with Tens-High Straight
Seat 4: 79948ca3 (button) folded before Flop (didn't bet)
Seat 5: 6910d878 (small blind) folded before Flop
Seat 6: bf260b9d (big blind) folded before Flop


Poker Hand #HD1836079515: Hold'em No Limit ($0.05/$0.1) - 2024/06/29 17:39:20
Table 'NLHRed15' 6-max Seat #3 is the button
Seat 1: 104fb434 ($3.22 in chips)
Seat 2: Hero ($13.87 in chips)
Seat 3: f87e8677 ($14.93 in chips)
Seat 4: 79948ca3 ($14.37 in chips)
Seat 5: 6910d878 ($13.49 in chips)
Seat 6: bf260b9d ($10.37 in chips)
79948ca3: posts small blind $0.05
6910d878: posts big blind $0.1
*** HOLE CARDS ***
Dealt to 104fb434 
Dealt to Hero [2d Td]
Dealt to f87e8677 
Dealt to 79948ca3 
Dealt to 6910d878 
Dealt to bf260b9d 
bf260b9d: folds
104fb434: folds
Hero: folds
f87e8677: folds
79948ca3: folds
Uncalled bet ($0.05) returned to 6910d878
*** SHOWDOWN ***
6910d878 collected $0.1 from pot
*** SUMMARY ***
Total pot $0.1 | Rake $0 | Jackpot $0 | Bingo $0 | Fortune $0 | Tax $0
Seat 1: 104fb434 folded before Flop (didn't bet)
Seat 2: Hero folded before Flop (didn't bet)
Seat 3: f87e8677 (button) folded before Flop (didn't bet)
Seat 4: 79948ca3 (small blind) folded before Flop
Seat 5: 6910d878 (big blind) collected ($0.1)
Seat 6: bf260b9d folded before Flop (didn't bet)


Poker Hand #HD1836079459: Hold'em No Limit ($0.05/$0.1) - 2024/06/29 17:38:54
Table 'NLHRed15' 6-max Seat #2 is the button
Seat 1: 104fb434 ($3.46 in chips)
Seat 2: Hero ($13.87 in chips)
Seat 3: f87e8677 ($14.98 in chips)
Seat 4: 79948ca3 ($14.1 in chips)
Seat 5: 6910d878 ($13.49 in chips)
Seat 6: bf260b9d ($10.37 in chips)
f87e8677: posts small blind $0.05
79948ca3: posts big blind $0.1
*** HOLE CARDS ***
Dealt to 104fb434 
Dealt to Hero [3c 6c]
Dealt to f87e8677 
Dealt to 79948ca3 
Dealt to 6910d878 
Dealt to bf260b9d 
6910d878: folds
bf260b9d: folds
104fb434: raises $0.14 to $0.24
Hero: folds
f87e8677: folds
79948ca3: calls $0.14
*** FLOP *** [3d Jc Jd]
79948ca3: bets $0.18
104fb434: folds
Uncalled bet ($0.18) returned to 79948ca3
*** SHOWDOWN ***
79948ca3 collected $0.51 from pot
*** SUMMARY ***
Total pot $0.53 | Rake $0.02 | Jackpot $0 | Bingo $0 | Fortune $0 | Tax $0
Board [3d Jc Jd]
Seat 1: 104fb434 folded on the Flop
Seat 2: Hero (button) folded before Flop (didn't bet)
Seat 3: f87e8677 (small blind) folded before Flop
Seat 4: 79948ca3 (big blind) won ($0.51)
Seat 5: 6910d878 folded before Flop (didn't bet)
Seat 6: bf260b9d folded before Flop (didn't bet)


Poker Hand #HD1836079410: Hold'em No Limit ($0.05/$0.1) - 2024/06/29 17:38:33
Table 'NLHRed15' 6-max Seat #1 is the button
Seat 1: 104fb434 ($3.46 in chips)
Seat 2: Hero ($13.77 in chips)
Seat 3: f87e8677 ($15.08 in chips)
Seat 4: 79948ca3 ($14.1 in chips)
Seat 5: 6910d878 ($13.49 in chips)
Seat 6: bf260b9d ($10.37 in chips)
Hero: posts small blind $0.05
f87e8677: posts big blind $0.1
*** HOLE CARDS ***
Dealt to 104fb434 
Dealt to Hero [Jd Ts]
Dealt to f87e8677 
Dealt to 79948ca3 
Dealt to 6910d878 
Dealt to bf260b9d 
79948ca3: folds
6910d878: folds
bf260b9d: folds
104fb434: folds
Hero: raises $0.2 to $0.3
f87e8677: folds
Uncalled bet ($0.2) returned to Hero
*** SHOWDOWN ***
Hero collected $0.2 from pot
*** SUMMARY ***
Total pot $0.2 | Rake $0 | Jackpot $0 | Bingo $0 | Fortune $0 | Tax $0
Seat 1: 104fb434 (button) folded before Flop (didn't bet)
Seat 2: Hero (small blind) collected ($0.2)
Seat 3: f87e8677 (big blind) folded before Flop
Seat 4: 79948ca3 folded before Flop (didn't bet)
Seat 5: 6910d878 folded before Flop (didn't bet)
Seat 6: bf260b9d folded before Flop (didn't bet)


Poker Hand #HD1836079298: Hold'em No Limit ($0.05/$0.1) - 2024/06/29 17:37:44
Table 'NLHRed15' 6-max Seat #6 is the button
Seat 1: 104fb434 ($3.51 in chips)
Seat 2: Hero ($13.87 in chips)
Seat 3: f87e8677 ($15.08 in chips)
Seat 4: 79948ca3 ($14.1 in chips)
Seat 5: 6910d878 ($13.74 in chips)
Seat 6: bf260b9d ($10 in chips)
104fb434: posts small blind $0.05
Hero: posts big blind $0.1
*** HOLE CARDS ***
Dealt to 104fb434 
Dealt to Hero [3h 2s]
Dealt to f87e8677 
Dealt to 79948ca3 
Dealt to 6910d878 
Dealt to bf260b9d 
f87e8677: folds
79948ca3: folds
6910d878: raises $0.15 to $0.25
bf260b9d: raises $0.49 to $0.74
104fb434: folds
Hero: folds
6910d878: folds
Uncalled bet ($0.49) returned to bf260b9d
*** SHOWDOWN ***
bf260b9d collected $0.62 from pot
*** SUMMARY ***
Total pot $0.65 | Rake $0.03 | Jackpot $0 | Bingo $0 | Fortune $0 | Tax $0
Seat 1: 104fb434 (small blind) folded before Flop
Seat 2: Hero (big blind) folded before Flop
Seat 3: f87e8677 folded before Flop (didn't bet)
Seat 4: 79948ca3 folded before Flop (didn't bet)
Seat 5: 6910d878 folded before Flop
Seat 6: bf260b9d (button) collected ($0.62)


Poker Hand #HD1836079241: Hold'em No Limit ($0.05/$0.1) - 2024/06/29 17:37:15
Table 'NLHRed15' 6-max Seat #5 is the button
Seat 1: 104fb434 ($3.23 in chips)
Seat 2: Hero ($13.87 in chips)
Seat 3: f87e8677 ($15.08 in chips)
Seat 4: 79948ca3 ($14.1 in chips)
Seat 5: 6910d878 ($13.99 in chips)
Seat 6: bf260b9d ($10 in chips)
bf260b9d: posts small blind $0.05
104fb434: posts big blind $0.1
*** HOLE CARDS ***
Dealt to 104fb434 
Dealt to Hero [9s Qc]
Dealt to f87e8677 
Dealt to 79948ca3 
Dealt to 6910d878 
Dealt to bf260b9d 
Hero: folds
f87e8677: folds
79948ca3: folds
6910d878: raises $0.15 to $0.25
bf260b9d: folds
104fb434: calls $0.15
*** FLOP *** [5d Jh 6d]
104fb434: checks
6910d878: checks
*** TURN *** [5d Jh 6d] [6c]
104fb434: bets $0.21
6910d878: folds
Uncalled bet ($0.21) returned to 104fb434
*** SHOWDOWN ***
104fb434 collected $0.53 from pot
*** SUMMARY ***
Total pot $0.55 | Rake $0.02 | Jackpot $0 | Bingo $0 | Fortune $0 | Tax $0
Board [5d Jh 6d 6c]
Seat 1: 104fb434 (big blind) won ($0.53)
Seat 2: Hero folded before Flop (didn't bet)
Seat 3: f87e8677 folded before Flop (didn't bet)
Seat 4: 79948ca3 folded before Flop (didn't bet)
Seat 5: 6910d878 (button) folded on the Turn
Seat 6: bf260b9d (small blind) folded before Flop


Poker Hand #HD1836079175: Hold'em No Limit ($0.05/$0.1) - 2024/06/29 17:36:41
Table 'NLHRed15' 6-max Seat #4 is the button
Seat 1: 104fb434 ($3.23 in chips)
Seat 2: Hero ($13.87 in chips)
Seat 3: f87e8677 ($15.08 in chips)
Seat 4: 79948ca3 ($13.96 in chips)
Seat 5: 6910d878 ($14.04 in chips)
Seat 6: bf260b9d ($10 in chips)
6910d878: posts small blind $0.05
bf260b9d: posts big blind $0.1
*** HOLE CARDS ***
Dealt to 104fb434 
Dealt to Hero [Ah 7c]
Dealt to f87e8677 
Dealt to 79948ca3 
Dealt to 6910d878 
Dealt to bf260b9d 
104fb434: folds
Hero: folds
f87e8677: folds
79948ca3: calls $0.1
6910d878: folds
bf260b9d: checks
*** FLOP *** [5s Kd 8c]
bf260b9d: checks
79948ca3: bets $0.25
bf260b9d: folds
Uncalled bet ($0.25) returned to 79948ca3
*** SHOWDOWN ***
79948ca3 collected $0.24 from pot
*** SUMMARY ***
Total pot $0.25 | Rake $0.01 | Jackpot $0 | Bingo $0 | Fortune $0 | Tax $0
Board [5s Kd 8c]
Seat 1: 104fb434 folded before Flop (didn't bet)
Seat 2: Hero folded before Flop (didn't bet)
Seat 3: f87e8677 folded before Flop (didn't bet)
Seat 4: 79948ca3 (button) won ($0.24)
Seat 5: 6910d878 (small blind) folded before Flop
Seat 6: bf260b9d (big blind) folded on the Flop


Poker Hand #HD1836079082: Hold'em No Limit ($0.05/$0.1) - 2024/06/29 17:35:57
Table 'NLHRed15' 6-max Seat #3 is the button
Seat 1: 104fb434 ($3.23 in chips)
Seat 2: Hero ($14.31 in chips)
Seat 3: f87e8677 ($15.08 in chips)
Seat 4: 79948ca3 ($13.46 in chips)
Seat 5: 6910d878 ($14.14 in chips)
79948ca3: posts small blind $0.05
6910d878: posts big blind $0.1
*** HOLE CARDS ***
Dealt to 104fb434 
Dealt to Hero [Kc Ac]
Dealt to f87e8677 
Dealt to 79948ca3 
Dealt to 6910d878 
104fb434: folds
Hero: raises $0.14 to $0.24
f87e8677: folds
79948ca3: calls $0.19
6910d878: folds
*** FLOP *** [8c 9d 5d]
79948ca3: bets $0.2
Hero: calls $0.2
*** TURN *** [8c 9d 5d] [3h]
79948ca3: bets $0.33
Hero: folds
Uncalled bet ($0.33) returned to 79948ca3
*** SHOWDOWN ***
79948ca3 collected $0.94 from pot
*** SUMMARY ***
Total pot $0.98 | Rake $0.04 | Jackpot $0 | Bingo $0 | Fortune $0 | Tax $0
Board [8c 9d 5d 3h]
Seat 1: 104fb434 folded before Flop (didn't bet)
Seat 2: Hero folded on the Turn
Seat 3: f87e8677 (button) folded before Flop (didn't bet)
Seat 4: 79948ca3 (small blind) won ($0.94)
Seat 5: 6910d878 (big blind) folded before Flop


Poker Hand #HD1836079012: Hold'em No Limit ($0.05/$0.1) - 2024/06/29 17:35:22
Table 'NLHRed15' 6-max Seat #2 is the button
Seat 1: 104fb434 ($3.23 in chips)
Seat 2: Hero ($15.11 in chips)
Seat 3: f87e8677 ($15.13 in chips)
Seat 4: 79948ca3 ($12.45 in chips)
Seat 5: 6910d878 ($14.39 in chips)
f87e8677: posts small blind $0.05
79948ca3: posts big blind $0.1
*** HOLE CARDS ***
Dealt to 104fb434 
Dealt to Hero [Qs Ac]
Dealt to f87e8677 
Dealt to 79948ca3 
Dealt to 6910d878 
6910d878: raises $0.15 to $0.25
104fb434: folds
Hero: raises $0.55 to $0.8
f87e8677: folds
79948ca3: raises $0.95 to $1.75
6910d878: folds
Hero: folds
Uncalled bet ($0.95) returned to 79948ca3
79948ca3: shows [Jh Jd]
*** SHOWDOWN ***
79948ca3 collected $1.81 from pot
*** SUMMARY ***
Total pot $1.9 | Rake $0.09 | Jackpot $0 | Bingo $0 | Fortune $0 | Tax $0
Seat 1: 104fb434 folded before Flop (didn't bet)
Seat 2: Hero (button) folded before Flop
Seat 3: f87e8677 (small blind) folded before Flop
Seat 4: 79948ca3 (big blind) showed [Jh Jd] and collected ($1.81)
Seat 5: 6910d878 folded before Flop


Poker Hand #HD1836078980: Hold'em No Limit ($0.05/$0.1) - 2024/06/29 17:35:08
Table 'NLHRed15' 6-max Seat #1 is the button
Seat 1: 104fb434 ($3.23 in chips)
Seat 2: Hero ($15.16 in chips)
Seat 3: f87e8677 ($15.23 in chips)
Seat 4: 79948ca3 ($12.3 in chips)
Seat 5: 6910d878 ($14.39 in chips)
Hero: posts small blind $0.05
f87e8677: posts big blind $0.1
*** HOLE CARDS ***
Dealt to 104fb434 
Dealt to Hero [7c 3h]
Dealt to f87e8677 
Dealt to 79948ca3 
Dealt to 6910d878 
79948ca3: raises $0.3 to $0.4
6910d878: folds
104fb434: folds
Hero: folds
f87e8677: folds
Uncalled bet ($0.3) returned to 79948ca3
*** SHOWDOWN ***
79948ca3 collected $0.25 from pot
*** SUMMARY ***
Total pot $0.25 | Rake $0 | Jackpot $0 | Bingo $0 | Fortune $0 | Tax $0
Seat 1: 104fb434 (button) folded before Flop (didn't bet)
Seat 2: Hero (small blind) folded before Flop
Seat 3: f87e8677 (big blind) folded before Flop
Seat 4: 79948ca3 collected ($0.25)
Seat 5: 6910d878 folded before Flop (didn't bet)


Poker Hand #HD1836078825: Hold'em No Limit ($0.05/$0.1) - 2024/06/29 17:33:50
Table 'NLHRed15' 6-max Seat #5 is the button
Seat 1: 104fb434 ($3.33 in chips)
Seat 2: Hero ($15.16 in chips)
Seat 3: f87e8677 ($11.67 in chips)
Seat 4: 79948ca3 ($12.3 in chips)
Seat 5: 6910d878 ($14.39 in chips)
Seat 6: 5c58574a ($9.16 in chips)
5c58574a: posts small blind $0.05
104fb434: posts big blind $0.1
*** HOLE CARDS ***
Dealt to 104fb434 
Dealt to Hero [Tc 8s]
Dealt to f87e8677 
Dealt to 79948ca3 
Dealt to 6910d878 
Dealt to 5c58574a 
Hero: folds
f87e8677: raises $0.15 to $0.25
79948ca3: folds
6910d878: folds
5c58574a: raises $0.45 to $0.7
104fb434: folds
f87e8677: calls $0.45
*** FLOP *** [2c Jc Ad]
5c58574a: checks
f87e8677: checks
*** TURN *** [2c Jc Ad] [Qh]
5c58574a: bets $0.75
f87e8677: calls $0.75
*** RIVER *** [2c Jc Ad Qh] [4c]
5c58574a: bets $2.5
f87e8677: calls $2.5
5c58574a: shows [Kc Kh] (Pair of Kings)
f87e8677: shows [Qs Qd] (Three Queens)
*** SHOWDOWN ***
f87e8677 collected $7.51 from pot
*** SUMMARY ***
Total pot $8 | Rake $0.39 | Jackpot $0.1 | Bingo $0 | Fortune $0 | Tax $0
Board [2c Jc Ad Qh 4c]
Seat 1: 104fb434 (big blind) folded before Flop
Seat 2: Hero folded before Flop (didn't bet)
Seat 3: f87e8677 showed [Qs Qd] and won ($7.51) with Three Queens
Seat 4: 79948ca3 folded before Flop (didn't bet)
Seat 5: 6910d878 (button) folded before Flop (didn't bet)
Seat 6: 5c58574a (small blind) showed [Kc Kh] and lost with Pair of Kings


Poker Hand #HD1836078728: Hold'em No Limit ($0.05/$0.1) - 2024/06/29 17:32:59
Table 'NLHRed15' 6-max Seat #4 is the button
Seat 1: 104fb434 ($3.33 in chips)
Seat 2: Hero ($15.16 in chips)
Seat 3: f87e8677 ($9.85 in chips)
Seat 4: 79948ca3 ($14.27 in chips)
Seat 5: 6910d878 ($14.44 in chips)
Seat 6: 5c58574a ($9.26 in chips)
6910d878: posts small blind $0.05
5c58574a: posts big blind $0.1
*** HOLE CARDS ***
Dealt to 104fb434 
Dealt to Hero [7d Qd]
Dealt to f87e8677 
Dealt to 79948ca3 
Dealt to 6910d878 
Dealt to 5c58574a 
104fb434: folds
Hero: folds
f87e8677: raises $0.15 to $0.25
79948ca3: calls $0.25
6910d878: folds
5c58574a: folds
*** FLOP *** [9s 3s Jd]
f87e8677: checks
79948ca3: checks
*** TURN *** [9s 3s Jd] [Ac]
f87e8677: bets $0.49
79948ca3: calls $0.49
*** RIVER *** [9s 3s Jd Ac] [3d]
f87e8677: bets $1.23
79948ca3: calls $1.23
f87e8677: shows [As Kh] (Pair of Aces and Pair of Treys)
79948ca3: shows [Ad 6h] (Pair of Aces and Pair of Treys)
*** SHOWDOWN ***
f87e8677 collected $3.79 from pot
*** SUMMARY ***
Total pot $4.09 | Rake $0.2 | Jackpot $0.1 | Bingo $0 | Fortune $0 | Tax $0
Board [9s 3s Jd Ac 3d]
Seat 1: 104fb434 folded before Flop (didn't bet)
Seat 2: Hero folded before Flop (didn't bet)
Seat 3: f87e8677 showed [As Kh] and won ($3.79) with Pair of Aces and Pair of Treys
Seat 4: 79948ca3 (button) showed [Ad 6h] and lost with Pair of Aces and Pair of Treys
Seat 5: 6910d878 (small blind) folded before Flop
Seat 6: 5c58574a (big blind) folded before Flop


Poker Hand #HD1836078643: Hold'em No Limit ($0.05/$0.1) - 2024/06/29 17:32:18
Table 'NLHRed15' 6-max Seat #3 is the button
Seat 1: 104fb434 ($1.2 in chips)
Seat 2: Hero ($15.16 in chips)
Seat 3: f87e8677 ($9.85 in chips)
Seat 4: 79948ca3 ($15.47 in chips)
Seat 5: 6910d878 ($15.64 in chips)
Seat 6: 5c58574a ($9.26 in chips)
79948ca3: posts small blind $0.05
6910d878: posts big blind $0.1
*** HOLE CARDS ***
Dealt to 104fb434 
Dealt to Hero [3h 9d]
Dealt to f87e8677 
Dealt to 79948ca3 
Dealt to 6910d878 
Dealt to 5c58574a 
5c58574a: folds
104fb434: raises $1.1 to $1.2 and is all-in
Hero: folds
f87e8677: folds
79948ca3: calls $1.15
6910d878: calls $1.1
*** FLOP *** [Tc Jd Qh]
79948ca3: checks
6910d878: checks
*** TURN *** [Tc Jd Qh] [4h]
79948ca3: checks
6910d878: bets $1.2
79948ca3: folds
Uncalled bet ($1.2) returned to 6910d878
6910d878: shows [Ad Jc] (Pair of Jacks)
104fb434: shows [Ks Ah] (Aces-High Straight)
*** RIVER *** [Tc Jd Qh 4h] [6h]
*** SHOWDOWN ***
104fb434 collected $3.33 from pot
*** SUMMARY ***
Total pot $3.6 | Rake $0.17 | Jackpot $0.1 | Bingo $0 | Fortune $0 | Tax $0
Board [Tc Jd Qh 4h 6h]
Seat 1: 104fb434 showed [Ks Ah] and won ($3.33) with Aces-High Straight
Seat 2: Hero folded before Flop (didn't bet)
Seat 3: f87e8677 (button) folded before Flop (didn't bet)
Seat 4: 79948ca3 (small blind) folded on the Turn
Seat 5: 6910d878 (big blind) showed [Ad Jc] and lost with Pair of Jacks
Seat 6: 5c58574a folded before Flop (didn't bet)


Poker Hand #HD1836078550: Hold'em No Limit ($0.05/$0.1) - 2024/06/29 17:31:34
Table 'NLHRed15' 6-max Seat #2 is the button
Seat 1: 104fb434 ($2 in chips)
Seat 2: Hero ($14.29 in chips)
Seat 3: f87e8677 ($9.9 in chips)
Seat 4: 79948ca3 ($15.57 in chips)
Seat 5: 6910d878 ($15.64 in chips)
Seat 6: 5c58574a ($9.26 in chips)
f87e8677: posts small blind $0.05
79948ca3: posts big blind $0.1
*** HOLE CARDS ***
Dealt to 104fb434 
Dealt to Hero [5c Ac]
Dealt to f87e8677 
Dealt to 79948ca3 
Dealt to 6910d878 
Dealt to 5c58574a 
6910d878: folds
5c58574a: folds
104fb434: raises $0.14 to $0.24
Hero: raises $0.56 to $0.8
f87e8677: folds
79948ca3: folds
104fb434: calls $0.56
*** FLOP *** [2c 6s 5s]
104fb434: checks
Hero: bets $0.58
104fb434: folds
Uncalled bet ($0.58) returned to Hero
*** SHOWDOWN ***
Hero collected $1.67 from pot
*** SUMMARY ***
Total pot $1.75 | Rake $0.08 | Jackpot $0 | Bingo $0 | Fortune $0 | Tax $0
Board [2c 6s 5s]
Seat 1: 104fb434 folded on the Flop
Seat 2: Hero (button) won ($1.67)
Seat 3: f87e8677 (small blind) folded before Flop
Seat 4: 79948ca3 (big blind) folded before Flop
Seat 5: 6910d878 folded before Flop (didn't bet)
Seat 6: 5c58574a folded before Flop (didn't bet)


Poker Hand #HD1836078440: Hold'em No Limit ($0.05/$0.1) - 2024/06/29 17:30:37
Table 'NLHRed15' 6-max Seat #1 is the button
Seat 1: 104fb434 ($2 in chips)
Seat 2: Hero ($14.34 in chips)
Seat 3: f87e8677 ($10 in chips)
Seat 4: 79948ca3 ($16.87 in chips)
Seat 5: 6910d878 ($15.64 in chips)
Seat 6: 5c58574a ($7.94 in chips)
Hero: posts small blind $0.05
f87e8677: posts big blind $0.1
*** HOLE CARDS ***
Dealt to 104fb434 
Dealt to Hero [8h 7s]
Dealt to f87e8677 
Dealt to 79948ca3 
Dealt to 6910d878 
Dealt to 5c58574a 
79948ca3: raises $0.1 to $0.2
6910d878: folds
5c58574a: raises $0.55 to $0.75
104fb434: folds
Hero: folds
f87e8677: folds
79948ca3: calls $0.55
*** FLOP *** [8s 5d Th]
79948ca3: bets $0.55
5c58574a: calls $0.55
*** TURN *** [8s 5d Th] [Qd]
79948ca3: checks
5c58574a: bets $1.6
79948ca3: folds
Uncalled bet ($1.6) returned to 5c58574a
*** SHOWDOWN ***
5c58574a collected $2.62 from pot
*** SUMMARY ***
Total pot $2.75 | Rake $0.13 | Jackpot $0 | Bingo $0 | Fortune $0 | Tax $0
Board [8s 5d Th Qd]
Seat 1: 104fb434 (button) folded before Flop (didn't bet)
Seat 2: Hero (small blind) folded before Flop
Seat 3: f87e8677 (big blind) folded before Flop
Seat 4: 79948ca3 folded on the Turn
Seat 5: 6910d878 folded before Flop (didn't bet)
Seat 6: 5c58574a won ($2.62)


Poker Hand #HD1836078353: Hold'em No Limit ($0.05/$0.1) - 2024/06/29 17:29:57
Table 'NLHRed15' 6-max Seat #6 is the button
Seat 1: 104fb434 ($1.68 in chips)
Seat 2: Hero ($14.44 in chips)
Seat 3: f87e8677 ($10 in chips)
Seat 4: 79948ca3 ($17.11 in chips)
Seat 5: 6910d878 ($15.64 in chips)
Seat 6: 5c58574a ($7.94 in chips)
104fb434: posts small blind $0.05
Hero: posts big blind $0.1
*** HOLE CARDS ***
Dealt to 104fb434 
Dealt to Hero [5h 4h]
Dealt to f87e8677 
Dealt to 79948ca3 
Dealt to 6910d878 
Dealt to 5c58574a 
f87e8677: folds
79948ca3: calls $0.1
6910d878: folds
5c58574a: folds
104fb434: calls $0.05
Hero: checks
*** FLOP *** [Ts 6d Qd]
104fb434: bets $0.14
Hero: folds
79948ca3: calls $0.14
*** TURN *** [Ts 6d Qd] [2c]
104fb434: bets $0.26
79948ca3: folds
Uncalled bet ($0.26) returned to 104fb434
*** SHOWDOWN ***
104fb434 collected $0.56 from pot
*** SUMMARY ***
Total pot $0.58 | Rake $0.02 | Jackpot $0 | Bingo $0 | Fortune $0 | Tax $0
Board [Ts 6d Qd 2c]
Seat 1: 104fb434 (small blind) won ($0.56)
Seat 2: Hero (big blind) folded on the Flop
Seat 3: f87e8677 folded before Flop (didn't bet)
Seat 4: 79948ca3 folded on the Turn
Seat 5: 6910d878 folded before Flop (didn't bet)
Seat 6: 5c58574a (button) folded before Flop (didn't bet)


Poker Hand #HD1836078279: Hold'em No Limit ($0.05/$0.1) - 2024/06/29 17:29:20
Table 'NLHRed15' 6-max Seat #5 is the button
Seat 1: 104fb434 ($1.88 in chips)
Seat 2: Hero ($14.44 in chips)
Seat 3: f87e8677 ($10 in chips)
Seat 4: 79948ca3 ($16.69 in chips)
Seat 5: 6910d878 ($15.84 in chips)
Seat 6: 5c58574a ($7.99 in chips)
5c58574a: posts small blind $0.05
104fb434: posts big blind $0.1
*** HOLE CARDS ***
Dealt to 104fb434 
Dealt to Hero [Jh 9h]
Dealt to f87e8677 
Dealt to 79948ca3 
Dealt to 6910d878 
Dealt to 5c58574a 
Hero: folds
f87e8677: folds
79948ca3: raises $0.1 to $0.2
6910d878: calls $0.2
5c58574a: folds
104fb434: calls $0.1
*** FLOP *** [3h Jc Ah]
104fb434: checks
79948ca3: bets $0.33
6910d878: folds
104fb434: folds
Uncalled bet ($0.33) returned to 79948ca3
*** SHOWDOWN ***
79948ca3 collected $0.62 from pot
*** SUMMARY ***
Total pot $0.65 | Rake $0.03 | Jackpot $0 | Bingo $0 | Fortune $0 | Tax $0
Board [3h Jc Ah]
Seat 1: 104fb434 (big blind) folded on the Flop
Seat 2: Hero folded before Flop (didn't bet)
Seat 3: f87e8677 folded before Flop (didn't bet)
Seat 4: 79948ca3 won ($0.62)
Seat 5: 6910d878 (button) folded on the Flop
Seat 6: 5c58574a (small blind) folded before Flop


Poker Hand #HD1836078140: Hold'em No Limit ($0.05/$0.1) - 2024/06/29 17:28:12
Table 'NLHRed15' 6-max Seat #4 is the button
Seat 1: 104fb434 ($1.88 in chips)
Seat 2: Hero ($14.44 in chips)
Seat 3: f87e8677 ($10 in chips)
Seat 4: 79948ca3 ($16.69 in chips)
Seat 5: 6910d878 ($14.71 in chips)
Seat 6: 5c58574a ($9.24 in chips)
6910d878: posts small blind $0.05
5c58574a: posts big blind $0.1
*** HOLE CARDS ***
Dealt to 104fb434 
Dealt to Hero [7s 4d]
Dealt to f87e8677 
Dealt to 79948ca3 
Dealt to 6910d878 
Dealt to 5c58574a 
104fb434: folds
Hero: folds
f87e8677: folds
79948ca3: folds
6910d878: raises $0.2 to $0.3
5c58574a: calls $0.2
*** FLOP *** [Td 3s Ah]
6910d878: bets $0.2
5c58574a: calls $0.2
*** TURN *** [Td 3s Ah] [9c]
6910d878: bets $0.75
5c58574a: calls $0.75
*** RIVER *** [Td 3s Ah 9c] [5d]
6910d878: bets $1.9
5c58574a: folds
Uncalled bet ($1.9) returned to 6910d878
*** SHOWDOWN ***
6910d878 collected $2.38 from pot
*** SUMMARY ***
Total pot $2.5 | Rake $0.12 | Jackpot $0 | Bingo $0 | Fortune $0 | Tax $0
Board [Td 3s Ah 9c 5d]
Seat 1: 104fb434 folded before Flop (didn't bet)
Seat 2: Hero folded before Flop (didn't bet)
Seat 3: f87e8677 folded before Flop (didn't bet)
Seat 4: 79948ca3 (button) folded before Flop (didn't bet)
Seat 5: 6910d878 (small blind) won ($2.38)
Seat 6: 5c58574a (big blind) folded on the River


Poker Hand #HD1836077981: Hold'em No Limit ($0.05/$0.1) - 2024/06/29 17:26:56
Table 'NLHRed15' 6-max Seat #3 is the button
Seat 1: 104fb434 ($1.88 in chips)
Seat 2: Hero ($14.44 in chips)
Seat 3: f87e8677 ($10.37 in chips)
Seat 4: 79948ca3 ($9.32 in chips)
Seat 5: 6910d878 ($14.81 in chips)
Seat 6: 5c58574a ($10.9 in chips)
79948ca3: posts small blind $0.05
6910d878: posts big blind $0.1
*** HOLE CARDS ***
Dealt to 104fb434 
Dealt to Hero [2s 8s]
Dealt to f87e8677 
Dealt to 79948ca3 
Dealt to 6910d878 
Dealt to 5c58574a 
5c58574a: raises $0.3 to $0.4
104fb434: folds
Hero: folds
f87e8677: raises $0.5 to $0.9
79948ca3: raises $0.76 to $1.66
6910d878: folds
5c58574a: calls $1.26
f87e8677: raises $8.71 to $10.37 and is all-in
79948ca3: calls $7.66 and is all-in
5c58574a: folds
Uncalled bet ($1.05) returned to f87e8677
f87e8677: shows [Kc Ah]
79948ca3: shows [Kh Kd]
*** FLOP *** [5c 9d 7d]
79948ca3: Chooses to EV Cashout 
*** TURN *** [5c 9d 7d] [9h]
*** RIVER *** [5c 9d 7d 9h] [4s]
79948ca3: Pays Cashout Risk ($2.61)
*** SHOWDOWN ***
79948ca3 collected $19.3 from pot
*** SUMMARY ***
Total pot $20.4 | Rake $1 | Jackpot $0.1 | Bingo $0 | Fortune $0 | Tax $0
Board [5c 9d 7d 9h 4s]
Seat 1: 104fb434 folded before Flop (didn't bet)
Seat 2: Hero folded before Flop (didn't bet)
Seat 3: f87e8677 (button) showed [Kc Ah] and lost with Pair of Nines
Seat 4: 79948ca3 (small blind) showed [Kh Kd] and won ($19.3) with Pair of Kings and Pair of Nines, Cashout Risk ($2.61)
Seat 5: 6910d878 (big blind) folded before Flop
Seat 6: 5c58574a folded before Flop


Poker Hand #HD1836077918: Hold'em No Limit ($0.05/$0.1) - 2024/06/29 17:26:18
Table 'NLHRed15' 6-max Seat #2 is the button
Seat 1: 104fb434 ($1.88 in chips)
Seat 2: Hero ($14.44 in chips)
Seat 3: f87e8677 ($10 in chips)
Seat 4: 79948ca3 ($9.42 in chips)
Seat 5: 6910d878 ($14.81 in chips)
Seat 6: 5c58574a ($11.2 in chips)
f87e8677: posts small blind $0.05
79948ca3: posts big blind $0.1
*** HOLE CARDS ***
Dealt to 104fb434 
Dealt to Hero [4c Qd]
Dealt to f87e8677 
Dealt to 79948ca3 
Dealt to 6910d878 
Dealt to 5c58574a 
6910d878: folds
5c58574a: calls $0.1
104fb434: folds
Hero: folds
f87e8677: raises $0.2 to $0.3
79948ca3: folds
5c58574a: calls $0.2
*** FLOP *** [3d Qs Ad]
f87e8677: checks
5c58574a: checks
*** TURN *** [3d Qs Ad] [Ts]
f87e8677: bets $0.53
5c58574a: folds
Uncalled bet ($0.53) returned to f87e8677
*** SHOWDOWN ***
f87e8677 collected $0.67 from pot
*** SUMMARY ***
Total pot $0.7 | Rake $0.03 | Jackpot $0 | Bingo $0 | Fortune $0 | Tax $0
Board [3d Qs Ad Ts]
Seat 1: 104fb434 folded before Flop (didn't bet)
Seat 2: Hero (button) folded before Flop (didn't bet)
Seat 3: f87e8677 (small blind) won ($0.67)
Seat 4: 79948ca3 (big blind) folded before Flop
Seat 5: 6910d878 folded before Flop (didn't bet)
Seat 6: 5c58574a folded on the Turn


Poker Hand #HD1836077814: Hold'em No Limit ($0.05/$0.1) - 2024/06/29 17:25:28
Table 'NLHRed15' 6-max Seat #1 is the button
Seat 1: 104fb434 ($1.55 in chips)
Seat 2: Hero ($14.49 in chips)
Seat 3: f87e8677 ($8.46 in chips)
Seat 4: 79948ca3 ($9.62 in chips)
Seat 5: 6910d878 ($14.81 in chips)
Seat 6: 5c58574a ($11.2 in chips)
Hero: posts small blind $0.05
f87e8677: posts big blind $0.1
*** HOLE CARDS ***
Dealt to 104fb434 
Dealt to Hero [4h As]
Dealt to f87e8677 
Dealt to 79948ca3 
Dealt to 6910d878 
Dealt to 5c58574a 
79948ca3: raises $0.1 to $0.2
6910d878: folds
5c58574a: folds
104fb434: calls $0.2
Hero: folds
f87e8677: folds
*** FLOP *** [3h Ah 6s]
79948ca3: checks
104fb434: checks
*** TURN *** [3h Ah 6s] [Jh]
79948ca3: checks
104fb434: checks
*** RIVER *** [3h Ah 6s Jh] [5h]
79948ca3: checks
104fb434: checks
79948ca3: shows [5s 4s] (Pair of Fives)
104fb434: shows [Jc Qs] (Pair of Jacks)
*** SHOWDOWN ***
104fb434 collected $0.53 from pot
*** SUMMARY ***
Total pot $0.55 | Rake $0.02 | Jackpot $0 | Bingo $0 | Fortune $0 | Tax $0
Board [3h Ah 6s Jh 5h]
Seat 1: 104fb434 (button) showed [Jc Qs] and won ($0.53) with Pair of Jacks
Seat 2: Hero (small blind) folded before Flop
Seat 3: f87e8677 (big blind) folded before Flop
Seat 4: 79948ca3 showed [5s 4s] and lost with Pair of Fives
Seat 5: 6910d878 folded before Flop (didn't bet)
Seat 6: 5c58574a folded before Flop (didn't bet)


Poker Hand #HD1836077627: Hold'em No Limit ($0.05/$0.1) - 2024/06/29 17:23:51
Table 'NLHRed15' 6-max Seat #6 is the button
Seat 1: 104fb434 ($1.8 in chips)
Seat 2: Hero ($14.59 in chips)
Seat 3: f87e8677 ($9.14 in chips)
Seat 4: 79948ca3 ($8.67 in chips)
Seat 5: 6910d878 ($14.81 in chips)
Seat 6: 5c58574a ($11.2 in chips)
104fb434: posts small blind $0.05
Hero: posts big blind $0.1
*** HOLE CARDS ***
Dealt to 104fb434 
Dealt to Hero [Jh 3s]
Dealt to f87e8677 
Dealt to 79948ca3 
Dealt to 6910d878 
Dealt to 5c58574a 
f87e8677: raises $0.15 to $0.25
79948ca3: calls $0.25
6910d878: folds
5c58574a: folds
104fb434: calls $0.2
Hero: folds
*** FLOP *** [Jd Tc Ah]
104fb434: checks
f87e8677: checks
79948ca3: bets $0.43
104fb434: folds
f87e8677: calls $0.43
*** TURN *** [Jd Tc Ah] [9h]
f87e8677: checks
79948ca3: checks
*** RIVER *** [Jd Tc Ah 9h] [4d]
f87e8677: checks
79948ca3: bets $0.99
f87e8677: folds
Uncalled bet ($0.99) returned to 79948ca3
*** SHOWDOWN ***
79948ca3 collected $1.63 from pot
*** SUMMARY ***
Total pot $1.71 | Rake $0.08 | Jackpot $0 | Bingo $0 | Fortune $0 | Tax $0
Board [Jd Tc Ah 9h 4d]
Seat 1: 104fb434 (small blind) folded on the Flop
Seat 2: Hero (big blind) folded before Flop
Seat 3: f87e8677 folded on the River
Seat 4: 79948ca3 won ($1.63)
Seat 5: 6910d878 folded before Flop (didn't bet)
Seat 6: 5c58574a (button) folded before Flop (didn't bet)


Poker Hand #HD1836077556: Hold'em No Limit ($0.05/$0.1) - 2024/06/29 17:23:13
Table 'NLHRed15' 6-max Seat #5 is the button
Seat 1: 104fb434 ($2 in chips)
Seat 2: Hero ($14.79 in chips)
Seat 3: f87e8677 ($9.14 in chips)
Seat 4: 79948ca3 ($8.67 in chips)
Seat 5: 6910d878 ($14.39 in chips)
Seat 6: 5c58574a ($11.25 in chips)
5c58574a: posts small blind $0.05
104fb434: posts big blind $0.1
*** HOLE CARDS ***
Dealt to 104fb434 
Dealt to Hero [Js Ad]
Dealt to f87e8677 
Dealt to 79948ca3 
Dealt to 6910d878 
Dealt to 5c58574a 
Hero: raises $0.1 to $0.2
f87e8677: folds
79948ca3: folds
6910d878: calls $0.2
5c58574a: folds
104fb434: calls $0.1
*** FLOP *** [3d 4h 9s]
104fb434: checks
Hero: checks
6910d878: bets $0.45
104fb434: folds
Hero: folds
Uncalled bet ($0.45) returned to 6910d878
*** SHOWDOWN ***
6910d878 collected $0.62 from pot
*** SUMMARY ***
Total pot $0.65 | Rake $0.03 | Jackpot $0 | Bingo $0 | Fortune $0 | Tax $0
Board [3d 4h 9s]
Seat 1: 104fb434 (big blind) folded on the Flop
Seat 2: Hero folded on the Flop
Seat 3: f87e8677 folded before Flop (didn't bet)
Seat 4: 79948ca3 folded before Flop (didn't bet)
Seat 5: 6910d878 (button) won ($0.62)
Seat 6: 5c58574a (small blind) folded before Flop


Poker Hand #HD1836077493: Hold'em No Limit ($0.05/$0.1) - 2024/06/29 17:22:42
Table 'NLHRed15' 6-max Seat #4 is the button
Seat 1: 104fb434 ($2 in chips)
Seat 2: Hero ($14.79 in chips)
Seat 3: f87e8677 ($9.14 in chips)
Seat 4: 79948ca3 ($8.23 in chips)
Seat 5: 6910d878 ($14.44 in chips)
Seat 6: 5c58574a ($11.68 in chips)
6910d878: posts small blind $0.05
5c58574a: posts big blind $0.1
*** HOLE CARDS ***
Dealt to 104fb434 
Dealt to Hero [5h 2c]
Dealt to f87e8677 
Dealt to 79948ca3 
Dealt to 6910d878 
Dealt to 5c58574a 
104fb434: folds
Hero: folds
f87e8677: folds
79948ca3: raises $0.1 to $0.2
6910d878: folds
5c58574a: raises $0.23 to $0.43
79948ca3: calls $0.23
*** FLOP *** [2d Ad 6c]
5c58574a: checks
79948ca3: bets $0.46
5c58574a: folds
Uncalled bet ($0.46) returned to 79948ca3
*** SHOWDOWN ***
79948ca3 collected $0.87 from pot
*** SUMMARY ***
Total pot $0.91 | Rake $0.04 | Jackpot $0 | Bingo $0 | Fortune $0 | Tax $0
Board [2d Ad 6c]
Seat 1: 104fb434 folded before Flop (didn't bet)
Seat 2: Hero folded before Flop (didn't bet)
Seat 3: f87e8677 folded before Flop (didn't bet)
Seat 4: 79948ca3 (button) won ($0.87)
Seat 5: 6910d878 (small blind) folded before Flop
Seat 6: 5c58574a (big blind) folded on the Flop


Poker Hand #HD1836077360: Hold'em No Limit ($0.05/$0.1) - 2024/06/29 17:21:27
Table 'NLHRed15' 6-max Seat #3 is the button
Seat 1: 104fb434 ($0.86 in chips)
Seat 2: Hero ($14.79 in chips)
Seat 3: f87e8677 ($9.14 in chips)
Seat 4: 79948ca3 ($8.28 in chips)
Seat 5: 6910d878 ($12.71 in chips)
Seat 6: 5c58574a ($12.73 in chips)
79948ca3: posts small blind $0.05
6910d878: posts big blind $0.1
*** HOLE CARDS ***
Dealt to 104fb434 
Dealt to Hero [Js Th]
Dealt to f87e8677 
Dealt to 79948ca3 
Dealt to 6910d878 
Dealt to 5c58574a 
5c58574a: calls $0.1
104fb434: calls $0.1
Hero: folds
f87e8677: folds
79948ca3: folds
6910d878: raises $0.4 to $0.5
5c58574a: calls $0.4
104fb434: calls $0.4
*** FLOP *** [Jd 3h 4h]
6910d878: bets $0.55
5c58574a: calls $0.55
104fb434: calls $0.36 and is all-in
*** TURN *** [Jd 3h 4h] [9c]
6910d878: bets $2
5c58574a: folds
Uncalled bet ($2) returned to 6910d878
6910d878: shows [Qc Kh] (King-High)
104fb434: shows [Jh Kc] (Pair of Jacks)
*** RIVER *** [Jd 3h 4h 9c] [Td]
104fb434: Receives Cashout ($2)
*** SHOWDOWN ***
6910d878 collected $2.41 from pot
6910d878 collected $0.37 from pot
*** SUMMARY ***
Total pot $3.01 | Rake $0.13 | Jackpot $0.1 | Bingo $0 | Fortune $0 | Tax $0
Board [Jd 3h 4h 9c Td]
Seat 1: 104fb434 showed [Jh Kc] and lost with Pair of Jacks, EV Cashout ($2)
Seat 2: Hero folded before Flop (didn't bet)
Seat 3: f87e8677 (button) folded before Flop (didn't bet)
Seat 4: 79948ca3 (small blind) folded before Flop
Seat 5: 6910d878 (big blind) showed [Qc Kh] and won ($2.78) with Kings-High Straight
Seat 6: 5c58574a folded on the Turn


Poker Hand #HD1836077323: Hold'em No Limit ($0.05/$0.1) - 2024/06/29 17:21:07
Table 'NLHRed15' 6-max Seat #2 is the button
Seat 1: 104fb434 ($0.71 in chips)
Seat 2: Hero ($14.79 in chips)
Seat 3: f87e8677 ($9.19 in chips)
Seat 4: 79948ca3 ($8.38 in chips)
Seat 5: 6910d878 ($12.71 in chips)
Seat 6: 5c58574a ($12.73 in chips)
f87e8677: posts small blind $0.05
79948ca3: posts big blind $0.1
*** HOLE CARDS ***
Dealt to 104fb434 
Dealt to Hero [Ts 6c]
Dealt to f87e8677 
Dealt to 79948ca3 
Dealt to 6910d878 
Dealt to 5c58574a 
6910d878: folds
5c58574a: folds
104fb434: raises $0.61 to $0.71 and is all-in
Hero: folds
f87e8677: folds
79948ca3: folds
Uncalled bet ($0.61) returned to 104fb434
*** SHOWDOWN ***
104fb434 collected $0.25 from pot
*** SUMMARY ***
Total pot $0.25 | Rake $0 | Jackpot $0 | Bingo $0 | Fortune $0 | Tax $0
Seat 1: 104fb434 collected ($0.25)
Seat 2: Hero (button) folded before Flop (didn't bet)
Seat 3: f87e8677 (small blind) folded before Flop
Seat 4: 79948ca3 (big blind) folded before Flop
Seat 5: 6910d878 folded before Flop (didn't bet)
Seat 6: 5c58574a folded before Flop (didn't bet)


Poker Hand #HD1836077223: Hold'em No Limit ($0.05/$0.1) - 2024/06/29 17:20:18
Table 'NLHRed15' 6-max Seat #1 is the button
Seat 1: 104fb434 ($0.91 in chips)
Seat 2: Hero ($14.84 in chips)
Seat 3: f87e8677 ($9.29 in chips)
Seat 4: 79948ca3 ($8.05 in chips)
Seat 5: 6910d878 ($12.71 in chips)
Seat 6: 5c58574a ($12.73 in chips)
Hero: posts small blind $0.05
f87e8677: posts big blind $0.1
*** HOLE CARDS ***
Dealt to 104fb434 
Dealt to Hero [9d Tc]
Dealt to f87e8677 
Dealt to 79948ca3 
Dealt to 6910d878 
Dealt to 5c58574a 
79948ca3: raises $0.1 to $0.2
6910d878: folds
5c58574a: folds
104fb434: calls $0.2
Hero: folds
f87e8677: folds
*** FLOP *** [4h 5h Td]
79948ca3: checks
104fb434: checks
*** TURN *** [4h 5h Td] [4c]
79948ca3: checks
104fb434: checks
*** RIVER *** [4h 5h Td 4c] [Qs]
79948ca3: checks
104fb434: checks
79948ca3: shows [2h As] (Pair of Fours)
104fb434: shows [Ks Jh] (Pair of Fours)
*** SHOWDOWN ***
79948ca3 collected $0.53 from pot
*** SUMMARY ***
Total pot $0.55 | Rake $0.02 | Jackpot $0 | Bingo $0 | Fortune $0 | Tax $0
Board [4h 5h Td 4c Qs]
Seat 1: 104fb434 (button) showed [Ks Jh] and lost with Pair of Fours
Seat 2: Hero (small blind) folded before Flop
Seat 3: f87e8677 (big blind) folded before Flop
Seat 4: 79948ca3 showed [2h As] and won ($0.53) with Pair of Fours
Seat 5: 6910d878 folded before Flop (didn't bet)
Seat 6: 5c58574a folded before Flop (didn't bet)


Poker Hand #HD1836077197: Hold'em No Limit ($0.05/$0.1) - 2024/06/29 17:20:01
Table 'NLHRed15' 6-max Seat #6 is the button
Seat 1: 104fb434 ($0.96 in chips)
Seat 2: Hero ($14.94 in chips)
Seat 3: f87e8677 ($9.29 in chips)
Seat 4: 79948ca3 ($8.05 in chips)
Seat 5: 6910d878 ($12.56 in chips)
Seat 6: 5c58574a ($12.73 in chips)
104fb434: posts small blind $0.05
Hero: posts big blind $0.1
*** HOLE CARDS ***
Dealt to 104fb434 
Dealt to Hero [2c 7h]
Dealt to f87e8677 
Dealt to 79948ca3 
Dealt to 6910d878 
Dealt to 5c58574a 
f87e8677: folds
79948ca3: folds
6910d878: raises $0.15 to $0.25
5c58574a: folds
104fb434: folds
Hero: folds
Uncalled bet ($0.15) returned to 6910d878
*** SHOWDOWN ***
6910d878 collected $0.25 from pot
*** SUMMARY ***
Total pot $0.25 | Rake $0 | Jackpot $0 | Bingo $0 | Fortune $0 | Tax $0
Seat 1: 104fb434 (small blind) folded before Flop
Seat 2: Hero (big blind) folded before Flop
Seat 3: f87e8677 folded before Flop (didn't bet)
Seat 4: 79948ca3 folded before Flop (didn't bet)
Seat 5: 6910d878 collected ($0.25)
Seat 6: 5c58574a (button) folded before Flop (didn't bet)


Poker Hand #HD1836077077: Hold'em No Limit ($0.05/$0.1) - 2024/06/29 17:19:03
Table 'NLHRed15' 6-max Seat #5 is the button
Seat 1: 104fb434 ($1.26 in chips)
Seat 2: Hero ($14.94 in chips)
Seat 3: f87e8677 ($9.29 in chips)
Seat 4: 79948ca3 ($9.03 in chips)
Seat 5: 6910d878 ($12.56 in chips)
Seat 6: 5c58574a ($11.56 in chips)
5c58574a: posts small blind $0.05
104fb434: posts big blind $0.1
*** HOLE CARDS ***
Dealt to 104fb434 
Dealt to Hero [6s 4d]
Dealt to f87e8677 
Dealt to 79948ca3 
Dealt to 6910d878 
Dealt to 5c58574a 
Hero: folds
f87e8677: folds
79948ca3: raises $0.2 to $0.3
6910d878: folds
5c58574a: calls $0.25
104fb434: calls $0.2
*** FLOP *** [4c 9c 3c]
5c58574a: checks
104fb434: checks
79948ca3: bets $0.68
5c58574a: calls $0.68
104fb434: folds
*** TURN *** [4c 9c 3c] [9d]
5c58574a: checks
79948ca3: checks
*** RIVER *** [4c 9c 3c 9d] [9s]
5c58574a: bets $1.7
79948ca3: folds
Uncalled bet ($1.7) returned to 5c58574a
*** SHOWDOWN ***
5c58574a collected $2.15 from pot
*** SUMMARY ***
Total pot $2.26 | Rake $0.11 | Jackpot $0 | Bingo $0 | Fortune $0 | Tax $0
Board [4c 9c 3c 9d 9s]
Seat 1: 104fb434 (big blind) folded on the Flop
Seat 2: Hero folded before Flop (didn't bet)
Seat 3: f87e8677 folded before Flop (didn't bet)
Seat 4: 79948ca3 folded on the River
Seat 5: 6910d878 (button) folded before Flop (didn't bet)
Seat 6: 5c58574a (small blind) won ($2.15)


Poker Hand #HD1836076918: Hold'em No Limit ($0.05/$0.1) - 2024/06/29 17:17:44
Table 'NLHRed15' 6-max Seat #4 is the button
Seat 1: 104fb434 ($1.26 in chips)
Seat 2: Hero ($16.79 in chips)
Seat 3: f87e8677 ($9.29 in chips)
Seat 4: 79948ca3 ($9.23 in chips)
Seat 5: 6910d878 ($12.61 in chips)
Seat 6: 5c58574a ($9.75 in chips)
6910d878: posts small blind $0.05
5c58574a: posts big blind $0.1
*** HOLE CARDS ***
Dealt to 104fb434 
Dealt to Hero [8c 8h]
Dealt to f87e8677 
Dealt to 79948ca3 
Dealt to 6910d878 
Dealt to 5c58574a 
104fb434: folds
Hero: raises $0.1 to $0.2
f87e8677: folds
79948ca3: calls $0.2
6910d878: folds
5c58574a: raises $0.65 to $0.85
Hero: calls $0.65
79948ca3: folds
*** FLOP *** [9s 5d 7s]
5c58574a: bets $1
Hero: calls $1
*** TURN *** [9s 5d 7s] [Qh]
5c58574a: checks
Hero: checks
*** RIVER *** [9s 5d 7s Qh] [2d]
5c58574a: bets $3.9
Hero: folds
Uncalled bet ($3.9) returned to 5c58574a
*** SHOWDOWN ***
5c58574a collected $3.66 from pot
*** SUMMARY ***
Total pot $3.95 | Rake $0.19 | Jackpot $0.1 | Bingo $0 | Fortune $0 | Tax $0
Board [9s 5d 7s Qh 2d]
Seat 1: 104fb434 folded before Flop (didn't bet)
Seat 2: Hero folded on the River
Seat 3: f87e8677 folded before Flop (didn't bet)
Seat 4: 79948ca3 (button) folded before Flop
Seat 5: 6910d878 (small blind) folded before Flop
Seat 6: 5c58574a (big blind) won ($3.66)


Poker Hand #HD1836076859: Hold'em No Limit ($0.05/$0.1) - 2024/06/29 17:17:14
Table 'NLHRed15' 6-max Seat #3 is the button
Seat 1: 104fb434 ($1.56 in chips)
Seat 2: Hero ($16.79 in chips)
Seat 3: f87e8677 ($9.29 in chips)
Seat 4: 79948ca3 ($8.86 in chips)
Seat 5: 6910d878 ($12.71 in chips)
Seat 6: 5c58574a ($9.75 in chips)
79948ca3: posts small blind $0.05
6910d878: posts big blind $0.1
*** HOLE CARDS ***
Dealt to 104fb434 
Dealt to Hero [6h Kc]
Dealt to f87e8677 
Dealt to 79948ca3 
Dealt to 6910d878 
Dealt to 5c58574a 
5c58574a: folds
104fb434: calls $0.1
Hero: folds
f87e8677: folds
79948ca3: raises $0.2 to $0.3
6910d878: folds
104fb434: calls $0.2
*** FLOP *** [3d 6s Ks]
79948ca3: bets $0.24
104fb434: folds
Uncalled bet ($0.24) returned to 79948ca3
*** SHOWDOWN ***
79948ca3 collected $0.67 from pot
*** SUMMARY ***
Total pot $0.7 | Rake $0.03 | Jackpot $0 | Bingo $0 | Fortune $0 | Tax $0
Board [3d 6s Ks]
Seat 1: 104fb434 folded on the Flop
Seat 2: Hero folded before Flop (didn't bet)
Seat 3: f87e8677 (button) folded before Flop (didn't bet)
Seat 4: 79948ca3 (small blind) won ($0.67)
Seat 5: 6910d878 (big blind) folded before Flop
Seat 6: 5c58574a folded before Flop (didn't bet)


Poker Hand #HD1836076716: Hold'em No Limit ($0.05/$0.1) - 2024/06/29 17:16:10
Table 'NLHRed15' 6-max Seat #2 is the button
Seat 1: 104fb434 ($1.56 in chips)
Seat 2: Hero ($15.9 in chips)
Seat 3: f87e8677 ($9.77 in chips)
Seat 4: 79948ca3 ($9.34 in chips)
Seat 5: 6910d878 ($12.71 in chips)
Seat 6: 5c58574a ($9.75 in chips)
f87e8677: posts small blind $0.05
79948ca3: posts big blind $0.1
*** HOLE CARDS ***
Dealt to 104fb434 
Dealt to Hero [Ks 8s]
Dealt to f87e8677 
Dealt to 79948ca3 
Dealt to 6910d878 
Dealt to 5c58574a 
6910d878: folds
5c58574a: folds
104fb434: folds
Hero: raises $0.14 to $0.24
f87e8677: calls $0.19
79948ca3: calls $0.14
*** FLOP *** [9d Ac 3h]
f87e8677: checks
79948ca3: checks
Hero: checks
*** TURN *** [9d Ac 3h] [Kc]
f87e8677: checks
79948ca3: bets $0.24
Hero: calls $0.24
f87e8677: calls $0.24
*** RIVER *** [9d Ac 3h Kc] [Jh]
f87e8677: checks
79948ca3: checks
Hero: checks
f87e8677: shows [Qs Jd] (Pair of Jacks)
79948ca3: shows [8d 8c] (Pair of Eights)
Hero: shows [Ks 8s] (Pair of Kings)
*** SHOWDOWN ***
Hero collected $1.37 from pot
*** SUMMARY ***
Total pot $1.44 | Rake $0.07 | Jackpot $0 | Bingo $0 | Fortune $0 | Tax $0
Board [9d Ac 3h Kc Jh]
Seat 1: 104fb434 folded before Flop (didn't bet)
Seat 2: Hero (button) showed [Ks 8s] and won ($1.37) with Pair of Kings
Seat 3: f87e8677 (small blind) showed [Qs Jd] and lost with Pair of Jacks
Seat 4: 79948ca3 (big blind) showed [8d 8c] and lost with Pair of Eights
Seat 5: 6910d878 folded before Flop (didn't bet)
Seat 6: 5c58574a folded before Flop (didn't bet)


Poker Hand #HD1836076636: Hold'em No Limit ($0.05/$0.1) - 2024/06/29 17:15:34
Table 'NLHRed15' 6-max Seat #1 is the button
Seat 1: 104fb434 ($1.56 in chips)
Seat 2: Hero ($15.63 in chips)
Seat 3: f87e8677 ($10.07 in chips)
Seat 4: 79948ca3 ($9.34 in chips)
Seat 5: 6910d878 ($12.71 in chips)
Seat 6: 5c58574a ($9.75 in chips)
Hero: posts small blind $0.05
f87e8677: posts big blind $0.1
*** HOLE CARDS ***
Dealt to 104fb434 
Dealt to Hero [Qh Qc]
Dealt to f87e8677 
Dealt to 79948ca3 
Dealt to 6910d878 
Dealt to 5c58574a 
79948ca3: folds
6910d878: folds
5c58574a: folds
104fb434: folds
Hero: raises $0.2 to $0.3
f87e8677: calls $0.2
*** FLOP *** [Ts Kd 6c]
Hero: bets $0.2
f87e8677: folds
Uncalled bet ($0.2) returned to Hero
*** SHOWDOWN ***
Hero collected $0.57 from pot
*** SUMMARY ***
Total pot $0.6 | Rake $0.03 | Jackpot $0 | Bingo $0 | Fortune $0 | Tax $0
Board [Ts Kd 6c]
Seat 1: 104fb434 (button) folded before Flop (didn't bet)
Seat 2: Hero (small blind) won ($0.57)
Seat 3: f87e8677 (big blind) folded on the Flop
Seat 4: 79948ca3 folded before Flop (didn't bet)
Seat 5: 6910d878 folded before Flop (didn't bet)
Seat 6: 5c58574a folded before Flop (didn't bet)


Poker Hand #HD1836076614: Hold'em No Limit ($0.05/$0.1) - 2024/06/29 17:15:22
Table 'NLHRed15' 6-max Seat #6 is the button
Seat 1: 104fb434 ($1.61 in chips)
Seat 2: Hero ($15.58 in chips)
Seat 3: f87e8677 ($10.07 in chips)
Seat 4: 79948ca3 ($9.34 in chips)
Seat 5: 6910d878 ($12.71 in chips)
Seat 6: 5c58574a ($9.75 in chips)
104fb434: posts small blind $0.05
Hero: posts big blind $0.1
*** HOLE CARDS ***
Dealt to 104fb434 
Dealt to Hero [Ts 9c]
Dealt to f87e8677 
Dealt to 79948ca3 
Dealt to 6910d878 
Dealt to 5c58574a 
f87e8677: folds
79948ca3: folds
6910d878: folds
5c58574a: folds
104fb434: folds
Uncalled bet ($0.05) returned to Hero
*** SHOWDOWN ***
Hero collected $0.1 from pot
*** SUMMARY ***
Total pot $0.1 | Rake $0 | Jackpot $0 | Bingo $0 | Fortune $0 | Tax $0
Seat 1: 104fb434 (small blind) folded before Flop
Seat 2: Hero (big blind) collected ($0.1)
Seat 3: f87e8677 folded before Flop (didn't bet)
Seat 4: 79948ca3 folded before Flop (didn't bet)
Seat 5: 6910d878 folded before Flop (didn't bet)
Seat 6: 5c58574a (button) folded before Flop (didn't bet)


Poker Hand #HD1836076567: Hold'em No Limit ($0.05/$0.1) - 2024/06/29 17:14:55
Table 'NLHRed15' 6-max Seat #5 is the button
Seat 1: 104fb434 ($1.91 in chips)
Seat 2: Hero ($15.58 in chips)
Seat 3: f87e8677 ($10.07 in chips)
Seat 4: 79948ca3 ($9.02 in chips)
Seat 5: 6910d878 ($12.71 in chips)
Seat 6: 5c58574a ($9.8 in chips)
5c58574a: posts small blind $0.05
104fb434: posts big blind $0.1
*** HOLE CARDS ***
Dealt to 104fb434 
Dealt to Hero [Qc 4d]
Dealt to f87e8677 
Dealt to 79948ca3 
Dealt to 6910d878 
Dealt to 5c58574a 
Hero: folds
f87e8677: folds
79948ca3: raises $0.2 to $0.3
6910d878: folds
5c58574a: folds
104fb434: calls $0.2
*** FLOP *** [Qh 8h 2h]
104fb434: checks
79948ca3: bets $0.49
104fb434: folds
Uncalled bet ($0.49) returned to 79948ca3
*** SHOWDOWN ***
79948ca3 collected $0.62 from pot
*** SUMMARY ***
Total pot $0.65 | Rake $0.03 | Jackpot $0 | Bingo $0 | Fortune $0 | Tax $0
Board [Qh 8h 2h]
Seat 1: 104fb434 (big blind) folded on the Flop
Seat 2: Hero folded before Flop (didn't bet)
Seat 3: f87e8677 folded before Flop (didn't bet)
Seat 4: 79948ca3 won ($0.62)
Seat 5: 6910d878 (button) folded before Flop (didn't bet)
Seat 6: 5c58574a (small blind) folded before Flop


Poker Hand #HD1836076427: Hold'em No Limit ($0.05/$0.1) - 2024/06/29 17:13:45
Table 'NLHRed15' 6-max Seat #4 is the button
Seat 1: 104fb434 ($1.91 in chips)
Seat 2: Hero ($11.32 in chips)
Seat 3: f87e8677 ($10.07 in chips)
Seat 4: 79948ca3 ($13.7 in chips)
Seat 5: 6910d878 ($12.76 in chips)
Seat 6: 5c58574a ($9.9 in chips)
6910d878: posts small blind $0.05
5c58574a: posts big blind $0.1
*** HOLE CARDS ***
Dealt to 104fb434 
Dealt to Hero [Qh Th]
Dealt to f87e8677 
Dealt to 79948ca3 
Dealt to 6910d878 
Dealt to 5c58574a 
104fb434: folds
Hero: raises $0.1 to $0.2
f87e8677: folds
79948ca3: calls $0.2
6910d878: folds
5c58574a: folds
*** FLOP *** [Qs Jh 2h]
Hero: bets $0.3
79948ca3: raises $0.38 to $0.68
Hero: calls $0.38
*** TURN *** [Qs Jh 2h] [3h]
Hero: bets $1.2
79948ca3: calls $1.2
*** RIVER *** [Qs Jh 2h 3h] [7c]
Hero: bets $2.6
79948ca3: calls $2.6
Hero: shows [Qh Th] (Queen High Flush)
79948ca3: shows [Qd Js] (Pair of Queens and Pair of Jacks)
*** SHOWDOWN ***
Hero collected $8.94 from pot
*** SUMMARY ***
Total pot $9.51 | Rake $0.47 | Jackpot $0.1 | Bingo $0 | Fortune $0 | Tax $0
Board [Qs Jh 2h 3h 7c]
Seat 1: 104fb434 folded before Flop (didn't bet)
Seat 2: Hero showed [Qh Th] and won ($8.94) with Queen High Flush
Seat 3: f87e8677 folded before Flop (didn't bet)
Seat 4: 79948ca3 (button) showed [Qd Js] and lost with Pair of Queens and Pair of Jacks
Seat 5: 6910d878 (small blind) folded before Flop
Seat 6: 5c58574a (big blind) folded before Flop


Poker Hand #HD1836076359: Hold'em No Limit ($0.05/$0.1) - 2024/06/29 17:13:15
Table 'NLHRed15' 6-max Seat #3 is the button
Seat 1: 104fb434 ($2.14 in chips)
Seat 2: Hero ($11.32 in chips)
Seat 3: f87e8677 ($10.07 in chips)
Seat 4: 79948ca3 ($13.18 in chips)
Seat 5: 6910d878 ($12.99 in chips)
Seat 6: 5c58574a ($10 in chips)
79948ca3: posts small blind $0.05
6910d878: posts big blind $0.1
5c58574a: posts big blind $0.1
*** HOLE CARDS ***
Dealt to 104fb434 
Dealt to Hero [8s As]
Dealt to f87e8677 
Dealt to 79948ca3 
Dealt to 6910d878 
Dealt to 5c58574a 
5c58574a: checks
104fb434: raises $0.13 to $0.23
Hero: folds
f87e8677: folds
79948ca3: calls $0.18
6910d878: calls $0.13
5c58574a: folds
*** FLOP *** [Ad 5s 3d]
79948ca3: bets $0.27
6910d878: folds
104fb434: folds
Uncalled bet ($0.27) returned to 79948ca3
*** SHOWDOWN ***
79948ca3 collected $0.75 from pot
*** SUMMARY ***
Total pot $0.79 | Rake $0.04 | Jackpot $0 | Bingo $0 | Fortune $0 | Tax $0
Board [Ad 5s 3d]
Seat 1: 104fb434 folded on the Flop
Seat 2: Hero folded before Flop (didn't bet)
Seat 3: f87e8677 (button) folded before Flop (didn't bet)
Seat 4: 79948ca3 (small blind) won ($0.75)
Seat 5: 6910d878 (big blind) folded on the Flop
Seat 6: 5c58574a folded before Flop


Poker Hand #HD1836076266: Hold'em No Limit ($0.05/$0.1) - 2024/06/29 17:12:32
Table 'NLHRed15' 6-max Seat #2 is the button
Seat 1: 104fb434 ($3.78 in chips)
Seat 2: Hero ($11.32 in chips)
Seat 3: f87e8677 ($10.12 in chips)
Seat 4: 79948ca3 ($11.75 in chips)
Seat 5: 6910d878 ($12.99 in chips)
Seat 6: 7c511f3a ($22.14 in chips)
f87e8677: posts small blind $0.05
79948ca3: posts big blind $0.1
*** HOLE CARDS ***
Dealt to 104fb434 
Dealt to Hero [4s 8c]
Dealt to f87e8677 
Dealt to 79948ca3 
Dealt to 6910d878 
Dealt to 7c511f3a 
6910d878: folds
7c511f3a: folds
104fb434: raises $0.14 to $0.24
Hero: folds
f87e8677: folds
79948ca3: raises $0.4 to $0.64
104fb434: calls $0.4
*** FLOP *** [9c Qs 2s]
79948ca3: bets $1
104fb434: calls $1
*** TURN *** [9c Qs 2s] [9d]
79948ca3: checks
104fb434: checks
*** RIVER *** [9c Qs 2s 9d] [4d]
79948ca3: checks
104fb434: checks
79948ca3: shows [Ts As] (Pair of Nines)
104fb434: shows [Jd Kd] (Pair of Nines)
*** SHOWDOWN ***
79948ca3 collected $3.07 from pot
*** SUMMARY ***
Total pot $3.33 | Rake $0.16 | Jackpot $0.1 | Bingo $0 | Fortune $0 | Tax $0
Board [9c Qs 2s 9d 4d]
Seat 1: 104fb434 showed [Jd Kd] and lost with Pair of Nines
Seat 2: Hero (button) folded before Flop (didn't bet)
Seat 3: f87e8677 (small blind) folded before Flop
Seat 4: 79948ca3 (big blind) showed [Ts As] and won ($3.07) with Pair of Nines
Seat 5: 6910d878 folded before Flop (didn't bet)
Seat 6: 7c511f3a folded before Flop (didn't bet)


Poker Hand #HD1836076180: Hold'em No Limit ($0.05/$0.1) - 2024/06/29 17:11:53
Table 'NLHRed15' 6-max Seat #1 is the button
Seat 1: 104fb434 ($3.78 in chips)
Seat 2: Hero ($11.62 in chips)
Seat 3: f87e8677 ($9.85 in chips)
Seat 4: 79948ca3 ($11.75 in chips)
Seat 5: 6910d878 ($12.99 in chips)
Seat 6: 7c511f3a ($22.14 in chips)
Hero: posts small blind $0.05
f87e8677: posts big blind $0.1
*** HOLE CARDS ***
Dealt to 104fb434 
Dealt to Hero [Ad Kd]
Dealt to f87e8677 
Dealt to 79948ca3 
Dealt to 6910d878 
Dealt to 7c511f3a 
79948ca3: folds
6910d878: folds
7c511f3a: folds
104fb434: folds
Hero: raises $0.2 to $0.3
f87e8677: calls $0.2
*** FLOP *** [Tc 4c 6s]
Hero: checks
f87e8677: bets $0.2
Hero: folds
Uncalled bet ($0.2) returned to f87e8677
*** SHOWDOWN ***
f87e8677 collected $0.57 from pot
*** SUMMARY ***
Total pot $0.6 | Rake $0.03 | Jackpot $0 | Bingo $0 | Fortune $0 | Tax $0
Board [Tc 4c 6s]
Seat 1: 104fb434 (button) folded before Flop (didn't bet)
Seat 2: Hero (small blind) folded on the Flop
Seat 3: f87e8677 (big blind) won ($0.57)
Seat 4: 79948ca3 folded before Flop (didn't bet)
Seat 5: 6910d878 folded before Flop (didn't bet)
Seat 6: 7c511f3a folded before Flop (didn't bet)


Poker Hand #HD1836076077: Hold'em No Limit ($0.05/$0.1) - 2024/06/29 17:11:03
Table 'NLHRed15' 6-max Seat #6 is the button
Seat 1: 104fb434 ($3.83 in chips)
Seat 2: Hero ($10 in chips)
Seat 3: f87e8677 ($9.85 in chips)
Seat 4: 79948ca3 ($13.6 in chips)
Seat 5: 6910d878 ($12.99 in chips)
Seat 6: 7c511f3a ($22.14 in chips)
104fb434: posts small blind $0.05
Hero: posts big blind $0.1
*** HOLE CARDS ***
Dealt to 104fb434 
Dealt to Hero [Ts Th]
Dealt to f87e8677 
Dealt to 79948ca3 
Dealt to 6910d878 
Dealt to 7c511f3a 
f87e8677: folds
79948ca3: raises $0.2 to $0.3
6910d878: folds
7c511f3a: folds
104fb434: folds
Hero: raises $0.8 to $1.1
79948ca3: calls $0.8
*** FLOP *** [Qc 2s Jh]
Hero: checks
79948ca3: checks
*** TURN *** [Qc 2s Jh] [9c]
Hero: bets $0.75
79948ca3: calls $0.75
*** RIVER *** [Qc 2s Jh 9c] [3h]
Hero: checks
79948ca3: checks
Hero: shows [Ts Th] (Pair of Tens)
79948ca3: shows [9h As] (Pair of Nines)
*** SHOWDOWN ***
Hero collected $3.47 from pot
*** SUMMARY ***
Total pot $3.75 | Rake $0.18 | Jackpot $0.1 | Bingo $0 | Fortune $0 | Tax $0
Board [Qc 2s Jh 9c 3h]
Seat 1: 104fb434 (small blind) folded before Flop
Seat 2: Hero (big blind) showed [Ts Th] and won ($3.47) with Pair of Tens
Seat 3: f87e8677 folded before Flop (didn't bet)
Seat 4: 79948ca3 showed [9h As] and lost with Pair of Nines
Seat 5: 6910d878 folded before Flop (didn't bet)
Seat 6: 7c511f3a (button) folded before Flop (didn't bet)


Poker Hand #HD1836076053: Hold'em No Limit ($0.05/$0.1) - 2024/06/29 17:10:48
Table 'NLHRed15' 6-max Seat #5 is the button
Seat 1: 104fb434 ($3.78 in chips)
Seat 2: Hero ($10 in chips)
Seat 3: f87e8677 ($9.85 in chips)
Seat 4: 79948ca3 ($13.6 in chips)
Seat 5: 6910d878 ($12.99 in chips)
Seat 6: 7c511f3a ($22.19 in chips)
7c511f3a: posts small blind $0.05
104fb434: posts big blind $0.1
*** HOLE CARDS ***
Dealt to 104fb434 
Dealt to Hero [6d Jh]
Dealt to f87e8677 
Dealt to 79948ca3 
Dealt to 6910d878 
Dealt to 7c511f3a 
Hero: folds
f87e8677: folds
79948ca3: folds
6910d878: folds
7c511f3a: folds
Uncalled bet ($0.05) returned to 104fb434
*** SHOWDOWN ***
104fb434 collected $0.1 from pot
*** SUMMARY ***
Total pot $0.1 | Rake $0 | Jackpot $0 | Bingo $0 | Fortune $0 | Tax $0
Seat 1: 104fb434 (big blind) collected ($0.1)
Seat 2: Hero folded before Flop (didn't bet)
Seat 3: f87e8677 folded before Flop (didn't bet)
Seat 4: 79948ca3 folded before Flop (didn't bet)
Seat 5: 6910d878 (button) folded before Flop (didn't bet)
Seat 6: 7c511f3a (small blind) folded before Flop


Poker Hand #HD1836076003: Hold'em No Limit ($0.05/$0.1) - 2024/06/29 17:10:26
Table 'NLHRed15' 6-max Seat #4 is the button
Seat 1: 104fb434 ($3.78 in chips)
Seat 2: Hero ($10 in chips)
Seat 3: f87e8677 ($9.85 in chips)
Seat 4: 79948ca3 ($13.6 in chips)
Seat 5: 6910d878 ($12.89 in chips)
Seat 6: 7c511f3a ($22.29 in chips)
6910d878: posts small blind $0.05
7c511f3a: posts big blind $0.1
*** HOLE CARDS ***
Dealt to 104fb434 
Dealt to Hero [Kc 9s]
Dealt to f87e8677 
Dealt to 79948ca3 
Dealt to 6910d878 
Dealt to 7c511f3a 
104fb434: folds
Hero: folds
f87e8677: folds
79948ca3: folds
6910d878: raises $0.2 to $0.3
7c511f3a: folds
Uncalled bet ($0.2) returned to 6910d878
*** SHOWDOWN ***
6910d878 collected $0.2 from pot
*** SUMMARY ***
Total pot $0.2 | Rake $0 | Jackpot $0 | Bingo $0 | Fortune $0 | Tax $0
Seat 1: 104fb434 folded before Flop (didn't bet)
Seat 2: Hero folded before Flop (didn't bet)
Seat 3: f87e8677 folded before Flop (didn't bet)
Seat 4: 79948ca3 (button) folded before Flop (didn't bet)
Seat 5: 6910d878 (small blind) collected ($0.2)
Seat 6: 7c511f3a (big blind) folded before Flop


Poker Hand #HD1836075932: Hold'em No Limit ($0.05/$0.1) - 2024/06/29 17:09:52
Table 'NLHRed15' 6-max Seat #3 is the button
Seat 1: 104fb434 ($3.78 in chips)
Seat 2: Hero ($10 in chips)
Seat 3: f87e8677 ($9.85 in chips)
Seat 4: 79948ca3 ($13.8 in chips)
Seat 5: 6910d878 ($12.71 in chips)
Seat 6: 7c511f3a ($22.29 in chips)
79948ca3: posts small blind $0.05
6910d878: posts big blind $0.1
*** HOLE CARDS ***
Dealt to 104fb434 
Dealt to Hero [2d 3h]
Dealt to f87e8677 
Dealt to 79948ca3 
Dealt to 6910d878 
Dealt to 7c511f3a 
7c511f3a: folds
104fb434: folds
Hero: folds
f87e8677: folds
79948ca3: raises $0.1 to $0.2
6910d878: calls $0.1
*** FLOP *** [3s 8s 2c]
79948ca3: checks
6910d878: checks
*** TURN *** [3s 8s 2c] [Js]
79948ca3: checks
6910d878: bets $0.3
79948ca3: folds
Uncalled bet ($0.3) returned to 6910d878
*** SHOWDOWN ***
6910d878 collected $0.38 from pot
*** SUMMARY ***
Total pot $0.4 | Rake $0.02 | Jackpot $0 | Bingo $0 | Fortune $0 | Tax $0
Board [3s 8s 2c Js]
Seat 1: 104fb434 folded before Flop (didn't bet)
Seat 2: Hero folded before Flop (didn't bet)
Seat 3: f87e8677 (button) folded before Flop (didn't bet)
Seat 4: 79948ca3 (small blind) folded on the Turn
Seat 5: 6910d878 (big blind) won ($0.38)
Seat 6: 7c511f3a folded before Flop (didn't bet)


Poker Hand #HD1836075858: Hold'em No Limit ($0.05/$0.1) - 2024/06/29 17:09:20
Table 'NLHRed15' 6-max Seat #2 is the button
Seat 1: 104fb434 ($3.51 in chips)
Seat 2: Hero ($10 in chips)
Seat 3: f87e8677 ($9.9 in chips)
Seat 4: 79948ca3 ($14.04 in chips)
Seat 5: 6910d878 ($12.71 in chips)
Seat 6: 7c511f3a ($22.29 in chips)
f87e8677: posts small blind $0.05
79948ca3: posts big blind $0.1
*** HOLE CARDS ***
Dealt to 104fb434 
Dealt to Hero [6c 6s]
Dealt to f87e8677 
Dealt to 79948ca3 
Dealt to 6910d878 
Dealt to 7c511f3a 
6910d878: folds
7c511f3a: folds
104fb434: raises $0.14 to $0.24
Hero: folds
f87e8677: folds
79948ca3: calls $0.14
*** FLOP *** [Jh 6d 3c]
79948ca3: checks
104fb434: bets $0.2
79948ca3: folds
Uncalled bet ($0.2) returned to 104fb434
*** SHOWDOWN ***
104fb434 collected $0.51 from pot
*** SUMMARY ***
Total pot $0.53 | Rake $0.02 | Jackpot $0 | Bingo $0 | Fortune $0 | Tax $0
Board [Jh 6d 3c]
Seat 1: 104fb434 won ($0.51)
Seat 2: Hero (button) folded before Flop (didn't bet)
Seat 3: f87e8677 (small blind) folded before Flop
Seat 4: 79948ca3 (big blind) folded on the Flop
Seat 5: 6910d878 folded before Flop (didn't bet)
Seat 6: 7c511f3a folded before Flop (didn't bet)


Poker Hand #HD1836075733: Hold'em No Limit ($0.05/$0.1) - 2024/06/29 17:08:19
Table 'NLHRed15' 6-max Seat #1 is the button
Seat 1: 104fb434 ($4.89 in chips)
Seat 2: Hero ($10.05 in chips)
Seat 3: f87e8677 ($10 in chips)
Seat 4: 79948ca3 ($14.04 in chips)
Seat 5: 6910d878 ($12.71 in chips)
Seat 6: 7c511f3a ($20.9 in chips)
Hero: posts small blind $0.05
f87e8677: posts big blind $0.1
*** HOLE CARDS ***
Dealt to 104fb434 
Dealt to Hero [4s 9h]
Dealt to f87e8677 
Dealt to 79948ca3 
Dealt to 6910d878 
Dealt to 7c511f3a 
79948ca3: folds
6910d878: folds
7c511f3a: raises $0.2 to $0.3
104fb434: calls $0.3
Hero: folds
f87e8677: folds
*** FLOP *** [4h As 5s]
7c511f3a: checks
104fb434: checks
*** TURN *** [4h As 5s] [Kd]
7c511f3a: bets $0.25
104fb434: calls $0.25
*** RIVER *** [4h As 5s Kd] [8c]
7c511f3a: bets $0.83
104fb434: calls $0.83
7c511f3a: shows [7d 6d] (Eights-High Straight)
104fb434: shows [Ks Qc] (Pair of Kings)
*** SHOWDOWN ***
7c511f3a collected $2.77 from pot
*** SUMMARY ***
Total pot $2.91 | Rake $0.14 | Jackpot $0 | Bingo $0 | Fortune $0 | Tax $0
Board [4h As 5s Kd 8c]
Seat 1: 104fb434 (button) showed [Ks Qc] and lost with Pair of Kings
Seat 2: Hero (small blind) folded before Flop
Seat 3: f87e8677 (big blind) folded before Flop
Seat 4: 79948ca3 folded before Flop (didn't bet)
Seat 5: 6910d878 folded before Flop (didn't bet)
Seat 6: 7c511f3a showed [7d 6d] and won ($2.77) with Eights-High Straight


Poker Hand #HD1836075713: Hold'em No Limit ($0.05/$0.1) - 2024/06/29 17:08:07
Table 'NLHRed15' 6-max Seat #6 is the button
Seat 1: 104fb434 ($4.94 in chips)
Seat 2: Hero ($10.15 in chips)
Seat 4: 79948ca3 ($14.04 in chips)
Seat 5: 6910d878 ($12.56 in chips)
Seat 6: 7c511f3a ($20.9 in chips)
104fb434: posts small blind $0.05
Hero: posts big blind $0.1
*** HOLE CARDS ***
Dealt to 104fb434 
Dealt to Hero [4c 2c]
Dealt to 79948ca3 
Dealt to 6910d878 
Dealt to 7c511f3a 
79948ca3: folds
6910d878: raises $0.15 to $0.25
7c511f3a: folds
104fb434: folds
Hero: folds
Uncalled bet ($0.15) returned to 6910d878
*** SHOWDOWN ***
6910d878 collected $0.25 from pot
*** SUMMARY ***
Total pot $0.25 | Rake $0 | Jackpot $0 | Bingo $0 | Fortune $0 | Tax $0
Seat 1: 104fb434 (small blind) folded before Flop
Seat 2: Hero (big blind) folded before Flop
Seat 4: 79948ca3 folded before Flop (didn't bet)
Seat 5: 6910d878 collected ($0.25)
Seat 6: 7c511f3a (button) folded before Flop (didn't bet)


Poker Hand #HD1835995627: Hold'em No Limit ($0.05/$0.1) - 2024/06/29 17:07:24
Table 'NLHRed15' 6-max Seat #5 is the button
Seat 1: 104fb434 ($4.66 in chips)
Seat 2: Hero ($10.15 in chips)
Seat 4: 79948ca3 ($14.04 in chips)
Seat 5: 6910d878 ($12.81 in chips)
Seat 6: 7c511f3a ($20.95 in chips)
7c511f3a: posts small blind $0.05
104fb434: posts big blind $0.1
*** HOLE CARDS ***
Dealt to 104fb434 
Dealt to Hero [3c 3d]
Dealt to 79948ca3 
Dealt to 6910d878 
Dealt to 7c511f3a 
Hero: folds
79948ca3: folds
6910d878: raises $0.15 to $0.25
7c511f3a: folds
104fb434: calls $0.15
*** FLOP *** [9c Kh 7d]
104fb434: checks
6910d878: checks
*** TURN *** [9c Kh 7d] [2d]
104fb434: checks
6910d878: checks
*** RIVER *** [9c Kh 7d 2d] [2s]
104fb434: checks
6910d878: checks
104fb434: shows [Tc As] (Pair of Twos)
6910d878: shows [Js 8s] (Pair of Twos)
*** SHOWDOWN ***
104fb434 collected $0.53 from pot
*** SUMMARY ***
Total pot $0.55 | Rake $0.02 | Jackpot $0 | Bingo $0 | Fortune $0 | Tax $0
Board [9c Kh 7d 2d 2s]
Seat 1: 104fb434 (big blind) showed [Tc As] and won ($0.53) with Pair of Twos
Seat 2: Hero folded before Flop (didn't bet)
Seat 4: 79948ca3 folded before Flop (didn't bet)
Seat 5: 6910d878 (button) showed [Js 8s] and lost with Pair of Twos
Seat 6: 7c511f3a (small blind) folded before Flop


Poker Hand #HD1835995598: Hold'em No Limit ($0.05/$0.1) - 2024/06/29 17:07:12
Table 'NLHRed15' 6-max Seat #4 is the button
Seat 1: 104fb434 ($4.66 in chips)
Seat 2: Hero ($10 in chips)
Seat 4: 79948ca3 ($14.04 in chips)
Seat 5: 6910d878 ($12.86 in chips)
Seat 6: 7c511f3a ($21.05 in chips)
6910d878: posts small blind $0.05
7c511f3a: posts big blind $0.1
*** HOLE CARDS ***
Dealt to 104fb434 
Dealt to Hero [Jd Kd]
Dealt to 79948ca3 
Dealt to 6910d878 
Dealt to 7c511f3a 
104fb434: folds
Hero: raises $0.14 to $0.24
79948ca3: folds
6910d878: folds
7c511f3a: folds
Uncalled bet ($0.14) returned to Hero
*** SHOWDOWN ***
Hero collected $0.25 from pot
*** SUMMARY ***
Total pot $0.25 | Rake $0 | Jackpot $0 | Bingo $0 | Fortune $0 | Tax $0
Seat 1: 104fb434 folded before Flop (didn't bet)
Seat 2: Hero collected ($0.25)
Seat 4: 79948ca3 (button) folded before Flop (didn't bet)
Seat 5: 6910d878 (small blind) folded before Flop
Seat 6: 7c511f3a (big blind) folded before Flop


Poker Hand #HD1835995437: Hold'em No Limit ($0.05/$0.1) - 2024/06/29 17:05:54
Table 'NLHRed15' 6-max Seat #2 is the button
Seat 1: 104fb434 ($4.66 in chips)
Seat 2: Hero ($10 in chips)
Seat 3: 207b7c6f ($9.88 in chips)
Seat 4: 79948ca3 ($14.14 in chips)
Seat 5: 6910d878 ($13.66 in chips)
Seat 6: 7c511f3a ($11.37 in chips)
207b7c6f: posts small blind $0.05
79948ca3: posts big blind $0.1
*** HOLE CARDS ***
Dealt to 104fb434 
Dealt to Hero [9c Tc]
Dealt to 207b7c6f 
Dealt to 79948ca3 
Dealt to 6910d878 
Dealt to 7c511f3a 
6910d878: raises $0.15 to $0.25
7c511f3a: raises $0.55 to $0.8
104fb434: folds
Hero: folds
207b7c6f: calls $0.75
79948ca3: folds
6910d878: calls $0.55
*** FLOP *** [Js 2c Kh]
207b7c6f: bets $1.88
6910d878: folds
7c511f3a: calls $1.88
*** TURN *** [Js 2c Kh] [4d]
207b7c6f: checks
7c511f3a: bets $8.69 and is all-in
207b7c6f: calls $7.2 and is all-in
Uncalled bet ($1.49) returned to 7c511f3a
7c511f3a: shows [As Ks] (Pair of Kings)
207b7c6f: shows [Kc Ts] (Pair of Kings)
*** RIVER *** [Js 2c Kh 4d] [9s]
*** SHOWDOWN ***
7c511f3a collected $19.56 from pot
*** SUMMARY ***
Total pot $20.66 | Rake $1 | Jackpot $0.1 | Bingo $0 | Fortune $0 | Tax $0
Board [Js 2c Kh 4d 9s]
Seat 1: 104fb434 folded before Flop (didn't bet)
Seat 2: Hero (button) folded before Flop (didn't bet)
Seat 3: 207b7c6f (small blind) showed [Kc Ts] and lost with Pair of Kings
Seat 4: 79948ca3 (big blind) folded before Flop
Seat 5: 6910d878 folded on the Flop
Seat 6: 7c511f3a showed [As Ks] and won ($19.56) with Pair of Kings


Poker Hand #HD1835995373: Hold'em No Limit ($0.05/$0.1) - 2024/06/29 17:05:21
Table 'NLHRed15' 6-max Seat #1 is the button
Seat 1: 104fb434 ($4.35 in chips)
Seat 2: Hero ($10 in chips)
Seat 3: 207b7c6f ($10.17 in chips)
Seat 4: 79948ca3 ($14.14 in chips)
Seat 5: 6910d878 ($13.66 in chips)
Seat 6: 7c511f3a ($11.37 in chips)
Hero: posts small blind $0.05
207b7c6f: posts big blind $0.1
*** HOLE CARDS ***
Dealt to 104fb434 
Dealt to Hero [6h 4h]
Dealt to 207b7c6f 
Dealt to 79948ca3 
Dealt to 6910d878 
Dealt to 7c511f3a 
79948ca3: folds
6910d878: folds
7c511f3a: folds
104fb434: calls $0.1
Hero: folds
207b7c6f: raises $0.19 to $0.29
104fb434: calls $0.19
*** FLOP *** [4s 8s Qd]
207b7c6f: checks
104fb434: bets $0.24
207b7c6f: folds
Uncalled bet ($0.24) returned to 104fb434
*** SHOWDOWN ***
104fb434 collected $0.6 from pot
*** SUMMARY ***
Total pot $0.63 | Rake $0.03 | Jackpot $0 | Bingo $0 | Fortune $0 | Tax $0
Board [4s 8s Qd]
Seat 1: 104fb434 (button) won ($0.6)
Seat 2: Hero (small blind) folded before Flop
Seat 3: 207b7c6f (big blind) folded on the Flop
Seat 4: 79948ca3 folded before Flop (didn't bet)
Seat 5: 6910d878 folded before Flop (didn't bet)
Seat 6: 7c511f3a folded before Flop (didn't bet)


Poker Hand #HD1835995266: Hold'em No Limit ($0.05/$0.1) - 2024/06/29 17:04:31
Table 'NLHRed15' 6-max Seat #6 is the button
Seat 1: 104fb434 ($4.4 in chips)
Seat 2: Hero ($10 in chips)
Seat 4: 79948ca3 ($15.36 in chips)
Seat 5: 6910d878 ($13.66 in chips)
Seat 6: 7c511f3a ($10.13 in chips)
104fb434: posts small blind $0.05
Hero: posts big blind $0.1
*** HOLE CARDS ***
Dealt to 104fb434 
Dealt to Hero [Qh 3s]
Dealt to 79948ca3 
Dealt to 6910d878 
Dealt to 7c511f3a 
79948ca3: raises $0.1 to $0.2
6910d878: folds
7c511f3a: raises $0.5 to $0.7
104fb434: folds
Hero: folds
79948ca3: calls $0.5
*** FLOP *** [4c 3h Qs]
79948ca3: checks
7c511f3a: bets $0.52
79948ca3: calls $0.52
*** TURN *** [4c 3h Qs] [2s]
79948ca3: checks
7c511f3a: checks
*** RIVER *** [4c 3h Qs 2s] [Ac]
79948ca3: checks
7c511f3a: checks
79948ca3: shows [7d 7c] (Pair of Sevens)
7c511f3a: shows [Qd Kd] (Pair of Queens)
*** SHOWDOWN ***
7c511f3a collected $2.46 from pot
*** SUMMARY ***
Total pot $2.59 | Rake $0.13 | Jackpot $0 | Bingo $0 | Fortune $0 | Tax $0
Board [4c 3h Qs 2s Ac]
Seat 1: 104fb434 (small blind) folded before Flop
Seat 2: Hero (big blind) folded before Flop
Seat 4: 79948ca3 showed [7d 7c] and lost with Pair of Sevens
Seat 5: 6910d878 folded before Flop (didn't bet)
Seat 6: 7c511f3a (button) showed [Qd Kd] and won ($2.46) with Pair of Queens


