Poker Hand #HD1858058149: Hold'em No Limit ($0.05/$0.1) - 2024/07/15 16:22:40
Table 'NLHRed29' 6-max Seat #2 is the button
Seat 1: fc2ba9cf ($7.9 in chips)
Seat 2: a7ff5df0 ($9.95 in chips)
Seat 3: Hero ($10.5 in chips)
Seat 4: 9f488c01 ($10 in chips)
Hero: posts small blind $0.05
9f488c01: posts big blind $0.1
*** HOLE CARDS ***
Dealt to fc2ba9cf 
Dealt to a7ff5df0 
Dealt to Hero [4s 2c]
Dealt to 9f488c01 
fc2ba9cf: calls $0.1
a7ff5df0: calls $0.1
Hero: folds
9f488c01: checks
*** FLOP *** [8c 3c 7c]
9f488c01: checks
fc2ba9cf: checks
a7ff5df0: checks
*** TURN *** [8c 3c 7c] [4h]
9f488c01: bets $0.2
fc2ba9cf: calls $0.2
a7ff5df0: folds
*** RIVER *** [8c 3c 7c 4h] [8s]
9f488c01: checks
fc2ba9cf: bets $0.25
9f488c01: calls $0.25
fc2ba9cf: shows [Tc Qc] (Queen High Flush)
9f488c01: shows [9c 7d] (Pair of Eights and Pair of Sevens)
*** SHOWDOWN ***
fc2ba9cf collected $1.18 from pot
*** SUMMARY ***
Total pot $1.25 | Rake $0.07 | Jackpot $0 | Bingo $0 | Fortune $0 | Tax $0
Board [8c 3c 7c 4h 8s]
Seat 1: fc2ba9cf showed [Tc Qc] and won ($1.18) with Queen High Flush
Seat 2: a7ff5df0 (button) folded on the Turn
Seat 3: Hero (small blind) folded before Flop
Seat 4: 9f488c01 (big blind) showed [9c 7d] and lost with Pair of Eights and Pair of Sevens


Poker Hand #HD1858058034: Hold'em No Limit ($0.05/$0.1) - 2024/07/15 16:21:44
Table 'NLHRed29' 6-max Seat #1 is the button
Seat 1: fc2ba9cf ($8.4 in chips)
Seat 2: a7ff5df0 ($10 in chips)
Seat 3: Hero ($10 in chips)
Seat 4: 9f488c01 ($10 in chips)
a7ff5df0: posts small blind $0.05
Hero: posts big blind $0.1
*** HOLE CARDS ***
Dealt to fc2ba9cf 
Dealt to a7ff5df0 
Dealt to Hero [Jd 7d]
Dealt to 9f488c01 
9f488c01: folds
fc2ba9cf: raises $0.1 to $0.2
a7ff5df0: folds
Hero: calls $0.1
*** FLOP *** [7c Ah 4c]
Hero: checks
fc2ba9cf: checks
*** TURN *** [7c Ah 4c] [Jc]
Hero: bets $0.3
fc2ba9cf: calls $0.3
*** RIVER *** [7c Ah 4c Jc] [2d]
Hero: checks
fc2ba9cf: checks
Hero: shows [Jd 7d] (Pair of Jacks and Pair of Sevens)
fc2ba9cf: shows [8c 8h] (Pair of Eights)
*** SHOWDOWN ***
Hero collected $1 from pot
*** SUMMARY ***
Total pot $1.05 | Rake $0.05 | Jackpot $0 | Bingo $0 | Fortune $0 | Tax $0
Board [7c Ah 4c Jc 2d]
Seat 1: fc2ba9cf (button) showed [8c 8h] and lost with Pair of Eights
Seat 2: a7ff5df0 (small blind) folded before Flop
Seat 3: Hero (big blind) showed [Jd 7d] and won ($1) with Pair of Jacks and Pair of Sevens
Seat 4: 9f488c01 folded before Flop (didn't bet)


Poker Hand #HD1858058000: Hold'em No Limit ($0.05/$0.1) - 2024/07/15 16:21:27
Table 'NLHRed29' 6-max Seat #5 is the button
Seat 1: fc2ba9cf ($8.3 in chips)
Seat 2: a7ff5df0 ($10.1 in chips)
Seat 3: Hero ($10 in chips)
Seat 4: 9f488c01 ($10 in chips)
Seat 5: 5f881d24 ($10 in chips)
fc2ba9cf: posts small blind $0.05
a7ff5df0: posts big blind $0.1
*** HOLE CARDS ***
Dealt to fc2ba9cf 
Dealt to a7ff5df0 
Dealt to Hero [8s 2c]
Dealt to 9f488c01 
Dealt to 5f881d24 
Hero: folds
9f488c01: folds
5f881d24: folds
fc2ba9cf: raises $0.1 to $0.2
a7ff5df0: folds
Uncalled bet ($0.1) returned to fc2ba9cf
*** SHOWDOWN ***
fc2ba9cf collected $0.2 from pot
*** SUMMARY ***
Total pot $0.2 | Rake $0 | Jackpot $0 | Bingo $0 | Fortune $0 | Tax $0
Seat 1: fc2ba9cf (small blind) collected ($0.2)
Seat 2: a7ff5df0 (big blind) folded before Flop
Seat 3: Hero folded before Flop (didn't bet)
Seat 4: 9f488c01 folded before Flop (didn't bet)
Seat 5: 5f881d24 (button) folded before Flop (didn't bet)


Poker Hand #HD1858057986: Hold'em No Limit ($0.05/$0.1) - 2024/07/15 16:21:21
Table 'NLHRed29' 6-max Seat #4 is the button
Seat 1: fc2ba9cf ($8.25 in chips)
Seat 2: a7ff5df0 ($10.1 in chips)
Seat 3: Hero ($10 in chips)
Seat 4: 9f488c01 ($10 in chips)
Seat 5: 5f881d24 ($10.05 in chips)
5f881d24: posts small blind $0.05
fc2ba9cf: posts big blind $0.1
*** HOLE CARDS ***
Dealt to fc2ba9cf 
Dealt to a7ff5df0 
Dealt to Hero [9h 3s]
Dealt to 9f488c01 
Dealt to 5f881d24 
a7ff5df0: folds
Hero: folds
9f488c01: folds
5f881d24: folds
Uncalled bet ($0.05) returned to fc2ba9cf
*** SHOWDOWN ***
fc2ba9cf collected $0.1 from pot
*** SUMMARY ***
Total pot $0.1 | Rake $0 | Jackpot $0 | Bingo $0 | Fortune $0 | Tax $0
Seat 1: fc2ba9cf (big blind) collected ($0.1)
Seat 2: a7ff5df0 folded before Flop (didn't bet)
Seat 3: Hero folded before Flop (didn't bet)
Seat 4: 9f488c01 (button) folded before Flop (didn't bet)
Seat 5: 5f881d24 (small blind) folded before Flop


Poker Hand #HD1858057825: Hold'em No Limit ($0.05/$0.1) - 2024/07/15 16:20:03
Table 'NLHRed29' 6-max Seat #3 is the button
Seat 1: fc2ba9cf ($6.33 in chips)
Seat 2: a7ff5df0 ($10.1 in chips)
Seat 3: Hero ($11.19 in chips)
Seat 4: 9f488c01 ($10.63 in chips)
Seat 5: 5f881d24 ($10.15 in chips)
Seat 6: 74d1c452 ($16.23 in chips)
9f488c01: posts small blind $0.05
5f881d24: posts big blind $0.1
*** HOLE CARDS ***
Dealt to fc2ba9cf 
Dealt to a7ff5df0 
Dealt to Hero [Ad Kc]
Dealt to 9f488c01 
Dealt to 5f881d24 
Dealt to 74d1c452 
74d1c452: folds
fc2ba9cf: raises $0.1 to $0.2
a7ff5df0: folds
Hero: raises $0.5 to $0.7
9f488c01: calls $0.65
5f881d24: folds
fc2ba9cf: calls $0.5
*** FLOP *** [Qd 9c 8d]
9f488c01: checks
fc2ba9cf: checks
Hero: checks
*** TURN *** [Qd 9c 8d] [Kh]
9f488c01: checks
fc2ba9cf: checks
Hero: bets $0.73
9f488c01: folds
fc2ba9cf: calls $0.73
*** RIVER *** [Qd 9c 8d Kh] [Qs]
fc2ba9cf: checks
Hero: checks
fc2ba9cf: shows [Jc Qc] (Three Queens)
Hero: shows [Ad Kc] (Pair of Kings and Pair of Queens)
*** SHOWDOWN ***
fc2ba9cf collected $3.35 from pot
*** SUMMARY ***
Total pot $3.66 | Rake $0.21 | Jackpot $0.1 | Bingo $0 | Fortune $0 | Tax $0
Board [Qd 9c 8d Kh Qs]
Seat 1: fc2ba9cf showed [Jc Qc] and won ($3.35) with Three Queens
Seat 2: a7ff5df0 folded before Flop (didn't bet)
Seat 3: Hero (button) showed [Ad Kc] and lost with Pair of Kings and Pair of Queens
Seat 4: 9f488c01 (small blind) folded on the Turn
Seat 5: 5f881d24 (big blind) folded before Flop
Seat 6: 74d1c452 folded before Flop (didn't bet)


Poker Hand #HD1858057786: Hold'em No Limit ($0.05/$0.1) - 2024/07/15 16:19:49
Table 'NLHRed29' 6-max Seat #2 is the button
Seat 1: fc2ba9cf ($6.33 in chips)
Seat 2: a7ff5df0 ($10.1 in chips)
Seat 3: Hero ($11.09 in chips)
Seat 4: 9f488c01 ($10.73 in chips)
Seat 5: 5f881d24 ($10.15 in chips)
Seat 6: 74d1c452 ($16.23 in chips)
Hero: posts small blind $0.05
9f488c01: posts big blind $0.1
*** HOLE CARDS ***
Dealt to fc2ba9cf 
Dealt to a7ff5df0 
Dealt to Hero [Ah 8h]
Dealt to 9f488c01 
Dealt to 5f881d24 
Dealt to 74d1c452 
5f881d24: folds
74d1c452: folds
fc2ba9cf: folds
a7ff5df0: folds
Hero: raises $0.2 to $0.3
9f488c01: folds
Uncalled bet ($0.2) returned to Hero
*** SHOWDOWN ***
Hero collected $0.2 from pot
*** SUMMARY ***
Total pot $0.2 | Rake $0 | Jackpot $0 | Bingo $0 | Fortune $0 | Tax $0
Seat 1: fc2ba9cf folded before Flop (didn't bet)
Seat 2: a7ff5df0 (button) folded before Flop (didn't bet)
Seat 3: Hero (small blind) collected ($0.2)
Seat 4: 9f488c01 (big blind) folded before Flop
Seat 5: 5f881d24 folded before Flop (didn't bet)
Seat 6: 74d1c452 folded before Flop (didn't bet)


Poker Hand #HD1858057760: Hold'em No Limit ($0.05/$0.1) - 2024/07/15 16:19:34
Table 'NLHRed29' 6-max Seat #1 is the button
Seat 1: fc2ba9cf ($6.33 in chips)
Seat 2: a7ff5df0 ($10.15 in chips)
Seat 3: Hero ($11.19 in chips)
Seat 4: 9f488c01 ($10.73 in chips)
Seat 5: 5f881d24 ($10 in chips)
Seat 6: 74d1c452 ($16.23 in chips)
a7ff5df0: posts small blind $0.05
Hero: posts big blind $0.1
*** HOLE CARDS ***
Dealt to fc2ba9cf 
Dealt to a7ff5df0 
Dealt to Hero [9s 2d]
Dealt to 9f488c01 
Dealt to 5f881d24 
Dealt to 74d1c452 
9f488c01: folds
5f881d24: raises $0.1 to $0.2
74d1c452: folds
fc2ba9cf: folds
a7ff5df0: folds
Hero: folds
Uncalled bet ($0.1) returned to 5f881d24
*** SHOWDOWN ***
5f881d24 collected $0.25 from pot
*** SUMMARY ***
Total pot $0.25 | Rake $0 | Jackpot $0 | Bingo $0 | Fortune $0 | Tax $0
Seat 1: fc2ba9cf (button) folded before Flop (didn't bet)
Seat 2: a7ff5df0 (small blind) folded before Flop
Seat 3: Hero (big blind) folded before Flop
Seat 4: 9f488c01 folded before Flop (didn't bet)
Seat 5: 5f881d24 collected ($0.25)
Seat 6: 74d1c452 folded before Flop (didn't bet)


Poker Hand #HD1858057707: Hold'em No Limit ($0.05/$0.1) - 2024/07/15 16:19:11
Table 'NLHRed29' 6-max Seat #6 is the button
Seat 1: fc2ba9cf ($6.38 in chips)
Seat 2: a7ff5df0 ($10.25 in chips)
Seat 3: Hero ($11.19 in chips)
Seat 4: 9f488c01 ($10.58 in chips)
Seat 5: 5f881d24 ($10 in chips)
Seat 6: 74d1c452 ($16.23 in chips)
fc2ba9cf: posts small blind $0.05
a7ff5df0: posts big blind $0.1
*** HOLE CARDS ***
Dealt to fc2ba9cf 
Dealt to a7ff5df0 
Dealt to Hero [Kh 4c]
Dealt to 9f488c01 
Dealt to 5f881d24 
Dealt to 74d1c452 
Hero: folds
9f488c01: raises $0.15 to $0.25
5f881d24: folds
74d1c452: folds
fc2ba9cf: folds
a7ff5df0: folds
Uncalled bet ($0.15) returned to 9f488c01
*** SHOWDOWN ***
9f488c01 collected $0.25 from pot
*** SUMMARY ***
Total pot $0.25 | Rake $0 | Jackpot $0 | Bingo $0 | Fortune $0 | Tax $0
Seat 1: fc2ba9cf (small blind) folded before Flop
Seat 2: a7ff5df0 (big blind) folded before Flop
Seat 3: Hero folded before Flop (didn't bet)
Seat 4: 9f488c01 collected ($0.25)
Seat 5: 5f881d24 folded before Flop (didn't bet)
Seat 6: 74d1c452 (button) folded before Flop (didn't bet)


Poker Hand #HD1858057562: Hold'em No Limit ($0.05/$0.1) - 2024/07/15 16:18:03
Table 'NLHRed29' 6-max Seat #5 is the button
Seat 1: fc2ba9cf ($7.38 in chips)
Seat 2: a7ff5df0 ($10.25 in chips)
Seat 3: Hero ($11.19 in chips)
Seat 4: 9f488c01 ($13.83 in chips)
Seat 5: 5f881d24 ($10 in chips)
Seat 6: 74d1c452 ($12.45 in chips)
74d1c452: posts small blind $0.05
fc2ba9cf: posts big blind $0.1
*** HOLE CARDS ***
Dealt to fc2ba9cf 
Dealt to a7ff5df0 
Dealt to Hero [Qc 4h]
Dealt to 9f488c01 
Dealt to 5f881d24 
Dealt to 74d1c452 
a7ff5df0: folds
Hero: folds
9f488c01: raises $0.15 to $0.25
5f881d24: folds
74d1c452: calls $0.2
fc2ba9cf: calls $0.15
*** FLOP *** [6h 9d Ac]
74d1c452: checks
fc2ba9cf: bets $0.25
9f488c01: calls $0.25
74d1c452: calls $0.25
*** TURN *** [6h 9d Ac] [5d]
74d1c452: checks
fc2ba9cf: bets $0.5
9f488c01: calls $0.5
74d1c452: calls $0.5
*** RIVER *** [6h 9d Ac 5d] [8c]
74d1c452: bets $2.25
fc2ba9cf: folds
9f488c01: calls $2.25
74d1c452: shows [7d Td] (Tens-High Straight)
9f488c01: shows [8h 8s] (Three Eights)
*** SHOWDOWN ***
74d1c452 collected $7.03 from pot
*** SUMMARY ***
Total pot $7.5 | Rake $0.37 | Jackpot $0.1 | Bingo $0 | Fortune $0 | Tax $0
Board [6h 9d Ac 5d 8c]
Seat 1: fc2ba9cf (big blind) folded on the River
Seat 2: a7ff5df0 folded before Flop (didn't bet)
Seat 3: Hero folded before Flop (didn't bet)
Seat 4: 9f488c01 showed [8h 8s] and lost with Three Eights
Seat 5: 5f881d24 (button) folded before Flop (didn't bet)
Seat 6: 74d1c452 (small blind) showed [7d Td] and won ($7.03) with Tens-High Straight


Poker Hand #HD1858057433: Hold'em No Limit ($0.05/$0.1) - 2024/07/15 16:17:10
Table 'NLHRed29' 6-max Seat #4 is the button
Seat 1: fc2ba9cf ($8.08 in chips)
Seat 2: a7ff5df0 ($10.25 in chips)
Seat 3: Hero ($11.19 in chips)
Seat 4: 9f488c01 ($13.05 in chips)
Seat 5: 5f881d24 ($10 in chips)
Seat 6: 74d1c452 ($12.55 in chips)
5f881d24: posts small blind $0.05
74d1c452: posts big blind $0.1
*** HOLE CARDS ***
Dealt to fc2ba9cf 
Dealt to a7ff5df0 
Dealt to Hero [7d 9h]
Dealt to 9f488c01 
Dealt to 5f881d24 
Dealt to 74d1c452 
fc2ba9cf: raises $0.1 to $0.2
a7ff5df0: folds
Hero: folds
9f488c01: raises $0.5 to $0.7
5f881d24: folds
74d1c452: folds
fc2ba9cf: calls $0.5
*** FLOP *** [7h 2s Ac]
fc2ba9cf: checks
9f488c01: bets $0.52
fc2ba9cf: folds
Uncalled bet ($0.52) returned to 9f488c01
*** SHOWDOWN ***
9f488c01 collected $1.48 from pot
*** SUMMARY ***
Total pot $1.55 | Rake $0.07 | Jackpot $0 | Bingo $0 | Fortune $0 | Tax $0
Board [7h 2s Ac]
Seat 1: fc2ba9cf folded on the Flop
Seat 2: a7ff5df0 folded before Flop (didn't bet)
Seat 3: Hero folded before Flop (didn't bet)
Seat 4: 9f488c01 (button) won ($1.48)
Seat 5: 5f881d24 (small blind) folded before Flop
Seat 6: 74d1c452 (big blind) folded before Flop


Poker Hand #HD1858057377: Hold'em No Limit ($0.05/$0.1) - 2024/07/15 16:16:41
Table 'NLHRed29' 6-max Seat #3 is the button
Seat 1: fc2ba9cf ($8.08 in chips)
Seat 2: a7ff5df0 ($10.1 in chips)
Seat 3: Hero ($11.19 in chips)
Seat 4: 9f488c01 ($13.1 in chips)
Seat 5: 5f881d24 ($10 in chips)
Seat 6: 74d1c452 ($12.55 in chips)
9f488c01: posts small blind $0.05
5f881d24: posts big blind $0.1
*** HOLE CARDS ***
Dealt to fc2ba9cf 
Dealt to a7ff5df0 
Dealt to Hero [Ad 2c]
Dealt to 9f488c01 
Dealt to 5f881d24 
Dealt to 74d1c452 
74d1c452: folds
fc2ba9cf: folds
a7ff5df0: raises $0.12 to $0.22
Hero: folds
9f488c01: folds
5f881d24: folds
Uncalled bet ($0.12) returned to a7ff5df0
*** SHOWDOWN ***
a7ff5df0 collected $0.25 from pot
*** SUMMARY ***
Total pot $0.25 | Rake $0 | Jackpot $0 | Bingo $0 | Fortune $0 | Tax $0
Seat 1: fc2ba9cf folded before Flop (didn't bet)
Seat 2: a7ff5df0 collected ($0.25)
Seat 3: Hero (button) folded before Flop (didn't bet)
Seat 4: 9f488c01 (small blind) folded before Flop
Seat 5: 5f881d24 (big blind) folded before Flop
Seat 6: 74d1c452 folded before Flop (didn't bet)


Poker Hand #HD1858057347: Hold'em No Limit ($0.05/$0.1) - 2024/07/15 16:16:31
Table 'NLHRed29' 6-max Seat #2 is the button
Seat 1: fc2ba9cf ($8.08 in chips)
Seat 2: a7ff5df0 ($10.1 in chips)
Seat 3: Hero ($11.24 in chips)
Seat 4: 9f488c01 ($13.05 in chips)
Seat 5: 5f881d24 ($10 in chips)
Seat 6: 74d1c452 ($12.55 in chips)
Hero: posts small blind $0.05
9f488c01: posts big blind $0.1
*** HOLE CARDS ***
Dealt to fc2ba9cf 
Dealt to a7ff5df0 
Dealt to Hero [6c 3s]
Dealt to 9f488c01 
Dealt to 5f881d24 
Dealt to 74d1c452 
5f881d24: folds
74d1c452: folds
fc2ba9cf: folds
a7ff5df0: folds
Hero: folds
Uncalled bet ($0.05) returned to 9f488c01
*** SHOWDOWN ***
9f488c01 collected $0.1 from pot
*** SUMMARY ***
Total pot $0.1 | Rake $0 | Jackpot $0 | Bingo $0 | Fortune $0 | Tax $0
Seat 1: fc2ba9cf folded before Flop (didn't bet)
Seat 2: a7ff5df0 (button) folded before Flop (didn't bet)
Seat 3: Hero (small blind) folded before Flop
Seat 4: 9f488c01 (big blind) collected ($0.1)
Seat 5: 5f881d24 folded before Flop (didn't bet)
Seat 6: 74d1c452 folded before Flop (didn't bet)


Poker Hand #HD1858057314: Hold'em No Limit ($0.05/$0.1) - 2024/07/15 16:16:14
Table 'NLHRed29' 6-max Seat #1 is the button
Seat 1: fc2ba9cf ($8.08 in chips)
Seat 2: a7ff5df0 ($10.15 in chips)
Seat 3: Hero ($11.34 in chips)
Seat 4: 9f488c01 ($13.05 in chips)
Seat 5: 5f881d24 ($10 in chips)
Seat 6: 74d1c452 ($12.4 in chips)
a7ff5df0: posts small blind $0.05
Hero: posts big blind $0.1
*** HOLE CARDS ***
Dealt to fc2ba9cf 
Dealt to a7ff5df0 
Dealt to Hero [5h 8d]
Dealt to 9f488c01 
Dealt to 5f881d24 
Dealt to 74d1c452 
9f488c01: folds
5f881d24: folds
74d1c452: raises $0.15 to $0.25
fc2ba9cf: folds
a7ff5df0: folds
Hero: folds
Uncalled bet ($0.15) returned to 74d1c452
*** SHOWDOWN ***
74d1c452 collected $0.25 from pot
*** SUMMARY ***
Total pot $0.25 | Rake $0 | Jackpot $0 | Bingo $0 | Fortune $0 | Tax $0
Seat 1: fc2ba9cf (button) folded before Flop (didn't bet)
Seat 2: a7ff5df0 (small blind) folded before Flop
Seat 3: Hero (big blind) folded before Flop
Seat 4: 9f488c01 folded before Flop (didn't bet)
Seat 5: 5f881d24 folded before Flop (didn't bet)
Seat 6: 74d1c452 collected ($0.25)


Poker Hand #HD1858056713: Hold'em No Limit ($0.05/$0.1) - 2024/07/15 16:11:33
Table 'NLHRed29' 6-max Seat #2 is the button
Seat 1: fc2ba9cf ($7.86 in chips)
Seat 2: a7ff5df0 ($10 in chips)
Seat 3: Hero ($11.39 in chips)
Seat 4: 9f488c01 ($12.01 in chips)
Seat 5: 5f881d24 ($10.35 in chips)
Seat 6: 74d1c452 ($13.42 in chips)
Hero: posts small blind $0.05
9f488c01: posts big blind $0.1
*** HOLE CARDS ***
Dealt to fc2ba9cf 
Dealt to a7ff5df0 
Dealt to Hero [Ks 7s]
Dealt to 9f488c01 
Dealt to 5f881d24 
Dealt to 74d1c452 
5f881d24: folds
74d1c452: folds
fc2ba9cf: folds
a7ff5df0: raises $0.12 to $0.22
Hero: folds
9f488c01: calls $0.12
*** FLOP *** [9d Qd As]
9f488c01: checks
a7ff5df0: bets $0.17
9f488c01: folds
Uncalled bet ($0.17) returned to a7ff5df0
*** SHOWDOWN ***
a7ff5df0 collected $0.47 from pot
*** SUMMARY ***
Total pot $0.49 | Rake $0.02 | Jackpot $0 | Bingo $0 | Fortune $0 | Tax $0
Board [9d Qd As]
Seat 1: fc2ba9cf folded before Flop (didn't bet)
Seat 2: a7ff5df0 (button) won ($0.47)
Seat 3: Hero (small blind) folded before Flop
Seat 4: 9f488c01 (big blind) folded on the Flop
Seat 5: 5f881d24 folded before Flop (didn't bet)
Seat 6: 74d1c452 folded before Flop (didn't bet)


Poker Hand #HD1858056674: Hold'em No Limit ($0.05/$0.1) - 2024/07/15 16:11:14
Table 'NLHRed29' 6-max Seat #1 is the button
Seat 1: fc2ba9cf ($7.86 in chips)
Seat 2: a7ff5df0 ($9.9 in chips)
Seat 3: Hero ($11.49 in chips)
Seat 4: 9f488c01 ($12.01 in chips)
Seat 5: 5f881d24 ($10.35 in chips)
Seat 6: 74d1c452 ($13.42 in chips)
a7ff5df0: posts small blind $0.05
Hero: posts big blind $0.1
*** HOLE CARDS ***
Dealt to fc2ba9cf 
Dealt to a7ff5df0 
Dealt to Hero [2s Kh]
Dealt to 9f488c01 
Dealt to 5f881d24 
Dealt to 74d1c452 
9f488c01: folds
5f881d24: folds
74d1c452: folds
fc2ba9cf: folds
a7ff5df0: raises $0.12 to $0.22
Hero: folds
Uncalled bet ($0.12) returned to a7ff5df0
*** SHOWDOWN ***
a7ff5df0 collected $0.2 from pot
*** SUMMARY ***
Total pot $0.2 | Rake $0 | Jackpot $0 | Bingo $0 | Fortune $0 | Tax $0
Seat 1: fc2ba9cf (button) folded before Flop (didn't bet)
Seat 2: a7ff5df0 (small blind) collected ($0.2)
Seat 3: Hero (big blind) folded before Flop
Seat 4: 9f488c01 folded before Flop (didn't bet)
Seat 5: 5f881d24 folded before Flop (didn't bet)
Seat 6: 74d1c452 folded before Flop (didn't bet)


Poker Hand #HD1858056608: Hold'em No Limit ($0.05/$0.1) - 2024/07/15 16:10:46
Table 'NLHRed29' 6-max Seat #6 is the button
Seat 1: fc2ba9cf ($7.91 in chips)
Seat 2: a7ff5df0 ($10 in chips)
Seat 3: Hero ($11.49 in chips)
Seat 4: 9f488c01 ($12.01 in chips)
Seat 5: 5f881d24 ($10 in chips)
Seat 6: 74d1c452 ($13.65 in chips)
fc2ba9cf: posts small blind $0.05
a7ff5df0: posts big blind $0.1
*** HOLE CARDS ***
Dealt to fc2ba9cf 
Dealt to a7ff5df0 
Dealt to Hero [8d Jc]
Dealt to 9f488c01 
Dealt to 5f881d24 
Dealt to 74d1c452 
Hero: folds
9f488c01: folds
5f881d24: raises $0.13 to $0.23
74d1c452: calls $0.23
fc2ba9cf: folds
a7ff5df0: folds
*** FLOP *** [9h Qs 4s]
5f881d24: bets $0.21
74d1c452: folds
Uncalled bet ($0.21) returned to 5f881d24
*** SHOWDOWN ***
5f881d24 collected $0.58 from pot
*** SUMMARY ***
Total pot $0.61 | Rake $0.03 | Jackpot $0 | Bingo $0 | Fortune $0 | Tax $0
Board [9h Qs 4s]
Seat 1: fc2ba9cf (small blind) folded before Flop
Seat 2: a7ff5df0 (big blind) folded before Flop
Seat 3: Hero folded before Flop (didn't bet)
Seat 4: 9f488c01 folded before Flop (didn't bet)
Seat 5: 5f881d24 won ($0.58)
Seat 6: 74d1c452 (button) folded on the Flop


Poker Hand #HD1858056520: Hold'em No Limit ($0.05/$0.1) - 2024/07/15 16:10:00
Table 'NLHRed29' 6-max Seat #5 is the button
Seat 1: fc2ba9cf ($7.73 in chips)
Seat 3: Hero ($11.49 in chips)
Seat 4: 9f488c01 ($12.01 in chips)
Seat 5: 5f881d24 ($10 in chips)
Seat 6: 74d1c452 ($13.85 in chips)
74d1c452: posts small blind $0.05
fc2ba9cf: posts big blind $0.1
*** HOLE CARDS ***
Dealt to fc2ba9cf 
Dealt to Hero [6h 8h]
Dealt to 9f488c01 
Dealt to 5f881d24 
Dealt to 74d1c452 
Hero: folds
9f488c01: folds
5f881d24: folds
74d1c452: raises $0.1 to $0.2
fc2ba9cf: calls $0.1
*** FLOP *** [6d 4c Js]
74d1c452: checks
fc2ba9cf: checks
*** TURN *** [6d 4c Js] [Ks]
74d1c452: checks
fc2ba9cf: checks
*** RIVER *** [6d 4c Js Ks] [6c]
74d1c452: checks
fc2ba9cf: bets $0.14
74d1c452: folds
Uncalled bet ($0.14) returned to fc2ba9cf
*** SHOWDOWN ***
fc2ba9cf collected $0.38 from pot
*** SUMMARY ***
Total pot $0.4 | Rake $0.02 | Jackpot $0 | Bingo $0 | Fortune $0 | Tax $0
Board [6d 4c Js Ks 6c]
Seat 1: fc2ba9cf (big blind) won ($0.38)
Seat 3: Hero folded before Flop (didn't bet)
Seat 4: 9f488c01 folded before Flop (didn't bet)
Seat 5: 5f881d24 (button) folded before Flop (didn't bet)
Seat 6: 74d1c452 (small blind) folded on the River


Poker Hand #HD1858056424: Hold'em No Limit ($0.05/$0.1) - 2024/07/15 16:09:11
Table 'NLHRed29' 6-max Seat #4 is the button
Seat 1: fc2ba9cf ($7.93 in chips)
Seat 3: Hero ($11.49 in chips)
Seat 4: 9f488c01 ($12.01 in chips)
Seat 5: 5f881d24 ($10.01 in chips)
Seat 6: 74d1c452 ($13.48 in chips)
5f881d24: posts small blind $0.05
74d1c452: posts big blind $0.1
*** HOLE CARDS ***
Dealt to fc2ba9cf 
Dealt to Hero [6d 5c]
Dealt to 9f488c01 
Dealt to 5f881d24 
Dealt to 74d1c452 
fc2ba9cf: raises $0.1 to $0.2
Hero: folds
9f488c01: folds
5f881d24: calls $0.15
74d1c452: calls $0.1
*** FLOP *** [Jh 3h 8h]
5f881d24: checks
74d1c452: bets $0.45
fc2ba9cf: folds
5f881d24: folds
Uncalled bet ($0.45) returned to 74d1c452
*** SHOWDOWN ***
74d1c452 collected $0.57 from pot
*** SUMMARY ***
Total pot $0.6 | Rake $0.03 | Jackpot $0 | Bingo $0 | Fortune $0 | Tax $0
Board [Jh 3h 8h]
Seat 1: fc2ba9cf folded on the Flop
Seat 3: Hero folded before Flop (didn't bet)
Seat 4: 9f488c01 (button) folded before Flop (didn't bet)
Seat 5: 5f881d24 (small blind) folded on the Flop
Seat 6: 74d1c452 (big blind) won ($0.57)


Poker Hand #HD1858056301: Hold'em No Limit ($0.05/$0.1) - 2024/07/15 16:08:14
Table 'NLHRed29' 6-max Seat #3 is the button
Seat 1: fc2ba9cf ($7.93 in chips)
Seat 2: c83ea869 ($3.27 in chips)
Seat 3: Hero ($11.49 in chips)
Seat 4: 9f488c01 ($12.06 in chips)
Seat 5: 5f881d24 ($10.11 in chips)
Seat 6: 74d1c452 ($10.49 in chips)
9f488c01: posts small blind $0.05
5f881d24: posts big blind $0.1
*** HOLE CARDS ***
Dealt to fc2ba9cf 
Dealt to c83ea869 
Dealt to Hero [Kh 6h]
Dealt to 9f488c01 
Dealt to 5f881d24 
Dealt to 74d1c452 
74d1c452: raises $0.15 to $0.25
fc2ba9cf: folds
c83ea869: raises $1.25 to $1.5
Hero: folds
9f488c01: folds
5f881d24: folds
74d1c452: raises $3.78 to $5.28
c83ea869: calls $1.77 and is all-in
Uncalled bet ($2.01) returned to 74d1c452
74d1c452: shows [As Ks]
c83ea869: shows [Tc Ad]
*** FLOP *** [9d 2d 3h]
*** TURN *** [9d 2d 3h] [2c]
*** RIVER *** [9d 2d 3h 2c] [Ah]
*** SHOWDOWN ***
74d1c452 collected $6.26 from pot
*** SUMMARY ***
Total pot $6.69 | Rake $0.33 | Jackpot $0.1 | Bingo $0 | Fortune $0 | Tax $0
Board [9d 2d 3h 2c Ah]
Seat 1: fc2ba9cf folded before Flop (didn't bet)
Seat 2: c83ea869 showed [Tc Ad] and lost with Pair of Aces and Pair of Twos
Seat 3: Hero (button) folded before Flop (didn't bet)
Seat 4: 9f488c01 (small blind) folded before Flop
Seat 5: 5f881d24 (big blind) folded before Flop
Seat 6: 74d1c452 showed [As Ks] and won ($6.26) with Pair of Aces and Pair of Twos


Poker Hand #HD1858056191: Hold'em No Limit ($0.05/$0.1) - 2024/07/15 16:07:19
Table 'NLHRed29' 6-max Seat #2 is the button
Seat 1: fc2ba9cf ($7.93 in chips)
Seat 2: c83ea869 ($5.61 in chips)
Seat 3: Hero ($11.54 in chips)
Seat 4: 9f488c01 ($10 in chips)
Seat 5: 5f881d24 ($10.11 in chips)
Seat 6: 74d1c452 ($10.49 in chips)
Hero: posts small blind $0.05
9f488c01: posts big blind $0.1
*** HOLE CARDS ***
Dealt to fc2ba9cf 
Dealt to c83ea869 
Dealt to Hero [5c 4c]
Dealt to 9f488c01 
Dealt to 5f881d24 
Dealt to 74d1c452 
5f881d24: folds
74d1c452: folds
fc2ba9cf: folds
c83ea869: raises $0.25 to $0.35
Hero: folds
9f488c01: calls $0.25
*** FLOP *** [Qd 7c Kh]
9f488c01: checks
c83ea869: bets $0.57
9f488c01: calls $0.57
*** TURN *** [Qd 7c Kh] [3s]
9f488c01: checks
c83ea869: bets $1.42
9f488c01: calls $1.42
*** RIVER *** [Qd 7c Kh 3s] [7h]
9f488c01: checks
c83ea869: checks
9f488c01: shows [Jd Qs] (Pair of Queens and Pair of Sevens)
c83ea869: shows [Jh Tc] (Pair of Sevens)
*** SHOWDOWN ***
9f488c01 collected $4.4 from pot
*** SUMMARY ***
Total pot $4.73 | Rake $0.23 | Jackpot $0.1 | Bingo $0 | Fortune $0 | Tax $0
Board [Qd 7c Kh 3s 7h]
Seat 1: fc2ba9cf folded before Flop (didn't bet)
Seat 2: c83ea869 (button) showed [Jh Tc] and lost with Pair of Sevens
Seat 3: Hero (small blind) folded before Flop
Seat 4: 9f488c01 (big blind) showed [Jd Qs] and won ($4.4) with Pair of Queens and Pair of Sevens
Seat 5: 5f881d24 folded before Flop (didn't bet)
Seat 6: 74d1c452 folded before Flop (didn't bet)


Poker Hand #HD1858056140: Hold'em No Limit ($0.05/$0.1) - 2024/07/15 16:06:48
Table 'NLHRed29' 6-max Seat #1 is the button
Seat 1: fc2ba9cf ($7.93 in chips)
Seat 2: c83ea869 ($4.79 in chips)
Seat 3: Hero ($11.64 in chips)
Seat 4: d8959d15 ($9.7 in chips)
Seat 5: 5f881d24 ($10.91 in chips)
Seat 6: 74d1c452 ($10.49 in chips)
c83ea869: posts small blind $0.05
Hero: posts big blind $0.1
*** HOLE CARDS ***
Dealt to fc2ba9cf 
Dealt to c83ea869 
Dealt to Hero [Kd 5h]
Dealt to d8959d15 
Dealt to 5f881d24 
Dealt to 74d1c452 
d8959d15: folds
5f881d24: raises $0.1 to $0.2
74d1c452: folds
fc2ba9cf: folds
c83ea869: raises $0.6 to $0.8
Hero: folds
5f881d24: calls $0.6
*** FLOP *** [Qs 9s Kh]
c83ea869: bets $1.28
5f881d24: folds
Uncalled bet ($1.28) returned to c83ea869
*** SHOWDOWN ***
c83ea869 collected $1.62 from pot
*** SUMMARY ***
Total pot $1.7 | Rake $0.08 | Jackpot $0 | Bingo $0 | Fortune $0 | Tax $0
Board [Qs 9s Kh]
Seat 1: fc2ba9cf (button) folded before Flop (didn't bet)
Seat 2: c83ea869 (small blind) won ($1.62)
Seat 3: Hero (big blind) folded before Flop
Seat 4: d8959d15 folded before Flop (didn't bet)
Seat 5: 5f881d24 folded on the Flop
Seat 6: 74d1c452 folded before Flop (didn't bet)


Poker Hand #HD1858056050: Hold'em No Limit ($0.05/$0.1) - 2024/07/15 16:06:07
Table 'NLHRed29' 6-max Seat #6 is the button
Seat 1: fc2ba9cf ($7.98 in chips)
Seat 2: c83ea869 ($4.41 in chips)
Seat 3: Hero ($11.64 in chips)
Seat 4: d8959d15 ($9.7 in chips)
Seat 5: 5f881d24 ($11.27 in chips)
Seat 6: 74d1c452 ($10.49 in chips)
fc2ba9cf: posts small blind $0.05
c83ea869: posts big blind $0.1
*** HOLE CARDS ***
Dealt to fc2ba9cf 
Dealt to c83ea869 
Dealt to Hero [Jc 9h]
Dealt to d8959d15 
Dealt to 5f881d24 
Dealt to 74d1c452 
Hero: folds
d8959d15: folds
5f881d24: raises $0.13 to $0.23
74d1c452: folds
fc2ba9cf: folds
c83ea869: raises $0.13 to $0.36
5f881d24: calls $0.13
*** FLOP *** [4d 4s 9c]
c83ea869: bets $0.58
5f881d24: folds
Uncalled bet ($0.58) returned to c83ea869
*** SHOWDOWN ***
c83ea869 collected $0.74 from pot
*** SUMMARY ***
Total pot $0.77 | Rake $0.03 | Jackpot $0 | Bingo $0 | Fortune $0 | Tax $0
Board [4d 4s 9c]
Seat 1: fc2ba9cf (small blind) folded before Flop
Seat 2: c83ea869 (big blind) won ($0.74)
Seat 3: Hero folded before Flop (didn't bet)
Seat 4: d8959d15 folded before Flop (didn't bet)
Seat 5: 5f881d24 folded on the Flop
Seat 6: 74d1c452 (button) folded before Flop (didn't bet)


Poker Hand #HD1858055954: Hold'em No Limit ($0.05/$0.1) - 2024/07/15 16:05:19
Table 'NLHRed29' 6-max Seat #5 is the button
Seat 1: fc2ba9cf ($8.08 in chips)
Seat 2: c83ea869 ($4.76 in chips)
Seat 3: Hero ($11.64 in chips)
Seat 4: d8959d15 ($9.7 in chips)
Seat 5: 5f881d24 ($10 in chips)
Seat 6: 74d1c452 ($11.42 in chips)
74d1c452: posts small blind $0.05
fc2ba9cf: posts big blind $0.1
*** HOLE CARDS ***
Dealt to fc2ba9cf 
Dealt to c83ea869 
Dealt to Hero [7h 4h]
Dealt to d8959d15 
Dealt to 5f881d24 
Dealt to 74d1c452 
c83ea869: raises $0.25 to $0.35
Hero: folds
d8959d15: folds
5f881d24: calls $0.35
74d1c452: calls $0.3
fc2ba9cf: folds
*** FLOP *** [5c 7c 3s]
74d1c452: bets $0.58
c83ea869: folds
5f881d24: calls $0.58
*** TURN *** [5c 7c 3s] [Js]
74d1c452: checks
5f881d24: checks
*** RIVER *** [5c 7c 3s Js] [Kc]
74d1c452: checks
5f881d24: checks
74d1c452: shows [6h 6d] (Pair of Sixes)
5f881d24: shows [Tc Ts] (Pair of Tens)
*** SHOWDOWN ***
5f881d24 collected $2.2 from pot
*** SUMMARY ***
Total pot $2.31 | Rake $0.11 | Jackpot $0 | Bingo $0 | Fortune $0 | Tax $0
Board [5c 7c 3s Js Kc]
Seat 1: fc2ba9cf (big blind) folded before Flop
Seat 2: c83ea869 folded on the Flop
Seat 3: Hero folded before Flop (didn't bet)
Seat 4: d8959d15 folded before Flop (didn't bet)
Seat 5: 5f881d24 (button) showed [Tc Ts] and won ($2.2) with Pair of Tens
Seat 6: 74d1c452 (small blind) showed [6h 6d] and lost with Pair of Sixes


Poker Hand #HD1858055902: Hold'em No Limit ($0.05/$0.1) - 2024/07/15 16:04:56
Table 'NLHRed29' 6-max Seat #4 is the button
Seat 1: fc2ba9cf ($7.93 in chips)
Seat 2: c83ea869 ($4.76 in chips)
Seat 3: Hero ($11.64 in chips)
Seat 4: d8959d15 ($9.7 in chips)
Seat 5: 5f881d24 ($10.05 in chips)
Seat 6: 74d1c452 ($11.52 in chips)
5f881d24: posts small blind $0.05
74d1c452: posts big blind $0.1
*** HOLE CARDS ***
Dealt to fc2ba9cf 
Dealt to c83ea869 
Dealt to Hero [4c 6c]
Dealt to d8959d15 
Dealt to 5f881d24 
Dealt to 74d1c452 
fc2ba9cf: raises $0.1 to $0.2
c83ea869: folds
Hero: folds
d8959d15: folds
5f881d24: folds
74d1c452: folds
Uncalled bet ($0.1) returned to fc2ba9cf
*** SHOWDOWN ***
fc2ba9cf collected $0.25 from pot
*** SUMMARY ***
Total pot $0.25 | Rake $0 | Jackpot $0 | Bingo $0 | Fortune $0 | Tax $0
Seat 1: fc2ba9cf collected ($0.25)
Seat 2: c83ea869 folded before Flop (didn't bet)
Seat 3: Hero folded before Flop (didn't bet)
Seat 4: d8959d15 (button) folded before Flop (didn't bet)
Seat 5: 5f881d24 (small blind) folded before Flop
Seat 6: 74d1c452 (big blind) folded before Flop


Poker Hand #HD1858055889: Hold'em No Limit ($0.05/$0.1) - 2024/07/15 16:04:47
Table 'NLHRed29' 6-max Seat #3 is the button
Seat 1: fc2ba9cf ($7.93 in chips)
Seat 2: c83ea869 ($4.76 in chips)
Seat 3: Hero ($11.64 in chips)
Seat 4: d8959d15 ($9.75 in chips)
Seat 5: 5f881d24 ($10 in chips)
Seat 6: 74d1c452 ($11.52 in chips)
d8959d15: posts small blind $0.05
5f881d24: posts big blind $0.1
*** HOLE CARDS ***
Dealt to fc2ba9cf 
Dealt to c83ea869 
Dealt to Hero [9s 8c]
Dealt to d8959d15 
Dealt to 5f881d24 
Dealt to 74d1c452 
74d1c452: folds
fc2ba9cf: folds
c83ea869: folds
Hero: folds
d8959d15: folds
Uncalled bet ($0.05) returned to 5f881d24
*** SHOWDOWN ***
5f881d24 collected $0.1 from pot
*** SUMMARY ***
Total pot $0.1 | Rake $0 | Jackpot $0 | Bingo $0 | Fortune $0 | Tax $0
Seat 1: fc2ba9cf folded before Flop (didn't bet)
Seat 2: c83ea869 folded before Flop (didn't bet)
Seat 3: Hero (button) folded before Flop (didn't bet)
Seat 4: d8959d15 (small blind) folded before Flop
Seat 5: 5f881d24 (big blind) collected ($0.1)
Seat 6: 74d1c452 folded before Flop (didn't bet)


Poker Hand #HD1858055837: Hold'em No Limit ($0.05/$0.1) - 2024/07/15 16:04:22
Table 'NLHRed29' 6-max Seat #2 is the button
Seat 1: fc2ba9cf ($7.93 in chips)
Seat 2: c83ea869 ($4.43 in chips)
Seat 3: Hero ($11.69 in chips)
Seat 4: d8959d15 ($9.85 in chips)
Seat 5: 5f881d24 ($10.03 in chips)
Seat 6: 74d1c452 ($11.52 in chips)
Hero: posts small blind $0.05
d8959d15: posts big blind $0.1
*** HOLE CARDS ***
Dealt to fc2ba9cf 
Dealt to c83ea869 
Dealt to Hero [6s 9c]
Dealt to d8959d15 
Dealt to 5f881d24 
Dealt to 74d1c452 
5f881d24: raises $0.1 to $0.2
74d1c452: folds
fc2ba9cf: folds
c83ea869: raises $0.55 to $0.75
Hero: folds
d8959d15: folds
5f881d24: folds
Uncalled bet ($0.55) returned to c83ea869
*** SHOWDOWN ***
c83ea869 collected $0.53 from pot
*** SUMMARY ***
Total pot $0.55 | Rake $0.02 | Jackpot $0 | Bingo $0 | Fortune $0 | Tax $0
Seat 1: fc2ba9cf folded before Flop (didn't bet)
Seat 2: c83ea869 (button) collected ($0.53)
Seat 3: Hero (small blind) folded before Flop
Seat 4: d8959d15 (big blind) folded before Flop
Seat 5: 5f881d24 folded before Flop
Seat 6: 74d1c452 folded before Flop (didn't bet)


Poker Hand #HD1858055754: Hold'em No Limit ($0.05/$0.1) - 2024/07/15 16:03:43
Table 'NLHRed29' 6-max Seat #1 is the button
Seat 1: fc2ba9cf ($7.93 in chips)
Seat 2: c83ea869 ($4.06 in chips)
Seat 3: Hero ($11.79 in chips)
Seat 4: d8959d15 ($10.15 in chips)
Seat 5: 5f881d24 ($10.03 in chips)
Seat 6: 74d1c452 ($11.52 in chips)
c83ea869: posts small blind $0.05
Hero: posts big blind $0.1
*** HOLE CARDS ***
Dealt to fc2ba9cf 
Dealt to c83ea869 
Dealt to Hero [Tc Qs]
Dealt to d8959d15 
Dealt to 5f881d24 
Dealt to 74d1c452 
d8959d15: raises $0.2 to $0.3
5f881d24: folds
74d1c452: folds
fc2ba9cf: folds
c83ea869: calls $0.25
Hero: folds
*** FLOP *** [9h 3d 4c]
c83ea869: bets $0.53
d8959d15: folds
Uncalled bet ($0.53) returned to c83ea869
*** SHOWDOWN ***
c83ea869 collected $0.67 from pot
*** SUMMARY ***
Total pot $0.7 | Rake $0.03 | Jackpot $0 | Bingo $0 | Fortune $0 | Tax $0
Board [9h 3d 4c]
Seat 1: fc2ba9cf (button) folded before Flop (didn't bet)
Seat 2: c83ea869 (small blind) won ($0.67)
Seat 3: Hero (big blind) folded before Flop
Seat 4: d8959d15 folded on the Flop
Seat 5: 5f881d24 folded before Flop (didn't bet)
Seat 6: 74d1c452 folded before Flop (didn't bet)


Poker Hand #HD1858055664: Hold'em No Limit ($0.05/$0.1) - 2024/07/15 16:03:01
Table 'NLHRed29' 6-max Seat #6 is the button
Seat 1: fc2ba9cf ($8.18 in chips)
Seat 2: c83ea869 ($3.59 in chips)
Seat 3: Hero ($11.79 in chips)
Seat 4: d8959d15 ($10.15 in chips)
Seat 5: 5f881d24 ($10.03 in chips)
Seat 6: 74d1c452 ($11.77 in chips)
fc2ba9cf: posts small blind $0.05
c83ea869: posts big blind $0.1
*** HOLE CARDS ***
Dealt to fc2ba9cf 
Dealt to c83ea869 
Dealt to Hero [Qc 2c]
Dealt to d8959d15 
Dealt to 5f881d24 
Dealt to 74d1c452 
Hero: folds
d8959d15: folds
5f881d24: folds
74d1c452: raises $0.15 to $0.25
fc2ba9cf: calls $0.2
c83ea869: calls $0.15
*** FLOP *** [6d 4c 4h]
fc2ba9cf: checks
c83ea869: bets $0.75
74d1c452: folds
fc2ba9cf: folds
Uncalled bet ($0.75) returned to c83ea869
*** SHOWDOWN ***
c83ea869 collected $0.72 from pot
*** SUMMARY ***
Total pot $0.75 | Rake $0.03 | Jackpot $0 | Bingo $0 | Fortune $0 | Tax $0
Board [6d 4c 4h]
Seat 1: fc2ba9cf (small blind) folded on the Flop
Seat 2: c83ea869 (big blind) won ($0.72)
Seat 3: Hero folded before Flop (didn't bet)
Seat 4: d8959d15 folded before Flop (didn't bet)
Seat 5: 5f881d24 folded before Flop (didn't bet)
Seat 6: 74d1c452 (button) folded on the Flop


Poker Hand #HD1857945620: Hold'em No Limit ($0.05/$0.1) - 2024/07/15 16:02:42
Table 'NLHRed29' 6-max Seat #5 is the button
Seat 1: fc2ba9cf ($8.28 in chips)
Seat 2: c83ea869 ($3.44 in chips)
Seat 3: Hero ($11.79 in chips)
Seat 4: d8959d15 ($10.15 in chips)
Seat 5: 5f881d24 ($10.03 in chips)
Seat 6: 74d1c452 ($11.82 in chips)
74d1c452: posts small blind $0.05
fc2ba9cf: posts big blind $0.1
*** HOLE CARDS ***
Dealt to fc2ba9cf 
Dealt to c83ea869 
Dealt to Hero [9s Qs]
Dealt to d8959d15 
Dealt to 5f881d24 
Dealt to 74d1c452 
c83ea869: raises $0.25 to $0.35
Hero: folds
d8959d15: folds
5f881d24: folds
74d1c452: folds
fc2ba9cf: folds
Uncalled bet ($0.25) returned to c83ea869
*** SHOWDOWN ***
c83ea869 collected $0.25 from pot
*** SUMMARY ***
Total pot $0.25 | Rake $0 | Jackpot $0 | Bingo $0 | Fortune $0 | Tax $0
Seat 1: fc2ba9cf (big blind) folded before Flop
Seat 2: c83ea869 collected ($0.25)
Seat 3: Hero folded before Flop (didn't bet)
Seat 4: d8959d15 folded before Flop (didn't bet)
Seat 5: 5f881d24 (button) folded before Flop (didn't bet)
Seat 6: 74d1c452 (small blind) folded before Flop


Poker Hand #HD1857945525: Hold'em No Limit ($0.05/$0.1) - 2024/07/15 16:01:56
Table 'NLHRed29' 6-max Seat #4 is the button
Seat 1: fc2ba9cf ($8.38 in chips)
Seat 2: c83ea869 ($3.44 in chips)
Seat 3: Hero ($11.79 in chips)
Seat 4: d8959d15 ($10.45 in chips)
Seat 5: 5f881d24 ($10.08 in chips)
Seat 6: 74d1c452 ($11.4 in chips)
5f881d24: posts small blind $0.05
74d1c452: posts big blind $0.1
*** HOLE CARDS ***
Dealt to fc2ba9cf 
Dealt to c83ea869 
Dealt to Hero [Js 8d]
Dealt to d8959d15 
Dealt to 5f881d24 
Dealt to 74d1c452 
fc2ba9cf: calls $0.1
c83ea869: folds
Hero: folds
d8959d15: raises $0.2 to $0.3
5f881d24: folds
74d1c452: raises $0.57 to $0.87
fc2ba9cf: folds
d8959d15: folds
Uncalled bet ($0.57) returned to 74d1c452
*** SHOWDOWN ***
74d1c452 collected $0.72 from pot
*** SUMMARY ***
Total pot $0.75 | Rake $0.03 | Jackpot $0 | Bingo $0 | Fortune $0 | Tax $0
Seat 1: fc2ba9cf folded before Flop
Seat 2: c83ea869 folded before Flop (didn't bet)
Seat 3: Hero folded before Flop (didn't bet)
Seat 4: d8959d15 (button) folded before Flop
Seat 5: 5f881d24 (small blind) folded before Flop
Seat 6: 74d1c452 (big blind) collected ($0.72)


Poker Hand #HD1857945472: Hold'em No Limit ($0.05/$0.1) - 2024/07/15 16:01:29
Table 'NLHRed29' 6-max Seat #3 is the button
Seat 1: fc2ba9cf ($8.38 in chips)
Seat 2: c83ea869 ($3.44 in chips)
Seat 3: Hero ($11.79 in chips)
Seat 4: d8959d15 ($10.5 in chips)
Seat 5: 5f881d24 ($10.18 in chips)
Seat 6: 74d1c452 ($11.25 in chips)
d8959d15: posts small blind $0.05
5f881d24: posts big blind $0.1
*** HOLE CARDS ***
Dealt to fc2ba9cf 
Dealt to c83ea869 
Dealt to Hero [4s Ad]
Dealt to d8959d15 
Dealt to 5f881d24 
Dealt to 74d1c452 
74d1c452: raises $0.15 to $0.25
fc2ba9cf: folds
c83ea869: folds
Hero: folds
d8959d15: folds
5f881d24: folds
Uncalled bet ($0.15) returned to 74d1c452
*** SHOWDOWN ***
74d1c452 collected $0.25 from pot
*** SUMMARY ***
Total pot $0.25 | Rake $0 | Jackpot $0 | Bingo $0 | Fortune $0 | Tax $0
Seat 1: fc2ba9cf folded before Flop (didn't bet)
Seat 2: c83ea869 folded before Flop (didn't bet)
Seat 3: Hero (button) folded before Flop (didn't bet)
Seat 4: d8959d15 (small blind) folded before Flop
Seat 5: 5f881d24 (big blind) folded before Flop
Seat 6: 74d1c452 collected ($0.25)


Poker Hand #HD1857945430: Hold'em No Limit ($0.05/$0.1) - 2024/07/15 16:01:07
Table 'NLHRed29' 6-max Seat #2 is the button
Seat 1: fc2ba9cf ($8.38 in chips)
Seat 2: c83ea869 ($3.29 in chips)
Seat 3: Hero ($11.84 in chips)
Seat 4: d8959d15 ($10.6 in chips)
Seat 5: 5f881d24 ($10.18 in chips)
Seat 6: 74d1c452 ($11.25 in chips)
Hero: posts small blind $0.05
d8959d15: posts big blind $0.1
*** HOLE CARDS ***
Dealt to fc2ba9cf 
Dealt to c83ea869 
Dealt to Hero [Kc 6c]
Dealt to d8959d15 
Dealt to 5f881d24 
Dealt to 74d1c452 
5f881d24: folds
74d1c452: folds
fc2ba9cf: folds
c83ea869: raises $3.19 to $3.29 and is all-in
Hero: folds
d8959d15: folds
Uncalled bet ($3.19) returned to c83ea869
*** SHOWDOWN ***
c83ea869 collected $0.25 from pot
*** SUMMARY ***
Total pot $0.25 | Rake $0 | Jackpot $0 | Bingo $0 | Fortune $0 | Tax $0
Seat 1: fc2ba9cf folded before Flop (didn't bet)
Seat 2: c83ea869 (button) collected ($0.25)
Seat 3: Hero (small blind) folded before Flop
Seat 4: d8959d15 (big blind) folded before Flop
Seat 5: 5f881d24 folded before Flop (didn't bet)
Seat 6: 74d1c452 folded before Flop (didn't bet)


Poker Hand #HD1857945312: Hold'em No Limit ($0.05/$0.1) - 2024/07/15 16:00:14
Table 'NLHRed29' 6-max Seat #1 is the button
Seat 1: fc2ba9cf ($7.84 in chips)
Seat 2: c83ea869 ($3.69 in chips)
Seat 3: Hero ($11.94 in chips)
Seat 4: d8959d15 ($10.7 in chips)
Seat 5: 5f881d24 ($10.18 in chips)
Seat 6: 74d1c452 ($11.25 in chips)
c83ea869: posts small blind $0.05
Hero: posts big blind $0.1
*** HOLE CARDS ***
Dealt to fc2ba9cf 
Dealt to c83ea869 
Dealt to Hero [Qh 3s]
Dealt to d8959d15 
Dealt to 5f881d24 
Dealt to 74d1c452 
d8959d15: calls $0.1
5f881d24: folds
74d1c452: folds
fc2ba9cf: calls $0.1
c83ea869: calls $0.05
Hero: checks
*** FLOP *** [5c 9h 9d]
c83ea869: bets $0.1
Hero: folds
d8959d15: folds
fc2ba9cf: calls $0.1
*** TURN *** [5c 9h 9d] [Kc]
c83ea869: bets $0.1
fc2ba9cf: calls $0.1
*** RIVER *** [5c 9h 9d Kc] [3h]
c83ea869: bets $0.1
fc2ba9cf: calls $0.1
c83ea869: shows [5s 2h] (Pair of Nines and Pair of Fives)
fc2ba9cf: shows [6d 6c] (Pair of Nines and Pair of Sixes)
*** SHOWDOWN ***
fc2ba9cf collected $0.94 from pot
*** SUMMARY ***
Total pot $1 | Rake $0.06 | Jackpot $0 | Bingo $0 | Fortune $0 | Tax $0
Board [5c 9h 9d Kc 3h]
Seat 1: fc2ba9cf (button) showed [6d 6c] and won ($0.94) with Pair of Nines and Pair of Sixes
Seat 2: c83ea869 (small blind) showed [5s 2h] and lost with Pair of Nines and Pair of Fives
Seat 3: Hero (big blind) folded on the Flop
Seat 4: d8959d15 folded on the Flop
Seat 5: 5f881d24 folded before Flop (didn't bet)
Seat 6: 74d1c452 folded before Flop (didn't bet)


Poker Hand #HD1857945267: Hold'em No Limit ($0.05/$0.1) - 2024/07/15 15:59:54
Table 'NLHRed29' 6-max Seat #6 is the button
Seat 1: fc2ba9cf ($7.89 in chips)
Seat 2: c83ea869 ($3.64 in chips)
Seat 3: Hero ($11.94 in chips)
Seat 4: d8959d15 ($10.7 in chips)
Seat 5: 5f881d24 ($10.18 in chips)
Seat 6: 74d1c452 ($11.25 in chips)
fc2ba9cf: posts small blind $0.05
c83ea869: posts big blind $0.1
*** HOLE CARDS ***
Dealt to fc2ba9cf 
Dealt to c83ea869 
Dealt to Hero [2d 5s]
Dealt to d8959d15 
Dealt to 5f881d24 
Dealt to 74d1c452 
Hero: folds
d8959d15: folds
5f881d24: folds
74d1c452: folds
fc2ba9cf: folds
Uncalled bet ($0.05) returned to c83ea869
*** SHOWDOWN ***
c83ea869 collected $0.1 from pot
*** SUMMARY ***
Total pot $0.1 | Rake $0 | Jackpot $0 | Bingo $0 | Fortune $0 | Tax $0
Seat 1: fc2ba9cf (small blind) folded before Flop
Seat 2: c83ea869 (big blind) collected ($0.1)
Seat 3: Hero folded before Flop (didn't bet)
Seat 4: d8959d15 folded before Flop (didn't bet)
Seat 5: 5f881d24 folded before Flop (didn't bet)
Seat 6: 74d1c452 (button) folded before Flop (didn't bet)


Poker Hand #HD1857945171: Hold'em No Limit ($0.05/$0.1) - 2024/07/15 15:59:00
Table 'NLHRed29' 6-max Seat #5 is the button
Seat 1: fc2ba9cf ($7.99 in chips)
Seat 2: c83ea869 ($3.8 in chips)
Seat 3: Hero ($12.11 in chips)
Seat 4: d8959d15 ($10.7 in chips)
Seat 5: 5f881d24 ($10.18 in chips)
Seat 6: 74d1c452 ($11.3 in chips)
74d1c452: posts small blind $0.05
fc2ba9cf: posts big blind $0.1
*** HOLE CARDS ***
Dealt to fc2ba9cf 
Dealt to c83ea869 
Dealt to Hero [Ks Ah]
Dealt to d8959d15 
Dealt to 5f881d24 
Dealt to 74d1c452 
c83ea869: raises $0.45 to $0.55
Hero: raises $11.56 to $12.11 and is all-in
d8959d15: folds
5f881d24: folds
74d1c452: folds
fc2ba9cf: folds
c83ea869: calls $3.25 and is all-in
Uncalled bet ($8.31) returned to Hero
Hero: shows [Ks Ah]
c83ea869: shows [Tc Jd]
*** FIRST FLOP *** [7s 7c 6h]
*** FIRST TURN *** [7s 7c 6h] [8c]
*** FIRST RIVER *** [7s 7c 6h 8c] [4c]
*** SECOND FLOP *** [Qh 9d 3h]
*** SECOND TURN *** [Qh 9d 3h] [8h]
*** SECOND RIVER *** [Qh 9d 3h 8h] [9s]
*** FIRST SHOWDOWN ***
Hero collected $3.63 from pot
*** SECOND SHOWDOWN ***
c83ea869 collected $3.64 from pot
*** SUMMARY ***
Total pot $7.75 | Rake $0.38 | Jackpot $0.1 | Bingo $0 | Fortune $0 | Tax $0
Hand was run two times
FIRST Board [7s 7c 6h 8c 4c]
SECOND Board [Qh 9d 3h 8h 9s]
Seat 1: fc2ba9cf (big blind) folded before Flop
Seat 2: c83ea869 showed [Tc Jd] and lost with Pair of Sevens, and won ($3.64) with Queens-High Straight
Seat 3: Hero showed [Ks Ah] and won ($3.63) with Pair of Sevens, and lost with Pair of Nines
Seat 4: d8959d15 folded before Flop (didn't bet)
Seat 5: 5f881d24 (button) folded before Flop (didn't bet)
Seat 6: 74d1c452 (small blind) folded before Flop


Poker Hand #HD1857945115: Hold'em No Limit ($0.05/$0.1) - 2024/07/15 15:58:35
Table 'NLHRed29' 6-max Seat #4 is the button
Seat 1: fc2ba9cf ($7.99 in chips)
Seat 2: c83ea869 ($3.65 in chips)
Seat 3: Hero ($12.11 in chips)
Seat 4: d8959d15 ($10.7 in chips)
Seat 5: 5f881d24 ($10.23 in chips)
Seat 6: 74d1c452 ($11.4 in chips)
5f881d24: posts small blind $0.05
74d1c452: posts big blind $0.1
*** HOLE CARDS ***
Dealt to fc2ba9cf 
Dealt to c83ea869 
Dealt to Hero [5c 6h]
Dealt to d8959d15 
Dealt to 5f881d24 
Dealt to 74d1c452 
fc2ba9cf: folds
c83ea869: raises $0.45 to $0.55
Hero: folds
d8959d15: folds
5f881d24: folds
74d1c452: folds
Uncalled bet ($0.45) returned to c83ea869
*** SHOWDOWN ***
c83ea869 collected $0.25 from pot
*** SUMMARY ***
Total pot $0.25 | Rake $0 | Jackpot $0 | Bingo $0 | Fortune $0 | Tax $0
Seat 1: fc2ba9cf folded before Flop (didn't bet)
Seat 2: c83ea869 collected ($0.25)
Seat 3: Hero folded before Flop (didn't bet)
Seat 4: d8959d15 (button) folded before Flop (didn't bet)
Seat 5: 5f881d24 (small blind) folded before Flop
Seat 6: 74d1c452 (big blind) folded before Flop


Poker Hand #HD1857945027: Hold'em No Limit ($0.05/$0.1) - 2024/07/15 15:57:47
Table 'NLHRed29' 6-max Seat #3 is the button
Seat 1: fc2ba9cf ($7.99 in chips)
Seat 2: c83ea869 ($4.07 in chips)
Seat 3: Hero ($12.11 in chips)
Seat 4: d8959d15 ($10.75 in chips)
Seat 5: 5f881d24 ($10.65 in chips)
Seat 6: 74d1c452 ($10.57 in chips)
d8959d15: posts small blind $0.05
5f881d24: posts big blind $0.1
c83ea869: posts big blind $0.1
*** HOLE CARDS ***
Dealt to fc2ba9cf 
Dealt to c83ea869 
Dealt to Hero [9h 5c]
Dealt to d8959d15 
Dealt to 5f881d24 
Dealt to 74d1c452 
74d1c452: raises $0.32 to $0.42
fc2ba9cf: folds
c83ea869: calls $0.32
Hero: folds
d8959d15: folds
5f881d24: calls $0.32
*** FLOP *** [Jc Tc 2s]
5f881d24: checks
74d1c452: checks
c83ea869: checks
*** TURN *** [Jc Tc 2s] [6c]
5f881d24: checks
74d1c452: bets $0.66
c83ea869: folds
5f881d24: folds
Uncalled bet ($0.66) returned to 74d1c452
*** SHOWDOWN ***
74d1c452 collected $1.25 from pot
*** SUMMARY ***
Total pot $1.31 | Rake $0.06 | Jackpot $0 | Bingo $0 | Fortune $0 | Tax $0
Board [Jc Tc 2s 6c]
Seat 1: fc2ba9cf folded before Flop (didn't bet)
Seat 2: c83ea869 folded on the Turn
Seat 3: Hero (button) folded before Flop (didn't bet)
Seat 4: d8959d15 (small blind) folded before Flop
Seat 5: 5f881d24 (big blind) folded on the Turn
Seat 6: 74d1c452 won ($1.25)


Poker Hand #HD1857944980: Hold'em No Limit ($0.05/$0.1) - 2024/07/15 15:57:21
Table 'NLHRed29' 6-max Seat #1 is the button
Seat 1: fc2ba9cf ($8.19 in chips)
Seat 3: Hero ($12.16 in chips)
Seat 4: d8959d15 ($10.85 in chips)
Seat 5: 5f881d24 ($10.32 in chips)
Seat 6: 74d1c452 ($10.57 in chips)
Hero: posts small blind $0.05
d8959d15: posts big blind $0.1
*** HOLE CARDS ***
Dealt to fc2ba9cf 
Dealt to Hero [4c 2c]
Dealt to d8959d15 
Dealt to 5f881d24 
Dealt to 74d1c452 
5f881d24: raises $0.1 to $0.2
74d1c452: folds
fc2ba9cf: calls $0.2
Hero: folds
d8959d15: folds
*** FLOP *** [2s 2h 7s]
5f881d24: bets $0.19
fc2ba9cf: folds
Uncalled bet ($0.19) returned to 5f881d24
*** SHOWDOWN ***
5f881d24 collected $0.53 from pot
*** SUMMARY ***
Total pot $0.55 | Rake $0.02 | Jackpot $0 | Bingo $0 | Fortune $0 | Tax $0
Board [2s 2h 7s]
Seat 1: fc2ba9cf (button) folded on the Flop
Seat 3: Hero (small blind) folded before Flop
Seat 4: d8959d15 (big blind) folded before Flop
Seat 5: 5f881d24 won ($0.53)
Seat 6: 74d1c452 folded before Flop (didn't bet)


Poker Hand #HD1857944956: Hold'em No Limit ($0.05/$0.1) - 2024/07/15 15:57:04
Table 'NLHRed29' 6-max Seat #6 is the button
Seat 1: fc2ba9cf ($8.24 in chips)
Seat 3: Hero ($12.26 in chips)
Seat 4: d8959d15 ($10.85 in chips)
Seat 5: 5f881d24 ($10.32 in chips)
Seat 6: 74d1c452 ($10.42 in chips)
fc2ba9cf: posts small blind $0.05
Hero: posts big blind $0.1
*** HOLE CARDS ***
Dealt to fc2ba9cf 
Dealt to Hero [6s 2h]
Dealt to d8959d15 
Dealt to 5f881d24 
Dealt to 74d1c452 
d8959d15: folds
5f881d24: folds
74d1c452: raises $0.1 to $0.2
fc2ba9cf: folds
Hero: folds
Uncalled bet ($0.1) returned to 74d1c452
*** SHOWDOWN ***
74d1c452 collected $0.25 from pot
*** SUMMARY ***
Total pot $0.25 | Rake $0 | Jackpot $0 | Bingo $0 | Fortune $0 | Tax $0
Seat 1: fc2ba9cf (small blind) folded before Flop
Seat 3: Hero (big blind) folded before Flop
Seat 4: d8959d15 folded before Flop (didn't bet)
Seat 5: 5f881d24 folded before Flop (didn't bet)
Seat 6: 74d1c452 (button) collected ($0.25)


Poker Hand #HD1857944901: Hold'em No Limit ($0.05/$0.1) - 2024/07/15 15:56:36
Table 'NLHRed29' 6-max Seat #5 is the button
Seat 1: fc2ba9cf ($8.19 in chips)
Seat 2: c99230b6 ($10.3 in chips)
Seat 3: Hero ($12.26 in chips)
Seat 4: d8959d15 ($10.85 in chips)
Seat 5: 5f881d24 ($10.32 in chips)
Seat 6: 74d1c452 ($10.47 in chips)
74d1c452: posts small blind $0.05
fc2ba9cf: posts big blind $0.1
*** HOLE CARDS ***
Dealt to fc2ba9cf 
Dealt to c99230b6 
Dealt to Hero [4s 3c]
Dealt to d8959d15 
Dealt to 5f881d24 
Dealt to 74d1c452 
c99230b6: folds
Hero: folds
d8959d15: folds
5f881d24: folds
74d1c452: folds
Uncalled bet ($0.05) returned to fc2ba9cf
*** SHOWDOWN ***
fc2ba9cf collected $0.1 from pot
*** SUMMARY ***
Total pot $0.1 | Rake $0 | Jackpot $0 | Bingo $0 | Fortune $0 | Tax $0
Seat 1: fc2ba9cf (big blind) collected ($0.1)
Seat 2: c99230b6 folded before Flop (didn't bet)
Seat 3: Hero folded before Flop (didn't bet)
Seat 4: d8959d15 folded before Flop (didn't bet)
Seat 5: 5f881d24 (button) folded before Flop (didn't bet)
Seat 6: 74d1c452 (small blind) folded before Flop


Poker Hand #HD1857944831: Hold'em No Limit ($0.05/$0.1) - 2024/07/15 15:56:00
Table 'NLHRed29' 6-max Seat #4 is the button
Seat 1: fc2ba9cf ($8.19 in chips)
Seat 2: c99230b6 ($10.3 in chips)
Seat 3: Hero ($12.26 in chips)
Seat 4: d8959d15 ($10.85 in chips)
Seat 5: 5f881d24 ($10.05 in chips)
Seat 6: 74d1c452 ($10.77 in chips)
5f881d24: posts small blind $0.05
74d1c452: posts big blind $0.1
*** HOLE CARDS ***
Dealt to fc2ba9cf 
Dealt to c99230b6 
Dealt to Hero [6d Qc]
Dealt to d8959d15 
Dealt to 5f881d24 
Dealt to 74d1c452 
fc2ba9cf: folds
c99230b6: folds
Hero: folds
d8959d15: folds
5f881d24: raises $0.2 to $0.3
74d1c452: calls $0.2
*** FLOP *** [Kh 9s 2d]
5f881d24: checks
74d1c452: checks
*** TURN *** [Kh 9s 2d] [3d]
5f881d24: checks
74d1c452: checks
*** RIVER *** [Kh 9s 2d 3d] [9d]
5f881d24: checks
74d1c452: checks
5f881d24: shows [Tc Ac] (Pair of Nines)
74d1c452: shows [Jh Ts] (Pair of Nines)
*** SHOWDOWN ***
5f881d24 collected $0.57 from pot
*** SUMMARY ***
Total pot $0.6 | Rake $0.03 | Jackpot $0 | Bingo $0 | Fortune $0 | Tax $0
Board [Kh 9s 2d 3d 9d]
Seat 1: fc2ba9cf folded before Flop (didn't bet)
Seat 2: c99230b6 folded before Flop (didn't bet)
Seat 3: Hero folded before Flop (didn't bet)
Seat 4: d8959d15 (button) folded before Flop (didn't bet)
Seat 5: 5f881d24 (small blind) showed [Tc Ac] and won ($0.57) with Pair of Nines
Seat 6: 74d1c452 (big blind) showed [Jh Ts] and lost with Pair of Nines


Poker Hand #HD1857944799: Hold'em No Limit ($0.05/$0.1) - 2024/07/15 15:55:43
Table 'NLHRed29' 6-max Seat #3 is the button
Seat 1: fc2ba9cf ($8.19 in chips)
Seat 2: c99230b6 ($10.15 in chips)
Seat 3: Hero ($12.26 in chips)
Seat 4: d8959d15 ($10.9 in chips)
Seat 5: 5f881d24 ($10.15 in chips)
Seat 6: 74d1c452 ($10.77 in chips)
d8959d15: posts small blind $0.05
5f881d24: posts big blind $0.1
*** HOLE CARDS ***
Dealt to fc2ba9cf 
Dealt to c99230b6 
Dealt to Hero [Qh 4s]
Dealt to d8959d15 
Dealt to 5f881d24 
Dealt to 74d1c452 
74d1c452: folds
fc2ba9cf: folds
c99230b6: raises $0.2 to $0.3
Hero: folds
d8959d15: folds
5f881d24: folds
Uncalled bet ($0.2) returned to c99230b6
*** SHOWDOWN ***
c99230b6 collected $0.25 from pot
*** SUMMARY ***
Total pot $0.25 | Rake $0 | Jackpot $0 | Bingo $0 | Fortune $0 | Tax $0
Seat 1: fc2ba9cf folded before Flop (didn't bet)
Seat 2: c99230b6 collected ($0.25)
Seat 3: Hero (button) folded before Flop (didn't bet)
Seat 4: d8959d15 (small blind) folded before Flop
Seat 5: 5f881d24 (big blind) folded before Flop
Seat 6: 74d1c452 folded before Flop (didn't bet)


Poker Hand #HD1857944752: Hold'em No Limit ($0.05/$0.1) - 2024/07/15 15:55:22
Table 'NLHRed29' 6-max Seat #2 is the button
Seat 1: fc2ba9cf ($8.19 in chips)
Seat 2: c99230b6 ($10 in chips)
Seat 3: Hero ($12.31 in chips)
Seat 4: d8959d15 ($11 in chips)
Seat 5: 5f881d24 ($10.15 in chips)
Seat 6: 74d1c452 ($10.77 in chips)
Hero: posts small blind $0.05
d8959d15: posts big blind $0.1
*** HOLE CARDS ***
Dealt to fc2ba9cf 
Dealt to c99230b6 
Dealt to Hero [7c 8c]
Dealt to d8959d15 
Dealt to 5f881d24 
Dealt to 74d1c452 
5f881d24: folds
74d1c452: folds
fc2ba9cf: folds
c99230b6: raises $0.2 to $0.3
Hero: folds
d8959d15: folds
Uncalled bet ($0.2) returned to c99230b6
*** SHOWDOWN ***
c99230b6 collected $0.25 from pot
*** SUMMARY ***
Total pot $0.25 | Rake $0 | Jackpot $0 | Bingo $0 | Fortune $0 | Tax $0
Seat 1: fc2ba9cf folded before Flop (didn't bet)
Seat 2: c99230b6 (button) collected ($0.25)
Seat 3: Hero (small blind) folded before Flop
Seat 4: d8959d15 (big blind) folded before Flop
Seat 5: 5f881d24 folded before Flop (didn't bet)
Seat 6: 74d1c452 folded before Flop (didn't bet)


Poker Hand #HD1857944717: Hold'em No Limit ($0.05/$0.1) - 2024/07/15 15:54:57
Table 'NLHRed29' 6-max Seat #1 is the button
Seat 1: fc2ba9cf ($8.19 in chips)
Seat 2: c99230b6 ($10 in chips)
Seat 3: Hero ($12.41 in chips)
Seat 4: d8959d15 ($11 in chips)
Seat 5: 5f881d24 ($10 in chips)
Seat 6: 74d1c452 ($10.77 in chips)
c99230b6: posts small blind $0.05
Hero: posts big blind $0.1
*** HOLE CARDS ***
Dealt to fc2ba9cf 
Dealt to c99230b6 
Dealt to Hero [Qc 6c]
Dealt to d8959d15 
Dealt to 5f881d24 
Dealt to 74d1c452 
d8959d15: folds
5f881d24: raises $0.1 to $0.2
74d1c452: folds
fc2ba9cf: folds
c99230b6: folds
Hero: folds
Uncalled bet ($0.1) returned to 5f881d24
*** SHOWDOWN ***
5f881d24 collected $0.25 from pot
*** SUMMARY ***
Total pot $0.25 | Rake $0 | Jackpot $0 | Bingo $0 | Fortune $0 | Tax $0
Seat 1: fc2ba9cf (button) folded before Flop (didn't bet)
Seat 2: c99230b6 (small blind) folded before Flop
Seat 3: Hero (big blind) folded before Flop
Seat 4: d8959d15 folded before Flop (didn't bet)
Seat 5: 5f881d24 collected ($0.25)
Seat 6: 74d1c452 folded before Flop (didn't bet)


Poker Hand #HD1857944657: Hold'em No Limit ($0.05/$0.1) - 2024/07/15 15:54:27
Table 'NLHRed29' 6-max Seat #6 is the button
Seat 1: fc2ba9cf ($8.09 in chips)
Seat 2: c99230b6 ($10 in chips)
Seat 3: Hero ($12.41 in chips)
Seat 4: d8959d15 ($11 in chips)
Seat 5: 5f881d24 ($10 in chips)
Seat 6: 74d1c452 ($10.77 in chips)
fc2ba9cf: posts small blind $0.05
c99230b6: posts big blind $0.1
*** HOLE CARDS ***
Dealt to fc2ba9cf 
Dealt to c99230b6 
Dealt to Hero [Th 2c]
Dealt to d8959d15 
Dealt to 5f881d24 
Dealt to 74d1c452 
Hero: folds
d8959d15: folds
5f881d24: folds
74d1c452: folds
fc2ba9cf: raises $0.1 to $0.2
c99230b6: folds
Uncalled bet ($0.1) returned to fc2ba9cf
*** SHOWDOWN ***
fc2ba9cf collected $0.2 from pot
*** SUMMARY ***
Total pot $0.2 | Rake $0 | Jackpot $0 | Bingo $0 | Fortune $0 | Tax $0
Seat 1: fc2ba9cf (small blind) collected ($0.2)
Seat 2: c99230b6 (big blind) folded before Flop
Seat 3: Hero folded before Flop (didn't bet)
Seat 4: d8959d15 folded before Flop (didn't bet)
Seat 5: 5f881d24 folded before Flop (didn't bet)
Seat 6: 74d1c452 (button) folded before Flop (didn't bet)


Poker Hand #HD1857944490: Hold'em No Limit ($0.05/$0.1) - 2024/07/15 15:53:00
Table 'NLHRed29' 6-max Seat #5 is the button
Seat 1: fc2ba9cf ($8.19 in chips)
Seat 2: c99230b6 ($10 in chips)
Seat 3: Hero ($12.41 in chips)
Seat 4: d8959d15 ($10.86 in chips)
Seat 5: 5f881d24 ($10 in chips)
Seat 6: 74d1c452 ($10.82 in chips)
74d1c452: posts small blind $0.05
fc2ba9cf: posts big blind $0.1
*** HOLE CARDS ***
Dealt to fc2ba9cf 
Dealt to c99230b6 
Dealt to Hero [2c Qh]
Dealt to d8959d15 
Dealt to 5f881d24 
Dealt to 74d1c452 
c99230b6: folds
Hero: folds
d8959d15: calls $0.1
5f881d24: folds
74d1c452: folds
fc2ba9cf: checks
*** FLOP *** [Ks 9c 9s]
fc2ba9cf: checks
d8959d15: checks
*** TURN *** [Ks 9c 9s] [5c]
fc2ba9cf: checks
d8959d15: checks
*** RIVER *** [Ks 9c 9s 5c] [8d]
fc2ba9cf: checks
d8959d15: checks
fc2ba9cf: shows [Jd 6c] (Pair of Nines)
d8959d15: shows [2s 2h] (Pair of Nines and Pair of Twos)
*** SHOWDOWN ***
d8959d15 collected $0.24 from pot
*** SUMMARY ***
Total pot $0.25 | Rake $0.01 | Jackpot $0 | Bingo $0 | Fortune $0 | Tax $0
Board [Ks 9c 9s 5c 8d]
Seat 1: fc2ba9cf (big blind) showed [Jd 6c] and lost with Pair of Nines
Seat 2: c99230b6 folded before Flop (didn't bet)
Seat 3: Hero folded before Flop (didn't bet)
Seat 4: d8959d15 showed [2s 2h] and won ($0.24) with Pair of Nines and Pair of Twos
Seat 5: 5f881d24 (button) folded before Flop (didn't bet)
Seat 6: 74d1c452 (small blind) folded before Flop


Poker Hand #HD1857944457: Hold'em No Limit ($0.05/$0.1) - 2024/07/15 15:52:41
Table 'NLHRed29' 6-max Seat #4 is the button
Seat 1: fc2ba9cf ($8.19 in chips)
Seat 2: c99230b6 ($10 in chips)
Seat 3: Hero ($12.41 in chips)
Seat 4: d8959d15 ($10.71 in chips)
Seat 5: 5f881d24 ($10 in chips)
Seat 6: 74d1c452 ($10.92 in chips)
5f881d24: posts small blind $0.05
74d1c452: posts big blind $0.1
*** HOLE CARDS ***
Dealt to fc2ba9cf 
Dealt to c99230b6 
Dealt to Hero [6d 9s]
Dealt to d8959d15 
Dealt to 5f881d24 
Dealt to 74d1c452 
fc2ba9cf: folds
c99230b6: folds
Hero: folds
d8959d15: raises $0.2 to $0.3
5f881d24: folds
74d1c452: folds
Uncalled bet ($0.2) returned to d8959d15
*** SHOWDOWN ***
d8959d15 collected $0.25 from pot
*** SUMMARY ***
Total pot $0.25 | Rake $0 | Jackpot $0 | Bingo $0 | Fortune $0 | Tax $0
Seat 1: fc2ba9cf folded before Flop (didn't bet)
Seat 2: c99230b6 folded before Flop (didn't bet)
Seat 3: Hero folded before Flop (didn't bet)
Seat 4: d8959d15 (button) collected ($0.25)
Seat 5: 5f881d24 (small blind) folded before Flop
Seat 6: 74d1c452 (big blind) folded before Flop


Poker Hand #HD1857944352: Hold'em No Limit ($0.05/$0.1) - 2024/07/15 15:51:49
Table 'NLHRed29' 6-max Seat #3 is the button
Seat 1: fc2ba9cf ($8.29 in chips)
Seat 2: c99230b6 ($10 in chips)
Seat 3: Hero ($12.17 in chips)
Seat 4: d8959d15 ($10.76 in chips)
Seat 5: 5f881d24 ($10 in chips)
Seat 6: 74d1c452 ($10.92 in chips)
d8959d15: posts small blind $0.05
5f881d24: posts big blind $0.1
*** HOLE CARDS ***
Dealt to fc2ba9cf 
Dealt to c99230b6 
Dealt to Hero [7c 7s]
Dealt to d8959d15 
Dealt to 5f881d24 
Dealt to 74d1c452 
74d1c452: folds
fc2ba9cf: calls $0.1
c99230b6: folds
Hero: raises $0.4 to $0.5
d8959d15: folds
5f881d24: folds
fc2ba9cf: folds
Uncalled bet ($0.4) returned to Hero
*** SHOWDOWN ***
Hero collected $0.34 from pot
*** SUMMARY ***
Total pot $0.35 | Rake $0.01 | Jackpot $0 | Bingo $0 | Fortune $0 | Tax $0
Seat 1: fc2ba9cf folded before Flop
Seat 2: c99230b6 folded before Flop (didn't bet)
Seat 3: Hero (button) collected ($0.34)
Seat 4: d8959d15 (small blind) folded before Flop
Seat 5: 5f881d24 (big blind) folded before Flop
Seat 6: 74d1c452 folded before Flop (didn't bet)


Poker Hand #HD1857944206: Hold'em No Limit ($0.05/$0.1) - 2024/07/15 15:50:25
Table 'NLHRed29' 6-max Seat #2 is the button
Seat 1: fc2ba9cf ($8.29 in chips)
Seat 2: c99230b6 ($10.15 in chips)
Seat 3: Hero ($12.22 in chips)
Seat 4: d8959d15 ($11.01 in chips)
Seat 5: 5f881d24 ($10 in chips)
Seat 6: 74d1c452 ($10.41 in chips)
Hero: posts small blind $0.05
d8959d15: posts big blind $0.1
*** HOLE CARDS ***
Dealt to fc2ba9cf 
Dealt to c99230b6 
Dealt to Hero [Qd 8s]
Dealt to d8959d15 
Dealt to 5f881d24 
Dealt to 74d1c452 
5f881d24: folds
74d1c452: raises $0.15 to $0.25
fc2ba9cf: folds
c99230b6: calls $0.25
Hero: folds
d8959d15: calls $0.15
*** FLOP *** [9c 2s 7c]
d8959d15: checks
74d1c452: checks
c99230b6: checks
*** TURN *** [9c 2s 7c] [3s]
d8959d15: checks
74d1c452: bets $0.6
c99230b6: folds
d8959d15: folds
Uncalled bet ($0.6) returned to 74d1c452
*** SHOWDOWN ***
74d1c452 collected $0.76 from pot
*** SUMMARY ***
Total pot $0.8 | Rake $0.04 | Jackpot $0 | Bingo $0 | Fortune $0 | Tax $0
Board [9c 2s 7c 3s]
Seat 1: fc2ba9cf folded before Flop (didn't bet)
Seat 2: c99230b6 (button) folded on the Turn
Seat 3: Hero (small blind) folded before Flop
Seat 4: d8959d15 (big blind) folded on the Turn
Seat 5: 5f881d24 folded before Flop (didn't bet)
Seat 6: 74d1c452 won ($0.76)


Poker Hand #HD1857944110: Hold'em No Limit ($0.05/$0.1) - 2024/07/15 15:49:30
Table 'NLHRed29' 6-max Seat #1 is the button
Seat 1: fc2ba9cf ($7.8 in chips)
Seat 2: c99230b6 ($10.2 in chips)
Seat 3: Hero ($12.32 in chips)
Seat 4: d8959d15 ($11.01 in chips)
Seat 5: 5f881d24 ($10.02 in chips)
Seat 6: 74d1c452 ($10.41 in chips)
c99230b6: posts small blind $0.05
Hero: posts big blind $0.1
*** HOLE CARDS ***
Dealt to fc2ba9cf 
Dealt to c99230b6 
Dealt to Hero [5d Kd]
Dealt to d8959d15 
Dealt to 5f881d24 
Dealt to 74d1c452 
d8959d15: folds
5f881d24: raises $0.1 to $0.2
74d1c452: folds
fc2ba9cf: calls $0.2
c99230b6: folds
Hero: folds
*** FLOP *** [4h Qs 6h]
5f881d24: checks
fc2ba9cf: checks
*** TURN *** [4h Qs 6h] [Td]
5f881d24: bets $0.19
fc2ba9cf: calls $0.19
*** RIVER *** [4h Qs 6h Td] [5s]
5f881d24: checks
fc2ba9cf: checks
5f881d24: shows [8c 8h] (Pair of Eights)
fc2ba9cf: shows [9c Tc] (Pair of Tens)
*** SHOWDOWN ***
fc2ba9cf collected $0.88 from pot
*** SUMMARY ***
Total pot $0.93 | Rake $0.05 | Jackpot $0 | Bingo $0 | Fortune $0 | Tax $0
Board [4h Qs 6h Td 5s]
Seat 1: fc2ba9cf (button) showed [9c Tc] and won ($0.88) with Pair of Tens
Seat 2: c99230b6 (small blind) folded before Flop
Seat 3: Hero (big blind) folded before Flop
Seat 4: d8959d15 folded before Flop (didn't bet)
Seat 5: 5f881d24 showed [8c 8h] and lost with Pair of Eights
Seat 6: 74d1c452 folded before Flop (didn't bet)


Poker Hand #HD1857943982: Hold'em No Limit ($0.05/$0.1) - 2024/07/15 15:48:18
Table 'NLHRed29' 6-max Seat #6 is the button
Seat 1: fc2ba9cf ($7.13 in chips)
Seat 2: c99230b6 ($10.3 in chips)
Seat 3: Hero ($12.32 in chips)
Seat 4: d8959d15 ($11.66 in chips)
Seat 5: 5f881d24 ($10.02 in chips)
Seat 6: 74d1c452 ($10.41 in chips)
fc2ba9cf: posts small blind $0.05
c99230b6: posts big blind $0.1
*** HOLE CARDS ***
Dealt to fc2ba9cf 
Dealt to c99230b6 
Dealt to Hero [Jd 7c]
Dealt to d8959d15 
Dealt to 5f881d24 
Dealt to 74d1c452 
Hero: folds
d8959d15: raises $0.2 to $0.3
5f881d24: folds
74d1c452: folds
fc2ba9cf: calls $0.25
c99230b6: folds
*** FLOP *** [Ac 6c Kh]
fc2ba9cf: checks
d8959d15: bets $0.35
fc2ba9cf: calls $0.35
*** TURN *** [Ac 6c Kh] [7d]
fc2ba9cf: checks
d8959d15: checks
*** RIVER *** [Ac 6c Kh 7d] [5s]
fc2ba9cf: checks
d8959d15: checks
fc2ba9cf: shows [Ah Tc] (Pair of Aces)
d8959d15: shows [Jh Js] (Pair of Jacks)
*** SHOWDOWN ***
fc2ba9cf collected $1.32 from pot
*** SUMMARY ***
Total pot $1.4 | Rake $0.08 | Jackpot $0 | Bingo $0 | Fortune $0 | Tax $0
Board [Ac 6c Kh 7d 5s]
Seat 1: fc2ba9cf (small blind) showed [Ah Tc] and won ($1.32) with Pair of Aces
Seat 2: c99230b6 (big blind) folded before Flop
Seat 3: Hero folded before Flop (didn't bet)
Seat 4: d8959d15 showed [Jh Js] and lost with Pair of Jacks
Seat 5: 5f881d24 folded before Flop (didn't bet)
Seat 6: 74d1c452 (button) folded before Flop (didn't bet)


Poker Hand #HD1857943932: Hold'em No Limit ($0.05/$0.1) - 2024/07/15 15:47:50
Table 'NLHRed29' 6-max Seat #5 is the button
Seat 1: fc2ba9cf ($7.08 in chips)
Seat 2: c99230b6 ($10.3 in chips)
Seat 3: Hero ($12.32 in chips)
Seat 4: d8959d15 ($11.66 in chips)
Seat 5: 5f881d24 ($10.02 in chips)
Seat 6: 74d1c452 ($10.46 in chips)
74d1c452: posts small blind $0.05
fc2ba9cf: posts big blind $0.1
*** HOLE CARDS ***
Dealt to fc2ba9cf 
Dealt to c99230b6 
Dealt to Hero [6s 5d]
Dealt to d8959d15 
Dealt to 5f881d24 
Dealt to 74d1c452 
c99230b6: folds
Hero: folds
d8959d15: folds
5f881d24: folds
74d1c452: folds
Uncalled bet ($0.05) returned to fc2ba9cf
*** SHOWDOWN ***
fc2ba9cf collected $0.1 from pot
*** SUMMARY ***
Total pot $0.1 | Rake $0 | Jackpot $0 | Bingo $0 | Fortune $0 | Tax $0
Seat 1: fc2ba9cf (big blind) collected ($0.1)
Seat 2: c99230b6 folded before Flop (didn't bet)
Seat 3: Hero folded before Flop (didn't bet)
Seat 4: d8959d15 folded before Flop (didn't bet)
Seat 5: 5f881d24 (button) folded before Flop (didn't bet)
Seat 6: 74d1c452 (small blind) folded before Flop


Poker Hand #HD1857943916: Hold'em No Limit ($0.05/$0.1) - 2024/07/15 15:47:40
Table 'NLHRed29' 6-max Seat #4 is the button
Seat 2: c99230b6 ($10.15 in chips)
Seat 3: Hero ($12.32 in chips)
Seat 4: d8959d15 ($11.66 in chips)
Seat 5: 5f881d24 ($10.07 in chips)
Seat 6: 74d1c452 ($10.56 in chips)
5f881d24: posts small blind $0.05
74d1c452: posts big blind $0.1
*** HOLE CARDS ***
Dealt to c99230b6 
Dealt to Hero [3c 3s]
Dealt to d8959d15 
Dealt to 5f881d24 
Dealt to 74d1c452 
c99230b6: raises $0.2 to $0.3
Hero: folds
d8959d15: folds
5f881d24: folds
74d1c452: folds
Uncalled bet ($0.2) returned to c99230b6
*** SHOWDOWN ***
c99230b6 collected $0.25 from pot
*** SUMMARY ***
Total pot $0.25 | Rake $0 | Jackpot $0 | Bingo $0 | Fortune $0 | Tax $0
Seat 2: c99230b6 collected ($0.25)
Seat 3: Hero folded before Flop (didn't bet)
Seat 4: d8959d15 (button) folded before Flop (didn't bet)
Seat 5: 5f881d24 (small blind) folded before Flop
Seat 6: 74d1c452 (big blind) folded before Flop


Poker Hand #HD1857943891: Hold'em No Limit ($0.05/$0.1) - 2024/07/15 15:47:25
Table 'NLHRed29' 6-max Seat #3 is the button
Seat 2: c99230b6 ($10.15 in chips)
Seat 3: Hero ($12.17 in chips)
Seat 4: d8959d15 ($11.71 in chips)
Seat 5: 5f881d24 ($10.17 in chips)
Seat 6: 74d1c452 ($10.56 in chips)
d8959d15: posts small blind $0.05
5f881d24: posts big blind $0.1
*** HOLE CARDS ***
Dealt to c99230b6 
Dealt to Hero [Qd Qc]
Dealt to d8959d15 
Dealt to 5f881d24 
Dealt to 74d1c452 
74d1c452: folds
c99230b6: folds
Hero: raises $0.14 to $0.24
d8959d15: folds
5f881d24: folds
Uncalled bet ($0.14) returned to Hero
*** SHOWDOWN ***
Hero collected $0.25 from pot
*** SUMMARY ***
Total pot $0.25 | Rake $0 | Jackpot $0 | Bingo $0 | Fortune $0 | Tax $0
Seat 2: c99230b6 folded before Flop (didn't bet)
Seat 3: Hero (button) collected ($0.25)
Seat 4: d8959d15 (small blind) folded before Flop
Seat 5: 5f881d24 (big blind) folded before Flop
Seat 6: 74d1c452 folded before Flop (didn't bet)


Poker Hand #HD1857943854: Hold'em No Limit ($0.05/$0.1) - 2024/07/15 15:47:04
Table 'NLHRed29' 6-max Seat #2 is the button
Seat 2: c99230b6 ($10.15 in chips)
Seat 3: Hero ($12.22 in chips)
Seat 4: d8959d15 ($11.81 in chips)
Seat 5: 5f881d24 ($10.17 in chips)
Seat 6: 74d1c452 ($10.41 in chips)
Hero: posts small blind $0.05
d8959d15: posts big blind $0.1
*** HOLE CARDS ***
Dealt to c99230b6 
Dealt to Hero [6s 9d]
Dealt to d8959d15 
Dealt to 5f881d24 
Dealt to 74d1c452 
5f881d24: folds
74d1c452: raises $0.1 to $0.2
c99230b6: folds
Hero: folds
d8959d15: folds
Uncalled bet ($0.1) returned to 74d1c452
*** SHOWDOWN ***
74d1c452 collected $0.25 from pot
*** SUMMARY ***
Total pot $0.25 | Rake $0 | Jackpot $0 | Bingo $0 | Fortune $0 | Tax $0
Seat 2: c99230b6 (button) folded before Flop (didn't bet)
Seat 3: Hero (small blind) folded before Flop
Seat 4: d8959d15 (big blind) folded before Flop
Seat 5: 5f881d24 folded before Flop (didn't bet)
Seat 6: 74d1c452 collected ($0.25)


Poker Hand #HD1857943828: Hold'em No Limit ($0.05/$0.1) - 2024/07/15 15:46:50
Table 'NLHRed29' 6-max Seat #6 is the button
Seat 2: c99230b6 ($10.2 in chips)
Seat 3: Hero ($12.17 in chips)
Seat 4: d8959d15 ($11.81 in chips)
Seat 5: 5f881d24 ($10.17 in chips)
Seat 6: 74d1c452 ($10.41 in chips)
c99230b6: posts small blind $0.05
Hero: posts big blind $0.1
*** HOLE CARDS ***
Dealt to c99230b6 
Dealt to Hero [2s 6d]
Dealt to d8959d15 
Dealt to 5f881d24 
Dealt to 74d1c452 
d8959d15: folds
5f881d24: folds
74d1c452: folds
c99230b6: folds
Uncalled bet ($0.05) returned to Hero
*** SHOWDOWN ***
Hero collected $0.1 from pot
*** SUMMARY ***
Total pot $0.1 | Rake $0 | Jackpot $0 | Bingo $0 | Fortune $0 | Tax $0
Seat 2: c99230b6 (small blind) folded before Flop
Seat 3: Hero (big blind) collected ($0.1)
Seat 4: d8959d15 folded before Flop (didn't bet)
Seat 5: 5f881d24 folded before Flop (didn't bet)
Seat 6: 74d1c452 (button) folded before Flop (didn't bet)


Poker Hand #HD1857943804: Hold'em No Limit ($0.05/$0.1) - 2024/07/15 15:46:39
Table 'NLHRed29' 6-max Seat #5 is the button
Seat 2: c99230b6 ($10.3 in chips)
Seat 3: Hero ($12.17 in chips)
Seat 4: d8959d15 ($11.66 in chips)
Seat 5: 5f881d24 ($10.17 in chips)
Seat 6: 74d1c452 ($10.46 in chips)
74d1c452: posts small blind $0.05
c99230b6: posts big blind $0.1
*** HOLE CARDS ***
Dealt to c99230b6 
Dealt to Hero [9h Kc]
Dealt to d8959d15 
Dealt to 5f881d24 
Dealt to 74d1c452 
Hero: folds
d8959d15: raises $0.2 to $0.3
5f881d24: folds
74d1c452: folds
c99230b6: folds
Uncalled bet ($0.2) returned to d8959d15
*** SHOWDOWN ***
d8959d15 collected $0.25 from pot
*** SUMMARY ***
Total pot $0.25 | Rake $0 | Jackpot $0 | Bingo $0 | Fortune $0 | Tax $0
Seat 2: c99230b6 (big blind) folded before Flop
Seat 3: Hero folded before Flop (didn't bet)
Seat 4: d8959d15 collected ($0.25)
Seat 5: 5f881d24 (button) folded before Flop (didn't bet)
Seat 6: 74d1c452 (small blind) folded before Flop


Poker Hand #HD1857943770: Hold'em No Limit ($0.05/$0.1) - 2024/07/15 15:46:17
Table 'NLHRed29' 6-max Seat #4 is the button
Seat 2: c99230b6 ($10.15 in chips)
Seat 3: Hero ($12.17 in chips)
Seat 4: d8959d15 ($11.66 in chips)
Seat 5: 5f881d24 ($10.22 in chips)
Seat 6: 74d1c452 ($10.56 in chips)
5f881d24: posts small blind $0.05
74d1c452: posts big blind $0.1
*** HOLE CARDS ***
Dealt to c99230b6 
Dealt to Hero [Qh Tc]
Dealt to d8959d15 
Dealt to 5f881d24 
Dealt to 74d1c452 
c99230b6: raises $0.2 to $0.3
Hero: folds
d8959d15: folds
5f881d24: folds
74d1c452: folds
Uncalled bet ($0.2) returned to c99230b6
*** SHOWDOWN ***
c99230b6 collected $0.25 from pot
*** SUMMARY ***
Total pot $0.25 | Rake $0 | Jackpot $0 | Bingo $0 | Fortune $0 | Tax $0
Seat 2: c99230b6 collected ($0.25)
Seat 3: Hero folded before Flop (didn't bet)
Seat 4: d8959d15 (button) folded before Flop (didn't bet)
Seat 5: 5f881d24 (small blind) folded before Flop
Seat 6: 74d1c452 (big blind) folded before Flop


Poker Hand #HD1857943733: Hold'em No Limit ($0.05/$0.1) - 2024/07/15 15:45:59
Table 'NLHRed29' 6-max Seat #3 is the button
Seat 2: c99230b6 ($10 in chips)
Seat 3: Hero ($12.17 in chips)
Seat 4: d8959d15 ($11.71 in chips)
Seat 5: 5f881d24 ($10.32 in chips)
Seat 6: 74d1c452 ($10.56 in chips)
d8959d15: posts small blind $0.05
5f881d24: posts big blind $0.1
*** HOLE CARDS ***
Dealt to c99230b6 
Dealt to Hero [6c Qh]
Dealt to d8959d15 
Dealt to 5f881d24 
Dealt to 74d1c452 
74d1c452: folds
c99230b6: raises $0.2 to $0.3
Hero: folds
d8959d15: folds
5f881d24: folds
Uncalled bet ($0.2) returned to c99230b6
*** SHOWDOWN ***
c99230b6 collected $0.25 from pot
*** SUMMARY ***
Total pot $0.25 | Rake $0 | Jackpot $0 | Bingo $0 | Fortune $0 | Tax $0
Seat 2: c99230b6 collected ($0.25)
Seat 3: Hero (button) folded before Flop (didn't bet)
Seat 4: d8959d15 (small blind) folded before Flop
Seat 5: 5f881d24 (big blind) folded before Flop
Seat 6: 74d1c452 folded before Flop (didn't bet)


Poker Hand #HD1857943698: Hold'em No Limit ($0.05/$0.1) - 2024/07/15 15:45:40
Table 'NLHRed29' 6-max Seat #2 is the button
Seat 2: c99230b6 ($10 in chips)
Seat 3: Hero ($12.22 in chips)
Seat 4: d8959d15 ($11.66 in chips)
Seat 5: 5f881d24 ($10.32 in chips)
Seat 6: 74d1c452 ($10.56 in chips)
Hero: posts small blind $0.05
d8959d15: posts big blind $0.1
*** HOLE CARDS ***
Dealt to c99230b6 
Dealt to Hero [5d Kh]
Dealt to d8959d15 
Dealt to 5f881d24 
Dealt to 74d1c452 
5f881d24: folds
74d1c452: folds
c99230b6: folds
Hero: folds
Uncalled bet ($0.05) returned to d8959d15
*** SHOWDOWN ***
d8959d15 collected $0.1 from pot
*** SUMMARY ***
Total pot $0.1 | Rake $0 | Jackpot $0 | Bingo $0 | Fortune $0 | Tax $0
Seat 2: c99230b6 (button) folded before Flop (didn't bet)
Seat 3: Hero (small blind) folded before Flop
Seat 4: d8959d15 (big blind) collected ($0.1)
Seat 5: 5f881d24 folded before Flop (didn't bet)
Seat 6: 74d1c452 folded before Flop (didn't bet)


Poker Hand #HD1857943665: Hold'em No Limit ($0.05/$0.1) - 2024/07/15 15:45:21
Table 'NLHRed29' 6-max Seat #6 is the button
Seat 2: c99230b6 ($10.05 in chips)
Seat 3: Hero ($12.32 in chips)
Seat 4: d8959d15 ($11.66 in chips)
Seat 5: 5f881d24 ($10.32 in chips)
Seat 6: 74d1c452 ($10.41 in chips)
c99230b6: posts small blind $0.05
Hero: posts big blind $0.1
*** HOLE CARDS ***
Dealt to c99230b6 
Dealt to Hero [8c Ad]
Dealt to d8959d15 
Dealt to 5f881d24 
Dealt to 74d1c452 
d8959d15: folds
5f881d24: folds
74d1c452: raises $0.1 to $0.2
c99230b6: folds
Hero: folds
Uncalled bet ($0.1) returned to 74d1c452
*** SHOWDOWN ***
74d1c452 collected $0.25 from pot
*** SUMMARY ***
Total pot $0.25 | Rake $0 | Jackpot $0 | Bingo $0 | Fortune $0 | Tax $0
Seat 2: c99230b6 (small blind) folded before Flop
Seat 3: Hero (big blind) folded before Flop
Seat 4: d8959d15 folded before Flop (didn't bet)
Seat 5: 5f881d24 folded before Flop (didn't bet)
Seat 6: 74d1c452 (button) collected ($0.25)


Poker Hand #HD1857943645: Hold'em No Limit ($0.05/$0.1) - 2024/07/15 15:45:09
Table 'NLHRed29' 6-max Seat #5 is the button
Seat 2: c99230b6 ($10 in chips)
Seat 3: Hero ($12.32 in chips)
Seat 4: d8959d15 ($11.66 in chips)
Seat 5: 5f881d24 ($10.32 in chips)
Seat 6: 74d1c452 ($10.46 in chips)
74d1c452: posts small blind $0.05
c99230b6: posts big blind $0.1
*** HOLE CARDS ***
Dealt to c99230b6 
Dealt to Hero [8d Td]
Dealt to d8959d15 
Dealt to 5f881d24 
Dealt to 74d1c452 
Hero: folds
d8959d15: folds
5f881d24: folds
74d1c452: folds
Uncalled bet ($0.05) returned to c99230b6
*** SHOWDOWN ***
c99230b6 collected $0.1 from pot
*** SUMMARY ***
Total pot $0.1 | Rake $0 | Jackpot $0 | Bingo $0 | Fortune $0 | Tax $0
Seat 2: c99230b6 (big blind) collected ($0.1)
Seat 3: Hero folded before Flop (didn't bet)
Seat 4: d8959d15 folded before Flop (didn't bet)
Seat 5: 5f881d24 (button) folded before Flop (didn't bet)
Seat 6: 74d1c452 (small blind) folded before Flop


Poker Hand #HD1857943597: Hold'em No Limit ($0.05/$0.1) - 2024/07/15 15:44:39
Table 'NLHRed29' 6-max Seat #4 is the button
Seat 2: c99230b6 ($10 in chips)
Seat 3: Hero ($12.32 in chips)
Seat 4: d8959d15 ($11.66 in chips)
Seat 5: 5f881d24 ($10.05 in chips)
Seat 6: 74d1c452 ($10.76 in chips)
5f881d24: posts small blind $0.05
74d1c452: posts big blind $0.1
*** HOLE CARDS ***
Dealt to c99230b6 
Dealt to Hero [3h Js]
Dealt to d8959d15 
Dealt to 5f881d24 
Dealt to 74d1c452 
c99230b6: folds
Hero: folds
d8959d15: folds
5f881d24: raises $0.2 to $0.3
74d1c452: calls $0.2
*** FLOP *** [Ac Qh 3d]
5f881d24: bets $0.2
74d1c452: folds
Uncalled bet ($0.2) returned to 5f881d24
*** SHOWDOWN ***
5f881d24 collected $0.57 from pot
*** SUMMARY ***
Total pot $0.6 | Rake $0.03 | Jackpot $0 | Bingo $0 | Fortune $0 | Tax $0
Board [Ac Qh 3d]
Seat 2: c99230b6 folded before Flop (didn't bet)
Seat 3: Hero folded before Flop (didn't bet)
Seat 4: d8959d15 (button) folded before Flop (didn't bet)
Seat 5: 5f881d24 (small blind) won ($0.57)
Seat 6: 74d1c452 (big blind) folded on the Flop


Poker Hand #HD1857943568: Hold'em No Limit ($0.05/$0.1) - 2024/07/15 15:44:20
Table 'NLHRed29' 6-max Seat #3 is the button
Seat 2: c99230b6 ($10 in chips)
Seat 3: Hero ($12.32 in chips)
Seat 4: d8959d15 ($11.71 in chips)
Seat 5: 5f881d24 ($10 in chips)
Seat 6: 74d1c452 ($10.76 in chips)
d8959d15: posts small blind $0.05
5f881d24: posts big blind $0.1
*** HOLE CARDS ***
Dealt to c99230b6 
Dealt to Hero [Jh 9d]
Dealt to d8959d15 
Dealt to 5f881d24 
Dealt to 74d1c452 
74d1c452: folds
c99230b6: folds
Hero: folds
d8959d15: folds
Uncalled bet ($0.05) returned to 5f881d24
*** SHOWDOWN ***
5f881d24 collected $0.1 from pot
*** SUMMARY ***
Total pot $0.1 | Rake $0 | Jackpot $0 | Bingo $0 | Fortune $0 | Tax $0
Seat 2: c99230b6 folded before Flop (didn't bet)
Seat 3: Hero (button) folded before Flop (didn't bet)
Seat 4: d8959d15 (small blind) folded before Flop
Seat 5: 5f881d24 (big blind) collected ($0.1)
Seat 6: 74d1c452 folded before Flop (didn't bet)


Poker Hand #HD1857943475: Hold'em No Limit ($0.05/$0.1) - 2024/07/15 15:43:35
Table 'NLHRed29' 6-max Seat #2 is the button
Seat 2: c99230b6 ($10.43 in chips)
Seat 3: Hero ($12.37 in chips)
Seat 4: d8959d15 ($11.09 in chips)
Seat 6: 74d1c452 ($10.76 in chips)
Hero: posts small blind $0.05
d8959d15: posts big blind $0.1
*** HOLE CARDS ***
Dealt to c99230b6 
Dealt to Hero [Jh 6h]
Dealt to d8959d15 
Dealt to 74d1c452 
74d1c452: folds
c99230b6: raises $0.2 to $0.3
Hero: folds
d8959d15: calls $0.2
*** FLOP *** [4h 5c 8s]
d8959d15: bets $0.33
c99230b6: calls $0.33
*** TURN *** [4h 5c 8s] [2d]
d8959d15: bets $0.66
c99230b6: folds
Uncalled bet ($0.66) returned to d8959d15
*** SHOWDOWN ***
d8959d15 collected $1.25 from pot
*** SUMMARY ***
Total pot $1.31 | Rake $0.06 | Jackpot $0 | Bingo $0 | Fortune $0 | Tax $0
Board [4h 5c 8s 2d]
Seat 2: c99230b6 (button) folded on the Turn
Seat 3: Hero (small blind) folded before Flop
Seat 4: d8959d15 (big blind) won ($1.25)
Seat 6: 74d1c452 folded before Flop (didn't bet)


Poker Hand #HD1857943430: Hold'em No Limit ($0.05/$0.1) - 2024/07/15 15:43:10
Table 'NLHRed29' 6-max Seat #6 is the button
Seat 2: c99230b6 ($10.33 in chips)
Seat 3: Hero ($12.47 in chips)
Seat 4: d8959d15 ($11.09 in chips)
Seat 6: 74d1c452 ($10.76 in chips)
c99230b6: posts small blind $0.05
Hero: posts big blind $0.1
*** HOLE CARDS ***
Dealt to c99230b6 
Dealt to Hero [5c 3d]
Dealt to d8959d15 
Dealt to 74d1c452 
d8959d15: folds
74d1c452: folds
c99230b6: raises $0.2 to $0.3
Hero: folds
Uncalled bet ($0.2) returned to c99230b6
*** SHOWDOWN ***
c99230b6 collected $0.2 from pot
*** SUMMARY ***
Total pot $0.2 | Rake $0 | Jackpot $0 | Bingo $0 | Fortune $0 | Tax $0
Seat 2: c99230b6 (small blind) collected ($0.2)
Seat 3: Hero (big blind) folded before Flop
Seat 4: d8959d15 folded before Flop (didn't bet)
Seat 6: 74d1c452 (button) folded before Flop (didn't bet)


Poker Hand #HD1857943402: Hold'em No Limit ($0.05/$0.1) - 2024/07/15 15:42:56
Table 'NLHRed29' 6-max Seat #4 is the button
Seat 2: c99230b6 ($10.43 in chips)
Seat 3: Hero ($12.47 in chips)
Seat 4: d8959d15 ($11.09 in chips)
Seat 6: 74d1c452 ($10.66 in chips)
74d1c452: posts small blind $0.05
c99230b6: posts big blind $0.1
*** HOLE CARDS ***
Dealt to c99230b6 
Dealt to Hero [4c Tc]
Dealt to d8959d15 
Dealt to 74d1c452 
Hero: folds
d8959d15: folds
74d1c452: raises $0.1 to $0.2
c99230b6: folds
Uncalled bet ($0.1) returned to 74d1c452
*** SHOWDOWN ***
74d1c452 collected $0.2 from pot
*** SUMMARY ***
Total pot $0.2 | Rake $0 | Jackpot $0 | Bingo $0 | Fortune $0 | Tax $0
Seat 2: c99230b6 (big blind) folded before Flop
Seat 3: Hero folded before Flop (didn't bet)
Seat 4: d8959d15 (button) folded before Flop (didn't bet)
Seat 6: 74d1c452 (small blind) collected ($0.2)


Poker Hand #HD1857943343: Hold'em No Limit ($0.05/$0.1) - 2024/07/15 15:42:17
Table 'NLHRed29' 6-max Seat #3 is the button
Seat 1: fc2ba9cf ($7.08 in chips)
Seat 2: c99230b6 ($10.43 in chips)
Seat 3: Hero ($12.47 in chips)
Seat 4: d8959d15 ($10.99 in chips)
Seat 6: 74d1c452 ($10.76 in chips)
d8959d15: posts small blind $0.05
74d1c452: posts big blind $0.1
*** HOLE CARDS ***
Dealt to fc2ba9cf 
Dealt to c99230b6 
Dealt to Hero [9h 5h]
Dealt to d8959d15 
Dealt to 74d1c452 
fc2ba9cf: folds
c99230b6: folds
Hero: folds
d8959d15: raises $0.3 to $0.4
74d1c452: folds
Uncalled bet ($0.3) returned to d8959d15
*** SHOWDOWN ***
d8959d15 collected $0.2 from pot
*** SUMMARY ***
Total pot $0.2 | Rake $0 | Jackpot $0 | Bingo $0 | Fortune $0 | Tax $0
Seat 1: fc2ba9cf folded before Flop (didn't bet)
Seat 2: c99230b6 folded before Flop (didn't bet)
Seat 3: Hero (button) folded before Flop (didn't bet)
Seat 4: d8959d15 (small blind) collected ($0.2)
Seat 6: 74d1c452 (big blind) folded before Flop


Poker Hand #HD1857943303: Hold'em No Limit ($0.05/$0.1) - 2024/07/15 15:42:00
Table 'NLHRed29' 6-max Seat #2 is the button
Seat 1: fc2ba9cf ($7.08 in chips)
Seat 2: c99230b6 ($10.28 in chips)
Seat 3: Hero ($12.52 in chips)
Seat 4: d8959d15 ($11.09 in chips)
Seat 6: 74d1c452 ($10.76 in chips)
Hero: posts small blind $0.05
d8959d15: posts big blind $0.1
*** HOLE CARDS ***
Dealt to fc2ba9cf 
Dealt to c99230b6 
Dealt to Hero [7s Qs]
Dealt to d8959d15 
Dealt to 74d1c452 
74d1c452: folds
fc2ba9cf: folds
c99230b6: raises $0.2 to $0.3
Hero: folds
d8959d15: folds
Uncalled bet ($0.2) returned to c99230b6
*** SHOWDOWN ***
c99230b6 collected $0.25 from pot
*** SUMMARY ***
Total pot $0.25 | Rake $0 | Jackpot $0 | Bingo $0 | Fortune $0 | Tax $0
Seat 1: fc2ba9cf folded before Flop (didn't bet)
Seat 2: c99230b6 (button) collected ($0.25)
Seat 3: Hero (small blind) folded before Flop
Seat 4: d8959d15 (big blind) folded before Flop
Seat 6: 74d1c452 folded before Flop (didn't bet)


Poker Hand #HD1857943120: Hold'em No Limit ($0.05/$0.1) - 2024/07/15 15:40:23
Table 'NLHRed29' 6-max Seat #1 is the button
Seat 1: fc2ba9cf ($7.08 in chips)
Seat 2: c99230b6 ($10.33 in chips)
Seat 3: Hero ($13.47 in chips)
Seat 4: d8959d15 ($10.18 in chips)
Seat 6: 74d1c452 ($10.76 in chips)
c99230b6: posts small blind $0.05
Hero: posts big blind $0.1
*** HOLE CARDS ***
Dealt to fc2ba9cf 
Dealt to c99230b6 
Dealt to Hero [9h 7d]
Dealt to d8959d15 
Dealt to 74d1c452 
d8959d15: calls $0.1
74d1c452: folds
fc2ba9cf: folds
c99230b6: folds
Hero: checks
*** FLOP *** [8s Jh 2s]
Hero: checks
d8959d15: bets $0.25
Hero: calls $0.25
*** TURN *** [8s Jh 2s] [Jc]
Hero: checks
d8959d15: checks
*** RIVER *** [8s Jh 2s Jc] [2h]
Hero: bets $0.6
d8959d15: raises $1.87 to $2.47
Hero: folds
Uncalled bet ($1.87) returned to d8959d15
*** SHOWDOWN ***
d8959d15 collected $1.86 from pot
*** SUMMARY ***
Total pot $1.95 | Rake $0.09 | Jackpot $0 | Bingo $0 | Fortune $0 | Tax $0
Board [8s Jh 2s Jc 2h]
Seat 1: fc2ba9cf (button) folded before Flop (didn't bet)
Seat 2: c99230b6 (small blind) folded before Flop
Seat 3: Hero (big blind) folded on the River
Seat 4: d8959d15 won ($1.86)
Seat 6: 74d1c452 folded before Flop (didn't bet)


Poker Hand #HD1857943048: Hold'em No Limit ($0.05/$0.1) - 2024/07/15 15:39:44
Table 'NLHRed29' 6-max Seat #6 is the button
Seat 1: fc2ba9cf ($6.81 in chips)
Seat 2: c99230b6 ($10.43 in chips)
Seat 3: Hero ($13.67 in chips)
Seat 4: d8959d15 ($10.18 in chips)
Seat 6: 74d1c452 ($10.76 in chips)
fc2ba9cf: posts small blind $0.05
c99230b6: posts big blind $0.1
*** HOLE CARDS ***
Dealt to fc2ba9cf 
Dealt to c99230b6 
Dealt to Hero [Ts Ah]
Dealt to d8959d15 
Dealt to 74d1c452 
Hero: raises $0.1 to $0.2
d8959d15: folds
74d1c452: folds
fc2ba9cf: calls $0.15
c99230b6: folds
*** FLOP *** [3c 9d Js]
fc2ba9cf: bets $0.25
Hero: folds
Uncalled bet ($0.25) returned to fc2ba9cf
*** SHOWDOWN ***
fc2ba9cf collected $0.47 from pot
*** SUMMARY ***
Total pot $0.5 | Rake $0.03 | Jackpot $0 | Bingo $0 | Fortune $0 | Tax $0
Board [3c 9d Js]
Seat 1: fc2ba9cf (small blind) won ($0.47)
Seat 2: c99230b6 (big blind) folded before Flop
Seat 3: Hero folded on the Flop
Seat 4: d8959d15 folded before Flop (didn't bet)
Seat 6: 74d1c452 (button) folded before Flop (didn't bet)


Poker Hand #HD1857942966: Hold'em No Limit ($0.05/$0.1) - 2024/07/15 15:39:03
Table 'NLHRed29' 6-max Seat #4 is the button
Seat 1: fc2ba9cf ($7.05 in chips)
Seat 2: c99230b6 ($10.43 in chips)
Seat 3: Hero ($13.4 in chips)
Seat 4: d8959d15 ($10.18 in chips)
Seat 6: 74d1c452 ($10.81 in chips)
74d1c452: posts small blind $0.05
fc2ba9cf: posts big blind $0.1
*** HOLE CARDS ***
Dealt to fc2ba9cf 
Dealt to c99230b6 
Dealt to Hero [Ah 7h]
Dealt to d8959d15 
Dealt to 74d1c452 
c99230b6: folds
Hero: raises $0.14 to $0.24
d8959d15: folds
74d1c452: folds
fc2ba9cf: calls $0.14
*** FLOP *** [3h 6h 3c]
fc2ba9cf: checks
Hero: bets $0.35
fc2ba9cf: folds
Uncalled bet ($0.35) returned to Hero
*** SHOWDOWN ***
Hero collected $0.51 from pot
*** SUMMARY ***
Total pot $0.53 | Rake $0.02 | Jackpot $0 | Bingo $0 | Fortune $0 | Tax $0
Board [3h 6h 3c]
Seat 1: fc2ba9cf (big blind) folded on the Flop
Seat 2: c99230b6 folded before Flop (didn't bet)
Seat 3: Hero won ($0.51)
Seat 4: d8959d15 (button) folded before Flop (didn't bet)
Seat 6: 74d1c452 (small blind) folded before Flop


Poker Hand #HD1857942944: Hold'em No Limit ($0.05/$0.1) - 2024/07/15 15:38:53
Table 'NLHRed29' 6-max Seat #3 is the button
Seat 1: fc2ba9cf ($7.05 in chips)
Seat 2: c99230b6 ($10.43 in chips)
Seat 3: Hero ($13.4 in chips)
Seat 4: d8959d15 ($10.23 in chips)
Seat 6: 74d1c452 ($10.76 in chips)
d8959d15: posts small blind $0.05
74d1c452: posts big blind $0.1
*** HOLE CARDS ***
Dealt to fc2ba9cf 
Dealt to c99230b6 
Dealt to Hero [Td 2d]
Dealt to d8959d15 
Dealt to 74d1c452 
fc2ba9cf: folds
c99230b6: folds
Hero: folds
d8959d15: folds
Uncalled bet ($0.05) returned to 74d1c452
*** SHOWDOWN ***
74d1c452 collected $0.1 from pot
*** SUMMARY ***
Total pot $0.1 | Rake $0 | Jackpot $0 | Bingo $0 | Fortune $0 | Tax $0
Seat 1: fc2ba9cf folded before Flop (didn't bet)
Seat 2: c99230b6 folded before Flop (didn't bet)
Seat 3: Hero (button) folded before Flop (didn't bet)
Seat 4: d8959d15 (small blind) folded before Flop
Seat 6: 74d1c452 (big blind) collected ($0.1)


Poker Hand #HD1857942886: Hold'em No Limit ($0.05/$0.1) - 2024/07/15 15:38:20
Table 'NLHRed29' 6-max Seat #2 is the button
Seat 1: fc2ba9cf ($7.05 in chips)
Seat 2: c99230b6 ($10.1 in chips)
Seat 3: Hero ($13.45 in chips)
Seat 4: d8959d15 ($10.33 in chips)
Seat 6: 74d1c452 ($10.96 in chips)
Hero: posts small blind $0.05
d8959d15: posts big blind $0.1
*** HOLE CARDS ***
Dealt to fc2ba9cf 
Dealt to c99230b6 
Dealt to Hero [Jd 7h]
Dealt to d8959d15 
Dealt to 74d1c452 
74d1c452: raises $0.1 to $0.2
fc2ba9cf: folds
c99230b6: calls $0.2
Hero: folds
d8959d15: folds
*** FLOP *** [Ks Kd 8s]
74d1c452: checks
c99230b6: checks
*** TURN *** [Ks Kd 8s] [Ts]
74d1c452: checks
c99230b6: checks
*** RIVER *** [Ks Kd 8s Ts] [2c]
74d1c452: checks
c99230b6: checks
74d1c452: shows [Ad Jc] (Pair of Kings)
c99230b6: shows [Qd Th] (Pair of Kings and Pair of Tens)
*** SHOWDOWN ***
c99230b6 collected $0.53 from pot
*** SUMMARY ***
Total pot $0.55 | Rake $0.02 | Jackpot $0 | Bingo $0 | Fortune $0 | Tax $0
Board [Ks Kd 8s Ts 2c]
Seat 1: fc2ba9cf folded before Flop (didn't bet)
Seat 2: c99230b6 (button) showed [Qd Th] and won ($0.53) with Pair of Kings and Pair of Tens
Seat 3: Hero (small blind) folded before Flop
Seat 4: d8959d15 (big blind) folded before Flop
Seat 6: 74d1c452 showed [Ad Jc] and lost with Pair of Kings


Poker Hand #HD1857942845: Hold'em No Limit ($0.05/$0.1) - 2024/07/15 15:37:59
Table 'NLHRed29' 6-max Seat #1 is the button
Seat 1: fc2ba9cf ($7.05 in chips)
Seat 2: c99230b6 ($10 in chips)
Seat 3: Hero ($13.55 in chips)
Seat 4: d8959d15 ($10.33 in chips)
Seat 6: 74d1c452 ($10.96 in chips)
c99230b6: posts small blind $0.05
Hero: posts big blind $0.1
*** HOLE CARDS ***
Dealt to fc2ba9cf 
Dealt to c99230b6 
Dealt to Hero [2d Td]
Dealt to d8959d15 
Dealt to 74d1c452 
d8959d15: folds
74d1c452: folds
fc2ba9cf: folds
c99230b6: raises $0.2 to $0.3
Hero: folds
Uncalled bet ($0.2) returned to c99230b6
*** SHOWDOWN ***
c99230b6 collected $0.2 from pot
*** SUMMARY ***
Total pot $0.2 | Rake $0 | Jackpot $0 | Bingo $0 | Fortune $0 | Tax $0
Seat 1: fc2ba9cf (button) folded before Flop (didn't bet)
Seat 2: c99230b6 (small blind) collected ($0.2)
Seat 3: Hero (big blind) folded before Flop
Seat 4: d8959d15 folded before Flop (didn't bet)
Seat 6: 74d1c452 folded before Flop (didn't bet)


Poker Hand #HD1857942735: Hold'em No Limit ($0.05/$0.1) - 2024/07/15 15:36:53
Table 'NLHRed29' 6-max Seat #6 is the button
Seat 1: fc2ba9cf ($7.1 in chips)
Seat 2: c99230b6 ($13.78 in chips)
Seat 3: Hero ($10.15 in chips)
Seat 4: d8959d15 ($10.33 in chips)
Seat 5: c2e491e3 ($13.07 in chips)
Seat 6: 74d1c452 ($10.96 in chips)
fc2ba9cf: posts small blind $0.05
c99230b6: posts big blind $0.1
*** HOLE CARDS ***
Dealt to fc2ba9cf 
Dealt to c99230b6 
Dealt to Hero [Ah Ad]
Dealt to d8959d15 
Dealt to c2e491e3 
Dealt to 74d1c452 
Hero: raises $0.1 to $0.2
d8959d15: folds
c2e491e3: folds
74d1c452: folds
fc2ba9cf: folds
c99230b6: raises $0.4 to $0.6
Hero: raises $1.3 to $1.9
c99230b6: calls $1.3
*** FLOP *** [Qd Jd 9h]
c99230b6: checks
Hero: checks
*** TURN *** [Qd Jd 9h] [6s]
c99230b6: bets $1.93
Hero: calls $1.93
*** RIVER *** [Qd Jd 9h 6s] [9d]
c99230b6: checks
Hero: checks
c99230b6: shows [Th Tc] (Pair of Tens and Pair of Nines)
Hero: shows [Ah Ad] (Pair of Aces and Pair of Nines)
*** SHOWDOWN ***
Hero collected $7.23 from pot
*** SUMMARY ***
Total pot $7.71 | Rake $0.38 | Jackpot $0.1 | Bingo $0 | Fortune $0 | Tax $0
Board [Qd Jd 9h 6s 9d]
Seat 1: fc2ba9cf (small blind) folded before Flop
Seat 2: c99230b6 (big blind) showed [Th Tc] and lost with Pair of Tens and Pair of Nines
Seat 3: Hero showed [Ah Ad] and won ($7.23) with Pair of Aces and Pair of Nines
Seat 4: d8959d15 folded before Flop (didn't bet)
Seat 5: c2e491e3 folded before Flop (didn't bet)
Seat 6: 74d1c452 (button) folded before Flop (didn't bet)


Poker Hand #HD1857942661: Hold'em No Limit ($0.05/$0.1) - 2024/07/15 15:36:15
Table 'NLHRed29' 6-max Seat #5 is the button
Seat 1: fc2ba9cf ($6.78 in chips)
Seat 2: c99230b6 ($13.78 in chips)
Seat 3: Hero ($10.15 in chips)
Seat 4: d8959d15 ($10.63 in chips)
Seat 5: c2e491e3 ($13.07 in chips)
Seat 6: 74d1c452 ($11.01 in chips)
74d1c452: posts small blind $0.05
fc2ba9cf: posts big blind $0.1
*** HOLE CARDS ***
Dealt to fc2ba9cf 
Dealt to c99230b6 
Dealt to Hero [4c 9d]
Dealt to d8959d15 
Dealt to c2e491e3 
Dealt to 74d1c452 
c99230b6: folds
Hero: folds
d8959d15: raises $0.2 to $0.3
c2e491e3: folds
74d1c452: folds
fc2ba9cf: calls $0.2
*** FLOP *** [2c As 2d]
fc2ba9cf: bets $0.33
d8959d15: folds
Uncalled bet ($0.33) returned to fc2ba9cf
*** SHOWDOWN ***
fc2ba9cf collected $0.62 from pot
*** SUMMARY ***
Total pot $0.65 | Rake $0.03 | Jackpot $0 | Bingo $0 | Fortune $0 | Tax $0
Board [2c As 2d]
Seat 1: fc2ba9cf (big blind) won ($0.62)
Seat 2: c99230b6 folded before Flop (didn't bet)
Seat 3: Hero folded before Flop (didn't bet)
Seat 4: d8959d15 folded on the Flop
Seat 5: c2e491e3 (button) folded before Flop (didn't bet)
Seat 6: 74d1c452 (small blind) folded before Flop


Poker Hand #HD1857942637: Hold'em No Limit ($0.05/$0.1) - 2024/07/15 15:35:56
Table 'NLHRed29' 6-max Seat #4 is the button
Seat 1: fc2ba9cf ($6.78 in chips)
Seat 2: c99230b6 ($13.78 in chips)
Seat 3: Hero ($10.15 in chips)
Seat 4: d8959d15 ($10.63 in chips)
Seat 5: c2e491e3 ($12.97 in chips)
Seat 6: 74d1c452 ($11.11 in chips)
c2e491e3: posts small blind $0.05
74d1c452: posts big blind $0.1
*** HOLE CARDS ***
Dealt to fc2ba9cf 
Dealt to c99230b6 
Dealt to Hero [Qc 9s]
Dealt to d8959d15 
Dealt to c2e491e3 
Dealt to 74d1c452 
fc2ba9cf: folds
c99230b6: folds
Hero: folds
d8959d15: folds
c2e491e3: raises $0.1 to $0.2
74d1c452: folds
Uncalled bet ($0.1) returned to c2e491e3
*** SHOWDOWN ***
c2e491e3 collected $0.2 from pot
*** SUMMARY ***
Total pot $0.2 | Rake $0 | Jackpot $0 | Bingo $0 | Fortune $0 | Tax $0
Seat 1: fc2ba9cf folded before Flop (didn't bet)
Seat 2: c99230b6 folded before Flop (didn't bet)
Seat 3: Hero folded before Flop (didn't bet)
Seat 4: d8959d15 (button) folded before Flop (didn't bet)
Seat 5: c2e491e3 (small blind) collected ($0.2)
Seat 6: 74d1c452 (big blind) folded before Flop


Poker Hand #HD1857942601: Hold'em No Limit ($0.05/$0.1) - 2024/07/15 15:35:38
Table 'NLHRed29' 6-max Seat #3 is the button
Seat 1: fc2ba9cf ($6.78 in chips)
Seat 2: c99230b6 ($13.63 in chips)
Seat 3: Hero ($10.15 in chips)
Seat 4: d8959d15 ($10.68 in chips)
Seat 5: c2e491e3 ($13.07 in chips)
Seat 6: 74d1c452 ($11.11 in chips)
d8959d15: posts small blind $0.05
c2e491e3: posts big blind $0.1
*** HOLE CARDS ***
Dealt to fc2ba9cf 
Dealt to c99230b6 
Dealt to Hero [Kc 3c]
Dealt to d8959d15 
Dealt to c2e491e3 
Dealt to 74d1c452 
74d1c452: folds
fc2ba9cf: folds
c99230b6: raises $0.2 to $0.3
Hero: folds
d8959d15: folds
c2e491e3: folds
Uncalled bet ($0.2) returned to c99230b6
*** SHOWDOWN ***
c99230b6 collected $0.25 from pot
*** SUMMARY ***
Total pot $0.25 | Rake $0 | Jackpot $0 | Bingo $0 | Fortune $0 | Tax $0
Seat 1: fc2ba9cf folded before Flop (didn't bet)
Seat 2: c99230b6 collected ($0.25)
Seat 3: Hero (button) folded before Flop (didn't bet)
Seat 4: d8959d15 (small blind) folded before Flop
Seat 5: c2e491e3 (big blind) folded before Flop
Seat 6: 74d1c452 folded before Flop (didn't bet)


Poker Hand #HD1857942569: Hold'em No Limit ($0.05/$0.1) - 2024/07/15 15:35:18
Table 'NLHRed29' 6-max Seat #2 is the button
Seat 1: fc2ba9cf ($6.78 in chips)
Seat 2: c99230b6 ($13.63 in chips)
Seat 3: Hero ($10.2 in chips)
Seat 4: d8959d15 ($10.63 in chips)
Seat 5: c2e491e3 ($13.07 in chips)
Seat 6: 74d1c452 ($11.11 in chips)
Hero: posts small blind $0.05
d8959d15: posts big blind $0.1
*** HOLE CARDS ***
Dealt to fc2ba9cf 
Dealt to c99230b6 
Dealt to Hero [9s 5c]
Dealt to d8959d15 
Dealt to c2e491e3 
Dealt to 74d1c452 
c2e491e3: folds
74d1c452: folds
fc2ba9cf: folds
c99230b6: folds
Hero: folds
Uncalled bet ($0.05) returned to d8959d15
*** SHOWDOWN ***
d8959d15 collected $0.1 from pot
*** SUMMARY ***
Total pot $0.1 | Rake $0 | Jackpot $0 | Bingo $0 | Fortune $0 | Tax $0
Seat 1: fc2ba9cf folded before Flop (didn't bet)
Seat 2: c99230b6 (button) folded before Flop (didn't bet)
Seat 3: Hero (small blind) folded before Flop
Seat 4: d8959d15 (big blind) collected ($0.1)
Seat 5: c2e491e3 folded before Flop (didn't bet)
Seat 6: 74d1c452 folded before Flop (didn't bet)


Poker Hand #HD1857942529: Hold'em No Limit ($0.05/$0.1) - 2024/07/15 15:34:59
Table 'NLHRed29' 6-max Seat #1 is the button
Seat 1: fc2ba9cf ($6.78 in chips)
Seat 2: c99230b6 ($13.68 in chips)
Seat 3: Hero ($10.15 in chips)
Seat 4: d8959d15 ($10.63 in chips)
Seat 5: c2e491e3 ($13.07 in chips)
Seat 6: 74d1c452 ($11.11 in chips)
c99230b6: posts small blind $0.05
Hero: posts big blind $0.1
*** HOLE CARDS ***
Dealt to fc2ba9cf 
Dealt to c99230b6 
Dealt to Hero [5d 3s]
Dealt to d8959d15 
Dealt to c2e491e3 
Dealt to 74d1c452 
d8959d15: folds
c2e491e3: folds
74d1c452: folds
fc2ba9cf: folds
c99230b6: folds
Uncalled bet ($0.05) returned to Hero
*** SHOWDOWN ***
Hero collected $0.1 from pot
*** SUMMARY ***
Total pot $0.1 | Rake $0 | Jackpot $0 | Bingo $0 | Fortune $0 | Tax $0
Seat 1: fc2ba9cf (button) folded before Flop (didn't bet)
Seat 2: c99230b6 (small blind) folded before Flop
Seat 3: Hero (big blind) collected ($0.1)
Seat 4: d8959d15 folded before Flop (didn't bet)
Seat 5: c2e491e3 folded before Flop (didn't bet)
Seat 6: 74d1c452 folded before Flop (didn't bet)


Poker Hand #HD1857942492: Hold'em No Limit ($0.05/$0.1) - 2024/07/15 15:34:37
Table 'NLHRed29' 6-max Seat #6 is the button
Seat 1: fc2ba9cf ($6.83 in chips)
Seat 2: c99230b6 ($13.63 in chips)
Seat 3: Hero ($10.15 in chips)
Seat 4: d8959d15 ($10.63 in chips)
Seat 5: c2e491e3 ($13.07 in chips)
Seat 6: 74d1c452 ($11.11 in chips)
fc2ba9cf: posts small blind $0.05
c99230b6: posts big blind $0.1
*** HOLE CARDS ***
Dealt to fc2ba9cf 
Dealt to c99230b6 
Dealt to Hero [3d 3s]
Dealt to d8959d15 
Dealt to c2e491e3 
Dealt to 74d1c452 
Hero: folds
d8959d15: folds
c2e491e3: folds
74d1c452: folds
fc2ba9cf: folds
Uncalled bet ($0.05) returned to c99230b6
*** SHOWDOWN ***
c99230b6 collected $0.1 from pot
*** SUMMARY ***
Total pot $0.1 | Rake $0 | Jackpot $0 | Bingo $0 | Fortune $0 | Tax $0
Seat 1: fc2ba9cf (small blind) folded before Flop
Seat 2: c99230b6 (big blind) collected ($0.1)
Seat 3: Hero folded before Flop (didn't bet)
Seat 4: d8959d15 folded before Flop (didn't bet)
Seat 5: c2e491e3 folded before Flop (didn't bet)
Seat 6: 74d1c452 (button) folded before Flop (didn't bet)


Poker Hand #HD1857942439: Hold'em No Limit ($0.05/$0.1) - 2024/07/15 15:34:05
Table 'NLHRed29' 6-max Seat #5 is the button
Seat 1: fc2ba9cf ($6.93 in chips)
Seat 2: c99230b6 ($13.63 in chips)
Seat 3: Hero ($10.15 in chips)
Seat 4: d8959d15 ($10.49 in chips)
Seat 5: c2e491e3 ($13.07 in chips)
Seat 6: 74d1c452 ($11.16 in chips)
74d1c452: posts small blind $0.05
fc2ba9cf: posts big blind $0.1
*** HOLE CARDS ***
Dealt to fc2ba9cf 
Dealt to c99230b6 
Dealt to Hero [Qs Td]
Dealt to d8959d15 
Dealt to c2e491e3 
Dealt to 74d1c452 
c99230b6: folds
Hero: folds
d8959d15: calls $0.1
c2e491e3: folds
74d1c452: folds
fc2ba9cf: checks
*** FLOP *** [4d 3c 4c]
fc2ba9cf: checks
d8959d15: bets $0.25
fc2ba9cf: folds
Uncalled bet ($0.25) returned to d8959d15
*** SHOWDOWN ***
d8959d15 collected $0.24 from pot
*** SUMMARY ***
Total pot $0.25 | Rake $0.01 | Jackpot $0 | Bingo $0 | Fortune $0 | Tax $0
Board [4d 3c 4c]
Seat 1: fc2ba9cf (big blind) folded on the Flop
Seat 2: c99230b6 folded before Flop (didn't bet)
Seat 3: Hero folded before Flop (didn't bet)
Seat 4: d8959d15 won ($0.24)
Seat 5: c2e491e3 (button) folded before Flop (didn't bet)
Seat 6: 74d1c452 (small blind) folded before Flop


Poker Hand #HD1857942406: Hold'em No Limit ($0.05/$0.1) - 2024/07/15 15:33:42
Table 'NLHRed29' 6-max Seat #4 is the button
Seat 1: fc2ba9cf ($6.93 in chips)
Seat 2: c99230b6 ($13.63 in chips)
Seat 3: Hero ($10 in chips)
Seat 4: d8959d15 ($10.49 in chips)
Seat 5: c2e491e3 ($13.12 in chips)
Seat 6: 74d1c452 ($11.26 in chips)
c2e491e3: posts small blind $0.05
74d1c452: posts big blind $0.1
*** HOLE CARDS ***
Dealt to fc2ba9cf 
Dealt to c99230b6 
Dealt to Hero [Ks Kd]
Dealt to d8959d15 
Dealt to c2e491e3 
Dealt to 74d1c452 
fc2ba9cf: folds
c99230b6: folds
Hero: raises $0.14 to $0.24
d8959d15: folds
c2e491e3: folds
74d1c452: folds
Uncalled bet ($0.14) returned to Hero
*** SHOWDOWN ***
Hero collected $0.25 from pot
*** SUMMARY ***
Total pot $0.25 | Rake $0 | Jackpot $0 | Bingo $0 | Fortune $0 | Tax $0
Seat 1: fc2ba9cf folded before Flop (didn't bet)
Seat 2: c99230b6 folded before Flop (didn't bet)
Seat 3: Hero collected ($0.25)
Seat 4: d8959d15 (button) folded before Flop (didn't bet)
Seat 5: c2e491e3 (small blind) folded before Flop
Seat 6: 74d1c452 (big blind) folded before Flop


Poker Hand #HD1857942309: Hold'em No Limit ($0.05/$0.1) - 2024/07/15 15:32:47
Table 'NLHRed29' 6-max Seat #3 is the button
Seat 1: fc2ba9cf ($8.17 in chips)
Seat 2: c99230b6 ($13.63 in chips)
Seat 3: Hero ($10 in chips)
Seat 4: d8959d15 ($10.54 in chips)
Seat 5: c2e491e3 ($13.22 in chips)
Seat 6: 74d1c452 ($10 in chips)
d8959d15: posts small blind $0.05
c2e491e3: posts big blind $0.1
*** HOLE CARDS ***
Dealt to fc2ba9cf 
Dealt to c99230b6 
Dealt to Hero [2h 8d]
Dealt to d8959d15 
Dealt to c2e491e3 
Dealt to 74d1c452 
74d1c452: raises $0.15 to $0.25
fc2ba9cf: calls $0.25
c99230b6: folds
Hero: folds
d8959d15: folds
c2e491e3: folds
*** FLOP *** [Ad 7c Jc]
74d1c452: checks
fc2ba9cf: bets $0.33
74d1c452: calls $0.33
*** TURN *** [Ad 7c Jc] [9c]
74d1c452: checks
fc2ba9cf: checks
*** RIVER *** [Ad 7c Jc 9c] [Td]
74d1c452: bets $0.66
fc2ba9cf: calls $0.66
74d1c452: shows [Kh Qc] (Aces-High Straight)
fc2ba9cf: shows [Ac Qh] (Pair of Aces)
*** SHOWDOWN ***
74d1c452 collected $2.5 from pot
*** SUMMARY ***
Total pot $2.63 | Rake $0.13 | Jackpot $0 | Bingo $0 | Fortune $0 | Tax $0
Board [Ad 7c Jc 9c Td]
Seat 1: fc2ba9cf showed [Ac Qh] and lost with Pair of Aces
Seat 2: c99230b6 folded before Flop (didn't bet)
Seat 3: Hero (button) folded before Flop (didn't bet)
Seat 4: d8959d15 (small blind) folded before Flop
Seat 5: c2e491e3 (big blind) folded before Flop
Seat 6: 74d1c452 showed [Kh Qc] and won ($2.5) with Aces-High Straight


Poker Hand #HD1857942280: Hold'em No Limit ($0.05/$0.1) - 2024/07/15 15:32:29
Table 'NLHRed29' 6-max Seat #2 is the button
Seat 1: fc2ba9cf ($8.02 in chips)
Seat 2: c99230b6 ($13.63 in chips)
Seat 3: Hero ($10 in chips)
Seat 4: d8959d15 ($10.64 in chips)
Seat 5: c2e491e3 ($13.22 in chips)
Seat 6: 74d1c452 ($10 in chips)
Hero: posts small blind $0.05
d8959d15: posts big blind $0.1
*** HOLE CARDS ***
Dealt to fc2ba9cf 
Dealt to c99230b6 
Dealt to Hero [6d 8s]
Dealt to d8959d15 
Dealt to c2e491e3 
Dealt to 74d1c452 
c2e491e3: folds
74d1c452: folds
fc2ba9cf: raises $0.1 to $0.2
c99230b6: folds
Hero: folds
d8959d15: folds
Uncalled bet ($0.1) returned to fc2ba9cf
*** SHOWDOWN ***
fc2ba9cf collected $0.25 from pot
*** SUMMARY ***
Total pot $0.25 | Rake $0 | Jackpot $0 | Bingo $0 | Fortune $0 | Tax $0
Seat 1: fc2ba9cf collected ($0.25)
Seat 2: c99230b6 (button) folded before Flop (didn't bet)
Seat 3: Hero (small blind) folded before Flop
Seat 4: d8959d15 (big blind) folded before Flop
Seat 5: c2e491e3 folded before Flop (didn't bet)
Seat 6: 74d1c452 folded before Flop (didn't bet)


Poker Hand #HD1857942188: Hold'em No Limit ($0.05/$0.1) - 2024/07/15 15:31:37
Table 'NLHRed29' 6-max Seat #1 is the button
Seat 1: fc2ba9cf ($5.14 in chips)
Seat 2: c99230b6 ($13.68 in chips)
Seat 3: Hero ($10 in chips)
Seat 4: d8959d15 ($10.64 in chips)
Seat 5: c2e491e3 ($13.22 in chips)
Seat 6: 74d1c452 ($10.89 in chips)
c99230b6: posts small blind $0.05
Hero: posts big blind $0.1
*** HOLE CARDS ***
Dealt to fc2ba9cf 
Dealt to c99230b6 
Dealt to Hero [5c 9d]
Dealt to d8959d15 
Dealt to c2e491e3 
Dealt to 74d1c452 
d8959d15: folds
c2e491e3: folds
74d1c452: raises $0.15 to $0.25
fc2ba9cf: calls $0.25
c99230b6: folds
Hero: folds
*** FLOP *** [6d 8s Ad]
74d1c452: bets $0.33
fc2ba9cf: calls $0.33
*** TURN *** [6d 8s Ad] [Jc]
74d1c452: bets $0.99
fc2ba9cf: calls $0.99
*** RIVER *** [6d 8s Ad Jc] [Th]
74d1c452: bets $1.65
fc2ba9cf: calls $1.65
74d1c452: shows [Qh Ac] (Pair of Aces)
fc2ba9cf: shows [8h 8d] (Three Eights)
*** SHOWDOWN ***
fc2ba9cf collected $6.1 from pot
*** SUMMARY ***
Total pot $6.59 | Rake $0.39 | Jackpot $0.1 | Bingo $0 | Fortune $0 | Tax $0
Board [6d 8s Ad Jc Th]
Seat 1: fc2ba9cf (button) showed [8h 8d] and won ($6.1) with Three Eights
Seat 2: c99230b6 (small blind) folded before Flop
Seat 3: Hero (big blind) folded before Flop
Seat 4: d8959d15 folded before Flop (didn't bet)
Seat 5: c2e491e3 folded before Flop (didn't bet)
Seat 6: 74d1c452 showed [Qh Ac] and lost with Pair of Aces


Poker Hand #HD1857942098: Hold'em No Limit ($0.05/$0.1) - 2024/07/15 15:30:50
Table 'NLHRed29' 6-max Seat #6 is the button
Seat 1: fc2ba9cf ($5.19 in chips)
Seat 2: c99230b6 ($13.78 in chips)
Seat 3: Hero ($10 in chips)
Seat 4: d8959d15 ($10 in chips)
Seat 5: c2e491e3 ($13.77 in chips)
Seat 6: 74d1c452 ($10.89 in chips)
fc2ba9cf: posts small blind $0.05
c99230b6: posts big blind $0.1
*** HOLE CARDS ***
Dealt to fc2ba9cf 
Dealt to c99230b6 
Dealt to Hero [8d Ks]
Dealt to d8959d15 
Dealt to c2e491e3 
Dealt to 74d1c452 
Hero: folds
d8959d15: raises $0.2 to $0.3
c2e491e3: raises $0.25 to $0.55
74d1c452: folds
fc2ba9cf: folds
c99230b6: folds
d8959d15: calls $0.25
*** FLOP *** [5s As 8s]
d8959d15: bets $0.63
c2e491e3: folds
Uncalled bet ($0.63) returned to d8959d15
*** SHOWDOWN ***
d8959d15 collected $1.19 from pot
*** SUMMARY ***
Total pot $1.25 | Rake $0.06 | Jackpot $0 | Bingo $0 | Fortune $0 | Tax $0
Board [5s As 8s]
Seat 1: fc2ba9cf (small blind) folded before Flop
Seat 2: c99230b6 (big blind) folded before Flop
Seat 3: Hero folded before Flop (didn't bet)
Seat 4: d8959d15 won ($1.19)
Seat 5: c2e491e3 folded on the Flop
Seat 6: 74d1c452 (button) folded before Flop (didn't bet)


Poker Hand #HD1857942063: Hold'em No Limit ($0.05/$0.1) - 2024/07/15 15:30:27
Table 'NLHRed29' 6-max Seat #5 is the button
Seat 1: fc2ba9cf ($5.14 in chips)
Seat 2: c99230b6 ($13.78 in chips)
Seat 3: Hero ($10 in chips)
Seat 4: d8959d15 ($10 in chips)
Seat 5: c2e491e3 ($13.77 in chips)
Seat 6: 74d1c452 ($10.94 in chips)
74d1c452: posts small blind $0.05
fc2ba9cf: posts big blind $0.1
*** HOLE CARDS ***
Dealt to fc2ba9cf 
Dealt to c99230b6 
Dealt to Hero [Th 8c]
Dealt to d8959d15 
Dealt to c2e491e3 
Dealt to 74d1c452 
c99230b6: folds
Hero: folds
d8959d15: folds
c2e491e3: folds
74d1c452: folds
Uncalled bet ($0.05) returned to fc2ba9cf
*** SHOWDOWN ***
fc2ba9cf collected $0.1 from pot
*** SUMMARY ***
Total pot $0.1 | Rake $0 | Jackpot $0 | Bingo $0 | Fortune $0 | Tax $0
Seat 1: fc2ba9cf (big blind) collected ($0.1)
Seat 2: c99230b6 folded before Flop (didn't bet)
Seat 3: Hero folded before Flop (didn't bet)
Seat 4: d8959d15 folded before Flop (didn't bet)
Seat 5: c2e491e3 (button) folded before Flop (didn't bet)
Seat 6: 74d1c452 (small blind) folded before Flop


Poker Hand #HD1857942041: Hold'em No Limit ($0.05/$0.1) - 2024/07/15 15:30:13
Table 'NLHRed29' 6-max Seat #4 is the button
Seat 1: fc2ba9cf ($5.14 in chips)
Seat 2: c99230b6 ($13.63 in chips)
Seat 3: Hero ($10 in chips)
Seat 4: d8959d15 ($10 in chips)
Seat 5: c2e491e3 ($13.82 in chips)
Seat 6: 74d1c452 ($11.04 in chips)
c2e491e3: posts small blind $0.05
74d1c452: posts big blind $0.1
*** HOLE CARDS ***
Dealt to fc2ba9cf 
Dealt to c99230b6 
Dealt to Hero [Ah 6s]
Dealt to d8959d15 
Dealt to c2e491e3 
Dealt to 74d1c452 
fc2ba9cf: folds
c99230b6: raises $0.2 to $0.3
Hero: folds
d8959d15: folds
c2e491e3: folds
74d1c452: folds
Uncalled bet ($0.2) returned to c99230b6
*** SHOWDOWN ***
c99230b6 collected $0.25 from pot
*** SUMMARY ***
Total pot $0.25 | Rake $0 | Jackpot $0 | Bingo $0 | Fortune $0 | Tax $0
Seat 1: fc2ba9cf folded before Flop (didn't bet)
Seat 2: c99230b6 collected ($0.25)
Seat 3: Hero folded before Flop (didn't bet)
Seat 4: d8959d15 (button) folded before Flop (didn't bet)
Seat 5: c2e491e3 (small blind) folded before Flop
Seat 6: 74d1c452 (big blind) folded before Flop


Poker Hand #HD1857942014: Hold'em No Limit ($0.05/$0.1) - 2024/07/15 15:29:58
Table 'NLHRed29' 6-max Seat #3 is the button
Seat 1: fc2ba9cf ($5.14 in chips)
Seat 2: c99230b6 ($13.63 in chips)
Seat 3: Hero ($10 in chips)
Seat 4: d8959d15 ($10.05 in chips)
Seat 5: c2e491e3 ($13.77 in chips)
Seat 6: 74d1c452 ($11.04 in chips)
d8959d15: posts small blind $0.05
c2e491e3: posts big blind $0.1
*** HOLE CARDS ***
Dealt to fc2ba9cf 
Dealt to c99230b6 
Dealt to Hero [2d Td]
Dealt to d8959d15 
Dealt to c2e491e3 
Dealt to 74d1c452 
74d1c452: folds
fc2ba9cf: folds
c99230b6: folds
Hero: folds
d8959d15: folds
Uncalled bet ($0.05) returned to c2e491e3
*** SHOWDOWN ***
c2e491e3 collected $0.1 from pot
*** SUMMARY ***
Total pot $0.1 | Rake $0 | Jackpot $0 | Bingo $0 | Fortune $0 | Tax $0
Seat 1: fc2ba9cf folded before Flop (didn't bet)
Seat 2: c99230b6 folded before Flop (didn't bet)
Seat 3: Hero (button) folded before Flop (didn't bet)
Seat 4: d8959d15 (small blind) folded before Flop
Seat 5: c2e491e3 (big blind) collected ($0.1)
Seat 6: 74d1c452 folded before Flop (didn't bet)


Poker Hand #HD1857941962: Hold'em No Limit ($0.05/$0.1) - 2024/07/15 15:29:26
Table 'NLHRed29' 6-max Seat #2 is the button
Seat 1: fc2ba9cf ($5.14 in chips)
Seat 2: c99230b6 ($13.88 in chips)
Seat 3: Hero ($10.05 in chips)
Seat 4: d8959d15 ($10.15 in chips)
Seat 5: c2e491e3 ($13.4 in chips)
Seat 6: 74d1c452 ($11.04 in chips)
Hero: posts small blind $0.05
d8959d15: posts big blind $0.1
*** HOLE CARDS ***
Dealt to fc2ba9cf 
Dealt to c99230b6 
Dealt to Hero [8d 9h]
Dealt to d8959d15 
Dealt to c2e491e3 
Dealt to 74d1c452 
c2e491e3: raises $0.15 to $0.25
74d1c452: folds
fc2ba9cf: folds
c99230b6: calls $0.25
Hero: folds
d8959d15: folds
*** FLOP *** [9d 9s Ac]
c2e491e3: bets $0.49
c99230b6: folds
Uncalled bet ($0.49) returned to c2e491e3
*** SHOWDOWN ***
c2e491e3 collected $0.62 from pot
*** SUMMARY ***
Total pot $0.65 | Rake $0.03 | Jackpot $0 | Bingo $0 | Fortune $0 | Tax $0
Board [9d 9s Ac]
Seat 1: fc2ba9cf folded before Flop (didn't bet)
Seat 2: c99230b6 (button) folded on the Flop
Seat 3: Hero (small blind) folded before Flop
Seat 4: d8959d15 (big blind) folded before Flop
Seat 5: c2e491e3 won ($0.62)
Seat 6: 74d1c452 folded before Flop (didn't bet)


Poker Hand #HD1857941930: Hold'em No Limit ($0.05/$0.1) - 2024/07/15 15:29:06
Table 'NLHRed29' 6-max Seat #1 is the button
Seat 1: fc2ba9cf ($4.99 in chips)
Seat 2: c99230b6 ($13.93 in chips)
Seat 3: Hero ($10.15 in chips)
Seat 4: d8959d15 ($10.15 in chips)
Seat 5: c2e491e3 ($13.4 in chips)
Seat 6: 74d1c452 ($11.04 in chips)
c99230b6: posts small blind $0.05
Hero: posts big blind $0.1
*** HOLE CARDS ***
Dealt to fc2ba9cf 
Dealt to c99230b6 
Dealt to Hero [8c 6h]
Dealt to d8959d15 
Dealt to c2e491e3 
Dealt to 74d1c452 
d8959d15: folds
c2e491e3: folds
74d1c452: folds
fc2ba9cf: raises $0.1 to $0.2
c99230b6: folds
Hero: folds
Uncalled bet ($0.1) returned to fc2ba9cf
*** SHOWDOWN ***
fc2ba9cf collected $0.25 from pot
*** SUMMARY ***
Total pot $0.25 | Rake $0 | Jackpot $0 | Bingo $0 | Fortune $0 | Tax $0
Seat 1: fc2ba9cf (button) collected ($0.25)
Seat 2: c99230b6 (small blind) folded before Flop
Seat 3: Hero (big blind) folded before Flop
Seat 4: d8959d15 folded before Flop (didn't bet)
Seat 5: c2e491e3 folded before Flop (didn't bet)
Seat 6: 74d1c452 folded before Flop (didn't bet)


Poker Hand #HD1857941894: Hold'em No Limit ($0.05/$0.1) - 2024/07/15 15:28:45
Table 'NLHRed29' 6-max Seat #6 is the button
Seat 1: fc2ba9cf ($5.04 in chips)
Seat 2: c99230b6 ($14.03 in chips)
Seat 3: Hero ($10 in chips)
Seat 4: d8959d15 ($10.15 in chips)
Seat 5: c2e491e3 ($13.4 in chips)
Seat 6: 74d1c452 ($11.04 in chips)
fc2ba9cf: posts small blind $0.05
c99230b6: posts big blind $0.1
*** HOLE CARDS ***
Dealt to fc2ba9cf 
Dealt to c99230b6 
Dealt to Hero [2c 6s]
Dealt to d8959d15 
Dealt to c2e491e3 
Dealt to 74d1c452 
Hero: raises $0.1 to $0.2
d8959d15: folds
c2e491e3: folds
74d1c452: folds
fc2ba9cf: folds
c99230b6: folds
Uncalled bet ($0.1) returned to Hero
*** SHOWDOWN ***
Hero collected $0.25 from pot
*** SUMMARY ***
Total pot $0.25 | Rake $0 | Jackpot $0 | Bingo $0 | Fortune $0 | Tax $0
Seat 1: fc2ba9cf (small blind) folded before Flop
Seat 2: c99230b6 (big blind) folded before Flop
Seat 3: Hero collected ($0.25)
Seat 4: d8959d15 folded before Flop (didn't bet)
Seat 5: c2e491e3 folded before Flop (didn't bet)
Seat 6: 74d1c452 (button) folded before Flop (didn't bet)


Poker Hand #HD1857941842: Hold'em No Limit ($0.05/$0.1) - 2024/07/15 15:28:14
Table 'NLHRed29' 6-max Seat #5 is the button
Seat 1: fc2ba9cf ($4.86 in chips)
Seat 2: c99230b6 ($14.03 in chips)
Seat 3: Hero ($10 in chips)
Seat 4: d8959d15 ($10.15 in chips)
Seat 5: c2e491e3 ($13.4 in chips)
Seat 6: 74d1c452 ($11.24 in chips)
74d1c452: posts small blind $0.05
fc2ba9cf: posts big blind $0.1
*** HOLE CARDS ***
Dealt to fc2ba9cf 
Dealt to c99230b6 
Dealt to Hero [6s 2c]
Dealt to d8959d15 
Dealt to c2e491e3 
Dealt to 74d1c452 
c99230b6: folds
Hero: folds
d8959d15: folds
c2e491e3: folds
74d1c452: raises $0.1 to $0.2
fc2ba9cf: calls $0.1
*** FLOP *** [5s 9d 9h]
74d1c452: checks
fc2ba9cf: bets $0.2
74d1c452: folds
Uncalled bet ($0.2) returned to fc2ba9cf
*** SHOWDOWN ***
fc2ba9cf collected $0.38 from pot
*** SUMMARY ***
Total pot $0.4 | Rake $0.02 | Jackpot $0 | Bingo $0 | Fortune $0 | Tax $0
Board [5s 9d 9h]
Seat 1: fc2ba9cf (big blind) won ($0.38)
Seat 2: c99230b6 folded before Flop (didn't bet)
Seat 3: Hero folded before Flop (didn't bet)
Seat 4: d8959d15 folded before Flop (didn't bet)
Seat 5: c2e491e3 (button) folded before Flop (didn't bet)
Seat 6: 74d1c452 (small blind) folded on the Flop


Poker Hand #HD1857941797: Hold'em No Limit ($0.05/$0.1) - 2024/07/15 15:27:53
Table 'NLHRed29' 6-max Seat #4 is the button
Seat 1: fc2ba9cf ($4.86 in chips)
Seat 2: c99230b6 ($14.03 in chips)
Seat 3: Hero ($10 in chips)
Seat 4: d8959d15 ($10.15 in chips)
Seat 5: c2e491e3 ($13.3 in chips)
Seat 6: 74d1c452 ($11.34 in chips)
c2e491e3: posts small blind $0.05
74d1c452: posts big blind $0.1
*** HOLE CARDS ***
Dealt to fc2ba9cf 
Dealt to c99230b6 
Dealt to Hero [2h Th]
Dealt to d8959d15 
Dealt to c2e491e3 
Dealt to 74d1c452 
fc2ba9cf: folds
c99230b6: folds
Hero: folds
d8959d15: folds
c2e491e3: raises $0.25 to $0.35
74d1c452: folds
Uncalled bet ($0.25) returned to c2e491e3
*** SHOWDOWN ***
c2e491e3 collected $0.2 from pot
*** SUMMARY ***
Total pot $0.2 | Rake $0 | Jackpot $0 | Bingo $0 | Fortune $0 | Tax $0
Seat 1: fc2ba9cf folded before Flop (didn't bet)
Seat 2: c99230b6 folded before Flop (didn't bet)
Seat 3: Hero folded before Flop (didn't bet)
Seat 4: d8959d15 (button) folded before Flop (didn't bet)
Seat 5: c2e491e3 (small blind) collected ($0.2)
Seat 6: 74d1c452 (big blind) folded before Flop


Poker Hand #HD1857941749: Hold'em No Limit ($0.05/$0.1) - 2024/07/15 15:27:25
Table 'NLHRed29' 6-max Seat #3 is the button
Seat 1: fc2ba9cf ($4.86 in chips)
Seat 2: c99230b6 ($14.03 in chips)
Seat 3: Hero ($10 in chips)
Seat 4: d8959d15 ($10.05 in chips)
Seat 5: c2e491e3 ($13.4 in chips)
Seat 6: 74d1c452 ($11.34 in chips)
d8959d15: posts small blind $0.05
c2e491e3: posts big blind $0.1
*** HOLE CARDS ***
Dealt to fc2ba9cf 
Dealt to c99230b6 
Dealt to Hero [9d 8h]
Dealt to d8959d15 
Dealt to c2e491e3 
Dealt to 74d1c452 
74d1c452: folds
fc2ba9cf: folds
c99230b6: folds
Hero: folds
d8959d15: raises $0.3 to $0.4
c2e491e3: folds
Uncalled bet ($0.3) returned to d8959d15
*** SHOWDOWN ***
d8959d15 collected $0.2 from pot
*** SUMMARY ***
Total pot $0.2 | Rake $0 | Jackpot $0 | Bingo $0 | Fortune $0 | Tax $0
Seat 1: fc2ba9cf folded before Flop (didn't bet)
Seat 2: c99230b6 folded before Flop (didn't bet)
Seat 3: Hero (button) folded before Flop (didn't bet)
Seat 4: d8959d15 (small blind) collected ($0.2)
Seat 5: c2e491e3 (big blind) folded before Flop
Seat 6: 74d1c452 folded before Flop (didn't bet)


Poker Hand #HD1857941717: Hold'em No Limit ($0.05/$0.1) - 2024/07/15 15:27:05
Table 'NLHRed29' 6-max Seat #2 is the button
Seat 1: fc2ba9cf ($4.86 in chips)
Seat 2: c99230b6 ($14.03 in chips)
Seat 3: Hero ($10 in chips)
Seat 4: d8959d15 ($10 in chips)
Seat 5: c2e491e3 ($13.4 in chips)
Seat 6: 74d1c452 ($11.34 in chips)
Hero: posts small blind $0.05
d8959d15: posts big blind $0.1
*** HOLE CARDS ***
Dealt to fc2ba9cf 
Dealt to c99230b6 
Dealt to Hero [Th 3s]
Dealt to d8959d15 
Dealt to c2e491e3 
Dealt to 74d1c452 
c2e491e3: folds
74d1c452: folds
fc2ba9cf: folds
c99230b6: folds
Hero: folds
Uncalled bet ($0.05) returned to d8959d15
*** SHOWDOWN ***
d8959d15 collected $0.1 from pot
*** SUMMARY ***
Total pot $0.1 | Rake $0 | Jackpot $0 | Bingo $0 | Fortune $0 | Tax $0
Seat 1: fc2ba9cf folded before Flop (didn't bet)
Seat 2: c99230b6 (button) folded before Flop (didn't bet)
Seat 3: Hero (small blind) folded before Flop
Seat 4: d8959d15 (big blind) collected ($0.1)
Seat 5: c2e491e3 folded before Flop (didn't bet)
Seat 6: 74d1c452 folded before Flop (didn't bet)


Poker Hand #HD1857941604: Hold'em No Limit ($0.05/$0.1) - 2024/07/15 15:25:55
Table 'NLHRed29' 6-max Seat #1 is the button
Seat 1: fc2ba9cf ($4.24 in chips)
Seat 2: c99230b6 ($14.08 in chips)
Seat 3: Hero ($10 in chips)
Seat 4: 1a906681 ($11.65 in chips)
Seat 5: c2e491e3 ($13.4 in chips)
Seat 6: 74d1c452 ($11.34 in chips)
c99230b6: posts small blind $0.05
Hero: posts big blind $0.1
*** HOLE CARDS ***
Dealt to fc2ba9cf 
Dealt to c99230b6 
Dealt to Hero [6h 8h]
Dealt to 1a906681 
Dealt to c2e491e3 
Dealt to 74d1c452 
1a906681: folds
c2e491e3: folds
74d1c452: folds
fc2ba9cf: raises $0.1 to $0.2
c99230b6: folds
Hero: calls $0.1
*** FLOP *** [2d 3d 5h]
Hero: checks
fc2ba9cf: bets $0.45
Hero: calls $0.45
*** TURN *** [2d 3d 5h] [7d]
Hero: checks
fc2ba9cf: bets $0.68
Hero: folds
Uncalled bet ($0.68) returned to fc2ba9cf
*** SHOWDOWN ***
fc2ba9cf collected $1.27 from pot
*** SUMMARY ***
Total pot $1.35 | Rake $0.08 | Jackpot $0 | Bingo $0 | Fortune $0 | Tax $0
Board [2d 3d 5h 7d]
Seat 1: fc2ba9cf (button) won ($1.27)
Seat 2: c99230b6 (small blind) folded before Flop
Seat 3: Hero (big blind) folded on the Turn
Seat 4: 1a906681 folded before Flop (didn't bet)
Seat 5: c2e491e3 folded before Flop (didn't bet)
Seat 6: 74d1c452 folded before Flop (didn't bet)


