Poker Hand #HD1776575872: Hold'em No Limit ($0.05/$0.1) - 2024/05/17 15:33:04
Table 'NLHRed53' 6-max Seat #5 is the button
Seat 2: Hero ($32.02 in chips)
Seat 3: 51bbc657 ($17.2 in chips)
Seat 4: d2c8d9fa ($14.54 in chips)
Seat 5: 4f842d78 ($10 in chips)
Seat 6: c53cf35 ($19.57 in chips)
c53cf35: posts small blind $0.05
Hero: posts big blind $0.1
*** HOLE CARDS ***
Dealt to Hero [2d 6h]
Dealt to 51bbc657 
Dealt to d2c8d9fa 
Dealt to 4f842d78 
Dealt to c53cf35 
51bbc657: raises $0.2 to $0.3
d2c8d9fa: folds
4f842d78: calls $0.3
c53cf35: folds
Hero: folds
*** FLOP *** [3c 9d 8d]
51bbc657: bets $0.3
4f842d78: calls $0.3
*** TURN *** [3c 9d 8d] [3h]
51bbc657: checks
4f842d78: checks
*** RIVER *** [3c 9d 8d 3h] [2h]
51bbc657: bets $1
4f842d78: folds
Uncalled bet ($1) returned to 51bbc657
*** SHOWDOWN ***
51bbc657 collected $1.29 from pot
*** SUMMARY ***
Total pot $1.35 | Rake $0.06 | Jackpot $0 | Bingo $0 | Fortune $0 | Tax $0
Board [3c 9d 8d 3h 2h]
Seat 2: Hero (big blind) folded before Flop
Seat 3: 51bbc657 won ($1.29)
Seat 4: d2c8d9fa folded before Flop (didn't bet)
Seat 5: 4f842d78 (button) folded on the River
Seat 6: c53cf35 (small blind) folded before Flop


Poker Hand #HD1776575850: Hold'em No Limit ($0.05/$0.1) - 2024/05/17 15:32:52
Table 'NLHRed53' 6-max Seat #4 is the button
Seat 1: 5ea22452 ($10.38 in chips)
Seat 2: Hero ($32.02 in chips)
Seat 3: 51bbc657 ($17.05 in chips)
Seat 4: d2c8d9fa ($14.54 in chips)
Seat 5: 4f842d78 ($10 in chips)
Seat 6: c53cf35 ($19.67 in chips)
4f842d78: posts small blind $0.05
c53cf35: posts big blind $0.1
*** HOLE CARDS ***
Dealt to 5ea22452 
Dealt to Hero [2h 4s]
Dealt to 51bbc657 
Dealt to d2c8d9fa 
Dealt to 4f842d78 
Dealt to c53cf35 
5ea22452: folds
Hero: folds
51bbc657: raises $0.2 to $0.3
d2c8d9fa: folds
4f842d78: folds
c53cf35: folds
Uncalled bet ($0.2) returned to 51bbc657
*** SHOWDOWN ***
51bbc657 collected $0.25 from pot
*** SUMMARY ***
Total pot $0.25 | Rake $0 | Jackpot $0 | Bingo $0 | Fortune $0 | Tax $0
Seat 1: 5ea22452 folded before Flop (didn't bet)
Seat 2: Hero folded before Flop (didn't bet)
Seat 3: 51bbc657 collected ($0.25)
Seat 4: d2c8d9fa (button) folded before Flop (didn't bet)
Seat 5: 4f842d78 (small blind) folded before Flop
Seat 6: c53cf35 (big blind) folded before Flop


Poker Hand #HD1776575692: Hold'em No Limit ($0.05/$0.1) - 2024/05/17 15:31:24
Table 'NLHRed53' 6-max Seat #3 is the button
Seat 1: 5ea22452 ($10.38 in chips)
Seat 2: Hero ($22.8 in chips)
Seat 3: 51bbc657 ($17.05 in chips)
Seat 4: d2c8d9fa ($14.59 in chips)
Seat 5: 4f842d78 ($10.27 in chips)
Seat 6: c53cf35 ($19.67 in chips)
d2c8d9fa: posts small blind $0.05
4f842d78: posts big blind $0.1
*** HOLE CARDS ***
Dealt to 5ea22452 
Dealt to Hero [Jd Jh]
Dealt to 51bbc657 
Dealt to d2c8d9fa 
Dealt to 4f842d78 
Dealt to c53cf35 
c53cf35: folds
5ea22452: folds
Hero: raises $0.14 to $0.24
51bbc657: folds
d2c8d9fa: folds
4f842d78: raises $0.76 to $1
Hero: calls $0.76
*** FLOP *** [Th Qc 8s]
4f842d78: bets $1
Hero: calls $1
*** TURN *** [Th Qc 8s] [Js]
4f842d78: bets $2.05
Hero: calls $2.05
*** RIVER *** [Th Qc 8s Js] [Td]
4f842d78: bets $6.22 and is all-in
Hero: calls $6.22
4f842d78: shows [As 4s] (Pair of Tens)
Hero: shows [Jd Jh] (Jacks Full over Tens)
*** SHOWDOWN ***
Hero collected $19.49 from pot
*** SUMMARY ***
Total pot $20.59 | Rake $1 | Jackpot $0.1 | Bingo $0 | Fortune $0 | Tax $0
Board [Th Qc 8s Js Td]
Seat 1: 5ea22452 folded before Flop (didn't bet)
Seat 2: Hero showed [Jd Jh] and won ($19.49) with Jacks Full over Tens
Seat 3: 51bbc657 (button) folded before Flop (didn't bet)
Seat 4: d2c8d9fa (small blind) folded before Flop
Seat 5: 4f842d78 (big blind) showed [As 4s] and lost with Pair of Tens
Seat 6: c53cf35 folded before Flop (didn't bet)


Poker Hand #HD1776485567: Hold'em No Limit ($0.05/$0.1) - 2024/05/17 15:30:11
Table 'NLHRed53' 6-max Seat #2 is the button
Seat 1: 5ea22452 ($10.38 in chips)
Seat 2: Hero ($22.8 in chips)
Seat 3: 51bbc657 ($20.35 in chips)
Seat 4: d2c8d9fa ($11.71 in chips)
Seat 5: 4f842d78 ($10.27 in chips)
Seat 6: c53cf35 ($19.67 in chips)
51bbc657: posts small blind $0.05
d2c8d9fa: posts big blind $0.1
*** HOLE CARDS ***
Dealt to 5ea22452 
Dealt to Hero [6h 8c]
Dealt to 51bbc657 
Dealt to d2c8d9fa 
Dealt to 4f842d78 
Dealt to c53cf35 
4f842d78: folds
c53cf35: folds
5ea22452: folds
Hero: folds
51bbc657: raises $0.2 to $0.3
d2c8d9fa: calls $0.2
*** FLOP *** [Qd Jc 7s]
51bbc657: bets $0.3
d2c8d9fa: calls $0.3
*** TURN *** [Qd Jc 7s] [Kc]
51bbc657: bets $1.2
d2c8d9fa: raises $1.5 to $2.7
51bbc657: calls $1.5
*** RIVER *** [Qd Jc 7s Kc] [8h]
51bbc657: checks
d2c8d9fa: bets $8.41 and is all-in
51bbc657: folds
Uncalled bet ($8.41) returned to d2c8d9fa
*** SHOWDOWN ***
d2c8d9fa collected $6.18 from pot
*** SUMMARY ***
Total pot $6.6 | Rake $0.32 | Jackpot $0.1 | Bingo $0 | Fortune $0 | Tax $0
Board [Qd Jc 7s Kc 8h]
Seat 1: 5ea22452 folded before Flop (didn't bet)
Seat 2: Hero (button) folded before Flop (didn't bet)
Seat 3: 51bbc657 (small blind) folded on the River
Seat 4: d2c8d9fa (big blind) won ($6.18)
Seat 5: 4f842d78 folded before Flop (didn't bet)
Seat 6: c53cf35 folded before Flop (didn't bet)


Poker Hand #HD1776485484: Hold'em No Limit ($0.05/$0.1) - 2024/05/17 15:29:22
Table 'NLHRed53' 6-max Seat #1 is the button
Seat 1: 5ea22452 ($10.38 in chips)
Seat 2: Hero ($22.35 in chips)
Seat 3: 51bbc657 ($20.85 in chips)
Seat 4: d2c8d9fa ($11.71 in chips)
Seat 5: 4f842d78 ($10.27 in chips)
Seat 6: c53cf35 ($19.67 in chips)
Hero: posts small blind $0.05
51bbc657: posts big blind $0.1
*** HOLE CARDS ***
Dealt to 5ea22452 
Dealt to Hero [Td 8d]
Dealt to 51bbc657 
Dealt to d2c8d9fa 
Dealt to 4f842d78 
Dealt to c53cf35 
d2c8d9fa: folds
4f842d78: folds
c53cf35: folds
5ea22452: folds
Hero: raises $0.2 to $0.3
51bbc657: calls $0.2
*** FLOP *** [5s Qd 6s]
Hero: checks
51bbc657: bets $0.2
Hero: calls $0.2
*** TURN *** [5s Qd 6s] [9c]
Hero: checks
51bbc657: checks
*** RIVER *** [5s Qd 6s 9c] [As]
Hero: bets $0.7
51bbc657: folds
Uncalled bet ($0.7) returned to Hero
*** SHOWDOWN ***
Hero collected $0.95 from pot
*** SUMMARY ***
Total pot $1 | Rake $0.05 | Jackpot $0 | Bingo $0 | Fortune $0 | Tax $0
Board [5s Qd 6s 9c As]
Seat 1: 5ea22452 (button) folded before Flop (didn't bet)
Seat 2: Hero (small blind) won ($0.95)
Seat 3: 51bbc657 (big blind) folded on the River
Seat 4: d2c8d9fa folded before Flop (didn't bet)
Seat 5: 4f842d78 folded before Flop (didn't bet)
Seat 6: c53cf35 folded before Flop (didn't bet)


Poker Hand #HD1776485453: Hold'em No Limit ($0.05/$0.1) - 2024/05/17 15:29:03
Table 'NLHRed53' 6-max Seat #6 is the button
Seat 1: 5ea22452 ($10.43 in chips)
Seat 2: Hero ($22.45 in chips)
Seat 3: 51bbc657 ($20.85 in chips)
Seat 4: d2c8d9fa ($11.71 in chips)
Seat 5: 4f842d78 ($10.27 in chips)
Seat 6: c53cf35 ($19.52 in chips)
5ea22452: posts small blind $0.05
Hero: posts big blind $0.1
*** HOLE CARDS ***
Dealt to 5ea22452 
Dealt to Hero [8d 2h]
Dealt to 51bbc657 
Dealt to d2c8d9fa 
Dealt to 4f842d78 
Dealt to c53cf35 
51bbc657: folds
d2c8d9fa: folds
4f842d78: folds
c53cf35: raises $0.15 to $0.25
5ea22452: folds
Hero: folds
Uncalled bet ($0.15) returned to c53cf35
*** SHOWDOWN ***
c53cf35 collected $0.25 from pot
*** SUMMARY ***
Total pot $0.25 | Rake $0 | Jackpot $0 | Bingo $0 | Fortune $0 | Tax $0
Seat 1: 5ea22452 (small blind) folded before Flop
Seat 2: Hero (big blind) folded before Flop
Seat 3: 51bbc657 folded before Flop (didn't bet)
Seat 4: d2c8d9fa folded before Flop (didn't bet)
Seat 5: 4f842d78 folded before Flop (didn't bet)
Seat 6: c53cf35 (button) collected ($0.25)


Poker Hand #HD1776485359: Hold'em No Limit ($0.05/$0.1) - 2024/05/17 15:28:05
Table 'NLHRed53' 6-max Seat #5 is the button
Seat 1: 5ea22452 ($10.53 in chips)
Seat 2: Hero ($22.45 in chips)
Seat 3: 51bbc657 ($20.48 in chips)
Seat 4: d2c8d9fa ($11.71 in chips)
Seat 5: 4f842d78 ($10.27 in chips)
Seat 6: c53cf35 ($19.82 in chips)
c53cf35: posts small blind $0.05
5ea22452: posts big blind $0.1
*** HOLE CARDS ***
Dealt to 5ea22452 
Dealt to Hero [8s 3h]
Dealt to 51bbc657 
Dealt to d2c8d9fa 
Dealt to 4f842d78 
Dealt to c53cf35 
Hero: folds
51bbc657: raises $0.2 to $0.3
d2c8d9fa: folds
4f842d78: folds
c53cf35: calls $0.25
5ea22452: folds
*** FLOP *** [2s Td Jh]
c53cf35: checks
51bbc657: checks
*** TURN *** [2s Td Jh] [7c]
c53cf35: checks
51bbc657: checks
*** RIVER *** [2s Td Jh 7c] [Ks]
c53cf35: checks
51bbc657: bets $0.5
c53cf35: folds
Uncalled bet ($0.5) returned to 51bbc657
*** SHOWDOWN ***
51bbc657 collected $0.67 from pot
*** SUMMARY ***
Total pot $0.7 | Rake $0.03 | Jackpot $0 | Bingo $0 | Fortune $0 | Tax $0
Board [2s Td Jh 7c Ks]
Seat 1: 5ea22452 (big blind) folded before Flop
Seat 2: Hero folded before Flop (didn't bet)
Seat 3: 51bbc657 won ($0.67)
Seat 4: d2c8d9fa folded before Flop (didn't bet)
Seat 5: 4f842d78 (button) folded before Flop (didn't bet)
Seat 6: c53cf35 (small blind) folded on the River


Poker Hand #HD1776485336: Hold'em No Limit ($0.05/$0.1) - 2024/05/17 15:27:50
Table 'NLHRed53' 6-max Seat #4 is the button
Seat 1: 5ea22452 ($10.53 in chips)
Seat 2: Hero ($22.45 in chips)
Seat 3: 51bbc657 ($20.33 in chips)
Seat 4: d2c8d9fa ($11.71 in chips)
Seat 5: 4f842d78 ($10.32 in chips)
Seat 6: c53cf35 ($19.92 in chips)
4f842d78: posts small blind $0.05
c53cf35: posts big blind $0.1
*** HOLE CARDS ***
Dealt to 5ea22452 
Dealt to Hero [5s Qh]
Dealt to 51bbc657 
Dealt to d2c8d9fa 
Dealt to 4f842d78 
Dealt to c53cf35 
5ea22452: folds
Hero: folds
51bbc657: raises $0.2 to $0.3
d2c8d9fa: folds
4f842d78: folds
c53cf35: folds
Uncalled bet ($0.2) returned to 51bbc657
*** SHOWDOWN ***
51bbc657 collected $0.25 from pot
*** SUMMARY ***
Total pot $0.25 | Rake $0 | Jackpot $0 | Bingo $0 | Fortune $0 | Tax $0
Seat 1: 5ea22452 folded before Flop (didn't bet)
Seat 2: Hero folded before Flop (didn't bet)
Seat 3: 51bbc657 collected ($0.25)
Seat 4: d2c8d9fa (button) folded before Flop (didn't bet)
Seat 5: 4f842d78 (small blind) folded before Flop
Seat 6: c53cf35 (big blind) folded before Flop


Poker Hand #HD1776485283: Hold'em No Limit ($0.05/$0.1) - 2024/05/17 15:27:20
Table 'NLHRed53' 6-max Seat #3 is the button
Seat 1: 5ea22452 ($10.53 in chips)
Seat 2: Hero ($22.45 in chips)
Seat 3: 51bbc657 ($20.63 in chips)
Seat 4: d2c8d9fa ($11.34 in chips)
Seat 5: 4f842d78 ($10.42 in chips)
Seat 6: c53cf35 ($19.92 in chips)
d2c8d9fa: posts small blind $0.05
4f842d78: posts big blind $0.1
*** HOLE CARDS ***
Dealt to 5ea22452 
Dealt to Hero [5d 3s]
Dealt to 51bbc657 
Dealt to d2c8d9fa 
Dealt to 4f842d78 
Dealt to c53cf35 
c53cf35: folds
5ea22452: folds
Hero: folds
51bbc657: raises $0.2 to $0.3
d2c8d9fa: raises $1.1 to $1.4
4f842d78: folds
51bbc657: folds
Uncalled bet ($1.1) returned to d2c8d9fa
*** SHOWDOWN ***
d2c8d9fa collected $0.67 from pot
*** SUMMARY ***
Total pot $0.7 | Rake $0.03 | Jackpot $0 | Bingo $0 | Fortune $0 | Tax $0
Seat 1: 5ea22452 folded before Flop (didn't bet)
Seat 2: Hero folded before Flop (didn't bet)
Seat 3: 51bbc657 (button) folded before Flop
Seat 4: d2c8d9fa (small blind) collected ($0.67)
Seat 5: 4f842d78 (big blind) folded before Flop
Seat 6: c53cf35 folded before Flop (didn't bet)


Poker Hand #HD1776485247: Hold'em No Limit ($0.05/$0.1) - 2024/05/17 15:27:02
Table 'NLHRed53' 6-max Seat #2 is the button
Seat 1: 5ea22452 ($10.53 in chips)
Seat 2: Hero ($22.69 in chips)
Seat 3: 51bbc657 ($20.31 in chips)
Seat 4: d2c8d9fa ($11.44 in chips)
Seat 5: 4f842d78 ($10.42 in chips)
Seat 6: c53cf35 ($19.92 in chips)
51bbc657: posts small blind $0.05
d2c8d9fa: posts big blind $0.1
*** HOLE CARDS ***
Dealt to 5ea22452 
Dealt to Hero [Ad 9h]
Dealt to 51bbc657 
Dealt to d2c8d9fa 
Dealt to 4f842d78 
Dealt to c53cf35 
4f842d78: folds
c53cf35: folds
5ea22452: folds
Hero: raises $0.14 to $0.24
51bbc657: raises $0.56 to $0.8
d2c8d9fa: folds
Hero: folds
Uncalled bet ($0.56) returned to 51bbc657
*** SHOWDOWN ***
51bbc657 collected $0.56 from pot
*** SUMMARY ***
Total pot $0.58 | Rake $0.02 | Jackpot $0 | Bingo $0 | Fortune $0 | Tax $0
Seat 1: 5ea22452 folded before Flop (didn't bet)
Seat 2: Hero (button) folded before Flop
Seat 3: 51bbc657 (small blind) collected ($0.56)
Seat 4: d2c8d9fa (big blind) folded before Flop
Seat 5: 4f842d78 folded before Flop (didn't bet)
Seat 6: c53cf35 folded before Flop (didn't bet)


Poker Hand #HD1776485204: Hold'em No Limit ($0.05/$0.1) - 2024/05/17 15:26:39
Table 'NLHRed53' 6-max Seat #1 is the button
Seat 1: 5ea22452 ($10.83 in chips)
Seat 2: Hero ($22.74 in chips)
Seat 3: 51bbc657 ($20.41 in chips)
Seat 4: d2c8d9fa ($11.44 in chips)
Seat 5: 4f842d78 ($10 in chips)
Seat 6: c53cf35 ($19.92 in chips)
Hero: posts small blind $0.05
51bbc657: posts big blind $0.1
*** HOLE CARDS ***
Dealt to 5ea22452 
Dealt to Hero [9h 6h]
Dealt to 51bbc657 
Dealt to d2c8d9fa 
Dealt to 4f842d78 
Dealt to c53cf35 
d2c8d9fa: folds
4f842d78: raises $0.2 to $0.3
c53cf35: folds
5ea22452: calls $0.3
Hero: folds
51bbc657: folds
*** FLOP *** [6s 9s 7s]
4f842d78: bets $0.45
5ea22452: folds
Uncalled bet ($0.45) returned to 4f842d78
*** SHOWDOWN ***
4f842d78 collected $0.72 from pot
*** SUMMARY ***
Total pot $0.75 | Rake $0.03 | Jackpot $0 | Bingo $0 | Fortune $0 | Tax $0
Board [6s 9s 7s]
Seat 1: 5ea22452 (button) folded on the Flop
Seat 2: Hero (small blind) folded before Flop
Seat 3: 51bbc657 (big blind) folded before Flop
Seat 4: d2c8d9fa folded before Flop (didn't bet)
Seat 5: 4f842d78 won ($0.72)
Seat 6: c53cf35 folded before Flop (didn't bet)


Poker Hand #HD1776485168: Hold'em No Limit ($0.05/$0.1) - 2024/05/17 15:26:18
Table 'NLHRed53' 6-max Seat #6 is the button
Seat 1: 5ea22452 ($10.88 in chips)
Seat 2: Hero ($22.84 in chips)
Seat 3: 51bbc657 ($20.26 in chips)
Seat 4: d2c8d9fa ($11.44 in chips)
Seat 5: 4f842d78 ($10 in chips)
Seat 6: c53cf35 ($19.92 in chips)
5ea22452: posts small blind $0.05
Hero: posts big blind $0.1
*** HOLE CARDS ***
Dealt to 5ea22452 
Dealt to Hero [5c 3d]
Dealt to 51bbc657 
Dealt to d2c8d9fa 
Dealt to 4f842d78 
Dealt to c53cf35 
51bbc657: raises $0.2 to $0.3
d2c8d9fa: folds
4f842d78: folds
c53cf35: folds
5ea22452: folds
Hero: folds
Uncalled bet ($0.2) returned to 51bbc657
*** SHOWDOWN ***
51bbc657 collected $0.25 from pot
*** SUMMARY ***
Total pot $0.25 | Rake $0 | Jackpot $0 | Bingo $0 | Fortune $0 | Tax $0
Seat 1: 5ea22452 (small blind) folded before Flop
Seat 2: Hero (big blind) folded before Flop
Seat 3: 51bbc657 collected ($0.25)
Seat 4: d2c8d9fa folded before Flop (didn't bet)
Seat 5: 4f842d78 folded before Flop (didn't bet)
Seat 6: c53cf35 (button) folded before Flop (didn't bet)


Poker Hand #HD1776485071: Hold'em No Limit ($0.05/$0.1) - 2024/05/17 15:25:22
Table 'NLHRed53' 6-max Seat #5 is the button
Seat 1: 5ea22452 ($10.98 in chips)
Seat 2: Hero ($22.84 in chips)
Seat 3: 51bbc657 ($18.86 in chips)
Seat 4: d2c8d9fa ($11.44 in chips)
Seat 5: 4f842d78 ($10.1 in chips)
Seat 6: c53cf35 ($19.97 in chips)
c53cf35: posts small blind $0.05
5ea22452: posts big blind $0.1
*** HOLE CARDS ***
Dealt to 5ea22452 
Dealt to Hero [7c Kd]
Dealt to 51bbc657 
Dealt to d2c8d9fa 
Dealt to 4f842d78 
Dealt to c53cf35 
Hero: folds
51bbc657: raises $0.2 to $0.3
d2c8d9fa: folds
4f842d78: raises $0.6 to $0.9
c53cf35: folds
5ea22452: folds
51bbc657: calls $0.6
*** FLOP *** [7s 4s Jc]
51bbc657: bets $0.6
4f842d78: calls $0.6
*** TURN *** [7s 4s Jc] [8h]
51bbc657: checks
4f842d78: checks
*** RIVER *** [7s 4s Jc 8h] [Jd]
51bbc657: bets $3
4f842d78: folds
Uncalled bet ($3) returned to 51bbc657
5ea22452: shows [6d 5h] (Eights-High Straight)
*** SHOWDOWN ***
51bbc657 collected $2.9 from pot
*** SUMMARY ***
Total pot $3.15 | Rake $0.15 | Jackpot $0.1 | Bingo $0 | Fortune $0 | Tax $0
Board [7s 4s Jc 8h Jd]
Seat 1: 5ea22452 (big blind) folded before Flop
Seat 2: Hero folded before Flop (didn't bet)
Seat 3: 51bbc657 won ($2.9)
Seat 4: d2c8d9fa folded before Flop (didn't bet)
Seat 5: 4f842d78 (button) folded on the River
Seat 6: c53cf35 (small blind) folded before Flop


Poker Hand #HD1776485038: Hold'em No Limit ($0.05/$0.1) - 2024/05/17 15:25:02
Table 'NLHRed53' 6-max Seat #4 is the button
Seat 1: 5ea22452 ($10.98 in chips)
Seat 2: Hero ($22.84 in chips)
Seat 3: 51bbc657 ($18.86 in chips)
Seat 4: d2c8d9fa ($11.44 in chips)
Seat 5: 4f842d78 ($10 in chips)
Seat 6: c53cf35 ($20.07 in chips)
4f842d78: posts small blind $0.05
c53cf35: posts big blind $0.1
*** HOLE CARDS ***
Dealt to 5ea22452 
Dealt to Hero [Kh 9s]
Dealt to 51bbc657 
Dealt to d2c8d9fa 
Dealt to 4f842d78 
Dealt to c53cf35 
5ea22452: folds
Hero: folds
51bbc657: folds
d2c8d9fa: folds
4f842d78: raises $0.2 to $0.3
c53cf35: folds
Uncalled bet ($0.2) returned to 4f842d78
*** SHOWDOWN ***
4f842d78 collected $0.2 from pot
*** SUMMARY ***
Total pot $0.2 | Rake $0 | Jackpot $0 | Bingo $0 | Fortune $0 | Tax $0
Seat 1: 5ea22452 folded before Flop (didn't bet)
Seat 2: Hero folded before Flop (didn't bet)
Seat 3: 51bbc657 folded before Flop (didn't bet)
Seat 4: d2c8d9fa (button) folded before Flop (didn't bet)
Seat 5: 4f842d78 (small blind) collected ($0.2)
Seat 6: c53cf35 (big blind) folded before Flop


Poker Hand #HD1776485000: Hold'em No Limit ($0.05/$0.1) - 2024/05/17 15:24:40
Table 'NLHRed53' 6-max Seat #3 is the button
Seat 1: 5ea22452 ($10.98 in chips)
Seat 2: Hero ($22.69 in chips)
Seat 3: 51bbc657 ($18.86 in chips)
Seat 4: d2c8d9fa ($11.49 in chips)
Seat 5: 4f842d78 ($10 in chips)
Seat 6: c53cf35 ($20.07 in chips)
d2c8d9fa: posts small blind $0.05
4f842d78: posts big blind $0.1
*** HOLE CARDS ***
Dealt to 5ea22452 
Dealt to Hero [Qh Qc]
Dealt to 51bbc657 
Dealt to d2c8d9fa 
Dealt to 4f842d78 
Dealt to c53cf35 
c53cf35: folds
5ea22452: folds
Hero: raises $0.14 to $0.24
51bbc657: folds
d2c8d9fa: folds
4f842d78: folds
Uncalled bet ($0.14) returned to Hero
*** SHOWDOWN ***
Hero collected $0.25 from pot
*** SUMMARY ***
Total pot $0.25 | Rake $0 | Jackpot $0 | Bingo $0 | Fortune $0 | Tax $0
Seat 1: 5ea22452 folded before Flop (didn't bet)
Seat 2: Hero collected ($0.25)
Seat 3: 51bbc657 (button) folded before Flop (didn't bet)
Seat 4: d2c8d9fa (small blind) folded before Flop
Seat 5: 4f842d78 (big blind) folded before Flop
Seat 6: c53cf35 folded before Flop (didn't bet)


Poker Hand #HD1776484905: Hold'em No Limit ($0.05/$0.1) - 2024/05/17 15:23:43
Table 'NLHRed53' 6-max Seat #2 is the button
Seat 1: 5ea22452 ($10.98 in chips)
Seat 2: Hero ($22.69 in chips)
Seat 3: 51bbc657 ($19.96 in chips)
Seat 4: d2c8d9fa ($10.5 in chips)
Seat 5: 4f842d78 ($10 in chips)
Seat 6: c53cf35 ($20.07 in chips)
51bbc657: posts small blind $0.05
d2c8d9fa: posts big blind $0.1
*** HOLE CARDS ***
Dealt to 5ea22452 
Dealt to Hero [5s Ah]
Dealt to 51bbc657 
Dealt to d2c8d9fa 
Dealt to 4f842d78 
Dealt to c53cf35 
4f842d78: folds
c53cf35: folds
5ea22452: folds
Hero: folds
51bbc657: raises $0.2 to $0.3
d2c8d9fa: calls $0.2
*** FLOP *** [5d Js 9d]
51bbc657: bets $0.2
d2c8d9fa: calls $0.2
*** TURN *** [5d Js 9d] [4s]
51bbc657: checks
d2c8d9fa: bets $0.6
51bbc657: calls $0.6
*** RIVER *** [5d Js 9d 4s] [6s]
51bbc657: checks
d2c8d9fa: checks
51bbc657: shows [Kh Tc] (King-High)
d2c8d9fa: shows [8d 8s] (Pair of Eights)
*** SHOWDOWN ***
d2c8d9fa collected $2.09 from pot
*** SUMMARY ***
Total pot $2.2 | Rake $0.11 | Jackpot $0 | Bingo $0 | Fortune $0 | Tax $0
Board [5d Js 9d 4s 6s]
Seat 1: 5ea22452 folded before Flop (didn't bet)
Seat 2: Hero (button) folded before Flop (didn't bet)
Seat 3: 51bbc657 (small blind) showed [Kh Tc] and lost with King-High
Seat 4: d2c8d9fa (big blind) showed [8d 8s] and won ($2.09) with Pair of Eights
Seat 5: 4f842d78 folded before Flop (didn't bet)
Seat 6: c53cf35 folded before Flop (didn't bet)


Poker Hand #HD1776484845: Hold'em No Limit ($0.05/$0.1) - 2024/05/17 15:23:10
Table 'NLHRed53' 6-max Seat #1 is the button
Seat 1: 5ea22452 ($10.98 in chips)
Seat 2: Hero ($22.74 in chips)
Seat 3: 51bbc657 ($20.46 in chips)
Seat 4: d2c8d9fa ($10 in chips)
Seat 5: 4f842d78 ($10 in chips)
Seat 6: c53cf35 ($20.07 in chips)
Hero: posts small blind $0.05
51bbc657: posts big blind $0.1
*** HOLE CARDS ***
Dealt to 5ea22452 
Dealt to Hero [4c 3h]
Dealt to 51bbc657 
Dealt to d2c8d9fa 
Dealt to 4f842d78 
Dealt to c53cf35 
d2c8d9fa: raises $0.2 to $0.3
4f842d78: folds
c53cf35: folds
5ea22452: folds
Hero: folds
51bbc657: calls $0.2
*** FLOP *** [8d 2d 5s]
51bbc657: bets $0.2
d2c8d9fa: raises $0.6 to $0.8
51bbc657: folds
Uncalled bet ($0.6) returned to d2c8d9fa
*** SHOWDOWN ***
d2c8d9fa collected $1 from pot
*** SUMMARY ***
Total pot $1.05 | Rake $0.05 | Jackpot $0 | Bingo $0 | Fortune $0 | Tax $0
Board [8d 2d 5s]
Seat 1: 5ea22452 (button) folded before Flop (didn't bet)
Seat 2: Hero (small blind) folded before Flop
Seat 3: 51bbc657 (big blind) folded on the Flop
Seat 4: d2c8d9fa won ($1)
Seat 5: 4f842d78 folded before Flop (didn't bet)
Seat 6: c53cf35 folded before Flop (didn't bet)


Poker Hand #HD1776484819: Hold'em No Limit ($0.05/$0.1) - 2024/05/17 15:22:56
Table 'NLHRed53' 6-max Seat #6 is the button
Seat 1: 5ea22452 ($10.88 in chips)
Seat 2: Hero ($22.84 in chips)
Seat 3: 51bbc657 ($20.46 in chips)
Seat 4: d2c8d9fa ($10 in chips)
Seat 5: 4f842d78 ($10 in chips)
Seat 6: c53cf35 ($20.07 in chips)
5ea22452: posts small blind $0.05
Hero: posts big blind $0.1
*** HOLE CARDS ***
Dealt to 5ea22452 
Dealt to Hero [9s Kh]
Dealt to 51bbc657 
Dealt to d2c8d9fa 
Dealt to 4f842d78 
Dealt to c53cf35 
51bbc657: folds
d2c8d9fa: folds
4f842d78: folds
c53cf35: folds
5ea22452: raises $0.25 to $0.35
Hero: folds
Uncalled bet ($0.25) returned to 5ea22452
*** SHOWDOWN ***
5ea22452 collected $0.2 from pot
*** SUMMARY ***
Total pot $0.2 | Rake $0 | Jackpot $0 | Bingo $0 | Fortune $0 | Tax $0
Seat 1: 5ea22452 (small blind) collected ($0.2)
Seat 2: Hero (big blind) folded before Flop
Seat 3: 51bbc657 folded before Flop (didn't bet)
Seat 4: d2c8d9fa folded before Flop (didn't bet)
Seat 5: 4f842d78 folded before Flop (didn't bet)
Seat 6: c53cf35 (button) folded before Flop (didn't bet)


Poker Hand #HD1776484798: Hold'em No Limit ($0.05/$0.1) - 2024/05/17 15:22:43
Table 'NLHRed53' 6-max Seat #5 is the button
Seat 1: 5ea22452 ($10.83 in chips)
Seat 2: Hero ($22.84 in chips)
Seat 3: 51bbc657 ($20.46 in chips)
Seat 4: d2c8d9fa ($10 in chips)
Seat 5: 4f842d78 ($10 in chips)
Seat 6: c53cf35 ($20.12 in chips)
c53cf35: posts small blind $0.05
5ea22452: posts big blind $0.1
*** HOLE CARDS ***
Dealt to 5ea22452 
Dealt to Hero [5c 4s]
Dealt to 51bbc657 
Dealt to d2c8d9fa 
Dealt to 4f842d78 
Dealt to c53cf35 
Hero: folds
51bbc657: folds
d2c8d9fa: folds
4f842d78: folds
c53cf35: folds
Uncalled bet ($0.05) returned to 5ea22452
*** SHOWDOWN ***
5ea22452 collected $0.1 from pot
*** SUMMARY ***
Total pot $0.1 | Rake $0 | Jackpot $0 | Bingo $0 | Fortune $0 | Tax $0
Seat 1: 5ea22452 (big blind) collected ($0.1)
Seat 2: Hero folded before Flop (didn't bet)
Seat 3: 51bbc657 folded before Flop (didn't bet)
Seat 4: d2c8d9fa folded before Flop (didn't bet)
Seat 5: 4f842d78 (button) folded before Flop (didn't bet)
Seat 6: c53cf35 (small blind) folded before Flop


Poker Hand #HD1776484699: Hold'em No Limit ($0.05/$0.1) - 2024/05/17 15:21:47
Table 'NLHRed53' 6-max Seat #4 is the button
Seat 1: 5ea22452 ($10.83 in chips)
Seat 2: Hero ($22.84 in chips)
Seat 3: 51bbc657 ($20.46 in chips)
Seat 4: d2c8d9fa ($10 in chips)
Seat 5: 4f842d78 ($10 in chips)
Seat 6: c53cf35 ($11.15 in chips)
4f842d78: posts small blind $0.05
c53cf35: posts big blind $0.1
*** HOLE CARDS ***
Dealt to 5ea22452 
Dealt to Hero [Jc 4h]
Dealt to 51bbc657 
Dealt to d2c8d9fa 
Dealt to 4f842d78 
Dealt to c53cf35 
5ea22452: folds
Hero: folds
51bbc657: folds
d2c8d9fa: raises $0.15 to $0.25
4f842d78: folds
c53cf35: raises $0.75 to $1
d2c8d9fa: raises $1.35 to $2.35
c53cf35: raises $8.8 to $11.15 and is all-in
d2c8d9fa: calls $7.65 and is all-in
Uncalled bet ($1.15) returned to c53cf35
c53cf35: shows [Qd Qh]
d2c8d9fa: shows [Ac Kh]
*** FIRST FLOP *** [6c 4d 2h]
*** FIRST TURN *** [6c 4d 2h] [9s]
*** FIRST RIVER *** [6c 4d 2h 9s] [6h]
*** SECOND FLOP *** [7h 8c Qc]
*** SECOND TURN *** [7h 8c Qc] [9d]
*** SECOND RIVER *** [7h 8c Qc 9d] [9c]
*** FIRST SHOWDOWN ***
c53cf35 collected $9.49 from pot
*** SECOND SHOWDOWN ***
c53cf35 collected $9.48 from pot
*** SUMMARY ***
Total pot $20.05 | Rake $0.98 | Jackpot $0.1 | Bingo $0 | Fortune $0 | Tax $0
Hand was run two times
FIRST Board [6c 4d 2h 9s 6h]
SECOND Board [7h 8c Qc 9d 9c]
Seat 1: 5ea22452 folded before Flop (didn't bet)
Seat 2: Hero folded before Flop (didn't bet)
Seat 3: 51bbc657 folded before Flop (didn't bet)
Seat 4: d2c8d9fa (button) showed [Ac Kh] and lost with Pair of Sixes, and lost with Pair of Nines
Seat 5: 4f842d78 (small blind) folded before Flop
Seat 6: c53cf35 (big blind) showed [Qd Qh] and won ($9.49) with Pair of Queens and Pair of Sixes, and won ($9.48) with Queens Full over Nines


Poker Hand #HD1776484679: Hold'em No Limit ($0.05/$0.1) - 2024/05/17 15:21:32
Table 'NLHRed53' 6-max Seat #3 is the button
Seat 1: 5ea22452 ($10.83 in chips)
Seat 2: Hero ($22.84 in chips)
Seat 3: 51bbc657 ($20.46 in chips)
Seat 4: d2c8d9fa ($10 in chips)
Seat 5: 4f842d78 ($10 in chips)
Seat 6: c53cf35 ($11 in chips)
d2c8d9fa: posts small blind $0.05
4f842d78: posts big blind $0.1
*** HOLE CARDS ***
Dealt to 5ea22452 
Dealt to Hero [8c Qs]
Dealt to 51bbc657 
Dealt to d2c8d9fa 
Dealt to 4f842d78 
Dealt to c53cf35 
c53cf35: raises $0.15 to $0.25
5ea22452: folds
Hero: folds
51bbc657: folds
d2c8d9fa: folds
4f842d78: folds
Uncalled bet ($0.15) returned to c53cf35
*** SHOWDOWN ***
c53cf35 collected $0.25 from pot
*** SUMMARY ***
Total pot $0.25 | Rake $0 | Jackpot $0 | Bingo $0 | Fortune $0 | Tax $0
Seat 1: 5ea22452 folded before Flop (didn't bet)
Seat 2: Hero folded before Flop (didn't bet)
Seat 3: 51bbc657 (button) folded before Flop (didn't bet)
Seat 4: d2c8d9fa (small blind) folded before Flop
Seat 5: 4f842d78 (big blind) folded before Flop
Seat 6: c53cf35 collected ($0.25)


Poker Hand #HD1776484657: Hold'em No Limit ($0.05/$0.1) - 2024/05/17 15:21:20
Table 'NLHRed53' 6-max Seat #2 is the button
Seat 1: 5ea22452 ($10.83 in chips)
Seat 2: Hero ($22.84 in chips)
Seat 3: 51bbc657 ($20.36 in chips)
Seat 4: d2c8d9fa ($10 in chips)
Seat 5: 4f842d78 ($10 in chips)
Seat 6: c53cf35 ($11 in chips)
51bbc657: posts small blind $0.05
d2c8d9fa: posts big blind $0.1
*** HOLE CARDS ***
Dealt to 5ea22452 
Dealt to Hero [5s Qc]
Dealt to 51bbc657 
Dealt to d2c8d9fa 
Dealt to 4f842d78 
Dealt to c53cf35 
4f842d78: folds
c53cf35: folds
5ea22452: folds
Hero: folds
51bbc657: raises $0.2 to $0.3
d2c8d9fa: folds
Uncalled bet ($0.2) returned to 51bbc657
*** SHOWDOWN ***
51bbc657 collected $0.2 from pot
*** SUMMARY ***
Total pot $0.2 | Rake $0 | Jackpot $0 | Bingo $0 | Fortune $0 | Tax $0
Seat 1: 5ea22452 folded before Flop (didn't bet)
Seat 2: Hero (button) folded before Flop (didn't bet)
Seat 3: 51bbc657 (small blind) collected ($0.2)
Seat 4: d2c8d9fa (big blind) folded before Flop
Seat 5: 4f842d78 folded before Flop (didn't bet)
Seat 6: c53cf35 folded before Flop (didn't bet)


Poker Hand #HD1776484602: Hold'em No Limit ($0.05/$0.1) - 2024/05/17 15:20:52
Table 'NLHRed53' 6-max Seat #1 is the button
Seat 1: 5ea22452 ($10.83 in chips)
Seat 2: Hero ($22.89 in chips)
Seat 3: 51bbc657 ($20.46 in chips)
Seat 5: 4f842d78 ($10 in chips)
Seat 6: c53cf35 ($10.85 in chips)
Hero: posts small blind $0.05
51bbc657: posts big blind $0.1
*** HOLE CARDS ***
Dealt to 5ea22452 
Dealt to Hero [7s As]
Dealt to 51bbc657 
Dealt to 4f842d78 
Dealt to c53cf35 
4f842d78: folds
c53cf35: raises $0.15 to $0.25
5ea22452: folds
Hero: folds
51bbc657: folds
Uncalled bet ($0.15) returned to c53cf35
*** SHOWDOWN ***
c53cf35 collected $0.25 from pot
*** SUMMARY ***
Total pot $0.25 | Rake $0 | Jackpot $0 | Bingo $0 | Fortune $0 | Tax $0
Seat 1: 5ea22452 (button) folded before Flop (didn't bet)
Seat 2: Hero (small blind) folded before Flop
Seat 3: 51bbc657 (big blind) folded before Flop
Seat 5: 4f842d78 folded before Flop (didn't bet)
Seat 6: c53cf35 collected ($0.25)


Poker Hand #HD1776484586: Hold'em No Limit ($0.05/$0.1) - 2024/05/17 15:20:43
Table 'NLHRed53' 6-max Seat #6 is the button
Seat 1: 5ea22452 ($10.88 in chips)
Seat 2: Hero ($22.99 in chips)
Seat 3: 51bbc657 ($20.31 in chips)
Seat 5: 4f842d78 ($10 in chips)
Seat 6: c53cf35 ($10.85 in chips)
5ea22452: posts small blind $0.05
Hero: posts big blind $0.1
*** HOLE CARDS ***
Dealt to 5ea22452 
Dealt to Hero [3h Qh]
Dealt to 51bbc657 
Dealt to 4f842d78 
Dealt to c53cf35 
51bbc657: raises $0.2 to $0.3
4f842d78: folds
c53cf35: folds
5ea22452: folds
Hero: folds
Uncalled bet ($0.2) returned to 51bbc657
*** SHOWDOWN ***
51bbc657 collected $0.25 from pot
*** SUMMARY ***
Total pot $0.25 | Rake $0 | Jackpot $0 | Bingo $0 | Fortune $0 | Tax $0
Seat 1: 5ea22452 (small blind) folded before Flop
Seat 2: Hero (big blind) folded before Flop
Seat 3: 51bbc657 collected ($0.25)
Seat 5: 4f842d78 folded before Flop (didn't bet)
Seat 6: c53cf35 (button) folded before Flop (didn't bet)


Poker Hand #HD1776484528: Hold'em No Limit ($0.05/$0.1) - 2024/05/17 15:20:09
Table 'NLHRed53' 6-max Seat #5 is the button
Seat 1: 5ea22452 ($11.18 in chips)
Seat 2: Hero ($22.99 in chips)
Seat 3: 51bbc657 ($19.99 in chips)
Seat 5: 4f842d78 ($10 in chips)
Seat 6: c53cf35 ($10.9 in chips)
c53cf35: posts small blind $0.05
5ea22452: posts big blind $0.1
*** HOLE CARDS ***
Dealt to 5ea22452 
Dealt to Hero [8d 3s]
Dealt to 51bbc657 
Dealt to 4f842d78 
Dealt to c53cf35 
Hero: folds
51bbc657: raises $0.2 to $0.3
4f842d78: folds
c53cf35: folds
5ea22452: calls $0.2
*** FLOP *** [9d 6s Jd]
5ea22452: checks
51bbc657: bets $0.3
5ea22452: folds
Uncalled bet ($0.3) returned to 51bbc657
*** SHOWDOWN ***
51bbc657 collected $0.62 from pot
*** SUMMARY ***
Total pot $0.65 | Rake $0.03 | Jackpot $0 | Bingo $0 | Fortune $0 | Tax $0
Board [9d 6s Jd]
Seat 1: 5ea22452 (big blind) folded on the Flop
Seat 2: Hero folded before Flop (didn't bet)
Seat 3: 51bbc657 won ($0.62)
Seat 5: 4f842d78 (button) folded before Flop (didn't bet)
Seat 6: c53cf35 (small blind) folded before Flop


Poker Hand #HD1776484501: Hold'em No Limit ($0.05/$0.1) - 2024/05/17 15:19:55
Table 'NLHRed53' 6-max Seat #3 is the button
Seat 1: 5ea22452 ($11.18 in chips)
Seat 2: Hero ($22.99 in chips)
Seat 3: 51bbc657 ($19.84 in chips)
Seat 5: 4f842d78 ($10 in chips)
Seat 6: c53cf35 ($11 in chips)
4f842d78: posts small blind $0.05
c53cf35: posts big blind $0.1
*** HOLE CARDS ***
Dealt to 5ea22452 
Dealt to Hero [9c Th]
Dealt to 51bbc657 
Dealt to 4f842d78 
Dealt to c53cf35 
5ea22452: folds
Hero: folds
51bbc657: raises $0.2 to $0.3
4f842d78: folds
c53cf35: folds
Uncalled bet ($0.2) returned to 51bbc657
*** SHOWDOWN ***
51bbc657 collected $0.25 from pot
*** SUMMARY ***
Total pot $0.25 | Rake $0 | Jackpot $0 | Bingo $0 | Fortune $0 | Tax $0
Seat 1: 5ea22452 folded before Flop (didn't bet)
Seat 2: Hero folded before Flop (didn't bet)
Seat 3: 51bbc657 (button) collected ($0.25)
Seat 5: 4f842d78 (small blind) folded before Flop
Seat 6: c53cf35 (big blind) folded before Flop


Poker Hand #HD1776484481: Hold'em No Limit ($0.05/$0.1) - 2024/05/17 15:19:41
Table 'NLHRed53' 6-max Seat #2 is the button
Seat 1: 5ea22452 ($11.18 in chips)
Seat 2: Hero ($22.99 in chips)
Seat 3: 51bbc657 ($19.74 in chips)
Seat 5: 4f842d78 ($10 in chips)
Seat 6: c53cf35 ($11 in chips)
51bbc657: posts small blind $0.05
4f842d78: posts big blind $0.1
*** HOLE CARDS ***
Dealt to 5ea22452 
Dealt to Hero [9s 3c]
Dealt to 51bbc657 
Dealt to 4f842d78 
Dealt to c53cf35 
c53cf35: folds
5ea22452: folds
Hero: folds
51bbc657: raises $0.2 to $0.3
4f842d78: folds
Uncalled bet ($0.2) returned to 51bbc657
*** SHOWDOWN ***
51bbc657 collected $0.2 from pot
*** SUMMARY ***
Total pot $0.2 | Rake $0 | Jackpot $0 | Bingo $0 | Fortune $0 | Tax $0
Seat 1: 5ea22452 folded before Flop (didn't bet)
Seat 2: Hero (button) folded before Flop (didn't bet)
Seat 3: 51bbc657 (small blind) collected ($0.2)
Seat 5: 4f842d78 (big blind) folded before Flop
Seat 6: c53cf35 folded before Flop (didn't bet)


Poker Hand #HD1776484411: Hold'em No Limit ($0.05/$0.1) - 2024/05/17 15:18:53
Table 'NLHRed53' 6-max Seat #1 is the button
Seat 1: 5ea22452 ($11.18 in chips)
Seat 2: Hero ($23.99 in chips)
Seat 3: 51bbc657 ($19.84 in chips)
Seat 4: acd51008 ($10.33 in chips)
Seat 5: 4f842d78 ($10 in chips)
Seat 6: c53cf35 ($10 in chips)
Hero: posts small blind $0.05
51bbc657: posts big blind $0.1
*** HOLE CARDS ***
Dealt to 5ea22452 
Dealt to Hero [Ad Kc]
Dealt to 51bbc657 
Dealt to acd51008 
Dealt to 4f842d78 
Dealt to c53cf35 
acd51008: folds
4f842d78: folds
c53cf35: raises $0.15 to $0.25
5ea22452: folds
Hero: raises $0.75 to $1
51bbc657: folds
c53cf35: calls $0.75
*** FLOP *** [Th Ts 2h]
Hero: checks
c53cf35: bets $1
Hero: folds
Uncalled bet ($1) returned to c53cf35
*** SHOWDOWN ***
c53cf35 collected $2 from pot
*** SUMMARY ***
Total pot $2.1 | Rake $0.1 | Jackpot $0 | Bingo $0 | Fortune $0 | Tax $0
Board [Th Ts 2h]
Seat 1: 5ea22452 (button) folded before Flop (didn't bet)
Seat 2: Hero (small blind) folded on the Flop
Seat 3: 51bbc657 (big blind) folded before Flop
Seat 4: acd51008 folded before Flop (didn't bet)
Seat 5: 4f842d78 folded before Flop (didn't bet)
Seat 6: c53cf35 won ($2)


Poker Hand #HD1776484308: Hold'em No Limit ($0.05/$0.1) - 2024/05/17 15:17:57
Table 'NLHRed53' 6-max Seat #6 is the button
Seat 1: 5ea22452 ($11.23 in chips)
Seat 2: Hero ($23.73 in chips)
Seat 3: 51bbc657 ($19.84 in chips)
Seat 4: acd51008 ($10.56 in chips)
Seat 5: 4f842d78 ($10 in chips)
Seat 6: c53cf35 ($10 in chips)
5ea22452: posts small blind $0.05
Hero: posts big blind $0.1
*** HOLE CARDS ***
Dealt to 5ea22452 
Dealt to Hero [Qc Jc]
Dealt to 51bbc657 
Dealt to acd51008 
Dealt to 4f842d78 
Dealt to c53cf35 
51bbc657: folds
acd51008: raises $0.13 to $0.23
4f842d78: folds
c53cf35: folds
5ea22452: folds
Hero: calls $0.13
*** FLOP *** [5d Ac 4d]
Hero: checks
acd51008: checks
*** TURN *** [5d Ac 4d] [4h]
Hero: bets $0.3
acd51008: folds
Uncalled bet ($0.3) returned to Hero
*** SHOWDOWN ***
Hero collected $0.49 from pot
*** SUMMARY ***
Total pot $0.51 | Rake $0.02 | Jackpot $0 | Bingo $0 | Fortune $0 | Tax $0
Board [5d Ac 4d 4h]
Seat 1: 5ea22452 (small blind) folded before Flop
Seat 2: Hero (big blind) won ($0.49)
Seat 3: 51bbc657 folded before Flop (didn't bet)
Seat 4: acd51008 folded on the Turn
Seat 5: 4f842d78 folded before Flop (didn't bet)
Seat 6: c53cf35 (button) folded before Flop (didn't bet)


Poker Hand #HD1776484223: Hold'em No Limit ($0.05/$0.1) - 2024/05/17 15:16:57
Table 'NLHRed53' 6-max Seat #5 is the button
Seat 1: 5ea22452 ($10.13 in chips)
Seat 2: Hero ($23.73 in chips)
Seat 3: 51bbc657 ($20.14 in chips)
Seat 4: acd51008 ($11.43 in chips)
Seat 5: 4f842d78 ($10 in chips)
Seat 6: c53cf35 ($10 in chips)
c53cf35: posts small blind $0.05
5ea22452: posts big blind $0.1
*** HOLE CARDS ***
Dealt to 5ea22452 
Dealt to Hero [2d Qh]
Dealt to 51bbc657 
Dealt to acd51008 
Dealt to 4f842d78 
Dealt to c53cf35 
Hero: folds
51bbc657: raises $0.2 to $0.3
acd51008: raises $0.57 to $0.87
4f842d78: folds
c53cf35: folds
5ea22452: calls $0.77
51bbc657: folds
*** FLOP *** [Jd 5c 6c]
5ea22452: checks
acd51008: checks
*** TURN *** [Jd 5c 6c] [6h]
5ea22452: bets $0.8
acd51008: folds
Uncalled bet ($0.8) returned to 5ea22452
*** SHOWDOWN ***
5ea22452 collected $1.97 from pot
*** SUMMARY ***
Total pot $2.09 | Rake $0.12 | Jackpot $0 | Bingo $0 | Fortune $0 | Tax $0
Board [Jd 5c 6c 6h]
Seat 1: 5ea22452 (big blind) won ($1.97)
Seat 2: Hero folded before Flop (didn't bet)
Seat 3: 51bbc657 folded before Flop
Seat 4: acd51008 folded on the Turn
Seat 5: 4f842d78 (button) folded before Flop (didn't bet)
Seat 6: c53cf35 (small blind) folded before Flop


Poker Hand #HD1776484061: Hold'em No Limit ($0.05/$0.1) - 2024/05/17 15:15:09
Table 'NLHRed53' 6-max Seat #4 is the button
Seat 1: 5ea22452 ($10.13 in chips)
Seat 2: Hero ($23.73 in chips)
Seat 3: 51bbc657 ($10.02 in chips)
Seat 4: acd51008 ($11.43 in chips)
Seat 5: 4f842d78 ($10 in chips)
Seat 6: c53cf35 ($12.87 in chips)
4f842d78: posts small blind $0.05
c53cf35: posts big blind $0.1
*** HOLE CARDS ***
Dealt to 5ea22452 
Dealt to Hero [2s Qh]
Dealt to 51bbc657 
Dealt to acd51008 
Dealt to 4f842d78 
Dealt to c53cf35 
5ea22452: folds
Hero: folds
51bbc657: raises $0.2 to $0.3
acd51008: folds
4f842d78: raises $0.9 to $1.2
c53cf35: calls $1.1
51bbc657: calls $0.9
*** FLOP *** [3c 8h 9h]
4f842d78: checks
c53cf35: checks
51bbc657: checks
*** TURN *** [3c 8h 9h] [7c]
4f842d78: checks
c53cf35: bets $1.8
51bbc657: calls $1.8
4f842d78: folds
*** RIVER *** [3c 8h 9h 7c] [7s]
c53cf35: bets $4.6
51bbc657: raises $2.42 to $7.02 and is all-in
c53cf35: calls $2.42
51bbc657: shows [7d Jd] (Three Sevens)
c53cf35: shows [6d 6c] (Pair of Sevens and Pair of Sixes)
*** SHOWDOWN ***
51bbc657 collected $20.14 from pot
*** SUMMARY ***
Total pot $21.24 | Rake $1 | Jackpot $0.1 | Bingo $0 | Fortune $0 | Tax $0
Board [3c 8h 9h 7c 7s]
Seat 1: 5ea22452 folded before Flop (didn't bet)
Seat 2: Hero folded before Flop (didn't bet)
Seat 3: 51bbc657 showed [7d Jd] and won ($20.14) with Three Sevens
Seat 4: acd51008 (button) folded before Flop (didn't bet)
Seat 5: 4f842d78 (small blind) folded on the Turn
Seat 6: c53cf35 (big blind) showed [6d 6c] and lost with Pair of Sevens and Pair of Sixes


Poker Hand #HD1776483957: Hold'em No Limit ($0.05/$0.1) - 2024/05/17 15:14:10
Table 'NLHRed53' 6-max Seat #3 is the button
Seat 1: 5ea22452 ($10.13 in chips)
Seat 2: Hero ($23.73 in chips)
Seat 3: 51bbc657 ($9.7 in chips)
Seat 4: acd51008 ($11.48 in chips)
Seat 5: 4f842d78 ($10 in chips)
Seat 6: c53cf35 ($12.87 in chips)
acd51008: posts small blind $0.05
4f842d78: posts big blind $0.1
*** HOLE CARDS ***
Dealt to 5ea22452 
Dealt to Hero [2h 3s]
Dealt to 51bbc657 
Dealt to acd51008 
Dealt to 4f842d78 
Dealt to c53cf35 
c53cf35: folds
5ea22452: folds
Hero: folds
51bbc657: raises $0.2 to $0.3
acd51008: folds
4f842d78: calls $0.2
*** FLOP *** [4c 7c Jh]
4f842d78: checks
51bbc657: bets $0.3
4f842d78: folds
Uncalled bet ($0.3) returned to 51bbc657
*** SHOWDOWN ***
51bbc657 collected $0.62 from pot
*** SUMMARY ***
Total pot $0.65 | Rake $0.03 | Jackpot $0 | Bingo $0 | Fortune $0 | Tax $0
Board [4c 7c Jh]
Seat 1: 5ea22452 folded before Flop (didn't bet)
Seat 2: Hero folded before Flop (didn't bet)
Seat 3: 51bbc657 (button) won ($0.62)
Seat 4: acd51008 (small blind) folded before Flop
Seat 5: 4f842d78 (big blind) folded on the Flop
Seat 6: c53cf35 folded before Flop (didn't bet)


Poker Hand #HD1776483909: Hold'em No Limit ($0.05/$0.1) - 2024/05/17 15:13:38
Table 'NLHRed53' 6-max Seat #2 is the button
Seat 1: 5ea22452 ($10.13 in chips)
Seat 2: Hero ($23.58 in chips)
Seat 3: 51bbc657 ($9.75 in chips)
Seat 4: acd51008 ($11.58 in chips)
Seat 6: c53cf35 ($12.87 in chips)
51bbc657: posts small blind $0.05
acd51008: posts big blind $0.1
*** HOLE CARDS ***
Dealt to 5ea22452 
Dealt to Hero [6c 6d]
Dealt to 51bbc657 
Dealt to acd51008 
Dealt to c53cf35 
c53cf35: folds
5ea22452: folds
Hero: raises $0.14 to $0.24
51bbc657: folds
acd51008: folds
Uncalled bet ($0.14) returned to Hero
*** SHOWDOWN ***
Hero collected $0.25 from pot
*** SUMMARY ***
Total pot $0.25 | Rake $0 | Jackpot $0 | Bingo $0 | Fortune $0 | Tax $0
Seat 1: 5ea22452 folded before Flop (didn't bet)
Seat 2: Hero (button) collected ($0.25)
Seat 3: 51bbc657 (small blind) folded before Flop
Seat 4: acd51008 (big blind) folded before Flop
Seat 6: c53cf35 folded before Flop (didn't bet)


Poker Hand #HD1776483859: Hold'em No Limit ($0.05/$0.1) - 2024/05/17 15:13:09
Table 'NLHRed53' 6-max Seat #1 is the button
Seat 1: 5ea22452 ($10.13 in chips)
Seat 2: Hero ($23.63 in chips)
Seat 3: 51bbc657 ($9.47 in chips)
Seat 4: acd51008 ($11.58 in chips)
Seat 6: c53cf35 ($13.12 in chips)
Hero: posts small blind $0.05
51bbc657: posts big blind $0.1
*** HOLE CARDS ***
Dealt to 5ea22452 
Dealt to Hero [5d 8d]
Dealt to 51bbc657 
Dealt to acd51008 
Dealt to c53cf35 
acd51008: folds
c53cf35: raises $0.15 to $0.25
5ea22452: folds
Hero: folds
51bbc657: calls $0.15
*** FLOP *** [Kc Qc 3c]
51bbc657: bets $0.2
c53cf35: folds
Uncalled bet ($0.2) returned to 51bbc657
*** SHOWDOWN ***
51bbc657 collected $0.53 from pot
*** SUMMARY ***
Total pot $0.55 | Rake $0.02 | Jackpot $0 | Bingo $0 | Fortune $0 | Tax $0
Board [Kc Qc 3c]
Seat 1: 5ea22452 (button) folded before Flop (didn't bet)
Seat 2: Hero (small blind) folded before Flop
Seat 3: 51bbc657 (big blind) won ($0.53)
Seat 4: acd51008 folded before Flop (didn't bet)
Seat 6: c53cf35 folded on the Flop


Poker Hand #HD1776483792: Hold'em No Limit ($0.05/$0.1) - 2024/05/17 15:12:30
Table 'NLHRed53' 6-max Seat #6 is the button
Seat 1: 5ea22452 ($10.78 in chips)
Seat 2: Hero ($23.04 in chips)
Seat 3: 51bbc657 ($9.47 in chips)
Seat 4: acd51008 ($11.58 in chips)
Seat 6: c53cf35 ($13.12 in chips)
5ea22452: posts small blind $0.05
Hero: posts big blind $0.1
*** HOLE CARDS ***
Dealt to 5ea22452 
Dealt to Hero [Qh Th]
Dealt to 51bbc657 
Dealt to acd51008 
Dealt to c53cf35 
51bbc657: folds
acd51008: folds
c53cf35: folds
5ea22452: raises $0.25 to $0.35
Hero: calls $0.25
*** FLOP *** [Ad 2c Qc]
5ea22452: checks
Hero: checks
*** TURN *** [Ad 2c Qc] [Jd]
5ea22452: checks
Hero: checks
*** RIVER *** [Ad 2c Qc Jd] [Qs]
5ea22452: checks
Hero: bets $0.3
5ea22452: calls $0.3
Hero: shows [Qh Th] (Three Queens)
5ea22452: shows [7s 7c] (Pair of Queens and Pair of Sevens)
*** SHOWDOWN ***
Hero collected $1.24 from pot
*** SUMMARY ***
Total pot $1.3 | Rake $0.06 | Jackpot $0 | Bingo $0 | Fortune $0 | Tax $0
Board [Ad 2c Qc Jd Qs]
Seat 1: 5ea22452 (small blind) showed [7s 7c] and lost with Pair of Queens and Pair of Sevens
Seat 2: Hero (big blind) showed [Qh Th] and won ($1.24) with Three Queens
Seat 3: 51bbc657 folded before Flop (didn't bet)
Seat 4: acd51008 folded before Flop (didn't bet)
Seat 6: c53cf35 (button) folded before Flop (didn't bet)


Poker Hand #HD1776483762: Hold'em No Limit ($0.05/$0.1) - 2024/05/17 15:12:11
Table 'NLHRed53' 6-max Seat #4 is the button
Seat 1: 5ea22452 ($10.88 in chips)
Seat 2: Hero ($23.04 in chips)
Seat 3: 51bbc657 ($9.32 in chips)
Seat 4: acd51008 ($11.58 in chips)
Seat 6: c53cf35 ($13.17 in chips)
c53cf35: posts small blind $0.05
5ea22452: posts big blind $0.1
*** HOLE CARDS ***
Dealt to 5ea22452 
Dealt to Hero [8h 4d]
Dealt to 51bbc657 
Dealt to acd51008 
Dealt to c53cf35 
Hero: folds
51bbc657: raises $0.2 to $0.3
acd51008: folds
c53cf35: folds
5ea22452: folds
Uncalled bet ($0.2) returned to 51bbc657
*** SHOWDOWN ***
51bbc657 collected $0.25 from pot
*** SUMMARY ***
Total pot $0.25 | Rake $0 | Jackpot $0 | Bingo $0 | Fortune $0 | Tax $0
Seat 1: 5ea22452 (big blind) folded before Flop
Seat 2: Hero folded before Flop (didn't bet)
Seat 3: 51bbc657 collected ($0.25)
Seat 4: acd51008 (button) folded before Flop (didn't bet)
Seat 6: c53cf35 (small blind) folded before Flop


Poker Hand #HD1776483725: Hold'em No Limit ($0.05/$0.1) - 2024/05/17 15:11:49
Table 'NLHRed53' 6-max Seat #3 is the button
Seat 1: 5ea22452 ($10.73 in chips)
Seat 2: Hero ($23.04 in chips)
Seat 3: 51bbc657 ($9.32 in chips)
Seat 4: acd51008 ($11.63 in chips)
Seat 6: c53cf35 ($13.27 in chips)
acd51008: posts small blind $0.05
c53cf35: posts big blind $0.1
*** HOLE CARDS ***
Dealt to 5ea22452 
Dealt to Hero [3s Td]
Dealt to 51bbc657 
Dealt to acd51008 
Dealt to c53cf35 
5ea22452: raises $0.15 to $0.25
Hero: folds
51bbc657: folds
acd51008: folds
c53cf35: folds
Uncalled bet ($0.15) returned to 5ea22452
*** SHOWDOWN ***
5ea22452 collected $0.25 from pot
*** SUMMARY ***
Total pot $0.25 | Rake $0 | Jackpot $0 | Bingo $0 | Fortune $0 | Tax $0
Seat 1: 5ea22452 collected ($0.25)
Seat 2: Hero folded before Flop (didn't bet)
Seat 3: 51bbc657 (button) folded before Flop (didn't bet)
Seat 4: acd51008 (small blind) folded before Flop
Seat 6: c53cf35 (big blind) folded before Flop


Poker Hand #HD1776483710: Hold'em No Limit ($0.05/$0.1) - 2024/05/17 15:11:40
Table 'NLHRed53' 6-max Seat #2 is the button
Seat 1: 5ea22452 ($10.73 in chips)
Seat 2: Hero ($23.04 in chips)
Seat 3: 51bbc657 ($9.37 in chips)
Seat 4: acd51008 ($11.58 in chips)
Seat 6: c53cf35 ($13.27 in chips)
51bbc657: posts small blind $0.05
acd51008: posts big blind $0.1
*** HOLE CARDS ***
Dealt to 5ea22452 
Dealt to Hero [Kd 2s]
Dealt to 51bbc657 
Dealt to acd51008 
Dealt to c53cf35 
c53cf35: folds
5ea22452: folds
Hero: folds
51bbc657: folds
Uncalled bet ($0.05) returned to acd51008
*** SHOWDOWN ***
acd51008 collected $0.1 from pot
*** SUMMARY ***
Total pot $0.1 | Rake $0 | Jackpot $0 | Bingo $0 | Fortune $0 | Tax $0
Seat 1: 5ea22452 folded before Flop (didn't bet)
Seat 2: Hero (button) folded before Flop (didn't bet)
Seat 3: 51bbc657 (small blind) folded before Flop
Seat 4: acd51008 (big blind) collected ($0.1)
Seat 6: c53cf35 folded before Flop (didn't bet)


Poker Hand #HD1776483646: Hold'em No Limit ($0.05/$0.1) - 2024/05/17 15:11:03
Table 'NLHRed53' 6-max Seat #1 is the button
Seat 1: 5ea22452 ($11.63 in chips)
Seat 2: Hero ($23.09 in chips)
Seat 3: 51bbc657 ($8.51 in chips)
Seat 4: acd51008 ($11.58 in chips)
Seat 5: 6eb98dae ($10.42 in chips)
Seat 6: c53cf35 ($13.27 in chips)
Hero: posts small blind $0.05
51bbc657: posts big blind $0.1
*** HOLE CARDS ***
Dealt to 5ea22452 
Dealt to Hero [Qh 4d]
Dealt to 51bbc657 
Dealt to acd51008 
Dealt to 6eb98dae 
Dealt to c53cf35 
acd51008: folds
6eb98dae: folds
c53cf35: folds
5ea22452: raises $0.15 to $0.25
Hero: folds
51bbc657: raises $0.65 to $0.9
5ea22452: calls $0.65
*** FLOP *** [As 5c Ts]
51bbc657: bets $0.6
5ea22452: folds
Uncalled bet ($0.6) returned to 51bbc657
*** SHOWDOWN ***
51bbc657 collected $1.76 from pot
*** SUMMARY ***
Total pot $1.85 | Rake $0.09 | Jackpot $0 | Bingo $0 | Fortune $0 | Tax $0
Board [As 5c Ts]
Seat 1: 5ea22452 (button) folded on the Flop
Seat 2: Hero (small blind) folded before Flop
Seat 3: 51bbc657 (big blind) won ($1.76)
Seat 4: acd51008 folded before Flop (didn't bet)
Seat 5: 6eb98dae folded before Flop (didn't bet)
Seat 6: c53cf35 folded before Flop (didn't bet)


Poker Hand #HD1776483564: Hold'em No Limit ($0.05/$0.1) - 2024/05/17 15:10:12
Table 'NLHRed53' 6-max Seat #6 is the button
Seat 1: 5ea22452 ($11.68 in chips)
Seat 2: Hero ($23.19 in chips)
Seat 3: 51bbc657 ($9.11 in chips)
Seat 4: acd51008 ($11.58 in chips)
Seat 5: 6eb98dae ($11.02 in chips)
Seat 6: c53cf35 ($12.01 in chips)
5ea22452: posts small blind $0.05
Hero: posts big blind $0.1
*** HOLE CARDS ***
Dealt to 5ea22452 
Dealt to Hero [2d 7s]
Dealt to 51bbc657 
Dealt to acd51008 
Dealt to 6eb98dae 
Dealt to c53cf35 
51bbc657: raises $0.2 to $0.3
acd51008: folds
6eb98dae: calls $0.3
c53cf35: calls $0.3
5ea22452: folds
Hero: folds
*** FLOP *** [8s Ts Ah]
51bbc657: bets $0.3
6eb98dae: calls $0.3
c53cf35: calls $0.3
*** TURN *** [8s Ts Ah] [8c]
51bbc657: checks
6eb98dae: checks
c53cf35: checks
*** RIVER *** [8s Ts Ah 8c] [2c]
51bbc657: checks
6eb98dae: checks
c53cf35: checks
51bbc657: shows [Kh Jd] (Pair of Eights)
6eb98dae: shows [9c 7c] (Pair of Eights)
c53cf35: shows [6d Ad] (Pair of Aces and Pair of Eights)
*** SHOWDOWN ***
c53cf35 collected $1.86 from pot
*** SUMMARY ***
Total pot $1.95 | Rake $0.09 | Jackpot $0 | Bingo $0 | Fortune $0 | Tax $0
Board [8s Ts Ah 8c 2c]
Seat 1: 5ea22452 (small blind) folded before Flop
Seat 2: Hero (big blind) folded before Flop
Seat 3: 51bbc657 showed [Kh Jd] and lost with Pair of Eights
Seat 4: acd51008 folded before Flop (didn't bet)
Seat 5: 6eb98dae showed [9c 7c] and lost with Pair of Eights
Seat 6: c53cf35 (button) showed [6d Ad] and won ($1.86) with Pair of Aces and Pair of Eights


Poker Hand #HD1776483501: Hold'em No Limit ($0.05/$0.1) - 2024/05/17 15:09:27
Table 'NLHRed53' 6-max Seat #5 is the button
Seat 1: 5ea22452 ($11.78 in chips)
Seat 2: Hero ($23.19 in chips)
Seat 3: 51bbc657 ($9.11 in chips)
Seat 4: acd51008 ($11.58 in chips)
Seat 5: 6eb98dae ($11.57 in chips)
Seat 6: c53cf35 ($11.42 in chips)
c53cf35: posts small blind $0.05
5ea22452: posts big blind $0.1
*** HOLE CARDS ***
Dealt to 5ea22452 
Dealt to Hero [6c Kc]
Dealt to 51bbc657 
Dealt to acd51008 
Dealt to 6eb98dae 
Dealt to c53cf35 
Hero: folds
51bbc657: folds
acd51008: folds
6eb98dae: raises $0.15 to $0.25
c53cf35: calls $0.2
5ea22452: folds
*** FLOP *** [5d 2s Th]
c53cf35: bets $0.3
6eb98dae: calls $0.3
*** TURN *** [5d 2s Th] [3h]
c53cf35: bets $0.7
6eb98dae: folds
Uncalled bet ($0.7) returned to c53cf35
5ea22452: shows [6s 4c] (Sixes-High Straight)
*** SHOWDOWN ***
c53cf35 collected $1.14 from pot
*** SUMMARY ***
Total pot $1.2 | Rake $0.06 | Jackpot $0 | Bingo $0 | Fortune $0 | Tax $0
Board [5d 2s Th 3h]
Seat 1: 5ea22452 (big blind) folded before Flop
Seat 2: Hero folded before Flop (didn't bet)
Seat 3: 51bbc657 folded before Flop (didn't bet)
Seat 4: acd51008 folded before Flop (didn't bet)
Seat 5: 6eb98dae (button) folded on the Turn
Seat 6: c53cf35 (small blind) won ($1.14)


Poker Hand #HD1776483467: Hold'em No Limit ($0.05/$0.1) - 2024/05/17 15:09:07
Table 'NLHRed53' 6-max Seat #4 is the button
Seat 1: 5ea22452 ($11.78 in chips)
Seat 2: Hero ($23.19 in chips)
Seat 3: 51bbc657 ($9.11 in chips)
Seat 4: acd51008 ($11.58 in chips)
Seat 5: 6eb98dae ($11.62 in chips)
Seat 6: c53cf35 ($11.37 in chips)
6eb98dae: posts small blind $0.05
c53cf35: posts big blind $0.1
*** HOLE CARDS ***
Dealt to 5ea22452 
Dealt to Hero [5s Jh]
Dealt to 51bbc657 
Dealt to acd51008 
Dealt to 6eb98dae 
Dealt to c53cf35 
5ea22452: folds
Hero: folds
51bbc657: folds
acd51008: folds
6eb98dae: folds
Uncalled bet ($0.05) returned to c53cf35
*** SHOWDOWN ***
c53cf35 collected $0.1 from pot
*** SUMMARY ***
Total pot $0.1 | Rake $0 | Jackpot $0 | Bingo $0 | Fortune $0 | Tax $0
Seat 1: 5ea22452 folded before Flop (didn't bet)
Seat 2: Hero folded before Flop (didn't bet)
Seat 3: 51bbc657 folded before Flop (didn't bet)
Seat 4: acd51008 (button) folded before Flop (didn't bet)
Seat 5: 6eb98dae (small blind) folded before Flop
Seat 6: c53cf35 (big blind) collected ($0.1)


Poker Hand #HD1776483404: Hold'em No Limit ($0.05/$0.1) - 2024/05/17 15:08:28
Table 'NLHRed53' 6-max Seat #3 is the button
Seat 1: 5ea22452 ($11.78 in chips)
Seat 2: Hero ($23.19 in chips)
Seat 3: 51bbc657 ($9.11 in chips)
Seat 4: acd51008 ($10 in chips)
Seat 5: 6eb98dae ($11.72 in chips)
Seat 6: c53cf35 ($13.12 in chips)
acd51008: posts small blind $0.05
6eb98dae: posts big blind $0.1
*** HOLE CARDS ***
Dealt to 5ea22452 
Dealt to Hero [Ts 6h]
Dealt to 51bbc657 
Dealt to acd51008 
Dealt to 6eb98dae 
Dealt to c53cf35 
c53cf35: raises $0.15 to $0.25
5ea22452: folds
Hero: folds
51bbc657: folds
acd51008: raises $0.8 to $1.05
6eb98dae: folds
c53cf35: calls $0.8
*** FLOP *** [4d 4s Td]
acd51008: bets $0.7
c53cf35: calls $0.7
*** TURN *** [4d 4s Td] [5c]
acd51008: bets $2.5
c53cf35: folds
Uncalled bet ($2.5) returned to acd51008
*** SHOWDOWN ***
acd51008 collected $3.33 from pot
*** SUMMARY ***
Total pot $3.6 | Rake $0.17 | Jackpot $0.1 | Bingo $0 | Fortune $0 | Tax $0
Board [4d 4s Td 5c]
Seat 1: 5ea22452 folded before Flop (didn't bet)
Seat 2: Hero folded before Flop (didn't bet)
Seat 3: 51bbc657 (button) folded before Flop (didn't bet)
Seat 4: acd51008 (small blind) won ($3.33)
Seat 5: 6eb98dae (big blind) folded before Flop
Seat 6: c53cf35 folded on the Turn


Poker Hand #HD1776483355: Hold'em No Limit ($0.05/$0.1) - 2024/05/17 15:07:58
Table 'NLHRed53' 6-max Seat #2 is the button
Seat 1: 5ea22452 ($11.78 in chips)
Seat 2: Hero ($23.19 in chips)
Seat 3: 51bbc657 ($9.16 in chips)
Seat 4: acd51008 ($10 in chips)
Seat 5: 6eb98dae ($11.35 in chips)
Seat 6: c53cf35 ($13.37 in chips)
51bbc657: posts small blind $0.05
acd51008: posts big blind $0.1
*** HOLE CARDS ***
Dealt to 5ea22452 
Dealt to Hero [Ad 4s]
Dealt to 51bbc657 
Dealt to acd51008 
Dealt to 6eb98dae 
Dealt to c53cf35 
6eb98dae: raises $0.15 to $0.25
c53cf35: calls $0.25
5ea22452: folds
Hero: folds
51bbc657: folds
acd51008: folds
*** FLOP *** [3d Kh 7c]
6eb98dae: bets $0.22
c53cf35: folds
Uncalled bet ($0.22) returned to 6eb98dae
*** SHOWDOWN ***
6eb98dae collected $0.62 from pot
*** SUMMARY ***
Total pot $0.65 | Rake $0.03 | Jackpot $0 | Bingo $0 | Fortune $0 | Tax $0
Board [3d Kh 7c]
Seat 1: 5ea22452 folded before Flop (didn't bet)
Seat 2: Hero (button) folded before Flop (didn't bet)
Seat 3: 51bbc657 (small blind) folded before Flop
Seat 4: acd51008 (big blind) folded before Flop
Seat 5: 6eb98dae won ($0.62)
Seat 6: c53cf35 folded on the Flop


Poker Hand #HD1776483264: Hold'em No Limit ($0.05/$0.1) - 2024/05/17 15:07:04
Table 'NLHRed53' 6-max Seat #1 is the button
Seat 1: 5ea22452 ($13.66 in chips)
Seat 2: Hero ($23.24 in chips)
Seat 3: 51bbc657 ($9.26 in chips)
Seat 4: acd51008 ($10 in chips)
Seat 5: 6eb98dae ($11.35 in chips)
Seat 6: c53cf35 ($11.63 in chips)
Hero: posts small blind $0.05
51bbc657: posts big blind $0.1
*** HOLE CARDS ***
Dealt to 5ea22452 
Dealt to Hero [6c Kd]
Dealt to 51bbc657 
Dealt to acd51008 
Dealt to 6eb98dae 
Dealt to c53cf35 
acd51008: folds
6eb98dae: folds
c53cf35: raises $0.15 to $0.25
5ea22452: raises $0.65 to $0.9
Hero: folds
51bbc657: folds
c53cf35: calls $0.65
*** FLOP *** [Tc Ac 2h]
c53cf35: checks
5ea22452: checks
*** TURN *** [Tc Ac 2h] [8d]
c53cf35: bets $0.98
5ea22452: calls $0.98
*** RIVER *** [Tc Ac 2h 8d] [3h]
c53cf35: bets $4
5ea22452: folds
Uncalled bet ($4) returned to c53cf35
*** SHOWDOWN ***
c53cf35 collected $3.62 from pot
*** SUMMARY ***
Total pot $3.91 | Rake $0.19 | Jackpot $0.1 | Bingo $0 | Fortune $0 | Tax $0
Board [Tc Ac 2h 8d 3h]
Seat 1: 5ea22452 (button) folded on the River
Seat 2: Hero (small blind) folded before Flop
Seat 3: 51bbc657 (big blind) folded before Flop
Seat 4: acd51008 folded before Flop (didn't bet)
Seat 5: 6eb98dae folded before Flop (didn't bet)
Seat 6: c53cf35 won ($3.62)


Poker Hand #HD1776483235: Hold'em No Limit ($0.05/$0.1) - 2024/05/17 15:06:47
Table 'NLHRed53' 6-max Seat #6 is the button
Seat 1: 5ea22452 ($13.71 in chips)
Seat 2: Hero ($23.34 in chips)
Seat 3: 51bbc657 ($9.26 in chips)
Seat 4: acd51008 ($10 in chips)
Seat 5: 6eb98dae ($11.35 in chips)
Seat 6: c53cf35 ($11.48 in chips)
5ea22452: posts small blind $0.05
Hero: posts big blind $0.1
*** HOLE CARDS ***
Dealt to 5ea22452 
Dealt to Hero [6s 8h]
Dealt to 51bbc657 
Dealt to acd51008 
Dealt to 6eb98dae 
Dealt to c53cf35 
51bbc657: folds
acd51008: folds
6eb98dae: folds
c53cf35: raises $0.15 to $0.25
5ea22452: folds
Hero: folds
Uncalled bet ($0.15) returned to c53cf35
*** SHOWDOWN ***
c53cf35 collected $0.25 from pot
*** SUMMARY ***
Total pot $0.25 | Rake $0 | Jackpot $0 | Bingo $0 | Fortune $0 | Tax $0
Seat 1: 5ea22452 (small blind) folded before Flop
Seat 2: Hero (big blind) folded before Flop
Seat 3: 51bbc657 folded before Flop (didn't bet)
Seat 4: acd51008 folded before Flop (didn't bet)
Seat 5: 6eb98dae folded before Flop (didn't bet)
Seat 6: c53cf35 (button) collected ($0.25)


Poker Hand #HD1776483200: Hold'em No Limit ($0.05/$0.1) - 2024/05/17 15:06:28
Table 'NLHRed53' 6-max Seat #5 is the button
Seat 1: 5ea22452 ($13.81 in chips)
Seat 2: Hero ($23.34 in chips)
Seat 3: 51bbc657 ($9.11 in chips)
Seat 4: acd51008 ($10 in chips)
Seat 5: 6eb98dae ($11.35 in chips)
Seat 6: c53cf35 ($11.53 in chips)
c53cf35: posts small blind $0.05
5ea22452: posts big blind $0.1
*** HOLE CARDS ***
Dealt to 5ea22452 
Dealt to Hero [4c 2c]
Dealt to 51bbc657 
Dealt to acd51008 
Dealt to 6eb98dae 
Dealt to c53cf35 
Hero: folds
51bbc657: raises $0.2 to $0.3
acd51008: folds
6eb98dae: folds
c53cf35: folds
5ea22452: folds
Uncalled bet ($0.2) returned to 51bbc657
*** SHOWDOWN ***
51bbc657 collected $0.25 from pot
*** SUMMARY ***
Total pot $0.25 | Rake $0 | Jackpot $0 | Bingo $0 | Fortune $0 | Tax $0
Seat 1: 5ea22452 (big blind) folded before Flop
Seat 2: Hero folded before Flop (didn't bet)
Seat 3: 51bbc657 collected ($0.25)
Seat 4: acd51008 folded before Flop (didn't bet)
Seat 5: 6eb98dae (button) folded before Flop (didn't bet)
Seat 6: c53cf35 (small blind) folded before Flop


Poker Hand #HD1776483178: Hold'em No Limit ($0.05/$0.1) - 2024/05/17 15:06:13
Table 'NLHRed53' 6-max Seat #4 is the button
Seat 1: 5ea22452 ($13.81 in chips)
Seat 2: Hero ($23.19 in chips)
Seat 3: 51bbc657 ($9.11 in chips)
Seat 4: acd51008 ($10 in chips)
Seat 5: 6eb98dae ($11.4 in chips)
Seat 6: c53cf35 ($11.63 in chips)
6eb98dae: posts small blind $0.05
c53cf35: posts big blind $0.1
*** HOLE CARDS ***
Dealt to 5ea22452 
Dealt to Hero [8c 7c]
Dealt to 51bbc657 
Dealt to acd51008 
Dealt to 6eb98dae 
Dealt to c53cf35 
5ea22452: folds
Hero: raises $0.1 to $0.2
51bbc657: folds
acd51008: folds
6eb98dae: folds
c53cf35: folds
Uncalled bet ($0.1) returned to Hero
*** SHOWDOWN ***
Hero collected $0.25 from pot
*** SUMMARY ***
Total pot $0.25 | Rake $0 | Jackpot $0 | Bingo $0 | Fortune $0 | Tax $0
Seat 1: 5ea22452 folded before Flop (didn't bet)
Seat 2: Hero collected ($0.25)
Seat 3: 51bbc657 folded before Flop (didn't bet)
Seat 4: acd51008 (button) folded before Flop (didn't bet)
Seat 5: 6eb98dae (small blind) folded before Flop
Seat 6: c53cf35 (big blind) folded before Flop


Poker Hand #HD1776483132: Hold'em No Limit ($0.05/$0.1) - 2024/05/17 15:05:43
Table 'NLHRed53' 6-max Seat #3 is the button
Seat 1: 5ea22452 ($13.81 in chips)
Seat 2: Hero ($23.43 in chips)
Seat 3: 51bbc657 ($8.75 in chips)
Seat 4: acd51008 ($10 in chips)
Seat 5: 6eb98dae ($11.5 in chips)
Seat 6: c53cf35 ($11.63 in chips)
acd51008: posts small blind $0.05
6eb98dae: posts big blind $0.1
*** HOLE CARDS ***
Dealt to 5ea22452 
Dealt to Hero [7c Jc]
Dealt to 51bbc657 
Dealt to acd51008 
Dealt to 6eb98dae 
Dealt to c53cf35 
c53cf35: folds
5ea22452: folds
Hero: raises $0.14 to $0.24
51bbc657: raises $0.46 to $0.7
acd51008: folds
6eb98dae: folds
Hero: folds
Uncalled bet ($0.46) returned to 51bbc657
*** SHOWDOWN ***
51bbc657 collected $0.6 from pot
*** SUMMARY ***
Total pot $0.63 | Rake $0.03 | Jackpot $0 | Bingo $0 | Fortune $0 | Tax $0
Seat 1: 5ea22452 folded before Flop (didn't bet)
Seat 2: Hero folded before Flop
Seat 3: 51bbc657 (button) collected ($0.6)
Seat 4: acd51008 (small blind) folded before Flop
Seat 5: 6eb98dae (big blind) folded before Flop
Seat 6: c53cf35 folded before Flop (didn't bet)


Poker Hand #HD1776483051: Hold'em No Limit ($0.05/$0.1) - 2024/05/17 15:04:51
Table 'NLHRed53' 6-max Seat #2 is the button
Seat 1: 5ea22452 ($13.81 in chips)
Seat 2: Hero ($23.43 in chips)
Seat 3: 51bbc657 ($8.8 in chips)
Seat 4: acd51008 ($10 in chips)
Seat 5: 6eb98dae ($10.93 in chips)
Seat 6: c53cf35 ($12.1 in chips)
51bbc657: posts small blind $0.05
acd51008: posts big blind $0.1
*** HOLE CARDS ***
Dealt to 5ea22452 
Dealt to Hero [7h Jh]
Dealt to 51bbc657 
Dealt to acd51008 
Dealt to 6eb98dae 
Dealt to c53cf35 
6eb98dae: raises $0.15 to $0.25
c53cf35: calls $0.25
5ea22452: folds
Hero: folds
51bbc657: folds
acd51008: folds
*** FLOP *** [4h Qc 8h]
6eb98dae: bets $0.22
c53cf35: calls $0.22
*** TURN *** [4h Qc 8h] [2s]
6eb98dae: bets $0.36
c53cf35: folds
Uncalled bet ($0.36) returned to 6eb98dae
*** SHOWDOWN ***
6eb98dae collected $1.04 from pot
*** SUMMARY ***
Total pot $1.09 | Rake $0.05 | Jackpot $0 | Bingo $0 | Fortune $0 | Tax $0
Board [4h Qc 8h 2s]
Seat 1: 5ea22452 folded before Flop (didn't bet)
Seat 2: Hero (button) folded before Flop (didn't bet)
Seat 3: 51bbc657 (small blind) folded before Flop
Seat 4: acd51008 (big blind) folded before Flop
Seat 5: 6eb98dae won ($1.04)
Seat 6: c53cf35 folded on the Turn


Poker Hand #HD1776483004: Hold'em No Limit ($0.05/$0.1) - 2024/05/17 15:04:23
Table 'NLHRed53' 6-max Seat #1 is the button
Seat 1: 5ea22452 ($13.81 in chips)
Seat 2: Hero ($23.48 in chips)
Seat 3: 51bbc657 ($8.75 in chips)
Seat 5: 6eb98dae ($10.93 in chips)
Seat 6: c53cf35 ($12.1 in chips)
Hero: posts small blind $0.05
51bbc657: posts big blind $0.1
*** HOLE CARDS ***
Dealt to 5ea22452 
Dealt to Hero [Ks 6h]
Dealt to 51bbc657 
Dealt to 6eb98dae 
Dealt to c53cf35 
6eb98dae: folds
c53cf35: folds
5ea22452: folds
Hero: folds
Uncalled bet ($0.05) returned to 51bbc657
*** SHOWDOWN ***
51bbc657 collected $0.1 from pot
*** SUMMARY ***
Total pot $0.1 | Rake $0 | Jackpot $0 | Bingo $0 | Fortune $0 | Tax $0
Seat 1: 5ea22452 (button) folded before Flop (didn't bet)
Seat 2: Hero (small blind) folded before Flop
Seat 3: 51bbc657 (big blind) collected ($0.1)
Seat 5: 6eb98dae folded before Flop (didn't bet)
Seat 6: c53cf35 folded before Flop (didn't bet)


Poker Hand #HD1776482980: Hold'em No Limit ($0.05/$0.1) - 2024/05/17 15:04:07
Table 'NLHRed53' 6-max Seat #6 is the button
Seat 1: 5ea22452 ($13.86 in chips)
Seat 2: Hero ($23.58 in chips)
Seat 3: 51bbc657 ($8.6 in chips)
Seat 5: 6eb98dae ($10.93 in chips)
Seat 6: c53cf35 ($12.1 in chips)
5ea22452: posts small blind $0.05
Hero: posts big blind $0.1
*** HOLE CARDS ***
Dealt to 5ea22452 
Dealt to Hero [5c 6d]
Dealt to 51bbc657 
Dealt to 6eb98dae 
Dealt to c53cf35 
51bbc657: raises $0.2 to $0.3
6eb98dae: folds
c53cf35: folds
5ea22452: folds
Hero: folds
Uncalled bet ($0.2) returned to 51bbc657
*** SHOWDOWN ***
51bbc657 collected $0.25 from pot
*** SUMMARY ***
Total pot $0.25 | Rake $0 | Jackpot $0 | Bingo $0 | Fortune $0 | Tax $0
Seat 1: 5ea22452 (small blind) folded before Flop
Seat 2: Hero (big blind) folded before Flop
Seat 3: 51bbc657 collected ($0.25)
Seat 5: 6eb98dae folded before Flop (didn't bet)
Seat 6: c53cf35 (button) folded before Flop (didn't bet)


Poker Hand #HD1776482888: Hold'em No Limit ($0.05/$0.1) - 2024/05/17 15:03:17
Table 'NLHRed53' 6-max Seat #5 is the button
Seat 1: 5ea22452 ($13.96 in chips)
Seat 2: Hero ($23.58 in chips)
Seat 3: 51bbc657 ($7.73 in chips)
Seat 4: e804437b ($10 in chips)
Seat 5: 6eb98dae ($11.73 in chips)
Seat 6: c53cf35 ($12.15 in chips)
c53cf35: posts small blind $0.05
5ea22452: posts big blind $0.1
*** HOLE CARDS ***
Dealt to 5ea22452 
Dealt to Hero [Kd 4c]
Dealt to 51bbc657 
Dealt to e804437b 
Dealt to 6eb98dae 
Dealt to c53cf35 
Hero: folds
51bbc657: raises $0.2 to $0.3
e804437b: folds
6eb98dae: calls $0.3
c53cf35: folds
5ea22452: folds
*** FLOP *** [2s 9c Ts]
51bbc657: bets $0.5
6eb98dae: calls $0.5
*** TURN *** [2s 9c Ts] [9d]
51bbc657: bets $1.8
6eb98dae: folds
Uncalled bet ($1.8) returned to 51bbc657
*** SHOWDOWN ***
51bbc657 collected $1.67 from pot
*** SUMMARY ***
Total pot $1.75 | Rake $0.08 | Jackpot $0 | Bingo $0 | Fortune $0 | Tax $0
Board [2s 9c Ts 9d]
Seat 1: 5ea22452 (big blind) folded before Flop
Seat 2: Hero folded before Flop (didn't bet)
Seat 3: 51bbc657 won ($1.67)
Seat 4: e804437b folded before Flop (didn't bet)
Seat 5: 6eb98dae (button) folded on the Turn
Seat 6: c53cf35 (small blind) folded before Flop


Poker Hand #HD1776482863: Hold'em No Limit ($0.05/$0.1) - 2024/05/17 15:02:58
Table 'NLHRed53' 6-max Seat #4 is the button
Seat 1: 5ea22452 ($13.96 in chips)
Seat 2: Hero ($23.58 in chips)
Seat 3: 51bbc657 ($8.03 in chips)
Seat 4: e804437b ($10 in chips)
Seat 5: 6eb98dae ($11.78 in chips)
Seat 6: c53cf35 ($11.83 in chips)
6eb98dae: posts small blind $0.05
c53cf35: posts big blind $0.1
*** HOLE CARDS ***
Dealt to 5ea22452 
Dealt to Hero [Qh 6d]
Dealt to 51bbc657 
Dealt to e804437b 
Dealt to 6eb98dae 
Dealt to c53cf35 
5ea22452: folds
Hero: folds
51bbc657: raises $0.2 to $0.3
e804437b: folds
6eb98dae: folds
c53cf35: raises $0.8 to $1.1
51bbc657: folds
Uncalled bet ($0.8) returned to c53cf35
*** SHOWDOWN ***
c53cf35 collected $0.62 from pot
*** SUMMARY ***
Total pot $0.65 | Rake $0.03 | Jackpot $0 | Bingo $0 | Fortune $0 | Tax $0
Seat 1: 5ea22452 folded before Flop (didn't bet)
Seat 2: Hero folded before Flop (didn't bet)
Seat 3: 51bbc657 folded before Flop
Seat 4: e804437b (button) folded before Flop (didn't bet)
Seat 5: 6eb98dae (small blind) folded before Flop
Seat 6: c53cf35 (big blind) collected ($0.62)


Poker Hand #HD1776482812: Hold'em No Limit ($0.05/$0.1) - 2024/05/17 15:02:26
Table 'NLHRed53' 6-max Seat #3 is the button
Seat 1: 5ea22452 ($13.96 in chips)
Seat 2: Hero ($23.58 in chips)
Seat 3: 51bbc657 ($7.66 in chips)
Seat 4: e804437b ($10.02 in chips)
Seat 5: 6eb98dae ($11.88 in chips)
Seat 6: c53cf35 ($12.08 in chips)
e804437b: posts small blind $0.05
6eb98dae: posts big blind $0.1
*** HOLE CARDS ***
Dealt to 5ea22452 
Dealt to Hero [9c Jh]
Dealt to 51bbc657 
Dealt to e804437b 
Dealt to 6eb98dae 
Dealt to c53cf35 
c53cf35: raises $0.15 to $0.25
5ea22452: folds
Hero: folds
51bbc657: raises $0.65 to $0.9
e804437b: folds
6eb98dae: folds
c53cf35: folds
Uncalled bet ($0.65) returned to 51bbc657
*** SHOWDOWN ***
51bbc657 collected $0.62 from pot
*** SUMMARY ***
Total pot $0.65 | Rake $0.03 | Jackpot $0 | Bingo $0 | Fortune $0 | Tax $0
Seat 1: 5ea22452 folded before Flop (didn't bet)
Seat 2: Hero folded before Flop (didn't bet)
Seat 3: 51bbc657 (button) collected ($0.62)
Seat 4: e804437b (small blind) folded before Flop
Seat 5: 6eb98dae (big blind) folded before Flop
Seat 6: c53cf35 folded before Flop


Poker Hand #HD1776482747: Hold'em No Limit ($0.05/$0.1) - 2024/05/17 15:01:40
Table 'NLHRed53' 6-max Seat #2 is the button
Seat 1: 5ea22452 ($13.96 in chips)
Seat 2: Hero ($23.57 in chips)
Seat 3: 51bbc657 ($2.71 in chips)
Seat 4: e804437b ($10 in chips)
Seat 5: 6eb98dae ($11.88 in chips)
Seat 6: c53cf35 ($12.08 in chips)
51bbc657: posts small blind $0.05
e804437b: posts big blind $0.1
*** HOLE CARDS ***
Dealt to 5ea22452 
Dealt to Hero [7h As]
Dealt to 51bbc657 
Dealt to e804437b 
Dealt to 6eb98dae 
Dealt to c53cf35 
6eb98dae: folds
c53cf35: folds
5ea22452: folds
Hero: raises $0.14 to $0.24
51bbc657: folds
e804437b: calls $0.14
*** FLOP *** [4s 8d Js]
e804437b: checks
Hero: checks
*** TURN *** [4s 8d Js] [Kh]
e804437b: checks
Hero: checks
*** RIVER *** [4s 8d Js Kh] [8h]
e804437b: checks
Hero: checks
e804437b: shows [Ah 9c] (Pair of Eights)
Hero: shows [7h As] (Pair of Eights)
*** SHOWDOWN ***
e804437b collected $0.26 from pot
Hero collected $0.25 from pot
*** SUMMARY ***
Total pot $0.53 | Rake $0.02 | Jackpot $0 | Bingo $0 | Fortune $0 | Tax $0
Board [4s 8d Js Kh 8h]
Seat 1: 5ea22452 folded before Flop (didn't bet)
Seat 2: Hero (button) showed [7h As] and won ($0.25) with Pair of Eights
Seat 3: 51bbc657 (small blind) folded before Flop
Seat 4: e804437b (big blind) showed [Ah 9c] and won ($0.26) with Pair of Eights
Seat 5: 6eb98dae folded before Flop (didn't bet)
Seat 6: c53cf35 folded before Flop (didn't bet)


Poker Hand #HD1776482704: Hold'em No Limit ($0.05/$0.1) - 2024/05/17 15:01:09
Table 'NLHRed53' 6-max Seat #1 is the button
Seat 1: 5ea22452 ($13.96 in chips)
Seat 2: Hero ($23.3 in chips)
Seat 3: 51bbc657 ($3.01 in chips)
Seat 4: e804437b ($10 in chips)
Seat 5: 6eb98dae ($11.88 in chips)
Seat 6: c53cf35 ($12.08 in chips)
Hero: posts small blind $0.05
51bbc657: posts big blind $0.1
*** HOLE CARDS ***
Dealt to 5ea22452 
Dealt to Hero [Js 8s]
Dealt to 51bbc657 
Dealt to e804437b 
Dealt to 6eb98dae 
Dealt to c53cf35 
e804437b: folds
6eb98dae: folds
c53cf35: folds
5ea22452: folds
Hero: raises $0.2 to $0.3
51bbc657: calls $0.2
*** FLOP *** [Ah 9s 2d]
Hero: bets $0.3
51bbc657: folds
Uncalled bet ($0.3) returned to Hero
*** SHOWDOWN ***
Hero collected $0.57 from pot
*** SUMMARY ***
Total pot $0.6 | Rake $0.03 | Jackpot $0 | Bingo $0 | Fortune $0 | Tax $0
Board [Ah 9s 2d]
Seat 1: 5ea22452 (button) folded before Flop (didn't bet)
Seat 2: Hero (small blind) won ($0.57)
Seat 3: 51bbc657 (big blind) folded on the Flop
Seat 4: e804437b folded before Flop (didn't bet)
Seat 5: 6eb98dae folded before Flop (didn't bet)
Seat 6: c53cf35 folded before Flop (didn't bet)


Poker Hand #HD1776482680: Hold'em No Limit ($0.05/$0.1) - 2024/05/17 15:00:59
Table 'NLHRed53' 6-max Seat #6 is the button
Seat 1: 5ea22452 ($14.01 in chips)
Seat 2: Hero ($23.4 in chips)
Seat 3: 51bbc657 ($2.86 in chips)
Seat 4: e804437b ($10 in chips)
Seat 5: 6eb98dae ($11.88 in chips)
Seat 6: c53cf35 ($12.08 in chips)
5ea22452: posts small blind $0.05
Hero: posts big blind $0.1
*** HOLE CARDS ***
Dealt to 5ea22452 
Dealt to Hero [8c 6d]
Dealt to 51bbc657 
Dealt to e804437b 
Dealt to 6eb98dae 
Dealt to c53cf35 
51bbc657: raises $0.2 to $0.3
e804437b: folds
6eb98dae: folds
c53cf35: folds
5ea22452: folds
Hero: folds
Uncalled bet ($0.2) returned to 51bbc657
*** SHOWDOWN ***
51bbc657 collected $0.25 from pot
*** SUMMARY ***
Total pot $0.25 | Rake $0 | Jackpot $0 | Bingo $0 | Fortune $0 | Tax $0
Seat 1: 5ea22452 (small blind) folded before Flop
Seat 2: Hero (big blind) folded before Flop
Seat 3: 51bbc657 collected ($0.25)
Seat 4: e804437b folded before Flop (didn't bet)
Seat 5: 6eb98dae folded before Flop (didn't bet)
Seat 6: c53cf35 (button) folded before Flop (didn't bet)


Poker Hand #HD1776482620: Hold'em No Limit ($0.05/$0.1) - 2024/05/17 15:00:18
Table 'NLHRed53' 6-max Seat #5 is the button
Seat 1: 5ea22452 ($10.06 in chips)
Seat 2: Hero ($23.4 in chips)
Seat 3: 51bbc657 ($7.4 in chips)
Seat 4: e804437b ($10 in chips)
Seat 5: 6eb98dae ($11.88 in chips)
Seat 6: c53cf35 ($12.13 in chips)
c53cf35: posts small blind $0.05
5ea22452: posts big blind $0.1
*** HOLE CARDS ***
Dealt to 5ea22452 
Dealt to Hero [Kd 3h]
Dealt to 51bbc657 
Dealt to e804437b 
Dealt to 6eb98dae 
Dealt to c53cf35 
Hero: folds
51bbc657: raises $0.2 to $0.3
e804437b: folds
6eb98dae: folds
c53cf35: folds
5ea22452: calls $0.2
*** FLOP *** [9c 5d 4s]
5ea22452: checks
51bbc657: bets $0.3
5ea22452: calls $0.3
*** TURN *** [9c 5d 4s] [As]
5ea22452: checks
51bbc657: bets $1.2
5ea22452: calls $1.2
*** RIVER *** [9c 5d 4s As] [Js]
5ea22452: bets $2.74
51bbc657: calls $2.74
5ea22452: shows [6s 7s] (Ace High Flush)
51bbc657: shows [4h Ah] (Pair of Aces and Pair of Fours)
*** SHOWDOWN ***
5ea22452 collected $8.49 from pot
*** SUMMARY ***
Total pot $9.13 | Rake $0.54 | Jackpot $0.1 | Bingo $0 | Fortune $0 | Tax $0
Board [9c 5d 4s As Js]
Seat 1: 5ea22452 (big blind) showed [6s 7s] and won ($8.49) with Ace High Flush
Seat 2: Hero folded before Flop (didn't bet)
Seat 3: 51bbc657 showed [4h Ah] and lost with Pair of Aces and Pair of Fours
Seat 4: e804437b folded before Flop (didn't bet)
Seat 5: 6eb98dae (button) folded before Flop (didn't bet)
Seat 6: c53cf35 (small blind) folded before Flop


Poker Hand #HD1776482547: Hold'em No Limit ($0.05/$0.1) - 2024/05/17 14:59:35
Table 'NLHRed53' 6-max Seat #4 is the button
Seat 1: 5ea22452 ($10.06 in chips)
Seat 2: Hero ($23.4 in chips)
Seat 3: 51bbc657 ($8.6 in chips)
Seat 4: e804437b ($10 in chips)
Seat 5: 6eb98dae ($11.93 in chips)
Seat 6: c53cf35 ($11 in chips)
6eb98dae: posts small blind $0.05
c53cf35: posts big blind $0.1
*** HOLE CARDS ***
Dealt to 5ea22452 
Dealt to Hero [Qh 8h]
Dealt to 51bbc657 
Dealt to e804437b 
Dealt to 6eb98dae 
Dealt to c53cf35 
5ea22452: folds
Hero: folds
51bbc657: raises $0.2 to $0.3
e804437b: folds
6eb98dae: folds
c53cf35: raises $0.9 to $1.2
51bbc657: calls $0.9
*** FLOP *** [5d 9h 3h]
c53cf35: bets $1.23
51bbc657: folds
Uncalled bet ($1.23) returned to c53cf35
*** SHOWDOWN ***
c53cf35 collected $2.33 from pot
*** SUMMARY ***
Total pot $2.45 | Rake $0.12 | Jackpot $0 | Bingo $0 | Fortune $0 | Tax $0
Board [5d 9h 3h]
Seat 1: 5ea22452 folded before Flop (didn't bet)
Seat 2: Hero folded before Flop (didn't bet)
Seat 3: 51bbc657 folded on the Flop
Seat 4: e804437b (button) folded before Flop (didn't bet)
Seat 5: 6eb98dae (small blind) folded before Flop
Seat 6: c53cf35 (big blind) won ($2.33)


Poker Hand #HD1776482499: Hold'em No Limit ($0.05/$0.1) - 2024/05/17 14:59:07
Table 'NLHRed53' 6-max Seat #3 is the button
Seat 1: 5ea22452 ($10.06 in chips)
Seat 2: Hero ($23.4 in chips)
Seat 3: 51bbc657 ($8.6 in chips)
Seat 4: e804437b ($10 in chips)
Seat 5: 6eb98dae ($12.18 in chips)
Seat 6: c53cf35 ($10.72 in chips)
e804437b: posts small blind $0.05
6eb98dae: posts big blind $0.1
*** HOLE CARDS ***
Dealt to 5ea22452 
Dealt to Hero [7s 7h]
Dealt to 51bbc657 
Dealt to e804437b 
Dealt to 6eb98dae 
Dealt to c53cf35 
c53cf35: raises $0.15 to $0.25
5ea22452: folds
Hero: folds
51bbc657: folds
e804437b: folds
6eb98dae: calls $0.15
*** FLOP *** [6h Ac Js]
6eb98dae: checks
c53cf35: bets $0.28
6eb98dae: folds
Uncalled bet ($0.28) returned to c53cf35
*** SHOWDOWN ***
c53cf35 collected $0.53 from pot
*** SUMMARY ***
Total pot $0.55 | Rake $0.02 | Jackpot $0 | Bingo $0 | Fortune $0 | Tax $0
Board [6h Ac Js]
Seat 1: 5ea22452 folded before Flop (didn't bet)
Seat 2: Hero folded before Flop (didn't bet)
Seat 3: 51bbc657 (button) folded before Flop (didn't bet)
Seat 4: e804437b (small blind) folded before Flop
Seat 5: 6eb98dae (big blind) folded on the Flop
Seat 6: c53cf35 won ($0.53)


Poker Hand #HD1776482423: Hold'em No Limit ($0.05/$0.1) - 2024/05/17 14:58:22
Table 'NLHRed53' 6-max Seat #2 is the button
Seat 1: 5ea22452 ($10.51 in chips)
Seat 2: Hero ($23.4 in chips)
Seat 3: 51bbc657 ($8.1 in chips)
Seat 4: e804437b ($10 in chips)
Seat 5: 6eb98dae ($12.18 in chips)
Seat 6: c53cf35 ($10.72 in chips)
51bbc657: posts small blind $0.05
e804437b: posts big blind $0.1
*** HOLE CARDS ***
Dealt to 5ea22452 
Dealt to Hero [9c Ks]
Dealt to 51bbc657 
Dealt to e804437b 
Dealt to 6eb98dae 
Dealt to c53cf35 
6eb98dae: folds
c53cf35: folds
5ea22452: raises $0.15 to $0.25
Hero: folds
51bbc657: calls $0.2
e804437b: folds
*** FLOP *** [4s 6s Qd]
51bbc657: bets $0.2
5ea22452: calls $0.2
*** TURN *** [4s 6s Qd] [Js]
51bbc657: checks
5ea22452: checks
*** RIVER *** [4s 6s Qd Js] [6h]
51bbc657: checks
5ea22452: checks
51bbc657: shows [2d 2c] (Pair of Sixes and Pair of Twos)
5ea22452: shows [Ad 7d] (Pair of Sixes)
*** SHOWDOWN ***
51bbc657 collected $0.95 from pot
*** SUMMARY ***
Total pot $1 | Rake $0.05 | Jackpot $0 | Bingo $0 | Fortune $0 | Tax $0
Board [4s 6s Qd Js 6h]
Seat 1: 5ea22452 showed [Ad 7d] and lost with Pair of Sixes
Seat 2: Hero (button) folded before Flop (didn't bet)
Seat 3: 51bbc657 (small blind) showed [2d 2c] and won ($0.95) with Pair of Sixes and Pair of Twos
Seat 4: e804437b (big blind) folded before Flop
Seat 5: 6eb98dae folded before Flop (didn't bet)
Seat 6: c53cf35 folded before Flop (didn't bet)


Poker Hand #HD1776482391: Hold'em No Limit ($0.05/$0.1) - 2024/05/17 14:58:02
Table 'NLHRed53' 6-max Seat #1 is the button
Seat 1: 5ea22452 ($10.51 in chips)
Seat 2: Hero ($23.45 in chips)
Seat 3: 51bbc657 ($8.2 in chips)
Seat 4: e804437b ($10 in chips)
Seat 5: 6eb98dae ($12.18 in chips)
Seat 6: c53cf35 ($10.57 in chips)
Hero: posts small blind $0.05
51bbc657: posts big blind $0.1
*** HOLE CARDS ***
Dealt to 5ea22452 
Dealt to Hero [Td 4c]
Dealt to 51bbc657 
Dealt to e804437b 
Dealt to 6eb98dae 
Dealt to c53cf35 
e804437b: folds
6eb98dae: folds
c53cf35: raises $0.15 to $0.25
5ea22452: folds
Hero: folds
51bbc657: folds
Uncalled bet ($0.15) returned to c53cf35
*** SHOWDOWN ***
c53cf35 collected $0.25 from pot
*** SUMMARY ***
Total pot $0.25 | Rake $0 | Jackpot $0 | Bingo $0 | Fortune $0 | Tax $0
Seat 1: 5ea22452 (button) folded before Flop (didn't bet)
Seat 2: Hero (small blind) folded before Flop
Seat 3: 51bbc657 (big blind) folded before Flop
Seat 4: e804437b folded before Flop (didn't bet)
Seat 5: 6eb98dae folded before Flop (didn't bet)
Seat 6: c53cf35 collected ($0.25)


Poker Hand #HD1776482374: Hold'em No Limit ($0.05/$0.1) - 2024/05/17 14:57:49
Table 'NLHRed53' 6-max Seat #6 is the button
Seat 1: 5ea22452 ($10.56 in chips)
Seat 2: Hero ($23.55 in chips)
Seat 3: 51bbc657 ($8.05 in chips)
Seat 4: e804437b ($10 in chips)
Seat 5: 6eb98dae ($12.18 in chips)
Seat 6: c53cf35 ($10.57 in chips)
5ea22452: posts small blind $0.05
Hero: posts big blind $0.1
*** HOLE CARDS ***
Dealt to 5ea22452 
Dealt to Hero [9s 5d]
Dealt to 51bbc657 
Dealt to e804437b 
Dealt to 6eb98dae 
Dealt to c53cf35 
51bbc657: raises $0.2 to $0.3
e804437b: folds
6eb98dae: folds
c53cf35: folds
5ea22452: folds
Hero: folds
Uncalled bet ($0.2) returned to 51bbc657
*** SHOWDOWN ***
51bbc657 collected $0.25 from pot
*** SUMMARY ***
Total pot $0.25 | Rake $0 | Jackpot $0 | Bingo $0 | Fortune $0 | Tax $0
Seat 1: 5ea22452 (small blind) folded before Flop
Seat 2: Hero (big blind) folded before Flop
Seat 3: 51bbc657 collected ($0.25)
Seat 4: e804437b folded before Flop (didn't bet)
Seat 5: 6eb98dae folded before Flop (didn't bet)
Seat 6: c53cf35 (button) folded before Flop (didn't bet)


Poker Hand #HD1776482355: Hold'em No Limit ($0.05/$0.1) - 2024/05/17 14:57:40
Table 'NLHRed53' 6-max Seat #5 is the button
Seat 1: 5ea22452 ($10.51 in chips)
Seat 2: Hero ($23.55 in chips)
Seat 3: 51bbc657 ($8.05 in chips)
Seat 4: e804437b ($10 in chips)
Seat 5: 6eb98dae ($12.18 in chips)
Seat 6: c53cf35 ($10.62 in chips)
c53cf35: posts small blind $0.05
5ea22452: posts big blind $0.1
*** HOLE CARDS ***
Dealt to 5ea22452 
Dealt to Hero [4d 4c]
Dealt to 51bbc657 
Dealt to e804437b 
Dealt to 6eb98dae 
Dealt to c53cf35 
Hero: folds
51bbc657: folds
e804437b: folds
6eb98dae: folds
c53cf35: folds
Uncalled bet ($0.05) returned to 5ea22452
*** SHOWDOWN ***
5ea22452 collected $0.1 from pot
*** SUMMARY ***
Total pot $0.1 | Rake $0 | Jackpot $0 | Bingo $0 | Fortune $0 | Tax $0
Seat 1: 5ea22452 (big blind) collected ($0.1)
Seat 2: Hero folded before Flop (didn't bet)
Seat 3: 51bbc657 folded before Flop (didn't bet)
Seat 4: e804437b folded before Flop (didn't bet)
Seat 5: 6eb98dae (button) folded before Flop (didn't bet)
Seat 6: c53cf35 (small blind) folded before Flop


Poker Hand #HD1776482301: Hold'em No Limit ($0.05/$0.1) - 2024/05/17 14:57:12
Table 'NLHRed53' 6-max Seat #4 is the button
Seat 1: 5ea22452 ($10.51 in chips)
Seat 2: Hero ($23.55 in chips)
Seat 3: 51bbc657 ($7.73 in chips)
Seat 4: e804437b ($10 in chips)
Seat 5: 6eb98dae ($12.23 in chips)
Seat 6: c53cf35 ($10.92 in chips)
6eb98dae: posts small blind $0.05
c53cf35: posts big blind $0.1
*** HOLE CARDS ***
Dealt to 5ea22452 
Dealt to Hero [8h 3c]
Dealt to 51bbc657 
Dealt to e804437b 
Dealt to 6eb98dae 
Dealt to c53cf35 
5ea22452: folds
Hero: folds
51bbc657: raises $0.2 to $0.3
e804437b: folds
6eb98dae: folds
c53cf35: calls $0.2
*** FLOP *** [7s 8d 3d]
c53cf35: checks
51bbc657: bets $0.3
c53cf35: folds
Uncalled bet ($0.3) returned to 51bbc657
5ea22452: shows [Ks]
*** SHOWDOWN ***
51bbc657 collected $0.62 from pot
*** SUMMARY ***
Total pot $0.65 | Rake $0.03 | Jackpot $0 | Bingo $0 | Fortune $0 | Tax $0
Board [7s 8d 3d]
Seat 1: 5ea22452 folded before Flop (didn't bet)
Seat 2: Hero folded before Flop (didn't bet)
Seat 3: 51bbc657 won ($0.62)
Seat 4: e804437b (button) folded before Flop (didn't bet)
Seat 5: 6eb98dae (small blind) folded before Flop
Seat 6: c53cf35 (big blind) folded on the Flop


Poker Hand #HD1776482183: Hold'em No Limit ($0.05/$0.1) - 2024/05/17 14:56:05
Table 'NLHRed53' 6-max Seat #3 is the button
Seat 1: 5ea22452 ($8.86 in chips)
Seat 2: Hero ($23.55 in chips)
Seat 3: 51bbc657 ($7.98 in chips)
Seat 4: e804437b ($10.28 in chips)
Seat 5: 6eb98dae ($12.33 in chips)
Seat 6: c53cf35 ($10.92 in chips)
e804437b: posts small blind $0.05
6eb98dae: posts big blind $0.1
*** HOLE CARDS ***
Dealt to 5ea22452 
Dealt to Hero [4s 2c]
Dealt to 51bbc657 
Dealt to e804437b 
Dealt to 6eb98dae 
Dealt to c53cf35 
c53cf35: folds
5ea22452: raises $0.15 to $0.25
Hero: folds
51bbc657: calls $0.25
e804437b: raises $0.65 to $0.9
6eb98dae: folds
5ea22452: calls $0.65
51bbc657: folds
*** FLOP *** [9h Tc 3s]
e804437b: checks
5ea22452: checks
*** TURN *** [9h Tc 3s] [6c]
e804437b: checks
5ea22452: bets $0.7
e804437b: calls $0.7
*** RIVER *** [9h Tc 3s 6c] [7s]
e804437b: checks
5ea22452: bets $3.55
e804437b: folds
Uncalled bet ($3.55) returned to 5ea22452
*** SHOWDOWN ***
5ea22452 collected $3.25 from pot
*** SUMMARY ***
Total pot $3.55 | Rake $0.2 | Jackpot $0.1 | Bingo $0 | Fortune $0 | Tax $0
Board [9h Tc 3s 6c 7s]
Seat 1: 5ea22452 won ($3.25)
Seat 2: Hero folded before Flop (didn't bet)
Seat 3: 51bbc657 (button) folded before Flop
Seat 4: e804437b (small blind) folded on the River
Seat 5: 6eb98dae (big blind) folded before Flop
Seat 6: c53cf35 folded before Flop (didn't bet)


Poker Hand #HD1776482121: Hold'em No Limit ($0.05/$0.1) - 2024/05/17 14:55:23
Table 'NLHRed53' 6-max Seat #2 is the button
Seat 1: 5ea22452 ($9.11 in chips)
Seat 2: Hero ($23.55 in chips)
Seat 3: 51bbc657 ($8.03 in chips)
Seat 4: e804437b ($10 in chips)
Seat 5: 6eb98dae ($12.33 in chips)
Seat 6: c53cf35 ($10.92 in chips)
51bbc657: posts small blind $0.05
e804437b: posts big blind $0.1
*** HOLE CARDS ***
Dealt to 5ea22452 
Dealt to Hero [Qs 7c]
Dealt to 51bbc657 
Dealt to e804437b 
Dealt to 6eb98dae 
Dealt to c53cf35 
6eb98dae: folds
c53cf35: folds
5ea22452: raises $0.15 to $0.25
Hero: folds
51bbc657: folds
e804437b: calls $0.15
*** FLOP *** [Js 7d 3s]
e804437b: checks
5ea22452: checks
*** TURN *** [Js 7d 3s] [4d]
e804437b: checks
5ea22452: checks
*** RIVER *** [Js 7d 3s 4d] [9s]
e804437b: bets $0.28
5ea22452: folds
Uncalled bet ($0.28) returned to e804437b
*** SHOWDOWN ***
e804437b collected $0.53 from pot
*** SUMMARY ***
Total pot $0.55 | Rake $0.02 | Jackpot $0 | Bingo $0 | Fortune $0 | Tax $0
Board [Js 7d 3s 4d 9s]
Seat 1: 5ea22452 folded on the River
Seat 2: Hero (button) folded before Flop (didn't bet)
Seat 3: 51bbc657 (small blind) folded before Flop
Seat 4: e804437b (big blind) won ($0.53)
Seat 5: 6eb98dae folded before Flop (didn't bet)
Seat 6: c53cf35 folded before Flop (didn't bet)


Poker Hand #HD1776482055: Hold'em No Limit ($0.05/$0.1) - 2024/05/17 14:54:44
Table 'NLHRed53' 6-max Seat #1 is the button
Seat 1: 5ea22452 ($9.11 in chips)
Seat 2: Hero ($23.6 in chips)
Seat 3: 51bbc657 ($7.75 in chips)
Seat 4: e804437b ($10 in chips)
Seat 5: 6eb98dae ($12.33 in chips)
Seat 6: c53cf35 ($11.17 in chips)
Hero: posts small blind $0.05
51bbc657: posts big blind $0.1
*** HOLE CARDS ***
Dealt to 5ea22452 
Dealt to Hero [5h 9d]
Dealt to 51bbc657 
Dealt to e804437b 
Dealt to 6eb98dae 
Dealt to c53cf35 
e804437b: folds
6eb98dae: folds
c53cf35: raises $0.15 to $0.25
5ea22452: folds
Hero: folds
51bbc657: calls $0.15
*** FLOP *** [8h 4c 5c]
51bbc657: checks
c53cf35: checks
*** TURN *** [8h 4c 5c] [As]
51bbc657: checks
c53cf35: checks
*** RIVER *** [8h 4c 5c As] [Jh]
51bbc657: checks
c53cf35: checks
51bbc657: shows [2h Jd] (Pair of Jacks)
c53cf35: shows [6h 6d] (Pair of Sixes)
*** SHOWDOWN ***
51bbc657 collected $0.53 from pot
*** SUMMARY ***
Total pot $0.55 | Rake $0.02 | Jackpot $0 | Bingo $0 | Fortune $0 | Tax $0
Board [8h 4c 5c As Jh]
Seat 1: 5ea22452 (button) folded before Flop (didn't bet)
Seat 2: Hero (small blind) folded before Flop
Seat 3: 51bbc657 (big blind) showed [2h Jd] and won ($0.53) with Pair of Jacks
Seat 4: e804437b folded before Flop (didn't bet)
Seat 5: 6eb98dae folded before Flop (didn't bet)
Seat 6: c53cf35 showed [6h 6d] and lost with Pair of Sixes


Poker Hand #HD1776481992: Hold'em No Limit ($0.05/$0.1) - 2024/05/17 14:54:03
Table 'NLHRed53' 6-max Seat #6 is the button
Seat 1: 5ea22452 ($9.16 in chips)
Seat 2: Hero ($23.7 in chips)
Seat 3: 51bbc657 ($7.6 in chips)
Seat 4: e804437b ($10 in chips)
Seat 5: 6eb98dae ($12.33 in chips)
Seat 6: c53cf35 ($11.17 in chips)
5ea22452: posts small blind $0.05
Hero: posts big blind $0.1
*** HOLE CARDS ***
Dealt to 5ea22452 
Dealt to Hero [6h 5h]
Dealt to 51bbc657 
Dealt to e804437b 
Dealt to 6eb98dae 
Dealt to c53cf35 
51bbc657: raises $0.2 to $0.3
e804437b: folds
6eb98dae: folds
c53cf35: folds
5ea22452: folds
Hero: folds
Uncalled bet ($0.2) returned to 51bbc657
*** SHOWDOWN ***
51bbc657 collected $0.25 from pot
*** SUMMARY ***
Total pot $0.25 | Rake $0 | Jackpot $0 | Bingo $0 | Fortune $0 | Tax $0
Seat 1: 5ea22452 (small blind) folded before Flop
Seat 2: Hero (big blind) folded before Flop
Seat 3: 51bbc657 collected ($0.25)
Seat 4: e804437b folded before Flop (didn't bet)
Seat 5: 6eb98dae folded before Flop (didn't bet)
Seat 6: c53cf35 (button) folded before Flop (didn't bet)


Poker Hand #HD1776481917: Hold'em No Limit ($0.05/$0.1) - 2024/05/17 14:53:08
Table 'NLHRed53' 6-max Seat #5 is the button
Seat 1: 5ea22452 ($7.45 in chips)
Seat 2: Hero ($23.9 in chips)
Seat 3: 51bbc657 ($7.8 in chips)
Seat 4: e804437b ($11.25 in chips)
Seat 5: 6eb98dae ($12.33 in chips)
Seat 6: c53cf35 ($11.37 in chips)
c53cf35: posts small blind $0.05
5ea22452: posts big blind $0.1
*** HOLE CARDS ***
Dealt to 5ea22452 
Dealt to Hero [As Qh]
Dealt to 51bbc657 
Dealt to e804437b 
Dealt to 6eb98dae 
Dealt to c53cf35 
Hero: raises $0.1 to $0.2
51bbc657: calls $0.2
e804437b: calls $0.2
6eb98dae: folds
c53cf35: calls $0.15
5ea22452: raises $1.2 to $1.4
Hero: folds
51bbc657: folds
e804437b: calls $1.2
c53cf35: folds
*** FLOP *** [9c Kc 2c]
5ea22452: bets $0.95
e804437b: folds
Uncalled bet ($0.95) returned to 5ea22452
*** SHOWDOWN ***
5ea22452 collected $3.11 from pot
*** SUMMARY ***
Total pot $3.4 | Rake $0.19 | Jackpot $0.1 | Bingo $0 | Fortune $0 | Tax $0
Board [9c Kc 2c]
Seat 1: 5ea22452 (big blind) won ($3.11)
Seat 2: Hero folded before Flop
Seat 3: 51bbc657 folded before Flop
Seat 4: e804437b folded on the Flop
Seat 5: 6eb98dae (button) folded before Flop (didn't bet)
Seat 6: c53cf35 (small blind) folded before Flop


Poker Hand #HD1776481861: Hold'em No Limit ($0.05/$0.1) - 2024/05/17 14:52:35
Table 'NLHRed53' 6-max Seat #4 is the button
Seat 1: 5ea22452 ($8.25 in chips)
Seat 2: Hero ($23.9 in chips)
Seat 3: 51bbc657 ($6.93 in chips)
Seat 4: e804437b ($11.25 in chips)
Seat 5: 6eb98dae ($12.38 in chips)
Seat 6: c53cf35 ($11.47 in chips)
6eb98dae: posts small blind $0.05
c53cf35: posts big blind $0.1
*** HOLE CARDS ***
Dealt to 5ea22452 
Dealt to Hero [Qs Jd]
Dealt to 51bbc657 
Dealt to e804437b 
Dealt to 6eb98dae 
Dealt to c53cf35 
5ea22452: raises $0.15 to $0.25
Hero: folds
51bbc657: raises $0.55 to $0.8
e804437b: folds
6eb98dae: folds
c53cf35: folds
5ea22452: calls $0.55
*** FLOP *** [Tc 9d Ts]
5ea22452: checks
51bbc657: checks
*** TURN *** [Tc 9d Ts] [As]
5ea22452: checks
51bbc657: checks
*** RIVER *** [Tc 9d Ts As] [7h]
5ea22452: checks
51bbc657: bets $1
5ea22452: folds
Uncalled bet ($1) returned to 51bbc657
*** SHOWDOWN ***
51bbc657 collected $1.67 from pot
*** SUMMARY ***
Total pot $1.75 | Rake $0.08 | Jackpot $0 | Bingo $0 | Fortune $0 | Tax $0
Board [Tc 9d Ts As 7h]
Seat 1: 5ea22452 folded on the River
Seat 2: Hero folded before Flop (didn't bet)
Seat 3: 51bbc657 won ($1.67)
Seat 4: e804437b (button) folded before Flop (didn't bet)
Seat 5: 6eb98dae (small blind) folded before Flop
Seat 6: c53cf35 (big blind) folded before Flop


Poker Hand #HD1776481795: Hold'em No Limit ($0.05/$0.1) - 2024/05/17 14:51:54
Table 'NLHRed53' 6-max Seat #3 is the button
Seat 1: 5ea22452 ($9.45 in chips)
Seat 2: Hero ($23.9 in chips)
Seat 3: 51bbc657 ($6.93 in chips)
Seat 4: e804437b ($11.3 in chips)
Seat 5: 6eb98dae ($11.25 in chips)
Seat 6: c53cf35 ($11.47 in chips)
e804437b: posts small blind $0.05
6eb98dae: posts big blind $0.1
*** HOLE CARDS ***
Dealt to 5ea22452 
Dealt to Hero [9h 4s]
Dealt to 51bbc657 
Dealt to e804437b 
Dealt to 6eb98dae 
Dealt to c53cf35 
c53cf35: folds
5ea22452: raises $0.15 to $0.25
Hero: folds
51bbc657: folds
e804437b: folds
6eb98dae: calls $0.15
*** FLOP *** [Kd Th 3c]
6eb98dae: checks
5ea22452: bets $0.25
6eb98dae: calls $0.25
*** TURN *** [Kd Th 3c] [5s]
6eb98dae: checks
5ea22452: bets $0.7
6eb98dae: calls $0.7
*** RIVER *** [Kd Th 3c 5s] [Ac]
6eb98dae: checks
5ea22452: checks
6eb98dae: shows [As Qs] (Pair of Aces)
5ea22452: shows [Qh Ks] (Pair of Kings)
*** SHOWDOWN ***
6eb98dae collected $2.33 from pot
*** SUMMARY ***
Total pot $2.45 | Rake $0.12 | Jackpot $0 | Bingo $0 | Fortune $0 | Tax $0
Board [Kd Th 3c 5s Ac]
Seat 1: 5ea22452 showed [Qh Ks] and lost with Pair of Kings
Seat 2: Hero folded before Flop (didn't bet)
Seat 3: 51bbc657 (button) folded before Flop (didn't bet)
Seat 4: e804437b (small blind) folded before Flop
Seat 5: 6eb98dae (big blind) showed [As Qs] and won ($2.33) with Pair of Aces
Seat 6: c53cf35 folded before Flop (didn't bet)


Poker Hand #HD1776481781: Hold'em No Limit ($0.05/$0.1) - 2024/05/17 14:51:44
Table 'NLHRed53' 6-max Seat #2 is the button
Seat 1: 5ea22452 ($9.45 in chips)
Seat 2: Hero ($23.9 in chips)
Seat 3: 51bbc657 ($6.98 in chips)
Seat 4: e804437b ($11.25 in chips)
Seat 5: 6eb98dae ($11.25 in chips)
Seat 6: c53cf35 ($11.47 in chips)
51bbc657: posts small blind $0.05
e804437b: posts big blind $0.1
*** HOLE CARDS ***
Dealt to 5ea22452 
Dealt to Hero [3h Qc]
Dealt to 51bbc657 
Dealt to e804437b 
Dealt to 6eb98dae 
Dealt to c53cf35 
6eb98dae: folds
c53cf35: folds
5ea22452: folds
Hero: folds
51bbc657: folds
Uncalled bet ($0.05) returned to e804437b
*** SHOWDOWN ***
e804437b collected $0.1 from pot
*** SUMMARY ***
Total pot $0.1 | Rake $0 | Jackpot $0 | Bingo $0 | Fortune $0 | Tax $0
Seat 1: 5ea22452 folded before Flop (didn't bet)
Seat 2: Hero (button) folded before Flop (didn't bet)
Seat 3: 51bbc657 (small blind) folded before Flop
Seat 4: e804437b (big blind) collected ($0.1)
Seat 5: 6eb98dae folded before Flop (didn't bet)
Seat 6: c53cf35 folded before Flop (didn't bet)


Poker Hand #HD1776481735: Hold'em No Limit ($0.05/$0.1) - 2024/05/17 14:51:12
Table 'NLHRed53' 6-max Seat #1 is the button
Seat 1: 5ea22452 ($9.45 in chips)
Seat 2: Hero ($23.95 in chips)
Seat 3: 51bbc657 ($6.7 in chips)
Seat 4: e804437b ($11.25 in chips)
Seat 5: 6eb98dae ($11.25 in chips)
Seat 6: c53cf35 ($11.72 in chips)
Hero: posts small blind $0.05
51bbc657: posts big blind $0.1
*** HOLE CARDS ***
Dealt to 5ea22452 
Dealt to Hero [Ad Ts]
Dealt to 51bbc657 
Dealt to e804437b 
Dealt to 6eb98dae 
Dealt to c53cf35 
e804437b: folds
6eb98dae: folds
c53cf35: raises $0.15 to $0.25
5ea22452: folds
Hero: folds
51bbc657: calls $0.15
*** FLOP *** [9c Jd 8d]
51bbc657: bets $0.2
c53cf35: folds
Uncalled bet ($0.2) returned to 51bbc657
*** SHOWDOWN ***
51bbc657 collected $0.53 from pot
*** SUMMARY ***
Total pot $0.55 | Rake $0.02 | Jackpot $0 | Bingo $0 | Fortune $0 | Tax $0
Board [9c Jd 8d]
Seat 1: 5ea22452 (button) folded before Flop (didn't bet)
Seat 2: Hero (small blind) folded before Flop
Seat 3: 51bbc657 (big blind) won ($0.53)
Seat 4: e804437b folded before Flop (didn't bet)
Seat 5: 6eb98dae folded before Flop (didn't bet)
Seat 6: c53cf35 folded on the Flop


Poker Hand #HD1776481687: Hold'em No Limit ($0.05/$0.1) - 2024/05/17 14:50:42
Table 'NLHRed53' 6-max Seat #6 is the button
Seat 1: 5ea22452 ($9.5 in chips)
Seat 2: Hero ($24.05 in chips)
Seat 3: 51bbc657 ($6.28 in chips)
Seat 4: e804437b ($11.25 in chips)
Seat 5: 6eb98dae ($11.25 in chips)
Seat 6: c53cf35 ($12.02 in chips)
5ea22452: posts small blind $0.05
Hero: posts big blind $0.1
*** HOLE CARDS ***
Dealt to 5ea22452 
Dealt to Hero [9c Jd]
Dealt to 51bbc657 
Dealt to e804437b 
Dealt to 6eb98dae 
Dealt to c53cf35 
51bbc657: raises $0.2 to $0.3
e804437b: folds
6eb98dae: folds
c53cf35: calls $0.3
5ea22452: folds
Hero: folds
*** FLOP *** [6c 2c 8h]
51bbc657: bets $0.3
c53cf35: folds
Uncalled bet ($0.3) returned to 51bbc657
*** SHOWDOWN ***
51bbc657 collected $0.72 from pot
*** SUMMARY ***
Total pot $0.75 | Rake $0.03 | Jackpot $0 | Bingo $0 | Fortune $0 | Tax $0
Board [6c 2c 8h]
Seat 1: 5ea22452 (small blind) folded before Flop
Seat 2: Hero (big blind) folded before Flop
Seat 3: 51bbc657 won ($0.72)
Seat 4: e804437b folded before Flop (didn't bet)
Seat 5: 6eb98dae folded before Flop (didn't bet)
Seat 6: c53cf35 (button) folded on the Flop


Poker Hand #HD1776481612: Hold'em No Limit ($0.05/$0.1) - 2024/05/17 14:50:00
Table 'NLHRed53' 6-max Seat #5 is the button
Seat 1: 5ea22452 ($10 in chips)
Seat 2: Hero ($24.05 in chips)
Seat 3: 51bbc657 ($6.28 in chips)
Seat 4: e804437b ($11.25 in chips)
Seat 5: 6eb98dae ($11.25 in chips)
Seat 6: c53cf35 ($11.57 in chips)
c53cf35: posts small blind $0.05
5ea22452: posts big blind $0.1
*** HOLE CARDS ***
Dealt to 5ea22452 
Dealt to Hero [6h 2s]
Dealt to 51bbc657 
Dealt to e804437b 
Dealt to 6eb98dae 
Dealt to c53cf35 
Hero: folds
51bbc657: folds
e804437b: folds
6eb98dae: folds
c53cf35: raises $0.15 to $0.25
5ea22452: calls $0.15
*** FLOP *** [9h Kc Kd]
c53cf35: checks
5ea22452: checks
*** TURN *** [9h Kc Kd] [Tc]
c53cf35: checks
5ea22452: bets $0.25
c53cf35: calls $0.25
*** RIVER *** [9h Kc Kd Tc] [Ah]
c53cf35: checks
5ea22452: checks
c53cf35: shows [Js As] (Pair of Aces and Pair of Kings)
5ea22452: shows [7s 7c] (Pair of Kings and Pair of Sevens)
*** SHOWDOWN ***
c53cf35 collected $0.95 from pot
*** SUMMARY ***
Total pot $1 | Rake $0.05 | Jackpot $0 | Bingo $0 | Fortune $0 | Tax $0
Board [9h Kc Kd Tc Ah]
Seat 1: 5ea22452 (big blind) showed [7s 7c] and lost with Pair of Kings and Pair of Sevens
Seat 2: Hero folded before Flop (didn't bet)
Seat 3: 51bbc657 folded before Flop (didn't bet)
Seat 4: e804437b folded before Flop (didn't bet)
Seat 5: 6eb98dae (button) folded before Flop (didn't bet)
Seat 6: c53cf35 (small blind) showed [Js As] and won ($0.95) with Pair of Aces and Pair of Kings


Poker Hand #HD1776481588: Hold'em No Limit ($0.05/$0.1) - 2024/05/17 14:49:46
Table 'NLHRed53' 6-max Seat #4 is the button
Seat 2: Hero ($24.05 in chips)
Seat 3: 51bbc657 ($6.13 in chips)
Seat 4: e804437b ($11.25 in chips)
Seat 5: 6eb98dae ($11.3 in chips)
Seat 6: c53cf35 ($11.67 in chips)
6eb98dae: posts small blind $0.05
c53cf35: posts big blind $0.1
*** HOLE CARDS ***
Dealt to Hero [9h 2s]
Dealt to 51bbc657 
Dealt to e804437b 
Dealt to 6eb98dae 
Dealt to c53cf35 
Hero: folds
51bbc657: raises $0.2 to $0.3
e804437b: folds
6eb98dae: folds
c53cf35: folds
Uncalled bet ($0.2) returned to 51bbc657
*** SHOWDOWN ***
51bbc657 collected $0.25 from pot
*** SUMMARY ***
Total pot $0.25 | Rake $0 | Jackpot $0 | Bingo $0 | Fortune $0 | Tax $0
Seat 2: Hero folded before Flop (didn't bet)
Seat 3: 51bbc657 collected ($0.25)
Seat 4: e804437b (button) folded before Flop (didn't bet)
Seat 5: 6eb98dae (small blind) folded before Flop
Seat 6: c53cf35 (big blind) folded before Flop


Poker Hand #HD1776481560: Hold'em No Limit ($0.05/$0.1) - 2024/05/17 14:49:29
Table 'NLHRed53' 6-max Seat #3 is the button
Seat 2: Hero ($24.05 in chips)
Seat 3: 51bbc657 ($6.13 in chips)
Seat 4: e804437b ($11.15 in chips)
Seat 5: 6eb98dae ($11.4 in chips)
Seat 6: c53cf35 ($11.67 in chips)
e804437b: posts small blind $0.05
6eb98dae: posts big blind $0.1
*** HOLE CARDS ***
Dealt to Hero [6s Ad]
Dealt to 51bbc657 
Dealt to e804437b 
Dealt to 6eb98dae 
Dealt to c53cf35 
c53cf35: folds
Hero: folds
51bbc657: folds
e804437b: raises $0.2 to $0.3
6eb98dae: folds
Uncalled bet ($0.2) returned to e804437b
*** SHOWDOWN ***
e804437b collected $0.2 from pot
*** SUMMARY ***
Total pot $0.2 | Rake $0 | Jackpot $0 | Bingo $0 | Fortune $0 | Tax $0
Seat 2: Hero folded before Flop (didn't bet)
Seat 3: 51bbc657 (button) folded before Flop (didn't bet)
Seat 4: e804437b (small blind) collected ($0.2)
Seat 5: 6eb98dae (big blind) folded before Flop
Seat 6: c53cf35 folded before Flop (didn't bet)


Poker Hand #HD1776481541: Hold'em No Limit ($0.05/$0.1) - 2024/05/17 14:49:17
Table 'NLHRed53' 6-max Seat #2 is the button
Seat 2: Hero ($24.05 in chips)
Seat 3: 51bbc657 ($6.03 in chips)
Seat 4: e804437b ($11.25 in chips)
Seat 5: 6eb98dae ($11.4 in chips)
Seat 6: c53cf35 ($11.67 in chips)
51bbc657: posts small blind $0.05
e804437b: posts big blind $0.1
*** HOLE CARDS ***
Dealt to Hero [5h 4c]
Dealt to 51bbc657 
Dealt to e804437b 
Dealt to 6eb98dae 
Dealt to c53cf35 
6eb98dae: folds
c53cf35: folds
Hero: folds
51bbc657: raises $0.2 to $0.3
e804437b: folds
Uncalled bet ($0.2) returned to 51bbc657
*** SHOWDOWN ***
51bbc657 collected $0.2 from pot
*** SUMMARY ***
Total pot $0.2 | Rake $0 | Jackpot $0 | Bingo $0 | Fortune $0 | Tax $0
Seat 2: Hero (button) folded before Flop (didn't bet)
Seat 3: 51bbc657 (small blind) collected ($0.2)
Seat 4: e804437b (big blind) folded before Flop
Seat 5: 6eb98dae folded before Flop (didn't bet)
Seat 6: c53cf35 folded before Flop (didn't bet)


Poker Hand #HD1776481532: Hold'em No Limit ($0.05/$0.1) - 2024/05/17 14:49:07
Table 'NLHRed53' 6-max Seat #6 is the button
Seat 2: Hero ($24.1 in chips)
Seat 3: 51bbc657 ($5.98 in chips)
Seat 4: e804437b ($11.25 in chips)
Seat 5: 6eb98dae ($11.4 in chips)
Seat 6: c53cf35 ($11.67 in chips)
Hero: posts small blind $0.05
51bbc657: posts big blind $0.1
*** HOLE CARDS ***
Dealt to Hero [3c 5h]
Dealt to 51bbc657 
Dealt to e804437b 
Dealt to 6eb98dae 
Dealt to c53cf35 
e804437b: folds
6eb98dae: folds
c53cf35: folds
Hero: folds
Uncalled bet ($0.05) returned to 51bbc657
*** SHOWDOWN ***
51bbc657 collected $0.1 from pot
*** SUMMARY ***
Total pot $0.1 | Rake $0 | Jackpot $0 | Bingo $0 | Fortune $0 | Tax $0
Seat 2: Hero (small blind) folded before Flop
Seat 3: 51bbc657 (big blind) collected ($0.1)
Seat 4: e804437b folded before Flop (didn't bet)
Seat 5: 6eb98dae folded before Flop (didn't bet)
Seat 6: c53cf35 (button) folded before Flop (didn't bet)


Poker Hand #HD1776481453: Hold'em No Limit ($0.05/$0.1) - 2024/05/17 14:48:22
Table 'NLHRed53' 6-max Seat #5 is the button
Seat 2: Hero ($24.2 in chips)
Seat 3: 51bbc657 ($7.78 in chips)
Seat 4: e804437b ($11.25 in chips)
Seat 5: 6eb98dae ($11.4 in chips)
Seat 6: c53cf35 ($10.05 in chips)
c53cf35: posts small blind $0.05
Hero: posts big blind $0.1
*** HOLE CARDS ***
Dealt to Hero [Kc 6c]
Dealt to 51bbc657 
Dealt to e804437b 
Dealt to 6eb98dae 
Dealt to c53cf35 
51bbc657: raises $0.2 to $0.3
e804437b: folds
6eb98dae: folds
c53cf35: raises $0.6 to $0.9
Hero: folds
51bbc657: calls $0.6
*** FLOP *** [3h 7c 9d]
c53cf35: bets $0.9
51bbc657: calls $0.9
*** TURN *** [3h 7c 9d] [Kd]
c53cf35: bets $1.85
51bbc657: folds
Uncalled bet ($1.85) returned to c53cf35
*** SHOWDOWN ***
c53cf35 collected $3.42 from pot
*** SUMMARY ***
Total pot $3.7 | Rake $0.18 | Jackpot $0.1 | Bingo $0 | Fortune $0 | Tax $0
Board [3h 7c 9d Kd]
Seat 2: Hero (big blind) folded before Flop
Seat 3: 51bbc657 folded on the Turn
Seat 4: e804437b folded before Flop (didn't bet)
Seat 5: 6eb98dae (button) folded before Flop (didn't bet)
Seat 6: c53cf35 (small blind) won ($3.42)


Poker Hand #HD1776481440: Hold'em No Limit ($0.05/$0.1) - 2024/05/17 14:48:14
Table 'NLHRed53' 6-max Seat #4 is the button
Seat 2: Hero ($24.2 in chips)
Seat 3: 51bbc657 ($2.78 in chips)
Seat 4: e804437b ($11.25 in chips)
Seat 5: 6eb98dae ($11.45 in chips)
Seat 6: c53cf35 ($10 in chips)
6eb98dae: posts small blind $0.05
c53cf35: posts big blind $0.1
*** HOLE CARDS ***
Dealt to Hero [8d Ts]
Dealt to 51bbc657 
Dealt to e804437b 
Dealt to 6eb98dae 
Dealt to c53cf35 
Hero: folds
51bbc657: folds
e804437b: folds
6eb98dae: folds
Uncalled bet ($0.05) returned to c53cf35
*** SHOWDOWN ***
c53cf35 collected $0.1 from pot
*** SUMMARY ***
Total pot $0.1 | Rake $0 | Jackpot $0 | Bingo $0 | Fortune $0 | Tax $0
Seat 2: Hero folded before Flop (didn't bet)
Seat 3: 51bbc657 folded before Flop (didn't bet)
Seat 4: e804437b (button) folded before Flop (didn't bet)
Seat 5: 6eb98dae (small blind) folded before Flop
Seat 6: c53cf35 (big blind) collected ($0.1)


Poker Hand #HD1776481377: Hold'em No Limit ($0.05/$0.1) - 2024/05/17 14:47:38
Table 'NLHRed53' 6-max Seat #3 is the button
Seat 2: Hero ($23.66 in chips)
Seat 3: 51bbc657 ($3.22 in chips)
Seat 4: e804437b ($11.3 in chips)
Seat 5: 6eb98dae ($11.55 in chips)
e804437b: posts small blind $0.05
6eb98dae: posts big blind $0.1
*** HOLE CARDS ***
Dealt to Hero [Kh Jd]
Dealt to 51bbc657 
Dealt to e804437b 
Dealt to 6eb98dae 
Hero: raises $0.14 to $0.24
51bbc657: calls $0.24
e804437b: folds
6eb98dae: folds
*** FLOP *** [Kc 2h 6s]
Hero: checks
51bbc657: bets $0.2
Hero: calls $0.2
*** TURN *** [Kc 2h 6s] [Qd]
Hero: checks
51bbc657: checks
*** RIVER *** [Kc 2h 6s Qd] [Qh]
Hero: checks
51bbc657: checks
Hero: shows [Kh Jd] (Pair of Kings and Pair of Queens)
51bbc657: shows [4d Td] (Pair of Queens)
*** SHOWDOWN ***
Hero collected $0.98 from pot
*** SUMMARY ***
Total pot $1.03 | Rake $0.05 | Jackpot $0 | Bingo $0 | Fortune $0 | Tax $0
Board [Kc 2h 6s Qd Qh]
Seat 2: Hero showed [Kh Jd] and won ($0.98) with Pair of Kings and Pair of Queens
Seat 3: 51bbc657 (button) showed [4d Td] and lost with Pair of Queens
Seat 4: e804437b (small blind) folded before Flop
Seat 5: 6eb98dae (big blind) folded before Flop


Poker Hand #HD1776481361: Hold'em No Limit ($0.05/$0.1) - 2024/05/17 14:47:28
Table 'NLHRed53' 6-max Seat #2 is the button
Seat 2: Hero ($23.66 in chips)
Seat 3: 51bbc657 ($3.27 in chips)
Seat 4: e804437b ($11.4 in chips)
Seat 5: 6eb98dae ($11.4 in chips)
51bbc657: posts small blind $0.05
e804437b: posts big blind $0.1
*** HOLE CARDS ***
Dealt to Hero [7h 5d]
Dealt to 51bbc657 
Dealt to e804437b 
Dealt to 6eb98dae 
6eb98dae: raises $0.15 to $0.25
Hero: folds
51bbc657: folds
e804437b: folds
Uncalled bet ($0.15) returned to 6eb98dae
*** SHOWDOWN ***
6eb98dae collected $0.25 from pot
*** SUMMARY ***
Total pot $0.25 | Rake $0 | Jackpot $0 | Bingo $0 | Fortune $0 | Tax $0
Seat 2: Hero (button) folded before Flop (didn't bet)
Seat 3: 51bbc657 (small blind) folded before Flop
Seat 4: e804437b (big blind) folded before Flop
Seat 5: 6eb98dae collected ($0.25)


Poker Hand #HD1776481282: Hold'em No Limit ($0.05/$0.1) - 2024/05/17 14:46:35
Table 'NLHRed53' 6-max Seat #6 is the button
Seat 2: Hero ($23.71 in chips)
Seat 3: 51bbc657 ($4.9 in chips)
Seat 4: e804437b ($11.4 in chips)
Seat 5: 6eb98dae ($11.4 in chips)
Seat 6: fede2308 ($20.65 in chips)
Hero: posts small blind $0.05
51bbc657: posts big blind $0.1
*** HOLE CARDS ***
Dealt to Hero [5c 9c]
Dealt to 51bbc657 
Dealt to e804437b 
Dealt to 6eb98dae 
Dealt to fede2308 
e804437b: folds
6eb98dae: folds
fede2308: raises $0.2 to $0.3
Hero: folds
51bbc657: calls $0.2
*** FLOP *** [Ac Td Jc]
51bbc657: checks
fede2308: bets $0.33
51bbc657: calls $0.33
*** TURN *** [Ac Td Jc] [6d]
51bbc657: checks
fede2308: checks
*** RIVER *** [Ac Td Jc 6d] [Jd]
51bbc657: bets $1
fede2308: calls $1
51bbc657: shows [Kh 2h] (Pair of Jacks)
fede2308: shows [Qc Js] (Three Jacks)
*** SHOWDOWN ***
fede2308 collected $3.05 from pot
*** SUMMARY ***
Total pot $3.31 | Rake $0.16 | Jackpot $0.1 | Bingo $0 | Fortune $0 | Tax $0
Board [Ac Td Jc 6d Jd]
Seat 2: Hero (small blind) folded before Flop
Seat 3: 51bbc657 (big blind) showed [Kh 2h] and lost with Pair of Jacks
Seat 4: e804437b folded before Flop (didn't bet)
Seat 5: 6eb98dae folded before Flop (didn't bet)
Seat 6: fede2308 (button) showed [Qc Js] and won ($3.05) with Three Jacks


Poker Hand #HD1776481256: Hold'em No Limit ($0.05/$0.1) - 2024/05/17 14:46:19
Table 'NLHRed53' 6-max Seat #5 is the button
Seat 2: Hero ($23.81 in chips)
Seat 3: 51bbc657 ($5 in chips)
Seat 4: e804437b ($11.4 in chips)
Seat 5: 6eb98dae ($11.4 in chips)
Seat 6: fede2308 ($20.46 in chips)
fede2308: posts small blind $0.05
Hero: posts big blind $0.1
51bbc657: posts big blind $0.1
*** HOLE CARDS ***
Dealt to Hero [6s 4s]
Dealt to 51bbc657 
Dealt to e804437b 
Dealt to 6eb98dae 
Dealt to fede2308 
51bbc657: checks
e804437b: folds
6eb98dae: folds
fede2308: raises $0.3 to $0.4
Hero: folds
51bbc657: folds
Uncalled bet ($0.3) returned to fede2308
*** SHOWDOWN ***
fede2308 collected $0.29 from pot
*** SUMMARY ***
Total pot $0.3 | Rake $0.01 | Jackpot $0 | Bingo $0 | Fortune $0 | Tax $0
Seat 2: Hero (big blind) folded before Flop
Seat 3: 51bbc657 folded before Flop
Seat 4: e804437b folded before Flop (didn't bet)
Seat 5: 6eb98dae (button) folded before Flop (didn't bet)
Seat 6: fede2308 (small blind) collected ($0.29)


Poker Hand #HD1776481168: Hold'em No Limit ($0.05/$0.1) - 2024/05/17 14:45:19
Table 'NLHRed53' 6-max Seat #4 is the button
Seat 2: Hero ($24.01 in chips)
Seat 4: e804437b ($10.17 in chips)
Seat 5: 6eb98dae ($11.45 in chips)
Seat 6: fede2308 ($21.56 in chips)
6eb98dae: posts small blind $0.05
fede2308: posts big blind $0.1
*** HOLE CARDS ***
Dealt to Hero [Js Qs]
Dealt to e804437b 
Dealt to 6eb98dae 
Dealt to fede2308 
Hero: raises $0.1 to $0.2
e804437b: raises $0.9 to $1.1
6eb98dae: folds
fede2308: calls $1
Hero: folds
*** FLOP *** [Ad 4c 2s]
fede2308: checks
e804437b: bets $1.1
fede2308: folds
Uncalled bet ($1.1) returned to e804437b
*** SHOWDOWN ***
e804437b collected $2.33 from pot
*** SUMMARY ***
Total pot $2.45 | Rake $0.12 | Jackpot $0 | Bingo $0 | Fortune $0 | Tax $0
Board [Ad 4c 2s]
Seat 2: Hero folded before Flop
Seat 4: e804437b (button) won ($2.33)
Seat 5: 6eb98dae (small blind) folded before Flop
Seat 6: fede2308 (big blind) folded on the Flop


Poker Hand #HD1776481148: Hold'em No Limit ($0.05/$0.1) - 2024/05/17 14:45:06
Table 'NLHRed53' 6-max Seat #2 is the button
Seat 2: Hero ($24.01 in chips)
Seat 4: e804437b ($10.22 in chips)
Seat 5: 6eb98dae ($11.4 in chips)
Seat 6: fede2308 ($21.56 in chips)
e804437b: posts small blind $0.05
6eb98dae: posts big blind $0.1
*** HOLE CARDS ***
Dealt to Hero [6c 4d]
Dealt to e804437b 
Dealt to 6eb98dae 
Dealt to fede2308 
fede2308: folds
Hero: folds
e804437b: folds
Uncalled bet ($0.05) returned to 6eb98dae
*** SHOWDOWN ***
6eb98dae collected $0.1 from pot
*** SUMMARY ***
Total pot $0.1 | Rake $0 | Jackpot $0 | Bingo $0 | Fortune $0 | Tax $0
Seat 2: Hero (button) folded before Flop (didn't bet)
Seat 4: e804437b (small blind) folded before Flop
Seat 5: 6eb98dae (big blind) collected ($0.1)
Seat 6: fede2308 folded before Flop (didn't bet)


Poker Hand #HD1776481120: Hold'em No Limit ($0.05/$0.1) - 2024/05/17 14:44:51
Table 'NLHRed53' 6-max Seat #6 is the button
Seat 2: Hero ($24.06 in chips)
Seat 4: e804437b ($10.32 in chips)
Seat 5: 6eb98dae ($11.25 in chips)
Seat 6: fede2308 ($21.56 in chips)
Hero: posts small blind $0.05
e804437b: posts big blind $0.1
*** HOLE CARDS ***
Dealt to Hero [Ah 2s]
Dealt to e804437b 
Dealt to 6eb98dae 
Dealt to fede2308 
6eb98dae: raises $0.15 to $0.25
fede2308: folds
Hero: folds
e804437b: folds
Uncalled bet ($0.15) returned to 6eb98dae
*** SHOWDOWN ***
6eb98dae collected $0.25 from pot
*** SUMMARY ***
Total pot $0.25 | Rake $0 | Jackpot $0 | Bingo $0 | Fortune $0 | Tax $0
Seat 2: Hero (small blind) folded before Flop
Seat 4: e804437b (big blind) folded before Flop
Seat 5: 6eb98dae collected ($0.25)
Seat 6: fede2308 (button) folded before Flop (didn't bet)


Poker Hand #HD1776481097: Hold'em No Limit ($0.05/$0.1) - 2024/05/17 14:44:39
Table 'NLHRed53' 6-max Seat #5 is the button
Seat 2: Hero ($24.16 in chips)
Seat 4: e804437b ($10.32 in chips)
Seat 5: 6eb98dae ($11.1 in chips)
Seat 6: fede2308 ($21.61 in chips)
fede2308: posts small blind $0.05
Hero: posts big blind $0.1
*** HOLE CARDS ***
Dealt to Hero [7c Qh]
Dealt to e804437b 
Dealt to 6eb98dae 
Dealt to fede2308 
e804437b: folds
6eb98dae: raises $0.15 to $0.25
fede2308: folds
Hero: folds
Uncalled bet ($0.15) returned to 6eb98dae
*** SHOWDOWN ***
6eb98dae collected $0.25 from pot
*** SUMMARY ***
Total pot $0.25 | Rake $0 | Jackpot $0 | Bingo $0 | Fortune $0 | Tax $0
Seat 2: Hero (big blind) folded before Flop
Seat 4: e804437b folded before Flop (didn't bet)
Seat 5: 6eb98dae (button) collected ($0.25)
Seat 6: fede2308 (small blind) folded before Flop


Poker Hand #HD1776481076: Hold'em No Limit ($0.05/$0.1) - 2024/05/17 14:44:30
Table 'NLHRed53' 6-max Seat #4 is the button
Seat 2: Hero ($24.16 in chips)
Seat 4: e804437b ($10.32 in chips)
Seat 5: 6eb98dae ($11.15 in chips)
Seat 6: fede2308 ($21.56 in chips)
6eb98dae: posts small blind $0.05
fede2308: posts big blind $0.1
*** HOLE CARDS ***
Dealt to Hero [3c Ah]
Dealt to e804437b 
Dealt to 6eb98dae 
Dealt to fede2308 
Hero: folds
e804437b: folds
6eb98dae: folds
Uncalled bet ($0.05) returned to fede2308
*** SHOWDOWN ***
fede2308 collected $0.1 from pot
*** SUMMARY ***
Total pot $0.1 | Rake $0 | Jackpot $0 | Bingo $0 | Fortune $0 | Tax $0
Seat 2: Hero folded before Flop (didn't bet)
Seat 4: e804437b (button) folded before Flop (didn't bet)
Seat 5: 6eb98dae (small blind) folded before Flop
Seat 6: fede2308 (big blind) collected ($0.1)


Poker Hand #HD1776481011: Hold'em No Limit ($0.05/$0.1) - 2024/05/17 14:43:50
Table 'NLHRed53' 6-max Seat #2 is the button
Seat 2: Hero ($24.16 in chips)
Seat 4: e804437b ($10.37 in chips)
Seat 5: 6eb98dae ($10.83 in chips)
Seat 6: fede2308 ($21.86 in chips)
e804437b: posts small blind $0.05
6eb98dae: posts big blind $0.1
*** HOLE CARDS ***
Dealt to Hero [5c 9c]
Dealt to e804437b 
Dealt to 6eb98dae 
Dealt to fede2308 
fede2308: raises $0.2 to $0.3
Hero: folds
e804437b: folds
6eb98dae: calls $0.2
*** FLOP *** [8s Ah 2c]
6eb98dae: checks
fede2308: checks
*** TURN *** [8s Ah 2c] [3h]
6eb98dae: checks
fede2308: checks
*** RIVER *** [8s Ah 2c 3h] [Kh]
6eb98dae: checks
fede2308: checks
6eb98dae: shows [Jh Qc] (Ace-High)
fede2308: shows [Jc Ts] (Ace-High)
*** SHOWDOWN ***
6eb98dae collected $0.62 from pot
*** SUMMARY ***
Total pot $0.65 | Rake $0.03 | Jackpot $0 | Bingo $0 | Fortune $0 | Tax $0
Board [8s Ah 2c 3h Kh]
Seat 2: Hero (button) folded before Flop (didn't bet)
Seat 4: e804437b (small blind) folded before Flop
Seat 5: 6eb98dae (big blind) showed [Jh Qc] and won ($0.62) with Ace-High
Seat 6: fede2308 showed [Jc Ts] and lost with Ace-High


Poker Hand #HD1776480989: Hold'em No Limit ($0.05/$0.1) - 2024/05/17 14:43:40
Table 'NLHRed53' 6-max Seat #6 is the button
Seat 2: Hero ($24.21 in chips)
Seat 4: e804437b ($10.32 in chips)
Seat 5: 6eb98dae ($10.83 in chips)
Seat 6: fede2308 ($21.86 in chips)
Hero: posts small blind $0.05
e804437b: posts big blind $0.1
*** HOLE CARDS ***
Dealt to Hero [9d 8s]
Dealt to e804437b 
Dealt to 6eb98dae 
Dealt to fede2308 
6eb98dae: folds
fede2308: folds
Hero: folds
Uncalled bet ($0.05) returned to e804437b
*** SHOWDOWN ***
e804437b collected $0.1 from pot
*** SUMMARY ***
Total pot $0.1 | Rake $0 | Jackpot $0 | Bingo $0 | Fortune $0 | Tax $0
Seat 2: Hero (small blind) folded before Flop
Seat 4: e804437b (big blind) collected ($0.1)
Seat 5: 6eb98dae folded before Flop (didn't bet)
Seat 6: fede2308 (button) folded before Flop (didn't bet)


Poker Hand #HD1776480968: Hold'em No Limit ($0.05/$0.1) - 2024/05/17 14:43:26
Table 'NLHRed53' 6-max Seat #5 is the button
Seat 2: Hero ($24.16 in chips)
Seat 4: e804437b ($10.32 in chips)
Seat 5: 6eb98dae ($10.83 in chips)
Seat 6: fede2308 ($21.91 in chips)
fede2308: posts small blind $0.05
Hero: posts big blind $0.1
*** HOLE CARDS ***
Dealt to Hero [4c Qc]
Dealt to e804437b 
Dealt to 6eb98dae 
Dealt to fede2308 
e804437b: folds
6eb98dae: folds
fede2308: folds
Uncalled bet ($0.05) returned to Hero
*** SHOWDOWN ***
Hero collected $0.1 from pot
*** SUMMARY ***
Total pot $0.1 | Rake $0 | Jackpot $0 | Bingo $0 | Fortune $0 | Tax $0
Seat 2: Hero (big blind) collected ($0.1)
Seat 4: e804437b folded before Flop (didn't bet)
Seat 5: 6eb98dae (button) folded before Flop (didn't bet)
Seat 6: fede2308 (small blind) folded before Flop


Poker Hand #HD1776480914: Hold'em No Limit ($0.05/$0.1) - 2024/05/17 14:42:55
Table 'NLHRed53' 6-max Seat #4 is the button
Seat 2: Hero ($24.16 in chips)
Seat 4: e804437b ($10 in chips)
Seat 5: 6eb98dae ($10.88 in chips)
Seat 6: fede2308 ($22.21 in chips)
6eb98dae: posts small blind $0.05
fede2308: posts big blind $0.1
*** HOLE CARDS ***
Dealt to Hero [Th 4d]
Dealt to e804437b 
Dealt to 6eb98dae 
Dealt to fede2308 
Hero: folds
e804437b: raises $0.2 to $0.3
6eb98dae: folds
fede2308: calls $0.2
*** FLOP *** [4h 8h 3h]
fede2308: checks
e804437b: bets $0.33
fede2308: folds
Uncalled bet ($0.33) returned to e804437b
*** SHOWDOWN ***
e804437b collected $0.62 from pot
*** SUMMARY ***
Total pot $0.65 | Rake $0.03 | Jackpot $0 | Bingo $0 | Fortune $0 | Tax $0
Board [4h 8h 3h]
Seat 2: Hero folded before Flop (didn't bet)
Seat 4: e804437b (button) won ($0.62)
Seat 5: 6eb98dae (small blind) folded before Flop
Seat 6: fede2308 (big blind) folded on the Flop


Poker Hand #HD1776480833: Hold'em No Limit ($0.05/$0.1) - 2024/05/17 14:42:04
Table 'NLHRed53' 6-max Seat #2 is the button
Seat 2: Hero ($24.16 in chips)
Seat 4: e804437b ($10.05 in chips)
Seat 5: 6eb98dae ($10.98 in chips)
Seat 6: fede2308 ($21.84 in chips)
e804437b: posts small blind $0.05
6eb98dae: posts big blind $0.1
*** HOLE CARDS ***
Dealt to Hero [Kc Jd]
Dealt to e804437b 
Dealt to 6eb98dae 
Dealt to fede2308 
fede2308: raises $0.2 to $0.3
Hero: folds
e804437b: calls $0.25
6eb98dae: folds
*** FLOP *** [3s 5h Qh]
e804437b: checks
fede2308: checks
*** TURN *** [3s 5h Qh] [Qc]
e804437b: checks
fede2308: checks
*** RIVER *** [3s 5h Qh Qc] [2s]
e804437b: checks
fede2308: checks
e804437b: shows [6c 7c] (Pair of Queens)
fede2308: shows [Jc 9c] (Pair of Queens)
*** SHOWDOWN ***
fede2308 collected $0.67 from pot
*** SUMMARY ***
Total pot $0.7 | Rake $0.03 | Jackpot $0 | Bingo $0 | Fortune $0 | Tax $0
Board [3s 5h Qh Qc 2s]
Seat 2: Hero (button) folded before Flop (didn't bet)
Seat 4: e804437b (small blind) showed [6c 7c] and lost with Pair of Queens
Seat 5: 6eb98dae (big blind) folded before Flop
Seat 6: fede2308 showed [Jc 9c] and won ($0.67) with Pair of Queens


Poker Hand #HD1776480799: Hold'em No Limit ($0.05/$0.1) - 2024/05/17 14:41:47
Table 'NLHRed53' 6-max Seat #6 is the button
Seat 2: Hero ($24.21 in chips)
Seat 4: e804437b ($10.15 in chips)
Seat 5: 6eb98dae ($10.83 in chips)
Seat 6: fede2308 ($21.84 in chips)
Hero: posts small blind $0.05
e804437b: posts big blind $0.1
*** HOLE CARDS ***
Dealt to Hero [8c Ts]
Dealt to e804437b 
Dealt to 6eb98dae 
Dealt to fede2308 
6eb98dae: raises $0.15 to $0.25
fede2308: folds
Hero: folds
e804437b: folds
Uncalled bet ($0.15) returned to 6eb98dae
*** SHOWDOWN ***
6eb98dae collected $0.25 from pot
*** SUMMARY ***
Total pot $0.25 | Rake $0 | Jackpot $0 | Bingo $0 | Fortune $0 | Tax $0
Seat 2: Hero (small blind) folded before Flop
Seat 4: e804437b (big blind) folded before Flop
Seat 5: 6eb98dae collected ($0.25)
Seat 6: fede2308 (button) folded before Flop (didn't bet)


Poker Hand #HD1776480779: Hold'em No Limit ($0.05/$0.1) - 2024/05/17 14:41:31
Table 'NLHRed53' 6-max Seat #5 is the button
Seat 2: Hero ($24.31 in chips)
Seat 4: e804437b ($10 in chips)
Seat 5: 6eb98dae ($10.83 in chips)
Seat 6: fede2308 ($21.89 in chips)
fede2308: posts small blind $0.05
Hero: posts big blind $0.1
*** HOLE CARDS ***
Dealt to Hero [Qh 9s]
Dealt to e804437b 
Dealt to 6eb98dae 
Dealt to fede2308 
e804437b: raises $0.2 to $0.3
6eb98dae: folds
fede2308: folds
Hero: folds
Uncalled bet ($0.2) returned to e804437b
*** SHOWDOWN ***
e804437b collected $0.25 from pot
*** SUMMARY ***
Total pot $0.25 | Rake $0 | Jackpot $0 | Bingo $0 | Fortune $0 | Tax $0
Seat 2: Hero (big blind) folded before Flop
Seat 4: e804437b collected ($0.25)
Seat 5: 6eb98dae (button) folded before Flop (didn't bet)
Seat 6: fede2308 (small blind) folded before Flop


Poker Hand #HD1776480734: Hold'em No Limit ($0.05/$0.1) - 2024/05/17 14:41:07
Table 'NLHRed53' 6-max Seat #4 is the button
Seat 2: Hero ($24.31 in chips)
Seat 4: e804437b ($10 in chips)
Seat 5: 6eb98dae ($10.88 in chips)
Seat 6: fede2308 ($21.84 in chips)
6eb98dae: posts small blind $0.05
fede2308: posts big blind $0.1
*** HOLE CARDS ***
Dealt to Hero [Qc Ts]
Dealt to e804437b 
Dealt to 6eb98dae 
Dealt to fede2308 
Hero: folds
e804437b: folds
6eb98dae: folds
Uncalled bet ($0.05) returned to fede2308
*** SHOWDOWN ***
fede2308 collected $0.1 from pot
*** SUMMARY ***
Total pot $0.1 | Rake $0 | Jackpot $0 | Bingo $0 | Fortune $0 | Tax $0
Seat 2: Hero folded before Flop (didn't bet)
Seat 4: e804437b (button) folded before Flop (didn't bet)
Seat 5: 6eb98dae (small blind) folded before Flop
Seat 6: fede2308 (big blind) collected ($0.1)


Poker Hand #HD1776480715: Hold'em No Limit ($0.05/$0.1) - 2024/05/17 14:40:57
Table 'NLHRed53' 6-max Seat #2 is the button
Seat 2: Hero ($24.31 in chips)
Seat 4: e804437b ($10 in chips)
Seat 5: 6eb98dae ($10.83 in chips)
Seat 6: fede2308 ($21.84 in chips)
e804437b: posts small blind $0.05
6eb98dae: posts big blind $0.1
*** HOLE CARDS ***
Dealt to Hero [Th 7c]
Dealt to e804437b 
Dealt to 6eb98dae 
Dealt to fede2308 
fede2308: folds
Hero: folds
e804437b: folds
Uncalled bet ($0.05) returned to 6eb98dae
*** SHOWDOWN ***
6eb98dae collected $0.1 from pot
*** SUMMARY ***
Total pot $0.1 | Rake $0 | Jackpot $0 | Bingo $0 | Fortune $0 | Tax $0
Seat 2: Hero (button) folded before Flop (didn't bet)
Seat 4: e804437b (small blind) folded before Flop
Seat 5: 6eb98dae (big blind) collected ($0.1)
Seat 6: fede2308 folded before Flop (didn't bet)


Poker Hand #HD1776480648: Hold'em No Limit ($0.05/$0.1) - 2024/05/17 14:40:20
Table 'NLHRed53' 6-max Seat #6 is the button
Seat 2: Hero ($22.89 in chips)
Seat 4: e804437b ($10 in chips)
Seat 5: 6eb98dae ($11.08 in chips)
Seat 6: fede2308 ($23.04 in chips)
Hero: posts small blind $0.05
e804437b: posts big blind $0.1
*** HOLE CARDS ***
Dealt to Hero [9s 9h]
Dealt to e804437b 
Dealt to 6eb98dae 
Dealt to fede2308 
6eb98dae: raises $0.15 to $0.25
fede2308: calls $0.25
Hero: raises $0.95 to $1.2
e804437b: folds
6eb98dae: folds
fede2308: calls $0.95
*** FLOP *** [Ac As Kc]
Hero: bets $0.91
fede2308: folds
Uncalled bet ($0.91) returned to Hero
*** SHOWDOWN ***
Hero collected $2.62 from pot
*** SUMMARY ***
Total pot $2.75 | Rake $0.13 | Jackpot $0 | Bingo $0 | Fortune $0 | Tax $0
Board [Ac As Kc]
Seat 2: Hero (small blind) won ($2.62)
Seat 4: e804437b (big blind) folded before Flop
Seat 5: 6eb98dae folded before Flop
Seat 6: fede2308 (button) folded on the Flop


Poker Hand #HD1776480626: Hold'em No Limit ($0.05/$0.1) - 2024/05/17 14:40:08
Table 'NLHRed53' 6-max Seat #5 is the button
Seat 2: Hero ($22.99 in chips)
Seat 4: e804437b ($10 in chips)
Seat 5: 6eb98dae ($11.08 in chips)
Seat 6: fede2308 ($22.94 in chips)
fede2308: posts small blind $0.05
Hero: posts big blind $0.1
*** HOLE CARDS ***
Dealt to Hero [4s 2c]
Dealt to e804437b 
Dealt to 6eb98dae 
Dealt to fede2308 
e804437b: folds
6eb98dae: folds
fede2308: raises $0.2 to $0.3
Hero: folds
Uncalled bet ($0.2) returned to fede2308
*** SHOWDOWN ***
fede2308 collected $0.2 from pot
*** SUMMARY ***
Total pot $0.2 | Rake $0 | Jackpot $0 | Bingo $0 | Fortune $0 | Tax $0
Seat 2: Hero (big blind) folded before Flop
Seat 4: e804437b folded before Flop (didn't bet)
Seat 5: 6eb98dae (button) folded before Flop (didn't bet)
Seat 6: fede2308 (small blind) collected ($0.2)


Poker Hand #HD1776480612: Hold'em No Limit ($0.05/$0.1) - 2024/05/17 14:39:59
Table 'NLHRed53' 6-max Seat #4 is the button
Seat 2: Hero ($22.99 in chips)
Seat 4: e804437b ($10 in chips)
Seat 5: 6eb98dae ($11.13 in chips)
Seat 6: fede2308 ($22.89 in chips)
6eb98dae: posts small blind $0.05
fede2308: posts big blind $0.1
*** HOLE CARDS ***
Dealt to Hero [5c 7c]
Dealt to e804437b 
Dealt to 6eb98dae 
Dealt to fede2308 
Hero: folds
e804437b: folds
6eb98dae: folds
Uncalled bet ($0.05) returned to fede2308
*** SHOWDOWN ***
fede2308 collected $0.1 from pot
*** SUMMARY ***
Total pot $0.1 | Rake $0 | Jackpot $0 | Bingo $0 | Fortune $0 | Tax $0
Seat 2: Hero folded before Flop (didn't bet)
Seat 4: e804437b (button) folded before Flop (didn't bet)
Seat 5: 6eb98dae (small blind) folded before Flop
Seat 6: fede2308 (big blind) collected ($0.1)


Poker Hand #HD1776480559: Hold'em No Limit ($0.05/$0.1) - 2024/05/17 14:39:31
Table 'NLHRed53' 6-max Seat #2 is the button
Seat 2: Hero ($22.99 in chips)
Seat 4: e804437b ($10 in chips)
Seat 5: 6eb98dae ($11.43 in chips)
Seat 6: fede2308 ($22.57 in chips)
e804437b: posts small blind $0.05
6eb98dae: posts big blind $0.1
*** HOLE CARDS ***
Dealt to Hero [Qh 8s]
Dealt to e804437b 
Dealt to 6eb98dae 
Dealt to fede2308 
fede2308: raises $0.2 to $0.3
Hero: folds
e804437b: folds
6eb98dae: calls $0.2
*** FLOP *** [Ks 3d 4c]
6eb98dae: checks
fede2308: bets $0.33
6eb98dae: folds
Uncalled bet ($0.33) returned to fede2308
*** SHOWDOWN ***
fede2308 collected $0.62 from pot
*** SUMMARY ***
Total pot $0.65 | Rake $0.03 | Jackpot $0 | Bingo $0 | Fortune $0 | Tax $0
Board [Ks 3d 4c]
Seat 2: Hero (button) folded before Flop (didn't bet)
Seat 4: e804437b (small blind) folded before Flop
Seat 5: 6eb98dae (big blind) folded on the Flop
Seat 6: fede2308 won ($0.62)


Poker Hand #HD1776480536: Hold'em No Limit ($0.05/$0.1) - 2024/05/17 14:39:19
Table 'NLHRed53' 6-max Seat #6 is the button
Seat 2: Hero ($23.04 in chips)
Seat 4: e804437b ($10 in chips)
Seat 5: 6eb98dae ($11.28 in chips)
Seat 6: fede2308 ($22.57 in chips)
Hero: posts small blind $0.05
e804437b: posts big blind $0.1
*** HOLE CARDS ***
Dealt to Hero [9h Jh]
Dealt to e804437b 
Dealt to 6eb98dae 
Dealt to fede2308 
6eb98dae: raises $0.15 to $0.25
fede2308: folds
Hero: folds
e804437b: folds
Uncalled bet ($0.15) returned to 6eb98dae
*** SHOWDOWN ***
6eb98dae collected $0.25 from pot
*** SUMMARY ***
Total pot $0.25 | Rake $0 | Jackpot $0 | Bingo $0 | Fortune $0 | Tax $0
Seat 2: Hero (small blind) folded before Flop
Seat 4: e804437b (big blind) folded before Flop
Seat 5: 6eb98dae collected ($0.25)
Seat 6: fede2308 (button) folded before Flop (didn't bet)


Poker Hand #HD1776480511: Hold'em No Limit ($0.05/$0.1) - 2024/05/17 14:39:06
Table 'NLHRed53' 6-max Seat #5 is the button
Seat 2: Hero ($23.14 in chips)
Seat 4: e804437b ($10 in chips)
Seat 5: 6eb98dae ($11.13 in chips)
Seat 6: fede2308 ($22.62 in chips)
fede2308: posts small blind $0.05
Hero: posts big blind $0.1
*** HOLE CARDS ***
Dealt to Hero [3s 2h]
Dealt to e804437b 
Dealt to 6eb98dae 
Dealt to fede2308 
e804437b: folds
6eb98dae: raises $0.15 to $0.25
fede2308: folds
Hero: folds
Uncalled bet ($0.15) returned to 6eb98dae
*** SHOWDOWN ***
6eb98dae collected $0.25 from pot
*** SUMMARY ***
Total pot $0.25 | Rake $0 | Jackpot $0 | Bingo $0 | Fortune $0 | Tax $0
Seat 2: Hero (big blind) folded before Flop
Seat 4: e804437b folded before Flop (didn't bet)
Seat 5: 6eb98dae (button) collected ($0.25)
Seat 6: fede2308 (small blind) folded before Flop


Poker Hand #HD1776480445: Hold'em No Limit ($0.05/$0.1) - 2024/05/17 14:38:27
Table 'NLHRed53' 6-max Seat #4 is the button
Seat 2: Hero ($23.14 in chips)
Seat 4: e804437b ($10 in chips)
Seat 5: 6eb98dae ($10.05 in chips)
Seat 6: fede2308 ($23.82 in chips)
6eb98dae: posts small blind $0.05
fede2308: posts big blind $0.1
*** HOLE CARDS ***
Dealt to Hero [Qs 6h]
Dealt to e804437b 
Dealt to 6eb98dae 
Dealt to fede2308 
Hero: folds
e804437b: folds
6eb98dae: raises $0.1 to $0.2
fede2308: raises $0.4 to $0.6
6eb98dae: calls $0.4
*** FLOP *** [2h As 3c]
6eb98dae: checks
fede2308: bets $0.6
6eb98dae: calls $0.6
*** TURN *** [2h As 3c] [Jh]
6eb98dae: checks
fede2308: checks
*** RIVER *** [2h As 3c Jh] [4h]
6eb98dae: bets $0.8
fede2308: folds
Uncalled bet ($0.8) returned to 6eb98dae
*** SHOWDOWN ***
6eb98dae collected $2.28 from pot
*** SUMMARY ***
Total pot $2.4 | Rake $0.12 | Jackpot $0 | Bingo $0 | Fortune $0 | Tax $0
Board [2h As 3c Jh 4h]
Seat 2: Hero folded before Flop (didn't bet)
Seat 4: e804437b (button) folded before Flop (didn't bet)
Seat 5: 6eb98dae (small blind) won ($2.28)
Seat 6: fede2308 (big blind) folded on the River


Poker Hand #HD1776480426: Hold'em No Limit ($0.05/$0.1) - 2024/05/17 14:38:16
Table 'NLHRed53' 6-max Seat #2 is the button
Seat 2: Hero ($23.14 in chips)
Seat 4: e804437b ($10.05 in chips)
Seat 5: 6eb98dae ($10 in chips)
Seat 6: fede2308 ($23.82 in chips)
e804437b: posts small blind $0.05
6eb98dae: posts big blind $0.1
*** HOLE CARDS ***
Dealt to Hero [2h Th]
Dealt to e804437b 
Dealt to 6eb98dae 
Dealt to fede2308 
fede2308: folds
Hero: folds
e804437b: folds
Uncalled bet ($0.05) returned to 6eb98dae
*** SHOWDOWN ***
6eb98dae collected $0.1 from pot
*** SUMMARY ***
Total pot $0.1 | Rake $0 | Jackpot $0 | Bingo $0 | Fortune $0 | Tax $0
Seat 2: Hero (button) folded before Flop (didn't bet)
Seat 4: e804437b (small blind) folded before Flop
Seat 5: 6eb98dae (big blind) collected ($0.1)
Seat 6: fede2308 folded before Flop (didn't bet)


Poker Hand #HD1776480391: Hold'em No Limit ($0.05/$0.1) - 2024/05/17 14:37:59
Table 'NLHRed53' 6-max Seat #6 is the button
Seat 2: Hero ($23.04 in chips)
Seat 4: e804437b ($10.15 in chips)
Seat 5: 6eb98dae ($10 in chips)
Seat 6: fede2308 ($23.82 in chips)
Hero: posts small blind $0.05
e804437b: posts big blind $0.1
*** HOLE CARDS ***
Dealt to Hero [Qh 9d]
Dealt to e804437b 
Dealt to 6eb98dae 
Dealt to fede2308 
6eb98dae: folds
fede2308: folds
Hero: raises $0.2 to $0.3
e804437b: folds
Uncalled bet ($0.2) returned to Hero
*** SHOWDOWN ***
Hero collected $0.2 from pot
*** SUMMARY ***
Total pot $0.2 | Rake $0 | Jackpot $0 | Bingo $0 | Fortune $0 | Tax $0
Seat 2: Hero (small blind) collected ($0.2)
Seat 4: e804437b (big blind) folded before Flop
Seat 5: 6eb98dae folded before Flop (didn't bet)
Seat 6: fede2308 (button) folded before Flop (didn't bet)


Poker Hand #HD1776480204: Hold'em No Limit ($0.05/$0.1) - 2024/05/17 14:36:03
Table 'NLHRed53' 6-max Seat #5 is the button
Seat 2: Hero ($12.07 in chips)
Seat 3: 6c7ce71f ($12.02 in chips)
Seat 4: e804437b ($10.15 in chips)
Seat 5: 6eb98dae ($10 in chips)
Seat 6: fede2308 ($23.87 in chips)
fede2308: posts small blind $0.05
Hero: posts big blind $0.1
*** HOLE CARDS ***
Dealt to Hero [As 3s]
Dealt to 6c7ce71f 
Dealt to e804437b 
Dealt to 6eb98dae 
Dealt to fede2308 
6c7ce71f: raises $0.1 to $0.2
e804437b: folds
6eb98dae: folds
fede2308: folds
Hero: calls $0.1
*** FLOP *** [9s Ts 4s]
Hero: checks
6c7ce71f: bets $0.45
Hero: raises $0.75 to $1.2
6c7ce71f: calls $0.75
*** TURN *** [9s Ts 4s] [4h]
Hero: bets $0.95
6c7ce71f: raises $0.95 to $1.9
Hero: calls $0.95
*** RIVER *** [9s Ts 4s 4h] [Qs]
Hero: checks
6c7ce71f: bets $6.65
Hero: raises $2.12 to $8.77 and is all-in
6c7ce71f: calls $2.07 and is all-in
Uncalled bet ($0.05) returned to Hero
Hero: shows [As 3s] (Ace High Flush)
6c7ce71f: shows [Js Td] (Queen High Flush)
*** SHOWDOWN ***
Hero collected $22.99 from pot
*** SUMMARY ***
Total pot $24.09 | Rake $1 | Jackpot $0.1 | Bingo $0 | Fortune $0 | Tax $0
Board [9s Ts 4s 4h Qs]
Seat 2: Hero (big blind) showed [As 3s] and won ($22.99) with Ace High Flush
Seat 3: 6c7ce71f showed [Js Td] and lost with Queen High Flush
Seat 4: e804437b folded before Flop (didn't bet)
Seat 5: 6eb98dae (button) folded before Flop (didn't bet)
Seat 6: fede2308 (small blind) folded before Flop


Poker Hand #HD1776480160: Hold'em No Limit ($0.05/$0.1) - 2024/05/17 14:35:40
Table 'NLHRed53' 6-max Seat #4 is the button
Seat 2: Hero ($12.07 in chips)
Seat 3: 6c7ce71f ($12.02 in chips)
Seat 4: e804437b ($10 in chips)
Seat 5: 6eb98dae ($10 in chips)
Seat 6: fede2308 ($23.97 in chips)
6eb98dae: posts small blind $0.05
fede2308: posts big blind $0.1
*** HOLE CARDS ***
Dealt to Hero [4d 6d]
Dealt to 6c7ce71f 
Dealt to e804437b 
Dealt to 6eb98dae 
Dealt to fede2308 
Hero: folds
6c7ce71f: folds
e804437b: raises $0.2 to $0.3
6eb98dae: folds
fede2308: folds
Uncalled bet ($0.2) returned to e804437b
*** SHOWDOWN ***
e804437b collected $0.25 from pot
*** SUMMARY ***
Total pot $0.25 | Rake $0 | Jackpot $0 | Bingo $0 | Fortune $0 | Tax $0
Seat 2: Hero folded before Flop (didn't bet)
Seat 3: 6c7ce71f folded before Flop (didn't bet)
Seat 4: e804437b (button) collected ($0.25)
Seat 5: 6eb98dae (small blind) folded before Flop
Seat 6: fede2308 (big blind) folded before Flop


Poker Hand #HD1776480137: Hold'em No Limit ($0.05/$0.1) - 2024/05/17 14:35:27
Table 'NLHRed53' 6-max Seat #3 is the button
Seat 2: Hero ($12.07 in chips)
Seat 3: 6c7ce71f ($12.02 in chips)
Seat 4: e804437b ($10.05 in chips)
Seat 5: 6eb98dae ($10 in chips)
Seat 6: fede2308 ($23.82 in chips)
e804437b: posts small blind $0.05
6eb98dae: posts big blind $0.1
*** HOLE CARDS ***
Dealt to Hero [3s Jc]
Dealt to 6c7ce71f 
Dealt to e804437b 
Dealt to 6eb98dae 
Dealt to fede2308 
fede2308: raises $0.1 to $0.2
Hero: folds
6c7ce71f: folds
e804437b: folds
6eb98dae: folds
Uncalled bet ($0.1) returned to fede2308
*** SHOWDOWN ***
fede2308 collected $0.25 from pot
*** SUMMARY ***
Total pot $0.25 | Rake $0 | Jackpot $0 | Bingo $0 | Fortune $0 | Tax $0
Seat 2: Hero folded before Flop (didn't bet)
Seat 3: 6c7ce71f (button) folded before Flop (didn't bet)
Seat 4: e804437b (small blind) folded before Flop
Seat 5: 6eb98dae (big blind) folded before Flop
Seat 6: fede2308 collected ($0.25)


Poker Hand #HD1776480097: Hold'em No Limit ($0.05/$0.1) - 2024/05/17 14:35:01
Table 'NLHRed53' 6-max Seat #2 is the button
Seat 2: Hero ($12.07 in chips)
Seat 3: 6c7ce71f ($12.07 in chips)
Seat 4: e804437b ($10 in chips)
Seat 5: 6eb98dae ($10 in chips)
Seat 6: fede2308 ($23.82 in chips)
6c7ce71f: posts small blind $0.05
e804437b: posts big blind $0.1
*** HOLE CARDS ***
Dealt to Hero [5h 3d]
Dealt to 6c7ce71f 
Dealt to e804437b 
Dealt to 6eb98dae 
Dealt to fede2308 
6eb98dae: folds
fede2308: folds
Hero: folds
6c7ce71f: folds
Uncalled bet ($0.05) returned to e804437b
*** SHOWDOWN ***
e804437b collected $0.1 from pot
*** SUMMARY ***
Total pot $0.1 | Rake $0 | Jackpot $0 | Bingo $0 | Fortune $0 | Tax $0
Seat 2: Hero (button) folded before Flop (didn't bet)
Seat 3: 6c7ce71f (small blind) folded before Flop
Seat 4: e804437b (big blind) collected ($0.1)
Seat 5: 6eb98dae folded before Flop (didn't bet)
Seat 6: fede2308 folded before Flop (didn't bet)


Poker Hand #HD1776480049: Hold'em No Limit ($0.05/$0.1) - 2024/05/17 14:34:39
Table 'NLHRed53' 6-max Seat #6 is the button
Seat 2: Hero ($11.88 in chips)
Seat 3: 6c7ce71f ($12.17 in chips)
Seat 4: e804437b ($10 in chips)
Seat 5: 6eb98dae ($10 in chips)
Seat 6: fede2308 ($23.82 in chips)
Hero: posts small blind $0.05
6c7ce71f: posts big blind $0.1
e804437b: posts big blind $0.1
*** HOLE CARDS ***
Dealt to Hero [Qd Td]
Dealt to 6c7ce71f 
Dealt to e804437b 
Dealt to 6eb98dae 
Dealt to fede2308 
e804437b: checks
6eb98dae: folds
fede2308: folds
Hero: raises $0.3 to $0.4
6c7ce71f: folds
e804437b: folds
Uncalled bet ($0.3) returned to Hero
*** SHOWDOWN ***
Hero collected $0.29 from pot
*** SUMMARY ***
Total pot $0.3 | Rake $0.01 | Jackpot $0 | Bingo $0 | Fortune $0 | Tax $0
Seat 2: Hero (small blind) collected ($0.29)
Seat 3: 6c7ce71f (big blind) folded before Flop
Seat 4: e804437b folded before Flop
Seat 5: 6eb98dae folded before Flop (didn't bet)
Seat 6: fede2308 (button) folded before Flop (didn't bet)


Poker Hand #HD1776479974: Hold'em No Limit ($0.05/$0.1) - 2024/05/17 14:33:51
Table 'NLHRed53' 6-max Seat #5 is the button
Seat 1: 20ddc973 ($4.03 in chips)
Seat 2: Hero ($11.88 in chips)
Seat 3: 6c7ce71f ($12.17 in chips)
Seat 5: 6eb98dae ($10 in chips)
Seat 6: fede2308 ($20.28 in chips)
fede2308: posts small blind $0.05
20ddc973: posts big blind $0.1
*** HOLE CARDS ***
Dealt to 20ddc973 
Dealt to Hero [3h 2h]
Dealt to 6c7ce71f 
Dealt to 6eb98dae 
Dealt to fede2308 
Hero: folds
6c7ce71f: folds
6eb98dae: folds
fede2308: raises $0.2 to $0.3
20ddc973: calls $0.2
*** FLOP *** [7s 3d Ad]
fede2308: bets $0.3
20ddc973: calls $0.3
*** TURN *** [7s 3d Ad] [4s]
fede2308: bets $0.9
20ddc973: calls $0.9
*** RIVER *** [7s 3d Ad 4s] [Js]
fede2308: bets $2.6
20ddc973: calls $2.53 and is all-in
Uncalled bet ($0.07) returned to fede2308
fede2308: shows [As 4d] (Pair of Aces and Pair of Fours)
20ddc973: shows [8d Ac] (Pair of Aces)
*** SHOWDOWN ***
fede2308 collected $7.57 from pot
*** SUMMARY ***
Total pot $8.06 | Rake $0.39 | Jackpot $0.1 | Bingo $0 | Fortune $0 | Tax $0
Board [7s 3d Ad 4s Js]
Seat 1: 20ddc973 (big blind) showed [8d Ac] and lost with Pair of Aces
Seat 2: Hero folded before Flop (didn't bet)
Seat 3: 6c7ce71f folded before Flop (didn't bet)
Seat 5: 6eb98dae (button) folded before Flop (didn't bet)
Seat 6: fede2308 (small blind) showed [As 4d] and won ($7.57) with Pair of Aces and Pair of Fours


Poker Hand #HD1776479958: Hold'em No Limit ($0.05/$0.1) - 2024/05/17 14:33:42
Table 'NLHRed53' 6-max Seat #3 is the button
Seat 1: 20ddc973 ($3.88 in chips)
Seat 2: Hero ($11.88 in chips)
Seat 3: 6c7ce71f ($12.17 in chips)
Seat 5: 6eb98dae ($10.05 in chips)
Seat 6: fede2308 ($20.38 in chips)
6eb98dae: posts small blind $0.05
fede2308: posts big blind $0.1
*** HOLE CARDS ***
Dealt to 20ddc973 
Dealt to Hero [5h 5s]
Dealt to 6c7ce71f 
Dealt to 6eb98dae 
Dealt to fede2308 
20ddc973: raises $0.2 to $0.3
Hero: folds
6c7ce71f: folds
6eb98dae: folds
fede2308: folds
Uncalled bet ($0.2) returned to 20ddc973
*** SHOWDOWN ***
20ddc973 collected $0.25 from pot
*** SUMMARY ***
Total pot $0.25 | Rake $0 | Jackpot $0 | Bingo $0 | Fortune $0 | Tax $0
Seat 1: 20ddc973 collected ($0.25)
Seat 2: Hero folded before Flop (didn't bet)
Seat 3: 6c7ce71f (button) folded before Flop (didn't bet)
Seat 5: 6eb98dae (small blind) folded before Flop
Seat 6: fede2308 (big blind) folded before Flop


Poker Hand #HD1776479911: Hold'em No Limit ($0.05/$0.1) - 2024/05/17 14:33:19
Table 'NLHRed53' 6-max Seat #2 is the button
Seat 1: 20ddc973 ($4.18 in chips)
Seat 2: Hero ($11.46 in chips)
Seat 3: 6c7ce71f ($12.22 in chips)
Seat 5: 6eb98dae ($10.15 in chips)
Seat 6: fede2308 ($20.38 in chips)
6c7ce71f: posts small blind $0.05
6eb98dae: posts big blind $0.1
*** HOLE CARDS ***
Dealt to 20ddc973 
Dealt to Hero [Kh Ah]
Dealt to 6c7ce71f 
Dealt to 6eb98dae 
Dealt to fede2308 
fede2308: folds
20ddc973: raises $0.2 to $0.3
Hero: raises $0.6 to $0.9
6c7ce71f: folds
6eb98dae: folds
20ddc973: folds
Uncalled bet ($0.6) returned to Hero
*** SHOWDOWN ***
Hero collected $0.72 from pot
*** SUMMARY ***
Total pot $0.75 | Rake $0.03 | Jackpot $0 | Bingo $0 | Fortune $0 | Tax $0
Seat 1: 20ddc973 folded before Flop
Seat 2: Hero (button) collected ($0.72)
Seat 3: 6c7ce71f (small blind) folded before Flop
Seat 5: 6eb98dae (big blind) folded before Flop
Seat 6: fede2308 folded before Flop (didn't bet)


Poker Hand #HD1776479865: Hold'em No Limit ($0.05/$0.1) - 2024/05/17 14:32:52
Table 'NLHRed53' 6-max Seat #1 is the button
Seat 1: 20ddc973 ($3.85 in chips)
Seat 2: Hero ($11.51 in chips)
Seat 3: 6c7ce71f ($12.32 in chips)
Seat 4: 10df5bc6 ($18.88 in chips)
Seat 5: 6eb98dae ($10.15 in chips)
Seat 6: fede2308 ($20.38 in chips)
Hero: posts small blind $0.05
6c7ce71f: posts big blind $0.1
*** HOLE CARDS ***
Dealt to 20ddc973 
Dealt to Hero [5d 3d]
Dealt to 6c7ce71f 
Dealt to 10df5bc6 
Dealt to 6eb98dae 
Dealt to fede2308 
10df5bc6: raises $0.1 to $0.2
6eb98dae: folds
fede2308: folds
20ddc973: calls $0.2
Hero: folds
6c7ce71f: folds
*** FLOP *** [5s Qh 4d]
10df5bc6: checks
20ddc973: bets $0.28
10df5bc6: folds
Uncalled bet ($0.28) returned to 20ddc973
*** SHOWDOWN ***
20ddc973 collected $0.53 from pot
*** SUMMARY ***
Total pot $0.55 | Rake $0.02 | Jackpot $0 | Bingo $0 | Fortune $0 | Tax $0
Board [5s Qh 4d]
Seat 1: 20ddc973 (button) won ($0.53)
Seat 2: Hero (small blind) folded before Flop
Seat 3: 6c7ce71f (big blind) folded before Flop
Seat 4: 10df5bc6 folded on the Flop
Seat 5: 6eb98dae folded before Flop (didn't bet)
Seat 6: fede2308 folded before Flop (didn't bet)


Poker Hand #HD1776479823: Hold'em No Limit ($0.05/$0.1) - 2024/05/17 14:32:29
Table 'NLHRed53' 6-max Seat #6 is the button
Seat 1: 20ddc973 ($3.9 in chips)
Seat 2: Hero ($11.61 in chips)
Seat 3: 6c7ce71f ($12.32 in chips)
Seat 4: 10df5bc6 ($18.88 in chips)
Seat 5: 6eb98dae ($10 in chips)
Seat 6: fede2308 ($20.38 in chips)
20ddc973: posts small blind $0.05
Hero: posts big blind $0.1
*** HOLE CARDS ***
Dealt to 20ddc973 
Dealt to Hero [Ks 7d]
Dealt to 6c7ce71f 
Dealt to 10df5bc6 
Dealt to 6eb98dae 
Dealt to fede2308 
6c7ce71f: folds
10df5bc6: folds
6eb98dae: raises $0.15 to $0.25
fede2308: folds
20ddc973: folds
Hero: folds
Uncalled bet ($0.15) returned to 6eb98dae
*** SHOWDOWN ***
6eb98dae collected $0.25 from pot
*** SUMMARY ***
Total pot $0.25 | Rake $0 | Jackpot $0 | Bingo $0 | Fortune $0 | Tax $0
Seat 1: 20ddc973 (small blind) folded before Flop
Seat 2: Hero (big blind) folded before Flop
Seat 3: 6c7ce71f folded before Flop (didn't bet)
Seat 4: 10df5bc6 folded before Flop (didn't bet)
Seat 5: 6eb98dae collected ($0.25)
Seat 6: fede2308 (button) folded before Flop (didn't bet)


Poker Hand #HD1776479789: Hold'em No Limit ($0.05/$0.1) - 2024/05/17 14:32:15
Table 'NLHRed53' 6-max Seat #5 is the button
Seat 1: 20ddc973 ($3.85 in chips)
Seat 2: Hero ($11.61 in chips)
Seat 3: 6c7ce71f ($12.32 in chips)
Seat 4: 10df5bc6 ($18.88 in chips)
Seat 5: 6eb98dae ($10 in chips)
Seat 6: fede2308 ($20.43 in chips)
fede2308: posts small blind $0.05
20ddc973: posts big blind $0.1
*** HOLE CARDS ***
Dealt to 20ddc973 
Dealt to Hero [6d 7h]
Dealt to 6c7ce71f 
Dealt to 10df5bc6 
Dealt to 6eb98dae 
Dealt to fede2308 
Hero: folds
6c7ce71f: folds
10df5bc6: folds
6eb98dae: folds
fede2308: folds
Uncalled bet ($0.05) returned to 20ddc973
*** SHOWDOWN ***
20ddc973 collected $0.1 from pot
*** SUMMARY ***
Total pot $0.1 | Rake $0 | Jackpot $0 | Bingo $0 | Fortune $0 | Tax $0
Seat 1: 20ddc973 (big blind) collected ($0.1)
Seat 2: Hero folded before Flop (didn't bet)
Seat 3: 6c7ce71f folded before Flop (didn't bet)
Seat 4: 10df5bc6 folded before Flop (didn't bet)
Seat 5: 6eb98dae (button) folded before Flop (didn't bet)
Seat 6: fede2308 (small blind) folded before Flop


Poker Hand #HD1776479767: Hold'em No Limit ($0.05/$0.1) - 2024/05/17 14:32:00
Table 'NLHRed53' 6-max Seat #4 is the button
Seat 1: 20ddc973 ($3.7 in chips)
Seat 2: Hero ($11.61 in chips)
Seat 3: 6c7ce71f ($12.32 in chips)
Seat 4: 10df5bc6 ($18.88 in chips)
Seat 5: 6eb98dae ($10 in chips)
Seat 6: fede2308 ($20.53 in chips)
6eb98dae: posts small blind $0.05
fede2308: posts big blind $0.1
20ddc973: posts big blind $0.1
*** HOLE CARDS ***
Dealt to 20ddc973 
Dealt to Hero [As 3s]
Dealt to 6c7ce71f 
Dealt to 10df5bc6 
Dealt to 6eb98dae 
Dealt to fede2308 
20ddc973: raises $0.2 to $0.3
Hero: folds
6c7ce71f: folds
10df5bc6: folds
6eb98dae: folds
fede2308: folds
Uncalled bet ($0.2) returned to 20ddc973
*** SHOWDOWN ***
20ddc973 collected $0.25 from pot
*** SUMMARY ***
Total pot $0.25 | Rake $0 | Jackpot $0 | Bingo $0 | Fortune $0 | Tax $0
Seat 1: 20ddc973 collected ($0.25)
Seat 2: Hero folded before Flop (didn't bet)
Seat 3: 6c7ce71f folded before Flop (didn't bet)
Seat 4: 10df5bc6 (button) folded before Flop (didn't bet)
Seat 5: 6eb98dae (small blind) folded before Flop
Seat 6: fede2308 (big blind) folded before Flop


Poker Hand #HD1776479697: Hold'em No Limit ($0.05/$0.1) - 2024/05/17 14:31:11
Table 'NLHRed53' 6-max Seat #3 is the button
Seat 2: Hero ($11.11 in chips)
Seat 3: 6c7ce71f ($12.71 in chips)
Seat 4: 10df5bc6 ($18.93 in chips)
Seat 5: 6eb98dae ($10 in chips)
Seat 6: fede2308 ($20.53 in chips)
10df5bc6: posts small blind $0.05
6eb98dae: posts big blind $0.1
*** HOLE CARDS ***
Dealt to Hero [Ts Jc]
Dealt to 6c7ce71f 
Dealt to 10df5bc6 
Dealt to 6eb98dae 
Dealt to fede2308 
fede2308: folds
Hero: raises $0.1 to $0.2
6c7ce71f: calls $0.2
10df5bc6: folds
6eb98dae: folds
*** FLOP *** [Js 4s Tc]
Hero: checks
6c7ce71f: bets $0.19
Hero: raises $0.61 to $0.8
6c7ce71f: folds
Uncalled bet ($0.61) returned to Hero
*** SHOWDOWN ***
Hero collected $0.89 from pot
*** SUMMARY ***
Total pot $0.93 | Rake $0.04 | Jackpot $0 | Bingo $0 | Fortune $0 | Tax $0
Board [Js 4s Tc]
Seat 2: Hero won ($0.89)
Seat 3: 6c7ce71f (button) folded on the Flop
Seat 4: 10df5bc6 (small blind) folded before Flop
Seat 5: 6eb98dae (big blind) folded before Flop
Seat 6: fede2308 folded before Flop (didn't bet)


Poker Hand #HD1776479649: Hold'em No Limit ($0.05/$0.1) - 2024/05/17 14:30:45
Table 'NLHRed53' 6-max Seat #2 is the button
Seat 2: Hero ($11.35 in chips)
Seat 3: 6c7ce71f ($12.39 in chips)
Seat 4: 10df5bc6 ($19.03 in chips)
Seat 6: fede2308 ($20.53 in chips)
6c7ce71f: posts small blind $0.05
10df5bc6: posts big blind $0.1
*** HOLE CARDS ***
Dealt to Hero [Ac 6s]
Dealt to 6c7ce71f 
Dealt to 10df5bc6 
Dealt to fede2308 
fede2308: folds
Hero: raises $0.14 to $0.24
6c7ce71f: raises $0.36 to $0.6
10df5bc6: folds
Hero: folds
Uncalled bet ($0.36) returned to 6c7ce71f
*** SHOWDOWN ***
6c7ce71f collected $0.56 from pot
*** SUMMARY ***
Total pot $0.58 | Rake $0.02 | Jackpot $0 | Bingo $0 | Fortune $0 | Tax $0
Seat 2: Hero (button) folded before Flop
Seat 3: 6c7ce71f (small blind) collected ($0.56)
Seat 4: 10df5bc6 (big blind) folded before Flop
Seat 6: fede2308 folded before Flop (didn't bet)


Poker Hand #HD1776479582: Hold'em No Limit ($0.05/$0.1) - 2024/05/17 14:30:05
Table 'NLHRed53' 6-max Seat #1 is the button
Seat 1: bcffe289 ($1.39 in chips)
Seat 2: Hero ($10 in chips)
Seat 3: 6c7ce71f ($12.49 in chips)
Seat 4: 10df5bc6 ($19.03 in chips)
Seat 6: fede2308 ($20.53 in chips)
Hero: posts small blind $0.05
6c7ce71f: posts big blind $0.1
*** HOLE CARDS ***
Dealt to bcffe289 
Dealt to Hero [Jh Ac]
Dealt to 6c7ce71f 
Dealt to 10df5bc6 
Dealt to fede2308 
10df5bc6: folds
fede2308: folds
bcffe289: raises $1.29 to $1.39 and is all-in
Hero: calls $1.34
6c7ce71f: folds
bcffe289: shows [Ad 5d]
Hero: shows [Jh Ac]
*** FLOP *** [7h 6c Kh]
*** TURN *** [7h 6c Kh] [8h]
*** RIVER *** [7h 6c Kh 8h] [7s]
*** SHOWDOWN ***
Hero collected $2.74 from pot
*** SUMMARY ***
Total pot $2.88 | Rake $0.14 | Jackpot $0 | Bingo $0 | Fortune $0 | Tax $0
Board [7h 6c Kh 8h 7s]
Seat 1: bcffe289 (button) showed [Ad 5d] and lost with Pair of Sevens
Seat 2: Hero (small blind) showed [Jh Ac] and won ($2.74) with Pair of Sevens
Seat 3: 6c7ce71f (big blind) folded before Flop
Seat 4: 10df5bc6 folded before Flop (didn't bet)
Seat 6: fede2308 folded before Flop (didn't bet)


Poker Hand #HD1776479528: Hold'em No Limit ($0.05/$0.1) - 2024/05/17 14:29:33
Table 'NLHRed53' 6-max Seat #6 is the button
Seat 1: bcffe289 ($1.11 in chips)
Seat 2: Hero ($10 in chips)
Seat 3: 6c7ce71f ($12.49 in chips)
Seat 4: 10df5bc6 ($19.23 in chips)
Seat 6: fede2308 ($20.53 in chips)
bcffe289: posts small blind $0.05
Hero: posts big blind $0.1
*** HOLE CARDS ***
Dealt to bcffe289 
Dealt to Hero [As 7s]
Dealt to 6c7ce71f 
Dealt to 10df5bc6 
Dealt to fede2308 
6c7ce71f: folds
10df5bc6: raises $0.1 to $0.2
fede2308: folds
bcffe289: raises $0.91 to $1.11 and is all-in
Hero: folds
10df5bc6: folds
Uncalled bet ($0.91) returned to bcffe289
*** SHOWDOWN ***
bcffe289 collected $0.48 from pot
*** SUMMARY ***
Total pot $0.5 | Rake $0.02 | Jackpot $0 | Bingo $0 | Fortune $0 | Tax $0
Seat 1: bcffe289 (small blind) collected ($0.48)
Seat 2: Hero (big blind) folded before Flop
Seat 3: 6c7ce71f folded before Flop (didn't bet)
Seat 4: 10df5bc6 folded before Flop
Seat 6: fede2308 (button) folded before Flop (didn't bet)


Poker Hand #HD1776479391: Hold'em No Limit ($0.05/$0.1) - 2024/05/17 14:28:06
Table 'NLHRed53' 6-max Seat #4 is the button
Seat 1: bcffe289 ($3.01 in chips)
Seat 2: Hero ($10 in chips)
Seat 3: 6c7ce71f ($9.82 in chips)
Seat 4: 10df5bc6 ($19.23 in chips)
Seat 6: fede2308 ($20.58 in chips)
fede2308: posts small blind $0.05
bcffe289: posts big blind $0.1
*** HOLE CARDS ***
Dealt to bcffe289 
Dealt to Hero [3d 7h]
Dealt to 6c7ce71f 
Dealt to 10df5bc6 
Dealt to fede2308 
Hero: folds
6c7ce71f: raises $0.1 to $0.2
10df5bc6: folds
fede2308: folds
bcffe289: calls $0.1
*** FLOP *** [Jh 7c 5d]
bcffe289: checks
6c7ce71f: bets $0.34
bcffe289: calls $0.34
*** TURN *** [Jh 7c 5d] [6d]
bcffe289: checks
6c7ce71f: bets $0.85
bcffe289: raises $1.62 to $2.47 and is all-in
6c7ce71f: calls $1.62
bcffe289: shows [6h 6c] (Three Sixes)
6c7ce71f: shows [7s 9s] (Pair of Sevens)
bcffe289: Chooses to EV Cashout 
*** RIVER *** [Jh 7c 5d 6d] [8h]
bcffe289: Receives Cashout ($1.12)
*** SHOWDOWN ***
6c7ce71f collected $5.68 from pot
*** SUMMARY ***
Total pot $6.07 | Rake $0.29 | Jackpot $0.1 | Bingo $0 | Fortune $0 | Tax $0
Board [Jh 7c 5d 6d 8h]
Seat 1: bcffe289 (big blind) showed [6h 6c] and lost with Three Sixes, EV Cashout ($0)
Seat 2: Hero folded before Flop (didn't bet)
Seat 3: 6c7ce71f showed [7s 9s] and won ($5.68) with Nines-High Straight
Seat 4: 10df5bc6 (button) folded before Flop (didn't bet)
Seat 6: fede2308 (small blind) folded before Flop


Poker Hand #HD1776479347: Hold'em No Limit ($0.05/$0.1) - 2024/05/17 14:27:41
Table 'NLHRed53' 6-max Seat #3 is the button
Seat 1: bcffe289 ($3.01 in chips)
Seat 2: Hero ($10 in chips)
Seat 3: 6c7ce71f ($9.67 in chips)
Seat 4: 10df5bc6 ($19.28 in chips)
Seat 6: fede2308 ($20.68 in chips)
10df5bc6: posts small blind $0.05
fede2308: posts big blind $0.1
*** HOLE CARDS ***
Dealt to bcffe289 
Dealt to Hero [4h 6d]
Dealt to 6c7ce71f 
Dealt to 10df5bc6 
Dealt to fede2308 
bcffe289: folds
Hero: folds
6c7ce71f: raises $0.1 to $0.2
10df5bc6: folds
fede2308: folds
Uncalled bet ($0.1) returned to 6c7ce71f
*** SHOWDOWN ***
6c7ce71f collected $0.25 from pot
*** SUMMARY ***
Total pot $0.25 | Rake $0 | Jackpot $0 | Bingo $0 | Fortune $0 | Tax $0
Seat 1: bcffe289 folded before Flop (didn't bet)
Seat 2: Hero folded before Flop (didn't bet)
Seat 3: 6c7ce71f (button) collected ($0.25)
Seat 4: 10df5bc6 (small blind) folded before Flop
Seat 6: fede2308 (big blind) folded before Flop


Poker Hand #HD1776479324: Hold'em No Limit ($0.05/$0.1) - 2024/05/17 14:27:25
Table 'NLHRed53' 6-max Seat #2 is the button
Seat 1: bcffe289 ($3.01 in chips)
Seat 2: Hero ($10 in chips)
Seat 3: 6c7ce71f ($9.72 in chips)
Seat 4: 10df5bc6 ($19.38 in chips)
Seat 6: fede2308 ($20.53 in chips)
6c7ce71f: posts small blind $0.05
10df5bc6: posts big blind $0.1
*** HOLE CARDS ***
Dealt to bcffe289 
Dealt to Hero [7s 9c]
Dealt to 6c7ce71f 
Dealt to 10df5bc6 
Dealt to fede2308 
fede2308: raises $0.2 to $0.3
bcffe289: folds
Hero: folds
6c7ce71f: folds
10df5bc6: folds
Uncalled bet ($0.2) returned to fede2308
*** SHOWDOWN ***
fede2308 collected $0.25 from pot
*** SUMMARY ***
Total pot $0.25 | Rake $0 | Jackpot $0 | Bingo $0 | Fortune $0 | Tax $0
Seat 1: bcffe289 folded before Flop (didn't bet)
Seat 2: Hero (button) folded before Flop (didn't bet)
Seat 3: 6c7ce71f (small blind) folded before Flop
Seat 4: 10df5bc6 (big blind) folded before Flop
Seat 6: fede2308 collected ($0.25)


Poker Hand #HD1776479262: Hold'em No Limit ($0.05/$0.1) - 2024/05/17 14:26:52
Table 'NLHRed53' 6-max Seat #1 is the button
Seat 1: bcffe289 ($2.49 in chips)
Seat 2: Hero ($10.02 in chips)
Seat 3: 6c7ce71f ($9.82 in chips)
Seat 4: 10df5bc6 ($19.58 in chips)
Seat 6: fede2308 ($20.73 in chips)
Hero: posts small blind $0.05
6c7ce71f: posts big blind $0.1
*** HOLE CARDS ***
Dealt to bcffe289 
Dealt to Hero [Kd 4c]
Dealt to 6c7ce71f 
Dealt to 10df5bc6 
Dealt to fede2308 
10df5bc6: raises $0.1 to $0.2
fede2308: calls $0.2
bcffe289: calls $0.2
Hero: folds
6c7ce71f: folds
*** FLOP *** [9h Js 3d]
10df5bc6: checks
fede2308: checks
bcffe289: bets $0.38
10df5bc6: folds
fede2308: folds
Uncalled bet ($0.38) returned to bcffe289
bcffe289: shows [7h 9c] (Pair of Nines)
*** SHOWDOWN ***
bcffe289 collected $0.72 from pot
*** SUMMARY ***
Total pot $0.75 | Rake $0.03 | Jackpot $0 | Bingo $0 | Fortune $0 | Tax $0
Board [9h Js 3d]
Seat 1: bcffe289 (button) showed [7h 9c] and won ($0.72)
Seat 2: Hero (small blind) folded before Flop
Seat 3: 6c7ce71f (big blind) folded before Flop
Seat 4: 10df5bc6 folded on the Flop
Seat 6: fede2308 folded on the Flop


Poker Hand #HD1776479229: Hold'em No Limit ($0.05/$0.1) - 2024/05/17 14:26:35
Table 'NLHRed53' 6-max Seat #6 is the button
Seat 1: bcffe289 ($2.54 in chips)
Seat 2: Hero ($10.12 in chips)
Seat 3: 6c7ce71f ($9.82 in chips)
Seat 4: 10df5bc6 ($19.58 in chips)
Seat 6: fede2308 ($20.58 in chips)
bcffe289: posts small blind $0.05
Hero: posts big blind $0.1
*** HOLE CARDS ***
Dealt to bcffe289 
Dealt to Hero [2s 6c]
Dealt to 6c7ce71f 
Dealt to 10df5bc6 
Dealt to fede2308 
6c7ce71f: folds
10df5bc6: folds
fede2308: raises $0.2 to $0.3
bcffe289: folds
Hero: folds
Uncalled bet ($0.2) returned to fede2308
*** SHOWDOWN ***
fede2308 collected $0.25 from pot
*** SUMMARY ***
Total pot $0.25 | Rake $0 | Jackpot $0 | Bingo $0 | Fortune $0 | Tax $0
Seat 1: bcffe289 (small blind) folded before Flop
Seat 2: Hero (big blind) folded before Flop
Seat 3: 6c7ce71f folded before Flop (didn't bet)
Seat 4: 10df5bc6 folded before Flop (didn't bet)
Seat 6: fede2308 (button) collected ($0.25)


Poker Hand #HD1776479210: Hold'em No Limit ($0.05/$0.1) - 2024/05/17 14:26:22
Table 'NLHRed53' 6-max Seat #4 is the button
Seat 1: bcffe289 ($2.49 in chips)
Seat 2: Hero ($10.12 in chips)
Seat 3: 6c7ce71f ($9.82 in chips)
Seat 4: 10df5bc6 ($19.58 in chips)
Seat 6: fede2308 ($20.63 in chips)
fede2308: posts small blind $0.05
bcffe289: posts big blind $0.1
*** HOLE CARDS ***
Dealt to bcffe289 
Dealt to Hero [Qs 4d]
Dealt to 6c7ce71f 
Dealt to 10df5bc6 
Dealt to fede2308 
Hero: folds
6c7ce71f: folds
10df5bc6: folds
fede2308: folds
Uncalled bet ($0.05) returned to bcffe289
*** SHOWDOWN ***
bcffe289 collected $0.1 from pot
*** SUMMARY ***
Total pot $0.1 | Rake $0 | Jackpot $0 | Bingo $0 | Fortune $0 | Tax $0
Seat 1: bcffe289 (big blind) collected ($0.1)
Seat 2: Hero folded before Flop (didn't bet)
Seat 3: 6c7ce71f folded before Flop (didn't bet)
Seat 4: 10df5bc6 (button) folded before Flop (didn't bet)
Seat 6: fede2308 (small blind) folded before Flop


Poker Hand #HD1776479185: Hold'em No Limit ($0.05/$0.1) - 2024/05/17 14:26:11
Table 'NLHRed53' 6-max Seat #3 is the button
Seat 1: bcffe289 ($2.34 in chips)
Seat 2: Hero ($10.12 in chips)
Seat 3: 6c7ce71f ($9.82 in chips)
Seat 4: 10df5bc6 ($19.63 in chips)
Seat 6: fede2308 ($20.73 in chips)
10df5bc6: posts small blind $0.05
fede2308: posts big blind $0.1
*** HOLE CARDS ***
Dealt to bcffe289 
Dealt to Hero [3d Qd]
Dealt to 6c7ce71f 
Dealt to 10df5bc6 
Dealt to fede2308 
bcffe289: raises $0.2 to $0.3
Hero: folds
6c7ce71f: folds
10df5bc6: folds
fede2308: folds
Uncalled bet ($0.2) returned to bcffe289
*** SHOWDOWN ***
bcffe289 collected $0.25 from pot
*** SUMMARY ***
Total pot $0.25 | Rake $0 | Jackpot $0 | Bingo $0 | Fortune $0 | Tax $0
Seat 1: bcffe289 collected ($0.25)
Seat 2: Hero folded before Flop (didn't bet)
Seat 3: 6c7ce71f (button) folded before Flop (didn't bet)
Seat 4: 10df5bc6 (small blind) folded before Flop
Seat 6: fede2308 (big blind) folded before Flop


Poker Hand #HD1776479156: Hold'em No Limit ($0.05/$0.1) - 2024/05/17 14:25:59
Table 'NLHRed53' 6-max Seat #2 is the button
Seat 1: bcffe289 ($2.19 in chips)
Seat 2: Hero ($10.12 in chips)
Seat 3: 6c7ce71f ($9.87 in chips)
Seat 4: 10df5bc6 ($19.73 in chips)
Seat 6: fede2308 ($20.73 in chips)
6c7ce71f: posts small blind $0.05
10df5bc6: posts big blind $0.1
*** HOLE CARDS ***
Dealt to bcffe289 
Dealt to Hero [3h 9s]
Dealt to 6c7ce71f 
Dealt to 10df5bc6 
Dealt to fede2308 
fede2308: folds
bcffe289: raises $0.2 to $0.3
Hero: folds
6c7ce71f: folds
10df5bc6: folds
Uncalled bet ($0.2) returned to bcffe289
*** SHOWDOWN ***
bcffe289 collected $0.25 from pot
*** SUMMARY ***
Total pot $0.25 | Rake $0 | Jackpot $0 | Bingo $0 | Fortune $0 | Tax $0
Seat 1: bcffe289 collected ($0.25)
Seat 2: Hero (button) folded before Flop (didn't bet)
Seat 3: 6c7ce71f (small blind) folded before Flop
Seat 4: 10df5bc6 (big blind) folded before Flop
Seat 6: fede2308 folded before Flop (didn't bet)


Poker Hand #HD1776479126: Hold'em No Limit ($0.05/$0.1) - 2024/05/17 14:25:40
Table 'NLHRed53' 6-max Seat #1 is the button
Seat 1: bcffe289 ($2.04 in chips)
Seat 2: Hero ($10.17 in chips)
Seat 3: 6c7ce71f ($9.97 in chips)
Seat 4: 10df5bc6 ($19.73 in chips)
Seat 6: fede2308 ($20.73 in chips)
Hero: posts small blind $0.05
6c7ce71f: posts big blind $0.1
*** HOLE CARDS ***
Dealt to bcffe289 
Dealt to Hero [5h Th]
Dealt to 6c7ce71f 
Dealt to 10df5bc6 
Dealt to fede2308 
10df5bc6: folds
fede2308: folds
bcffe289: raises $1.35 to $1.45
Hero: folds
6c7ce71f: folds
Uncalled bet ($1.35) returned to bcffe289
*** SHOWDOWN ***
bcffe289 collected $0.25 from pot
*** SUMMARY ***
Total pot $0.25 | Rake $0 | Jackpot $0 | Bingo $0 | Fortune $0 | Tax $0
Seat 1: bcffe289 (button) collected ($0.25)
Seat 2: Hero (small blind) folded before Flop
Seat 3: 6c7ce71f (big blind) folded before Flop
Seat 4: 10df5bc6 folded before Flop (didn't bet)
Seat 6: fede2308 folded before Flop (didn't bet)


Poker Hand #HD1776479096: Hold'em No Limit ($0.05/$0.1) - 2024/05/17 14:25:22
Table 'NLHRed53' 6-max Seat #6 is the button
Seat 1: bcffe289 ($2.09 in chips)
Seat 2: Hero ($10.27 in chips)
Seat 3: 6c7ce71f ($9.97 in chips)
Seat 4: 10df5bc6 ($19.73 in chips)
Seat 6: fede2308 ($20.58 in chips)
bcffe289: posts small blind $0.05
Hero: posts big blind $0.1
*** HOLE CARDS ***
Dealt to bcffe289 
Dealt to Hero [3h 5d]
Dealt to 6c7ce71f 
Dealt to 10df5bc6 
Dealt to fede2308 
6c7ce71f: folds
10df5bc6: folds
fede2308: raises $0.2 to $0.3
bcffe289: folds
Hero: folds
Uncalled bet ($0.2) returned to fede2308
*** SHOWDOWN ***
fede2308 collected $0.25 from pot
*** SUMMARY ***
Total pot $0.25 | Rake $0 | Jackpot $0 | Bingo $0 | Fortune $0 | Tax $0
Seat 1: bcffe289 (small blind) folded before Flop
Seat 2: Hero (big blind) folded before Flop
Seat 3: 6c7ce71f folded before Flop (didn't bet)
Seat 4: 10df5bc6 folded before Flop (didn't bet)
Seat 6: fede2308 (button) collected ($0.25)


Poker Hand #HD1776478993: Hold'em No Limit ($0.05/$0.1) - 2024/05/17 14:24:19
Table 'NLHRed53' 6-max Seat #5 is the button
Seat 1: bcffe289 ($2.21 in chips)
Seat 2: Hero ($10.27 in chips)
Seat 3: 6c7ce71f ($10.1 in chips)
Seat 4: 10df5bc6 ($19.73 in chips)
Seat 5: 916b3dcf ($13.23 in chips)
Seat 6: fede2308 ($20.63 in chips)
fede2308: posts small blind $0.05
bcffe289: posts big blind $0.1
*** HOLE CARDS ***
Dealt to bcffe289 
Dealt to Hero [Jd 2c]
Dealt to 6c7ce71f 
Dealt to 10df5bc6 
Dealt to 916b3dcf 
Dealt to fede2308 
Hero: folds
6c7ce71f: raises $0.1 to $0.2
10df5bc6: folds
916b3dcf: folds
fede2308: folds
bcffe289: raises $2.01 to $2.21 and is all-in
6c7ce71f: calls $2.01
bcffe289: shows [6s 6c]
6c7ce71f: shows [9h Qh]
*** FIRST FLOP *** [2d 8d Ac]
*** FIRST TURN *** [2d 8d Ac] [Qs]
*** FIRST RIVER *** [2d 8d Ac Qs] [5c]
*** SECOND FLOP *** [3s 7d Td]
*** SECOND TURN *** [3s 7d Td] [Kc]
*** SECOND RIVER *** [3s 7d Td Kc] [4c]
*** FIRST SHOWDOWN ***
6c7ce71f collected $2.08 from pot
*** SECOND SHOWDOWN ***
bcffe289 collected $2.09 from pot
*** SUMMARY ***
Total pot $4.47 | Rake $0.2 | Jackpot $0.1 | Bingo $0 | Fortune $0 | Tax $0
Hand was run two times
FIRST Board [2d 8d Ac Qs 5c]
SECOND Board [3s 7d Td Kc 4c]
Seat 1: bcffe289 (big blind) showed [6s 6c] and lost with Pair of Sixes, and won ($2.09) with Pair of Sixes
Seat 2: Hero folded before Flop (didn't bet)
Seat 3: 6c7ce71f showed [9h Qh] and won ($2.08) with Pair of Queens, and lost with King-High
Seat 4: 10df5bc6 folded before Flop (didn't bet)
Seat 5: 916b3dcf (button) folded before Flop (didn't bet)
Seat 6: fede2308 (small blind) folded before Flop


Poker Hand #HD1776478880: Hold'em No Limit ($0.05/$0.1) - 2024/05/17 14:23:13
Table 'NLHRed53' 6-max Seat #4 is the button
Seat 1: bcffe289 ($3.83 in chips)
Seat 2: Hero ($10.27 in chips)
Seat 3: 6c7ce71f ($10.1 in chips)
Seat 4: 10df5bc6 ($19.73 in chips)
Seat 5: 916b3dcf ($13.28 in chips)
Seat 6: fede2308 ($19.22 in chips)
916b3dcf: posts small blind $0.05
fede2308: posts big blind $0.1
*** HOLE CARDS ***
Dealt to bcffe289 
Dealt to Hero [Jc Ah]
Dealt to 6c7ce71f 
Dealt to 10df5bc6 
Dealt to 916b3dcf 
Dealt to fede2308 
bcffe289: raises $0.2 to $0.3
Hero: folds
6c7ce71f: folds
10df5bc6: folds
916b3dcf: folds
fede2308: calls $0.2
*** FLOP *** [5d 7c 9h]
fede2308: checks
bcffe289: checks
*** TURN *** [5d 7c 9h] [Kh]
fede2308: checks
bcffe289: bets $0.33
fede2308: calls $0.33
*** RIVER *** [5d 7c 9h Kh] [3s]
fede2308: checks
bcffe289: bets $0.99
fede2308: calls $0.99
bcffe289: shows [8c Kc] (Pair of Kings)
fede2308: shows [Ks Js] (Pair of Kings)
*** SHOWDOWN ***
fede2308 collected $3.03 from pot
*** SUMMARY ***
Total pot $3.29 | Rake $0.16 | Jackpot $0.1 | Bingo $0 | Fortune $0 | Tax $0
Board [5d 7c 9h Kh 3s]
Seat 1: bcffe289 showed [8c Kc] and lost with Pair of Kings
Seat 2: Hero folded before Flop (didn't bet)
Seat 3: 6c7ce71f folded before Flop (didn't bet)
Seat 4: 10df5bc6 (button) folded before Flop (didn't bet)
Seat 5: 916b3dcf (small blind) folded before Flop
Seat 6: fede2308 (big blind) showed [Ks Js] and won ($3.03) with Pair of Kings


Poker Hand #HD1776478774: Hold'em No Limit ($0.05/$0.1) - 2024/05/17 14:22:15
Table 'NLHRed53' 6-max Seat #3 is the button
Seat 1: bcffe289 ($2.43 in chips)
Seat 2: Hero ($10 in chips)
Seat 3: 6c7ce71f ($10.1 in chips)
Seat 4: 10df5bc6 ($19.78 in chips)
Seat 5: 916b3dcf ($13.52 in chips)
Seat 6: fede2308 ($19.22 in chips)
10df5bc6: posts small blind $0.05
916b3dcf: posts big blind $0.1
*** HOLE CARDS ***
Dealt to bcffe289 
Dealt to Hero [9c Kh]
Dealt to 6c7ce71f 
Dealt to 10df5bc6 
Dealt to 916b3dcf 
Dealt to fede2308 
fede2308: folds
bcffe289: folds
Hero: raises $0.14 to $0.24
6c7ce71f: folds
10df5bc6: folds
916b3dcf: calls $0.14
*** FLOP *** [Jc 5h 3h]
916b3dcf: checks
Hero: checks
*** TURN *** [Jc 5h 3h] [5d]
916b3dcf: checks
Hero: checks
*** RIVER *** [Jc 5h 3h 5d] [Ah]
916b3dcf: checks
Hero: checks
916b3dcf: shows [6s Qs] (Pair of Fives)
Hero: shows [9c Kh] (Pair of Fives)
*** SHOWDOWN ***
Hero collected $0.51 from pot
*** SUMMARY ***
Total pot $0.53 | Rake $0.02 | Jackpot $0 | Bingo $0 | Fortune $0 | Tax $0
Board [Jc 5h 3h 5d Ah]
Seat 1: bcffe289 folded before Flop (didn't bet)
Seat 2: Hero showed [9c Kh] and won ($0.51) with Pair of Fives
Seat 3: 6c7ce71f (button) folded before Flop (didn't bet)
Seat 4: 10df5bc6 (small blind) folded before Flop
Seat 5: 916b3dcf (big blind) showed [6s Qs] and lost with Pair of Fives
Seat 6: fede2308 folded before Flop (didn't bet)


Poker Hand #HD1776478613: Hold'em No Limit ($0.05/$0.1) - 2024/05/17 14:20:42
Table 'NLHRed53' 6-max Seat #2 is the button
Seat 1: bcffe289 ($2.43 in chips)
Seat 2: Hero ($10 in chips)
Seat 3: 6c7ce71f ($10.15 in chips)
Seat 4: 10df5bc6 ($19.88 in chips)
Seat 5: 916b3dcf ($12.7 in chips)
Seat 6: fede2308 ($19.22 in chips)
6c7ce71f: posts small blind $0.05
10df5bc6: posts big blind $0.1
*** HOLE CARDS ***
Dealt to bcffe289 
Dealt to Hero [Ah Qc]
Dealt to 6c7ce71f 
Dealt to 10df5bc6 
Dealt to 916b3dcf 
Dealt to fede2308 
916b3dcf: raises $0.1 to $0.2
fede2308: folds
bcffe289: folds
Hero: raises $0.55 to $0.75
6c7ce71f: folds
10df5bc6: folds
916b3dcf: calls $0.55
*** FLOP *** [9c 7d 7h]
916b3dcf: checks
Hero: checks
*** TURN *** [9c 7d 7h] [5h]
916b3dcf: bets $0.8
Hero: folds
Uncalled bet ($0.8) returned to 916b3dcf
*** SHOWDOWN ***
916b3dcf collected $1.57 from pot
*** SUMMARY ***
Total pot $1.65 | Rake $0.08 | Jackpot $0 | Bingo $0 | Fortune $0 | Tax $0
Board [9c 7d 7h 5h]
Seat 1: bcffe289 folded before Flop (didn't bet)
Seat 2: Hero (button) folded on the Turn
Seat 3: 6c7ce71f (small blind) folded before Flop
Seat 4: 10df5bc6 (big blind) folded before Flop
Seat 5: 916b3dcf won ($1.57)
Seat 6: fede2308 folded before Flop (didn't bet)


Poker Hand #HD1776478519: Hold'em No Limit ($0.05/$0.1) - 2024/05/17 14:19:43
Table 'NLHRed53' 6-max Seat #1 is the button
Seat 1: bcffe289 ($2.88 in chips)
Seat 2: Hero ($10 in chips)
Seat 3: 6c7ce71f ($10.25 in chips)
Seat 4: 10df5bc6 ($19.88 in chips)
Seat 5: 916b3dcf ($13.15 in chips)
Seat 6: fede2308 ($18.24 in chips)
Hero: posts small blind $0.05
6c7ce71f: posts big blind $0.1
*** HOLE CARDS ***
Dealt to bcffe289 
Dealt to Hero [9c Jd]
Dealt to 6c7ce71f 
Dealt to 10df5bc6 
Dealt to 916b3dcf 
Dealt to fede2308 
10df5bc6: folds
916b3dcf: calls $0.1
fede2308: raises $0.35 to $0.45
bcffe289: calls $0.45
Hero: folds
6c7ce71f: folds
916b3dcf: calls $0.35
*** FLOP *** [Qd Kd Ts]
916b3dcf: checks
fede2308: checks
bcffe289: checks
*** TURN *** [Qd Kd Ts] [2d]
916b3dcf: checks
fede2308: checks
bcffe289: checks
*** RIVER *** [Qd Kd Ts 2d] [7d]
916b3dcf: checks
fede2308: checks
bcffe289: checks
916b3dcf: shows [8s 3s] (King-High)
fede2308: shows [Tc Js] (Pair of Tens)
bcffe289: shows [8h Jh] (King-High)
*** SHOWDOWN ***
fede2308 collected $1.43 from pot
*** SUMMARY ***
Total pot $1.5 | Rake $0.07 | Jackpot $0 | Bingo $0 | Fortune $0 | Tax $0
Board [Qd Kd Ts 2d 7d]
Seat 1: bcffe289 (button) showed [8h Jh] and lost with King-High
Seat 2: Hero (small blind) folded before Flop
Seat 3: 6c7ce71f (big blind) folded before Flop
Seat 4: 10df5bc6 folded before Flop (didn't bet)
Seat 5: 916b3dcf showed [8s 3s] and lost with King-High
Seat 6: fede2308 showed [Tc Js] and won ($1.43) with Pair of Tens


Poker Hand #HD1776478442: Hold'em No Limit ($0.05/$0.1) - 2024/05/17 14:19:02
Table 'NLHRed53' 6-max Seat #6 is the button
Seat 1: bcffe289 ($2.93 in chips)
Seat 2: Hero ($10 in chips)
Seat 3: 6c7ce71f ($10.25 in chips)
Seat 4: 10df5bc6 ($19.06 in chips)
Seat 5: 916b3dcf ($13.15 in chips)
Seat 6: fede2308 ($18.99 in chips)
bcffe289: posts small blind $0.05
Hero: posts big blind $0.1
*** HOLE CARDS ***
Dealt to bcffe289 
Dealt to Hero [3d Kc]
Dealt to 6c7ce71f 
Dealt to 10df5bc6 
Dealt to 916b3dcf 
Dealt to fede2308 
6c7ce71f: folds
10df5bc6: raises $0.1 to $0.2
916b3dcf: folds
fede2308: raises $0.55 to $0.75
bcffe289: folds
Hero: folds
10df5bc6: raises $1.45 to $2.2
fede2308: folds
Uncalled bet ($1.45) returned to 10df5bc6
*** SHOWDOWN ***
10df5bc6 collected $1.57 from pot
*** SUMMARY ***
Total pot $1.65 | Rake $0.08 | Jackpot $0 | Bingo $0 | Fortune $0 | Tax $0
Seat 1: bcffe289 (small blind) folded before Flop
Seat 2: Hero (big blind) folded before Flop
Seat 3: 6c7ce71f folded before Flop (didn't bet)
Seat 4: 10df5bc6 collected ($1.57)
Seat 5: 916b3dcf folded before Flop (didn't bet)
Seat 6: fede2308 (button) folded before Flop


Poker Hand #HD1776478236: Hold'em No Limit ($0.05/$0.1) - 2024/05/17 14:16:56
Table 'NLHRed53' 6-max Seat #5 is the button
Seat 1: bcffe289 ($4 in chips)
Seat 2: Hero ($10 in chips)
Seat 3: 6c7ce71f ($10.45 in chips)
Seat 4: 10df5bc6 ($19.06 in chips)
Seat 5: 916b3dcf ($11.76 in chips)
Seat 6: fede2308 ($19.04 in chips)
fede2308: posts small blind $0.05
bcffe289: posts big blind $0.1
*** HOLE CARDS ***
Dealt to bcffe289 
Dealt to Hero [Kh Th]
Dealt to 6c7ce71f 
Dealt to 10df5bc6 
Dealt to 916b3dcf 
Dealt to fede2308 
Hero: raises $0.1 to $0.2
6c7ce71f: calls $0.2
10df5bc6: folds
916b3dcf: calls $0.2
fede2308: folds
bcffe289: calls $0.1
*** FLOP *** [Ad 6c Td]
bcffe289: bets $0.29
Hero: folds
6c7ce71f: folds
916b3dcf: calls $0.29
*** TURN *** [Ad 6c Td] [Ah]
bcffe289: bets $0.48
916b3dcf: calls $0.48
*** RIVER *** [Ad 6c Td Ah] [4d]
bcffe289: bets $0.1
916b3dcf: raises $1.3 to $1.4
bcffe289: folds
Uncalled bet ($1.3) returned to 916b3dcf
*** SHOWDOWN ***
916b3dcf collected $2.46 from pot
*** SUMMARY ***
Total pot $2.59 | Rake $0.13 | Jackpot $0 | Bingo $0 | Fortune $0 | Tax $0
Board [Ad 6c Td Ah 4d]
Seat 1: bcffe289 (big blind) folded on the River
Seat 2: Hero folded on the Flop
Seat 3: 6c7ce71f folded on the Flop
Seat 4: 10df5bc6 folded before Flop (didn't bet)
Seat 5: 916b3dcf (button) won ($2.46)
Seat 6: fede2308 (small blind) folded before Flop


Poker Hand #HD1776478215: Hold'em No Limit ($0.05/$0.1) - 2024/05/17 14:16:46
Table 'NLHRed53' 6-max Seat #4 is the button
Seat 2: Hero ($10 in chips)
Seat 3: 6c7ce71f ($10.45 in chips)
Seat 4: 10df5bc6 ($18.91 in chips)
Seat 5: 916b3dcf ($11.81 in chips)
Seat 6: fede2308 ($19.14 in chips)
916b3dcf: posts small blind $0.05
fede2308: posts big blind $0.1
*** HOLE CARDS ***
Dealt to Hero [8d 9c]
Dealt to 6c7ce71f 
Dealt to 10df5bc6 
Dealt to 916b3dcf 
Dealt to fede2308 
Hero: folds
6c7ce71f: folds
10df5bc6: raises $0.1 to $0.2
916b3dcf: folds
fede2308: folds
Uncalled bet ($0.1) returned to 10df5bc6
*** SHOWDOWN ***
10df5bc6 collected $0.25 from pot
*** SUMMARY ***
Total pot $0.25 | Rake $0 | Jackpot $0 | Bingo $0 | Fortune $0 | Tax $0
Seat 2: Hero folded before Flop (didn't bet)
Seat 3: 6c7ce71f folded before Flop (didn't bet)
Seat 4: 10df5bc6 (button) collected ($0.25)
Seat 5: 916b3dcf (small blind) folded before Flop
Seat 6: fede2308 (big blind) folded before Flop


Poker Hand #HD1776478200: Hold'em No Limit ($0.05/$0.1) - 2024/05/17 14:16:35
Table 'NLHRed53' 6-max Seat #3 is the button
Seat 2: Hero ($10 in chips)
Seat 3: 6c7ce71f ($10.45 in chips)
Seat 4: 10df5bc6 ($18.96 in chips)
Seat 5: 916b3dcf ($11.76 in chips)
Seat 6: fede2308 ($19.14 in chips)
10df5bc6: posts small blind $0.05
916b3dcf: posts big blind $0.1
*** HOLE CARDS ***
Dealt to Hero [8s 5s]
Dealt to 6c7ce71f 
Dealt to 10df5bc6 
Dealt to 916b3dcf 
Dealt to fede2308 
fede2308: folds
Hero: folds
6c7ce71f: folds
10df5bc6: folds
Uncalled bet ($0.05) returned to 916b3dcf
*** SHOWDOWN ***
916b3dcf collected $0.1 from pot
*** SUMMARY ***
Total pot $0.1 | Rake $0 | Jackpot $0 | Bingo $0 | Fortune $0 | Tax $0
Seat 2: Hero folded before Flop (didn't bet)
Seat 3: 6c7ce71f (button) folded before Flop (didn't bet)
Seat 4: 10df5bc6 (small blind) folded before Flop
Seat 5: 916b3dcf (big blind) collected ($0.1)
Seat 6: fede2308 folded before Flop (didn't bet)


Poker Hand #HD1776478066: Hold'em No Limit ($0.05/$0.1) - 2024/05/17 14:15:25
Table 'NLHRed53' 6-max Seat #2 is the button
Seat 1: 73969860 ($13.55 in chips)
Seat 2: Hero ($10.1 in chips)
Seat 3: 6c7ce71f ($9.9 in chips)
Seat 4: 10df5bc6 ($19.06 in chips)
Seat 5: 916b3dcf ($11.76 in chips)
Seat 6: fede2308 ($19.14 in chips)
6c7ce71f: posts small blind $0.05
10df5bc6: posts big blind $0.1
*** HOLE CARDS ***
Dealt to 73969860 
Dealt to Hero [7d 8d]
Dealt to 6c7ce71f 
Dealt to 10df5bc6 
Dealt to 916b3dcf 
Dealt to fede2308 
916b3dcf: folds
fede2308: folds
73969860: folds
Hero: raises $0.14 to $0.24
6c7ce71f: raises $0.26 to $0.5
10df5bc6: folds
Hero: calls $0.26
*** FLOP *** [7s Ac Tc]
6c7ce71f: checks
Hero: checks
*** TURN *** [7s Ac Tc] [3d]
6c7ce71f: bets $0.37
Hero: folds
Uncalled bet ($0.37) returned to 6c7ce71f
*** SHOWDOWN ***
6c7ce71f collected $1.05 from pot
*** SUMMARY ***
Total pot $1.1 | Rake $0.05 | Jackpot $0 | Bingo $0 | Fortune $0 | Tax $0
Board [7s Ac Tc 3d]
Seat 1: 73969860 folded before Flop (didn't bet)
Seat 2: Hero (button) folded on the Turn
Seat 3: 6c7ce71f (small blind) won ($1.05)
Seat 4: 10df5bc6 (big blind) folded before Flop
Seat 5: 916b3dcf folded before Flop (didn't bet)
Seat 6: fede2308 folded before Flop (didn't bet)


Poker Hand #HD1776478032: Hold'em No Limit ($0.05/$0.1) - 2024/05/17 14:15:07
Table 'NLHRed53' 6-max Seat #1 is the button
Seat 1: 73969860 ($13.55 in chips)
Seat 2: Hero ($10 in chips)
Seat 3: 6c7ce71f ($10 in chips)
Seat 4: 10df5bc6 ($19.06 in chips)
Seat 5: 916b3dcf ($11.76 in chips)
Seat 6: fede2308 ($19.14 in chips)
Hero: posts small blind $0.05
6c7ce71f: posts big blind $0.1
*** HOLE CARDS ***
Dealt to 73969860 
Dealt to Hero [Tc 9d]
Dealt to 6c7ce71f 
Dealt to 10df5bc6 
Dealt to 916b3dcf 
Dealt to fede2308 
10df5bc6: folds
916b3dcf: folds
fede2308: folds
73969860: folds
Hero: raises $0.2 to $0.3
6c7ce71f: folds
Uncalled bet ($0.2) returned to Hero
*** SHOWDOWN ***
Hero collected $0.2 from pot
*** SUMMARY ***
Total pot $0.2 | Rake $0 | Jackpot $0 | Bingo $0 | Fortune $0 | Tax $0
Seat 1: 73969860 (button) folded before Flop (didn't bet)
Seat 2: Hero (small blind) collected ($0.2)
Seat 3: 6c7ce71f (big blind) folded before Flop
Seat 4: 10df5bc6 folded before Flop (didn't bet)
Seat 5: 916b3dcf folded before Flop (didn't bet)
Seat 6: fede2308 folded before Flop (didn't bet)


Poker Hand #HD1776478001: Hold'em No Limit ($0.05/$0.1) - 2024/05/17 14:14:44
Table 'NLHRed53' 6-max Seat #6 is the button
Seat 1: 73969860 ($13.32 in chips)
Seat 2: Hero ($10 in chips)
Seat 4: 10df5bc6 ($19.06 in chips)
Seat 5: 916b3dcf ($11.76 in chips)
Seat 6: fede2308 ($19.14 in chips)
73969860: posts small blind $0.05
Hero: posts big blind $0.1
*** HOLE CARDS ***
Dealt to 73969860 
Dealt to Hero [Jh 9s]
Dealt to 10df5bc6 
Dealt to 916b3dcf 
Dealt to fede2308 
10df5bc6: folds
916b3dcf: folds
fede2308: folds
73969860: raises $0.15 to $0.25
Hero: calls $0.15
*** FLOP *** [4d 5d 7d]
73969860: bets $0.25
Hero: folds
Uncalled bet ($0.25) returned to 73969860
*** SHOWDOWN ***
73969860 collected $0.48 from pot
*** SUMMARY ***
Total pot $0.5 | Rake $0.02 | Jackpot $0 | Bingo $0 | Fortune $0 | Tax $0
Board [4d 5d 7d]
Seat 1: 73969860 (small blind) won ($0.48)
Seat 2: Hero (big blind) folded on the Flop
Seat 4: 10df5bc6 folded before Flop (didn't bet)
Seat 5: 916b3dcf folded before Flop (didn't bet)
Seat 6: fede2308 (button) folded before Flop (didn't bet)


Poker Hand #HD1776477798: Hold'em No Limit ($0.05/$0.1) - 2024/05/17 14:12:42
Table 'NLHRed53' 6-max Seat #5 is the button
Seat 1: 73969860 ($13.42 in chips)
Seat 2: Hero ($10 in chips)
Seat 3: 6c7ce71f ($7.85 in chips)
Seat 4: 10df5bc6 ($11.94 in chips)
Seat 5: 916b3dcf ($11.76 in chips)
Seat 6: fede2308 ($19.19 in chips)
fede2308: posts small blind $0.05
73969860: posts big blind $0.1
*** HOLE CARDS ***
Dealt to 73969860 
Dealt to Hero [Kh 7s]
Dealt to 6c7ce71f 
Dealt to 10df5bc6 
Dealt to 916b3dcf 
Dealt to fede2308 
Hero: folds
6c7ce71f: raises $0.1 to $0.2
10df5bc6: raises $0.5 to $0.7
916b3dcf: folds
fede2308: folds
73969860: folds
6c7ce71f: calls $0.5
*** FLOP *** [5s 8c 4s]
6c7ce71f: bets $0.52
10df5bc6: calls $0.52
*** TURN *** [5s 8c 4s] [6s]
6c7ce71f: bets $0.86
10df5bc6: raises $2.24 to $3.1
6c7ce71f: calls $2.24
*** RIVER *** [5s 8c 4s 6s] [5h]
6c7ce71f: checks
10df5bc6: bets $4.4
6c7ce71f: calls $3.53 and is all-in
Uncalled bet ($0.87) returned to 10df5bc6
10df5bc6: shows [Ks Js] (King High Flush)
6c7ce71f: shows [Qs Qh] (Pair of Queens and Pair of Fives)
*** SHOWDOWN ***
10df5bc6 collected $14.97 from pot
*** SUMMARY ***
Total pot $15.85 | Rake $0.78 | Jackpot $0.1 | Bingo $0 | Fortune $0 | Tax $0
Board [5s 8c 4s 6s 5h]
Seat 1: 73969860 (big blind) folded before Flop
Seat 2: Hero folded before Flop (didn't bet)
Seat 3: 6c7ce71f showed [Qs Qh] and lost with Pair of Queens and Pair of Fives
Seat 4: 10df5bc6 showed [Ks Js] and won ($14.97) with King High Flush
Seat 5: 916b3dcf (button) folded before Flop (didn't bet)
Seat 6: fede2308 (small blind) folded before Flop


Poker Hand #HD1776477788: Hold'em No Limit ($0.05/$0.1) - 2024/05/17 14:12:33
Table 'NLHRed53' 6-max Seat #4 is the button
Seat 1: 73969860 ($13.42 in chips)
Seat 2: Hero ($10 in chips)
Seat 3: 6c7ce71f ($7.85 in chips)
Seat 4: 10df5bc6 ($11.94 in chips)
Seat 5: 916b3dcf ($11.81 in chips)
Seat 6: fede2308 ($19.14 in chips)
916b3dcf: posts small blind $0.05
fede2308: posts big blind $0.1
*** HOLE CARDS ***
Dealt to 73969860 
Dealt to Hero [8h 8d]
Dealt to 6c7ce71f 
Dealt to 10df5bc6 
Dealt to 916b3dcf 
Dealt to fede2308 
73969860: folds
Hero: folds
6c7ce71f: folds
10df5bc6: folds
916b3dcf: folds
Uncalled bet ($0.05) returned to fede2308
*** SHOWDOWN ***
fede2308 collected $0.1 from pot
*** SUMMARY ***
Total pot $0.1 | Rake $0 | Jackpot $0 | Bingo $0 | Fortune $0 | Tax $0
Seat 1: 73969860 folded before Flop (didn't bet)
Seat 2: Hero folded before Flop (didn't bet)
Seat 3: 6c7ce71f folded before Flop (didn't bet)
Seat 4: 10df5bc6 (button) folded before Flop (didn't bet)
Seat 5: 916b3dcf (small blind) folded before Flop
Seat 6: fede2308 (big blind) collected ($0.1)


Poker Hand #HD1776477673: Hold'em No Limit ($0.05/$0.1) - 2024/05/17 14:11:27
Table 'NLHRed53' 6-max Seat #3 is the button
Seat 1: 73969860 ($13 in chips)
Seat 2: Hero ($10 in chips)
Seat 3: 6c7ce71f ($7.85 in chips)
Seat 4: 10df5bc6 ($11.99 in chips)
Seat 5: 916b3dcf ($11.91 in chips)
Seat 6: fede2308 ($19.44 in chips)
10df5bc6: posts small blind $0.05
916b3dcf: posts big blind $0.1
*** HOLE CARDS ***
Dealt to 73969860 
Dealt to Hero [Tc 2d]
Dealt to 6c7ce71f 
Dealt to 10df5bc6 
Dealt to 916b3dcf 
Dealt to fede2308 
fede2308: raises $0.2 to $0.3
73969860: calls $0.3
Hero: folds
6c7ce71f: folds
10df5bc6: folds
916b3dcf: folds
*** FLOP *** [9h 3d 3h]
fede2308: checks
73969860: checks
*** TURN *** [9h 3d 3h] [7h]
fede2308: checks
73969860: checks
*** RIVER *** [9h 3d 3h 7h] [7c]
fede2308: checks
73969860: checks
fede2308: shows [Qc Th] (Pair of Sevens and Pair of Treys)
73969860: shows [Qs Kd] (Pair of Sevens and Pair of Treys)
*** SHOWDOWN ***
73969860 collected $0.72 from pot
*** SUMMARY ***
Total pot $0.75 | Rake $0.03 | Jackpot $0 | Bingo $0 | Fortune $0 | Tax $0
Board [9h 3d 3h 7h 7c]
Seat 1: 73969860 showed [Qs Kd] and won ($0.72) with Pair of Sevens and Pair of Treys
Seat 2: Hero folded before Flop (didn't bet)
Seat 3: 6c7ce71f (button) folded before Flop (didn't bet)
Seat 4: 10df5bc6 (small blind) folded before Flop
Seat 5: 916b3dcf (big blind) folded before Flop
Seat 6: fede2308 showed [Qc Th] and lost with Pair of Sevens and Pair of Treys


Poker Hand #HD1776477649: Hold'em No Limit ($0.05/$0.1) - 2024/05/17 14:11:14
Table 'NLHRed53' 6-max Seat #2 is the button
Seat 1: 73969860 ($13 in chips)
Seat 2: Hero ($10 in chips)
Seat 3: 6c7ce71f ($7.9 in chips)
Seat 4: 10df5bc6 ($12.09 in chips)
Seat 5: 916b3dcf ($11.91 in chips)
Seat 6: fede2308 ($19.29 in chips)
6c7ce71f: posts small blind $0.05
10df5bc6: posts big blind $0.1
*** HOLE CARDS ***
Dealt to 73969860 
Dealt to Hero [8c Ah]
Dealt to 6c7ce71f 
Dealt to 10df5bc6 
Dealt to 916b3dcf 
Dealt to fede2308 
916b3dcf: folds
fede2308: raises $0.25 to $0.35
73969860: folds
Hero: folds
6c7ce71f: folds
10df5bc6: folds
Uncalled bet ($0.25) returned to fede2308
*** SHOWDOWN ***
fede2308 collected $0.25 from pot
*** SUMMARY ***
Total pot $0.25 | Rake $0 | Jackpot $0 | Bingo $0 | Fortune $0 | Tax $0
Seat 1: 73969860 folded before Flop (didn't bet)
Seat 2: Hero (button) folded before Flop (didn't bet)
Seat 3: 6c7ce71f (small blind) folded before Flop
Seat 4: 10df5bc6 (big blind) folded before Flop
Seat 5: 916b3dcf folded before Flop (didn't bet)
Seat 6: fede2308 collected ($0.25)


Poker Hand #HD1776477590: Hold'em No Limit ($0.05/$0.1) - 2024/05/17 14:10:43
Table 'NLHRed53' 6-max Seat #1 is the button
Seat 1: 73969860 ($13 in chips)
Seat 2: Hero ($10 in chips)
Seat 3: 6c7ce71f ($8 in chips)
Seat 4: 10df5bc6 ($12.09 in chips)
Seat 5: 916b3dcf ($11.91 in chips)
Seat 6: fede2308 ($19.14 in chips)
Hero: posts small blind $0.05
6c7ce71f: posts big blind $0.1
*** HOLE CARDS ***
Dealt to 73969860 
Dealt to Hero [7h 2h]
Dealt to 6c7ce71f 
Dealt to 10df5bc6 
Dealt to 916b3dcf 
Dealt to fede2308 
10df5bc6: folds
916b3dcf: folds
fede2308: raises $0.25 to $0.35
73969860: folds
Hero: folds
6c7ce71f: folds
Uncalled bet ($0.25) returned to fede2308
*** SHOWDOWN ***
fede2308 collected $0.25 from pot
*** SUMMARY ***
Total pot $0.25 | Rake $0 | Jackpot $0 | Bingo $0 | Fortune $0 | Tax $0
Seat 1: 73969860 (button) folded before Flop (didn't bet)
Seat 2: Hero (small blind) folded before Flop
Seat 3: 6c7ce71f (big blind) folded before Flop
Seat 4: 10df5bc6 folded before Flop (didn't bet)
Seat 5: 916b3dcf folded before Flop (didn't bet)
Seat 6: fede2308 collected ($0.25)


Poker Hand #HD1776477416: Hold'em No Limit ($0.05/$0.1) - 2024/05/17 14:09:10
Table 'NLHRed53' 6-max Seat #6 is the button
Seat 1: 73969860 ($13.05 in chips)
Seat 2: Hero ($10 in chips)
Seat 4: 10df5bc6 ($12.09 in chips)
Seat 5: 916b3dcf ($8.2 in chips)
Seat 6: fede2308 ($23.21 in chips)
73969860: posts small blind $0.05
Hero: posts big blind $0.1
*** HOLE CARDS ***
Dealt to 73969860 
Dealt to Hero [3d Ks]
Dealt to 10df5bc6 
Dealt to 916b3dcf 
Dealt to fede2308 
10df5bc6: folds
916b3dcf: raises $0.1 to $0.2
fede2308: raises $0.55 to $0.75
73969860: folds
Hero: folds
916b3dcf: calls $0.55
*** FLOP *** [Jc 8h Ad]
916b3dcf: checks
fede2308: bets $0.83
916b3dcf: calls $0.83
*** TURN *** [Jc 8h Ad] [4d]
916b3dcf: checks
fede2308: checks
*** RIVER *** [Jc 8h Ad 4d] [2c]
916b3dcf: bets $2.49
fede2308: calls $2.49
916b3dcf: shows [3c As] (Pair of Aces)
fede2308: shows [Qh Qd] (Pair of Queens)
*** SHOWDOWN ***
916b3dcf collected $7.78 from pot
*** SUMMARY ***
Total pot $8.29 | Rake $0.41 | Jackpot $0.1 | Bingo $0 | Fortune $0 | Tax $0
Board [Jc 8h Ad 4d 2c]
Seat 1: 73969860 (small blind) folded before Flop
Seat 2: Hero (big blind) folded before Flop
Seat 4: 10df5bc6 folded before Flop (didn't bet)
Seat 5: 916b3dcf showed [3c As] and won ($7.78) with Pair of Aces
Seat 6: fede2308 (button) showed [Qh Qd] and lost with Pair of Queens


Poker Hand #HD1776477398: Hold'em No Limit ($0.05/$0.1) - 2024/05/17 14:08:57
Table 'NLHRed53' 6-max Seat #5 is the button
Seat 1: 73969860 ($13 in chips)
Seat 2: Hero ($10 in chips)
Seat 4: 10df5bc6 ($12.09 in chips)
Seat 5: 916b3dcf ($8.2 in chips)
Seat 6: fede2308 ($23.26 in chips)
fede2308: posts small blind $0.05
73969860: posts big blind $0.1
*** HOLE CARDS ***
Dealt to 73969860 
Dealt to Hero [3c 2d]
Dealt to 10df5bc6 
Dealt to 916b3dcf 
Dealt to fede2308 
Hero: folds
10df5bc6: folds
916b3dcf: folds
fede2308: folds
Uncalled bet ($0.05) returned to 73969860
*** SHOWDOWN ***
73969860 collected $0.1 from pot
*** SUMMARY ***
Total pot $0.1 | Rake $0 | Jackpot $0 | Bingo $0 | Fortune $0 | Tax $0
Seat 1: 73969860 (big blind) collected ($0.1)
Seat 2: Hero folded before Flop (didn't bet)
Seat 4: 10df5bc6 folded before Flop (didn't bet)
Seat 5: 916b3dcf (button) folded before Flop (didn't bet)
Seat 6: fede2308 (small blind) folded before Flop


Poker Hand #HD1776477379: Hold'em No Limit ($0.05/$0.1) - 2024/05/17 14:08:46
Table 'NLHRed53' 6-max Seat #4 is the button
Seat 1: 73969860 ($13 in chips)
Seat 2: Hero ($10 in chips)
Seat 4: 10df5bc6 ($12.09 in chips)
Seat 5: 916b3dcf ($8.25 in chips)
Seat 6: fede2308 ($23.21 in chips)
916b3dcf: posts small blind $0.05
fede2308: posts big blind $0.1
*** HOLE CARDS ***
Dealt to 73969860 
Dealt to Hero [8h 6s]
Dealt to 10df5bc6 
Dealt to 916b3dcf 
Dealt to fede2308 
73969860: folds
Hero: folds
10df5bc6: folds
916b3dcf: folds
Uncalled bet ($0.05) returned to fede2308
*** SHOWDOWN ***
fede2308 collected $0.1 from pot
*** SUMMARY ***
Total pot $0.1 | Rake $0 | Jackpot $0 | Bingo $0 | Fortune $0 | Tax $0
Seat 1: 73969860 folded before Flop (didn't bet)
Seat 2: Hero folded before Flop (didn't bet)
Seat 4: 10df5bc6 (button) folded before Flop (didn't bet)
Seat 5: 916b3dcf (small blind) folded before Flop
Seat 6: fede2308 (big blind) collected ($0.1)


Poker Hand #HD1776477313: Hold'em No Limit ($0.05/$0.1) - 2024/05/17 14:08:05
Table 'NLHRed53' 6-max Seat #2 is the button
Seat 1: 73969860 ($13 in chips)
Seat 2: Hero ($10 in chips)
Seat 4: 10df5bc6 ($12.39 in chips)
Seat 5: 916b3dcf ($7.98 in chips)
Seat 6: fede2308 ($23.21 in chips)
10df5bc6: posts small blind $0.05
916b3dcf: posts big blind $0.1
*** HOLE CARDS ***
Dealt to 73969860 
Dealt to Hero [Kd 4h]
Dealt to 10df5bc6 
Dealt to 916b3dcf 
Dealt to fede2308 
fede2308: folds
73969860: folds
Hero: folds
10df5bc6: raises $0.2 to $0.3
916b3dcf: calls $0.2
*** FLOP *** [6h Tc 5s]
10df5bc6: checks
916b3dcf: bets $0.45
10df5bc6: folds
Uncalled bet ($0.45) returned to 916b3dcf
*** SHOWDOWN ***
916b3dcf collected $0.57 from pot
*** SUMMARY ***
Total pot $0.6 | Rake $0.03 | Jackpot $0 | Bingo $0 | Fortune $0 | Tax $0
Board [6h Tc 5s]
Seat 1: 73969860 folded before Flop (didn't bet)
Seat 2: Hero (button) folded before Flop (didn't bet)
Seat 4: 10df5bc6 (small blind) folded on the Flop
Seat 5: 916b3dcf (big blind) won ($0.57)
Seat 6: fede2308 folded before Flop (didn't bet)


Poker Hand #HD1776477243: Hold'em No Limit ($0.05/$0.1) - 2024/05/17 14:07:22
Table 'NLHRed53' 6-max Seat #1 is the button
Seat 1: 73969860 ($12.67 in chips)
Seat 2: Hero ($10 in chips)
Seat 4: 10df5bc6 ($12.49 in chips)
Seat 5: 916b3dcf ($8.18 in chips)
Seat 6: fede2308 ($23.21 in chips)
Hero: posts small blind $0.05
10df5bc6: posts big blind $0.1
*** HOLE CARDS ***
Dealt to 73969860 
Dealt to Hero [9d 2h]
Dealt to 10df5bc6 
Dealt to 916b3dcf 
Dealt to fede2308 
916b3dcf: raises $0.1 to $0.2
fede2308: folds
73969860: calls $0.2
Hero: folds
10df5bc6: folds
*** FLOP *** [6d Kc Kd]
916b3dcf: checks
73969860: checks
*** TURN *** [6d Kc Kd] [Th]
916b3dcf: checks
73969860: bets $0.28
916b3dcf: folds
Uncalled bet ($0.28) returned to 73969860
*** SHOWDOWN ***
73969860 collected $0.53 from pot
*** SUMMARY ***
Total pot $0.55 | Rake $0.02 | Jackpot $0 | Bingo $0 | Fortune $0 | Tax $0
Board [6d Kc Kd Th]
Seat 1: 73969860 (button) won ($0.53)
Seat 2: Hero (small blind) folded before Flop
Seat 4: 10df5bc6 (big blind) folded before Flop
Seat 5: 916b3dcf folded on the Turn
Seat 6: fede2308 folded before Flop (didn't bet)


Poker Hand #HD1776477208: Hold'em No Limit ($0.05/$0.1) - 2024/05/17 14:07:02
Table 'NLHRed53' 6-max Seat #6 is the button
Seat 1: 73969860 ($12.72 in chips)
Seat 2: Hero ($10 in chips)
Seat 3: 2592dff6 ($10 in chips)
Seat 4: 10df5bc6 ($12.49 in chips)
Seat 5: 916b3dcf ($4.28 in chips)
Seat 6: fede2308 ($23.21 in chips)
73969860: posts small blind $0.05
Hero: posts big blind $0.1
*** HOLE CARDS ***
Dealt to 73969860 
Dealt to Hero [Jd 3s]
Dealt to 2592dff6 
Dealt to 10df5bc6 
Dealt to 916b3dcf 
Dealt to fede2308 
2592dff6: raises $0.1 to $0.2
10df5bc6: folds
916b3dcf: folds
fede2308: folds
73969860: folds
Hero: folds
Uncalled bet ($0.1) returned to 2592dff6
*** SHOWDOWN ***
2592dff6 collected $0.25 from pot
*** SUMMARY ***
Total pot $0.25 | Rake $0 | Jackpot $0 | Bingo $0 | Fortune $0 | Tax $0
Seat 1: 73969860 (small blind) folded before Flop
Seat 2: Hero (big blind) folded before Flop
Seat 3: 2592dff6 collected ($0.25)
Seat 4: 10df5bc6 folded before Flop (didn't bet)
Seat 5: 916b3dcf folded before Flop (didn't bet)
Seat 6: fede2308 (button) folded before Flop (didn't bet)


Poker Hand #HD1776477080: Hold'em No Limit ($0.05/$0.1) - 2024/05/17 14:05:47
Table 'NLHRed53' 6-max Seat #5 is the button
Seat 1: 73969860 ($12.82 in chips)
Seat 2: Hero ($10 in chips)
Seat 3: 2592dff6 ($10 in chips)
Seat 4: 10df5bc6 ($12.49 in chips)
Seat 5: 916b3dcf ($9.07 in chips)
Seat 6: fede2308 ($17.52 in chips)
fede2308: posts small blind $0.05
73969860: posts big blind $0.1
*** HOLE CARDS ***
Dealt to 73969860 
Dealt to Hero [Ac 8c]
Dealt to 2592dff6 
Dealt to 10df5bc6 
Dealt to 916b3dcf 
Dealt to fede2308 
Hero: raises $0.1 to $0.2
2592dff6: folds
10df5bc6: folds
916b3dcf: raises $0.36 to $0.56
fede2308: calls $0.51
73969860: folds
Hero: calls $0.36
*** FLOP *** [4c Qd 7h]
fede2308: checks
Hero: checks
916b3dcf: checks
*** TURN *** [4c Qd 7h] [Th]
fede2308: bets $0.89
Hero: calls $0.89
916b3dcf: calls $0.89
*** RIVER *** [4c Qd 7h Th] [9d]
fede2308: bets $3.34
Hero: folds
916b3dcf: calls $3.34
fede2308: shows [Qs 9s] (Pair of Queens and Pair of Nines)
916b3dcf: shows [Kd Td] (Pair of Tens)
*** SHOWDOWN ***
fede2308 collected $10.48 from pot
*** SUMMARY ***
Total pot $11.13 | Rake $0.55 | Jackpot $0.1 | Bingo $0 | Fortune $0 | Tax $0
Board [4c Qd 7h Th 9d]
Seat 1: 73969860 (big blind) folded before Flop
Seat 2: Hero folded on the River
Seat 3: 2592dff6 folded before Flop (didn't bet)
Seat 4: 10df5bc6 folded before Flop (didn't bet)
Seat 5: 916b3dcf (button) showed [Kd Td] and lost with Pair of Tens
Seat 6: fede2308 (small blind) showed [Qs 9s] and won ($10.48) with Pair of Queens and Pair of Nines


Poker Hand #HD1776477016: Hold'em No Limit ($0.05/$0.1) - 2024/05/17 14:05:18
Table 'NLHRed53' 6-max Seat #4 is the button
Seat 2: Hero ($10 in chips)
Seat 3: 2592dff6 ($10 in chips)
Seat 4: 10df5bc6 ($12.49 in chips)
Seat 5: 916b3dcf ($4.12 in chips)
Seat 6: fede2308 ($17.47 in chips)
916b3dcf: posts small blind $0.05
fede2308: posts big blind $0.1
*** HOLE CARDS ***
Dealt to Hero [9s 2h]
Dealt to 2592dff6 
Dealt to 10df5bc6 
Dealt to 916b3dcf 
Dealt to fede2308 
Hero: folds
2592dff6: folds
10df5bc6: folds
916b3dcf: folds
Uncalled bet ($0.05) returned to fede2308
*** SHOWDOWN ***
fede2308 collected $0.1 from pot
*** SUMMARY ***
Total pot $0.1 | Rake $0 | Jackpot $0 | Bingo $0 | Fortune $0 | Tax $0
Seat 2: Hero folded before Flop (didn't bet)
Seat 3: 2592dff6 folded before Flop (didn't bet)
Seat 4: 10df5bc6 (button) folded before Flop (didn't bet)
Seat 5: 916b3dcf (small blind) folded before Flop
Seat 6: fede2308 (big blind) collected ($0.1)


Poker Hand #HD1776476998: Hold'em No Limit ($0.05/$0.1) - 2024/05/17 14:05:08
Table 'NLHRed53' 6-max Seat #3 is the button
Seat 2: Hero ($10 in chips)
Seat 3: 2592dff6 ($10 in chips)
Seat 4: 10df5bc6 ($12.54 in chips)
Seat 5: 916b3dcf ($3.07 in chips)
Seat 6: fede2308 ($17.47 in chips)
10df5bc6: posts small blind $0.05
916b3dcf: posts big blind $0.1
*** HOLE CARDS ***
Dealt to Hero [5d 9d]
Dealt to 2592dff6 
Dealt to 10df5bc6 
Dealt to 916b3dcf 
Dealt to fede2308 
fede2308: folds
Hero: folds
2592dff6: folds
10df5bc6: folds
Uncalled bet ($0.05) returned to 916b3dcf
*** SHOWDOWN ***
916b3dcf collected $0.1 from pot
*** SUMMARY ***
Total pot $0.1 | Rake $0 | Jackpot $0 | Bingo $0 | Fortune $0 | Tax $0
Seat 2: Hero folded before Flop (didn't bet)
Seat 3: 2592dff6 (button) folded before Flop (didn't bet)
Seat 4: 10df5bc6 (small blind) folded before Flop
Seat 5: 916b3dcf (big blind) collected ($0.1)
Seat 6: fede2308 folded before Flop (didn't bet)


Poker Hand #HD1776476770: Hold'em No Limit ($0.05/$0.1) - 2024/05/17 14:03:03
Table 'NLHRed53' 6-max Seat #2 is the button
Seat 2: Hero ($10 in chips)
Seat 3: 2592dff6 ($10.05 in chips)
Seat 4: 10df5bc6 ($12.64 in chips)
Seat 5: 916b3dcf ($5.64 in chips)
Seat 6: fede2308 ($15.11 in chips)
2592dff6: posts small blind $0.05
10df5bc6: posts big blind $0.1
*** HOLE CARDS ***
Dealt to Hero [7s 9d]
Dealt to 2592dff6 
Dealt to 10df5bc6 
Dealt to 916b3dcf 
Dealt to fede2308 
916b3dcf: calls $0.1
fede2308: raises $0.35 to $0.45
Hero: folds
2592dff6: folds
10df5bc6: folds
916b3dcf: calls $0.35
*** FLOP *** [Jd 6c Ah]
916b3dcf: checks
fede2308: bets $0.53
916b3dcf: calls $0.53
*** TURN *** [Jd 6c Ah] [5h]
916b3dcf: checks
fede2308: checks
*** RIVER *** [Jd 6c Ah 5h] [Ac]
916b3dcf: bets $1.59
fede2308: calls $1.59
916b3dcf: shows [Qh Kc] (Pair of Aces)
fede2308: shows [Jc Td] (Pair of Aces and Pair of Jacks)
*** SHOWDOWN ***
fede2308 collected $4.93 from pot
*** SUMMARY ***
Total pot $5.29 | Rake $0.26 | Jackpot $0.1 | Bingo $0 | Fortune $0 | Tax $0
Board [Jd 6c Ah 5h Ac]
Seat 2: Hero (button) folded before Flop (didn't bet)
Seat 3: 2592dff6 (small blind) folded before Flop
Seat 4: 10df5bc6 (big blind) folded before Flop
Seat 5: 916b3dcf showed [Qh Kc] and lost with Pair of Aces
Seat 6: fede2308 showed [Jc Td] and won ($4.93) with Pair of Aces and Pair of Jacks


Poker Hand #HD1776476729: Hold'em No Limit ($0.05/$0.1) - 2024/05/17 14:02:41
Table 'NLHRed53' 6-max Seat #6 is the button
Seat 2: Hero ($10 in chips)
Seat 3: 2592dff6 ($10 in chips)
Seat 4: 10df5bc6 ($12.64 in chips)
Seat 5: 916b3dcf ($5.64 in chips)
Seat 6: fede2308 ($15.11 in chips)
Hero: posts small blind $0.05
2592dff6: posts big blind $0.1
*** HOLE CARDS ***
Dealt to Hero [5s 8c]
Dealt to 2592dff6 
Dealt to 10df5bc6 
Dealt to 916b3dcf 
Dealt to fede2308 
10df5bc6: folds
916b3dcf: folds
fede2308: folds
Hero: folds
Uncalled bet ($0.05) returned to 2592dff6
*** SHOWDOWN ***
2592dff6 collected $0.1 from pot
*** SUMMARY ***
Total pot $0.1 | Rake $0 | Jackpot $0 | Bingo $0 | Fortune $0 | Tax $0
Seat 2: Hero (small blind) folded before Flop
Seat 3: 2592dff6 (big blind) collected ($0.1)
Seat 4: 10df5bc6 folded before Flop (didn't bet)
Seat 5: 916b3dcf folded before Flop (didn't bet)
Seat 6: fede2308 (button) folded before Flop (didn't bet)


Poker Hand #HD1776476598: Hold'em No Limit ($0.05/$0.1) - 2024/05/17 14:01:18
Table 'NLHRed53' 6-max Seat #5 is the button
Seat 2: Hero ($10 in chips)
Seat 4: 10df5bc6 ($11.55 in chips)
Seat 5: 916b3dcf ($6.69 in chips)
Seat 6: fede2308 ($15.16 in chips)
fede2308: posts small blind $0.05
Hero: posts big blind $0.1
*** HOLE CARDS ***
Dealt to Hero [2s Kd]
Dealt to 10df5bc6 
Dealt to 916b3dcf 
Dealt to fede2308 
10df5bc6: raises $0.1 to $0.2
916b3dcf: calls $0.2
fede2308: folds
Hero: folds
*** FLOP *** [9d 8c Jc]
10df5bc6: bets $0.19
916b3dcf: calls $0.19
*** TURN *** [9d 8c Jc] [9h]
10df5bc6: bets $0.66
916b3dcf: calls $0.66
*** RIVER *** [9d 8c Jc 9h] [Jd]
10df5bc6: checks
916b3dcf: checks
10df5bc6: shows [Tc 9s] (Nines Full over Jacks)
916b3dcf: shows [Qc 5c] (Pair of Jacks and Pair of Nines)
*** SHOWDOWN ***
10df5bc6 collected $2.14 from pot
*** SUMMARY ***
Total pot $2.25 | Rake $0.11 | Jackpot $0 | Bingo $0 | Fortune $0 | Tax $0
Board [9d 8c Jc 9h Jd]
Seat 2: Hero (big blind) folded before Flop
Seat 4: 10df5bc6 showed [Tc 9s] and won ($2.14) with Nines Full over Jacks
Seat 5: 916b3dcf (button) showed [Qc 5c] and lost with Pair of Jacks and Pair of Nines
Seat 6: fede2308 (small blind) folded before Flop


Poker Hand #HD1776476577: Hold'em No Limit ($0.05/$0.1) - 2024/05/17 14:01:07
Table 'NLHRed53' 6-max Seat #4 is the button
Seat 2: Hero ($10 in chips)
Seat 4: 10df5bc6 ($11.4 in chips)
Seat 5: 916b3dcf ($6.74 in chips)
Seat 6: fede2308 ($15.26 in chips)
916b3dcf: posts small blind $0.05
fede2308: posts big blind $0.1
*** HOLE CARDS ***
Dealt to Hero [6c Jh]
Dealt to 10df5bc6 
Dealt to 916b3dcf 
Dealt to fede2308 
Hero: folds
10df5bc6: raises $0.1 to $0.2
916b3dcf: folds
fede2308: folds
Uncalled bet ($0.1) returned to 10df5bc6
*** SHOWDOWN ***
10df5bc6 collected $0.25 from pot
*** SUMMARY ***
Total pot $0.25 | Rake $0 | Jackpot $0 | Bingo $0 | Fortune $0 | Tax $0
Seat 2: Hero folded before Flop (didn't bet)
Seat 4: 10df5bc6 (button) collected ($0.25)
Seat 5: 916b3dcf (small blind) folded before Flop
Seat 6: fede2308 (big blind) folded before Flop


Poker Hand #HD1776476547: Hold'em No Limit ($0.05/$0.1) - 2024/05/17 14:00:50
Table 'NLHRed53' 6-max Seat #2 is the button
Seat 2: Hero ($10 in chips)
Seat 4: 10df5bc6 ($11.45 in chips)
Seat 5: 916b3dcf ($6.69 in chips)
Seat 6: fede2308 ($15.26 in chips)
10df5bc6: posts small blind $0.05
916b3dcf: posts big blind $0.1
*** HOLE CARDS ***
Dealt to Hero [3d 7h]
Dealt to 10df5bc6 
Dealt to 916b3dcf 
Dealt to fede2308 
fede2308: folds
Hero: folds
10df5bc6: folds
Uncalled bet ($0.05) returned to 916b3dcf
*** SHOWDOWN ***
916b3dcf collected $0.1 from pot
*** SUMMARY ***
Total pot $0.1 | Rake $0 | Jackpot $0 | Bingo $0 | Fortune $0 | Tax $0
Seat 2: Hero (button) folded before Flop (didn't bet)
Seat 4: 10df5bc6 (small blind) folded before Flop
Seat 5: 916b3dcf (big blind) collected ($0.1)
Seat 6: fede2308 folded before Flop (didn't bet)


Poker Hand #HD1776476533: Hold'em No Limit ($0.05/$0.1) - 2024/05/17 14:00:42
Table 'NLHRed53' 6-max Seat #6 is the button
Seat 2: Hero ($10 in chips)
Seat 4: 10df5bc6 ($11.4 in chips)
Seat 5: 916b3dcf ($6.69 in chips)
Seat 6: fede2308 ($15.26 in chips)
Hero: posts small blind $0.05
10df5bc6: posts big blind $0.1
*** HOLE CARDS ***
Dealt to Hero [5h Qs]
Dealt to 10df5bc6 
Dealt to 916b3dcf 
Dealt to fede2308 
916b3dcf: folds
fede2308: folds
Hero: folds
Uncalled bet ($0.05) returned to 10df5bc6
*** SHOWDOWN ***
10df5bc6 collected $0.1 from pot
*** SUMMARY ***
Total pot $0.1 | Rake $0 | Jackpot $0 | Bingo $0 | Fortune $0 | Tax $0
Seat 2: Hero (small blind) folded before Flop
Seat 4: 10df5bc6 (big blind) collected ($0.1)
Seat 5: 916b3dcf folded before Flop (didn't bet)
Seat 6: fede2308 (button) folded before Flop (didn't bet)


Poker Hand #HD1776476396: Hold'em No Limit ($0.05/$0.1) - 2024/05/17 13:59:27
Table 'NLHRed53' 6-max Seat #5 is the button
Seat 2: Hero ($10 in chips)
Seat 3: d809c82c ($11.4 in chips)
Seat 4: 10df5bc6 ($11.4 in chips)
Seat 5: 916b3dcf ($6.37 in chips)
Seat 6: fede2308 ($15.31 in chips)
fede2308: posts small blind $0.05
Hero: posts big blind $0.1
*** HOLE CARDS ***
Dealt to Hero [4d 3d]
Dealt to d809c82c 
Dealt to 10df5bc6 
Dealt to 916b3dcf 
Dealt to fede2308 
d809c82c: folds
10df5bc6: folds
916b3dcf: calls $0.1
fede2308: folds
Hero: checks
*** FLOP *** [5s Td 5h]
Hero: checks
916b3dcf: checks
*** TURN *** [5s Td 5h] [Ad]
Hero: bets $0.2
916b3dcf: calls $0.2
*** RIVER *** [5s Td 5h Ad] [6s]
Hero: checks
916b3dcf: checks
Hero: shows [4d 3d] (Pair of Fives)
916b3dcf: shows [Th 4h] (Pair of Tens and Pair of Fives)
*** SHOWDOWN ***
916b3dcf collected $0.62 from pot
*** SUMMARY ***
Total pot $0.65 | Rake $0.03 | Jackpot $0 | Bingo $0 | Fortune $0 | Tax $0
Board [5s Td 5h Ad 6s]
Seat 2: Hero (big blind) showed [4d 3d] and lost with Pair of Fives
Seat 3: d809c82c folded before Flop (didn't bet)
Seat 4: 10df5bc6 folded before Flop (didn't bet)
Seat 5: 916b3dcf (button) showed [Th 4h] and won ($0.62) with Pair of Tens and Pair of Fives
Seat 6: fede2308 (small blind) folded before Flop


Poker Hand #HD1776476295: Hold'em No Limit ($0.05/$0.1) - 2024/05/17 13:58:31
Table 'NLHRed53' 6-max Seat #4 is the button
Seat 2: Hero ($10 in chips)
Seat 3: d809c82c ($11.4 in chips)
Seat 4: 10df5bc6 ($11.4 in chips)
Seat 5: 916b3dcf ($6.28 in chips)
Seat 6: fede2308 ($15.41 in chips)
916b3dcf: posts small blind $0.05
fede2308: posts big blind $0.1
*** HOLE CARDS ***
Dealt to Hero [8d 3s]
Dealt to d809c82c 
Dealt to 10df5bc6 
Dealt to 916b3dcf 
Dealt to fede2308 
Hero: folds
d809c82c: folds
10df5bc6: folds
916b3dcf: calls $0.05
fede2308: checks
*** FLOP *** [Td 8s 9d]
916b3dcf: checks
fede2308: checks
*** TURN *** [Td 8s 9d] [8c]
916b3dcf: bets $0.1
fede2308: folds
Uncalled bet ($0.1) returned to 916b3dcf
*** SHOWDOWN ***
916b3dcf collected $0.19 from pot
*** SUMMARY ***
Total pot $0.2 | Rake $0.01 | Jackpot $0 | Bingo $0 | Fortune $0 | Tax $0
Board [Td 8s 9d 8c]
Seat 2: Hero folded before Flop (didn't bet)
Seat 3: d809c82c folded before Flop (didn't bet)
Seat 4: 10df5bc6 (button) folded before Flop (didn't bet)
Seat 5: 916b3dcf (small blind) won ($0.19)
Seat 6: fede2308 (big blind) folded on the Turn


Poker Hand #HD1776476214: Hold'em No Limit ($0.05/$0.1) - 2024/05/17 13:57:40
Table 'NLHRed53' 6-max Seat #3 is the button
Seat 2: Hero ($10 in chips)
Seat 3: d809c82c ($10 in chips)
Seat 4: 10df5bc6 ($11.45 in chips)
Seat 5: 916b3dcf ($6.38 in chips)
Seat 6: fede2308 ($16.91 in chips)
10df5bc6: posts small blind $0.05
916b3dcf: posts big blind $0.1
*** HOLE CARDS ***
Dealt to Hero [5h 9c]
Dealt to d809c82c 
Dealt to 10df5bc6 
Dealt to 916b3dcf 
Dealt to fede2308 
fede2308: raises $0.2 to $0.3
Hero: folds
d809c82c: raises $0.6 to $0.9
10df5bc6: folds
916b3dcf: folds
fede2308: calls $0.6
*** FLOP *** [Qd Kh 6s]
fede2308: checks
d809c82c: bets $0.6
fede2308: calls $0.6
*** TURN *** [Qd Kh 6s] [Jh]
fede2308: checks
d809c82c: bets $2.2
fede2308: folds
Uncalled bet ($2.2) returned to d809c82c
*** SHOWDOWN ***
d809c82c collected $2.9 from pot
*** SUMMARY ***
Total pot $3.15 | Rake $0.15 | Jackpot $0.1 | Bingo $0 | Fortune $0 | Tax $0
Board [Qd Kh 6s Jh]
Seat 2: Hero folded before Flop (didn't bet)
Seat 3: d809c82c (button) won ($2.9)
Seat 4: 10df5bc6 (small blind) folded before Flop
Seat 5: 916b3dcf (big blind) folded before Flop
Seat 6: fede2308 folded on the Turn


Poker Hand #HD1776476099: Hold'em No Limit ($0.05/$0.1) - 2024/05/17 13:56:25
Table 'NLHRed53' 6-max Seat #2 is the button
Seat 2: Hero ($10 in chips)
Seat 3: d809c82c ($11.39 in chips)
Seat 4: 10df5bc6 ($10.1 in chips)
Seat 6: fede2308 ($16.91 in chips)
d809c82c: posts small blind $0.05
10df5bc6: posts big blind $0.1
*** HOLE CARDS ***
Dealt to Hero [9c 2c]
Dealt to d809c82c 
Dealt to 10df5bc6 
Dealt to fede2308 
fede2308: folds
Hero: folds
d809c82c: raises $0.15 to $0.25
10df5bc6: calls $0.15
*** FLOP *** [Qd 7s 5s]
d809c82c: bets $0.15
10df5bc6: calls $0.15
*** TURN *** [Qd 7s 5s] [Jd]
d809c82c: bets $1.2
10df5bc6: calls $1.2
*** RIVER *** [Qd 7s 5s Jd] [Ah]
d809c82c: checks
10df5bc6: bets $2.5
d809c82c: folds
Uncalled bet ($2.5) returned to 10df5bc6
*** SHOWDOWN ***
10df5bc6 collected $2.95 from pot
*** SUMMARY ***
Total pot $3.2 | Rake $0.15 | Jackpot $0.1 | Bingo $0 | Fortune $0 | Tax $0
Board [Qd 7s 5s Jd Ah]
Seat 2: Hero (button) folded before Flop (didn't bet)
Seat 3: d809c82c (small blind) folded on the River
Seat 4: 10df5bc6 (big blind) won ($2.95)
Seat 6: fede2308 folded before Flop (didn't bet)


Poker Hand #HD1776476064: Hold'em No Limit ($0.05/$0.1) - 2024/05/17 13:56:13
Table 'NLHRed53' 6-max Seat #6 is the button
Seat 2: Hero ($10 in chips)
Seat 3: d809c82c ($11.49 in chips)
Seat 4: 10df5bc6 ($10.1 in chips)
Seat 6: fede2308 ($16.76 in chips)
Hero: posts small blind $0.05
d809c82c: posts big blind $0.1
*** HOLE CARDS ***
Dealt to Hero [6s Jh]
Dealt to d809c82c 
Dealt to 10df5bc6 
Dealt to fede2308 
10df5bc6: folds
fede2308: raises $0.2 to $0.3
Hero: folds
d809c82c: folds
Uncalled bet ($0.2) returned to fede2308
*** SHOWDOWN ***
fede2308 collected $0.25 from pot
*** SUMMARY ***
Total pot $0.25 | Rake $0 | Jackpot $0 | Bingo $0 | Fortune $0 | Tax $0
Seat 2: Hero (small blind) folded before Flop
Seat 3: d809c82c (big blind) folded before Flop
Seat 4: 10df5bc6 folded before Flop (didn't bet)
Seat 6: fede2308 (button) collected ($0.25)


Poker Hand #HD1776476040: Hold'em No Limit ($0.05/$0.1) - 2024/05/17 13:56:00
Table 'NLHRed53' 6-max Seat #4 is the button
Seat 2: Hero ($10 in chips)
Seat 4: 10df5bc6 ($10.1 in chips)
Seat 6: fede2308 ($16.66 in chips)
fede2308: posts small blind $0.05
Hero: posts big blind $0.1
*** HOLE CARDS ***
Dealt to Hero [8c Kh]
Dealt to 10df5bc6 
Dealt to fede2308 
10df5bc6: folds
fede2308: raises $0.2 to $0.3
Hero: folds
Uncalled bet ($0.2) returned to fede2308
*** SHOWDOWN ***
fede2308 collected $0.2 from pot
*** SUMMARY ***
Total pot $0.2 | Rake $0 | Jackpot $0 | Bingo $0 | Fortune $0 | Tax $0
Seat 2: Hero (big blind) folded before Flop
Seat 4: 10df5bc6 (button) folded before Flop (didn't bet)
Seat 6: fede2308 (small blind) collected ($0.2)


Poker Hand #HD1776476025: Hold'em No Limit ($0.05/$0.1) - 2024/05/17 13:55:50
Table 'NLHRed53' 6-max Seat #2 is the button
Seat 2: Hero ($10 in chips)
Seat 4: 10df5bc6 ($10.15 in chips)
Seat 6: fede2308 ($16.61 in chips)
10df5bc6: posts small blind $0.05
fede2308: posts big blind $0.1
*** HOLE CARDS ***
Dealt to Hero [7c 3d]
Dealt to 10df5bc6 
Dealt to fede2308 
Hero: folds
10df5bc6: folds
Uncalled bet ($0.05) returned to fede2308
*** SHOWDOWN ***
fede2308 collected $0.1 from pot
*** SUMMARY ***
Total pot $0.1 | Rake $0 | Jackpot $0 | Bingo $0 | Fortune $0 | Tax $0
Seat 2: Hero (button) folded before Flop (didn't bet)
Seat 4: 10df5bc6 (small blind) folded before Flop
Seat 6: fede2308 (big blind) collected ($0.1)


Poker Hand #HD1776475990: Hold'em No Limit ($0.05/$0.1) - 2024/05/17 13:55:29
Table 'NLHRed53' 6-max Seat #1 is the button
Seat 1: 73969860 ($12.82 in chips)
Seat 2: Hero ($10 in chips)
Seat 4: 10df5bc6 ($10.25 in chips)
Seat 6: fede2308 ($16.46 in chips)
Hero: posts small blind $0.05
10df5bc6: posts big blind $0.1
*** HOLE CARDS ***
Dealt to 73969860 
Dealt to Hero [Qc 6c]
Dealt to 10df5bc6 
Dealt to fede2308 
fede2308: raises $0.2 to $0.3
73969860: folds
Hero: folds
10df5bc6: folds
Uncalled bet ($0.2) returned to fede2308
*** SHOWDOWN ***
fede2308 collected $0.25 from pot
*** SUMMARY ***
Total pot $0.25 | Rake $0 | Jackpot $0 | Bingo $0 | Fortune $0 | Tax $0
Seat 1: 73969860 (button) folded before Flop (didn't bet)
Seat 2: Hero (small blind) folded before Flop
Seat 4: 10df5bc6 (big blind) folded before Flop
Seat 6: fede2308 collected ($0.25)


Poker Hand #HD1776475968: Hold'em No Limit ($0.05/$0.1) - 2024/05/17 13:55:17
Table 'NLHRed53' 6-max Seat #6 is the button
Seat 1: 73969860 ($12.87 in chips)
Seat 2: Hero ($10 in chips)
Seat 3: d809c82c ($11.49 in chips)
Seat 4: 10df5bc6 ($10.1 in chips)
Seat 6: fede2308 ($16.46 in chips)
73969860: posts small blind $0.05
Hero: posts big blind $0.1
*** HOLE CARDS ***
Dealt to 73969860 
Dealt to Hero [Qh 2c]
Dealt to d809c82c 
Dealt to 10df5bc6 
Dealt to fede2308 
d809c82c: folds
10df5bc6: raises $0.1 to $0.2
fede2308: folds
73969860: folds
Hero: folds
Uncalled bet ($0.1) returned to 10df5bc6
*** SHOWDOWN ***
10df5bc6 collected $0.25 from pot
*** SUMMARY ***
Total pot $0.25 | Rake $0 | Jackpot $0 | Bingo $0 | Fortune $0 | Tax $0
Seat 1: 73969860 (small blind) folded before Flop
Seat 2: Hero (big blind) folded before Flop
Seat 3: d809c82c folded before Flop (didn't bet)
Seat 4: 10df5bc6 collected ($0.25)
Seat 6: fede2308 (button) folded before Flop (didn't bet)


