Poker Hand #HD1755899779: Hold'em No Limit ($0.05/$0.1) - 2024/05/02 20:31:59
Table 'NLHRed19' 6-max Seat #4 is the button
Seat 1: c9afa58b ($13.96 in chips)
Seat 2: 211f23ae ($18.7 in chips)
Seat 3: Hero ($10 in chips)
Seat 4: c8832665 ($10.31 in chips)
Seat 5: 2da42596 ($10 in chips)
Seat 6: 8ead6c24 ($5.34 in chips)
2da42596: posts small blind $0.05
8ead6c24: posts big blind $0.1
*** HOLE CARDS ***
Dealt to c9afa58b 
Dealt to 211f23ae 
Dealt to Hero [Jh 9s]
Dealt to c8832665 
Dealt to 2da42596 
Dealt to 8ead6c24 
c9afa58b: folds
211f23ae: folds
Hero: folds
c8832665: raises $0.15 to $0.25
2da42596: folds
8ead6c24: folds
Uncalled bet ($0.15) returned to c8832665
*** SHOWDOWN ***
c8832665 collected $0.25 from pot
*** SUMMARY ***
Total pot $0.25 | Rake $0 | Jackpot $0 | Bingo $0 | Fortune $0 | Tax $0
Seat 1: c9afa58b folded before Flop (didn't bet)
Seat 2: 211f23ae folded before Flop (didn't bet)
Seat 3: Hero folded before Flop (didn't bet)
Seat 4: c8832665 (button) collected ($0.25)
Seat 5: 2da42596 (small blind) folded before Flop
Seat 6: 8ead6c24 (big blind) folded before Flop


Poker Hand #HD1755899721: Hold'em No Limit ($0.05/$0.1) - 2024/05/02 20:31:22
Table 'NLHRed19' 6-max Seat #3 is the button
Seat 1: c9afa58b ($13.96 in chips)
Seat 2: 211f23ae ($18.01 in chips)
Seat 3: Hero ($10 in chips)
Seat 4: c8832665 ($10.36 in chips)
Seat 5: 2da42596 ($10 in chips)
Seat 6: 8ead6c24 ($5.94 in chips)
c8832665: posts small blind $0.05
2da42596: posts big blind $0.1
*** HOLE CARDS ***
Dealt to c9afa58b 
Dealt to 211f23ae 
Dealt to Hero [6h 2s]
Dealt to c8832665 
Dealt to 2da42596 
Dealt to 8ead6c24 
8ead6c24: raises $0.1 to $0.2
c9afa58b: folds
211f23ae: raises $0.4 to $0.6
Hero: folds
c8832665: folds
2da42596: folds
8ead6c24: calls $0.4
*** FLOP *** [5s Qh 5h]
8ead6c24: checks
211f23ae: bets $0.45
8ead6c24: folds
Uncalled bet ($0.45) returned to 211f23ae
*** SHOWDOWN ***
211f23ae collected $1.29 from pot
*** SUMMARY ***
Total pot $1.35 | Rake $0.06 | Jackpot $0 | Bingo $0 | Fortune $0 | Tax $0
Board [5s Qh 5h]
Seat 1: c9afa58b folded before Flop (didn't bet)
Seat 2: 211f23ae won ($1.29)
Seat 3: Hero (button) folded before Flop (didn't bet)
Seat 4: c8832665 (small blind) folded before Flop
Seat 5: 2da42596 (big blind) folded before Flop
Seat 6: 8ead6c24 folded on the Flop


Poker Hand #HD1755899659: Hold'em No Limit ($0.05/$0.1) - 2024/05/02 20:30:36
Table 'NLHRed19' 6-max Seat #2 is the button
Seat 1: c9afa58b ($13.96 in chips)
Seat 2: 211f23ae ($18.01 in chips)
Seat 3: Hero ($10 in chips)
Seat 4: c8832665 ($10.22 in chips)
Seat 6: 8ead6c24 ($6.04 in chips)
Hero: posts small blind $0.05
c8832665: posts big blind $0.1
*** HOLE CARDS ***
Dealt to c9afa58b 
Dealt to 211f23ae 
Dealt to Hero [8d 4d]
Dealt to c8832665 
Dealt to 8ead6c24 
8ead6c24: calls $0.1
c9afa58b: folds
211f23ae: folds
Hero: folds
c8832665: checks
*** FLOP *** [Tc 8s 4c]
c8832665: checks
8ead6c24: checks
*** TURN *** [Tc 8s 4c] [Ac]
c8832665: checks
8ead6c24: checks
*** RIVER *** [Tc 8s 4c Ac] [5c]
c8832665: checks
8ead6c24: checks
c8832665: shows [3s 3h] (Pair of Treys)
8ead6c24: shows [Kh Jd] (Ace-High)
*** SHOWDOWN ***
c8832665 collected $0.24 from pot
*** SUMMARY ***
Total pot $0.25 | Rake $0.01 | Jackpot $0 | Bingo $0 | Fortune $0 | Tax $0
Board [Tc 8s 4c Ac 5c]
Seat 1: c9afa58b folded before Flop (didn't bet)
Seat 2: 211f23ae (button) folded before Flop (didn't bet)
Seat 3: Hero (small blind) folded before Flop
Seat 4: c8832665 (big blind) showed [3s 3h] and won ($0.24) with Pair of Treys
Seat 6: 8ead6c24 showed [Kh Jd] and lost with Ace-High


Poker Hand #HD1755899542: Hold'em No Limit ($0.05/$0.1) - 2024/05/02 20:29:23
Table 'NLHRed19' 6-max Seat #1 is the button
Seat 1: c9afa58b ($13.96 in chips)
Seat 2: 211f23ae ($18.26 in chips)
Seat 3: Hero ($10.27 in chips)
Seat 4: c8832665 ($8.2 in chips)
Seat 6: 8ead6c24 ($6.04 in chips)
211f23ae: posts small blind $0.05
Hero: posts big blind $0.1
*** HOLE CARDS ***
Dealt to c9afa58b 
Dealt to 211f23ae 
Dealt to Hero [Kh Jc]
Dealt to c8832665 
Dealt to 8ead6c24 
c8832665: raises $0.15 to $0.25
8ead6c24: folds
c9afa58b: folds
211f23ae: calls $0.2
Hero: raises $0.95 to $1.2
c8832665: calls $0.95
211f23ae: folds
*** FLOP *** [Js 8d 8s]
Hero: bets $0.88
c8832665: raises $2.21 to $3.09
Hero: folds
Uncalled bet ($2.21) returned to c8832665
*** SHOWDOWN ***
c8832665 collected $4.1 from pot
*** SUMMARY ***
Total pot $4.41 | Rake $0.21 | Jackpot $0.1 | Bingo $0 | Fortune $0 | Tax $0
Board [Js 8d 8s]
Seat 1: c9afa58b (button) folded before Flop (didn't bet)
Seat 2: 211f23ae (small blind) folded before Flop
Seat 3: Hero (big blind) folded on the Flop
Seat 4: c8832665 won ($4.1)
Seat 6: 8ead6c24 folded before Flop (didn't bet)


Poker Hand #HD1755899524: Hold'em No Limit ($0.05/$0.1) - 2024/05/02 20:29:11
Table 'NLHRed19' 6-max Seat #6 is the button
Seat 1: c9afa58b ($14.01 in chips)
Seat 2: 211f23ae ($18.21 in chips)
Seat 3: Hero ($10.27 in chips)
Seat 4: c8832665 ($8.2 in chips)
Seat 6: 8ead6c24 ($6.04 in chips)
c9afa58b: posts small blind $0.05
211f23ae: posts big blind $0.1
*** HOLE CARDS ***
Dealt to c9afa58b 
Dealt to 211f23ae 
Dealt to Hero [2d 6c]
Dealt to c8832665 
Dealt to 8ead6c24 
Hero: folds
c8832665: folds
8ead6c24: folds
c9afa58b: folds
Uncalled bet ($0.05) returned to 211f23ae
*** SHOWDOWN ***
211f23ae collected $0.1 from pot
*** SUMMARY ***
Total pot $0.1 | Rake $0 | Jackpot $0 | Bingo $0 | Fortune $0 | Tax $0
Seat 1: c9afa58b (small blind) folded before Flop
Seat 2: 211f23ae (big blind) collected ($0.1)
Seat 3: Hero folded before Flop (didn't bet)
Seat 4: c8832665 folded before Flop (didn't bet)
Seat 6: 8ead6c24 (button) folded before Flop (didn't bet)


Poker Hand #HD1755899438: Hold'em No Limit ($0.05/$0.1) - 2024/05/02 20:28:20
Table 'NLHRed19' 6-max Seat #4 is the button
Seat 1: c9afa58b ($13.47 in chips)
Seat 2: 211f23ae ($18.21 in chips)
Seat 3: Hero ($10.27 in chips)
Seat 4: c8832665 ($8.2 in chips)
Seat 6: 8ead6c24 ($6.64 in chips)
8ead6c24: posts small blind $0.05
c9afa58b: posts big blind $0.1
*** HOLE CARDS ***
Dealt to c9afa58b 
Dealt to 211f23ae 
Dealt to Hero [Jc 9s]
Dealt to c8832665 
Dealt to 8ead6c24 
211f23ae: folds
Hero: folds
c8832665: folds
8ead6c24: calls $0.05
c9afa58b: raises $0.2 to $0.3
8ead6c24: calls $0.2
*** FLOP *** [Kh Ks Tc]
8ead6c24: checks
c9afa58b: checks
*** TURN *** [Kh Ks Tc] [Ts]
8ead6c24: checks
c9afa58b: bets $0.3
8ead6c24: calls $0.3
*** RIVER *** [Kh Ks Tc Ts] [3c]
8ead6c24: checks
c9afa58b: checks
8ead6c24: shows [6s Js] (Pair of Kings and Pair of Tens)
c9afa58b: shows [4h Ad] (Pair of Kings and Pair of Tens)
*** SHOWDOWN ***
c9afa58b collected $1.14 from pot
*** SUMMARY ***
Total pot $1.2 | Rake $0.06 | Jackpot $0 | Bingo $0 | Fortune $0 | Tax $0
Board [Kh Ks Tc Ts 3c]
Seat 1: c9afa58b (big blind) showed [4h Ad] and won ($1.14) with Pair of Kings and Pair of Tens
Seat 2: 211f23ae folded before Flop (didn't bet)
Seat 3: Hero folded before Flop (didn't bet)
Seat 4: c8832665 (button) folded before Flop (didn't bet)
Seat 6: 8ead6c24 (small blind) showed [6s Js] and lost with Pair of Kings and Pair of Tens


Poker Hand #HD1755899408: Hold'em No Limit ($0.05/$0.1) - 2024/05/02 20:27:59
Table 'NLHRed19' 6-max Seat #3 is the button
Seat 1: c9afa58b ($13.47 in chips)
Seat 2: 211f23ae ($18.21 in chips)
Seat 3: Hero ($10.12 in chips)
Seat 4: c8832665 ($8.25 in chips)
Seat 6: 8ead6c24 ($6.74 in chips)
c8832665: posts small blind $0.05
8ead6c24: posts big blind $0.1
*** HOLE CARDS ***
Dealt to c9afa58b 
Dealt to 211f23ae 
Dealt to Hero [Kd Ts]
Dealt to c8832665 
Dealt to 8ead6c24 
c9afa58b: folds
211f23ae: folds
Hero: raises $0.14 to $0.24
c8832665: folds
8ead6c24: folds
Uncalled bet ($0.14) returned to Hero
*** SHOWDOWN ***
Hero collected $0.25 from pot
*** SUMMARY ***
Total pot $0.25 | Rake $0 | Jackpot $0 | Bingo $0 | Fortune $0 | Tax $0
Seat 1: c9afa58b folded before Flop (didn't bet)
Seat 2: 211f23ae folded before Flop (didn't bet)
Seat 3: Hero (button) collected ($0.25)
Seat 4: c8832665 (small blind) folded before Flop
Seat 6: 8ead6c24 (big blind) folded before Flop


Poker Hand #HD1755899297: Hold'em No Limit ($0.05/$0.1) - 2024/05/02 20:26:56
Table 'NLHRed19' 6-max Seat #2 is the button
Seat 1: c9afa58b ($13.47 in chips)
Seat 2: 211f23ae ($18.21 in chips)
Seat 3: Hero ($10.17 in chips)
Seat 4: c8832665 ($8.74 in chips)
Seat 5: 5d8c8d8f ($10.41 in chips)
Seat 6: 8ead6c24 ($6.25 in chips)
Hero: posts small blind $0.05
c8832665: posts big blind $0.1
*** HOLE CARDS ***
Dealt to c9afa58b 
Dealt to 211f23ae 
Dealt to Hero [2c Td]
Dealt to c8832665 
Dealt to 5d8c8d8f 
Dealt to 8ead6c24 
5d8c8d8f: folds
8ead6c24: calls $0.1
c9afa58b: folds
211f23ae: folds
Hero: folds
c8832665: checks
*** FLOP *** [Th Jc 9h]
c8832665: checks
8ead6c24: checks
*** TURN *** [Th Jc 9h] [Ac]
c8832665: bets $0.13
8ead6c24: calls $0.13
*** RIVER *** [Th Jc 9h Ac] [As]
c8832665: bets $0.26
8ead6c24: raises $0.26 to $0.52
c8832665: folds
Uncalled bet ($0.26) returned to 8ead6c24
*** SHOWDOWN ***
8ead6c24 collected $0.98 from pot
*** SUMMARY ***
Total pot $1.03 | Rake $0.05 | Jackpot $0 | Bingo $0 | Fortune $0 | Tax $0
Board [Th Jc 9h Ac As]
Seat 1: c9afa58b folded before Flop (didn't bet)
Seat 2: 211f23ae (button) folded before Flop (didn't bet)
Seat 3: Hero (small blind) folded before Flop
Seat 4: c8832665 (big blind) folded on the River
Seat 5: 5d8c8d8f folded before Flop (didn't bet)
Seat 6: 8ead6c24 won ($0.98)


Poker Hand #HD1755899259: Hold'em No Limit ($0.05/$0.1) - 2024/05/02 20:26:34
Table 'NLHRed19' 6-max Seat #1 is the button
Seat 1: c9afa58b ($13.47 in chips)
Seat 2: 211f23ae ($18.11 in chips)
Seat 3: Hero ($10.27 in chips)
Seat 4: c8832665 ($8.74 in chips)
Seat 5: 5d8c8d8f ($10.41 in chips)
Seat 6: 8ead6c24 ($6.25 in chips)
211f23ae: posts small blind $0.05
Hero: posts big blind $0.1
*** HOLE CARDS ***
Dealt to c9afa58b 
Dealt to 211f23ae 
Dealt to Hero [Qd 2d]
Dealt to c8832665 
Dealt to 5d8c8d8f 
Dealt to 8ead6c24 
c8832665: folds
5d8c8d8f: folds
8ead6c24: folds
c9afa58b: folds
211f23ae: raises $0.2 to $0.3
Hero: folds
Uncalled bet ($0.2) returned to 211f23ae
*** SHOWDOWN ***
211f23ae collected $0.2 from pot
*** SUMMARY ***
Total pot $0.2 | Rake $0 | Jackpot $0 | Bingo $0 | Fortune $0 | Tax $0
Seat 1: c9afa58b (button) folded before Flop (didn't bet)
Seat 2: 211f23ae (small blind) collected ($0.2)
Seat 3: Hero (big blind) folded before Flop
Seat 4: c8832665 folded before Flop (didn't bet)
Seat 5: 5d8c8d8f folded before Flop (didn't bet)
Seat 6: 8ead6c24 folded before Flop (didn't bet)


Poker Hand #HD1755899149: Hold'em No Limit ($0.05/$0.1) - 2024/05/02 20:25:21
Table 'NLHRed19' 6-max Seat #6 is the button
Seat 1: c9afa58b ($13.52 in chips)
Seat 2: 211f23ae ($18.91 in chips)
Seat 3: Hero ($10.27 in chips)
Seat 4: c8832665 ($7.97 in chips)
Seat 5: 5d8c8d8f ($10.41 in chips)
Seat 6: 8ead6c24 ($6.25 in chips)
c9afa58b: posts small blind $0.05
211f23ae: posts big blind $0.1
*** HOLE CARDS ***
Dealt to c9afa58b 
Dealt to 211f23ae 
Dealt to Hero [6s Jd]
Dealt to c8832665 
Dealt to 5d8c8d8f 
Dealt to 8ead6c24 
Hero: folds
c8832665: raises $0.15 to $0.25
5d8c8d8f: folds
8ead6c24: folds
c9afa58b: folds
211f23ae: calls $0.15
*** FLOP *** [2c 3s As]
211f23ae: checks
c8832665: checks
*** TURN *** [2c 3s As] [7c]
211f23ae: checks
c8832665: bets $0.55
211f23ae: calls $0.55
*** RIVER *** [2c 3s As 7c] [5d]
211f23ae: checks
c8832665: bets $0.42
211f23ae: folds
Uncalled bet ($0.42) returned to c8832665
*** SHOWDOWN ***
c8832665 collected $1.57 from pot
*** SUMMARY ***
Total pot $1.65 | Rake $0.08 | Jackpot $0 | Bingo $0 | Fortune $0 | Tax $0
Board [2c 3s As 7c 5d]
Seat 1: c9afa58b (small blind) folded before Flop
Seat 2: 211f23ae (big blind) folded on the River
Seat 3: Hero folded before Flop (didn't bet)
Seat 4: c8832665 won ($1.57)
Seat 5: 5d8c8d8f folded before Flop (didn't bet)
Seat 6: 8ead6c24 (button) folded before Flop (didn't bet)


Poker Hand #HD1755899096: Hold'em No Limit ($0.05/$0.1) - 2024/05/02 20:24:54
Table 'NLHRed19' 6-max Seat #5 is the button
Seat 1: c9afa58b ($12.82 in chips)
Seat 2: 211f23ae ($18.91 in chips)
Seat 3: Hero ($10.27 in chips)
Seat 4: c8832665 ($8.22 in chips)
Seat 5: 5d8c8d8f ($10.66 in chips)
Seat 6: 8ead6c24 ($6.5 in chips)
8ead6c24: posts small blind $0.05
c9afa58b: posts big blind $0.1
*** HOLE CARDS ***
Dealt to c9afa58b 
Dealt to 211f23ae 
Dealt to Hero [8s Js]
Dealt to c8832665 
Dealt to 5d8c8d8f 
Dealt to 8ead6c24 
211f23ae: folds
Hero: folds
c8832665: raises $0.15 to $0.25
5d8c8d8f: calls $0.25
8ead6c24: calls $0.2
c9afa58b: raises $12.57 to $12.82 and is all-in
c8832665: folds
5d8c8d8f: folds
8ead6c24: folds
Uncalled bet ($12.57) returned to c9afa58b
*** SHOWDOWN ***
c9afa58b collected $0.95 from pot
*** SUMMARY ***
Total pot $1 | Rake $0.05 | Jackpot $0 | Bingo $0 | Fortune $0 | Tax $0
Seat 1: c9afa58b (big blind) collected ($0.95)
Seat 2: 211f23ae folded before Flop (didn't bet)
Seat 3: Hero folded before Flop (didn't bet)
Seat 4: c8832665 folded before Flop
Seat 5: 5d8c8d8f (button) folded before Flop
Seat 6: 8ead6c24 (small blind) folded before Flop


Poker Hand #HD1755898924: Hold'em No Limit ($0.05/$0.1) - 2024/05/02 20:23:10
Table 'NLHRed19' 6-max Seat #4 is the button
Seat 1: c9afa58b ($11.9 in chips)
Seat 2: 211f23ae ($18.91 in chips)
Seat 3: Hero ($10.27 in chips)
Seat 4: c8832665 ($8.42 in chips)
Seat 5: 5d8c8d8f ($11.26 in chips)
Seat 6: 8ead6c24 ($6.7 in chips)
5d8c8d8f: posts small blind $0.05
8ead6c24: posts big blind $0.1
*** HOLE CARDS ***
Dealt to c9afa58b 
Dealt to 211f23ae 
Dealt to Hero [Kd Tc]
Dealt to c8832665 
Dealt to 5d8c8d8f 
Dealt to 8ead6c24 
c9afa58b: raises $0.1 to $0.2
211f23ae: folds
Hero: folds
c8832665: calls $0.2
5d8c8d8f: calls $0.15
8ead6c24: calls $0.1
*** FLOP *** [2s 2c 4d]
5d8c8d8f: checks
8ead6c24: checks
c9afa58b: checks
c8832665: checks
*** TURN *** [2s 2c 4d] [8d]
5d8c8d8f: checks
8ead6c24: checks
c9afa58b: bets $0.4
c8832665: folds
5d8c8d8f: calls $0.4
8ead6c24: folds
*** RIVER *** [2s 2c 4d 8d] [Jd]
5d8c8d8f: checks
c9afa58b: bets $1.6
5d8c8d8f: folds
Uncalled bet ($1.6) returned to c9afa58b
*** SHOWDOWN ***
c9afa58b collected $1.52 from pot
*** SUMMARY ***
Total pot $1.6 | Rake $0.08 | Jackpot $0 | Bingo $0 | Fortune $0 | Tax $0
Board [2s 2c 4d 8d Jd]
Seat 1: c9afa58b won ($1.52)
Seat 2: 211f23ae folded before Flop (didn't bet)
Seat 3: Hero folded before Flop (didn't bet)
Seat 4: c8832665 (button) folded on the Turn
Seat 5: 5d8c8d8f (small blind) folded on the River
Seat 6: 8ead6c24 (big blind) folded on the Turn


Poker Hand #HD1755898827: Hold'em No Limit ($0.05/$0.1) - 2024/05/02 20:22:13
Table 'NLHRed19' 6-max Seat #3 is the button
Seat 1: c9afa58b ($11.9 in chips)
Seat 2: 211f23ae ($18.91 in chips)
Seat 3: Hero ($10.27 in chips)
Seat 4: c8832665 ($9.92 in chips)
Seat 5: 5d8c8d8f ($10 in chips)
Seat 6: 8ead6c24 ($6.7 in chips)
c8832665: posts small blind $0.05
5d8c8d8f: posts big blind $0.1
*** HOLE CARDS ***
Dealt to c9afa58b 
Dealt to 211f23ae 
Dealt to Hero [Jh 8c]
Dealt to c8832665 
Dealt to 5d8c8d8f 
Dealt to 8ead6c24 
8ead6c24: folds
c9afa58b: folds
211f23ae: folds
Hero: folds
c8832665: raises $0.15 to $0.25
5d8c8d8f: raises $0.5 to $0.75
c8832665: calls $0.5
*** FLOP *** [3h Tc 3s]
c8832665: checks
5d8c8d8f: checks
*** TURN *** [3h Tc 3s] [Ah]
c8832665: bets $0.75
5d8c8d8f: raises $3 to $3.75
c8832665: folds
Uncalled bet ($3) returned to 5d8c8d8f
*** SHOWDOWN ***
5d8c8d8f collected $2.76 from pot
*** SUMMARY ***
Total pot $3 | Rake $0.14 | Jackpot $0.1 | Bingo $0 | Fortune $0 | Tax $0
Board [3h Tc 3s Ah]
Seat 1: c9afa58b folded before Flop (didn't bet)
Seat 2: 211f23ae folded before Flop (didn't bet)
Seat 3: Hero (button) folded before Flop (didn't bet)
Seat 4: c8832665 (small blind) folded on the Turn
Seat 5: 5d8c8d8f (big blind) won ($2.76)
Seat 6: 8ead6c24 folded before Flop (didn't bet)


Poker Hand #HD1755898749: Hold'em No Limit ($0.05/$0.1) - 2024/05/02 20:21:32
Table 'NLHRed19' 6-max Seat #2 is the button
Seat 1: c9afa58b ($11.9 in chips)
Seat 2: 211f23ae ($18.91 in chips)
Seat 3: Hero ($10.32 in chips)
Seat 4: c8832665 ($10.15 in chips)
Seat 6: 8ead6c24 ($6.44 in chips)
Hero: posts small blind $0.05
c8832665: posts big blind $0.1
*** HOLE CARDS ***
Dealt to c9afa58b 
Dealt to 211f23ae 
Dealt to Hero [9h 5c]
Dealt to c8832665 
Dealt to 8ead6c24 
8ead6c24: calls $0.1
c9afa58b: folds
211f23ae: folds
Hero: folds
c8832665: checks
*** FLOP *** [5d Js 8d]
c8832665: checks
8ead6c24: checks
*** TURN *** [5d Js 8d] [3d]
c8832665: bets $0.13
8ead6c24: calls $0.13
*** RIVER *** [5d Js 8d 3d] [Ah]
c8832665: checks
8ead6c24: bets $0.8
c8832665: folds
Uncalled bet ($0.8) returned to 8ead6c24
8ead6c24: shows [Kd Qd] (King High Flush)
*** SHOWDOWN ***
8ead6c24 collected $0.49 from pot
*** SUMMARY ***
Total pot $0.51 | Rake $0.02 | Jackpot $0 | Bingo $0 | Fortune $0 | Tax $0
Board [5d Js 8d 3d Ah]
Seat 1: c9afa58b folded before Flop (didn't bet)
Seat 2: 211f23ae (button) folded before Flop (didn't bet)
Seat 3: Hero (small blind) folded before Flop
Seat 4: c8832665 (big blind) folded on the River
Seat 6: 8ead6c24 showed [Kd Qd] and won ($0.49)


Poker Hand #HD1755898717: Hold'em No Limit ($0.05/$0.1) - 2024/05/02 20:21:13
Table 'NLHRed19' 6-max Seat #1 is the button
Seat 1: c9afa58b ($11.9 in chips)
Seat 2: 211f23ae ($18.96 in chips)
Seat 3: Hero ($10.42 in chips)
Seat 4: c8832665 ($10 in chips)
Seat 6: 8ead6c24 ($6.44 in chips)
211f23ae: posts small blind $0.05
Hero: posts big blind $0.1
*** HOLE CARDS ***
Dealt to c9afa58b 
Dealt to 211f23ae 
Dealt to Hero [7h 6s]
Dealt to c8832665 
Dealt to 8ead6c24 
c8832665: raises $0.15 to $0.25
8ead6c24: folds
c9afa58b: folds
211f23ae: folds
Hero: folds
Uncalled bet ($0.15) returned to c8832665
*** SHOWDOWN ***
c8832665 collected $0.25 from pot
*** SUMMARY ***
Total pot $0.25 | Rake $0 | Jackpot $0 | Bingo $0 | Fortune $0 | Tax $0
Seat 1: c9afa58b (button) folded before Flop (didn't bet)
Seat 2: 211f23ae (small blind) folded before Flop
Seat 3: Hero (big blind) folded before Flop
Seat 4: c8832665 collected ($0.25)
Seat 6: 8ead6c24 folded before Flop (didn't bet)


Poker Hand #HD1755898547: Hold'em No Limit ($0.05/$0.1) - 2024/05/02 20:19:33
Table 'NLHRed19' 6-max Seat #6 is the button
Seat 1: c9afa58b ($11.95 in chips)
Seat 2: 211f23ae ($10 in chips)
Seat 3: Hero ($10.42 in chips)
Seat 4: c8832665 ($11.65 in chips)
Seat 6: 8ead6c24 ($6.44 in chips)
c9afa58b: posts small blind $0.05
211f23ae: posts big blind $0.1
*** HOLE CARDS ***
Dealt to c9afa58b 
Dealt to 211f23ae 
Dealt to Hero [Kc 3h]
Dealt to c8832665 
Dealt to 8ead6c24 
Hero: folds
c8832665: raises $0.15 to $0.25
8ead6c24: folds
c9afa58b: folds
211f23ae: calls $0.15
*** FLOP *** [2h 8d Ac]
211f23ae: checks
c8832665: checks
*** TURN *** [2h 8d Ac] [Qc]
211f23ae: bets $0.37
c8832665: raises $0.97 to $1.34
211f23ae: raises $2.14 to $3.48
c8832665: calls $2.14
*** RIVER *** [2h 8d Ac Qc] [9c]
211f23ae: bets $6.27 and is all-in
c8832665: calls $6.27
211f23ae: shows [8s 8h] (Three Eights)
c8832665: shows [Qd Ad] (Pair of Aces and Pair of Queens)
*** SHOWDOWN ***
211f23ae collected $18.96 from pot
*** SUMMARY ***
Total pot $20.05 | Rake $0.99 | Jackpot $0.1 | Bingo $0 | Fortune $0 | Tax $0
Board [2h 8d Ac Qc 9c]
Seat 1: c9afa58b (small blind) folded before Flop
Seat 2: 211f23ae (big blind) showed [8s 8h] and won ($18.96) with Three Eights
Seat 3: Hero folded before Flop (didn't bet)
Seat 4: c8832665 showed [Qd Ad] and lost with Pair of Aces and Pair of Queens
Seat 6: 8ead6c24 (button) folded before Flop (didn't bet)


Poker Hand #HD1755898438: Hold'em No Limit ($0.05/$0.1) - 2024/05/02 20:18:31
Table 'NLHRed19' 6-max Seat #4 is the button
Seat 1: c9afa58b ($12.48 in chips)
Seat 2: 211f23ae ($10 in chips)
Seat 3: Hero ($10.42 in chips)
Seat 4: c8832665 ($11.12 in chips)
Seat 6: 8ead6c24 ($6.49 in chips)
8ead6c24: posts small blind $0.05
c9afa58b: posts big blind $0.1
*** HOLE CARDS ***
Dealt to c9afa58b 
Dealt to 211f23ae 
Dealt to Hero [3h Js]
Dealt to c8832665 
Dealt to 8ead6c24 
211f23ae: folds
Hero: folds
c8832665: raises $0.15 to $0.25
8ead6c24: folds
c9afa58b: calls $0.15
*** FLOP *** [Ks 2d Th]
c9afa58b: checks
c8832665: bets $0.28
c9afa58b: calls $0.28
*** TURN *** [Ks 2d Th] [2h]
c9afa58b: checks
c8832665: checks
*** RIVER *** [Ks 2d Th 2h] [7s]
c9afa58b: checks
c8832665: bets $1.11
c9afa58b: folds
Uncalled bet ($1.11) returned to c8832665
*** SHOWDOWN ***
c8832665 collected $1.06 from pot
*** SUMMARY ***
Total pot $1.11 | Rake $0.05 | Jackpot $0 | Bingo $0 | Fortune $0 | Tax $0
Board [Ks 2d Th 2h 7s]
Seat 1: c9afa58b (big blind) folded on the River
Seat 2: 211f23ae folded before Flop (didn't bet)
Seat 3: Hero folded before Flop (didn't bet)
Seat 4: c8832665 (button) won ($1.06)
Seat 6: 8ead6c24 (small blind) folded before Flop


Poker Hand #HD1755898339: Hold'em No Limit ($0.05/$0.1) - 2024/05/02 20:17:33
Table 'NLHRed19' 6-max Seat #3 is the button
Seat 1: c9afa58b ($12.68 in chips)
Seat 2: 211f23ae ($10 in chips)
Seat 3: Hero ($10 in chips)
Seat 4: c8832665 ($11.17 in chips)
Seat 6: 8ead6c24 ($6.69 in chips)
c8832665: posts small blind $0.05
8ead6c24: posts big blind $0.1
*** HOLE CARDS ***
Dealt to c9afa58b 
Dealt to 211f23ae 
Dealt to Hero [8c 8s]
Dealt to c8832665 
Dealt to 8ead6c24 
c9afa58b: raises $0.1 to $0.2
211f23ae: folds
Hero: calls $0.2
c8832665: folds
8ead6c24: calls $0.1
*** FLOP *** [9d Kd Tc]
8ead6c24: checks
c9afa58b: checks
Hero: checks
*** TURN *** [9d Kd Tc] [8d]
8ead6c24: checks
c9afa58b: checks
Hero: bets $0.32
8ead6c24: folds
c9afa58b: folds
Uncalled bet ($0.32) returned to Hero
*** SHOWDOWN ***
Hero collected $0.62 from pot
*** SUMMARY ***
Total pot $0.65 | Rake $0.03 | Jackpot $0 | Bingo $0 | Fortune $0 | Tax $0
Board [9d Kd Tc 8d]
Seat 1: c9afa58b folded on the Turn
Seat 2: 211f23ae folded before Flop (didn't bet)
Seat 3: Hero (button) won ($0.62)
Seat 4: c8832665 (small blind) folded before Flop
Seat 6: 8ead6c24 (big blind) folded on the Turn


Poker Hand #HD1755898213: Hold'em No Limit ($0.05/$0.1) - 2024/05/02 20:16:15
Table 'NLHRed19' 6-max Seat #2 is the button
Seat 1: c9afa58b ($12.68 in chips)
Seat 2: 211f23ae ($10 in chips)
Seat 3: Hero ($10 in chips)
Seat 4: c8832665 ($12.89 in chips)
Seat 5: 120c9a91 ($15.84 in chips)
Seat 6: 8ead6c24 ($4.9 in chips)
Hero: posts small blind $0.05
c8832665: posts big blind $0.1
*** HOLE CARDS ***
Dealt to c9afa58b 
Dealt to 211f23ae 
Dealt to Hero [5d Ac]
Dealt to c8832665 
Dealt to 120c9a91 
Dealt to 8ead6c24 
120c9a91: raises $0.2 to $0.3
8ead6c24: calls $0.3
c9afa58b: folds
211f23ae: folds
Hero: folds
c8832665: calls $0.2
*** FLOP *** [4c 2s 4s]
c8832665: checks
120c9a91: checks
8ead6c24: checks
*** TURN *** [4c 2s 4s] [3s]
c8832665: bets $0.72
120c9a91: folds
8ead6c24: calls $0.72
*** RIVER *** [4c 2s 4s 3s] [Ah]
c8832665: checks
8ead6c24: bets $0.7
c8832665: calls $0.7
8ead6c24: shows [Ks As] (Ace High Flush)
c8832665: shows [9h 9c] (Pair of Nines and Pair of Fours)
*** SHOWDOWN ***
8ead6c24 collected $3.51 from pot
*** SUMMARY ***
Total pot $3.79 | Rake $0.18 | Jackpot $0.1 | Bingo $0 | Fortune $0 | Tax $0
Board [4c 2s 4s 3s Ah]
Seat 1: c9afa58b folded before Flop (didn't bet)
Seat 2: 211f23ae (button) folded before Flop (didn't bet)
Seat 3: Hero (small blind) folded before Flop
Seat 4: c8832665 (big blind) showed [9h 9c] and lost with Pair of Nines and Pair of Fours
Seat 5: 120c9a91 folded on the Turn
Seat 6: 8ead6c24 showed [Ks As] and won ($3.51) with Ace High Flush


Poker Hand #HD1755898156: Hold'em No Limit ($0.05/$0.1) - 2024/05/02 20:15:41
Table 'NLHRed19' 6-max Seat #1 is the button
Seat 1: c9afa58b ($12.44 in chips)
Seat 2: 211f23ae ($10.02 in chips)
Seat 3: Hero ($10 in chips)
Seat 4: c8832665 ($12.89 in chips)
Seat 5: 120c9a91 ($15.84 in chips)
Seat 6: 8ead6c24 ($5 in chips)
211f23ae: posts small blind $0.05
Hero: posts big blind $0.1
8ead6c24: posts big blind $0.1
*** HOLE CARDS ***
Dealt to c9afa58b 
Dealt to 211f23ae 
Dealt to Hero [8c Qc]
Dealt to c8832665 
Dealt to 120c9a91 
Dealt to 8ead6c24 
c8832665: folds
120c9a91: folds
8ead6c24: checks
c9afa58b: raises $0.35 to $0.45
211f23ae: folds
Hero: folds
8ead6c24: folds
Uncalled bet ($0.35) returned to c9afa58b
*** SHOWDOWN ***
c9afa58b collected $0.34 from pot
*** SUMMARY ***
Total pot $0.35 | Rake $0.01 | Jackpot $0 | Bingo $0 | Fortune $0 | Tax $0
Seat 1: c9afa58b (button) collected ($0.34)
Seat 2: 211f23ae (small blind) folded before Flop
Seat 3: Hero (big blind) folded before Flop
Seat 4: c8832665 folded before Flop (didn't bet)
Seat 5: 120c9a91 folded before Flop (didn't bet)
Seat 6: 8ead6c24 folded before Flop


Poker Hand #HD1755898101: Hold'em No Limit ($0.05/$0.1) - 2024/05/02 20:15:12
Table 'NLHRed19' 6-max Seat #5 is the button
Seat 1: c9afa58b ($12.34 in chips)
Seat 2: 211f23ae ($10.12 in chips)
Seat 3: Hero ($10 in chips)
Seat 4: c8832665 ($12.89 in chips)
Seat 5: 120c9a91 ($15.84 in chips)
c9afa58b: posts small blind $0.05
211f23ae: posts big blind $0.1
*** HOLE CARDS ***
Dealt to c9afa58b 
Dealt to 211f23ae 
Dealt to Hero [5h 2s]
Dealt to c8832665 
Dealt to 120c9a91 
Hero: folds
c8832665: folds
120c9a91: folds
c9afa58b: raises $0.15 to $0.25
211f23ae: folds
Uncalled bet ($0.15) returned to c9afa58b
*** SHOWDOWN ***
c9afa58b collected $0.2 from pot
*** SUMMARY ***
Total pot $0.2 | Rake $0 | Jackpot $0 | Bingo $0 | Fortune $0 | Tax $0
Seat 1: c9afa58b (small blind) collected ($0.2)
Seat 2: 211f23ae (big blind) folded before Flop
Seat 3: Hero folded before Flop (didn't bet)
Seat 4: c8832665 folded before Flop (didn't bet)
Seat 5: 120c9a91 (button) folded before Flop (didn't bet)


Poker Hand #HD1755898036: Hold'em No Limit ($0.05/$0.1) - 2024/05/02 20:14:36
Table 'NLHRed19' 6-max Seat #4 is the button
Seat 1: c9afa58b ($11.87 in chips)
Seat 2: 211f23ae ($10.12 in chips)
Seat 3: Hero ($10 in chips)
Seat 4: c8832665 ($13.14 in chips)
Seat 5: 120c9a91 ($16.09 in chips)
120c9a91: posts small blind $0.05
c9afa58b: posts big blind $0.1
*** HOLE CARDS ***
Dealt to c9afa58b 
Dealt to 211f23ae 
Dealt to Hero [6d Qs]
Dealt to c8832665 
Dealt to 120c9a91 
211f23ae: folds
Hero: folds
c8832665: raises $0.15 to $0.25
120c9a91: calls $0.2
c9afa58b: calls $0.15
*** FLOP *** [5s Kh Qd]
120c9a91: checks
c9afa58b: checks
c8832665: checks
*** TURN *** [5s Kh Qd] [Qc]
120c9a91: checks
c9afa58b: bets $0.75
c8832665: folds
120c9a91: folds
Uncalled bet ($0.75) returned to c9afa58b
*** SHOWDOWN ***
c9afa58b collected $0.72 from pot
*** SUMMARY ***
Total pot $0.75 | Rake $0.03 | Jackpot $0 | Bingo $0 | Fortune $0 | Tax $0
Board [5s Kh Qd Qc]
Seat 1: c9afa58b (big blind) won ($0.72)
Seat 2: 211f23ae folded before Flop (didn't bet)
Seat 3: Hero folded before Flop (didn't bet)
Seat 4: c8832665 (button) folded on the Turn
Seat 5: 120c9a91 (small blind) folded on the Turn


Poker Hand #HD1755898021: Hold'em No Limit ($0.05/$0.1) - 2024/05/02 20:14:27
Table 'NLHRed19' 6-max Seat #3 is the button
Seat 1: c9afa58b ($11.87 in chips)
Seat 2: 211f23ae ($10.12 in chips)
Seat 3: Hero ($10 in chips)
Seat 4: c8832665 ($13.19 in chips)
Seat 5: 120c9a91 ($16.04 in chips)
c8832665: posts small blind $0.05
120c9a91: posts big blind $0.1
*** HOLE CARDS ***
Dealt to c9afa58b 
Dealt to 211f23ae 
Dealt to Hero [9h 4c]
Dealt to c8832665 
Dealt to 120c9a91 
c9afa58b: folds
211f23ae: folds
Hero: folds
c8832665: folds
Uncalled bet ($0.05) returned to 120c9a91
*** SHOWDOWN ***
120c9a91 collected $0.1 from pot
*** SUMMARY ***
Total pot $0.1 | Rake $0 | Jackpot $0 | Bingo $0 | Fortune $0 | Tax $0
Seat 1: c9afa58b folded before Flop (didn't bet)
Seat 2: 211f23ae folded before Flop (didn't bet)
Seat 3: Hero (button) folded before Flop (didn't bet)
Seat 4: c8832665 (small blind) folded before Flop
Seat 5: 120c9a91 (big blind) collected ($0.1)


Poker Hand #HD1755897955: Hold'em No Limit ($0.05/$0.1) - 2024/05/02 20:13:53
Table 'NLHRed19' 6-max Seat #2 is the button
Seat 1: c9afa58b ($11.87 in chips)
Seat 2: 211f23ae ($10.12 in chips)
Seat 3: Hero ($10 in chips)
Seat 4: c8832665 ($12.92 in chips)
Seat 5: 120c9a91 ($16.04 in chips)
Hero: posts small blind $0.05
c8832665: posts big blind $0.1
*** HOLE CARDS ***
Dealt to c9afa58b 
Dealt to 211f23ae 
Dealt to Hero [Kd Tc]
Dealt to c8832665 
Dealt to 120c9a91 
120c9a91: folds
c9afa58b: folds
211f23ae: folds
Hero: raises $0.2 to $0.3
c8832665: calls $0.2
*** FLOP *** [5s Qc 2c]
Hero: checks
c8832665: bets $0.3
Hero: folds
Uncalled bet ($0.3) returned to c8832665
*** SHOWDOWN ***
c8832665 collected $0.57 from pot
*** SUMMARY ***
Total pot $0.6 | Rake $0.03 | Jackpot $0 | Bingo $0 | Fortune $0 | Tax $0
Board [5s Qc 2c]
Seat 1: c9afa58b folded before Flop (didn't bet)
Seat 2: 211f23ae (button) folded before Flop (didn't bet)
Seat 3: Hero (small blind) folded on the Flop
Seat 4: c8832665 (big blind) won ($0.57)
Seat 5: 120c9a91 folded before Flop (didn't bet)


Poker Hand #HD1755897929: Hold'em No Limit ($0.05/$0.1) - 2024/05/02 20:13:35
Table 'NLHRed19' 6-max Seat #1 is the button
Seat 1: c9afa58b ($11.72 in chips)
Seat 2: 211f23ae ($10.17 in chips)
Seat 3: Hero ($10 in chips)
Seat 4: c8832665 ($12.92 in chips)
Seat 5: 120c9a91 ($16.04 in chips)
211f23ae: posts small blind $0.05
Hero: posts big blind $0.1
*** HOLE CARDS ***
Dealt to c9afa58b 
Dealt to 211f23ae 
Dealt to Hero [3c Qd]
Dealt to c8832665 
Dealt to 120c9a91 
c8832665: folds
120c9a91: folds
c9afa58b: raises $0.1 to $0.2
211f23ae: folds
Hero: folds
Uncalled bet ($0.1) returned to c9afa58b
*** SHOWDOWN ***
c9afa58b collected $0.25 from pot
*** SUMMARY ***
Total pot $0.25 | Rake $0 | Jackpot $0 | Bingo $0 | Fortune $0 | Tax $0
Seat 1: c9afa58b (button) collected ($0.25)
Seat 2: 211f23ae (small blind) folded before Flop
Seat 3: Hero (big blind) folded before Flop
Seat 4: c8832665 folded before Flop (didn't bet)
Seat 5: 120c9a91 folded before Flop (didn't bet)


Poker Hand #HD1755897895: Hold'em No Limit ($0.05/$0.1) - 2024/05/02 20:13:16
Table 'NLHRed19' 6-max Seat #5 is the button
Seat 1: c9afa58b ($11.77 in chips)
Seat 2: 211f23ae ($10.27 in chips)
Seat 3: Hero ($10 in chips)
Seat 4: c8832665 ($12.92 in chips)
Seat 5: 120c9a91 ($15.89 in chips)
c9afa58b: posts small blind $0.05
211f23ae: posts big blind $0.1
*** HOLE CARDS ***
Dealt to c9afa58b 
Dealt to 211f23ae 
Dealt to Hero [3h Qs]
Dealt to c8832665 
Dealt to 120c9a91 
Hero: folds
c8832665: folds
120c9a91: raises $0.2 to $0.3
c9afa58b: folds
211f23ae: folds
Uncalled bet ($0.2) returned to 120c9a91
*** SHOWDOWN ***
120c9a91 collected $0.25 from pot
*** SUMMARY ***
Total pot $0.25 | Rake $0 | Jackpot $0 | Bingo $0 | Fortune $0 | Tax $0
Seat 1: c9afa58b (small blind) folded before Flop
Seat 2: 211f23ae (big blind) folded before Flop
Seat 3: Hero folded before Flop (didn't bet)
Seat 4: c8832665 folded before Flop (didn't bet)
Seat 5: 120c9a91 (button) collected ($0.25)


Poker Hand #HD1755897883: Hold'em No Limit ($0.05/$0.1) - 2024/05/02 20:13:09
Table 'NLHRed19' 6-max Seat #4 is the button
Seat 1: c9afa58b ($11.72 in chips)
Seat 2: 211f23ae ($10.27 in chips)
Seat 3: Hero ($10 in chips)
Seat 4: c8832665 ($12.92 in chips)
Seat 5: 120c9a91 ($15.94 in chips)
120c9a91: posts small blind $0.05
c9afa58b: posts big blind $0.1
*** HOLE CARDS ***
Dealt to c9afa58b 
Dealt to 211f23ae 
Dealt to Hero [2s 6h]
Dealt to c8832665 
Dealt to 120c9a91 
211f23ae: folds
Hero: folds
c8832665: folds
120c9a91: folds
Uncalled bet ($0.05) returned to c9afa58b
*** SHOWDOWN ***
c9afa58b collected $0.1 from pot
*** SUMMARY ***
Total pot $0.1 | Rake $0 | Jackpot $0 | Bingo $0 | Fortune $0 | Tax $0
Seat 1: c9afa58b (big blind) collected ($0.1)
Seat 2: 211f23ae folded before Flop (didn't bet)
Seat 3: Hero folded before Flop (didn't bet)
Seat 4: c8832665 (button) folded before Flop (didn't bet)
Seat 5: 120c9a91 (small blind) folded before Flop


Poker Hand #HD1755897837: Hold'em No Limit ($0.05/$0.1) - 2024/05/02 20:12:43
Table 'NLHRed19' 6-max Seat #3 is the button
Seat 1: c9afa58b ($11.57 in chips)
Seat 2: 211f23ae ($10.27 in chips)
Seat 3: Hero ($10 in chips)
Seat 4: c8832665 ($12.97 in chips)
Seat 5: 120c9a91 ($16.04 in chips)
Seat 6: 4ff4f94e ($15.88 in chips)
c8832665: posts small blind $0.05
120c9a91: posts big blind $0.1
*** HOLE CARDS ***
Dealt to c9afa58b 
Dealt to 211f23ae 
Dealt to Hero [4d Th]
Dealt to c8832665 
Dealt to 120c9a91 
Dealt to 4ff4f94e 
4ff4f94e: folds
c9afa58b: raises $0.1 to $0.2
211f23ae: folds
Hero: folds
c8832665: folds
120c9a91: folds
Uncalled bet ($0.1) returned to c9afa58b
*** SHOWDOWN ***
c9afa58b collected $0.25 from pot
*** SUMMARY ***
Total pot $0.25 | Rake $0 | Jackpot $0 | Bingo $0 | Fortune $0 | Tax $0
Seat 1: c9afa58b collected ($0.25)
Seat 2: 211f23ae folded before Flop (didn't bet)
Seat 3: Hero (button) folded before Flop (didn't bet)
Seat 4: c8832665 (small blind) folded before Flop
Seat 5: 120c9a91 (big blind) folded before Flop
Seat 6: 4ff4f94e folded before Flop (didn't bet)


Poker Hand #HD1755897708: Hold'em No Limit ($0.05/$0.1) - 2024/05/02 20:11:26
Table 'NLHRed19' 6-max Seat #2 is the button
Seat 1: c9afa58b ($11.57 in chips)
Seat 2: 211f23ae ($10.27 in chips)
Seat 3: Hero ($10 in chips)
Seat 4: c8832665 ($11.71 in chips)
Seat 5: 120c9a91 ($16.04 in chips)
Seat 6: 4ff4f94e ($15.88 in chips)
Hero: posts small blind $0.05
c8832665: posts big blind $0.1
*** HOLE CARDS ***
Dealt to c9afa58b 
Dealt to 211f23ae 
Dealt to Hero [Qs 9s]
Dealt to c8832665 
Dealt to 120c9a91 
Dealt to 4ff4f94e 
120c9a91: folds
4ff4f94e: folds
c9afa58b: folds
211f23ae: folds
Hero: raises $0.2 to $0.3
c8832665: calls $0.2
*** FLOP *** [8h 4s 6c]
Hero: checks
c8832665: bets $0.3
Hero: calls $0.3
*** TURN *** [8h 4s 6c] [7h]
Hero: checks
c8832665: bets $0.9
Hero: calls $0.9
*** RIVER *** [8h 4s 6c 7h] [8c]
Hero: checks
c8832665: checks
Hero: shows [Qs 9s] (Pair of Eights)
c8832665: shows [7s 9h] (Pair of Eights and Pair of Sevens)
*** SHOWDOWN ***
c8832665 collected $2.76 from pot
*** SUMMARY ***
Total pot $3 | Rake $0.14 | Jackpot $0.1 | Bingo $0 | Fortune $0 | Tax $0
Board [8h 4s 6c 7h 8c]
Seat 1: c9afa58b folded before Flop (didn't bet)
Seat 2: 211f23ae (button) folded before Flop (didn't bet)
Seat 3: Hero (small blind) showed [Qs 9s] and lost with Pair of Eights
Seat 4: c8832665 (big blind) showed [7s 9h] and won ($2.76) with Pair of Eights and Pair of Sevens
Seat 5: 120c9a91 folded before Flop (didn't bet)
Seat 6: 4ff4f94e folded before Flop (didn't bet)


Poker Hand #HD1755897689: Hold'em No Limit ($0.05/$0.1) - 2024/05/02 20:11:11
Table 'NLHRed19' 6-max Seat #1 is the button
Seat 1: c9afa58b ($11.57 in chips)
Seat 2: 211f23ae ($10.32 in chips)
Seat 3: Hero ($10 in chips)
Seat 4: c8832665 ($11.71 in chips)
Seat 5: 120c9a91 ($15.89 in chips)
Seat 6: 4ff4f94e ($15.88 in chips)
211f23ae: posts small blind $0.05
Hero: posts big blind $0.1
*** HOLE CARDS ***
Dealt to c9afa58b 
Dealt to 211f23ae 
Dealt to Hero [5d Kc]
Dealt to c8832665 
Dealt to 120c9a91 
Dealt to 4ff4f94e 
c8832665: folds
120c9a91: raises $0.2 to $0.3
4ff4f94e: folds
c9afa58b: folds
211f23ae: folds
Hero: folds
Uncalled bet ($0.2) returned to 120c9a91
*** SHOWDOWN ***
120c9a91 collected $0.25 from pot
*** SUMMARY ***
Total pot $0.25 | Rake $0 | Jackpot $0 | Bingo $0 | Fortune $0 | Tax $0
Seat 1: c9afa58b (button) folded before Flop (didn't bet)
Seat 2: 211f23ae (small blind) folded before Flop
Seat 3: Hero (big blind) folded before Flop
Seat 4: c8832665 folded before Flop (didn't bet)
Seat 5: 120c9a91 collected ($0.25)
Seat 6: 4ff4f94e folded before Flop (didn't bet)


Poker Hand #HD1755897531: Hold'em No Limit ($0.05/$0.1) - 2024/05/02 20:09:46
Table 'NLHRed19' 6-max Seat #6 is the button
Seat 1: c9afa58b ($9.85 in chips)
Seat 2: 211f23ae ($10.57 in chips)
Seat 3: Hero ($10 in chips)
Seat 4: c8832665 ($13.46 in chips)
Seat 5: 120c9a91 ($15.89 in chips)
Seat 6: 4ff4f94e ($15.88 in chips)
c9afa58b: posts small blind $0.05
211f23ae: posts big blind $0.1
*** HOLE CARDS ***
Dealt to c9afa58b 
Dealt to 211f23ae 
Dealt to Hero [6d Qc]
Dealt to c8832665 
Dealt to 120c9a91 
Dealt to 4ff4f94e 
Hero: folds
c8832665: raises $0.15 to $0.25
120c9a91: folds
4ff4f94e: folds
c9afa58b: calls $0.2
211f23ae: calls $0.15
*** FLOP *** [2s 5h Ah]
c9afa58b: checks
211f23ae: checks
c8832665: checks
*** TURN *** [2s 5h Ah] [8h]
c9afa58b: bets $0.75
211f23ae: folds
c8832665: calls $0.75
*** RIVER *** [2s 5h Ah 8h] [5c]
c9afa58b: bets $0.75
c8832665: calls $0.75
c9afa58b: shows [As 8s] (Pair of Aces and Pair of Eights)
c8832665: shows [Kh Kc] (Pair of Kings and Pair of Fives)
*** SHOWDOWN ***
c9afa58b collected $3.47 from pot
*** SUMMARY ***
Total pot $3.75 | Rake $0.18 | Jackpot $0.1 | Bingo $0 | Fortune $0 | Tax $0
Board [2s 5h Ah 8h 5c]
Seat 1: c9afa58b (small blind) showed [As 8s] and won ($3.47) with Pair of Aces and Pair of Eights
Seat 2: 211f23ae (big blind) folded on the Turn
Seat 3: Hero folded before Flop (didn't bet)
Seat 4: c8832665 showed [Kh Kc] and lost with Pair of Kings and Pair of Fives
Seat 5: 120c9a91 folded before Flop (didn't bet)
Seat 6: 4ff4f94e (button) folded before Flop (didn't bet)


Poker Hand #HD1755897503: Hold'em No Limit ($0.05/$0.1) - 2024/05/02 20:09:29
Table 'NLHRed19' 6-max Seat #5 is the button
Seat 1: c9afa58b ($9.95 in chips)
Seat 2: 211f23ae ($10.42 in chips)
Seat 3: Hero ($10 in chips)
Seat 4: c8832665 ($13.46 in chips)
Seat 5: 120c9a91 ($15.89 in chips)
Seat 6: 4ff4f94e ($15.93 in chips)
4ff4f94e: posts small blind $0.05
c9afa58b: posts big blind $0.1
*** HOLE CARDS ***
Dealt to c9afa58b 
Dealt to 211f23ae 
Dealt to Hero [5d Qs]
Dealt to c8832665 
Dealt to 120c9a91 
Dealt to 4ff4f94e 
211f23ae: raises $0.1 to $0.2
Hero: folds
c8832665: folds
120c9a91: folds
4ff4f94e: folds
c9afa58b: folds
Uncalled bet ($0.1) returned to 211f23ae
*** SHOWDOWN ***
211f23ae collected $0.25 from pot
*** SUMMARY ***
Total pot $0.25 | Rake $0 | Jackpot $0 | Bingo $0 | Fortune $0 | Tax $0
Seat 1: c9afa58b (big blind) folded before Flop
Seat 2: 211f23ae collected ($0.25)
Seat 3: Hero folded before Flop (didn't bet)
Seat 4: c8832665 folded before Flop (didn't bet)
Seat 5: 120c9a91 (button) folded before Flop (didn't bet)
Seat 6: 4ff4f94e (small blind) folded before Flop


Poker Hand #HD1755897465: Hold'em No Limit ($0.05/$0.1) - 2024/05/02 20:09:05
Table 'NLHRed19' 6-max Seat #4 is the button
Seat 1: c9afa58b ($9.8 in chips)
Seat 2: 211f23ae ($10.42 in chips)
Seat 3: Hero ($10 in chips)
Seat 4: c8832665 ($13.46 in chips)
Seat 5: 120c9a91 ($15.94 in chips)
Seat 6: 4ff4f94e ($16.03 in chips)
120c9a91: posts small blind $0.05
4ff4f94e: posts big blind $0.1
*** HOLE CARDS ***
Dealt to c9afa58b 
Dealt to 211f23ae 
Dealt to Hero [Ad 7s]
Dealt to c8832665 
Dealt to 120c9a91 
Dealt to 4ff4f94e 
c9afa58b: raises $0.1 to $0.2
211f23ae: folds
Hero: folds
c8832665: folds
120c9a91: folds
4ff4f94e: folds
Uncalled bet ($0.1) returned to c9afa58b
*** SHOWDOWN ***
c9afa58b collected $0.25 from pot
*** SUMMARY ***
Total pot $0.25 | Rake $0 | Jackpot $0 | Bingo $0 | Fortune $0 | Tax $0
Seat 1: c9afa58b collected ($0.25)
Seat 2: 211f23ae folded before Flop (didn't bet)
Seat 3: Hero folded before Flop (didn't bet)
Seat 4: c8832665 (button) folded before Flop (didn't bet)
Seat 5: 120c9a91 (small blind) folded before Flop
Seat 6: 4ff4f94e (big blind) folded before Flop


Poker Hand #HD1755897418: Hold'em No Limit ($0.05/$0.1) - 2024/05/02 20:08:39
Table 'NLHRed19' 6-max Seat #3 is the button
Seat 1: c9afa58b ($9.8 in chips)
Seat 2: 211f23ae ($10.42 in chips)
Seat 3: Hero ($10 in chips)
Seat 4: c8832665 ($13.36 in chips)
Seat 5: 120c9a91 ($16.04 in chips)
Seat 6: 4ff4f94e ($16.03 in chips)
c8832665: posts small blind $0.05
120c9a91: posts big blind $0.1
*** HOLE CARDS ***
Dealt to c9afa58b 
Dealt to 211f23ae 
Dealt to Hero [6h 4d]
Dealt to c8832665 
Dealt to 120c9a91 
Dealt to 4ff4f94e 
4ff4f94e: folds
c9afa58b: folds
211f23ae: folds
Hero: folds
c8832665: raises $0.15 to $0.25
120c9a91: folds
Uncalled bet ($0.15) returned to c8832665
*** SHOWDOWN ***
c8832665 collected $0.2 from pot
*** SUMMARY ***
Total pot $0.2 | Rake $0 | Jackpot $0 | Bingo $0 | Fortune $0 | Tax $0
Seat 1: c9afa58b folded before Flop (didn't bet)
Seat 2: 211f23ae folded before Flop (didn't bet)
Seat 3: Hero (button) folded before Flop (didn't bet)
Seat 4: c8832665 (small blind) collected ($0.2)
Seat 5: 120c9a91 (big blind) folded before Flop
Seat 6: 4ff4f94e folded before Flop (didn't bet)


Poker Hand #HD1755897379: Hold'em No Limit ($0.05/$0.1) - 2024/05/02 20:08:18
Table 'NLHRed19' 6-max Seat #2 is the button
Seat 1: c9afa58b ($10 in chips)
Seat 2: 211f23ae ($10.09 in chips)
Seat 3: Hero ($10.05 in chips)
Seat 4: c8832665 ($13.46 in chips)
Seat 5: 120c9a91 ($16.04 in chips)
Seat 6: 4ff4f94e ($16.03 in chips)
Hero: posts small blind $0.05
c8832665: posts big blind $0.1
*** HOLE CARDS ***
Dealt to c9afa58b 
Dealt to 211f23ae 
Dealt to Hero [Td 7d]
Dealt to c8832665 
Dealt to 120c9a91 
Dealt to 4ff4f94e 
120c9a91: folds
4ff4f94e: folds
c9afa58b: raises $0.1 to $0.2
211f23ae: raises $0.4 to $0.6
Hero: folds
c8832665: folds
c9afa58b: folds
Uncalled bet ($0.4) returned to 211f23ae
*** SHOWDOWN ***
211f23ae collected $0.53 from pot
*** SUMMARY ***
Total pot $0.55 | Rake $0.02 | Jackpot $0 | Bingo $0 | Fortune $0 | Tax $0
Seat 1: c9afa58b folded before Flop
Seat 2: 211f23ae (button) collected ($0.53)
Seat 3: Hero (small blind) folded before Flop
Seat 4: c8832665 (big blind) folded before Flop
Seat 5: 120c9a91 folded before Flop (didn't bet)
Seat 6: 4ff4f94e folded before Flop (didn't bet)


Poker Hand #HD1755897355: Hold'em No Limit ($0.05/$0.1) - 2024/05/02 20:08:05
Table 'NLHRed19' 6-max Seat #1 is the button
Seat 1: c9afa58b ($10 in chips)
Seat 2: 211f23ae ($10.14 in chips)
Seat 3: Hero ($10 in chips)
Seat 4: c8832665 ($13.46 in chips)
Seat 5: 120c9a91 ($16.04 in chips)
Seat 6: 4ff4f94e ($16.03 in chips)
211f23ae: posts small blind $0.05
Hero: posts big blind $0.1
*** HOLE CARDS ***
Dealt to c9afa58b 
Dealt to 211f23ae 
Dealt to Hero [8c Ks]
Dealt to c8832665 
Dealt to 120c9a91 
Dealt to 4ff4f94e 
c8832665: folds
120c9a91: folds
4ff4f94e: folds
c9afa58b: folds
211f23ae: folds
Uncalled bet ($0.05) returned to Hero
*** SHOWDOWN ***
Hero collected $0.1 from pot
*** SUMMARY ***
Total pot $0.1 | Rake $0 | Jackpot $0 | Bingo $0 | Fortune $0 | Tax $0
Seat 1: c9afa58b (button) folded before Flop (didn't bet)
Seat 2: 211f23ae (small blind) folded before Flop
Seat 3: Hero (big blind) collected ($0.1)
Seat 4: c8832665 folded before Flop (didn't bet)
Seat 5: 120c9a91 folded before Flop (didn't bet)
Seat 6: 4ff4f94e folded before Flop (didn't bet)


Poker Hand #HD1755897221: Hold'em No Limit ($0.05/$0.1) - 2024/05/02 20:06:42
Table 'NLHRed19' 6-max Seat #6 is the button
Seat 1: c9afa58b ($10.05 in chips)
Seat 2: 211f23ae ($10 in chips)
Seat 3: Hero ($10 in chips)
Seat 4: c8832665 ($13.56 in chips)
Seat 5: 120c9a91 ($16.04 in chips)
Seat 6: 4ff4f94e ($16.03 in chips)
c9afa58b: posts small blind $0.05
211f23ae: posts big blind $0.1
*** HOLE CARDS ***
Dealt to c9afa58b 
Dealt to 211f23ae 
Dealt to Hero [2c Kh]
Dealt to c8832665 
Dealt to 120c9a91 
Dealt to 4ff4f94e 
Hero: folds
c8832665: calls $0.1
120c9a91: folds
4ff4f94e: folds
c9afa58b: folds
211f23ae: checks
*** FLOP *** [5c 3s Js]
211f23ae: checks
c8832665: checks
*** TURN *** [5c 3s Js] [Kc]
211f23ae: checks
c8832665: checks
*** RIVER *** [5c 3s Js Kc] [4d]
211f23ae: checks
c8832665: checks
211f23ae: shows [2h Ac] (Fives-High Straight)
c8832665: shows [Ah 9c] (Ace-High)
*** SHOWDOWN ***
211f23ae collected $0.24 from pot
*** SUMMARY ***
Total pot $0.25 | Rake $0.01 | Jackpot $0 | Bingo $0 | Fortune $0 | Tax $0
Board [5c 3s Js Kc 4d]
Seat 1: c9afa58b (small blind) folded before Flop
Seat 2: 211f23ae (big blind) showed [2h Ac] and won ($0.24) with Fives-High Straight
Seat 3: Hero folded before Flop (didn't bet)
Seat 4: c8832665 showed [Ah 9c] and lost with Ace-High
Seat 5: 120c9a91 folded before Flop (didn't bet)
Seat 6: 4ff4f94e (button) folded before Flop (didn't bet)


Poker Hand #HD1755897196: Hold'em No Limit ($0.05/$0.1) - 2024/05/02 20:06:31
Table 'NLHRed19' 6-max Seat #5 is the button
Seat 1: c9afa58b ($10 in chips)
Seat 3: Hero ($10 in chips)
Seat 4: c8832665 ($13.56 in chips)
Seat 5: 120c9a91 ($16.04 in chips)
Seat 6: 4ff4f94e ($16.08 in chips)
4ff4f94e: posts small blind $0.05
c9afa58b: posts big blind $0.1
*** HOLE CARDS ***
Dealt to c9afa58b 
Dealt to Hero [Qs 3h]
Dealt to c8832665 
Dealt to 120c9a91 
Dealt to 4ff4f94e 
Hero: folds
c8832665: folds
120c9a91: folds
4ff4f94e: folds
Uncalled bet ($0.05) returned to c9afa58b
*** SHOWDOWN ***
c9afa58b collected $0.1 from pot
*** SUMMARY ***
Total pot $0.1 | Rake $0 | Jackpot $0 | Bingo $0 | Fortune $0 | Tax $0
Seat 1: c9afa58b (big blind) collected ($0.1)
Seat 3: Hero folded before Flop (didn't bet)
Seat 4: c8832665 folded before Flop (didn't bet)
Seat 5: 120c9a91 (button) folded before Flop (didn't bet)
Seat 6: 4ff4f94e (small blind) folded before Flop


Poker Hand #HD1755897185: Hold'em No Limit ($0.05/$0.1) - 2024/05/02 20:06:21
Table 'NLHRed19' 6-max Seat #4 is the button
Seat 1: c9afa58b ($10 in chips)
Seat 3: Hero ($10 in chips)
Seat 4: c8832665 ($13.41 in chips)
Seat 5: 120c9a91 ($16.09 in chips)
Seat 6: 4ff4f94e ($16.18 in chips)
120c9a91: posts small blind $0.05
4ff4f94e: posts big blind $0.1
*** HOLE CARDS ***
Dealt to c9afa58b 
Dealt to Hero [2d 3c]
Dealt to c8832665 
Dealt to 120c9a91 
Dealt to 4ff4f94e 
c9afa58b: folds
Hero: folds
c8832665: raises $0.15 to $0.25
120c9a91: folds
4ff4f94e: folds
Uncalled bet ($0.15) returned to c8832665
*** SHOWDOWN ***
c8832665 collected $0.25 from pot
*** SUMMARY ***
Total pot $0.25 | Rake $0 | Jackpot $0 | Bingo $0 | Fortune $0 | Tax $0
Seat 1: c9afa58b folded before Flop (didn't bet)
Seat 3: Hero folded before Flop (didn't bet)
Seat 4: c8832665 (button) collected ($0.25)
Seat 5: 120c9a91 (small blind) folded before Flop
Seat 6: 4ff4f94e (big blind) folded before Flop


Poker Hand #HD1755897066: Hold'em No Limit ($0.05/$0.1) - 2024/05/02 20:05:07
Table 'NLHRed19' 6-max Seat #3 is the button
Seat 1: c9afa58b ($9.12 in chips)
Seat 3: Hero ($10 in chips)
Seat 4: c8832665 ($13.46 in chips)
Seat 5: 120c9a91 ($17.01 in chips)
Seat 6: 4ff4f94e ($16.18 in chips)
c8832665: posts small blind $0.05
120c9a91: posts big blind $0.1
*** HOLE CARDS ***
Dealt to c9afa58b 
Dealt to Hero [Ts 9d]
Dealt to c8832665 
Dealt to 120c9a91 
Dealt to 4ff4f94e 
4ff4f94e: folds
c9afa58b: raises $0.1 to $0.2
Hero: folds
c8832665: folds
120c9a91: calls $0.1
*** FLOP *** [9h 7h Qs]
120c9a91: checks
c9afa58b: bets $0.15
120c9a91: calls $0.15
*** TURN *** [9h 7h Qs] [5d]
120c9a91: checks
c9afa58b: bets $0.57
120c9a91: calls $0.57
*** RIVER *** [9h 7h Qs 5d] [3s]
120c9a91: checks
c9afa58b: bets $1.42
120c9a91: folds
Uncalled bet ($1.42) returned to c9afa58b
*** SHOWDOWN ***
c9afa58b collected $1.8 from pot
*** SUMMARY ***
Total pot $1.89 | Rake $0.09 | Jackpot $0 | Bingo $0 | Fortune $0 | Tax $0
Board [9h 7h Qs 5d 3s]
Seat 1: c9afa58b won ($1.8)
Seat 3: Hero (button) folded before Flop (didn't bet)
Seat 4: c8832665 (small blind) folded before Flop
Seat 5: 120c9a91 (big blind) folded on the River
Seat 6: 4ff4f94e folded before Flop (didn't bet)


Poker Hand #HD1755896935: Hold'em No Limit ($0.05/$0.1) - 2024/05/02 20:03:48
Table 'NLHRed19' 6-max Seat #1 is the button
Seat 1: c9afa58b ($13.44 in chips)
Seat 3: Hero ($10 in chips)
Seat 4: c8832665 ($13.56 in chips)
Seat 5: 120c9a91 ($17.01 in chips)
Seat 6: 4ff4f94e ($12.24 in chips)
Hero: posts small blind $0.05
c8832665: posts big blind $0.1
*** HOLE CARDS ***
Dealt to c9afa58b 
Dealt to Hero [3c Td]
Dealt to c8832665 
Dealt to 120c9a91 
Dealt to 4ff4f94e 
120c9a91: folds
4ff4f94e: raises $0.15 to $0.25
c9afa58b: calls $0.25
Hero: folds
c8832665: folds
*** FLOP *** [9d As 6s]
4ff4f94e: checks
c9afa58b: bets $0.22
4ff4f94e: calls $0.22
*** TURN *** [9d As 6s] [9h]
4ff4f94e: checks
c9afa58b: bets $0.55
4ff4f94e: raises $1.1 to $1.65
c9afa58b: calls $1.1
*** RIVER *** [9d As 6s 9h] [7d]
4ff4f94e: checks
c9afa58b: bets $2.2
4ff4f94e: calls $2.2
c9afa58b: shows [Qs Ks] (Pair of Nines)
4ff4f94e: shows [9s Ad] (Nines Full over Aces)
*** SHOWDOWN ***
4ff4f94e collected $8.26 from pot
*** SUMMARY ***
Total pot $8.79 | Rake $0.43 | Jackpot $0.1 | Bingo $0 | Fortune $0 | Tax $0
Board [9d As 6s 9h 7d]
Seat 1: c9afa58b (button) showed [Qs Ks] and lost with Pair of Nines
Seat 3: Hero (small blind) folded before Flop
Seat 4: c8832665 (big blind) folded before Flop
Seat 5: 120c9a91 folded before Flop (didn't bet)
Seat 6: 4ff4f94e showed [9s Ad] and won ($8.26) with Nines Full over Aces


Poker Hand #HD1755896909: Hold'em No Limit ($0.05/$0.1) - 2024/05/02 20:03:35
Table 'NLHRed19' 6-max Seat #6 is the button
Seat 1: c9afa58b ($13.34 in chips)
Seat 3: Hero ($10 in chips)
Seat 4: c8832665 ($13.56 in chips)
Seat 5: 120c9a91 ($17.01 in chips)
Seat 6: 4ff4f94e ($12.24 in chips)
c9afa58b: posts small blind $0.05
Hero: posts big blind $0.1
*** HOLE CARDS ***
Dealt to c9afa58b 
Dealt to Hero [7c 6s]
Dealt to c8832665 
Dealt to 120c9a91 
Dealt to 4ff4f94e 
c8832665: folds
120c9a91: folds
4ff4f94e: folds
c9afa58b: raises $0.15 to $0.25
Hero: folds
Uncalled bet ($0.15) returned to c9afa58b
*** SHOWDOWN ***
c9afa58b collected $0.2 from pot
*** SUMMARY ***
Total pot $0.2 | Rake $0 | Jackpot $0 | Bingo $0 | Fortune $0 | Tax $0
Seat 1: c9afa58b (small blind) collected ($0.2)
Seat 3: Hero (big blind) folded before Flop
Seat 4: c8832665 folded before Flop (didn't bet)
Seat 5: 120c9a91 folded before Flop (didn't bet)
Seat 6: 4ff4f94e (button) folded before Flop (didn't bet)


Poker Hand #HD1755896895: Hold'em No Limit ($0.05/$0.1) - 2024/05/02 20:03:23
Table 'NLHRed19' 6-max Seat #5 is the button
Seat 1: c9afa58b ($13.29 in chips)
Seat 3: Hero ($10 in chips)
Seat 4: c8832665 ($13.56 in chips)
Seat 5: 120c9a91 ($17.01 in chips)
Seat 6: 4ff4f94e ($12.29 in chips)
4ff4f94e: posts small blind $0.05
c9afa58b: posts big blind $0.1
*** HOLE CARDS ***
Dealt to c9afa58b 
Dealt to Hero [4c 5d]
Dealt to c8832665 
Dealt to 120c9a91 
Dealt to 4ff4f94e 
Hero: folds
c8832665: folds
120c9a91: folds
4ff4f94e: folds
Uncalled bet ($0.05) returned to c9afa58b
*** SHOWDOWN ***
c9afa58b collected $0.1 from pot
*** SUMMARY ***
Total pot $0.1 | Rake $0 | Jackpot $0 | Bingo $0 | Fortune $0 | Tax $0
Seat 1: c9afa58b (big blind) collected ($0.1)
Seat 3: Hero folded before Flop (didn't bet)
Seat 4: c8832665 folded before Flop (didn't bet)
Seat 5: 120c9a91 (button) folded before Flop (didn't bet)
Seat 6: 4ff4f94e (small blind) folded before Flop


Poker Hand #HD1755896844: Hold'em No Limit ($0.05/$0.1) - 2024/05/02 20:02:56
Table 'NLHRed19' 6-max Seat #4 is the button
Seat 1: c9afa58b ($13.29 in chips)
Seat 3: Hero ($10 in chips)
Seat 4: c8832665 ($13.2 in chips)
Seat 5: 120c9a91 ($17.06 in chips)
Seat 6: 4ff4f94e ($12.39 in chips)
120c9a91: posts small blind $0.05
4ff4f94e: posts big blind $0.1
*** HOLE CARDS ***
Dealt to c9afa58b 
Dealt to Hero [Kc Qc]
Dealt to c8832665 
Dealt to 120c9a91 
Dealt to 4ff4f94e 
c9afa58b: folds
Hero: raises $0.14 to $0.24
c8832665: calls $0.24
120c9a91: folds
4ff4f94e: folds
*** FLOP *** [3h 4d 4c]
Hero: checks
c8832665: bets $0.16
Hero: folds
Uncalled bet ($0.16) returned to c8832665
*** SHOWDOWN ***
c8832665 collected $0.6 from pot
*** SUMMARY ***
Total pot $0.63 | Rake $0.03 | Jackpot $0 | Bingo $0 | Fortune $0 | Tax $0
Board [3h 4d 4c]
Seat 1: c9afa58b folded before Flop (didn't bet)
Seat 3: Hero folded on the Flop
Seat 4: c8832665 (button) won ($0.6)
Seat 5: 120c9a91 (small blind) folded before Flop
Seat 6: 4ff4f94e (big blind) folded before Flop


Poker Hand #HD1755896807: Hold'em No Limit ($0.05/$0.1) - 2024/05/02 20:02:35
Table 'NLHRed19' 6-max Seat #3 is the button
Seat 1: c9afa58b ($13.29 in chips)
Seat 3: Hero ($10 in chips)
Seat 4: c8832665 ($13.1 in chips)
Seat 5: 120c9a91 ($17.16 in chips)
Seat 6: 4ff4f94e ($12.39 in chips)
c8832665: posts small blind $0.05
120c9a91: posts big blind $0.1
*** HOLE CARDS ***
Dealt to c9afa58b 
Dealt to Hero [6h 2s]
Dealt to c8832665 
Dealt to 120c9a91 
Dealt to 4ff4f94e 
4ff4f94e: folds
c9afa58b: folds
Hero: folds
c8832665: raises $0.15 to $0.25
120c9a91: folds
Uncalled bet ($0.15) returned to c8832665
*** SHOWDOWN ***
c8832665 collected $0.2 from pot
*** SUMMARY ***
Total pot $0.2 | Rake $0 | Jackpot $0 | Bingo $0 | Fortune $0 | Tax $0
Seat 1: c9afa58b folded before Flop (didn't bet)
Seat 3: Hero (button) folded before Flop (didn't bet)
Seat 4: c8832665 (small blind) collected ($0.2)
Seat 5: 120c9a91 (big blind) folded before Flop
Seat 6: 4ff4f94e folded before Flop (didn't bet)


Poker Hand #HD1755896708: Hold'em No Limit ($0.05/$0.1) - 2024/05/02 20:01:37
Table 'NLHRed19' 6-max Seat #1 is the button
Seat 1: c9afa58b ($10.05 in chips)
Seat 2: 2571f56 ($3.6 in chips)
Seat 3: Hero ($10 in chips)
Seat 4: c8832665 ($13.1 in chips)
Seat 5: 120c9a91 ($17.16 in chips)
Seat 6: 4ff4f94e ($12.39 in chips)
2571f56: posts small blind $0.05
Hero: posts big blind $0.1
*** HOLE CARDS ***
Dealt to c9afa58b 
Dealt to 2571f56 
Dealt to Hero [3s 5d]
Dealt to c8832665 
Dealt to 120c9a91 
Dealt to 4ff4f94e 
c8832665: folds
120c9a91: folds
4ff4f94e: folds
c9afa58b: raises $0.1 to $0.2
2571f56: raises $0.17 to $0.37
Hero: folds
c9afa58b: calls $0.17
*** FLOP *** [8s Ac 5s]
2571f56: checks
c9afa58b: bets $0.28
2571f56: raises $1.05 to $1.33
c9afa58b: raises $3.5 to $4.83
2571f56: calls $1.9 and is all-in
Uncalled bet ($1.6) returned to c9afa58b
c9afa58b: shows [Ks 6s] (Ace-High)
2571f56: shows [4h As] (Pair of Aces)
*** TURN *** [8s Ac 5s] [9s]
*** RIVER *** [8s Ac 5s 9s] [7s]
*** SHOWDOWN ***
c9afa58b collected $6.84 from pot
*** SUMMARY ***
Total pot $7.3 | Rake $0.36 | Jackpot $0.1 | Bingo $0 | Fortune $0 | Tax $0
Board [8s Ac 5s 9s 7s]
Seat 1: c9afa58b (button) showed [Ks 6s] and won ($6.84) with Nine-High Straight Flush
Seat 2: 2571f56 (small blind) showed [4h As] and lost with Ace High Flush
Seat 3: Hero (big blind) folded before Flop
Seat 4: c8832665 folded before Flop (didn't bet)
Seat 5: 120c9a91 folded before Flop (didn't bet)
Seat 6: 4ff4f94e folded before Flop (didn't bet)


Poker Hand #HD1755896669: Hold'em No Limit ($0.05/$0.1) - 2024/05/02 20:01:12
Table 'NLHRed19' 6-max Seat #6 is the button
Seat 1: c9afa58b ($9.75 in chips)
Seat 2: 2571f56 ($3.7 in chips)
Seat 3: Hero ($10 in chips)
Seat 4: c8832665 ($13.1 in chips)
Seat 5: 120c9a91 ($17.16 in chips)
Seat 6: 4ff4f94e ($12.61 in chips)
c9afa58b: posts small blind $0.05
2571f56: posts big blind $0.1
*** HOLE CARDS ***
Dealt to c9afa58b 
Dealt to 2571f56 
Dealt to Hero [3d 9h]
Dealt to c8832665 
Dealt to 120c9a91 
Dealt to 4ff4f94e 
Hero: folds
c8832665: folds
120c9a91: folds
4ff4f94e: raises $0.12 to $0.22
c9afa58b: raises $0.54 to $0.76
2571f56: folds
4ff4f94e: folds
Uncalled bet ($0.54) returned to c9afa58b
*** SHOWDOWN ***
c9afa58b collected $0.52 from pot
*** SUMMARY ***
Total pot $0.54 | Rake $0.02 | Jackpot $0 | Bingo $0 | Fortune $0 | Tax $0
Seat 1: c9afa58b (small blind) collected ($0.52)
Seat 2: 2571f56 (big blind) folded before Flop
Seat 3: Hero folded before Flop (didn't bet)
Seat 4: c8832665 folded before Flop (didn't bet)
Seat 5: 120c9a91 folded before Flop (didn't bet)
Seat 6: 4ff4f94e (button) folded before Flop


Poker Hand #HD1755896571: Hold'em No Limit ($0.05/$0.1) - 2024/05/02 20:00:09
Table 'NLHRed19' 6-max Seat #5 is the button
Seat 1: c9afa58b ($9.85 in chips)
Seat 2: 2571f56 ($3.8 in chips)
Seat 3: Hero ($10 in chips)
Seat 4: c8832665 ($11.08 in chips)
Seat 5: 120c9a91 ($19.24 in chips)
Seat 6: 4ff4f94e ($12.66 in chips)
4ff4f94e: posts small blind $0.05
c9afa58b: posts big blind $0.1
*** HOLE CARDS ***
Dealt to c9afa58b 
Dealt to 2571f56 
Dealt to Hero [7s 3h]
Dealt to c8832665 
Dealt to 120c9a91 
Dealt to 4ff4f94e 
2571f56: calls $0.1
Hero: folds
c8832665: raises $0.27 to $0.37
120c9a91: raises $0.83 to $1.2
4ff4f94e: folds
c9afa58b: folds
2571f56: folds
c8832665: calls $0.83
*** FLOP *** [Jc Ah 7d]
c8832665: checks
120c9a91: bets $0.88
c8832665: raises $1.72 to $2.6
120c9a91: folds
Uncalled bet ($1.72) returned to c8832665
*** SHOWDOWN ***
c8832665 collected $4.1 from pot
*** SUMMARY ***
Total pot $4.41 | Rake $0.21 | Jackpot $0.1 | Bingo $0 | Fortune $0 | Tax $0
Board [Jc Ah 7d]
Seat 1: c9afa58b (big blind) folded before Flop
Seat 2: 2571f56 folded before Flop
Seat 3: Hero folded before Flop (didn't bet)
Seat 4: c8832665 won ($4.1)
Seat 5: 120c9a91 (button) folded on the Flop
Seat 6: 4ff4f94e (small blind) folded before Flop


Poker Hand #HD1755896479: Hold'em No Limit ($0.05/$0.1) - 2024/05/02 19:59:14
Table 'NLHRed19' 6-max Seat #4 is the button
Seat 1: c9afa58b ($10 in chips)
Seat 2: 2571f56 ($2 in chips)
Seat 3: Hero ($10 in chips)
Seat 4: c8832665 ($11.08 in chips)
Seat 5: 120c9a91 ($19.29 in chips)
Seat 6: 4ff4f94e ($12.76 in chips)
120c9a91: posts small blind $0.05
4ff4f94e: posts big blind $0.1
2571f56: posts big blind $0.1
2571f56: posts missed blind $0.05
*** HOLE CARDS ***
Dealt to c9afa58b 
Dealt to 2571f56 
Dealt to Hero [3h 4s]
Dealt to c8832665 
Dealt to 120c9a91 
Dealt to 4ff4f94e 
c9afa58b: raises $0.2 to $0.3
2571f56: raises $0.8 to $1.1
Hero: folds
c8832665: folds
120c9a91: folds
4ff4f94e: folds
c9afa58b: raises $2.7 to $3.8
2571f56: calls $0.85 and is all-in
Uncalled bet ($1.85) returned to c9afa58b
c9afa58b: shows [Jc Tc]
2571f56: shows [7h 8s]
*** FLOP *** [Ts 2s As]
*** TURN *** [Ts 2s As] [Ah]
c9afa58b: Chooses to EV Cashout 
*** RIVER *** [Ts 2s As Ah] [5s]
c9afa58b: Receives Cashout ($1.8)
*** SHOWDOWN ***
2571f56 collected $3.8 from pot
*** SUMMARY ***
Total pot $4.1 | Rake $0.2 | Jackpot $0.1 | Bingo $0 | Fortune $0 | Tax $0
Board [Ts 2s As Ah 5s]
Seat 1: c9afa58b showed [Jc Tc] and lost with Pair of Aces and Pair of Tens, EV Cashout ($0)
Seat 2: 2571f56 showed [7h 8s] and won ($3.8) with Ace High Flush
Seat 3: Hero folded before Flop (didn't bet)
Seat 4: c8832665 (button) folded before Flop (didn't bet)
Seat 5: 120c9a91 (small blind) folded before Flop
Seat 6: 4ff4f94e (big blind) folded before Flop


Poker Hand #HD1755896456: Hold'em No Limit ($0.05/$0.1) - 2024/05/02 19:59:02
Table 'NLHRed19' 6-max Seat #3 is the button
Seat 1: c9afa58b ($10 in chips)
Seat 3: Hero ($10 in chips)
Seat 4: c8832665 ($10.98 in chips)
Seat 5: 120c9a91 ($19.39 in chips)
Seat 6: 4ff4f94e ($12.76 in chips)
c8832665: posts small blind $0.05
120c9a91: posts big blind $0.1
*** HOLE CARDS ***
Dealt to c9afa58b 
Dealt to Hero [Jd 4s]
Dealt to c8832665 
Dealt to 120c9a91 
Dealt to 4ff4f94e 
4ff4f94e: folds
c9afa58b: folds
Hero: folds
c8832665: raises $0.15 to $0.25
120c9a91: folds
Uncalled bet ($0.15) returned to c8832665
*** SHOWDOWN ***
c8832665 collected $0.2 from pot
*** SUMMARY ***
Total pot $0.2 | Rake $0 | Jackpot $0 | Bingo $0 | Fortune $0 | Tax $0
Seat 1: c9afa58b folded before Flop (didn't bet)
Seat 3: Hero (button) folded before Flop (didn't bet)
Seat 4: c8832665 (small blind) collected ($0.2)
Seat 5: 120c9a91 (big blind) folded before Flop
Seat 6: 4ff4f94e folded before Flop (didn't bet)


Poker Hand #HD1755896441: Hold'em No Limit ($0.05/$0.1) - 2024/05/02 19:58:51
Table 'NLHRed19' 6-max Seat #1 is the button
Seat 1: c9afa58b ($10 in chips)
Seat 3: Hero ($10.05 in chips)
Seat 4: c8832665 ($10.93 in chips)
Seat 5: 120c9a91 ($19.39 in chips)
Seat 6: 4ff4f94e ($12.76 in chips)
Hero: posts small blind $0.05
c8832665: posts big blind $0.1
*** HOLE CARDS ***
Dealt to c9afa58b 
Dealt to Hero [2h Ks]
Dealt to c8832665 
Dealt to 120c9a91 
Dealt to 4ff4f94e 
120c9a91: folds
4ff4f94e: folds
c9afa58b: folds
Hero: folds
Uncalled bet ($0.05) returned to c8832665
*** SHOWDOWN ***
c8832665 collected $0.1 from pot
*** SUMMARY ***
Total pot $0.1 | Rake $0 | Jackpot $0 | Bingo $0 | Fortune $0 | Tax $0
Seat 1: c9afa58b (button) folded before Flop (didn't bet)
Seat 3: Hero (small blind) folded before Flop
Seat 4: c8832665 (big blind) collected ($0.1)
Seat 5: 120c9a91 folded before Flop (didn't bet)
Seat 6: 4ff4f94e folded before Flop (didn't bet)


Poker Hand #HD1755896426: Hold'em No Limit ($0.05/$0.1) - 2024/05/02 19:58:43
Table 'NLHRed19' 6-max Seat #6 is the button
Seat 1: c9afa58b ($10.05 in chips)
Seat 3: Hero ($10 in chips)
Seat 4: c8832665 ($10.93 in chips)
Seat 5: 120c9a91 ($19.39 in chips)
Seat 6: 4ff4f94e ($12.76 in chips)
c9afa58b: posts small blind $0.05
Hero: posts big blind $0.1
*** HOLE CARDS ***
Dealt to c9afa58b 
Dealt to Hero [4d 3c]
Dealt to c8832665 
Dealt to 120c9a91 
Dealt to 4ff4f94e 
c8832665: folds
120c9a91: folds
4ff4f94e: folds
c9afa58b: folds
Uncalled bet ($0.05) returned to Hero
*** SHOWDOWN ***
Hero collected $0.1 from pot
*** SUMMARY ***
Total pot $0.1 | Rake $0 | Jackpot $0 | Bingo $0 | Fortune $0 | Tax $0
Seat 1: c9afa58b (small blind) folded before Flop
Seat 3: Hero (big blind) collected ($0.1)
Seat 4: c8832665 folded before Flop (didn't bet)
Seat 5: 120c9a91 folded before Flop (didn't bet)
Seat 6: 4ff4f94e (button) folded before Flop (didn't bet)


Poker Hand #HD1755896380: Hold'em No Limit ($0.05/$0.1) - 2024/05/02 19:58:15
Table 'NLHRed19' 6-max Seat #5 is the button
Seat 1: c9afa58b ($10.15 in chips)
Seat 3: Hero ($10 in chips)
Seat 4: c8832665 ($10.93 in chips)
Seat 5: 120c9a91 ($19.39 in chips)
Seat 6: 4ff4f94e ($12.48 in chips)
4ff4f94e: posts small blind $0.05
c9afa58b: posts big blind $0.1
*** HOLE CARDS ***
Dealt to c9afa58b 
Dealt to Hero [Tc Ad]
Dealt to c8832665 
Dealt to 120c9a91 
Dealt to 4ff4f94e 
Hero: raises $0.1 to $0.2
c8832665: folds
120c9a91: folds
4ff4f94e: raises $0.6 to $0.8
c9afa58b: folds
Hero: folds
Uncalled bet ($0.6) returned to 4ff4f94e
*** SHOWDOWN ***
4ff4f94e collected $0.48 from pot
*** SUMMARY ***
Total pot $0.5 | Rake $0.02 | Jackpot $0 | Bingo $0 | Fortune $0 | Tax $0
Seat 1: c9afa58b (big blind) folded before Flop
Seat 3: Hero folded before Flop
Seat 4: c8832665 folded before Flop (didn't bet)
Seat 5: 120c9a91 (button) folded before Flop (didn't bet)
Seat 6: 4ff4f94e (small blind) collected ($0.48)


Poker Hand #HD1755896357: Hold'em No Limit ($0.05/$0.1) - 2024/05/02 19:58:05
Table 'NLHRed19' 6-max Seat #4 is the button
Seat 1: c9afa58b ($10 in chips)
Seat 3: Hero ($10 in chips)
Seat 4: c8832665 ($10.93 in chips)
Seat 5: 120c9a91 ($19.44 in chips)
Seat 6: 4ff4f94e ($12.58 in chips)
120c9a91: posts small blind $0.05
4ff4f94e: posts big blind $0.1
*** HOLE CARDS ***
Dealt to c9afa58b 
Dealt to Hero [Th 6c]
Dealt to c8832665 
Dealt to 120c9a91 
Dealt to 4ff4f94e 
c9afa58b: raises $0.1 to $0.2
Hero: folds
c8832665: folds
120c9a91: folds
4ff4f94e: folds
Uncalled bet ($0.1) returned to c9afa58b
*** SHOWDOWN ***
c9afa58b collected $0.25 from pot
*** SUMMARY ***
Total pot $0.25 | Rake $0 | Jackpot $0 | Bingo $0 | Fortune $0 | Tax $0
Seat 1: c9afa58b collected ($0.25)
Seat 3: Hero folded before Flop (didn't bet)
Seat 4: c8832665 (button) folded before Flop (didn't bet)
Seat 5: 120c9a91 (small blind) folded before Flop
Seat 6: 4ff4f94e (big blind) folded before Flop


Poker Hand #HD1755896262: Hold'em No Limit ($0.05/$0.1) - 2024/05/02 19:57:13
Table 'NLHRed19' 6-max Seat #3 is the button
Seat 1: c9afa58b ($10 in chips)
Seat 2: 2571f56 ($1.44 in chips)
Seat 3: Hero ($10 in chips)
Seat 4: c8832665 ($10.98 in chips)
Seat 5: 120c9a91 ($19.54 in chips)
Seat 6: 4ff4f94e ($11.23 in chips)
c8832665: posts small blind $0.05
120c9a91: posts big blind $0.1
*** HOLE CARDS ***
Dealt to c9afa58b 
Dealt to 2571f56 
Dealt to Hero [Js 4s]
Dealt to c8832665 
Dealt to 120c9a91 
Dealt to 4ff4f94e 
4ff4f94e: raises $0.15 to $0.25
c9afa58b: folds
2571f56: raises $0.22 to $0.47
Hero: folds
c8832665: folds
120c9a91: folds
4ff4f94e: raises $10.76 to $11.23 and is all-in
2571f56: calls $0.97 and is all-in
Uncalled bet ($9.79) returned to 4ff4f94e
4ff4f94e: shows [7s 7d]
2571f56: shows [Ks Ts]
*** FLOP *** [4d 9d Kc]
*** TURN *** [4d 9d Kc] [7h]
*** RIVER *** [4d 9d Kc 7h] [6s]
*** SHOWDOWN ***
4ff4f94e collected $2.79 from pot
*** SUMMARY ***
Total pot $3.03 | Rake $0.14 | Jackpot $0.1 | Bingo $0 | Fortune $0 | Tax $0
Board [4d 9d Kc 7h 6s]
Seat 1: c9afa58b folded before Flop (didn't bet)
Seat 2: 2571f56 showed [Ks Ts] and lost with Pair of Kings
Seat 3: Hero (button) folded before Flop (didn't bet)
Seat 4: c8832665 (small blind) folded before Flop
Seat 5: 120c9a91 (big blind) folded before Flop
Seat 6: 4ff4f94e showed [7s 7d] and won ($2.79) with Three Sevens


Poker Hand #HD1755896213: Hold'em No Limit ($0.05/$0.1) - 2024/05/02 19:56:45
Table 'NLHRed19' 6-max Seat #2 is the button
Seat 1: c9afa58b ($10 in chips)
Seat 2: 2571f56 ($1.3 in chips)
Seat 3: Hero ($10 in chips)
Seat 4: c8832665 ($11.08 in chips)
Seat 5: 120c9a91 ($19.54 in chips)
Seat 6: 4ff4f94e ($11.23 in chips)
Hero: posts small blind $0.05
c8832665: posts big blind $0.1
*** HOLE CARDS ***
Dealt to c9afa58b 
Dealt to 2571f56 
Dealt to Hero [9s Qh]
Dealt to c8832665 
Dealt to 120c9a91 
Dealt to 4ff4f94e 
120c9a91: folds
4ff4f94e: folds
c9afa58b: folds
2571f56: calls $0.1
Hero: folds
c8832665: checks
*** FLOP *** [Td 9c Ac]
c8832665: checks
2571f56: bets $0.25
c8832665: folds
Uncalled bet ($0.25) returned to 2571f56
*** SHOWDOWN ***
2571f56 collected $0.24 from pot
*** SUMMARY ***
Total pot $0.25 | Rake $0.01 | Jackpot $0 | Bingo $0 | Fortune $0 | Tax $0
Board [Td 9c Ac]
Seat 1: c9afa58b folded before Flop (didn't bet)
Seat 2: 2571f56 (button) won ($0.24)
Seat 3: Hero (small blind) folded before Flop
Seat 4: c8832665 (big blind) folded on the Flop
Seat 5: 120c9a91 folded before Flop (didn't bet)
Seat 6: 4ff4f94e folded before Flop (didn't bet)


Poker Hand #HD1755896087: Hold'em No Limit ($0.05/$0.1) - 2024/05/02 19:55:27
Table 'NLHRed19' 6-max Seat #1 is the button
Seat 1: c9afa58b ($7.72 in chips)
Seat 2: 2571f56 ($1.35 in chips)
Seat 3: Hero ($10 in chips)
Seat 4: c8832665 ($11.08 in chips)
Seat 5: 120c9a91 ($18.93 in chips)
Seat 6: 4ff4f94e ($11.23 in chips)
2571f56: posts small blind $0.05
Hero: posts big blind $0.1
*** HOLE CARDS ***
Dealt to c9afa58b 
Dealt to 2571f56 
Dealt to Hero [8c Ac]
Dealt to c8832665 
Dealt to 120c9a91 
Dealt to 4ff4f94e 
c8832665: folds
120c9a91: raises $0.2 to $0.3
4ff4f94e: folds
c9afa58b: folds
2571f56: folds
Hero: calls $0.2
*** FLOP *** [Qc Ts 9s]
Hero: checks
120c9a91: checks
*** TURN *** [Qc Ts 9s] [7h]
Hero: bets $0.32
120c9a91: calls $0.32
*** RIVER *** [Qc Ts 9s 7h] [Tc]
Hero: checks
120c9a91: checks
Hero: shows [8c Ac] (Pair of Tens)
120c9a91: shows [As 7s] (Pair of Tens and Pair of Sevens)
*** SHOWDOWN ***
120c9a91 collected $1.23 from pot
*** SUMMARY ***
Total pot $1.29 | Rake $0.06 | Jackpot $0 | Bingo $0 | Fortune $0 | Tax $0
Board [Qc Ts 9s 7h Tc]
Seat 1: c9afa58b (button) folded before Flop (didn't bet)
Seat 2: 2571f56 (small blind) folded before Flop
Seat 3: Hero (big blind) showed [8c Ac] and lost with Pair of Tens
Seat 4: c8832665 folded before Flop (didn't bet)
Seat 5: 120c9a91 showed [As 7s] and won ($1.23) with Pair of Tens and Pair of Sevens
Seat 6: 4ff4f94e folded before Flop (didn't bet)


Poker Hand #HD1755895965: Hold'em No Limit ($0.05/$0.1) - 2024/05/02 19:54:06
Table 'NLHRed19' 6-max Seat #6 is the button
Seat 1: c9afa58b ($9.42 in chips)
Seat 2: 2571f56 ($1.45 in chips)
Seat 3: Hero ($10 in chips)
Seat 4: c8832665 ($11.08 in chips)
Seat 5: 120c9a91 ($17.4 in chips)
Seat 6: 4ff4f94e ($11.23 in chips)
c9afa58b: posts small blind $0.05
2571f56: posts big blind $0.1
*** HOLE CARDS ***
Dealt to c9afa58b 
Dealt to 2571f56 
Dealt to Hero [6s 8d]
Dealt to c8832665 
Dealt to 120c9a91 
Dealt to 4ff4f94e 
Hero: folds
c8832665: folds
120c9a91: raises $0.2 to $0.3
4ff4f94e: folds
c9afa58b: raises $0.7 to $1
2571f56: folds
120c9a91: calls $0.7
*** FLOP *** [2c 9c Qd]
c9afa58b: bets $0.7
120c9a91: calls $0.7
*** TURN *** [2c 9c Qd] [4s]
c9afa58b: checks
120c9a91: checks
*** RIVER *** [2c 9c Qd 4s] [Qh]
c9afa58b: checks
120c9a91: checks
c9afa58b: shows [Js Ac] (Pair of Queens)
120c9a91: shows [9h Th] (Pair of Queens and Pair of Nines)
*** SHOWDOWN ***
120c9a91 collected $3.23 from pot
*** SUMMARY ***
Total pot $3.5 | Rake $0.17 | Jackpot $0.1 | Bingo $0 | Fortune $0 | Tax $0
Board [2c 9c Qd 4s Qh]
Seat 1: c9afa58b (small blind) showed [Js Ac] and lost with Pair of Queens
Seat 2: 2571f56 (big blind) folded before Flop
Seat 3: Hero folded before Flop (didn't bet)
Seat 4: c8832665 folded before Flop (didn't bet)
Seat 5: 120c9a91 showed [9h Th] and won ($3.23) with Pair of Queens and Pair of Nines
Seat 6: 4ff4f94e (button) folded before Flop (didn't bet)


Poker Hand #HD1755895875: Hold'em No Limit ($0.05/$0.1) - 2024/05/02 19:53:07
Table 'NLHRed19' 6-max Seat #5 is the button
Seat 1: c9afa58b ($10.46 in chips)
Seat 2: 2571f56 ($1.55 in chips)
Seat 3: Hero ($10 in chips)
Seat 4: c8832665 ($10 in chips)
Seat 5: 120c9a91 ($17.4 in chips)
Seat 6: 4ff4f94e ($11.28 in chips)
4ff4f94e: posts small blind $0.05
c9afa58b: posts big blind $0.1
c8832665: posts big blind $0.1
*** HOLE CARDS ***
Dealt to c9afa58b 
Dealt to 2571f56 
Dealt to Hero [Td 5h]
Dealt to c8832665 
Dealt to 120c9a91 
Dealt to 4ff4f94e 
2571f56: calls $0.1
Hero: folds
c8832665: checks
120c9a91: folds
4ff4f94e: folds
c9afa58b: checks
*** FLOP *** [Jc Ac Qs]
c9afa58b: checks
2571f56: checks
c8832665: bets $0.27
c9afa58b: calls $0.27
2571f56: folds
*** TURN *** [Jc Ac Qs] [3d]
c9afa58b: checks
c8832665: bets $0.67
c9afa58b: calls $0.67
*** RIVER *** [Jc Ac Qs 3d] [8c]
c9afa58b: checks
c8832665: checks
c9afa58b: shows [Qd 4h] (Pair of Queens)
c8832665: shows [Ad 7c] (Pair of Aces)
*** SHOWDOWN ***
c8832665 collected $2.12 from pot
*** SUMMARY ***
Total pot $2.23 | Rake $0.11 | Jackpot $0 | Bingo $0 | Fortune $0 | Tax $0
Board [Jc Ac Qs 3d 8c]
Seat 1: c9afa58b (big blind) showed [Qd 4h] and lost with Pair of Queens
Seat 2: 2571f56 folded on the Flop
Seat 3: Hero folded before Flop (didn't bet)
Seat 4: c8832665 showed [Ad 7c] and won ($2.12) with Pair of Aces
Seat 5: 120c9a91 (button) folded before Flop (didn't bet)
Seat 6: 4ff4f94e (small blind) folded before Flop


Poker Hand #HD1755895854: Hold'em No Limit ($0.05/$0.1) - 2024/05/02 19:52:52
Table 'NLHRed19' 6-max Seat #3 is the button
Seat 1: c9afa58b ($10.46 in chips)
Seat 2: 2571f56 ($1.4 in chips)
Seat 3: Hero ($10 in chips)
Seat 5: 120c9a91 ($17.45 in chips)
Seat 6: 4ff4f94e ($11.38 in chips)
120c9a91: posts small blind $0.05
4ff4f94e: posts big blind $0.1
*** HOLE CARDS ***
Dealt to c9afa58b 
Dealt to 2571f56 
Dealt to Hero [2d Tc]
Dealt to 120c9a91 
Dealt to 4ff4f94e 
c9afa58b: folds
2571f56: raises $0.25 to $0.35
Hero: folds
120c9a91: folds
4ff4f94e: folds
Uncalled bet ($0.25) returned to 2571f56
*** SHOWDOWN ***
2571f56 collected $0.25 from pot
*** SUMMARY ***
Total pot $0.25 | Rake $0 | Jackpot $0 | Bingo $0 | Fortune $0 | Tax $0
Seat 1: c9afa58b folded before Flop (didn't bet)
Seat 2: 2571f56 collected ($0.25)
Seat 3: Hero (button) folded before Flop (didn't bet)
Seat 5: 120c9a91 (small blind) folded before Flop
Seat 6: 4ff4f94e (big blind) folded before Flop


Poker Hand #HD1755895803: Hold'em No Limit ($0.05/$0.1) - 2024/05/02 19:52:25
Table 'NLHRed19' 6-max Seat #2 is the button
Seat 1: c9afa58b ($10.13 in chips)
Seat 2: 2571f56 ($1.6 in chips)
Seat 3: Hero ($10.05 in chips)
Seat 5: 120c9a91 ($17.55 in chips)
Seat 6: 4ff4f94e ($11.38 in chips)
Hero: posts small blind $0.05
120c9a91: posts big blind $0.1
*** HOLE CARDS ***
Dealt to c9afa58b 
Dealt to 2571f56 
Dealt to Hero [Qc 2d]
Dealt to 120c9a91 
Dealt to 4ff4f94e 
4ff4f94e: folds
c9afa58b: raises $0.1 to $0.2
2571f56: calls $0.2
Hero: folds
120c9a91: folds
*** FLOP *** [Qd 9h Ks]
c9afa58b: bets $0.19
2571f56: folds
Uncalled bet ($0.19) returned to c9afa58b
*** SHOWDOWN ***
c9afa58b collected $0.53 from pot
*** SUMMARY ***
Total pot $0.55 | Rake $0.02 | Jackpot $0 | Bingo $0 | Fortune $0 | Tax $0
Board [Qd 9h Ks]
Seat 1: c9afa58b won ($0.53)
Seat 2: 2571f56 (button) folded on the Flop
Seat 3: Hero (small blind) folded before Flop
Seat 5: 120c9a91 (big blind) folded before Flop
Seat 6: 4ff4f94e folded before Flop (didn't bet)


Poker Hand #HD1755895785: Hold'em No Limit ($0.05/$0.1) - 2024/05/02 19:52:14
Table 'NLHRed19' 6-max Seat #1 is the button
Seat 1: c9afa58b ($10.13 in chips)
Seat 2: 2571f56 ($1.65 in chips)
Seat 3: Hero ($10 in chips)
Seat 4: d0f6c85c ($10.39 in chips)
Seat 5: 120c9a91 ($17.55 in chips)
Seat 6: 4ff4f94e ($11.38 in chips)
2571f56: posts small blind $0.05
Hero: posts big blind $0.1
*** HOLE CARDS ***
Dealt to c9afa58b 
Dealt to 2571f56 
Dealt to Hero [Kh Qc]
Dealt to d0f6c85c 
Dealt to 120c9a91 
Dealt to 4ff4f94e 
d0f6c85c: folds
120c9a91: folds
4ff4f94e: folds
c9afa58b: folds
2571f56: folds
Uncalled bet ($0.05) returned to Hero
*** SHOWDOWN ***
Hero collected $0.1 from pot
*** SUMMARY ***
Total pot $0.1 | Rake $0 | Jackpot $0 | Bingo $0 | Fortune $0 | Tax $0
Seat 1: c9afa58b (button) folded before Flop (didn't bet)
Seat 2: 2571f56 (small blind) folded before Flop
Seat 3: Hero (big blind) collected ($0.1)
Seat 4: d0f6c85c folded before Flop (didn't bet)
Seat 5: 120c9a91 folded before Flop (didn't bet)
Seat 6: 4ff4f94e folded before Flop (didn't bet)


Poker Hand #HD1755895733: Hold'em No Limit ($0.05/$0.1) - 2024/05/02 19:51:46
Table 'NLHRed19' 6-max Seat #6 is the button
Seat 1: c9afa58b ($9.9 in chips)
Seat 2: 2571f56 ($1.9 in chips)
Seat 3: Hero ($10 in chips)
Seat 4: d0f6c85c ($10.39 in chips)
Seat 5: 120c9a91 ($17.55 in chips)
Seat 6: 4ff4f94e ($11.38 in chips)
c9afa58b: posts small blind $0.05
2571f56: posts big blind $0.1
*** HOLE CARDS ***
Dealt to c9afa58b 
Dealt to 2571f56 
Dealt to Hero [7h 2s]
Dealt to d0f6c85c 
Dealt to 120c9a91 
Dealt to 4ff4f94e 
Hero: folds
d0f6c85c: folds
120c9a91: folds
4ff4f94e: folds
c9afa58b: raises $0.15 to $0.25
2571f56: calls $0.15
*** FLOP *** [8d 2d Qs]
c9afa58b: bets $0.17
2571f56: folds
Uncalled bet ($0.17) returned to c9afa58b
*** SHOWDOWN ***
c9afa58b collected $0.48 from pot
*** SUMMARY ***
Total pot $0.5 | Rake $0.02 | Jackpot $0 | Bingo $0 | Fortune $0 | Tax $0
Board [8d 2d Qs]
Seat 1: c9afa58b (small blind) won ($0.48)
Seat 2: 2571f56 (big blind) folded on the Flop
Seat 3: Hero folded before Flop (didn't bet)
Seat 4: d0f6c85c folded before Flop (didn't bet)
Seat 5: 120c9a91 folded before Flop (didn't bet)
Seat 6: 4ff4f94e (button) folded before Flop (didn't bet)


Poker Hand #HD1755895699: Hold'em No Limit ($0.05/$0.1) - 2024/05/02 19:51:26
Table 'NLHRed19' 6-max Seat #5 is the button
Seat 1: c9afa58b ($10 in chips)
Seat 2: 2571f56 ($2 in chips)
Seat 3: Hero ($10 in chips)
Seat 4: d0f6c85c ($10.15 in chips)
Seat 5: 120c9a91 ($17.55 in chips)
Seat 6: 4ff4f94e ($11.43 in chips)
4ff4f94e: posts small blind $0.05
c9afa58b: posts big blind $0.1
2571f56: posts big blind $0.1
*** HOLE CARDS ***
Dealt to c9afa58b 
Dealt to 2571f56 
Dealt to Hero [Tc 8s]
Dealt to d0f6c85c 
Dealt to 120c9a91 
Dealt to 4ff4f94e 
2571f56: checks
Hero: folds
d0f6c85c: raises $0.18 to $0.28
120c9a91: folds
4ff4f94e: folds
c9afa58b: folds
2571f56: folds
Uncalled bet ($0.18) returned to d0f6c85c
*** SHOWDOWN ***
d0f6c85c collected $0.34 from pot
*** SUMMARY ***
Total pot $0.35 | Rake $0.01 | Jackpot $0 | Bingo $0 | Fortune $0 | Tax $0
Seat 1: c9afa58b (big blind) folded before Flop
Seat 2: 2571f56 folded before Flop
Seat 3: Hero folded before Flop (didn't bet)
Seat 4: d0f6c85c collected ($0.34)
Seat 5: 120c9a91 (button) folded before Flop (didn't bet)
Seat 6: 4ff4f94e (small blind) folded before Flop


Poker Hand #HD1755895652: Hold'em No Limit ($0.05/$0.1) - 2024/05/02 19:51:01
Table 'NLHRed19' 6-max Seat #4 is the button
Seat 3: Hero ($10 in chips)
Seat 4: d0f6c85c ($10.15 in chips)
Seat 5: 120c9a91 ($17.23 in chips)
Seat 6: 4ff4f94e ($11.53 in chips)
120c9a91: posts small blind $0.05
4ff4f94e: posts big blind $0.1
*** HOLE CARDS ***
Dealt to Hero [6d 5d]
Dealt to d0f6c85c 
Dealt to 120c9a91 
Dealt to 4ff4f94e 
Hero: raises $0.14 to $0.24
d0f6c85c: folds
120c9a91: raises $0.96 to $1.2
4ff4f94e: folds
Hero: folds
Uncalled bet ($0.96) returned to 120c9a91
*** SHOWDOWN ***
120c9a91 collected $0.56 from pot
*** SUMMARY ***
Total pot $0.58 | Rake $0.02 | Jackpot $0 | Bingo $0 | Fortune $0 | Tax $0
Seat 3: Hero folded before Flop
Seat 4: d0f6c85c (button) folded before Flop (didn't bet)
Seat 5: 120c9a91 (small blind) collected ($0.56)
Seat 6: 4ff4f94e (big blind) folded before Flop


Poker Hand #HD1755785638: Hold'em No Limit ($0.05/$0.1) - 2024/05/02 19:50:50
Table 'NLHRed19' 6-max Seat #3 is the button
Seat 3: Hero ($10 in chips)
Seat 4: d0f6c85c ($10.2 in chips)
Seat 5: 120c9a91 ($17.18 in chips)
Seat 6: 4ff4f94e ($11.53 in chips)
d0f6c85c: posts small blind $0.05
120c9a91: posts big blind $0.1
*** HOLE CARDS ***
Dealt to Hero [5d Ah]
Dealt to d0f6c85c 
Dealt to 120c9a91 
Dealt to 4ff4f94e 
4ff4f94e: folds
Hero: folds
d0f6c85c: folds
Uncalled bet ($0.05) returned to 120c9a91
*** SHOWDOWN ***
120c9a91 collected $0.1 from pot
*** SUMMARY ***
Total pot $0.1 | Rake $0 | Jackpot $0 | Bingo $0 | Fortune $0 | Tax $0
Seat 3: Hero (button) folded before Flop (didn't bet)
Seat 4: d0f6c85c (small blind) folded before Flop
Seat 5: 120c9a91 (big blind) collected ($0.1)
Seat 6: 4ff4f94e folded before Flop (didn't bet)


Poker Hand #HD1755785606: Hold'em No Limit ($0.05/$0.1) - 2024/05/02 19:50:30
Table 'NLHRed19' 6-max Seat #2 is the button
Seat 2: 741e88fd ($26.2 in chips)
Seat 3: Hero ($10 in chips)
Seat 4: d0f6c85c ($10.3 in chips)
Seat 5: 120c9a91 ($17.03 in chips)
Seat 6: 4ff4f94e ($11.53 in chips)
Hero: posts small blind $0.05
d0f6c85c: posts big blind $0.1
*** HOLE CARDS ***
Dealt to 741e88fd 
Dealt to Hero [8c As]
Dealt to d0f6c85c 
Dealt to 120c9a91 
Dealt to 4ff4f94e 
120c9a91: raises $0.2 to $0.3
4ff4f94e: folds
741e88fd: folds
Hero: folds
d0f6c85c: folds
Uncalled bet ($0.2) returned to 120c9a91
*** SHOWDOWN ***
120c9a91 collected $0.25 from pot
*** SUMMARY ***
Total pot $0.25 | Rake $0 | Jackpot $0 | Bingo $0 | Fortune $0 | Tax $0
Seat 2: 741e88fd (button) folded before Flop (didn't bet)
Seat 3: Hero (small blind) folded before Flop
Seat 4: d0f6c85c (big blind) folded before Flop
Seat 5: 120c9a91 collected ($0.25)
Seat 6: 4ff4f94e folded before Flop (didn't bet)


Poker Hand #HD1755785584: Hold'em No Limit ($0.05/$0.1) - 2024/05/02 19:50:13
Table 'NLHRed19' 6-max Seat #6 is the button
Seat 2: 741e88fd ($26.25 in chips)
Seat 3: Hero ($10 in chips)
Seat 4: d0f6c85c ($10.3 in chips)
Seat 5: 120c9a91 ($16.88 in chips)
Seat 6: 4ff4f94e ($11.53 in chips)
741e88fd: posts small blind $0.05
Hero: posts big blind $0.1
*** HOLE CARDS ***
Dealt to 741e88fd 
Dealt to Hero [9d 6c]
Dealt to d0f6c85c 
Dealt to 120c9a91 
Dealt to 4ff4f94e 
d0f6c85c: folds
120c9a91: raises $0.2 to $0.3
4ff4f94e: folds
741e88fd: folds
Hero: folds
Uncalled bet ($0.2) returned to 120c9a91
*** SHOWDOWN ***
120c9a91 collected $0.25 from pot
*** SUMMARY ***
Total pot $0.25 | Rake $0 | Jackpot $0 | Bingo $0 | Fortune $0 | Tax $0
Seat 2: 741e88fd (small blind) folded before Flop
Seat 3: Hero (big blind) folded before Flop
Seat 4: d0f6c85c folded before Flop (didn't bet)
Seat 5: 120c9a91 collected ($0.25)
Seat 6: 4ff4f94e (button) folded before Flop (didn't bet)


