Poker Hand #HD1858018203: Hold'em No Limit ($0.05/$0.1) - 2024/07/15 15:53:52
Table 'NLHRed47' 6-max Seat #4 is the button
Seat 1: Hero ($27.69 in chips)
Seat 2: 2170d0b6 ($10 in chips)
Seat 3: 6f2cf4fd ($10 in chips)
Seat 4: 3d138e06 ($10 in chips)
Seat 5: 693a0af ($1.9 in chips)
Seat 6: fc067425 ($23.06 in chips)
693a0af: posts small blind $0.05
fc067425: posts big blind $0.1
*** HOLE CARDS ***
Dealt to Hero [5c Qs]
Dealt to 2170d0b6 
Dealt to 6f2cf4fd 
Dealt to 3d138e06 
Dealt to 693a0af 
Dealt to fc067425 
Hero: folds
2170d0b6: raises $0.15 to $0.25
6f2cf4fd: raises $0.5 to $0.75
3d138e06: folds
693a0af: folds
fc067425: folds
2170d0b6: calls $0.5
*** FLOP *** [4s Kh Qd]
2170d0b6: checks
6f2cf4fd: bets $0.55
2170d0b6: folds
Uncalled bet ($0.55) returned to 6f2cf4fd
*** SHOWDOWN ***
6f2cf4fd collected $1.57 from pot
*** SUMMARY ***
Total pot $1.65 | Rake $0.08 | Jackpot $0 | Bingo $0 | Fortune $0 | Tax $0
Board [4s Kh Qd]
Seat 1: Hero folded before Flop (didn't bet)
Seat 2: 2170d0b6 folded on the Flop
Seat 3: 6f2cf4fd won ($1.57)
Seat 4: 3d138e06 (button) folded before Flop (didn't bet)
Seat 5: 693a0af (small blind) folded before Flop
Seat 6: fc067425 (big blind) folded before Flop


Poker Hand #HD1858018062: Hold'em No Limit ($0.05/$0.1) - 2024/07/15 15:52:40
Table 'NLHRed47' 6-max Seat #3 is the button
Seat 1: Hero ($27.69 in chips)
Seat 2: 2170d0b6 ($10 in chips)
Seat 3: 6f2cf4fd ($10 in chips)
Seat 4: 3d138e06 ($10.05 in chips)
Seat 5: 693a0af ($2 in chips)
Seat 6: fc067425 ($23.05 in chips)
3d138e06: posts small blind $0.05
693a0af: posts big blind $0.1
*** HOLE CARDS ***
Dealt to Hero [Ah Ks]
Dealt to 2170d0b6 
Dealt to 6f2cf4fd 
Dealt to 3d138e06 
Dealt to 693a0af 
Dealt to fc067425 
fc067425: raises $0.1 to $0.2
Hero: raises $0.5 to $0.7
2170d0b6: folds
6f2cf4fd: folds
3d138e06: folds
693a0af: folds
fc067425: calls $0.5
*** FLOP *** [Td 7s Jd]
fc067425: checks
Hero: bets $0.7
fc067425: calls $0.7
*** TURN *** [Td 7s Jd] [Jc]
fc067425: checks
Hero: checks
*** RIVER *** [Td 7s Jd Jc] [6d]
fc067425: checks
Hero: checks
fc067425: shows [Ac Kh] (Pair of Jacks)
Hero: shows [Ah Ks] (Pair of Jacks)
*** SHOWDOWN ***
fc067425 collected $1.41 from pot
Hero collected $1.4 from pot
*** SUMMARY ***
Total pot $2.95 | Rake $0.14 | Jackpot $0 | Bingo $0 | Fortune $0 | Tax $0
Board [Td 7s Jd Jc 6d]
Seat 1: Hero showed [Ah Ks] and won ($1.4) with Pair of Jacks
Seat 2: 2170d0b6 folded before Flop (didn't bet)
Seat 3: 6f2cf4fd (button) folded before Flop (didn't bet)
Seat 4: 3d138e06 (small blind) folded before Flop
Seat 5: 693a0af (big blind) folded before Flop
Seat 6: fc067425 showed [Ac Kh] and won ($1.41) with Pair of Jacks


Poker Hand #HD1858018047: Hold'em No Limit ($0.05/$0.1) - 2024/07/15 15:52:31
Table 'NLHRed47' 6-max Seat #2 is the button
Seat 1: Hero ($27.69 in chips)
Seat 2: 2170d0b6 ($10 in chips)
Seat 3: 6f2cf4fd ($10 in chips)
Seat 4: 3d138e06 ($10 in chips)
Seat 6: fc067425 ($23.05 in chips)
6f2cf4fd: posts small blind $0.05
3d138e06: posts big blind $0.1
*** HOLE CARDS ***
Dealt to Hero [Ad 8h]
Dealt to 2170d0b6 
Dealt to 6f2cf4fd 
Dealt to 3d138e06 
Dealt to fc067425 
fc067425: folds
Hero: folds
2170d0b6: folds
6f2cf4fd: folds
Uncalled bet ($0.05) returned to 3d138e06
*** SHOWDOWN ***
3d138e06 collected $0.1 from pot
*** SUMMARY ***
Total pot $0.1 | Rake $0 | Jackpot $0 | Bingo $0 | Fortune $0 | Tax $0
Seat 1: Hero folded before Flop (didn't bet)
Seat 2: 2170d0b6 (button) folded before Flop (didn't bet)
Seat 3: 6f2cf4fd (small blind) folded before Flop
Seat 4: 3d138e06 (big blind) collected ($0.1)
Seat 6: fc067425 folded before Flop (didn't bet)


Poker Hand #HD1858017945: Hold'em No Limit ($0.05/$0.1) - 2024/07/15 15:51:40
Table 'NLHRed47' 6-max Seat #1 is the button
Seat 1: Hero ($27.69 in chips)
Seat 2: 2170d0b6 ($10.05 in chips)
Seat 3: 6f2cf4fd ($10.67 in chips)
Seat 6: fc067425 ($21.98 in chips)
2170d0b6: posts small blind $0.05
6f2cf4fd: posts big blind $0.1
*** HOLE CARDS ***
Dealt to Hero [2h As]
Dealt to 2170d0b6 
Dealt to 6f2cf4fd 
Dealt to fc067425 
fc067425: raises $0.1 to $0.2
Hero: folds
2170d0b6: folds
6f2cf4fd: calls $0.1
*** FLOP *** [9h 2s Jd]
6f2cf4fd: checks
fc067425: bets $0.23
6f2cf4fd: calls $0.23
*** TURN *** [9h 2s Jd] [7s]
6f2cf4fd: checks
fc067425: checks
*** RIVER *** [9h 2s Jd 7s] [6d]
6f2cf4fd: bets $0.7
fc067425: calls $0.7
6f2cf4fd: shows [8d Ah] (Ace-High)
fc067425: shows [Ac 9c] (Pair of Nines)
*** SHOWDOWN ***
fc067425 collected $2.2 from pot
*** SUMMARY ***
Total pot $2.31 | Rake $0.11 | Jackpot $0 | Bingo $0 | Fortune $0 | Tax $0
Board [9h 2s Jd 7s 6d]
Seat 1: Hero (button) folded before Flop (didn't bet)
Seat 2: 2170d0b6 (small blind) folded before Flop
Seat 3: 6f2cf4fd (big blind) showed [8d Ah] and lost with Ace-High
Seat 6: fc067425 showed [Ac 9c] and won ($2.2) with Pair of Nines


Poker Hand #HD1858017923: Hold'em No Limit ($0.05/$0.1) - 2024/07/15 15:51:28
Table 'NLHRed47' 6-max Seat #6 is the button
Seat 1: Hero ($27.74 in chips)
Seat 2: 2170d0b6 ($10 in chips)
Seat 3: 6f2cf4fd ($10.67 in chips)
Seat 6: fc067425 ($21.98 in chips)
Hero: posts small blind $0.05
2170d0b6: posts big blind $0.1
*** HOLE CARDS ***
Dealt to Hero [5h 2h]
Dealt to 2170d0b6 
Dealt to 6f2cf4fd 
Dealt to fc067425 
6f2cf4fd: folds
fc067425: folds
Hero: folds
Uncalled bet ($0.05) returned to 2170d0b6
*** SHOWDOWN ***
2170d0b6 collected $0.1 from pot
*** SUMMARY ***
Total pot $0.1 | Rake $0 | Jackpot $0 | Bingo $0 | Fortune $0 | Tax $0
Seat 1: Hero (small blind) folded before Flop
Seat 2: 2170d0b6 (big blind) collected ($0.1)
Seat 3: 6f2cf4fd folded before Flop (didn't bet)
Seat 6: fc067425 (button) folded before Flop (didn't bet)


Poker Hand #HD1858017903: Hold'em No Limit ($0.05/$0.1) - 2024/07/15 15:51:12
Table 'NLHRed47' 6-max Seat #5 is the button
Seat 1: Hero ($27.84 in chips)
Seat 2: 2170d0b6 ($10 in chips)
Seat 3: 6f2cf4fd ($10.52 in chips)
Seat 5: 5646d142 ($17.34 in chips)
Seat 6: fc067425 ($22.03 in chips)
fc067425: posts small blind $0.05
Hero: posts big blind $0.1
*** HOLE CARDS ***
Dealt to Hero [4s 6c]
Dealt to 2170d0b6 
Dealt to 6f2cf4fd 
Dealt to 5646d142 
Dealt to fc067425 
2170d0b6: folds
6f2cf4fd: raises $0.15 to $0.25
5646d142: folds
fc067425: folds
Hero: folds
Uncalled bet ($0.15) returned to 6f2cf4fd
*** SHOWDOWN ***
6f2cf4fd collected $0.25 from pot
*** SUMMARY ***
Total pot $0.25 | Rake $0 | Jackpot $0 | Bingo $0 | Fortune $0 | Tax $0
Seat 1: Hero (big blind) folded before Flop
Seat 2: 2170d0b6 folded before Flop (didn't bet)
Seat 3: 6f2cf4fd collected ($0.25)
Seat 5: 5646d142 (button) folded before Flop (didn't bet)
Seat 6: fc067425 (small blind) folded before Flop


Poker Hand #HD1858017887: Hold'em No Limit ($0.05/$0.1) - 2024/07/15 15:51:02
Table 'NLHRed47' 6-max Seat #3 is the button
Seat 1: Hero ($27.84 in chips)
Seat 2: 2170d0b6 ($10 in chips)
Seat 3: 6f2cf4fd ($10.52 in chips)
Seat 5: 5646d142 ($17.39 in chips)
Seat 6: fc067425 ($21.98 in chips)
5646d142: posts small blind $0.05
fc067425: posts big blind $0.1
*** HOLE CARDS ***
Dealt to Hero [Js 6s]
Dealt to 2170d0b6 
Dealt to 6f2cf4fd 
Dealt to 5646d142 
Dealt to fc067425 
Hero: folds
2170d0b6: folds
6f2cf4fd: folds
5646d142: folds
Uncalled bet ($0.05) returned to fc067425
*** SHOWDOWN ***
fc067425 collected $0.1 from pot
*** SUMMARY ***
Total pot $0.1 | Rake $0 | Jackpot $0 | Bingo $0 | Fortune $0 | Tax $0
Seat 1: Hero folded before Flop (didn't bet)
Seat 2: 2170d0b6 folded before Flop (didn't bet)
Seat 3: 6f2cf4fd (button) folded before Flop (didn't bet)
Seat 5: 5646d142 (small blind) folded before Flop
Seat 6: fc067425 (big blind) collected ($0.1)


Poker Hand #HD1858017778: Hold'em No Limit ($0.05/$0.1) - 2024/07/15 15:50:02
Table 'NLHRed47' 6-max Seat #2 is the button
Seat 1: Hero ($27.84 in chips)
Seat 2: 2170d0b6 ($14.45 in chips)
Seat 3: 6f2cf4fd ($10.57 in chips)
Seat 4: d4bebaaf ($10.56 in chips)
Seat 5: 5646d142 ($9.9 in chips)
Seat 6: fc067425 ($21.98 in chips)
6f2cf4fd: posts small blind $0.05
d4bebaaf: posts big blind $0.1
*** HOLE CARDS ***
Dealt to Hero [4d 2d]
Dealt to 2170d0b6 
Dealt to 6f2cf4fd 
Dealt to d4bebaaf 
Dealt to 5646d142 
Dealt to fc067425 
5646d142: raises $0.1 to $0.2
fc067425: folds
Hero: folds
2170d0b6: raises $0.45 to $0.65
6f2cf4fd: folds
d4bebaaf: folds
5646d142: calls $0.45
*** FLOP *** [Kc Js 8s]
5646d142: checks
2170d0b6: bets $1.09
5646d142: raises $3.63 to $4.72
2170d0b6: raises $8.17 to $12.89
5646d142: calls $4.53 and is all-in
Uncalled bet ($3.64) returned to 2170d0b6
2170d0b6: shows [Ks Ad] (Pair of Kings)
5646d142: shows [Kd Jd] (Pair of Kings and Pair of Jacks)
*** TURN *** [Kc Js 8s] [5c]
5646d142: Chooses to EV Cashout 
*** RIVER *** [Kc Js 8s 5c] [7s]
5646d142: Pays Cashout Risk ($1.47)
*** SHOWDOWN ***
5646d142 collected $18.86 from pot
*** SUMMARY ***
Total pot $19.95 | Rake $0.99 | Jackpot $0.1 | Bingo $0 | Fortune $0 | Tax $0
Board [Kc Js 8s 5c 7s]
Seat 1: Hero folded before Flop (didn't bet)
Seat 2: 2170d0b6 (button) showed [Ks Ad] and lost with Pair of Kings
Seat 3: 6f2cf4fd (small blind) folded before Flop
Seat 4: d4bebaaf (big blind) folded before Flop
Seat 5: 5646d142 showed [Kd Jd] and won ($18.86) with Pair of Kings and Pair of Jacks, Cashout Risk ($1.47)
Seat 6: fc067425 folded before Flop (didn't bet)


Poker Hand #HD1858017727: Hold'em No Limit ($0.05/$0.1) - 2024/07/15 15:49:35
Table 'NLHRed47' 6-max Seat #1 is the button
Seat 1: Hero ($27.84 in chips)
Seat 2: 2170d0b6 ($14.5 in chips)
Seat 3: 6f2cf4fd ($10.67 in chips)
Seat 4: d4bebaaf ($10.41 in chips)
Seat 5: 5646d142 ($9.9 in chips)
Seat 6: fc067425 ($21.98 in chips)
2170d0b6: posts small blind $0.05
6f2cf4fd: posts big blind $0.1
*** HOLE CARDS ***
Dealt to Hero [7d As]
Dealt to 2170d0b6 
Dealt to 6f2cf4fd 
Dealt to d4bebaaf 
Dealt to 5646d142 
Dealt to fc067425 
d4bebaaf: raises $0.2 to $0.3
5646d142: folds
fc067425: folds
Hero: folds
2170d0b6: folds
6f2cf4fd: folds
Uncalled bet ($0.2) returned to d4bebaaf
*** SHOWDOWN ***
d4bebaaf collected $0.25 from pot
*** SUMMARY ***
Total pot $0.25 | Rake $0 | Jackpot $0 | Bingo $0 | Fortune $0 | Tax $0
Seat 1: Hero (button) folded before Flop (didn't bet)
Seat 2: 2170d0b6 (small blind) folded before Flop
Seat 3: 6f2cf4fd (big blind) folded before Flop
Seat 4: d4bebaaf collected ($0.25)
Seat 5: 5646d142 folded before Flop (didn't bet)
Seat 6: fc067425 folded before Flop (didn't bet)


Poker Hand #HD1858017690: Hold'em No Limit ($0.05/$0.1) - 2024/07/15 15:49:15
Table 'NLHRed47' 6-max Seat #6 is the button
Seat 1: Hero ($27.89 in chips)
Seat 2: 2170d0b6 ($14.6 in chips)
Seat 3: 6f2cf4fd ($10.43 in chips)
Seat 4: d4bebaaf ($10.41 in chips)
Seat 5: 5646d142 ($10 in chips)
Seat 6: fc067425 ($21.98 in chips)
Hero: posts small blind $0.05
2170d0b6: posts big blind $0.1
5646d142: posts big blind $0.1
*** HOLE CARDS ***
Dealt to Hero [3h Kh]
Dealt to 2170d0b6 
Dealt to 6f2cf4fd 
Dealt to d4bebaaf 
Dealt to 5646d142 
Dealt to fc067425 
6f2cf4fd: raises $0.15 to $0.25
d4bebaaf: folds
5646d142: folds
fc067425: folds
Hero: folds
2170d0b6: folds
Uncalled bet ($0.15) returned to 6f2cf4fd
*** SHOWDOWN ***
6f2cf4fd collected $0.34 from pot
*** SUMMARY ***
Total pot $0.35 | Rake $0.01 | Jackpot $0 | Bingo $0 | Fortune $0 | Tax $0
Seat 1: Hero (small blind) folded before Flop
Seat 2: 2170d0b6 (big blind) folded before Flop
Seat 3: 6f2cf4fd collected ($0.34)
Seat 4: d4bebaaf folded before Flop (didn't bet)
Seat 5: 5646d142 folded before Flop
Seat 6: fc067425 (button) folded before Flop (didn't bet)


Poker Hand #HD1858017623: Hold'em No Limit ($0.05/$0.1) - 2024/07/15 15:48:32
Table 'NLHRed47' 6-max Seat #4 is the button
Seat 1: Hero ($27.99 in chips)
Seat 2: 2170d0b6 ($14.85 in chips)
Seat 3: 6f2cf4fd ($10.43 in chips)
Seat 4: d4bebaaf ($9.85 in chips)
Seat 6: fc067425 ($22.23 in chips)
fc067425: posts small blind $0.05
Hero: posts big blind $0.1
*** HOLE CARDS ***
Dealt to Hero [Jc 2c]
Dealt to 2170d0b6 
Dealt to 6f2cf4fd 
Dealt to d4bebaaf 
Dealt to fc067425 
2170d0b6: raises $0.15 to $0.25
6f2cf4fd: folds
d4bebaaf: calls $0.25
fc067425: calls $0.2
Hero: folds
*** FLOP *** [4s 9d Kd]
fc067425: checks
2170d0b6: checks
d4bebaaf: bets $0.68
fc067425: folds
2170d0b6: folds
Uncalled bet ($0.68) returned to d4bebaaf
*** SHOWDOWN ***
d4bebaaf collected $0.81 from pot
*** SUMMARY ***
Total pot $0.85 | Rake $0.04 | Jackpot $0 | Bingo $0 | Fortune $0 | Tax $0
Board [4s 9d Kd]
Seat 1: Hero (big blind) folded before Flop
Seat 2: 2170d0b6 folded on the Flop
Seat 3: 6f2cf4fd folded before Flop (didn't bet)
Seat 4: d4bebaaf (button) won ($0.81)
Seat 6: fc067425 (small blind) folded on the Flop


Poker Hand #HD1858017554: Hold'em No Limit ($0.05/$0.1) - 2024/07/15 15:47:51
Table 'NLHRed47' 6-max Seat #3 is the button
Seat 1: Hero ($27.99 in chips)
Seat 2: 2170d0b6 ($14.85 in chips)
Seat 3: 6f2cf4fd ($10.15 in chips)
Seat 4: d4bebaaf ($9.9 in chips)
Seat 6: fc067425 ($22.48 in chips)
d4bebaaf: posts small blind $0.05
fc067425: posts big blind $0.1
*** HOLE CARDS ***
Dealt to Hero [Qc 7c]
Dealt to 2170d0b6 
Dealt to 6f2cf4fd 
Dealt to d4bebaaf 
Dealt to fc067425 
Hero: folds
2170d0b6: folds
6f2cf4fd: raises $0.15 to $0.25
d4bebaaf: folds
fc067425: calls $0.15
*** FLOP *** [Js 7h 7s]
fc067425: checks
6f2cf4fd: checks
*** TURN *** [Js 7h 7s] [Kd]
fc067425: checks
6f2cf4fd: checks
*** RIVER *** [Js 7h 7s Kd] [Jc]
fc067425: checks
6f2cf4fd: bets $0.2
fc067425: folds
Uncalled bet ($0.2) returned to 6f2cf4fd
*** SHOWDOWN ***
6f2cf4fd collected $0.53 from pot
*** SUMMARY ***
Total pot $0.55 | Rake $0.02 | Jackpot $0 | Bingo $0 | Fortune $0 | Tax $0
Board [Js 7h 7s Kd Jc]
Seat 1: Hero folded before Flop (didn't bet)
Seat 2: 2170d0b6 folded before Flop (didn't bet)
Seat 3: 6f2cf4fd (button) won ($0.53)
Seat 4: d4bebaaf (small blind) folded before Flop
Seat 6: fc067425 (big blind) folded on the River


Poker Hand #HD1858017482: Hold'em No Limit ($0.05/$0.1) - 2024/07/15 15:47:08
Table 'NLHRed47' 6-max Seat #2 is the button
Seat 1: Hero ($27.66 in chips)
Seat 2: 2170d0b6 ($14.85 in chips)
Seat 3: 6f2cf4fd ($10.2 in chips)
Seat 4: d4bebaaf ($10 in chips)
Seat 5: 6b3d8ea ($10 in chips)
Seat 6: fc067425 ($22.68 in chips)
6f2cf4fd: posts small blind $0.05
d4bebaaf: posts big blind $0.1
*** HOLE CARDS ***
Dealt to Hero [9s 9d]
Dealt to 2170d0b6 
Dealt to 6f2cf4fd 
Dealt to d4bebaaf 
Dealt to 6b3d8ea 
Dealt to fc067425 
6b3d8ea: folds
fc067425: raises $0.1 to $0.2
Hero: raises $0.5 to $0.7
2170d0b6: folds
6f2cf4fd: folds
d4bebaaf: folds
fc067425: folds
Uncalled bet ($0.5) returned to Hero
*** SHOWDOWN ***
Hero collected $0.53 from pot
*** SUMMARY ***
Total pot $0.55 | Rake $0.02 | Jackpot $0 | Bingo $0 | Fortune $0 | Tax $0
Seat 1: Hero collected ($0.53)
Seat 2: 2170d0b6 (button) folded before Flop (didn't bet)
Seat 3: 6f2cf4fd (small blind) folded before Flop
Seat 4: d4bebaaf (big blind) folded before Flop
Seat 5: 6b3d8ea folded before Flop (didn't bet)
Seat 6: fc067425 folded before Flop


Poker Hand #HD1858017467: Hold'em No Limit ($0.05/$0.1) - 2024/07/15 15:46:56
Table 'NLHRed47' 6-max Seat #1 is the button
Seat 1: Hero ($27.66 in chips)
Seat 2: 2170d0b6 ($14.9 in chips)
Seat 3: 6f2cf4fd ($10.15 in chips)
Seat 4: d4bebaaf ($10 in chips)
Seat 5: 6b3d8ea ($10 in chips)
Seat 6: fc067425 ($22.68 in chips)
2170d0b6: posts small blind $0.05
6f2cf4fd: posts big blind $0.1
*** HOLE CARDS ***
Dealt to Hero [4h 8h]
Dealt to 2170d0b6 
Dealt to 6f2cf4fd 
Dealt to d4bebaaf 
Dealt to 6b3d8ea 
Dealt to fc067425 
d4bebaaf: folds
6b3d8ea: folds
fc067425: folds
Hero: folds
2170d0b6: folds
Uncalled bet ($0.05) returned to 6f2cf4fd
*** SHOWDOWN ***
6f2cf4fd collected $0.1 from pot
*** SUMMARY ***
Total pot $0.1 | Rake $0 | Jackpot $0 | Bingo $0 | Fortune $0 | Tax $0
Seat 1: Hero (button) folded before Flop (didn't bet)
Seat 2: 2170d0b6 (small blind) folded before Flop
Seat 3: 6f2cf4fd (big blind) collected ($0.1)
Seat 4: d4bebaaf folded before Flop (didn't bet)
Seat 5: 6b3d8ea folded before Flop (didn't bet)
Seat 6: fc067425 folded before Flop (didn't bet)


Poker Hand #HD1858017436: Hold'em No Limit ($0.05/$0.1) - 2024/07/15 15:46:36
Table 'NLHRed47' 6-max Seat #6 is the button
Seat 1: Hero ($27.71 in chips)
Seat 2: 2170d0b6 ($14.85 in chips)
Seat 3: 6f2cf4fd ($10.15 in chips)
Seat 4: d4bebaaf ($10 in chips)
Seat 5: 6b3d8ea ($5.78 in chips)
Seat 6: fc067425 ($22.68 in chips)
Hero: posts small blind $0.05
2170d0b6: posts big blind $0.1
*** HOLE CARDS ***
Dealt to Hero [Ks 4h]
Dealt to 2170d0b6 
Dealt to 6f2cf4fd 
Dealt to d4bebaaf 
Dealt to 6b3d8ea 
Dealt to fc067425 
6f2cf4fd: folds
d4bebaaf: folds
6b3d8ea: folds
fc067425: folds
Hero: folds
Uncalled bet ($0.05) returned to 2170d0b6
*** SHOWDOWN ***
2170d0b6 collected $0.1 from pot
*** SUMMARY ***
Total pot $0.1 | Rake $0 | Jackpot $0 | Bingo $0 | Fortune $0 | Tax $0
Seat 1: Hero (small blind) folded before Flop
Seat 2: 2170d0b6 (big blind) collected ($0.1)
Seat 3: 6f2cf4fd folded before Flop (didn't bet)
Seat 4: d4bebaaf folded before Flop (didn't bet)
Seat 5: 6b3d8ea folded before Flop (didn't bet)
Seat 6: fc067425 (button) folded before Flop (didn't bet)


Poker Hand #HD1858017394: Hold'em No Limit ($0.05/$0.1) - 2024/07/15 15:46:13
Table 'NLHRed47' 6-max Seat #5 is the button
Seat 1: Hero ($27.81 in chips)
Seat 2: 2170d0b6 ($14.85 in chips)
Seat 3: 6f2cf4fd ($10 in chips)
Seat 4: d4bebaaf ($10 in chips)
Seat 5: 6b3d8ea ($5.78 in chips)
Seat 6: fc067425 ($22.73 in chips)
fc067425: posts small blind $0.05
Hero: posts big blind $0.1
*** HOLE CARDS ***
Dealt to Hero [9h 2c]
Dealt to 2170d0b6 
Dealt to 6f2cf4fd 
Dealt to d4bebaaf 
Dealt to 6b3d8ea 
Dealt to fc067425 
2170d0b6: folds
6f2cf4fd: raises $0.15 to $0.25
d4bebaaf: folds
6b3d8ea: folds
fc067425: folds
Hero: folds
Uncalled bet ($0.15) returned to 6f2cf4fd
*** SHOWDOWN ***
6f2cf4fd collected $0.25 from pot
*** SUMMARY ***
Total pot $0.25 | Rake $0 | Jackpot $0 | Bingo $0 | Fortune $0 | Tax $0
Seat 1: Hero (big blind) folded before Flop
Seat 2: 2170d0b6 folded before Flop (didn't bet)
Seat 3: 6f2cf4fd collected ($0.25)
Seat 4: d4bebaaf folded before Flop (didn't bet)
Seat 5: 6b3d8ea (button) folded before Flop (didn't bet)
Seat 6: fc067425 (small blind) folded before Flop


Poker Hand #HD1858017193: Hold'em No Limit ($0.05/$0.1) - 2024/07/15 15:44:05
Table 'NLHRed47' 6-max Seat #4 is the button
Seat 1: Hero ($10 in chips)
Seat 2: 2170d0b6 ($14.85 in chips)
Seat 3: 6f2cf4fd ($10 in chips)
Seat 4: d4bebaaf ($8.8 in chips)
Seat 5: 6b3d8ea ($10.05 in chips)
Seat 6: fc067425 ($22.83 in chips)
6b3d8ea: posts small blind $0.05
fc067425: posts big blind $0.1
*** HOLE CARDS ***
Dealt to Hero [8c 8s]
Dealt to 2170d0b6 
Dealt to 6f2cf4fd 
Dealt to d4bebaaf 
Dealt to 6b3d8ea 
Dealt to fc067425 
Hero: raises $0.1 to $0.2
2170d0b6: folds
6f2cf4fd: folds
d4bebaaf: calls $0.2
6b3d8ea: calls $0.15
fc067425: folds
*** FLOP *** [8d Jc 3h]
6b3d8ea: bets $0.39
Hero: raises $0.61 to $1
d4bebaaf: calls $1
6b3d8ea: calls $0.61
*** TURN *** [8d Jc 3h] [Jd]
6b3d8ea: checks
Hero: bets $1.23
d4bebaaf: calls $1.23
6b3d8ea: raises $1.23 to $2.46
Hero: raises $6.34 to $8.8 and is all-in
d4bebaaf: calls $6.37 and is all-in
6b3d8ea: calls $6.34
Hero: shows [8c 8s] (Eights Full over Jacks)
d4bebaaf: shows [6d 7d] (Pair of Jacks)
6b3d8ea: shows [Ad Jh] (Three Jacks)
*** RIVER *** [8d Jc 3h Jd] [9s]
*** SHOWDOWN ***
Hero collected $25.49 from pot
Hero collected $2.32 from pot
*** SUMMARY ***
Total pot $28.9 | Rake $0.99 | Jackpot $0.1 | Bingo $0 | Fortune $0 | Tax $0
Board [8d Jc 3h Jd 9s]
Seat 1: Hero showed [8c 8s] and won ($27.81) with Eights Full over Jacks
Seat 2: 2170d0b6 folded before Flop (didn't bet)
Seat 3: 6f2cf4fd folded before Flop (didn't bet)
Seat 4: d4bebaaf (button) showed [6d 7d] and lost with Pair of Jacks
Seat 5: 6b3d8ea (small blind) showed [Ad Jh] and lost with Three Jacks
Seat 6: fc067425 (big blind) folded before Flop


Poker Hand #HD1858017165: Hold'em No Limit ($0.05/$0.1) - 2024/07/15 15:43:51
Table 'NLHRed47' 6-max Seat #3 is the button
Seat 1: Hero ($10 in chips)
Seat 2: 2170d0b6 ($14.85 in chips)
Seat 3: 6f2cf4fd ($10 in chips)
Seat 4: d4bebaaf ($8.85 in chips)
Seat 5: 6b3d8ea ($10 in chips)
Seat 6: fc067425 ($22.83 in chips)
d4bebaaf: posts small blind $0.05
6b3d8ea: posts big blind $0.1
*** HOLE CARDS ***
Dealt to Hero [4h Ks]
Dealt to 2170d0b6 
Dealt to 6f2cf4fd 
Dealt to d4bebaaf 
Dealt to 6b3d8ea 
Dealt to fc067425 
fc067425: folds
Hero: folds
2170d0b6: folds
6f2cf4fd: folds
d4bebaaf: folds
Uncalled bet ($0.05) returned to 6b3d8ea
*** SHOWDOWN ***
6b3d8ea collected $0.1 from pot
*** SUMMARY ***
Total pot $0.1 | Rake $0 | Jackpot $0 | Bingo $0 | Fortune $0 | Tax $0
Seat 1: Hero folded before Flop (didn't bet)
Seat 2: 2170d0b6 folded before Flop (didn't bet)
Seat 3: 6f2cf4fd (button) folded before Flop (didn't bet)
Seat 4: d4bebaaf (small blind) folded before Flop
Seat 5: 6b3d8ea (big blind) collected ($0.1)
Seat 6: fc067425 folded before Flop (didn't bet)


Poker Hand #HD1858017112: Hold'em No Limit ($0.05/$0.1) - 2024/07/15 15:43:17
Table 'NLHRed47' 6-max Seat #2 is the button
Seat 1: Hero ($10 in chips)
Seat 2: 2170d0b6 ($14.85 in chips)
Seat 3: 6f2cf4fd ($10.27 in chips)
Seat 4: d4bebaaf ($8.58 in chips)
Seat 6: fc067425 ($22.83 in chips)
6f2cf4fd: posts small blind $0.05
d4bebaaf: posts big blind $0.1
*** HOLE CARDS ***
Dealt to Hero [Td 5d]
Dealt to 2170d0b6 
Dealt to 6f2cf4fd 
Dealt to d4bebaaf 
Dealt to fc067425 
fc067425: folds
Hero: folds
2170d0b6: folds
6f2cf4fd: raises $0.2 to $0.3
d4bebaaf: calls $0.2
*** FLOP *** [6h 2s Kh]
6f2cf4fd: checks
d4bebaaf: bets $0.22
6f2cf4fd: folds
Uncalled bet ($0.22) returned to d4bebaaf
*** SHOWDOWN ***
d4bebaaf collected $0.57 from pot
*** SUMMARY ***
Total pot $0.6 | Rake $0.03 | Jackpot $0 | Bingo $0 | Fortune $0 | Tax $0
Board [6h 2s Kh]
Seat 1: Hero folded before Flop (didn't bet)
Seat 2: 2170d0b6 (button) folded before Flop (didn't bet)
Seat 3: 6f2cf4fd (small blind) folded on the Flop
Seat 4: d4bebaaf (big blind) won ($0.57)
Seat 6: fc067425 folded before Flop (didn't bet)


Poker Hand #HD1858016973: Hold'em No Limit ($0.05/$0.1) - 2024/07/15 15:41:58
Table 'NLHRed47' 6-max Seat #1 is the button
Seat 1: Hero ($10 in chips)
Seat 2: 2170d0b6 ($14.9 in chips)
Seat 3: 6f2cf4fd ($10 in chips)
Seat 4: d4bebaaf ($8.58 in chips)
Seat 6: fc067425 ($22.83 in chips)
2170d0b6: posts small blind $0.05
6f2cf4fd: posts big blind $0.1
*** HOLE CARDS ***
Dealt to Hero [9s Th]
Dealt to 2170d0b6 
Dealt to 6f2cf4fd 
Dealt to d4bebaaf 
Dealt to fc067425 
d4bebaaf: folds
fc067425: folds
Hero: raises $0.14 to $0.24
2170d0b6: folds
6f2cf4fd: calls $0.14
*** FLOP *** [2d 3s 7h]
6f2cf4fd: checks
Hero: checks
*** TURN *** [2d 3s 7h] [Qh]
6f2cf4fd: checks
Hero: checks
*** RIVER *** [2d 3s 7h Qh] [Jd]
6f2cf4fd: checks
Hero: checks
6f2cf4fd: shows [6c Ah] (Ace-High)
Hero: shows [9s Th] (Queen-High)
*** SHOWDOWN ***
6f2cf4fd collected $0.51 from pot
*** SUMMARY ***
Total pot $0.53 | Rake $0.02 | Jackpot $0 | Bingo $0 | Fortune $0 | Tax $0
Board [2d 3s 7h Qh Jd]
Seat 1: Hero (button) showed [9s Th] and lost with Queen-High
Seat 2: 2170d0b6 (small blind) folded before Flop
Seat 3: 6f2cf4fd (big blind) showed [6c Ah] and won ($0.51) with Ace-High
Seat 4: d4bebaaf folded before Flop (didn't bet)
Seat 6: fc067425 folded before Flop (didn't bet)


Poker Hand #HD1858016954: Hold'em No Limit ($0.05/$0.1) - 2024/07/15 15:41:49
Table 'NLHRed47' 6-max Seat #6 is the button
Seat 1: Hero ($10 in chips)
Seat 2: 2170d0b6 ($14.85 in chips)
Seat 3: 6f2cf4fd ($10 in chips)
Seat 4: d4bebaaf ($8.58 in chips)
Seat 6: fc067425 ($22.83 in chips)
Hero: posts small blind $0.05
2170d0b6: posts big blind $0.1
*** HOLE CARDS ***
Dealt to Hero [4d 3h]
Dealt to 2170d0b6 
Dealt to 6f2cf4fd 
Dealt to d4bebaaf 
Dealt to fc067425 
6f2cf4fd: folds
d4bebaaf: folds
fc067425: folds
Hero: folds
Uncalled bet ($0.05) returned to 2170d0b6
*** SHOWDOWN ***
2170d0b6 collected $0.1 from pot
*** SUMMARY ***
Total pot $0.1 | Rake $0 | Jackpot $0 | Bingo $0 | Fortune $0 | Tax $0
Seat 1: Hero (small blind) folded before Flop
Seat 2: 2170d0b6 (big blind) collected ($0.1)
Seat 3: 6f2cf4fd folded before Flop (didn't bet)
Seat 4: d4bebaaf folded before Flop (didn't bet)
Seat 6: fc067425 (button) folded before Flop (didn't bet)


Poker Hand #HD1858016932: Hold'em No Limit ($0.05/$0.1) - 2024/07/15 15:41:36
Table 'NLHRed47' 6-max Seat #4 is the button
Seat 1: Hero ($10 in chips)
Seat 2: 2170d0b6 ($14.85 in chips)
Seat 3: 6f2cf4fd ($10 in chips)
Seat 4: d4bebaaf ($8.58 in chips)
Seat 6: fc067425 ($22.73 in chips)
fc067425: posts small blind $0.05
Hero: posts big blind $0.1
*** HOLE CARDS ***
Dealt to Hero [3d 9d]
Dealt to 2170d0b6 
Dealt to 6f2cf4fd 
Dealt to d4bebaaf 
Dealt to fc067425 
2170d0b6: folds
6f2cf4fd: folds
d4bebaaf: folds
fc067425: raises $0.1 to $0.2
Hero: folds
Uncalled bet ($0.1) returned to fc067425
*** SHOWDOWN ***
fc067425 collected $0.2 from pot
*** SUMMARY ***
Total pot $0.2 | Rake $0 | Jackpot $0 | Bingo $0 | Fortune $0 | Tax $0
Seat 1: Hero (big blind) folded before Flop
Seat 2: 2170d0b6 folded before Flop (didn't bet)
Seat 3: 6f2cf4fd folded before Flop (didn't bet)
Seat 4: d4bebaaf (button) folded before Flop (didn't bet)
Seat 6: fc067425 (small blind) collected ($0.2)


Poker Hand #HD1858016915: Hold'em No Limit ($0.05/$0.1) - 2024/07/15 15:41:27
Table 'NLHRed47' 6-max Seat #3 is the button
Seat 1: Hero ($10 in chips)
Seat 2: 2170d0b6 ($14.85 in chips)
Seat 3: 6f2cf4fd ($10 in chips)
Seat 4: d4bebaaf ($8.63 in chips)
Seat 6: fc067425 ($22.68 in chips)
d4bebaaf: posts small blind $0.05
fc067425: posts big blind $0.1
*** HOLE CARDS ***
Dealt to Hero [Ah 3d]
Dealt to 2170d0b6 
Dealt to 6f2cf4fd 
Dealt to d4bebaaf 
Dealt to fc067425 
Hero: folds
2170d0b6: folds
6f2cf4fd: folds
d4bebaaf: folds
Uncalled bet ($0.05) returned to fc067425
*** SHOWDOWN ***
fc067425 collected $0.1 from pot
*** SUMMARY ***
Total pot $0.1 | Rake $0 | Jackpot $0 | Bingo $0 | Fortune $0 | Tax $0
Seat 1: Hero folded before Flop (didn't bet)
Seat 2: 2170d0b6 folded before Flop (didn't bet)
Seat 3: 6f2cf4fd (button) folded before Flop (didn't bet)
Seat 4: d4bebaaf (small blind) folded before Flop
Seat 6: fc067425 (big blind) collected ($0.1)


Poker Hand #HD1858016860: Hold'em No Limit ($0.05/$0.1) - 2024/07/15 15:40:55
Table 'NLHRed47' 6-max Seat #2 is the button
Seat 1: Hero ($10 in chips)
Seat 2: 2170d0b6 ($14.48 in chips)
Seat 3: 6f2cf4fd ($10 in chips)
Seat 4: d4bebaaf ($8.73 in chips)
Seat 5: 34f09f8a ($10.05 in chips)
Seat 6: fc067425 ($22.68 in chips)
6f2cf4fd: posts small blind $0.05
d4bebaaf: posts big blind $0.1
*** HOLE CARDS ***
Dealt to Hero [Jc 7d]
Dealt to 2170d0b6 
Dealt to 6f2cf4fd 
Dealt to d4bebaaf 
Dealt to 34f09f8a 
Dealt to fc067425 
34f09f8a: raises $0.15 to $0.25
fc067425: folds
Hero: folds
2170d0b6: raises $0.5 to $0.75
6f2cf4fd: folds
d4bebaaf: folds
34f09f8a: folds
Uncalled bet ($0.5) returned to 2170d0b6
*** SHOWDOWN ***
2170d0b6 collected $0.62 from pot
*** SUMMARY ***
Total pot $0.65 | Rake $0.03 | Jackpot $0 | Bingo $0 | Fortune $0 | Tax $0
Seat 1: Hero folded before Flop (didn't bet)
Seat 2: 2170d0b6 (button) collected ($0.62)
Seat 3: 6f2cf4fd (small blind) folded before Flop
Seat 4: d4bebaaf (big blind) folded before Flop
Seat 5: 34f09f8a folded before Flop
Seat 6: fc067425 folded before Flop (didn't bet)


Poker Hand #HD1858016643: Hold'em No Limit ($0.05/$0.1) - 2024/07/15 15:39:00
Table 'NLHRed47' 6-max Seat #1 is the button
Seat 1: Hero ($10 in chips)
Seat 2: 2170d0b6 ($14.53 in chips)
Seat 3: 6f2cf4fd ($10.1 in chips)
Seat 4: d4bebaaf ($8.73 in chips)
Seat 5: 34f09f8a ($10.05 in chips)
Seat 6: fc067425 ($13.63 in chips)
2170d0b6: posts small blind $0.05
6f2cf4fd: posts big blind $0.1
*** HOLE CARDS ***
Dealt to Hero [Jc 2c]
Dealt to 2170d0b6 
Dealt to 6f2cf4fd 
Dealt to d4bebaaf 
Dealt to 34f09f8a 
Dealt to fc067425 
d4bebaaf: folds
34f09f8a: folds
fc067425: raises $0.1 to $0.2
Hero: folds
2170d0b6: folds
6f2cf4fd: raises $0.6 to $0.8
fc067425: calls $0.6
*** FLOP *** [3h Js As]
6f2cf4fd: bets $1.25
fc067425: calls $1.25
*** TURN *** [3h Js As] [Ah]
6f2cf4fd: checks
fc067425: checks
*** RIVER *** [3h Js As Ah] [Qc]
6f2cf4fd: bets $3.15
fc067425: raises $8.43 to $11.58 and is all-in
6f2cf4fd: calls $4.9 and is all-in
Uncalled bet ($3.53) returned to fc067425
fc067425: shows [Qs Ad] (Aces Full over Queens)
6f2cf4fd: shows [Qd Qh] (Queens Full over Aces)
*** SHOWDOWN ***
fc067425 collected $19.15 from pot
*** SUMMARY ***
Total pot $20.25 | Rake $1 | Jackpot $0.1 | Bingo $0 | Fortune $0 | Tax $0
Board [3h Js As Ah Qc]
Seat 1: Hero (button) folded before Flop (didn't bet)
Seat 2: 2170d0b6 (small blind) folded before Flop
Seat 3: 6f2cf4fd (big blind) showed [Qd Qh] and lost with Queens Full over Aces
Seat 4: d4bebaaf folded before Flop (didn't bet)
Seat 5: 34f09f8a folded before Flop (didn't bet)
Seat 6: fc067425 showed [Qs Ad] and won ($19.15) with Aces Full over Queens


Poker Hand #HD1858016617: Hold'em No Limit ($0.05/$0.1) - 2024/07/15 15:38:40
Table 'NLHRed47' 6-max Seat #6 is the button
Seat 1: Hero ($10 in chips)
Seat 2: 2170d0b6 ($14.63 in chips)
Seat 3: 6f2cf4fd ($10.1 in chips)
Seat 4: d4bebaaf ($8.58 in chips)
Seat 5: 34f09f8a ($10.05 in chips)
Seat 6: fc067425 ($13.63 in chips)
Hero: posts small blind $0.05
2170d0b6: posts big blind $0.1
*** HOLE CARDS ***
Dealt to Hero [As 8s]
Dealt to 2170d0b6 
Dealt to 6f2cf4fd 
Dealt to d4bebaaf 
Dealt to 34f09f8a 
Dealt to fc067425 
6f2cf4fd: folds
d4bebaaf: raises $0.15 to $0.25
34f09f8a: folds
fc067425: folds
Hero: folds
2170d0b6: folds
Uncalled bet ($0.15) returned to d4bebaaf
*** SHOWDOWN ***
d4bebaaf collected $0.25 from pot
*** SUMMARY ***
Total pot $0.25 | Rake $0 | Jackpot $0 | Bingo $0 | Fortune $0 | Tax $0
Seat 1: Hero (small blind) folded before Flop
Seat 2: 2170d0b6 (big blind) folded before Flop
Seat 3: 6f2cf4fd folded before Flop (didn't bet)
Seat 4: d4bebaaf collected ($0.25)
Seat 5: 34f09f8a folded before Flop (didn't bet)
Seat 6: fc067425 (button) folded before Flop (didn't bet)


Poker Hand #HD1858016557: Hold'em No Limit ($0.05/$0.1) - 2024/07/15 15:38:06
Table 'NLHRed47' 6-max Seat #5 is the button
Seat 1: Hero ($10 in chips)
Seat 2: 2170d0b6 ($14.63 in chips)
Seat 3: 6f2cf4fd ($10.1 in chips)
Seat 4: d4bebaaf ($8.3 in chips)
Seat 5: 34f09f8a ($10.05 in chips)
Seat 6: fc067425 ($13.68 in chips)
fc067425: posts small blind $0.05
Hero: posts big blind $0.1
*** HOLE CARDS ***
Dealt to Hero [Ad 9d]
Dealt to 2170d0b6 
Dealt to 6f2cf4fd 
Dealt to d4bebaaf 
Dealt to 34f09f8a 
Dealt to fc067425 
2170d0b6: folds
6f2cf4fd: folds
d4bebaaf: raises $0.15 to $0.25
34f09f8a: folds
fc067425: folds
Hero: calls $0.15
*** FLOP *** [2h Qd Ts]
Hero: checks
d4bebaaf: bets $0.44
Hero: folds
Uncalled bet ($0.44) returned to d4bebaaf
*** SHOWDOWN ***
d4bebaaf collected $0.53 from pot
*** SUMMARY ***
Total pot $0.55 | Rake $0.02 | Jackpot $0 | Bingo $0 | Fortune $0 | Tax $0
Board [2h Qd Ts]
Seat 1: Hero (big blind) folded on the Flop
Seat 2: 2170d0b6 folded before Flop (didn't bet)
Seat 3: 6f2cf4fd folded before Flop (didn't bet)
Seat 4: d4bebaaf won ($0.53)
Seat 5: 34f09f8a (button) folded before Flop (didn't bet)
Seat 6: fc067425 (small blind) folded before Flop


Poker Hand #HD1858016486: Hold'em No Limit ($0.05/$0.1) - 2024/07/15 15:37:21
Table 'NLHRed47' 6-max Seat #4 is the button
Seat 1: Hero ($10 in chips)
Seat 2: 2170d0b6 ($13.18 in chips)
Seat 3: 6f2cf4fd ($10.1 in chips)
Seat 4: d4bebaaf ($9.85 in chips)
Seat 5: 34f09f8a ($10.1 in chips)
Seat 6: fc067425 ($13.78 in chips)
34f09f8a: posts small blind $0.05
fc067425: posts big blind $0.1
*** HOLE CARDS ***
Dealt to Hero [Ad 3h]
Dealt to 2170d0b6 
Dealt to 6f2cf4fd 
Dealt to d4bebaaf 
Dealt to 34f09f8a 
Dealt to fc067425 
Hero: folds
2170d0b6: raises $0.15 to $0.25
6f2cf4fd: folds
d4bebaaf: calls $0.25
34f09f8a: folds
fc067425: folds
*** FLOP *** [7h Kc Jd]
2170d0b6: bets $0.4
d4bebaaf: calls $0.4
*** TURN *** [7h Kc Jd] [4d]
2170d0b6: bets $0.9
d4bebaaf: calls $0.9
*** RIVER *** [7h Kc Jd 4d] [8h]
2170d0b6: bets $1.95
d4bebaaf: folds
Uncalled bet ($1.95) returned to 2170d0b6
*** SHOWDOWN ***
2170d0b6 collected $3 from pot
*** SUMMARY ***
Total pot $3.25 | Rake $0.15 | Jackpot $0.1 | Bingo $0 | Fortune $0 | Tax $0
Board [7h Kc Jd 4d 8h]
Seat 1: Hero folded before Flop (didn't bet)
Seat 2: 2170d0b6 won ($3)
Seat 3: 6f2cf4fd folded before Flop (didn't bet)
Seat 4: d4bebaaf (button) folded on the River
Seat 5: 34f09f8a (small blind) folded before Flop
Seat 6: fc067425 (big blind) folded before Flop


Poker Hand #HD1858016458: Hold'em No Limit ($0.05/$0.1) - 2024/07/15 15:37:07
Table 'NLHRed47' 6-max Seat #3 is the button
Seat 1: Hero ($10 in chips)
Seat 2: 2170d0b6 ($13.18 in chips)
Seat 3: 6f2cf4fd ($10.1 in chips)
Seat 4: d4bebaaf ($9.9 in chips)
Seat 5: 34f09f8a ($10.05 in chips)
Seat 6: fc067425 ($13.78 in chips)
d4bebaaf: posts small blind $0.05
34f09f8a: posts big blind $0.1
*** HOLE CARDS ***
Dealt to Hero [9s Ah]
Dealt to 2170d0b6 
Dealt to 6f2cf4fd 
Dealt to d4bebaaf 
Dealt to 34f09f8a 
Dealt to fc067425 
fc067425: folds
Hero: folds
2170d0b6: folds
6f2cf4fd: folds
d4bebaaf: folds
Uncalled bet ($0.05) returned to 34f09f8a
*** SHOWDOWN ***
34f09f8a collected $0.1 from pot
*** SUMMARY ***
Total pot $0.1 | Rake $0 | Jackpot $0 | Bingo $0 | Fortune $0 | Tax $0
Seat 1: Hero folded before Flop (didn't bet)
Seat 2: 2170d0b6 folded before Flop (didn't bet)
Seat 3: 6f2cf4fd (button) folded before Flop (didn't bet)
Seat 4: d4bebaaf (small blind) folded before Flop
Seat 5: 34f09f8a (big blind) collected ($0.1)
Seat 6: fc067425 folded before Flop (didn't bet)


Poker Hand #HD1858016445: Hold'em No Limit ($0.05/$0.1) - 2024/07/15 15:36:53
Table 'NLHRed47' 6-max Seat #2 is the button
Seat 1: Hero ($10 in chips)
Seat 2: 2170d0b6 ($13.03 in chips)
Seat 3: 6f2cf4fd ($10.15 in chips)
Seat 4: d4bebaaf ($10 in chips)
Seat 5: 34f09f8a ($10.05 in chips)
Seat 6: fc067425 ($13.78 in chips)
6f2cf4fd: posts small blind $0.05
d4bebaaf: posts big blind $0.1
*** HOLE CARDS ***
Dealt to Hero [2h Td]
Dealt to 2170d0b6 
Dealt to 6f2cf4fd 
Dealt to d4bebaaf 
Dealt to 34f09f8a 
Dealt to fc067425 
34f09f8a: folds
fc067425: folds
Hero: folds
2170d0b6: raises $0.15 to $0.25
6f2cf4fd: folds
d4bebaaf: folds
Uncalled bet ($0.15) returned to 2170d0b6
*** SHOWDOWN ***
2170d0b6 collected $0.25 from pot
*** SUMMARY ***
Total pot $0.25 | Rake $0 | Jackpot $0 | Bingo $0 | Fortune $0 | Tax $0
Seat 1: Hero folded before Flop (didn't bet)
Seat 2: 2170d0b6 (button) collected ($0.25)
Seat 3: 6f2cf4fd (small blind) folded before Flop
Seat 4: d4bebaaf (big blind) folded before Flop
Seat 5: 34f09f8a folded before Flop (didn't bet)
Seat 6: fc067425 folded before Flop (didn't bet)


Poker Hand #HD1858016413: Hold'em No Limit ($0.05/$0.1) - 2024/07/15 15:36:37
Table 'NLHRed47' 6-max Seat #1 is the button
Seat 1: Hero ($10 in chips)
Seat 2: 2170d0b6 ($12.93 in chips)
Seat 3: 6f2cf4fd ($10.25 in chips)
Seat 5: 34f09f8a ($10.05 in chips)
Seat 6: fc067425 ($13.78 in chips)
2170d0b6: posts small blind $0.05
6f2cf4fd: posts big blind $0.1
*** HOLE CARDS ***
Dealt to Hero [Ad 2s]
Dealt to 2170d0b6 
Dealt to 6f2cf4fd 
Dealt to 34f09f8a 
Dealt to fc067425 
34f09f8a: folds
fc067425: folds
Hero: folds
2170d0b6: raises $0.15 to $0.25
6f2cf4fd: folds
Uncalled bet ($0.15) returned to 2170d0b6
*** SHOWDOWN ***
2170d0b6 collected $0.2 from pot
*** SUMMARY ***
Total pot $0.2 | Rake $0 | Jackpot $0 | Bingo $0 | Fortune $0 | Tax $0
Seat 1: Hero (button) folded before Flop (didn't bet)
Seat 2: 2170d0b6 (small blind) collected ($0.2)
Seat 3: 6f2cf4fd (big blind) folded before Flop
Seat 5: 34f09f8a folded before Flop (didn't bet)
Seat 6: fc067425 folded before Flop (didn't bet)


Poker Hand #HD1858016400: Hold'em No Limit ($0.05/$0.1) - 2024/07/15 15:36:27
Table 'NLHRed47' 6-max Seat #6 is the button
Seat 1: Hero ($10 in chips)
Seat 2: 2170d0b6 ($12.88 in chips)
Seat 3: 6f2cf4fd ($10.25 in chips)
Seat 5: 34f09f8a ($10.05 in chips)
Seat 6: fc067425 ($13.78 in chips)
Hero: posts small blind $0.05
2170d0b6: posts big blind $0.1
*** HOLE CARDS ***
Dealt to Hero [7s 9h]
Dealt to 2170d0b6 
Dealt to 6f2cf4fd 
Dealt to 34f09f8a 
Dealt to fc067425 
6f2cf4fd: folds
34f09f8a: folds
fc067425: folds
Hero: folds
Uncalled bet ($0.05) returned to 2170d0b6
*** SHOWDOWN ***
2170d0b6 collected $0.1 from pot
*** SUMMARY ***
Total pot $0.1 | Rake $0 | Jackpot $0 | Bingo $0 | Fortune $0 | Tax $0
Seat 1: Hero (small blind) folded before Flop
Seat 2: 2170d0b6 (big blind) collected ($0.1)
Seat 3: 6f2cf4fd folded before Flop (didn't bet)
Seat 5: 34f09f8a folded before Flop (didn't bet)
Seat 6: fc067425 (button) folded before Flop (didn't bet)


Poker Hand #HD1858016374: Hold'em No Limit ($0.05/$0.1) - 2024/07/15 15:36:07
Table 'NLHRed47' 6-max Seat #5 is the button
Seat 1: Hero ($10 in chips)
Seat 2: 2170d0b6 ($12.88 in chips)
Seat 3: 6f2cf4fd ($10.1 in chips)
Seat 5: 34f09f8a ($10.05 in chips)
Seat 6: fc067425 ($13.83 in chips)
fc067425: posts small blind $0.05
Hero: posts big blind $0.1
*** HOLE CARDS ***
Dealt to Hero [3s 2d]
Dealt to 2170d0b6 
Dealt to 6f2cf4fd 
Dealt to 34f09f8a 
Dealt to fc067425 
2170d0b6: folds
6f2cf4fd: raises $0.15 to $0.25
34f09f8a: folds
fc067425: folds
Hero: folds
Uncalled bet ($0.15) returned to 6f2cf4fd
*** SHOWDOWN ***
6f2cf4fd collected $0.25 from pot
*** SUMMARY ***
Total pot $0.25 | Rake $0 | Jackpot $0 | Bingo $0 | Fortune $0 | Tax $0
Seat 1: Hero (big blind) folded before Flop
Seat 2: 2170d0b6 folded before Flop (didn't bet)
Seat 3: 6f2cf4fd collected ($0.25)
Seat 5: 34f09f8a (button) folded before Flop (didn't bet)
Seat 6: fc067425 (small blind) folded before Flop


Poker Hand #HD1858016354: Hold'em No Limit ($0.05/$0.1) - 2024/07/15 15:35:56
Table 'NLHRed47' 6-max Seat #3 is the button
Seat 1: Hero ($10 in chips)
Seat 2: 2170d0b6 ($12.88 in chips)
Seat 3: 6f2cf4fd ($10.1 in chips)
Seat 5: 34f09f8a ($10.1 in chips)
Seat 6: fc067425 ($13.78 in chips)
34f09f8a: posts small blind $0.05
fc067425: posts big blind $0.1
*** HOLE CARDS ***
Dealt to Hero [7h Jd]
Dealt to 2170d0b6 
Dealt to 6f2cf4fd 
Dealt to 34f09f8a 
Dealt to fc067425 
Hero: folds
2170d0b6: folds
6f2cf4fd: folds
34f09f8a: folds
Uncalled bet ($0.05) returned to fc067425
*** SHOWDOWN ***
fc067425 collected $0.1 from pot
*** SUMMARY ***
Total pot $0.1 | Rake $0 | Jackpot $0 | Bingo $0 | Fortune $0 | Tax $0
Seat 1: Hero folded before Flop (didn't bet)
Seat 2: 2170d0b6 folded before Flop (didn't bet)
Seat 3: 6f2cf4fd (button) folded before Flop (didn't bet)
Seat 5: 34f09f8a (small blind) folded before Flop
Seat 6: fc067425 (big blind) collected ($0.1)


Poker Hand #HD1858016321: Hold'em No Limit ($0.05/$0.1) - 2024/07/15 15:35:39
Table 'NLHRed47' 6-max Seat #2 is the button
Seat 1: Hero ($10 in chips)
Seat 2: 2170d0b6 ($12.88 in chips)
Seat 3: 6f2cf4fd ($10 in chips)
Seat 5: 34f09f8a ($10.2 in chips)
Seat 6: fc067425 ($13.78 in chips)
6f2cf4fd: posts small blind $0.05
34f09f8a: posts big blind $0.1
*** HOLE CARDS ***
Dealt to Hero [3h Js]
Dealt to 2170d0b6 
Dealt to 6f2cf4fd 
Dealt to 34f09f8a 
Dealt to fc067425 
fc067425: folds
Hero: folds
2170d0b6: folds
6f2cf4fd: raises $0.2 to $0.3
34f09f8a: folds
Uncalled bet ($0.2) returned to 6f2cf4fd
*** SHOWDOWN ***
6f2cf4fd collected $0.2 from pot
*** SUMMARY ***
Total pot $0.2 | Rake $0 | Jackpot $0 | Bingo $0 | Fortune $0 | Tax $0
Seat 1: Hero folded before Flop (didn't bet)
Seat 2: 2170d0b6 (button) folded before Flop (didn't bet)
Seat 3: 6f2cf4fd (small blind) collected ($0.2)
Seat 5: 34f09f8a (big blind) folded before Flop
Seat 6: fc067425 folded before Flop (didn't bet)


Poker Hand #HD1858016297: Hold'em No Limit ($0.05/$0.1) - 2024/07/15 15:35:24
Table 'NLHRed47' 6-max Seat #1 is the button
Seat 1: Hero ($10 in chips)
Seat 2: 2170d0b6 ($12.93 in chips)
Seat 3: 6f2cf4fd ($10 in chips)
Seat 4: 2e90da5b ($10.1 in chips)
Seat 5: 34f09f8a ($10.2 in chips)
Seat 6: fc067425 ($13.63 in chips)
2170d0b6: posts small blind $0.05
6f2cf4fd: posts big blind $0.1
*** HOLE CARDS ***
Dealt to Hero [4s 3c]
Dealt to 2170d0b6 
Dealt to 6f2cf4fd 
Dealt to 2e90da5b 
Dealt to 34f09f8a 
Dealt to fc067425 
2e90da5b: folds
34f09f8a: folds
fc067425: raises $0.1 to $0.2
Hero: folds
2170d0b6: folds
6f2cf4fd: folds
Uncalled bet ($0.1) returned to fc067425
*** SHOWDOWN ***
fc067425 collected $0.25 from pot
*** SUMMARY ***
Total pot $0.25 | Rake $0 | Jackpot $0 | Bingo $0 | Fortune $0 | Tax $0
Seat 1: Hero (button) folded before Flop (didn't bet)
Seat 2: 2170d0b6 (small blind) folded before Flop
Seat 3: 6f2cf4fd (big blind) folded before Flop
Seat 4: 2e90da5b folded before Flop (didn't bet)
Seat 5: 34f09f8a folded before Flop (didn't bet)
Seat 6: fc067425 collected ($0.25)


Poker Hand #HD1858016257: Hold'em No Limit ($0.05/$0.1) - 2024/07/15 15:35:00
Table 'NLHRed47' 6-max Seat #6 is the button
Seat 1: Hero ($10 in chips)
Seat 2: 2170d0b6 ($12.65 in chips)
Seat 4: 2e90da5b ($10.1 in chips)
Seat 5: 34f09f8a ($10.45 in chips)
Seat 6: fc067425 ($13.63 in chips)
Hero: posts small blind $0.05
2170d0b6: posts big blind $0.1
*** HOLE CARDS ***
Dealt to Hero [5h Kc]
Dealt to 2170d0b6 
Dealt to 2e90da5b 
Dealt to 34f09f8a 
Dealt to fc067425 
2e90da5b: folds
34f09f8a: raises $0.15 to $0.25
fc067425: folds
Hero: folds
2170d0b6: calls $0.15
*** FLOP *** [3c 8d Kh]
2170d0b6: bets $0.42
34f09f8a: folds
Uncalled bet ($0.42) returned to 2170d0b6
*** SHOWDOWN ***
2170d0b6 collected $0.53 from pot
*** SUMMARY ***
Total pot $0.55 | Rake $0.02 | Jackpot $0 | Bingo $0 | Fortune $0 | Tax $0
Board [3c 8d Kh]
Seat 1: Hero (small blind) folded before Flop
Seat 2: 2170d0b6 (big blind) won ($0.53)
Seat 4: 2e90da5b folded before Flop (didn't bet)
Seat 5: 34f09f8a folded on the Flop
Seat 6: fc067425 (button) folded before Flop (didn't bet)


Poker Hand #HD1858016189: Hold'em No Limit ($0.05/$0.1) - 2024/07/15 15:34:17
Table 'NLHRed47' 6-max Seat #5 is the button
Seat 1: Hero ($10 in chips)
Seat 2: 2170d0b6 ($12.65 in chips)
Seat 4: 2e90da5b ($10.1 in chips)
Seat 5: 34f09f8a ($10.17 in chips)
Seat 6: fc067425 ($13.68 in chips)
fc067425: posts small blind $0.05
Hero: posts big blind $0.1
*** HOLE CARDS ***
Dealt to Hero [5s 5c]
Dealt to 2170d0b6 
Dealt to 2e90da5b 
Dealt to 34f09f8a 
Dealt to fc067425 
2170d0b6: folds
2e90da5b: folds
34f09f8a: raises $0.15 to $0.25
fc067425: folds
Hero: calls $0.15
*** FLOP *** [2c 3h Js]
Hero: checks
34f09f8a: bets $0.37
Hero: folds
Uncalled bet ($0.37) returned to 34f09f8a
*** SHOWDOWN ***
34f09f8a collected $0.53 from pot
*** SUMMARY ***
Total pot $0.55 | Rake $0.02 | Jackpot $0 | Bingo $0 | Fortune $0 | Tax $0
Board [2c 3h Js]
Seat 1: Hero (big blind) folded on the Flop
Seat 2: 2170d0b6 folded before Flop (didn't bet)
Seat 4: 2e90da5b folded before Flop (didn't bet)
Seat 5: 34f09f8a (button) won ($0.53)
Seat 6: fc067425 (small blind) folded before Flop


Poker Hand #HD1858016160: Hold'em No Limit ($0.05/$0.1) - 2024/07/15 15:34:02
Table 'NLHRed47' 6-max Seat #4 is the button
Seat 1: Hero ($10 in chips)
Seat 2: 2170d0b6 ($12.65 in chips)
Seat 4: 2e90da5b ($10.1 in chips)
Seat 5: 34f09f8a ($10.07 in chips)
Seat 6: fc067425 ($13.78 in chips)
34f09f8a: posts small blind $0.05
fc067425: posts big blind $0.1
*** HOLE CARDS ***
Dealt to Hero [2h 4d]
Dealt to 2170d0b6 
Dealt to 2e90da5b 
Dealt to 34f09f8a 
Dealt to fc067425 
Hero: folds
2170d0b6: folds
2e90da5b: folds
34f09f8a: raises $0.2 to $0.3
fc067425: folds
Uncalled bet ($0.2) returned to 34f09f8a
*** SHOWDOWN ***
34f09f8a collected $0.2 from pot
*** SUMMARY ***
Total pot $0.2 | Rake $0 | Jackpot $0 | Bingo $0 | Fortune $0 | Tax $0
Seat 1: Hero folded before Flop (didn't bet)
Seat 2: 2170d0b6 folded before Flop (didn't bet)
Seat 4: 2e90da5b (button) folded before Flop (didn't bet)
Seat 5: 34f09f8a (small blind) collected ($0.2)
Seat 6: fc067425 (big blind) folded before Flop


Poker Hand #HD1858016130: Hold'em No Limit ($0.05/$0.1) - 2024/07/15 15:33:43
Table 'NLHRed47' 6-max Seat #3 is the button
Seat 1: Hero ($10 in chips)
Seat 2: 2170d0b6 ($12.65 in chips)
Seat 3: 4b090c1c ($7.35 in chips)
Seat 4: 2e90da5b ($10 in chips)
Seat 5: 34f09f8a ($10.17 in chips)
Seat 6: fc067425 ($13.78 in chips)
2e90da5b: posts small blind $0.05
34f09f8a: posts big blind $0.1
*** HOLE CARDS ***
Dealt to Hero [4c 3s]
Dealt to 2170d0b6 
Dealt to 4b090c1c 
Dealt to 2e90da5b 
Dealt to 34f09f8a 
Dealt to fc067425 
fc067425: folds
Hero: folds
2170d0b6: folds
4b090c1c: folds
2e90da5b: raises $0.17 to $0.27
34f09f8a: folds
Uncalled bet ($0.17) returned to 2e90da5b
*** SHOWDOWN ***
2e90da5b collected $0.2 from pot
*** SUMMARY ***
Total pot $0.2 | Rake $0 | Jackpot $0 | Bingo $0 | Fortune $0 | Tax $0
Seat 1: Hero folded before Flop (didn't bet)
Seat 2: 2170d0b6 folded before Flop (didn't bet)
Seat 3: 4b090c1c (button) folded before Flop (didn't bet)
Seat 4: 2e90da5b (small blind) collected ($0.2)
Seat 5: 34f09f8a (big blind) folded before Flop
Seat 6: fc067425 folded before Flop (didn't bet)


Poker Hand #HD1858016100: Hold'em No Limit ($0.05/$0.1) - 2024/07/15 15:33:26
Table 'NLHRed47' 6-max Seat #2 is the button
Seat 1: Hero ($10 in chips)
Seat 2: 2170d0b6 ($12.65 in chips)
Seat 3: 4b090c1c ($7.4 in chips)
Seat 4: 2e90da5b ($10 in chips)
Seat 5: 34f09f8a ($10.17 in chips)
Seat 6: fc067425 ($13.63 in chips)
4b090c1c: posts small blind $0.05
2e90da5b: posts big blind $0.1
*** HOLE CARDS ***
Dealt to Hero [As 4d]
Dealt to 2170d0b6 
Dealt to 4b090c1c 
Dealt to 2e90da5b 
Dealt to 34f09f8a 
Dealt to fc067425 
34f09f8a: folds
fc067425: raises $0.1 to $0.2
Hero: folds
2170d0b6: folds
4b090c1c: folds
2e90da5b: folds
Uncalled bet ($0.1) returned to fc067425
*** SHOWDOWN ***
fc067425 collected $0.25 from pot
*** SUMMARY ***
Total pot $0.25 | Rake $0 | Jackpot $0 | Bingo $0 | Fortune $0 | Tax $0
Seat 1: Hero folded before Flop (didn't bet)
Seat 2: 2170d0b6 (button) folded before Flop (didn't bet)
Seat 3: 4b090c1c (small blind) folded before Flop
Seat 4: 2e90da5b (big blind) folded before Flop
Seat 5: 34f09f8a folded before Flop (didn't bet)
Seat 6: fc067425 collected ($0.25)


Poker Hand #HD1858016029: Hold'em No Limit ($0.05/$0.1) - 2024/07/15 15:32:48
Table 'NLHRed47' 6-max Seat #1 is the button
Seat 1: Hero ($10 in chips)
Seat 2: 2170d0b6 ($12.2 in chips)
Seat 3: 4b090c1c ($7.64 in chips)
Seat 4: 2e90da5b ($10 in chips)
Seat 5: 34f09f8a ($10.17 in chips)
Seat 6: fc067425 ($13.63 in chips)
2170d0b6: posts small blind $0.05
4b090c1c: posts big blind $0.1
*** HOLE CARDS ***
Dealt to Hero [8s 7s]
Dealt to 2170d0b6 
Dealt to 4b090c1c 
Dealt to 2e90da5b 
Dealt to 34f09f8a 
Dealt to fc067425 
2e90da5b: folds
34f09f8a: folds
fc067425: folds
Hero: raises $0.14 to $0.24
2170d0b6: calls $0.19
4b090c1c: calls $0.14
*** FLOP *** [9c 3c Ks]
2170d0b6: bets $0.54
4b090c1c: folds
Hero: folds
Uncalled bet ($0.54) returned to 2170d0b6
*** SHOWDOWN ***
2170d0b6 collected $0.69 from pot
*** SUMMARY ***
Total pot $0.72 | Rake $0.03 | Jackpot $0 | Bingo $0 | Fortune $0 | Tax $0
Board [9c 3c Ks]
Seat 1: Hero (button) folded on the Flop
Seat 2: 2170d0b6 (small blind) won ($0.69)
Seat 3: 4b090c1c (big blind) folded on the Flop
Seat 4: 2e90da5b folded before Flop (didn't bet)
Seat 5: 34f09f8a folded before Flop (didn't bet)
Seat 6: fc067425 folded before Flop (didn't bet)


Poker Hand #HD1858015957: Hold'em No Limit ($0.05/$0.1) - 2024/07/15 15:32:08
Table 'NLHRed47' 6-max Seat #6 is the button
Seat 1: Hero ($10.05 in chips)
Seat 2: 2170d0b6 ($12.3 in chips)
Seat 3: 4b090c1c ($6.34 in chips)
Seat 4: 2e90da5b ($10.15 in chips)
Seat 5: 34f09f8a ($10.17 in chips)
Seat 6: fc067425 ($13.63 in chips)
Hero: posts small blind $0.05
2170d0b6: posts big blind $0.1
*** HOLE CARDS ***
Dealt to Hero [Qh Td]
Dealt to 2170d0b6 
Dealt to 4b090c1c 
Dealt to 2e90da5b 
Dealt to 34f09f8a 
Dealt to fc067425 
4b090c1c: raises $0.1 to $0.2
2e90da5b: raises $0.4 to $0.6
34f09f8a: folds
fc067425: folds
Hero: folds
2170d0b6: folds
4b090c1c: calls $0.4
*** FLOP *** [Js 3h Ts]
4b090c1c: bets $0.68
2e90da5b: calls $0.68
*** TURN *** [Js 3h Ts] [Ks]
4b090c1c: bets $2.04
2e90da5b: folds
Uncalled bet ($2.04) returned to 4b090c1c
*** SHOWDOWN ***
4b090c1c collected $2.58 from pot
*** SUMMARY ***
Total pot $2.71 | Rake $0.13 | Jackpot $0 | Bingo $0 | Fortune $0 | Tax $0
Board [Js 3h Ts Ks]
Seat 1: Hero (small blind) folded before Flop
Seat 2: 2170d0b6 (big blind) folded before Flop
Seat 3: 4b090c1c won ($2.58)
Seat 4: 2e90da5b folded on the Turn
Seat 5: 34f09f8a folded before Flop (didn't bet)
Seat 6: fc067425 (button) folded before Flop (didn't bet)


Poker Hand #HD1858015939: Hold'em No Limit ($0.05/$0.1) - 2024/07/15 15:31:51
Table 'NLHRed47' 6-max Seat #5 is the button
Seat 1: Hero ($10.15 in chips)
Seat 2: 2170d0b6 ($12.3 in chips)
Seat 3: 4b090c1c ($6.34 in chips)
Seat 4: 2e90da5b ($10 in chips)
Seat 5: 34f09f8a ($10.17 in chips)
Seat 6: fc067425 ($13.68 in chips)
fc067425: posts small blind $0.05
Hero: posts big blind $0.1
*** HOLE CARDS ***
Dealt to Hero [3s Td]
Dealt to 2170d0b6 
Dealt to 4b090c1c 
Dealt to 2e90da5b 
Dealt to 34f09f8a 
Dealt to fc067425 
2170d0b6: folds
4b090c1c: folds
2e90da5b: raises $0.11 to $0.21
34f09f8a: folds
fc067425: folds
Hero: folds
Uncalled bet ($0.11) returned to 2e90da5b
*** SHOWDOWN ***
2e90da5b collected $0.25 from pot
*** SUMMARY ***
Total pot $0.25 | Rake $0 | Jackpot $0 | Bingo $0 | Fortune $0 | Tax $0
Seat 1: Hero (big blind) folded before Flop
Seat 2: 2170d0b6 folded before Flop (didn't bet)
Seat 3: 4b090c1c folded before Flop (didn't bet)
Seat 4: 2e90da5b collected ($0.25)
Seat 5: 34f09f8a (button) folded before Flop (didn't bet)
Seat 6: fc067425 (small blind) folded before Flop


Poker Hand #HD1858015881: Hold'em No Limit ($0.05/$0.1) - 2024/07/15 15:31:23
Table 'NLHRed47' 6-max Seat #4 is the button
Seat 1: Hero ($10.15 in chips)
Seat 2: 2170d0b6 ($11.93 in chips)
Seat 3: 4b090c1c ($6.59 in chips)
Seat 4: 2e90da5b ($10 in chips)
Seat 5: 34f09f8a ($10.22 in chips)
Seat 6: fc067425 ($13.78 in chips)
34f09f8a: posts small blind $0.05
fc067425: posts big blind $0.1
*** HOLE CARDS ***
Dealt to Hero [2s Tc]
Dealt to 2170d0b6 
Dealt to 4b090c1c 
Dealt to 2e90da5b 
Dealt to 34f09f8a 
Dealt to fc067425 
Hero: folds
2170d0b6: raises $0.15 to $0.25
4b090c1c: calls $0.25
2e90da5b: folds
34f09f8a: folds
fc067425: folds
*** FLOP *** [9d 4d Qs]
2170d0b6: bets $0.49
4b090c1c: folds
Uncalled bet ($0.49) returned to 2170d0b6
*** SHOWDOWN ***
2170d0b6 collected $0.62 from pot
*** SUMMARY ***
Total pot $0.65 | Rake $0.03 | Jackpot $0 | Bingo $0 | Fortune $0 | Tax $0
Board [9d 4d Qs]
Seat 1: Hero folded before Flop (didn't bet)
Seat 2: 2170d0b6 won ($0.62)
Seat 3: 4b090c1c folded on the Flop
Seat 4: 2e90da5b (button) folded before Flop (didn't bet)
Seat 5: 34f09f8a (small blind) folded before Flop
Seat 6: fc067425 (big blind) folded before Flop


Poker Hand #HD1858015852: Hold'em No Limit ($0.05/$0.1) - 2024/07/15 15:31:02
Table 'NLHRed47' 6-max Seat #3 is the button
Seat 1: Hero ($10 in chips)
Seat 2: 2170d0b6 ($11.93 in chips)
Seat 3: 4b090c1c ($6.59 in chips)
Seat 4: 2e90da5b ($10.05 in chips)
Seat 5: 34f09f8a ($10.32 in chips)
Seat 6: fc067425 ($13.78 in chips)
2e90da5b: posts small blind $0.05
34f09f8a: posts big blind $0.1
*** HOLE CARDS ***
Dealt to Hero [Qc As]
Dealt to 2170d0b6 
Dealt to 4b090c1c 
Dealt to 2e90da5b 
Dealt to 34f09f8a 
Dealt to fc067425 
fc067425: folds
Hero: raises $0.1 to $0.2
2170d0b6: folds
4b090c1c: folds
2e90da5b: folds
34f09f8a: folds
Uncalled bet ($0.1) returned to Hero
*** SHOWDOWN ***
Hero collected $0.25 from pot
*** SUMMARY ***
Total pot $0.25 | Rake $0 | Jackpot $0 | Bingo $0 | Fortune $0 | Tax $0
Seat 1: Hero collected ($0.25)
Seat 2: 2170d0b6 folded before Flop (didn't bet)
Seat 3: 4b090c1c (button) folded before Flop (didn't bet)
Seat 4: 2e90da5b (small blind) folded before Flop
Seat 5: 34f09f8a (big blind) folded before Flop
Seat 6: fc067425 folded before Flop (didn't bet)


Poker Hand #HD1858015771: Hold'em No Limit ($0.05/$0.1) - 2024/07/15 15:30:16
Table 'NLHRed47' 6-max Seat #2 is the button
Seat 1: Hero ($10 in chips)
Seat 2: 2170d0b6 ($11.93 in chips)
Seat 3: 4b090c1c ($6.84 in chips)
Seat 4: 2e90da5b ($10.15 in chips)
Seat 5: 34f09f8a ($10 in chips)
Seat 6: fc067425 ($13.78 in chips)
4b090c1c: posts small blind $0.05
2e90da5b: posts big blind $0.1
*** HOLE CARDS ***
Dealt to Hero [6h 4c]
Dealt to 2170d0b6 
Dealt to 4b090c1c 
Dealt to 2e90da5b 
Dealt to 34f09f8a 
Dealt to fc067425 
34f09f8a: raises $0.15 to $0.25
fc067425: folds
Hero: folds
2170d0b6: folds
4b090c1c: calls $0.2
2e90da5b: folds
*** FLOP *** [9d Kc 7d]
4b090c1c: checks
34f09f8a: bets $0.2
4b090c1c: folds
Uncalled bet ($0.2) returned to 34f09f8a
*** SHOWDOWN ***
34f09f8a collected $0.57 from pot
*** SUMMARY ***
Total pot $0.6 | Rake $0.03 | Jackpot $0 | Bingo $0 | Fortune $0 | Tax $0
Board [9d Kc 7d]
Seat 1: Hero folded before Flop (didn't bet)
Seat 2: 2170d0b6 (button) folded before Flop (didn't bet)
Seat 3: 4b090c1c (small blind) folded on the Flop
Seat 4: 2e90da5b (big blind) folded before Flop
Seat 5: 34f09f8a won ($0.57)
Seat 6: fc067425 folded before Flop (didn't bet)


Poker Hand #HD1858015748: Hold'em No Limit ($0.05/$0.1) - 2024/07/15 15:30:03
Table 'NLHRed47' 6-max Seat #1 is the button
Seat 1: Hero ($10 in chips)
Seat 2: 2170d0b6 ($11.98 in chips)
Seat 3: 4b090c1c ($6.79 in chips)
Seat 4: 2e90da5b ($10.15 in chips)
Seat 5: 34f09f8a ($10 in chips)
Seat 6: fc067425 ($13.78 in chips)
2170d0b6: posts small blind $0.05
4b090c1c: posts big blind $0.1
*** HOLE CARDS ***
Dealt to Hero [4c Jh]
Dealt to 2170d0b6 
Dealt to 4b090c1c 
Dealt to 2e90da5b 
Dealt to 34f09f8a 
Dealt to fc067425 
2e90da5b: folds
34f09f8a: folds
fc067425: folds
Hero: folds
2170d0b6: folds
Uncalled bet ($0.05) returned to 4b090c1c
*** SHOWDOWN ***
4b090c1c collected $0.1 from pot
*** SUMMARY ***
Total pot $0.1 | Rake $0 | Jackpot $0 | Bingo $0 | Fortune $0 | Tax $0
Seat 1: Hero (button) folded before Flop (didn't bet)
Seat 2: 2170d0b6 (small blind) folded before Flop
Seat 3: 4b090c1c (big blind) collected ($0.1)
Seat 4: 2e90da5b folded before Flop (didn't bet)
Seat 5: 34f09f8a folded before Flop (didn't bet)
Seat 6: fc067425 folded before Flop (didn't bet)


Poker Hand #HD1858015702: Hold'em No Limit ($0.05/$0.1) - 2024/07/15 15:29:40
Table 'NLHRed47' 6-max Seat #6 is the button
Seat 1: Hero ($10 in chips)
Seat 2: 2170d0b6 ($12.08 in chips)
Seat 3: 4b090c1c ($6.79 in chips)
Seat 4: 2e90da5b ($10 in chips)
Seat 5: 34f09f8a ($10 in chips)
Seat 6: fc067425 ($13.78 in chips)
Hero: posts small blind $0.05
2170d0b6: posts big blind $0.1
*** HOLE CARDS ***
Dealt to Hero [Qc 7s]
Dealt to 2170d0b6 
Dealt to 4b090c1c 
Dealt to 2e90da5b 
Dealt to 34f09f8a 
Dealt to fc067425 
4b090c1c: folds
2e90da5b: raises $0.11 to $0.21
34f09f8a: folds
fc067425: folds
Hero: folds
2170d0b6: folds
Uncalled bet ($0.11) returned to 2e90da5b
*** SHOWDOWN ***
2e90da5b collected $0.25 from pot
*** SUMMARY ***
Total pot $0.25 | Rake $0 | Jackpot $0 | Bingo $0 | Fortune $0 | Tax $0
Seat 1: Hero (small blind) folded before Flop
Seat 2: 2170d0b6 (big blind) folded before Flop
Seat 3: 4b090c1c folded before Flop (didn't bet)
Seat 4: 2e90da5b collected ($0.25)
Seat 5: 34f09f8a folded before Flop (didn't bet)
Seat 6: fc067425 (button) folded before Flop (didn't bet)


Poker Hand #HD1858015679: Hold'em No Limit ($0.05/$0.1) - 2024/07/15 15:29:25
Table 'NLHRed47' 6-max Seat #5 is the button
Seat 1: Hero ($10 in chips)
Seat 2: 2170d0b6 ($12.08 in chips)
Seat 3: 4b090c1c ($6.79 in chips)
Seat 4: 2e90da5b ($10 in chips)
Seat 5: 34f09f8a ($10 in chips)
Seat 6: fc067425 ($13.68 in chips)
fc067425: posts small blind $0.05
Hero: posts big blind $0.1
*** HOLE CARDS ***
Dealt to Hero [Tc 7s]
Dealt to 2170d0b6 
Dealt to 4b090c1c 
Dealt to 2e90da5b 
Dealt to 34f09f8a 
Dealt to fc067425 
2170d0b6: folds
4b090c1c: folds
2e90da5b: folds
34f09f8a: folds
fc067425: raises $0.1 to $0.2
Hero: folds
Uncalled bet ($0.1) returned to fc067425
*** SHOWDOWN ***
fc067425 collected $0.2 from pot
*** SUMMARY ***
Total pot $0.2 | Rake $0 | Jackpot $0 | Bingo $0 | Fortune $0 | Tax $0
Seat 1: Hero (big blind) folded before Flop
Seat 2: 2170d0b6 folded before Flop (didn't bet)
Seat 3: 4b090c1c folded before Flop (didn't bet)
Seat 4: 2e90da5b folded before Flop (didn't bet)
Seat 5: 34f09f8a (button) folded before Flop (didn't bet)
Seat 6: fc067425 (small blind) collected ($0.2)


Poker Hand #HD1857905577: Hold'em No Limit ($0.05/$0.1) - 2024/07/15 15:28:23
Table 'NLHRed47' 6-max Seat #4 is the button
Seat 1: Hero ($10 in chips)
Seat 2: 2170d0b6 ($12.08 in chips)
Seat 3: 4b090c1c ($6.65 in chips)
Seat 4: 2e90da5b ($10 in chips)
Seat 5: 34f09f8a ($10 in chips)
Seat 6: fc067425 ($13.78 in chips)
34f09f8a: posts small blind $0.05
fc067425: posts big blind $0.1
*** HOLE CARDS ***
Dealt to Hero [Ad 2s]
Dealt to 2170d0b6 
Dealt to 4b090c1c 
Dealt to 2e90da5b 
Dealt to 34f09f8a 
Dealt to fc067425 
Hero: folds
2170d0b6: folds
4b090c1c: calls $0.1
2e90da5b: folds
34f09f8a: folds
fc067425: checks
*** FLOP *** [6s 6d 5h]
fc067425: checks
4b090c1c: checks
*** TURN *** [6s 6d 5h] [7c]
fc067425: checks
4b090c1c: checks
*** RIVER *** [6s 6d 5h 7c] [2d]
fc067425: checks
4b090c1c: bets $0.13
fc067425: folds
Uncalled bet ($0.13) returned to 4b090c1c
*** SHOWDOWN ***
4b090c1c collected $0.24 from pot
*** SUMMARY ***
Total pot $0.25 | Rake $0.01 | Jackpot $0 | Bingo $0 | Fortune $0 | Tax $0
Board [6s 6d 5h 7c 2d]
Seat 1: Hero folded before Flop (didn't bet)
Seat 2: 2170d0b6 folded before Flop (didn't bet)
Seat 3: 4b090c1c won ($0.24)
Seat 4: 2e90da5b (button) folded before Flop (didn't bet)
Seat 5: 34f09f8a (small blind) folded before Flop
Seat 6: fc067425 (big blind) folded on the River


Poker Hand #HD1857905513: Hold'em No Limit ($0.05/$0.1) - 2024/07/15 15:27:43
Table 'NLHRed47' 6-max Seat #3 is the button
Seat 1: Hero ($10 in chips)
Seat 2: 2170d0b6 ($12.08 in chips)
Seat 3: 4b090c1c ($6.85 in chips)
Seat 4: 2e90da5b ($10 in chips)
Seat 5: 34f09f8a ($10 in chips)
Seat 6: fc067425 ($13.36 in chips)
2e90da5b: posts small blind $0.05
34f09f8a: posts big blind $0.1
*** HOLE CARDS ***
Dealt to Hero [As 2d]
Dealt to 2170d0b6 
Dealt to 4b090c1c 
Dealt to 2e90da5b 
Dealt to 34f09f8a 
Dealt to fc067425 
fc067425: raises $0.1 to $0.2
Hero: folds
2170d0b6: folds
4b090c1c: calls $0.2
2e90da5b: folds
34f09f8a: calls $0.1
*** FLOP *** [8d 6h 4d]
34f09f8a: checks
fc067425: bets $0.33
4b090c1c: folds
34f09f8a: folds
Uncalled bet ($0.33) returned to fc067425
*** SHOWDOWN ***
fc067425 collected $0.62 from pot
*** SUMMARY ***
Total pot $0.65 | Rake $0.03 | Jackpot $0 | Bingo $0 | Fortune $0 | Tax $0
Board [8d 6h 4d]
Seat 1: Hero folded before Flop (didn't bet)
Seat 2: 2170d0b6 folded before Flop (didn't bet)
Seat 3: 4b090c1c (button) folded on the Flop
Seat 4: 2e90da5b (small blind) folded before Flop
Seat 5: 34f09f8a (big blind) folded on the Flop
Seat 6: fc067425 won ($0.62)


Poker Hand #HD1857905430: Hold'em No Limit ($0.05/$0.1) - 2024/07/15 15:27:02
Table 'NLHRed47' 6-max Seat #2 is the button
Seat 1: Hero ($10 in chips)
Seat 2: 2170d0b6 ($12.53 in chips)
Seat 3: 4b090c1c ($6.35 in chips)
Seat 4: 2e90da5b ($10 in chips)
Seat 5: 34f09f8a ($10 in chips)
Seat 6: fc067425 ($13.36 in chips)
4b090c1c: posts small blind $0.05
2e90da5b: posts big blind $0.1
*** HOLE CARDS ***
Dealt to Hero [5c 4h]
Dealt to 2170d0b6 
Dealt to 4b090c1c 
Dealt to 2e90da5b 
Dealt to 34f09f8a 
Dealt to fc067425 
34f09f8a: folds
fc067425: folds
Hero: folds
2170d0b6: raises $0.15 to $0.25
4b090c1c: calls $0.2
2e90da5b: folds
*** FLOP *** [Ad Jc 8s]
4b090c1c: checks
2170d0b6: checks
*** TURN *** [Ad Jc 8s] [4s]
4b090c1c: bets $0.2
2170d0b6: calls $0.2
*** RIVER *** [Ad Jc 8s 4s] [4d]
4b090c1c: bets $0.33
2170d0b6: folds
Uncalled bet ($0.33) returned to 4b090c1c
*** SHOWDOWN ***
4b090c1c collected $0.95 from pot
*** SUMMARY ***
Total pot $1 | Rake $0.05 | Jackpot $0 | Bingo $0 | Fortune $0 | Tax $0
Board [Ad Jc 8s 4s 4d]
Seat 1: Hero folded before Flop (didn't bet)
Seat 2: 2170d0b6 (button) folded on the River
Seat 3: 4b090c1c (small blind) won ($0.95)
Seat 4: 2e90da5b (big blind) folded before Flop
Seat 5: 34f09f8a folded before Flop (didn't bet)
Seat 6: fc067425 folded before Flop (didn't bet)


Poker Hand #HD1857905349: Hold'em No Limit ($0.05/$0.1) - 2024/07/15 15:26:10
Table 'NLHRed47' 6-max Seat #1 is the button
Seat 1: Hero ($10 in chips)
Seat 2: 2170d0b6 ($12.58 in chips)
Seat 3: 4b090c1c ($5.16 in chips)
Seat 4: 2e90da5b ($10 in chips)
Seat 5: 34f09f8a ($10 in chips)
Seat 6: fc067425 ($13.36 in chips)
2170d0b6: posts small blind $0.05
4b090c1c: posts big blind $0.1
*** HOLE CARDS ***
Dealt to Hero [8h Td]
Dealt to 2170d0b6 
Dealt to 4b090c1c 
Dealt to 2e90da5b 
Dealt to 34f09f8a 
Dealt to fc067425 
2e90da5b: raises $0.11 to $0.21
34f09f8a: folds
fc067425: folds
Hero: folds
2170d0b6: folds
4b090c1c: calls $0.11
*** FLOP *** [6h 4d Tc]
4b090c1c: checks
2e90da5b: bets $0.31
4b090c1c: calls $0.31
*** TURN *** [6h 4d Tc] [Qd]
4b090c1c: checks
2e90da5b: bets $0.75
4b090c1c: calls $0.75
*** RIVER *** [6h 4d Tc Qd] [7d]
4b090c1c: bets $2.59
2e90da5b: folds
Uncalled bet ($2.59) returned to 4b090c1c
*** SHOWDOWN ***
4b090c1c collected $2.46 from pot
*** SUMMARY ***
Total pot $2.59 | Rake $0.13 | Jackpot $0 | Bingo $0 | Fortune $0 | Tax $0
Board [6h 4d Tc Qd 7d]
Seat 1: Hero (button) folded before Flop (didn't bet)
Seat 2: 2170d0b6 (small blind) folded before Flop
Seat 3: 4b090c1c (big blind) won ($2.46)
Seat 4: 2e90da5b folded on the River
Seat 5: 34f09f8a folded before Flop (didn't bet)
Seat 6: fc067425 folded before Flop (didn't bet)


Poker Hand #HD1857905318: Hold'em No Limit ($0.05/$0.1) - 2024/07/15 15:25:52
Table 'NLHRed47' 6-max Seat #6 is the button
Seat 1: Hero ($10.05 in chips)
Seat 2: 2170d0b6 ($12.53 in chips)
Seat 3: 4b090c1c ($5.16 in chips)
Seat 4: 2e90da5b ($10 in chips)
Seat 5: 34f09f8a ($10 in chips)
Seat 6: fc067425 ($13.36 in chips)
Hero: posts small blind $0.05
2170d0b6: posts big blind $0.1
*** HOLE CARDS ***
Dealt to Hero [2c 3d]
Dealt to 2170d0b6 
Dealt to 4b090c1c 
Dealt to 2e90da5b 
Dealt to 34f09f8a 
Dealt to fc067425 
4b090c1c: folds
2e90da5b: folds
34f09f8a: folds
fc067425: folds
Hero: folds
Uncalled bet ($0.05) returned to 2170d0b6
*** SHOWDOWN ***
2170d0b6 collected $0.1 from pot
*** SUMMARY ***
Total pot $0.1 | Rake $0 | Jackpot $0 | Bingo $0 | Fortune $0 | Tax $0
Seat 1: Hero (small blind) folded before Flop
Seat 2: 2170d0b6 (big blind) collected ($0.1)
Seat 3: 4b090c1c folded before Flop (didn't bet)
Seat 4: 2e90da5b folded before Flop (didn't bet)
Seat 5: 34f09f8a folded before Flop (didn't bet)
Seat 6: fc067425 (button) folded before Flop (didn't bet)


Poker Hand #HD1857905291: Hold'em No Limit ($0.05/$0.1) - 2024/07/15 15:25:36
Table 'NLHRed47' 6-max Seat #5 is the button
Seat 1: Hero ($10 in chips)
Seat 2: 2170d0b6 ($12.53 in chips)
Seat 3: 4b090c1c ($5.16 in chips)
Seat 4: 2e90da5b ($10 in chips)
Seat 5: 34f09f8a ($10 in chips)
Seat 6: fc067425 ($13.41 in chips)
fc067425: posts small blind $0.05
Hero: posts big blind $0.1
*** HOLE CARDS ***
Dealt to Hero [Ah Th]
Dealt to 2170d0b6 
Dealt to 4b090c1c 
Dealt to 2e90da5b 
Dealt to 34f09f8a 
Dealt to fc067425 
2170d0b6: folds
4b090c1c: folds
2e90da5b: folds
34f09f8a: folds
fc067425: folds
Uncalled bet ($0.05) returned to Hero
*** SHOWDOWN ***
Hero collected $0.1 from pot
*** SUMMARY ***
Total pot $0.1 | Rake $0 | Jackpot $0 | Bingo $0 | Fortune $0 | Tax $0
Seat 1: Hero (big blind) collected ($0.1)
Seat 2: 2170d0b6 folded before Flop (didn't bet)
Seat 3: 4b090c1c folded before Flop (didn't bet)
Seat 4: 2e90da5b folded before Flop (didn't bet)
Seat 5: 34f09f8a (button) folded before Flop (didn't bet)
Seat 6: fc067425 (small blind) folded before Flop


