Poker Hand #HD1770882011: Hold'em No Limit ($0.05/$0.1) - 2024/05/13 16:42:07
Table 'NLHRed25' 6-max Seat #2 is the button
Seat 1: 18d66829 ($10 in chips)
Seat 2: a75b79e6 ($13.34 in chips)
Seat 3: Hero ($13.68 in chips)
Seat 4: e58b22e1 ($12.3 in chips)
Seat 5: 62d2b650 ($14.03 in chips)
Seat 6: 5dfb0413 ($10 in chips)
Hero: posts small blind $0.05
e58b22e1: posts big blind $0.1
*** HOLE CARDS ***
Dealt to 18d66829 
Dealt to a75b79e6 
Dealt to Hero [3c Jc]
Dealt to e58b22e1 
Dealt to 62d2b650 
Dealt to 5dfb0413 
62d2b650: folds
5dfb0413: folds
18d66829: folds
a75b79e6: folds
Hero: raises $0.2 to $0.3
e58b22e1: folds
Uncalled bet ($0.2) returned to Hero
*** SHOWDOWN ***
Hero collected $0.2 from pot
*** SUMMARY ***
Total pot $0.2 | Rake $0 | Jackpot $0 | Bingo $0 | Fortune $0 | Tax $0
Seat 1: 18d66829 folded before Flop (didn't bet)
Seat 2: a75b79e6 (button) folded before Flop (didn't bet)
Seat 3: Hero (small blind) collected ($0.2)
Seat 4: e58b22e1 (big blind) folded before Flop
Seat 5: 62d2b650 folded before Flop (didn't bet)
Seat 6: 5dfb0413 folded before Flop (didn't bet)


Poker Hand #HD1770881977: Hold'em No Limit ($0.05/$0.1) - 2024/05/13 16:41:53
Table 'NLHRed25' 6-max Seat #1 is the button
Seat 1: 18d66829 ($10 in chips)
Seat 2: a75b79e6 ($13.24 in chips)
Seat 3: Hero ($13.78 in chips)
Seat 4: e58b22e1 ($12.3 in chips)
Seat 5: 62d2b650 ($14.03 in chips)
Seat 6: 5dfb0413 ($10 in chips)
a75b79e6: posts small blind $0.05
Hero: posts big blind $0.1
*** HOLE CARDS ***
Dealt to 18d66829 
Dealt to a75b79e6 
Dealt to Hero [5s Th]
Dealt to e58b22e1 
Dealt to 62d2b650 
Dealt to 5dfb0413 
e58b22e1: folds
62d2b650: folds
5dfb0413: folds
18d66829: folds
a75b79e6: raises $0.2 to $0.3
Hero: folds
Uncalled bet ($0.2) returned to a75b79e6
*** SHOWDOWN ***
a75b79e6 collected $0.2 from pot
*** SUMMARY ***
Total pot $0.2 | Rake $0 | Jackpot $0 | Bingo $0 | Fortune $0 | Tax $0
Seat 1: 18d66829 (button) folded before Flop (didn't bet)
Seat 2: a75b79e6 (small blind) collected ($0.2)
Seat 3: Hero (big blind) folded before Flop
Seat 4: e58b22e1 folded before Flop (didn't bet)
Seat 5: 62d2b650 folded before Flop (didn't bet)
Seat 6: 5dfb0413 folded before Flop (didn't bet)


Poker Hand #HD1770881853: Hold'em No Limit ($0.05/$0.1) - 2024/05/13 16:40:47
Table 'NLHRed25' 6-max Seat #6 is the button
Seat 1: 18d66829 ($10.05 in chips)
Seat 2: a75b79e6 ($13.34 in chips)
Seat 3: Hero ($14.74 in chips)
Seat 4: e58b22e1 ($12.3 in chips)
Seat 5: 62d2b650 ($13.02 in chips)
Seat 6: 5dfb0413 ($10 in chips)
18d66829: posts small blind $0.05
a75b79e6: posts big blind $0.1
*** HOLE CARDS ***
Dealt to 18d66829 
Dealt to a75b79e6 
Dealt to Hero [Ah Ts]
Dealt to e58b22e1 
Dealt to 62d2b650 
Dealt to 5dfb0413 
Hero: raises $0.1 to $0.2
e58b22e1: folds
62d2b650: calls $0.2
5dfb0413: folds
18d66829: folds
a75b79e6: folds
*** FLOP *** [3s Ac 2c]
Hero: checks
62d2b650: bets $0.21
Hero: calls $0.21
*** TURN *** [3s Ac 2c] [Jd]
Hero: checks
62d2b650: checks
*** RIVER *** [3s Ac 2c Jd] [Qd]
Hero: checks
62d2b650: bets $0.55
Hero: calls $0.55
62d2b650: shows [3h 3c] (Three Treys)
Hero: shows [Ah Ts] (Pair of Aces)
*** SHOWDOWN ***
62d2b650 collected $1.97 from pot
*** SUMMARY ***
Total pot $2.07 | Rake $0.1 | Jackpot $0 | Bingo $0 | Fortune $0 | Tax $0
Board [3s Ac 2c Jd Qd]
Seat 1: 18d66829 (small blind) folded before Flop
Seat 2: a75b79e6 (big blind) folded before Flop
Seat 3: Hero showed [Ah Ts] and lost with Pair of Aces
Seat 4: e58b22e1 folded before Flop (didn't bet)
Seat 5: 62d2b650 showed [3h 3c] and won ($1.97) with Three Treys
Seat 6: 5dfb0413 (button) folded before Flop (didn't bet)


Poker Hand #HD1770881833: Hold'em No Limit ($0.05/$0.1) - 2024/05/13 16:40:39
Table 'NLHRed25' 6-max Seat #5 is the button
Seat 1: 18d66829 ($10 in chips)
Seat 2: a75b79e6 ($13.34 in chips)
Seat 3: Hero ($14.74 in chips)
Seat 4: e58b22e1 ($12.3 in chips)
Seat 5: 62d2b650 ($13.02 in chips)
Seat 6: 5dfb0413 ($10.05 in chips)
5dfb0413: posts small blind $0.05
18d66829: posts big blind $0.1
*** HOLE CARDS ***
Dealt to 18d66829 
Dealt to a75b79e6 
Dealt to Hero [9s Td]
Dealt to e58b22e1 
Dealt to 62d2b650 
Dealt to 5dfb0413 
a75b79e6: folds
Hero: folds
e58b22e1: folds
62d2b650: folds
5dfb0413: folds
Uncalled bet ($0.05) returned to 18d66829
*** SHOWDOWN ***
18d66829 collected $0.1 from pot
*** SUMMARY ***
Total pot $0.1 | Rake $0 | Jackpot $0 | Bingo $0 | Fortune $0 | Tax $0
Seat 1: 18d66829 (big blind) collected ($0.1)
Seat 2: a75b79e6 folded before Flop (didn't bet)
Seat 3: Hero folded before Flop (didn't bet)
Seat 4: e58b22e1 folded before Flop (didn't bet)
Seat 5: 62d2b650 (button) folded before Flop (didn't bet)
Seat 6: 5dfb0413 (small blind) folded before Flop


Poker Hand #HD1770881813: Hold'em No Limit ($0.05/$0.1) - 2024/05/13 16:40:29
Table 'NLHRed25' 6-max Seat #4 is the button
Seat 2: a75b79e6 ($13.19 in chips)
Seat 3: Hero ($14.74 in chips)
Seat 4: e58b22e1 ($12.3 in chips)
Seat 5: 62d2b650 ($13.07 in chips)
Seat 6: 5dfb0413 ($10.15 in chips)
62d2b650: posts small blind $0.05
5dfb0413: posts big blind $0.1
*** HOLE CARDS ***
Dealt to a75b79e6 
Dealt to Hero [7d Ad]
Dealt to e58b22e1 
Dealt to 62d2b650 
Dealt to 5dfb0413 
a75b79e6: raises $0.1 to $0.2
Hero: folds
e58b22e1: folds
62d2b650: folds
5dfb0413: folds
Uncalled bet ($0.1) returned to a75b79e6
*** SHOWDOWN ***
a75b79e6 collected $0.25 from pot
*** SUMMARY ***
Total pot $0.25 | Rake $0 | Jackpot $0 | Bingo $0 | Fortune $0 | Tax $0
Seat 2: a75b79e6 collected ($0.25)
Seat 3: Hero folded before Flop (didn't bet)
Seat 4: e58b22e1 (button) folded before Flop (didn't bet)
Seat 5: 62d2b650 (small blind) folded before Flop
Seat 6: 5dfb0413 (big blind) folded before Flop


Poker Hand #HD1770881781: Hold'em No Limit ($0.05/$0.1) - 2024/05/13 16:40:18
Table 'NLHRed25' 6-max Seat #3 is the button
Seat 2: a75b79e6 ($13.19 in chips)
Seat 3: Hero ($14.59 in chips)
Seat 4: e58b22e1 ($12.35 in chips)
Seat 5: 62d2b650 ($13.17 in chips)
Seat 6: 5dfb0413 ($10.15 in chips)
e58b22e1: posts small blind $0.05
62d2b650: posts big blind $0.1
*** HOLE CARDS ***
Dealt to a75b79e6 
Dealt to Hero [Th 9h]
Dealt to e58b22e1 
Dealt to 62d2b650 
Dealt to 5dfb0413 
5dfb0413: folds
a75b79e6: folds
Hero: raises $0.14 to $0.24
e58b22e1: folds
62d2b650: folds
Uncalled bet ($0.14) returned to Hero
*** SHOWDOWN ***
Hero collected $0.25 from pot
*** SUMMARY ***
Total pot $0.25 | Rake $0 | Jackpot $0 | Bingo $0 | Fortune $0 | Tax $0
Seat 2: a75b79e6 folded before Flop (didn't bet)
Seat 3: Hero (button) collected ($0.25)
Seat 4: e58b22e1 (small blind) folded before Flop
Seat 5: 62d2b650 (big blind) folded before Flop
Seat 6: 5dfb0413 folded before Flop (didn't bet)


Poker Hand #HD1770881766: Hold'em No Limit ($0.05/$0.1) - 2024/05/13 16:40:11
Table 'NLHRed25' 6-max Seat #2 is the button
Seat 2: a75b79e6 ($13.19 in chips)
Seat 3: Hero ($14.64 in chips)
Seat 4: e58b22e1 ($12.3 in chips)
Seat 5: 62d2b650 ($13.17 in chips)
Seat 6: 5dfb0413 ($10.15 in chips)
Hero: posts small blind $0.05
e58b22e1: posts big blind $0.1
*** HOLE CARDS ***
Dealt to a75b79e6 
Dealt to Hero [2d Ts]
Dealt to e58b22e1 
Dealt to 62d2b650 
Dealt to 5dfb0413 
62d2b650: folds
5dfb0413: folds
a75b79e6: folds
Hero: folds
Uncalled bet ($0.05) returned to e58b22e1
*** SHOWDOWN ***
e58b22e1 collected $0.1 from pot
*** SUMMARY ***
Total pot $0.1 | Rake $0 | Jackpot $0 | Bingo $0 | Fortune $0 | Tax $0
Seat 2: a75b79e6 (button) folded before Flop (didn't bet)
Seat 3: Hero (small blind) folded before Flop
Seat 4: e58b22e1 (big blind) collected ($0.1)
Seat 5: 62d2b650 folded before Flop (didn't bet)
Seat 6: 5dfb0413 folded before Flop (didn't bet)


Poker Hand #HD1770881739: Hold'em No Limit ($0.05/$0.1) - 2024/05/13 16:39:57
Table 'NLHRed25' 6-max Seat #6 is the button
Seat 2: a75b79e6 ($13.24 in chips)
Seat 3: Hero ($14.74 in chips)
Seat 4: e58b22e1 ($12.3 in chips)
Seat 5: 62d2b650 ($13.17 in chips)
Seat 6: 5dfb0413 ($10 in chips)
a75b79e6: posts small blind $0.05
Hero: posts big blind $0.1
*** HOLE CARDS ***
Dealt to a75b79e6 
Dealt to Hero [Qc 8s]
Dealt to e58b22e1 
Dealt to 62d2b650 
Dealt to 5dfb0413 
e58b22e1: folds
62d2b650: folds
5dfb0413: raises $0.16 to $0.26
a75b79e6: folds
Hero: folds
Uncalled bet ($0.16) returned to 5dfb0413
*** SHOWDOWN ***
5dfb0413 collected $0.25 from pot
*** SUMMARY ***
Total pot $0.25 | Rake $0 | Jackpot $0 | Bingo $0 | Fortune $0 | Tax $0
Seat 2: a75b79e6 (small blind) folded before Flop
Seat 3: Hero (big blind) folded before Flop
Seat 4: e58b22e1 folded before Flop (didn't bet)
Seat 5: 62d2b650 folded before Flop (didn't bet)
Seat 6: 5dfb0413 (button) collected ($0.25)


Poker Hand #HD1770881683: Hold'em No Limit ($0.05/$0.1) - 2024/05/13 16:39:25
Table 'NLHRed25' 6-max Seat #5 is the button
Seat 2: a75b79e6 ($12.53 in chips)
Seat 3: Hero ($14.74 in chips)
Seat 4: e58b22e1 ($12.3 in chips)
Seat 5: 62d2b650 ($13.17 in chips)
Seat 6: 5dfb0413 ($10 in chips)
5dfb0413: posts small blind $0.05
a75b79e6: posts big blind $0.1
*** HOLE CARDS ***
Dealt to a75b79e6 
Dealt to Hero [5s 9d]
Dealt to e58b22e1 
Dealt to 62d2b650 
Dealt to 5dfb0413 
Hero: folds
e58b22e1: folds
62d2b650: folds
5dfb0413: raises $0.16 to $0.26
a75b79e6: raises $0.52 to $0.78
5dfb0413: calls $0.52
*** FLOP *** [6c Kd 6h]
5dfb0413: checks
a75b79e6: bets $0.39
5dfb0413: folds
Uncalled bet ($0.39) returned to a75b79e6
*** SHOWDOWN ***
a75b79e6 collected $1.49 from pot
*** SUMMARY ***
Total pot $1.56 | Rake $0.07 | Jackpot $0 | Bingo $0 | Fortune $0 | Tax $0
Board [6c Kd 6h]
Seat 2: a75b79e6 (big blind) won ($1.49)
Seat 3: Hero folded before Flop (didn't bet)
Seat 4: e58b22e1 folded before Flop (didn't bet)
Seat 5: 62d2b650 (button) folded before Flop (didn't bet)
Seat 6: 5dfb0413 (small blind) folded on the Flop


Poker Hand #HD1770881638: Hold'em No Limit ($0.05/$0.1) - 2024/05/13 16:39:03
Table 'NLHRed25' 6-max Seat #4 is the button
Seat 2: a75b79e6 ($12.53 in chips)
Seat 3: Hero ($14.74 in chips)
Seat 4: e58b22e1 ($12.3 in chips)
Seat 5: 62d2b650 ($13.07 in chips)
Seat 6: 5dfb0413 ($10 in chips)
62d2b650: posts small blind $0.05
5dfb0413: posts big blind $0.1
*** HOLE CARDS ***
Dealt to a75b79e6 
Dealt to Hero [8h 7c]
Dealt to e58b22e1 
Dealt to 62d2b650 
Dealt to 5dfb0413 
a75b79e6: folds
Hero: folds
e58b22e1: folds
62d2b650: raises $0.2 to $0.3
5dfb0413: folds
Uncalled bet ($0.2) returned to 62d2b650
*** SHOWDOWN ***
62d2b650 collected $0.2 from pot
*** SUMMARY ***
Total pot $0.2 | Rake $0 | Jackpot $0 | Bingo $0 | Fortune $0 | Tax $0
Seat 2: a75b79e6 folded before Flop (didn't bet)
Seat 3: Hero folded before Flop (didn't bet)
Seat 4: e58b22e1 (button) folded before Flop (didn't bet)
Seat 5: 62d2b650 (small blind) collected ($0.2)
Seat 6: 5dfb0413 (big blind) folded before Flop


Poker Hand #HD1770881620: Hold'em No Limit ($0.05/$0.1) - 2024/05/13 16:38:53
Table 'NLHRed25' 6-max Seat #3 is the button
Seat 2: a75b79e6 ($12.53 in chips)
Seat 3: Hero ($14.59 in chips)
Seat 4: e58b22e1 ($12.35 in chips)
Seat 5: 62d2b650 ($13.17 in chips)
Seat 6: 5dfb0413 ($10 in chips)
e58b22e1: posts small blind $0.05
62d2b650: posts big blind $0.1
*** HOLE CARDS ***
Dealt to a75b79e6 
Dealt to Hero [Ks 9c]
Dealt to e58b22e1 
Dealt to 62d2b650 
Dealt to 5dfb0413 
5dfb0413: folds
a75b79e6: folds
Hero: raises $0.14 to $0.24
e58b22e1: folds
62d2b650: folds
Uncalled bet ($0.14) returned to Hero
*** SHOWDOWN ***
Hero collected $0.25 from pot
*** SUMMARY ***
Total pot $0.25 | Rake $0 | Jackpot $0 | Bingo $0 | Fortune $0 | Tax $0
Seat 2: a75b79e6 folded before Flop (didn't bet)
Seat 3: Hero (button) collected ($0.25)
Seat 4: e58b22e1 (small blind) folded before Flop
Seat 5: 62d2b650 (big blind) folded before Flop
Seat 6: 5dfb0413 folded before Flop (didn't bet)


Poker Hand #HD1770881595: Hold'em No Limit ($0.05/$0.1) - 2024/05/13 16:38:42
Table 'NLHRed25' 6-max Seat #2 is the button
Seat 2: a75b79e6 ($12.53 in chips)
Seat 3: Hero ($14.49 in chips)
Seat 4: e58b22e1 ($12.45 in chips)
Seat 5: 62d2b650 ($13.17 in chips)
Seat 6: 5dfb0413 ($10 in chips)
Hero: posts small blind $0.05
e58b22e1: posts big blind $0.1
*** HOLE CARDS ***
Dealt to a75b79e6 
Dealt to Hero [As Kd]
Dealt to e58b22e1 
Dealt to 62d2b650 
Dealt to 5dfb0413 
62d2b650: folds
5dfb0413: folds
a75b79e6: folds
Hero: raises $0.2 to $0.3
e58b22e1: folds
Uncalled bet ($0.2) returned to Hero
*** SHOWDOWN ***
Hero collected $0.2 from pot
*** SUMMARY ***
Total pot $0.2 | Rake $0 | Jackpot $0 | Bingo $0 | Fortune $0 | Tax $0
Seat 2: a75b79e6 (button) folded before Flop (didn't bet)
Seat 3: Hero (small blind) collected ($0.2)
Seat 4: e58b22e1 (big blind) folded before Flop
Seat 5: 62d2b650 folded before Flop (didn't bet)
Seat 6: 5dfb0413 folded before Flop (didn't bet)


Poker Hand #HD1770881537: Hold'em No Limit ($0.05/$0.1) - 2024/05/13 16:38:13
Table 'NLHRed25' 6-max Seat #6 is the button
Seat 2: a75b79e6 ($12.26 in chips)
Seat 3: Hero ($14.79 in chips)
Seat 4: e58b22e1 ($12.45 in chips)
Seat 5: 62d2b650 ($13.17 in chips)
Seat 6: 5dfb0413 ($10 in chips)
a75b79e6: posts small blind $0.05
Hero: posts big blind $0.1
*** HOLE CARDS ***
Dealt to a75b79e6 
Dealt to Hero [Jh 9h]
Dealt to e58b22e1 
Dealt to 62d2b650 
Dealt to 5dfb0413 
e58b22e1: folds
62d2b650: folds
5dfb0413: folds
a75b79e6: raises $0.2 to $0.3
Hero: calls $0.2
*** FLOP *** [7h 2d 5c]
a75b79e6: checks
Hero: checks
*** TURN *** [7h 2d 5c] [2c]
a75b79e6: bets $0.15
Hero: folds
Uncalled bet ($0.15) returned to a75b79e6
*** SHOWDOWN ***
a75b79e6 collected $0.57 from pot
*** SUMMARY ***
Total pot $0.6 | Rake $0.03 | Jackpot $0 | Bingo $0 | Fortune $0 | Tax $0
Board [7h 2d 5c 2c]
Seat 2: a75b79e6 (small blind) won ($0.57)
Seat 3: Hero (big blind) folded on the Turn
Seat 4: e58b22e1 folded before Flop (didn't bet)
Seat 5: 62d2b650 folded before Flop (didn't bet)
Seat 6: 5dfb0413 (button) folded before Flop (didn't bet)


Poker Hand #HD1770881491: Hold'em No Limit ($0.05/$0.1) - 2024/05/13 16:37:52
Table 'NLHRed25' 6-max Seat #5 is the button
Seat 2: a75b79e6 ($12.21 in chips)
Seat 3: Hero ($14.79 in chips)
Seat 4: e58b22e1 ($12.45 in chips)
Seat 5: 62d2b650 ($13.17 in chips)
Seat 6: 5dfb0413 ($10 in chips)
5dfb0413: posts small blind $0.05
a75b79e6: posts big blind $0.1
*** HOLE CARDS ***
Dealt to a75b79e6 
Dealt to Hero [7s 2d]
Dealt to e58b22e1 
Dealt to 62d2b650 
Dealt to 5dfb0413 
Hero: folds
e58b22e1: folds
62d2b650: folds
5dfb0413: folds
Uncalled bet ($0.05) returned to a75b79e6
*** SHOWDOWN ***
a75b79e6 collected $0.1 from pot
*** SUMMARY ***
Total pot $0.1 | Rake $0 | Jackpot $0 | Bingo $0 | Fortune $0 | Tax $0
Seat 2: a75b79e6 (big blind) collected ($0.1)
Seat 3: Hero folded before Flop (didn't bet)
Seat 4: e58b22e1 folded before Flop (didn't bet)
Seat 5: 62d2b650 (button) folded before Flop (didn't bet)
Seat 6: 5dfb0413 (small blind) folded before Flop


Poker Hand #HD1770881367: Hold'em No Limit ($0.05/$0.1) - 2024/05/13 16:36:55
Table 'NLHRed25' 6-max Seat #4 is the button
Seat 1: 914e0292 ($2.4 in chips)
Seat 2: a75b79e6 ($10 in chips)
Seat 3: Hero ($14.79 in chips)
Seat 4: e58b22e1 ($12.45 in chips)
Seat 5: 62d2b650 ($13.22 in chips)
Seat 6: 5dfb0413 ($10 in chips)
62d2b650: posts small blind $0.05
5dfb0413: posts big blind $0.1
*** HOLE CARDS ***
Dealt to 914e0292 
Dealt to a75b79e6 
Dealt to Hero [3d 7h]
Dealt to e58b22e1 
Dealt to 62d2b650 
Dealt to 5dfb0413 
914e0292: calls $0.1
a75b79e6: raises $0.3 to $0.4
Hero: folds
e58b22e1: folds
62d2b650: folds
5dfb0413: folds
914e0292: calls $0.3
*** FLOP *** [2c Jd 2s]
914e0292: checks
a75b79e6: bets $0.24
914e0292: calls $0.24
*** TURN *** [2c Jd 2s] [3h]
914e0292: checks
a75b79e6: checks
*** RIVER *** [2c Jd 2s 3h] [7s]
914e0292: bets $1.43
a75b79e6: raises $1.43 to $2.86
914e0292: calls $0.33 and is all-in
Uncalled bet ($1.1) returned to a75b79e6
a75b79e6: shows [7c 7d] (Sevens Full over Twos)
914e0292: shows [6d Td] (Pair of Twos)
*** SHOWDOWN ***
a75b79e6 collected $4.61 from pot
*** SUMMARY ***
Total pot $4.95 | Rake $0.24 | Jackpot $0.1 | Bingo $0 | Fortune $0 | Tax $0
Board [2c Jd 2s 3h 7s]
Seat 1: 914e0292 showed [6d Td] and lost with Pair of Twos
Seat 2: a75b79e6 showed [7c 7d] and won ($4.61) with Sevens Full over Twos
Seat 3: Hero folded before Flop (didn't bet)
Seat 4: e58b22e1 (button) folded before Flop (didn't bet)
Seat 5: 62d2b650 (small blind) folded before Flop
Seat 6: 5dfb0413 (big blind) folded before Flop


Poker Hand #HD1770881350: Hold'em No Limit ($0.05/$0.1) - 2024/05/13 16:36:46
Table 'NLHRed25' 6-max Seat #3 is the button
Seat 1: 914e0292 ($2.4 in chips)
Seat 2: a75b79e6 ($10 in chips)
Seat 3: Hero ($14.79 in chips)
Seat 4: e58b22e1 ($12.5 in chips)
Seat 5: 62d2b650 ($13.17 in chips)
e58b22e1: posts small blind $0.05
62d2b650: posts big blind $0.1
*** HOLE CARDS ***
Dealt to 914e0292 
Dealt to a75b79e6 
Dealt to Hero [5c Qc]
Dealt to e58b22e1 
Dealt to 62d2b650 
914e0292: folds
a75b79e6: folds
Hero: folds
e58b22e1: folds
Uncalled bet ($0.05) returned to 62d2b650
*** SHOWDOWN ***
62d2b650 collected $0.1 from pot
*** SUMMARY ***
Total pot $0.1 | Rake $0 | Jackpot $0 | Bingo $0 | Fortune $0 | Tax $0
Seat 1: 914e0292 folded before Flop (didn't bet)
Seat 2: a75b79e6 folded before Flop (didn't bet)
Seat 3: Hero (button) folded before Flop (didn't bet)
Seat 4: e58b22e1 (small blind) folded before Flop
Seat 5: 62d2b650 (big blind) collected ($0.1)


Poker Hand #HD1770881262: Hold'em No Limit ($0.05/$0.1) - 2024/05/13 16:36:01
Table 'NLHRed25' 6-max Seat #2 is the button
Seat 1: 914e0292 ($4.7 in chips)
Seat 2: a75b79e6 ($10 in chips)
Seat 3: Hero ($14.84 in chips)
Seat 4: e58b22e1 ($10.09 in chips)
Seat 5: 62d2b650 ($13.17 in chips)
Hero: posts small blind $0.05
e58b22e1: posts big blind $0.1
*** HOLE CARDS ***
Dealt to 914e0292 
Dealt to a75b79e6 
Dealt to Hero [5s Jh]
Dealt to e58b22e1 
Dealt to 62d2b650 
62d2b650: folds
914e0292: calls $0.1
a75b79e6: raises $0.3 to $0.4
Hero: folds
e58b22e1: calls $0.3
914e0292: calls $0.3
*** FLOP *** [9s Ad 2h]
e58b22e1: checks
914e0292: checks
a75b79e6: checks
*** TURN *** [9s Ad 2h] [3d]
e58b22e1: bets $0.7
914e0292: calls $0.7
a75b79e6: folds
*** RIVER *** [9s Ad 2h 3d] [9h]
e58b22e1: bets $1.2
914e0292: calls $1.2
e58b22e1: shows [2s 2d] (Twos Full over Nines)
914e0292: shows [4d As] (Pair of Aces and Pair of Nines)
*** SHOWDOWN ***
e58b22e1 collected $4.71 from pot
*** SUMMARY ***
Total pot $5.05 | Rake $0.24 | Jackpot $0.1 | Bingo $0 | Fortune $0 | Tax $0
Board [9s Ad 2h 3d 9h]
Seat 1: 914e0292 showed [4d As] and lost with Pair of Aces and Pair of Nines
Seat 2: a75b79e6 (button) folded on the Turn
Seat 3: Hero (small blind) folded before Flop
Seat 4: e58b22e1 (big blind) showed [2s 2d] and won ($4.71) with Twos Full over Nines
Seat 5: 62d2b650 folded before Flop (didn't bet)


Poker Hand #HD1770881170: Hold'em No Limit ($0.05/$0.1) - 2024/05/13 16:35:17
Table 'NLHRed25' 6-max Seat #1 is the button
Seat 1: 914e0292 ($4.8 in chips)
Seat 2: a75b79e6 ($10 in chips)
Seat 3: Hero ($14.29 in chips)
Seat 4: e58b22e1 ($10.09 in chips)
Seat 5: 62d2b650 ($13.17 in chips)
a75b79e6: posts small blind $0.05
Hero: posts big blind $0.1
*** HOLE CARDS ***
Dealt to 914e0292 
Dealt to a75b79e6 
Dealt to Hero [As Kh]
Dealt to e58b22e1 
Dealt to 62d2b650 
e58b22e1: folds
62d2b650: folds
914e0292: calls $0.1
a75b79e6: raises $0.4 to $0.5
Hero: raises $1.1 to $1.6
914e0292: folds
a75b79e6: folds
Uncalled bet ($1.1) returned to Hero
*** SHOWDOWN ***
Hero collected $1.05 from pot
*** SUMMARY ***
Total pot $1.1 | Rake $0.05 | Jackpot $0 | Bingo $0 | Fortune $0 | Tax $0
Seat 1: 914e0292 (button) folded before Flop
Seat 2: a75b79e6 (small blind) folded before Flop
Seat 3: Hero (big blind) collected ($1.05)
Seat 4: e58b22e1 folded before Flop (didn't bet)
Seat 5: 62d2b650 folded before Flop (didn't bet)


Poker Hand #HD1770881127: Hold'em No Limit ($0.05/$0.1) - 2024/05/13 16:34:55
Table 'NLHRed25' 6-max Seat #5 is the button
Seat 1: 914e0292 ($4.9 in chips)
Seat 2: a75b79e6 ($10 in chips)
Seat 3: Hero ($14.29 in chips)
Seat 4: e58b22e1 ($10.09 in chips)
Seat 5: 62d2b650 ($13.02 in chips)
Seat 6: 1b22a08a ($11.76 in chips)
1b22a08a: posts small blind $0.05
914e0292: posts big blind $0.1
*** HOLE CARDS ***
Dealt to 914e0292 
Dealt to a75b79e6 
Dealt to Hero [9h 2h]
Dealt to e58b22e1 
Dealt to 62d2b650 
Dealt to 1b22a08a 
a75b79e6: folds
Hero: folds
e58b22e1: folds
62d2b650: raises $0.13 to $0.23
1b22a08a: folds
914e0292: folds
Uncalled bet ($0.13) returned to 62d2b650
*** SHOWDOWN ***
62d2b650 collected $0.25 from pot
*** SUMMARY ***
Total pot $0.25 | Rake $0 | Jackpot $0 | Bingo $0 | Fortune $0 | Tax $0
Seat 1: 914e0292 (big blind) folded before Flop
Seat 2: a75b79e6 folded before Flop (didn't bet)
Seat 3: Hero folded before Flop (didn't bet)
Seat 4: e58b22e1 folded before Flop (didn't bet)
Seat 5: 62d2b650 (button) collected ($0.25)
Seat 6: 1b22a08a (small blind) folded before Flop


Poker Hand #HD1770881070: Hold'em No Limit ($0.05/$0.1) - 2024/05/13 16:34:26
Table 'NLHRed25' 6-max Seat #4 is the button
Seat 1: 914e0292 ($4.9 in chips)
Seat 2: a75b79e6 ($10 in chips)
Seat 3: Hero ($14.29 in chips)
Seat 4: e58b22e1 ($10.09 in chips)
Seat 5: 62d2b650 ($13.07 in chips)
Seat 6: 1b22a08a ($11.71 in chips)
62d2b650: posts small blind $0.05
1b22a08a: posts big blind $0.1
*** HOLE CARDS ***
Dealt to 914e0292 
Dealt to a75b79e6 
Dealt to Hero [4s 9s]
Dealt to e58b22e1 
Dealt to 62d2b650 
Dealt to 1b22a08a 
914e0292: folds
a75b79e6: folds
Hero: folds
e58b22e1: folds
62d2b650: folds
Uncalled bet ($0.05) returned to 1b22a08a
*** SHOWDOWN ***
1b22a08a collected $0.1 from pot
*** SUMMARY ***
Total pot $0.1 | Rake $0 | Jackpot $0 | Bingo $0 | Fortune $0 | Tax $0
Seat 1: 914e0292 folded before Flop (didn't bet)
Seat 2: a75b79e6 folded before Flop (didn't bet)
Seat 3: Hero folded before Flop (didn't bet)
Seat 4: e58b22e1 (button) folded before Flop (didn't bet)
Seat 5: 62d2b650 (small blind) folded before Flop
Seat 6: 1b22a08a (big blind) collected ($0.1)


Poker Hand #HD1770881042: Hold'em No Limit ($0.05/$0.1) - 2024/05/13 16:34:14
Table 'NLHRed25' 6-max Seat #3 is the button
Seat 1: 914e0292 ($4.9 in chips)
Seat 2: a75b79e6 ($10 in chips)
Seat 3: Hero ($14.29 in chips)
Seat 4: e58b22e1 ($10.14 in chips)
Seat 5: 62d2b650 ($13.17 in chips)
Seat 6: 1b22a08a ($11.56 in chips)
e58b22e1: posts small blind $0.05
62d2b650: posts big blind $0.1
*** HOLE CARDS ***
Dealt to 914e0292 
Dealt to a75b79e6 
Dealt to Hero [Qc 2s]
Dealt to e58b22e1 
Dealt to 62d2b650 
Dealt to 1b22a08a 
1b22a08a: raises $0.1 to $0.2
914e0292: folds
a75b79e6: folds
Hero: folds
e58b22e1: folds
62d2b650: folds
Uncalled bet ($0.1) returned to 1b22a08a
*** SHOWDOWN ***
1b22a08a collected $0.25 from pot
*** SUMMARY ***
Total pot $0.25 | Rake $0 | Jackpot $0 | Bingo $0 | Fortune $0 | Tax $0
Seat 1: 914e0292 folded before Flop (didn't bet)
Seat 2: a75b79e6 folded before Flop (didn't bet)
Seat 3: Hero (button) folded before Flop (didn't bet)
Seat 4: e58b22e1 (small blind) folded before Flop
Seat 5: 62d2b650 (big blind) folded before Flop
Seat 6: 1b22a08a collected ($0.25)


Poker Hand #HD1770880978: Hold'em No Limit ($0.05/$0.1) - 2024/05/13 16:33:43
Table 'NLHRed25' 6-max Seat #2 is the button
Seat 1: 914e0292 ($5 in chips)
Seat 2: a75b79e6 ($10 in chips)
Seat 3: Hero ($14.34 in chips)
Seat 4: e58b22e1 ($10 in chips)
Seat 5: 62d2b650 ($13.17 in chips)
Seat 6: 1b22a08a ($11.56 in chips)
Hero: posts small blind $0.05
e58b22e1: posts big blind $0.1
*** HOLE CARDS ***
Dealt to 914e0292 
Dealt to a75b79e6 
Dealt to Hero [Ah 3h]
Dealt to e58b22e1 
Dealt to 62d2b650 
Dealt to 1b22a08a 
62d2b650: folds
1b22a08a: folds
914e0292: calls $0.1
a75b79e6: folds
Hero: folds
e58b22e1: checks
*** FLOP *** [3s Ad 2d]
e58b22e1: checks
914e0292: checks
*** TURN *** [3s Ad 2d] [6d]
e58b22e1: bets $0.1
914e0292: folds
Uncalled bet ($0.1) returned to e58b22e1
*** SHOWDOWN ***
e58b22e1 collected $0.24 from pot
*** SUMMARY ***
Total pot $0.25 | Rake $0.01 | Jackpot $0 | Bingo $0 | Fortune $0 | Tax $0
Board [3s Ad 2d 6d]
Seat 1: 914e0292 folded on the Turn
Seat 2: a75b79e6 (button) folded before Flop (didn't bet)
Seat 3: Hero (small blind) folded before Flop
Seat 4: e58b22e1 (big blind) won ($0.24)
Seat 5: 62d2b650 folded before Flop (didn't bet)
Seat 6: 1b22a08a folded before Flop (didn't bet)


Poker Hand #HD1770880959: Hold'em No Limit ($0.05/$0.1) - 2024/05/13 16:33:34
Table 'NLHRed25' 6-max Seat #1 is the button
Seat 1: 914e0292 ($5 in chips)
Seat 2: a75b79e6 ($10.02 in chips)
Seat 3: Hero ($14.29 in chips)
Seat 5: 62d2b650 ($13.17 in chips)
Seat 6: 1b22a08a ($11.56 in chips)
a75b79e6: posts small blind $0.05
Hero: posts big blind $0.1
*** HOLE CARDS ***
Dealt to 914e0292 
Dealt to a75b79e6 
Dealt to Hero [2c Jd]
Dealt to 62d2b650 
Dealt to 1b22a08a 
62d2b650: folds
1b22a08a: folds
914e0292: folds
a75b79e6: folds
Uncalled bet ($0.05) returned to Hero
*** SHOWDOWN ***
Hero collected $0.1 from pot
*** SUMMARY ***
Total pot $0.1 | Rake $0 | Jackpot $0 | Bingo $0 | Fortune $0 | Tax $0
Seat 1: 914e0292 (button) folded before Flop (didn't bet)
Seat 2: a75b79e6 (small blind) folded before Flop
Seat 3: Hero (big blind) collected ($0.1)
Seat 5: 62d2b650 folded before Flop (didn't bet)
Seat 6: 1b22a08a folded before Flop (didn't bet)


Poker Hand #HD1770880900: Hold'em No Limit ($0.05/$0.1) - 2024/05/13 16:33:06
Table 'NLHRed25' 6-max Seat #6 is the button
Seat 1: 914e0292 ($4.82 in chips)
Seat 2: a75b79e6 ($10.22 in chips)
Seat 3: Hero ($14.29 in chips)
Seat 5: 62d2b650 ($13.17 in chips)
Seat 6: 1b22a08a ($11.56 in chips)
914e0292: posts small blind $0.05
a75b79e6: posts big blind $0.1
*** HOLE CARDS ***
Dealt to 914e0292 
Dealt to a75b79e6 
Dealt to Hero [Th 9c]
Dealt to 62d2b650 
Dealt to 1b22a08a 
Hero: folds
62d2b650: folds
1b22a08a: folds
914e0292: calls $0.05
a75b79e6: checks
*** FLOP *** [Ks Kc 8d]
914e0292: checks
a75b79e6: bets $0.1
914e0292: raises $0.1 to $0.2
a75b79e6: folds
Uncalled bet ($0.1) returned to 914e0292
914e0292: shows [Qd]
*** SHOWDOWN ***
914e0292 collected $0.38 from pot
*** SUMMARY ***
Total pot $0.4 | Rake $0.02 | Jackpot $0 | Bingo $0 | Fortune $0 | Tax $0
Board [Ks Kc 8d]
Seat 1: 914e0292 (small blind) showed [Qd] and won ($0.38)
Seat 2: a75b79e6 (big blind) folded on the Flop
Seat 3: Hero folded before Flop (didn't bet)
Seat 5: 62d2b650 folded before Flop (didn't bet)
Seat 6: 1b22a08a (button) folded before Flop (didn't bet)


Poker Hand #HD1770880825: Hold'em No Limit ($0.05/$0.1) - 2024/05/13 16:32:32
Table 'NLHRed25' 6-max Seat #5 is the button
Seat 1: 914e0292 ($4 in chips)
Seat 2: a75b79e6 ($10.22 in chips)
Seat 3: Hero ($14.29 in chips)
Seat 5: 62d2b650 ($13.17 in chips)
Seat 6: 1b22a08a ($12.47 in chips)
1b22a08a: posts small blind $0.05
914e0292: posts big blind $0.1
*** HOLE CARDS ***
Dealt to 914e0292 
Dealt to a75b79e6 
Dealt to Hero [5c 8c]
Dealt to 62d2b650 
Dealt to 1b22a08a 
a75b79e6: folds
Hero: folds
62d2b650: folds
1b22a08a: raises $0.25 to $0.35
914e0292: calls $0.25
*** FLOP *** [Jd Tc Qc]
1b22a08a: bets $0.56
914e0292: calls $0.56
*** TURN *** [Jd Tc Qc] [Td]
1b22a08a: checks
914e0292: checks
*** RIVER *** [Jd Tc Qc Td] [6d]
1b22a08a: checks
914e0292: checks
1b22a08a: shows [Kc 4s] (Pair of Tens)
914e0292: shows [5s Ah] (Pair of Tens)
*** SHOWDOWN ***
914e0292 collected $1.73 from pot
*** SUMMARY ***
Total pot $1.82 | Rake $0.09 | Jackpot $0 | Bingo $0 | Fortune $0 | Tax $0
Board [Jd Tc Qc Td 6d]
Seat 1: 914e0292 (big blind) showed [5s Ah] and won ($1.73) with Pair of Tens
Seat 2: a75b79e6 folded before Flop (didn't bet)
Seat 3: Hero folded before Flop (didn't bet)
Seat 5: 62d2b650 (button) folded before Flop (didn't bet)
Seat 6: 1b22a08a (small blind) showed [Kc 4s] and lost with Pair of Tens


Poker Hand #HD1770880798: Hold'em No Limit ($0.05/$0.1) - 2024/05/13 16:32:18
Table 'NLHRed25' 6-max Seat #3 is the button
Seat 1: 914e0292 ($4 in chips)
Seat 2: a75b79e6 ($10.22 in chips)
Seat 3: Hero ($14.29 in chips)
Seat 5: 62d2b650 ($13.22 in chips)
Seat 6: 1b22a08a ($12.42 in chips)
62d2b650: posts small blind $0.05
1b22a08a: posts big blind $0.1
*** HOLE CARDS ***
Dealt to 914e0292 
Dealt to a75b79e6 
Dealt to Hero [2d Ac]
Dealt to 62d2b650 
Dealt to 1b22a08a 
914e0292: folds
a75b79e6: folds
Hero: folds
62d2b650: folds
Uncalled bet ($0.05) returned to 1b22a08a
*** SHOWDOWN ***
1b22a08a collected $0.1 from pot
*** SUMMARY ***
Total pot $0.1 | Rake $0 | Jackpot $0 | Bingo $0 | Fortune $0 | Tax $0
Seat 1: 914e0292 folded before Flop (didn't bet)
Seat 2: a75b79e6 folded before Flop (didn't bet)
Seat 3: Hero (button) folded before Flop (didn't bet)
Seat 5: 62d2b650 (small blind) folded before Flop
Seat 6: 1b22a08a (big blind) collected ($0.1)


Poker Hand #HD1770880784: Hold'em No Limit ($0.05/$0.1) - 2024/05/13 16:32:10
Table 'NLHRed25' 6-max Seat #2 is the button
Seat 2: a75b79e6 ($10.22 in chips)
Seat 3: Hero ($14.34 in chips)
Seat 5: 62d2b650 ($13.32 in chips)
Seat 6: 1b22a08a ($12.27 in chips)
Hero: posts small blind $0.05
62d2b650: posts big blind $0.1
*** HOLE CARDS ***
Dealt to a75b79e6 
Dealt to Hero [Qs Td]
Dealt to 62d2b650 
Dealt to 1b22a08a 
1b22a08a: raises $0.1 to $0.2
a75b79e6: folds
Hero: folds
62d2b650: folds
Uncalled bet ($0.1) returned to 1b22a08a
*** SHOWDOWN ***
1b22a08a collected $0.25 from pot
*** SUMMARY ***
Total pot $0.25 | Rake $0 | Jackpot $0 | Bingo $0 | Fortune $0 | Tax $0
Seat 2: a75b79e6 (button) folded before Flop (didn't bet)
Seat 3: Hero (small blind) folded before Flop
Seat 5: 62d2b650 (big blind) folded before Flop
Seat 6: 1b22a08a collected ($0.25)


Poker Hand #HD1770880709: Hold'em No Limit ($0.05/$0.1) - 2024/05/13 16:31:29
Table 'NLHRed25' 6-max Seat #6 is the button
Seat 1: 914e0292 ($2.36 in chips)
Seat 2: a75b79e6 ($10.32 in chips)
Seat 3: Hero ($14.34 in chips)
Seat 5: 62d2b650 ($13.32 in chips)
Seat 6: 1b22a08a ($10.14 in chips)
914e0292: posts small blind $0.05
a75b79e6: posts big blind $0.1
*** HOLE CARDS ***
Dealt to 914e0292 
Dealt to a75b79e6 
Dealt to Hero [4s Kh]
Dealt to 62d2b650 
Dealt to 1b22a08a 
Hero: folds
62d2b650: folds
1b22a08a: raises $0.1 to $0.2
914e0292: calls $0.15
a75b79e6: folds
*** FLOP *** [3h 6d 9s]
914e0292: checks
1b22a08a: bets $0.3
914e0292: calls $0.3
*** TURN *** [3h 6d 9s] [Jc]
914e0292: checks
1b22a08a: bets $0.6
914e0292: raises $1.26 to $1.86 and is all-in
1b22a08a: calls $1.26
914e0292: shows [Td Js] (Pair of Jacks)
1b22a08a: shows [3s 3c] (Three Treys)
*** RIVER *** [3h 6d 9s Jc] [9h]
*** SHOWDOWN ***
1b22a08a collected $4.49 from pot
*** SUMMARY ***
Total pot $4.82 | Rake $0.23 | Jackpot $0.1 | Bingo $0 | Fortune $0 | Tax $0
Board [3h 6d 9s Jc 9h]
Seat 1: 914e0292 (small blind) showed [Td Js] and lost with Pair of Jacks and Pair of Nines
Seat 2: a75b79e6 (big blind) folded before Flop
Seat 3: Hero folded before Flop (didn't bet)
Seat 5: 62d2b650 folded before Flop (didn't bet)
Seat 6: 1b22a08a (button) showed [3s 3c] and won ($4.49) with Treys Full over Nines


Poker Hand #HD1770880684: Hold'em No Limit ($0.05/$0.1) - 2024/05/13 16:31:17
Table 'NLHRed25' 6-max Seat #5 is the button
Seat 1: 914e0292 ($2.46 in chips)
Seat 2: a75b79e6 ($10.32 in chips)
Seat 3: Hero ($14.34 in chips)
Seat 5: 62d2b650 ($13.32 in chips)
Seat 6: 1b22a08a ($10.04 in chips)
1b22a08a: posts small blind $0.05
914e0292: posts big blind $0.1
*** HOLE CARDS ***
Dealt to 914e0292 
Dealt to a75b79e6 
Dealt to Hero [3c 9s]
Dealt to 62d2b650 
Dealt to 1b22a08a 
a75b79e6: folds
Hero: folds
62d2b650: folds
1b22a08a: raises $9.94 to $10.04 and is all-in
914e0292: folds
Uncalled bet ($9.94) returned to 1b22a08a
*** SHOWDOWN ***
1b22a08a collected $0.2 from pot
*** SUMMARY ***
Total pot $0.2 | Rake $0 | Jackpot $0 | Bingo $0 | Fortune $0 | Tax $0
Seat 1: 914e0292 (big blind) folded before Flop
Seat 2: a75b79e6 folded before Flop (didn't bet)
Seat 3: Hero folded before Flop (didn't bet)
Seat 5: 62d2b650 (button) folded before Flop (didn't bet)
Seat 6: 1b22a08a (small blind) collected ($0.2)


Poker Hand #HD1770880655: Hold'em No Limit ($0.05/$0.1) - 2024/05/13 16:31:05
Table 'NLHRed25' 6-max Seat #3 is the button
Seat 1: 914e0292 ($2.46 in chips)
Seat 2: a75b79e6 ($10.32 in chips)
Seat 3: Hero ($14.34 in chips)
Seat 5: 62d2b650 ($13.37 in chips)
Seat 6: 1b22a08a ($9.99 in chips)
62d2b650: posts small blind $0.05
1b22a08a: posts big blind $0.1
*** HOLE CARDS ***
Dealt to 914e0292 
Dealt to a75b79e6 
Dealt to Hero [7s 3h]
Dealt to 62d2b650 
Dealt to 1b22a08a 
914e0292: folds
a75b79e6: folds
Hero: folds
62d2b650: folds
Uncalled bet ($0.05) returned to 1b22a08a
*** SHOWDOWN ***
1b22a08a collected $0.1 from pot
*** SUMMARY ***
Total pot $0.1 | Rake $0 | Jackpot $0 | Bingo $0 | Fortune $0 | Tax $0
Seat 1: 914e0292 folded before Flop (didn't bet)
Seat 2: a75b79e6 folded before Flop (didn't bet)
Seat 3: Hero (button) folded before Flop (didn't bet)
Seat 5: 62d2b650 (small blind) folded before Flop
Seat 6: 1b22a08a (big blind) collected ($0.1)


Poker Hand #HD1770880574: Hold'em No Limit ($0.05/$0.1) - 2024/05/13 16:30:20
Table 'NLHRed25' 6-max Seat #2 is the button
Seat 1: 914e0292 ($2.97 in chips)
Seat 2: a75b79e6 ($10.32 in chips)
Seat 3: Hero ($14.39 in chips)
Seat 5: 62d2b650 ($13.47 in chips)
Seat 6: 1b22a08a ($9.38 in chips)
Hero: posts small blind $0.05
62d2b650: posts big blind $0.1
*** HOLE CARDS ***
Dealt to 914e0292 
Dealt to a75b79e6 
Dealt to Hero [Ks 5s]
Dealt to 62d2b650 
Dealt to 1b22a08a 
1b22a08a: raises $0.1 to $0.2
914e0292: calls $0.2
a75b79e6: folds
Hero: folds
62d2b650: folds
*** FLOP *** [8s 9s 7d]
1b22a08a: checks
914e0292: checks
*** TURN *** [8s 9s 7d] [5d]
1b22a08a: bets $0.31
914e0292: calls $0.31
*** RIVER *** [8s 9s 7d 5d] [Qc]
1b22a08a: bets $1.04
914e0292: folds
Uncalled bet ($1.04) returned to 1b22a08a
*** SHOWDOWN ***
1b22a08a collected $1.12 from pot
*** SUMMARY ***
Total pot $1.17 | Rake $0.05 | Jackpot $0 | Bingo $0 | Fortune $0 | Tax $0
Board [8s 9s 7d 5d Qc]
Seat 1: 914e0292 folded on the River
Seat 2: a75b79e6 (button) folded before Flop (didn't bet)
Seat 3: Hero (small blind) folded before Flop
Seat 5: 62d2b650 (big blind) folded before Flop
Seat 6: 1b22a08a won ($1.12)


Poker Hand #HD1770880485: Hold'em No Limit ($0.05/$0.1) - 2024/05/13 16:29:31
Table 'NLHRed25' 6-max Seat #1 is the button
Seat 1: 914e0292 ($3.81 in chips)
Seat 2: a75b79e6 ($10.37 in chips)
Seat 3: Hero ($14.49 in chips)
Seat 5: 62d2b650 ($12.57 in chips)
Seat 6: 1b22a08a ($9.38 in chips)
a75b79e6: posts small blind $0.05
Hero: posts big blind $0.1
*** HOLE CARDS ***
Dealt to 914e0292 
Dealt to a75b79e6 
Dealt to Hero [7c Jh]
Dealt to 62d2b650 
Dealt to 1b22a08a 
62d2b650: raises $0.13 to $0.23
1b22a08a: folds
914e0292: calls $0.23
a75b79e6: folds
Hero: folds
*** FLOP *** [3c 8c 2s]
62d2b650: checks
914e0292: bets $0.21
62d2b650: calls $0.21
*** TURN *** [3c 8c 2s] [8d]
62d2b650: checks
914e0292: checks
*** RIVER *** [3c 8c 2s 8d] [Kc]
62d2b650: bets $0.4
914e0292: calls $0.4
62d2b650: shows [Ac 9c] (Ace High Flush)
914e0292: shows [Kh 5h] (Pair of Kings and Pair of Eights)
*** SHOWDOWN ***
62d2b650 collected $1.74 from pot
*** SUMMARY ***
Total pot $1.83 | Rake $0.09 | Jackpot $0 | Bingo $0 | Fortune $0 | Tax $0
Board [3c 8c 2s 8d Kc]
Seat 1: 914e0292 (button) showed [Kh 5h] and lost with Pair of Kings and Pair of Eights
Seat 2: a75b79e6 (small blind) folded before Flop
Seat 3: Hero (big blind) folded before Flop
Seat 5: 62d2b650 showed [Ac 9c] and won ($1.74) with Ace High Flush
Seat 6: 1b22a08a folded before Flop (didn't bet)


Poker Hand #HD1770880419: Hold'em No Limit ($0.05/$0.1) - 2024/05/13 16:28:57
Table 'NLHRed25' 6-max Seat #6 is the button
Seat 1: 914e0292 ($4.47 in chips)
Seat 2: a75b79e6 ($10.47 in chips)
Seat 3: Hero ($14.49 in chips)
Seat 5: 62d2b650 ($12.8 in chips)
Seat 6: 1b22a08a ($8.47 in chips)
914e0292: posts small blind $0.05
a75b79e6: posts big blind $0.1
*** HOLE CARDS ***
Dealt to 914e0292 
Dealt to a75b79e6 
Dealt to Hero [Qs 9h]
Dealt to 62d2b650 
Dealt to 1b22a08a 
Hero: folds
62d2b650: raises $0.13 to $0.23
1b22a08a: raises $0.43 to $0.66
914e0292: calls $0.61
a75b79e6: folds
62d2b650: folds
*** FLOP *** [3h 3c Ks]
914e0292: checks
1b22a08a: bets $0.91
914e0292: folds
Uncalled bet ($0.91) returned to 1b22a08a
*** SHOWDOWN ***
1b22a08a collected $1.57 from pot
*** SUMMARY ***
Total pot $1.65 | Rake $0.08 | Jackpot $0 | Bingo $0 | Fortune $0 | Tax $0
Board [3h 3c Ks]
Seat 1: 914e0292 (small blind) folded on the Flop
Seat 2: a75b79e6 (big blind) folded before Flop
Seat 3: Hero folded before Flop (didn't bet)
Seat 5: 62d2b650 folded before Flop
Seat 6: 1b22a08a (button) won ($1.57)


Poker Hand #HD1770880295: Hold'em No Limit ($0.05/$0.1) - 2024/05/13 16:27:53
Table 'NLHRed25' 6-max Seat #5 is the button
Seat 1: 914e0292 ($4 in chips)
Seat 2: a75b79e6 ($10.47 in chips)
Seat 3: Hero ($14.49 in chips)
Seat 4: e58b22e1 ($10.1 in chips)
Seat 5: 62d2b650 ($12.8 in chips)
Seat 6: 1b22a08a ($8.72 in chips)
1b22a08a: posts small blind $0.05
914e0292: posts big blind $0.1
*** HOLE CARDS ***
Dealt to 914e0292 
Dealt to a75b79e6 
Dealt to Hero [8d As]
Dealt to e58b22e1 
Dealt to 62d2b650 
Dealt to 1b22a08a 
a75b79e6: folds
Hero: folds
e58b22e1: raises $0.15 to $0.25
62d2b650: folds
1b22a08a: calls $0.2
914e0292: calls $0.15
*** FLOP *** [5s Ah 9h]
1b22a08a: checks
914e0292: checks
e58b22e1: checks
*** TURN *** [5s Ah 9h] [3c]
1b22a08a: checks
914e0292: checks
e58b22e1: checks
*** RIVER *** [5s Ah 9h 3c] [8h]
1b22a08a: checks
914e0292: bets $0.57
e58b22e1: folds
1b22a08a: folds
Uncalled bet ($0.57) returned to 914e0292
*** SHOWDOWN ***
914e0292 collected $0.72 from pot
*** SUMMARY ***
Total pot $0.75 | Rake $0.03 | Jackpot $0 | Bingo $0 | Fortune $0 | Tax $0
Board [5s Ah 9h 3c 8h]
Seat 1: 914e0292 (big blind) won ($0.72)
Seat 2: a75b79e6 folded before Flop (didn't bet)
Seat 3: Hero folded before Flop (didn't bet)
Seat 4: e58b22e1 folded on the River
Seat 5: 62d2b650 (button) folded before Flop (didn't bet)
Seat 6: 1b22a08a (small blind) folded on the River


Poker Hand #HD1770880243: Hold'em No Limit ($0.05/$0.1) - 2024/05/13 16:27:25
Table 'NLHRed25' 6-max Seat #4 is the button
Seat 2: a75b79e6 ($10.67 in chips)
Seat 3: Hero ($14.49 in chips)
Seat 4: e58b22e1 ($10.1 in chips)
Seat 5: 62d2b650 ($12.85 in chips)
Seat 6: 1b22a08a ($8.49 in chips)
62d2b650: posts small blind $0.05
1b22a08a: posts big blind $0.1
*** HOLE CARDS ***
Dealt to a75b79e6 
Dealt to Hero [6d 5d]
Dealt to e58b22e1 
Dealt to 62d2b650 
Dealt to 1b22a08a 
a75b79e6: raises $0.1 to $0.2
Hero: folds
e58b22e1: folds
62d2b650: folds
1b22a08a: raises $0.4 to $0.6
a75b79e6: folds
Uncalled bet ($0.4) returned to 1b22a08a
*** SHOWDOWN ***
1b22a08a collected $0.43 from pot
*** SUMMARY ***
Total pot $0.45 | Rake $0.02 | Jackpot $0 | Bingo $0 | Fortune $0 | Tax $0
Seat 2: a75b79e6 folded before Flop
Seat 3: Hero folded before Flop (didn't bet)
Seat 4: e58b22e1 (button) folded before Flop (didn't bet)
Seat 5: 62d2b650 (small blind) folded before Flop
Seat 6: 1b22a08a (big blind) collected ($0.43)


Poker Hand #HD1770880219: Hold'em No Limit ($0.05/$0.1) - 2024/05/13 16:27:17
Table 'NLHRed25' 6-max Seat #3 is the button
Seat 2: a75b79e6 ($10.67 in chips)
Seat 3: Hero ($14.49 in chips)
Seat 4: e58b22e1 ($10 in chips)
Seat 5: 62d2b650 ($12.95 in chips)
Seat 6: 1b22a08a ($8.49 in chips)
e58b22e1: posts small blind $0.05
62d2b650: posts big blind $0.1
*** HOLE CARDS ***
Dealt to a75b79e6 
Dealt to Hero [4d 6c]
Dealt to e58b22e1 
Dealt to 62d2b650 
Dealt to 1b22a08a 
1b22a08a: folds
a75b79e6: folds
Hero: folds
e58b22e1: raises $0.2 to $0.3
62d2b650: folds
Uncalled bet ($0.2) returned to e58b22e1
*** SHOWDOWN ***
e58b22e1 collected $0.2 from pot
*** SUMMARY ***
Total pot $0.2 | Rake $0 | Jackpot $0 | Bingo $0 | Fortune $0 | Tax $0
Seat 2: a75b79e6 folded before Flop (didn't bet)
Seat 3: Hero (button) folded before Flop (didn't bet)
Seat 4: e58b22e1 (small blind) collected ($0.2)
Seat 5: 62d2b650 (big blind) folded before Flop
Seat 6: 1b22a08a folded before Flop (didn't bet)


Poker Hand #HD1770880185: Hold'em No Limit ($0.05/$0.1) - 2024/05/13 16:27:01
Table 'NLHRed25' 6-max Seat #2 is the button
Seat 2: a75b79e6 ($10.67 in chips)
Seat 3: Hero ($14.54 in chips)
Seat 4: e58b22e1 ($10 in chips)
Seat 5: 62d2b650 ($12.8 in chips)
Seat 6: 1b22a08a ($8.49 in chips)
Hero: posts small blind $0.05
e58b22e1: posts big blind $0.1
*** HOLE CARDS ***
Dealt to a75b79e6 
Dealt to Hero [As 9s]
Dealt to e58b22e1 
Dealt to 62d2b650 
Dealt to 1b22a08a 
62d2b650: raises $0.13 to $0.23
1b22a08a: folds
a75b79e6: folds
Hero: folds
e58b22e1: folds
Uncalled bet ($0.13) returned to 62d2b650
*** SHOWDOWN ***
62d2b650 collected $0.25 from pot
*** SUMMARY ***
Total pot $0.25 | Rake $0 | Jackpot $0 | Bingo $0 | Fortune $0 | Tax $0
Seat 2: a75b79e6 (button) folded before Flop (didn't bet)
Seat 3: Hero (small blind) folded before Flop
Seat 4: e58b22e1 (big blind) folded before Flop
Seat 5: 62d2b650 collected ($0.25)
Seat 6: 1b22a08a folded before Flop (didn't bet)


Poker Hand #HD1770880090: Hold'em No Limit ($0.05/$0.1) - 2024/05/13 16:26:19
Table 'NLHRed25' 6-max Seat #6 is the button
Seat 1: 389b3abc ($3.78 in chips)
Seat 2: a75b79e6 ($10.77 in chips)
Seat 3: Hero ($14.54 in chips)
Seat 4: e58b22e1 ($10 in chips)
Seat 5: 62d2b650 ($13.03 in chips)
Seat 6: 1b22a08a ($4.87 in chips)
389b3abc: posts small blind $0.05
a75b79e6: posts big blind $0.1
*** HOLE CARDS ***
Dealt to 389b3abc 
Dealt to a75b79e6 
Dealt to Hero [Th 4c]
Dealt to e58b22e1 
Dealt to 62d2b650 
Dealt to 1b22a08a 
Hero: folds
e58b22e1: folds
62d2b650: raises $0.13 to $0.23
1b22a08a: calls $0.23
389b3abc: calls $0.18
a75b79e6: folds
*** FLOP *** [Qh 3d 9d]
389b3abc: checks
62d2b650: checks
1b22a08a: bets $0.2
389b3abc: calls $0.2
62d2b650: folds
*** TURN *** [Qh 3d 9d] [8h]
389b3abc: checks
1b22a08a: bets $0.96
389b3abc: calls $0.96
*** RIVER *** [Qh 3d 9d 8h] [8c]
389b3abc: bets $1.03
1b22a08a: raises $2.45 to $3.48 and is all-in
389b3abc: calls $1.36 and is all-in
Uncalled bet ($1.09) returned to 1b22a08a
1b22a08a: shows [3s 3h] (Treys Full over Eights)
389b3abc: shows [Qd Tc] (Pair of Queens and Pair of Eights)
*** SHOWDOWN ***
1b22a08a collected $7.4 from pot
*** SUMMARY ***
Total pot $7.89 | Rake $0.39 | Jackpot $0.1 | Bingo $0 | Fortune $0 | Tax $0
Board [Qh 3d 9d 8h 8c]
Seat 1: 389b3abc (small blind) showed [Qd Tc] and lost with Pair of Queens and Pair of Eights
Seat 2: a75b79e6 (big blind) folded before Flop
Seat 3: Hero folded before Flop (didn't bet)
Seat 4: e58b22e1 folded before Flop (didn't bet)
Seat 5: 62d2b650 folded on the Flop
Seat 6: 1b22a08a (button) showed [3s 3h] and won ($7.4) with Treys Full over Eights


Poker Hand #HD1770879956: Hold'em No Limit ($0.05/$0.1) - 2024/05/13 16:25:13
Table 'NLHRed25' 6-max Seat #5 is the button
Seat 1: 389b3abc ($4.53 in chips)
Seat 2: a75b79e6 ($10.77 in chips)
Seat 3: Hero ($13.62 in chips)
Seat 4: e58b22e1 ($10 in chips)
Seat 5: 62d2b650 ($13.23 in chips)
Seat 6: 1b22a08a ($4.92 in chips)
1b22a08a: posts small blind $0.05
389b3abc: posts big blind $0.1
*** HOLE CARDS ***
Dealt to 389b3abc 
Dealt to a75b79e6 
Dealt to Hero [Js Kd]
Dealt to e58b22e1 
Dealt to 62d2b650 
Dealt to 1b22a08a 
a75b79e6: folds
Hero: raises $0.1 to $0.2
e58b22e1: folds
62d2b650: calls $0.2
1b22a08a: folds
389b3abc: calls $0.1
*** FLOP *** [9c Qc 6s]
389b3abc: checks
Hero: bets $0.2
62d2b650: folds
389b3abc: calls $0.2
*** TURN *** [9c Qc 6s] [3d]
389b3abc: checks
Hero: checks
*** RIVER *** [9c Qc 6s 3d] [Th]
389b3abc: bets $0.35
Hero: raises $1.08 to $1.43
389b3abc: folds
Uncalled bet ($1.08) returned to Hero
389b3abc: shows [Jc] (Queen-High)
*** SHOWDOWN ***
Hero collected $1.67 from pot
*** SUMMARY ***
Total pot $1.75 | Rake $0.08 | Jackpot $0 | Bingo $0 | Fortune $0 | Tax $0
Board [9c Qc 6s 3d Th]
Seat 1: 389b3abc (big blind) folded on the River
Seat 2: a75b79e6 folded before Flop (didn't bet)
Seat 3: Hero won ($1.67)
Seat 4: e58b22e1 folded before Flop (didn't bet)
Seat 5: 62d2b650 (button) folded on the Flop
Seat 6: 1b22a08a (small blind) folded before Flop


Poker Hand #HD1770879819: Hold'em No Limit ($0.05/$0.1) - 2024/05/13 16:24:14
Table 'NLHRed25' 6-max Seat #4 is the button
Seat 1: 389b3abc ($4.53 in chips)
Seat 2: a75b79e6 ($10 in chips)
Seat 3: Hero ($13.62 in chips)
Seat 4: e58b22e1 ($10 in chips)
Seat 5: 62d2b650 ($13.28 in chips)
Seat 6: 1b22a08a ($5.72 in chips)
62d2b650: posts small blind $0.05
1b22a08a: posts big blind $0.1
*** HOLE CARDS ***
Dealt to 389b3abc 
Dealt to a75b79e6 
Dealt to Hero [4d Td]
Dealt to e58b22e1 
Dealt to 62d2b650 
Dealt to 1b22a08a 
389b3abc: folds
a75b79e6: raises $0.1 to $0.2
Hero: folds
e58b22e1: folds
62d2b650: folds
1b22a08a: calls $0.1
*** FLOP *** [4c 2d 7s]
1b22a08a: checks
a75b79e6: checks
*** TURN *** [4c 2d 7s] [Tc]
1b22a08a: bets $0.2
a75b79e6: calls $0.2
*** RIVER *** [4c 2d 7s Tc] [3c]
1b22a08a: bets $0.4
a75b79e6: raises $1 to $1.4
1b22a08a: folds
Uncalled bet ($1) returned to a75b79e6
*** SHOWDOWN ***
a75b79e6 collected $1.57 from pot
*** SUMMARY ***
Total pot $1.65 | Rake $0.08 | Jackpot $0 | Bingo $0 | Fortune $0 | Tax $0
Board [4c 2d 7s Tc 3c]
Seat 1: 389b3abc folded before Flop (didn't bet)
Seat 2: a75b79e6 won ($1.57)
Seat 3: Hero folded before Flop (didn't bet)
Seat 4: e58b22e1 (button) folded before Flop (didn't bet)
Seat 5: 62d2b650 (small blind) folded before Flop
Seat 6: 1b22a08a (big blind) folded on the River


Poker Hand #HD1770879715: Hold'em No Limit ($0.05/$0.1) - 2024/05/13 16:23:23
Table 'NLHRed25' 6-max Seat #3 is the button
Seat 1: 389b3abc ($4.02 in chips)
Seat 2: a75b79e6 ($10 in chips)
Seat 3: Hero ($13.62 in chips)
Seat 4: e58b22e1 ($10 in chips)
Seat 5: 62d2b650 ($13.38 in chips)
Seat 6: 1b22a08a ($5.72 in chips)
e58b22e1: posts small blind $0.05
62d2b650: posts big blind $0.1
*** HOLE CARDS ***
Dealt to 389b3abc 
Dealt to a75b79e6 
Dealt to Hero [Td 3h]
Dealt to e58b22e1 
Dealt to 62d2b650 
Dealt to 1b22a08a 
1b22a08a: folds
389b3abc: calls $0.1
a75b79e6: raises $0.3 to $0.4
Hero: folds
e58b22e1: folds
62d2b650: folds
389b3abc: calls $0.3
*** FLOP *** [Ks 8d Jh]
389b3abc: checks
a75b79e6: checks
*** TURN *** [Ks 8d Jh] [3d]
389b3abc: bets $0.32
a75b79e6: folds
Uncalled bet ($0.32) returned to 389b3abc
*** SHOWDOWN ***
389b3abc collected $0.91 from pot
*** SUMMARY ***
Total pot $0.95 | Rake $0.04 | Jackpot $0 | Bingo $0 | Fortune $0 | Tax $0
Board [Ks 8d Jh 3d]
Seat 1: 389b3abc won ($0.91)
Seat 2: a75b79e6 folded on the Turn
Seat 3: Hero (button) folded before Flop (didn't bet)
Seat 4: e58b22e1 (small blind) folded before Flop
Seat 5: 62d2b650 (big blind) folded before Flop
Seat 6: 1b22a08a folded before Flop (didn't bet)


Poker Hand #HD1770879624: Hold'em No Limit ($0.05/$0.1) - 2024/05/13 16:22:38
Table 'NLHRed25' 6-max Seat #2 is the button
Seat 1: 389b3abc ($3.56 in chips)
Seat 2: a75b79e6 ($10 in chips)
Seat 3: Hero ($14.02 in chips)
Seat 4: e58b22e1 ($10 in chips)
Seat 5: 62d2b650 ($13.38 in chips)
Seat 6: 1b22a08a ($5.72 in chips)
Hero: posts small blind $0.05
e58b22e1: posts big blind $0.1
*** HOLE CARDS ***
Dealt to 389b3abc 
Dealt to a75b79e6 
Dealt to Hero [As Tc]
Dealt to e58b22e1 
Dealt to 62d2b650 
Dealt to 1b22a08a 
62d2b650: folds
1b22a08a: folds
389b3abc: calls $0.1
a75b79e6: folds
Hero: raises $0.3 to $0.4
e58b22e1: folds
389b3abc: calls $0.3
*** FLOP *** [9d 5s Kd]
Hero: checks
389b3abc: bets $0.3
Hero: folds
Uncalled bet ($0.3) returned to 389b3abc
*** SHOWDOWN ***
389b3abc collected $0.86 from pot
*** SUMMARY ***
Total pot $0.9 | Rake $0.04 | Jackpot $0 | Bingo $0 | Fortune $0 | Tax $0
Board [9d 5s Kd]
Seat 1: 389b3abc won ($0.86)
Seat 2: a75b79e6 (button) folded before Flop (didn't bet)
Seat 3: Hero (small blind) folded on the Flop
Seat 4: e58b22e1 (big blind) folded before Flop
Seat 5: 62d2b650 folded before Flop (didn't bet)
Seat 6: 1b22a08a folded before Flop (didn't bet)


Poker Hand #HD1770879546: Hold'em No Limit ($0.05/$0.1) - 2024/05/13 16:22:02
Table 'NLHRed25' 6-max Seat #1 is the button
Seat 1: 389b3abc ($3.86 in chips)
Seat 2: a75b79e6 ($10 in chips)
Seat 3: Hero ($14.32 in chips)
Seat 4: e58b22e1 ($10 in chips)
Seat 5: 62d2b650 ($13.38 in chips)
Seat 6: 1b22a08a ($5.11 in chips)
a75b79e6: posts small blind $0.05
Hero: posts big blind $0.1
*** HOLE CARDS ***
Dealt to 389b3abc 
Dealt to a75b79e6 
Dealt to Hero [6d 6s]
Dealt to e58b22e1 
Dealt to 62d2b650 
Dealt to 1b22a08a 
e58b22e1: folds
62d2b650: folds
1b22a08a: raises $0.1 to $0.2
389b3abc: calls $0.2
a75b79e6: folds
Hero: calls $0.1
*** FLOP *** [9c Kh 2d]
Hero: checks
1b22a08a: bets $0.1
389b3abc: calls $0.1
Hero: calls $0.1
*** TURN *** [9c Kh 2d] [Ah]
Hero: checks
1b22a08a: bets $0.53
389b3abc: folds
Hero: folds
Uncalled bet ($0.53) returned to 1b22a08a
*** SHOWDOWN ***
1b22a08a collected $0.91 from pot
*** SUMMARY ***
Total pot $0.95 | Rake $0.04 | Jackpot $0 | Bingo $0 | Fortune $0 | Tax $0
Board [9c Kh 2d Ah]
Seat 1: 389b3abc (button) folded on the Turn
Seat 2: a75b79e6 (small blind) folded before Flop
Seat 3: Hero (big blind) folded on the Turn
Seat 4: e58b22e1 folded before Flop (didn't bet)
Seat 5: 62d2b650 folded before Flop (didn't bet)
Seat 6: 1b22a08a won ($0.91)


Poker Hand #HD1770879418: Hold'em No Limit ($0.05/$0.1) - 2024/05/13 16:21:00
Table 'NLHRed25' 6-max Seat #6 is the button
Seat 1: 389b3abc ($2.03 in chips)
Seat 2: a75b79e6 ($10 in chips)
Seat 3: Hero ($14.32 in chips)
Seat 4: e58b22e1 ($10 in chips)
Seat 5: 62d2b650 ($13.38 in chips)
Seat 6: 1b22a08a ($7.14 in chips)
389b3abc: posts small blind $0.05
a75b79e6: posts big blind $0.1
*** HOLE CARDS ***
Dealt to 389b3abc 
Dealt to a75b79e6 
Dealt to Hero [Kh Tc]
Dealt to e58b22e1 
Dealt to 62d2b650 
Dealt to 1b22a08a 
Hero: folds
e58b22e1: folds
62d2b650: folds
1b22a08a: raises $0.1 to $0.2
389b3abc: calls $0.15
a75b79e6: folds
*** FLOP *** [4s Ac 3d]
389b3abc: checks
1b22a08a: bets $0.2
389b3abc: calls $0.2
*** TURN *** [4s Ac 3d] [9s]
389b3abc: checks
1b22a08a: bets $0.5
389b3abc: raises $1.13 to $1.63 and is all-in
1b22a08a: calls $1.13
389b3abc: shows [5c 2s] (Fives-High Straight)
1b22a08a: shows [Jh Ah] (Pair of Aces)
*** RIVER *** [4s Ac 3d 9s] [Kd]
*** SHOWDOWN ***
389b3abc collected $3.86 from pot
*** SUMMARY ***
Total pot $4.16 | Rake $0.2 | Jackpot $0.1 | Bingo $0 | Fortune $0 | Tax $0
Board [4s Ac 3d 9s Kd]
Seat 1: 389b3abc (small blind) showed [5c 2s] and won ($3.86) with Fives-High Straight
Seat 2: a75b79e6 (big blind) folded before Flop
Seat 3: Hero folded before Flop (didn't bet)
Seat 4: e58b22e1 folded before Flop (didn't bet)
Seat 5: 62d2b650 folded before Flop (didn't bet)
Seat 6: 1b22a08a (button) showed [Jh Ah] and lost with Pair of Aces


Poker Hand #HD1770879365: Hold'em No Limit ($0.05/$0.1) - 2024/05/13 16:20:36
Table 'NLHRed25' 6-max Seat #5 is the button
Seat 1: 389b3abc ($2.13 in chips)
Seat 2: a75b79e6 ($10 in chips)
Seat 3: Hero ($14.32 in chips)
Seat 4: e58b22e1 ($10.13 in chips)
Seat 5: 62d2b650 ($13.38 in chips)
Seat 6: 1b22a08a ($6.82 in chips)
1b22a08a: posts small blind $0.05
389b3abc: posts big blind $0.1
*** HOLE CARDS ***
Dealt to 389b3abc 
Dealt to a75b79e6 
Dealt to Hero [5d 9d]
Dealt to e58b22e1 
Dealt to 62d2b650 
Dealt to 1b22a08a 
a75b79e6: folds
Hero: folds
e58b22e1: raises $0.15 to $0.25
62d2b650: folds
1b22a08a: raises $0.75 to $1
389b3abc: folds
e58b22e1: folds
Uncalled bet ($0.75) returned to 1b22a08a
*** SHOWDOWN ***
1b22a08a collected $0.57 from pot
*** SUMMARY ***
Total pot $0.6 | Rake $0.03 | Jackpot $0 | Bingo $0 | Fortune $0 | Tax $0
Seat 1: 389b3abc (big blind) folded before Flop
Seat 2: a75b79e6 folded before Flop (didn't bet)
Seat 3: Hero folded before Flop (didn't bet)
Seat 4: e58b22e1 folded before Flop
Seat 5: 62d2b650 (button) folded before Flop (didn't bet)
Seat 6: 1b22a08a (small blind) collected ($0.57)


Poker Hand #HD1770879258: Hold'em No Limit ($0.05/$0.1) - 2024/05/13 16:19:49
Table 'NLHRed25' 6-max Seat #4 is the button
Seat 1: 389b3abc ($1.9 in chips)
Seat 2: a75b79e6 ($10 in chips)
Seat 3: Hero ($14.32 in chips)
Seat 4: e58b22e1 ($10.13 in chips)
Seat 5: 62d2b650 ($13.43 in chips)
Seat 6: 1b22a08a ($7.02 in chips)
62d2b650: posts small blind $0.05
1b22a08a: posts big blind $0.1
*** HOLE CARDS ***
Dealt to 389b3abc 
Dealt to a75b79e6 
Dealt to Hero [3h 8h]
Dealt to e58b22e1 
Dealt to 62d2b650 
Dealt to 1b22a08a 
389b3abc: calls $0.1
a75b79e6: folds
Hero: folds
e58b22e1: folds
62d2b650: folds
1b22a08a: checks
*** FLOP *** [Qh Kh 8c]
1b22a08a: checks
389b3abc: checks
*** TURN *** [Qh Kh 8c] [7s]
1b22a08a: bets $0.1
389b3abc: calls $0.1
*** RIVER *** [Qh Kh 8c 7s] [4d]
1b22a08a: checks
389b3abc: bets $0.23
1b22a08a: folds
Uncalled bet ($0.23) returned to 389b3abc
*** SHOWDOWN ***
389b3abc collected $0.43 from pot
*** SUMMARY ***
Total pot $0.45 | Rake $0.02 | Jackpot $0 | Bingo $0 | Fortune $0 | Tax $0
Board [Qh Kh 8c 7s 4d]
Seat 1: 389b3abc won ($0.43)
Seat 2: a75b79e6 folded before Flop (didn't bet)
Seat 3: Hero folded before Flop (didn't bet)
Seat 4: e58b22e1 (button) folded before Flop (didn't bet)
Seat 5: 62d2b650 (small blind) folded before Flop
Seat 6: 1b22a08a (big blind) folded on the River


Poker Hand #HD1770879156: Hold'em No Limit ($0.05/$0.1) - 2024/05/13 16:18:55
Table 'NLHRed25' 6-max Seat #3 is the button
Seat 1: 389b3abc ($2 in chips)
Seat 2: a75b79e6 ($10 in chips)
Seat 3: Hero ($10 in chips)
Seat 4: e58b22e1 ($10.18 in chips)
Seat 5: 62d2b650 ($13.53 in chips)
Seat 6: 1b22a08a ($11.66 in chips)
e58b22e1: posts small blind $0.05
62d2b650: posts big blind $0.1
389b3abc: posts big blind $0.1
*** HOLE CARDS ***
Dealt to 389b3abc 
Dealt to a75b79e6 
Dealt to Hero [Qs As]
Dealt to e58b22e1 
Dealt to 62d2b650 
Dealt to 1b22a08a 
1b22a08a: raises $0.1 to $0.2
389b3abc: folds
a75b79e6: folds
Hero: raises $0.6 to $0.8
e58b22e1: folds
62d2b650: folds
1b22a08a: calls $0.6
*** FLOP *** [9d Ts 8c]
1b22a08a: checks
Hero: checks
*** TURN *** [9d Ts 8c] [5s]
1b22a08a: bets $0.4
Hero: calls $0.4
*** RIVER *** [9d Ts 8c 5s] [6s]
1b22a08a: bets $1
Hero: raises $2.44 to $3.44
1b22a08a: calls $2.44
Hero: shows [Qs As] (Ace High Flush)
1b22a08a: shows [7d Ad] (Tens-High Straight)
*** SHOWDOWN ***
Hero collected $8.96 from pot
*** SUMMARY ***
Total pot $9.53 | Rake $0.47 | Jackpot $0.1 | Bingo $0 | Fortune $0 | Tax $0
Board [9d Ts 8c 5s 6s]
Seat 1: 389b3abc folded before Flop
Seat 2: a75b79e6 folded before Flop (didn't bet)
Seat 3: Hero (button) showed [Qs As] and won ($8.96) with Ace High Flush
Seat 4: e58b22e1 (small blind) folded before Flop
Seat 5: 62d2b650 (big blind) folded before Flop
Seat 6: 1b22a08a showed [7d Ad] and lost with Tens-High Straight


Poker Hand #HD1770879035: Hold'em No Limit ($0.05/$0.1) - 2024/05/13 16:18:02
Table 'NLHRed25' 6-max Seat #2 is the button
Seat 2: a75b79e6 ($10 in chips)
Seat 3: Hero ($10.13 in chips)
Seat 4: e58b22e1 ($10.28 in chips)
Seat 5: 62d2b650 ($13.76 in chips)
Seat 6: 1b22a08a ($10 in chips)
Hero: posts small blind $0.05
e58b22e1: posts big blind $0.1
*** HOLE CARDS ***
Dealt to a75b79e6 
Dealt to Hero [9c 9h]
Dealt to e58b22e1 
Dealt to 62d2b650 
Dealt to 1b22a08a 
62d2b650: raises $0.13 to $0.23
1b22a08a: calls $0.23
a75b79e6: folds
Hero: raises $0.97 to $1.2
e58b22e1: folds
62d2b650: folds
1b22a08a: calls $0.97
*** FLOP *** [Qs 2d 6d]
Hero: checks
1b22a08a: checks
*** TURN *** [Qs 2d 6d] [Kh]
Hero: checks
1b22a08a: bets $0.4
Hero: calls $0.4
*** RIVER *** [Qs 2d 6d Kh] [3s]
Hero: checks
1b22a08a: checks
Hero: shows [9c 9h] (Pair of Nines)
1b22a08a: shows [Kc Tc] (Pair of Kings)
*** SHOWDOWN ***
1b22a08a collected $3.26 from pot
*** SUMMARY ***
Total pot $3.53 | Rake $0.17 | Jackpot $0.1 | Bingo $0 | Fortune $0 | Tax $0
Board [Qs 2d 6d Kh 3s]
Seat 2: a75b79e6 (button) folded before Flop (didn't bet)
Seat 3: Hero (small blind) showed [9c 9h] and lost with Pair of Nines
Seat 4: e58b22e1 (big blind) folded before Flop
Seat 5: 62d2b650 folded before Flop
Seat 6: 1b22a08a showed [Kc Tc] and won ($3.26) with Pair of Kings


Poker Hand #HD1770879016: Hold'em No Limit ($0.05/$0.1) - 2024/05/13 16:17:52
Table 'NLHRed25' 6-max Seat #1 is the button
Seat 1: 4cb0f316 ($11.65 in chips)
Seat 2: a75b79e6 ($10 in chips)
Seat 3: Hero ($10.23 in chips)
Seat 4: e58b22e1 ($10.13 in chips)
Seat 5: 62d2b650 ($13.76 in chips)
Seat 6: 1b22a08a ($10 in chips)
a75b79e6: posts small blind $0.05
Hero: posts big blind $0.1
*** HOLE CARDS ***
Dealt to 4cb0f316 
Dealt to a75b79e6 
Dealt to Hero [4c 5s]
Dealt to e58b22e1 
Dealt to 62d2b650 
Dealt to 1b22a08a 
e58b22e1: raises $0.15 to $0.25
62d2b650: folds
1b22a08a: folds
4cb0f316: folds
a75b79e6: folds
Hero: folds
Uncalled bet ($0.15) returned to e58b22e1
*** SHOWDOWN ***
e58b22e1 collected $0.25 from pot
*** SUMMARY ***
Total pot $0.25 | Rake $0 | Jackpot $0 | Bingo $0 | Fortune $0 | Tax $0
Seat 1: 4cb0f316 (button) folded before Flop (didn't bet)
Seat 2: a75b79e6 (small blind) folded before Flop
Seat 3: Hero (big blind) folded before Flop
Seat 4: e58b22e1 collected ($0.25)
Seat 5: 62d2b650 folded before Flop (didn't bet)
Seat 6: 1b22a08a folded before Flop (didn't bet)


Poker Hand #HD1770878964: Hold'em No Limit ($0.05/$0.1) - 2024/05/13 16:17:27
Table 'NLHRed25' 6-max Seat #6 is the button
Seat 1: 4cb0f316 ($10.97 in chips)
Seat 2: a75b79e6 ($10.73 in chips)
Seat 3: Hero ($10.23 in chips)
Seat 4: e58b22e1 ($10.13 in chips)
Seat 5: 62d2b650 ($13.76 in chips)
Seat 6: 1b22a08a ($10 in chips)
4cb0f316: posts small blind $0.05
a75b79e6: posts big blind $0.1
*** HOLE CARDS ***
Dealt to 4cb0f316 
Dealt to a75b79e6 
Dealt to Hero [Tc 5s]
Dealt to e58b22e1 
Dealt to 62d2b650 
Dealt to 1b22a08a 
Hero: folds
e58b22e1: folds
62d2b650: folds
1b22a08a: folds
4cb0f316: raises $0.15 to $0.25
a75b79e6: raises $0.5 to $0.75
4cb0f316: calls $0.5
*** FLOP *** [5d 8s Qs]
4cb0f316: bets $1.13
a75b79e6: folds
Uncalled bet ($1.13) returned to 4cb0f316
*** SHOWDOWN ***
4cb0f316 collected $1.43 from pot
*** SUMMARY ***
Total pot $1.5 | Rake $0.07 | Jackpot $0 | Bingo $0 | Fortune $0 | Tax $0
Board [5d 8s Qs]
Seat 1: 4cb0f316 (small blind) won ($1.43)
Seat 2: a75b79e6 (big blind) folded on the Flop
Seat 3: Hero folded before Flop (didn't bet)
Seat 4: e58b22e1 folded before Flop (didn't bet)
Seat 5: 62d2b650 folded before Flop (didn't bet)
Seat 6: 1b22a08a (button) folded before Flop (didn't bet)


Poker Hand #HD1770878928: Hold'em No Limit ($0.05/$0.1) - 2024/05/13 16:17:11
Table 'NLHRed25' 6-max Seat #5 is the button
Seat 1: 4cb0f316 ($10.92 in chips)
Seat 2: a75b79e6 ($10.73 in chips)
Seat 3: Hero ($10.23 in chips)
Seat 4: e58b22e1 ($10.13 in chips)
Seat 5: 62d2b650 ($13.76 in chips)
Seat 6: 1b22a08a ($10.05 in chips)
1b22a08a: posts small blind $0.05
4cb0f316: posts big blind $0.1
*** HOLE CARDS ***
Dealt to 4cb0f316 
Dealt to a75b79e6 
Dealt to Hero [9d Kc]
Dealt to e58b22e1 
Dealt to 62d2b650 
Dealt to 1b22a08a 
a75b79e6: folds
Hero: folds
e58b22e1: folds
62d2b650: folds
1b22a08a: folds
Uncalled bet ($0.05) returned to 4cb0f316
*** SHOWDOWN ***
4cb0f316 collected $0.1 from pot
*** SUMMARY ***
Total pot $0.1 | Rake $0 | Jackpot $0 | Bingo $0 | Fortune $0 | Tax $0
Seat 1: 4cb0f316 (big blind) collected ($0.1)
Seat 2: a75b79e6 folded before Flop (didn't bet)
Seat 3: Hero folded before Flop (didn't bet)
Seat 4: e58b22e1 folded before Flop (didn't bet)
Seat 5: 62d2b650 (button) folded before Flop (didn't bet)
Seat 6: 1b22a08a (small blind) folded before Flop


Poker Hand #HD1770878908: Hold'em No Limit ($0.05/$0.1) - 2024/05/13 16:17:03
Table 'NLHRed25' 6-max Seat #4 is the button
Seat 1: 4cb0f316 ($10.92 in chips)
Seat 2: a75b79e6 ($10.73 in chips)
Seat 3: Hero ($10.23 in chips)
Seat 4: e58b22e1 ($10.13 in chips)
Seat 5: 62d2b650 ($13.81 in chips)
Seat 6: 1b22a08a ($10 in chips)
62d2b650: posts small blind $0.05
1b22a08a: posts big blind $0.1
*** HOLE CARDS ***
Dealt to 4cb0f316 
Dealt to a75b79e6 
Dealt to Hero [2h Qd]
Dealt to e58b22e1 
Dealt to 62d2b650 
Dealt to 1b22a08a 
4cb0f316: folds
a75b79e6: folds
Hero: folds
e58b22e1: folds
62d2b650: folds
Uncalled bet ($0.05) returned to 1b22a08a
*** SHOWDOWN ***
1b22a08a collected $0.1 from pot
*** SUMMARY ***
Total pot $0.1 | Rake $0 | Jackpot $0 | Bingo $0 | Fortune $0 | Tax $0
Seat 1: 4cb0f316 folded before Flop (didn't bet)
Seat 2: a75b79e6 folded before Flop (didn't bet)
Seat 3: Hero folded before Flop (didn't bet)
Seat 4: e58b22e1 (button) folded before Flop (didn't bet)
Seat 5: 62d2b650 (small blind) folded before Flop
Seat 6: 1b22a08a (big blind) collected ($0.1)


Poker Hand #HD1770878893: Hold'em No Limit ($0.05/$0.1) - 2024/05/13 16:16:54
Table 'NLHRed25' 6-max Seat #3 is the button
Seat 1: 4cb0f316 ($10.77 in chips)
Seat 2: a75b79e6 ($10.73 in chips)
Seat 3: Hero ($10.23 in chips)
Seat 4: e58b22e1 ($10.18 in chips)
Seat 5: 62d2b650 ($13.91 in chips)
Seat 6: 1b22a08a ($10 in chips)
e58b22e1: posts small blind $0.05
62d2b650: posts big blind $0.1
*** HOLE CARDS ***
Dealt to 4cb0f316 
Dealt to a75b79e6 
Dealt to Hero [8c 2d]
Dealt to e58b22e1 
Dealt to 62d2b650 
Dealt to 1b22a08a 
1b22a08a: folds
4cb0f316: raises $0.2 to $0.3
a75b79e6: folds
Hero: folds
e58b22e1: folds
62d2b650: folds
Uncalled bet ($0.2) returned to 4cb0f316
*** SHOWDOWN ***
4cb0f316 collected $0.25 from pot
*** SUMMARY ***
Total pot $0.25 | Rake $0 | Jackpot $0 | Bingo $0 | Fortune $0 | Tax $0
Seat 1: 4cb0f316 collected ($0.25)
Seat 2: a75b79e6 folded before Flop (didn't bet)
Seat 3: Hero (button) folded before Flop (didn't bet)
Seat 4: e58b22e1 (small blind) folded before Flop
Seat 5: 62d2b650 (big blind) folded before Flop
Seat 6: 1b22a08a folded before Flop (didn't bet)


Poker Hand #HD1770878815: Hold'em No Limit ($0.05/$0.1) - 2024/05/13 16:16:13
Table 'NLHRed25' 6-max Seat #2 is the button
Seat 1: 4cb0f316 ($10.27 in chips)
Seat 2: a75b79e6 ($10.73 in chips)
Seat 3: Hero ($10.28 in chips)
Seat 4: e58b22e1 ($10.28 in chips)
Seat 5: 62d2b650 ($13.91 in chips)
Seat 6: 1b22a08a ($10.39 in chips)
Hero: posts small blind $0.05
e58b22e1: posts big blind $0.1
*** HOLE CARDS ***
Dealt to 4cb0f316 
Dealt to a75b79e6 
Dealt to Hero [7s 8s]
Dealt to e58b22e1 
Dealt to 62d2b650 
Dealt to 1b22a08a 
62d2b650: folds
1b22a08a: raises $0.1 to $0.2
4cb0f316: calls $0.2
a75b79e6: folds
Hero: folds
e58b22e1: folds
*** FLOP *** [Th 8c 3h]
1b22a08a: checks
4cb0f316: checks
*** TURN *** [Th 8c 3h] [5s]
1b22a08a: checks
4cb0f316: bets $0.19
1b22a08a: calls $0.19
*** RIVER *** [Th 8c 3h 5s] [Kc]
1b22a08a: checks
4cb0f316: bets $2.85
1b22a08a: folds
Uncalled bet ($2.85) returned to 4cb0f316
*** SHOWDOWN ***
4cb0f316 collected $0.89 from pot
*** SUMMARY ***
Total pot $0.93 | Rake $0.04 | Jackpot $0 | Bingo $0 | Fortune $0 | Tax $0
Board [Th 8c 3h 5s Kc]
Seat 1: 4cb0f316 won ($0.89)
Seat 2: a75b79e6 (button) folded before Flop (didn't bet)
Seat 3: Hero (small blind) folded before Flop
Seat 4: e58b22e1 (big blind) folded before Flop
Seat 5: 62d2b650 folded before Flop (didn't bet)
Seat 6: 1b22a08a folded on the River


Poker Hand #HD1770878768: Hold'em No Limit ($0.05/$0.1) - 2024/05/13 16:15:53
Table 'NLHRed25' 6-max Seat #1 is the button
Seat 1: 4cb0f316 ($10.52 in chips)
Seat 2: a75b79e6 ($10.78 in chips)
Seat 3: Hero ($10 in chips)
Seat 4: e58b22e1 ($10.28 in chips)
Seat 5: 62d2b650 ($13.91 in chips)
Seat 6: 1b22a08a ($10.39 in chips)
a75b79e6: posts small blind $0.05
Hero: posts big blind $0.1
*** HOLE CARDS ***
Dealt to 4cb0f316 
Dealt to a75b79e6 
Dealt to Hero [Qc As]
Dealt to e58b22e1 
Dealt to 62d2b650 
Dealt to 1b22a08a 
e58b22e1: folds
62d2b650: folds
1b22a08a: folds
4cb0f316: raises $0.15 to $0.25
a75b79e6: folds
Hero: raises $0.65 to $0.9
4cb0f316: folds
Uncalled bet ($0.65) returned to Hero
*** SHOWDOWN ***
Hero collected $0.53 from pot
*** SUMMARY ***
Total pot $0.55 | Rake $0.02 | Jackpot $0 | Bingo $0 | Fortune $0 | Tax $0
Seat 1: 4cb0f316 (button) folded before Flop
Seat 2: a75b79e6 (small blind) folded before Flop
Seat 3: Hero (big blind) collected ($0.53)
Seat 4: e58b22e1 folded before Flop (didn't bet)
Seat 5: 62d2b650 folded before Flop (didn't bet)
Seat 6: 1b22a08a folded before Flop (didn't bet)


Poker Hand #HD1770878731: Hold'em No Limit ($0.05/$0.1) - 2024/05/13 16:15:35
Table 'NLHRed25' 6-max Seat #6 is the button
Seat 1: 4cb0f316 ($10.42 in chips)
Seat 2: a75b79e6 ($10.88 in chips)
Seat 3: Hero ($10 in chips)
Seat 4: e58b22e1 ($10.28 in chips)
Seat 5: 62d2b650 ($13.91 in chips)
Seat 6: 1b22a08a ($10.39 in chips)
4cb0f316: posts small blind $0.05
a75b79e6: posts big blind $0.1
*** HOLE CARDS ***
Dealt to 4cb0f316 
Dealt to a75b79e6 
Dealt to Hero [Jc 2h]
Dealt to e58b22e1 
Dealt to 62d2b650 
Dealt to 1b22a08a 
Hero: folds
e58b22e1: folds
62d2b650: folds
1b22a08a: folds
4cb0f316: raises $0.15 to $0.25
a75b79e6: folds
Uncalled bet ($0.15) returned to 4cb0f316
*** SHOWDOWN ***
4cb0f316 collected $0.2 from pot
*** SUMMARY ***
Total pot $0.2 | Rake $0 | Jackpot $0 | Bingo $0 | Fortune $0 | Tax $0
Seat 1: 4cb0f316 (small blind) collected ($0.2)
Seat 2: a75b79e6 (big blind) folded before Flop
Seat 3: Hero folded before Flop (didn't bet)
Seat 4: e58b22e1 folded before Flop (didn't bet)
Seat 5: 62d2b650 folded before Flop (didn't bet)
Seat 6: 1b22a08a (button) folded before Flop (didn't bet)


Poker Hand #HD1770878693: Hold'em No Limit ($0.05/$0.1) - 2024/05/13 16:15:17
Table 'NLHRed25' 6-max Seat #5 is the button
Seat 1: 4cb0f316 ($10.67 in chips)
Seat 2: a75b79e6 ($10.88 in chips)
Seat 3: Hero ($10 in chips)
Seat 4: e58b22e1 ($10 in chips)
Seat 5: 62d2b650 ($13.91 in chips)
Seat 6: 1b22a08a ($10.44 in chips)
1b22a08a: posts small blind $0.05
4cb0f316: posts big blind $0.1
*** HOLE CARDS ***
Dealt to 4cb0f316 
Dealt to a75b79e6 
Dealt to Hero [3h 3d]
Dealt to e58b22e1 
Dealt to 62d2b650 
Dealt to 1b22a08a 
a75b79e6: folds
Hero: folds
e58b22e1: raises $0.15 to $0.25
62d2b650: folds
1b22a08a: folds
4cb0f316: calls $0.15
*** FLOP *** [9d 6s Ah]
4cb0f316: checks
e58b22e1: bets $0.43
4cb0f316: folds
Uncalled bet ($0.43) returned to e58b22e1
*** SHOWDOWN ***
e58b22e1 collected $0.53 from pot
*** SUMMARY ***
Total pot $0.55 | Rake $0.02 | Jackpot $0 | Bingo $0 | Fortune $0 | Tax $0
Board [9d 6s Ah]
Seat 1: 4cb0f316 (big blind) folded on the Flop
Seat 2: a75b79e6 folded before Flop (didn't bet)
Seat 3: Hero folded before Flop (didn't bet)
Seat 4: e58b22e1 won ($0.53)
Seat 5: 62d2b650 (button) folded before Flop (didn't bet)
Seat 6: 1b22a08a (small blind) folded before Flop


Poker Hand #HD1770878644: Hold'em No Limit ($0.05/$0.1) - 2024/05/13 16:14:56
Table 'NLHRed25' 6-max Seat #4 is the button
Seat 1: 4cb0f316 ($10.39 in chips)
Seat 2: a75b79e6 ($10.88 in chips)
Seat 3: Hero ($10 in chips)
Seat 4: e58b22e1 ($10 in chips)
Seat 5: 62d2b650 ($13.96 in chips)
Seat 6: 1b22a08a ($10.69 in chips)
62d2b650: posts small blind $0.05
1b22a08a: posts big blind $0.1
*** HOLE CARDS ***
Dealt to 4cb0f316 
Dealt to a75b79e6 
Dealt to Hero [6d 6c]
Dealt to e58b22e1 
Dealt to 62d2b650 
Dealt to 1b22a08a 
4cb0f316: raises $0.15 to $0.25
a75b79e6: folds
Hero: folds
e58b22e1: folds
62d2b650: folds
1b22a08a: calls $0.15
*** FLOP *** [4c 9d Ks]
1b22a08a: checks
4cb0f316: bets $0.28
1b22a08a: folds
Uncalled bet ($0.28) returned to 4cb0f316
*** SHOWDOWN ***
4cb0f316 collected $0.53 from pot
*** SUMMARY ***
Total pot $0.55 | Rake $0.02 | Jackpot $0 | Bingo $0 | Fortune $0 | Tax $0
Board [4c 9d Ks]
Seat 1: 4cb0f316 won ($0.53)
Seat 2: a75b79e6 folded before Flop (didn't bet)
Seat 3: Hero folded before Flop (didn't bet)
Seat 4: e58b22e1 (button) folded before Flop (didn't bet)
Seat 5: 62d2b650 (small blind) folded before Flop
Seat 6: 1b22a08a (big blind) folded on the Flop


Poker Hand #HD1770878618: Hold'em No Limit ($0.05/$0.1) - 2024/05/13 16:14:41
Table 'NLHRed25' 6-max Seat #3 is the button
Seat 1: 4cb0f316 ($10.39 in chips)
Seat 2: a75b79e6 ($10.88 in chips)
Seat 3: Hero ($10 in chips)
Seat 4: e58b22e1 ($10 in chips)
Seat 5: 62d2b650 ($14.06 in chips)
Seat 6: 1b22a08a ($10.54 in chips)
e58b22e1: posts small blind $0.05
62d2b650: posts big blind $0.1
*** HOLE CARDS ***
Dealt to 4cb0f316 
Dealt to a75b79e6 
Dealt to Hero [8s 5s]
Dealt to e58b22e1 
Dealt to 62d2b650 
Dealt to 1b22a08a 
1b22a08a: raises $0.1 to $0.2
4cb0f316: folds
a75b79e6: folds
Hero: folds
e58b22e1: folds
62d2b650: folds
Uncalled bet ($0.1) returned to 1b22a08a
*** SHOWDOWN ***
1b22a08a collected $0.25 from pot
*** SUMMARY ***
Total pot $0.25 | Rake $0 | Jackpot $0 | Bingo $0 | Fortune $0 | Tax $0
Seat 1: 4cb0f316 folded before Flop (didn't bet)
Seat 2: a75b79e6 folded before Flop (didn't bet)
Seat 3: Hero (button) folded before Flop (didn't bet)
Seat 4: e58b22e1 (small blind) folded before Flop
Seat 5: 62d2b650 (big blind) folded before Flop
Seat 6: 1b22a08a collected ($0.25)


Poker Hand #HD1770878593: Hold'em No Limit ($0.05/$0.1) - 2024/05/13 16:14:32
Table 'NLHRed25' 6-max Seat #2 is the button
Seat 1: 4cb0f316 ($10.24 in chips)
Seat 2: a75b79e6 ($10.88 in chips)
Seat 3: Hero ($10 in chips)
Seat 4: e58b22e1 ($10 in chips)
Seat 5: 62d2b650 ($14.06 in chips)
Seat 6: 1b22a08a ($10.54 in chips)
Hero: posts small blind $0.05
e58b22e1: posts big blind $0.1
*** HOLE CARDS ***
Dealt to 4cb0f316 
Dealt to a75b79e6 
Dealt to Hero [Kd 7c]
Dealt to e58b22e1 
Dealt to 62d2b650 
Dealt to 1b22a08a 
62d2b650: folds
1b22a08a: folds
4cb0f316: raises $0.15 to $0.25
a75b79e6: folds
Hero: folds
e58b22e1: folds
Uncalled bet ($0.15) returned to 4cb0f316
*** SHOWDOWN ***
4cb0f316 collected $0.25 from pot
*** SUMMARY ***
Total pot $0.25 | Rake $0 | Jackpot $0 | Bingo $0 | Fortune $0 | Tax $0
Seat 1: 4cb0f316 collected ($0.25)
Seat 2: a75b79e6 (button) folded before Flop (didn't bet)
Seat 3: Hero (small blind) folded before Flop
Seat 4: e58b22e1 (big blind) folded before Flop
Seat 5: 62d2b650 folded before Flop (didn't bet)
Seat 6: 1b22a08a folded before Flop (didn't bet)


Poker Hand #HD1770878565: Hold'em No Limit ($0.05/$0.1) - 2024/05/13 16:14:20
Table 'NLHRed25' 6-max Seat #1 is the button
Seat 1: 4cb0f316 ($10.24 in chips)
Seat 2: a75b79e6 ($10.93 in chips)
Seat 3: Hero ($10 in chips)
Seat 4: e58b22e1 ($10 in chips)
Seat 5: 62d2b650 ($14.06 in chips)
Seat 6: 1b22a08a ($10.39 in chips)
a75b79e6: posts small blind $0.05
Hero: posts big blind $0.1
*** HOLE CARDS ***
Dealt to 4cb0f316 
Dealt to a75b79e6 
Dealt to Hero [2h 4d]
Dealt to e58b22e1 
Dealt to 62d2b650 
Dealt to 1b22a08a 
e58b22e1: folds
62d2b650: folds
1b22a08a: raises $0.1 to $0.2
4cb0f316: folds
a75b79e6: folds
Hero: folds
Uncalled bet ($0.1) returned to 1b22a08a
*** SHOWDOWN ***
1b22a08a collected $0.25 from pot
*** SUMMARY ***
Total pot $0.25 | Rake $0 | Jackpot $0 | Bingo $0 | Fortune $0 | Tax $0
Seat 1: 4cb0f316 (button) folded before Flop (didn't bet)
Seat 2: a75b79e6 (small blind) folded before Flop
Seat 3: Hero (big blind) folded before Flop
Seat 4: e58b22e1 folded before Flop (didn't bet)
Seat 5: 62d2b650 folded before Flop (didn't bet)
Seat 6: 1b22a08a collected ($0.25)


Poker Hand #HD1770878552: Hold'em No Limit ($0.05/$0.1) - 2024/05/13 16:14:10
Table 'NLHRed25' 6-max Seat #6 is the button
Seat 1: 4cb0f316 ($10.14 in chips)
Seat 2: a75b79e6 ($11.03 in chips)
Seat 3: Hero ($10 in chips)
Seat 4: e58b22e1 ($10 in chips)
Seat 5: 62d2b650 ($14.06 in chips)
Seat 6: 1b22a08a ($10.39 in chips)
4cb0f316: posts small blind $0.05
a75b79e6: posts big blind $0.1
*** HOLE CARDS ***
Dealt to 4cb0f316 
Dealt to a75b79e6 
Dealt to Hero [7c 6c]
Dealt to e58b22e1 
Dealt to 62d2b650 
Dealt to 1b22a08a 
Hero: folds
e58b22e1: folds
62d2b650: folds
1b22a08a: folds
4cb0f316: raises $0.15 to $0.25
a75b79e6: folds
Uncalled bet ($0.15) returned to 4cb0f316
*** SHOWDOWN ***
4cb0f316 collected $0.2 from pot
*** SUMMARY ***
Total pot $0.2 | Rake $0 | Jackpot $0 | Bingo $0 | Fortune $0 | Tax $0
Seat 1: 4cb0f316 (small blind) collected ($0.2)
Seat 2: a75b79e6 (big blind) folded before Flop
Seat 3: Hero folded before Flop (didn't bet)
Seat 4: e58b22e1 folded before Flop (didn't bet)
Seat 5: 62d2b650 folded before Flop (didn't bet)
Seat 6: 1b22a08a (button) folded before Flop (didn't bet)


Poker Hand #HD1770878505: Hold'em No Limit ($0.05/$0.1) - 2024/05/13 16:13:52
Table 'NLHRed25' 6-max Seat #5 is the button
Seat 1: 4cb0f316 ($10.09 in chips)
Seat 2: a75b79e6 ($11.03 in chips)
Seat 3: Hero ($10 in chips)
Seat 4: e58b22e1 ($10 in chips)
Seat 5: 62d2b650 ($14.06 in chips)
Seat 6: 1b22a08a ($10.44 in chips)
1b22a08a: posts small blind $0.05
4cb0f316: posts big blind $0.1
*** HOLE CARDS ***
Dealt to 4cb0f316 
Dealt to a75b79e6 
Dealt to Hero [Jh 7d]
Dealt to e58b22e1 
Dealt to 62d2b650 
Dealt to 1b22a08a 
a75b79e6: folds
Hero: folds
e58b22e1: folds
62d2b650: folds
1b22a08a: folds
Uncalled bet ($0.05) returned to 4cb0f316
*** SHOWDOWN ***
4cb0f316 collected $0.1 from pot
*** SUMMARY ***
Total pot $0.1 | Rake $0 | Jackpot $0 | Bingo $0 | Fortune $0 | Tax $0
Seat 1: 4cb0f316 (big blind) collected ($0.1)
Seat 2: a75b79e6 folded before Flop (didn't bet)
Seat 3: Hero folded before Flop (didn't bet)
Seat 4: e58b22e1 folded before Flop (didn't bet)
Seat 5: 62d2b650 (button) folded before Flop (didn't bet)
Seat 6: 1b22a08a (small blind) folded before Flop


Poker Hand #HD1770878410: Hold'em No Limit ($0.05/$0.1) - 2024/05/13 16:13:06
Table 'NLHRed25' 6-max Seat #4 is the button
Seat 1: 4cb0f316 ($7.22 in chips)
Seat 2: a75b79e6 ($11.03 in chips)
Seat 3: Hero ($10.74 in chips)
Seat 4: e58b22e1 ($10.25 in chips)
Seat 5: 62d2b650 ($14.11 in chips)
Seat 6: 1b22a08a ($11.24 in chips)
62d2b650: posts small blind $0.05
1b22a08a: posts big blind $0.1
*** HOLE CARDS ***
Dealt to 4cb0f316 
Dealt to a75b79e6 
Dealt to Hero [Kc Kd]
Dealt to e58b22e1 
Dealt to 62d2b650 
Dealt to 1b22a08a 
4cb0f316: raises $0.15 to $0.25
a75b79e6: folds
Hero: raises $0.55 to $0.8
e58b22e1: calls $0.8
62d2b650: folds
1b22a08a: calls $0.7
4cb0f316: calls $0.55
*** FLOP *** [Qd As 6s]
1b22a08a: checks
4cb0f316: bets $0.75
Hero: folds
e58b22e1: calls $0.75
1b22a08a: folds
*** TURN *** [Qd As 6s] [9c]
4cb0f316: bets $4.75
e58b22e1: folds
Uncalled bet ($4.75) returned to 4cb0f316
*** SHOWDOWN ***
4cb0f316 collected $4.42 from pot
*** SUMMARY ***
Total pot $4.75 | Rake $0.23 | Jackpot $0.1 | Bingo $0 | Fortune $0 | Tax $0
Board [Qd As 6s 9c]
Seat 1: 4cb0f316 won ($4.42)
Seat 2: a75b79e6 folded before Flop (didn't bet)
Seat 3: Hero folded on the Flop
Seat 4: e58b22e1 (button) folded on the Turn
Seat 5: 62d2b650 (small blind) folded before Flop
Seat 6: 1b22a08a (big blind) folded on the Flop


Poker Hand #HD1770878382: Hold'em No Limit ($0.05/$0.1) - 2024/05/13 16:12:53
Table 'NLHRed25' 6-max Seat #3 is the button
Seat 1: 4cb0f316 ($7.07 in chips)
Seat 2: a75b79e6 ($11.03 in chips)
Seat 3: Hero ($10.74 in chips)
Seat 4: e58b22e1 ($10.3 in chips)
Seat 5: 62d2b650 ($14.21 in chips)
Seat 6: 1b22a08a ($11.24 in chips)
e58b22e1: posts small blind $0.05
62d2b650: posts big blind $0.1
*** HOLE CARDS ***
Dealt to 4cb0f316 
Dealt to a75b79e6 
Dealt to Hero [6s 4h]
Dealt to e58b22e1 
Dealt to 62d2b650 
Dealt to 1b22a08a 
1b22a08a: folds
4cb0f316: raises $0.15 to $0.25
a75b79e6: folds
Hero: folds
e58b22e1: folds
62d2b650: folds
Uncalled bet ($0.15) returned to 4cb0f316
*** SHOWDOWN ***
4cb0f316 collected $0.25 from pot
*** SUMMARY ***
Total pot $0.25 | Rake $0 | Jackpot $0 | Bingo $0 | Fortune $0 | Tax $0
Seat 1: 4cb0f316 collected ($0.25)
Seat 2: a75b79e6 folded before Flop (didn't bet)
Seat 3: Hero (button) folded before Flop (didn't bet)
Seat 4: e58b22e1 (small blind) folded before Flop
Seat 5: 62d2b650 (big blind) folded before Flop
Seat 6: 1b22a08a folded before Flop (didn't bet)


Poker Hand #HD1770878353: Hold'em No Limit ($0.05/$0.1) - 2024/05/13 16:12:38
Table 'NLHRed25' 6-max Seat #2 is the button
Seat 1: 4cb0f316 ($6.92 in chips)
Seat 2: a75b79e6 ($11.03 in chips)
Seat 3: Hero ($10.79 in chips)
Seat 4: e58b22e1 ($10.4 in chips)
Seat 5: 62d2b650 ($14.21 in chips)
Seat 6: 1b22a08a ($11.24 in chips)
Hero: posts small blind $0.05
e58b22e1: posts big blind $0.1
*** HOLE CARDS ***
Dealt to 4cb0f316 
Dealt to a75b79e6 
Dealt to Hero [7s 4d]
Dealt to e58b22e1 
Dealt to 62d2b650 
Dealt to 1b22a08a 
62d2b650: folds
1b22a08a: folds
4cb0f316: raises $0.1 to $0.2
a75b79e6: folds
Hero: folds
e58b22e1: folds
Uncalled bet ($0.1) returned to 4cb0f316
*** SHOWDOWN ***
4cb0f316 collected $0.25 from pot
*** SUMMARY ***
Total pot $0.25 | Rake $0 | Jackpot $0 | Bingo $0 | Fortune $0 | Tax $0
Seat 1: 4cb0f316 collected ($0.25)
Seat 2: a75b79e6 (button) folded before Flop (didn't bet)
Seat 3: Hero (small blind) folded before Flop
Seat 4: e58b22e1 (big blind) folded before Flop
Seat 5: 62d2b650 folded before Flop (didn't bet)
Seat 6: 1b22a08a folded before Flop (didn't bet)


Poker Hand #HD1770878257: Hold'em No Limit ($0.05/$0.1) - 2024/05/13 16:11:51
Table 'NLHRed25' 6-max Seat #1 is the button
Seat 1: 4cb0f316 ($10.06 in chips)
Seat 2: a75b79e6 ($11.08 in chips)
Seat 3: Hero ($10.89 in chips)
Seat 4: e58b22e1 ($10.4 in chips)
Seat 5: 62d2b650 ($11.33 in chips)
Seat 6: 1b22a08a ($11.24 in chips)
a75b79e6: posts small blind $0.05
Hero: posts big blind $0.1
*** HOLE CARDS ***
Dealt to 4cb0f316 
Dealt to a75b79e6 
Dealt to Hero [Ks 4d]
Dealt to e58b22e1 
Dealt to 62d2b650 
Dealt to 1b22a08a 
e58b22e1: folds
62d2b650: raises $0.13 to $0.23
1b22a08a: folds
4cb0f316: raises $0.46 to $0.69
a75b79e6: folds
Hero: folds
62d2b650: raises $1.06 to $1.75
4cb0f316: calls $1.06
*** FLOP *** [Ad 6s 8h]
62d2b650: bets $1.39
4cb0f316: calls $1.39
*** TURN *** [Ad 6s 8h] [7d]
62d2b650: bets $3.61
4cb0f316: folds
Uncalled bet ($3.61) returned to 62d2b650
4cb0f316: shows [Ac] (Pair of Aces)
*** SHOWDOWN ***
62d2b650 collected $6.02 from pot
*** SUMMARY ***
Total pot $6.43 | Rake $0.31 | Jackpot $0.1 | Bingo $0 | Fortune $0 | Tax $0
Board [Ad 6s 8h 7d]
Seat 1: 4cb0f316 (button) folded on the Turn
Seat 2: a75b79e6 (small blind) folded before Flop
Seat 3: Hero (big blind) folded before Flop
Seat 4: e58b22e1 folded before Flop (didn't bet)
Seat 5: 62d2b650 won ($6.02)
Seat 6: 1b22a08a folded before Flop (didn't bet)


Poker Hand #HD1770878222: Hold'em No Limit ($0.05/$0.1) - 2024/05/13 16:11:32
Table 'NLHRed25' 6-max Seat #6 is the button
Seat 1: 4cb0f316 ($10.11 in chips)
Seat 2: a75b79e6 ($11.18 in chips)
Seat 3: Hero ($10.74 in chips)
Seat 4: e58b22e1 ($10.4 in chips)
Seat 5: 62d2b650 ($11.33 in chips)
Seat 6: 1b22a08a ($11.24 in chips)
4cb0f316: posts small blind $0.05
a75b79e6: posts big blind $0.1
*** HOLE CARDS ***
Dealt to 4cb0f316 
Dealt to a75b79e6 
Dealt to Hero [Ac Qh]
Dealt to e58b22e1 
Dealt to 62d2b650 
Dealt to 1b22a08a 
Hero: raises $0.1 to $0.2
e58b22e1: folds
62d2b650: folds
1b22a08a: folds
4cb0f316: folds
a75b79e6: folds
Uncalled bet ($0.1) returned to Hero
*** SHOWDOWN ***
Hero collected $0.25 from pot
*** SUMMARY ***
Total pot $0.25 | Rake $0 | Jackpot $0 | Bingo $0 | Fortune $0 | Tax $0
Seat 1: 4cb0f316 (small blind) folded before Flop
Seat 2: a75b79e6 (big blind) folded before Flop
Seat 3: Hero collected ($0.25)
Seat 4: e58b22e1 folded before Flop (didn't bet)
Seat 5: 62d2b650 folded before Flop (didn't bet)
Seat 6: 1b22a08a (button) folded before Flop (didn't bet)


Poker Hand #HD1770878146: Hold'em No Limit ($0.05/$0.1) - 2024/05/13 16:10:55
Table 'NLHRed25' 6-max Seat #5 is the button
Seat 1: 4cb0f316 ($7.57 in chips)
Seat 2: a75b79e6 ($11.18 in chips)
Seat 3: Hero ($10.74 in chips)
Seat 4: e58b22e1 ($11.82 in chips)
Seat 5: 62d2b650 ($11.33 in chips)
Seat 6: 1b22a08a ($12.66 in chips)
1b22a08a: posts small blind $0.05
4cb0f316: posts big blind $0.1
*** HOLE CARDS ***
Dealt to 4cb0f316 
Dealt to a75b79e6 
Dealt to Hero [Qs 5h]
Dealt to e58b22e1 
Dealt to 62d2b650 
Dealt to 1b22a08a 
a75b79e6: folds
Hero: folds
e58b22e1: raises $0.15 to $0.25
62d2b650: folds
1b22a08a: raises $0.55 to $0.8
4cb0f316: raises $0.62 to $1.42
e58b22e1: calls $1.17
1b22a08a: calls $0.62
*** FLOP *** [2c 9s 6s]
1b22a08a: checks
4cb0f316: bets $2.13
e58b22e1: folds
1b22a08a: folds
Uncalled bet ($2.13) returned to 4cb0f316
*** SHOWDOWN ***
4cb0f316 collected $3.96 from pot
*** SUMMARY ***
Total pot $4.26 | Rake $0.2 | Jackpot $0.1 | Bingo $0 | Fortune $0 | Tax $0
Board [2c 9s 6s]
Seat 1: 4cb0f316 (big blind) won ($3.96)
Seat 2: a75b79e6 folded before Flop (didn't bet)
Seat 3: Hero folded before Flop (didn't bet)
Seat 4: e58b22e1 folded on the Flop
Seat 5: 62d2b650 (button) folded before Flop (didn't bet)
Seat 6: 1b22a08a (small blind) folded on the Flop


Poker Hand #HD1770878069: Hold'em No Limit ($0.05/$0.1) - 2024/05/13 16:10:13
Table 'NLHRed25' 6-max Seat #4 is the button
Seat 1: 4cb0f316 ($8.72 in chips)
Seat 2: a75b79e6 ($10 in chips)
Seat 3: Hero ($10.74 in chips)
Seat 4: e58b22e1 ($11.82 in chips)
Seat 5: 62d2b650 ($11.38 in chips)
Seat 6: 1b22a08a ($12.76 in chips)
62d2b650: posts small blind $0.05
1b22a08a: posts big blind $0.1
*** HOLE CARDS ***
Dealt to 4cb0f316 
Dealt to a75b79e6 
Dealt to Hero [8s Ts]
Dealt to e58b22e1 
Dealt to 62d2b650 
Dealt to 1b22a08a 
4cb0f316: raises $0.15 to $0.25
a75b79e6: raises $0.49 to $0.74
Hero: folds
e58b22e1: folds
62d2b650: folds
1b22a08a: folds
4cb0f316: calls $0.49
*** FLOP *** [6c Js 6s]
4cb0f316: checks
a75b79e6: bets $0.41
4cb0f316: calls $0.41
*** TURN *** [6c Js 6s] [Ad]
4cb0f316: checks
a75b79e6: bets $1.84
4cb0f316: folds
Uncalled bet ($1.84) returned to a75b79e6
*** SHOWDOWN ***
a75b79e6 collected $2.33 from pot
*** SUMMARY ***
Total pot $2.45 | Rake $0.12 | Jackpot $0 | Bingo $0 | Fortune $0 | Tax $0
Board [6c Js 6s Ad]
Seat 1: 4cb0f316 folded on the Turn
Seat 2: a75b79e6 won ($2.33)
Seat 3: Hero folded before Flop (didn't bet)
Seat 4: e58b22e1 (button) folded before Flop (didn't bet)
Seat 5: 62d2b650 (small blind) folded before Flop
Seat 6: 1b22a08a (big blind) folded before Flop


Poker Hand #HD1770878048: Hold'em No Limit ($0.05/$0.1) - 2024/05/13 16:10:00
Table 'NLHRed25' 6-max Seat #3 is the button
Seat 1: 4cb0f316 ($8.72 in chips)
Seat 2: a75b79e6 ($10 in chips)
Seat 3: Hero ($10.74 in chips)
Seat 4: e58b22e1 ($11.87 in chips)
Seat 5: 62d2b650 ($11.48 in chips)
Seat 6: 1b22a08a ($12.61 in chips)
e58b22e1: posts small blind $0.05
62d2b650: posts big blind $0.1
*** HOLE CARDS ***
Dealt to 4cb0f316 
Dealt to a75b79e6 
Dealt to Hero [6d 5h]
Dealt to e58b22e1 
Dealt to 62d2b650 
Dealt to 1b22a08a 
1b22a08a: raises $0.1 to $0.2
4cb0f316: folds
a75b79e6: folds
Hero: folds
e58b22e1: folds
62d2b650: folds
Uncalled bet ($0.1) returned to 1b22a08a
*** SHOWDOWN ***
1b22a08a collected $0.25 from pot
*** SUMMARY ***
Total pot $0.25 | Rake $0 | Jackpot $0 | Bingo $0 | Fortune $0 | Tax $0
Seat 1: 4cb0f316 folded before Flop (didn't bet)
Seat 2: a75b79e6 folded before Flop (didn't bet)
Seat 3: Hero (button) folded before Flop (didn't bet)
Seat 4: e58b22e1 (small blind) folded before Flop
Seat 5: 62d2b650 (big blind) folded before Flop
Seat 6: 1b22a08a collected ($0.25)


Poker Hand #HD1770877998: Hold'em No Limit ($0.05/$0.1) - 2024/05/13 16:09:39
Table 'NLHRed25' 6-max Seat #2 is the button
Seat 1: 4cb0f316 ($8.44 in chips)
Seat 2: a75b79e6 ($10 in chips)
Seat 3: Hero ($10.79 in chips)
Seat 4: e58b22e1 ($12.12 in chips)
Seat 5: 62d2b650 ($11.48 in chips)
Seat 6: 1b22a08a ($12.61 in chips)
Hero: posts small blind $0.05
e58b22e1: posts big blind $0.1
*** HOLE CARDS ***
Dealt to 4cb0f316 
Dealt to a75b79e6 
Dealt to Hero [5h 9s]
Dealt to e58b22e1 
Dealt to 62d2b650 
Dealt to 1b22a08a 
62d2b650: folds
1b22a08a: folds
4cb0f316: raises $0.15 to $0.25
a75b79e6: folds
Hero: folds
e58b22e1: calls $0.15
*** FLOP *** [7c 3c 4s]
e58b22e1: checks
4cb0f316: bets $0.28
e58b22e1: folds
Uncalled bet ($0.28) returned to 4cb0f316
*** SHOWDOWN ***
4cb0f316 collected $0.53 from pot
*** SUMMARY ***
Total pot $0.55 | Rake $0.02 | Jackpot $0 | Bingo $0 | Fortune $0 | Tax $0
Board [7c 3c 4s]
Seat 1: 4cb0f316 won ($0.53)
Seat 2: a75b79e6 (button) folded before Flop (didn't bet)
Seat 3: Hero (small blind) folded before Flop
Seat 4: e58b22e1 (big blind) folded on the Flop
Seat 5: 62d2b650 folded before Flop (didn't bet)
Seat 6: 1b22a08a folded before Flop (didn't bet)


Poker Hand #HD1770877895: Hold'em No Limit ($0.05/$0.1) - 2024/05/13 16:08:49
Table 'NLHRed25' 6-max Seat #1 is the button
Seat 1: 4cb0f316 ($15.05 in chips)
Seat 2: a75b79e6 ($10 in chips)
Seat 3: Hero ($10.89 in chips)
Seat 4: e58b22e1 ($12.12 in chips)
Seat 5: 62d2b650 ($11.48 in chips)
Seat 6: 1b22a08a ($6.61 in chips)
a75b79e6: posts small blind $0.05
Hero: posts big blind $0.1
*** HOLE CARDS ***
Dealt to 4cb0f316 
Dealt to a75b79e6 
Dealt to Hero [Kd Jd]
Dealt to e58b22e1 
Dealt to 62d2b650 
Dealt to 1b22a08a 
e58b22e1: folds
62d2b650: folds
1b22a08a: raises $0.1 to $0.2
4cb0f316: raises $0.42 to $0.62
a75b79e6: folds
Hero: folds
1b22a08a: calls $0.42
*** FLOP *** [9s 9h 6d]
1b22a08a: bets $0.77
4cb0f316: calls $0.77
*** TURN *** [9s 9h 6d] [5c]
1b22a08a: bets $2.35
4cb0f316: calls $2.35
*** RIVER *** [9s 9h 6d 5c] [2s]
1b22a08a: bets $2.87 and is all-in
4cb0f316: calls $2.87
1b22a08a: shows [8c 7c] (Nines-High Straight)
4cb0f316: shows [6c Kc] (Pair of Nines and Pair of Sixes)
*** SHOWDOWN ***
1b22a08a collected $12.61 from pot
*** SUMMARY ***
Total pot $13.37 | Rake $0.66 | Jackpot $0.1 | Bingo $0 | Fortune $0 | Tax $0
Board [9s 9h 6d 5c 2s]
Seat 1: 4cb0f316 (button) showed [6c Kc] and lost with Pair of Nines and Pair of Sixes
Seat 2: a75b79e6 (small blind) folded before Flop
Seat 3: Hero (big blind) folded before Flop
Seat 4: e58b22e1 folded before Flop (didn't bet)
Seat 5: 62d2b650 folded before Flop (didn't bet)
Seat 6: 1b22a08a showed [8c 7c] and won ($12.61) with Nines-High Straight


Poker Hand #HD1770877821: Hold'em No Limit ($0.05/$0.1) - 2024/05/13 16:08:12
Table 'NLHRed25' 6-max Seat #6 is the button
Seat 1: 4cb0f316 ($15.1 in chips)
Seat 2: a75b79e6 ($10 in chips)
Seat 3: Hero ($10.89 in chips)
Seat 4: e58b22e1 ($10 in chips)
Seat 5: 62d2b650 ($11.48 in chips)
Seat 6: 1b22a08a ($8.91 in chips)
4cb0f316: posts small blind $0.05
a75b79e6: posts big blind $0.1
*** HOLE CARDS ***
Dealt to 4cb0f316 
Dealt to a75b79e6 
Dealt to Hero [7s Kh]
Dealt to e58b22e1 
Dealt to 62d2b650 
Dealt to 1b22a08a 
Hero: folds
e58b22e1: raises $0.15 to $0.25
62d2b650: folds
1b22a08a: raises $0.55 to $0.8
4cb0f316: folds
a75b79e6: folds
e58b22e1: raises $1.5 to $2.3
1b22a08a: calls $1.5
*** FLOP *** [9d 8d 9s]
e58b22e1: bets $3.66
1b22a08a: folds
Uncalled bet ($3.66) returned to e58b22e1
*** SHOWDOWN ***
e58b22e1 collected $4.42 from pot
*** SUMMARY ***
Total pot $4.75 | Rake $0.23 | Jackpot $0.1 | Bingo $0 | Fortune $0 | Tax $0
Board [9d 8d 9s]
Seat 1: 4cb0f316 (small blind) folded before Flop
Seat 2: a75b79e6 (big blind) folded before Flop
Seat 3: Hero folded before Flop (didn't bet)
Seat 4: e58b22e1 won ($4.42)
Seat 5: 62d2b650 folded before Flop (didn't bet)
Seat 6: 1b22a08a (button) folded on the Flop


Poker Hand #HD1770877753: Hold'em No Limit ($0.05/$0.1) - 2024/05/13 16:07:42
Table 'NLHRed25' 6-max Seat #5 is the button
Seat 1: 4cb0f316 ($15.3 in chips)
Seat 2: a75b79e6 ($10 in chips)
Seat 3: Hero ($10.89 in chips)
Seat 4: e58b22e1 ($10 in chips)
Seat 5: 62d2b650 ($11.48 in chips)
Seat 6: 1b22a08a ($8.73 in chips)
1b22a08a: posts small blind $0.05
4cb0f316: posts big blind $0.1
*** HOLE CARDS ***
Dealt to 4cb0f316 
Dealt to a75b79e6 
Dealt to Hero [7h Qc]
Dealt to e58b22e1 
Dealt to 62d2b650 
Dealt to 1b22a08a 
a75b79e6: folds
Hero: folds
e58b22e1: folds
62d2b650: folds
1b22a08a: raises $0.1 to $0.2
4cb0f316: calls $0.1
*** FLOP *** [8c 4c 8s]
1b22a08a: checks
4cb0f316: checks
*** TURN *** [8c 4c 8s] [Kd]
1b22a08a: bets $0.2
4cb0f316: folds
Uncalled bet ($0.2) returned to 1b22a08a
*** SHOWDOWN ***
1b22a08a collected $0.38 from pot
*** SUMMARY ***
Total pot $0.4 | Rake $0.02 | Jackpot $0 | Bingo $0 | Fortune $0 | Tax $0
Board [8c 4c 8s Kd]
Seat 1: 4cb0f316 (big blind) folded on the Turn
Seat 2: a75b79e6 folded before Flop (didn't bet)
Seat 3: Hero folded before Flop (didn't bet)
Seat 4: e58b22e1 folded before Flop (didn't bet)
Seat 5: 62d2b650 (button) folded before Flop (didn't bet)
Seat 6: 1b22a08a (small blind) won ($0.38)


Poker Hand #HD1770877696: Hold'em No Limit ($0.05/$0.1) - 2024/05/13 16:07:09
Table 'NLHRed25' 6-max Seat #4 is the button
Seat 1: 4cb0f316 ($14.12 in chips)
Seat 2: a75b79e6 ($10 in chips)
Seat 3: Hero ($10.89 in chips)
Seat 4: e58b22e1 ($10 in chips)
Seat 5: 62d2b650 ($11.53 in chips)
Seat 6: 1b22a08a ($8.83 in chips)
62d2b650: posts small blind $0.05
1b22a08a: posts big blind $0.1
*** HOLE CARDS ***
Dealt to 4cb0f316 
Dealt to a75b79e6 
Dealt to Hero [4d Td]
Dealt to e58b22e1 
Dealt to 62d2b650 
Dealt to 1b22a08a 
4cb0f316: raises $0.15 to $0.25
a75b79e6: raises $0.49 to $0.74
Hero: folds
e58b22e1: folds
62d2b650: folds
1b22a08a: folds
4cb0f316: calls $0.49
*** FLOP *** [Kd Ks Jd]
4cb0f316: checks
a75b79e6: bets $0.41
4cb0f316: raises $0.81 to $1.22
a75b79e6: folds
Uncalled bet ($0.81) returned to 4cb0f316
*** SHOWDOWN ***
4cb0f316 collected $2.33 from pot
*** SUMMARY ***
Total pot $2.45 | Rake $0.12 | Jackpot $0 | Bingo $0 | Fortune $0 | Tax $0
Board [Kd Ks Jd]
Seat 1: 4cb0f316 won ($2.33)
Seat 2: a75b79e6 folded on the Flop
Seat 3: Hero folded before Flop (didn't bet)
Seat 4: e58b22e1 (button) folded before Flop (didn't bet)
Seat 5: 62d2b650 (small blind) folded before Flop
Seat 6: 1b22a08a (big blind) folded before Flop


Poker Hand #HD1770877672: Hold'em No Limit ($0.05/$0.1) - 2024/05/13 16:06:54
Table 'NLHRed25' 6-max Seat #3 is the button
Seat 1: 4cb0f316 ($14.12 in chips)
Seat 2: a75b79e6 ($10 in chips)
Seat 3: Hero ($10.89 in chips)
Seat 4: e58b22e1 ($10.05 in chips)
Seat 5: 62d2b650 ($11.48 in chips)
Seat 6: 1b22a08a ($8.83 in chips)
e58b22e1: posts small blind $0.05
62d2b650: posts big blind $0.1
*** HOLE CARDS ***
Dealt to 4cb0f316 
Dealt to a75b79e6 
Dealt to Hero [6d Kc]
Dealt to e58b22e1 
Dealt to 62d2b650 
Dealt to 1b22a08a 
1b22a08a: folds
4cb0f316: folds
a75b79e6: folds
Hero: folds
e58b22e1: folds
Uncalled bet ($0.05) returned to 62d2b650
*** SHOWDOWN ***
62d2b650 collected $0.1 from pot
*** SUMMARY ***
Total pot $0.1 | Rake $0 | Jackpot $0 | Bingo $0 | Fortune $0 | Tax $0
Seat 1: 4cb0f316 folded before Flop (didn't bet)
Seat 2: a75b79e6 folded before Flop (didn't bet)
Seat 3: Hero (button) folded before Flop (didn't bet)
Seat 4: e58b22e1 (small blind) folded before Flop
Seat 5: 62d2b650 (big blind) collected ($0.1)
Seat 6: 1b22a08a folded before Flop (didn't bet)


Poker Hand #HD1770877652: Hold'em No Limit ($0.05/$0.1) - 2024/05/13 16:06:45
Table 'NLHRed25' 6-max Seat #2 is the button
Seat 1: 4cb0f316 ($14.12 in chips)
Seat 2: a75b79e6 ($10 in chips)
Seat 3: Hero ($10.94 in chips)
Seat 4: e58b22e1 ($10 in chips)
Seat 5: 62d2b650 ($11.48 in chips)
Seat 6: 1b22a08a ($8.83 in chips)
Hero: posts small blind $0.05
e58b22e1: posts big blind $0.1
*** HOLE CARDS ***
Dealt to 4cb0f316 
Dealt to a75b79e6 
Dealt to Hero [7d Jh]
Dealt to e58b22e1 
Dealt to 62d2b650 
Dealt to 1b22a08a 
62d2b650: folds
1b22a08a: folds
4cb0f316: folds
a75b79e6: folds
Hero: folds
Uncalled bet ($0.05) returned to e58b22e1
*** SHOWDOWN ***
e58b22e1 collected $0.1 from pot
*** SUMMARY ***
Total pot $0.1 | Rake $0 | Jackpot $0 | Bingo $0 | Fortune $0 | Tax $0
Seat 1: 4cb0f316 folded before Flop (didn't bet)
Seat 2: a75b79e6 (button) folded before Flop (didn't bet)
Seat 3: Hero (small blind) folded before Flop
Seat 4: e58b22e1 (big blind) collected ($0.1)
Seat 5: 62d2b650 folded before Flop (didn't bet)
Seat 6: 1b22a08a folded before Flop (didn't bet)


Poker Hand #HD1770877470: Hold'em No Limit ($0.05/$0.1) - 2024/05/13 16:05:13
Table 'NLHRed25' 6-max Seat #1 is the button
Seat 1: 4cb0f316 ($10.13 in chips)
Seat 2: a75b79e6 ($10.59 in chips)
Seat 3: Hero ($11.04 in chips)
Seat 4: e58b22e1 ($10.1 in chips)
Seat 5: 62d2b650 ($11.73 in chips)
Seat 6: 1b22a08a ($8.83 in chips)
a75b79e6: posts small blind $0.05
Hero: posts big blind $0.1
*** HOLE CARDS ***
Dealt to 4cb0f316 
Dealt to a75b79e6 
Dealt to Hero [2d 4c]
Dealt to e58b22e1 
Dealt to 62d2b650 
Dealt to 1b22a08a 
e58b22e1: raises $0.15 to $0.25
62d2b650: calls $0.25
1b22a08a: folds
4cb0f316: raises $0.9 to $1.15
a75b79e6: raises $1.35 to $2.5
Hero: folds
e58b22e1: folds
62d2b650: folds
4cb0f316: calls $1.35
*** FLOP *** [6s 9h Ah]
a75b79e6: bets $1.4
4cb0f316: calls $1.4
*** TURN *** [6s 9h Ah] [9s]
a75b79e6: checks
4cb0f316: bets $1.65
a75b79e6: folds
Uncalled bet ($1.65) returned to 4cb0f316
*** SHOWDOWN ***
4cb0f316 collected $7.89 from pot
*** SUMMARY ***
Total pot $8.4 | Rake $0.41 | Jackpot $0.1 | Bingo $0 | Fortune $0 | Tax $0
Board [6s 9h Ah 9s]
Seat 1: 4cb0f316 (button) won ($7.89)
Seat 2: a75b79e6 (small blind) folded on the Turn
Seat 3: Hero (big blind) folded before Flop
Seat 4: e58b22e1 folded before Flop
Seat 5: 62d2b650 folded before Flop
Seat 6: 1b22a08a folded before Flop (didn't bet)


Poker Hand #HD1770877433: Hold'em No Limit ($0.05/$0.1) - 2024/05/13 16:04:53
Table 'NLHRed25' 6-max Seat #6 is the button
Seat 1: 4cb0f316 ($10.03 in chips)
Seat 2: a75b79e6 ($10.69 in chips)
Seat 3: Hero ($11.04 in chips)
Seat 4: e58b22e1 ($10.1 in chips)
Seat 5: 62d2b650 ($11.73 in chips)
Seat 6: 1b22a08a ($8.83 in chips)
4cb0f316: posts small blind $0.05
a75b79e6: posts big blind $0.1
*** HOLE CARDS ***
Dealt to 4cb0f316 
Dealt to a75b79e6 
Dealt to Hero [6c Jd]
Dealt to e58b22e1 
Dealt to 62d2b650 
Dealt to 1b22a08a 
Hero: folds
e58b22e1: folds
62d2b650: folds
1b22a08a: folds
4cb0f316: raises $0.2 to $0.3
a75b79e6: folds
Uncalled bet ($0.2) returned to 4cb0f316
*** SHOWDOWN ***
4cb0f316 collected $0.2 from pot
*** SUMMARY ***
Total pot $0.2 | Rake $0 | Jackpot $0 | Bingo $0 | Fortune $0 | Tax $0
Seat 1: 4cb0f316 (small blind) collected ($0.2)
Seat 2: a75b79e6 (big blind) folded before Flop
Seat 3: Hero folded before Flop (didn't bet)
Seat 4: e58b22e1 folded before Flop (didn't bet)
Seat 5: 62d2b650 folded before Flop (didn't bet)
Seat 6: 1b22a08a (button) folded before Flop (didn't bet)


Poker Hand #HD1770877313: Hold'em No Limit ($0.05/$0.1) - 2024/05/13 16:03:55
Table 'NLHRed25' 6-max Seat #5 is the button
Seat 1: 4cb0f316 ($10.57 in chips)
Seat 2: a75b79e6 ($10.15 in chips)
Seat 3: Hero ($11.04 in chips)
Seat 4: e58b22e1 ($10.1 in chips)
Seat 5: 62d2b650 ($11.73 in chips)
Seat 6: 1b22a08a ($8.88 in chips)
1b22a08a: posts small blind $0.05
4cb0f316: posts big blind $0.1
*** HOLE CARDS ***
Dealt to 4cb0f316 
Dealt to a75b79e6 
Dealt to Hero [Qs 2h]
Dealt to e58b22e1 
Dealt to 62d2b650 
Dealt to 1b22a08a 
a75b79e6: raises $0.1 to $0.2
Hero: folds
e58b22e1: folds
62d2b650: folds
1b22a08a: folds
4cb0f316: calls $0.1
*** FLOP *** [5d Kh 3s]
4cb0f316: checks
a75b79e6: checks
*** TURN *** [5d Kh 3s] [4s]
4cb0f316: checks
a75b79e6: bets $0.34
4cb0f316: calls $0.34
*** RIVER *** [5d Kh 3s 4s] [4d]
4cb0f316: checks
a75b79e6: checks
4cb0f316: shows [3h Th] (Pair of Fours and Pair of Treys)
a75b79e6: shows [7h 7d] (Pair of Sevens and Pair of Fours)
*** SHOWDOWN ***
a75b79e6 collected $1.08 from pot
*** SUMMARY ***
Total pot $1.13 | Rake $0.05 | Jackpot $0 | Bingo $0 | Fortune $0 | Tax $0
Board [5d Kh 3s 4s 4d]
Seat 1: 4cb0f316 (big blind) showed [3h Th] and lost with Pair of Fours and Pair of Treys
Seat 2: a75b79e6 showed [7h 7d] and won ($1.08) with Pair of Sevens and Pair of Fours
Seat 3: Hero folded before Flop (didn't bet)
Seat 4: e58b22e1 folded before Flop (didn't bet)
Seat 5: 62d2b650 (button) folded before Flop (didn't bet)
Seat 6: 1b22a08a (small blind) folded before Flop


Poker Hand #HD1770877259: Hold'em No Limit ($0.05/$0.1) - 2024/05/13 16:03:25
Table 'NLHRed25' 6-max Seat #4 is the button
Seat 1: 4cb0f316 ($11.02 in chips)
Seat 2: a75b79e6 ($10.15 in chips)
Seat 3: Hero ($11.04 in chips)
Seat 4: e58b22e1 ($10.1 in chips)
Seat 5: 62d2b650 ($11.78 in chips)
Seat 6: 1b22a08a ($8.42 in chips)
62d2b650: posts small blind $0.05
1b22a08a: posts big blind $0.1
*** HOLE CARDS ***
Dealt to 4cb0f316 
Dealt to a75b79e6 
Dealt to Hero [4s Qd]
Dealt to e58b22e1 
Dealt to 62d2b650 
Dealt to 1b22a08a 
4cb0f316: raises $0.15 to $0.25
a75b79e6: folds
Hero: folds
e58b22e1: folds
62d2b650: folds
1b22a08a: calls $0.15
*** FLOP *** [3h Jc Kc]
1b22a08a: bets $0.2
4cb0f316: calls $0.2
*** TURN *** [3h Jc Kc] [2c]
1b22a08a: bets $0.53
4cb0f316: folds
Uncalled bet ($0.53) returned to 1b22a08a
*** SHOWDOWN ***
1b22a08a collected $0.91 from pot
*** SUMMARY ***
Total pot $0.95 | Rake $0.04 | Jackpot $0 | Bingo $0 | Fortune $0 | Tax $0
Board [3h Jc Kc 2c]
Seat 1: 4cb0f316 folded on the Turn
Seat 2: a75b79e6 folded before Flop (didn't bet)
Seat 3: Hero folded before Flop (didn't bet)
Seat 4: e58b22e1 (button) folded before Flop (didn't bet)
Seat 5: 62d2b650 (small blind) folded before Flop
Seat 6: 1b22a08a (big blind) won ($0.91)


Poker Hand #HD1770877222: Hold'em No Limit ($0.05/$0.1) - 2024/05/13 16:03:09
Table 'NLHRed25' 6-max Seat #3 is the button
Seat 1: 4cb0f316 ($11.02 in chips)
Seat 2: a75b79e6 ($10 in chips)
Seat 3: Hero ($11.04 in chips)
Seat 4: e58b22e1 ($10.15 in chips)
Seat 5: 62d2b650 ($11.88 in chips)
Seat 6: 1b22a08a ($8.42 in chips)
e58b22e1: posts small blind $0.05
62d2b650: posts big blind $0.1
*** HOLE CARDS ***
Dealt to 4cb0f316 
Dealt to a75b79e6 
Dealt to Hero [As 2s]
Dealt to e58b22e1 
Dealt to 62d2b650 
Dealt to 1b22a08a 
1b22a08a: folds
4cb0f316: folds
a75b79e6: raises $0.12 to $0.22
Hero: folds
e58b22e1: folds
62d2b650: folds
Uncalled bet ($0.12) returned to a75b79e6
*** SHOWDOWN ***
a75b79e6 collected $0.25 from pot
*** SUMMARY ***
Total pot $0.25 | Rake $0 | Jackpot $0 | Bingo $0 | Fortune $0 | Tax $0
Seat 1: 4cb0f316 folded before Flop (didn't bet)
Seat 2: a75b79e6 collected ($0.25)
Seat 3: Hero (button) folded before Flop (didn't bet)
Seat 4: e58b22e1 (small blind) folded before Flop
Seat 5: 62d2b650 (big blind) folded before Flop
Seat 6: 1b22a08a folded before Flop (didn't bet)


Poker Hand #HD1770877205: Hold'em No Limit ($0.05/$0.1) - 2024/05/13 16:03:01
Table 'NLHRed25' 6-max Seat #2 is the button
Seat 1: 4cb0f316 ($11.02 in chips)
Seat 2: a75b79e6 ($10 in chips)
Seat 3: Hero ($11.09 in chips)
Seat 4: e58b22e1 ($10.1 in chips)
Seat 5: 62d2b650 ($11.88 in chips)
Seat 6: 1b22a08a ($8.42 in chips)
Hero: posts small blind $0.05
e58b22e1: posts big blind $0.1
*** HOLE CARDS ***
Dealt to 4cb0f316 
Dealt to a75b79e6 
Dealt to Hero [6s 9h]
Dealt to e58b22e1 
Dealt to 62d2b650 
Dealt to 1b22a08a 
62d2b650: folds
1b22a08a: folds
4cb0f316: folds
a75b79e6: folds
Hero: folds
Uncalled bet ($0.05) returned to e58b22e1
*** SHOWDOWN ***
e58b22e1 collected $0.1 from pot
*** SUMMARY ***
Total pot $0.1 | Rake $0 | Jackpot $0 | Bingo $0 | Fortune $0 | Tax $0
Seat 1: 4cb0f316 folded before Flop (didn't bet)
Seat 2: a75b79e6 (button) folded before Flop (didn't bet)
Seat 3: Hero (small blind) folded before Flop
Seat 4: e58b22e1 (big blind) collected ($0.1)
Seat 5: 62d2b650 folded before Flop (didn't bet)
Seat 6: 1b22a08a folded before Flop (didn't bet)


Poker Hand #HD1770877078: Hold'em No Limit ($0.05/$0.1) - 2024/05/13 16:02:03
Table 'NLHRed25' 6-max Seat #1 is the button
Seat 1: 4cb0f316 ($10.52 in chips)
Seat 2: a75b79e6 ($10.05 in chips)
Seat 3: Hero ($11.19 in chips)
Seat 4: e58b22e1 ($10.1 in chips)
Seat 5: 62d2b650 ($11.88 in chips)
Seat 6: 1b22a08a ($8.81 in chips)
a75b79e6: posts small blind $0.05
Hero: posts big blind $0.1
*** HOLE CARDS ***
Dealt to 4cb0f316 
Dealt to a75b79e6 
Dealt to Hero [9c 4s]
Dealt to e58b22e1 
Dealt to 62d2b650 
Dealt to 1b22a08a 
e58b22e1: folds
62d2b650: folds
1b22a08a: raises $0.1 to $0.2
4cb0f316: raises $0.19 to $0.39
a75b79e6: folds
Hero: folds
1b22a08a: calls $0.19
*** FLOP *** [5c 6c Jh]
1b22a08a: checks
4cb0f316: checks
*** TURN *** [5c 6c Jh] [3d]
1b22a08a: checks
4cb0f316: checks
*** RIVER *** [5c 6c Jh 3d] [2d]
1b22a08a: checks
4cb0f316: bets $1.35
1b22a08a: folds
Uncalled bet ($1.35) returned to 4cb0f316
*** SHOWDOWN ***
4cb0f316 collected $0.89 from pot
*** SUMMARY ***
Total pot $0.93 | Rake $0.04 | Jackpot $0 | Bingo $0 | Fortune $0 | Tax $0
Board [5c 6c Jh 3d 2d]
Seat 1: 4cb0f316 (button) won ($0.89)
Seat 2: a75b79e6 (small blind) folded before Flop
Seat 3: Hero (big blind) folded before Flop
Seat 4: e58b22e1 folded before Flop (didn't bet)
Seat 5: 62d2b650 folded before Flop (didn't bet)
Seat 6: 1b22a08a folded on the River


Poker Hand #HD1770877063: Hold'em No Limit ($0.05/$0.1) - 2024/05/13 16:01:51
Table 'NLHRed25' 6-max Seat #6 is the button
Seat 1: 4cb0f316 ($10.57 in chips)
Seat 2: a75b79e6 ($10 in chips)
Seat 3: Hero ($11.19 in chips)
Seat 4: e58b22e1 ($10.1 in chips)
Seat 5: 62d2b650 ($11.88 in chips)
Seat 6: 1b22a08a ($8.81 in chips)
4cb0f316: posts small blind $0.05
a75b79e6: posts big blind $0.1
*** HOLE CARDS ***
Dealt to 4cb0f316 
Dealt to a75b79e6 
Dealt to Hero [8h Jd]
Dealt to e58b22e1 
Dealt to 62d2b650 
Dealt to 1b22a08a 
Hero: folds
e58b22e1: folds
62d2b650: folds
1b22a08a: folds
4cb0f316: folds
Uncalled bet ($0.05) returned to a75b79e6
*** SHOWDOWN ***
a75b79e6 collected $0.1 from pot
*** SUMMARY ***
Total pot $0.1 | Rake $0 | Jackpot $0 | Bingo $0 | Fortune $0 | Tax $0
Seat 1: 4cb0f316 (small blind) folded before Flop
Seat 2: a75b79e6 (big blind) collected ($0.1)
Seat 3: Hero folded before Flop (didn't bet)
Seat 4: e58b22e1 folded before Flop (didn't bet)
Seat 5: 62d2b650 folded before Flop (didn't bet)
Seat 6: 1b22a08a (button) folded before Flop (didn't bet)


Poker Hand #HD1770877048: Hold'em No Limit ($0.05/$0.1) - 2024/05/13 16:01:44
Table 'NLHRed25' 6-max Seat #5 is the button
Seat 1: 4cb0f316 ($10.52 in chips)
Seat 2: a75b79e6 ($10 in chips)
Seat 3: Hero ($11.19 in chips)
Seat 4: e58b22e1 ($10.1 in chips)
Seat 5: 62d2b650 ($11.88 in chips)
Seat 6: 1b22a08a ($8.86 in chips)
1b22a08a: posts small blind $0.05
4cb0f316: posts big blind $0.1
*** HOLE CARDS ***
Dealt to 4cb0f316 
Dealt to a75b79e6 
Dealt to Hero [4c 5c]
Dealt to e58b22e1 
Dealt to 62d2b650 
Dealt to 1b22a08a 
a75b79e6: folds
Hero: folds
e58b22e1: folds
62d2b650: folds
1b22a08a: folds
Uncalled bet ($0.05) returned to 4cb0f316
*** SHOWDOWN ***
4cb0f316 collected $0.1 from pot
*** SUMMARY ***
Total pot $0.1 | Rake $0 | Jackpot $0 | Bingo $0 | Fortune $0 | Tax $0
Seat 1: 4cb0f316 (big blind) collected ($0.1)
Seat 2: a75b79e6 folded before Flop (didn't bet)
Seat 3: Hero folded before Flop (didn't bet)
Seat 4: e58b22e1 folded before Flop (didn't bet)
Seat 5: 62d2b650 (button) folded before Flop (didn't bet)
Seat 6: 1b22a08a (small blind) folded before Flop


Poker Hand #HD1770877026: Hold'em No Limit ($0.05/$0.1) - 2024/05/13 16:01:34
Table 'NLHRed25' 6-max Seat #4 is the button
Seat 1: 4cb0f316 ($10.52 in chips)
Seat 2: a75b79e6 ($10 in chips)
Seat 3: Hero ($11.19 in chips)
Seat 4: e58b22e1 ($10.1 in chips)
Seat 5: 62d2b650 ($11.93 in chips)
Seat 6: 1b22a08a ($8.81 in chips)
62d2b650: posts small blind $0.05
1b22a08a: posts big blind $0.1
*** HOLE CARDS ***
Dealt to 4cb0f316 
Dealt to a75b79e6 
Dealt to Hero [Qs 3d]
Dealt to e58b22e1 
Dealt to 62d2b650 
Dealt to 1b22a08a 
4cb0f316: folds
a75b79e6: folds
Hero: folds
e58b22e1: folds
62d2b650: folds
Uncalled bet ($0.05) returned to 1b22a08a
*** SHOWDOWN ***
1b22a08a collected $0.1 from pot
*** SUMMARY ***
Total pot $0.1 | Rake $0 | Jackpot $0 | Bingo $0 | Fortune $0 | Tax $0
Seat 1: 4cb0f316 folded before Flop (didn't bet)
Seat 2: a75b79e6 folded before Flop (didn't bet)
Seat 3: Hero folded before Flop (didn't bet)
Seat 4: e58b22e1 (button) folded before Flop (didn't bet)
Seat 5: 62d2b650 (small blind) folded before Flop
Seat 6: 1b22a08a (big blind) collected ($0.1)


Poker Hand #HD1770876912: Hold'em No Limit ($0.05/$0.1) - 2024/05/13 16:00:36
Table 'NLHRed25' 6-max Seat #3 is the button
Seat 1: 4cb0f316 ($10.96 in chips)
Seat 2: a75b79e6 ($10 in chips)
Seat 3: Hero ($11.19 in chips)
Seat 4: e58b22e1 ($10.15 in chips)
Seat 5: 62d2b650 ($11.48 in chips)
Seat 6: 1b22a08a ($8.81 in chips)
e58b22e1: posts small blind $0.05
62d2b650: posts big blind $0.1
*** HOLE CARDS ***
Dealt to 4cb0f316 
Dealt to a75b79e6 
Dealt to Hero [5s 3d]
Dealt to e58b22e1 
Dealt to 62d2b650 
Dealt to 1b22a08a 
1b22a08a: folds
4cb0f316: raises $0.15 to $0.25
a75b79e6: folds
Hero: folds
e58b22e1: folds
62d2b650: calls $0.15
*** FLOP *** [4d 4c 9d]
62d2b650: checks
4cb0f316: bets $0.19
62d2b650: calls $0.19
*** TURN *** [4d 4c 9d] [9s]
62d2b650: checks
4cb0f316: checks
*** RIVER *** [4d 4c 9d 9s] [5d]
62d2b650: checks
4cb0f316: checks
62d2b650: shows [Td Th] (Pair of Tens and Pair of Nines)
4cb0f316: shows [Qh 8d] (Pair of Nines and Pair of Fours)
*** SHOWDOWN ***
62d2b650 collected $0.89 from pot
*** SUMMARY ***
Total pot $0.93 | Rake $0.04 | Jackpot $0 | Bingo $0 | Fortune $0 | Tax $0
Board [4d 4c 9d 9s 5d]
Seat 1: 4cb0f316 showed [Qh 8d] and lost with Pair of Nines and Pair of Fours
Seat 2: a75b79e6 folded before Flop (didn't bet)
Seat 3: Hero (button) folded before Flop (didn't bet)
Seat 4: e58b22e1 (small blind) folded before Flop
Seat 5: 62d2b650 (big blind) showed [Td Th] and won ($0.89) with Pair of Tens and Pair of Nines
Seat 6: 1b22a08a folded before Flop (didn't bet)


Poker Hand #HD1770876868: Hold'em No Limit ($0.05/$0.1) - 2024/05/13 16:00:11
Table 'NLHRed25' 6-max Seat #2 is the button
Seat 1: 4cb0f316 ($10.81 in chips)
Seat 2: a75b79e6 ($10 in chips)
Seat 3: Hero ($11.24 in chips)
Seat 4: e58b22e1 ($10.25 in chips)
Seat 5: 62d2b650 ($11.48 in chips)
Seat 6: 1b22a08a ($8.81 in chips)
Hero: posts small blind $0.05
e58b22e1: posts big blind $0.1
*** HOLE CARDS ***
Dealt to 4cb0f316 
Dealt to a75b79e6 
Dealt to Hero [2h 8c]
Dealt to e58b22e1 
Dealt to 62d2b650 
Dealt to 1b22a08a 
62d2b650: folds
1b22a08a: folds
4cb0f316: raises $0.15 to $0.25
a75b79e6: folds
Hero: folds
e58b22e1: folds
Uncalled bet ($0.15) returned to 4cb0f316
*** SHOWDOWN ***
4cb0f316 collected $0.25 from pot
*** SUMMARY ***
Total pot $0.25 | Rake $0 | Jackpot $0 | Bingo $0 | Fortune $0 | Tax $0
Seat 1: 4cb0f316 collected ($0.25)
Seat 2: a75b79e6 (button) folded before Flop (didn't bet)
Seat 3: Hero (small blind) folded before Flop
Seat 4: e58b22e1 (big blind) folded before Flop
Seat 5: 62d2b650 folded before Flop (didn't bet)
Seat 6: 1b22a08a folded before Flop (didn't bet)


Poker Hand #HD1770876773: Hold'em No Limit ($0.05/$0.1) - 2024/05/13 15:59:21
Table 'NLHRed25' 6-max Seat #1 is the button
Seat 1: 4cb0f316 ($8.26 in chips)
Seat 2: a75b79e6 ($10.93 in chips)
Seat 3: Hero ($11.34 in chips)
Seat 4: e58b22e1 ($10.25 in chips)
Seat 5: 62d2b650 ($11.48 in chips)
Seat 6: 1b22a08a ($8.81 in chips)
a75b79e6: posts small blind $0.05
Hero: posts big blind $0.1
*** HOLE CARDS ***
Dealt to 4cb0f316 
Dealt to a75b79e6 
Dealt to Hero [Kh 3c]
Dealt to e58b22e1 
Dealt to 62d2b650 
Dealt to 1b22a08a 
e58b22e1: folds
62d2b650: folds
1b22a08a: folds
4cb0f316: raises $0.15 to $0.25
a75b79e6: raises $0.85 to $1.1
Hero: folds
4cb0f316: calls $0.85
*** FLOP *** [9c 3s 6s]
a75b79e6: checks
4cb0f316: checks
*** TURN *** [9c 3s 6s] [4h]
a75b79e6: bets $1.73
4cb0f316: raises $1.91 to $3.64
a75b79e6: folds
Uncalled bet ($1.91) returned to 4cb0f316
*** SHOWDOWN ***
4cb0f316 collected $5.38 from pot
*** SUMMARY ***
Total pot $5.76 | Rake $0.28 | Jackpot $0.1 | Bingo $0 | Fortune $0 | Tax $0
Board [9c 3s 6s 4h]
Seat 1: 4cb0f316 (button) won ($5.38)
Seat 2: a75b79e6 (small blind) folded on the Turn
Seat 3: Hero (big blind) folded before Flop
Seat 4: e58b22e1 folded before Flop (didn't bet)
Seat 5: 62d2b650 folded before Flop (didn't bet)
Seat 6: 1b22a08a folded before Flop (didn't bet)


Poker Hand #HD1770876723: Hold'em No Limit ($0.05/$0.1) - 2024/05/13 15:58:58
Table 'NLHRed25' 6-max Seat #6 is the button
Seat 1: 4cb0f316 ($8.31 in chips)
Seat 2: a75b79e6 ($11.03 in chips)
Seat 3: Hero ($11.34 in chips)
Seat 4: e58b22e1 ($10.5 in chips)
Seat 5: 62d2b650 ($11.73 in chips)
Seat 6: 1b22a08a ($8.2 in chips)
4cb0f316: posts small blind $0.05
a75b79e6: posts big blind $0.1
*** HOLE CARDS ***
Dealt to 4cb0f316 
Dealt to a75b79e6 
Dealt to Hero [Qh 3h]
Dealt to e58b22e1 
Dealt to 62d2b650 
Dealt to 1b22a08a 
Hero: folds
e58b22e1: raises $0.15 to $0.25
62d2b650: calls $0.25
1b22a08a: raises $0.65 to $0.9
4cb0f316: folds
a75b79e6: folds
e58b22e1: folds
62d2b650: folds
Uncalled bet ($0.65) returned to 1b22a08a
*** SHOWDOWN ***
1b22a08a collected $0.86 from pot
*** SUMMARY ***
Total pot $0.9 | Rake $0.04 | Jackpot $0 | Bingo $0 | Fortune $0 | Tax $0
Seat 1: 4cb0f316 (small blind) folded before Flop
Seat 2: a75b79e6 (big blind) folded before Flop
Seat 3: Hero folded before Flop (didn't bet)
Seat 4: e58b22e1 folded before Flop
Seat 5: 62d2b650 folded before Flop
Seat 6: 1b22a08a (button) collected ($0.86)


Poker Hand #HD1770876643: Hold'em No Limit ($0.05/$0.1) - 2024/05/13 15:58:19
Table 'NLHRed25' 6-max Seat #5 is the button
Seat 1: 4cb0f316 ($7.36 in chips)
Seat 2: a75b79e6 ($11.03 in chips)
Seat 3: Hero ($11.34 in chips)
Seat 4: e58b22e1 ($10.5 in chips)
Seat 5: 62d2b650 ($11.73 in chips)
Seat 6: 1b22a08a ($9.25 in chips)
1b22a08a: posts small blind $0.05
4cb0f316: posts big blind $0.1
*** HOLE CARDS ***
Dealt to 4cb0f316 
Dealt to a75b79e6 
Dealt to Hero [3d 8s]
Dealt to e58b22e1 
Dealt to 62d2b650 
Dealt to 1b22a08a 
a75b79e6: folds
Hero: folds
e58b22e1: folds
62d2b650: folds
1b22a08a: raises $0.25 to $0.35
4cb0f316: raises $0.7 to $1.05
1b22a08a: calls $0.7
*** FLOP *** [Kd 5h 5c]
1b22a08a: checks
4cb0f316: bets $1.05
1b22a08a: folds
Uncalled bet ($1.05) returned to 4cb0f316
*** SHOWDOWN ***
4cb0f316 collected $2 from pot
*** SUMMARY ***
Total pot $2.1 | Rake $0.1 | Jackpot $0 | Bingo $0 | Fortune $0 | Tax $0
Board [Kd 5h 5c]
Seat 1: 4cb0f316 (big blind) won ($2)
Seat 2: a75b79e6 folded before Flop (didn't bet)
Seat 3: Hero folded before Flop (didn't bet)
Seat 4: e58b22e1 folded before Flop (didn't bet)
Seat 5: 62d2b650 (button) folded before Flop (didn't bet)
Seat 6: 1b22a08a (small blind) folded on the Flop


Poker Hand #HD1770876457: Hold'em No Limit ($0.05/$0.1) - 2024/05/13 15:56:49
Table 'NLHRed25' 6-max Seat #4 is the button
Seat 1: 4cb0f316 ($7.36 in chips)
Seat 2: a75b79e6 ($11.03 in chips)
Seat 3: Hero ($10.32 in chips)
Seat 4: e58b22e1 ($10.5 in chips)
Seat 5: 62d2b650 ($11.78 in chips)
Seat 6: 1b22a08a ($10.33 in chips)
62d2b650: posts small blind $0.05
1b22a08a: posts big blind $0.1
*** HOLE CARDS ***
Dealt to 4cb0f316 
Dealt to a75b79e6 
Dealt to Hero [Jc Ac]
Dealt to e58b22e1 
Dealt to 62d2b650 
Dealt to 1b22a08a 
4cb0f316: folds
a75b79e6: folds
Hero: raises $0.1 to $0.2
e58b22e1: folds
62d2b650: folds
1b22a08a: calls $0.1
*** FLOP *** [3d 8d 4s]
1b22a08a: checks
Hero: checks
*** TURN *** [3d 8d 4s] [8c]
1b22a08a: bets $0.2
Hero: calls $0.2
*** RIVER *** [3d 8d 4s 8c] [Jd]
1b22a08a: bets $0.68
Hero: calls $0.68
1b22a08a: shows [Th 3h] (Pair of Eights and Pair of Treys)
Hero: shows [Jc Ac] (Pair of Jacks and Pair of Eights)
*** SHOWDOWN ***
Hero collected $2.1 from pot
*** SUMMARY ***
Total pot $2.21 | Rake $0.11 | Jackpot $0 | Bingo $0 | Fortune $0 | Tax $0
Board [3d 8d 4s 8c Jd]
Seat 1: 4cb0f316 folded before Flop (didn't bet)
Seat 2: a75b79e6 folded before Flop (didn't bet)
Seat 3: Hero showed [Jc Ac] and won ($2.1) with Pair of Jacks and Pair of Eights
Seat 4: e58b22e1 (button) folded before Flop (didn't bet)
Seat 5: 62d2b650 (small blind) folded before Flop
Seat 6: 1b22a08a (big blind) showed [Th 3h] and lost with Pair of Eights and Pair of Treys


Poker Hand #HD1770876406: Hold'em No Limit ($0.05/$0.1) - 2024/05/13 15:56:28
Table 'NLHRed25' 6-max Seat #3 is the button
Seat 1: 4cb0f316 ($7.21 in chips)
Seat 2: a75b79e6 ($11.03 in chips)
Seat 3: Hero ($10.32 in chips)
Seat 4: e58b22e1 ($10.55 in chips)
Seat 5: 62d2b650 ($11.88 in chips)
Seat 6: 1b22a08a ($10.33 in chips)
e58b22e1: posts small blind $0.05
62d2b650: posts big blind $0.1
*** HOLE CARDS ***
Dealt to 4cb0f316 
Dealt to a75b79e6 
Dealt to Hero [Tc 4c]
Dealt to e58b22e1 
Dealt to 62d2b650 
Dealt to 1b22a08a 
1b22a08a: folds
4cb0f316: raises $0.15 to $0.25
a75b79e6: folds
Hero: folds
e58b22e1: folds
62d2b650: folds
Uncalled bet ($0.15) returned to 4cb0f316
*** SHOWDOWN ***
4cb0f316 collected $0.25 from pot
*** SUMMARY ***
Total pot $0.25 | Rake $0 | Jackpot $0 | Bingo $0 | Fortune $0 | Tax $0
Seat 1: 4cb0f316 collected ($0.25)
Seat 2: a75b79e6 folded before Flop (didn't bet)
Seat 3: Hero (button) folded before Flop (didn't bet)
Seat 4: e58b22e1 (small blind) folded before Flop
Seat 5: 62d2b650 (big blind) folded before Flop
Seat 6: 1b22a08a folded before Flop (didn't bet)


Poker Hand #HD1770876309: Hold'em No Limit ($0.05/$0.1) - 2024/05/13 15:55:39
Table 'NLHRed25' 6-max Seat #2 is the button
Seat 1: 4cb0f316 ($7.46 in chips)
Seat 2: a75b79e6 ($11.03 in chips)
Seat 3: Hero ($10 in chips)
Seat 4: e58b22e1 ($10.65 in chips)
Seat 5: 62d2b650 ($11.88 in chips)
Seat 6: 1b22a08a ($10.33 in chips)
Hero: posts small blind $0.05
e58b22e1: posts big blind $0.1
*** HOLE CARDS ***
Dealt to 4cb0f316 
Dealt to a75b79e6 
Dealt to Hero [Qh Jd]
Dealt to e58b22e1 
Dealt to 62d2b650 
Dealt to 1b22a08a 
62d2b650: folds
1b22a08a: folds
4cb0f316: raises $0.15 to $0.25
a75b79e6: folds
Hero: raises $0.75 to $1
e58b22e1: folds
4cb0f316: folds
Uncalled bet ($0.75) returned to Hero
*** SHOWDOWN ***
Hero collected $0.57 from pot
*** SUMMARY ***
Total pot $0.6 | Rake $0.03 | Jackpot $0 | Bingo $0 | Fortune $0 | Tax $0
Seat 1: 4cb0f316 folded before Flop
Seat 2: a75b79e6 (button) folded before Flop (didn't bet)
Seat 3: Hero (small blind) collected ($0.57)
Seat 4: e58b22e1 (big blind) folded before Flop
Seat 5: 62d2b650 folded before Flop (didn't bet)
Seat 6: 1b22a08a folded before Flop (didn't bet)


Poker Hand #HD1770876214: Hold'em No Limit ($0.05/$0.1) - 2024/05/13 15:54:55
Table 'NLHRed25' 6-max Seat #1 is the button
Seat 1: 4cb0f316 ($7.46 in chips)
Seat 2: a75b79e6 ($11.08 in chips)
Seat 3: Hero ($10 in chips)
Seat 4: e58b22e1 ($10.65 in chips)
Seat 5: 62d2b650 ($12.11 in chips)
Seat 6: 1b22a08a ($9.98 in chips)
a75b79e6: posts small blind $0.05
Hero: posts big blind $0.1
*** HOLE CARDS ***
Dealt to 4cb0f316 
Dealt to a75b79e6 
Dealt to Hero [3h Qh]
Dealt to e58b22e1 
Dealt to 62d2b650 
Dealt to 1b22a08a 
e58b22e1: folds
62d2b650: raises $0.13 to $0.23
1b22a08a: raises $0.53 to $0.76
4cb0f316: folds
a75b79e6: folds
Hero: folds
62d2b650: folds
Uncalled bet ($0.53) returned to 1b22a08a
*** SHOWDOWN ***
1b22a08a collected $0.58 from pot
*** SUMMARY ***
Total pot $0.61 | Rake $0.03 | Jackpot $0 | Bingo $0 | Fortune $0 | Tax $0
Seat 1: 4cb0f316 (button) folded before Flop (didn't bet)
Seat 2: a75b79e6 (small blind) folded before Flop
Seat 3: Hero (big blind) folded before Flop
Seat 4: e58b22e1 folded before Flop (didn't bet)
Seat 5: 62d2b650 folded before Flop
Seat 6: 1b22a08a collected ($0.58)


Poker Hand #HD1770876134: Hold'em No Limit ($0.05/$0.1) - 2024/05/13 15:54:17
Table 'NLHRed25' 6-max Seat #6 is the button
Seat 1: 4cb0f316 ($7.51 in chips)
Seat 2: a75b79e6 ($11.33 in chips)
Seat 3: Hero ($10 in chips)
Seat 4: e58b22e1 ($10.37 in chips)
Seat 5: 62d2b650 ($12.11 in chips)
Seat 6: 1b22a08a ($9.98 in chips)
4cb0f316: posts small blind $0.05
a75b79e6: posts big blind $0.1
*** HOLE CARDS ***
Dealt to 4cb0f316 
Dealt to a75b79e6 
Dealt to Hero [Ks 9d]
Dealt to e58b22e1 
Dealt to 62d2b650 
Dealt to 1b22a08a 
Hero: folds
e58b22e1: raises $0.15 to $0.25
62d2b650: folds
1b22a08a: folds
4cb0f316: folds
a75b79e6: calls $0.15
*** FLOP *** [8d 8c Qd]
a75b79e6: checks
e58b22e1: bets $0.2
a75b79e6: folds
Uncalled bet ($0.2) returned to e58b22e1
*** SHOWDOWN ***
e58b22e1 collected $0.53 from pot
*** SUMMARY ***
Total pot $0.55 | Rake $0.02 | Jackpot $0 | Bingo $0 | Fortune $0 | Tax $0
Board [8d 8c Qd]
Seat 1: 4cb0f316 (small blind) folded before Flop
Seat 2: a75b79e6 (big blind) folded on the Flop
Seat 3: Hero folded before Flop (didn't bet)
Seat 4: e58b22e1 won ($0.53)
Seat 5: 62d2b650 folded before Flop (didn't bet)
Seat 6: 1b22a08a (button) folded before Flop (didn't bet)


Poker Hand #HD1770876078: Hold'em No Limit ($0.05/$0.1) - 2024/05/13 15:53:49
Table 'NLHRed25' 6-max Seat #5 is the button
Seat 1: 4cb0f316 ($7.61 in chips)
Seat 2: a75b79e6 ($11.33 in chips)
Seat 3: Hero ($10 in chips)
Seat 4: e58b22e1 ($10.37 in chips)
Seat 5: 62d2b650 ($11.96 in chips)
Seat 6: 1b22a08a ($10.03 in chips)
1b22a08a: posts small blind $0.05
4cb0f316: posts big blind $0.1
*** HOLE CARDS ***
Dealt to 4cb0f316 
Dealt to a75b79e6 
Dealt to Hero [8c 2c]
Dealt to e58b22e1 
Dealt to 62d2b650 
Dealt to 1b22a08a 
a75b79e6: folds
Hero: folds
e58b22e1: folds
62d2b650: raises $0.13 to $0.23
1b22a08a: folds
4cb0f316: folds
Uncalled bet ($0.13) returned to 62d2b650
*** SHOWDOWN ***
62d2b650 collected $0.25 from pot
*** SUMMARY ***
Total pot $0.25 | Rake $0 | Jackpot $0 | Bingo $0 | Fortune $0 | Tax $0
Seat 1: 4cb0f316 (big blind) folded before Flop
Seat 2: a75b79e6 folded before Flop (didn't bet)
Seat 3: Hero folded before Flop (didn't bet)
Seat 4: e58b22e1 folded before Flop (didn't bet)
Seat 5: 62d2b650 (button) collected ($0.25)
Seat 6: 1b22a08a (small blind) folded before Flop


Poker Hand #HD1770876045: Hold'em No Limit ($0.05/$0.1) - 2024/05/13 15:53:32
Table 'NLHRed25' 6-max Seat #4 is the button
Seat 1: 4cb0f316 ($7.61 in chips)
Seat 2: a75b79e6 ($11.18 in chips)
Seat 3: Hero ($10 in chips)
Seat 4: e58b22e1 ($10.37 in chips)
Seat 5: 62d2b650 ($12.01 in chips)
Seat 6: 1b22a08a ($10.13 in chips)
62d2b650: posts small blind $0.05
1b22a08a: posts big blind $0.1
*** HOLE CARDS ***
Dealt to 4cb0f316 
Dealt to a75b79e6 
Dealt to Hero [4c Td]
Dealt to e58b22e1 
Dealt to 62d2b650 
Dealt to 1b22a08a 
4cb0f316: folds
a75b79e6: raises $0.1 to $0.2
Hero: folds
e58b22e1: folds
62d2b650: folds
1b22a08a: folds
Uncalled bet ($0.1) returned to a75b79e6
*** SHOWDOWN ***
a75b79e6 collected $0.25 from pot
*** SUMMARY ***
Total pot $0.25 | Rake $0 | Jackpot $0 | Bingo $0 | Fortune $0 | Tax $0
Seat 1: 4cb0f316 folded before Flop (didn't bet)
Seat 2: a75b79e6 collected ($0.25)
Seat 3: Hero folded before Flop (didn't bet)
Seat 4: e58b22e1 (button) folded before Flop (didn't bet)
Seat 5: 62d2b650 (small blind) folded before Flop
Seat 6: 1b22a08a (big blind) folded before Flop


Poker Hand #HD1770875996: Hold'em No Limit ($0.05/$0.1) - 2024/05/13 15:53:09
Table 'NLHRed25' 6-max Seat #3 is the button
Seat 1: 4cb0f316 ($7.61 in chips)
Seat 2: a75b79e6 ($11.18 in chips)
Seat 3: Hero ($10 in chips)
Seat 4: e58b22e1 ($10.42 in chips)
Seat 5: 62d2b650 ($11.96 in chips)
Seat 6: 1b22a08a ($10.13 in chips)
e58b22e1: posts small blind $0.05
62d2b650: posts big blind $0.1
*** HOLE CARDS ***
Dealt to 4cb0f316 
Dealt to a75b79e6 
Dealt to Hero [4c 9h]
Dealt to e58b22e1 
Dealt to 62d2b650 
Dealt to 1b22a08a 
1b22a08a: folds
4cb0f316: folds
a75b79e6: folds
Hero: folds
e58b22e1: folds
Uncalled bet ($0.05) returned to 62d2b650
*** SHOWDOWN ***
62d2b650 collected $0.1 from pot
*** SUMMARY ***
Total pot $0.1 | Rake $0 | Jackpot $0 | Bingo $0 | Fortune $0 | Tax $0
Seat 1: 4cb0f316 folded before Flop (didn't bet)
Seat 2: a75b79e6 folded before Flop (didn't bet)
Seat 3: Hero (button) folded before Flop (didn't bet)
Seat 4: e58b22e1 (small blind) folded before Flop
Seat 5: 62d2b650 (big blind) collected ($0.1)
Seat 6: 1b22a08a folded before Flop (didn't bet)


Poker Hand #HD1770875968: Hold'em No Limit ($0.05/$0.1) - 2024/05/13 15:52:55
Table 'NLHRed25' 6-max Seat #2 is the button
Seat 1: 4cb0f316 ($7.61 in chips)
Seat 2: a75b79e6 ($11.18 in chips)
Seat 3: Hero ($10 in chips)
Seat 4: e58b22e1 ($10.52 in chips)
Seat 5: 62d2b650 ($11.81 in chips)
Seat 6: 1b22a08a ($10.13 in chips)
Hero: posts small blind $0.05
e58b22e1: posts big blind $0.1
*** HOLE CARDS ***
Dealt to 4cb0f316 
Dealt to a75b79e6 
Dealt to Hero [2d 4h]
Dealt to e58b22e1 
Dealt to 62d2b650 
Dealt to 1b22a08a 
62d2b650: raises $0.13 to $0.23
1b22a08a: folds
4cb0f316: folds
a75b79e6: folds
Hero: folds
e58b22e1: folds
Uncalled bet ($0.13) returned to 62d2b650
*** SHOWDOWN ***
62d2b650 collected $0.25 from pot
*** SUMMARY ***
Total pot $0.25 | Rake $0 | Jackpot $0 | Bingo $0 | Fortune $0 | Tax $0
Seat 1: 4cb0f316 folded before Flop (didn't bet)
Seat 2: a75b79e6 (button) folded before Flop (didn't bet)
Seat 3: Hero (small blind) folded before Flop
Seat 4: e58b22e1 (big blind) folded before Flop
Seat 5: 62d2b650 collected ($0.25)
Seat 6: 1b22a08a folded before Flop (didn't bet)


Poker Hand #HD1770875882: Hold'em No Limit ($0.05/$0.1) - 2024/05/13 15:52:13
Table 'NLHRed25' 6-max Seat #1 is the button
Seat 1: 4cb0f316 ($7.61 in chips)
Seat 2: a75b79e6 ($11.23 in chips)
Seat 3: Hero ($10 in chips)
Seat 4: e58b22e1 ($10.52 in chips)
Seat 5: 62d2b650 ($12.28 in chips)
Seat 6: 1b22a08a ($9.56 in chips)
a75b79e6: posts small blind $0.05
Hero: posts big blind $0.1
*** HOLE CARDS ***
Dealt to 4cb0f316 
Dealt to a75b79e6 
Dealt to Hero [6s Qh]
Dealt to e58b22e1 
Dealt to 62d2b650 
Dealt to 1b22a08a 
e58b22e1: folds
62d2b650: raises $0.13 to $0.23
1b22a08a: calls $0.23
4cb0f316: folds
a75b79e6: folds
Hero: folds
*** FLOP *** [Kd 2d 4s]
62d2b650: bets $0.24
1b22a08a: calls $0.24
*** TURN *** [Kd 2d 4s] [Jc]
62d2b650: checks
1b22a08a: bets $0.38
62d2b650: folds
Uncalled bet ($0.38) returned to 1b22a08a
*** SHOWDOWN ***
1b22a08a collected $1.04 from pot
*** SUMMARY ***
Total pot $1.09 | Rake $0.05 | Jackpot $0 | Bingo $0 | Fortune $0 | Tax $0
Board [Kd 2d 4s Jc]
Seat 1: 4cb0f316 (button) folded before Flop (didn't bet)
Seat 2: a75b79e6 (small blind) folded before Flop
Seat 3: Hero (big blind) folded before Flop
Seat 4: e58b22e1 folded before Flop (didn't bet)
Seat 5: 62d2b650 folded on the Turn
Seat 6: 1b22a08a won ($1.04)


Poker Hand #HD1770875865: Hold'em No Limit ($0.05/$0.1) - 2024/05/13 15:52:04
Table 'NLHRed25' 6-max Seat #6 is the button
Seat 1: 4cb0f316 ($7.51 in chips)
Seat 2: a75b79e6 ($11.33 in chips)
Seat 3: Hero ($10 in chips)
Seat 4: e58b22e1 ($10.52 in chips)
Seat 5: 62d2b650 ($12.28 in chips)
Seat 6: 1b22a08a ($9.56 in chips)
4cb0f316: posts small blind $0.05
a75b79e6: posts big blind $0.1
*** HOLE CARDS ***
Dealt to 4cb0f316 
Dealt to a75b79e6 
Dealt to Hero [2s Ah]
Dealt to e58b22e1 
Dealt to 62d2b650 
Dealt to 1b22a08a 
Hero: folds
e58b22e1: folds
62d2b650: folds
1b22a08a: folds
4cb0f316: raises $0.15 to $0.25
a75b79e6: folds
Uncalled bet ($0.15) returned to 4cb0f316
*** SHOWDOWN ***
4cb0f316 collected $0.2 from pot
*** SUMMARY ***
Total pot $0.2 | Rake $0 | Jackpot $0 | Bingo $0 | Fortune $0 | Tax $0
Seat 1: 4cb0f316 (small blind) collected ($0.2)
Seat 2: a75b79e6 (big blind) folded before Flop
Seat 3: Hero folded before Flop (didn't bet)
Seat 4: e58b22e1 folded before Flop (didn't bet)
Seat 5: 62d2b650 folded before Flop (didn't bet)
Seat 6: 1b22a08a (button) folded before Flop (didn't bet)


Poker Hand #HD1770875799: Hold'em No Limit ($0.05/$0.1) - 2024/05/13 15:51:28
Table 'NLHRed25' 6-max Seat #5 is the button
Seat 1: 4cb0f316 ($9.54 in chips)
Seat 2: a75b79e6 ($11.33 in chips)
Seat 3: Hero ($10 in chips)
Seat 4: e58b22e1 ($10.52 in chips)
Seat 5: 62d2b650 ($12.28 in chips)
Seat 6: 1b22a08a ($7.82 in chips)
1b22a08a: posts small blind $0.05
4cb0f316: posts big blind $0.1
*** HOLE CARDS ***
Dealt to 4cb0f316 
Dealt to a75b79e6 
Dealt to Hero [4c Ks]
Dealt to e58b22e1 
Dealt to 62d2b650 
Dealt to 1b22a08a 
a75b79e6: folds
Hero: folds
e58b22e1: folds
62d2b650: folds
1b22a08a: raises $0.2 to $0.3
4cb0f316: calls $0.2
*** FLOP *** [9h Tc 3h]
1b22a08a: bets $0.48
4cb0f316: calls $0.48
*** TURN *** [9h Tc 3h] [8d]
1b22a08a: bets $1.25
4cb0f316: calls $1.25
*** RIVER *** [9h Tc 3h 8d] [3s]
1b22a08a: bets $4.06
4cb0f316: folds
Uncalled bet ($4.06) returned to 1b22a08a
*** SHOWDOWN ***
1b22a08a collected $3.77 from pot
*** SUMMARY ***
Total pot $4.06 | Rake $0.19 | Jackpot $0.1 | Bingo $0 | Fortune $0 | Tax $0
Board [9h Tc 3h 8d 3s]
Seat 1: 4cb0f316 (big blind) folded on the River
Seat 2: a75b79e6 folded before Flop (didn't bet)
Seat 3: Hero folded before Flop (didn't bet)
Seat 4: e58b22e1 folded before Flop (didn't bet)
Seat 5: 62d2b650 (button) folded before Flop (didn't bet)
Seat 6: 1b22a08a (small blind) won ($3.77)


Poker Hand #HD1770875772: Hold'em No Limit ($0.05/$0.1) - 2024/05/13 15:51:15
Table 'NLHRed25' 6-max Seat #4 is the button
Seat 1: 4cb0f316 ($9.39 in chips)
Seat 2: a75b79e6 ($11.33 in chips)
Seat 3: Hero ($10 in chips)
Seat 4: e58b22e1 ($10.52 in chips)
Seat 5: 62d2b650 ($12.33 in chips)
Seat 6: 1b22a08a ($7.92 in chips)
62d2b650: posts small blind $0.05
1b22a08a: posts big blind $0.1
*** HOLE CARDS ***
Dealt to 4cb0f316 
Dealt to a75b79e6 
Dealt to Hero [2d Qd]
Dealt to e58b22e1 
Dealt to 62d2b650 
Dealt to 1b22a08a 
4cb0f316: raises $0.15 to $0.25
a75b79e6: folds
Hero: folds
e58b22e1: folds
62d2b650: folds
1b22a08a: folds
Uncalled bet ($0.15) returned to 4cb0f316
*** SHOWDOWN ***
4cb0f316 collected $0.25 from pot
*** SUMMARY ***
Total pot $0.25 | Rake $0 | Jackpot $0 | Bingo $0 | Fortune $0 | Tax $0
Seat 1: 4cb0f316 collected ($0.25)
Seat 2: a75b79e6 folded before Flop (didn't bet)
Seat 3: Hero folded before Flop (didn't bet)
Seat 4: e58b22e1 (button) folded before Flop (didn't bet)
Seat 5: 62d2b650 (small blind) folded before Flop
Seat 6: 1b22a08a (big blind) folded before Flop


Poker Hand #HD1770875673: Hold'em No Limit ($0.05/$0.1) - 2024/05/13 15:50:26
Table 'NLHRed25' 6-max Seat #3 is the button
Seat 1: 4cb0f316 ($10.54 in chips)
Seat 2: a75b79e6 ($10.15 in chips)
Seat 3: Hero ($10 in chips)
Seat 4: e58b22e1 ($10.57 in chips)
Seat 5: 62d2b650 ($12.43 in chips)
Seat 6: 1b22a08a ($7.92 in chips)
e58b22e1: posts small blind $0.05
62d2b650: posts big blind $0.1
*** HOLE CARDS ***
Dealt to 4cb0f316 
Dealt to a75b79e6 
Dealt to Hero [7c Jh]
Dealt to e58b22e1 
Dealt to 62d2b650 
Dealt to 1b22a08a 
1b22a08a: folds
4cb0f316: raises $0.15 to $0.25
a75b79e6: raises $0.49 to $0.74
Hero: folds
e58b22e1: folds
62d2b650: folds
4cb0f316: calls $0.49
*** FLOP *** [Qs 6c 4c]
4cb0f316: checks
a75b79e6: bets $0.41
4cb0f316: calls $0.41
*** TURN *** [Qs 6c 4c] [9s]
4cb0f316: checks
a75b79e6: bets $1.62
4cb0f316: folds
Uncalled bet ($1.62) returned to a75b79e6
*** SHOWDOWN ***
a75b79e6 collected $2.33 from pot
*** SUMMARY ***
Total pot $2.45 | Rake $0.12 | Jackpot $0 | Bingo $0 | Fortune $0 | Tax $0
Board [Qs 6c 4c 9s]
Seat 1: 4cb0f316 folded on the Turn
Seat 2: a75b79e6 won ($2.33)
Seat 3: Hero (button) folded before Flop (didn't bet)
Seat 4: e58b22e1 (small blind) folded before Flop
Seat 5: 62d2b650 (big blind) folded before Flop
Seat 6: 1b22a08a folded before Flop (didn't bet)


Poker Hand #HD1770775619: Hold'em No Limit ($0.05/$0.1) - 2024/05/13 15:50:02
Table 'NLHRed25' 6-max Seat #2 is the button
Seat 1: 4cb0f316 ($10.39 in chips)
Seat 2: a75b79e6 ($10.15 in chips)
Seat 3: Hero ($10 in chips)
Seat 4: e58b22e1 ($10.67 in chips)
Seat 5: 62d2b650 ($12.43 in chips)
Seat 6: 1b22a08a ($7.92 in chips)
Hero: posts small blind $0.05
e58b22e1: posts big blind $0.1
*** HOLE CARDS ***
Dealt to 4cb0f316 
Dealt to a75b79e6 
Dealt to Hero [Qh Js]
Dealt to e58b22e1 
Dealt to 62d2b650 
Dealt to 1b22a08a 
62d2b650: folds
1b22a08a: folds
4cb0f316: raises $0.15 to $0.25
a75b79e6: folds
Hero: folds
e58b22e1: folds
Uncalled bet ($0.15) returned to 4cb0f316
*** SHOWDOWN ***
4cb0f316 collected $0.25 from pot
*** SUMMARY ***
Total pot $0.25 | Rake $0 | Jackpot $0 | Bingo $0 | Fortune $0 | Tax $0
Seat 1: 4cb0f316 collected ($0.25)
Seat 2: a75b79e6 (button) folded before Flop (didn't bet)
Seat 3: Hero (small blind) folded before Flop
Seat 4: e58b22e1 (big blind) folded before Flop
Seat 5: 62d2b650 folded before Flop (didn't bet)
Seat 6: 1b22a08a folded before Flop (didn't bet)


Poker Hand #HD1770775603: Hold'em No Limit ($0.05/$0.1) - 2024/05/13 15:49:50
Table 'NLHRed25' 6-max Seat #1 is the button
Seat 1: 4cb0f316 ($10.39 in chips)
Seat 2: a75b79e6 ($10.2 in chips)
Seat 3: Hero ($10.05 in chips)
Seat 4: e58b22e1 ($10.52 in chips)
Seat 5: 62d2b650 ($12.43 in chips)
Seat 6: 1b22a08a ($7.92 in chips)
a75b79e6: posts small blind $0.05
Hero: posts big blind $0.1
*** HOLE CARDS ***
Dealt to 4cb0f316 
Dealt to a75b79e6 
Dealt to Hero [Ac 6h]
Dealt to e58b22e1 
Dealt to 62d2b650 
Dealt to 1b22a08a 
e58b22e1: raises $0.15 to $0.25
62d2b650: folds
1b22a08a: folds
4cb0f316: folds
a75b79e6: folds
Hero: folds
Uncalled bet ($0.15) returned to e58b22e1
*** SHOWDOWN ***
e58b22e1 collected $0.25 from pot
*** SUMMARY ***
Total pot $0.25 | Rake $0 | Jackpot $0 | Bingo $0 | Fortune $0 | Tax $0
Seat 1: 4cb0f316 (button) folded before Flop (didn't bet)
Seat 2: a75b79e6 (small blind) folded before Flop
Seat 3: Hero (big blind) folded before Flop
Seat 4: e58b22e1 collected ($0.25)
Seat 5: 62d2b650 folded before Flop (didn't bet)
Seat 6: 1b22a08a folded before Flop (didn't bet)


Poker Hand #HD1770775574: Hold'em No Limit ($0.05/$0.1) - 2024/05/13 15:49:38
Table 'NLHRed25' 6-max Seat #6 is the button
Seat 1: 4cb0f316 ($10.44 in chips)
Seat 2: a75b79e6 ($10.15 in chips)
Seat 3: Hero ($10.05 in chips)
Seat 4: e58b22e1 ($10.52 in chips)
Seat 5: 62d2b650 ($12.43 in chips)
Seat 6: 1b22a08a ($7.92 in chips)
4cb0f316: posts small blind $0.05
a75b79e6: posts big blind $0.1
*** HOLE CARDS ***
Dealt to 4cb0f316 
Dealt to a75b79e6 
Dealt to Hero [6s Ac]
Dealt to e58b22e1 
Dealt to 62d2b650 
Dealt to 1b22a08a 
Hero: folds
e58b22e1: folds
62d2b650: folds
1b22a08a: folds
4cb0f316: folds
Uncalled bet ($0.05) returned to a75b79e6
*** SHOWDOWN ***
a75b79e6 collected $0.1 from pot
*** SUMMARY ***
Total pot $0.1 | Rake $0 | Jackpot $0 | Bingo $0 | Fortune $0 | Tax $0
Seat 1: 4cb0f316 (small blind) folded before Flop
Seat 2: a75b79e6 (big blind) collected ($0.1)
Seat 3: Hero folded before Flop (didn't bet)
Seat 4: e58b22e1 folded before Flop (didn't bet)
Seat 5: 62d2b650 folded before Flop (didn't bet)
Seat 6: 1b22a08a (button) folded before Flop (didn't bet)


Poker Hand #HD1770775526: Hold'em No Limit ($0.05/$0.1) - 2024/05/13 15:49:18
Table 'NLHRed25' 6-max Seat #5 is the button
Seat 1: 4cb0f316 ($10.39 in chips)
Seat 2: a75b79e6 ($10.15 in chips)
Seat 3: Hero ($10.05 in chips)
Seat 4: e58b22e1 ($10.52 in chips)
Seat 5: 62d2b650 ($12.43 in chips)
Seat 6: 1b22a08a ($7.97 in chips)
1b22a08a: posts small blind $0.05
4cb0f316: posts big blind $0.1
*** HOLE CARDS ***
Dealt to 4cb0f316 
Dealt to a75b79e6 
Dealt to Hero [7d 2s]
Dealt to e58b22e1 
Dealt to 62d2b650 
Dealt to 1b22a08a 
a75b79e6: folds
Hero: folds
e58b22e1: folds
62d2b650: folds
1b22a08a: folds
Uncalled bet ($0.05) returned to 4cb0f316
*** SHOWDOWN ***
4cb0f316 collected $0.1 from pot
*** SUMMARY ***
Total pot $0.1 | Rake $0 | Jackpot $0 | Bingo $0 | Fortune $0 | Tax $0
Seat 1: 4cb0f316 (big blind) collected ($0.1)
Seat 2: a75b79e6 folded before Flop (didn't bet)
Seat 3: Hero folded before Flop (didn't bet)
Seat 4: e58b22e1 folded before Flop (didn't bet)
Seat 5: 62d2b650 (button) folded before Flop (didn't bet)
Seat 6: 1b22a08a (small blind) folded before Flop


Poker Hand #HD1770775500: Hold'em No Limit ($0.05/$0.1) - 2024/05/13 15:49:05
Table 'NLHRed25' 6-max Seat #4 is the button
Seat 1: 4cb0f316 ($10.24 in chips)
Seat 2: a75b79e6 ($10.15 in chips)
Seat 3: Hero ($10.05 in chips)
Seat 4: e58b22e1 ($10.52 in chips)
Seat 5: 62d2b650 ($12.48 in chips)
Seat 6: 1b22a08a ($8.07 in chips)
62d2b650: posts small blind $0.05
1b22a08a: posts big blind $0.1
*** HOLE CARDS ***
Dealt to 4cb0f316 
Dealt to a75b79e6 
Dealt to Hero [3h 5s]
Dealt to e58b22e1 
Dealt to 62d2b650 
Dealt to 1b22a08a 
4cb0f316: raises $0.15 to $0.25
a75b79e6: folds
Hero: folds
e58b22e1: folds
62d2b650: folds
1b22a08a: folds
Uncalled bet ($0.15) returned to 4cb0f316
*** SHOWDOWN ***
4cb0f316 collected $0.25 from pot
*** SUMMARY ***
Total pot $0.25 | Rake $0 | Jackpot $0 | Bingo $0 | Fortune $0 | Tax $0
Seat 1: 4cb0f316 collected ($0.25)
Seat 2: a75b79e6 folded before Flop (didn't bet)
Seat 3: Hero folded before Flop (didn't bet)
Seat 4: e58b22e1 (button) folded before Flop (didn't bet)
Seat 5: 62d2b650 (small blind) folded before Flop
Seat 6: 1b22a08a (big blind) folded before Flop


Poker Hand #HD1770775474: Hold'em No Limit ($0.05/$0.1) - 2024/05/13 15:48:52
Table 'NLHRed25' 6-max Seat #3 is the button
Seat 1: 4cb0f316 ($10.24 in chips)
Seat 2: a75b79e6 ($10 in chips)
Seat 3: Hero ($10.05 in chips)
Seat 4: e58b22e1 ($10.57 in chips)
Seat 5: 62d2b650 ($12.58 in chips)
Seat 6: 1b22a08a ($8.07 in chips)
e58b22e1: posts small blind $0.05
62d2b650: posts big blind $0.1
*** HOLE CARDS ***
Dealt to 4cb0f316 
Dealt to a75b79e6 
Dealt to Hero [Kd 2s]
Dealt to e58b22e1 
Dealt to 62d2b650 
Dealt to 1b22a08a 
1b22a08a: folds
4cb0f316: folds
a75b79e6: raises $0.12 to $0.22
Hero: folds
e58b22e1: folds
62d2b650: folds
Uncalled bet ($0.12) returned to a75b79e6
*** SHOWDOWN ***
a75b79e6 collected $0.25 from pot
*** SUMMARY ***
Total pot $0.25 | Rake $0 | Jackpot $0 | Bingo $0 | Fortune $0 | Tax $0
Seat 1: 4cb0f316 folded before Flop (didn't bet)
Seat 2: a75b79e6 collected ($0.25)
Seat 3: Hero (button) folded before Flop (didn't bet)
Seat 4: e58b22e1 (small blind) folded before Flop
Seat 5: 62d2b650 (big blind) folded before Flop
Seat 6: 1b22a08a folded before Flop (didn't bet)


Poker Hand #HD1770775456: Hold'em No Limit ($0.05/$0.1) - 2024/05/13 15:48:43
Table 'NLHRed25' 6-max Seat #2 is the button
Seat 1: 4cb0f316 ($10.09 in chips)
Seat 2: a75b79e6 ($10 in chips)
Seat 3: Hero ($10.1 in chips)
Seat 4: e58b22e1 ($10.67 in chips)
Seat 5: 62d2b650 ($12.58 in chips)
Seat 6: 1b22a08a ($8.07 in chips)
Hero: posts small blind $0.05
e58b22e1: posts big blind $0.1
*** HOLE CARDS ***
Dealt to 4cb0f316 
Dealt to a75b79e6 
Dealt to Hero [8d 4c]
Dealt to e58b22e1 
Dealt to 62d2b650 
Dealt to 1b22a08a 
62d2b650: folds
1b22a08a: folds
4cb0f316: raises $0.15 to $0.25
a75b79e6: folds
Hero: folds
e58b22e1: folds
Uncalled bet ($0.15) returned to 4cb0f316
*** SHOWDOWN ***
4cb0f316 collected $0.25 from pot
*** SUMMARY ***
Total pot $0.25 | Rake $0 | Jackpot $0 | Bingo $0 | Fortune $0 | Tax $0
Seat 1: 4cb0f316 collected ($0.25)
Seat 2: a75b79e6 (button) folded before Flop (didn't bet)
Seat 3: Hero (small blind) folded before Flop
Seat 4: e58b22e1 (big blind) folded before Flop
Seat 5: 62d2b650 folded before Flop (didn't bet)
Seat 6: 1b22a08a folded before Flop (didn't bet)


Poker Hand #HD1770775436: Hold'em No Limit ($0.05/$0.1) - 2024/05/13 15:48:32
Table 'NLHRed25' 6-max Seat #1 is the button
Seat 1: 4cb0f316 ($10.09 in chips)
Seat 2: a75b79e6 ($10.05 in chips)
Seat 3: Hero ($10.2 in chips)
Seat 4: e58b22e1 ($10.52 in chips)
Seat 5: 62d2b650 ($12.58 in chips)
Seat 6: 1b22a08a ($8.07 in chips)
a75b79e6: posts small blind $0.05
Hero: posts big blind $0.1
*** HOLE CARDS ***
Dealt to 4cb0f316 
Dealt to a75b79e6 
Dealt to Hero [Jd 5s]
Dealt to e58b22e1 
Dealt to 62d2b650 
Dealt to 1b22a08a 
e58b22e1: raises $0.15 to $0.25
62d2b650: folds
1b22a08a: folds
4cb0f316: folds
a75b79e6: folds
Hero: folds
Uncalled bet ($0.15) returned to e58b22e1
*** SHOWDOWN ***
e58b22e1 collected $0.25 from pot
*** SUMMARY ***
Total pot $0.25 | Rake $0 | Jackpot $0 | Bingo $0 | Fortune $0 | Tax $0
Seat 1: 4cb0f316 (button) folded before Flop (didn't bet)
Seat 2: a75b79e6 (small blind) folded before Flop
Seat 3: Hero (big blind) folded before Flop
Seat 4: e58b22e1 collected ($0.25)
Seat 5: 62d2b650 folded before Flop (didn't bet)
Seat 6: 1b22a08a folded before Flop (didn't bet)


Poker Hand #HD1770775408: Hold'em No Limit ($0.05/$0.1) - 2024/05/13 15:48:19
Table 'NLHRed25' 6-max Seat #6 is the button
Seat 1: 4cb0f316 ($10.14 in chips)
Seat 2: a75b79e6 ($10.15 in chips)
Seat 3: Hero ($10.2 in chips)
Seat 4: e58b22e1 ($10.52 in chips)
Seat 5: 62d2b650 ($12.58 in chips)
Seat 6: 1b22a08a ($7.92 in chips)
4cb0f316: posts small blind $0.05
a75b79e6: posts big blind $0.1
*** HOLE CARDS ***
Dealt to 4cb0f316 
Dealt to a75b79e6 
Dealt to Hero [Ks 7d]
Dealt to e58b22e1 
Dealt to 62d2b650 
Dealt to 1b22a08a 
Hero: folds
e58b22e1: folds
62d2b650: folds
1b22a08a: raises $0.1 to $0.2
4cb0f316: folds
a75b79e6: folds
Uncalled bet ($0.1) returned to 1b22a08a
*** SHOWDOWN ***
1b22a08a collected $0.25 from pot
*** SUMMARY ***
Total pot $0.25 | Rake $0 | Jackpot $0 | Bingo $0 | Fortune $0 | Tax $0
Seat 1: 4cb0f316 (small blind) folded before Flop
Seat 2: a75b79e6 (big blind) folded before Flop
Seat 3: Hero folded before Flop (didn't bet)
Seat 4: e58b22e1 folded before Flop (didn't bet)
Seat 5: 62d2b650 folded before Flop (didn't bet)
Seat 6: 1b22a08a (button) collected ($0.25)


Poker Hand #HD1770775298: Hold'em No Limit ($0.05/$0.1) - 2024/05/13 15:47:31
Table 'NLHRed25' 6-max Seat #5 is the button
Seat 1: 4cb0f316 ($9.86 in chips)
Seat 2: a75b79e6 ($10.15 in chips)
Seat 3: Hero ($10.2 in chips)
Seat 4: e58b22e1 ($10.77 in chips)
Seat 5: 62d2b650 ($12.58 in chips)
Seat 6: 1b22a08a ($7.97 in chips)
1b22a08a: posts small blind $0.05
4cb0f316: posts big blind $0.1
*** HOLE CARDS ***
Dealt to 4cb0f316 
Dealt to a75b79e6 
Dealt to Hero [3s Kh]
Dealt to e58b22e1 
Dealt to 62d2b650 
Dealt to 1b22a08a 
a75b79e6: folds
Hero: folds
e58b22e1: raises $0.15 to $0.25
62d2b650: folds
1b22a08a: folds
4cb0f316: calls $0.15
*** FLOP *** [4d 9s 9h]
4cb0f316: checks
e58b22e1: checks
*** TURN *** [4d 9s 9h] [5h]
4cb0f316: bets $0.28
e58b22e1: folds
Uncalled bet ($0.28) returned to 4cb0f316
*** SHOWDOWN ***
4cb0f316 collected $0.53 from pot
*** SUMMARY ***
Total pot $0.55 | Rake $0.02 | Jackpot $0 | Bingo $0 | Fortune $0 | Tax $0
Board [4d 9s 9h 5h]
Seat 1: 4cb0f316 (big blind) won ($0.53)
Seat 2: a75b79e6 folded before Flop (didn't bet)
Seat 3: Hero folded before Flop (didn't bet)
Seat 4: e58b22e1 folded on the Turn
Seat 5: 62d2b650 (button) folded before Flop (didn't bet)
Seat 6: 1b22a08a (small blind) folded before Flop


Poker Hand #HD1770775275: Hold'em No Limit ($0.05/$0.1) - 2024/05/13 15:47:16
Table 'NLHRed25' 6-max Seat #4 is the button
Seat 2: a75b79e6 ($10 in chips)
Seat 3: Hero ($10.2 in chips)
Seat 4: e58b22e1 ($10.77 in chips)
Seat 5: 62d2b650 ($12.63 in chips)
Seat 6: 1b22a08a ($8.07 in chips)
62d2b650: posts small blind $0.05
1b22a08a: posts big blind $0.1
*** HOLE CARDS ***
Dealt to a75b79e6 
Dealt to Hero [3s Ts]
Dealt to e58b22e1 
Dealt to 62d2b650 
Dealt to 1b22a08a 
a75b79e6: raises $0.1 to $0.2
Hero: folds
e58b22e1: folds
62d2b650: folds
1b22a08a: folds
Uncalled bet ($0.1) returned to a75b79e6
*** SHOWDOWN ***
a75b79e6 collected $0.25 from pot
*** SUMMARY ***
Total pot $0.25 | Rake $0 | Jackpot $0 | Bingo $0 | Fortune $0 | Tax $0
Seat 2: a75b79e6 collected ($0.25)
Seat 3: Hero folded before Flop (didn't bet)
Seat 4: e58b22e1 (button) folded before Flop (didn't bet)
Seat 5: 62d2b650 (small blind) folded before Flop
Seat 6: 1b22a08a (big blind) folded before Flop


Poker Hand #HD1770775257: Hold'em No Limit ($0.05/$0.1) - 2024/05/13 15:47:06
Table 'NLHRed25' 6-max Seat #3 is the button
Seat 2: a75b79e6 ($10 in chips)
Seat 3: Hero ($10.2 in chips)
Seat 4: e58b22e1 ($10.82 in chips)
Seat 5: 62d2b650 ($12.73 in chips)
Seat 6: 1b22a08a ($7.92 in chips)
e58b22e1: posts small blind $0.05
62d2b650: posts big blind $0.1
*** HOLE CARDS ***
Dealt to a75b79e6 
Dealt to Hero [Kh Td]
Dealt to e58b22e1 
Dealt to 62d2b650 
Dealt to 1b22a08a 
1b22a08a: raises $0.1 to $0.2
a75b79e6: folds
Hero: folds
e58b22e1: folds
62d2b650: folds
Uncalled bet ($0.1) returned to 1b22a08a
*** SHOWDOWN ***
1b22a08a collected $0.25 from pot
*** SUMMARY ***
Total pot $0.25 | Rake $0 | Jackpot $0 | Bingo $0 | Fortune $0 | Tax $0
Seat 2: a75b79e6 folded before Flop (didn't bet)
Seat 3: Hero (button) folded before Flop (didn't bet)
Seat 4: e58b22e1 (small blind) folded before Flop
Seat 5: 62d2b650 (big blind) folded before Flop
Seat 6: 1b22a08a collected ($0.25)


Poker Hand #HD1770775205: Hold'em No Limit ($0.05/$0.1) - 2024/05/13 15:46:47
Table 'NLHRed25' 6-max Seat #2 is the button
Seat 2: a75b79e6 ($10 in chips)
Seat 3: Hero ($10.25 in chips)
Seat 4: e58b22e1 ($11.02 in chips)
Seat 5: 62d2b650 ($12.73 in chips)
Seat 6: 1b22a08a ($7.69 in chips)
Hero: posts small blind $0.05
e58b22e1: posts big blind $0.1
*** HOLE CARDS ***
Dealt to a75b79e6 
Dealt to Hero [Kh 9c]
Dealt to e58b22e1 
Dealt to 62d2b650 
Dealt to 1b22a08a 
62d2b650: folds
1b22a08a: raises $0.1 to $0.2
a75b79e6: folds
Hero: folds
e58b22e1: calls $0.1
*** FLOP *** [7d Js 4s]
e58b22e1: checks
1b22a08a: bets $0.2
e58b22e1: folds
Uncalled bet ($0.2) returned to 1b22a08a
*** SHOWDOWN ***
1b22a08a collected $0.43 from pot
*** SUMMARY ***
Total pot $0.45 | Rake $0.02 | Jackpot $0 | Bingo $0 | Fortune $0 | Tax $0
Board [7d Js 4s]
Seat 2: a75b79e6 (button) folded before Flop (didn't bet)
Seat 3: Hero (small blind) folded before Flop
Seat 4: e58b22e1 (big blind) folded on the Flop
Seat 5: 62d2b650 folded before Flop (didn't bet)
Seat 6: 1b22a08a won ($0.43)


Poker Hand #HD1770775102: Hold'em No Limit ($0.05/$0.1) - 2024/05/13 15:46:03
Table 'NLHRed25' 6-max Seat #6 is the button
Seat 2: a75b79e6 ($10 in chips)
Seat 3: Hero ($10.35 in chips)
Seat 4: e58b22e1 ($10.15 in chips)
Seat 5: 62d2b650 ($12.73 in chips)
Seat 6: 1b22a08a ($8.49 in chips)
a75b79e6: posts small blind $0.05
Hero: posts big blind $0.1
*** HOLE CARDS ***
Dealt to a75b79e6 
Dealt to Hero [Kc 2c]
Dealt to e58b22e1 
Dealt to 62d2b650 
Dealt to 1b22a08a 
e58b22e1: raises $0.15 to $0.25
62d2b650: folds
1b22a08a: raises $0.55 to $0.8
a75b79e6: folds
Hero: folds
e58b22e1: calls $0.55
*** FLOP *** [5s 4c Jh]
e58b22e1: checks
1b22a08a: checks
*** TURN *** [5s 4c Jh] [9c]
e58b22e1: checks
1b22a08a: checks
*** RIVER *** [5s 4c Jh 9c] [7s]
e58b22e1: checks
1b22a08a: checks
e58b22e1: shows [9d 8d] (Pair of Nines)
1b22a08a: shows [Th Ac] (Ace-High)
*** SHOWDOWN ***
e58b22e1 collected $1.67 from pot
*** SUMMARY ***
Total pot $1.75 | Rake $0.08 | Jackpot $0 | Bingo $0 | Fortune $0 | Tax $0
Board [5s 4c Jh 9c 7s]
Seat 2: a75b79e6 (small blind) folded before Flop
Seat 3: Hero (big blind) folded before Flop
Seat 4: e58b22e1 showed [9d 8d] and won ($1.67) with Pair of Nines
Seat 5: 62d2b650 folded before Flop (didn't bet)
Seat 6: 1b22a08a (button) showed [Th Ac] and lost with Ace-High


Poker Hand #HD1770775079: Hold'em No Limit ($0.05/$0.1) - 2024/05/13 15:45:53
Table 'NLHRed25' 6-max Seat #5 is the button
Seat 2: a75b79e6 ($10.1 in chips)
Seat 3: Hero ($10.35 in chips)
Seat 4: e58b22e1 ($10 in chips)
Seat 5: 62d2b650 ($12.73 in chips)
Seat 6: 1b22a08a ($8.54 in chips)
1b22a08a: posts small blind $0.05
a75b79e6: posts big blind $0.1
*** HOLE CARDS ***
Dealt to a75b79e6 
Dealt to Hero [8h 6d]
Dealt to e58b22e1 
Dealt to 62d2b650 
Dealt to 1b22a08a 
Hero: folds
e58b22e1: raises $0.15 to $0.25
62d2b650: folds
1b22a08a: folds
a75b79e6: folds
Uncalled bet ($0.15) returned to e58b22e1
*** SHOWDOWN ***
e58b22e1 collected $0.25 from pot
*** SUMMARY ***
Total pot $0.25 | Rake $0 | Jackpot $0 | Bingo $0 | Fortune $0 | Tax $0
Seat 2: a75b79e6 (big blind) folded before Flop
Seat 3: Hero folded before Flop (didn't bet)
Seat 4: e58b22e1 collected ($0.25)
Seat 5: 62d2b650 (button) folded before Flop (didn't bet)
Seat 6: 1b22a08a (small blind) folded before Flop


Poker Hand #HD1770775015: Hold'em No Limit ($0.05/$0.1) - 2024/05/13 15:45:24
Table 'NLHRed25' 6-max Seat #4 is the button
Seat 1: 3f30211f ($21.98 in chips)
Seat 2: a75b79e6 ($10.1 in chips)
Seat 3: Hero ($10.35 in chips)
Seat 4: e58b22e1 ($10 in chips)
Seat 5: 62d2b650 ($12.78 in chips)
Seat 6: 1b22a08a ($8.49 in chips)
62d2b650: posts small blind $0.05
1b22a08a: posts big blind $0.1
*** HOLE CARDS ***
Dealt to 3f30211f 
Dealt to a75b79e6 
Dealt to Hero [Ts 4c]
Dealt to e58b22e1 
Dealt to 62d2b650 
Dealt to 1b22a08a 
3f30211f: folds
a75b79e6: folds
Hero: folds
e58b22e1: folds
62d2b650: folds
Uncalled bet ($0.05) returned to 1b22a08a
*** SHOWDOWN ***
1b22a08a collected $0.1 from pot
*** SUMMARY ***
Total pot $0.1 | Rake $0 | Jackpot $0 | Bingo $0 | Fortune $0 | Tax $0
Seat 1: 3f30211f folded before Flop (didn't bet)
Seat 2: a75b79e6 folded before Flop (didn't bet)
Seat 3: Hero folded before Flop (didn't bet)
Seat 4: e58b22e1 (button) folded before Flop (didn't bet)
Seat 5: 62d2b650 (small blind) folded before Flop
Seat 6: 1b22a08a (big blind) collected ($0.1)


Poker Hand #HD1770774984: Hold'em No Limit ($0.05/$0.1) - 2024/05/13 15:45:10
Table 'NLHRed25' 6-max Seat #3 is the button
Seat 1: 3f30211f ($21.98 in chips)
Seat 2: a75b79e6 ($10.1 in chips)
Seat 3: Hero ($10.35 in chips)
Seat 4: e58b22e1 ($10 in chips)
Seat 5: 62d2b650 ($12.73 in chips)
Seat 6: 1b22a08a ($8.49 in chips)
e58b22e1: posts small blind $0.05
62d2b650: posts big blind $0.1
*** HOLE CARDS ***
Dealt to 3f30211f 
Dealt to a75b79e6 
Dealt to Hero [9c 2h]
Dealt to e58b22e1 
Dealt to 62d2b650 
Dealt to 1b22a08a 
1b22a08a: folds
3f30211f: folds
a75b79e6: folds
Hero: folds
e58b22e1: folds
Uncalled bet ($0.05) returned to 62d2b650
*** SHOWDOWN ***
62d2b650 collected $0.1 from pot
*** SUMMARY ***
Total pot $0.1 | Rake $0 | Jackpot $0 | Bingo $0 | Fortune $0 | Tax $0
Seat 1: 3f30211f folded before Flop (didn't bet)
Seat 2: a75b79e6 folded before Flop (didn't bet)
Seat 3: Hero (button) folded before Flop (didn't bet)
Seat 4: e58b22e1 (small blind) folded before Flop
Seat 5: 62d2b650 (big blind) collected ($0.1)
Seat 6: 1b22a08a folded before Flop (didn't bet)


Poker Hand #HD1770774950: Hold'em No Limit ($0.05/$0.1) - 2024/05/13 15:44:54
Table 'NLHRed25' 6-max Seat #2 is the button
Seat 1: 3f30211f ($21.83 in chips)
Seat 2: a75b79e6 ($10.1 in chips)
Seat 3: Hero ($10.4 in chips)
Seat 4: e58b22e1 ($10 in chips)
Seat 5: 62d2b650 ($12.73 in chips)
Seat 6: 1b22a08a ($8.49 in chips)
Hero: posts small blind $0.05
e58b22e1: posts big blind $0.1
*** HOLE CARDS ***
Dealt to 3f30211f 
Dealt to a75b79e6 
Dealt to Hero [3c 9c]
Dealt to e58b22e1 
Dealt to 62d2b650 
Dealt to 1b22a08a 
62d2b650: folds
1b22a08a: folds
3f30211f: raises $0.15 to $0.25
a75b79e6: folds
Hero: folds
e58b22e1: folds
Uncalled bet ($0.15) returned to 3f30211f
*** SHOWDOWN ***
3f30211f collected $0.25 from pot
*** SUMMARY ***
Total pot $0.25 | Rake $0 | Jackpot $0 | Bingo $0 | Fortune $0 | Tax $0
Seat 1: 3f30211f collected ($0.25)
Seat 2: a75b79e6 (button) folded before Flop (didn't bet)
Seat 3: Hero (small blind) folded before Flop
Seat 4: e58b22e1 (big blind) folded before Flop
Seat 5: 62d2b650 folded before Flop (didn't bet)
Seat 6: 1b22a08a folded before Flop (didn't bet)


Poker Hand #HD1770774927: Hold'em No Limit ($0.05/$0.1) - 2024/05/13 15:44:41
Table 'NLHRed25' 6-max Seat #1 is the button
Seat 1: 3f30211f ($21.83 in chips)
Seat 2: a75b79e6 ($10.15 in chips)
Seat 3: Hero ($10.5 in chips)
Seat 5: 62d2b650 ($12.73 in chips)
Seat 6: 1b22a08a ($8.34 in chips)
a75b79e6: posts small blind $0.05
Hero: posts big blind $0.1
*** HOLE CARDS ***
Dealt to 3f30211f 
Dealt to a75b79e6 
Dealt to Hero [9c 5c]
Dealt to 62d2b650 
Dealt to 1b22a08a 
62d2b650: folds
1b22a08a: raises $0.1 to $0.2
3f30211f: folds
a75b79e6: folds
Hero: folds
Uncalled bet ($0.1) returned to 1b22a08a
*** SHOWDOWN ***
1b22a08a collected $0.25 from pot
*** SUMMARY ***
Total pot $0.25 | Rake $0 | Jackpot $0 | Bingo $0 | Fortune $0 | Tax $0
Seat 1: 3f30211f (button) folded before Flop (didn't bet)
Seat 2: a75b79e6 (small blind) folded before Flop
Seat 3: Hero (big blind) folded before Flop
Seat 5: 62d2b650 folded before Flop (didn't bet)
Seat 6: 1b22a08a collected ($0.25)


Poker Hand #HD1770774893: Hold'em No Limit ($0.05/$0.1) - 2024/05/13 15:44:26
Table 'NLHRed25' 6-max Seat #6 is the button
Seat 1: 3f30211f ($21.88 in chips)
Seat 2: a75b79e6 ($10.25 in chips)
Seat 3: Hero ($10.5 in chips)
Seat 5: 62d2b650 ($12.73 in chips)
Seat 6: 1b22a08a ($8.19 in chips)
3f30211f: posts small blind $0.05
a75b79e6: posts big blind $0.1
*** HOLE CARDS ***
Dealt to 3f30211f 
Dealt to a75b79e6 
Dealt to Hero [5d 2h]
Dealt to 62d2b650 
Dealt to 1b22a08a 
Hero: folds
62d2b650: folds
1b22a08a: raises $0.1 to $0.2
3f30211f: folds
a75b79e6: folds
Uncalled bet ($0.1) returned to 1b22a08a
*** SHOWDOWN ***
1b22a08a collected $0.25 from pot
*** SUMMARY ***
Total pot $0.25 | Rake $0 | Jackpot $0 | Bingo $0 | Fortune $0 | Tax $0
Seat 1: 3f30211f (small blind) folded before Flop
Seat 2: a75b79e6 (big blind) folded before Flop
Seat 3: Hero folded before Flop (didn't bet)
Seat 5: 62d2b650 folded before Flop (didn't bet)
Seat 6: 1b22a08a (button) collected ($0.25)


Poker Hand #HD1770774811: Hold'em No Limit ($0.05/$0.1) - 2024/05/13 15:43:48
Table 'NLHRed25' 6-max Seat #5 is the button
Seat 1: 3f30211f ($22.08 in chips)
Seat 2: a75b79e6 ($10.25 in chips)
Seat 3: Hero ($10.27 in chips)
Seat 5: 62d2b650 ($12.73 in chips)
Seat 6: 1b22a08a ($8.24 in chips)
1b22a08a: posts small blind $0.05
3f30211f: posts big blind $0.1
*** HOLE CARDS ***
Dealt to 3f30211f 
Dealt to a75b79e6 
Dealt to Hero [8s 9s]
Dealt to 62d2b650 
Dealt to 1b22a08a 
a75b79e6: folds
Hero: raises $0.1 to $0.2
62d2b650: folds
1b22a08a: folds
3f30211f: calls $0.1
*** FLOP *** [Ks Kd Qc]
3f30211f: checks
Hero: bets $0.15
3f30211f: folds
Uncalled bet ($0.15) returned to Hero
*** SHOWDOWN ***
Hero collected $0.43 from pot
*** SUMMARY ***
Total pot $0.45 | Rake $0.02 | Jackpot $0 | Bingo $0 | Fortune $0 | Tax $0
Board [Ks Kd Qc]
Seat 1: 3f30211f (big blind) folded on the Flop
Seat 2: a75b79e6 folded before Flop (didn't bet)
Seat 3: Hero won ($0.43)
Seat 5: 62d2b650 (button) folded before Flop (didn't bet)
Seat 6: 1b22a08a (small blind) folded before Flop


Poker Hand #HD1770774756: Hold'em No Limit ($0.05/$0.1) - 2024/05/13 15:43:26
Table 'NLHRed25' 6-max Seat #3 is the button
Seat 1: 3f30211f ($22.08 in chips)
Seat 2: a75b79e6 ($10.25 in chips)
Seat 3: Hero ($10.12 in chips)
Seat 5: 62d2b650 ($12.78 in chips)
Seat 6: 1b22a08a ($8.34 in chips)
62d2b650: posts small blind $0.05
1b22a08a: posts big blind $0.1
*** HOLE CARDS ***
Dealt to 3f30211f 
Dealt to a75b79e6 
Dealt to Hero [6d Ad]
Dealt to 62d2b650 
Dealt to 1b22a08a 
3f30211f: folds
a75b79e6: folds
Hero: raises $0.14 to $0.24
62d2b650: folds
1b22a08a: folds
Uncalled bet ($0.14) returned to Hero
*** SHOWDOWN ***
Hero collected $0.25 from pot
*** SUMMARY ***
Total pot $0.25 | Rake $0 | Jackpot $0 | Bingo $0 | Fortune $0 | Tax $0
Seat 1: 3f30211f folded before Flop (didn't bet)
Seat 2: a75b79e6 folded before Flop (didn't bet)
Seat 3: Hero (button) collected ($0.25)
Seat 5: 62d2b650 (small blind) folded before Flop
Seat 6: 1b22a08a (big blind) folded before Flop


Poker Hand #HD1770774738: Hold'em No Limit ($0.05/$0.1) - 2024/05/13 15:43:12
Table 'NLHRed25' 6-max Seat #2 is the button
Seat 1: 3f30211f ($22.08 in chips)
Seat 2: a75b79e6 ($10.1 in chips)
Seat 3: Hero ($10.17 in chips)
Seat 5: 62d2b650 ($12.88 in chips)
Seat 6: 1b22a08a ($8.34 in chips)
Hero: posts small blind $0.05
62d2b650: posts big blind $0.1
*** HOLE CARDS ***
Dealt to 3f30211f 
Dealt to a75b79e6 
Dealt to Hero [4s Kh]
Dealt to 62d2b650 
Dealt to 1b22a08a 
1b22a08a: folds
3f30211f: folds
a75b79e6: raises $0.15 to $0.25
Hero: folds
62d2b650: folds
Uncalled bet ($0.15) returned to a75b79e6
*** SHOWDOWN ***
a75b79e6 collected $0.25 from pot
*** SUMMARY ***
Total pot $0.25 | Rake $0 | Jackpot $0 | Bingo $0 | Fortune $0 | Tax $0
Seat 1: 3f30211f folded before Flop (didn't bet)
Seat 2: a75b79e6 (button) collected ($0.25)
Seat 3: Hero (small blind) folded before Flop
Seat 5: 62d2b650 (big blind) folded before Flop
Seat 6: 1b22a08a folded before Flop (didn't bet)


Poker Hand #HD1770774721: Hold'em No Limit ($0.05/$0.1) - 2024/05/13 15:43:02
Table 'NLHRed25' 6-max Seat #1 is the button
Seat 1: 3f30211f ($22.08 in chips)
Seat 2: a75b79e6 ($10 in chips)
Seat 3: Hero ($10.27 in chips)
Seat 5: 62d2b650 ($12.88 in chips)
Seat 6: 1b22a08a ($8.34 in chips)
a75b79e6: posts small blind $0.05
Hero: posts big blind $0.1
*** HOLE CARDS ***
Dealt to 3f30211f 
Dealt to a75b79e6 
Dealt to Hero [Kh 7c]
Dealt to 62d2b650 
Dealt to 1b22a08a 
62d2b650: folds
1b22a08a: folds
3f30211f: folds
a75b79e6: raises $0.2 to $0.3
Hero: folds
Uncalled bet ($0.2) returned to a75b79e6
*** SHOWDOWN ***
a75b79e6 collected $0.2 from pot
*** SUMMARY ***
Total pot $0.2 | Rake $0 | Jackpot $0 | Bingo $0 | Fortune $0 | Tax $0
Seat 1: 3f30211f (button) folded before Flop (didn't bet)
Seat 2: a75b79e6 (small blind) collected ($0.2)
Seat 3: Hero (big blind) folded before Flop
Seat 5: 62d2b650 folded before Flop (didn't bet)
Seat 6: 1b22a08a folded before Flop (didn't bet)


Poker Hand #HD1770774695: Hold'em No Limit ($0.05/$0.1) - 2024/05/13 15:42:53
Table 'NLHRed25' 6-max Seat #6 is the button
Seat 1: 3f30211f ($21.98 in chips)
Seat 2: a75b79e6 ($10 in chips)
Seat 3: Hero ($10.27 in chips)
Seat 5: 62d2b650 ($12.88 in chips)
Seat 6: 1b22a08a ($8.34 in chips)
3f30211f: posts small blind $0.05
a75b79e6: posts big blind $0.1
*** HOLE CARDS ***
Dealt to 3f30211f 
Dealt to a75b79e6 
Dealt to Hero [2s 4c]
Dealt to 62d2b650 
Dealt to 1b22a08a 
Hero: folds
62d2b650: folds
1b22a08a: folds
3f30211f: raises $0.2 to $0.3
a75b79e6: folds
Uncalled bet ($0.2) returned to 3f30211f
*** SHOWDOWN ***
3f30211f collected $0.2 from pot
*** SUMMARY ***
Total pot $0.2 | Rake $0 | Jackpot $0 | Bingo $0 | Fortune $0 | Tax $0
Seat 1: 3f30211f (small blind) collected ($0.2)
Seat 2: a75b79e6 (big blind) folded before Flop
Seat 3: Hero folded before Flop (didn't bet)
Seat 5: 62d2b650 folded before Flop (didn't bet)
Seat 6: 1b22a08a (button) folded before Flop (didn't bet)


Poker Hand #HD1770774606: Hold'em No Limit ($0.05/$0.1) - 2024/05/13 15:42:15
Table 'NLHRed25' 6-max Seat #5 is the button
Seat 1: 3f30211f ($16.14 in chips)
Seat 2: a75b79e6 ($10 in chips)
Seat 3: Hero ($10.27 in chips)
Seat 5: 62d2b650 ($12.88 in chips)
Seat 6: 1b22a08a ($14.93 in chips)
1b22a08a: posts small blind $0.05
3f30211f: posts big blind $0.1
*** HOLE CARDS ***
Dealt to 3f30211f 
Dealt to a75b79e6 
Dealt to Hero [Jd 4s]
Dealt to 62d2b650 
Dealt to 1b22a08a 
a75b79e6: folds
Hero: folds
62d2b650: folds
1b22a08a: raises $0.25 to $0.35
3f30211f: calls $0.25
*** FLOP *** [4c 2h Tc]
1b22a08a: bets $0.39
3f30211f: calls $0.39
*** TURN *** [4c 2h Tc] [7c]
1b22a08a: bets $1.19
3f30211f: calls $1.19
*** RIVER *** [4c 2h Tc 7c] [3s]
1b22a08a: bets $4.66
3f30211f: calls $4.66
1b22a08a: shows [Ad 6c] (Ace-High)
3f30211f: shows [Ts 9d] (Pair of Tens)
*** SHOWDOWN ***
3f30211f collected $12.43 from pot
*** SUMMARY ***
Total pot $13.18 | Rake $0.65 | Jackpot $0.1 | Bingo $0 | Fortune $0 | Tax $0
Board [4c 2h Tc 7c 3s]
Seat 1: 3f30211f (big blind) showed [Ts 9d] and won ($12.43) with Pair of Tens
Seat 2: a75b79e6 folded before Flop (didn't bet)
Seat 3: Hero folded before Flop (didn't bet)
Seat 5: 62d2b650 (button) folded before Flop (didn't bet)
Seat 6: 1b22a08a (small blind) showed [Ad 6c] and lost with Ace-High


Poker Hand #HD1770774557: Hold'em No Limit ($0.05/$0.1) - 2024/05/13 15:41:52
Table 'NLHRed25' 6-max Seat #3 is the button
Seat 1: 3f30211f ($16.14 in chips)
Seat 2: a75b79e6 ($10 in chips)
Seat 3: Hero ($10 in chips)
Seat 5: 62d2b650 ($12.93 in chips)
Seat 6: 1b22a08a ($15.17 in chips)
62d2b650: posts small blind $0.05
1b22a08a: posts big blind $0.1
*** HOLE CARDS ***
Dealt to 3f30211f 
Dealt to a75b79e6 
Dealt to Hero [Qd Jd]
Dealt to 62d2b650 
Dealt to 1b22a08a 
3f30211f: folds
a75b79e6: folds
Hero: raises $0.14 to $0.24
62d2b650: folds
1b22a08a: calls $0.14
*** FLOP *** [9c As 4c]
1b22a08a: checks
Hero: bets $0.3
1b22a08a: folds
Uncalled bet ($0.3) returned to Hero
*** SHOWDOWN ***
Hero collected $0.51 from pot
*** SUMMARY ***
Total pot $0.53 | Rake $0.02 | Jackpot $0 | Bingo $0 | Fortune $0 | Tax $0
Board [9c As 4c]
Seat 1: 3f30211f folded before Flop (didn't bet)
Seat 2: a75b79e6 folded before Flop (didn't bet)
Seat 3: Hero (button) won ($0.51)
Seat 5: 62d2b650 (small blind) folded before Flop
Seat 6: 1b22a08a (big blind) folded on the Flop


Poker Hand #HD1770774535: Hold'em No Limit ($0.05/$0.1) - 2024/05/13 15:41:43
Table 'NLHRed25' 6-max Seat #2 is the button
Seat 1: 3f30211f ($16.14 in chips)
Seat 2: a75b79e6 ($10 in chips)
Seat 3: Hero ($10 in chips)
Seat 5: 62d2b650 ($12.88 in chips)
Seat 6: 1b22a08a ($15.17 in chips)
Hero: posts small blind $0.05
62d2b650: posts big blind $0.1
*** HOLE CARDS ***
Dealt to 3f30211f 
Dealt to a75b79e6 
Dealt to Hero [5s Td]
Dealt to 62d2b650 
Dealt to 1b22a08a 
1b22a08a: folds
3f30211f: folds
a75b79e6: folds
Hero: folds
Uncalled bet ($0.05) returned to 62d2b650
*** SHOWDOWN ***
62d2b650 collected $0.1 from pot
*** SUMMARY ***
Total pot $0.1 | Rake $0 | Jackpot $0 | Bingo $0 | Fortune $0 | Tax $0
Seat 1: 3f30211f folded before Flop (didn't bet)
Seat 2: a75b79e6 (button) folded before Flop (didn't bet)
Seat 3: Hero (small blind) folded before Flop
Seat 5: 62d2b650 (big blind) collected ($0.1)
Seat 6: 1b22a08a folded before Flop (didn't bet)


Poker Hand #HD1770774513: Hold'em No Limit ($0.05/$0.1) - 2024/05/13 15:41:29
Table 'NLHRed25' 6-max Seat #1 is the button
Seat 1: 3f30211f ($16.14 in chips)
Seat 2: a75b79e6 ($10 in chips)
Seat 3: Hero ($10 in chips)
Seat 5: 62d2b650 ($12.88 in chips)
Seat 6: 1b22a08a ($15.02 in chips)
a75b79e6: posts small blind $0.05
Hero: posts big blind $0.1
*** HOLE CARDS ***
Dealt to 3f30211f 
Dealt to a75b79e6 
Dealt to Hero [Ks 3c]
Dealt to 62d2b650 
Dealt to 1b22a08a 
62d2b650: folds
1b22a08a: raises $0.1 to $0.2
3f30211f: folds
a75b79e6: folds
Hero: folds
Uncalled bet ($0.1) returned to 1b22a08a
*** SHOWDOWN ***
1b22a08a collected $0.25 from pot
*** SUMMARY ***
Total pot $0.25 | Rake $0 | Jackpot $0 | Bingo $0 | Fortune $0 | Tax $0
Seat 1: 3f30211f (button) folded before Flop (didn't bet)
Seat 2: a75b79e6 (small blind) folded before Flop
Seat 3: Hero (big blind) folded before Flop
Seat 5: 62d2b650 folded before Flop (didn't bet)
Seat 6: 1b22a08a collected ($0.25)


Poker Hand #HD1770774475: Hold'em No Limit ($0.05/$0.1) - 2024/05/13 15:41:11
Table 'NLHRed25' 6-max Seat #6 is the button
Seat 1: 3f30211f ($16.19 in chips)
Seat 2: a75b79e6 ($10 in chips)
Seat 3: Hero ($10 in chips)
Seat 5: 62d2b650 ($12.88 in chips)
Seat 6: 1b22a08a ($14.87 in chips)
3f30211f: posts small blind $0.05
a75b79e6: posts big blind $0.1
*** HOLE CARDS ***
Dealt to 3f30211f 
Dealt to a75b79e6 
Dealt to Hero [3d 7d]
Dealt to 62d2b650 
Dealt to 1b22a08a 
Hero: folds
62d2b650: folds
1b22a08a: raises $0.1 to $0.2
3f30211f: folds
a75b79e6: folds
Uncalled bet ($0.1) returned to 1b22a08a
*** SHOWDOWN ***
1b22a08a collected $0.25 from pot
*** SUMMARY ***
Total pot $0.25 | Rake $0 | Jackpot $0 | Bingo $0 | Fortune $0 | Tax $0
Seat 1: 3f30211f (small blind) folded before Flop
Seat 2: a75b79e6 (big blind) folded before Flop
Seat 3: Hero folded before Flop (didn't bet)
Seat 5: 62d2b650 folded before Flop (didn't bet)
Seat 6: 1b22a08a (button) collected ($0.25)


Poker Hand #HD1770774417: Hold'em No Limit ($0.05/$0.1) - 2024/05/13 15:40:39
Table 'NLHRed25' 6-max Seat #5 is the button
Seat 1: 3f30211f ($16.1 in chips)
Seat 2: a75b79e6 ($10 in chips)
Seat 3: Hero ($10 in chips)
Seat 5: 62d2b650 ($12.88 in chips)
Seat 6: 1b22a08a ($14.97 in chips)
1b22a08a: posts small blind $0.05
3f30211f: posts big blind $0.1
*** HOLE CARDS ***
Dealt to 3f30211f 
Dealt to a75b79e6 
Dealt to Hero [7s 4h]
Dealt to 62d2b650 
Dealt to 1b22a08a 
a75b79e6: folds
Hero: folds
62d2b650: folds
1b22a08a: calls $0.05
3f30211f: checks
*** FLOP *** [4d 8c Ts]
1b22a08a: checks
3f30211f: checks
*** TURN *** [4d 8c Ts] [Jc]
1b22a08a: checks
3f30211f: checks
*** RIVER *** [4d 8c Ts Jc] [3c]
1b22a08a: checks
3f30211f: checks
1b22a08a: shows [6h 9h] (Jack-High)
3f30211f: shows [6d Qs] (Queen-High)
*** SHOWDOWN ***
3f30211f collected $0.19 from pot
*** SUMMARY ***
Total pot $0.2 | Rake $0.01 | Jackpot $0 | Bingo $0 | Fortune $0 | Tax $0
Board [4d 8c Ts Jc 3c]
Seat 1: 3f30211f (big blind) showed [6d Qs] and won ($0.19) with Queen-High
Seat 2: a75b79e6 folded before Flop (didn't bet)
Seat 3: Hero folded before Flop (didn't bet)
Seat 5: 62d2b650 (button) folded before Flop (didn't bet)
Seat 6: 1b22a08a (small blind) showed [6h 9h] and lost with Jack-High


Poker Hand #HD1770774373: Hold'em No Limit ($0.05/$0.1) - 2024/05/13 15:40:20
Table 'NLHRed25' 6-max Seat #3 is the button
Seat 1: 3f30211f ($16.1 in chips)
Seat 2: a75b79e6 ($10 in chips)
Seat 3: Hero ($10 in chips)
Seat 5: 62d2b650 ($13.18 in chips)
Seat 6: 1b22a08a ($14.7 in chips)
62d2b650: posts small blind $0.05
1b22a08a: posts big blind $0.1
*** HOLE CARDS ***
Dealt to 3f30211f 
Dealt to a75b79e6 
Dealt to Hero [4c Qh]
Dealt to 62d2b650 
Dealt to 1b22a08a 
3f30211f: folds
a75b79e6: folds
Hero: folds
62d2b650: raises $0.2 to $0.3
1b22a08a: raises $0.7 to $1
62d2b650: folds
Uncalled bet ($0.7) returned to 1b22a08a
*** SHOWDOWN ***
1b22a08a collected $0.57 from pot
*** SUMMARY ***
Total pot $0.6 | Rake $0.03 | Jackpot $0 | Bingo $0 | Fortune $0 | Tax $0
Seat 1: 3f30211f folded before Flop (didn't bet)
Seat 2: a75b79e6 folded before Flop (didn't bet)
Seat 3: Hero (button) folded before Flop (didn't bet)
Seat 5: 62d2b650 (small blind) folded before Flop
Seat 6: 1b22a08a (big blind) collected ($0.57)


Poker Hand #HD1770774326: Hold'em No Limit ($0.05/$0.1) - 2024/05/13 15:39:53
Table 'NLHRed25' 6-max Seat #2 is the button
Seat 1: 3f30211f ($16.1 in chips)
Seat 2: a75b79e6 ($10 in chips)
Seat 3: Hero ($10.05 in chips)
Seat 4: 85e6565d ($10.39 in chips)
Seat 5: 62d2b650 ($13.03 in chips)
Seat 6: 1b22a08a ($14.7 in chips)
Hero: posts small blind $0.05
85e6565d: posts big blind $0.1
*** HOLE CARDS ***
Dealt to 3f30211f 
Dealt to a75b79e6 
Dealt to Hero [Jc 3d]
Dealt to 85e6565d 
Dealt to 62d2b650 
Dealt to 1b22a08a 
62d2b650: raises $0.13 to $0.23
1b22a08a: folds
3f30211f: folds
a75b79e6: folds
Hero: folds
85e6565d: folds
Uncalled bet ($0.13) returned to 62d2b650
*** SHOWDOWN ***
62d2b650 collected $0.25 from pot
*** SUMMARY ***
Total pot $0.25 | Rake $0 | Jackpot $0 | Bingo $0 | Fortune $0 | Tax $0
Seat 1: 3f30211f folded before Flop (didn't bet)
Seat 2: a75b79e6 (button) folded before Flop (didn't bet)
Seat 3: Hero (small blind) folded before Flop
Seat 4: 85e6565d (big blind) folded before Flop
Seat 5: 62d2b650 collected ($0.25)
Seat 6: 1b22a08a folded before Flop (didn't bet)


Poker Hand #HD1770774131: Hold'em No Limit ($0.05/$0.1) - 2024/05/13 15:38:19
Table 'NLHRed25' 6-max Seat #1 is the button
Seat 1: 3f30211f ($16.1 in chips)
Seat 2: a75b79e6 ($10 in chips)
Seat 3: Hero ($10.15 in chips)
Seat 4: 85e6565d ($10.69 in chips)
Seat 5: 62d2b650 ($13.03 in chips)
Seat 6: 1b22a08a ($14.28 in chips)
a75b79e6: posts small blind $0.05
Hero: posts big blind $0.1
*** HOLE CARDS ***
Dealt to 3f30211f 
Dealt to a75b79e6 
Dealt to Hero [8d 7h]
Dealt to 85e6565d 
Dealt to 62d2b650 
Dealt to 1b22a08a 
85e6565d: raises $0.2 to $0.3
62d2b650: folds
1b22a08a: raises $0.6 to $0.9
3f30211f: folds
a75b79e6: folds
Hero: folds
85e6565d: folds
Uncalled bet ($0.6) returned to 1b22a08a
*** SHOWDOWN ***
1b22a08a collected $0.72 from pot
*** SUMMARY ***
Total pot $0.75 | Rake $0.03 | Jackpot $0 | Bingo $0 | Fortune $0 | Tax $0
Seat 1: 3f30211f (button) folded before Flop (didn't bet)
Seat 2: a75b79e6 (small blind) folded before Flop
Seat 3: Hero (big blind) folded before Flop
Seat 4: 85e6565d folded before Flop
Seat 5: 62d2b650 folded before Flop (didn't bet)
Seat 6: 1b22a08a collected ($0.72)


Poker Hand #HD1770774118: Hold'em No Limit ($0.05/$0.1) - 2024/05/13 15:38:10
Table 'NLHRed25' 6-max Seat #6 is the button
Seat 1: 3f30211f ($16.15 in chips)
Seat 2: a75b79e6 ($10 in chips)
Seat 3: Hero ($10.15 in chips)
Seat 5: 62d2b650 ($13.03 in chips)
Seat 6: 1b22a08a ($14.13 in chips)
3f30211f: posts small blind $0.05
a75b79e6: posts big blind $0.1
*** HOLE CARDS ***
Dealt to 3f30211f 
Dealt to a75b79e6 
Dealt to Hero [5h 9h]
Dealt to 62d2b650 
Dealt to 1b22a08a 
Hero: folds
62d2b650: folds
1b22a08a: raises $0.1 to $0.2
3f30211f: folds
a75b79e6: folds
Uncalled bet ($0.1) returned to 1b22a08a
*** SHOWDOWN ***
1b22a08a collected $0.25 from pot
*** SUMMARY ***
Total pot $0.25 | Rake $0 | Jackpot $0 | Bingo $0 | Fortune $0 | Tax $0
Seat 1: 3f30211f (small blind) folded before Flop
Seat 2: a75b79e6 (big blind) folded before Flop
Seat 3: Hero folded before Flop (didn't bet)
Seat 5: 62d2b650 folded before Flop (didn't bet)
Seat 6: 1b22a08a (button) collected ($0.25)


Poker Hand #HD1770774104: Hold'em No Limit ($0.05/$0.1) - 2024/05/13 15:38:03
Table 'NLHRed25' 6-max Seat #5 is the button
Seat 1: 3f30211f ($16.1 in chips)
Seat 2: a75b79e6 ($10 in chips)
Seat 3: Hero ($10.15 in chips)
Seat 5: 62d2b650 ($13.03 in chips)
Seat 6: 1b22a08a ($14.18 in chips)
1b22a08a: posts small blind $0.05
3f30211f: posts big blind $0.1
*** HOLE CARDS ***
Dealt to 3f30211f 
Dealt to a75b79e6 
Dealt to Hero [2s Qd]
Dealt to 62d2b650 
Dealt to 1b22a08a 
a75b79e6: folds
Hero: folds
62d2b650: folds
1b22a08a: folds
Uncalled bet ($0.05) returned to 3f30211f
*** SHOWDOWN ***
3f30211f collected $0.1 from pot
*** SUMMARY ***
Total pot $0.1 | Rake $0 | Jackpot $0 | Bingo $0 | Fortune $0 | Tax $0
Seat 1: 3f30211f (big blind) collected ($0.1)
Seat 2: a75b79e6 folded before Flop (didn't bet)
Seat 3: Hero folded before Flop (didn't bet)
Seat 5: 62d2b650 (button) folded before Flop (didn't bet)
Seat 6: 1b22a08a (small blind) folded before Flop


Poker Hand #HD1770774050: Hold'em No Limit ($0.05/$0.1) - 2024/05/13 15:37:37
Table 'NLHRed25' 6-max Seat #4 is the button
Seat 1: 3f30211f ($16.1 in chips)
Seat 2: a75b79e6 ($10 in chips)
Seat 3: Hero ($10.15 in chips)
Seat 4: 85e6565d ($10.69 in chips)
Seat 5: 62d2b650 ($13.08 in chips)
Seat 6: 1b22a08a ($14.13 in chips)
62d2b650: posts small blind $0.05
1b22a08a: posts big blind $0.1
*** HOLE CARDS ***
Dealt to 3f30211f 
Dealt to a75b79e6 
Dealt to Hero [4h Qc]
Dealt to 85e6565d 
Dealt to 62d2b650 
Dealt to 1b22a08a 
3f30211f: folds
a75b79e6: folds
Hero: folds
85e6565d: folds
62d2b650: folds
Uncalled bet ($0.05) returned to 1b22a08a
*** SHOWDOWN ***
1b22a08a collected $0.1 from pot
*** SUMMARY ***
Total pot $0.1 | Rake $0 | Jackpot $0 | Bingo $0 | Fortune $0 | Tax $0
Seat 1: 3f30211f folded before Flop (didn't bet)
Seat 2: a75b79e6 folded before Flop (didn't bet)
Seat 3: Hero folded before Flop (didn't bet)
Seat 4: 85e6565d (button) folded before Flop (didn't bet)
Seat 5: 62d2b650 (small blind) folded before Flop
Seat 6: 1b22a08a (big blind) collected ($0.1)


Poker Hand #HD1770774013: Hold'em No Limit ($0.05/$0.1) - 2024/05/13 15:37:14
Table 'NLHRed25' 6-max Seat #3 is the button
Seat 1: 3f30211f ($16.1 in chips)
Seat 2: a75b79e6 ($10 in chips)
Seat 3: Hero ($10 in chips)
Seat 4: 85e6565d ($10.74 in chips)
Seat 5: 62d2b650 ($13.18 in chips)
Seat 6: 1b22a08a ($14.13 in chips)
85e6565d: posts small blind $0.05
62d2b650: posts big blind $0.1
*** HOLE CARDS ***
Dealt to 3f30211f 
Dealt to a75b79e6 
Dealt to Hero [Qd 7d]
Dealt to 85e6565d 
Dealt to 62d2b650 
Dealt to 1b22a08a 
1b22a08a: folds
3f30211f: folds
a75b79e6: folds
Hero: raises $0.14 to $0.24
85e6565d: folds
62d2b650: folds
Uncalled bet ($0.14) returned to Hero
*** SHOWDOWN ***
Hero collected $0.25 from pot
*** SUMMARY ***
Total pot $0.25 | Rake $0 | Jackpot $0 | Bingo $0 | Fortune $0 | Tax $0
Seat 1: 3f30211f folded before Flop (didn't bet)
Seat 2: a75b79e6 folded before Flop (didn't bet)
Seat 3: Hero (button) collected ($0.25)
Seat 4: 85e6565d (small blind) folded before Flop
Seat 5: 62d2b650 (big blind) folded before Flop
Seat 6: 1b22a08a folded before Flop (didn't bet)


Poker Hand #HD1770773845: Hold'em No Limit ($0.05/$0.1) - 2024/05/13 15:35:50
Table 'NLHRed25' 6-max Seat #2 is the button
Seat 1: 3f30211f ($10.15 in chips)
Seat 2: a75b79e6 ($10 in chips)
Seat 3: Hero ($10 in chips)
Seat 4: 85e6565d ($11.27 in chips)
Seat 5: 62d2b650 ($13.18 in chips)
Seat 6: 1b22a08a ($20.23 in chips)
Hero: posts small blind $0.05
85e6565d: posts big blind $0.1
*** HOLE CARDS ***
Dealt to 3f30211f 
Dealt to a75b79e6 
Dealt to Hero [3c Td]
Dealt to 85e6565d 
Dealt to 62d2b650 
Dealt to 1b22a08a 
62d2b650: folds
1b22a08a: raises $0.1 to $0.2
3f30211f: calls $0.2
a75b79e6: folds
Hero: folds
85e6565d: raises $0.33 to $0.53
1b22a08a: calls $0.33
3f30211f: calls $0.33
*** FLOP *** [5c 8s 7h]
85e6565d: checks
1b22a08a: bets $0.41
3f30211f: calls $0.41
85e6565d: folds
*** TURN *** [5c 8s 7h] [6c]
1b22a08a: bets $1.66
3f30211f: calls $1.66
*** RIVER *** [5c 8s 7h 6c] [Kc]
1b22a08a: bets $3.5
3f30211f: calls $3.5
1b22a08a: shows [Ts Jc] (King-High)
3f30211f: shows [7c 7d] (Three Sevens)
*** SHOWDOWN ***
3f30211f collected $12.05 from pot
*** SUMMARY ***
Total pot $12.78 | Rake $0.63 | Jackpot $0.1 | Bingo $0 | Fortune $0 | Tax $0
Board [5c 8s 7h 6c Kc]
Seat 1: 3f30211f showed [7c 7d] and won ($12.05) with Three Sevens
Seat 2: a75b79e6 (button) folded before Flop (didn't bet)
Seat 3: Hero (small blind) folded before Flop
Seat 4: 85e6565d (big blind) folded on the Flop
Seat 5: 62d2b650 folded before Flop (didn't bet)
Seat 6: 1b22a08a showed [Ts Jc] and lost with King-High


Poker Hand #HD1770773668: Hold'em No Limit ($0.05/$0.1) - 2024/05/13 15:34:20
Table 'NLHRed25' 6-max Seat #1 is the button
Seat 1: 3f30211f ($10.15 in chips)
Seat 2: a75b79e6 ($10.44 in chips)
Seat 3: Hero ($10 in chips)
Seat 4: 85e6565d ($11.27 in chips)
Seat 5: 62d2b650 ($10.92 in chips)
Seat 6: 1b22a08a ($20.23 in chips)
a75b79e6: posts small blind $0.05
Hero: posts big blind $0.1
*** HOLE CARDS ***
Dealt to 3f30211f 
Dealt to a75b79e6 
Dealt to Hero [5h 3s]
Dealt to 85e6565d 
Dealt to 62d2b650 
Dealt to 1b22a08a 
85e6565d: folds
62d2b650: raises $0.13 to $0.23
1b22a08a: folds
3f30211f: folds
a75b79e6: raises $0.82 to $1.05
Hero: folds
62d2b650: raises $1.46 to $2.51
a75b79e6: calls $1.46
*** FLOP *** [3d Jh 3c]
a75b79e6: checks
62d2b650: bets $1.3
a75b79e6: folds
Uncalled bet ($1.3) returned to 62d2b650
*** SHOWDOWN ***
62d2b650 collected $4.77 from pot
*** SUMMARY ***
Total pot $5.12 | Rake $0.25 | Jackpot $0.1 | Bingo $0 | Fortune $0 | Tax $0
Board [3d Jh 3c]
Seat 1: 3f30211f (button) folded before Flop (didn't bet)
Seat 2: a75b79e6 (small blind) folded on the Flop
Seat 3: Hero (big blind) folded before Flop
Seat 4: 85e6565d folded before Flop (didn't bet)
Seat 5: 62d2b650 won ($4.77)
Seat 6: 1b22a08a folded before Flop (didn't bet)


Poker Hand #HD1770773649: Hold'em No Limit ($0.05/$0.1) - 2024/05/13 15:34:12
Table 'NLHRed25' 6-max Seat #6 is the button
Seat 1: 3f30211f ($10.05 in chips)
Seat 2: a75b79e6 ($10.54 in chips)
Seat 3: Hero ($10 in chips)
Seat 4: 85e6565d ($11.27 in chips)
Seat 5: 62d2b650 ($10.92 in chips)
Seat 6: 1b22a08a ($20.23 in chips)
3f30211f: posts small blind $0.05
a75b79e6: posts big blind $0.1
*** HOLE CARDS ***
Dealt to 3f30211f 
Dealt to a75b79e6 
Dealt to Hero [3d 8h]
Dealt to 85e6565d 
Dealt to 62d2b650 
Dealt to 1b22a08a 
Hero: folds
85e6565d: folds
62d2b650: folds
1b22a08a: folds
3f30211f: raises $0.2 to $0.3
a75b79e6: folds
Uncalled bet ($0.2) returned to 3f30211f
*** SHOWDOWN ***
3f30211f collected $0.2 from pot
*** SUMMARY ***
Total pot $0.2 | Rake $0 | Jackpot $0 | Bingo $0 | Fortune $0 | Tax $0
Seat 1: 3f30211f (small blind) collected ($0.2)
Seat 2: a75b79e6 (big blind) folded before Flop
Seat 3: Hero folded before Flop (didn't bet)
Seat 4: 85e6565d folded before Flop (didn't bet)
Seat 5: 62d2b650 folded before Flop (didn't bet)
Seat 6: 1b22a08a (button) folded before Flop (didn't bet)


Poker Hand #HD1770773593: Hold'em No Limit ($0.05/$0.1) - 2024/05/13 15:33:48
Table 'NLHRed25' 6-max Seat #5 is the button
Seat 1: 3f30211f ($10.15 in chips)
Seat 2: a75b79e6 ($10.54 in chips)
Seat 3: Hero ($10 in chips)
Seat 4: 85e6565d ($11.57 in chips)
Seat 5: 62d2b650 ($11.22 in chips)
Seat 6: 1b22a08a ($19.58 in chips)
1b22a08a: posts small blind $0.05
3f30211f: posts big blind $0.1
*** HOLE CARDS ***
Dealt to 3f30211f 
Dealt to a75b79e6 
Dealt to Hero [6c 7h]
Dealt to 85e6565d 
Dealt to 62d2b650 
Dealt to 1b22a08a 
a75b79e6: folds
Hero: folds
85e6565d: raises $0.2 to $0.3
62d2b650: calls $0.3
1b22a08a: raises $1.2 to $1.5
3f30211f: folds
85e6565d: folds
62d2b650: folds
Uncalled bet ($1.2) returned to 1b22a08a
*** SHOWDOWN ***
1b22a08a collected $0.95 from pot
*** SUMMARY ***
Total pot $1 | Rake $0.05 | Jackpot $0 | Bingo $0 | Fortune $0 | Tax $0
Seat 1: 3f30211f (big blind) folded before Flop
Seat 2: a75b79e6 folded before Flop (didn't bet)
Seat 3: Hero folded before Flop (didn't bet)
Seat 4: 85e6565d folded before Flop
Seat 5: 62d2b650 (button) folded before Flop
Seat 6: 1b22a08a (small blind) collected ($0.95)


Poker Hand #HD1770773512: Hold'em No Limit ($0.05/$0.1) - 2024/05/13 15:33:06
Table 'NLHRed25' 6-max Seat #4 is the button
Seat 1: 3f30211f ($10.15 in chips)
Seat 2: a75b79e6 ($10.54 in chips)
Seat 3: Hero ($10 in chips)
Seat 4: 85e6565d ($11.57 in chips)
Seat 5: 62d2b650 ($10.74 in chips)
Seat 6: 1b22a08a ($20.11 in chips)
62d2b650: posts small blind $0.05
1b22a08a: posts big blind $0.1
*** HOLE CARDS ***
Dealt to 3f30211f 
Dealt to a75b79e6 
Dealt to Hero [Qh 2d]
Dealt to 85e6565d 
Dealt to 62d2b650 
Dealt to 1b22a08a 
3f30211f: folds
a75b79e6: folds
Hero: folds
85e6565d: folds
62d2b650: raises $0.2 to $0.3
1b22a08a: calls $0.2
*** FLOP *** [Ts 3d Jh]
62d2b650: bets $0.23
1b22a08a: calls $0.23
*** TURN *** [Ts 3d Jh] [As]
62d2b650: bets $0.85
1b22a08a: folds
Uncalled bet ($0.85) returned to 62d2b650
*** SHOWDOWN ***
62d2b650 collected $1.01 from pot
*** SUMMARY ***
Total pot $1.06 | Rake $0.05 | Jackpot $0 | Bingo $0 | Fortune $0 | Tax $0
Board [Ts 3d Jh As]
Seat 1: 3f30211f folded before Flop (didn't bet)
Seat 2: a75b79e6 folded before Flop (didn't bet)
Seat 3: Hero folded before Flop (didn't bet)
Seat 4: 85e6565d (button) folded before Flop (didn't bet)
Seat 5: 62d2b650 (small blind) won ($1.01)
Seat 6: 1b22a08a (big blind) folded on the Turn


Poker Hand #HD1770773484: Hold'em No Limit ($0.05/$0.1) - 2024/05/13 15:32:48
Table 'NLHRed25' 6-max Seat #3 is the button
Seat 1: 3f30211f ($10.15 in chips)
Seat 2: a75b79e6 ($10.54 in chips)
Seat 3: Hero ($10 in chips)
Seat 4: 85e6565d ($11.62 in chips)
Seat 5: 62d2b650 ($10.84 in chips)
Seat 6: 1b22a08a ($19.96 in chips)
85e6565d: posts small blind $0.05
62d2b650: posts big blind $0.1
*** HOLE CARDS ***
Dealt to 3f30211f 
Dealt to a75b79e6 
Dealt to Hero [9h 9s]
Dealt to 85e6565d 
Dealt to 62d2b650 
Dealt to 1b22a08a 
1b22a08a: raises $0.1 to $0.2
3f30211f: folds
a75b79e6: folds
Hero: folds
85e6565d: folds
62d2b650: folds
Uncalled bet ($0.1) returned to 1b22a08a
*** SHOWDOWN ***
1b22a08a collected $0.25 from pot
*** SUMMARY ***
Total pot $0.25 | Rake $0 | Jackpot $0 | Bingo $0 | Fortune $0 | Tax $0
Seat 1: 3f30211f folded before Flop (didn't bet)
Seat 2: a75b79e6 folded before Flop (didn't bet)
Seat 3: Hero (button) folded before Flop (didn't bet)
Seat 4: 85e6565d (small blind) folded before Flop
Seat 5: 62d2b650 (big blind) folded before Flop
Seat 6: 1b22a08a collected ($0.25)


Poker Hand #HD1770773451: Hold'em No Limit ($0.05/$0.1) - 2024/05/13 15:32:32
Table 'NLHRed25' 6-max Seat #2 is the button
Seat 1: 3f30211f ($10 in chips)
Seat 2: a75b79e6 ($10.54 in chips)
Seat 3: Hero ($10 in chips)
Seat 4: 85e6565d ($11.72 in chips)
Seat 5: 62d2b650 ($10.84 in chips)
Seat 6: 1b22a08a ($19.96 in chips)
Hero: posts small blind $0.05
85e6565d: posts big blind $0.1
*** HOLE CARDS ***
Dealt to 3f30211f 
Dealt to a75b79e6 
Dealt to Hero [Th 7s]
Dealt to 85e6565d 
Dealt to 62d2b650 
Dealt to 1b22a08a 
62d2b650: folds
1b22a08a: folds
3f30211f: raises $0.15 to $0.25
a75b79e6: folds
Hero: folds
85e6565d: folds
Uncalled bet ($0.15) returned to 3f30211f
*** SHOWDOWN ***
3f30211f collected $0.25 from pot
*** SUMMARY ***
Total pot $0.25 | Rake $0 | Jackpot $0 | Bingo $0 | Fortune $0 | Tax $0
Seat 1: 3f30211f collected ($0.25)
Seat 2: a75b79e6 (button) folded before Flop (didn't bet)
Seat 3: Hero (small blind) folded before Flop
Seat 4: 85e6565d (big blind) folded before Flop
Seat 5: 62d2b650 folded before Flop (didn't bet)
Seat 6: 1b22a08a folded before Flop (didn't bet)


Poker Hand #HD1770773401: Hold'em No Limit ($0.05/$0.1) - 2024/05/13 15:32:09
Table 'NLHRed25' 6-max Seat #1 is the button
Seat 1: 3f30211f ($10 in chips)
Seat 2: a75b79e6 ($10.26 in chips)
Seat 3: Hero ($10 in chips)
Seat 4: 85e6565d ($11.72 in chips)
Seat 5: 62d2b650 ($10.84 in chips)
Seat 6: 1b22a08a ($20.16 in chips)
a75b79e6: posts small blind $0.05
Hero: posts big blind $0.1
*** HOLE CARDS ***
Dealt to 3f30211f 
Dealt to a75b79e6 
Dealt to Hero [7h 7d]
Dealt to 85e6565d 
Dealt to 62d2b650 
Dealt to 1b22a08a 
85e6565d: folds
62d2b650: folds
1b22a08a: raises $0.1 to $0.2
3f30211f: folds
a75b79e6: raises $0.7 to $0.9
Hero: folds
1b22a08a: folds
Uncalled bet ($0.7) returned to a75b79e6
*** SHOWDOWN ***
a75b79e6 collected $0.48 from pot
*** SUMMARY ***
Total pot $0.5 | Rake $0.02 | Jackpot $0 | Bingo $0 | Fortune $0 | Tax $0
Seat 1: 3f30211f (button) folded before Flop (didn't bet)
Seat 2: a75b79e6 (small blind) collected ($0.48)
Seat 3: Hero (big blind) folded before Flop
Seat 4: 85e6565d folded before Flop (didn't bet)
Seat 5: 62d2b650 folded before Flop (didn't bet)
Seat 6: 1b22a08a folded before Flop


Poker Hand #HD1770773306: Hold'em No Limit ($0.05/$0.1) - 2024/05/13 15:31:23
Table 'NLHRed25' 6-max Seat #6 is the button
Seat 1: 3f30211f ($10 in chips)
Seat 2: a75b79e6 ($10 in chips)
Seat 3: Hero ($10 in chips)
Seat 4: 85e6565d ($11.72 in chips)
Seat 5: 62d2b650 ($11.07 in chips)
Seat 6: 1b22a08a ($20.16 in chips)
3f30211f: posts small blind $0.05
a75b79e6: posts big blind $0.1
*** HOLE CARDS ***
Dealt to 3f30211f 
Dealt to a75b79e6 
Dealt to Hero [Ts Qd]
Dealt to 85e6565d 
Dealt to 62d2b650 
Dealt to 1b22a08a 
Hero: folds
85e6565d: folds
62d2b650: raises $0.13 to $0.23
1b22a08a: folds
3f30211f: folds
a75b79e6: calls $0.13
*** FLOP *** [Tc 3s 5s]
a75b79e6: checks
62d2b650: checks
*** TURN *** [Tc 3s 5s] [4h]
a75b79e6: bets $0.34
62d2b650: folds
Uncalled bet ($0.34) returned to a75b79e6
*** SHOWDOWN ***
a75b79e6 collected $0.49 from pot
*** SUMMARY ***
Total pot $0.51 | Rake $0.02 | Jackpot $0 | Bingo $0 | Fortune $0 | Tax $0
Board [Tc 3s 5s 4h]
Seat 1: 3f30211f (small blind) folded before Flop
Seat 2: a75b79e6 (big blind) won ($0.49)
Seat 3: Hero folded before Flop (didn't bet)
Seat 4: 85e6565d folded before Flop (didn't bet)
Seat 5: 62d2b650 folded on the Turn
Seat 6: 1b22a08a (button) folded before Flop (didn't bet)


Poker Hand #HD1770773286: Hold'em No Limit ($0.05/$0.1) - 2024/05/13 15:31:13
Table 'NLHRed25' 6-max Seat #5 is the button
Seat 1: 3f30211f ($10 in chips)
Seat 2: a75b79e6 ($10 in chips)
Seat 3: Hero ($10 in chips)
Seat 4: 85e6565d ($11.57 in chips)
Seat 5: 62d2b650 ($11.07 in chips)
Seat 6: 1b22a08a ($20.21 in chips)
1b22a08a: posts small blind $0.05
3f30211f: posts big blind $0.1
*** HOLE CARDS ***
Dealt to 3f30211f 
Dealt to a75b79e6 
Dealt to Hero [Ts 6d]
Dealt to 85e6565d 
Dealt to 62d2b650 
Dealt to 1b22a08a 
a75b79e6: folds
Hero: folds
85e6565d: raises $0.2 to $0.3
62d2b650: folds
1b22a08a: folds
3f30211f: folds
Uncalled bet ($0.2) returned to 85e6565d
*** SHOWDOWN ***
85e6565d collected $0.25 from pot
*** SUMMARY ***
Total pot $0.25 | Rake $0 | Jackpot $0 | Bingo $0 | Fortune $0 | Tax $0
Seat 1: 3f30211f (big blind) folded before Flop
Seat 2: a75b79e6 folded before Flop (didn't bet)
Seat 3: Hero folded before Flop (didn't bet)
Seat 4: 85e6565d collected ($0.25)
Seat 5: 62d2b650 (button) folded before Flop (didn't bet)
Seat 6: 1b22a08a (small blind) folded before Flop


Poker Hand #HD1770773253: Hold'em No Limit ($0.05/$0.1) - 2024/05/13 15:30:55
Table 'NLHRed25' 6-max Seat #4 is the button
Seat 1: 3f30211f ($10 in chips)
Seat 2: a75b79e6 ($10 in chips)
Seat 3: Hero ($10 in chips)
Seat 4: 85e6565d ($11.57 in chips)
Seat 5: 62d2b650 ($11.12 in chips)
Seat 6: 1b22a08a ($20.16 in chips)
62d2b650: posts small blind $0.05
1b22a08a: posts big blind $0.1
*** HOLE CARDS ***
Dealt to 3f30211f 
Dealt to a75b79e6 
Dealt to Hero [Kd 4c]
Dealt to 85e6565d 
Dealt to 62d2b650 
Dealt to 1b22a08a 
3f30211f: folds
a75b79e6: folds
Hero: folds
85e6565d: folds
62d2b650: folds
Uncalled bet ($0.05) returned to 1b22a08a
*** SHOWDOWN ***
1b22a08a collected $0.1 from pot
*** SUMMARY ***
Total pot $0.1 | Rake $0 | Jackpot $0 | Bingo $0 | Fortune $0 | Tax $0
Seat 1: 3f30211f folded before Flop (didn't bet)
Seat 2: a75b79e6 folded before Flop (didn't bet)
Seat 3: Hero folded before Flop (didn't bet)
Seat 4: 85e6565d (button) folded before Flop (didn't bet)
Seat 5: 62d2b650 (small blind) folded before Flop
Seat 6: 1b22a08a (big blind) collected ($0.1)


Poker Hand #HD1770773148: Hold'em No Limit ($0.05/$0.1) - 2024/05/13 15:30:02
Table 'NLHRed25' 6-max Seat #3 is the button
Seat 1: 3f30211f ($10 in chips)
Seat 2: a75b79e6 ($10 in chips)
Seat 3: Hero ($10 in chips)
Seat 4: 85e6565d ($12.69 in chips)
Seat 5: 62d2b650 ($10.11 in chips)
Seat 6: 1b22a08a ($20.16 in chips)
85e6565d: posts small blind $0.05
62d2b650: posts big blind $0.1
*** HOLE CARDS ***
Dealt to 3f30211f 
Dealt to a75b79e6 
Dealt to Hero [Th 7c]
Dealt to 85e6565d 
Dealt to 62d2b650 
Dealt to 1b22a08a 
1b22a08a: folds
3f30211f: folds
a75b79e6: folds
Hero: folds
85e6565d: calls $0.05
62d2b650: checks
*** FLOP *** [6h 9d 3d]
85e6565d: bets $0.1
62d2b650: calls $0.1
*** TURN *** [6h 9d 3d] [5s]
85e6565d: checks
62d2b650: bets $0.23
85e6565d: calls $0.23
*** RIVER *** [6h 9d 3d 5s] [2s]
85e6565d: checks
62d2b650: bets $0.69
85e6565d: calls $0.69
62d2b650: shows [8h 7d] (Nines-High Straight)
85e6565d: shows [Qd 9c] (Pair of Nines)
*** SHOWDOWN ***
62d2b650 collected $2.13 from pot
*** SUMMARY ***
Total pot $2.24 | Rake $0.11 | Jackpot $0 | Bingo $0 | Fortune $0 | Tax $0
Board [6h 9d 3d 5s 2s]
Seat 1: 3f30211f folded before Flop (didn't bet)
Seat 2: a75b79e6 folded before Flop (didn't bet)
Seat 3: Hero (button) folded before Flop (didn't bet)
Seat 4: 85e6565d (small blind) showed [Qd 9c] and lost with Pair of Nines
Seat 5: 62d2b650 (big blind) showed [8h 7d] and won ($2.13) with Nines-High Straight
Seat 6: 1b22a08a folded before Flop (didn't bet)


Poker Hand #HD1770773047: Hold'em No Limit ($0.05/$0.1) - 2024/05/13 15:29:14
Table 'NLHRed25' 6-max Seat #2 is the button
Seat 1: 3f30211f ($10 in chips)
Seat 2: a75b79e6 ($10 in chips)
Seat 3: Hero ($10 in chips)
Seat 4: 85e6565d ($12.29 in chips)
Seat 5: 62d2b650 ($10.11 in chips)
Seat 6: 1b22a08a ($20.16 in chips)
Hero: posts small blind $0.05
85e6565d: posts big blind $0.1
*** HOLE CARDS ***
Dealt to 3f30211f 
Dealt to a75b79e6 
Dealt to Hero [9s Tc]
Dealt to 85e6565d 
Dealt to 62d2b650 
Dealt to 1b22a08a 
62d2b650: folds
1b22a08a: folds
3f30211f: folds
a75b79e6: raises $0.15 to $0.25
Hero: folds
85e6565d: calls $0.15
*** FLOP *** [4c Kh 4s]
85e6565d: checks
a75b79e6: bets $0.14
85e6565d: calls $0.14
*** TURN *** [4c Kh 4s] [9h]
85e6565d: checks
a75b79e6: checks
*** RIVER *** [4c Kh 4s 9h] [Jd]
85e6565d: bets $0.28
a75b79e6: folds
Uncalled bet ($0.28) returned to 85e6565d
*** SHOWDOWN ***
85e6565d collected $0.79 from pot
*** SUMMARY ***
Total pot $0.83 | Rake $0.04 | Jackpot $0 | Bingo $0 | Fortune $0 | Tax $0
Board [4c Kh 4s 9h Jd]
Seat 1: 3f30211f folded before Flop (didn't bet)
Seat 2: a75b79e6 (button) folded on the River
Seat 3: Hero (small blind) folded before Flop
Seat 4: 85e6565d (big blind) won ($0.79)
Seat 5: 62d2b650 folded before Flop (didn't bet)
Seat 6: 1b22a08a folded before Flop (didn't bet)


Poker Hand #HD1770772993: Hold'em No Limit ($0.05/$0.1) - 2024/05/13 15:28:41
Table 'NLHRed25' 6-max Seat #1 is the button
Seat 1: 3f30211f ($10 in chips)
Seat 2: a75b79e6 ($10 in chips)
Seat 3: Hero ($10 in chips)
Seat 4: 85e6565d ($12.15 in chips)
Seat 5: 62d2b650 ($10.11 in chips)
Seat 6: 1b22a08a ($20.16 in chips)
a75b79e6: posts small blind $0.05
Hero: posts big blind $0.1
*** HOLE CARDS ***
Dealt to 3f30211f 
Dealt to a75b79e6 
Dealt to Hero [Th 2d]
Dealt to 85e6565d 
Dealt to 62d2b650 
Dealt to 1b22a08a 
85e6565d: calls $0.1
62d2b650: folds
1b22a08a: folds
3f30211f: folds
a75b79e6: folds
Hero: checks
*** FLOP *** [8c 4h 9d]
Hero: checks
85e6565d: bets $0.1
Hero: folds
Uncalled bet ($0.1) returned to 85e6565d
*** SHOWDOWN ***
85e6565d collected $0.24 from pot
*** SUMMARY ***
Total pot $0.25 | Rake $0.01 | Jackpot $0 | Bingo $0 | Fortune $0 | Tax $0
Board [8c 4h 9d]
Seat 1: 3f30211f (button) folded before Flop (didn't bet)
Seat 2: a75b79e6 (small blind) folded before Flop
Seat 3: Hero (big blind) folded on the Flop
Seat 4: 85e6565d won ($0.24)
Seat 5: 62d2b650 folded before Flop (didn't bet)
Seat 6: 1b22a08a folded before Flop (didn't bet)


