Poker Hand #HD1787291755: Hold'em No Limit ($0.05/$0.1) - 2024/05/25 17:04:38
Table 'NLHRed73' 6-max Seat #5 is the button
Seat 1: c7f3e96d ($10 in chips)
Seat 2: Hero ($10 in chips)
Seat 3: 9abe04b4 ($10 in chips)
Seat 4: db695f35 ($4.38 in chips)
Seat 5: e4dede9 ($10.94 in chips)
Seat 6: 127da6e8 ($10.37 in chips)
127da6e8: posts small blind $0.05
c7f3e96d: posts big blind $0.1
*** HOLE CARDS ***
Dealt to c7f3e96d 
Dealt to Hero [Ks 4d]
Dealt to 9abe04b4 
Dealt to db695f35 
Dealt to e4dede9 
Dealt to 127da6e8 
Hero: folds
9abe04b4: folds
db695f35: folds
e4dede9: folds
127da6e8: calls $0.05
c7f3e96d: checks
*** FLOP *** [2d 9h Kc]
127da6e8: checks
c7f3e96d: checks
*** TURN *** [2d 9h Kc] [4c]
127da6e8: checks
c7f3e96d: checks
*** RIVER *** [2d 9h Kc 4c] [Jh]
127da6e8: checks
c7f3e96d: bets $0.15
127da6e8: folds
Uncalled bet ($0.15) returned to c7f3e96d
*** SHOWDOWN ***
c7f3e96d collected $0.19 from pot
*** SUMMARY ***
Total pot $0.2 | Rake $0.01 | Jackpot $0 | Bingo $0 | Fortune $0 | Tax $0
Board [2d 9h Kc 4c Jh]
Seat 1: c7f3e96d (big blind) won ($0.19)
Seat 2: Hero folded before Flop (didn't bet)
Seat 3: 9abe04b4 folded before Flop (didn't bet)
Seat 4: db695f35 folded before Flop (didn't bet)
Seat 5: e4dede9 (button) folded before Flop (didn't bet)
Seat 6: 127da6e8 (small blind) folded on the River


Poker Hand #HD1787291715: Hold'em No Limit ($0.05/$0.1) - 2024/05/25 17:04:04
Table 'NLHRed73' 6-max Seat #4 is the button
Seat 2: Hero ($10 in chips)
Seat 3: 9abe04b4 ($10 in chips)
Seat 4: db695f35 ($4.58 in chips)
Seat 5: e4dede9 ($11.14 in chips)
Seat 6: 127da6e8 ($10 in chips)
e4dede9: posts small blind $0.05
127da6e8: posts big blind $0.1
*** HOLE CARDS ***
Dealt to Hero [9d Qs]
Dealt to 9abe04b4 
Dealt to db695f35 
Dealt to e4dede9 
Dealt to 127da6e8 
Hero: folds
9abe04b4: folds
db695f35: raises $0.1 to $0.2
e4dede9: calls $0.15
127da6e8: raises $0.6 to $0.8
db695f35: folds
e4dede9: folds
Uncalled bet ($0.6) returned to 127da6e8
*** SHOWDOWN ***
127da6e8 collected $0.57 from pot
*** SUMMARY ***
Total pot $0.6 | Rake $0.03 | Jackpot $0 | Bingo $0 | Fortune $0 | Tax $0
Seat 2: Hero folded before Flop (didn't bet)
Seat 3: 9abe04b4 folded before Flop (didn't bet)
Seat 4: db695f35 (button) folded before Flop
Seat 5: e4dede9 (small blind) folded before Flop
Seat 6: 127da6e8 (big blind) collected ($0.57)


Poker Hand #HD1787291677: Hold'em No Limit ($0.05/$0.1) - 2024/05/25 17:03:34
Table 'NLHRed73' 6-max Seat #3 is the button
Seat 2: Hero ($10 in chips)
Seat 3: 9abe04b4 ($10 in chips)
Seat 4: db695f35 ($4.78 in chips)
Seat 5: e4dede9 ($10.96 in chips)
db695f35: posts small blind $0.05
e4dede9: posts big blind $0.1
*** HOLE CARDS ***
Dealt to Hero [Jc 7s]
Dealt to 9abe04b4 
Dealt to db695f35 
Dealt to e4dede9 
Hero: folds
9abe04b4: folds
db695f35: calls $0.05
e4dede9: checks
*** FLOP *** [Th Ad 4d]
db695f35: checks
e4dede9: bets $0.1
db695f35: calls $0.1
*** TURN *** [Th Ad 4d] [Qh]
db695f35: checks
e4dede9: bets $0.6
db695f35: folds
Uncalled bet ($0.6) returned to e4dede9
*** SHOWDOWN ***
e4dede9 collected $0.38 from pot
*** SUMMARY ***
Total pot $0.4 | Rake $0.02 | Jackpot $0 | Bingo $0 | Fortune $0 | Tax $0
Board [Th Ad 4d Qh]
Seat 2: Hero folded before Flop (didn't bet)
Seat 3: 9abe04b4 (button) folded before Flop (didn't bet)
Seat 4: db695f35 (small blind) folded on the Turn
Seat 5: e4dede9 (big blind) won ($0.38)


Poker Hand #HD1787291651: Hold'em No Limit ($0.05/$0.1) - 2024/05/25 17:03:13
Table 'NLHRed73' 6-max Seat #2 is the button
Seat 2: Hero ($10 in chips)
Seat 3: 9abe04b4 ($10.05 in chips)
Seat 4: db695f35 ($4.51 in chips)
Seat 5: e4dede9 ($10.96 in chips)
9abe04b4: posts small blind $0.05
db695f35: posts big blind $0.1
*** HOLE CARDS ***
Dealt to Hero [4d 9h]
Dealt to 9abe04b4 
Dealt to db695f35 
Dealt to e4dede9 
e4dede9: folds
Hero: folds
9abe04b4: raises $0.2 to $0.3
db695f35: raises $0.7 to $1
9abe04b4: folds
Uncalled bet ($0.7) returned to db695f35
*** SHOWDOWN ***
db695f35 collected $0.57 from pot
*** SUMMARY ***
Total pot $0.6 | Rake $0.03 | Jackpot $0 | Bingo $0 | Fortune $0 | Tax $0
Seat 2: Hero (button) folded before Flop (didn't bet)
Seat 3: 9abe04b4 (small blind) folded before Flop
Seat 4: db695f35 (big blind) collected ($0.57)
Seat 5: e4dede9 folded before Flop (didn't bet)


Poker Hand #HD1787291625: Hold'em No Limit ($0.05/$0.1) - 2024/05/25 17:02:49
Table 'NLHRed73' 6-max Seat #5 is the button
Seat 2: Hero ($10 in chips)
Seat 3: 9abe04b4 ($10.15 in chips)
Seat 4: db695f35 ($4.51 in chips)
Seat 5: e4dede9 ($10.81 in chips)
Hero: posts small blind $0.05
9abe04b4: posts big blind $0.1
*** HOLE CARDS ***
Dealt to Hero [2h 3h]
Dealt to 9abe04b4 
Dealt to db695f35 
Dealt to e4dede9 
db695f35: folds
e4dede9: raises $0.15 to $0.25
Hero: folds
9abe04b4: folds
Uncalled bet ($0.15) returned to e4dede9
*** SHOWDOWN ***
e4dede9 collected $0.25 from pot
*** SUMMARY ***
Total pot $0.25 | Rake $0 | Jackpot $0 | Bingo $0 | Fortune $0 | Tax $0
Seat 2: Hero (small blind) folded before Flop
Seat 3: 9abe04b4 (big blind) folded before Flop
Seat 4: db695f35 folded before Flop (didn't bet)
Seat 5: e4dede9 (button) collected ($0.25)


Poker Hand #HD1787291561: Hold'em No Limit ($0.05/$0.1) - 2024/05/25 17:01:52
Table 'NLHRed73' 6-max Seat #4 is the button
Seat 2: Hero ($10 in chips)
Seat 3: 9abe04b4 ($10.15 in chips)
Seat 4: db695f35 ($4.51 in chips)
Seat 5: e4dede9 ($10.72 in chips)
e4dede9: posts small blind $0.05
Hero: posts big blind $0.1
*** HOLE CARDS ***
Dealt to Hero [3d Ah]
Dealt to 9abe04b4 
Dealt to db695f35 
Dealt to e4dede9 
9abe04b4: folds
db695f35: folds
e4dede9: calls $0.05
Hero: checks
*** FLOP *** [3s Kd 9c]
e4dede9: checks
Hero: checks
*** TURN *** [3s Kd 9c] [7h]
e4dede9: bets $0.12
Hero: folds
Uncalled bet ($0.12) returned to e4dede9
*** SHOWDOWN ***
e4dede9 collected $0.19 from pot
*** SUMMARY ***
Total pot $0.2 | Rake $0.01 | Jackpot $0 | Bingo $0 | Fortune $0 | Tax $0
Board [3s Kd 9c 7h]
Seat 2: Hero (big blind) folded on the Turn
Seat 3: 9abe04b4 folded before Flop (didn't bet)
Seat 4: db695f35 (button) folded before Flop (didn't bet)
Seat 5: e4dede9 (small blind) won ($0.19)


Poker Hand #HD1787291510: Hold'em No Limit ($0.05/$0.1) - 2024/05/25 17:01:06
Table 'NLHRed73' 6-max Seat #3 is the button
Seat 1: c48ed5eb ($26.8 in chips)
Seat 2: Hero ($10 in chips)
Seat 3: 9abe04b4 ($10.15 in chips)
Seat 4: db695f35 ($4.56 in chips)
Seat 5: e4dede9 ($10.97 in chips)
Seat 6: fe8885f5 ($10 in chips)
db695f35: posts small blind $0.05
e4dede9: posts big blind $0.1
*** HOLE CARDS ***
Dealt to c48ed5eb 
Dealt to Hero [4c 8c]
Dealt to 9abe04b4 
Dealt to db695f35 
Dealt to e4dede9 
Dealt to fe8885f5 
fe8885f5: raises $0.15 to $0.25
c48ed5eb: folds
Hero: folds
9abe04b4: folds
db695f35: folds
e4dede9: calls $0.15
*** FLOP *** [5h 6h Kd]
e4dede9: checks
fe8885f5: bets $0.25
e4dede9: folds
Uncalled bet ($0.25) returned to fe8885f5
*** SHOWDOWN ***
fe8885f5 collected $0.53 from pot
*** SUMMARY ***
Total pot $0.55 | Rake $0.02 | Jackpot $0 | Bingo $0 | Fortune $0 | Tax $0
Board [5h 6h Kd]
Seat 1: c48ed5eb folded before Flop (didn't bet)
Seat 2: Hero folded before Flop (didn't bet)
Seat 3: 9abe04b4 (button) folded before Flop (didn't bet)
Seat 4: db695f35 (small blind) folded before Flop
Seat 5: e4dede9 (big blind) folded on the Flop
Seat 6: fe8885f5 won ($0.53)


Poker Hand #HD1787291483: Hold'em No Limit ($0.05/$0.1) - 2024/05/25 17:00:38
Table 'NLHRed73' 6-max Seat #2 is the button
Seat 1: c48ed5eb ($26.8 in chips)
Seat 2: Hero ($10 in chips)
Seat 3: 9abe04b4 ($10.05 in chips)
Seat 4: db695f35 ($4.66 in chips)
Seat 5: e4dede9 ($10.97 in chips)
Seat 6: fe8885f5 ($10 in chips)
9abe04b4: posts small blind $0.05
db695f35: posts big blind $0.1
*** HOLE CARDS ***
Dealt to c48ed5eb 
Dealt to Hero [6c 7d]
Dealt to 9abe04b4 
Dealt to db695f35 
Dealt to e4dede9 
Dealt to fe8885f5 
e4dede9: folds
fe8885f5: folds
c48ed5eb: folds
Hero: folds
9abe04b4: raises $0.2 to $0.3
db695f35: folds
Uncalled bet ($0.2) returned to 9abe04b4
*** SHOWDOWN ***
9abe04b4 collected $0.2 from pot
*** SUMMARY ***
Total pot $0.2 | Rake $0 | Jackpot $0 | Bingo $0 | Fortune $0 | Tax $0
Seat 1: c48ed5eb folded before Flop (didn't bet)
Seat 2: Hero (button) folded before Flop (didn't bet)
Seat 3: 9abe04b4 (small blind) collected ($0.2)
Seat 4: db695f35 (big blind) folded before Flop
Seat 5: e4dede9 folded before Flop (didn't bet)
Seat 6: fe8885f5 folded before Flop (didn't bet)


Poker Hand #HD1787291430: Hold'em No Limit ($0.05/$0.1) - 2024/05/25 16:59:48
Table 'NLHRed73' 6-max Seat #1 is the button
Seat 1: c48ed5eb ($25.29 in chips)
Seat 2: Hero ($10 in chips)
Seat 3: 9abe04b4 ($10.15 in chips)
Seat 4: db695f35 ($4.86 in chips)
Seat 5: e4dede9 ($10.97 in chips)
Seat 6: fe8885f5 ($10.63 in chips)
Hero: posts small blind $0.05
9abe04b4: posts big blind $0.1
*** HOLE CARDS ***
Dealt to c48ed5eb 
Dealt to Hero [9s 2s]
Dealt to 9abe04b4 
Dealt to db695f35 
Dealt to e4dede9 
Dealt to fe8885f5 
db695f35: raises $0.1 to $0.2
e4dede9: folds
fe8885f5: raises $0.3 to $0.5
c48ed5eb: raises $0.8 to $1.3
Hero: folds
9abe04b4: folds
db695f35: folds
fe8885f5: calls $0.8
*** FLOP *** [7h Qc 7c]
fe8885f5: checks
c48ed5eb: bets $1.7
fe8885f5: folds
Uncalled bet ($1.7) returned to c48ed5eb
*** SHOWDOWN ***
c48ed5eb collected $2.81 from pot
*** SUMMARY ***
Total pot $2.95 | Rake $0.14 | Jackpot $0 | Bingo $0 | Fortune $0 | Tax $0
Board [7h Qc 7c]
Seat 1: c48ed5eb (button) won ($2.81)
Seat 2: Hero (small blind) folded before Flop
Seat 3: 9abe04b4 (big blind) folded before Flop
Seat 4: db695f35 folded before Flop
Seat 5: e4dede9 folded before Flop (didn't bet)
Seat 6: fe8885f5 folded on the Flop


Poker Hand #HD1787291246: Hold'em No Limit ($0.05/$0.1) - 2024/05/25 16:56:54
Table 'NLHRed73' 6-max Seat #6 is the button
Seat 1: c48ed5eb ($21.54 in chips)
Seat 2: Hero ($10 in chips)
Seat 3: 9abe04b4 ($10.15 in chips)
Seat 4: db695f35 ($4.86 in chips)
Seat 5: e4dede9 ($10.97 in chips)
Seat 6: fe8885f5 ($10.88 in chips)
c48ed5eb: posts small blind $0.05
Hero: posts big blind $0.1
*** HOLE CARDS ***
Dealt to c48ed5eb 
Dealt to Hero [Qs Qh]
Dealt to 9abe04b4 
Dealt to db695f35 
Dealt to e4dede9 
Dealt to fe8885f5 
9abe04b4: folds
db695f35: folds
e4dede9: folds
fe8885f5: raises $0.15 to $0.25
c48ed5eb: raises $0.75 to $1
Hero: raises $1.4 to $2.4
fe8885f5: folds
c48ed5eb: calls $1.4
*** FLOP *** [Th 3h 8c]
c48ed5eb: checks
Hero: bets $1.6
c48ed5eb: calls $1.6
*** TURN *** [Th 3h 8c] [Js]
c48ed5eb: checks
Hero: checks
*** RIVER *** [Th 3h 8c Js] [3s]
c48ed5eb: checks
Hero: checks
c48ed5eb: shows [Jh Jc] (Jacks Full over Treys)
Hero: shows [Qs Qh] (Pair of Queens and Pair of Treys)
*** SHOWDOWN ***
c48ed5eb collected $7.75 from pot
*** SUMMARY ***
Total pot $8.25 | Rake $0.4 | Jackpot $0.1 | Bingo $0 | Fortune $0 | Tax $0
Board [Th 3h 8c Js 3s]
Seat 1: c48ed5eb (small blind) showed [Jh Jc] and won ($7.75) with Jacks Full over Treys
Seat 2: Hero (big blind) showed [Qs Qh] and lost with Pair of Queens and Pair of Treys
Seat 3: 9abe04b4 folded before Flop (didn't bet)
Seat 4: db695f35 folded before Flop (didn't bet)
Seat 5: e4dede9 folded before Flop (didn't bet)
Seat 6: fe8885f5 (button) folded before Flop


