Poker Hand #HD1846914035: Hold'em No Limit ($0.05/$0.1) - 2024/07/07 16:16:47
Table 'NLHRed39' 6-max Seat #2 is the button
Seat 2: 7812671d ($11.14 in chips)
Seat 3: 5441d96e ($10.92 in chips)
Seat 4: 1200ce90 ($13.42 in chips)
Seat 5: Hero ($10.53 in chips)
5441d96e: posts small blind $0.05
1200ce90: posts big blind $0.1
*** HOLE CARDS ***
Dealt to 7812671d 
Dealt to 5441d96e 
Dealt to 1200ce90 
Dealt to Hero [7d 4d]
Hero: folds
7812671d: raises $0.15 to $0.25
5441d96e: folds
1200ce90: folds
Uncalled bet ($0.15) returned to 7812671d
*** SHOWDOWN ***
7812671d collected $0.25 from pot
*** SUMMARY ***
Total pot $0.25 | Rake $0 | Jackpot $0 | Bingo $0 | Fortune $0 | Tax $0
Seat 2: 7812671d (button) collected ($0.25)
Seat 3: 5441d96e (small blind) folded before Flop
Seat 4: 1200ce90 (big blind) folded before Flop
Seat 5: Hero folded before Flop (didn't bet)


Poker Hand #HD1846913988: Hold'em No Limit ($0.05/$0.1) - 2024/07/07 16:16:23
Table 'NLHRed39' 6-max Seat #5 is the button
Seat 2: 7812671d ($11.09 in chips)
Seat 3: 5441d96e ($10.92 in chips)
Seat 4: 1200ce90 ($13.42 in chips)
Seat 5: Hero ($10.53 in chips)
Seat 6: d58de3e9 ($11.51 in chips)
d58de3e9: posts small blind $0.05
7812671d: posts big blind $0.1
*** HOLE CARDS ***
Dealt to 7812671d 
Dealt to 5441d96e 
Dealt to 1200ce90 
Dealt to Hero [2h Td]
Dealt to d58de3e9 
5441d96e: folds
1200ce90: folds
Hero: folds
d58de3e9: folds
Uncalled bet ($0.05) returned to 7812671d
*** SHOWDOWN ***
7812671d collected $0.1 from pot
*** SUMMARY ***
Total pot $0.1 | Rake $0 | Jackpot $0 | Bingo $0 | Fortune $0 | Tax $0
Seat 2: 7812671d (big blind) collected ($0.1)
Seat 3: 5441d96e folded before Flop (didn't bet)
Seat 4: 1200ce90 folded before Flop (didn't bet)
Seat 5: Hero (button) folded before Flop (didn't bet)
Seat 6: d58de3e9 (small blind) folded before Flop


Poker Hand #HD1846913957: Hold'em No Limit ($0.05/$0.1) - 2024/07/07 16:16:06
Table 'NLHRed39' 6-max Seat #4 is the button
Seat 1: 894f2173 ($13.01 in chips)
Seat 2: 7812671d ($11.09 in chips)
Seat 3: 5441d96e ($10.92 in chips)
Seat 4: 1200ce90 ($13.42 in chips)
Seat 5: Hero ($10.58 in chips)
Seat 6: d58de3e9 ($11.46 in chips)
Hero: posts small blind $0.05
d58de3e9: posts big blind $0.1
*** HOLE CARDS ***
Dealt to 894f2173 
Dealt to 7812671d 
Dealt to 5441d96e 
Dealt to 1200ce90 
Dealt to Hero [3d Kc]
Dealt to d58de3e9 
894f2173: folds
7812671d: folds
5441d96e: folds
1200ce90: folds
Hero: folds
Uncalled bet ($0.05) returned to d58de3e9
*** SHOWDOWN ***
d58de3e9 collected $0.1 from pot
*** SUMMARY ***
Total pot $0.1 | Rake $0 | Jackpot $0 | Bingo $0 | Fortune $0 | Tax $0
Seat 1: 894f2173 folded before Flop (didn't bet)
Seat 2: 7812671d folded before Flop (didn't bet)
Seat 3: 5441d96e folded before Flop (didn't bet)
Seat 4: 1200ce90 (button) folded before Flop (didn't bet)
Seat 5: Hero (small blind) folded before Flop
Seat 6: d58de3e9 (big blind) collected ($0.1)


Poker Hand #HD1846913835: Hold'em No Limit ($0.05/$0.1) - 2024/07/07 16:14:58
Table 'NLHRed39' 6-max Seat #3 is the button
Seat 1: 894f2173 ($13.01 in chips)
Seat 2: 7812671d ($11.09 in chips)
Seat 3: 5441d96e ($11.12 in chips)
Seat 4: 1200ce90 ($13.47 in chips)
Seat 5: Hero ($10.35 in chips)
Seat 6: d58de3e9 ($11.46 in chips)
1200ce90: posts small blind $0.05
Hero: posts big blind $0.1
*** HOLE CARDS ***
Dealt to 894f2173 
Dealt to 7812671d 
Dealt to 5441d96e 
Dealt to 1200ce90 
Dealt to Hero [Kh 7h]
Dealt to d58de3e9 
d58de3e9: folds
894f2173: folds
7812671d: folds
5441d96e: raises $0.1 to $0.2
1200ce90: folds
Hero: calls $0.1
*** FLOP *** [9d Qc Kc]
Hero: checks
5441d96e: checks
*** TURN *** [9d Qc Kc] [2h]
Hero: bets $0.2
5441d96e: folds
Uncalled bet ($0.2) returned to Hero
*** SHOWDOWN ***
Hero collected $0.43 from pot
*** SUMMARY ***
Total pot $0.45 | Rake $0.02 | Jackpot $0 | Bingo $0 | Fortune $0 | Tax $0
Board [9d Qc Kc 2h]
Seat 1: 894f2173 folded before Flop (didn't bet)
Seat 2: 7812671d folded before Flop (didn't bet)
Seat 3: 5441d96e (button) folded on the Turn
Seat 4: 1200ce90 (small blind) folded before Flop
Seat 5: Hero (big blind) won ($0.43)
Seat 6: d58de3e9 folded before Flop (didn't bet)


Poker Hand #HD1846913779: Hold'em No Limit ($0.05/$0.1) - 2024/07/07 16:14:28
Table 'NLHRed39' 6-max Seat #2 is the button
Seat 1: 894f2173 ($13.01 in chips)
Seat 2: 7812671d ($11.09 in chips)
Seat 3: 5441d96e ($11.17 in chips)
Seat 4: 1200ce90 ($13.57 in chips)
Seat 5: Hero ($10.35 in chips)
Seat 6: d58de3e9 ($11.31 in chips)
5441d96e: posts small blind $0.05
1200ce90: posts big blind $0.1
*** HOLE CARDS ***
Dealt to 894f2173 
Dealt to 7812671d 
Dealt to 5441d96e 
Dealt to 1200ce90 
Dealt to Hero [Ac 4d]
Dealt to d58de3e9 
Hero: folds
d58de3e9: raises $0.2 to $0.3
894f2173: folds
7812671d: folds
5441d96e: folds
1200ce90: folds
Uncalled bet ($0.2) returned to d58de3e9
*** SHOWDOWN ***
d58de3e9 collected $0.25 from pot
*** SUMMARY ***
Total pot $0.25 | Rake $0 | Jackpot $0 | Bingo $0 | Fortune $0 | Tax $0
Seat 1: 894f2173 folded before Flop (didn't bet)
Seat 2: 7812671d (button) folded before Flop (didn't bet)
Seat 3: 5441d96e (small blind) folded before Flop
Seat 4: 1200ce90 (big blind) folded before Flop
Seat 5: Hero folded before Flop (didn't bet)
Seat 6: d58de3e9 collected ($0.25)


Poker Hand #HD1846913542: Hold'em No Limit ($0.05/$0.1) - 2024/07/07 16:12:24
Table 'NLHRed39' 6-max Seat #4 is the button
Seat 1: 894f2173 ($11.3 in chips)
Seat 2: 7812671d ($10 in chips)
Seat 3: 5441d96e ($11.27 in chips)
Seat 4: 1200ce90 ($13.57 in chips)
Seat 5: Hero ($10.4 in chips)
Seat 6: d58de3e9 ($14.48 in chips)
Hero: posts small blind $0.05
d58de3e9: posts big blind $0.1
*** HOLE CARDS ***
Dealt to 894f2173 
Dealt to 7812671d 
Dealt to 5441d96e 
Dealt to 1200ce90 
Dealt to Hero [7d Qd]
Dealt to d58de3e9 
894f2173: calls $0.1
7812671d: raises $0.47 to $0.57
5441d96e: folds
1200ce90: folds
Hero: folds
d58de3e9: folds
894f2173: calls $0.47
*** FLOP *** [Jd 5d 3s]
894f2173: checks
7812671d: bets $0.43
894f2173: calls $0.43
*** TURN *** [Jd 5d 3s] [Kh]
894f2173: checks
7812671d: bets $1.62
894f2173: folds
Uncalled bet ($1.62) returned to 7812671d
*** SHOWDOWN ***
7812671d collected $2.05 from pot
*** SUMMARY ***
Total pot $2.15 | Rake $0.1 | Jackpot $0 | Bingo $0 | Fortune $0 | Tax $0
Board [Jd 5d 3s Kh]
Seat 1: 894f2173 folded on the Turn
Seat 2: 7812671d won ($2.05)
Seat 3: 5441d96e folded before Flop (didn't bet)
Seat 4: 1200ce90 (button) folded before Flop (didn't bet)
Seat 5: Hero (small blind) folded before Flop
Seat 6: d58de3e9 (big blind) folded before Flop


Poker Hand #HD1846913506: Hold'em No Limit ($0.05/$0.1) - 2024/07/07 16:12:05
Table 'NLHRed39' 6-max Seat #3 is the button
Seat 1: 894f2173 ($11.15 in chips)
Seat 2: 7812671d ($10 in chips)
Seat 3: 5441d96e ($11.27 in chips)
Seat 4: 1200ce90 ($13.62 in chips)
Seat 5: Hero ($10.5 in chips)
Seat 6: d58de3e9 ($14.48 in chips)
1200ce90: posts small blind $0.05
Hero: posts big blind $0.1
*** HOLE CARDS ***
Dealt to 894f2173 
Dealt to 7812671d 
Dealt to 5441d96e 
Dealt to 1200ce90 
Dealt to Hero [Tc 6c]
Dealt to d58de3e9 
d58de3e9: folds
894f2173: raises $0.2 to $0.3
7812671d: folds
5441d96e: folds
1200ce90: folds
Hero: folds
Uncalled bet ($0.2) returned to 894f2173
*** SHOWDOWN ***
894f2173 collected $0.25 from pot
*** SUMMARY ***
Total pot $0.25 | Rake $0 | Jackpot $0 | Bingo $0 | Fortune $0 | Tax $0
Seat 1: 894f2173 collected ($0.25)
Seat 2: 7812671d folded before Flop (didn't bet)
Seat 3: 5441d96e (button) folded before Flop (didn't bet)
Seat 4: 1200ce90 (small blind) folded before Flop
Seat 5: Hero (big blind) folded before Flop
Seat 6: d58de3e9 folded before Flop (didn't bet)


Poker Hand #HD1846913380: Hold'em No Limit ($0.05/$0.1) - 2024/07/07 16:10:59
Table 'NLHRed39' 6-max Seat #2 is the button
Seat 1: 894f2173 ($11.54 in chips)
Seat 2: 7812671d ($10 in chips)
Seat 3: 5441d96e ($11.32 in chips)
Seat 4: 1200ce90 ($13.72 in chips)
Seat 5: Hero ($10 in chips)
Seat 6: d58de3e9 ($14.48 in chips)
5441d96e: posts small blind $0.05
1200ce90: posts big blind $0.1
*** HOLE CARDS ***
Dealt to 894f2173 
Dealt to 7812671d 
Dealt to 5441d96e 
Dealt to 1200ce90 
Dealt to Hero [As Qd]
Dealt to d58de3e9 
Hero: raises $0.1 to $0.2
d58de3e9: folds
894f2173: calls $0.2
7812671d: folds
5441d96e: folds
1200ce90: folds
*** FLOP *** [3d 5d 8d]
Hero: bets $0.19
894f2173: calls $0.19
*** TURN *** [3d 5d 8d] [4d]
Hero: checks
894f2173: checks
*** RIVER *** [3d 5d 8d 4d] [Jh]
Hero: bets $0.5
894f2173: folds
Uncalled bet ($0.5) returned to Hero
*** SHOWDOWN ***
Hero collected $0.89 from pot
*** SUMMARY ***
Total pot $0.93 | Rake $0.04 | Jackpot $0 | Bingo $0 | Fortune $0 | Tax $0
Board [3d 5d 8d 4d Jh]
Seat 1: 894f2173 folded on the River
Seat 2: 7812671d (button) folded before Flop (didn't bet)
Seat 3: 5441d96e (small blind) folded before Flop
Seat 4: 1200ce90 (big blind) folded before Flop
Seat 5: Hero won ($0.89)
Seat 6: d58de3e9 folded before Flop (didn't bet)


Poker Hand #HD1846913339: Hold'em No Limit ($0.05/$0.1) - 2024/07/07 16:10:34
Table 'NLHRed39' 6-max Seat #1 is the button
Seat 1: 894f2173 ($11.84 in chips)
Seat 2: 7812671d ($10.55 in chips)
Seat 3: 5441d96e ($10 in chips)
Seat 4: 1200ce90 ($13.72 in chips)
Seat 5: Hero ($10 in chips)
Seat 6: d58de3e9 ($14.48 in chips)
7812671d: posts small blind $0.05
5441d96e: posts big blind $0.1
*** HOLE CARDS ***
Dealt to 894f2173 
Dealt to 7812671d 
Dealt to 5441d96e 
Dealt to 1200ce90 
Dealt to Hero [7s 4h]
Dealt to d58de3e9 
1200ce90: folds
Hero: folds
d58de3e9: folds
894f2173: raises $0.2 to $0.3
7812671d: raises $0.84 to $1.14
5441d96e: raises $1.31 to $2.45
894f2173: folds
7812671d: folds
Uncalled bet ($1.31) returned to 5441d96e
*** SHOWDOWN ***
5441d96e collected $2.46 from pot
*** SUMMARY ***
Total pot $2.58 | Rake $0.12 | Jackpot $0 | Bingo $0 | Fortune $0 | Tax $0
Seat 1: 894f2173 (button) folded before Flop
Seat 2: 7812671d (small blind) folded before Flop
Seat 3: 5441d96e (big blind) collected ($2.46)
Seat 4: 1200ce90 folded before Flop (didn't bet)
Seat 5: Hero folded before Flop (didn't bet)
Seat 6: d58de3e9 folded before Flop (didn't bet)


Poker Hand #HD1846913225: Hold'em No Limit ($0.05/$0.1) - 2024/07/07 16:09:30
Table 'NLHRed39' 6-max Seat #6 is the button
Seat 1: 894f2173 ($11.89 in chips)
Seat 2: 7812671d ($10.65 in chips)
Seat 3: 5441d96e ($10 in chips)
Seat 4: 1200ce90 ($12.76 in chips)
Seat 5: Hero ($10 in chips)
Seat 6: d58de3e9 ($14.48 in chips)
894f2173: posts small blind $0.05
7812671d: posts big blind $0.1
*** HOLE CARDS ***
Dealt to 894f2173 
Dealt to 7812671d 
Dealt to 5441d96e 
Dealt to 1200ce90 
Dealt to Hero [9c 7s]
Dealt to d58de3e9 
5441d96e: raises $0.1 to $0.2
1200ce90: raises $0.7 to $0.9
Hero: folds
d58de3e9: folds
894f2173: folds
7812671d: folds
5441d96e: calls $0.7
*** FLOP *** [2h 6s Td]
5441d96e: checks
1200ce90: bets $11.86 and is all-in
5441d96e: folds
Uncalled bet ($11.86) returned to 1200ce90
*** SHOWDOWN ***
1200ce90 collected $1.86 from pot
*** SUMMARY ***
Total pot $1.95 | Rake $0.09 | Jackpot $0 | Bingo $0 | Fortune $0 | Tax $0
Board [2h 6s Td]
Seat 1: 894f2173 (small blind) folded before Flop
Seat 2: 7812671d (big blind) folded before Flop
Seat 3: 5441d96e folded on the Flop
Seat 4: 1200ce90 won ($1.86)
Seat 5: Hero folded before Flop (didn't bet)
Seat 6: d58de3e9 (button) folded before Flop (didn't bet)


Poker Hand #HD1846913155: Hold'em No Limit ($0.05/$0.1) - 2024/07/07 16:08:50
Table 'NLHRed39' 6-max Seat #5 is the button
Seat 1: 894f2173 ($11.66 in chips)
Seat 2: 7812671d ($10.65 in chips)
Seat 3: 5441d96e ($10 in chips)
Seat 4: 1200ce90 ($12.76 in chips)
Seat 5: Hero ($10 in chips)
Seat 6: d58de3e9 ($14.53 in chips)
d58de3e9: posts small blind $0.05
894f2173: posts big blind $0.1
*** HOLE CARDS ***
Dealt to 894f2173 
Dealt to 7812671d 
Dealt to 5441d96e 
Dealt to 1200ce90 
Dealt to Hero [Qc 5d]
Dealt to d58de3e9 
7812671d: folds
5441d96e: raises $0.1 to $0.2
1200ce90: folds
Hero: folds
d58de3e9: folds
894f2173: calls $0.1
*** FLOP *** [4h Th 5s]
894f2173: checks
5441d96e: checks
*** TURN *** [4h Th 5s] [9c]
894f2173: checks
5441d96e: checks
*** RIVER *** [4h Th 5s 9c] [3c]
894f2173: checks
5441d96e: checks
894f2173: shows [7h 7c] (Pair of Sevens)
5441d96e: shows [Qs Ks] (King-High)
*** SHOWDOWN ***
894f2173 collected $0.43 from pot
*** SUMMARY ***
Total pot $0.45 | Rake $0.02 | Jackpot $0 | Bingo $0 | Fortune $0 | Tax $0
Board [4h Th 5s 9c 3c]
Seat 1: 894f2173 (big blind) showed [7h 7c] and won ($0.43) with Pair of Sevens
Seat 2: 7812671d folded before Flop (didn't bet)
Seat 3: 5441d96e showed [Qs Ks] and lost with King-High
Seat 4: 1200ce90 folded before Flop (didn't bet)
Seat 5: Hero (button) folded before Flop (didn't bet)
Seat 6: d58de3e9 (small blind) folded before Flop


Poker Hand #HD1846913097: Hold'em No Limit ($0.05/$0.1) - 2024/07/07 16:08:21
Table 'NLHRed39' 6-max Seat #4 is the button
Seat 1: 894f2173 ($11.66 in chips)
Seat 2: 7812671d ($10.65 in chips)
Seat 3: 5441d96e ($10 in chips)
Seat 4: 1200ce90 ($12.48 in chips)
Seat 5: Hero ($10 in chips)
Seat 6: d58de3e9 ($14.78 in chips)
Hero: posts small blind $0.05
d58de3e9: posts big blind $0.1
*** HOLE CARDS ***
Dealt to 894f2173 
Dealt to 7812671d 
Dealt to 5441d96e 
Dealt to 1200ce90 
Dealt to Hero [Jc Kh]
Dealt to d58de3e9 
894f2173: folds
7812671d: folds
5441d96e: folds
1200ce90: raises $0.15 to $0.25
Hero: folds
d58de3e9: calls $0.15
*** FLOP *** [Ah 3d Ad]
d58de3e9: checks
1200ce90: bets $0.17
d58de3e9: folds
Uncalled bet ($0.17) returned to 1200ce90
*** SHOWDOWN ***
1200ce90 collected $0.53 from pot
*** SUMMARY ***
Total pot $0.55 | Rake $0.02 | Jackpot $0 | Bingo $0 | Fortune $0 | Tax $0
Board [Ah 3d Ad]
Seat 1: 894f2173 folded before Flop (didn't bet)
Seat 2: 7812671d folded before Flop (didn't bet)
Seat 3: 5441d96e folded before Flop (didn't bet)
Seat 4: 1200ce90 (button) won ($0.53)
Seat 5: Hero (small blind) folded before Flop
Seat 6: d58de3e9 (big blind) folded on the Flop


Poker Hand #HD1846913071: Hold'em No Limit ($0.05/$0.1) - 2024/07/07 16:08:06
Table 'NLHRed39' 6-max Seat #3 is the button
Seat 1: 894f2173 ($11.51 in chips)
Seat 2: 7812671d ($10.65 in chips)
Seat 3: 5441d96e ($10 in chips)
Seat 4: 1200ce90 ($12.53 in chips)
Seat 5: Hero ($10 in chips)
Seat 6: d58de3e9 ($14.78 in chips)
1200ce90: posts small blind $0.05
Hero: posts big blind $0.1
*** HOLE CARDS ***
Dealt to 894f2173 
Dealt to 7812671d 
Dealt to 5441d96e 
Dealt to 1200ce90 
Dealt to Hero [5c 9h]
Dealt to d58de3e9 
d58de3e9: folds
894f2173: raises $0.3 to $0.4
7812671d: folds
5441d96e: folds
1200ce90: folds
Hero: folds
Uncalled bet ($0.3) returned to 894f2173
*** SHOWDOWN ***
894f2173 collected $0.25 from pot
*** SUMMARY ***
Total pot $0.25 | Rake $0 | Jackpot $0 | Bingo $0 | Fortune $0 | Tax $0
Seat 1: 894f2173 collected ($0.25)
Seat 2: 7812671d folded before Flop (didn't bet)
Seat 3: 5441d96e (button) folded before Flop (didn't bet)
Seat 4: 1200ce90 (small blind) folded before Flop
Seat 5: Hero (big blind) folded before Flop
Seat 6: d58de3e9 folded before Flop (didn't bet)


