Poker Hand #HD1808046147: Hold'em No Limit ($0.05/$0.1) - 2024/06/09 14:48:47
Table 'NLHRed66' 6-max Seat #6 is the button
Seat 1: Hero ($10.32 in chips)
Seat 2: d6876803 ($57.05 in chips)
Seat 3: 42af1ae0 ($8.38 in chips)
Seat 4: 1b38b6a2 ($9.68 in chips)
Seat 5: 5553eb9d ($10 in chips)
Seat 6: 72466a8e ($10 in chips)
Hero: posts small blind $0.05
d6876803: posts big blind $0.1
*** HOLE CARDS ***
Dealt to Hero [Ad 9s]
Dealt to d6876803 
Dealt to 42af1ae0 
Dealt to 1b38b6a2 
Dealt to 5553eb9d 
Dealt to 72466a8e 
42af1ae0: raises $0.15 to $0.25
1b38b6a2: folds
5553eb9d: folds
72466a8e: folds
Hero: folds
d6876803: folds
Uncalled bet ($0.15) returned to 42af1ae0
*** SHOWDOWN ***
42af1ae0 collected $0.25 from pot
*** SUMMARY ***
Total pot $0.25 | Rake $0 | Jackpot $0 | Bingo $0 | Fortune $0 | Tax $0
Seat 1: Hero (small blind) folded before Flop
Seat 2: d6876803 (big blind) folded before Flop
Seat 3: 42af1ae0 collected ($0.25)
Seat 4: 1b38b6a2 folded before Flop (didn't bet)
Seat 5: 5553eb9d folded before Flop (didn't bet)
Seat 6: 72466a8e (button) folded before Flop (didn't bet)


Poker Hand #HD1808046125: Hold'em No Limit ($0.05/$0.1) - 2024/06/09 14:48:35
Table 'NLHRed66' 6-max Seat #5 is the button
Seat 1: Hero ($10.27 in chips)
Seat 2: d6876803 ($57.05 in chips)
Seat 3: 42af1ae0 ($8.38 in chips)
Seat 4: 1b38b6a2 ($9.68 in chips)
Seat 5: 5553eb9d ($10 in chips)
Seat 6: 72466a8e ($10 in chips)
72466a8e: posts small blind $0.05
Hero: posts big blind $0.1
*** HOLE CARDS ***
Dealt to Hero [7h Tc]
Dealt to d6876803 
Dealt to 42af1ae0 
Dealt to 1b38b6a2 
Dealt to 5553eb9d 
Dealt to 72466a8e 
d6876803: folds
42af1ae0: folds
1b38b6a2: folds
5553eb9d: folds
72466a8e: folds
Uncalled bet ($0.05) returned to Hero
*** SHOWDOWN ***
Hero collected $0.1 from pot
*** SUMMARY ***
Total pot $0.1 | Rake $0 | Jackpot $0 | Bingo $0 | Fortune $0 | Tax $0
Seat 1: Hero (big blind) collected ($0.1)
Seat 2: d6876803 folded before Flop (didn't bet)
Seat 3: 42af1ae0 folded before Flop (didn't bet)
Seat 4: 1b38b6a2 folded before Flop (didn't bet)
Seat 5: 5553eb9d (button) folded before Flop (didn't bet)
Seat 6: 72466a8e (small blind) folded before Flop


Poker Hand #HD1808046100: Hold'em No Limit ($0.05/$0.1) - 2024/06/09 14:48:19
Table 'NLHRed66' 6-max Seat #4 is the button
Seat 1: Hero ($10.27 in chips)
Seat 2: d6876803 ($56.9 in chips)
Seat 3: 42af1ae0 ($8.38 in chips)
Seat 4: 1b38b6a2 ($9.68 in chips)
Seat 5: 5553eb9d ($10 in chips)
Seat 6: 72466a8e ($10.08 in chips)
5553eb9d: posts small blind $0.05
72466a8e: posts big blind $0.1
*** HOLE CARDS ***
Dealt to Hero [7h Ad]
Dealt to d6876803 
Dealt to 42af1ae0 
Dealt to 1b38b6a2 
Dealt to 5553eb9d 
Dealt to 72466a8e 
Hero: folds
d6876803: raises $0.15 to $0.25
42af1ae0: folds
1b38b6a2: folds
5553eb9d: folds
72466a8e: folds
Uncalled bet ($0.15) returned to d6876803
*** SHOWDOWN ***
d6876803 collected $0.25 from pot
*** SUMMARY ***
Total pot $0.25 | Rake $0 | Jackpot $0 | Bingo $0 | Fortune $0 | Tax $0
Seat 1: Hero folded before Flop (didn't bet)
Seat 2: d6876803 collected ($0.25)
Seat 3: 42af1ae0 folded before Flop (didn't bet)
Seat 4: 1b38b6a2 (button) folded before Flop (didn't bet)
Seat 5: 5553eb9d (small blind) folded before Flop
Seat 6: 72466a8e (big blind) folded before Flop


Poker Hand #HD1808046010: Hold'em No Limit ($0.05/$0.1) - 2024/06/09 14:47:19
Table 'NLHRed66' 6-max Seat #3 is the button
Seat 1: Hero ($10.27 in chips)
Seat 2: d6876803 ($57.53 in chips)
Seat 3: 42af1ae0 ($8.38 in chips)
Seat 4: 1b38b6a2 ($8.87 in chips)
Seat 5: 5553eb9d ($10.05 in chips)
Seat 6: 72466a8e ($10.08 in chips)
1b38b6a2: posts small blind $0.05
5553eb9d: posts big blind $0.1
*** HOLE CARDS ***
Dealt to Hero [2d Ks]
Dealt to d6876803 
Dealt to 42af1ae0 
Dealt to 1b38b6a2 
Dealt to 5553eb9d 
Dealt to 72466a8e 
72466a8e: folds
Hero: folds
d6876803: raises $0.15 to $0.25
42af1ae0: folds
1b38b6a2: calls $0.2
5553eb9d: calls $0.15
*** FLOP *** [Jc 5h 2s]
1b38b6a2: checks
5553eb9d: checks
d6876803: bets $0.38
1b38b6a2: calls $0.38
5553eb9d: folds
*** TURN *** [Jc 5h 2s] [9h]
1b38b6a2: checks
d6876803: checks
*** RIVER *** [Jc 5h 2s 9h] [7h]
1b38b6a2: bets $0.5
d6876803: folds
Uncalled bet ($0.5) returned to 1b38b6a2
*** SHOWDOWN ***
1b38b6a2 collected $1.44 from pot
*** SUMMARY ***
Total pot $1.51 | Rake $0.07 | Jackpot $0 | Bingo $0 | Fortune $0 | Tax $0
Board [Jc 5h 2s 9h 7h]
Seat 1: Hero folded before Flop (didn't bet)
Seat 2: d6876803 folded on the River
Seat 3: 42af1ae0 (button) folded before Flop (didn't bet)
Seat 4: 1b38b6a2 (small blind) won ($1.44)
Seat 5: 5553eb9d (big blind) folded on the Flop
Seat 6: 72466a8e folded before Flop (didn't bet)


Poker Hand #HD1808045975: Hold'em No Limit ($0.05/$0.1) - 2024/06/09 14:47:02
Table 'NLHRed66' 6-max Seat #2 is the button
Seat 1: Hero ($10.27 in chips)
Seat 2: d6876803 ($57.53 in chips)
Seat 3: 42af1ae0 ($8.28 in chips)
Seat 4: 1b38b6a2 ($8.97 in chips)
Seat 5: 5553eb9d ($10.05 in chips)
Seat 6: 72466a8e ($10.08 in chips)
42af1ae0: posts small blind $0.05
1b38b6a2: posts big blind $0.1
*** HOLE CARDS ***
Dealt to Hero [4d 5h]
Dealt to d6876803 
Dealt to 42af1ae0 
Dealt to 1b38b6a2 
Dealt to 5553eb9d 
Dealt to 72466a8e 
5553eb9d: folds
72466a8e: folds
Hero: folds
d6876803: folds
42af1ae0: raises $0.15 to $0.25
1b38b6a2: folds
Uncalled bet ($0.15) returned to 42af1ae0
*** SHOWDOWN ***
42af1ae0 collected $0.2 from pot
*** SUMMARY ***
Total pot $0.2 | Rake $0 | Jackpot $0 | Bingo $0 | Fortune $0 | Tax $0
Seat 1: Hero folded before Flop (didn't bet)
Seat 2: d6876803 (button) folded before Flop (didn't bet)
Seat 3: 42af1ae0 (small blind) collected ($0.2)
Seat 4: 1b38b6a2 (big blind) folded before Flop
Seat 5: 5553eb9d folded before Flop (didn't bet)
Seat 6: 72466a8e folded before Flop (didn't bet)


Poker Hand #HD1808045962: Hold'em No Limit ($0.05/$0.1) - 2024/06/09 14:46:53
Table 'NLHRed66' 6-max Seat #1 is the button
Seat 1: Hero ($10.27 in chips)
Seat 2: d6876803 ($57.58 in chips)
Seat 3: 42af1ae0 ($8.23 in chips)
Seat 4: 1b38b6a2 ($8.97 in chips)
Seat 5: 5553eb9d ($10.05 in chips)
Seat 6: 72466a8e ($10.08 in chips)
d6876803: posts small blind $0.05
42af1ae0: posts big blind $0.1
*** HOLE CARDS ***
Dealt to Hero [4c 9s]
Dealt to d6876803 
Dealt to 42af1ae0 
Dealt to 1b38b6a2 
Dealt to 5553eb9d 
Dealt to 72466a8e 
1b38b6a2: folds
5553eb9d: folds
72466a8e: folds
Hero: folds
d6876803: folds
Uncalled bet ($0.05) returned to 42af1ae0
*** SHOWDOWN ***
42af1ae0 collected $0.1 from pot
*** SUMMARY ***
Total pot $0.1 | Rake $0 | Jackpot $0 | Bingo $0 | Fortune $0 | Tax $0
Seat 1: Hero (button) folded before Flop (didn't bet)
Seat 2: d6876803 (small blind) folded before Flop
Seat 3: 42af1ae0 (big blind) collected ($0.1)
Seat 4: 1b38b6a2 folded before Flop (didn't bet)
Seat 5: 5553eb9d folded before Flop (didn't bet)
Seat 6: 72466a8e folded before Flop (didn't bet)


Poker Hand #HD1808045904: Hold'em No Limit ($0.05/$0.1) - 2024/06/09 14:46:18
Table 'NLHRed66' 6-max Seat #6 is the button
Seat 1: Hero ($10 in chips)
Seat 2: d6876803 ($57.88 in chips)
Seat 3: 42af1ae0 ($8.23 in chips)
Seat 4: 1b38b6a2 ($8.97 in chips)
Seat 5: 5553eb9d ($10.05 in chips)
Seat 6: 72466a8e ($10.08 in chips)
Hero: posts small blind $0.05
d6876803: posts big blind $0.1
*** HOLE CARDS ***
Dealt to Hero [Qc Kh]
Dealt to d6876803 
Dealt to 42af1ae0 
Dealt to 1b38b6a2 
Dealt to 5553eb9d 
Dealt to 72466a8e 
42af1ae0: folds
1b38b6a2: folds
5553eb9d: folds
72466a8e: folds
Hero: raises $0.2 to $0.3
d6876803: calls $0.2
*** FLOP *** [6s 7d 3c]
Hero: checks
d6876803: checks
*** TURN *** [6s 7d 3c] [7s]
Hero: checks
d6876803: checks
*** RIVER *** [6s 7d 3c 7s] [Jd]
Hero: checks
d6876803: checks
Hero: shows [Qc Kh] (Pair of Sevens)
d6876803: shows [Ts Ks] (Pair of Sevens)
*** SHOWDOWN ***
Hero collected $0.57 from pot
*** SUMMARY ***
Total pot $0.6 | Rake $0.03 | Jackpot $0 | Bingo $0 | Fortune $0 | Tax $0
Board [6s 7d 3c 7s Jd]
Seat 1: Hero (small blind) showed [Qc Kh] and won ($0.57) with Pair of Sevens
Seat 2: d6876803 (big blind) showed [Ts Ks] and lost with Pair of Sevens
Seat 3: 42af1ae0 folded before Flop (didn't bet)
Seat 4: 1b38b6a2 folded before Flop (didn't bet)
Seat 5: 5553eb9d folded before Flop (didn't bet)
Seat 6: 72466a8e (button) folded before Flop (didn't bet)


Poker Hand #HD1808045851: Hold'em No Limit ($0.05/$0.1) - 2024/06/09 14:45:47
Table 'NLHRed66' 6-max Seat #5 is the button
Seat 1: Hero ($10 in chips)
Seat 2: d6876803 ($57.51 in chips)
Seat 3: 42af1ae0 ($8.23 in chips)
Seat 4: 1b38b6a2 ($9.22 in chips)
Seat 5: 5553eb9d ($10.05 in chips)
Seat 6: 72466a8e ($10.13 in chips)
72466a8e: posts small blind $0.05
Hero: posts big blind $0.1
*** HOLE CARDS ***
Dealt to Hero [5c Jd]
Dealt to d6876803 
Dealt to 42af1ae0 
Dealt to 1b38b6a2 
Dealt to 5553eb9d 
Dealt to 72466a8e 
d6876803: raises $0.15 to $0.25
42af1ae0: folds
1b38b6a2: calls $0.25
5553eb9d: folds
72466a8e: folds
Hero: folds
*** FLOP *** [Td Kc 2s]
d6876803: checks
1b38b6a2: checks
*** TURN *** [Td Kc 2s] [Tc]
d6876803: bets $0.33
1b38b6a2: folds
Uncalled bet ($0.33) returned to d6876803
*** SHOWDOWN ***
d6876803 collected $0.62 from pot
*** SUMMARY ***
Total pot $0.65 | Rake $0.03 | Jackpot $0 | Bingo $0 | Fortune $0 | Tax $0
Board [Td Kc 2s Tc]
Seat 1: Hero (big blind) folded before Flop
Seat 2: d6876803 won ($0.62)
Seat 3: 42af1ae0 folded before Flop (didn't bet)
Seat 4: 1b38b6a2 folded on the Turn
Seat 5: 5553eb9d (button) folded before Flop (didn't bet)
Seat 6: 72466a8e (small blind) folded before Flop


Poker Hand #HD1808045716: Hold'em No Limit ($0.05/$0.1) - 2024/06/09 14:44:29
Table 'NLHRed66' 6-max Seat #4 is the button
Seat 1: Hero ($10 in chips)
Seat 2: d6876803 ($57.51 in chips)
Seat 3: 42af1ae0 ($8.77 in chips)
Seat 4: 1b38b6a2 ($8.4 in chips)
Seat 5: 5553eb9d ($10.3 in chips)
Seat 6: 72466a8e ($10.23 in chips)
5553eb9d: posts small blind $0.05
72466a8e: posts big blind $0.1
*** HOLE CARDS ***
Dealt to Hero [6d Ks]
Dealt to d6876803 
Dealt to 42af1ae0 
Dealt to 1b38b6a2 
Dealt to 5553eb9d 
Dealt to 72466a8e 
Hero: folds
d6876803: folds
42af1ae0: raises $0.15 to $0.25
1b38b6a2: calls $0.25
5553eb9d: calls $0.2
72466a8e: folds
*** FLOP *** [4h 5s Jc]
5553eb9d: checks
42af1ae0: checks
1b38b6a2: checks
*** TURN *** [4h 5s Jc] [8c]
5553eb9d: checks
42af1ae0: bets $0.29
1b38b6a2: calls $0.29
5553eb9d: folds
*** RIVER *** [4h 5s Jc 8c] [Jh]
42af1ae0: checks
1b38b6a2: checks
42af1ae0: shows [Kh As] (Pair of Jacks)
1b38b6a2: shows [Tc 5c] (Pair of Jacks and Pair of Fives)
*** SHOWDOWN ***
1b38b6a2 collected $1.36 from pot
*** SUMMARY ***
Total pot $1.43 | Rake $0.07 | Jackpot $0 | Bingo $0 | Fortune $0 | Tax $0
Board [4h 5s Jc 8c Jh]
Seat 1: Hero folded before Flop (didn't bet)
Seat 2: d6876803 folded before Flop (didn't bet)
Seat 3: 42af1ae0 showed [Kh As] and lost with Pair of Jacks
Seat 4: 1b38b6a2 (button) showed [Tc 5c] and won ($1.36) with Pair of Jacks and Pair of Fives
Seat 5: 5553eb9d (small blind) folded on the Turn
Seat 6: 72466a8e (big blind) folded before Flop


Poker Hand #HD1808045652: Hold'em No Limit ($0.05/$0.1) - 2024/06/09 14:43:52
Table 'NLHRed66' 6-max Seat #3 is the button
Seat 1: Hero ($10 in chips)
Seat 2: d6876803 ($57.51 in chips)
Seat 3: 42af1ae0 ($8.77 in chips)
Seat 4: 1b38b6a2 ($8.73 in chips)
Seat 5: 5553eb9d ($10 in chips)
Seat 6: 72466a8e ($10.23 in chips)
1b38b6a2: posts small blind $0.05
5553eb9d: posts big blind $0.1
*** HOLE CARDS ***
Dealt to Hero [Kc 9d]
Dealt to d6876803 
Dealt to 42af1ae0 
Dealt to 1b38b6a2 
Dealt to 5553eb9d 
Dealt to 72466a8e 
72466a8e: folds
Hero: folds
d6876803: folds
42af1ae0: folds
1b38b6a2: calls $0.05
5553eb9d: raises $0.23 to $0.33
1b38b6a2: calls $0.23
*** FLOP *** [3d Ts Ah]
1b38b6a2: checks
5553eb9d: bets $0.3
1b38b6a2: folds
Uncalled bet ($0.3) returned to 5553eb9d
*** SHOWDOWN ***
5553eb9d collected $0.63 from pot
*** SUMMARY ***
Total pot $0.66 | Rake $0.03 | Jackpot $0 | Bingo $0 | Fortune $0 | Tax $0
Board [3d Ts Ah]
Seat 1: Hero folded before Flop (didn't bet)
Seat 2: d6876803 folded before Flop (didn't bet)
Seat 3: 42af1ae0 (button) folded before Flop (didn't bet)
Seat 4: 1b38b6a2 (small blind) folded on the Flop
Seat 5: 5553eb9d (big blind) won ($0.63)
Seat 6: 72466a8e folded before Flop (didn't bet)


Poker Hand #HD1807955626: Hold'em No Limit ($0.05/$0.1) - 2024/06/09 14:43:40
Table 'NLHRed66' 6-max Seat #2 is the button
Seat 1: Hero ($10 in chips)
Seat 2: d6876803 ($57.51 in chips)
Seat 3: 42af1ae0 ($8.67 in chips)
Seat 4: 1b38b6a2 ($8.83 in chips)
Seat 6: 72466a8e ($10.23 in chips)
42af1ae0: posts small blind $0.05
1b38b6a2: posts big blind $0.1
*** HOLE CARDS ***
Dealt to Hero [9c Td]
Dealt to d6876803 
Dealt to 42af1ae0 
Dealt to 1b38b6a2 
Dealt to 72466a8e 
72466a8e: folds
Hero: folds
d6876803: folds
42af1ae0: raises $0.15 to $0.25
1b38b6a2: folds
Uncalled bet ($0.15) returned to 42af1ae0
*** SHOWDOWN ***
42af1ae0 collected $0.2 from pot
*** SUMMARY ***
Total pot $0.2 | Rake $0 | Jackpot $0 | Bingo $0 | Fortune $0 | Tax $0
Seat 1: Hero folded before Flop (didn't bet)
Seat 2: d6876803 (button) folded before Flop (didn't bet)
Seat 3: 42af1ae0 (small blind) collected ($0.2)
Seat 4: 1b38b6a2 (big blind) folded before Flop
Seat 6: 72466a8e folded before Flop (didn't bet)


Poker Hand #HD1807955531: Hold'em No Limit ($0.05/$0.1) - 2024/06/09 14:42:47
Table 'NLHRed66' 6-max Seat #1 is the button
Seat 1: Hero ($10 in chips)
Seat 2: d6876803 ($56.38 in chips)
Seat 3: 42af1ae0 ($9.92 in chips)
Seat 4: 1b38b6a2 ($8.83 in chips)
Seat 6: 72466a8e ($10.23 in chips)
d6876803: posts small blind $0.05
42af1ae0: posts big blind $0.1
*** HOLE CARDS ***
Dealt to Hero [2s Qc]
Dealt to d6876803 
Dealt to 42af1ae0 
Dealt to 1b38b6a2 
Dealt to 72466a8e 
1b38b6a2: folds
72466a8e: folds
Hero: folds
d6876803: raises $0.15 to $0.25
42af1ae0: calls $0.15
*** FLOP *** [5d Qd 8c]
d6876803: checks
42af1ae0: bets $0.25
d6876803: calls $0.25
*** TURN *** [5d Qd 8c] [Js]
d6876803: checks
42af1ae0: bets $0.75
d6876803: raises $1.25 to $2
42af1ae0: folds
Uncalled bet ($1.25) returned to d6876803
*** SHOWDOWN ***
d6876803 collected $2.38 from pot
*** SUMMARY ***
Total pot $2.5 | Rake $0.12 | Jackpot $0 | Bingo $0 | Fortune $0 | Tax $0
Board [5d Qd 8c Js]
Seat 1: Hero (button) folded before Flop (didn't bet)
Seat 2: d6876803 (small blind) won ($2.38)
Seat 3: 42af1ae0 (big blind) folded on the Turn
Seat 4: 1b38b6a2 folded before Flop (didn't bet)
Seat 6: 72466a8e folded before Flop (didn't bet)


Poker Hand #HD1807955478: Hold'em No Limit ($0.05/$0.1) - 2024/06/09 14:42:15
Table 'NLHRed66' 6-max Seat #6 is the button
Seat 1: Hero ($10 in chips)
Seat 2: d6876803 ($56.88 in chips)
Seat 3: 42af1ae0 ($9.92 in chips)
Seat 4: 1b38b6a2 ($7.9 in chips)
Seat 6: 72466a8e ($10.23 in chips)
Hero: posts small blind $0.05
d6876803: posts big blind $0.1
*** HOLE CARDS ***
Dealt to Hero [Td Kd]
Dealt to d6876803 
Dealt to 42af1ae0 
Dealt to 1b38b6a2 
Dealt to 72466a8e 
42af1ae0: folds
1b38b6a2: calls $0.1
72466a8e: folds
Hero: raises $0.4 to $0.5
d6876803: calls $0.4
1b38b6a2: calls $0.4
*** FLOP *** [6s 7s 5s]
Hero: checks
d6876803: checks
1b38b6a2: bets $0.75
Hero: folds
d6876803: folds
Uncalled bet ($0.75) returned to 1b38b6a2
*** SHOWDOWN ***
1b38b6a2 collected $1.43 from pot
*** SUMMARY ***
Total pot $1.5 | Rake $0.07 | Jackpot $0 | Bingo $0 | Fortune $0 | Tax $0
Board [6s 7s 5s]
Seat 1: Hero (small blind) folded on the Flop
Seat 2: d6876803 (big blind) folded on the Flop
Seat 3: 42af1ae0 folded before Flop (didn't bet)
Seat 4: 1b38b6a2 won ($1.43)
Seat 6: 72466a8e (button) folded before Flop (didn't bet)


Poker Hand #HD1807955425: Hold'em No Limit ($0.05/$0.1) - 2024/06/09 14:41:47
Table 'NLHRed66' 6-max Seat #4 is the button
Seat 1: Hero ($10 in chips)
Seat 2: d6876803 ($56.88 in chips)
Seat 3: 42af1ae0 ($9.92 in chips)
Seat 4: 1b38b6a2 ($8.1 in chips)
Seat 5: d4e89476 ($6.59 in chips)
Seat 6: 72466a8e ($10 in chips)
d4e89476: posts small blind $0.05
72466a8e: posts big blind $0.1
*** HOLE CARDS ***
Dealt to Hero [Tc 4s]
Dealt to d6876803 
Dealt to 42af1ae0 
Dealt to 1b38b6a2 
Dealt to d4e89476 
Dealt to 72466a8e 
Hero: folds
d6876803: folds
42af1ae0: folds
1b38b6a2: raises $0.1 to $0.2
d4e89476: folds
72466a8e: raises $0.9 to $1.1
1b38b6a2: folds
Uncalled bet ($0.9) returned to 72466a8e
*** SHOWDOWN ***
72466a8e collected $0.43 from pot
*** SUMMARY ***
Total pot $0.45 | Rake $0.02 | Jackpot $0 | Bingo $0 | Fortune $0 | Tax $0
Seat 1: Hero folded before Flop (didn't bet)
Seat 2: d6876803 folded before Flop (didn't bet)
Seat 3: 42af1ae0 folded before Flop (didn't bet)
Seat 4: 1b38b6a2 (button) folded before Flop
Seat 5: d4e89476 (small blind) folded before Flop
Seat 6: 72466a8e (big blind) collected ($0.43)


Poker Hand #HD1807955338: Hold'em No Limit ($0.05/$0.1) - 2024/06/09 14:41:00
Table 'NLHRed66' 6-max Seat #3 is the button
Seat 1: Hero ($10 in chips)
Seat 2: d6876803 ($56.88 in chips)
Seat 3: 42af1ae0 ($9.19 in chips)
Seat 4: 1b38b6a2 ($8.8 in chips)
Seat 5: d4e89476 ($6.69 in chips)
Seat 6: 21df1687 ($10.5 in chips)
1b38b6a2: posts small blind $0.05
d4e89476: posts big blind $0.1
*** HOLE CARDS ***
Dealt to Hero [5c 8s]
Dealt to d6876803 
Dealt to 42af1ae0 
Dealt to 1b38b6a2 
Dealt to d4e89476 
Dealt to 21df1687 
21df1687: folds
Hero: folds
d6876803: folds
42af1ae0: raises $0.15 to $0.25
1b38b6a2: raises $0.15 to $0.4
d4e89476: folds
42af1ae0: calls $0.15
*** FLOP *** [Qc 8c Th]
1b38b6a2: bets $0.3
42af1ae0: calls $0.3
*** TURN *** [Qc 8c Th] [Jc]
1b38b6a2: checks
42af1ae0: bets $0.75
1b38b6a2: folds
Uncalled bet ($0.75) returned to 42af1ae0
*** SHOWDOWN ***
42af1ae0 collected $1.43 from pot
*** SUMMARY ***
Total pot $1.5 | Rake $0.07 | Jackpot $0 | Bingo $0 | Fortune $0 | Tax $0
Board [Qc 8c Th Jc]
Seat 1: Hero folded before Flop (didn't bet)
Seat 2: d6876803 folded before Flop (didn't bet)
Seat 3: 42af1ae0 (button) won ($1.43)
Seat 4: 1b38b6a2 (small blind) folded on the Turn
Seat 5: d4e89476 (big blind) folded before Flop
Seat 6: 21df1687 folded before Flop (didn't bet)


Poker Hand #HD1807955313: Hold'em No Limit ($0.05/$0.1) - 2024/06/09 14:40:43
Table 'NLHRed66' 6-max Seat #2 is the button
Seat 1: Hero ($10 in chips)
Seat 2: d6876803 ($56.73 in chips)
Seat 3: 42af1ae0 ($9.24 in chips)
Seat 4: 1b38b6a2 ($8.9 in chips)
Seat 5: d4e89476 ($6.69 in chips)
Seat 6: 21df1687 ($10.5 in chips)
42af1ae0: posts small blind $0.05
1b38b6a2: posts big blind $0.1
*** HOLE CARDS ***
Dealt to Hero [Jh 5s]
Dealt to d6876803 
Dealt to 42af1ae0 
Dealt to 1b38b6a2 
Dealt to d4e89476 
Dealt to 21df1687 
d4e89476: folds
21df1687: folds
Hero: folds
d6876803: raises $0.15 to $0.25
42af1ae0: folds
1b38b6a2: folds
Uncalled bet ($0.15) returned to d6876803
*** SHOWDOWN ***
d6876803 collected $0.25 from pot
*** SUMMARY ***
Total pot $0.25 | Rake $0 | Jackpot $0 | Bingo $0 | Fortune $0 | Tax $0
Seat 1: Hero folded before Flop (didn't bet)
Seat 2: d6876803 (button) collected ($0.25)
Seat 3: 42af1ae0 (small blind) folded before Flop
Seat 4: 1b38b6a2 (big blind) folded before Flop
Seat 5: d4e89476 folded before Flop (didn't bet)
Seat 6: 21df1687 folded before Flop (didn't bet)


Poker Hand #HD1807955256: Hold'em No Limit ($0.05/$0.1) - 2024/06/09 14:40:09
Table 'NLHRed66' 6-max Seat #1 is the button
Seat 1: Hero ($10 in chips)
Seat 2: d6876803 ($56.78 in chips)
Seat 3: 42af1ae0 ($8.97 in chips)
Seat 4: 1b38b6a2 ($8.9 in chips)
Seat 5: d4e89476 ($6.69 in chips)
Seat 6: 21df1687 ($10.5 in chips)
d6876803: posts small blind $0.05
42af1ae0: posts big blind $0.1
*** HOLE CARDS ***
Dealt to Hero [9s Qs]
Dealt to d6876803 
Dealt to 42af1ae0 
Dealt to 1b38b6a2 
Dealt to d4e89476 
Dealt to 21df1687 
1b38b6a2: folds
d4e89476: folds
21df1687: folds
Hero: raises $0.14 to $0.24
d6876803: folds
42af1ae0: calls $0.14
*** FLOP *** [4d 3c Tc]
42af1ae0: checks
Hero: checks
*** TURN *** [4d 3c Tc] [4c]
42af1ae0: bets $0.27
Hero: folds
Uncalled bet ($0.27) returned to 42af1ae0
*** SHOWDOWN ***
42af1ae0 collected $0.51 from pot
*** SUMMARY ***
Total pot $0.53 | Rake $0.02 | Jackpot $0 | Bingo $0 | Fortune $0 | Tax $0
Board [4d 3c Tc 4c]
Seat 1: Hero (button) folded on the Turn
Seat 2: d6876803 (small blind) folded before Flop
Seat 3: 42af1ae0 (big blind) won ($0.51)
Seat 4: 1b38b6a2 folded before Flop (didn't bet)
Seat 5: d4e89476 folded before Flop (didn't bet)
Seat 6: 21df1687 folded before Flop (didn't bet)


Poker Hand #HD1807955202: Hold'em No Limit ($0.05/$0.1) - 2024/06/09 14:39:39
Table 'NLHRed66' 6-max Seat #6 is the button
Seat 1: Hero ($10.03 in chips)
Seat 2: d6876803 ($57.21 in chips)
Seat 3: 42af1ae0 ($8.97 in chips)
Seat 4: 1b38b6a2 ($8.46 in chips)
Seat 5: d4e89476 ($6.69 in chips)
Seat 6: 21df1687 ($10.5 in chips)
Hero: posts small blind $0.05
d6876803: posts big blind $0.1
*** HOLE CARDS ***
Dealt to Hero [2c 9d]
Dealt to d6876803 
Dealt to 42af1ae0 
Dealt to 1b38b6a2 
Dealt to d4e89476 
Dealt to 21df1687 
42af1ae0: folds
1b38b6a2: raises $0.1 to $0.2
d4e89476: folds
21df1687: folds
Hero: folds
d6876803: calls $0.1
*** FLOP *** [Kd As Tc]
d6876803: checks
1b38b6a2: checks
*** TURN *** [Kd As Tc] [Ts]
d6876803: bets $0.23
1b38b6a2: raises $0.23 to $0.46
d6876803: folds
Uncalled bet ($0.23) returned to 1b38b6a2
*** SHOWDOWN ***
1b38b6a2 collected $0.87 from pot
*** SUMMARY ***
Total pot $0.91 | Rake $0.04 | Jackpot $0 | Bingo $0 | Fortune $0 | Tax $0
Board [Kd As Tc Ts]
Seat 1: Hero (small blind) folded before Flop
Seat 2: d6876803 (big blind) folded on the Turn
Seat 3: 42af1ae0 folded before Flop (didn't bet)
Seat 4: 1b38b6a2 won ($0.87)
Seat 5: d4e89476 folded before Flop (didn't bet)
Seat 6: 21df1687 (button) folded before Flop (didn't bet)


Poker Hand #HD1807955102: Hold'em No Limit ($0.05/$0.1) - 2024/06/09 14:38:38
Table 'NLHRed66' 6-max Seat #5 is the button
Seat 1: Hero ($10.13 in chips)
Seat 2: d6876803 ($57.66 in chips)
Seat 3: 42af1ae0 ($8.97 in chips)
Seat 4: 1b38b6a2 ($8.46 in chips)
Seat 5: d4e89476 ($6.69 in chips)
Seat 6: 21df1687 ($10 in chips)
21df1687: posts small blind $0.05
Hero: posts big blind $0.1
*** HOLE CARDS ***
Dealt to Hero [2s Ac]
Dealt to d6876803 
Dealt to 42af1ae0 
Dealt to 1b38b6a2 
Dealt to d4e89476 
Dealt to 21df1687 
d6876803: raises $0.15 to $0.25
42af1ae0: folds
1b38b6a2: folds
d4e89476: folds
21df1687: calls $0.2
Hero: folds
*** FLOP *** [Kc Js Kd]
21df1687: checks
d6876803: bets $0.2
21df1687: raises $0.35 to $0.55
d6876803: folds
Uncalled bet ($0.35) returned to 21df1687
21df1687: shows [As 3s] (Pair of Kings)
*** SHOWDOWN ***
21df1687 collected $0.95 from pot
*** SUMMARY ***
Total pot $1 | Rake $0.05 | Jackpot $0 | Bingo $0 | Fortune $0 | Tax $0
Board [Kc Js Kd]
Seat 1: Hero (big blind) folded before Flop
Seat 2: d6876803 folded on the Flop
Seat 3: 42af1ae0 folded before Flop (didn't bet)
Seat 4: 1b38b6a2 folded before Flop (didn't bet)
Seat 5: d4e89476 (button) folded before Flop (didn't bet)
Seat 6: 21df1687 (small blind) showed [As 3s] and won ($0.95)


Poker Hand #HD1807955030: Hold'em No Limit ($0.05/$0.1) - 2024/06/09 14:37:48
Table 'NLHRed66' 6-max Seat #4 is the button
Seat 1: Hero ($10.13 in chips)
Seat 2: d6876803 ($57.66 in chips)
Seat 3: 42af1ae0 ($8.97 in chips)
Seat 4: 1b38b6a2 ($8.18 in chips)
Seat 5: d4e89476 ($6.79 in chips)
Seat 6: 21df1687 ($10 in chips)
d4e89476: posts small blind $0.05
21df1687: posts big blind $0.1
*** HOLE CARDS ***
Dealt to Hero [4s 9d]
Dealt to d6876803 
Dealt to 42af1ae0 
Dealt to 1b38b6a2 
Dealt to d4e89476 
Dealt to 21df1687 
Hero: folds
d6876803: folds
42af1ae0: folds
1b38b6a2: calls $0.1
d4e89476: calls $0.05
21df1687: checks
*** FLOP *** [5c Kd 6h]
d4e89476: checks
21df1687: checks
1b38b6a2: bets $0.1
d4e89476: folds
21df1687: calls $0.1
*** TURN *** [5c Kd 6h] [8c]
21df1687: checks
1b38b6a2: checks
*** RIVER *** [5c Kd 6h 8c] [7s]
21df1687: checks
1b38b6a2: bets $0.25
21df1687: folds
Uncalled bet ($0.25) returned to 1b38b6a2
*** SHOWDOWN ***
1b38b6a2 collected $0.48 from pot
*** SUMMARY ***
Total pot $0.5 | Rake $0.02 | Jackpot $0 | Bingo $0 | Fortune $0 | Tax $0
Board [5c Kd 6h 8c 7s]
Seat 1: Hero folded before Flop (didn't bet)
Seat 2: d6876803 folded before Flop (didn't bet)
Seat 3: 42af1ae0 folded before Flop (didn't bet)
Seat 4: 1b38b6a2 (button) won ($0.48)
Seat 5: d4e89476 (small blind) folded on the Flop
Seat 6: 21df1687 (big blind) folded on the River


Poker Hand #HD1807955003: Hold'em No Limit ($0.05/$0.1) - 2024/06/09 14:37:35
Table 'NLHRed66' 6-max Seat #3 is the button
Seat 1: Hero ($10.13 in chips)
Seat 2: d6876803 ($57.51 in chips)
Seat 3: 42af1ae0 ($8.97 in chips)
Seat 4: 1b38b6a2 ($8.23 in chips)
Seat 5: d4e89476 ($6.89 in chips)
Seat 6: 21df1687 ($10 in chips)
1b38b6a2: posts small blind $0.05
d4e89476: posts big blind $0.1
*** HOLE CARDS ***
Dealt to Hero [Ac 8h]
Dealt to d6876803 
Dealt to 42af1ae0 
Dealt to 1b38b6a2 
Dealt to d4e89476 
Dealt to 21df1687 
21df1687: folds
Hero: folds
d6876803: raises $0.15 to $0.25
42af1ae0: folds
1b38b6a2: folds
d4e89476: folds
Uncalled bet ($0.15) returned to d6876803
*** SHOWDOWN ***
d6876803 collected $0.25 from pot
*** SUMMARY ***
Total pot $0.25 | Rake $0 | Jackpot $0 | Bingo $0 | Fortune $0 | Tax $0
Seat 1: Hero folded before Flop (didn't bet)
Seat 2: d6876803 collected ($0.25)
Seat 3: 42af1ae0 (button) folded before Flop (didn't bet)
Seat 4: 1b38b6a2 (small blind) folded before Flop
Seat 5: d4e89476 (big blind) folded before Flop
Seat 6: 21df1687 folded before Flop (didn't bet)


Poker Hand #HD1807954865: Hold'em No Limit ($0.05/$0.1) - 2024/06/09 14:36:13
Table 'NLHRed66' 6-max Seat #2 is the button
Seat 1: Hero ($10.13 in chips)
Seat 2: d6876803 ($57.76 in chips)
Seat 3: 42af1ae0 ($9.22 in chips)
Seat 4: 1b38b6a2 ($8.46 in chips)
Seat 5: d4e89476 ($6.89 in chips)
Seat 6: 21df1687 ($10 in chips)
42af1ae0: posts small blind $0.05
1b38b6a2: posts big blind $0.1
*** HOLE CARDS ***
Dealt to Hero [5d 8h]
Dealt to d6876803 
Dealt to 42af1ae0 
Dealt to 1b38b6a2 
Dealt to d4e89476 
Dealt to 21df1687 
d4e89476: folds
21df1687: raises $0.15 to $0.25
Hero: folds
d6876803: calls $0.25
42af1ae0: calls $0.2
1b38b6a2: calls $0.15
*** FLOP *** [2c Qd 6d]
42af1ae0: checks
1b38b6a2: checks
21df1687: checks
d6876803: checks
*** TURN *** [2c Qd 6d] [Js]
42af1ae0: checks
1b38b6a2: bets $0.33
21df1687: calls $0.33
d6876803: folds
42af1ae0: folds
*** RIVER *** [2c Qd 6d Js] [9c]
1b38b6a2: bets $1.66
21df1687: raises $7.76 to $9.42 and is all-in
1b38b6a2: calls $6.22 and is all-in
Uncalled bet ($1.54) returned to 21df1687
21df1687: shows [Ts Kc] (Kings-High Straight)
1b38b6a2: shows [Tc Ks] (Kings-High Straight)
*** SHOWDOWN ***
1b38b6a2 collected $8.23 from pot
21df1687 collected $8.23 from pot
*** SUMMARY ***
Total pot $17.42 | Rake $0.86 | Jackpot $0.1 | Bingo $0 | Fortune $0 | Tax $0
Board [2c Qd 6d Js 9c]
Seat 1: Hero folded before Flop (didn't bet)
Seat 2: d6876803 (button) folded on the Turn
Seat 3: 42af1ae0 (small blind) folded on the Turn
Seat 4: 1b38b6a2 (big blind) showed [Tc Ks] and won ($8.23) with Kings-High Straight
Seat 5: d4e89476 folded before Flop (didn't bet)
Seat 6: 21df1687 showed [Ts Kc] and won ($8.23) with Kings-High Straight


Poker Hand #HD1807954761: Hold'em No Limit ($0.05/$0.1) - 2024/06/09 14:35:18
Table 'NLHRed66' 6-max Seat #1 is the button
Seat 1: Hero ($10.13 in chips)
Seat 2: d6876803 ($54.2 in chips)
Seat 3: 42af1ae0 ($9.32 in chips)
Seat 4: 1b38b6a2 ($8.46 in chips)
Seat 5: d4e89476 ($6.89 in chips)
Seat 6: 21df1687 ($10.77 in chips)
d6876803: posts small blind $0.05
42af1ae0: posts big blind $0.1
*** HOLE CARDS ***
Dealt to Hero [5d Ks]
Dealt to d6876803 
Dealt to 42af1ae0 
Dealt to 1b38b6a2 
Dealt to d4e89476 
Dealt to 21df1687 
1b38b6a2: folds
d4e89476: folds
21df1687: raises $0.15 to $0.25
Hero: folds
d6876803: raises $0.6 to $0.85
42af1ae0: folds
21df1687: calls $0.6
*** FLOP *** [8c Ah 4s]
d6876803: checks
21df1687: checks
*** TURN *** [8c Ah 4s] [9s]
d6876803: checks
21df1687: bets $0.7
d6876803: calls $0.7
*** RIVER *** [8c Ah 4s 9s] [8h]
d6876803: checks
21df1687: bets $2.4
d6876803: calls $2.4
21df1687: shows [Jh As] (Pair of Aces and Pair of Eights)
d6876803: shows [Kd Ac] (Pair of Aces and Pair of Eights)
*** SHOWDOWN ***
d6876803 collected $7.51 from pot
*** SUMMARY ***
Total pot $8 | Rake $0.39 | Jackpot $0.1 | Bingo $0 | Fortune $0 | Tax $0
Board [8c Ah 4s 9s 8h]
Seat 1: Hero (button) folded before Flop (didn't bet)
Seat 2: d6876803 (small blind) showed [Kd Ac] and won ($7.51) with Pair of Aces and Pair of Eights
Seat 3: 42af1ae0 (big blind) folded before Flop
Seat 4: 1b38b6a2 folded before Flop (didn't bet)
Seat 5: d4e89476 folded before Flop (didn't bet)
Seat 6: 21df1687 showed [Jh As] and lost with Pair of Aces and Pair of Eights


Poker Hand #HD1807954699: Hold'em No Limit ($0.05/$0.1) - 2024/06/09 14:34:50
Table 'NLHRed66' 6-max Seat #6 is the button
Seat 1: Hero ($10.18 in chips)
Seat 2: d6876803 ($54.5 in chips)
Seat 3: 42af1ae0 ($9.32 in chips)
Seat 4: 1b38b6a2 ($8.46 in chips)
Seat 5: d4e89476 ($6.89 in chips)
Seat 6: 21df1687 ($10.45 in chips)
Hero: posts small blind $0.05
d6876803: posts big blind $0.1
*** HOLE CARDS ***
Dealt to Hero [Tc 9s]
Dealt to d6876803 
Dealt to 42af1ae0 
Dealt to 1b38b6a2 
Dealt to d4e89476 
Dealt to 21df1687 
42af1ae0: folds
1b38b6a2: folds
d4e89476: folds
21df1687: raises $0.2 to $0.3
Hero: folds
d6876803: calls $0.2
*** FLOP *** [5c 7d 4s]
d6876803: checks
21df1687: checks
*** TURN *** [5c 7d 4s] [Kh]
d6876803: checks
21df1687: bets $0.3
d6876803: folds
Uncalled bet ($0.3) returned to 21df1687
*** SHOWDOWN ***
21df1687 collected $0.62 from pot
*** SUMMARY ***
Total pot $0.65 | Rake $0.03 | Jackpot $0 | Bingo $0 | Fortune $0 | Tax $0
Board [5c 7d 4s Kh]
Seat 1: Hero (small blind) folded before Flop
Seat 2: d6876803 (big blind) folded on the Turn
Seat 3: 42af1ae0 folded before Flop (didn't bet)
Seat 4: 1b38b6a2 folded before Flop (didn't bet)
Seat 5: d4e89476 folded before Flop (didn't bet)
Seat 6: 21df1687 (button) won ($0.62)


Poker Hand #HD1807954626: Hold'em No Limit ($0.05/$0.1) - 2024/06/09 14:34:05
Table 'NLHRed66' 6-max Seat #5 is the button
Seat 1: Hero ($10.68 in chips)
Seat 2: d6876803 ($54.5 in chips)
Seat 3: 42af1ae0 ($9.32 in chips)
Seat 5: d4e89476 ($6.89 in chips)
Seat 6: 21df1687 ($10 in chips)
21df1687: posts small blind $0.05
Hero: posts big blind $0.1
*** HOLE CARDS ***
Dealt to Hero [Jc Kh]
Dealt to d6876803 
Dealt to 42af1ae0 
Dealt to d4e89476 
Dealt to 21df1687 
d6876803: folds
42af1ae0: folds
d4e89476: folds
21df1687: raises $0.2 to $0.3
Hero: calls $0.2
*** FLOP *** [2s 8h 5d]
21df1687: bets $0.2
Hero: calls $0.2
*** TURN *** [2s 8h 5d] [4s]
21df1687: bets $0.75
Hero: folds
Uncalled bet ($0.75) returned to 21df1687
*** SHOWDOWN ***
21df1687 collected $0.95 from pot
*** SUMMARY ***
Total pot $1 | Rake $0.05 | Jackpot $0 | Bingo $0 | Fortune $0 | Tax $0
Board [2s 8h 5d 4s]
Seat 1: Hero (big blind) folded on the Turn
Seat 2: d6876803 folded before Flop (didn't bet)
Seat 3: 42af1ae0 folded before Flop (didn't bet)
Seat 5: d4e89476 (button) folded before Flop (didn't bet)
Seat 6: 21df1687 (small blind) won ($0.95)


Poker Hand #HD1807954492: Hold'em No Limit ($0.05/$0.1) - 2024/06/09 14:32:44
Table 'NLHRed66' 6-max Seat #4 is the button
Seat 1: Hero ($10.68 in chips)
Seat 2: d6876803 ($55.43 in chips)
Seat 3: 42af1ae0 ($11.21 in chips)
Seat 4: 1b38b6a2 ($8.46 in chips)
Seat 5: d4e89476 ($4.3 in chips)
Seat 6: 21df1687 ($10 in chips)
d4e89476: posts small blind $0.05
21df1687: posts big blind $0.1
*** HOLE CARDS ***
Dealt to Hero [4d 3h]
Dealt to d6876803 
Dealt to 42af1ae0 
Dealt to 1b38b6a2 
Dealt to d4e89476 
Dealt to 21df1687 
Hero: folds
d6876803: raises $0.15 to $0.25
42af1ae0: calls $0.25
1b38b6a2: folds
d4e89476: raises $0.68 to $0.93
21df1687: folds
d6876803: calls $0.68
42af1ae0: calls $0.68
*** FLOP *** [6s 7d Ad]
d4e89476: checks
d6876803: checks
42af1ae0: bets $0.96
d4e89476: raises $2.41 to $3.37 and is all-in
d6876803: folds
42af1ae0: folds
Uncalled bet ($2.41) returned to d4e89476
*** SHOWDOWN ***
d4e89476 collected $4.48 from pot
*** SUMMARY ***
Total pot $4.81 | Rake $0.23 | Jackpot $0.1 | Bingo $0 | Fortune $0 | Tax $0
Board [6s 7d Ad]
Seat 1: Hero folded before Flop (didn't bet)
Seat 2: d6876803 folded on the Flop
Seat 3: 42af1ae0 folded on the Flop
Seat 4: 1b38b6a2 (button) folded before Flop (didn't bet)
Seat 5: d4e89476 (small blind) won ($4.48)
Seat 6: 21df1687 (big blind) folded before Flop


Poker Hand #HD1807954348: Hold'em No Limit ($0.05/$0.1) - 2024/06/09 14:31:22
Table 'NLHRed66' 6-max Seat #3 is the button
Seat 1: Hero ($11.08 in chips)
Seat 2: d6876803 ($55.63 in chips)
Seat 3: 42af1ae0 ($10.23 in chips)
Seat 4: 1b38b6a2 ($8.51 in chips)
Seat 5: d4e89476 ($4.7 in chips)
Seat 6: 21df1687 ($10 in chips)
1b38b6a2: posts small blind $0.05
d4e89476: posts big blind $0.1
*** HOLE CARDS ***
Dealt to Hero [9d Jd]
Dealt to d6876803 
Dealt to 42af1ae0 
Dealt to 1b38b6a2 
Dealt to d4e89476 
Dealt to 21df1687 
21df1687: folds
Hero: raises $0.1 to $0.2
d6876803: calls $0.2
42af1ae0: calls $0.2
1b38b6a2: folds
d4e89476: calls $0.1
*** FLOP *** [Th 9s Tc]
d4e89476: checks
Hero: checks
d6876803: checks
42af1ae0: checks
*** TURN *** [Th 9s Tc] [Kc]
d4e89476: checks
Hero: bets $0.2
d6876803: folds
42af1ae0: calls $0.2
d4e89476: calls $0.2
*** RIVER *** [Th 9s Tc Kc] [7c]
d4e89476: checks
Hero: checks
42af1ae0: bets $1.45
d4e89476: folds
Hero: folds
Uncalled bet ($1.45) returned to 42af1ae0
*** SHOWDOWN ***
42af1ae0 collected $1.38 from pot
*** SUMMARY ***
Total pot $1.45 | Rake $0.07 | Jackpot $0 | Bingo $0 | Fortune $0 | Tax $0
Board [Th 9s Tc Kc 7c]
Seat 1: Hero folded on the River
Seat 2: d6876803 folded on the Turn
Seat 3: 42af1ae0 (button) won ($1.38)
Seat 4: 1b38b6a2 (small blind) folded before Flop
Seat 5: d4e89476 (big blind) folded on the River
Seat 6: 21df1687 folded before Flop (didn't bet)


Poker Hand #HD1807954302: Hold'em No Limit ($0.05/$0.1) - 2024/06/09 14:30:52
Table 'NLHRed66' 6-max Seat #2 is the button
Seat 1: Hero ($11.08 in chips)
Seat 2: d6876803 ($55.63 in chips)
Seat 3: 42af1ae0 ($10 in chips)
Seat 4: 1b38b6a2 ($8.76 in chips)
Seat 5: d4e89476 ($4.7 in chips)
Seat 6: 21df1687 ($10 in chips)
42af1ae0: posts small blind $0.05
1b38b6a2: posts big blind $0.1
*** HOLE CARDS ***
Dealt to Hero [7h 5d]
Dealt to d6876803 
Dealt to 42af1ae0 
Dealt to 1b38b6a2 
Dealt to d4e89476 
Dealt to 21df1687 
d4e89476: folds
21df1687: folds
Hero: folds
d6876803: folds
42af1ae0: raises $0.15 to $0.25
1b38b6a2: calls $0.15
*** FLOP *** [6c Th 6s]
42af1ae0: bets $0.17
1b38b6a2: folds
Uncalled bet ($0.17) returned to 42af1ae0
*** SHOWDOWN ***
42af1ae0 collected $0.48 from pot
*** SUMMARY ***
Total pot $0.5 | Rake $0.02 | Jackpot $0 | Bingo $0 | Fortune $0 | Tax $0
Board [6c Th 6s]
Seat 1: Hero folded before Flop (didn't bet)
Seat 2: d6876803 (button) folded before Flop (didn't bet)
Seat 3: 42af1ae0 (small blind) won ($0.48)
Seat 4: 1b38b6a2 (big blind) folded on the Flop
Seat 5: d4e89476 folded before Flop (didn't bet)
Seat 6: 21df1687 folded before Flop (didn't bet)


Poker Hand #HD1807954164: Hold'em No Limit ($0.05/$0.1) - 2024/06/09 14:29:29
Table 'NLHRed66' 6-max Seat #1 is the button
Seat 1: Hero ($11.38 in chips)
Seat 2: d6876803 ($55.93 in chips)
Seat 3: 42af1ae0 ($8.85 in chips)
Seat 4: 1b38b6a2 ($7.56 in chips)
Seat 5: d4e89476 ($4.7 in chips)
Seat 6: 21df1687 ($10 in chips)
d6876803: posts small blind $0.05
42af1ae0: posts big blind $0.1
*** HOLE CARDS ***
Dealt to Hero [Qd Kh]
Dealt to d6876803 
Dealt to 42af1ae0 
Dealt to 1b38b6a2 
Dealt to d4e89476 
Dealt to 21df1687 
1b38b6a2: calls $0.1
d4e89476: folds
21df1687: folds
Hero: raises $0.2 to $0.3
d6876803: calls $0.25
42af1ae0: calls $0.2
1b38b6a2: calls $0.2
*** FLOP *** [2s 4d As]
d6876803: checks
42af1ae0: checks
1b38b6a2: checks
Hero: checks
*** TURN *** [2s 4d As] [5h]
d6876803: checks
42af1ae0: checks
1b38b6a2: bets $0.4
Hero: folds
d6876803: folds
42af1ae0: calls $0.4
*** RIVER *** [2s 4d As 5h] [8c]
42af1ae0: checks
1b38b6a2: checks
42af1ae0: shows [Qs 6s] (Ace-High)
1b38b6a2: shows [4h Jh] (Pair of Fours)
*** SHOWDOWN ***
1b38b6a2 collected $1.9 from pot
*** SUMMARY ***
Total pot $2 | Rake $0.1 | Jackpot $0 | Bingo $0 | Fortune $0 | Tax $0
Board [2s 4d As 5h 8c]
Seat 1: Hero (button) folded on the Turn
Seat 2: d6876803 (small blind) folded on the Turn
Seat 3: 42af1ae0 (big blind) showed [Qs 6s] and lost with Ace-High
Seat 4: 1b38b6a2 showed [4h Jh] and won ($1.9) with Pair of Fours
Seat 5: d4e89476 folded before Flop (didn't bet)
Seat 6: 21df1687 folded before Flop (didn't bet)


Poker Hand #HD1807954098: Hold'em No Limit ($0.05/$0.1) - 2024/06/09 14:28:51
Table 'NLHRed66' 6-max Seat #6 is the button
Seat 1: Hero ($11.43 in chips)
Seat 2: d6876803 ($56.03 in chips)
Seat 3: 42af1ae0 ($8.85 in chips)
Seat 4: 1b38b6a2 ($8.01 in chips)
Seat 5: d4e89476 ($4.15 in chips)
Seat 6: 21df1687 ($10 in chips)
Hero: posts small blind $0.05
d6876803: posts big blind $0.1
*** HOLE CARDS ***
Dealt to Hero [6d 8s]
Dealt to d6876803 
Dealt to 42af1ae0 
Dealt to 1b38b6a2 
Dealt to d4e89476 
Dealt to 21df1687 
42af1ae0: folds
1b38b6a2: calls $0.1
d4e89476: raises $0.35 to $0.45
21df1687: folds
Hero: folds
d6876803: folds
1b38b6a2: calls $0.35
*** FLOP *** [4s 9h Qh]
1b38b6a2: checks
d4e89476: bets $0.84
1b38b6a2: folds
Uncalled bet ($0.84) returned to d4e89476
*** SHOWDOWN ***
d4e89476 collected $1 from pot
*** SUMMARY ***
Total pot $1.05 | Rake $0.05 | Jackpot $0 | Bingo $0 | Fortune $0 | Tax $0
Board [4s 9h Qh]
Seat 1: Hero (small blind) folded before Flop
Seat 2: d6876803 (big blind) folded before Flop
Seat 3: 42af1ae0 folded before Flop (didn't bet)
Seat 4: 1b38b6a2 folded on the Flop
Seat 5: d4e89476 won ($1)
Seat 6: 21df1687 (button) folded before Flop (didn't bet)


Poker Hand #HD1807954048: Hold'em No Limit ($0.05/$0.1) - 2024/06/09 14:28:21
Table 'NLHRed66' 6-max Seat #5 is the button
Seat 1: Hero ($11.53 in chips)
Seat 2: d6876803 ($56.03 in chips)
Seat 3: 42af1ae0 ($8.85 in chips)
Seat 4: 1b38b6a2 ($8.01 in chips)
Seat 5: d4e89476 ($4 in chips)
Seat 6: 21df1687 ($10 in chips)
21df1687: posts small blind $0.05
Hero: posts big blind $0.1
*** HOLE CARDS ***
Dealt to Hero [Ks 3d]
Dealt to d6876803 
Dealt to 42af1ae0 
Dealt to 1b38b6a2 
Dealt to d4e89476 
Dealt to 21df1687 
d6876803: folds
42af1ae0: folds
1b38b6a2: folds
d4e89476: raises $0.15 to $0.25
21df1687: folds
Hero: folds
Uncalled bet ($0.15) returned to d4e89476
*** SHOWDOWN ***
d4e89476 collected $0.25 from pot
*** SUMMARY ***
Total pot $0.25 | Rake $0 | Jackpot $0 | Bingo $0 | Fortune $0 | Tax $0
Seat 1: Hero (big blind) folded before Flop
Seat 2: d6876803 folded before Flop (didn't bet)
Seat 3: 42af1ae0 folded before Flop (didn't bet)
Seat 4: 1b38b6a2 folded before Flop (didn't bet)
Seat 5: d4e89476 (button) collected ($0.25)
Seat 6: 21df1687 (small blind) folded before Flop


Poker Hand #HD1807953977: Hold'em No Limit ($0.05/$0.1) - 2024/06/09 14:27:40
Table 'NLHRed66' 6-max Seat #4 is the button
Seat 1: Hero ($10 in chips)
Seat 2: d6876803 ($56.78 in chips)
Seat 3: 42af1ae0 ($9.6 in chips)
Seat 4: 1b38b6a2 ($8.01 in chips)
Seat 5: d4e89476 ($4 in chips)
Seat 6: 21df1687 ($10 in chips)
d4e89476: posts small blind $0.05
21df1687: posts big blind $0.1
*** HOLE CARDS ***
Dealt to Hero [Jh Jd]
Dealt to d6876803 
Dealt to 42af1ae0 
Dealt to 1b38b6a2 
Dealt to d4e89476 
Dealt to 21df1687 
Hero: raises $0.1 to $0.2
d6876803: raises $0.55 to $0.75
42af1ae0: calls $0.75
1b38b6a2: folds
d4e89476: folds
21df1687: folds
Hero: raises $9.25 to $10 and is all-in
d6876803: folds
42af1ae0: folds
Uncalled bet ($9.25) returned to Hero
*** SHOWDOWN ***
Hero collected $2.28 from pot
*** SUMMARY ***
Total pot $2.4 | Rake $0.12 | Jackpot $0 | Bingo $0 | Fortune $0 | Tax $0
Seat 1: Hero collected ($2.28)
Seat 2: d6876803 folded before Flop
Seat 3: 42af1ae0 folded before Flop
Seat 4: 1b38b6a2 (button) folded before Flop (didn't bet)
Seat 5: d4e89476 (small blind) folded before Flop
Seat 6: 21df1687 (big blind) folded before Flop


Poker Hand #HD1807953958: Hold'em No Limit ($0.05/$0.1) - 2024/06/09 14:27:27
Table 'NLHRed66' 6-max Seat #3 is the button
Seat 1: Hero ($10 in chips)
Seat 2: d6876803 ($56.78 in chips)
Seat 3: 42af1ae0 ($9.6 in chips)
Seat 4: 1b38b6a2 ($7.91 in chips)
Seat 5: d4e89476 ($4 in chips)
Seat 6: 21df1687 ($10 in chips)
1b38b6a2: posts small blind $0.05
d4e89476: posts big blind $0.1
*** HOLE CARDS ***
Dealt to Hero [7h Kd]
Dealt to d6876803 
Dealt to 42af1ae0 
Dealt to 1b38b6a2 
Dealt to d4e89476 
Dealt to 21df1687 
21df1687: folds
Hero: folds
d6876803: folds
42af1ae0: folds
1b38b6a2: raises $0.1 to $0.2
d4e89476: folds
Uncalled bet ($0.1) returned to 1b38b6a2
*** SHOWDOWN ***
1b38b6a2 collected $0.2 from pot
*** SUMMARY ***
Total pot $0.2 | Rake $0 | Jackpot $0 | Bingo $0 | Fortune $0 | Tax $0
Seat 1: Hero folded before Flop (didn't bet)
Seat 2: d6876803 folded before Flop (didn't bet)
Seat 3: 42af1ae0 (button) folded before Flop (didn't bet)
Seat 4: 1b38b6a2 (small blind) collected ($0.2)
Seat 5: d4e89476 (big blind) folded before Flop
Seat 6: 21df1687 folded before Flop (didn't bet)


Poker Hand #HD1807953818: Hold'em No Limit ($0.05/$0.1) - 2024/06/09 14:26:09
Table 'NLHRed66' 6-max Seat #2 is the button
Seat 1: Hero ($10 in chips)
Seat 2: d6876803 ($55.45 in chips)
Seat 3: 42af1ae0 ($9.65 in chips)
Seat 4: 1b38b6a2 ($9.44 in chips)
Seat 5: d4e89476 ($4 in chips)
Seat 6: 21df1687 ($10 in chips)
42af1ae0: posts small blind $0.05
1b38b6a2: posts big blind $0.1
*** HOLE CARDS ***
Dealt to Hero [4h Td]
Dealt to d6876803 
Dealt to 42af1ae0 
Dealt to 1b38b6a2 
Dealt to d4e89476 
Dealt to 21df1687 
d4e89476: folds
21df1687: folds
Hero: folds
d6876803: raises $0.15 to $0.25
42af1ae0: folds
1b38b6a2: calls $0.15
*** FLOP *** [6c 8s 4c]
1b38b6a2: checks
d6876803: bets $0.19
1b38b6a2: calls $0.19
*** TURN *** [6c 8s 4c] [Ts]
1b38b6a2: bets $0.31
d6876803: raises $0.78 to $1.09
1b38b6a2: calls $0.78
*** RIVER *** [6c 8s 4c Ts] [2d]
1b38b6a2: checks
d6876803: bets $2.34
1b38b6a2: folds
Uncalled bet ($2.34) returned to d6876803
*** SHOWDOWN ***
d6876803 collected $2.86 from pot
*** SUMMARY ***
Total pot $3.11 | Rake $0.15 | Jackpot $0.1 | Bingo $0 | Fortune $0 | Tax $0
Board [6c 8s 4c Ts 2d]
Seat 1: Hero folded before Flop (didn't bet)
Seat 2: d6876803 (button) won ($2.86)
Seat 3: 42af1ae0 (small blind) folded before Flop
Seat 4: 1b38b6a2 (big blind) folded on the River
Seat 5: d4e89476 folded before Flop (didn't bet)
Seat 6: 21df1687 folded before Flop (didn't bet)


Poker Hand #HD1807953722: Hold'em No Limit ($0.05/$0.1) - 2024/06/09 14:25:09
Table 'NLHRed66' 6-max Seat #1 is the button
Seat 1: Hero ($10 in chips)
Seat 2: d6876803 ($55.5 in chips)
Seat 3: 42af1ae0 ($9.75 in chips)
Seat 4: 1b38b6a2 ($8.94 in chips)
Seat 5: d4e89476 ($4 in chips)
Seat 6: 21df1687 ($10.07 in chips)
d6876803: posts small blind $0.05
42af1ae0: posts big blind $0.1
*** HOLE CARDS ***
Dealt to Hero [8d 5c]
Dealt to d6876803 
Dealt to 42af1ae0 
Dealt to 1b38b6a2 
Dealt to d4e89476 
Dealt to 21df1687 
1b38b6a2: raises $0.1 to $0.2
d4e89476: folds
21df1687: calls $0.2
Hero: folds
d6876803: folds
42af1ae0: folds
*** FLOP *** [6c 4h 5d]
1b38b6a2: checks
21df1687: checks
*** TURN *** [6c 4h 5d] [7c]
1b38b6a2: bets $0.19
21df1687: calls $0.19
*** RIVER *** [6c 4h 5d 7c] [Kh]
1b38b6a2: bets $0.31
21df1687: folds
Uncalled bet ($0.31) returned to 1b38b6a2
*** SHOWDOWN ***
1b38b6a2 collected $0.89 from pot
*** SUMMARY ***
Total pot $0.93 | Rake $0.04 | Jackpot $0 | Bingo $0 | Fortune $0 | Tax $0
Board [6c 4h 5d 7c Kh]
Seat 1: Hero (button) folded before Flop (didn't bet)
Seat 2: d6876803 (small blind) folded before Flop
Seat 3: 42af1ae0 (big blind) folded before Flop
Seat 4: 1b38b6a2 won ($0.89)
Seat 5: d4e89476 folded before Flop (didn't bet)
Seat 6: 21df1687 folded on the River


Poker Hand #HD1807953705: Hold'em No Limit ($0.05/$0.1) - 2024/06/09 14:24:58
Table 'NLHRed66' 6-max Seat #6 is the button
Seat 1: Hero ($10 in chips)
Seat 2: d6876803 ($55.45 in chips)
Seat 3: 42af1ae0 ($9.75 in chips)
Seat 4: 1b38b6a2 ($8.94 in chips)
Seat 5: d4e89476 ($4 in chips)
Seat 6: 21df1687 ($10.07 in chips)
Hero: posts small blind $0.05
d6876803: posts big blind $0.1
*** HOLE CARDS ***
Dealt to Hero [As 4c]
Dealt to d6876803 
Dealt to 42af1ae0 
Dealt to 1b38b6a2 
Dealt to d4e89476 
Dealt to 21df1687 
42af1ae0: folds
1b38b6a2: folds
d4e89476: folds
21df1687: folds
Hero: folds
Uncalled bet ($0.05) returned to d6876803
*** SHOWDOWN ***
d6876803 collected $0.1 from pot
*** SUMMARY ***
Total pot $0.1 | Rake $0 | Jackpot $0 | Bingo $0 | Fortune $0 | Tax $0
Seat 1: Hero (small blind) folded before Flop
Seat 2: d6876803 (big blind) collected ($0.1)
Seat 3: 42af1ae0 folded before Flop (didn't bet)
Seat 4: 1b38b6a2 folded before Flop (didn't bet)
Seat 5: d4e89476 folded before Flop (didn't bet)
Seat 6: 21df1687 (button) folded before Flop (didn't bet)


Poker Hand #HD1807953619: Hold'em No Limit ($0.05/$0.1) - 2024/06/09 14:24:07
Table 'NLHRed66' 6-max Seat #5 is the button
Seat 1: Hero ($10 in chips)
Seat 2: d6876803 ($54.44 in chips)
Seat 3: 42af1ae0 ($10 in chips)
Seat 4: 1b38b6a2 ($9.64 in chips)
Seat 5: d4e89476 ($4 in chips)
Seat 6: 21df1687 ($10.12 in chips)
21df1687: posts small blind $0.05
Hero: posts big blind $0.1
*** HOLE CARDS ***
Dealt to Hero [Ks 8h]
Dealt to d6876803 
Dealt to 42af1ae0 
Dealt to 1b38b6a2 
Dealt to d4e89476 
Dealt to 21df1687 
d6876803: raises $0.15 to $0.25
42af1ae0: calls $0.25
1b38b6a2: calls $0.25
d4e89476: folds
21df1687: folds
Hero: folds
*** FLOP *** [5h 7s Qs]
d6876803: checks
42af1ae0: checks
1b38b6a2: checks
*** TURN *** [5h 7s Qs] [4d]
d6876803: bets $0.45
42af1ae0: folds
1b38b6a2: calls $0.45
*** RIVER *** [5h 7s Qs 4d] [6d]
d6876803: bets $0.6
1b38b6a2: folds
Uncalled bet ($0.6) returned to d6876803
*** SHOWDOWN ***
d6876803 collected $1.71 from pot
*** SUMMARY ***
Total pot $1.8 | Rake $0.09 | Jackpot $0 | Bingo $0 | Fortune $0 | Tax $0
Board [5h 7s Qs 4d 6d]
Seat 1: Hero (big blind) folded before Flop
Seat 2: d6876803 won ($1.71)
Seat 3: 42af1ae0 folded on the Turn
Seat 4: 1b38b6a2 folded on the River
Seat 5: d4e89476 (button) folded before Flop (didn't bet)
Seat 6: 21df1687 (small blind) folded before Flop


Poker Hand #HD1807953585: Hold'em No Limit ($0.05/$0.1) - 2024/06/09 14:23:48
Table 'NLHRed66' 6-max Seat #4 is the button
Seat 1: Hero ($10 in chips)
Seat 2: d6876803 ($54.07 in chips)
Seat 3: 42af1ae0 ($6.72 in chips)
Seat 4: 1b38b6a2 ($9.89 in chips)
Seat 5: d4e89476 ($4 in chips)
Seat 6: 21df1687 ($10.22 in chips)
d4e89476: posts small blind $0.05
21df1687: posts big blind $0.1
*** HOLE CARDS ***
Dealt to Hero [Kh 8h]
Dealt to d6876803 
Dealt to 42af1ae0 
Dealt to 1b38b6a2 
Dealt to d4e89476 
Dealt to 21df1687 
Hero: folds
d6876803: raises $0.15 to $0.25
42af1ae0: folds
1b38b6a2: calls $0.25
d4e89476: folds
21df1687: folds
*** FLOP *** [Qs 3c Kd]
d6876803: bets $0.22
1b38b6a2: folds
Uncalled bet ($0.22) returned to d6876803
*** SHOWDOWN ***
d6876803 collected $0.62 from pot
*** SUMMARY ***
Total pot $0.65 | Rake $0.03 | Jackpot $0 | Bingo $0 | Fortune $0 | Tax $0
Board [Qs 3c Kd]
Seat 1: Hero folded before Flop (didn't bet)
Seat 2: d6876803 won ($0.62)
Seat 3: 42af1ae0 folded before Flop (didn't bet)
Seat 4: 1b38b6a2 (button) folded on the Flop
Seat 5: d4e89476 (small blind) folded before Flop
Seat 6: 21df1687 (big blind) folded before Flop


Poker Hand #HD1807953481: Hold'em No Limit ($0.05/$0.1) - 2024/06/09 14:22:45
Table 'NLHRed66' 6-max Seat #3 is the button
Seat 1: Hero ($10 in chips)
Seat 2: d6876803 ($50.43 in chips)
Seat 3: 42af1ae0 ($10.71 in chips)
Seat 4: 1b38b6a2 ($9.94 in chips)
Seat 5: d4e89476 ($4 in chips)
Seat 6: 21df1687 ($10.22 in chips)
1b38b6a2: posts small blind $0.05
d4e89476: posts big blind $0.1
*** HOLE CARDS ***
Dealt to Hero [Th 5d]
Dealt to d6876803 
Dealt to 42af1ae0 
Dealt to 1b38b6a2 
Dealt to d4e89476 
Dealt to 21df1687 
21df1687: folds
Hero: folds
d6876803: raises $0.15 to $0.25
42af1ae0: raises $0.65 to $0.9
1b38b6a2: folds
d4e89476: folds
d6876803: calls $0.65
*** FLOP *** [8d 7h 4c]
d6876803: checks
42af1ae0: bets $0.65
d6876803: calls $0.65
*** TURN *** [8d 7h 4c] [6s]
d6876803: checks
42af1ae0: checks
*** RIVER *** [8d 7h 4c 6s] [Ts]
d6876803: bets $2.44
42af1ae0: calls $2.44
d6876803: shows [9c Jc] (Jacks-High Straight)
42af1ae0: shows [Ac As] (Pair of Aces)
*** SHOWDOWN ***
d6876803 collected $7.63 from pot
*** SUMMARY ***
Total pot $8.13 | Rake $0.4 | Jackpot $0.1 | Bingo $0 | Fortune $0 | Tax $0
Board [8d 7h 4c 6s Ts]
Seat 1: Hero folded before Flop (didn't bet)
Seat 2: d6876803 showed [9c Jc] and won ($7.63) with Jacks-High Straight
Seat 3: 42af1ae0 (button) showed [Ac As] and lost with Pair of Aces
Seat 4: 1b38b6a2 (small blind) folded before Flop
Seat 5: d4e89476 (big blind) folded before Flop
Seat 6: 21df1687 folded before Flop (didn't bet)


Poker Hand #HD1807953457: Hold'em No Limit ($0.05/$0.1) - 2024/06/09 14:22:34
Table 'NLHRed66' 6-max Seat #2 is the button
Seat 1: Hero ($10 in chips)
Seat 2: d6876803 ($50.43 in chips)
Seat 3: 42af1ae0 ($10.76 in chips)
Seat 4: 1b38b6a2 ($9.89 in chips)
Seat 5: d4e89476 ($4 in chips)
Seat 6: 21df1687 ($10.22 in chips)
42af1ae0: posts small blind $0.05
1b38b6a2: posts big blind $0.1
*** HOLE CARDS ***
Dealt to Hero [3h Ad]
Dealt to d6876803 
Dealt to 42af1ae0 
Dealt to 1b38b6a2 
Dealt to d4e89476 
Dealt to 21df1687 
d4e89476: folds
21df1687: folds
Hero: folds
d6876803: folds
42af1ae0: folds
Uncalled bet ($0.05) returned to 1b38b6a2
*** SHOWDOWN ***
1b38b6a2 collected $0.1 from pot
*** SUMMARY ***
Total pot $0.1 | Rake $0 | Jackpot $0 | Bingo $0 | Fortune $0 | Tax $0
Seat 1: Hero folded before Flop (didn't bet)
Seat 2: d6876803 (button) folded before Flop (didn't bet)
Seat 3: 42af1ae0 (small blind) folded before Flop
Seat 4: 1b38b6a2 (big blind) collected ($0.1)
Seat 5: d4e89476 folded before Flop (didn't bet)
Seat 6: 21df1687 folded before Flop (didn't bet)


Poker Hand #HD1807953430: Hold'em No Limit ($0.05/$0.1) - 2024/06/09 14:22:18
Table 'NLHRed66' 6-max Seat #1 is the button
Seat 1: Hero ($10 in chips)
Seat 2: d6876803 ($50.48 in chips)
Seat 3: 42af1ae0 ($10.71 in chips)
Seat 4: 1b38b6a2 ($9.89 in chips)
Seat 5: d4e89476 ($4 in chips)
Seat 6: 21df1687 ($10.22 in chips)
d6876803: posts small blind $0.05
42af1ae0: posts big blind $0.1
*** HOLE CARDS ***
Dealt to Hero [8d Qh]
Dealt to d6876803 
Dealt to 42af1ae0 
Dealt to 1b38b6a2 
Dealt to d4e89476 
Dealt to 21df1687 
1b38b6a2: folds
d4e89476: folds
21df1687: folds
Hero: folds
d6876803: folds
Uncalled bet ($0.05) returned to 42af1ae0
*** SHOWDOWN ***
42af1ae0 collected $0.1 from pot
*** SUMMARY ***
Total pot $0.1 | Rake $0 | Jackpot $0 | Bingo $0 | Fortune $0 | Tax $0
Seat 1: Hero (button) folded before Flop (didn't bet)
Seat 2: d6876803 (small blind) folded before Flop
Seat 3: 42af1ae0 (big blind) collected ($0.1)
Seat 4: 1b38b6a2 folded before Flop (didn't bet)
Seat 5: d4e89476 folded before Flop (didn't bet)
Seat 6: 21df1687 folded before Flop (didn't bet)


Poker Hand #HD1807953397: Hold'em No Limit ($0.05/$0.1) - 2024/06/09 14:22:01
Table 'NLHRed66' 6-max Seat #6 is the button
Seat 1: Hero ($10.05 in chips)
Seat 2: d6876803 ($50.58 in chips)
Seat 3: 42af1ae0 ($10.71 in chips)
Seat 4: 1b38b6a2 ($9.74 in chips)
Seat 5: d4e89476 ($4 in chips)
Seat 6: 21df1687 ($10.22 in chips)
Hero: posts small blind $0.05
d6876803: posts big blind $0.1
*** HOLE CARDS ***
Dealt to Hero [9d 5d]
Dealt to d6876803 
Dealt to 42af1ae0 
Dealt to 1b38b6a2 
Dealt to d4e89476 
Dealt to 21df1687 
42af1ae0: folds
1b38b6a2: raises $0.2 to $0.3
d4e89476: folds
21df1687: folds
Hero: folds
d6876803: folds
Uncalled bet ($0.2) returned to 1b38b6a2
*** SHOWDOWN ***
1b38b6a2 collected $0.25 from pot
*** SUMMARY ***
Total pot $0.25 | Rake $0 | Jackpot $0 | Bingo $0 | Fortune $0 | Tax $0
Seat 1: Hero (small blind) folded before Flop
Seat 2: d6876803 (big blind) folded before Flop
Seat 3: 42af1ae0 folded before Flop (didn't bet)
Seat 4: 1b38b6a2 collected ($0.25)
Seat 5: d4e89476 folded before Flop (didn't bet)
Seat 6: 21df1687 (button) folded before Flop (didn't bet)


Poker Hand #HD1807953379: Hold'em No Limit ($0.05/$0.1) - 2024/06/09 14:21:49
Table 'NLHRed66' 6-max Seat #5 is the button
Seat 1: Hero ($10 in chips)
Seat 2: d6876803 ($50.58 in chips)
Seat 3: 42af1ae0 ($10.71 in chips)
Seat 4: 1b38b6a2 ($9.74 in chips)
Seat 5: d4e89476 ($4 in chips)
Seat 6: 21df1687 ($10.27 in chips)
21df1687: posts small blind $0.05
Hero: posts big blind $0.1
*** HOLE CARDS ***
Dealt to Hero [Jd Kc]
Dealt to d6876803 
Dealt to 42af1ae0 
Dealt to 1b38b6a2 
Dealt to d4e89476 
Dealt to 21df1687 
d6876803: folds
42af1ae0: folds
1b38b6a2: folds
d4e89476: folds
21df1687: folds
Uncalled bet ($0.05) returned to Hero
*** SHOWDOWN ***
Hero collected $0.1 from pot
*** SUMMARY ***
Total pot $0.1 | Rake $0 | Jackpot $0 | Bingo $0 | Fortune $0 | Tax $0
Seat 1: Hero (big blind) collected ($0.1)
Seat 2: d6876803 folded before Flop (didn't bet)
Seat 3: 42af1ae0 folded before Flop (didn't bet)
Seat 4: 1b38b6a2 folded before Flop (didn't bet)
Seat 5: d4e89476 (button) folded before Flop (didn't bet)
Seat 6: 21df1687 (small blind) folded before Flop


Poker Hand #HD1807953295: Hold'em No Limit ($0.05/$0.1) - 2024/06/09 14:21:02
Table 'NLHRed66' 6-max Seat #4 is the button
Seat 1: Hero ($10 in chips)
Seat 2: d6876803 ($50.58 in chips)
Seat 3: 42af1ae0 ($10.71 in chips)
Seat 4: 1b38b6a2 ($9.41 in chips)
Seat 5: d4e89476 ($4 in chips)
Seat 6: 21df1687 ($10.37 in chips)
d4e89476: posts small blind $0.05
21df1687: posts big blind $0.1
*** HOLE CARDS ***
Dealt to Hero [Ad Qs]
Dealt to d6876803 
Dealt to 42af1ae0 
Dealt to 1b38b6a2 
Dealt to d4e89476 
Dealt to 21df1687 
Hero: raises $0.1 to $0.2
d6876803: folds
42af1ae0: folds
1b38b6a2: calls $0.2
d4e89476: folds
21df1687: folds
*** FLOP *** [5c 2h 7d]
Hero: checks
1b38b6a2: checks
*** TURN *** [5c 2h 7d] [8d]
Hero: checks
1b38b6a2: bets $0.28
Hero: folds
Uncalled bet ($0.28) returned to 1b38b6a2
*** SHOWDOWN ***
1b38b6a2 collected $0.53 from pot
*** SUMMARY ***
Total pot $0.55 | Rake $0.02 | Jackpot $0 | Bingo $0 | Fortune $0 | Tax $0
Board [5c 2h 7d 8d]
Seat 1: Hero folded on the Turn
Seat 2: d6876803 folded before Flop (didn't bet)
Seat 3: 42af1ae0 folded before Flop (didn't bet)
Seat 4: 1b38b6a2 (button) won ($0.53)
Seat 5: d4e89476 (small blind) folded before Flop
Seat 6: 21df1687 (big blind) folded before Flop


Poker Hand #HD1807953212: Hold'em No Limit ($0.05/$0.1) - 2024/06/09 14:20:19
Table 'NLHRed66' 6-max Seat #3 is the button
Seat 1: Hero ($10 in chips)
Seat 2: d6876803 ($50.58 in chips)
Seat 3: 42af1ae0 ($10.71 in chips)
Seat 4: 1b38b6a2 ($9.14 in chips)
Seat 5: d4e89476 ($4 in chips)
Seat 6: 21df1687 ($10.37 in chips)
1b38b6a2: posts small blind $0.05
d4e89476: posts big blind $0.1
*** HOLE CARDS ***
Dealt to Hero [Qh 6h]
Dealt to d6876803 
Dealt to 42af1ae0 
Dealt to 1b38b6a2 
Dealt to d4e89476 
Dealt to 21df1687 
21df1687: folds
Hero: folds
d6876803: folds
42af1ae0: folds
1b38b6a2: raises $0.1 to $0.2
d4e89476: calls $0.1
*** FLOP *** [Qc 4d Js]
1b38b6a2: checks
d4e89476: checks
*** TURN *** [Qc 4d Js] [2d]
1b38b6a2: bets $0.1
d4e89476: calls $0.1
*** RIVER *** [Qc 4d Js 2d] [8h]
1b38b6a2: bets $0.2
d4e89476: folds
Uncalled bet ($0.2) returned to 1b38b6a2
*** SHOWDOWN ***
1b38b6a2 collected $0.57 from pot
*** SUMMARY ***
Total pot $0.6 | Rake $0.03 | Jackpot $0 | Bingo $0 | Fortune $0 | Tax $0
Board [Qc 4d Js 2d 8h]
Seat 1: Hero folded before Flop (didn't bet)
Seat 2: d6876803 folded before Flop (didn't bet)
Seat 3: 42af1ae0 (button) folded before Flop (didn't bet)
Seat 4: 1b38b6a2 (small blind) won ($0.57)
Seat 5: d4e89476 (big blind) folded on the River
Seat 6: 21df1687 folded before Flop (didn't bet)


Poker Hand #HD1807953197: Hold'em No Limit ($0.05/$0.1) - 2024/06/09 14:20:12
Table 'NLHRed66' 6-max Seat #2 is the button
Seat 1: Hero ($10 in chips)
Seat 2: d6876803 ($50.58 in chips)
Seat 3: 42af1ae0 ($10.76 in chips)
Seat 4: 1b38b6a2 ($9.09 in chips)
Seat 6: 21df1687 ($10.37 in chips)
42af1ae0: posts small blind $0.05
1b38b6a2: posts big blind $0.1
*** HOLE CARDS ***
Dealt to Hero [2c 3s]
Dealt to d6876803 
Dealt to 42af1ae0 
Dealt to 1b38b6a2 
Dealt to 21df1687 
21df1687: folds
Hero: folds
d6876803: folds
42af1ae0: folds
Uncalled bet ($0.05) returned to 1b38b6a2
*** SHOWDOWN ***
1b38b6a2 collected $0.1 from pot
*** SUMMARY ***
Total pot $0.1 | Rake $0 | Jackpot $0 | Bingo $0 | Fortune $0 | Tax $0
Seat 1: Hero folded before Flop (didn't bet)
Seat 2: d6876803 (button) folded before Flop (didn't bet)
Seat 3: 42af1ae0 (small blind) folded before Flop
Seat 4: 1b38b6a2 (big blind) collected ($0.1)
Seat 6: 21df1687 folded before Flop (didn't bet)


Poker Hand #HD1807953164: Hold'em No Limit ($0.05/$0.1) - 2024/06/09 14:19:50
Table 'NLHRed66' 6-max Seat #1 is the button
Seat 1: Hero ($10 in chips)
Seat 2: d6876803 ($50.63 in chips)
Seat 3: 42af1ae0 ($10.86 in chips)
Seat 4: 1b38b6a2 ($8.95 in chips)
Seat 6: 21df1687 ($10.37 in chips)
d6876803: posts small blind $0.05
42af1ae0: posts big blind $0.1
*** HOLE CARDS ***
Dealt to Hero [2c 3c]
Dealt to d6876803 
Dealt to 42af1ae0 
Dealt to 1b38b6a2 
Dealt to 21df1687 
1b38b6a2: calls $0.1
21df1687: folds
Hero: folds
d6876803: folds
42af1ae0: checks
*** FLOP *** [Qc Tc 6d]
42af1ae0: checks
1b38b6a2: bets $0.13
42af1ae0: folds
Uncalled bet ($0.13) returned to 1b38b6a2
*** SHOWDOWN ***
1b38b6a2 collected $0.24 from pot
*** SUMMARY ***
Total pot $0.25 | Rake $0.01 | Jackpot $0 | Bingo $0 | Fortune $0 | Tax $0
Board [Qc Tc 6d]
Seat 1: Hero (button) folded before Flop (didn't bet)
Seat 2: d6876803 (small blind) folded before Flop
Seat 3: 42af1ae0 (big blind) folded on the Flop
Seat 4: 1b38b6a2 won ($0.24)
Seat 6: 21df1687 folded before Flop (didn't bet)


Poker Hand #HD1807953057: Hold'em No Limit ($0.05/$0.1) - 2024/06/09 14:18:46
Table 'NLHRed66' 6-max Seat #6 is the button
Seat 1: Hero ($10 in chips)
Seat 2: d6876803 ($49.82 in chips)
Seat 3: 42af1ae0 ($10.86 in chips)
Seat 4: 1b38b6a2 ($8.95 in chips)
Seat 6: 21df1687 ($10.37 in chips)
Hero: posts small blind $0.05
d6876803: posts big blind $0.1
*** HOLE CARDS ***
Dealt to Hero [Kd Th]
Dealt to d6876803 
Dealt to 42af1ae0 
Dealt to 1b38b6a2 
Dealt to 21df1687 
42af1ae0: folds
1b38b6a2: folds
21df1687: folds
Hero: raises $0.2 to $0.3
d6876803: calls $0.2
*** FLOP *** [7d 4d 5h]
Hero: checks
d6876803: bets $0.2
Hero: calls $0.2
*** TURN *** [7d 4d 5h] [3s]
Hero: checks
d6876803: checks
*** RIVER *** [7d 4d 5h 3s] [5d]
Hero: bets $0.4
d6876803: raises $3.6 to $4
Hero: folds
Uncalled bet ($3.6) returned to d6876803
*** SHOWDOWN ***
d6876803 collected $1.71 from pot
*** SUMMARY ***
Total pot $1.8 | Rake $0.09 | Jackpot $0 | Bingo $0 | Fortune $0 | Tax $0
Board [7d 4d 5h 3s 5d]
Seat 1: Hero (small blind) folded on the River
Seat 2: d6876803 (big blind) won ($1.71)
Seat 3: 42af1ae0 folded before Flop (didn't bet)
Seat 4: 1b38b6a2 folded before Flop (didn't bet)
Seat 6: 21df1687 (button) folded before Flop (didn't bet)


Poker Hand #HD1807953020: Hold'em No Limit ($0.05/$0.1) - 2024/06/09 14:18:23
Table 'NLHRed66' 6-max Seat #4 is the button
Seat 1: Hero ($10 in chips)
Seat 2: d6876803 ($50.07 in chips)
Seat 3: 42af1ae0 ($10.86 in chips)
Seat 4: 1b38b6a2 ($8.95 in chips)
Seat 6: 21df1687 ($10.05 in chips)
21df1687: posts small blind $0.05
Hero: posts big blind $0.1
*** HOLE CARDS ***
Dealt to Hero [6d Ad]
Dealt to d6876803 
Dealt to 42af1ae0 
Dealt to 1b38b6a2 
Dealt to 21df1687 
d6876803: raises $0.15 to $0.25
42af1ae0: folds
1b38b6a2: folds
21df1687: raises $0.75 to $1
Hero: folds
d6876803: folds
Uncalled bet ($0.75) returned to 21df1687
*** SHOWDOWN ***
21df1687 collected $0.57 from pot
*** SUMMARY ***
Total pot $0.6 | Rake $0.03 | Jackpot $0 | Bingo $0 | Fortune $0 | Tax $0
Seat 1: Hero (big blind) folded before Flop
Seat 2: d6876803 folded before Flop
Seat 3: 42af1ae0 folded before Flop (didn't bet)
Seat 4: 1b38b6a2 (button) folded before Flop (didn't bet)
Seat 6: 21df1687 (small blind) collected ($0.57)


