Poker Hand #HD1783623652: Hold'em No Limit ($0.05/$0.1) - 2024/05/22 18:48:39
Table 'NLHRed52' 6-max Seat #5 is the button
Seat 1: b7534ca7 ($16.68 in chips)
Seat 2: d9d9f827 ($17.42 in chips)
Seat 3: Hero ($18.06 in chips)
Seat 4: 36e162b8 ($10.2 in chips)
Seat 5: b83092a2 ($12.74 in chips)
Seat 6: a86b1ec2 ($10.28 in chips)
a86b1ec2: posts small blind $0.05
b7534ca7: posts big blind $0.1
*** HOLE CARDS ***
Dealt to b7534ca7 
Dealt to d9d9f827 
Dealt to Hero [4h 9h]
Dealt to 36e162b8 
Dealt to b83092a2 
Dealt to a86b1ec2 
d9d9f827: calls $0.1
Hero: folds
36e162b8: folds
b83092a2: folds
a86b1ec2: folds
b7534ca7: checks
*** FLOP *** [Jh 5s 4s]
b7534ca7: checks
d9d9f827: bets $0.13
b7534ca7: calls $0.13
*** TURN *** [Jh 5s 4s] [Qs]
b7534ca7: checks
d9d9f827: bets $0.39
b7534ca7: folds
Uncalled bet ($0.39) returned to d9d9f827
*** SHOWDOWN ***
d9d9f827 collected $0.49 from pot
*** SUMMARY ***
Total pot $0.51 | Rake $0.02 | Jackpot $0 | Bingo $0 | Fortune $0 | Tax $0
Board [Jh 5s 4s Qs]
Seat 1: b7534ca7 (big blind) folded on the Turn
Seat 2: d9d9f827 won ($0.49)
Seat 3: Hero folded before Flop (didn't bet)
Seat 4: 36e162b8 folded before Flop (didn't bet)
Seat 5: b83092a2 (button) folded before Flop (didn't bet)
Seat 6: a86b1ec2 (small blind) folded before Flop


Poker Hand #HD1783623612: Hold'em No Limit ($0.05/$0.1) - 2024/05/22 18:48:18
Table 'NLHRed52' 6-max Seat #4 is the button
Seat 1: b7534ca7 ($16.68 in chips)
Seat 2: d9d9f827 ($17.42 in chips)
Seat 3: Hero ($18.06 in chips)
Seat 4: 36e162b8 ($10.2 in chips)
Seat 5: b83092a2 ($12.79 in chips)
Seat 6: a86b1ec2 ($10.23 in chips)
b83092a2: posts small blind $0.05
a86b1ec2: posts big blind $0.1
*** HOLE CARDS ***
Dealt to b7534ca7 
Dealt to d9d9f827 
Dealt to Hero [Kh 4c]
Dealt to 36e162b8 
Dealt to b83092a2 
Dealt to a86b1ec2 
b7534ca7: folds
d9d9f827: folds
Hero: folds
36e162b8: folds
b83092a2: folds
Uncalled bet ($0.05) returned to a86b1ec2
*** SHOWDOWN ***
a86b1ec2 collected $0.1 from pot
*** SUMMARY ***
Total pot $0.1 | Rake $0 | Jackpot $0 | Bingo $0 | Fortune $0 | Tax $0
Seat 1: b7534ca7 folded before Flop (didn't bet)
Seat 2: d9d9f827 folded before Flop (didn't bet)
Seat 3: Hero folded before Flop (didn't bet)
Seat 4: 36e162b8 (button) folded before Flop (didn't bet)
Seat 5: b83092a2 (small blind) folded before Flop
Seat 6: a86b1ec2 (big blind) collected ($0.1)


Poker Hand #HD1783623546: Hold'em No Limit ($0.05/$0.1) - 2024/05/22 18:47:49
Table 'NLHRed52' 6-max Seat #3 is the button
Seat 1: b7534ca7 ($16.68 in chips)
Seat 2: d9d9f827 ($17.42 in chips)
Seat 3: Hero ($17.91 in chips)
Seat 4: 36e162b8 ($10.25 in chips)
Seat 5: b83092a2 ($12.89 in chips)
Seat 6: a86b1ec2 ($10.23 in chips)
36e162b8: posts small blind $0.05
b83092a2: posts big blind $0.1
*** HOLE CARDS ***
Dealt to b7534ca7 
Dealt to d9d9f827 
Dealt to Hero [3d 3h]
Dealt to 36e162b8 
Dealt to b83092a2 
Dealt to a86b1ec2 
a86b1ec2: folds
b7534ca7: folds
d9d9f827: folds
Hero: raises $0.14 to $0.24
36e162b8: folds
b83092a2: folds
Uncalled bet ($0.14) returned to Hero
*** SHOWDOWN ***
Hero collected $0.25 from pot
*** SUMMARY ***
Total pot $0.25 | Rake $0 | Jackpot $0 | Bingo $0 | Fortune $0 | Tax $0
Seat 1: b7534ca7 folded before Flop (didn't bet)
Seat 2: d9d9f827 folded before Flop (didn't bet)
Seat 3: Hero (button) collected ($0.25)
Seat 4: 36e162b8 (small blind) folded before Flop
Seat 5: b83092a2 (big blind) folded before Flop
Seat 6: a86b1ec2 folded before Flop (didn't bet)


Poker Hand #HD1783623400: Hold'em No Limit ($0.05/$0.1) - 2024/05/22 18:46:44
Table 'NLHRed52' 6-max Seat #2 is the button
Seat 1: b7534ca7 ($16.68 in chips)
Seat 2: d9d9f827 ($17.42 in chips)
Seat 3: Hero ($17.96 in chips)
Seat 4: 36e162b8 ($10 in chips)
Seat 5: b83092a2 ($12.89 in chips)
Seat 6: a86b1ec2 ($10.45 in chips)
Hero: posts small blind $0.05
36e162b8: posts big blind $0.1
*** HOLE CARDS ***
Dealt to b7534ca7 
Dealt to d9d9f827 
Dealt to Hero [Jh 8d]
Dealt to 36e162b8 
Dealt to b83092a2 
Dealt to a86b1ec2 
b83092a2: folds
a86b1ec2: raises $0.12 to $0.22
b7534ca7: folds
d9d9f827: folds
Hero: folds
36e162b8: calls $0.12
*** FLOP *** [9h Kd 9d]
36e162b8: checks
a86b1ec2: checks
*** TURN *** [9h Kd 9d] [4s]
36e162b8: bets $0.74
a86b1ec2: folds
Uncalled bet ($0.74) returned to 36e162b8
*** SHOWDOWN ***
36e162b8 collected $0.47 from pot
*** SUMMARY ***
Total pot $0.49 | Rake $0.02 | Jackpot $0 | Bingo $0 | Fortune $0 | Tax $0
Board [9h Kd 9d 4s]
Seat 1: b7534ca7 folded before Flop (didn't bet)
Seat 2: d9d9f827 (button) folded before Flop (didn't bet)
Seat 3: Hero (small blind) folded before Flop
Seat 4: 36e162b8 (big blind) won ($0.47)
Seat 5: b83092a2 folded before Flop (didn't bet)
Seat 6: a86b1ec2 folded on the Turn


Poker Hand #HD1783623167: Hold'em No Limit ($0.05/$0.1) - 2024/05/22 18:44:59
Table 'NLHRed52' 6-max Seat #1 is the button
Seat 1: b7534ca7 ($16.68 in chips)
Seat 2: d9d9f827 ($17.62 in chips)
Seat 3: Hero ($18.06 in chips)
Seat 4: 36e162b8 ($10 in chips)
Seat 5: b83092a2 ($10.36 in chips)
Seat 6: a86b1ec2 ($13.04 in chips)
d9d9f827: posts small blind $0.05
Hero: posts big blind $0.1
*** HOLE CARDS ***
Dealt to b7534ca7 
Dealt to d9d9f827 
Dealt to Hero [Th 4s]
Dealt to 36e162b8 
Dealt to b83092a2 
Dealt to a86b1ec2 
36e162b8: folds
b83092a2: raises $0.1 to $0.2
a86b1ec2: calls $0.2
b7534ca7: folds
d9d9f827: calls $0.15
Hero: folds
*** FLOP *** [6s 3c Jc]
d9d9f827: checks
b83092a2: checks
a86b1ec2: bets $0.24
d9d9f827: folds
b83092a2: raises $0.78 to $1.02
a86b1ec2: calls $0.78
*** TURN *** [6s 3c Jc] [8h]
b83092a2: checks
a86b1ec2: bets $1.37
b83092a2: calls $1.37
*** RIVER *** [6s 3c Jc 8h] [Qh]
b83092a2: checks
a86b1ec2: checks
b83092a2: shows [Qc 9c] (Pair of Queens)
a86b1ec2: shows [Js Kc] (Pair of Jacks)
*** SHOWDOWN ***
b83092a2 collected $5.12 from pot
*** SUMMARY ***
Total pot $5.48 | Rake $0.26 | Jackpot $0.1 | Bingo $0 | Fortune $0 | Tax $0
Board [6s 3c Jc 8h Qh]
Seat 1: b7534ca7 (button) folded before Flop (didn't bet)
Seat 2: d9d9f827 (small blind) folded on the Flop
Seat 3: Hero (big blind) folded before Flop
Seat 4: 36e162b8 folded before Flop (didn't bet)
Seat 5: b83092a2 showed [Qc 9c] and won ($5.12) with Pair of Queens
Seat 6: a86b1ec2 showed [Js Kc] and lost with Pair of Jacks


Poker Hand #HD1783623023: Hold'em No Limit ($0.05/$0.1) - 2024/05/22 18:43:56
Table 'NLHRed52' 6-max Seat #6 is the button
Seat 1: b7534ca7 ($16.73 in chips)
Seat 2: d9d9f827 ($17.97 in chips)
Seat 3: Hero ($18.06 in chips)
Seat 4: 36e162b8 ($10 in chips)
Seat 5: b83092a2 ($10 in chips)
Seat 6: a86b1ec2 ($13.04 in chips)
b7534ca7: posts small blind $0.05
d9d9f827: posts big blind $0.1
b83092a2: posts missed blind $0.05
*** HOLE CARDS ***
Dealt to b7534ca7 
Dealt to d9d9f827 
Dealt to Hero [3s Tc]
Dealt to 36e162b8 
Dealt to b83092a2 
Dealt to a86b1ec2 
Hero: folds
36e162b8: folds
b83092a2: raises $0.1 to $0.2
a86b1ec2: folds
b7534ca7: folds
d9d9f827: calls $0.1
*** FLOP *** [7c 6d Ts]
d9d9f827: bets $0.15
b83092a2: raises $0.53 to $0.68
d9d9f827: folds
Uncalled bet ($0.53) returned to b83092a2
*** SHOWDOWN ***
b83092a2 collected $0.76 from pot
*** SUMMARY ***
Total pot $0.8 | Rake $0.04 | Jackpot $0 | Bingo $0 | Fortune $0 | Tax $0
Board [7c 6d Ts]
Seat 1: b7534ca7 (small blind) folded before Flop
Seat 2: d9d9f827 (big blind) folded on the Flop
Seat 3: Hero folded before Flop (didn't bet)
Seat 4: 36e162b8 folded before Flop (didn't bet)
Seat 5: b83092a2 won ($0.76)
Seat 6: a86b1ec2 (button) folded before Flop (didn't bet)


Poker Hand #HD1783622889: Hold'em No Limit ($0.05/$0.1) - 2024/05/22 18:42:55
Table 'NLHRed52' 6-max Seat #4 is the button
Seat 1: b7534ca7 ($15.06 in chips)
Seat 2: d9d9f827 ($17.97 in chips)
Seat 3: Hero ($18.06 in chips)
Seat 4: 36e162b8 ($10 in chips)
Seat 6: a86b1ec2 ($13.09 in chips)
a86b1ec2: posts small blind $0.05
b7534ca7: posts big blind $0.1
*** HOLE CARDS ***
Dealt to b7534ca7 
Dealt to d9d9f827 
Dealt to Hero [4s Th]
Dealt to 36e162b8 
Dealt to a86b1ec2 
d9d9f827: folds
Hero: folds
36e162b8: raises $0.15 to $0.25
a86b1ec2: folds
b7534ca7: raises $0.8 to $1.05
36e162b8: calls $0.8
*** FLOP *** [5h 9s 5d]
b7534ca7: bets $0.85
36e162b8: calls $0.85
*** TURN *** [5h 9s 5d] [3s]
b7534ca7: bets $2.25
36e162b8: folds
Uncalled bet ($2.25) returned to b7534ca7
*** SHOWDOWN ***
b7534ca7 collected $3.57 from pot
*** SUMMARY ***
Total pot $3.85 | Rake $0.18 | Jackpot $0.1 | Bingo $0 | Fortune $0 | Tax $0
Board [5h 9s 5d 3s]
Seat 1: b7534ca7 (big blind) won ($3.57)
Seat 2: d9d9f827 folded before Flop (didn't bet)
Seat 3: Hero folded before Flop (didn't bet)
Seat 4: 36e162b8 (button) folded on the Turn
Seat 6: a86b1ec2 (small blind) folded before Flop


Poker Hand #HD1783622680: Hold'em No Limit ($0.05/$0.1) - 2024/05/22 18:41:16
Table 'NLHRed52' 6-max Seat #3 is the button
Seat 1: b7534ca7 ($15.06 in chips)
Seat 2: d9d9f827 ($14.85 in chips)
Seat 3: Hero ($18.06 in chips)
Seat 4: 36e162b8 ($10 in chips)
Seat 5: b83092a2 ($3.51 in chips)
Seat 6: a86b1ec2 ($13.09 in chips)
36e162b8: posts small blind $0.05
b83092a2: posts big blind $0.1
*** HOLE CARDS ***
Dealt to b7534ca7 
Dealt to d9d9f827 
Dealt to Hero [5h 9s]
Dealt to 36e162b8 
Dealt to b83092a2 
Dealt to a86b1ec2 
a86b1ec2: folds
b7534ca7: folds
d9d9f827: calls $0.1
Hero: folds
36e162b8: folds
b83092a2: checks
*** FLOP *** [Kh Ks 7h]
b83092a2: checks
d9d9f827: bets $0.13
b83092a2: calls $0.13
*** TURN *** [Kh Ks 7h] [Ac]
b83092a2: checks
d9d9f827: bets $0.35
b83092a2: raises $0.8 to $1.15
d9d9f827: calls $0.8
*** RIVER *** [Kh Ks 7h Ac] [2c]
b83092a2: bets $2.13 and is all-in
d9d9f827: calls $2.13
b83092a2: shows [Kc 5c] (Three Kings)
d9d9f827: shows [Ah Ad] (Aces Full over Kings)
*** SHOWDOWN ***
d9d9f827 collected $6.63 from pot
*** SUMMARY ***
Total pot $7.07 | Rake $0.34 | Jackpot $0.1 | Bingo $0 | Fortune $0 | Tax $0
Board [Kh Ks 7h Ac 2c]
Seat 1: b7534ca7 folded before Flop (didn't bet)
Seat 2: d9d9f827 showed [Ah Ad] and won ($6.63) with Aces Full over Kings
Seat 3: Hero (button) folded before Flop (didn't bet)
Seat 4: 36e162b8 (small blind) folded before Flop
Seat 5: b83092a2 (big blind) showed [Kc 5c] and lost with Three Kings
Seat 6: a86b1ec2 folded before Flop (didn't bet)


Poker Hand #HD1783622493: Hold'em No Limit ($0.05/$0.1) - 2024/05/22 18:39:49
Table 'NLHRed52' 6-max Seat #2 is the button
Seat 1: b7534ca7 ($15.06 in chips)
Seat 2: d9d9f827 ($14.33 in chips)
Seat 3: Hero ($18.11 in chips)
Seat 4: 36e162b8 ($10 in chips)
Seat 5: b83092a2 ($3.51 in chips)
Seat 6: a86b1ec2 ($13.51 in chips)
Hero: posts small blind $0.05
36e162b8: posts big blind $0.1
*** HOLE CARDS ***
Dealt to b7534ca7 
Dealt to d9d9f827 
Dealt to Hero [Qd 6c]
Dealt to 36e162b8 
Dealt to b83092a2 
Dealt to a86b1ec2 
b83092a2: folds
a86b1ec2: raises $0.12 to $0.22
b7534ca7: folds
d9d9f827: calls $0.22
Hero: folds
36e162b8: folds
*** FLOP *** [3c Ac 5c]
a86b1ec2: checks
d9d9f827: bets $0.2
a86b1ec2: calls $0.2
*** TURN *** [3c Ac 5c] [Ad]
a86b1ec2: checks
d9d9f827: bets $0.55
a86b1ec2: folds
Uncalled bet ($0.55) returned to d9d9f827
*** SHOWDOWN ***
d9d9f827 collected $0.94 from pot
*** SUMMARY ***
Total pot $0.99 | Rake $0.05 | Jackpot $0 | Bingo $0 | Fortune $0 | Tax $0
Board [3c Ac 5c Ad]
Seat 1: b7534ca7 folded before Flop (didn't bet)
Seat 2: d9d9f827 (button) won ($0.94)
Seat 3: Hero (small blind) folded before Flop
Seat 4: 36e162b8 (big blind) folded before Flop
Seat 5: b83092a2 folded before Flop (didn't bet)
Seat 6: a86b1ec2 folded on the Turn


Poker Hand #HD1783622336: Hold'em No Limit ($0.05/$0.1) - 2024/05/22 18:38:38
Table 'NLHRed52' 6-max Seat #1 is the button
Seat 1: b7534ca7 ($15.06 in chips)
Seat 2: d9d9f827 ($14.38 in chips)
Seat 3: Hero ($18.91 in chips)
Seat 4: 36e162b8 ($10 in chips)
Seat 5: b83092a2 ($2.74 in chips)
Seat 6: a86b1ec2 ($13.51 in chips)
d9d9f827: posts small blind $0.05
Hero: posts big blind $0.1
*** HOLE CARDS ***
Dealt to b7534ca7 
Dealt to d9d9f827 
Dealt to Hero [4h 4d]
Dealt to 36e162b8 
Dealt to b83092a2 
Dealt to a86b1ec2 
36e162b8: folds
b83092a2: raises $0.1 to $0.2
a86b1ec2: folds
b7534ca7: folds
d9d9f827: folds
Hero: calls $0.1
*** FLOP *** [8c 8h Tc]
Hero: checks
b83092a2: bets $0.15
Hero: raises $0.45 to $0.6
b83092a2: raises $1.94 to $2.54 and is all-in
Hero: folds
Uncalled bet ($1.94) returned to b83092a2
*** SHOWDOWN ***
b83092a2 collected $1.57 from pot
*** SUMMARY ***
Total pot $1.65 | Rake $0.08 | Jackpot $0 | Bingo $0 | Fortune $0 | Tax $0
Board [8c 8h Tc]
Seat 1: b7534ca7 (button) folded before Flop (didn't bet)
Seat 2: d9d9f827 (small blind) folded before Flop
Seat 3: Hero (big blind) folded on the Flop
Seat 4: 36e162b8 folded before Flop (didn't bet)
Seat 5: b83092a2 won ($1.57)
Seat 6: a86b1ec2 folded before Flop (didn't bet)


Poker Hand #HD1783622286: Hold'em No Limit ($0.05/$0.1) - 2024/05/22 18:38:16
Table 'NLHRed52' 6-max Seat #6 is the button
Seat 1: b7534ca7 ($15.11 in chips)
Seat 2: d9d9f827 ($14.33 in chips)
Seat 3: Hero ($18.91 in chips)
Seat 4: 36e162b8 ($10 in chips)
Seat 5: b83092a2 ($2.74 in chips)
Seat 6: a86b1ec2 ($13.51 in chips)
b7534ca7: posts small blind $0.05
d9d9f827: posts big blind $0.1
*** HOLE CARDS ***
Dealt to b7534ca7 
Dealt to d9d9f827 
Dealt to Hero [4h As]
Dealt to 36e162b8 
Dealt to b83092a2 
Dealt to a86b1ec2 
Hero: folds
36e162b8: folds
b83092a2: folds
a86b1ec2: folds
b7534ca7: folds
Uncalled bet ($0.05) returned to d9d9f827
*** SHOWDOWN ***
d9d9f827 collected $0.1 from pot
*** SUMMARY ***
Total pot $0.1 | Rake $0 | Jackpot $0 | Bingo $0 | Fortune $0 | Tax $0
Seat 1: b7534ca7 (small blind) folded before Flop
Seat 2: d9d9f827 (big blind) collected ($0.1)
Seat 3: Hero folded before Flop (didn't bet)
Seat 4: 36e162b8 folded before Flop (didn't bet)
Seat 5: b83092a2 folded before Flop (didn't bet)
Seat 6: a86b1ec2 (button) folded before Flop (didn't bet)


Poker Hand #HD1783622152: Hold'em No Limit ($0.05/$0.1) - 2024/05/22 18:37:17
Table 'NLHRed52' 6-max Seat #5 is the button
Seat 1: b7534ca7 ($15.21 in chips)
Seat 2: d9d9f827 ($14 in chips)
Seat 3: Hero ($18.91 in chips)
Seat 4: 36e162b8 ($10 in chips)
Seat 5: b83092a2 ($2.94 in chips)
Seat 6: a86b1ec2 ($13.56 in chips)
a86b1ec2: posts small blind $0.05
b7534ca7: posts big blind $0.1
*** HOLE CARDS ***
Dealt to b7534ca7 
Dealt to d9d9f827 
Dealt to Hero [5c Qc]
Dealt to 36e162b8 
Dealt to b83092a2 
Dealt to a86b1ec2 
d9d9f827: calls $0.1
Hero: folds
36e162b8: folds
b83092a2: raises $0.1 to $0.2
a86b1ec2: folds
b7534ca7: folds
d9d9f827: calls $0.1
*** FLOP *** [4d 2h Kd]
d9d9f827: bets $0.3
b83092a2: folds
Uncalled bet ($0.3) returned to d9d9f827
*** SHOWDOWN ***
d9d9f827 collected $0.53 from pot
*** SUMMARY ***
Total pot $0.55 | Rake $0.02 | Jackpot $0 | Bingo $0 | Fortune $0 | Tax $0
Board [4d 2h Kd]
Seat 1: b7534ca7 (big blind) folded before Flop
Seat 2: d9d9f827 won ($0.53)
Seat 3: Hero folded before Flop (didn't bet)
Seat 4: 36e162b8 folded before Flop (didn't bet)
Seat 5: b83092a2 (button) folded on the Flop
Seat 6: a86b1ec2 (small blind) folded before Flop


Poker Hand #HD1783622066: Hold'em No Limit ($0.05/$0.1) - 2024/05/22 18:36:41
Table 'NLHRed52' 6-max Seat #4 is the button
Seat 1: b7534ca7 ($15.43 in chips)
Seat 2: d9d9f827 ($14 in chips)
Seat 3: Hero ($18.91 in chips)
Seat 4: 36e162b8 ($10 in chips)
Seat 5: b83092a2 ($2.99 in chips)
Seat 6: a86b1ec2 ($13.31 in chips)
b83092a2: posts small blind $0.05
a86b1ec2: posts big blind $0.1
*** HOLE CARDS ***
Dealt to b7534ca7 
Dealt to d9d9f827 
Dealt to Hero [9h 6s]
Dealt to 36e162b8 
Dealt to b83092a2 
Dealt to a86b1ec2 
b7534ca7: raises $0.12 to $0.22
d9d9f827: folds
Hero: folds
36e162b8: folds
b83092a2: folds
a86b1ec2: raises $0.68 to $0.9
b7534ca7: folds
Uncalled bet ($0.68) returned to a86b1ec2
*** SHOWDOWN ***
a86b1ec2 collected $0.47 from pot
*** SUMMARY ***
Total pot $0.49 | Rake $0.02 | Jackpot $0 | Bingo $0 | Fortune $0 | Tax $0
Seat 1: b7534ca7 folded before Flop
Seat 2: d9d9f827 folded before Flop (didn't bet)
Seat 3: Hero folded before Flop (didn't bet)
Seat 4: 36e162b8 (button) folded before Flop (didn't bet)
Seat 5: b83092a2 (small blind) folded before Flop
Seat 6: a86b1ec2 (big blind) collected ($0.47)


Poker Hand #HD1783621926: Hold'em No Limit ($0.05/$0.1) - 2024/05/22 18:35:41
Table 'NLHRed52' 6-max Seat #3 is the button
Seat 1: b7534ca7 ($15.43 in chips)
Seat 2: d9d9f827 ($13.39 in chips)
Seat 3: Hero ($18.91 in chips)
Seat 4: 36e162b8 ($10 in chips)
Seat 5: b83092a2 ($3.09 in chips)
Seat 6: a86b1ec2 ($13.83 in chips)
36e162b8: posts small blind $0.05
b83092a2: posts big blind $0.1
*** HOLE CARDS ***
Dealt to b7534ca7 
Dealt to d9d9f827 
Dealt to Hero [7h 4h]
Dealt to 36e162b8 
Dealt to b83092a2 
Dealt to a86b1ec2 
a86b1ec2: raises $0.12 to $0.22
b7534ca7: folds
d9d9f827: calls $0.22
Hero: folds
36e162b8: folds
b83092a2: folds
*** FLOP *** [5d 4s 5c]
a86b1ec2: checks
d9d9f827: bets $0.3
a86b1ec2: calls $0.3
*** TURN *** [5d 4s 5c] [2d]
a86b1ec2: checks
d9d9f827: bets $0.65
a86b1ec2: folds
Uncalled bet ($0.65) returned to d9d9f827
*** SHOWDOWN ***
d9d9f827 collected $1.13 from pot
*** SUMMARY ***
Total pot $1.19 | Rake $0.06 | Jackpot $0 | Bingo $0 | Fortune $0 | Tax $0
Board [5d 4s 5c 2d]
Seat 1: b7534ca7 folded before Flop (didn't bet)
Seat 2: d9d9f827 won ($1.13)
Seat 3: Hero (button) folded before Flop (didn't bet)
Seat 4: 36e162b8 (small blind) folded before Flop
Seat 5: b83092a2 (big blind) folded before Flop
Seat 6: a86b1ec2 folded on the Turn


Poker Hand #HD1783621889: Hold'em No Limit ($0.05/$0.1) - 2024/05/22 18:35:24
Table 'NLHRed52' 6-max Seat #2 is the button
Seat 1: b7534ca7 ($15.43 in chips)
Seat 2: d9d9f827 ($13.39 in chips)
Seat 3: Hero ($18.81 in chips)
Seat 4: 36e162b8 ($10 in chips)
Seat 5: b83092a2 ($3.09 in chips)
Seat 6: a86b1ec2 ($13.83 in chips)
Hero: posts small blind $0.05
36e162b8: posts big blind $0.1
*** HOLE CARDS ***
Dealt to b7534ca7 
Dealt to d9d9f827 
Dealt to Hero [Ac 5d]
Dealt to 36e162b8 
Dealt to b83092a2 
Dealt to a86b1ec2 
b83092a2: folds
a86b1ec2: folds
b7534ca7: folds
d9d9f827: folds
Hero: raises $0.2 to $0.3
36e162b8: folds
Uncalled bet ($0.2) returned to Hero
*** SHOWDOWN ***
Hero collected $0.2 from pot
*** SUMMARY ***
Total pot $0.2 | Rake $0 | Jackpot $0 | Bingo $0 | Fortune $0 | Tax $0
Seat 1: b7534ca7 folded before Flop (didn't bet)
Seat 2: d9d9f827 (button) folded before Flop (didn't bet)
Seat 3: Hero (small blind) collected ($0.2)
Seat 4: 36e162b8 (big blind) folded before Flop
Seat 5: b83092a2 folded before Flop (didn't bet)
Seat 6: a86b1ec2 folded before Flop (didn't bet)


Poker Hand #HD1783621841: Hold'em No Limit ($0.05/$0.1) - 2024/05/22 18:35:00
Table 'NLHRed52' 6-max Seat #1 is the button
Seat 1: b7534ca7 ($15.28 in chips)
Seat 2: d9d9f827 ($13.44 in chips)
Seat 3: Hero ($18.91 in chips)
Seat 4: 36e162b8 ($10 in chips)
Seat 5: b83092a2 ($3.09 in chips)
Seat 6: a86b1ec2 ($13.83 in chips)
d9d9f827: posts small blind $0.05
Hero: posts big blind $0.1
*** HOLE CARDS ***
Dealt to b7534ca7 
Dealt to d9d9f827 
Dealt to Hero [7s 6h]
Dealt to 36e162b8 
Dealt to b83092a2 
Dealt to a86b1ec2 
36e162b8: folds
b83092a2: folds
a86b1ec2: folds
b7534ca7: raises $0.12 to $0.22
d9d9f827: folds
Hero: folds
Uncalled bet ($0.12) returned to b7534ca7
*** SHOWDOWN ***
b7534ca7 collected $0.25 from pot
*** SUMMARY ***
Total pot $0.25 | Rake $0 | Jackpot $0 | Bingo $0 | Fortune $0 | Tax $0
Seat 1: b7534ca7 (button) collected ($0.25)
Seat 2: d9d9f827 (small blind) folded before Flop
Seat 3: Hero (big blind) folded before Flop
Seat 4: 36e162b8 folded before Flop (didn't bet)
Seat 5: b83092a2 folded before Flop (didn't bet)
Seat 6: a86b1ec2 folded before Flop (didn't bet)


Poker Hand #HD1783621623: Hold'em No Limit ($0.05/$0.1) - 2024/05/22 18:33:31
Table 'NLHRed52' 6-max Seat #6 is the button
Seat 1: b7534ca7 ($15.33 in chips)
Seat 2: d9d9f827 ($13.54 in chips)
Seat 3: Hero ($18.91 in chips)
Seat 4: 36e162b8 ($10.88 in chips)
Seat 5: b83092a2 ($2 in chips)
Seat 6: a86b1ec2 ($13.83 in chips)
b7534ca7: posts small blind $0.05
d9d9f827: posts big blind $0.1
b83092a2: posts big blind $0.1
*** HOLE CARDS ***
Dealt to b7534ca7 
Dealt to d9d9f827 
Dealt to Hero [2h Qd]
Dealt to 36e162b8 
Dealt to b83092a2 
Dealt to a86b1ec2 
Hero: folds
36e162b8: raises $0.25 to $0.35
b83092a2: raises $0.25 to $0.6
a86b1ec2: folds
b7534ca7: folds
d9d9f827: folds
36e162b8: calls $0.25
*** FLOP *** [3c Js 5c]
36e162b8: checks
b83092a2: bets $0.45
36e162b8: calls $0.45
*** TURN *** [3c Js 5c] [7d]
36e162b8: checks
b83092a2: bets $0.95 and is all-in
36e162b8: folds
Uncalled bet ($0.95) returned to b83092a2
*** SHOWDOWN ***
b83092a2 collected $2.14 from pot
*** SUMMARY ***
Total pot $2.25 | Rake $0.11 | Jackpot $0 | Bingo $0 | Fortune $0 | Tax $0
Board [3c Js 5c 7d]
Seat 1: b7534ca7 (small blind) folded before Flop
Seat 2: d9d9f827 (big blind) folded before Flop
Seat 3: Hero folded before Flop (didn't bet)
Seat 4: 36e162b8 folded on the Turn
Seat 5: b83092a2 won ($2.14)
Seat 6: a86b1ec2 (button) folded before Flop (didn't bet)


Poker Hand #HD1783621569: Hold'em No Limit ($0.05/$0.1) - 2024/05/22 18:33:05
Table 'NLHRed52' 6-max Seat #4 is the button
Seat 1: b7534ca7 ($15.43 in chips)
Seat 3: Hero ($18.91 in chips)
Seat 4: 36e162b8 ($10.88 in chips)
Seat 6: a86b1ec2 ($13.73 in chips)
a86b1ec2: posts small blind $0.05
b7534ca7: posts big blind $0.1
*** HOLE CARDS ***
Dealt to b7534ca7 
Dealt to Hero [2h 6h]
Dealt to 36e162b8 
Dealt to a86b1ec2 
Hero: folds
36e162b8: folds
a86b1ec2: raises $0.1 to $0.2
b7534ca7: folds
Uncalled bet ($0.1) returned to a86b1ec2
*** SHOWDOWN ***
a86b1ec2 collected $0.2 from pot
*** SUMMARY ***
Total pot $0.2 | Rake $0 | Jackpot $0 | Bingo $0 | Fortune $0 | Tax $0
Seat 1: b7534ca7 (big blind) folded before Flop
Seat 3: Hero folded before Flop (didn't bet)
Seat 4: 36e162b8 (button) folded before Flop (didn't bet)
Seat 6: a86b1ec2 (small blind) collected ($0.2)


Poker Hand #HD1783621493: Hold'em No Limit ($0.05/$0.1) - 2024/05/22 18:32:35
Table 'NLHRed52' 6-max Seat #3 is the button
Seat 1: b7534ca7 ($15.43 in chips)
Seat 2: d9d9f827 ($13.54 in chips)
Seat 3: Hero ($18.91 in chips)
Seat 4: 36e162b8 ($10.78 in chips)
Seat 6: a86b1ec2 ($13.83 in chips)
36e162b8: posts small blind $0.05
a86b1ec2: posts big blind $0.1
*** HOLE CARDS ***
Dealt to b7534ca7 
Dealt to d9d9f827 
Dealt to Hero [7d Qs]
Dealt to 36e162b8 
Dealt to a86b1ec2 
b7534ca7: folds
d9d9f827: folds
Hero: folds
36e162b8: raises $0.2 to $0.3
a86b1ec2: folds
Uncalled bet ($0.2) returned to 36e162b8
*** SHOWDOWN ***
36e162b8 collected $0.2 from pot
*** SUMMARY ***
Total pot $0.2 | Rake $0 | Jackpot $0 | Bingo $0 | Fortune $0 | Tax $0
Seat 1: b7534ca7 folded before Flop (didn't bet)
Seat 2: d9d9f827 folded before Flop (didn't bet)
Seat 3: Hero (button) folded before Flop (didn't bet)
Seat 4: 36e162b8 (small blind) collected ($0.2)
Seat 6: a86b1ec2 (big blind) folded before Flop


Poker Hand #HD1783621380: Hold'em No Limit ($0.05/$0.1) - 2024/05/22 18:31:37
Table 'NLHRed52' 6-max Seat #2 is the button
Seat 1: b7534ca7 ($15.43 in chips)
Seat 2: d9d9f827 ($13.54 in chips)
Seat 3: Hero ($18.96 in chips)
Seat 4: 36e162b8 ($10.55 in chips)
Seat 5: df848f9b ($10 in chips)
Seat 6: a86b1ec2 ($14.03 in chips)
Hero: posts small blind $0.05
36e162b8: posts big blind $0.1
*** HOLE CARDS ***
Dealt to b7534ca7 
Dealt to d9d9f827 
Dealt to Hero [3h 7c]
Dealt to 36e162b8 
Dealt to df848f9b 
Dealt to a86b1ec2 
df848f9b: folds
a86b1ec2: raises $0.1 to $0.2
b7534ca7: folds
d9d9f827: folds
Hero: folds
36e162b8: calls $0.1
*** FLOP *** [3c 6h 4s]
36e162b8: checks
a86b1ec2: checks
*** TURN *** [3c 6h 4s] [9c]
36e162b8: checks
a86b1ec2: checks
*** RIVER *** [3c 6h 4s 9c] [Jd]
36e162b8: checks
a86b1ec2: checks
36e162b8: shows [Ah Qd] (Ace-High)
a86b1ec2: shows [Kh 8s] (King-High)
*** SHOWDOWN ***
36e162b8 collected $0.43 from pot
*** SUMMARY ***
Total pot $0.45 | Rake $0.02 | Jackpot $0 | Bingo $0 | Fortune $0 | Tax $0
Board [3c 6h 4s 9c Jd]
Seat 1: b7534ca7 folded before Flop (didn't bet)
Seat 2: d9d9f827 (button) folded before Flop (didn't bet)
Seat 3: Hero (small blind) folded before Flop
Seat 4: 36e162b8 (big blind) showed [Ah Qd] and won ($0.43) with Ace-High
Seat 5: df848f9b folded before Flop (didn't bet)
Seat 6: a86b1ec2 showed [Kh 8s] and lost with King-High


Poker Hand #HD1783621265: Hold'em No Limit ($0.05/$0.1) - 2024/05/22 18:30:30
Table 'NLHRed52' 6-max Seat #1 is the button
Seat 1: b7534ca7 ($15.67 in chips)
Seat 2: d9d9f827 ($13.59 in chips)
Seat 3: Hero ($19.2 in chips)
Seat 4: 36e162b8 ($10.55 in chips)
Seat 5: df848f9b ($10 in chips)
Seat 6: a86b1ec2 ($13.53 in chips)
d9d9f827: posts small blind $0.05
Hero: posts big blind $0.1
*** HOLE CARDS ***
Dealt to b7534ca7 
Dealt to d9d9f827 
Dealt to Hero [Qs 9h]
Dealt to 36e162b8 
Dealt to df848f9b 
Dealt to a86b1ec2 
36e162b8: folds
df848f9b: folds
a86b1ec2: raises $0.14 to $0.24
b7534ca7: calls $0.24
d9d9f827: folds
Hero: calls $0.14
*** FLOP *** [3c 5h 7h]
Hero: checks
a86b1ec2: bets $0.26
b7534ca7: folds
Hero: folds
Uncalled bet ($0.26) returned to a86b1ec2
*** SHOWDOWN ***
a86b1ec2 collected $0.74 from pot
*** SUMMARY ***
Total pot $0.77 | Rake $0.03 | Jackpot $0 | Bingo $0 | Fortune $0 | Tax $0
Board [3c 5h 7h]
Seat 1: b7534ca7 (button) folded on the Flop
Seat 2: d9d9f827 (small blind) folded before Flop
Seat 3: Hero (big blind) folded on the Flop
Seat 4: 36e162b8 folded before Flop (didn't bet)
Seat 5: df848f9b folded before Flop (didn't bet)
Seat 6: a86b1ec2 won ($0.74)


Poker Hand #HD1783621081: Hold'em No Limit ($0.05/$0.1) - 2024/05/22 18:29:17
Table 'NLHRed52' 6-max Seat #6 is the button
Seat 1: b7534ca7 ($15.72 in chips)
Seat 2: d9d9f827 ($14.14 in chips)
Seat 3: Hero ($19.2 in chips)
Seat 4: 36e162b8 ($10 in chips)
Seat 5: df848f9b ($10 in chips)
Seat 6: a86b1ec2 ($13.53 in chips)
b7534ca7: posts small blind $0.05
d9d9f827: posts big blind $0.1
*** HOLE CARDS ***
Dealt to b7534ca7 
Dealt to d9d9f827 
Dealt to Hero [4s 7d]
Dealt to 36e162b8 
Dealt to df848f9b 
Dealt to a86b1ec2 
Hero: folds
36e162b8: raises $0.15 to $0.25
df848f9b: folds
a86b1ec2: folds
b7534ca7: folds
d9d9f827: calls $0.15
*** FLOP *** [Ac Jh 4h]
d9d9f827: bets $0.3
36e162b8: calls $0.3
*** TURN *** [Ac Jh 4h] [4c]
d9d9f827: checks
36e162b8: bets $0.8
d9d9f827: folds
Uncalled bet ($0.8) returned to 36e162b8
*** SHOWDOWN ***
36e162b8 collected $1.1 from pot
*** SUMMARY ***
Total pot $1.15 | Rake $0.05 | Jackpot $0 | Bingo $0 | Fortune $0 | Tax $0
Board [Ac Jh 4h 4c]
Seat 1: b7534ca7 (small blind) folded before Flop
Seat 2: d9d9f827 (big blind) folded on the Turn
Seat 3: Hero folded before Flop (didn't bet)
Seat 4: 36e162b8 won ($1.1)
Seat 5: df848f9b folded before Flop (didn't bet)
Seat 6: a86b1ec2 (button) folded before Flop (didn't bet)


Poker Hand #HD1783620914: Hold'em No Limit ($0.05/$0.1) - 2024/05/22 18:28:05
Table 'NLHRed52' 6-max Seat #5 is the button
Seat 1: b7534ca7 ($15.82 in chips)
Seat 2: d9d9f827 ($14.54 in chips)
Seat 3: Hero ($19.2 in chips)
Seat 4: 36e162b8 ($10 in chips)
Seat 5: df848f9b ($10.4 in chips)
Seat 6: a86b1ec2 ($12.69 in chips)
a86b1ec2: posts small blind $0.05
b7534ca7: posts big blind $0.1
*** HOLE CARDS ***
Dealt to b7534ca7 
Dealt to d9d9f827 
Dealt to Hero [8c 5s]
Dealt to 36e162b8 
Dealt to df848f9b 
Dealt to a86b1ec2 
d9d9f827: calls $0.1
Hero: folds
36e162b8: folds
df848f9b: raises $0.3 to $0.4
a86b1ec2: calls $0.35
b7534ca7: folds
d9d9f827: calls $0.3
*** FLOP *** [9d Jh 5c]
a86b1ec2: checks
d9d9f827: checks
df848f9b: checks
*** TURN *** [9d Jh 5c] [Ts]
a86b1ec2: bets $0.43
d9d9f827: folds
df848f9b: folds
Uncalled bet ($0.43) returned to a86b1ec2
*** SHOWDOWN ***
a86b1ec2 collected $1.24 from pot
*** SUMMARY ***
Total pot $1.3 | Rake $0.06 | Jackpot $0 | Bingo $0 | Fortune $0 | Tax $0
Board [9d Jh 5c Ts]
Seat 1: b7534ca7 (big blind) folded before Flop
Seat 2: d9d9f827 folded on the Turn
Seat 3: Hero folded before Flop (didn't bet)
Seat 4: 36e162b8 folded before Flop (didn't bet)
Seat 5: df848f9b (button) folded on the Turn
Seat 6: a86b1ec2 (small blind) won ($1.24)


Poker Hand #HD1783620891: Hold'em No Limit ($0.05/$0.1) - 2024/05/22 18:27:53
Table 'NLHRed52' 6-max Seat #4 is the button
Seat 1: b7534ca7 ($15.82 in chips)
Seat 2: d9d9f827 ($14.39 in chips)
Seat 3: Hero ($19.2 in chips)
Seat 4: 36e162b8 ($10 in chips)
Seat 5: df848f9b ($10.45 in chips)
Seat 6: a86b1ec2 ($12.79 in chips)
df848f9b: posts small blind $0.05
a86b1ec2: posts big blind $0.1
*** HOLE CARDS ***
Dealt to b7534ca7 
Dealt to d9d9f827 
Dealt to Hero [8s Js]
Dealt to 36e162b8 
Dealt to df848f9b 
Dealt to a86b1ec2 
b7534ca7: folds
d9d9f827: raises $0.15 to $0.25
Hero: folds
36e162b8: folds
df848f9b: folds
a86b1ec2: folds
Uncalled bet ($0.15) returned to d9d9f827
*** SHOWDOWN ***
d9d9f827 collected $0.25 from pot
*** SUMMARY ***
Total pot $0.25 | Rake $0 | Jackpot $0 | Bingo $0 | Fortune $0 | Tax $0
Seat 1: b7534ca7 folded before Flop (didn't bet)
Seat 2: d9d9f827 collected ($0.25)
Seat 3: Hero folded before Flop (didn't bet)
Seat 4: 36e162b8 (button) folded before Flop (didn't bet)
Seat 5: df848f9b (small blind) folded before Flop
Seat 6: a86b1ec2 (big blind) folded before Flop


Poker Hand #HD1783620759: Hold'em No Limit ($0.05/$0.1) - 2024/05/22 18:27:00
Table 'NLHRed52' 6-max Seat #3 is the button
Seat 1: b7534ca7 ($15.82 in chips)
Seat 2: d9d9f827 ($14.39 in chips)
Seat 3: Hero ($19.64 in chips)
Seat 4: 36e162b8 ($10.05 in chips)
Seat 5: df848f9b ($10 in chips)
Seat 6: a86b1ec2 ($12.79 in chips)
36e162b8: posts small blind $0.05
df848f9b: posts big blind $0.1
*** HOLE CARDS ***
Dealt to b7534ca7 
Dealt to d9d9f827 
Dealt to Hero [Jh Td]
Dealt to 36e162b8 
Dealt to df848f9b 
Dealt to a86b1ec2 
a86b1ec2: folds
b7534ca7: folds
d9d9f827: folds
Hero: raises $0.14 to $0.24
36e162b8: folds
df848f9b: calls $0.14
*** FLOP *** [Kd As 3s]
df848f9b: checks
Hero: bets $0.2
df848f9b: calls $0.2
*** TURN *** [Kd As 3s] [4d]
df848f9b: checks
Hero: checks
*** RIVER *** [Kd As 3s 4d] [3d]
df848f9b: bets $0.95
Hero: folds
Uncalled bet ($0.95) returned to df848f9b
*** SHOWDOWN ***
df848f9b collected $0.89 from pot
*** SUMMARY ***
Total pot $0.93 | Rake $0.04 | Jackpot $0 | Bingo $0 | Fortune $0 | Tax $0
Board [Kd As 3s 4d 3d]
Seat 1: b7534ca7 folded before Flop (didn't bet)
Seat 2: d9d9f827 folded before Flop (didn't bet)
Seat 3: Hero (button) folded on the River
Seat 4: 36e162b8 (small blind) folded before Flop
Seat 5: df848f9b (big blind) won ($0.89)
Seat 6: a86b1ec2 folded before Flop (didn't bet)


Poker Hand #HD1783620724: Hold'em No Limit ($0.05/$0.1) - 2024/05/22 18:26:46
Table 'NLHRed52' 6-max Seat #2 is the button
Seat 1: b7534ca7 ($15.82 in chips)
Seat 2: d9d9f827 ($14.39 in chips)
Seat 3: Hero ($19.69 in chips)
Seat 4: 36e162b8 ($10 in chips)
Seat 5: df848f9b ($10 in chips)
Seat 6: a86b1ec2 ($12.79 in chips)
Hero: posts small blind $0.05
36e162b8: posts big blind $0.1
*** HOLE CARDS ***
Dealt to b7534ca7 
Dealt to d9d9f827 
Dealt to Hero [Ac 6s]
Dealt to 36e162b8 
Dealt to df848f9b 
Dealt to a86b1ec2 
df848f9b: folds
a86b1ec2: folds
b7534ca7: folds
d9d9f827: folds
Hero: folds
Uncalled bet ($0.05) returned to 36e162b8
*** SHOWDOWN ***
36e162b8 collected $0.1 from pot
*** SUMMARY ***
Total pot $0.1 | Rake $0 | Jackpot $0 | Bingo $0 | Fortune $0 | Tax $0
Seat 1: b7534ca7 folded before Flop (didn't bet)
Seat 2: d9d9f827 (button) folded before Flop (didn't bet)
Seat 3: Hero (small blind) folded before Flop
Seat 4: 36e162b8 (big blind) collected ($0.1)
Seat 5: df848f9b folded before Flop (didn't bet)
Seat 6: a86b1ec2 folded before Flop (didn't bet)


Poker Hand #HD1783620684: Hold'em No Limit ($0.05/$0.1) - 2024/05/22 18:26:30
Table 'NLHRed52' 6-max Seat #1 is the button
Seat 1: b7534ca7 ($15.82 in chips)
Seat 2: d9d9f827 ($14.44 in chips)
Seat 3: Hero ($19.64 in chips)
Seat 4: 36e162b8 ($10 in chips)
Seat 5: df848f9b ($10 in chips)
Seat 6: a86b1ec2 ($12.79 in chips)
d9d9f827: posts small blind $0.05
Hero: posts big blind $0.1
*** HOLE CARDS ***
Dealt to b7534ca7 
Dealt to d9d9f827 
Dealt to Hero [3s 6h]
Dealt to 36e162b8 
Dealt to df848f9b 
Dealt to a86b1ec2 
36e162b8: folds
df848f9b: folds
a86b1ec2: folds
b7534ca7: folds
d9d9f827: folds
Uncalled bet ($0.05) returned to Hero
*** SHOWDOWN ***
Hero collected $0.1 from pot
*** SUMMARY ***
Total pot $0.1 | Rake $0 | Jackpot $0 | Bingo $0 | Fortune $0 | Tax $0
Seat 1: b7534ca7 (button) folded before Flop (didn't bet)
Seat 2: d9d9f827 (small blind) folded before Flop
Seat 3: Hero (big blind) collected ($0.1)
Seat 4: 36e162b8 folded before Flop (didn't bet)
Seat 5: df848f9b folded before Flop (didn't bet)
Seat 6: a86b1ec2 folded before Flop (didn't bet)


Poker Hand #HD1783620584: Hold'em No Limit ($0.05/$0.1) - 2024/05/22 18:25:48
Table 'NLHRed52' 6-max Seat #6 is the button
Seat 1: b7534ca7 ($15.87 in chips)
Seat 2: d9d9f827 ($14.64 in chips)
Seat 3: Hero ($19.41 in chips)
Seat 4: 36e162b8 ($10 in chips)
Seat 5: df848f9b ($10 in chips)
Seat 6: a86b1ec2 ($12.79 in chips)
b7534ca7: posts small blind $0.05
d9d9f827: posts big blind $0.1
*** HOLE CARDS ***
Dealt to b7534ca7 
Dealt to d9d9f827 
Dealt to Hero [Kc Js]
Dealt to 36e162b8 
Dealt to df848f9b 
Dealt to a86b1ec2 
Hero: raises $0.1 to $0.2
36e162b8: folds
df848f9b: folds
a86b1ec2: folds
b7534ca7: folds
d9d9f827: calls $0.1
*** FLOP *** [Jd Qd Ts]
d9d9f827: checks
Hero: bets $0.2
d9d9f827: folds
Uncalled bet ($0.2) returned to Hero
*** SHOWDOWN ***
Hero collected $0.43 from pot
*** SUMMARY ***
Total pot $0.45 | Rake $0.02 | Jackpot $0 | Bingo $0 | Fortune $0 | Tax $0
Board [Jd Qd Ts]
Seat 1: b7534ca7 (small blind) folded before Flop
Seat 2: d9d9f827 (big blind) folded on the Flop
Seat 3: Hero won ($0.43)
Seat 4: 36e162b8 folded before Flop (didn't bet)
Seat 5: df848f9b folded before Flop (didn't bet)
Seat 6: a86b1ec2 (button) folded before Flop (didn't bet)


Poker Hand #HD1783620304: Hold'em No Limit ($0.05/$0.1) - 2024/05/22 18:23:55
Table 'NLHRed52' 6-max Seat #5 is the button
Seat 1: b7534ca7 ($15.97 in chips)
Seat 2: d9d9f827 ($16.47 in chips)
Seat 3: Hero ($19.41 in chips)
Seat 4: 36e162b8 ($10 in chips)
Seat 5: df848f9b ($10 in chips)
Seat 6: a86b1ec2 ($10.28 in chips)
a86b1ec2: posts small blind $0.05
b7534ca7: posts big blind $0.1
*** HOLE CARDS ***
Dealt to b7534ca7 
Dealt to d9d9f827 
Dealt to Hero [4h Kd]
Dealt to 36e162b8 
Dealt to df848f9b 
Dealt to a86b1ec2 
d9d9f827: calls $0.1
Hero: folds
36e162b8: raises $0.2 to $0.3
df848f9b: folds
a86b1ec2: raises $0.6 to $0.9
b7534ca7: folds
d9d9f827: calls $0.8
36e162b8: calls $0.6
*** FLOP *** [Th Qc Tc]
a86b1ec2: checks
d9d9f827: checks
36e162b8: checks
*** TURN *** [Th Qc Tc] [Ks]
a86b1ec2: bets $0.93
d9d9f827: calls $0.93
36e162b8: folds
*** RIVER *** [Th Qc Tc Ks] [Td]
a86b1ec2: bets $8.45 and is all-in
d9d9f827: folds
Uncalled bet ($8.45) returned to a86b1ec2
d9d9f827: shows [Jd Jc] (Tens Full over Jacks)
*** SHOWDOWN ***
a86b1ec2 collected $4.34 from pot
*** SUMMARY ***
Total pot $4.66 | Rake $0.22 | Jackpot $0.1 | Bingo $0 | Fortune $0 | Tax $0
Board [Th Qc Tc Ks Td]
Seat 1: b7534ca7 (big blind) folded before Flop
Seat 2: d9d9f827 folded on the River
Seat 3: Hero folded before Flop (didn't bet)
Seat 4: 36e162b8 folded on the Turn
Seat 5: df848f9b (button) folded before Flop (didn't bet)
Seat 6: a86b1ec2 (small blind) won ($4.34)


Poker Hand #HD1783620215: Hold'em No Limit ($0.05/$0.1) - 2024/05/22 18:23:17
Table 'NLHRed52' 6-max Seat #4 is the button
Seat 1: b7534ca7 ($15.97 in chips)
Seat 2: d9d9f827 ($16.47 in chips)
Seat 3: Hero ($19.41 in chips)
Seat 4: 36e162b8 ($10 in chips)
Seat 5: df848f9b ($10 in chips)
Seat 6: a86b1ec2 ($10 in chips)
df848f9b: posts small blind $0.05
a86b1ec2: posts big blind $0.1
*** HOLE CARDS ***
Dealt to b7534ca7 
Dealt to d9d9f827 
Dealt to Hero [Tc 4h]
Dealt to 36e162b8 
Dealt to df848f9b 
Dealt to a86b1ec2 
b7534ca7: folds
d9d9f827: folds
Hero: folds
36e162b8: raises $0.15 to $0.25
df848f9b: folds
a86b1ec2: raises $0.65 to $0.9
36e162b8: folds
Uncalled bet ($0.65) returned to a86b1ec2
*** SHOWDOWN ***
a86b1ec2 collected $0.53 from pot
*** SUMMARY ***
Total pot $0.55 | Rake $0.02 | Jackpot $0 | Bingo $0 | Fortune $0 | Tax $0
Seat 1: b7534ca7 folded before Flop (didn't bet)
Seat 2: d9d9f827 folded before Flop (didn't bet)
Seat 3: Hero folded before Flop (didn't bet)
Seat 4: 36e162b8 (button) folded before Flop
Seat 5: df848f9b (small blind) folded before Flop
Seat 6: a86b1ec2 (big blind) collected ($0.53)


Poker Hand #HD1783620121: Hold'em No Limit ($0.05/$0.1) - 2024/05/22 18:22:34
Table 'NLHRed52' 6-max Seat #3 is the button
Seat 1: b7534ca7 ($15.97 in chips)
Seat 2: d9d9f827 ($16.19 in chips)
Seat 3: Hero ($19.41 in chips)
Seat 4: 36e162b8 ($10 in chips)
Seat 5: df848f9b ($10 in chips)
Seat 6: a86b1ec2 ($10 in chips)
36e162b8: posts small blind $0.05
df848f9b: posts big blind $0.1
*** HOLE CARDS ***
Dealt to b7534ca7 
Dealt to d9d9f827 
Dealt to Hero [Kd Th]
Dealt to 36e162b8 
Dealt to df848f9b 
Dealt to a86b1ec2 
a86b1ec2: folds
b7534ca7: folds
d9d9f827: raises $0.15 to $0.25
Hero: folds
36e162b8: folds
df848f9b: calls $0.15
*** FLOP *** [6s Kc 8d]
df848f9b: checks
d9d9f827: bets $0.2
df848f9b: folds
Uncalled bet ($0.2) returned to d9d9f827
*** SHOWDOWN ***
d9d9f827 collected $0.53 from pot
*** SUMMARY ***
Total pot $0.55 | Rake $0.02 | Jackpot $0 | Bingo $0 | Fortune $0 | Tax $0
Board [6s Kc 8d]
Seat 1: b7534ca7 folded before Flop (didn't bet)
Seat 2: d9d9f827 won ($0.53)
Seat 3: Hero (button) folded before Flop (didn't bet)
Seat 4: 36e162b8 (small blind) folded before Flop
Seat 5: df848f9b (big blind) folded on the Flop
Seat 6: a86b1ec2 folded before Flop (didn't bet)


Poker Hand #HD1783619922: Hold'em No Limit ($0.05/$0.1) - 2024/05/22 18:21:08
Table 'NLHRed52' 6-max Seat #2 is the button
Seat 1: b7534ca7 ($15.97 in chips)
Seat 2: d9d9f827 ($16.19 in chips)
Seat 3: Hero ($10.41 in chips)
Seat 4: 36e162b8 ($10 in chips)
Seat 5: df848f9b ($10 in chips)
Seat 6: a86b1ec2 ($10 in chips)
Hero: posts small blind $0.05
36e162b8: posts big blind $0.1
*** HOLE CARDS ***
Dealt to b7534ca7 
Dealt to d9d9f827 
Dealt to Hero [Qd Qc]
Dealt to 36e162b8 
Dealt to df848f9b 
Dealt to a86b1ec2 
df848f9b: folds
a86b1ec2: raises $0.14 to $0.24
b7534ca7: folds
d9d9f827: folds
Hero: raises $0.86 to $1.1
36e162b8: folds
a86b1ec2: raises $1.6 to $2.7
Hero: raises $7.71 to $10.41 and is all-in
a86b1ec2: calls $7.3 and is all-in
Uncalled bet ($0.41) returned to Hero
Hero: shows [Qd Qc]
a86b1ec2: shows [Ac As]
*** FLOP *** [6d Qh Ks]
*** TURN *** [6d Qh Ks] [9c]
*** RIVER *** [6d Qh Ks 9c] [4d]
*** SHOWDOWN ***
Hero collected $19 from pot
*** SUMMARY ***
Total pot $20.1 | Rake $1 | Jackpot $0.1 | Bingo $0 | Fortune $0 | Tax $0
Board [6d Qh Ks 9c 4d]
Seat 1: b7534ca7 folded before Flop (didn't bet)
Seat 2: d9d9f827 (button) folded before Flop (didn't bet)
Seat 3: Hero (small blind) showed [Qd Qc] and won ($19) with Three Queens
Seat 4: 36e162b8 (big blind) folded before Flop
Seat 5: df848f9b folded before Flop (didn't bet)
Seat 6: a86b1ec2 showed [Ac As] and lost with Pair of Aces


Poker Hand #HD1783619892: Hold'em No Limit ($0.05/$0.1) - 2024/05/22 18:20:57
Table 'NLHRed52' 6-max Seat #1 is the button
Seat 1: b7534ca7 ($15.82 in chips)
Seat 2: d9d9f827 ($16.24 in chips)
Seat 3: Hero ($10.51 in chips)
Seat 5: df848f9b ($10 in chips)
Seat 6: a86b1ec2 ($10 in chips)
d9d9f827: posts small blind $0.05
Hero: posts big blind $0.1
*** HOLE CARDS ***
Dealt to b7534ca7 
Dealt to d9d9f827 
Dealt to Hero [Qc Ts]
Dealt to df848f9b 
Dealt to a86b1ec2 
df848f9b: folds
a86b1ec2: folds
b7534ca7: raises $0.12 to $0.22
d9d9f827: folds
Hero: folds
Uncalled bet ($0.12) returned to b7534ca7
*** SHOWDOWN ***
b7534ca7 collected $0.25 from pot
*** SUMMARY ***
Total pot $0.25 | Rake $0 | Jackpot $0 | Bingo $0 | Fortune $0 | Tax $0
Seat 1: b7534ca7 (button) collected ($0.25)
Seat 2: d9d9f827 (small blind) folded before Flop
Seat 3: Hero (big blind) folded before Flop
Seat 5: df848f9b folded before Flop (didn't bet)
Seat 6: a86b1ec2 folded before Flop (didn't bet)


Poker Hand #HD1783619804: Hold'em No Limit ($0.05/$0.1) - 2024/05/22 18:20:17
Table 'NLHRed52' 6-max Seat #6 is the button
Seat 1: b7534ca7 ($16.32 in chips)
Seat 2: d9d9f827 ($15.79 in chips)
Seat 3: Hero ($10.51 in chips)
Seat 5: df848f9b ($10 in chips)
Seat 6: a86b1ec2 ($10 in chips)
b7534ca7: posts small blind $0.05
d9d9f827: posts big blind $0.1
*** HOLE CARDS ***
Dealt to b7534ca7 
Dealt to d9d9f827 
Dealt to Hero [7s Ad]
Dealt to df848f9b 
Dealt to a86b1ec2 
Hero: folds
df848f9b: folds
a86b1ec2: folds
b7534ca7: raises $0.15 to $0.25
d9d9f827: calls $0.15
*** FLOP *** [3d Td 2s]
b7534ca7: bets $0.25
d9d9f827: calls $0.25
*** TURN *** [3d Td 2s] [2h]
b7534ca7: checks
d9d9f827: bets $0.75
b7534ca7: folds
Uncalled bet ($0.75) returned to d9d9f827
*** SHOWDOWN ***
d9d9f827 collected $0.95 from pot
*** SUMMARY ***
Total pot $1 | Rake $0.05 | Jackpot $0 | Bingo $0 | Fortune $0 | Tax $0
Board [3d Td 2s 2h]
Seat 1: b7534ca7 (small blind) folded on the Turn
Seat 2: d9d9f827 (big blind) won ($0.95)
Seat 3: Hero folded before Flop (didn't bet)
Seat 5: df848f9b folded before Flop (didn't bet)
Seat 6: a86b1ec2 (button) folded before Flop (didn't bet)


Poker Hand #HD1783619629: Hold'em No Limit ($0.05/$0.1) - 2024/05/22 18:19:05
Table 'NLHRed52' 6-max Seat #5 is the button
Seat 1: b7534ca7 ($16.42 in chips)
Seat 2: d9d9f827 ($14.93 in chips)
Seat 3: Hero ($10.51 in chips)
Seat 5: df848f9b ($10 in chips)
Seat 6: a86b1ec2 ($10.05 in chips)
a86b1ec2: posts small blind $0.05
b7534ca7: posts big blind $0.1
*** HOLE CARDS ***
Dealt to b7534ca7 
Dealt to d9d9f827 
Dealt to Hero [4s As]
Dealt to df848f9b 
Dealt to a86b1ec2 
d9d9f827: calls $0.1
Hero: folds
df848f9b: folds
a86b1ec2: raises $0.2 to $0.3
b7534ca7: folds
d9d9f827: calls $0.2
*** FLOP *** [3c 5d 5c]
a86b1ec2: bets $0.24
d9d9f827: calls $0.24
*** TURN *** [3c 5d 5c] [Qd]
a86b1ec2: checks
d9d9f827: bets $0.3
a86b1ec2: calls $0.3
*** RIVER *** [3c 5d 5c Qd] [4h]
a86b1ec2: checks
d9d9f827: checks
a86b1ec2: shows [Ad 8c] (Pair of Fives)
d9d9f827: shows [7s 7d] (Pair of Sevens and Pair of Fives)
*** SHOWDOWN ***
d9d9f827 collected $1.7 from pot
*** SUMMARY ***
Total pot $1.78 | Rake $0.08 | Jackpot $0 | Bingo $0 | Fortune $0 | Tax $0
Board [3c 5d 5c Qd 4h]
Seat 1: b7534ca7 (big blind) folded before Flop
Seat 2: d9d9f827 showed [7s 7d] and won ($1.7) with Pair of Sevens and Pair of Fives
Seat 3: Hero folded before Flop (didn't bet)
Seat 5: df848f9b (button) folded before Flop (didn't bet)
Seat 6: a86b1ec2 (small blind) showed [Ad 8c] and lost with Pair of Fives


Poker Hand #HD1783619545: Hold'em No Limit ($0.05/$0.1) - 2024/05/22 18:18:26
Table 'NLHRed52' 6-max Seat #3 is the button
Seat 1: b7534ca7 ($16.42 in chips)
Seat 2: d9d9f827 ($14.79 in chips)
Seat 3: Hero ($10.51 in chips)
Seat 5: df848f9b ($10 in chips)
Seat 6: a86b1ec2 ($10.15 in chips)
df848f9b: posts small blind $0.05
a86b1ec2: posts big blind $0.1
*** HOLE CARDS ***
Dealt to b7534ca7 
Dealt to d9d9f827 
Dealt to Hero [9d Ks]
Dealt to df848f9b 
Dealt to a86b1ec2 
b7534ca7: folds
d9d9f827: calls $0.1
Hero: folds
df848f9b: folds
a86b1ec2: checks
*** FLOP *** [4c 2s Ah]
a86b1ec2: checks
d9d9f827: bets $0.13
a86b1ec2: folds
Uncalled bet ($0.13) returned to d9d9f827
*** SHOWDOWN ***
d9d9f827 collected $0.24 from pot
*** SUMMARY ***
Total pot $0.25 | Rake $0.01 | Jackpot $0 | Bingo $0 | Fortune $0 | Tax $0
Board [4c 2s Ah]
Seat 1: b7534ca7 folded before Flop (didn't bet)
Seat 2: d9d9f827 won ($0.24)
Seat 3: Hero (button) folded before Flop (didn't bet)
Seat 5: df848f9b (small blind) folded before Flop
Seat 6: a86b1ec2 (big blind) folded on the Flop


Poker Hand #HD1783619490: Hold'em No Limit ($0.05/$0.1) - 2024/05/22 18:18:06
Table 'NLHRed52' 6-max Seat #2 is the button
Seat 1: b7534ca7 ($16.42 in chips)
Seat 2: d9d9f827 ($14.99 in chips)
Seat 3: Hero ($10.23 in chips)
Seat 5: df848f9b ($10 in chips)
Seat 6: a86b1ec2 ($10.15 in chips)
Hero: posts small blind $0.05
df848f9b: posts big blind $0.1
*** HOLE CARDS ***
Dealt to b7534ca7 
Dealt to d9d9f827 
Dealt to Hero [Ad Qc]
Dealt to df848f9b 
Dealt to a86b1ec2 
a86b1ec2: folds
b7534ca7: folds
d9d9f827: raises $0.1 to $0.2
Hero: raises $0.9 to $1.1
df848f9b: folds
d9d9f827: folds
Uncalled bet ($0.9) returned to Hero
*** SHOWDOWN ***
Hero collected $0.48 from pot
*** SUMMARY ***
Total pot $0.5 | Rake $0.02 | Jackpot $0 | Bingo $0 | Fortune $0 | Tax $0
Seat 1: b7534ca7 folded before Flop (didn't bet)
Seat 2: d9d9f827 (button) folded before Flop
Seat 3: Hero (small blind) collected ($0.48)
Seat 5: df848f9b (big blind) folded before Flop
Seat 6: a86b1ec2 folded before Flop (didn't bet)


Poker Hand #HD1783619442: Hold'em No Limit ($0.05/$0.1) - 2024/05/22 18:17:44
Table 'NLHRed52' 6-max Seat #1 is the button
Seat 1: b7534ca7 ($16.42 in chips)
Seat 2: d9d9f827 ($14.9 in chips)
Seat 3: Hero ($10.33 in chips)
Seat 4: d4d8c8a6 ($12.05 in chips)
Seat 5: df848f9b ($10 in chips)
Seat 6: a86b1ec2 ($10.15 in chips)
d9d9f827: posts small blind $0.05
Hero: posts big blind $0.1
*** HOLE CARDS ***
Dealt to b7534ca7 
Dealt to d9d9f827 
Dealt to Hero [Ac 4s]
Dealt to d4d8c8a6 
Dealt to df848f9b 
Dealt to a86b1ec2 
d4d8c8a6: folds
df848f9b: folds
a86b1ec2: folds
b7534ca7: folds
d9d9f827: calls $0.05
Hero: checks
*** FLOP *** [Jd 3s 6s]
d9d9f827: bets $0.1
Hero: folds
Uncalled bet ($0.1) returned to d9d9f827
*** SHOWDOWN ***
d9d9f827 collected $0.19 from pot
*** SUMMARY ***
Total pot $0.2 | Rake $0.01 | Jackpot $0 | Bingo $0 | Fortune $0 | Tax $0
Board [Jd 3s 6s]
Seat 1: b7534ca7 (button) folded before Flop (didn't bet)
Seat 2: d9d9f827 (small blind) won ($0.19)
Seat 3: Hero (big blind) folded on the Flop
Seat 4: d4d8c8a6 folded before Flop (didn't bet)
Seat 5: df848f9b folded before Flop (didn't bet)
Seat 6: a86b1ec2 folded before Flop (didn't bet)


Poker Hand #HD1783619396: Hold'em No Limit ($0.05/$0.1) - 2024/05/22 18:17:24
Table 'NLHRed52' 6-max Seat #6 is the button
Seat 1: b7534ca7 ($16.47 in chips)
Seat 2: d9d9f827 ($14.85 in chips)
Seat 3: Hero ($10.33 in chips)
Seat 4: d4d8c8a6 ($12.05 in chips)
Seat 5: df848f9b ($10 in chips)
Seat 6: a86b1ec2 ($10.15 in chips)
b7534ca7: posts small blind $0.05
d9d9f827: posts big blind $0.1
*** HOLE CARDS ***
Dealt to b7534ca7 
Dealt to d9d9f827 
Dealt to Hero [2c 4h]
Dealt to d4d8c8a6 
Dealt to df848f9b 
Dealt to a86b1ec2 
Hero: folds
d4d8c8a6: folds
df848f9b: folds
a86b1ec2: folds
b7534ca7: folds
Uncalled bet ($0.05) returned to d9d9f827
*** SHOWDOWN ***
d9d9f827 collected $0.1 from pot
*** SUMMARY ***
Total pot $0.1 | Rake $0 | Jackpot $0 | Bingo $0 | Fortune $0 | Tax $0
Seat 1: b7534ca7 (small blind) folded before Flop
Seat 2: d9d9f827 (big blind) collected ($0.1)
Seat 3: Hero folded before Flop (didn't bet)
Seat 4: d4d8c8a6 folded before Flop (didn't bet)
Seat 5: df848f9b folded before Flop (didn't bet)
Seat 6: a86b1ec2 (button) folded before Flop (didn't bet)


Poker Hand #HD1783619339: Hold'em No Limit ($0.05/$0.1) - 2024/05/22 18:17:02
Table 'NLHRed52' 6-max Seat #5 is the button
Seat 1: b7534ca7 ($16.57 in chips)
Seat 2: d9d9f827 ($14.85 in chips)
Seat 3: Hero ($10.33 in chips)
Seat 4: d4d8c8a6 ($12.05 in chips)
Seat 5: df848f9b ($10 in chips)
Seat 6: a86b1ec2 ($10.05 in chips)
a86b1ec2: posts small blind $0.05
b7534ca7: posts big blind $0.1
*** HOLE CARDS ***
Dealt to b7534ca7 
Dealt to d9d9f827 
Dealt to Hero [8s 6c]
Dealt to d4d8c8a6 
Dealt to df848f9b 
Dealt to a86b1ec2 
d9d9f827: folds
Hero: folds
d4d8c8a6: folds
df848f9b: folds
a86b1ec2: raises $0.19 to $0.29
b7534ca7: folds
Uncalled bet ($0.19) returned to a86b1ec2
*** SHOWDOWN ***
a86b1ec2 collected $0.2 from pot
*** SUMMARY ***
Total pot $0.2 | Rake $0 | Jackpot $0 | Bingo $0 | Fortune $0 | Tax $0
Seat 1: b7534ca7 (big blind) folded before Flop
Seat 2: d9d9f827 folded before Flop (didn't bet)
Seat 3: Hero folded before Flop (didn't bet)
Seat 4: d4d8c8a6 folded before Flop (didn't bet)
Seat 5: df848f9b (button) folded before Flop (didn't bet)
Seat 6: a86b1ec2 (small blind) collected ($0.2)


Poker Hand #HD1783619295: Hold'em No Limit ($0.05/$0.1) - 2024/05/22 18:16:46
Table 'NLHRed52' 6-max Seat #4 is the button
Seat 1: b7534ca7 ($16.57 in chips)
Seat 2: d9d9f827 ($14.9 in chips)
Seat 3: Hero ($10.14 in chips)
Seat 4: d4d8c8a6 ($12.05 in chips)
Seat 5: df848f9b ($10 in chips)
Seat 6: a86b1ec2 ($10.15 in chips)
df848f9b: posts small blind $0.05
a86b1ec2: posts big blind $0.1
d9d9f827: posts missed blind $0.05
*** HOLE CARDS ***
Dealt to b7534ca7 
Dealt to d9d9f827 
Dealt to Hero [9d 9s]
Dealt to d4d8c8a6 
Dealt to df848f9b 
Dealt to a86b1ec2 
b7534ca7: folds
d9d9f827: folds
Hero: raises $0.14 to $0.24
d4d8c8a6: folds
df848f9b: folds
a86b1ec2: folds
Uncalled bet ($0.14) returned to Hero
*** SHOWDOWN ***
Hero collected $0.29 from pot
*** SUMMARY ***
Total pot $0.3 | Rake $0.01 | Jackpot $0 | Bingo $0 | Fortune $0 | Tax $0
Seat 1: b7534ca7 folded before Flop (didn't bet)
Seat 2: d9d9f827 folded before Flop
Seat 3: Hero collected ($0.29)
Seat 4: d4d8c8a6 (button) folded before Flop (didn't bet)
Seat 5: df848f9b (small blind) folded before Flop
Seat 6: a86b1ec2 (big blind) folded before Flop


Poker Hand #HD1783619215: Hold'em No Limit ($0.05/$0.1) - 2024/05/22 18:16:15
Table 'NLHRed52' 6-max Seat #3 is the button
Seat 1: b7534ca7 ($16.57 in chips)
Seat 3: Hero ($10.14 in chips)
Seat 4: d4d8c8a6 ($11.77 in chips)
Seat 5: df848f9b ($10 in chips)
Seat 6: a86b1ec2 ($10.15 in chips)
d4d8c8a6: posts small blind $0.05
df848f9b: posts big blind $0.1
*** HOLE CARDS ***
Dealt to b7534ca7 
Dealt to Hero [7s 8d]
Dealt to d4d8c8a6 
Dealt to df848f9b 
Dealt to a86b1ec2 
a86b1ec2: folds
b7534ca7: folds
Hero: folds
d4d8c8a6: raises $0.21 to $0.31
df848f9b: calls $0.21
*** FLOP *** [5h Qc 8h]
d4d8c8a6: bets $0.4
df848f9b: folds
Uncalled bet ($0.4) returned to d4d8c8a6
*** SHOWDOWN ***
d4d8c8a6 collected $0.59 from pot
*** SUMMARY ***
Total pot $0.62 | Rake $0.03 | Jackpot $0 | Bingo $0 | Fortune $0 | Tax $0
Board [5h Qc 8h]
Seat 1: b7534ca7 folded before Flop (didn't bet)
Seat 3: Hero (button) folded before Flop (didn't bet)
Seat 4: d4d8c8a6 (small blind) won ($0.59)
Seat 5: df848f9b (big blind) folded on the Flop
Seat 6: a86b1ec2 folded before Flop (didn't bet)


Poker Hand #HD1783619156: Hold'em No Limit ($0.05/$0.1) - 2024/05/22 18:15:56
Table 'NLHRed52' 6-max Seat #1 is the button
Seat 1: b7534ca7 ($16.57 in chips)
Seat 3: Hero ($10.19 in chips)
Seat 4: d4d8c8a6 ($11.87 in chips)
Seat 5: df848f9b ($10 in chips)
Seat 6: a86b1ec2 ($10 in chips)
Hero: posts small blind $0.05
d4d8c8a6: posts big blind $0.1
*** HOLE CARDS ***
Dealt to b7534ca7 
Dealt to Hero [5h Ad]
Dealt to d4d8c8a6 
Dealt to df848f9b 
Dealt to a86b1ec2 
df848f9b: folds
a86b1ec2: raises $0.14 to $0.24
b7534ca7: folds
Hero: folds
d4d8c8a6: folds
Uncalled bet ($0.14) returned to a86b1ec2
*** SHOWDOWN ***
a86b1ec2 collected $0.25 from pot
*** SUMMARY ***
Total pot $0.25 | Rake $0 | Jackpot $0 | Bingo $0 | Fortune $0 | Tax $0
Seat 1: b7534ca7 (button) folded before Flop (didn't bet)
Seat 3: Hero (small blind) folded before Flop
Seat 4: d4d8c8a6 (big blind) folded before Flop
Seat 5: df848f9b folded before Flop (didn't bet)
Seat 6: a86b1ec2 collected ($0.25)


Poker Hand #HD1783618922: Hold'em No Limit ($0.05/$0.1) - 2024/05/22 18:14:14
Table 'NLHRed52' 6-max Seat #6 is the button
Seat 1: b7534ca7 ($16.27 in chips)
Seat 2: d9d9f827 ($15 in chips)
Seat 3: Hero ($10.19 in chips)
Seat 4: d4d8c8a6 ($12.09 in chips)
Seat 5: df848f9b ($10 in chips)
Seat 6: a86b1ec2 ($10 in chips)
b7534ca7: posts small blind $0.05
d9d9f827: posts big blind $0.1
*** HOLE CARDS ***
Dealt to b7534ca7 
Dealt to d9d9f827 
Dealt to Hero [Qs 4d]
Dealt to d4d8c8a6 
Dealt to df848f9b 
Dealt to a86b1ec2 
Hero: folds
d4d8c8a6: raises $0.12 to $0.22
df848f9b: folds
a86b1ec2: folds
b7534ca7: raises $0.82 to $1.04
d9d9f827: folds
d4d8c8a6: folds
Uncalled bet ($0.82) returned to b7534ca7
*** SHOWDOWN ***
b7534ca7 collected $0.52 from pot
*** SUMMARY ***
Total pot $0.54 | Rake $0.02 | Jackpot $0 | Bingo $0 | Fortune $0 | Tax $0
Seat 1: b7534ca7 (small blind) collected ($0.52)
Seat 2: d9d9f827 (big blind) folded before Flop
Seat 3: Hero folded before Flop (didn't bet)
Seat 4: d4d8c8a6 folded before Flop
Seat 5: df848f9b folded before Flop (didn't bet)
Seat 6: a86b1ec2 (button) folded before Flop (didn't bet)


Poker Hand #HD1783618779: Hold'em No Limit ($0.05/$0.1) - 2024/05/22 18:13:14
Table 'NLHRed52' 6-max Seat #5 is the button
Seat 1: b7534ca7 ($16.37 in chips)
Seat 2: d9d9f827 ($14.22 in chips)
Seat 3: Hero ($10.19 in chips)
Seat 4: d4d8c8a6 ($12.09 in chips)
Seat 5: df848f9b ($10.11 in chips)
Seat 6: a86b1ec2 ($10.05 in chips)
a86b1ec2: posts small blind $0.05
b7534ca7: posts big blind $0.1
*** HOLE CARDS ***
Dealt to b7534ca7 
Dealt to d9d9f827 
Dealt to Hero [6d 2h]
Dealt to d4d8c8a6 
Dealt to df848f9b 
Dealt to a86b1ec2 
d9d9f827: calls $0.1
Hero: folds
d4d8c8a6: folds
df848f9b: raises $0.3 to $0.4
a86b1ec2: folds
b7534ca7: folds
d9d9f827: calls $0.3
*** FLOP *** [6s Kh Ah]
d9d9f827: checks
df848f9b: bets $0.3
d9d9f827: calls $0.3
*** TURN *** [6s Kh Ah] [8s]
d9d9f827: checks
df848f9b: checks
*** RIVER *** [6s Kh Ah 8s] [6c]
d9d9f827: bets $0.5
df848f9b: folds
Uncalled bet ($0.5) returned to d9d9f827
*** SHOWDOWN ***
d9d9f827 collected $1.48 from pot
*** SUMMARY ***
Total pot $1.55 | Rake $0.07 | Jackpot $0 | Bingo $0 | Fortune $0 | Tax $0
Board [6s Kh Ah 8s 6c]
Seat 1: b7534ca7 (big blind) folded before Flop
Seat 2: d9d9f827 won ($1.48)
Seat 3: Hero folded before Flop (didn't bet)
Seat 4: d4d8c8a6 folded before Flop (didn't bet)
Seat 5: df848f9b (button) folded on the River
Seat 6: a86b1ec2 (small blind) folded before Flop


Poker Hand #HD1783618738: Hold'em No Limit ($0.05/$0.1) - 2024/05/22 18:13:01
Table 'NLHRed52' 6-max Seat #4 is the button
Seat 1: b7534ca7 ($16.37 in chips)
Seat 2: d9d9f827 ($14.22 in chips)
Seat 3: Hero ($10.19 in chips)
Seat 4: d4d8c8a6 ($12.09 in chips)
Seat 5: df848f9b ($10.16 in chips)
Seat 6: a86b1ec2 ($10 in chips)
df848f9b: posts small blind $0.05
a86b1ec2: posts big blind $0.1
*** HOLE CARDS ***
Dealt to b7534ca7 
Dealt to d9d9f827 
Dealt to Hero [Ks 3s]
Dealt to d4d8c8a6 
Dealt to df848f9b 
Dealt to a86b1ec2 
b7534ca7: folds
d9d9f827: folds
Hero: folds
d4d8c8a6: folds
df848f9b: folds
Uncalled bet ($0.05) returned to a86b1ec2
*** SHOWDOWN ***
a86b1ec2 collected $0.1 from pot
*** SUMMARY ***
Total pot $0.1 | Rake $0 | Jackpot $0 | Bingo $0 | Fortune $0 | Tax $0
Seat 1: b7534ca7 folded before Flop (didn't bet)
Seat 2: d9d9f827 folded before Flop (didn't bet)
Seat 3: Hero folded before Flop (didn't bet)
Seat 4: d4d8c8a6 (button) folded before Flop (didn't bet)
Seat 5: df848f9b (small blind) folded before Flop
Seat 6: a86b1ec2 (big blind) collected ($0.1)


Poker Hand #HD1783618672: Hold'em No Limit ($0.05/$0.1) - 2024/05/22 18:12:36
Table 'NLHRed52' 6-max Seat #3 is the button
Seat 1: b7534ca7 ($16.37 in chips)
Seat 2: d9d9f827 ($14.08 in chips)
Seat 3: Hero ($10.19 in chips)
Seat 4: d4d8c8a6 ($12.14 in chips)
Seat 5: df848f9b ($10.26 in chips)
Seat 6: a86b1ec2 ($10 in chips)
d4d8c8a6: posts small blind $0.05
df848f9b: posts big blind $0.1
*** HOLE CARDS ***
Dealt to b7534ca7 
Dealt to d9d9f827 
Dealt to Hero [Ac 7h]
Dealt to d4d8c8a6 
Dealt to df848f9b 
Dealt to a86b1ec2 
a86b1ec2: folds
b7534ca7: folds
d9d9f827: calls $0.1
Hero: folds
d4d8c8a6: folds
df848f9b: checks
*** FLOP *** [Qd Td 3h]
df848f9b: checks
d9d9f827: bets $0.19
df848f9b: folds
Uncalled bet ($0.19) returned to d9d9f827
*** SHOWDOWN ***
d9d9f827 collected $0.24 from pot
*** SUMMARY ***
Total pot $0.25 | Rake $0.01 | Jackpot $0 | Bingo $0 | Fortune $0 | Tax $0
Board [Qd Td 3h]
Seat 1: b7534ca7 folded before Flop (didn't bet)
Seat 2: d9d9f827 won ($0.24)
Seat 3: Hero (button) folded before Flop (didn't bet)
Seat 4: d4d8c8a6 (small blind) folded before Flop
Seat 5: df848f9b (big blind) folded on the Flop
Seat 6: a86b1ec2 folded before Flop (didn't bet)


Poker Hand #HD1783618478: Hold'em No Limit ($0.05/$0.1) - 2024/05/22 18:11:19
Table 'NLHRed52' 6-max Seat #2 is the button
Seat 1: b7534ca7 ($16.37 in chips)
Seat 2: d9d9f827 ($13.44 in chips)
Seat 3: Hero ($10.24 in chips)
Seat 4: d4d8c8a6 ($12.24 in chips)
Seat 5: df848f9b ($10.26 in chips)
Seat 6: a86b1ec2 ($10 in chips)
Hero: posts small blind $0.05
d4d8c8a6: posts big blind $0.1
a86b1ec2: posts big blind $0.1
*** HOLE CARDS ***
Dealt to b7534ca7 
Dealt to d9d9f827 
Dealt to Hero [6c 6s]
Dealt to d4d8c8a6 
Dealt to df848f9b 
Dealt to a86b1ec2 
df848f9b: folds
a86b1ec2: checks
b7534ca7: folds
d9d9f827: raises $0.2 to $0.3
Hero: folds
d4d8c8a6: folds
a86b1ec2: calls $0.2
*** FLOP *** [Qc Kc 8h]
a86b1ec2: bets $0.25
d9d9f827: calls $0.25
*** TURN *** [Qc Kc 8h] [Qd]
a86b1ec2: checks
d9d9f827: checks
*** RIVER *** [Qc Kc 8h Qd] [9h]
a86b1ec2: checks
d9d9f827: checks
a86b1ec2: shows [7c 9c] (Pair of Queens and Pair of Nines)
d9d9f827: shows [Ts Tc] (Pair of Queens and Pair of Tens)
*** SHOWDOWN ***
d9d9f827 collected $1.19 from pot
*** SUMMARY ***
Total pot $1.25 | Rake $0.06 | Jackpot $0 | Bingo $0 | Fortune $0 | Tax $0
Board [Qc Kc 8h Qd 9h]
Seat 1: b7534ca7 folded before Flop (didn't bet)
Seat 2: d9d9f827 (button) showed [Ts Tc] and won ($1.19) with Pair of Queens and Pair of Tens
Seat 3: Hero (small blind) folded before Flop
Seat 4: d4d8c8a6 (big blind) folded before Flop
Seat 5: df848f9b folded before Flop (didn't bet)
Seat 6: a86b1ec2 showed [7c 9c] and lost with Pair of Queens and Pair of Nines


Poker Hand #HD1783618360: Hold'em No Limit ($0.05/$0.1) - 2024/05/22 18:10:27
Table 'NLHRed52' 6-max Seat #1 is the button
Seat 1: b7534ca7 ($16.37 in chips)
Seat 2: d9d9f827 ($13.34 in chips)
Seat 3: Hero ($10.15 in chips)
Seat 4: d4d8c8a6 ($12.24 in chips)
Seat 5: df848f9b ($10.51 in chips)
d9d9f827: posts small blind $0.05
Hero: posts big blind $0.1
*** HOLE CARDS ***
Dealt to b7534ca7 
Dealt to d9d9f827 
Dealt to Hero [Jd 6d]
Dealt to d4d8c8a6 
Dealt to df848f9b 
d4d8c8a6: folds
df848f9b: raises $0.15 to $0.25
b7534ca7: folds
d9d9f827: calls $0.2
Hero: calls $0.15
*** FLOP *** [3c 7s Ac]
d9d9f827: checks
Hero: checks
df848f9b: checks
*** TURN *** [3c 7s Ac] [7d]
d9d9f827: checks
Hero: checks
df848f9b: checks
*** RIVER *** [3c 7s Ac 7d] [Js]
d9d9f827: bets $0.4
Hero: calls $0.4
df848f9b: folds
d9d9f827: shows [Qc Jc] (Pair of Jacks and Pair of Sevens)
Hero: shows [Jd 6d] (Pair of Jacks and Pair of Sevens)
*** SHOWDOWN ***
d9d9f827 collected $0.75 from pot
Hero collected $0.74 from pot
*** SUMMARY ***
Total pot $1.55 | Rake $0.06 | Jackpot $0 | Bingo $0 | Fortune $0 | Tax $0
Board [3c 7s Ac 7d Js]
Seat 1: b7534ca7 (button) folded before Flop (didn't bet)
Seat 2: d9d9f827 (small blind) showed [Qc Jc] and won ($0.75) with Pair of Jacks and Pair of Sevens
Seat 3: Hero (big blind) showed [Jd 6d] and won ($0.74) with Pair of Jacks and Pair of Sevens
Seat 4: d4d8c8a6 folded before Flop (didn't bet)
Seat 5: df848f9b folded on the River


Poker Hand #HD1783618339: Hold'em No Limit ($0.05/$0.1) - 2024/05/22 18:10:18
Table 'NLHRed52' 6-max Seat #5 is the button
Seat 1: b7534ca7 ($16.42 in chips)
Seat 2: d9d9f827 ($13.29 in chips)
Seat 3: Hero ($10.15 in chips)
Seat 4: d4d8c8a6 ($12.24 in chips)
Seat 5: df848f9b ($10.51 in chips)
b7534ca7: posts small blind $0.05
d9d9f827: posts big blind $0.1
*** HOLE CARDS ***
Dealt to b7534ca7 
Dealt to d9d9f827 
Dealt to Hero [3s Ad]
Dealt to d4d8c8a6 
Dealt to df848f9b 
Hero: folds
d4d8c8a6: folds
df848f9b: folds
b7534ca7: folds
Uncalled bet ($0.05) returned to d9d9f827
*** SHOWDOWN ***
d9d9f827 collected $0.1 from pot
*** SUMMARY ***
Total pot $0.1 | Rake $0 | Jackpot $0 | Bingo $0 | Fortune $0 | Tax $0
Seat 1: b7534ca7 (small blind) folded before Flop
Seat 2: d9d9f827 (big blind) collected ($0.1)
Seat 3: Hero folded before Flop (didn't bet)
Seat 4: d4d8c8a6 folded before Flop (didn't bet)
Seat 5: df848f9b (button) folded before Flop (didn't bet)


Poker Hand #HD1783618313: Hold'em No Limit ($0.05/$0.1) - 2024/05/22 18:10:03
Table 'NLHRed52' 6-max Seat #4 is the button
Seat 1: b7534ca7 ($16.52 in chips)
Seat 2: d9d9f827 ($13.29 in chips)
Seat 3: Hero ($10 in chips)
Seat 4: d4d8c8a6 ($12.24 in chips)
Seat 5: df848f9b ($10.56 in chips)
df848f9b: posts small blind $0.05
b7534ca7: posts big blind $0.1
*** HOLE CARDS ***
Dealt to b7534ca7 
Dealt to d9d9f827 
Dealt to Hero [8s Ah]
Dealt to d4d8c8a6 
Dealt to df848f9b 
d9d9f827: folds
Hero: raises $0.14 to $0.24
d4d8c8a6: folds
df848f9b: folds
b7534ca7: folds
Uncalled bet ($0.14) returned to Hero
*** SHOWDOWN ***
Hero collected $0.25 from pot
*** SUMMARY ***
Total pot $0.25 | Rake $0 | Jackpot $0 | Bingo $0 | Fortune $0 | Tax $0
Seat 1: b7534ca7 (big blind) folded before Flop
Seat 2: d9d9f827 folded before Flop (didn't bet)
Seat 3: Hero collected ($0.25)
Seat 4: d4d8c8a6 (button) folded before Flop (didn't bet)
Seat 5: df848f9b (small blind) folded before Flop


Poker Hand #HD1783618231: Hold'em No Limit ($0.05/$0.1) - 2024/05/22 18:09:30
Table 'NLHRed52' 6-max Seat #3 is the button
Seat 1: b7534ca7 ($16.52 in chips)
Seat 2: d9d9f827 ($13.69 in chips)
Seat 3: Hero ($10 in chips)
Seat 4: d4d8c8a6 ($12.29 in chips)
Seat 5: df848f9b ($10.15 in chips)
d4d8c8a6: posts small blind $0.05
df848f9b: posts big blind $0.1
*** HOLE CARDS ***
Dealt to b7534ca7 
Dealt to d9d9f827 
Dealt to Hero [6s Qc]
Dealt to d4d8c8a6 
Dealt to df848f9b 
b7534ca7: folds
d9d9f827: calls $0.1
Hero: folds
d4d8c8a6: folds
df848f9b: raises $0.3 to $0.4
d9d9f827: calls $0.3
*** FLOP *** [2c As Ks]
df848f9b: bets $0.45
d9d9f827: folds
Uncalled bet ($0.45) returned to df848f9b
*** SHOWDOWN ***
df848f9b collected $0.81 from pot
*** SUMMARY ***
Total pot $0.85 | Rake $0.04 | Jackpot $0 | Bingo $0 | Fortune $0 | Tax $0
Board [2c As Ks]
Seat 1: b7534ca7 folded before Flop (didn't bet)
Seat 2: d9d9f827 folded on the Flop
Seat 3: Hero (button) folded before Flop (didn't bet)
Seat 4: d4d8c8a6 (small blind) folded before Flop
Seat 5: df848f9b (big blind) won ($0.81)


Poker Hand #HD1783618198: Hold'em No Limit ($0.05/$0.1) - 2024/05/22 18:09:16
Table 'NLHRed52' 6-max Seat #2 is the button
Seat 1: b7534ca7 ($16.52 in chips)
Seat 2: d9d9f827 ($13.69 in chips)
Seat 3: Hero ($10.05 in chips)
Seat 4: d4d8c8a6 ($12.24 in chips)
Seat 5: df848f9b ($10.15 in chips)
Hero: posts small blind $0.05
d4d8c8a6: posts big blind $0.1
*** HOLE CARDS ***
Dealt to b7534ca7 
Dealt to d9d9f827 
Dealt to Hero [5h 3c]
Dealt to d4d8c8a6 
Dealt to df848f9b 
df848f9b: folds
b7534ca7: folds
d9d9f827: folds
Hero: folds
Uncalled bet ($0.05) returned to d4d8c8a6
*** SHOWDOWN ***
d4d8c8a6 collected $0.1 from pot
*** SUMMARY ***
Total pot $0.1 | Rake $0 | Jackpot $0 | Bingo $0 | Fortune $0 | Tax $0
Seat 1: b7534ca7 folded before Flop (didn't bet)
Seat 2: d9d9f827 (button) folded before Flop (didn't bet)
Seat 3: Hero (small blind) folded before Flop
Seat 4: d4d8c8a6 (big blind) collected ($0.1)
Seat 5: df848f9b folded before Flop (didn't bet)


Poker Hand #HD1783618160: Hold'em No Limit ($0.05/$0.1) - 2024/05/22 18:08:58
Table 'NLHRed52' 6-max Seat #1 is the button
Seat 1: b7534ca7 ($16.52 in chips)
Seat 2: d9d9f827 ($13.74 in chips)
Seat 3: Hero ($10.15 in chips)
Seat 4: d4d8c8a6 ($12.09 in chips)
Seat 5: df848f9b ($10.15 in chips)
d9d9f827: posts small blind $0.05
Hero: posts big blind $0.1
*** HOLE CARDS ***
Dealt to b7534ca7 
Dealt to d9d9f827 
Dealt to Hero [Ad 4h]
Dealt to d4d8c8a6 
Dealt to df848f9b 
d4d8c8a6: raises $0.12 to $0.22
df848f9b: folds
b7534ca7: folds
d9d9f827: folds
Hero: folds
Uncalled bet ($0.12) returned to d4d8c8a6
*** SHOWDOWN ***
d4d8c8a6 collected $0.25 from pot
*** SUMMARY ***
Total pot $0.25 | Rake $0 | Jackpot $0 | Bingo $0 | Fortune $0 | Tax $0
Seat 1: b7534ca7 (button) folded before Flop (didn't bet)
Seat 2: d9d9f827 (small blind) folded before Flop
Seat 3: Hero (big blind) folded before Flop
Seat 4: d4d8c8a6 collected ($0.25)
Seat 5: df848f9b folded before Flop (didn't bet)


Poker Hand #HD1783618125: Hold'em No Limit ($0.05/$0.1) - 2024/05/22 18:08:38
Table 'NLHRed52' 6-max Seat #5 is the button
Seat 1: b7534ca7 ($16.57 in chips)
Seat 2: d9d9f827 ($13.84 in chips)
Seat 3: Hero ($10.15 in chips)
Seat 4: d4d8c8a6 ($12.09 in chips)
Seat 5: df848f9b ($10 in chips)
b7534ca7: posts small blind $0.05
d9d9f827: posts big blind $0.1
*** HOLE CARDS ***
Dealt to b7534ca7 
Dealt to d9d9f827 
Dealt to Hero [3d Kc]
Dealt to d4d8c8a6 
Dealt to df848f9b 
Hero: folds
d4d8c8a6: folds
df848f9b: raises $0.15 to $0.25
b7534ca7: folds
d9d9f827: folds
Uncalled bet ($0.15) returned to df848f9b
*** SHOWDOWN ***
df848f9b collected $0.25 from pot
*** SUMMARY ***
Total pot $0.25 | Rake $0 | Jackpot $0 | Bingo $0 | Fortune $0 | Tax $0
Seat 1: b7534ca7 (small blind) folded before Flop
Seat 2: d9d9f827 (big blind) folded before Flop
Seat 3: Hero folded before Flop (didn't bet)
Seat 4: d4d8c8a6 folded before Flop (didn't bet)
Seat 5: df848f9b (button) collected ($0.25)


Poker Hand #HD1783618106: Hold'em No Limit ($0.05/$0.1) - 2024/05/22 18:08:30
Table 'NLHRed52' 6-max Seat #4 is the button
Seat 1: b7534ca7 ($16.52 in chips)
Seat 2: d9d9f827 ($13.84 in chips)
Seat 3: Hero ($10.15 in chips)
Seat 4: d4d8c8a6 ($12.09 in chips)
Seat 5: df848f9b ($10 in chips)
df848f9b: posts small blind $0.05
b7534ca7: posts big blind $0.1
*** HOLE CARDS ***
Dealt to b7534ca7 
Dealt to d9d9f827 
Dealt to Hero [3d Js]
Dealt to d4d8c8a6 
Dealt to df848f9b 
d9d9f827: folds
Hero: folds
d4d8c8a6: folds
df848f9b: folds
Uncalled bet ($0.05) returned to b7534ca7
*** SHOWDOWN ***
b7534ca7 collected $0.1 from pot
*** SUMMARY ***
Total pot $0.1 | Rake $0 | Jackpot $0 | Bingo $0 | Fortune $0 | Tax $0
Seat 1: b7534ca7 (big blind) collected ($0.1)
Seat 2: d9d9f827 folded before Flop (didn't bet)
Seat 3: Hero folded before Flop (didn't bet)
Seat 4: d4d8c8a6 (button) folded before Flop (didn't bet)
Seat 5: df848f9b (small blind) folded before Flop


Poker Hand #HD1783618034: Hold'em No Limit ($0.05/$0.1) - 2024/05/22 18:07:52
Table 'NLHRed52' 6-max Seat #3 is the button
Seat 1: b7534ca7 ($16.52 in chips)
Seat 2: d9d9f827 ($14.44 in chips)
Seat 3: Hero ($10.15 in chips)
Seat 4: d4d8c8a6 ($11.45 in chips)
Seat 5: df848f9b ($10 in chips)
d4d8c8a6: posts small blind $0.05
df848f9b: posts big blind $0.1
*** HOLE CARDS ***
Dealt to b7534ca7 
Dealt to d9d9f827 
Dealt to Hero [5d Td]
Dealt to d4d8c8a6 
Dealt to df848f9b 
b7534ca7: folds
d9d9f827: calls $0.1
Hero: folds
d4d8c8a6: calls $0.05
df848f9b: checks
*** FLOP *** [7s 7d Ad]
d4d8c8a6: checks
df848f9b: checks
d9d9f827: bets $0.15
d4d8c8a6: raises $0.35 to $0.5
df848f9b: folds
d9d9f827: calls $0.35
*** TURN *** [7s 7d Ad] [2c]
d4d8c8a6: bets $0.98
d9d9f827: folds
Uncalled bet ($0.98) returned to d4d8c8a6
*** SHOWDOWN ***
d4d8c8a6 collected $1.24 from pot
*** SUMMARY ***
Total pot $1.3 | Rake $0.06 | Jackpot $0 | Bingo $0 | Fortune $0 | Tax $0
Board [7s 7d Ad 2c]
Seat 1: b7534ca7 folded before Flop (didn't bet)
Seat 2: d9d9f827 folded on the Turn
Seat 3: Hero (button) folded before Flop (didn't bet)
Seat 4: d4d8c8a6 (small blind) won ($1.24)
Seat 5: df848f9b (big blind) folded on the Flop


Poker Hand #HD1783618017: Hold'em No Limit ($0.05/$0.1) - 2024/05/22 18:07:44
Table 'NLHRed52' 6-max Seat #2 is the button
Seat 1: b7534ca7 ($16.52 in chips)
Seat 2: d9d9f827 ($14.29 in chips)
Seat 3: Hero ($10.2 in chips)
Seat 4: d4d8c8a6 ($11.55 in chips)
Seat 5: df848f9b ($10 in chips)
Hero: posts small blind $0.05
d4d8c8a6: posts big blind $0.1
*** HOLE CARDS ***
Dealt to b7534ca7 
Dealt to d9d9f827 
Dealt to Hero [9h 6d]
Dealt to d4d8c8a6 
Dealt to df848f9b 
df848f9b: folds
b7534ca7: folds
d9d9f827: raises $0.1 to $0.2
Hero: folds
d4d8c8a6: folds
Uncalled bet ($0.1) returned to d9d9f827
*** SHOWDOWN ***
d9d9f827 collected $0.25 from pot
*** SUMMARY ***
Total pot $0.25 | Rake $0 | Jackpot $0 | Bingo $0 | Fortune $0 | Tax $0
Seat 1: b7534ca7 folded before Flop (didn't bet)
Seat 2: d9d9f827 (button) collected ($0.25)
Seat 3: Hero (small blind) folded before Flop
Seat 4: d4d8c8a6 (big blind) folded before Flop
Seat 5: df848f9b folded before Flop (didn't bet)


Poker Hand #HD1783617972: Hold'em No Limit ($0.05/$0.1) - 2024/05/22 18:07:28
Table 'NLHRed52' 6-max Seat #1 is the button
Seat 1: b7534ca7 ($16.52 in chips)
Seat 2: d9d9f827 ($14.2 in chips)
Seat 3: Hero ($10.3 in chips)
Seat 4: d4d8c8a6 ($11.55 in chips)
Seat 5: df848f9b ($10 in chips)
d9d9f827: posts small blind $0.05
Hero: posts big blind $0.1
*** HOLE CARDS ***
Dealt to b7534ca7 
Dealt to d9d9f827 
Dealt to Hero [8h 4c]
Dealt to d4d8c8a6 
Dealt to df848f9b 
d4d8c8a6: folds
df848f9b: folds
b7534ca7: folds
d9d9f827: calls $0.05
Hero: checks
*** FLOP *** [Td Ah 3s]
d9d9f827: bets $0.1
Hero: folds
Uncalled bet ($0.1) returned to d9d9f827
*** SHOWDOWN ***
d9d9f827 collected $0.19 from pot
*** SUMMARY ***
Total pot $0.2 | Rake $0.01 | Jackpot $0 | Bingo $0 | Fortune $0 | Tax $0
Board [Td Ah 3s]
Seat 1: b7534ca7 (button) folded before Flop (didn't bet)
Seat 2: d9d9f827 (small blind) won ($0.19)
Seat 3: Hero (big blind) folded on the Flop
Seat 4: d4d8c8a6 folded before Flop (didn't bet)
Seat 5: df848f9b folded before Flop (didn't bet)


Poker Hand #HD1783617958: Hold'em No Limit ($0.05/$0.1) - 2024/05/22 18:07:20
Table 'NLHRed52' 6-max Seat #5 is the button
Seat 1: b7534ca7 ($16.57 in chips)
Seat 2: d9d9f827 ($14.15 in chips)
Seat 3: Hero ($10.3 in chips)
Seat 4: d4d8c8a6 ($11.55 in chips)
Seat 5: df848f9b ($10 in chips)
b7534ca7: posts small blind $0.05
d9d9f827: posts big blind $0.1
*** HOLE CARDS ***
Dealt to b7534ca7 
Dealt to d9d9f827 
Dealt to Hero [Kc 6c]
Dealt to d4d8c8a6 
Dealt to df848f9b 
Hero: folds
d4d8c8a6: folds
df848f9b: folds
b7534ca7: folds
Uncalled bet ($0.05) returned to d9d9f827
*** SHOWDOWN ***
d9d9f827 collected $0.1 from pot
*** SUMMARY ***
Total pot $0.1 | Rake $0 | Jackpot $0 | Bingo $0 | Fortune $0 | Tax $0
Seat 1: b7534ca7 (small blind) folded before Flop
Seat 2: d9d9f827 (big blind) collected ($0.1)
Seat 3: Hero folded before Flop (didn't bet)
Seat 4: d4d8c8a6 folded before Flop (didn't bet)
Seat 5: df848f9b (button) folded before Flop (didn't bet)


Poker Hand #HD1783617909: Hold'em No Limit ($0.05/$0.1) - 2024/05/22 18:07:00
Table 'NLHRed52' 6-max Seat #4 is the button
Seat 1: b7534ca7 ($16.47 in chips)
Seat 2: d9d9f827 ($14.15 in chips)
Seat 3: Hero ($10.3 in chips)
Seat 4: d4d8c8a6 ($11.55 in chips)
Seat 5: df848f9b ($10.01 in chips)
df848f9b: posts small blind $0.05
b7534ca7: posts big blind $0.1
*** HOLE CARDS ***
Dealt to b7534ca7 
Dealt to d9d9f827 
Dealt to Hero [8h 5h]
Dealt to d4d8c8a6 
Dealt to df848f9b 
d9d9f827: folds
Hero: folds
d4d8c8a6: folds
df848f9b: calls $0.05
b7534ca7: raises $0.45 to $0.55
df848f9b: folds
Uncalled bet ($0.45) returned to b7534ca7
*** SHOWDOWN ***
b7534ca7 collected $0.2 from pot
*** SUMMARY ***
Total pot $0.2 | Rake $0 | Jackpot $0 | Bingo $0 | Fortune $0 | Tax $0
Seat 1: b7534ca7 (big blind) collected ($0.2)
Seat 2: d9d9f827 folded before Flop (didn't bet)
Seat 3: Hero folded before Flop (didn't bet)
Seat 4: d4d8c8a6 (button) folded before Flop (didn't bet)
Seat 5: df848f9b (small blind) folded before Flop


Poker Hand #HD1783617840: Hold'em No Limit ($0.05/$0.1) - 2024/05/22 18:06:32
Table 'NLHRed52' 6-max Seat #3 is the button
Seat 1: b7534ca7 ($16.47 in chips)
Seat 2: d9d9f827 ($14.15 in chips)
Seat 3: Hero ($10.54 in chips)
Seat 4: d4d8c8a6 ($11.23 in chips)
Seat 5: df848f9b ($10.11 in chips)
d4d8c8a6: posts small blind $0.05
df848f9b: posts big blind $0.1
*** HOLE CARDS ***
Dealt to b7534ca7 
Dealt to d9d9f827 
Dealt to Hero [Ad Qh]
Dealt to d4d8c8a6 
Dealt to df848f9b 
b7534ca7: folds
d9d9f827: folds
Hero: raises $0.14 to $0.24
d4d8c8a6: raises $1.05 to $1.29
df848f9b: folds
Hero: folds
Uncalled bet ($1.05) returned to d4d8c8a6
*** SHOWDOWN ***
d4d8c8a6 collected $0.56 from pot
*** SUMMARY ***
Total pot $0.58 | Rake $0.02 | Jackpot $0 | Bingo $0 | Fortune $0 | Tax $0
Seat 1: b7534ca7 folded before Flop (didn't bet)
Seat 2: d9d9f827 folded before Flop (didn't bet)
Seat 3: Hero (button) folded before Flop
Seat 4: d4d8c8a6 (small blind) collected ($0.56)
Seat 5: df848f9b (big blind) folded before Flop


Poker Hand #HD1783617799: Hold'em No Limit ($0.05/$0.1) - 2024/05/22 18:06:14
Table 'NLHRed52' 6-max Seat #2 is the button
Seat 1: b7534ca7 ($16.47 in chips)
Seat 2: d9d9f827 ($14.4 in chips)
Seat 3: Hero ($10.22 in chips)
Seat 4: d4d8c8a6 ($11.33 in chips)
Seat 5: df848f9b ($10.11 in chips)
Hero: posts small blind $0.05
d4d8c8a6: posts big blind $0.1
*** HOLE CARDS ***
Dealt to b7534ca7 
Dealt to d9d9f827 
Dealt to Hero [As Ts]
Dealt to d4d8c8a6 
Dealt to df848f9b 
df848f9b: folds
b7534ca7: folds
d9d9f827: raises $0.15 to $0.25
Hero: raises $0.85 to $1.1
d4d8c8a6: folds
d9d9f827: folds
Uncalled bet ($0.85) returned to Hero
*** SHOWDOWN ***
Hero collected $0.57 from pot
*** SUMMARY ***
Total pot $0.6 | Rake $0.03 | Jackpot $0 | Bingo $0 | Fortune $0 | Tax $0
Seat 1: b7534ca7 folded before Flop (didn't bet)
Seat 2: d9d9f827 (button) folded before Flop
Seat 3: Hero (small blind) collected ($0.57)
Seat 4: d4d8c8a6 (big blind) folded before Flop
Seat 5: df848f9b folded before Flop (didn't bet)


Poker Hand #HD1783617774: Hold'em No Limit ($0.05/$0.1) - 2024/05/22 18:06:04
Table 'NLHRed52' 6-max Seat #1 is the button
Seat 1: b7534ca7 ($16.47 in chips)
Seat 2: d9d9f827 ($14.45 in chips)
Seat 3: Hero ($10.32 in chips)
Seat 4: d4d8c8a6 ($11.18 in chips)
Seat 5: df848f9b ($10.11 in chips)
d9d9f827: posts small blind $0.05
Hero: posts big blind $0.1
*** HOLE CARDS ***
Dealt to b7534ca7 
Dealt to d9d9f827 
Dealt to Hero [7c 6d]
Dealt to d4d8c8a6 
Dealt to df848f9b 
d4d8c8a6: raises $0.12 to $0.22
df848f9b: folds
b7534ca7: folds
d9d9f827: folds
Hero: folds
Uncalled bet ($0.12) returned to d4d8c8a6
*** SHOWDOWN ***
d4d8c8a6 collected $0.25 from pot
*** SUMMARY ***
Total pot $0.25 | Rake $0 | Jackpot $0 | Bingo $0 | Fortune $0 | Tax $0
Seat 1: b7534ca7 (button) folded before Flop (didn't bet)
Seat 2: d9d9f827 (small blind) folded before Flop
Seat 3: Hero (big blind) folded before Flop
Seat 4: d4d8c8a6 collected ($0.25)
Seat 5: df848f9b folded before Flop (didn't bet)


Poker Hand #HD1783617709: Hold'em No Limit ($0.05/$0.1) - 2024/05/22 18:05:40
Table 'NLHRed52' 6-max Seat #5 is the button
Seat 1: b7534ca7 ($17.05 in chips)
Seat 2: d9d9f827 ($13.92 in chips)
Seat 3: Hero ($10.32 in chips)
Seat 4: d4d8c8a6 ($11.18 in chips)
Seat 5: df848f9b ($10.11 in chips)
b7534ca7: posts small blind $0.05
d9d9f827: posts big blind $0.1
*** HOLE CARDS ***
Dealt to b7534ca7 
Dealt to d9d9f827 
Dealt to Hero [As 7d]
Dealt to d4d8c8a6 
Dealt to df848f9b 
Hero: folds
d4d8c8a6: folds
df848f9b: folds
b7534ca7: raises $0.15 to $0.25
d9d9f827: calls $0.15
*** FLOP *** [Kd 7s 4c]
b7534ca7: bets $0.33
d9d9f827: raises $0.58 to $0.91
b7534ca7: folds
Uncalled bet ($0.58) returned to d9d9f827
*** SHOWDOWN ***
d9d9f827 collected $1.11 from pot
*** SUMMARY ***
Total pot $1.16 | Rake $0.05 | Jackpot $0 | Bingo $0 | Fortune $0 | Tax $0
Board [Kd 7s 4c]
Seat 1: b7534ca7 (small blind) folded on the Flop
Seat 2: d9d9f827 (big blind) won ($1.11)
Seat 3: Hero folded before Flop (didn't bet)
Seat 4: d4d8c8a6 folded before Flop (didn't bet)
Seat 5: df848f9b (button) folded before Flop (didn't bet)


Poker Hand #HD1783617687: Hold'em No Limit ($0.05/$0.1) - 2024/05/22 18:05:33
Table 'NLHRed52' 6-max Seat #4 is the button
Seat 1: b7534ca7 ($17 in chips)
Seat 2: d9d9f827 ($13.92 in chips)
Seat 3: Hero ($10.32 in chips)
Seat 4: d4d8c8a6 ($11.18 in chips)
Seat 5: df848f9b ($10.16 in chips)
df848f9b: posts small blind $0.05
b7534ca7: posts big blind $0.1
*** HOLE CARDS ***
Dealt to b7534ca7 
Dealt to d9d9f827 
Dealt to Hero [Ad 4h]
Dealt to d4d8c8a6 
Dealt to df848f9b 
d9d9f827: folds
Hero: folds
d4d8c8a6: folds
df848f9b: folds
Uncalled bet ($0.05) returned to b7534ca7
*** SHOWDOWN ***
b7534ca7 collected $0.1 from pot
*** SUMMARY ***
Total pot $0.1 | Rake $0 | Jackpot $0 | Bingo $0 | Fortune $0 | Tax $0
Seat 1: b7534ca7 (big blind) collected ($0.1)
Seat 2: d9d9f827 folded before Flop (didn't bet)
Seat 3: Hero folded before Flop (didn't bet)
Seat 4: d4d8c8a6 (button) folded before Flop (didn't bet)
Seat 5: df848f9b (small blind) folded before Flop


Poker Hand #HD1783617554: Hold'em No Limit ($0.05/$0.1) - 2024/05/22 18:04:39
Table 'NLHRed52' 6-max Seat #3 is the button
Seat 1: b7534ca7 ($17 in chips)
Seat 2: d9d9f827 ($15.12 in chips)
Seat 3: Hero ($10.32 in chips)
Seat 4: d4d8c8a6 ($10 in chips)
Seat 5: df848f9b ($10.26 in chips)
Seat 6: cd466519 ($10.5 in chips)
d4d8c8a6: posts small blind $0.05
df848f9b: posts big blind $0.1
*** HOLE CARDS ***
Dealt to b7534ca7 
Dealt to d9d9f827 
Dealt to Hero [9s 4d]
Dealt to d4d8c8a6 
Dealt to df848f9b 
Dealt to cd466519 
cd466519: folds
b7534ca7: folds
d9d9f827: raises $0.15 to $0.25
Hero: folds
d4d8c8a6: calls $0.2
df848f9b: folds
*** FLOP *** [Ks Qc Kc]
d4d8c8a6: checks
d9d9f827: bets $0.2
d4d8c8a6: calls $0.2
*** TURN *** [Ks Qc Kc] [Tc]
d4d8c8a6: checks
d9d9f827: checks
*** RIVER *** [Ks Qc Kc Tc] [Kd]
d4d8c8a6: bets $0.75
d9d9f827: calls $0.75
d4d8c8a6: shows [Kh Qd] (Four Kings)
d9d9f827: shows [8s 8c] (Kings Full over Eights)
*** SHOWDOWN ***
d4d8c8a6 collected $2.38 from pot
*** SUMMARY ***
Total pot $2.5 | Rake $0.12 | Jackpot $0 | Bingo $0 | Fortune $0 | Tax $0
Board [Ks Qc Kc Tc Kd]
Seat 1: b7534ca7 folded before Flop (didn't bet)
Seat 2: d9d9f827 showed [8s 8c] and lost with Kings Full over Eights
Seat 3: Hero (button) folded before Flop (didn't bet)
Seat 4: d4d8c8a6 (small blind) showed [Kh Qd] and won ($2.38) with Four Kings
Seat 5: df848f9b (big blind) folded before Flop
Seat 6: cd466519 folded before Flop (didn't bet)


Poker Hand #HD1783617508: Hold'em No Limit ($0.05/$0.1) - 2024/05/22 18:04:21
Table 'NLHRed52' 6-max Seat #2 is the button
Seat 1: b7534ca7 ($17 in chips)
Seat 2: d9d9f827 ($15.12 in chips)
Seat 3: Hero ($10 in chips)
Seat 4: d4d8c8a6 ($10 in chips)
Seat 5: df848f9b ($10.51 in chips)
Seat 6: cd466519 ($10.5 in chips)
Hero: posts small blind $0.05
d4d8c8a6: posts big blind $0.1
*** HOLE CARDS ***
Dealt to b7534ca7 
Dealt to d9d9f827 
Dealt to Hero [Kd Qs]
Dealt to d4d8c8a6 
Dealt to df848f9b 
Dealt to cd466519 
df848f9b: raises $0.15 to $0.25
cd466519: folds
b7534ca7: folds
d9d9f827: folds
Hero: raises $0.85 to $1.1
d4d8c8a6: folds
df848f9b: folds
Uncalled bet ($0.85) returned to Hero
*** SHOWDOWN ***
Hero collected $0.57 from pot
*** SUMMARY ***
Total pot $0.6 | Rake $0.03 | Jackpot $0 | Bingo $0 | Fortune $0 | Tax $0
Seat 1: b7534ca7 folded before Flop (didn't bet)
Seat 2: d9d9f827 (button) folded before Flop (didn't bet)
Seat 3: Hero (small blind) collected ($0.57)
Seat 4: d4d8c8a6 (big blind) folded before Flop
Seat 5: df848f9b folded before Flop
Seat 6: cd466519 folded before Flop (didn't bet)


Poker Hand #HD1783617481: Hold'em No Limit ($0.05/$0.1) - 2024/05/22 18:04:06
Table 'NLHRed52' 6-max Seat #1 is the button
Seat 1: b7534ca7 ($17 in chips)
Seat 2: d9d9f827 ($15.02 in chips)
Seat 3: Hero ($10 in chips)
Seat 4: d4d8c8a6 ($10 in chips)
Seat 5: df848f9b ($10.51 in chips)
Seat 6: cd466519 ($10.5 in chips)
d9d9f827: posts small blind $0.05
Hero: posts big blind $0.1
*** HOLE CARDS ***
Dealt to b7534ca7 
Dealt to d9d9f827 
Dealt to Hero [6s Td]
Dealt to d4d8c8a6 
Dealt to df848f9b 
Dealt to cd466519 
d4d8c8a6: folds
df848f9b: folds
cd466519: folds
b7534ca7: folds
d9d9f827: raises $0.2 to $0.3
Hero: folds
Uncalled bet ($0.2) returned to d9d9f827
*** SHOWDOWN ***
d9d9f827 collected $0.2 from pot
*** SUMMARY ***
Total pot $0.2 | Rake $0 | Jackpot $0 | Bingo $0 | Fortune $0 | Tax $0
Seat 1: b7534ca7 (button) folded before Flop (didn't bet)
Seat 2: d9d9f827 (small blind) collected ($0.2)
Seat 3: Hero (big blind) folded before Flop
Seat 4: d4d8c8a6 folded before Flop (didn't bet)
Seat 5: df848f9b folded before Flop (didn't bet)
Seat 6: cd466519 folded before Flop (didn't bet)


Poker Hand #HD1783617340: Hold'em No Limit ($0.05/$0.1) - 2024/05/22 18:03:09
Table 'NLHRed52' 6-max Seat #6 is the button
Seat 1: b7534ca7 ($15.92 in chips)
Seat 2: d9d9f827 ($16.22 in chips)
Seat 3: Hero ($10 in chips)
Seat 4: d4d8c8a6 ($10 in chips)
Seat 5: df848f9b ($10.51 in chips)
Seat 6: cd466519 ($10.5 in chips)
b7534ca7: posts small blind $0.05
d9d9f827: posts big blind $0.1
*** HOLE CARDS ***
Dealt to b7534ca7 
Dealt to d9d9f827 
Dealt to Hero [4h As]
Dealt to d4d8c8a6 
Dealt to df848f9b 
Dealt to cd466519 
Hero: folds
d4d8c8a6: folds
df848f9b: folds
cd466519: folds
b7534ca7: raises $0.15 to $0.25
d9d9f827: calls $0.15
*** FLOP *** [7d 5h 7c]
b7534ca7: checks
d9d9f827: checks
*** TURN *** [7d 5h 7c] [Qc]
b7534ca7: bets $0.25
d9d9f827: calls $0.25
*** RIVER *** [7d 5h 7c Qc] [6h]
b7534ca7: bets $0.7
d9d9f827: calls $0.7
b7534ca7: shows [Td Qd] (Pair of Queens and Pair of Sevens)
d9d9f827: shows [Qh 9s] (Pair of Queens and Pair of Sevens)
*** SHOWDOWN ***
b7534ca7 collected $2.28 from pot
*** SUMMARY ***
Total pot $2.4 | Rake $0.12 | Jackpot $0 | Bingo $0 | Fortune $0 | Tax $0
Board [7d 5h 7c Qc 6h]
Seat 1: b7534ca7 (small blind) showed [Td Qd] and won ($2.28) with Pair of Queens and Pair of Sevens
Seat 2: d9d9f827 (big blind) showed [Qh 9s] and lost with Pair of Queens and Pair of Sevens
Seat 3: Hero folded before Flop (didn't bet)
Seat 4: d4d8c8a6 folded before Flop (didn't bet)
Seat 5: df848f9b folded before Flop (didn't bet)
Seat 6: cd466519 (button) folded before Flop (didn't bet)


Poker Hand #HD1783617317: Hold'em No Limit ($0.05/$0.1) - 2024/05/22 18:03:01
Table 'NLHRed52' 6-max Seat #5 is the button
Seat 1: b7534ca7 ($15.87 in chips)
Seat 2: d9d9f827 ($16.22 in chips)
Seat 3: Hero ($10 in chips)
Seat 4: d4d8c8a6 ($10 in chips)
Seat 5: df848f9b ($10.51 in chips)
Seat 6: cd466519 ($10.55 in chips)
cd466519: posts small blind $0.05
b7534ca7: posts big blind $0.1
*** HOLE CARDS ***
Dealt to b7534ca7 
Dealt to d9d9f827 
Dealt to Hero [Kd 8c]
Dealt to d4d8c8a6 
Dealt to df848f9b 
Dealt to cd466519 
d9d9f827: folds
Hero: folds
d4d8c8a6: folds
df848f9b: folds
cd466519: folds
Uncalled bet ($0.05) returned to b7534ca7
*** SHOWDOWN ***
b7534ca7 collected $0.1 from pot
*** SUMMARY ***
Total pot $0.1 | Rake $0 | Jackpot $0 | Bingo $0 | Fortune $0 | Tax $0
Seat 1: b7534ca7 (big blind) collected ($0.1)
Seat 2: d9d9f827 folded before Flop (didn't bet)
Seat 3: Hero folded before Flop (didn't bet)
Seat 4: d4d8c8a6 folded before Flop (didn't bet)
Seat 5: df848f9b (button) folded before Flop (didn't bet)
Seat 6: cd466519 (small blind) folded before Flop


Poker Hand #HD1783617211: Hold'em No Limit ($0.05/$0.1) - 2024/05/22 18:02:12
Table 'NLHRed52' 6-max Seat #4 is the button
Seat 1: b7534ca7 ($15.87 in chips)
Seat 2: d9d9f827 ($16.77 in chips)
Seat 3: Hero ($10 in chips)
Seat 4: d4d8c8a6 ($10 in chips)
Seat 5: df848f9b ($10.56 in chips)
Seat 6: cd466519 ($10 in chips)
df848f9b: posts small blind $0.05
cd466519: posts big blind $0.1
*** HOLE CARDS ***
Dealt to b7534ca7 
Dealt to d9d9f827 
Dealt to Hero [4h 2c]
Dealt to d4d8c8a6 
Dealt to df848f9b 
Dealt to cd466519 
b7534ca7: folds
d9d9f827: raises $0.15 to $0.25
Hero: folds
d4d8c8a6: folds
df848f9b: folds
cd466519: calls $0.15
*** FLOP *** [Qh Ts 9s]
cd466519: checks
d9d9f827: bets $0.3
cd466519: calls $0.3
*** TURN *** [Qh Ts 9s] [Kc]
cd466519: checks
d9d9f827: checks
*** RIVER *** [Qh Ts 9s Kc] [8d]
cd466519: checks
d9d9f827: checks
cd466519: shows [8c 9d] (Pair of Nines and Pair of Eights)
d9d9f827: shows [6d 3d] (King-High)
*** SHOWDOWN ***
cd466519 collected $1.1 from pot
*** SUMMARY ***
Total pot $1.15 | Rake $0.05 | Jackpot $0 | Bingo $0 | Fortune $0 | Tax $0
Board [Qh Ts 9s Kc 8d]
Seat 1: b7534ca7 folded before Flop (didn't bet)
Seat 2: d9d9f827 showed [6d 3d] and lost with King-High
Seat 3: Hero folded before Flop (didn't bet)
Seat 4: d4d8c8a6 (button) folded before Flop (didn't bet)
Seat 5: df848f9b (small blind) folded before Flop
Seat 6: cd466519 (big blind) showed [8c 9d] and won ($1.1) with Pair of Nines and Pair of Eights


Poker Hand #HD1783617143: Hold'em No Limit ($0.05/$0.1) - 2024/05/22 18:01:49
Table 'NLHRed52' 6-max Seat #3 is the button
Seat 1: b7534ca7 ($15.87 in chips)
Seat 2: d9d9f827 ($16.63 in chips)
Seat 3: Hero ($10 in chips)
Seat 4: d4d8c8a6 ($10 in chips)
Seat 5: df848f9b ($10.66 in chips)
d4d8c8a6: posts small blind $0.05
df848f9b: posts big blind $0.1
*** HOLE CARDS ***
Dealt to b7534ca7 
Dealt to d9d9f827 
Dealt to Hero [5h 6c]
Dealt to d4d8c8a6 
Dealt to df848f9b 
b7534ca7: folds
d9d9f827: calls $0.1
Hero: folds
d4d8c8a6: folds
df848f9b: checks
*** FLOP *** [Qh 4d 6d]
df848f9b: checks
d9d9f827: bets $0.13
df848f9b: folds
Uncalled bet ($0.13) returned to d9d9f827
*** SHOWDOWN ***
d9d9f827 collected $0.24 from pot
*** SUMMARY ***
Total pot $0.25 | Rake $0.01 | Jackpot $0 | Bingo $0 | Fortune $0 | Tax $0
Board [Qh 4d 6d]
Seat 1: b7534ca7 folded before Flop (didn't bet)
Seat 2: d9d9f827 won ($0.24)
Seat 3: Hero (button) folded before Flop (didn't bet)
Seat 4: d4d8c8a6 (small blind) folded before Flop
Seat 5: df848f9b (big blind) folded on the Flop


Poker Hand #HD1783617103: Hold'em No Limit ($0.05/$0.1) - 2024/05/22 18:01:33
Table 'NLHRed52' 6-max Seat #2 is the button
Seat 1: b7534ca7 ($15.72 in chips)
Seat 2: d9d9f827 ($16.63 in chips)
Seat 3: Hero ($10 in chips)
Seat 4: d4d8c8a6 ($10 in chips)
Seat 5: df848f9b ($10.66 in chips)
Seat 6: 3c97ee7d ($12.9 in chips)
Hero: posts small blind $0.05
d4d8c8a6: posts big blind $0.1
*** HOLE CARDS ***
Dealt to b7534ca7 
Dealt to d9d9f827 
Dealt to Hero [5h 6h]
Dealt to d4d8c8a6 
Dealt to df848f9b 
Dealt to 3c97ee7d 
df848f9b: folds
3c97ee7d: folds
b7534ca7: raises $0.12 to $0.22
d9d9f827: folds
Hero: folds
d4d8c8a6: folds
Uncalled bet ($0.12) returned to b7534ca7
*** SHOWDOWN ***
b7534ca7 collected $0.25 from pot
*** SUMMARY ***
Total pot $0.25 | Rake $0 | Jackpot $0 | Bingo $0 | Fortune $0 | Tax $0
Seat 1: b7534ca7 collected ($0.25)
Seat 2: d9d9f827 (button) folded before Flop (didn't bet)
Seat 3: Hero (small blind) folded before Flop
Seat 4: d4d8c8a6 (big blind) folded before Flop
Seat 5: df848f9b folded before Flop (didn't bet)
Seat 6: 3c97ee7d folded before Flop (didn't bet)


Poker Hand #HD1783616982: Hold'em No Limit ($0.05/$0.1) - 2024/05/22 18:00:41
Table 'NLHRed52' 6-max Seat #1 is the button
Seat 1: b7534ca7 ($15.97 in chips)
Seat 2: d9d9f827 ($16.88 in chips)
Seat 3: Hero ($10.09 in chips)
Seat 4: d4d8c8a6 ($10 in chips)
Seat 5: df848f9b ($10.66 in chips)
Seat 6: 3c97ee7d ($12.34 in chips)
d9d9f827: posts small blind $0.05
Hero: posts big blind $0.1
*** HOLE CARDS ***
Dealt to b7534ca7 
Dealt to d9d9f827 
Dealt to Hero [5d 8h]
Dealt to d4d8c8a6 
Dealt to df848f9b 
Dealt to 3c97ee7d 
d4d8c8a6: folds
df848f9b: folds
3c97ee7d: raises $0.15 to $0.25
b7534ca7: calls $0.25
d9d9f827: calls $0.2
Hero: folds
*** FLOP *** [9h 6h 2c]
d9d9f827: checks
3c97ee7d: checks
b7534ca7: checks
*** TURN *** [9h 6h 2c] [Ah]
d9d9f827: checks
3c97ee7d: checks
b7534ca7: checks
*** RIVER *** [9h 6h 2c Ah] [Tc]
d9d9f827: checks
3c97ee7d: checks
b7534ca7: checks
d9d9f827: shows [Kh Jc] (Ace-High)
3c97ee7d: shows [Qs Kd] (Ace-High)
b7534ca7: shows [Qh Jd] (Ace-High)
*** SHOWDOWN ***
3c97ee7d collected $0.81 from pot
*** SUMMARY ***
Total pot $0.85 | Rake $0.04 | Jackpot $0 | Bingo $0 | Fortune $0 | Tax $0
Board [9h 6h 2c Ah Tc]
Seat 1: b7534ca7 (button) showed [Qh Jd] and lost with Ace-High
Seat 2: d9d9f827 (small blind) showed [Kh Jc] and lost with Ace-High
Seat 3: Hero (big blind) folded before Flop
Seat 4: d4d8c8a6 folded before Flop (didn't bet)
Seat 5: df848f9b folded before Flop (didn't bet)
Seat 6: 3c97ee7d showed [Qs Kd] and won ($0.81) with Ace-High


Poker Hand #HD1783616954: Hold'em No Limit ($0.05/$0.1) - 2024/05/22 18:00:30
Table 'NLHRed52' 6-max Seat #6 is the button
Seat 1: b7534ca7 ($16.02 in chips)
Seat 2: d9d9f827 ($16.83 in chips)
Seat 3: Hero ($10.09 in chips)
Seat 4: d4d8c8a6 ($10 in chips)
Seat 5: df848f9b ($10.66 in chips)
Seat 6: 3c97ee7d ($12.34 in chips)
b7534ca7: posts small blind $0.05
d9d9f827: posts big blind $0.1
*** HOLE CARDS ***
Dealt to b7534ca7 
Dealt to d9d9f827 
Dealt to Hero [8d 9c]
Dealt to d4d8c8a6 
Dealt to df848f9b 
Dealt to 3c97ee7d 
Hero: folds
d4d8c8a6: folds
df848f9b: folds
3c97ee7d: folds
b7534ca7: folds
Uncalled bet ($0.05) returned to d9d9f827
*** SHOWDOWN ***
d9d9f827 collected $0.1 from pot
*** SUMMARY ***
Total pot $0.1 | Rake $0 | Jackpot $0 | Bingo $0 | Fortune $0 | Tax $0
Seat 1: b7534ca7 (small blind) folded before Flop
Seat 2: d9d9f827 (big blind) collected ($0.1)
Seat 3: Hero folded before Flop (didn't bet)
Seat 4: d4d8c8a6 folded before Flop (didn't bet)
Seat 5: df848f9b folded before Flop (didn't bet)
Seat 6: 3c97ee7d (button) folded before Flop (didn't bet)


Poker Hand #HD1783616827: Hold'em No Limit ($0.05/$0.1) - 2024/05/22 17:59:38
Table 'NLHRed52' 6-max Seat #5 is the button
Seat 1: b7534ca7 ($16.27 in chips)
Seat 2: d9d9f827 ($16.83 in chips)
Seat 3: Hero ($10.09 in chips)
Seat 4: d4d8c8a6 ($10 in chips)
Seat 5: df848f9b ($10.38 in chips)
Seat 6: 3c97ee7d ($12.39 in chips)
3c97ee7d: posts small blind $0.05
b7534ca7: posts big blind $0.1
*** HOLE CARDS ***
Dealt to b7534ca7 
Dealt to d9d9f827 
Dealt to Hero [2d As]
Dealt to d4d8c8a6 
Dealt to df848f9b 
Dealt to 3c97ee7d 
d9d9f827: folds
Hero: folds
d4d8c8a6: folds
df848f9b: raises $0.15 to $0.25
3c97ee7d: folds
b7534ca7: calls $0.15
*** FLOP *** [2c Th Tc]
b7534ca7: checks
df848f9b: checks
*** TURN *** [2c Th Tc] [5d]
b7534ca7: checks
df848f9b: checks
*** RIVER *** [2c Th Tc 5d] [Kc]
b7534ca7: checks
df848f9b: bets $0.2
b7534ca7: folds
Uncalled bet ($0.2) returned to df848f9b
*** SHOWDOWN ***
df848f9b collected $0.53 from pot
*** SUMMARY ***
Total pot $0.55 | Rake $0.02 | Jackpot $0 | Bingo $0 | Fortune $0 | Tax $0
Board [2c Th Tc 5d Kc]
Seat 1: b7534ca7 (big blind) folded on the River
Seat 2: d9d9f827 folded before Flop (didn't bet)
Seat 3: Hero folded before Flop (didn't bet)
Seat 4: d4d8c8a6 folded before Flop (didn't bet)
Seat 5: df848f9b (button) won ($0.53)
Seat 6: 3c97ee7d (small blind) folded before Flop


Poker Hand #HD1783616687: Hold'em No Limit ($0.05/$0.1) - 2024/05/22 17:58:40
Table 'NLHRed52' 6-max Seat #4 is the button
Seat 1: b7534ca7 ($16.27 in chips)
Seat 2: d9d9f827 ($16.52 in chips)
Seat 3: Hero ($10.09 in chips)
Seat 4: d4d8c8a6 ($10 in chips)
Seat 5: df848f9b ($10.43 in chips)
Seat 6: 3c97ee7d ($12.68 in chips)
df848f9b: posts small blind $0.05
3c97ee7d: posts big blind $0.1
*** HOLE CARDS ***
Dealt to b7534ca7 
Dealt to d9d9f827 
Dealt to Hero [Td 3d]
Dealt to d4d8c8a6 
Dealt to df848f9b 
Dealt to 3c97ee7d 
b7534ca7: folds
d9d9f827: calls $0.1
Hero: folds
d4d8c8a6: folds
df848f9b: folds
3c97ee7d: checks
*** FLOP *** [5c 2c Ac]
3c97ee7d: checks
d9d9f827: checks
*** TURN *** [5c 2c Ac] [Qh]
3c97ee7d: checks
d9d9f827: bets $0.19
3c97ee7d: calls $0.19
*** RIVER *** [5c 2c Ac Qh] [7d]
3c97ee7d: checks
d9d9f827: checks
3c97ee7d: shows [Jc 3h] (Ace-High)
d9d9f827: shows [Js Tc] (Ace-High)
*** SHOWDOWN ***
d9d9f827 collected $0.6 from pot
*** SUMMARY ***
Total pot $0.63 | Rake $0.03 | Jackpot $0 | Bingo $0 | Fortune $0 | Tax $0
Board [5c 2c Ac Qh 7d]
Seat 1: b7534ca7 folded before Flop (didn't bet)
Seat 2: d9d9f827 showed [Js Tc] and won ($0.6) with Ace-High
Seat 3: Hero folded before Flop (didn't bet)
Seat 4: d4d8c8a6 (button) folded before Flop (didn't bet)
Seat 5: df848f9b (small blind) folded before Flop
Seat 6: 3c97ee7d (big blind) showed [Jc 3h] and lost with Ace-High


Poker Hand #HD1783616618: Hold'em No Limit ($0.05/$0.1) - 2024/05/22 17:58:15
Table 'NLHRed52' 6-max Seat #3 is the button
Seat 1: b7534ca7 ($16.27 in chips)
Seat 2: d9d9f827 ($16.38 in chips)
Seat 3: Hero ($10.09 in chips)
Seat 4: d4d8c8a6 ($10 in chips)
Seat 5: df848f9b ($10.53 in chips)
Seat 6: 3c97ee7d ($12.68 in chips)
d4d8c8a6: posts small blind $0.05
df848f9b: posts big blind $0.1
*** HOLE CARDS ***
Dealt to b7534ca7 
Dealt to d9d9f827 
Dealt to Hero [5d 8c]
Dealt to d4d8c8a6 
Dealt to df848f9b 
Dealt to 3c97ee7d 
3c97ee7d: folds
b7534ca7: folds
d9d9f827: calls $0.1
Hero: folds
d4d8c8a6: folds
df848f9b: checks
*** FLOP *** [Ad 8s Qc]
df848f9b: checks
d9d9f827: bets $0.13
df848f9b: folds
Uncalled bet ($0.13) returned to d9d9f827
*** SHOWDOWN ***
d9d9f827 collected $0.24 from pot
*** SUMMARY ***
Total pot $0.25 | Rake $0.01 | Jackpot $0 | Bingo $0 | Fortune $0 | Tax $0
Board [Ad 8s Qc]
Seat 1: b7534ca7 folded before Flop (didn't bet)
Seat 2: d9d9f827 won ($0.24)
Seat 3: Hero (button) folded before Flop (didn't bet)
Seat 4: d4d8c8a6 (small blind) folded before Flop
Seat 5: df848f9b (big blind) folded on the Flop
Seat 6: 3c97ee7d folded before Flop (didn't bet)


Poker Hand #HD1783616560: Hold'em No Limit ($0.05/$0.1) - 2024/05/22 17:57:50
Table 'NLHRed52' 6-max Seat #2 is the button
Seat 1: b7534ca7 ($16.27 in chips)
Seat 2: d9d9f827 ($16.15 in chips)
Seat 3: Hero ($10.14 in chips)
Seat 4: d4d8c8a6 ($10 in chips)
Seat 5: df848f9b ($10.53 in chips)
Seat 6: 3c97ee7d ($12.68 in chips)
Hero: posts small blind $0.05
d4d8c8a6: posts big blind $0.1
*** HOLE CARDS ***
Dealt to b7534ca7 
Dealt to d9d9f827 
Dealt to Hero [5h 5d]
Dealt to d4d8c8a6 
Dealt to df848f9b 
Dealt to 3c97ee7d 
df848f9b: folds
3c97ee7d: folds
b7534ca7: folds
d9d9f827: raises $0.1 to $0.2
Hero: folds
d4d8c8a6: calls $0.1
*** FLOP *** [9d 2h 4s]
d4d8c8a6: checks
d9d9f827: bets $0.23
d4d8c8a6: folds
Uncalled bet ($0.23) returned to d9d9f827
*** SHOWDOWN ***
d9d9f827 collected $0.43 from pot
*** SUMMARY ***
Total pot $0.45 | Rake $0.02 | Jackpot $0 | Bingo $0 | Fortune $0 | Tax $0
Board [9d 2h 4s]
Seat 1: b7534ca7 folded before Flop (didn't bet)
Seat 2: d9d9f827 (button) won ($0.43)
Seat 3: Hero (small blind) folded before Flop
Seat 4: d4d8c8a6 (big blind) folded on the Flop
Seat 5: df848f9b folded before Flop (didn't bet)
Seat 6: 3c97ee7d folded before Flop (didn't bet)


Poker Hand #HD1783616522: Hold'em No Limit ($0.05/$0.1) - 2024/05/22 17:57:34
Table 'NLHRed52' 6-max Seat #1 is the button
Seat 1: b7534ca7 ($16.27 in chips)
Seat 2: d9d9f827 ($16.06 in chips)
Seat 3: Hero ($10.24 in chips)
Seat 4: d4d8c8a6 ($10 in chips)
Seat 5: df848f9b ($10.53 in chips)
Seat 6: 3c97ee7d ($12.68 in chips)
d9d9f827: posts small blind $0.05
Hero: posts big blind $0.1
*** HOLE CARDS ***
Dealt to b7534ca7 
Dealt to d9d9f827 
Dealt to Hero [Tc 4h]
Dealt to d4d8c8a6 
Dealt to df848f9b 
Dealt to 3c97ee7d 
d4d8c8a6: folds
df848f9b: folds
3c97ee7d: folds
b7534ca7: folds
d9d9f827: calls $0.05
Hero: checks
*** FLOP *** [Ad Ac 2h]
d9d9f827: bets $0.1
Hero: folds
Uncalled bet ($0.1) returned to d9d9f827
*** SHOWDOWN ***
d9d9f827 collected $0.19 from pot
*** SUMMARY ***
Total pot $0.2 | Rake $0.01 | Jackpot $0 | Bingo $0 | Fortune $0 | Tax $0
Board [Ad Ac 2h]
Seat 1: b7534ca7 (button) folded before Flop (didn't bet)
Seat 2: d9d9f827 (small blind) won ($0.19)
Seat 3: Hero (big blind) folded on the Flop
Seat 4: d4d8c8a6 folded before Flop (didn't bet)
Seat 5: df848f9b folded before Flop (didn't bet)
Seat 6: 3c97ee7d folded before Flop (didn't bet)


Poker Hand #HD1783616502: Hold'em No Limit ($0.05/$0.1) - 2024/05/22 17:57:25
Table 'NLHRed52' 6-max Seat #6 is the button
Seat 1: b7534ca7 ($16.32 in chips)
Seat 2: d9d9f827 ($16.01 in chips)
Seat 3: Hero ($10.24 in chips)
Seat 4: d4d8c8a6 ($10 in chips)
Seat 5: df848f9b ($10.53 in chips)
Seat 6: 3c97ee7d ($12.68 in chips)
b7534ca7: posts small blind $0.05
d9d9f827: posts big blind $0.1
*** HOLE CARDS ***
Dealt to b7534ca7 
Dealt to d9d9f827 
Dealt to Hero [6h Js]
Dealt to d4d8c8a6 
Dealt to df848f9b 
Dealt to 3c97ee7d 
Hero: folds
d4d8c8a6: folds
df848f9b: folds
3c97ee7d: folds
b7534ca7: folds
Uncalled bet ($0.05) returned to d9d9f827
*** SHOWDOWN ***
d9d9f827 collected $0.1 from pot
*** SUMMARY ***
Total pot $0.1 | Rake $0 | Jackpot $0 | Bingo $0 | Fortune $0 | Tax $0
Seat 1: b7534ca7 (small blind) folded before Flop
Seat 2: d9d9f827 (big blind) collected ($0.1)
Seat 3: Hero folded before Flop (didn't bet)
Seat 4: d4d8c8a6 folded before Flop (didn't bet)
Seat 5: df848f9b folded before Flop (didn't bet)
Seat 6: 3c97ee7d (button) folded before Flop (didn't bet)


Poker Hand #HD1783616423: Hold'em No Limit ($0.05/$0.1) - 2024/05/22 17:56:56
Table 'NLHRed52' 6-max Seat #5 is the button
Seat 1: b7534ca7 ($16.42 in chips)
Seat 2: d9d9f827 ($15.87 in chips)
Seat 3: Hero ($10.24 in chips)
Seat 4: d4d8c8a6 ($10 in chips)
Seat 5: df848f9b ($10.53 in chips)
Seat 6: 3c97ee7d ($12.73 in chips)
3c97ee7d: posts small blind $0.05
b7534ca7: posts big blind $0.1
*** HOLE CARDS ***
Dealt to b7534ca7 
Dealt to d9d9f827 
Dealt to Hero [3h Ac]
Dealt to d4d8c8a6 
Dealt to df848f9b 
Dealt to 3c97ee7d 
d9d9f827: calls $0.1
Hero: folds
d4d8c8a6: folds
df848f9b: folds
3c97ee7d: folds
b7534ca7: checks
*** FLOP *** [Jd Th Qc]
b7534ca7: checks
d9d9f827: bets $0.13
b7534ca7: folds
Uncalled bet ($0.13) returned to d9d9f827
*** SHOWDOWN ***
d9d9f827 collected $0.24 from pot
*** SUMMARY ***
Total pot $0.25 | Rake $0.01 | Jackpot $0 | Bingo $0 | Fortune $0 | Tax $0
Board [Jd Th Qc]
Seat 1: b7534ca7 (big blind) folded on the Flop
Seat 2: d9d9f827 won ($0.24)
Seat 3: Hero folded before Flop (didn't bet)
Seat 4: d4d8c8a6 folded before Flop (didn't bet)
Seat 5: df848f9b (button) folded before Flop (didn't bet)
Seat 6: 3c97ee7d (small blind) folded before Flop


Poker Hand #HD1783616325: Hold'em No Limit ($0.05/$0.1) - 2024/05/22 17:56:18
Table 'NLHRed52' 6-max Seat #4 is the button
Seat 1: b7534ca7 ($16.01 in chips)
Seat 2: d9d9f827 ($15.87 in chips)
Seat 3: Hero ($10.24 in chips)
Seat 4: d4d8c8a6 ($10 in chips)
Seat 5: df848f9b ($10.75 in chips)
Seat 6: 3c97ee7d ($12.95 in chips)
df848f9b: posts small blind $0.05
3c97ee7d: posts big blind $0.1
*** HOLE CARDS ***
Dealt to b7534ca7 
Dealt to d9d9f827 
Dealt to Hero [Qd Js]
Dealt to d4d8c8a6 
Dealt to df848f9b 
Dealt to 3c97ee7d 
b7534ca7: raises $0.12 to $0.22
d9d9f827: folds
Hero: folds
d4d8c8a6: folds
df848f9b: calls $0.17
3c97ee7d: calls $0.12
*** FLOP *** [9c Kc 7c]
df848f9b: checks
3c97ee7d: checks
b7534ca7: bets $0.4
df848f9b: folds
3c97ee7d: folds
Uncalled bet ($0.4) returned to b7534ca7
*** SHOWDOWN ***
b7534ca7 collected $0.63 from pot
*** SUMMARY ***
Total pot $0.66 | Rake $0.03 | Jackpot $0 | Bingo $0 | Fortune $0 | Tax $0
Board [9c Kc 7c]
Seat 1: b7534ca7 won ($0.63)
Seat 2: d9d9f827 folded before Flop (didn't bet)
Seat 3: Hero folded before Flop (didn't bet)
Seat 4: d4d8c8a6 (button) folded before Flop (didn't bet)
Seat 5: df848f9b (small blind) folded on the Flop
Seat 6: 3c97ee7d (big blind) folded on the Flop


Poker Hand #HD1783616287: Hold'em No Limit ($0.05/$0.1) - 2024/05/22 17:56:02
Table 'NLHRed52' 6-max Seat #3 is the button
Seat 1: b7534ca7 ($15.86 in chips)
Seat 2: d9d9f827 ($15.87 in chips)
Seat 3: Hero ($10.24 in chips)
Seat 4: d4d8c8a6 ($10 in chips)
Seat 5: df848f9b ($10.85 in chips)
Seat 6: 3c97ee7d ($12.95 in chips)
d4d8c8a6: posts small blind $0.05
df848f9b: posts big blind $0.1
*** HOLE CARDS ***
Dealt to b7534ca7 
Dealt to d9d9f827 
Dealt to Hero [Kh 6h]
Dealt to d4d8c8a6 
Dealt to df848f9b 
Dealt to 3c97ee7d 
3c97ee7d: folds
b7534ca7: raises $0.12 to $0.22
d9d9f827: folds
Hero: folds
d4d8c8a6: folds
df848f9b: folds
Uncalled bet ($0.12) returned to b7534ca7
*** SHOWDOWN ***
b7534ca7 collected $0.25 from pot
*** SUMMARY ***
Total pot $0.25 | Rake $0 | Jackpot $0 | Bingo $0 | Fortune $0 | Tax $0
Seat 1: b7534ca7 collected ($0.25)
Seat 2: d9d9f827 folded before Flop (didn't bet)
Seat 3: Hero (button) folded before Flop (didn't bet)
Seat 4: d4d8c8a6 (small blind) folded before Flop
Seat 5: df848f9b (big blind) folded before Flop
Seat 6: 3c97ee7d folded before Flop (didn't bet)


Poker Hand #HD1783616238: Hold'em No Limit ($0.05/$0.1) - 2024/05/22 17:55:43
Table 'NLHRed52' 6-max Seat #2 is the button
Seat 1: b7534ca7 ($15.86 in chips)
Seat 2: d9d9f827 ($15.97 in chips)
Seat 3: Hero ($10.05 in chips)
Seat 4: d4d8c8a6 ($10 in chips)
Seat 5: df848f9b ($10.85 in chips)
Seat 6: 3c97ee7d ($12.95 in chips)
Hero: posts small blind $0.05
d4d8c8a6: posts big blind $0.1
*** HOLE CARDS ***
Dealt to b7534ca7 
Dealt to d9d9f827 
Dealt to Hero [Qs Ah]
Dealt to d4d8c8a6 
Dealt to df848f9b 
Dealt to 3c97ee7d 
df848f9b: folds
3c97ee7d: folds
b7534ca7: folds
d9d9f827: calls $0.1
Hero: raises $0.3 to $0.4
d4d8c8a6: folds
d9d9f827: folds
Uncalled bet ($0.3) returned to Hero
*** SHOWDOWN ***
Hero collected $0.29 from pot
*** SUMMARY ***
Total pot $0.3 | Rake $0.01 | Jackpot $0 | Bingo $0 | Fortune $0 | Tax $0
Seat 1: b7534ca7 folded before Flop (didn't bet)
Seat 2: d9d9f827 (button) folded before Flop
Seat 3: Hero (small blind) collected ($0.29)
Seat 4: d4d8c8a6 (big blind) folded before Flop
Seat 5: df848f9b folded before Flop (didn't bet)
Seat 6: 3c97ee7d folded before Flop (didn't bet)


Poker Hand #HD1783616170: Hold'em No Limit ($0.05/$0.1) - 2024/05/22 17:55:15
Table 'NLHRed52' 6-max Seat #1 is the button
Seat 1: b7534ca7 ($15.49 in chips)
Seat 2: d9d9f827 ($16.02 in chips)
Seat 3: Hero ($10.15 in chips)
Seat 4: d4d8c8a6 ($10 in chips)
Seat 5: df848f9b ($10.85 in chips)
Seat 6: 3c97ee7d ($13.2 in chips)
d9d9f827: posts small blind $0.05
Hero: posts big blind $0.1
*** HOLE CARDS ***
Dealt to b7534ca7 
Dealt to d9d9f827 
Dealt to Hero [Th 8c]
Dealt to d4d8c8a6 
Dealt to df848f9b 
Dealt to 3c97ee7d 
d4d8c8a6: folds
df848f9b: folds
3c97ee7d: raises $0.15 to $0.25
b7534ca7: raises $0.58 to $0.83
d9d9f827: folds
Hero: folds
3c97ee7d: folds
Uncalled bet ($0.58) returned to b7534ca7
*** SHOWDOWN ***
b7534ca7 collected $0.62 from pot
*** SUMMARY ***
Total pot $0.65 | Rake $0.03 | Jackpot $0 | Bingo $0 | Fortune $0 | Tax $0
Seat 1: b7534ca7 (button) collected ($0.62)
Seat 2: d9d9f827 (small blind) folded before Flop
Seat 3: Hero (big blind) folded before Flop
Seat 4: d4d8c8a6 folded before Flop (didn't bet)
Seat 5: df848f9b folded before Flop (didn't bet)
Seat 6: 3c97ee7d folded before Flop


Poker Hand #HD1783616131: Hold'em No Limit ($0.05/$0.1) - 2024/05/22 17:55:01
Table 'NLHRed52' 6-max Seat #6 is the button
Seat 1: b7534ca7 ($15.54 in chips)
Seat 2: d9d9f827 ($16.12 in chips)
Seat 3: Hero ($10 in chips)
Seat 4: d4d8c8a6 ($10 in chips)
Seat 5: df848f9b ($10.85 in chips)
Seat 6: 3c97ee7d ($13.2 in chips)
b7534ca7: posts small blind $0.05
d9d9f827: posts big blind $0.1
*** HOLE CARDS ***
Dealt to b7534ca7 
Dealt to d9d9f827 
Dealt to Hero [Td Th]
Dealt to d4d8c8a6 
Dealt to df848f9b 
Dealt to 3c97ee7d 
Hero: raises $0.1 to $0.2
d4d8c8a6: folds
df848f9b: folds
3c97ee7d: folds
b7534ca7: folds
d9d9f827: folds
Uncalled bet ($0.1) returned to Hero
*** SHOWDOWN ***
Hero collected $0.25 from pot
*** SUMMARY ***
Total pot $0.25 | Rake $0 | Jackpot $0 | Bingo $0 | Fortune $0 | Tax $0
Seat 1: b7534ca7 (small blind) folded before Flop
Seat 2: d9d9f827 (big blind) folded before Flop
Seat 3: Hero collected ($0.25)
Seat 4: d4d8c8a6 folded before Flop (didn't bet)
Seat 5: df848f9b folded before Flop (didn't bet)
Seat 6: 3c97ee7d (button) folded before Flop (didn't bet)


Poker Hand #HD1783615960: Hold'em No Limit ($0.05/$0.1) - 2024/05/22 17:53:41
Table 'NLHRed52' 6-max Seat #5 is the button
Seat 1: b7534ca7 ($14.77 in chips)
Seat 2: d9d9f827 ($16.92 in chips)
Seat 3: Hero ($10 in chips)
Seat 4: d4d8c8a6 ($10 in chips)
Seat 5: df848f9b ($10.85 in chips)
Seat 6: 3c97ee7d ($13.25 in chips)
3c97ee7d: posts small blind $0.05
b7534ca7: posts big blind $0.1
*** HOLE CARDS ***
Dealt to b7534ca7 
Dealt to d9d9f827 
Dealt to Hero [8c Td]
Dealt to d4d8c8a6 
Dealt to df848f9b 
Dealt to 3c97ee7d 
d9d9f827: raises $0.15 to $0.25
Hero: folds
d4d8c8a6: folds
df848f9b: folds
3c97ee7d: folds
b7534ca7: calls $0.15
*** FLOP *** [Tc 5h 4d]
b7534ca7: checks
d9d9f827: bets $0.2
b7534ca7: calls $0.2
*** TURN *** [Tc 5h 4d] [8s]
b7534ca7: checks
d9d9f827: bets $0.35
b7534ca7: calls $0.35
*** RIVER *** [Tc 5h 4d 8s] [5c]
b7534ca7: checks
d9d9f827: checks
b7534ca7: shows [7d 5d] (Three Fives)
d9d9f827: shows [9h 8d] (Pair of Eights and Pair of Fives)
*** SHOWDOWN ***
b7534ca7 collected $1.57 from pot
*** SUMMARY ***
Total pot $1.65 | Rake $0.08 | Jackpot $0 | Bingo $0 | Fortune $0 | Tax $0
Board [Tc 5h 4d 8s 5c]
Seat 1: b7534ca7 (big blind) showed [7d 5d] and won ($1.57) with Three Fives
Seat 2: d9d9f827 showed [9h 8d] and lost with Pair of Eights and Pair of Fives
Seat 3: Hero folded before Flop (didn't bet)
Seat 4: d4d8c8a6 folded before Flop (didn't bet)
Seat 5: df848f9b (button) folded before Flop (didn't bet)
Seat 6: 3c97ee7d (small blind) folded before Flop


Poker Hand #HD1783615882: Hold'em No Limit ($0.05/$0.1) - 2024/05/22 17:53:13
Table 'NLHRed52' 6-max Seat #4 is the button
Seat 1: b7534ca7 ($14.77 in chips)
Seat 2: d9d9f827 ($16.78 in chips)
Seat 3: Hero ($10 in chips)
Seat 4: d4d8c8a6 ($10 in chips)
Seat 5: df848f9b ($10.9 in chips)
Seat 6: 3c97ee7d ($13.35 in chips)
df848f9b: posts small blind $0.05
3c97ee7d: posts big blind $0.1
*** HOLE CARDS ***
Dealt to b7534ca7 
Dealt to d9d9f827 
Dealt to Hero [Jd Qc]
Dealt to d4d8c8a6 
Dealt to df848f9b 
Dealt to 3c97ee7d 
b7534ca7: folds
d9d9f827: calls $0.1
Hero: folds
d4d8c8a6: folds
df848f9b: folds
3c97ee7d: checks
*** FLOP *** [9s 2d 4s]
3c97ee7d: checks
d9d9f827: bets $0.13
3c97ee7d: folds
Uncalled bet ($0.13) returned to d9d9f827
*** SHOWDOWN ***
d9d9f827 collected $0.24 from pot
*** SUMMARY ***
Total pot $0.25 | Rake $0.01 | Jackpot $0 | Bingo $0 | Fortune $0 | Tax $0
Board [9s 2d 4s]
Seat 1: b7534ca7 folded before Flop (didn't bet)
Seat 2: d9d9f827 won ($0.24)
Seat 3: Hero folded before Flop (didn't bet)
Seat 4: d4d8c8a6 (button) folded before Flop (didn't bet)
Seat 5: df848f9b (small blind) folded before Flop
Seat 6: 3c97ee7d (big blind) folded on the Flop


Poker Hand #HD1783615858: Hold'em No Limit ($0.05/$0.1) - 2024/05/22 17:53:03
Table 'NLHRed52' 6-max Seat #3 is the button
Seat 1: b7534ca7 ($14.77 in chips)
Seat 2: d9d9f827 ($16.78 in chips)
Seat 3: Hero ($10 in chips)
Seat 4: d4d8c8a6 ($10 in chips)
Seat 5: df848f9b ($10.85 in chips)
Seat 6: 3c97ee7d ($13.35 in chips)
d4d8c8a6: posts small blind $0.05
df848f9b: posts big blind $0.1
*** HOLE CARDS ***
Dealt to b7534ca7 
Dealt to d9d9f827 
Dealt to Hero [6d 3d]
Dealt to d4d8c8a6 
Dealt to df848f9b 
Dealt to 3c97ee7d 
3c97ee7d: folds
b7534ca7: folds
d9d9f827: folds
Hero: folds
d4d8c8a6: folds
Uncalled bet ($0.05) returned to df848f9b
*** SHOWDOWN ***
df848f9b collected $0.1 from pot
*** SUMMARY ***
Total pot $0.1 | Rake $0 | Jackpot $0 | Bingo $0 | Fortune $0 | Tax $0
Seat 1: b7534ca7 folded before Flop (didn't bet)
Seat 2: d9d9f827 folded before Flop (didn't bet)
Seat 3: Hero (button) folded before Flop (didn't bet)
Seat 4: d4d8c8a6 (small blind) folded before Flop
Seat 5: df848f9b (big blind) collected ($0.1)
Seat 6: 3c97ee7d folded before Flop (didn't bet)


Poker Hand #HD1783615668: Hold'em No Limit ($0.05/$0.1) - 2024/05/22 17:51:37
Table 'NLHRed52' 6-max Seat #2 is the button
Seat 1: b7534ca7 ($14.77 in chips)
Seat 2: d9d9f827 ($8.83 in chips)
Seat 3: Hero ($13.26 in chips)
Seat 4: d4d8c8a6 ($10 in chips)
Seat 5: df848f9b ($10.85 in chips)
Seat 6: 3c97ee7d ($13.35 in chips)
Hero: posts small blind $0.05
d4d8c8a6: posts big blind $0.1
*** HOLE CARDS ***
Dealt to b7534ca7 
Dealt to d9d9f827 
Dealt to Hero [Kh Kc]
Dealt to d4d8c8a6 
Dealt to df848f9b 
Dealt to 3c97ee7d 
df848f9b: folds
3c97ee7d: folds
b7534ca7: folds
d9d9f827: raises $0.2 to $0.3
Hero: raises $0.9 to $1.2
d4d8c8a6: folds
d9d9f827: calls $0.9
*** FLOP *** [9h 6c Qd]
Hero: bets $0.83
d9d9f827: calls $0.83
*** TURN *** [9h 6c Qd] [8d]
Hero: bets $1.7
d9d9f827: calls $1.7
*** RIVER *** [9h 6c Qd 8d] [4s]
Hero: bets $9.53 and is all-in
d9d9f827: calls $5.1 and is all-in
Uncalled bet ($4.43) returned to Hero
Hero: shows [Kh Kc] (Pair of Kings)
d9d9f827: shows [Ad As] (Pair of Aces)
*** SHOWDOWN ***
d9d9f827 collected $16.78 from pot
*** SUMMARY ***
Total pot $17.76 | Rake $0.88 | Jackpot $0.1 | Bingo $0 | Fortune $0 | Tax $0
Board [9h 6c Qd 8d 4s]
Seat 1: b7534ca7 folded before Flop (didn't bet)
Seat 2: d9d9f827 (button) showed [Ad As] and won ($16.78) with Pair of Aces
Seat 3: Hero (small blind) showed [Kh Kc] and lost with Pair of Kings
Seat 4: d4d8c8a6 (big blind) folded before Flop
Seat 5: df848f9b folded before Flop (didn't bet)
Seat 6: 3c97ee7d folded before Flop (didn't bet)


Poker Hand #HD1783545553: Hold'em No Limit ($0.05/$0.1) - 2024/05/22 17:50:52
Table 'NLHRed52' 6-max Seat #1 is the button
Seat 1: b7534ca7 ($16.01 in chips)
Seat 2: d9d9f827 ($8.88 in chips)
Seat 3: Hero ($12.09 in chips)
Seat 4: d4d8c8a6 ($10 in chips)
Seat 5: df848f9b ($10.85 in chips)
Seat 6: 3c97ee7d ($13.35 in chips)
d9d9f827: posts small blind $0.05
Hero: posts big blind $0.1
*** HOLE CARDS ***
Dealt to b7534ca7 
Dealt to d9d9f827 
Dealt to Hero [Jd Qh]
Dealt to d4d8c8a6 
Dealt to df848f9b 
Dealt to 3c97ee7d 
d4d8c8a6: folds
df848f9b: folds
3c97ee7d: folds
b7534ca7: raises $0.12 to $0.22
d9d9f827: folds
Hero: calls $0.12
*** FLOP *** [2h 3c Qs]
Hero: checks
b7534ca7: bets $0.3
Hero: calls $0.3
*** TURN *** [2h 3c Qs] [4c]
Hero: checks
b7534ca7: bets $0.72
Hero: calls $0.72
*** RIVER *** [2h 3c Qs 4c] [7h]
Hero: checks
b7534ca7: checks
Hero: shows [Jd Qh] (Pair of Queens)
b7534ca7: shows [8c Kc] (King-High)
*** SHOWDOWN ***
Hero collected $2.41 from pot
*** SUMMARY ***
Total pot $2.53 | Rake $0.12 | Jackpot $0 | Bingo $0 | Fortune $0 | Tax $0
Board [2h 3c Qs 4c 7h]
Seat 1: b7534ca7 (button) showed [8c Kc] and lost with King-High
Seat 2: d9d9f827 (small blind) folded before Flop
Seat 3: Hero (big blind) showed [Jd Qh] and won ($2.41) with Pair of Queens
Seat 4: d4d8c8a6 folded before Flop (didn't bet)
Seat 5: df848f9b folded before Flop (didn't bet)
Seat 6: 3c97ee7d folded before Flop (didn't bet)


Poker Hand #HD1783545413: Hold'em No Limit ($0.05/$0.1) - 2024/05/22 17:49:58
Table 'NLHRed52' 6-max Seat #6 is the button
Seat 1: b7534ca7 ($16.06 in chips)
Seat 2: d9d9f827 ($9.43 in chips)
Seat 3: Hero ($12.09 in chips)
Seat 4: d4d8c8a6 ($10 in chips)
Seat 5: df848f9b ($10.3 in chips)
Seat 6: 3c97ee7d ($13.35 in chips)
b7534ca7: posts small blind $0.05
d9d9f827: posts big blind $0.1
*** HOLE CARDS ***
Dealt to b7534ca7 
Dealt to d9d9f827 
Dealt to Hero [8s Qc]
Dealt to d4d8c8a6 
Dealt to df848f9b 
Dealt to 3c97ee7d 
Hero: folds
d4d8c8a6: folds
df848f9b: raises $0.15 to $0.25
3c97ee7d: folds
b7534ca7: folds
d9d9f827: calls $0.15
*** FLOP *** [Jc Qs Kc]
d9d9f827: bets $0.3
df848f9b: calls $0.3
*** TURN *** [Jc Qs Kc] [4s]
d9d9f827: checks
df848f9b: checks
*** RIVER *** [Jc Qs Kc 4s] [3d]
d9d9f827: checks
df848f9b: checks
d9d9f827: shows [4c 6c] (Pair of Fours)
df848f9b: shows [Qh Ad] (Pair of Queens)
*** SHOWDOWN ***
df848f9b collected $1.1 from pot
*** SUMMARY ***
Total pot $1.15 | Rake $0.05 | Jackpot $0 | Bingo $0 | Fortune $0 | Tax $0
Board [Jc Qs Kc 4s 3d]
Seat 1: b7534ca7 (small blind) folded before Flop
Seat 2: d9d9f827 (big blind) showed [4c 6c] and lost with Pair of Fours
Seat 3: Hero folded before Flop (didn't bet)
Seat 4: d4d8c8a6 folded before Flop (didn't bet)
Seat 5: df848f9b showed [Qh Ad] and won ($1.1) with Pair of Queens
Seat 6: 3c97ee7d (button) folded before Flop (didn't bet)


Poker Hand #HD1783545374: Hold'em No Limit ($0.05/$0.1) - 2024/05/22 17:49:41
Table 'NLHRed52' 6-max Seat #5 is the button
Seat 1: b7534ca7 ($16.16 in chips)
Seat 2: d9d9f827 ($9.43 in chips)
Seat 3: Hero ($12.09 in chips)
Seat 4: d4d8c8a6 ($10 in chips)
Seat 5: df848f9b ($10.15 in chips)
Seat 6: 3c97ee7d ($13.4 in chips)
3c97ee7d: posts small blind $0.05
b7534ca7: posts big blind $0.1
*** HOLE CARDS ***
Dealt to b7534ca7 
Dealt to d9d9f827 
Dealt to Hero [Qd Jh]
Dealt to d4d8c8a6 
Dealt to df848f9b 
Dealt to 3c97ee7d 
d9d9f827: folds
Hero: folds
d4d8c8a6: folds
df848f9b: raises $0.15 to $0.25
3c97ee7d: folds
b7534ca7: folds
Uncalled bet ($0.15) returned to df848f9b
*** SHOWDOWN ***
df848f9b collected $0.25 from pot
*** SUMMARY ***
Total pot $0.25 | Rake $0 | Jackpot $0 | Bingo $0 | Fortune $0 | Tax $0
Seat 1: b7534ca7 (big blind) folded before Flop
Seat 2: d9d9f827 folded before Flop (didn't bet)
Seat 3: Hero folded before Flop (didn't bet)
Seat 4: d4d8c8a6 folded before Flop (didn't bet)
Seat 5: df848f9b (button) collected ($0.25)
Seat 6: 3c97ee7d (small blind) folded before Flop


Poker Hand #HD1783545127: Hold'em No Limit ($0.05/$0.1) - 2024/05/22 17:47:55
Table 'NLHRed52' 6-max Seat #4 is the button
Seat 1: b7534ca7 ($17.94 in chips)
Seat 2: d9d9f827 ($11.21 in chips)
Seat 3: Hero ($12.09 in chips)
Seat 4: d4d8c8a6 ($10 in chips)
Seat 5: df848f9b ($10.2 in chips)
Seat 6: 3c97ee7d ($10.15 in chips)
df848f9b: posts small blind $0.05
3c97ee7d: posts big blind $0.1
*** HOLE CARDS ***
Dealt to b7534ca7 
Dealt to d9d9f827 
Dealt to Hero [5c 5s]
Dealt to d4d8c8a6 
Dealt to df848f9b 
Dealt to 3c97ee7d 
b7534ca7: raises $0.12 to $0.22
d9d9f827: calls $0.22
Hero: folds
d4d8c8a6: folds
df848f9b: folds
3c97ee7d: calls $0.12
*** FLOP *** [Ks 8s 2c]
3c97ee7d: checks
b7534ca7: bets $0.36
d9d9f827: calls $0.36
3c97ee7d: calls $0.36
*** TURN *** [Ks 8s 2c] [Kh]
3c97ee7d: checks
b7534ca7: bets $1.2
d9d9f827: calls $1.2
3c97ee7d: raises $8.37 to $9.57 and is all-in
b7534ca7: folds
d9d9f827: folds
Uncalled bet ($8.37) returned to 3c97ee7d
*** SHOWDOWN ***
3c97ee7d collected $5.03 from pot
*** SUMMARY ***
Total pot $5.39 | Rake $0.26 | Jackpot $0.1 | Bingo $0 | Fortune $0 | Tax $0
Board [Ks 8s 2c Kh]
Seat 1: b7534ca7 folded on the Turn
Seat 2: d9d9f827 folded on the Turn
Seat 3: Hero folded before Flop (didn't bet)
Seat 4: d4d8c8a6 (button) folded before Flop (didn't bet)
Seat 5: df848f9b (small blind) folded before Flop
Seat 6: 3c97ee7d (big blind) won ($5.03)


Poker Hand #HD1783545082: Hold'em No Limit ($0.05/$0.1) - 2024/05/22 17:47:35
Table 'NLHRed52' 6-max Seat #3 is the button
Seat 1: b7534ca7 ($17.94 in chips)
Seat 2: d9d9f827 ($11.21 in chips)
Seat 3: Hero ($12.09 in chips)
Seat 4: d4d8c8a6 ($10 in chips)
Seat 5: df848f9b ($10.15 in chips)
Seat 6: 3c97ee7d ($10.15 in chips)
d4d8c8a6: posts small blind $0.05
df848f9b: posts big blind $0.1
*** HOLE CARDS ***
Dealt to b7534ca7 
Dealt to d9d9f827 
Dealt to Hero [9h 3d]
Dealt to d4d8c8a6 
Dealt to df848f9b 
Dealt to 3c97ee7d 
3c97ee7d: folds
b7534ca7: folds
d9d9f827: folds
Hero: folds
d4d8c8a6: folds
Uncalled bet ($0.05) returned to df848f9b
*** SHOWDOWN ***
df848f9b collected $0.1 from pot
*** SUMMARY ***
Total pot $0.1 | Rake $0 | Jackpot $0 | Bingo $0 | Fortune $0 | Tax $0
Seat 1: b7534ca7 folded before Flop (didn't bet)
Seat 2: d9d9f827 folded before Flop (didn't bet)
Seat 3: Hero (button) folded before Flop (didn't bet)
Seat 4: d4d8c8a6 (small blind) folded before Flop
Seat 5: df848f9b (big blind) collected ($0.1)
Seat 6: 3c97ee7d folded before Flop (didn't bet)


Poker Hand #HD1783545032: Hold'em No Limit ($0.05/$0.1) - 2024/05/22 17:47:18
Table 'NLHRed52' 6-max Seat #2 is the button
Seat 1: b7534ca7 ($17.94 in chips)
Seat 2: d9d9f827 ($11.21 in chips)
Seat 3: Hero ($12.14 in chips)
Seat 4: d4d8c8a6 ($10 in chips)
Seat 5: df848f9b ($10.15 in chips)
Seat 6: 3c97ee7d ($10 in chips)
Hero: posts small blind $0.05
d4d8c8a6: posts big blind $0.1
*** HOLE CARDS ***
Dealt to b7534ca7 
Dealt to d9d9f827 
Dealt to Hero [9c 5h]
Dealt to d4d8c8a6 
Dealt to df848f9b 
Dealt to 3c97ee7d 
df848f9b: folds
3c97ee7d: raises $0.15 to $0.25
b7534ca7: folds
d9d9f827: folds
Hero: folds
d4d8c8a6: folds
Uncalled bet ($0.15) returned to 3c97ee7d
*** SHOWDOWN ***
3c97ee7d collected $0.25 from pot
*** SUMMARY ***
Total pot $0.25 | Rake $0 | Jackpot $0 | Bingo $0 | Fortune $0 | Tax $0
Seat 1: b7534ca7 folded before Flop (didn't bet)
Seat 2: d9d9f827 (button) folded before Flop (didn't bet)
Seat 3: Hero (small blind) folded before Flop
Seat 4: d4d8c8a6 (big blind) folded before Flop
Seat 5: df848f9b folded before Flop (didn't bet)
Seat 6: 3c97ee7d collected ($0.25)


Poker Hand #HD1783545008: Hold'em No Limit ($0.05/$0.1) - 2024/05/22 17:47:08
Table 'NLHRed52' 6-max Seat #1 is the button
Seat 1: b7534ca7 ($17.94 in chips)
Seat 2: d9d9f827 ($11.26 in chips)
Seat 3: Hero ($12.09 in chips)
Seat 5: df848f9b ($10.15 in chips)
Seat 6: 3c97ee7d ($10 in chips)
d9d9f827: posts small blind $0.05
Hero: posts big blind $0.1
*** HOLE CARDS ***
Dealt to b7534ca7 
Dealt to d9d9f827 
Dealt to Hero [7h 9d]
Dealt to df848f9b 
Dealt to 3c97ee7d 
df848f9b: folds
3c97ee7d: folds
b7534ca7: folds
d9d9f827: folds
Uncalled bet ($0.05) returned to Hero
*** SHOWDOWN ***
Hero collected $0.1 from pot
*** SUMMARY ***
Total pot $0.1 | Rake $0 | Jackpot $0 | Bingo $0 | Fortune $0 | Tax $0
Seat 1: b7534ca7 (button) folded before Flop (didn't bet)
Seat 2: d9d9f827 (small blind) folded before Flop
Seat 3: Hero (big blind) collected ($0.1)
Seat 5: df848f9b folded before Flop (didn't bet)
Seat 6: 3c97ee7d folded before Flop (didn't bet)


Poker Hand #HD1783544917: Hold'em No Limit ($0.05/$0.1) - 2024/05/22 17:46:29
Table 'NLHRed52' 6-max Seat #6 is the button
Seat 1: b7534ca7 ($17.99 in chips)
Seat 2: d9d9f827 ($11.46 in chips)
Seat 3: Hero ($11.86 in chips)
Seat 4: e6f29a6f ($18.3 in chips)
Seat 5: df848f9b ($10.15 in chips)
Seat 6: 3c97ee7d ($10 in chips)
b7534ca7: posts small blind $0.05
d9d9f827: posts big blind $0.1
*** HOLE CARDS ***
Dealt to b7534ca7 
Dealt to d9d9f827 
Dealt to Hero [6d 6h]
Dealt to e6f29a6f 
Dealt to df848f9b 
Dealt to 3c97ee7d 
Hero: raises $0.1 to $0.2
e6f29a6f: folds
df848f9b: folds
3c97ee7d: folds
b7534ca7: folds
d9d9f827: calls $0.1
*** FLOP *** [3d 6c Js]
d9d9f827: checks
Hero: checks
*** TURN *** [3d 6c Js] [8c]
d9d9f827: checks
Hero: bets $0.3
d9d9f827: folds
Uncalled bet ($0.3) returned to Hero
*** SHOWDOWN ***
Hero collected $0.43 from pot
*** SUMMARY ***
Total pot $0.45 | Rake $0.02 | Jackpot $0 | Bingo $0 | Fortune $0 | Tax $0
Board [3d 6c Js 8c]
Seat 1: b7534ca7 (small blind) folded before Flop
Seat 2: d9d9f827 (big blind) folded on the Turn
Seat 3: Hero won ($0.43)
Seat 4: e6f29a6f folded before Flop (didn't bet)
Seat 5: df848f9b folded before Flop (didn't bet)
Seat 6: 3c97ee7d (button) folded before Flop (didn't bet)


Poker Hand #HD1783544875: Hold'em No Limit ($0.05/$0.1) - 2024/05/22 17:46:16
Table 'NLHRed52' 6-max Seat #5 is the button
Seat 1: b7534ca7 ($18.09 in chips)
Seat 2: d9d9f827 ($11.46 in chips)
Seat 3: Hero ($11.86 in chips)
Seat 5: df848f9b ($10 in chips)
Seat 6: 3c97ee7d ($10 in chips)
3c97ee7d: posts small blind $0.05
b7534ca7: posts big blind $0.1
*** HOLE CARDS ***
Dealt to b7534ca7 
Dealt to d9d9f827 
Dealt to Hero [6s Jd]
Dealt to df848f9b 
Dealt to 3c97ee7d 
d9d9f827: folds
Hero: folds
df848f9b: raises $0.15 to $0.25
3c97ee7d: folds
b7534ca7: folds
Uncalled bet ($0.15) returned to df848f9b
*** SHOWDOWN ***
df848f9b collected $0.25 from pot
*** SUMMARY ***
Total pot $0.25 | Rake $0 | Jackpot $0 | Bingo $0 | Fortune $0 | Tax $0
Seat 1: b7534ca7 (big blind) folded before Flop
Seat 2: d9d9f827 folded before Flop (didn't bet)
Seat 3: Hero folded before Flop (didn't bet)
Seat 5: df848f9b (button) collected ($0.25)
Seat 6: 3c97ee7d (small blind) folded before Flop


Poker Hand #HD1783544698: Hold'em No Limit ($0.05/$0.1) - 2024/05/22 17:45:05
Table 'NLHRed52' 6-max Seat #4 is the button
Seat 1: b7534ca7 ($18.92 in chips)
Seat 2: d9d9f827 ($12.29 in chips)
Seat 3: Hero ($11.86 in chips)
Seat 4: e6f29a6f ($16.62 in chips)
Seat 5: df848f9b ($10.05 in chips)
Seat 6: 3c97ee7d ($10 in chips)
df848f9b: posts small blind $0.05
3c97ee7d: posts big blind $0.1
*** HOLE CARDS ***
Dealt to b7534ca7 
Dealt to d9d9f827 
Dealt to Hero [6h 7h]
Dealt to e6f29a6f 
Dealt to df848f9b 
Dealt to 3c97ee7d 
b7534ca7: raises $0.12 to $0.22
d9d9f827: calls $0.22
Hero: folds
e6f29a6f: raises $0.61 to $0.83
df848f9b: folds
3c97ee7d: folds
b7534ca7: calls $0.61
d9d9f827: calls $0.61
*** FLOP *** [6s 2h 9d]
b7534ca7: checks
d9d9f827: checks
e6f29a6f: bets $1.32
b7534ca7: folds
d9d9f827: folds
Uncalled bet ($1.32) returned to e6f29a6f
*** SHOWDOWN ***
e6f29a6f collected $2.51 from pot
*** SUMMARY ***
Total pot $2.64 | Rake $0.13 | Jackpot $0 | Bingo $0 | Fortune $0 | Tax $0
Board [6s 2h 9d]
Seat 1: b7534ca7 folded on the Flop
Seat 2: d9d9f827 folded on the Flop
Seat 3: Hero folded before Flop (didn't bet)
Seat 4: e6f29a6f (button) won ($2.51)
Seat 5: df848f9b (small blind) folded before Flop
Seat 6: 3c97ee7d (big blind) folded before Flop


Poker Hand #HD1783544628: Hold'em No Limit ($0.05/$0.1) - 2024/05/22 17:44:39
Table 'NLHRed52' 6-max Seat #3 is the button
Seat 1: b7534ca7 ($18.92 in chips)
Seat 2: d9d9f827 ($12.29 in chips)
Seat 3: Hero ($11.71 in chips)
Seat 4: e6f29a6f ($16.67 in chips)
Seat 5: df848f9b ($10.15 in chips)
Seat 6: 3c97ee7d ($10 in chips)
e6f29a6f: posts small blind $0.05
df848f9b: posts big blind $0.1
*** HOLE CARDS ***
Dealt to b7534ca7 
Dealt to d9d9f827 
Dealt to Hero [As 6s]
Dealt to e6f29a6f 
Dealt to df848f9b 
Dealt to 3c97ee7d 
3c97ee7d: folds
b7534ca7: folds
d9d9f827: folds
Hero: raises $0.14 to $0.24
e6f29a6f: folds
df848f9b: folds
Uncalled bet ($0.14) returned to Hero
*** SHOWDOWN ***
Hero collected $0.25 from pot
*** SUMMARY ***
Total pot $0.25 | Rake $0 | Jackpot $0 | Bingo $0 | Fortune $0 | Tax $0
Seat 1: b7534ca7 folded before Flop (didn't bet)
Seat 2: d9d9f827 folded before Flop (didn't bet)
Seat 3: Hero (button) collected ($0.25)
Seat 4: e6f29a6f (small blind) folded before Flop
Seat 5: df848f9b (big blind) folded before Flop
Seat 6: 3c97ee7d folded before Flop (didn't bet)


Poker Hand #HD1783544578: Hold'em No Limit ($0.05/$0.1) - 2024/05/22 17:44:18
Table 'NLHRed52' 6-max Seat #2 is the button
Seat 1: b7534ca7 ($18.92 in chips)
Seat 2: d9d9f827 ($12.15 in chips)
Seat 3: Hero ($11.76 in chips)
Seat 4: e6f29a6f ($16.77 in chips)
Seat 5: df848f9b ($10.15 in chips)
Seat 6: 3c97ee7d ($10 in chips)
Hero: posts small blind $0.05
e6f29a6f: posts big blind $0.1
*** HOLE CARDS ***
Dealt to b7534ca7 
Dealt to d9d9f827 
Dealt to Hero [5h 6d]
Dealt to e6f29a6f 
Dealt to df848f9b 
Dealt to 3c97ee7d 
df848f9b: folds
3c97ee7d: folds
b7534ca7: folds
d9d9f827: calls $0.1
Hero: folds
e6f29a6f: checks
*** FLOP *** [4c 6h 8d]
e6f29a6f: checks
d9d9f827: bets $0.13
e6f29a6f: folds
Uncalled bet ($0.13) returned to d9d9f827
*** SHOWDOWN ***
d9d9f827 collected $0.24 from pot
*** SUMMARY ***
Total pot $0.25 | Rake $0.01 | Jackpot $0 | Bingo $0 | Fortune $0 | Tax $0
Board [4c 6h 8d]
Seat 1: b7534ca7 folded before Flop (didn't bet)
Seat 2: d9d9f827 (button) won ($0.24)
Seat 3: Hero (small blind) folded before Flop
Seat 4: e6f29a6f (big blind) folded on the Flop
Seat 5: df848f9b folded before Flop (didn't bet)
Seat 6: 3c97ee7d folded before Flop (didn't bet)


Poker Hand #HD1783544535: Hold'em No Limit ($0.05/$0.1) - 2024/05/22 17:44:01
Table 'NLHRed52' 6-max Seat #1 is the button
Seat 1: b7534ca7 ($18.92 in chips)
Seat 2: d9d9f827 ($12.2 in chips)
Seat 3: Hero ($11.86 in chips)
Seat 4: e6f29a6f ($16.77 in chips)
Seat 5: df848f9b ($10 in chips)
Seat 6: 3c97ee7d ($10 in chips)
d9d9f827: posts small blind $0.05
Hero: posts big blind $0.1
*** HOLE CARDS ***
Dealt to b7534ca7 
Dealt to d9d9f827 
Dealt to Hero [Kc 2d]
Dealt to e6f29a6f 
Dealt to df848f9b 
Dealt to 3c97ee7d 
e6f29a6f: folds
df848f9b: raises $0.15 to $0.25
3c97ee7d: folds
b7534ca7: folds
d9d9f827: folds
Hero: folds
Uncalled bet ($0.15) returned to df848f9b
*** SHOWDOWN ***
df848f9b collected $0.25 from pot
*** SUMMARY ***
Total pot $0.25 | Rake $0 | Jackpot $0 | Bingo $0 | Fortune $0 | Tax $0
Seat 1: b7534ca7 (button) folded before Flop (didn't bet)
Seat 2: d9d9f827 (small blind) folded before Flop
Seat 3: Hero (big blind) folded before Flop
Seat 4: e6f29a6f folded before Flop (didn't bet)
Seat 5: df848f9b collected ($0.25)
Seat 6: 3c97ee7d folded before Flop (didn't bet)


Poker Hand #HD1783544356: Hold'em No Limit ($0.05/$0.1) - 2024/05/22 17:42:57
Table 'NLHRed52' 6-max Seat #6 is the button
Seat 1: b7534ca7 ($18.97 in chips)
Seat 2: d9d9f827 ($12.42 in chips)
Seat 3: Hero ($11.86 in chips)
Seat 4: e6f29a6f ($15.38 in chips)
Seat 5: df848f9b ($10 in chips)
Seat 6: 3c97ee7d ($10 in chips)
b7534ca7: posts small blind $0.05
d9d9f827: posts big blind $0.1
*** HOLE CARDS ***
Dealt to b7534ca7 
Dealt to d9d9f827 
Dealt to Hero [Jd 2h]
Dealt to e6f29a6f 
Dealt to df848f9b 
Dealt to 3c97ee7d 
Hero: folds
e6f29a6f: raises $0.12 to $0.22
df848f9b: calls $0.22
3c97ee7d: folds
b7534ca7: folds
d9d9f827: calls $0.12
*** FLOP *** [Kc 3c 9c]
d9d9f827: checks
e6f29a6f: bets $0.24
df848f9b: calls $0.24
d9d9f827: folds
*** TURN *** [Kc 3c 9c] [6h]
e6f29a6f: checks
df848f9b: bets $0.8
e6f29a6f: calls $0.8
*** RIVER *** [Kc 3c 9c 6h] [4c]
e6f29a6f: checks
df848f9b: checks
e6f29a6f: shows [Ks Tc] (King High Flush)
df848f9b: shows [Kh Jh] (Pair of Kings)
*** SHOWDOWN ***
e6f29a6f collected $2.65 from pot
*** SUMMARY ***
Total pot $2.79 | Rake $0.14 | Jackpot $0 | Bingo $0 | Fortune $0 | Tax $0
Board [Kc 3c 9c 6h 4c]
Seat 1: b7534ca7 (small blind) folded before Flop
Seat 2: d9d9f827 (big blind) folded on the Flop
Seat 3: Hero folded before Flop (didn't bet)
Seat 4: e6f29a6f showed [Ks Tc] and won ($2.65) with King High Flush
Seat 5: df848f9b showed [Kh Jh] and lost with Pair of Kings
Seat 6: 3c97ee7d (button) folded before Flop (didn't bet)


Poker Hand #HD1783544153: Hold'em No Limit ($0.05/$0.1) - 2024/05/22 17:41:39
Table 'NLHRed52' 6-max Seat #5 is the button
Seat 1: b7534ca7 ($18.52 in chips)
Seat 2: d9d9f827 ($12.42 in chips)
Seat 3: Hero ($11.86 in chips)
Seat 4: e6f29a6f ($15.38 in chips)
Seat 5: df848f9b ($10 in chips)
Seat 6: 3c97ee7d ($10.2 in chips)
3c97ee7d: posts small blind $0.05
b7534ca7: posts big blind $0.1
*** HOLE CARDS ***
Dealt to b7534ca7 
Dealt to d9d9f827 
Dealt to Hero [Qd 6d]
Dealt to e6f29a6f 
Dealt to df848f9b 
Dealt to 3c97ee7d 
d9d9f827: folds
Hero: folds
e6f29a6f: folds
df848f9b: folds
3c97ee7d: raises $0.2 to $0.3
b7534ca7: calls $0.2
*** FLOP *** [9d 2c 3c]
3c97ee7d: bets $0.2
b7534ca7: raises $0.45 to $0.65
3c97ee7d: folds
Uncalled bet ($0.45) returned to b7534ca7
*** SHOWDOWN ***
b7534ca7 collected $0.95 from pot
*** SUMMARY ***
Total pot $1 | Rake $0.05 | Jackpot $0 | Bingo $0 | Fortune $0 | Tax $0
Board [9d 2c 3c]
Seat 1: b7534ca7 (big blind) won ($0.95)
Seat 2: d9d9f827 folded before Flop (didn't bet)
Seat 3: Hero folded before Flop (didn't bet)
Seat 4: e6f29a6f folded before Flop (didn't bet)
Seat 5: df848f9b (button) folded before Flop (didn't bet)
Seat 6: 3c97ee7d (small blind) folded on the Flop


Poker Hand #HD1783544100: Hold'em No Limit ($0.05/$0.1) - 2024/05/22 17:41:22
Table 'NLHRed52' 6-max Seat #4 is the button
Seat 1: b7534ca7 ($18.52 in chips)
Seat 2: d9d9f827 ($12.42 in chips)
Seat 3: Hero ($11.86 in chips)
Seat 4: e6f29a6f ($15.38 in chips)
Seat 5: df848f9b ($10 in chips)
Seat 6: 3c97ee7d ($10.15 in chips)
df848f9b: posts small blind $0.05
3c97ee7d: posts big blind $0.1
*** HOLE CARDS ***
Dealt to b7534ca7 
Dealt to d9d9f827 
Dealt to Hero [7h 6c]
Dealt to e6f29a6f 
Dealt to df848f9b 
Dealt to 3c97ee7d 
b7534ca7: folds
d9d9f827: folds
Hero: folds
e6f29a6f: folds
df848f9b: folds
Uncalled bet ($0.05) returned to 3c97ee7d
*** SHOWDOWN ***
3c97ee7d collected $0.1 from pot
*** SUMMARY ***
Total pot $0.1 | Rake $0 | Jackpot $0 | Bingo $0 | Fortune $0 | Tax $0
Seat 1: b7534ca7 folded before Flop (didn't bet)
Seat 2: d9d9f827 folded before Flop (didn't bet)
Seat 3: Hero folded before Flop (didn't bet)
Seat 4: e6f29a6f (button) folded before Flop (didn't bet)
Seat 5: df848f9b (small blind) folded before Flop
Seat 6: 3c97ee7d (big blind) collected ($0.1)


Poker Hand #HD1783544064: Hold'em No Limit ($0.05/$0.1) - 2024/05/22 17:41:07
Table 'NLHRed52' 6-max Seat #3 is the button
Seat 1: b7534ca7 ($18.52 in chips)
Seat 2: d9d9f827 ($12.42 in chips)
Seat 3: Hero ($11.86 in chips)
Seat 4: e6f29a6f ($15.43 in chips)
Seat 5: df848f9b ($10 in chips)
Seat 6: 3c97ee7d ($10 in chips)
e6f29a6f: posts small blind $0.05
df848f9b: posts big blind $0.1
*** HOLE CARDS ***
Dealt to b7534ca7 
Dealt to d9d9f827 
Dealt to Hero [2s 4d]
Dealt to e6f29a6f 
Dealt to df848f9b 
Dealt to 3c97ee7d 
3c97ee7d: raises $0.15 to $0.25
b7534ca7: folds
d9d9f827: folds
Hero: folds
e6f29a6f: folds
df848f9b: folds
Uncalled bet ($0.15) returned to 3c97ee7d
*** SHOWDOWN ***
3c97ee7d collected $0.25 from pot
*** SUMMARY ***
Total pot $0.25 | Rake $0 | Jackpot $0 | Bingo $0 | Fortune $0 | Tax $0
Seat 1: b7534ca7 folded before Flop (didn't bet)
Seat 2: d9d9f827 folded before Flop (didn't bet)
Seat 3: Hero (button) folded before Flop (didn't bet)
Seat 4: e6f29a6f (small blind) folded before Flop
Seat 5: df848f9b (big blind) folded before Flop
Seat 6: 3c97ee7d collected ($0.25)


Poker Hand #HD1783544035: Hold'em No Limit ($0.05/$0.1) - 2024/05/22 17:40:56
Table 'NLHRed52' 6-max Seat #2 is the button
Seat 1: b7534ca7 ($18.37 in chips)
Seat 2: d9d9f827 ($12.42 in chips)
Seat 3: Hero ($11.91 in chips)
Seat 4: e6f29a6f ($15.53 in chips)
Seat 6: 3c97ee7d ($10 in chips)
Hero: posts small blind $0.05
e6f29a6f: posts big blind $0.1
*** HOLE CARDS ***
Dealt to b7534ca7 
Dealt to d9d9f827 
Dealt to Hero [7h Jc]
Dealt to e6f29a6f 
Dealt to 3c97ee7d 
3c97ee7d: folds
b7534ca7: raises $0.12 to $0.22
d9d9f827: folds
Hero: folds
e6f29a6f: folds
Uncalled bet ($0.12) returned to b7534ca7
*** SHOWDOWN ***
b7534ca7 collected $0.25 from pot
*** SUMMARY ***
Total pot $0.25 | Rake $0 | Jackpot $0 | Bingo $0 | Fortune $0 | Tax $0
Seat 1: b7534ca7 collected ($0.25)
Seat 2: d9d9f827 (button) folded before Flop (didn't bet)
Seat 3: Hero (small blind) folded before Flop
Seat 4: e6f29a6f (big blind) folded before Flop
Seat 6: 3c97ee7d folded before Flop (didn't bet)


Poker Hand #HD1783543999: Hold'em No Limit ($0.05/$0.1) - 2024/05/22 17:40:44
Table 'NLHRed52' 6-max Seat #1 is the button
Seat 1: b7534ca7 ($18.37 in chips)
Seat 2: d9d9f827 ($12.47 in chips)
Seat 3: Hero ($11.86 in chips)
Seat 4: e6f29a6f ($15.53 in chips)
Seat 6: 3c97ee7d ($10 in chips)
d9d9f827: posts small blind $0.05
Hero: posts big blind $0.1
*** HOLE CARDS ***
Dealt to b7534ca7 
Dealt to d9d9f827 
Dealt to Hero [Qc 3h]
Dealt to e6f29a6f 
Dealt to 3c97ee7d 
e6f29a6f: folds
3c97ee7d: folds
b7534ca7: folds
d9d9f827: folds
Uncalled bet ($0.05) returned to Hero
*** SHOWDOWN ***
Hero collected $0.1 from pot
*** SUMMARY ***
Total pot $0.1 | Rake $0 | Jackpot $0 | Bingo $0 | Fortune $0 | Tax $0
Seat 1: b7534ca7 (button) folded before Flop (didn't bet)
Seat 2: d9d9f827 (small blind) folded before Flop
Seat 3: Hero (big blind) collected ($0.1)
Seat 4: e6f29a6f folded before Flop (didn't bet)
Seat 6: 3c97ee7d folded before Flop (didn't bet)


Poker Hand #HD1783543933: Hold'em No Limit ($0.05/$0.1) - 2024/05/22 17:40:16
Table 'NLHRed52' 6-max Seat #6 is the button
Seat 1: b7534ca7 ($18.42 in chips)
Seat 2: d9d9f827 ($12.57 in chips)
Seat 3: Hero ($11.86 in chips)
Seat 4: e6f29a6f ($15.38 in chips)
Seat 6: 3c97ee7d ($10 in chips)
b7534ca7: posts small blind $0.05
d9d9f827: posts big blind $0.1
*** HOLE CARDS ***
Dealt to b7534ca7 
Dealt to d9d9f827 
Dealt to Hero [7h 2c]
Dealt to e6f29a6f 
Dealt to 3c97ee7d 
Hero: folds
e6f29a6f: raises $0.12 to $0.22
3c97ee7d: folds
b7534ca7: folds
d9d9f827: folds
Uncalled bet ($0.12) returned to e6f29a6f
*** SHOWDOWN ***
e6f29a6f collected $0.25 from pot
*** SUMMARY ***
Total pot $0.25 | Rake $0 | Jackpot $0 | Bingo $0 | Fortune $0 | Tax $0
Seat 1: b7534ca7 (small blind) folded before Flop
Seat 2: d9d9f827 (big blind) folded before Flop
Seat 3: Hero folded before Flop (didn't bet)
Seat 4: e6f29a6f collected ($0.25)
Seat 6: 3c97ee7d (button) folded before Flop (didn't bet)


Poker Hand #HD1783543820: Hold'em No Limit ($0.05/$0.1) - 2024/05/22 17:39:34
Table 'NLHRed52' 6-max Seat #4 is the button
Seat 1: b7534ca7 ($18.52 in chips)
Seat 2: d9d9f827 ($12.97 in chips)
Seat 3: Hero ($11.86 in chips)
Seat 4: e6f29a6f ($14.87 in chips)
Seat 6: 3c97ee7d ($10 in chips)
3c97ee7d: posts small blind $0.05
b7534ca7: posts big blind $0.1
*** HOLE CARDS ***
Dealt to b7534ca7 
Dealt to d9d9f827 
Dealt to Hero [8c 7d]
Dealt to e6f29a6f 
Dealt to 3c97ee7d 
d9d9f827: raises $0.1 to $0.2
Hero: folds
e6f29a6f: calls $0.2
3c97ee7d: folds
b7534ca7: folds
*** FLOP *** [8s Ad 5h]
d9d9f827: bets $0.2
e6f29a6f: calls $0.2
*** TURN *** [8s Ad 5h] [4h]
d9d9f827: checks
e6f29a6f: bets $0.72
d9d9f827: folds
Uncalled bet ($0.72) returned to e6f29a6f
*** SHOWDOWN ***
e6f29a6f collected $0.91 from pot
*** SUMMARY ***
Total pot $0.95 | Rake $0.04 | Jackpot $0 | Bingo $0 | Fortune $0 | Tax $0
Board [8s Ad 5h 4h]
Seat 1: b7534ca7 (big blind) folded before Flop
Seat 2: d9d9f827 folded on the Turn
Seat 3: Hero folded before Flop (didn't bet)
Seat 4: e6f29a6f (button) won ($0.91)
Seat 6: 3c97ee7d (small blind) folded before Flop


Poker Hand #HD1783543673: Hold'em No Limit ($0.05/$0.1) - 2024/05/22 17:38:42
Table 'NLHRed52' 6-max Seat #3 is the button
Seat 1: b7534ca7 ($18.52 in chips)
Seat 2: d9d9f827 ($13.47 in chips)
Seat 3: Hero ($11.86 in chips)
Seat 4: e6f29a6f ($13.94 in chips)
Seat 6: 3c97ee7d ($10 in chips)
e6f29a6f: posts small blind $0.05
3c97ee7d: posts big blind $0.1
*** HOLE CARDS ***
Dealt to b7534ca7 
Dealt to d9d9f827 
Dealt to Hero [2c Jh]
Dealt to e6f29a6f 
Dealt to 3c97ee7d 
b7534ca7: folds
d9d9f827: calls $0.1
Hero: folds
e6f29a6f: calls $0.05
3c97ee7d: raises $0.4 to $0.5
d9d9f827: calls $0.4
e6f29a6f: calls $0.4
*** FLOP *** [Qs 8s 2s]
e6f29a6f: checks
3c97ee7d: checks
d9d9f827: checks
*** TURN *** [Qs 8s 2s] [4d]
e6f29a6f: bets $0.75
3c97ee7d: folds
d9d9f827: folds
Uncalled bet ($0.75) returned to e6f29a6f
*** SHOWDOWN ***
e6f29a6f collected $1.43 from pot
*** SUMMARY ***
Total pot $1.5 | Rake $0.07 | Jackpot $0 | Bingo $0 | Fortune $0 | Tax $0
Board [Qs 8s 2s 4d]
Seat 1: b7534ca7 folded before Flop (didn't bet)
Seat 2: d9d9f827 folded on the Turn
Seat 3: Hero (button) folded before Flop (didn't bet)
Seat 4: e6f29a6f (small blind) won ($1.43)
Seat 6: 3c97ee7d (big blind) folded on the Turn


Poker Hand #HD1783543555: Hold'em No Limit ($0.05/$0.1) - 2024/05/22 17:37:53
Table 'NLHRed52' 6-max Seat #2 is the button
Seat 1: b7534ca7 ($18.52 in chips)
Seat 2: d9d9f827 ($14.17 in chips)
Seat 3: Hero ($11.13 in chips)
Seat 4: e6f29a6f ($14.04 in chips)
Hero: posts small blind $0.05
e6f29a6f: posts big blind $0.1
*** HOLE CARDS ***
Dealt to b7534ca7 
Dealt to d9d9f827 
Dealt to Hero [Ah Qs]
Dealt to e6f29a6f 
b7534ca7: folds
d9d9f827: calls $0.1
Hero: raises $0.3 to $0.4
e6f29a6f: folds
d9d9f827: calls $0.3
*** FLOP *** [2h 7s 5d]
Hero: bets $0.3
d9d9f827: calls $0.3
*** TURN *** [2h 7s 5d] [Kc]
Hero: checks
d9d9f827: checks
*** RIVER *** [2h 7s 5d Kc] [8c]
Hero: checks
d9d9f827: checks
Hero: shows [Ah Qs] (Ace-High)
d9d9f827: shows [As 4c] (Ace-High)
*** SHOWDOWN ***
Hero collected $1.43 from pot
*** SUMMARY ***
Total pot $1.5 | Rake $0.07 | Jackpot $0 | Bingo $0 | Fortune $0 | Tax $0
Board [2h 7s 5d Kc 8c]
Seat 1: b7534ca7 folded before Flop (didn't bet)
Seat 2: d9d9f827 (button) showed [As 4c] and lost with Ace-High
Seat 3: Hero (small blind) showed [Ah Qs] and won ($1.43) with Ace-High
Seat 4: e6f29a6f (big blind) folded before Flop


Poker Hand #HD1783543428: Hold'em No Limit ($0.05/$0.1) - 2024/05/22 17:37:10
Table 'NLHRed52' 6-max Seat #1 is the button
Seat 1: b7534ca7 ($18.62 in chips)
Seat 2: d9d9f827 ($14.22 in chips)
Seat 3: Hero ($10.99 in chips)
Seat 4: e6f29a6f ($14.04 in chips)
Seat 5: 6c903e47 ($10 in chips)
Seat 6: 9ce8aa33 ($9.92 in chips)
d9d9f827: posts small blind $0.05
Hero: posts big blind $0.1
*** HOLE CARDS ***
Dealt to b7534ca7 
Dealt to d9d9f827 
Dealt to Hero [4s 9s]
Dealt to e6f29a6f 
Dealt to 6c903e47 
Dealt to 9ce8aa33 
e6f29a6f: folds
6c903e47: folds
9ce8aa33: folds
b7534ca7: calls $0.1
d9d9f827: folds
Hero: checks
*** FLOP *** [3s Qh Qs]
Hero: checks
b7534ca7: checks
*** TURN *** [3s Qh Qs] [4h]
Hero: bets $0.2
b7534ca7: folds
Uncalled bet ($0.2) returned to Hero
*** SHOWDOWN ***
Hero collected $0.24 from pot
*** SUMMARY ***
Total pot $0.25 | Rake $0.01 | Jackpot $0 | Bingo $0 | Fortune $0 | Tax $0
Board [3s Qh Qs 4h]
Seat 1: b7534ca7 (button) folded on the Turn
Seat 2: d9d9f827 (small blind) folded before Flop
Seat 3: Hero (big blind) won ($0.24)
Seat 4: e6f29a6f folded before Flop (didn't bet)
Seat 5: 6c903e47 folded before Flop (didn't bet)
Seat 6: 9ce8aa33 folded before Flop (didn't bet)


Poker Hand #HD1783543329: Hold'em No Limit ($0.05/$0.1) - 2024/05/22 17:36:34
Table 'NLHRed52' 6-max Seat #6 is the button
Seat 1: b7534ca7 ($18.67 in chips)
Seat 2: d9d9f827 ($14.32 in chips)
Seat 3: Hero ($10.99 in chips)
Seat 4: e6f29a6f ($14.26 in chips)
Seat 5: 6c903e47 ($10 in chips)
Seat 6: 9ce8aa33 ($9.58 in chips)
b7534ca7: posts small blind $0.05
d9d9f827: posts big blind $0.1
*** HOLE CARDS ***
Dealt to b7534ca7 
Dealt to d9d9f827 
Dealt to Hero [3d 9s]
Dealt to e6f29a6f 
Dealt to 6c903e47 
Dealt to 9ce8aa33 
Hero: folds
e6f29a6f: raises $0.12 to $0.22
6c903e47: folds
9ce8aa33: calls $0.22
b7534ca7: folds
d9d9f827: folds
*** FLOP *** [5s 7c 6c]
e6f29a6f: checks
9ce8aa33: checks
*** TURN *** [5s 7c 6c] [2d]
e6f29a6f: checks
9ce8aa33: bets $0.3
e6f29a6f: folds
Uncalled bet ($0.3) returned to 9ce8aa33
*** SHOWDOWN ***
9ce8aa33 collected $0.56 from pot
*** SUMMARY ***
Total pot $0.59 | Rake $0.03 | Jackpot $0 | Bingo $0 | Fortune $0 | Tax $0
Board [5s 7c 6c 2d]
Seat 1: b7534ca7 (small blind) folded before Flop
Seat 2: d9d9f827 (big blind) folded before Flop
Seat 3: Hero folded before Flop (didn't bet)
Seat 4: e6f29a6f folded on the Turn
Seat 5: 6c903e47 folded before Flop (didn't bet)
Seat 6: 9ce8aa33 (button) won ($0.56)


Poker Hand #HD1783543276: Hold'em No Limit ($0.05/$0.1) - 2024/05/22 17:36:12
Table 'NLHRed52' 6-max Seat #5 is the button
Seat 1: b7534ca7 ($18.77 in chips)
Seat 2: d9d9f827 ($14.32 in chips)
Seat 3: Hero ($10.99 in chips)
Seat 4: e6f29a6f ($14.26 in chips)
Seat 5: 6c903e47 ($10 in chips)
Seat 6: 9ce8aa33 ($9.48 in chips)
9ce8aa33: posts small blind $0.05
b7534ca7: posts big blind $0.1
*** HOLE CARDS ***
Dealt to b7534ca7 
Dealt to d9d9f827 
Dealt to Hero [5h Jh]
Dealt to e6f29a6f 
Dealt to 6c903e47 
Dealt to 9ce8aa33 
d9d9f827: folds
Hero: folds
e6f29a6f: folds
6c903e47: folds
9ce8aa33: raises $0.2 to $0.3
b7534ca7: folds
Uncalled bet ($0.2) returned to 9ce8aa33
*** SHOWDOWN ***
9ce8aa33 collected $0.2 from pot
*** SUMMARY ***
Total pot $0.2 | Rake $0 | Jackpot $0 | Bingo $0 | Fortune $0 | Tax $0
Seat 1: b7534ca7 (big blind) folded before Flop
Seat 2: d9d9f827 folded before Flop (didn't bet)
Seat 3: Hero folded before Flop (didn't bet)
Seat 4: e6f29a6f folded before Flop (didn't bet)
Seat 5: 6c903e47 (button) folded before Flop (didn't bet)
Seat 6: 9ce8aa33 (small blind) collected ($0.2)


Poker Hand #HD1783543107: Hold'em No Limit ($0.05/$0.1) - 2024/05/22 17:35:18
Table 'NLHRed52' 6-max Seat #4 is the button
Seat 1: b7534ca7 ($18.77 in chips)
Seat 2: d9d9f827 ($14.72 in chips)
Seat 3: Hero ($10 in chips)
Seat 4: e6f29a6f ($14.26 in chips)
Seat 5: 6c903e47 ($10.05 in chips)
Seat 6: 9ce8aa33 ($0.62 in chips)
6c903e47: posts small blind $0.05
9ce8aa33: posts big blind $0.1
*** HOLE CARDS ***
Dealt to b7534ca7 
Dealt to d9d9f827 
Dealt to Hero [Qc Jd]
Dealt to e6f29a6f 
Dealt to 6c903e47 
Dealt to 9ce8aa33 
b7534ca7: folds
d9d9f827: calls $0.1
Hero: raises $0.3 to $0.4
e6f29a6f: folds
6c903e47: folds
9ce8aa33: calls $0.3
d9d9f827: calls $0.3
*** FLOP *** [Qh Ad 9h]
9ce8aa33: bets $0.22 and is all-in
d9d9f827: folds
Hero: calls $0.22
9ce8aa33: shows [3h 2h] (Ace-High)
Hero: shows [Qc Jd] (Pair of Queens)
*** FIRST TURN *** [Qh Ad 9h] [5d]
*** FIRST RIVER *** [Qh Ad 9h 5d] [9c]
*** SECOND TURN *** [Qh Ad 9h] [6d]
*** SECOND RIVER *** [Qh Ad 9h 6d] [Ks]
*** FIRST SHOWDOWN ***
Hero collected $0.81 from pot
*** SECOND SHOWDOWN ***
Hero collected $0.8 from pot
*** SUMMARY ***
Total pot $1.69 | Rake $0.08 | Jackpot $0 | Bingo $0 | Fortune $0 | Tax $0
Hand was run two times
FIRST Board [Qh Ad 9h 5d 9c]
SECOND Board [6d Ks]
Seat 1: b7534ca7 folded before Flop (didn't bet)
Seat 2: d9d9f827 folded on the Flop
Seat 3: Hero showed [Qc Jd] and won ($0.81) with Pair of Queens and Pair of Nines, and won ($0.8)
Seat 4: e6f29a6f (button) folded before Flop (didn't bet)
Seat 5: 6c903e47 (small blind) folded before Flop
Seat 6: 9ce8aa33 (big blind) showed [3h 2h] and lost with Pair of Nines, and lost


Poker Hand #HD1783543075: Hold'em No Limit ($0.05/$0.1) - 2024/05/22 17:35:03
Table 'NLHRed52' 6-max Seat #3 is the button
Seat 1: b7534ca7 ($18.77 in chips)
Seat 2: d9d9f827 ($14.72 in chips)
Seat 3: Hero ($10 in chips)
Seat 4: e6f29a6f ($14.31 in chips)
Seat 5: 6c903e47 ($10.15 in chips)
Seat 6: 9ce8aa33 ($0.47 in chips)
e6f29a6f: posts small blind $0.05
6c903e47: posts big blind $0.1
*** HOLE CARDS ***
Dealt to b7534ca7 
Dealt to d9d9f827 
Dealt to Hero [9h 5h]
Dealt to e6f29a6f 
Dealt to 6c903e47 
Dealt to 9ce8aa33 
9ce8aa33: raises $0.25 to $0.35
b7534ca7: folds
d9d9f827: folds
Hero: folds
e6f29a6f: folds
6c903e47: folds
Uncalled bet ($0.25) returned to 9ce8aa33
*** SHOWDOWN ***
9ce8aa33 collected $0.25 from pot
*** SUMMARY ***
Total pot $0.25 | Rake $0 | Jackpot $0 | Bingo $0 | Fortune $0 | Tax $0
Seat 1: b7534ca7 folded before Flop (didn't bet)
Seat 2: d9d9f827 folded before Flop (didn't bet)
Seat 3: Hero (button) folded before Flop (didn't bet)
Seat 4: e6f29a6f (small blind) folded before Flop
Seat 5: 6c903e47 (big blind) folded before Flop
Seat 6: 9ce8aa33 collected ($0.25)


Poker Hand #HD1783542875: Hold'em No Limit ($0.05/$0.1) - 2024/05/22 17:33:50
Table 'NLHRed52' 6-max Seat #2 is the button
Seat 1: b7534ca7 ($9.85 in chips)
Seat 2: d9d9f827 ($14.72 in chips)
Seat 3: Hero ($10 in chips)
Seat 4: e6f29a6f ($14.41 in chips)
Seat 5: 6c903e47 ($10.15 in chips)
Seat 6: 9ce8aa33 ($10.32 in chips)
Hero: posts small blind $0.05
e6f29a6f: posts big blind $0.1
*** HOLE CARDS ***
Dealt to b7534ca7 
Dealt to d9d9f827 
Dealt to Hero [Jc Td]
Dealt to e6f29a6f 
Dealt to 6c903e47 
Dealt to 9ce8aa33 
6c903e47: folds
9ce8aa33: raises $0.2 to $0.3
b7534ca7: raises $0.6 to $0.9
d9d9f827: folds
Hero: folds
e6f29a6f: folds
9ce8aa33: calls $0.6
*** FLOP *** [9c Ks Ad]
9ce8aa33: checks
b7534ca7: bets $0.65
9ce8aa33: calls $0.65
*** TURN *** [9c Ks Ad] [5c]
9ce8aa33: checks
b7534ca7: bets $1.9
9ce8aa33: calls $1.9
*** RIVER *** [9c Ks Ad 5c] [5h]
9ce8aa33: checks
b7534ca7: bets $6.4 and is all-in
9ce8aa33: calls $6.4
b7534ca7: shows [9d 9h] (Nines Full over Fives)
9ce8aa33: shows [Ah Qc] (Pair of Aces and Pair of Fives)
*** SHOWDOWN ***
b7534ca7 collected $18.77 from pot
*** SUMMARY ***
Total pot $19.85 | Rake $0.98 | Jackpot $0.1 | Bingo $0 | Fortune $0 | Tax $0
Board [9c Ks Ad 5c 5h]
Seat 1: b7534ca7 showed [9d 9h] and won ($18.77) with Nines Full over Fives
Seat 2: d9d9f827 (button) folded before Flop (didn't bet)
Seat 3: Hero (small blind) folded before Flop
Seat 4: e6f29a6f (big blind) folded before Flop
Seat 5: 6c903e47 folded before Flop (didn't bet)
Seat 6: 9ce8aa33 showed [Ah Qc] and lost with Pair of Aces and Pair of Fives


Poker Hand #HD1783542831: Hold'em No Limit ($0.05/$0.1) - 2024/05/22 17:33:32
Table 'NLHRed52' 6-max Seat #1 is the button
Seat 1: b7534ca7 ($9.85 in chips)
Seat 2: d9d9f827 ($14.77 in chips)
Seat 3: Hero ($10 in chips)
Seat 4: e6f29a6f ($14.41 in chips)
Seat 5: 6c903e47 ($10 in chips)
Seat 6: 9ce8aa33 ($10.32 in chips)
d9d9f827: posts small blind $0.05
Hero: posts big blind $0.1
*** HOLE CARDS ***
Dealt to b7534ca7 
Dealt to d9d9f827 
Dealt to Hero [7c Ts]
Dealt to e6f29a6f 
Dealt to 6c903e47 
Dealt to 9ce8aa33 
e6f29a6f: folds
6c903e47: raises $0.15 to $0.25
9ce8aa33: folds
b7534ca7: folds
d9d9f827: folds
Hero: folds
Uncalled bet ($0.15) returned to 6c903e47
*** SHOWDOWN ***
6c903e47 collected $0.25 from pot
*** SUMMARY ***
Total pot $0.25 | Rake $0 | Jackpot $0 | Bingo $0 | Fortune $0 | Tax $0
Seat 1: b7534ca7 (button) folded before Flop (didn't bet)
Seat 2: d9d9f827 (small blind) folded before Flop
Seat 3: Hero (big blind) folded before Flop
Seat 4: e6f29a6f folded before Flop (didn't bet)
Seat 5: 6c903e47 collected ($0.25)
Seat 6: 9ce8aa33 folded before Flop (didn't bet)


