Poker Hand #HD1781904751: Hold'em No Limit ($0.05/$0.1) - 2024/05/21 15:19:47
Table 'NLHRed49' 6-max Seat #5 is the button
Seat 1: Hero ($11.18 in chips)
Seat 2: c50c485c ($7.84 in chips)
Seat 3: efe371a8 ($10.33 in chips)
Seat 4: 4fc4112d ($20.16 in chips)
Seat 5: 898b5663 ($10 in chips)
Seat 6: 6e353372 ($11.51 in chips)
6e353372: posts small blind $0.05
Hero: posts big blind $0.1
c50c485c: posts big blind $0.1
*** HOLE CARDS ***
Dealt to Hero [5d 9s]
Dealt to c50c485c 
Dealt to efe371a8 
Dealt to 4fc4112d 
Dealt to 898b5663 
Dealt to 6e353372 
c50c485c: checks
efe371a8: folds
4fc4112d: folds
898b5663: folds
6e353372: folds
Hero: checks
*** FLOP *** [Ad 7c Jh]
Hero: checks
c50c485c: checks
*** TURN *** [Ad 7c Jh] [Qs]
Hero: checks
c50c485c: checks
*** RIVER *** [Ad 7c Jh Qs] [Ts]
Hero: checks
c50c485c: checks
Hero: shows [5d 9s] (Ace-High)
c50c485c: shows [9h 4h] (Ace-High)
*** SHOWDOWN ***
Hero collected $0.13 from pot
c50c485c collected $0.12 from pot
*** SUMMARY ***
Total pot $0.25 | Rake $0 | Jackpot $0 | Bingo $0 | Fortune $0 | Tax $0
Board [Ad 7c Jh Qs Ts]
Seat 1: Hero (big blind) showed [5d 9s] and won ($0.13) with Ace-High
Seat 2: c50c485c showed [9h 4h] and won ($0.12) with Ace-High
Seat 3: efe371a8 folded before Flop (didn't bet)
Seat 4: 4fc4112d folded before Flop (didn't bet)
Seat 5: 898b5663 (button) folded before Flop (didn't bet)
Seat 6: 6e353372 (small blind) folded before Flop


Poker Hand #HD1781904675: Hold'em No Limit ($0.05/$0.1) - 2024/05/21 15:19:04
Table 'NLHRed49' 6-max Seat #4 is the button
Seat 1: Hero ($10 in chips)
Seat 3: efe371a8 ($10.33 in chips)
Seat 4: 4fc4112d ($20.16 in chips)
Seat 5: 898b5663 ($10.05 in chips)
Seat 6: 6e353372 ($12.61 in chips)
898b5663: posts small blind $0.05
6e353372: posts big blind $0.1
*** HOLE CARDS ***
Dealt to Hero [Kc Ks]
Dealt to efe371a8 
Dealt to 4fc4112d 
Dealt to 898b5663 
Dealt to 6e353372 
Hero: raises $0.1 to $0.2
efe371a8: folds
4fc4112d: folds
898b5663: calls $0.15
6e353372: raises $0.9 to $1.1
Hero: raises $1.6 to $2.7
898b5663: folds
6e353372: folds
Uncalled bet ($1.6) returned to Hero
*** SHOWDOWN ***
Hero collected $2.28 from pot
*** SUMMARY ***
Total pot $2.4 | Rake $0.12 | Jackpot $0 | Bingo $0 | Fortune $0 | Tax $0
Seat 1: Hero collected ($2.28)
Seat 3: efe371a8 folded before Flop (didn't bet)
Seat 4: 4fc4112d (button) folded before Flop (didn't bet)
Seat 5: 898b5663 (small blind) folded before Flop
Seat 6: 6e353372 (big blind) folded before Flop


Poker Hand #HD1781904659: Hold'em No Limit ($0.05/$0.1) - 2024/05/21 15:18:56
Table 'NLHRed49' 6-max Seat #3 is the button
Seat 1: Hero ($10 in chips)
Seat 3: efe371a8 ($10.33 in chips)
Seat 4: 4fc4112d ($20.21 in chips)
Seat 5: 898b5663 ($10 in chips)
Seat 6: 6e353372 ($12.61 in chips)
4fc4112d: posts small blind $0.05
898b5663: posts big blind $0.1
*** HOLE CARDS ***
Dealt to Hero [8s Qd]
Dealt to efe371a8 
Dealt to 4fc4112d 
Dealt to 898b5663 
Dealt to 6e353372 
6e353372: folds
Hero: folds
efe371a8: folds
4fc4112d: folds
Uncalled bet ($0.05) returned to 898b5663
*** SHOWDOWN ***
898b5663 collected $0.1 from pot
*** SUMMARY ***
Total pot $0.1 | Rake $0 | Jackpot $0 | Bingo $0 | Fortune $0 | Tax $0
Seat 1: Hero folded before Flop (didn't bet)
Seat 3: efe371a8 (button) folded before Flop (didn't bet)
Seat 4: 4fc4112d (small blind) folded before Flop
Seat 5: 898b5663 (big blind) collected ($0.1)
Seat 6: 6e353372 folded before Flop (didn't bet)


Poker Hand #HD1781904631: Hold'em No Limit ($0.05/$0.1) - 2024/05/21 15:18:44
Table 'NLHRed49' 6-max Seat #2 is the button
Seat 1: Hero ($10 in chips)
Seat 2: b0c10b99 ($18.31 in chips)
Seat 3: efe371a8 ($10.23 in chips)
Seat 4: 4fc4112d ($20.31 in chips)
Seat 6: 6e353372 ($12.61 in chips)
efe371a8: posts small blind $0.05
4fc4112d: posts big blind $0.1
*** HOLE CARDS ***
Dealt to Hero [Th 5h]
Dealt to b0c10b99 
Dealt to efe371a8 
Dealt to 4fc4112d 
Dealt to 6e353372 
6e353372: folds
Hero: folds
b0c10b99: folds
efe371a8: raises $0.2 to $0.3
4fc4112d: folds
Uncalled bet ($0.2) returned to efe371a8
*** SHOWDOWN ***
efe371a8 collected $0.2 from pot
*** SUMMARY ***
Total pot $0.2 | Rake $0 | Jackpot $0 | Bingo $0 | Fortune $0 | Tax $0
Seat 1: Hero folded before Flop (didn't bet)
Seat 2: b0c10b99 (button) folded before Flop (didn't bet)
Seat 3: efe371a8 (small blind) collected ($0.2)
Seat 4: 4fc4112d (big blind) folded before Flop
Seat 6: 6e353372 folded before Flop (didn't bet)


Poker Hand #HD1781904615: Hold'em No Limit ($0.05/$0.1) - 2024/05/21 15:18:34
Table 'NLHRed49' 6-max Seat #1 is the button
Seat 1: Hero ($10 in chips)
Seat 2: b0c10b99 ($18.36 in chips)
Seat 3: efe371a8 ($10.18 in chips)
Seat 4: 4fc4112d ($20.31 in chips)
Seat 6: 6e353372 ($12.61 in chips)
b0c10b99: posts small blind $0.05
efe371a8: posts big blind $0.1
*** HOLE CARDS ***
Dealt to Hero [Qc 6c]
Dealt to b0c10b99 
Dealt to efe371a8 
Dealt to 4fc4112d 
Dealt to 6e353372 
4fc4112d: folds
6e353372: folds
Hero: folds
b0c10b99: folds
Uncalled bet ($0.05) returned to efe371a8
*** SHOWDOWN ***
efe371a8 collected $0.1 from pot
*** SUMMARY ***
Total pot $0.1 | Rake $0 | Jackpot $0 | Bingo $0 | Fortune $0 | Tax $0
Seat 1: Hero (button) folded before Flop (didn't bet)
Seat 2: b0c10b99 (small blind) folded before Flop
Seat 3: efe371a8 (big blind) collected ($0.1)
Seat 4: 4fc4112d folded before Flop (didn't bet)
Seat 6: 6e353372 folded before Flop (didn't bet)


Poker Hand #HD1781904591: Hold'em No Limit ($0.05/$0.1) - 2024/05/21 15:18:19
Table 'NLHRed49' 6-max Seat #6 is the button
Seat 1: Hero ($10 in chips)
Seat 2: b0c10b99 ($18.31 in chips)
Seat 3: efe371a8 ($10.18 in chips)
Seat 4: 4fc4112d ($20.31 in chips)
Seat 6: 6e353372 ($12.61 in chips)
Hero: posts small blind $0.05
b0c10b99: posts big blind $0.1
*** HOLE CARDS ***
Dealt to Hero [Jh 3h]
Dealt to b0c10b99 
Dealt to efe371a8 
Dealt to 4fc4112d 
Dealt to 6e353372 
efe371a8: folds
4fc4112d: folds
6e353372: folds
Hero: folds
Uncalled bet ($0.05) returned to b0c10b99
*** SHOWDOWN ***
b0c10b99 collected $0.1 from pot
*** SUMMARY ***
Total pot $0.1 | Rake $0 | Jackpot $0 | Bingo $0 | Fortune $0 | Tax $0
Seat 1: Hero (small blind) folded before Flop
Seat 2: b0c10b99 (big blind) collected ($0.1)
Seat 3: efe371a8 folded before Flop (didn't bet)
Seat 4: 4fc4112d folded before Flop (didn't bet)
Seat 6: 6e353372 (button) folded before Flop (didn't bet)


Poker Hand #HD1781904536: Hold'em No Limit ($0.05/$0.1) - 2024/05/21 15:17:44
Table 'NLHRed49' 6-max Seat #4 is the button
Seat 1: Hero ($10 in chips)
Seat 2: b0c10b99 ($18.51 in chips)
Seat 3: efe371a8 ($9.85 in chips)
Seat 4: 4fc4112d ($20.31 in chips)
Seat 6: 6e353372 ($12.66 in chips)
6e353372: posts small blind $0.05
Hero: posts big blind $0.1
*** HOLE CARDS ***
Dealt to Hero [5s 2s]
Dealt to b0c10b99 
Dealt to efe371a8 
Dealt to 4fc4112d 
Dealt to 6e353372 
b0c10b99: raises $0.1 to $0.2
efe371a8: raises $0.55 to $0.75
4fc4112d: folds
6e353372: folds
Hero: folds
b0c10b99: folds
Uncalled bet ($0.55) returned to efe371a8
*** SHOWDOWN ***
efe371a8 collected $0.53 from pot
*** SUMMARY ***
Total pot $0.55 | Rake $0.02 | Jackpot $0 | Bingo $0 | Fortune $0 | Tax $0
Seat 1: Hero (big blind) folded before Flop
Seat 2: b0c10b99 folded before Flop
Seat 3: efe371a8 collected ($0.53)
Seat 4: 4fc4112d (button) folded before Flop (didn't bet)
Seat 6: 6e353372 (small blind) folded before Flop


Poker Hand #HD1781904483: Hold'em No Limit ($0.05/$0.1) - 2024/05/21 15:17:14
Table 'NLHRed49' 6-max Seat #3 is the button
Seat 1: Hero ($10 in chips)
Seat 2: b0c10b99 ($18.51 in chips)
Seat 3: efe371a8 ($9.85 in chips)
Seat 4: 4fc4112d ($20.21 in chips)
Seat 6: 6e353372 ($12.76 in chips)
4fc4112d: posts small blind $0.05
6e353372: posts big blind $0.1
*** HOLE CARDS ***
Dealt to Hero [9h 3h]
Dealt to b0c10b99 
Dealt to efe371a8 
Dealt to 4fc4112d 
Dealt to 6e353372 
Hero: folds
b0c10b99: folds
efe371a8: folds
4fc4112d: raises $0.2 to $0.3
6e353372: folds
Uncalled bet ($0.2) returned to 4fc4112d
*** SHOWDOWN ***
4fc4112d collected $0.2 from pot
*** SUMMARY ***
Total pot $0.2 | Rake $0 | Jackpot $0 | Bingo $0 | Fortune $0 | Tax $0
Seat 1: Hero folded before Flop (didn't bet)
Seat 2: b0c10b99 folded before Flop (didn't bet)
Seat 3: efe371a8 (button) folded before Flop (didn't bet)
Seat 4: 4fc4112d (small blind) collected ($0.2)
Seat 6: 6e353372 (big blind) folded before Flop


Poker Hand #HD1781904432: Hold'em No Limit ($0.05/$0.1) - 2024/05/21 15:16:47
Table 'NLHRed49' 6-max Seat #2 is the button
Seat 1: Hero ($10 in chips)
Seat 2: b0c10b99 ($18.51 in chips)
Seat 3: efe371a8 ($9.9 in chips)
Seat 4: 4fc4112d ($20.31 in chips)
Seat 5: 1a3c5296 ($13.03 in chips)
Seat 6: 6e353372 ($12.39 in chips)
efe371a8: posts small blind $0.05
4fc4112d: posts big blind $0.1
*** HOLE CARDS ***
Dealt to Hero [5s 6h]
Dealt to b0c10b99 
Dealt to efe371a8 
Dealt to 4fc4112d 
Dealt to 1a3c5296 
Dealt to 6e353372 
1a3c5296: raises $0.15 to $0.25
6e353372: raises $0.49 to $0.74
Hero: folds
b0c10b99: folds
efe371a8: folds
4fc4112d: folds
1a3c5296: folds
Uncalled bet ($0.49) returned to 6e353372
*** SHOWDOWN ***
6e353372 collected $0.62 from pot
*** SUMMARY ***
Total pot $0.65 | Rake $0.03 | Jackpot $0 | Bingo $0 | Fortune $0 | Tax $0
Seat 1: Hero folded before Flop (didn't bet)
Seat 2: b0c10b99 (button) folded before Flop (didn't bet)
Seat 3: efe371a8 (small blind) folded before Flop
Seat 4: 4fc4112d (big blind) folded before Flop
Seat 5: 1a3c5296 folded before Flop
Seat 6: 6e353372 collected ($0.62)


Poker Hand #HD1781904344: Hold'em No Limit ($0.05/$0.1) - 2024/05/21 15:15:57
Table 'NLHRed49' 6-max Seat #1 is the button
Seat 1: Hero ($10 in chips)
Seat 2: b0c10b99 ($17.29 in chips)
Seat 3: efe371a8 ($10 in chips)
Seat 4: 4fc4112d ($20.31 in chips)
Seat 5: 1a3c5296 ($13.03 in chips)
Seat 6: 6e353372 ($12.39 in chips)
b0c10b99: posts small blind $0.05
efe371a8: posts big blind $0.1
*** HOLE CARDS ***
Dealt to Hero [5d 5s]
Dealt to b0c10b99 
Dealt to efe371a8 
Dealt to 4fc4112d 
Dealt to 1a3c5296 
Dealt to 6e353372 
4fc4112d: folds
1a3c5296: folds
6e353372: folds
Hero: raises $0.14 to $0.24
b0c10b99: calls $0.19
efe371a8: folds
*** FLOP *** [3d Ts 8c]
b0c10b99: checks
Hero: bets $0.3
b0c10b99: calls $0.3
*** TURN *** [3d Ts 8c] [Kd]
b0c10b99: checks
Hero: bets $0.7
b0c10b99: raises $2.58 to $3.28
Hero: folds
Uncalled bet ($2.58) returned to b0c10b99
*** SHOWDOWN ***
b0c10b99 collected $2.46 from pot
*** SUMMARY ***
Total pot $2.58 | Rake $0.12 | Jackpot $0 | Bingo $0 | Fortune $0 | Tax $0
Board [3d Ts 8c Kd]
Seat 1: Hero (button) folded on the Turn
Seat 2: b0c10b99 (small blind) won ($2.46)
Seat 3: efe371a8 (big blind) folded before Flop
Seat 4: 4fc4112d folded before Flop (didn't bet)
Seat 5: 1a3c5296 folded before Flop (didn't bet)
Seat 6: 6e353372 folded before Flop (didn't bet)


Poker Hand #HD1781904310: Hold'em No Limit ($0.05/$0.1) - 2024/05/21 15:15:29
Table 'NLHRed49' 6-max Seat #6 is the button
Seat 1: Hero ($10 in chips)
Seat 2: b0c10b99 ($17.39 in chips)
Seat 3: 46b652b7 ($18.03 in chips)
Seat 4: 4fc4112d ($20.31 in chips)
Seat 5: 1a3c5296 ($12.88 in chips)
Seat 6: 6e353372 ($12.39 in chips)
Hero: posts small blind $0.05
b0c10b99: posts big blind $0.1
*** HOLE CARDS ***
Dealt to Hero [7h 5c]
Dealt to b0c10b99 
Dealt to 46b652b7 
Dealt to 4fc4112d 
Dealt to 1a3c5296 
Dealt to 6e353372 
46b652b7: folds
4fc4112d: folds
1a3c5296: raises $0.15 to $0.25
6e353372: folds
Hero: folds
b0c10b99: folds
Uncalled bet ($0.15) returned to 1a3c5296
*** SHOWDOWN ***
1a3c5296 collected $0.25 from pot
*** SUMMARY ***
Total pot $0.25 | Rake $0 | Jackpot $0 | Bingo $0 | Fortune $0 | Tax $0
Seat 1: Hero (small blind) folded before Flop
Seat 2: b0c10b99 (big blind) folded before Flop
Seat 3: 46b652b7 folded before Flop (didn't bet)
Seat 4: 4fc4112d folded before Flop (didn't bet)
Seat 5: 1a3c5296 collected ($0.25)
Seat 6: 6e353372 (button) folded before Flop (didn't bet)


Poker Hand #HD1781904134: Hold'em No Limit ($0.05/$0.1) - 2024/05/21 15:13:54
Table 'NLHRed49' 6-max Seat #5 is the button
Seat 1: Hero ($10 in chips)
Seat 2: b0c10b99 ($17.39 in chips)
Seat 3: 46b652b7 ($18.03 in chips)
Seat 4: 4fc4112d ($20.31 in chips)
Seat 5: 1a3c5296 ($13.05 in chips)
Seat 6: 6e353372 ($12.44 in chips)
6e353372: posts small blind $0.05
Hero: posts big blind $0.1
*** HOLE CARDS ***
Dealt to Hero [Ac Jc]
Dealt to b0c10b99 
Dealt to 46b652b7 
Dealt to 4fc4112d 
Dealt to 1a3c5296 
Dealt to 6e353372 
b0c10b99: folds
46b652b7: folds
4fc4112d: folds
1a3c5296: raises $0.15 to $0.25
6e353372: folds
Hero: raises $0.95 to $1.2
1a3c5296: calls $0.95
*** FLOP *** [5c As 2d]
Hero: bets $0.81
1a3c5296: calls $0.81
*** TURN *** [5c As 2d] [4h]
Hero: checks
1a3c5296: checks
*** RIVER *** [5c As 2d 4h] [6s]
Hero: bets $1
1a3c5296: calls $1
Hero: shows [Ac Jc] (Pair of Aces)
1a3c5296: shows [Ah Jh] (Pair of Aces)
*** SHOWDOWN ***
Hero collected $2.85 from pot
1a3c5296 collected $2.84 from pot
*** SUMMARY ***
Total pot $6.07 | Rake $0.28 | Jackpot $0.1 | Bingo $0 | Fortune $0 | Tax $0
Board [5c As 2d 4h 6s]
Seat 1: Hero (big blind) showed [Ac Jc] and won ($2.85) with Pair of Aces
Seat 2: b0c10b99 folded before Flop (didn't bet)
Seat 3: 46b652b7 folded before Flop (didn't bet)
Seat 4: 4fc4112d folded before Flop (didn't bet)
Seat 5: 1a3c5296 (button) showed [Ah Jh] and won ($2.84) with Pair of Aces
Seat 6: 6e353372 (small blind) folded before Flop


