Poker Hand #HD1789299046: Hold'em No Limit ($0.05/$0.1) - 2024/05/27 02:55:38
Table 'NLHRed1' 6-max Seat #3 is the button
Seat 1: 5f438e1c ($10.52 in chips)
Seat 2: 2aa7e468 ($12.61 in chips)
Seat 3: cb1583fa ($10.81 in chips)
Seat 4: Hero ($13.41 in chips)
Seat 5: db4a2702 ($8.42 in chips)
Seat 6: 29233006 ($1.88 in chips)
Hero: posts small blind $0.05
db4a2702: posts big blind $0.1
*** HOLE CARDS ***
Dealt to 5f438e1c 
Dealt to 2aa7e468 
Dealt to cb1583fa 
Dealt to Hero [8s 9d]
Dealt to db4a2702 
Dealt to 29233006 
29233006: folds
5f438e1c: raises $0.2 to $0.3
2aa7e468: folds
cb1583fa: folds
Hero: folds
db4a2702: calls $0.2
*** FLOP *** [Ad 5c Ah]
db4a2702: checks
5f438e1c: bets $0.25
db4a2702: calls $0.25
*** TURN *** [Ad 5c Ah] [Jc]
db4a2702: checks
5f438e1c: bets $0.85
db4a2702: calls $0.85
*** RIVER *** [Ad 5c Ah Jc] [Qd]
db4a2702: bets $1.43
5f438e1c: folds
Uncalled bet ($1.43) returned to db4a2702
*** SHOWDOWN ***
db4a2702 collected $2.71 from pot
*** SUMMARY ***
Total pot $2.85 | Rake $0.14 | Jackpot $0 | Bingo $0 | Fortune $0 | Tax $0
Board [Ad 5c Ah Jc Qd]
Seat 1: 5f438e1c folded on the River
Seat 2: 2aa7e468 folded before Flop (didn't bet)
Seat 3: cb1583fa (button) folded before Flop (didn't bet)
Seat 4: Hero (small blind) folded before Flop
Seat 5: db4a2702 (big blind) won ($2.71)
Seat 6: 29233006 folded before Flop (didn't bet)


Poker Hand #HD1789299013: Hold'em No Limit ($0.05/$0.1) - 2024/05/27 02:55:19
Table 'NLHRed1' 6-max Seat #2 is the button
Seat 1: 5f438e1c ($10.52 in chips)
Seat 2: 2aa7e468 ($12.61 in chips)
Seat 3: cb1583fa ($10.86 in chips)
Seat 4: Hero ($13.51 in chips)
Seat 5: db4a2702 ($8.27 in chips)
Seat 6: 29233006 ($1.88 in chips)
cb1583fa: posts small blind $0.05
Hero: posts big blind $0.1
*** HOLE CARDS ***
Dealt to 5f438e1c 
Dealt to 2aa7e468 
Dealt to cb1583fa 
Dealt to Hero [2c 6s]
Dealt to db4a2702 
Dealt to 29233006 
db4a2702: raises $0.2 to $0.3
29233006: folds
5f438e1c: folds
2aa7e468: folds
cb1583fa: folds
Hero: folds
Uncalled bet ($0.2) returned to db4a2702
*** SHOWDOWN ***
db4a2702 collected $0.25 from pot
*** SUMMARY ***
Total pot $0.25 | Rake $0 | Jackpot $0 | Bingo $0 | Fortune $0 | Tax $0
Seat 1: 5f438e1c folded before Flop (didn't bet)
Seat 2: 2aa7e468 (button) folded before Flop (didn't bet)
Seat 3: cb1583fa (small blind) folded before Flop
Seat 4: Hero (big blind) folded before Flop
Seat 5: db4a2702 collected ($0.25)
Seat 6: 29233006 folded before Flop (didn't bet)


Poker Hand #HD1789298959: Hold'em No Limit ($0.05/$0.1) - 2024/05/27 02:54:44
Table 'NLHRed1' 6-max Seat #1 is the button
Seat 1: 5f438e1c ($10 in chips)
Seat 2: 2aa7e468 ($12.66 in chips)
Seat 3: cb1583fa ($10.96 in chips)
Seat 4: Hero ($13.51 in chips)
Seat 5: db4a2702 ($8.47 in chips)
Seat 6: 29233006 ($2.08 in chips)
2aa7e468: posts small blind $0.05
cb1583fa: posts big blind $0.1
*** HOLE CARDS ***
Dealt to 5f438e1c 
Dealt to 2aa7e468 
Dealt to cb1583fa 
Dealt to Hero [7s Kh]
Dealt to db4a2702 
Dealt to 29233006 
Hero: folds
db4a2702: raises $0.1 to $0.2
29233006: calls $0.2
5f438e1c: raises $1.2 to $1.4
2aa7e468: folds
cb1583fa: folds
db4a2702: folds
29233006: folds
Uncalled bet ($1.2) returned to 5f438e1c
*** SHOWDOWN ***
5f438e1c collected $0.72 from pot
*** SUMMARY ***
Total pot $0.75 | Rake $0.03 | Jackpot $0 | Bingo $0 | Fortune $0 | Tax $0
Seat 1: 5f438e1c (button) collected ($0.72)
Seat 2: 2aa7e468 (small blind) folded before Flop
Seat 3: cb1583fa (big blind) folded before Flop
Seat 4: Hero folded before Flop (didn't bet)
Seat 5: db4a2702 folded before Flop
Seat 6: 29233006 folded before Flop


Poker Hand #HD1789298930: Hold'em No Limit ($0.05/$0.1) - 2024/05/27 02:54:27
Table 'NLHRed1' 6-max Seat #6 is the button
Seat 1: 5f438e1c ($10 in chips)
Seat 2: 2aa7e468 ($12.76 in chips)
Seat 3: cb1583fa ($10.96 in chips)
Seat 4: Hero ($13.51 in chips)
Seat 5: db4a2702 ($8.47 in chips)
Seat 6: 29233006 ($1.93 in chips)
5f438e1c: posts small blind $0.05
2aa7e468: posts big blind $0.1
*** HOLE CARDS ***
Dealt to 5f438e1c 
Dealt to 2aa7e468 
Dealt to cb1583fa 
Dealt to Hero [4d Td]
Dealt to db4a2702 
Dealt to 29233006 
cb1583fa: folds
Hero: folds
db4a2702: folds
29233006: raises $0.2 to $0.3
5f438e1c: folds
2aa7e468: folds
Uncalled bet ($0.2) returned to 29233006
*** SHOWDOWN ***
29233006 collected $0.25 from pot
*** SUMMARY ***
Total pot $0.25 | Rake $0 | Jackpot $0 | Bingo $0 | Fortune $0 | Tax $0
Seat 1: 5f438e1c (small blind) folded before Flop
Seat 2: 2aa7e468 (big blind) folded before Flop
Seat 3: cb1583fa folded before Flop (didn't bet)
Seat 4: Hero folded before Flop (didn't bet)
Seat 5: db4a2702 folded before Flop (didn't bet)
Seat 6: 29233006 (button) collected ($0.25)


Poker Hand #HD1789298889: Hold'em No Limit ($0.05/$0.1) - 2024/05/27 02:54:02
Table 'NLHRed1' 6-max Seat #5 is the button
Seat 1: 5f438e1c ($10 in chips)
Seat 2: 2aa7e468 ($12.76 in chips)
Seat 3: cb1583fa ($10.81 in chips)
Seat 4: Hero ($13.51 in chips)
Seat 5: db4a2702 ($8.47 in chips)
Seat 6: 29233006 ($1.98 in chips)
29233006: posts small blind $0.05
5f438e1c: posts big blind $0.1
*** HOLE CARDS ***
Dealt to 5f438e1c 
Dealt to 2aa7e468 
Dealt to cb1583fa 
Dealt to Hero [Js Qc]
Dealt to db4a2702 
Dealt to 29233006 
2aa7e468: folds
cb1583fa: raises $0.2 to $0.3
Hero: folds
db4a2702: folds
29233006: folds
5f438e1c: folds
Uncalled bet ($0.2) returned to cb1583fa
*** SHOWDOWN ***
cb1583fa collected $0.25 from pot
*** SUMMARY ***
Total pot $0.25 | Rake $0 | Jackpot $0 | Bingo $0 | Fortune $0 | Tax $0
Seat 1: 5f438e1c (big blind) folded before Flop
Seat 2: 2aa7e468 folded before Flop (didn't bet)
Seat 3: cb1583fa collected ($0.25)
Seat 4: Hero folded before Flop (didn't bet)
Seat 5: db4a2702 (button) folded before Flop (didn't bet)
Seat 6: 29233006 (small blind) folded before Flop


Poker Hand #HD1789298824: Hold'em No Limit ($0.05/$0.1) - 2024/05/27 02:53:23
Table 'NLHRed1' 6-max Seat #4 is the button
Seat 1: 5f438e1c ($10 in chips)
Seat 2: 2aa7e468 ($12.76 in chips)
Seat 3: cb1583fa ($10.81 in chips)
Seat 4: Hero ($13.51 in chips)
Seat 5: db4a2702 ($8.57 in chips)
Seat 6: 29233006 ($1.89 in chips)
db4a2702: posts small blind $0.05
29233006: posts big blind $0.1
*** HOLE CARDS ***
Dealt to 5f438e1c 
Dealt to 2aa7e468 
Dealt to cb1583fa 
Dealt to Hero [Js 8c]
Dealt to db4a2702 
Dealt to 29233006 
5f438e1c: folds
2aa7e468: folds
cb1583fa: folds
Hero: folds
db4a2702: calls $0.05
29233006: checks
*** FLOP *** [3d 2c 8h]
db4a2702: checks
29233006: bets $0.15
db4a2702: folds
Uncalled bet ($0.15) returned to 29233006
*** SHOWDOWN ***
29233006 collected $0.19 from pot
*** SUMMARY ***
Total pot $0.2 | Rake $0.01 | Jackpot $0 | Bingo $0 | Fortune $0 | Tax $0
Board [3d 2c 8h]
Seat 1: 5f438e1c folded before Flop (didn't bet)
Seat 2: 2aa7e468 folded before Flop (didn't bet)
Seat 3: cb1583fa folded before Flop (didn't bet)
Seat 4: Hero (button) folded before Flop (didn't bet)
Seat 5: db4a2702 (small blind) folded on the Flop
Seat 6: 29233006 (big blind) won ($0.19)


Poker Hand #HD1789298759: Hold'em No Limit ($0.05/$0.1) - 2024/05/27 02:52:32
Table 'NLHRed1' 6-max Seat #3 is the button
Seat 1: 5f438e1c ($10 in chips)
Seat 2: 2aa7e468 ($12.76 in chips)
Seat 3: cb1583fa ($10.81 in chips)
Seat 4: Hero ($12.6 in chips)
Seat 5: db4a2702 ($8.67 in chips)
Seat 6: 29233006 ($2.79 in chips)
Hero: posts small blind $0.05
db4a2702: posts big blind $0.1
*** HOLE CARDS ***
Dealt to 5f438e1c 
Dealt to 2aa7e468 
Dealt to cb1583fa 
Dealt to Hero [4c Ac]
Dealt to db4a2702 
Dealt to 29233006 
29233006: calls $0.1
5f438e1c: folds
2aa7e468: folds
cb1583fa: folds
Hero: raises $0.3 to $0.4
db4a2702: folds
29233006: calls $0.3
*** FLOP *** [Jc Td Qc]
Hero: bets $0.5
29233006: calls $0.5
*** TURN *** [Jc Td Qc] [3h]
Hero: bets $1.9
29233006: folds
Uncalled bet ($1.9) returned to Hero
*** SHOWDOWN ***
Hero collected $1.81 from pot
*** SUMMARY ***
Total pot $1.9 | Rake $0.09 | Jackpot $0 | Bingo $0 | Fortune $0 | Tax $0
Board [Jc Td Qc 3h]
Seat 1: 5f438e1c folded before Flop (didn't bet)
Seat 2: 2aa7e468 folded before Flop (didn't bet)
Seat 3: cb1583fa (button) folded before Flop (didn't bet)
Seat 4: Hero (small blind) won ($1.81)
Seat 5: db4a2702 (big blind) folded before Flop
Seat 6: 29233006 folded on the Turn


Poker Hand #HD1789298738: Hold'em No Limit ($0.05/$0.1) - 2024/05/27 02:52:17
Table 'NLHRed1' 6-max Seat #2 is the button
Seat 1: 5f438e1c ($10 in chips)
Seat 2: 2aa7e468 ($12.76 in chips)
Seat 3: cb1583fa ($10.86 in chips)
Seat 4: Hero ($12.7 in chips)
Seat 5: db4a2702 ($8.52 in chips)
Seat 6: 29233006 ($2.79 in chips)
cb1583fa: posts small blind $0.05
Hero: posts big blind $0.1
*** HOLE CARDS ***
Dealt to 5f438e1c 
Dealt to 2aa7e468 
Dealt to cb1583fa 
Dealt to Hero [Kc 5c]
Dealt to db4a2702 
Dealt to 29233006 
db4a2702: raises $0.1 to $0.2
29233006: folds
5f438e1c: folds
2aa7e468: folds
cb1583fa: folds
Hero: folds
Uncalled bet ($0.1) returned to db4a2702
*** SHOWDOWN ***
db4a2702 collected $0.25 from pot
*** SUMMARY ***
Total pot $0.25 | Rake $0 | Jackpot $0 | Bingo $0 | Fortune $0 | Tax $0
Seat 1: 5f438e1c folded before Flop (didn't bet)
Seat 2: 2aa7e468 (button) folded before Flop (didn't bet)
Seat 3: cb1583fa (small blind) folded before Flop
Seat 4: Hero (big blind) folded before Flop
Seat 5: db4a2702 collected ($0.25)
Seat 6: 29233006 folded before Flop (didn't bet)


Poker Hand #HD1789298690: Hold'em No Limit ($0.05/$0.1) - 2024/05/27 02:51:40
Table 'NLHRed1' 6-max Seat #1 is the button
Seat 1: 5f438e1c ($10 in chips)
Seat 2: 2aa7e468 ($12.81 in chips)
Seat 3: cb1583fa ($10.96 in chips)
Seat 4: Hero ($12.1 in chips)
Seat 5: db4a2702 ($9.02 in chips)
Seat 6: 29233006 ($2.79 in chips)
2aa7e468: posts small blind $0.05
cb1583fa: posts big blind $0.1
*** HOLE CARDS ***
Dealt to 5f438e1c 
Dealt to 2aa7e468 
Dealt to cb1583fa 
Dealt to Hero [Js Qh]
Dealt to db4a2702 
Dealt to 29233006 
Hero: raises $0.1 to $0.2
db4a2702: calls $0.2
29233006: folds
5f438e1c: folds
2aa7e468: folds
cb1583fa: folds
*** FLOP *** [Tc Ad 6c]
Hero: bets $0.3
db4a2702: calls $0.3
*** TURN *** [Tc Ad 6c] [4s]
Hero: bets $0.8
db4a2702: folds
Uncalled bet ($0.8) returned to Hero
*** SHOWDOWN ***
Hero collected $1.1 from pot
*** SUMMARY ***
Total pot $1.15 | Rake $0.05 | Jackpot $0 | Bingo $0 | Fortune $0 | Tax $0
Board [Tc Ad 6c 4s]
Seat 1: 5f438e1c (button) folded before Flop (didn't bet)
Seat 2: 2aa7e468 (small blind) folded before Flop
Seat 3: cb1583fa (big blind) folded before Flop
Seat 4: Hero won ($1.1)
Seat 5: db4a2702 folded on the Turn
Seat 6: 29233006 folded before Flop (didn't bet)


Poker Hand #HD1789298637: Hold'em No Limit ($0.05/$0.1) - 2024/05/27 02:51:07
Table 'NLHRed1' 6-max Seat #6 is the button
Seat 1: 5f438e1c ($10 in chips)
Seat 2: 2aa7e468 ($12.91 in chips)
Seat 3: cb1583fa ($10.96 in chips)
Seat 4: Hero ($11.77 in chips)
Seat 5: db4a2702 ($9.22 in chips)
Seat 6: 29233006 ($2.79 in chips)
5f438e1c: posts small blind $0.05
2aa7e468: posts big blind $0.1
*** HOLE CARDS ***
Dealt to 5f438e1c 
Dealt to 2aa7e468 
Dealt to cb1583fa 
Dealt to Hero [9s 9d]
Dealt to db4a2702 
Dealt to 29233006 
cb1583fa: folds
Hero: raises $0.1 to $0.2
db4a2702: calls $0.2
29233006: folds
5f438e1c: folds
2aa7e468: folds
*** FLOP *** [5d Qs 4c]
Hero: bets $0.19
db4a2702: folds
Uncalled bet ($0.19) returned to Hero
*** SHOWDOWN ***
Hero collected $0.53 from pot
*** SUMMARY ***
Total pot $0.55 | Rake $0.02 | Jackpot $0 | Bingo $0 | Fortune $0 | Tax $0
Board [5d Qs 4c]
Seat 1: 5f438e1c (small blind) folded before Flop
Seat 2: 2aa7e468 (big blind) folded before Flop
Seat 3: cb1583fa folded before Flop (didn't bet)
Seat 4: Hero won ($0.53)
Seat 5: db4a2702 folded on the Flop
Seat 6: 29233006 (button) folded before Flop (didn't bet)


Poker Hand #HD1789298538: Hold'em No Limit ($0.05/$0.1) - 2024/05/27 02:50:09
Table 'NLHRed1' 6-max Seat #5 is the button
Seat 1: 5f438e1c ($10 in chips)
Seat 2: 2aa7e468 ($12.91 in chips)
Seat 3: cb1583fa ($10.96 in chips)
Seat 4: Hero ($11.77 in chips)
Seat 5: db4a2702 ($9.22 in chips)
Seat 6: 29233006 ($2.56 in chips)
29233006: posts small blind $0.05
5f438e1c: posts big blind $0.1
*** HOLE CARDS ***
Dealt to 5f438e1c 
Dealt to 2aa7e468 
Dealt to cb1583fa 
Dealt to Hero [6c 2d]
Dealt to db4a2702 
Dealt to 29233006 
2aa7e468: folds
cb1583fa: folds
Hero: folds
db4a2702: folds
29233006: calls $0.05
5f438e1c: checks
*** FLOP *** [3c Qs 7c]
29233006: checks
5f438e1c: checks
*** TURN *** [3c Qs 7c] [3s]
29233006: bets $0.15
5f438e1c: calls $0.15
*** RIVER *** [3c Qs 7c 3s] [5h]
29233006: bets $0.5
5f438e1c: folds
Uncalled bet ($0.5) returned to 29233006
*** SHOWDOWN ***
29233006 collected $0.48 from pot
*** SUMMARY ***
Total pot $0.5 | Rake $0.02 | Jackpot $0 | Bingo $0 | Fortune $0 | Tax $0
Board [3c Qs 7c 3s 5h]
Seat 1: 5f438e1c (big blind) folded on the River
Seat 2: 2aa7e468 folded before Flop (didn't bet)
Seat 3: cb1583fa folded before Flop (didn't bet)
Seat 4: Hero folded before Flop (didn't bet)
Seat 5: db4a2702 (button) folded before Flop (didn't bet)
Seat 6: 29233006 (small blind) won ($0.48)


Poker Hand #HD1789298414: Hold'em No Limit ($0.05/$0.1) - 2024/05/27 02:48:48
Table 'NLHRed1' 6-max Seat #4 is the button
Seat 1: 5f438e1c ($10 in chips)
Seat 2: 2aa7e468 ($12.91 in chips)
Seat 3: cb1583fa ($10 in chips)
Seat 4: Hero ($12.67 in chips)
Seat 5: db4a2702 ($9.27 in chips)
Seat 6: 29233006 ($2.66 in chips)
db4a2702: posts small blind $0.05
29233006: posts big blind $0.1
*** HOLE CARDS ***
Dealt to 5f438e1c 
Dealt to 2aa7e468 
Dealt to cb1583fa 
Dealt to Hero [Ac Qd]
Dealt to db4a2702 
Dealt to 29233006 
5f438e1c: folds
2aa7e468: folds
cb1583fa: raises $0.2 to $0.3
Hero: raises $0.6 to $0.9
db4a2702: folds
29233006: folds
cb1583fa: raises $1.3 to $2.2
Hero: folds
Uncalled bet ($1.3) returned to cb1583fa
*** SHOWDOWN ***
cb1583fa collected $1.86 from pot
*** SUMMARY ***
Total pot $1.95 | Rake $0.09 | Jackpot $0 | Bingo $0 | Fortune $0 | Tax $0
Seat 1: 5f438e1c folded before Flop (didn't bet)
Seat 2: 2aa7e468 folded before Flop (didn't bet)
Seat 3: cb1583fa collected ($1.86)
Seat 4: Hero (button) folded before Flop
Seat 5: db4a2702 (small blind) folded before Flop
Seat 6: 29233006 (big blind) folded before Flop


Poker Hand #HD1789298270: Hold'em No Limit ($0.05/$0.1) - 2024/05/27 02:47:11
Table 'NLHRed1' 6-max Seat #3 is the button
Seat 1: 5f438e1c ($10 in chips)
Seat 2: 2aa7e468 ($13.67 in chips)
Seat 3: cb1583fa ($10 in chips)
Seat 4: Hero ($12.72 in chips)
Seat 5: db4a2702 ($9 in chips)
Seat 6: 29233006 ($2.4 in chips)
Hero: posts small blind $0.05
db4a2702: posts big blind $0.1
*** HOLE CARDS ***
Dealt to 5f438e1c 
Dealt to 2aa7e468 
Dealt to cb1583fa 
Dealt to Hero [6c 3h]
Dealt to db4a2702 
Dealt to 29233006 
29233006: calls $0.1
5f438e1c: folds
2aa7e468: raises $0.27 to $0.37
cb1583fa: folds
Hero: folds
db4a2702: calls $0.27
29233006: calls $0.27
*** FLOP *** [3s 2s Jd]
db4a2702: checks
29233006: checks
2aa7e468: bets $0.39
db4a2702: calls $0.39
29233006: calls $0.39
*** TURN *** [3s 2s Jd] [2c]
db4a2702: checks
29233006: checks
2aa7e468: checks
*** RIVER *** [3s 2s Jd 2c] [Ac]
db4a2702: bets $0.77
29233006: calls $0.77
2aa7e468: folds
db4a2702: shows [Th As] (Pair of Aces and Pair of Twos)
29233006: shows [Ts Ad] (Pair of Aces and Pair of Twos)
*** SHOWDOWN ***
db4a2702 collected $1.8 from pot
29233006 collected $1.79 from pot
*** SUMMARY ***
Total pot $3.87 | Rake $0.18 | Jackpot $0.1 | Bingo $0 | Fortune $0 | Tax $0
Board [3s 2s Jd 2c Ac]
Seat 1: 5f438e1c folded before Flop (didn't bet)
Seat 2: 2aa7e468 folded on the River
Seat 3: cb1583fa (button) folded before Flop (didn't bet)
Seat 4: Hero (small blind) folded before Flop
Seat 5: db4a2702 (big blind) showed [Th As] and won ($1.8) with Pair of Aces and Pair of Twos
Seat 6: 29233006 showed [Ts Ad] and won ($1.79) with Pair of Aces and Pair of Twos


Poker Hand #HD1789298212: Hold'em No Limit ($0.05/$0.1) - 2024/05/27 02:46:30
Table 'NLHRed1' 6-max Seat #2 is the button
Seat 1: 5f438e1c ($10.15 in chips)
Seat 2: 2aa7e468 ($13.25 in chips)
Seat 3: cb1583fa ($10.05 in chips)
Seat 4: Hero ($12.82 in chips)
Seat 5: db4a2702 ($9 in chips)
Seat 6: 29233006 ($2.4 in chips)
cb1583fa: posts small blind $0.05
Hero: posts big blind $0.1
*** HOLE CARDS ***
Dealt to 5f438e1c 
Dealt to 2aa7e468 
Dealt to cb1583fa 
Dealt to Hero [Kc 6s]
Dealt to db4a2702 
Dealt to 29233006 
db4a2702: folds
29233006: folds
5f438e1c: raises $0.2 to $0.3
2aa7e468: raises $0.57 to $0.87
cb1583fa: folds
Hero: folds
5f438e1c: folds
Uncalled bet ($0.57) returned to 2aa7e468
*** SHOWDOWN ***
2aa7e468 collected $0.72 from pot
*** SUMMARY ***
Total pot $0.75 | Rake $0.03 | Jackpot $0 | Bingo $0 | Fortune $0 | Tax $0
Seat 1: 5f438e1c folded before Flop
Seat 2: 2aa7e468 (button) collected ($0.72)
Seat 3: cb1583fa (small blind) folded before Flop
Seat 4: Hero (big blind) folded before Flop
Seat 5: db4a2702 folded before Flop (didn't bet)
Seat 6: 29233006 folded before Flop (didn't bet)


Poker Hand #HD1789298166: Hold'em No Limit ($0.05/$0.1) - 2024/05/27 02:46:06
Table 'NLHRed1' 6-max Seat #1 is the button
Seat 1: 5f438e1c ($10 in chips)
Seat 2: 2aa7e468 ($13.3 in chips)
Seat 3: cb1583fa ($10.15 in chips)
Seat 4: Hero ($12.82 in chips)
Seat 5: db4a2702 ($9 in chips)
Seat 6: 29233006 ($2.4 in chips)
2aa7e468: posts small blind $0.05
cb1583fa: posts big blind $0.1
*** HOLE CARDS ***
Dealt to 5f438e1c 
Dealt to 2aa7e468 
Dealt to cb1583fa 
Dealt to Hero [6h Kc]
Dealt to db4a2702 
Dealt to 29233006 
Hero: folds
db4a2702: folds
29233006: folds
5f438e1c: raises $0.15 to $0.25
2aa7e468: folds
cb1583fa: folds
Uncalled bet ($0.15) returned to 5f438e1c
*** SHOWDOWN ***
5f438e1c collected $0.25 from pot
*** SUMMARY ***
Total pot $0.25 | Rake $0 | Jackpot $0 | Bingo $0 | Fortune $0 | Tax $0
Seat 1: 5f438e1c (button) collected ($0.25)
Seat 2: 2aa7e468 (small blind) folded before Flop
Seat 3: cb1583fa (big blind) folded before Flop
Seat 4: Hero folded before Flop (didn't bet)
Seat 5: db4a2702 folded before Flop (didn't bet)
Seat 6: 29233006 folded before Flop (didn't bet)


Poker Hand #HD1789298149: Hold'em No Limit ($0.05/$0.1) - 2024/05/27 02:45:52
Table 'NLHRed1' 6-max Seat #6 is the button
Seat 1: 5f438e1c ($10 in chips)
Seat 2: 2aa7e468 ($13.4 in chips)
Seat 3: cb1583fa ($10 in chips)
Seat 4: Hero ($12.82 in chips)
Seat 5: db4a2702 ($9 in chips)
Seat 6: 29233006 ($2.4 in chips)
5f438e1c: posts small blind $0.05
2aa7e468: posts big blind $0.1
*** HOLE CARDS ***
Dealt to 5f438e1c 
Dealt to 2aa7e468 
Dealt to cb1583fa 
Dealt to Hero [9d 4c]
Dealt to db4a2702 
Dealt to 29233006 
cb1583fa: raises $0.18 to $0.28
Hero: folds
db4a2702: folds
29233006: folds
5f438e1c: folds
2aa7e468: folds
Uncalled bet ($0.18) returned to cb1583fa
*** SHOWDOWN ***
cb1583fa collected $0.25 from pot
*** SUMMARY ***
Total pot $0.25 | Rake $0 | Jackpot $0 | Bingo $0 | Fortune $0 | Tax $0
Seat 1: 5f438e1c (small blind) folded before Flop
Seat 2: 2aa7e468 (big blind) folded before Flop
Seat 3: cb1583fa collected ($0.25)
Seat 4: Hero folded before Flop (didn't bet)
Seat 5: db4a2702 folded before Flop (didn't bet)
Seat 6: 29233006 (button) folded before Flop (didn't bet)


Poker Hand #HD1789298013: Hold'em No Limit ($0.05/$0.1) - 2024/05/27 02:44:19
Table 'NLHRed1' 6-max Seat #5 is the button
Seat 1: 5f438e1c ($10 in chips)
Seat 2: 2aa7e468 ($13.4 in chips)
Seat 3: cb1583fa ($10 in chips)
Seat 4: Hero ($12.82 in chips)
Seat 5: db4a2702 ($9.5 in chips)
Seat 6: 29233006 ($1.76 in chips)
29233006: posts small blind $0.05
5f438e1c: posts big blind $0.1
*** HOLE CARDS ***
Dealt to 5f438e1c 
Dealt to 2aa7e468 
Dealt to cb1583fa 
Dealt to Hero [7d 2c]
Dealt to db4a2702 
Dealt to 29233006 
2aa7e468: folds
cb1583fa: folds
Hero: folds
db4a2702: calls $0.1
29233006: calls $0.05
5f438e1c: checks
*** FLOP *** [3c 8d Js]
29233006: checks
5f438e1c: checks
db4a2702: bets $0.1
29233006: calls $0.1
5f438e1c: calls $0.1
*** TURN *** [3c 8d Js] [5s]
29233006: checks
5f438e1c: checks
db4a2702: bets $0.3
29233006: calls $0.3
5f438e1c: folds
*** RIVER *** [3c 8d Js 5s] [Td]
29233006: bets $0.66
db4a2702: folds
Uncalled bet ($0.66) returned to 29233006
*** SHOWDOWN ***
29233006 collected $1.14 from pot
*** SUMMARY ***
Total pot $1.2 | Rake $0.06 | Jackpot $0 | Bingo $0 | Fortune $0 | Tax $0
Board [3c 8d Js 5s Td]
Seat 1: 5f438e1c (big blind) folded on the Turn
Seat 2: 2aa7e468 folded before Flop (didn't bet)
Seat 3: cb1583fa folded before Flop (didn't bet)
Seat 4: Hero folded before Flop (didn't bet)
Seat 5: db4a2702 (button) folded on the River
Seat 6: 29233006 (small blind) won ($1.14)


Poker Hand #HD1789297890: Hold'em No Limit ($0.05/$0.1) - 2024/05/27 02:42:57
Table 'NLHRed1' 6-max Seat #4 is the button
Seat 1: 5f438e1c ($10 in chips)
Seat 2: 2aa7e468 ($13.4 in chips)
Seat 3: cb1583fa ($10 in chips)
Seat 4: Hero ($10.27 in chips)
Seat 5: db4a2702 ($12.18 in chips)
Seat 6: 29233006 ($2 in chips)
db4a2702: posts small blind $0.05
29233006: posts big blind $0.1
*** HOLE CARDS ***
Dealt to 5f438e1c 
Dealt to 2aa7e468 
Dealt to cb1583fa 
Dealt to Hero [8c Kc]
Dealt to db4a2702 
Dealt to 29233006 
5f438e1c: folds
2aa7e468: folds
cb1583fa: folds
Hero: raises $0.14 to $0.24
db4a2702: calls $0.19
29233006: calls $0.14
*** FLOP *** [Ks Kd 7c]
db4a2702: bets $0.24
29233006: folds
Hero: calls $0.24
*** TURN *** [Ks Kd 7c] [3c]
db4a2702: checks
Hero: bets $0.4
db4a2702: raises $0.4 to $0.8
Hero: calls $0.4
*** RIVER *** [Ks Kd 7c 3c] [7h]
db4a2702: bets $1.4
Hero: raises $7.59 to $8.99 and is all-in
db4a2702: folds
Uncalled bet ($7.59) returned to Hero
*** SHOWDOWN ***
Hero collected $5.23 from pot
*** SUMMARY ***
Total pot $5.6 | Rake $0.27 | Jackpot $0.1 | Bingo $0 | Fortune $0 | Tax $0
Board [Ks Kd 7c 3c 7h]
Seat 1: 5f438e1c folded before Flop (didn't bet)
Seat 2: 2aa7e468 folded before Flop (didn't bet)
Seat 3: cb1583fa folded before Flop (didn't bet)
Seat 4: Hero (button) won ($5.23)
Seat 5: db4a2702 (small blind) folded on the River
Seat 6: 29233006 (big blind) folded on the Flop


Poker Hand #HD1789297817: Hold'em No Limit ($0.05/$0.1) - 2024/05/27 02:42:14
Table 'NLHRed1' 6-max Seat #3 is the button
Seat 1: 5f438e1c ($10 in chips)
Seat 2: 2aa7e468 ($12.87 in chips)
Seat 3: cb1583fa ($10 in chips)
Seat 4: Hero ($10.32 in chips)
Seat 5: db4a2702 ($12.71 in chips)
Hero: posts small blind $0.05
db4a2702: posts big blind $0.1
*** HOLE CARDS ***
Dealt to 5f438e1c 
Dealt to 2aa7e468 
Dealt to cb1583fa 
Dealt to Hero [9c 5h]
Dealt to db4a2702 
5f438e1c: folds
2aa7e468: raises $0.15 to $0.25
cb1583fa: folds
Hero: folds
db4a2702: calls $0.15
*** FLOP *** [4h 8s 6h]
db4a2702: bets $0.28
2aa7e468: calls $0.28
*** TURN *** [4h 8s 6h] [Ac]
db4a2702: checks
2aa7e468: bets $0.37
db4a2702: folds
Uncalled bet ($0.37) returned to 2aa7e468
*** SHOWDOWN ***
2aa7e468 collected $1.06 from pot
*** SUMMARY ***
Total pot $1.11 | Rake $0.05 | Jackpot $0 | Bingo $0 | Fortune $0 | Tax $0
Board [4h 8s 6h Ac]
Seat 1: 5f438e1c folded before Flop (didn't bet)
Seat 2: 2aa7e468 won ($1.06)
Seat 3: cb1583fa (button) folded before Flop (didn't bet)
Seat 4: Hero (small blind) folded before Flop
Seat 5: db4a2702 (big blind) folded on the Turn


Poker Hand #HD1789297767: Hold'em No Limit ($0.05/$0.1) - 2024/05/27 02:41:43
Table 'NLHRed1' 6-max Seat #2 is the button
Seat 1: 5f438e1c ($10.1 in chips)
Seat 2: 2aa7e468 ($12.87 in chips)
Seat 3: cb1583fa ($10 in chips)
Seat 4: Hero ($10 in chips)
Seat 5: db4a2702 ($12.71 in chips)
cb1583fa: posts small blind $0.05
Hero: posts big blind $0.1
*** HOLE CARDS ***
Dealt to 5f438e1c 
Dealt to 2aa7e468 
Dealt to cb1583fa 
Dealt to Hero [Ah Js]
Dealt to db4a2702 
db4a2702: folds
5f438e1c: raises $0.2 to $0.3
2aa7e468: folds
cb1583fa: folds
Hero: raises $0.8 to $1.1
5f438e1c: folds
Uncalled bet ($0.8) returned to Hero
*** SHOWDOWN ***
Hero collected $0.62 from pot
*** SUMMARY ***
Total pot $0.65 | Rake $0.03 | Jackpot $0 | Bingo $0 | Fortune $0 | Tax $0
Seat 1: 5f438e1c folded before Flop
Seat 2: 2aa7e468 (button) folded before Flop (didn't bet)
Seat 3: cb1583fa (small blind) folded before Flop
Seat 4: Hero (big blind) collected ($0.62)
Seat 5: db4a2702 folded before Flop (didn't bet)


Poker Hand #HD1789297660: Hold'em No Limit ($0.05/$0.1) - 2024/05/27 02:40:32
Table 'NLHRed1' 6-max Seat #1 is the button
Seat 1: 5f438e1c ($10.1 in chips)
Seat 2: 2aa7e468 ($12.6 in chips)
Seat 3: cb1583fa ($10 in chips)
Seat 4: Hero ($10 in chips)
Seat 5: db4a2702 ($12.71 in chips)
2aa7e468: posts small blind $0.05
cb1583fa: posts big blind $0.1
*** HOLE CARDS ***
Dealt to 5f438e1c 
Dealt to 2aa7e468 
Dealt to cb1583fa 
Dealt to Hero [4d 5s]
Dealt to db4a2702 
Hero: folds
db4a2702: folds
5f438e1c: folds
2aa7e468: raises $0.2 to $0.3
cb1583fa: calls $0.2
*** FLOP *** [Js 9h 9s]
2aa7e468: checks
cb1583fa: checks
*** TURN *** [Js 9h 9s] [9c]
2aa7e468: checks
cb1583fa: checks
*** RIVER *** [Js 9h 9s 9c] [6d]
2aa7e468: checks
cb1583fa: checks
2aa7e468: shows [Jh 7h] (Nines Full over Jacks)
cb1583fa: shows [Qd 5d] (Three Nines)
*** SHOWDOWN ***
2aa7e468 collected $0.57 from pot
*** SUMMARY ***
Total pot $0.6 | Rake $0.03 | Jackpot $0 | Bingo $0 | Fortune $0 | Tax $0
Board [Js 9h 9s 9c 6d]
Seat 1: 5f438e1c (button) folded before Flop (didn't bet)
Seat 2: 2aa7e468 (small blind) showed [Jh 7h] and won ($0.57) with Nines Full over Jacks
Seat 3: cb1583fa (big blind) showed [Qd 5d] and lost with Three Nines
Seat 4: Hero folded before Flop (didn't bet)
Seat 5: db4a2702 folded before Flop (didn't bet)


Poker Hand #HD1789297631: Hold'em No Limit ($0.05/$0.1) - 2024/05/27 02:40:17
Table 'NLHRed1' 6-max Seat #5 is the button
Seat 1: 5f438e1c ($10 in chips)
Seat 2: 2aa7e468 ($12.7 in chips)
Seat 4: Hero ($10 in chips)
Seat 5: db4a2702 ($12.71 in chips)
5f438e1c: posts small blind $0.05
2aa7e468: posts big blind $0.1
*** HOLE CARDS ***
Dealt to 5f438e1c 
Dealt to 2aa7e468 
Dealt to Hero [9h 3d]
Dealt to db4a2702 
Hero: folds
db4a2702: folds
5f438e1c: raises $0.2 to $0.3
2aa7e468: folds
Uncalled bet ($0.2) returned to 5f438e1c
*** SHOWDOWN ***
5f438e1c collected $0.2 from pot
*** SUMMARY ***
Total pot $0.2 | Rake $0 | Jackpot $0 | Bingo $0 | Fortune $0 | Tax $0
Seat 1: 5f438e1c (small blind) collected ($0.2)
Seat 2: 2aa7e468 (big blind) folded before Flop
Seat 4: Hero folded before Flop (didn't bet)
Seat 5: db4a2702 (button) folded before Flop (didn't bet)


Poker Hand #HD1789297589: Hold'em No Limit ($0.05/$0.1) - 2024/05/27 02:39:46
Table 'NLHRed1' 6-max Seat #4 is the button
Seat 1: 5f438e1c ($10 in chips)
Seat 2: 2aa7e468 ($12.7 in chips)
Seat 4: Hero ($10 in chips)
Seat 5: db4a2702 ($12.62 in chips)
db4a2702: posts small blind $0.05
5f438e1c: posts big blind $0.1
*** HOLE CARDS ***
Dealt to 5f438e1c 
Dealt to 2aa7e468 
Dealt to Hero [5h 4s]
Dealt to db4a2702 
2aa7e468: folds
Hero: folds
db4a2702: calls $0.05
5f438e1c: checks
*** FLOP *** [2h 7d 8c]
db4a2702: checks
5f438e1c: checks
*** TURN *** [2h 7d 8c] [Ah]
db4a2702: checks
5f438e1c: checks
*** RIVER *** [2h 7d 8c Ah] [9s]
db4a2702: bets $0.1
5f438e1c: folds
Uncalled bet ($0.1) returned to db4a2702
*** SHOWDOWN ***
db4a2702 collected $0.19 from pot
*** SUMMARY ***
Total pot $0.2 | Rake $0.01 | Jackpot $0 | Bingo $0 | Fortune $0 | Tax $0
Board [2h 7d 8c Ah 9s]
Seat 1: 5f438e1c (big blind) folded on the River
Seat 2: 2aa7e468 folded before Flop (didn't bet)
Seat 4: Hero (button) folded before Flop (didn't bet)
Seat 5: db4a2702 (small blind) won ($0.19)


Poker Hand #HD1789297569: Hold'em No Limit ($0.05/$0.1) - 2024/05/27 02:39:33
Table 'NLHRed1' 6-max Seat #2 is the button
Seat 1: 5f438e1c ($10 in chips)
Seat 2: 2aa7e468 ($12.7 in chips)
Seat 4: Hero ($10 in chips)
Seat 5: db4a2702 ($12.72 in chips)
Seat 6: f93a0d85 ($25.38 in chips)
Hero: posts small blind $0.05
db4a2702: posts big blind $0.1
*** HOLE CARDS ***
Dealt to 5f438e1c 
Dealt to 2aa7e468 
Dealt to Hero [3h Th]
Dealt to db4a2702 
Dealt to f93a0d85 
f93a0d85: raises $0.2 to $0.3
5f438e1c: folds
2aa7e468: folds
Hero: folds
db4a2702: folds
Uncalled bet ($0.2) returned to f93a0d85
*** SHOWDOWN ***
f93a0d85 collected $0.25 from pot
*** SUMMARY ***
Total pot $0.25 | Rake $0 | Jackpot $0 | Bingo $0 | Fortune $0 | Tax $0
Seat 1: 5f438e1c folded before Flop (didn't bet)
Seat 2: 2aa7e468 (button) folded before Flop (didn't bet)
Seat 4: Hero (small blind) folded before Flop
Seat 5: db4a2702 (big blind) folded before Flop
Seat 6: f93a0d85 collected ($0.25)


Poker Hand #HD1789297465: Hold'em No Limit ($0.05/$0.1) - 2024/05/27 02:38:29
Table 'NLHRed1' 6-max Seat #1 is the button
Seat 1: 5f438e1c ($10 in chips)
Seat 2: 2aa7e468 ($12.75 in chips)
Seat 4: Hero ($10 in chips)
Seat 5: db4a2702 ($6.72 in chips)
Seat 6: f93a0d85 ($25.38 in chips)
2aa7e468: posts small blind $0.05
Hero: posts big blind $0.1
*** HOLE CARDS ***
Dealt to 5f438e1c 
Dealt to 2aa7e468 
Dealt to Hero [Js Qc]
Dealt to db4a2702 
Dealt to f93a0d85 
db4a2702: calls $0.1
f93a0d85: folds
5f438e1c: folds
2aa7e468: folds
Hero: checks
*** FLOP *** [9s Td 8s]
Hero: checks
db4a2702: bets $0.13
Hero: raises $0.37 to $0.5
db4a2702: calls $0.37
*** TURN *** [9s Td 8s] [3d]
Hero: bets $1
db4a2702: calls $1
*** RIVER *** [9s Td 8s 3d] [3s]
Hero: bets $1.08
db4a2702: raises $4.04 to $5.12 and is all-in
Hero: calls $4.04
db4a2702: shows [Ks 2s] (King High Flush)
Hero: shows [Js Qc] (Queens-High Straight)
*** SHOWDOWN ***
db4a2702 collected $12.72 from pot
*** SUMMARY ***
Total pot $13.49 | Rake $0.67 | Jackpot $0.1 | Bingo $0 | Fortune $0 | Tax $0
Board [9s Td 8s 3d 3s]
Seat 1: 5f438e1c (button) folded before Flop (didn't bet)
Seat 2: 2aa7e468 (small blind) folded before Flop
Seat 4: Hero (big blind) showed [Js Qc] and lost with Queens-High Straight
Seat 5: db4a2702 showed [Ks 2s] and won ($12.72) with King High Flush
Seat 6: f93a0d85 folded before Flop (didn't bet)


Poker Hand #HD1789297392: Hold'em No Limit ($0.05/$0.1) - 2024/05/27 02:37:38
Table 'NLHRed1' 6-max Seat #6 is the button
Seat 1: 5f438e1c ($10 in chips)
Seat 2: 2aa7e468 ($12.43 in chips)
Seat 3: bf966702 ($10 in chips)
Seat 4: Hero ($10 in chips)
Seat 5: db4a2702 ($6.72 in chips)
Seat 6: f93a0d85 ($25.68 in chips)
5f438e1c: posts small blind $0.05
2aa7e468: posts big blind $0.1
*** HOLE CARDS ***
Dealt to 5f438e1c 
Dealt to 2aa7e468 
Dealt to bf966702 
Dealt to Hero [9c 8h]
Dealt to db4a2702 
Dealt to f93a0d85 
bf966702: folds
Hero: folds
db4a2702: folds
f93a0d85: raises $0.2 to $0.3
5f438e1c: folds
2aa7e468: calls $0.2
*** FLOP *** [3c 8c 2d]
2aa7e468: checks
f93a0d85: checks
*** TURN *** [3c 8c 2d] [Ts]
2aa7e468: checks
f93a0d85: checks
*** RIVER *** [3c 8c 2d Ts] [9h]
2aa7e468: bets $0.49
f93a0d85: folds
Uncalled bet ($0.49) returned to 2aa7e468
*** SHOWDOWN ***
2aa7e468 collected $0.62 from pot
*** SUMMARY ***
Total pot $0.65 | Rake $0.03 | Jackpot $0 | Bingo $0 | Fortune $0 | Tax $0
Board [3c 8c 2d Ts 9h]
Seat 1: 5f438e1c (small blind) folded before Flop
Seat 2: 2aa7e468 (big blind) won ($0.62)
Seat 3: bf966702 folded before Flop (didn't bet)
Seat 4: Hero folded before Flop (didn't bet)
Seat 5: db4a2702 folded before Flop (didn't bet)
Seat 6: f93a0d85 (button) folded on the River


Poker Hand #HD1789297267: Hold'em No Limit ($0.05/$0.1) - 2024/05/27 02:36:24
Table 'NLHRed1' 6-max Seat #5 is the button
Seat 1: 5f438e1c ($10 in chips)
Seat 2: 2aa7e468 ($11.82 in chips)
Seat 3: bf966702 ($10 in chips)
Seat 4: Hero ($10 in chips)
Seat 5: db4a2702 ($7.02 in chips)
Seat 6: f93a0d85 ($25.73 in chips)
f93a0d85: posts small blind $0.05
5f438e1c: posts big blind $0.1
*** HOLE CARDS ***
Dealt to 5f438e1c 
Dealt to 2aa7e468 
Dealt to bf966702 
Dealt to Hero [4h Ad]
Dealt to db4a2702 
Dealt to f93a0d85 
2aa7e468: raises $0.2 to $0.3
bf966702: folds
Hero: folds
db4a2702: calls $0.3
f93a0d85: folds
5f438e1c: calls $0.2
*** FLOP *** [Qc 8h Td]
5f438e1c: checks
2aa7e468: checks
db4a2702: checks
*** TURN *** [Qc 8h Td] [7c]
5f438e1c: checks
2aa7e468: checks
db4a2702: checks
*** RIVER *** [Qc 8h Td 7c] [6d]
5f438e1c: checks
2aa7e468: bets $0.72
db4a2702: folds
5f438e1c: folds
Uncalled bet ($0.72) returned to 2aa7e468
*** SHOWDOWN ***
2aa7e468 collected $0.91 from pot
*** SUMMARY ***
Total pot $0.95 | Rake $0.04 | Jackpot $0 | Bingo $0 | Fortune $0 | Tax $0
Board [Qc 8h Td 7c 6d]
Seat 1: 5f438e1c (big blind) folded on the River
Seat 2: 2aa7e468 won ($0.91)
Seat 3: bf966702 folded before Flop (didn't bet)
Seat 4: Hero folded before Flop (didn't bet)
Seat 5: db4a2702 (button) folded on the River
Seat 6: f93a0d85 (small blind) folded before Flop


Poker Hand #HD1789297241: Hold'em No Limit ($0.05/$0.1) - 2024/05/27 02:36:06
Table 'NLHRed1' 6-max Seat #4 is the button
Seat 1: 5f438e1c ($10 in chips)
Seat 2: 2aa7e468 ($11.67 in chips)
Seat 3: bf966702 ($10 in chips)
Seat 4: Hero ($10 in chips)
Seat 5: db4a2702 ($7.07 in chips)
Seat 6: f93a0d85 ($25.83 in chips)
db4a2702: posts small blind $0.05
f93a0d85: posts big blind $0.1
*** HOLE CARDS ***
Dealt to 5f438e1c 
Dealt to 2aa7e468 
Dealt to bf966702 
Dealt to Hero [Th 9d]
Dealt to db4a2702 
Dealt to f93a0d85 
5f438e1c: folds
2aa7e468: raises $0.15 to $0.25
bf966702: folds
Hero: folds
db4a2702: folds
f93a0d85: folds
Uncalled bet ($0.15) returned to 2aa7e468
*** SHOWDOWN ***
2aa7e468 collected $0.25 from pot
*** SUMMARY ***
Total pot $0.25 | Rake $0 | Jackpot $0 | Bingo $0 | Fortune $0 | Tax $0
Seat 1: 5f438e1c folded before Flop (didn't bet)
Seat 2: 2aa7e468 collected ($0.25)
Seat 3: bf966702 folded before Flop (didn't bet)
Seat 4: Hero (button) folded before Flop (didn't bet)
Seat 5: db4a2702 (small blind) folded before Flop
Seat 6: f93a0d85 (big blind) folded before Flop


Poker Hand #HD1789297182: Hold'em No Limit ($0.05/$0.1) - 2024/05/27 02:35:23
Table 'NLHRed1' 6-max Seat #3 is the button
Seat 1: 5f438e1c ($10 in chips)
Seat 2: 2aa7e468 ($12.2 in chips)
Seat 3: bf966702 ($10 in chips)
Seat 4: Hero ($10 in chips)
Seat 5: db4a2702 ($6.54 in chips)
Seat 6: f93a0d85 ($25.83 in chips)
Hero: posts small blind $0.05
db4a2702: posts big blind $0.1
*** HOLE CARDS ***
Dealt to 5f438e1c 
Dealt to 2aa7e468 
Dealt to bf966702 
Dealt to Hero [7d 8s]
Dealt to db4a2702 
Dealt to f93a0d85 
f93a0d85: folds
5f438e1c: folds
2aa7e468: raises $0.15 to $0.25
bf966702: folds
Hero: folds
db4a2702: calls $0.15
*** FLOP *** [Ts 3h 2c]
db4a2702: bets $0.28
2aa7e468: calls $0.28
*** TURN *** [Ts 3h 2c] [5d]
db4a2702: bets $0.84
2aa7e468: folds
Uncalled bet ($0.84) returned to db4a2702
*** SHOWDOWN ***
db4a2702 collected $1.06 from pot
*** SUMMARY ***
Total pot $1.11 | Rake $0.05 | Jackpot $0 | Bingo $0 | Fortune $0 | Tax $0
Board [Ts 3h 2c 5d]
Seat 1: 5f438e1c folded before Flop (didn't bet)
Seat 2: 2aa7e468 folded on the Turn
Seat 3: bf966702 (button) folded before Flop (didn't bet)
Seat 4: Hero (small blind) folded before Flop
Seat 5: db4a2702 (big blind) won ($1.06)
Seat 6: f93a0d85 folded before Flop (didn't bet)


Poker Hand #HD1789297131: Hold'em No Limit ($0.05/$0.1) - 2024/05/27 02:34:52
Table 'NLHRed1' 6-max Seat #2 is the button
Seat 1: 5f438e1c ($10.07 in chips)
Seat 2: 2aa7e468 ($11.78 in chips)
Seat 3: bf966702 ($10.05 in chips)
Seat 4: Hero ($10.09 in chips)
Seat 5: db4a2702 ($6.54 in chips)
Seat 6: f93a0d85 ($25.83 in chips)
bf966702: posts small blind $0.05
Hero: posts big blind $0.1
*** HOLE CARDS ***
Dealt to 5f438e1c 
Dealt to 2aa7e468 
Dealt to bf966702 
Dealt to Hero [Td Qh]
Dealt to db4a2702 
Dealt to f93a0d85 
db4a2702: folds
f93a0d85: folds
5f438e1c: raises $0.2 to $0.3
2aa7e468: raises $0.57 to $0.87
bf966702: folds
Hero: folds
5f438e1c: folds
Uncalled bet ($0.57) returned to 2aa7e468
*** SHOWDOWN ***
2aa7e468 collected $0.72 from pot
*** SUMMARY ***
Total pot $0.75 | Rake $0.03 | Jackpot $0 | Bingo $0 | Fortune $0 | Tax $0
Seat 1: 5f438e1c folded before Flop
Seat 2: 2aa7e468 (button) collected ($0.72)
Seat 3: bf966702 (small blind) folded before Flop
Seat 4: Hero (big blind) folded before Flop
Seat 5: db4a2702 folded before Flop (didn't bet)
Seat 6: f93a0d85 folded before Flop (didn't bet)


Poker Hand #HD1789297094: Hold'em No Limit ($0.05/$0.1) - 2024/05/27 02:34:24
Table 'NLHRed1' 6-max Seat #1 is the button
Seat 1: 5f438e1c ($10.07 in chips)
Seat 2: 2aa7e468 ($11.59 in chips)
Seat 3: bf966702 ($10.15 in chips)
Seat 4: Hero ($10.09 in chips)
Seat 5: db4a2702 ($6.64 in chips)
Seat 6: f93a0d85 ($25.83 in chips)
2aa7e468: posts small blind $0.05
bf966702: posts big blind $0.1
*** HOLE CARDS ***
Dealt to 5f438e1c 
Dealt to 2aa7e468 
Dealt to bf966702 
Dealt to Hero [Kh 8c]
Dealt to db4a2702 
Dealt to f93a0d85 
Hero: folds
db4a2702: calls $0.1
f93a0d85: folds
5f438e1c: folds
2aa7e468: raises $0.45 to $0.55
bf966702: folds
db4a2702: folds
Uncalled bet ($0.45) returned to 2aa7e468
*** SHOWDOWN ***
2aa7e468 collected $0.29 from pot
*** SUMMARY ***
Total pot $0.3 | Rake $0.01 | Jackpot $0 | Bingo $0 | Fortune $0 | Tax $0
Seat 1: 5f438e1c (button) folded before Flop (didn't bet)
Seat 2: 2aa7e468 (small blind) collected ($0.29)
Seat 3: bf966702 (big blind) folded before Flop
Seat 4: Hero folded before Flop (didn't bet)
Seat 5: db4a2702 folded before Flop
Seat 6: f93a0d85 folded before Flop (didn't bet)


Poker Hand #HD1789296966: Hold'em No Limit ($0.05/$0.1) - 2024/05/27 02:33:05
Table 'NLHRed1' 6-max Seat #6 is the button
Seat 1: 5f438e1c ($10.12 in chips)
Seat 2: 2aa7e468 ($10 in chips)
Seat 3: bf966702 ($10.15 in chips)
Seat 4: Hero ($10.09 in chips)
Seat 5: db4a2702 ($6.64 in chips)
Seat 6: f93a0d85 ($27.64 in chips)
5f438e1c: posts small blind $0.05
2aa7e468: posts big blind $0.1
*** HOLE CARDS ***
Dealt to 5f438e1c 
Dealt to 2aa7e468 
Dealt to bf966702 
Dealt to Hero [2s 7h]
Dealt to db4a2702 
Dealt to f93a0d85 
bf966702: folds
Hero: folds
db4a2702: folds
f93a0d85: raises $0.2 to $0.3
5f438e1c: folds
2aa7e468: raises $0.78 to $1.08
f93a0d85: calls $0.78
*** FLOP *** [9c 4s 5d]
2aa7e468: bets $0.73
f93a0d85: calls $0.73
*** TURN *** [9c 4s 5d] [Ks]
2aa7e468: bets $1.22
f93a0d85: folds
Uncalled bet ($1.22) returned to 2aa7e468
*** SHOWDOWN ***
2aa7e468 collected $3.4 from pot
*** SUMMARY ***
Total pot $3.67 | Rake $0.17 | Jackpot $0.1 | Bingo $0 | Fortune $0 | Tax $0
Board [9c 4s 5d Ks]
Seat 1: 5f438e1c (small blind) folded before Flop
Seat 2: 2aa7e468 (big blind) won ($3.4)
Seat 3: bf966702 folded before Flop (didn't bet)
Seat 4: Hero folded before Flop (didn't bet)
Seat 5: db4a2702 folded before Flop (didn't bet)
Seat 6: f93a0d85 (button) folded on the Turn


Poker Hand #HD1789296919: Hold'em No Limit ($0.05/$0.1) - 2024/05/27 02:32:31
Table 'NLHRed1' 6-max Seat #5 is the button
Seat 1: 5f438e1c ($10.22 in chips)
Seat 3: bf966702 ($10.15 in chips)
Seat 4: Hero ($10.33 in chips)
Seat 5: db4a2702 ($6.88 in chips)
Seat 6: f93a0d85 ($27.1 in chips)
f93a0d85: posts small blind $0.05
5f438e1c: posts big blind $0.1
*** HOLE CARDS ***
Dealt to 5f438e1c 
Dealt to bf966702 
Dealt to Hero [Jh Qc]
Dealt to db4a2702 
Dealt to f93a0d85 
bf966702: folds
Hero: raises $0.14 to $0.24
db4a2702: calls $0.24
f93a0d85: raises $1.06 to $1.3
5f438e1c: folds
Hero: folds
db4a2702: folds
Uncalled bet ($1.06) returned to f93a0d85
*** SHOWDOWN ***
f93a0d85 collected $0.78 from pot
*** SUMMARY ***
Total pot $0.82 | Rake $0.04 | Jackpot $0 | Bingo $0 | Fortune $0 | Tax $0
Seat 1: 5f438e1c (big blind) folded before Flop
Seat 3: bf966702 folded before Flop (didn't bet)
Seat 4: Hero folded before Flop
Seat 5: db4a2702 (button) folded before Flop
Seat 6: f93a0d85 (small blind) collected ($0.78)


Poker Hand #HD1789296883: Hold'em No Limit ($0.05/$0.1) - 2024/05/27 02:32:00
Table 'NLHRed1' 6-max Seat #4 is the button
Seat 1: 5f438e1c ($10.22 in chips)
Seat 3: bf966702 ($10 in chips)
Seat 4: Hero ($10.33 in chips)
Seat 5: db4a2702 ($6.93 in chips)
Seat 6: f93a0d85 ($27.2 in chips)
db4a2702: posts small blind $0.05
f93a0d85: posts big blind $0.1
*** HOLE CARDS ***
Dealt to 5f438e1c 
Dealt to bf966702 
Dealt to Hero [7c Tc]
Dealt to db4a2702 
Dealt to f93a0d85 
5f438e1c: folds
bf966702: raises $0.15 to $0.25
Hero: folds
db4a2702: folds
f93a0d85: folds
Uncalled bet ($0.15) returned to bf966702
*** SHOWDOWN ***
bf966702 collected $0.25 from pot
*** SUMMARY ***
Total pot $0.25 | Rake $0 | Jackpot $0 | Bingo $0 | Fortune $0 | Tax $0
Seat 1: 5f438e1c folded before Flop (didn't bet)
Seat 3: bf966702 collected ($0.25)
Seat 4: Hero (button) folded before Flop (didn't bet)
Seat 5: db4a2702 (small blind) folded before Flop
Seat 6: f93a0d85 (big blind) folded before Flop


Poker Hand #HD1789296854: Hold'em No Limit ($0.05/$0.1) - 2024/05/27 02:31:42
Table 'NLHRed1' 6-max Seat #3 is the button
Seat 1: 5f438e1c ($10.22 in chips)
Seat 3: bf966702 ($10 in chips)
Seat 4: Hero ($10.38 in chips)
Seat 5: db4a2702 ($6.88 in chips)
Seat 6: f93a0d85 ($27.2 in chips)
Hero: posts small blind $0.05
db4a2702: posts big blind $0.1
*** HOLE CARDS ***
Dealt to 5f438e1c 
Dealt to bf966702 
Dealt to Hero [Jh 8c]
Dealt to db4a2702 
Dealt to f93a0d85 
f93a0d85: folds
5f438e1c: folds
bf966702: folds
Hero: folds
Uncalled bet ($0.05) returned to db4a2702
*** SHOWDOWN ***
db4a2702 collected $0.1 from pot
*** SUMMARY ***
Total pot $0.1 | Rake $0 | Jackpot $0 | Bingo $0 | Fortune $0 | Tax $0
Seat 1: 5f438e1c folded before Flop (didn't bet)
Seat 3: bf966702 (button) folded before Flop (didn't bet)
Seat 4: Hero (small blind) folded before Flop
Seat 5: db4a2702 (big blind) collected ($0.1)
Seat 6: f93a0d85 folded before Flop (didn't bet)


Poker Hand #HD1789296816: Hold'em No Limit ($0.05/$0.1) - 2024/05/27 02:31:22
Table 'NLHRed1' 6-max Seat #1 is the button
Seat 1: 5f438e1c ($10.22 in chips)
Seat 3: bf966702 ($10 in chips)
Seat 4: Hero ($10.48 in chips)
Seat 5: db4a2702 ($6.88 in chips)
Seat 6: f93a0d85 ($27.05 in chips)
bf966702: posts small blind $0.05
Hero: posts big blind $0.1
*** HOLE CARDS ***
Dealt to 5f438e1c 
Dealt to bf966702 
Dealt to Hero [Tc 8s]
Dealt to db4a2702 
Dealt to f93a0d85 
db4a2702: folds
f93a0d85: raises $0.2 to $0.3
5f438e1c: folds
bf966702: folds
Hero: folds
Uncalled bet ($0.2) returned to f93a0d85
*** SHOWDOWN ***
f93a0d85 collected $0.25 from pot
*** SUMMARY ***
Total pot $0.25 | Rake $0 | Jackpot $0 | Bingo $0 | Fortune $0 | Tax $0
Seat 1: 5f438e1c (button) folded before Flop (didn't bet)
Seat 3: bf966702 (small blind) folded before Flop
Seat 4: Hero (big blind) folded before Flop
Seat 5: db4a2702 folded before Flop (didn't bet)
Seat 6: f93a0d85 collected ($0.25)


Poker Hand #HD1789296759: Hold'em No Limit ($0.05/$0.1) - 2024/05/27 02:30:47
Table 'NLHRed1' 6-max Seat #6 is the button
Seat 1: 5f438e1c ($10.27 in chips)
Seat 3: bf966702 ($10 in chips)
Seat 4: Hero ($10.48 in chips)
Seat 5: db4a2702 ($6.74 in chips)
Seat 6: f93a0d85 ($27.05 in chips)
5f438e1c: posts small blind $0.05
bf966702: posts big blind $0.1
*** HOLE CARDS ***
Dealt to 5f438e1c 
Dealt to bf966702 
Dealt to Hero [9c 4s]
Dealt to db4a2702 
Dealt to f93a0d85 
Hero: folds
db4a2702: calls $0.1
f93a0d85: folds
5f438e1c: folds
bf966702: checks
*** FLOP *** [4h Kc 8c]
bf966702: checks
db4a2702: bets $0.1
bf966702: folds
Uncalled bet ($0.1) returned to db4a2702
*** SHOWDOWN ***
db4a2702 collected $0.24 from pot
*** SUMMARY ***
Total pot $0.25 | Rake $0.01 | Jackpot $0 | Bingo $0 | Fortune $0 | Tax $0
Board [4h Kc 8c]
Seat 1: 5f438e1c (small blind) folded before Flop
Seat 3: bf966702 (big blind) folded on the Flop
Seat 4: Hero folded before Flop (didn't bet)
Seat 5: db4a2702 won ($0.24)
Seat 6: f93a0d85 (button) folded before Flop (didn't bet)


Poker Hand #HD1789296719: Hold'em No Limit ($0.05/$0.1) - 2024/05/27 02:30:21
Table 'NLHRed1' 6-max Seat #5 is the button
Seat 1: 5f438e1c ($10 in chips)
Seat 2: 931778a6 ($7.79 in chips)
Seat 4: Hero ($10.72 in chips)
Seat 5: db4a2702 ($6.74 in chips)
Seat 6: f93a0d85 ($27.1 in chips)
f93a0d85: posts small blind $0.05
5f438e1c: posts big blind $0.1
*** HOLE CARDS ***
Dealt to 5f438e1c 
Dealt to 931778a6 
Dealt to Hero [Kh Jc]
Dealt to db4a2702 
Dealt to f93a0d85 
931778a6: folds
Hero: raises $0.14 to $0.24
db4a2702: folds
f93a0d85: folds
5f438e1c: raises $0.96 to $1.2
Hero: folds
Uncalled bet ($0.96) returned to 5f438e1c
*** SHOWDOWN ***
5f438e1c collected $0.51 from pot
*** SUMMARY ***
Total pot $0.53 | Rake $0.02 | Jackpot $0 | Bingo $0 | Fortune $0 | Tax $0
Seat 1: 5f438e1c (big blind) collected ($0.51)
Seat 2: 931778a6 folded before Flop (didn't bet)
Seat 4: Hero folded before Flop
Seat 5: db4a2702 (button) folded before Flop (didn't bet)
Seat 6: f93a0d85 (small blind) folded before Flop


Poker Hand #HD1789296616: Hold'em No Limit ($0.05/$0.1) - 2024/05/27 02:29:15
Table 'NLHRed1' 6-max Seat #4 is the button
Seat 2: 931778a6 ($7.79 in chips)
Seat 3: 97fe68d1 ($0.25 in chips)
Seat 4: Hero ($10 in chips)
Seat 5: db4a2702 ($6.98 in chips)
Seat 6: f93a0d85 ($27.64 in chips)
db4a2702: posts small blind $0.05
f93a0d85: posts big blind $0.1
*** HOLE CARDS ***
Dealt to 931778a6 
Dealt to 97fe68d1 
Dealt to Hero [7h 7d]
Dealt to db4a2702 
Dealt to f93a0d85 
931778a6: folds
97fe68d1: folds
Hero: raises $0.14 to $0.24
db4a2702: calls $0.19
f93a0d85: calls $0.14
*** FLOP *** [5s 6c 2h]
db4a2702: checks
f93a0d85: checks
Hero: bets $0.3
db4a2702: folds
f93a0d85: calls $0.3
*** TURN *** [5s 6c 2h] [2d]
f93a0d85: checks
Hero: bets $0.9
f93a0d85: folds
Uncalled bet ($0.9) returned to Hero
*** SHOWDOWN ***
Hero collected $1.26 from pot
*** SUMMARY ***
Total pot $1.32 | Rake $0.06 | Jackpot $0 | Bingo $0 | Fortune $0 | Tax $0
Board [5s 6c 2h 2d]
Seat 2: 931778a6 folded before Flop (didn't bet)
Seat 3: 97fe68d1 folded before Flop (didn't bet)
Seat 4: Hero (button) won ($1.26)
Seat 5: db4a2702 (small blind) folded on the Flop
Seat 6: f93a0d85 (big blind) folded on the Turn


Poker Hand #HD1789296454: Hold'em No Limit ($0.05/$0.1) - 2024/05/27 02:27:31
Table 'NLHRed1' 6-max Seat #3 is the button
Seat 1: 6c345241 ($7.12 in chips)
Seat 2: 931778a6 ($7.79 in chips)
Seat 3: 97fe68d1 ($10.98 in chips)
Seat 4: Hero ($10 in chips)
Seat 5: db4a2702 ($7.08 in chips)
Seat 6: f93a0d85 ($10.73 in chips)
Hero: posts small blind $0.05
db4a2702: posts big blind $0.1
*** HOLE CARDS ***
Dealt to 6c345241 
Dealt to 931778a6 
Dealt to 97fe68d1 
Dealt to Hero [7d Ad]
Dealt to db4a2702 
Dealt to f93a0d85 
f93a0d85: raises $0.2 to $0.3
6c345241: calls $0.3
931778a6: folds
97fe68d1: raises $0.79 to $1.09
Hero: folds
db4a2702: folds
f93a0d85: calls $0.79
6c345241: calls $0.79
*** FLOP *** [3h 3d Th]
f93a0d85: checks
6c345241: bets $1
97fe68d1: calls $1
f93a0d85: calls $1
*** TURN *** [3h 3d Th] [7c]
f93a0d85: checks
6c345241: bets $2.1
97fe68d1: raises $6.79 to $8.89 and is all-in
f93a0d85: calls $8.64 and is all-in
6c345241: calls $2.93 and is all-in
Uncalled bet ($0.25) returned to 97fe68d1
97fe68d1: shows [Qc Qd] (Pair of Queens and Pair of Treys)
f93a0d85: shows [7s 7h] (Sevens Full over Treys)
6c345241: shows [8h 9h] (Pair of Treys)
*** RIVER *** [3h 3d Th 7c] [Td]
*** SHOWDOWN ***
f93a0d85 collected $20.69 from pot
f93a0d85 collected $6.95 from pot
*** SUMMARY ***
Total pot $28.73 | Rake $0.99 | Jackpot $0.1 | Bingo $0 | Fortune $0 | Tax $0
Board [3h 3d Th 7c Td]
Seat 1: 6c345241 showed [8h 9h] and lost with Pair of Tens and Pair of Treys
Seat 2: 931778a6 folded before Flop (didn't bet)
Seat 3: 97fe68d1 (button) showed [Qc Qd] and lost with Pair of Queens and Pair of Tens
Seat 4: Hero (small blind) folded before Flop
Seat 5: db4a2702 (big blind) folded before Flop
Seat 6: f93a0d85 showed [7s 7h] and won ($27.64) with Sevens Full over Tens


Poker Hand #HD1789296357: Hold'em No Limit ($0.05/$0.1) - 2024/05/27 02:26:29
Table 'NLHRed1' 6-max Seat #2 is the button
Seat 1: 6c345241 ($7.12 in chips)
Seat 2: 931778a6 ($7.79 in chips)
Seat 3: 97fe68d1 ($11.03 in chips)
Seat 4: Hero ($10 in chips)
Seat 5: db4a2702 ($7.08 in chips)
Seat 6: f93a0d85 ($10.05 in chips)
97fe68d1: posts small blind $0.05
Hero: posts big blind $0.1
*** HOLE CARDS ***
Dealt to 6c345241 
Dealt to 931778a6 
Dealt to 97fe68d1 
Dealt to Hero [Tc Qc]
Dealt to db4a2702 
Dealt to f93a0d85 
db4a2702: folds
f93a0d85: raises $0.2 to $0.3
6c345241: folds
931778a6: folds
97fe68d1: folds
Hero: calls $0.2
*** FLOP *** [7d 6d 9h]
Hero: checks
f93a0d85: checks
*** TURN *** [7d 6d 9h] [2d]
Hero: bets $0.4
f93a0d85: raises $0.9 to $1.3
Hero: folds
Uncalled bet ($0.9) returned to f93a0d85
*** SHOWDOWN ***
f93a0d85 collected $1.38 from pot
*** SUMMARY ***
Total pot $1.45 | Rake $0.07 | Jackpot $0 | Bingo $0 | Fortune $0 | Tax $0
Board [7d 6d 9h 2d]
Seat 1: 6c345241 folded before Flop (didn't bet)
Seat 2: 931778a6 (button) folded before Flop (didn't bet)
Seat 3: 97fe68d1 (small blind) folded before Flop
Seat 4: Hero (big blind) folded on the Turn
Seat 5: db4a2702 folded before Flop (didn't bet)
Seat 6: f93a0d85 won ($1.38)


Poker Hand #HD1789296298: Hold'em No Limit ($0.05/$0.1) - 2024/05/27 02:25:51
Table 'NLHRed1' 6-max Seat #1 is the button
Seat 1: 6c345241 ($7.12 in chips)
Seat 2: 931778a6 ($6.66 in chips)
Seat 3: 97fe68d1 ($12.18 in chips)
Seat 4: Hero ($10 in chips)
Seat 5: db4a2702 ($7.18 in chips)
Seat 6: f93a0d85 ($10.05 in chips)
931778a6: posts small blind $0.05
97fe68d1: posts big blind $0.1
*** HOLE CARDS ***
Dealt to 6c345241 
Dealt to 931778a6 
Dealt to 97fe68d1 
Dealt to Hero [Jc 4c]
Dealt to db4a2702 
Dealt to f93a0d85 
Hero: folds
db4a2702: calls $0.1
f93a0d85: folds
6c345241: folds
931778a6: calls $0.05
97fe68d1: checks
*** FLOP *** [4h Qs 2h]
931778a6: bets $0.15
97fe68d1: calls $0.15
db4a2702: folds
*** TURN *** [4h Qs 2h] [4d]
931778a6: bets $0.3
97fe68d1: calls $0.3
*** RIVER *** [4h Qs 2h 4d] [3s]
931778a6: bets $0.6
97fe68d1: calls $0.6
931778a6: shows [Qc Ts] (Pair of Queens and Pair of Fours)
97fe68d1: shows [Qd 8h] (Pair of Queens and Pair of Fours)
*** SHOWDOWN ***
931778a6 collected $2.28 from pot
*** SUMMARY ***
Total pot $2.4 | Rake $0.12 | Jackpot $0 | Bingo $0 | Fortune $0 | Tax $0
Board [4h Qs 2h 4d 3s]
Seat 1: 6c345241 (button) folded before Flop (didn't bet)
Seat 2: 931778a6 (small blind) showed [Qc Ts] and won ($2.28) with Pair of Queens and Pair of Fours
Seat 3: 97fe68d1 (big blind) showed [Qd 8h] and lost with Pair of Queens and Pair of Fours
Seat 4: Hero folded before Flop (didn't bet)
Seat 5: db4a2702 folded on the Flop
Seat 6: f93a0d85 folded before Flop (didn't bet)


Poker Hand #HD1789296247: Hold'em No Limit ($0.05/$0.1) - 2024/05/27 02:25:19
Table 'NLHRed1' 6-max Seat #6 is the button
Seat 1: 6c345241 ($6.94 in chips)
Seat 2: 931778a6 ($6.86 in chips)
Seat 4: Hero ($10 in chips)
Seat 5: db4a2702 ($7.18 in chips)
Seat 6: f93a0d85 ($10.05 in chips)
6c345241: posts small blind $0.05
931778a6: posts big blind $0.1
*** HOLE CARDS ***
Dealt to 6c345241 
Dealt to 931778a6 
Dealt to Hero [2s Td]
Dealt to db4a2702 
Dealt to f93a0d85 
Hero: folds
db4a2702: folds
f93a0d85: folds
6c345241: calls $0.05
931778a6: checks
*** FLOP *** [5s 2d Qd]
6c345241: checks
931778a6: checks
*** TURN *** [5s 2d Qd] [6h]
6c345241: bets $0.1
931778a6: calls $0.1
*** RIVER *** [5s 2d Qd 6h] [6c]
6c345241: bets $1.1
931778a6: folds
Uncalled bet ($1.1) returned to 6c345241
6c345241: shows [9s] (Pair of Sixes)
*** SHOWDOWN ***
6c345241 collected $0.38 from pot
*** SUMMARY ***
Total pot $0.4 | Rake $0.02 | Jackpot $0 | Bingo $0 | Fortune $0 | Tax $0
Board [5s 2d Qd 6h 6c]
Seat 1: 6c345241 (small blind) showed [9s] and won ($0.38)
Seat 2: 931778a6 (big blind) folded on the River
Seat 4: Hero folded before Flop (didn't bet)
Seat 5: db4a2702 folded before Flop (didn't bet)
Seat 6: f93a0d85 (button) folded before Flop (didn't bet)


Poker Hand #HD1789296191: Hold'em No Limit ($0.05/$0.1) - 2024/05/27 02:24:48
Table 'NLHRed1' 6-max Seat #5 is the button
Seat 1: 6c345241 ($7.14 in chips)
Seat 2: 931778a6 ($6.63 in chips)
Seat 4: Hero ($10 in chips)
Seat 5: db4a2702 ($7.18 in chips)
Seat 6: f93a0d85 ($10.1 in chips)
f93a0d85: posts small blind $0.05
6c345241: posts big blind $0.1
*** HOLE CARDS ***
Dealt to 6c345241 
Dealt to 931778a6 
Dealt to Hero [Tc 6h]
Dealt to db4a2702 
Dealt to f93a0d85 
931778a6: calls $0.1
Hero: folds
db4a2702: folds
f93a0d85: folds
6c345241: checks
*** FLOP *** [9s 6s Qd]
6c345241: checks
931778a6: checks
*** TURN *** [9s 6s Qd] [3h]
6c345241: checks
931778a6: bets $0.1
6c345241: calls $0.1
*** RIVER *** [9s 6s Qd 3h] [Th]
6c345241: checks
931778a6: bets $0.23
6c345241: folds
Uncalled bet ($0.23) returned to 931778a6
*** SHOWDOWN ***
931778a6 collected $0.43 from pot
*** SUMMARY ***
Total pot $0.45 | Rake $0.02 | Jackpot $0 | Bingo $0 | Fortune $0 | Tax $0
Board [9s 6s Qd 3h Th]
Seat 1: 6c345241 (big blind) folded on the River
Seat 2: 931778a6 won ($0.43)
Seat 4: Hero folded before Flop (didn't bet)
Seat 5: db4a2702 (button) folded before Flop (didn't bet)
Seat 6: f93a0d85 (small blind) folded before Flop


Poker Hand #HD1789296087: Hold'em No Limit ($0.05/$0.1) - 2024/05/27 02:23:35
Table 'NLHRed1' 6-max Seat #4 is the button
Seat 1: 6c345241 ($9.24 in chips)
Seat 2: 931778a6 ($4.12 in chips)
Seat 4: Hero ($10 in chips)
Seat 5: db4a2702 ($7.23 in chips)
Seat 6: f93a0d85 ($10.2 in chips)
db4a2702: posts small blind $0.05
f93a0d85: posts big blind $0.1
*** HOLE CARDS ***
Dealt to 6c345241 
Dealt to 931778a6 
Dealt to Hero [5h Ah]
Dealt to db4a2702 
Dealt to f93a0d85 
6c345241: raises $0.2 to $0.3
931778a6: calls $0.3
Hero: calls $0.3
db4a2702: folds
f93a0d85: folds
*** FLOP *** [8h Ad 9d]
6c345241: bets $0.3
931778a6: calls $0.3
Hero: calls $0.3
*** TURN *** [8h Ad 9d] [7d]
6c345241: bets $0.5
931778a6: calls $0.5
Hero: folds
*** RIVER *** [8h Ad 9d 7d] [7h]
6c345241: bets $1
931778a6: calls $1
6c345241: shows [As Th] (Pair of Aces and Pair of Sevens)
931778a6: shows [Jd Ac] (Pair of Aces and Pair of Sevens)
*** SHOWDOWN ***
931778a6 collected $4.61 from pot
*** SUMMARY ***
Total pot $4.95 | Rake $0.24 | Jackpot $0.1 | Bingo $0 | Fortune $0 | Tax $0
Board [8h Ad 9d 7d 7h]
Seat 1: 6c345241 showed [As Th] and lost with Pair of Aces and Pair of Sevens
Seat 2: 931778a6 showed [Jd Ac] and won ($4.61) with Pair of Aces and Pair of Sevens
Seat 4: Hero (button) folded on the Turn
Seat 5: db4a2702 (small blind) folded before Flop
Seat 6: f93a0d85 (big blind) folded before Flop


Poker Hand #HD1789295993: Hold'em No Limit ($0.05/$0.1) - 2024/05/27 02:22:42
Table 'NLHRed1' 6-max Seat #2 is the button
Seat 1: 6c345241 ($9.87 in chips)
Seat 2: 931778a6 ($4.12 in chips)
Seat 4: Hero ($10 in chips)
Seat 5: db4a2702 ($6.61 in chips)
Seat 6: f93a0d85 ($10.2 in chips)
Hero: posts small blind $0.05
db4a2702: posts big blind $0.1
*** HOLE CARDS ***
Dealt to 6c345241 
Dealt to 931778a6 
Dealt to Hero [4c 8d]
Dealt to db4a2702 
Dealt to f93a0d85 
f93a0d85: folds
6c345241: raises $0.2 to $0.3
931778a6: folds
Hero: folds
db4a2702: calls $0.2
*** FLOP *** [Js Qh 4s]
db4a2702: bets $0.33
6c345241: calls $0.33
*** TURN *** [Js Qh 4s] [Th]
db4a2702: bets $0.66
6c345241: folds
Uncalled bet ($0.66) returned to db4a2702
*** SHOWDOWN ***
db4a2702 collected $1.25 from pot
*** SUMMARY ***
Total pot $1.31 | Rake $0.06 | Jackpot $0 | Bingo $0 | Fortune $0 | Tax $0
Board [Js Qh 4s Th]
Seat 1: 6c345241 folded on the Turn
Seat 2: 931778a6 (button) folded before Flop (didn't bet)
Seat 4: Hero (small blind) folded before Flop
Seat 5: db4a2702 (big blind) won ($1.25)
Seat 6: f93a0d85 folded before Flop (didn't bet)


Poker Hand #HD1789295970: Hold'em No Limit ($0.05/$0.1) - 2024/05/27 02:22:31
Table 'NLHRed1' 6-max Seat #1 is the button
Seat 1: 6c345241 ($9.87 in chips)
Seat 2: 931778a6 ($4.17 in chips)
Seat 4: Hero ($10.06 in chips)
Seat 5: db4a2702 ($6.61 in chips)
Seat 6: f93a0d85 ($10.05 in chips)
931778a6: posts small blind $0.05
Hero: posts big blind $0.1
*** HOLE CARDS ***
Dealt to 6c345241 
Dealt to 931778a6 
Dealt to Hero [2s 7s]
Dealt to db4a2702 
Dealt to f93a0d85 
db4a2702: folds
f93a0d85: raises $0.2 to $0.3
6c345241: folds
931778a6: folds
Hero: folds
Uncalled bet ($0.2) returned to f93a0d85
*** SHOWDOWN ***
f93a0d85 collected $0.25 from pot
*** SUMMARY ***
Total pot $0.25 | Rake $0 | Jackpot $0 | Bingo $0 | Fortune $0 | Tax $0
Seat 1: 6c345241 (button) folded before Flop (didn't bet)
Seat 2: 931778a6 (small blind) folded before Flop
Seat 4: Hero (big blind) folded before Flop
Seat 5: db4a2702 folded before Flop (didn't bet)
Seat 6: f93a0d85 collected ($0.25)


Poker Hand #HD1789295936: Hold'em No Limit ($0.05/$0.1) - 2024/05/27 02:22:08
Table 'NLHRed1' 6-max Seat #6 is the button
Seat 1: 6c345241 ($10.07 in chips)
Seat 2: 931778a6 ($3.8 in chips)
Seat 4: Hero ($10.26 in chips)
Seat 5: db4a2702 ($6.61 in chips)
Seat 6: f93a0d85 ($10.05 in chips)
6c345241: posts small blind $0.05
931778a6: posts big blind $0.1
*** HOLE CARDS ***
Dealt to 6c345241 
Dealt to 931778a6 
Dealt to Hero [Jh Qh]
Dealt to db4a2702 
Dealt to f93a0d85 
Hero: raises $0.1 to $0.2
db4a2702: folds
f93a0d85: folds
6c345241: calls $0.15
931778a6: calls $0.1
*** FLOP *** [3c 2c 3d]
6c345241: checks
931778a6: bets $0.1
Hero: folds
6c345241: folds
Uncalled bet ($0.1) returned to 931778a6
*** SHOWDOWN ***
931778a6 collected $0.57 from pot
*** SUMMARY ***
Total pot $0.6 | Rake $0.03 | Jackpot $0 | Bingo $0 | Fortune $0 | Tax $0
Board [3c 2c 3d]
Seat 1: 6c345241 (small blind) folded on the Flop
Seat 2: 931778a6 (big blind) won ($0.57)
Seat 4: Hero folded on the Flop
Seat 5: db4a2702 folded before Flop (didn't bet)
Seat 6: f93a0d85 (button) folded before Flop (didn't bet)


Poker Hand #HD1789295872: Hold'em No Limit ($0.05/$0.1) - 2024/05/27 02:21:31
Table 'NLHRed1' 6-max Seat #5 is the button
Seat 1: 6c345241 ($10.35 in chips)
Seat 2: 931778a6 ($4.08 in chips)
Seat 4: Hero ($10.26 in chips)
Seat 5: db4a2702 ($6.04 in chips)
Seat 6: f93a0d85 ($10.1 in chips)
f93a0d85: posts small blind $0.05
6c345241: posts big blind $0.1
*** HOLE CARDS ***
Dealt to 6c345241 
Dealt to 931778a6 
Dealt to Hero [6c Qh]
Dealt to db4a2702 
Dealt to f93a0d85 
931778a6: calls $0.1
Hero: folds
db4a2702: raises $0.18 to $0.28
f93a0d85: folds
6c345241: calls $0.18
931778a6: calls $0.18
*** FLOP *** [Ad Jh 7s]
6c345241: checks
931778a6: checks
db4a2702: bets $0.45
6c345241: folds
931778a6: folds
Uncalled bet ($0.45) returned to db4a2702
6c345241: shows [8h]
*** SHOWDOWN ***
db4a2702 collected $0.85 from pot
*** SUMMARY ***
Total pot $0.89 | Rake $0.04 | Jackpot $0 | Bingo $0 | Fortune $0 | Tax $0
Board [Ad Jh 7s]
Seat 1: 6c345241 (big blind) folded on the Flop
Seat 2: 931778a6 folded on the Flop
Seat 4: Hero folded before Flop (didn't bet)
Seat 5: db4a2702 (button) won ($0.85)
Seat 6: f93a0d85 (small blind) folded before Flop


Poker Hand #HD1789295839: Hold'em No Limit ($0.05/$0.1) - 2024/05/27 02:21:09
Table 'NLHRed1' 6-max Seat #4 is the button
Seat 1: 6c345241 ($10.35 in chips)
Seat 2: 931778a6 ($4.08 in chips)
Seat 4: Hero ($10.26 in chips)
Seat 5: db4a2702 ($6.14 in chips)
Seat 6: f93a0d85 ($10 in chips)
db4a2702: posts small blind $0.05
f93a0d85: posts big blind $0.1
*** HOLE CARDS ***
Dealt to 6c345241 
Dealt to 931778a6 
Dealt to Hero [Qd 4d]
Dealt to db4a2702 
Dealt to f93a0d85 
6c345241: folds
931778a6: folds
Hero: folds
db4a2702: calls $0.05
f93a0d85: raises $0.2 to $0.3
db4a2702: folds
Uncalled bet ($0.2) returned to f93a0d85
*** SHOWDOWN ***
f93a0d85 collected $0.2 from pot
*** SUMMARY ***
Total pot $0.2 | Rake $0 | Jackpot $0 | Bingo $0 | Fortune $0 | Tax $0
Seat 1: 6c345241 folded before Flop (didn't bet)
Seat 2: 931778a6 folded before Flop (didn't bet)
Seat 4: Hero (button) folded before Flop (didn't bet)
Seat 5: db4a2702 (small blind) folded before Flop
Seat 6: f93a0d85 (big blind) collected ($0.2)


Poker Hand #HD1789295732: Hold'em No Limit ($0.05/$0.1) - 2024/05/27 02:20:05
Table 'NLHRed1' 6-max Seat #2 is the button
Seat 1: 6c345241 ($10.35 in chips)
Seat 2: 931778a6 ($4.08 in chips)
Seat 4: Hero ($11.01 in chips)
Seat 5: db4a2702 ($5.46 in chips)
Seat 6: f93a0d85 ($10 in chips)
Hero: posts small blind $0.05
db4a2702: posts big blind $0.1
*** HOLE CARDS ***
Dealt to 6c345241 
Dealt to 931778a6 
Dealt to Hero [9c Qh]
Dealt to db4a2702 
Dealt to f93a0d85 
f93a0d85: folds
6c345241: folds
931778a6: folds
Hero: raises $0.2 to $0.3
db4a2702: calls $0.2
*** FLOP *** [2c Jd As]
Hero: checks
db4a2702: checks
*** TURN *** [2c Jd As] [6c]
Hero: checks
db4a2702: checks
*** RIVER *** [2c Jd As 6c] [Qs]
Hero: checks
db4a2702: bets $0.45
Hero: calls $0.45
db4a2702: shows [Ks Th] (Aces-High Straight)
Hero: shows [9c Qh] (Pair of Queens)
*** SHOWDOWN ***
db4a2702 collected $1.43 from pot
*** SUMMARY ***
Total pot $1.5 | Rake $0.07 | Jackpot $0 | Bingo $0 | Fortune $0 | Tax $0
Board [2c Jd As 6c Qs]
Seat 1: 6c345241 folded before Flop (didn't bet)
Seat 2: 931778a6 (button) folded before Flop (didn't bet)
Seat 4: Hero (small blind) showed [9c Qh] and lost with Pair of Queens
Seat 5: db4a2702 (big blind) showed [Ks Th] and won ($1.43) with Aces-High Straight
Seat 6: f93a0d85 folded before Flop (didn't bet)


Poker Hand #HD1789185627: Hold'em No Limit ($0.05/$0.1) - 2024/05/27 02:19:02
Table 'NLHRed1' 6-max Seat #1 is the button
Seat 1: 6c345241 ($10.35 in chips)
Seat 2: 931778a6 ($4.38 in chips)
Seat 4: Hero ($10 in chips)
Seat 5: db4a2702 ($5.46 in chips)
Seat 6: f93a0d85 ($10 in chips)
931778a6: posts small blind $0.05
Hero: posts big blind $0.1
*** HOLE CARDS ***
Dealt to 6c345241 
Dealt to 931778a6 
Dealt to Hero [Jd Td]
Dealt to db4a2702 
Dealt to f93a0d85 
db4a2702: folds
f93a0d85: raises $0.2 to $0.3
6c345241: folds
931778a6: calls $0.25
Hero: calls $0.2
*** FLOP *** [4d Kd Ac]
931778a6: checks
Hero: bets $0.5
f93a0d85: calls $0.5
931778a6: folds
*** TURN *** [4d Kd Ac] [7h]
Hero: bets $1.4
f93a0d85: folds
Uncalled bet ($1.4) returned to Hero
6c345241: shows [3s] (Ace-High)
*** SHOWDOWN ***
Hero collected $1.81 from pot
*** SUMMARY ***
Total pot $1.9 | Rake $0.09 | Jackpot $0 | Bingo $0 | Fortune $0 | Tax $0
Board [4d Kd Ac 7h]
Seat 1: 6c345241 (button) folded before Flop (didn't bet)
Seat 2: 931778a6 (small blind) folded on the Flop
Seat 4: Hero (big blind) won ($1.81)
Seat 5: db4a2702 folded before Flop (didn't bet)
Seat 6: f93a0d85 folded on the Turn


Poker Hand #HD1789185551: Hold'em No Limit ($0.05/$0.1) - 2024/05/27 02:18:17
Table 'NLHRed1' 6-max Seat #6 is the button
Seat 1: 6c345241 ($10.4 in chips)
Seat 2: 931778a6 ($3.86 in chips)
Seat 4: Hero ($10 in chips)
Seat 5: db4a2702 ($5.46 in chips)
Seat 6: f93a0d85 ($10 in chips)
6c345241: posts small blind $0.05
931778a6: posts big blind $0.1
*** HOLE CARDS ***
Dealt to 6c345241 
Dealt to 931778a6 
Dealt to Hero [As 2s]
Dealt to db4a2702 
Dealt to f93a0d85 
Hero: folds
db4a2702: folds
f93a0d85: raises $0.2 to $0.3
6c345241: folds
931778a6: calls $0.2
*** FLOP *** [Qd 3c 5d]
931778a6: checks
f93a0d85: bets $0.22
931778a6: calls $0.22
*** TURN *** [Qd 3c 5d] [2d]
931778a6: checks
f93a0d85: checks
*** RIVER *** [Qd 3c 5d 2d] [6c]
931778a6: bets $0.55
f93a0d85: folds
Uncalled bet ($0.55) returned to 931778a6
6c345241: shows [3d] (Pair of Treys)
*** SHOWDOWN ***
931778a6 collected $1.04 from pot
*** SUMMARY ***
Total pot $1.09 | Rake $0.05 | Jackpot $0 | Bingo $0 | Fortune $0 | Tax $0
Board [Qd 3c 5d 2d 6c]
Seat 1: 6c345241 (small blind) folded before Flop
Seat 2: 931778a6 (big blind) won ($1.04)
Seat 4: Hero folded before Flop (didn't bet)
Seat 5: db4a2702 folded before Flop (didn't bet)
Seat 6: f93a0d85 (button) folded on the River


Poker Hand #HD1789185484: Hold'em No Limit ($0.05/$0.1) - 2024/05/27 02:17:37
Table 'NLHRed1' 6-max Seat #5 is the button
Seat 1: 6c345241 ($10.8 in chips)
Seat 2: 931778a6 ($3.45 in chips)
Seat 4: Hero ($10 in chips)
Seat 5: db4a2702 ($5.46 in chips)
Seat 6: f93a0d85 ($10 in chips)
f93a0d85: posts small blind $0.05
6c345241: posts big blind $0.1
*** HOLE CARDS ***
Dealt to 6c345241 
Dealt to 931778a6 
Dealt to Hero [Qc 3d]
Dealt to db4a2702 
Dealt to f93a0d85 
931778a6: calls $0.1
Hero: folds
db4a2702: folds
f93a0d85: folds
6c345241: checks
*** FLOP *** [7c 9c Qs]
6c345241: checks
931778a6: checks
*** TURN *** [7c 9c Qs] [2d]
6c345241: bets $0.3
931778a6: raises $0.3 to $0.6
6c345241: folds
Uncalled bet ($0.3) returned to 931778a6
6c345241: shows [3c] (Queen-High)
*** SHOWDOWN ***
931778a6 collected $0.81 from pot
*** SUMMARY ***
Total pot $0.85 | Rake $0.04 | Jackpot $0 | Bingo $0 | Fortune $0 | Tax $0
Board [7c 9c Qs 2d]
Seat 1: 6c345241 (big blind) folded on the Turn
Seat 2: 931778a6 won ($0.81)
Seat 4: Hero folded before Flop (didn't bet)
Seat 5: db4a2702 (button) folded before Flop (didn't bet)
Seat 6: f93a0d85 (small blind) folded before Flop


Poker Hand #HD1789185430: Hold'em No Limit ($0.05/$0.1) - 2024/05/27 02:17:03
Table 'NLHRed1' 6-max Seat #4 is the button
Seat 1: 6c345241 ($10.8 in chips)
Seat 2: 931778a6 ($3 in chips)
Seat 4: Hero ($10 in chips)
Seat 5: db4a2702 ($5.51 in chips)
Seat 6: f93a0d85 ($10 in chips)
db4a2702: posts small blind $0.05
f93a0d85: posts big blind $0.1
931778a6: posts big blind $0.1
*** HOLE CARDS ***
Dealt to 6c345241 
Dealt to 931778a6 
Dealt to Hero [5c Ac]
Dealt to db4a2702 
Dealt to f93a0d85 
6c345241: folds
931778a6: checks
Hero: raises $0.24 to $0.34
db4a2702: folds
f93a0d85: folds
931778a6: calls $0.24
*** FLOP *** [7h Tc Jh]
931778a6: bets $0.42
Hero: folds
Uncalled bet ($0.42) returned to 931778a6
*** SHOWDOWN ***
931778a6 collected $0.79 from pot
*** SUMMARY ***
Total pot $0.83 | Rake $0.04 | Jackpot $0 | Bingo $0 | Fortune $0 | Tax $0
Board [7h Tc Jh]
Seat 1: 6c345241 folded before Flop (didn't bet)
Seat 2: 931778a6 won ($0.79)
Seat 4: Hero (button) folded on the Flop
Seat 5: db4a2702 (small blind) folded before Flop
Seat 6: f93a0d85 (big blind) folded before Flop


Poker Hand #HD1789185383: Hold'em No Limit ($0.05/$0.1) - 2024/05/27 02:16:29
Table 'NLHRed1' 6-max Seat #1 is the button
Seat 1: 6c345241 ($10.8 in chips)
Seat 4: Hero ($10 in chips)
Seat 5: db4a2702 ($5.24 in chips)
Seat 6: f93a0d85 ($10 in chips)
Hero: posts small blind $0.05
db4a2702: posts big blind $0.1
*** HOLE CARDS ***
Dealt to 6c345241 
Dealt to Hero [4d Kd]
Dealt to db4a2702 
Dealt to f93a0d85 
f93a0d85: folds
6c345241: folds
Hero: raises $0.2 to $0.3
db4a2702: calls $0.2
*** FLOP *** [2h 3h Td]
Hero: checks
db4a2702: bets $0.2
Hero: folds
Uncalled bet ($0.2) returned to db4a2702
*** SHOWDOWN ***
db4a2702 collected $0.57 from pot
*** SUMMARY ***
Total pot $0.6 | Rake $0.03 | Jackpot $0 | Bingo $0 | Fortune $0 | Tax $0
Board [2h 3h Td]
Seat 1: 6c345241 (button) folded before Flop (didn't bet)
Seat 4: Hero (small blind) folded on the Flop
Seat 5: db4a2702 (big blind) won ($0.57)
Seat 6: f93a0d85 folded before Flop (didn't bet)


Poker Hand #HD1789185274: Hold'em No Limit ($0.05/$0.1) - 2024/05/27 02:15:23
Table 'NLHRed1' 6-max Seat #6 is the button
Seat 1: 6c345241 ($10.85 in chips)
Seat 4: Hero ($10 in chips)
Seat 5: db4a2702 ($2.73 in chips)
Seat 6: f93a0d85 ($10.62 in chips)
6c345241: posts small blind $0.05
Hero: posts big blind $0.1
*** HOLE CARDS ***
Dealt to 6c345241 
Dealt to Hero [5s 3d]
Dealt to db4a2702 
Dealt to f93a0d85 
db4a2702: calls $0.1
f93a0d85: raises $0.4 to $0.5
6c345241: folds
Hero: folds
db4a2702: raises $2.23 to $2.73 and is all-in
f93a0d85: calls $2.23
db4a2702: shows [Tc Ac]
f93a0d85: shows [As 8s]
*** FLOP *** [9c Jd 6h]
*** TURN *** [9c Jd 6h] [4h]
*** RIVER *** [9c Jd 6h 4h] [Th]
*** SHOWDOWN ***
db4a2702 collected $5.24 from pot
*** SUMMARY ***
Total pot $5.61 | Rake $0.27 | Jackpot $0.1 | Bingo $0 | Fortune $0 | Tax $0
Board [9c Jd 6h 4h Th]
Seat 1: 6c345241 (small blind) folded before Flop
Seat 4: Hero (big blind) folded before Flop
Seat 5: db4a2702 showed [Tc Ac] and won ($5.24) with Pair of Tens
Seat 6: f93a0d85 (button) showed [As 8s] and lost with Ace-High


Poker Hand #HD1789185242: Hold'em No Limit ($0.05/$0.1) - 2024/05/27 02:14:57
Table 'NLHRed1' 6-max Seat #5 is the button
Seat 1: 6c345241 ($10.71 in chips)
Seat 2: a2a5ce4a ($10 in chips)
Seat 3: 97fe68d1 ($12.18 in chips)
Seat 4: Hero ($10 in chips)
Seat 5: db4a2702 ($2.83 in chips)
Seat 6: f93a0d85 ($10.67 in chips)
f93a0d85: posts small blind $0.05
6c345241: posts big blind $0.1
*** HOLE CARDS ***
Dealt to 6c345241 
Dealt to a2a5ce4a 
Dealt to 97fe68d1 
Dealt to Hero [6d Jd]
Dealt to db4a2702 
Dealt to f93a0d85 
a2a5ce4a: folds
97fe68d1: folds
Hero: folds
db4a2702: calls $0.1
f93a0d85: folds
6c345241: checks
*** FLOP *** [Ks 8d Jc]
6c345241: checks
db4a2702: checks
*** TURN *** [Ks 8d Jc] [3c]
6c345241: bets $0.2
db4a2702: folds
Uncalled bet ($0.2) returned to 6c345241
*** SHOWDOWN ***
6c345241 collected $0.24 from pot
*** SUMMARY ***
Total pot $0.25 | Rake $0.01 | Jackpot $0 | Bingo $0 | Fortune $0 | Tax $0
Board [Ks 8d Jc 3c]
Seat 1: 6c345241 (big blind) won ($0.24)
Seat 2: a2a5ce4a folded before Flop (didn't bet)
Seat 3: 97fe68d1 folded before Flop (didn't bet)
Seat 4: Hero folded before Flop (didn't bet)
Seat 5: db4a2702 (button) folded on the Turn
Seat 6: f93a0d85 (small blind) folded before Flop


Poker Hand #HD1789185212: Hold'em No Limit ($0.05/$0.1) - 2024/05/27 02:14:43
Table 'NLHRed1' 6-max Seat #4 is the button
Seat 1: 6c345241 ($10.56 in chips)
Seat 2: a2a5ce4a ($10 in chips)
Seat 3: 97fe68d1 ($12.18 in chips)
Seat 4: Hero ($10 in chips)
Seat 5: db4a2702 ($2.88 in chips)
Seat 6: f93a0d85 ($10.77 in chips)
db4a2702: posts small blind $0.05
f93a0d85: posts big blind $0.1
*** HOLE CARDS ***
Dealt to 6c345241 
Dealt to a2a5ce4a 
Dealt to 97fe68d1 
Dealt to Hero [Ts 3h]
Dealt to db4a2702 
Dealt to f93a0d85 
6c345241: raises $0.4 to $0.5
a2a5ce4a: folds
97fe68d1: folds
Hero: folds
db4a2702: folds
f93a0d85: folds
Uncalled bet ($0.4) returned to 6c345241
*** SHOWDOWN ***
6c345241 collected $0.25 from pot
*** SUMMARY ***
Total pot $0.25 | Rake $0 | Jackpot $0 | Bingo $0 | Fortune $0 | Tax $0
Seat 1: 6c345241 collected ($0.25)
Seat 2: a2a5ce4a folded before Flop (didn't bet)
Seat 3: 97fe68d1 folded before Flop (didn't bet)
Seat 4: Hero (button) folded before Flop (didn't bet)
Seat 5: db4a2702 (small blind) folded before Flop
Seat 6: f93a0d85 (big blind) folded before Flop


Poker Hand #HD1789185138: Hold'em No Limit ($0.05/$0.1) - 2024/05/27 02:14:01
Table 'NLHRed1' 6-max Seat #3 is the button
Seat 1: 6c345241 ($10.14 in chips)
Seat 2: a2a5ce4a ($10 in chips)
Seat 3: 97fe68d1 ($12.18 in chips)
Seat 4: Hero ($10.05 in chips)
Seat 5: db4a2702 ($2.98 in chips)
Seat 6: f93a0d85 ($11.07 in chips)
Hero: posts small blind $0.05
db4a2702: posts big blind $0.1
*** HOLE CARDS ***
Dealt to 6c345241 
Dealt to a2a5ce4a 
Dealt to 97fe68d1 
Dealt to Hero [7c 4s]
Dealt to db4a2702 
Dealt to f93a0d85 
f93a0d85: raises $0.2 to $0.3
6c345241: raises $0.5 to $0.8
a2a5ce4a: folds
97fe68d1: folds
Hero: folds
db4a2702: folds
f93a0d85: folds
Uncalled bet ($0.5) returned to 6c345241
*** SHOWDOWN ***
6c345241 collected $0.72 from pot
*** SUMMARY ***
Total pot $0.75 | Rake $0.03 | Jackpot $0 | Bingo $0 | Fortune $0 | Tax $0
Seat 1: 6c345241 collected ($0.72)
Seat 2: a2a5ce4a folded before Flop (didn't bet)
Seat 3: 97fe68d1 (button) folded before Flop (didn't bet)
Seat 4: Hero (small blind) folded before Flop
Seat 5: db4a2702 (big blind) folded before Flop
Seat 6: f93a0d85 folded before Flop


Poker Hand #HD1789185103: Hold'em No Limit ($0.05/$0.1) - 2024/05/27 02:13:35
Table 'NLHRed1' 6-max Seat #2 is the button
Seat 1: 6c345241 ($10 in chips)
Seat 2: a2a5ce4a ($10 in chips)
Seat 3: 97fe68d1 ($12.23 in chips)
Seat 4: Hero ($10.15 in chips)
Seat 5: db4a2702 ($2.98 in chips)
Seat 6: f93a0d85 ($11.07 in chips)
97fe68d1: posts small blind $0.05
Hero: posts big blind $0.1
6c345241: posts big blind $0.1
*** HOLE CARDS ***
Dealt to 6c345241 
Dealt to a2a5ce4a 
Dealt to 97fe68d1 
Dealt to Hero [5h Jh]
Dealt to db4a2702 
Dealt to f93a0d85 
db4a2702: folds
f93a0d85: folds
6c345241: checks
a2a5ce4a: folds
97fe68d1: folds
Hero: checks
*** FLOP *** [6d 4d 9h]
Hero: checks
6c345241: bets $0.13
Hero: folds
Uncalled bet ($0.13) returned to 6c345241
*** SHOWDOWN ***
6c345241 collected $0.24 from pot
*** SUMMARY ***
Total pot $0.25 | Rake $0.01 | Jackpot $0 | Bingo $0 | Fortune $0 | Tax $0
Board [6d 4d 9h]
Seat 1: 6c345241 won ($0.24)
Seat 2: a2a5ce4a (button) folded before Flop (didn't bet)
Seat 3: 97fe68d1 (small blind) folded before Flop
Seat 4: Hero (big blind) folded on the Flop
Seat 5: db4a2702 folded before Flop (didn't bet)
Seat 6: f93a0d85 folded before Flop (didn't bet)


Poker Hand #HD1789185035: Hold'em No Limit ($0.05/$0.1) - 2024/05/27 02:12:55
Table 'NLHRed1' 6-max Seat #6 is the button
Seat 2: a2a5ce4a ($10 in chips)
Seat 3: 97fe68d1 ($12.33 in chips)
Seat 4: Hero ($10.15 in chips)
Seat 5: db4a2702 ($3.7 in chips)
Seat 6: f93a0d85 ($10.28 in chips)
a2a5ce4a: posts small blind $0.05
97fe68d1: posts big blind $0.1
*** HOLE CARDS ***
Dealt to a2a5ce4a 
Dealt to 97fe68d1 
Dealt to Hero [8c 3h]
Dealt to db4a2702 
Dealt to f93a0d85 
Hero: folds
db4a2702: calls $0.1
f93a0d85: raises $0.3 to $0.4
a2a5ce4a: folds
97fe68d1: folds
db4a2702: calls $0.3
*** FLOP *** [2d Jd 3d]
db4a2702: bets $0.32
f93a0d85: raises $9.56 to $9.88 and is all-in
db4a2702: folds
Uncalled bet ($9.56) returned to f93a0d85
*** SHOWDOWN ***
f93a0d85 collected $1.51 from pot
*** SUMMARY ***
Total pot $1.59 | Rake $0.08 | Jackpot $0 | Bingo $0 | Fortune $0 | Tax $0
Board [2d Jd 3d]
Seat 2: a2a5ce4a (small blind) folded before Flop
Seat 3: 97fe68d1 (big blind) folded before Flop
Seat 4: Hero folded before Flop (didn't bet)
Seat 5: db4a2702 folded on the Flop
Seat 6: f93a0d85 (button) won ($1.51)


Poker Hand #HD1789184999: Hold'em No Limit ($0.05/$0.1) - 2024/05/27 02:12:29
Table 'NLHRed1' 6-max Seat #5 is the button
Seat 2: a2a5ce4a ($10 in chips)
Seat 3: 97fe68d1 ($12.33 in chips)
Seat 4: Hero ($10 in chips)
Seat 5: db4a2702 ($3.7 in chips)
Seat 6: f93a0d85 ($10.33 in chips)
f93a0d85: posts small blind $0.05
a2a5ce4a: posts big blind $0.1
*** HOLE CARDS ***
Dealt to a2a5ce4a 
Dealt to 97fe68d1 
Dealt to Hero [Qc Kd]
Dealt to db4a2702 
Dealt to f93a0d85 
97fe68d1: folds
Hero: raises $0.14 to $0.24
db4a2702: folds
f93a0d85: folds
a2a5ce4a: folds
Uncalled bet ($0.14) returned to Hero
*** SHOWDOWN ***
Hero collected $0.25 from pot
*** SUMMARY ***
Total pot $0.25 | Rake $0 | Jackpot $0 | Bingo $0 | Fortune $0 | Tax $0
Seat 2: a2a5ce4a (big blind) folded before Flop
Seat 3: 97fe68d1 folded before Flop (didn't bet)
Seat 4: Hero collected ($0.25)
Seat 5: db4a2702 (button) folded before Flop (didn't bet)
Seat 6: f93a0d85 (small blind) folded before Flop


Poker Hand #HD1789184922: Hold'em No Limit ($0.05/$0.1) - 2024/05/27 02:11:41
Table 'NLHRed1' 6-max Seat #4 is the button
Seat 3: 97fe68d1 ($12.33 in chips)
Seat 4: Hero ($10 in chips)
Seat 5: db4a2702 ($3.9 in chips)
Seat 6: f93a0d85 ($10.15 in chips)
db4a2702: posts small blind $0.05
f93a0d85: posts big blind $0.1
*** HOLE CARDS ***
Dealt to 97fe68d1 
Dealt to Hero [Td 6c]
Dealt to db4a2702 
Dealt to f93a0d85 
97fe68d1: folds
Hero: folds
db4a2702: calls $0.05
f93a0d85: checks
*** FLOP *** [3h Ah 7h]
db4a2702: checks
f93a0d85: checks
*** TURN *** [3h Ah 7h] [8s]
db4a2702: bets $0.1
f93a0d85: calls $0.1
*** RIVER *** [3h Ah 7h 8s] [8d]
db4a2702: checks
f93a0d85: checks
db4a2702: shows [6s 9c] (Pair of Eights)
f93a0d85: shows [3d Qc] (Pair of Eights and Pair of Treys)
*** SHOWDOWN ***
f93a0d85 collected $0.38 from pot
*** SUMMARY ***
Total pot $0.4 | Rake $0.02 | Jackpot $0 | Bingo $0 | Fortune $0 | Tax $0
Board [3h Ah 7h 8s 8d]
Seat 3: 97fe68d1 folded before Flop (didn't bet)
Seat 4: Hero (button) folded before Flop (didn't bet)
Seat 5: db4a2702 (small blind) showed [6s 9c] and lost with Pair of Eights
Seat 6: f93a0d85 (big blind) showed [3d Qc] and won ($0.38) with Pair of Eights and Pair of Treys


Poker Hand #HD1789184901: Hold'em No Limit ($0.05/$0.1) - 2024/05/27 02:11:29
Table 'NLHRed1' 6-max Seat #3 is the button
Seat 3: 97fe68d1 ($12.33 in chips)
Seat 4: Hero ($10 in chips)
Seat 5: db4a2702 ($4 in chips)
Seat 6: f93a0d85 ($10 in chips)
Hero: posts small blind $0.05
db4a2702: posts big blind $0.1
*** HOLE CARDS ***
Dealt to 97fe68d1 
Dealt to Hero [8s 5c]
Dealt to db4a2702 
Dealt to f93a0d85 
f93a0d85: raises $0.2 to $0.3
97fe68d1: folds
Hero: folds
db4a2702: folds
Uncalled bet ($0.2) returned to f93a0d85
*** SHOWDOWN ***
f93a0d85 collected $0.25 from pot
*** SUMMARY ***
Total pot $0.25 | Rake $0 | Jackpot $0 | Bingo $0 | Fortune $0 | Tax $0
Seat 3: 97fe68d1 (button) folded before Flop (didn't bet)
Seat 4: Hero (small blind) folded before Flop
Seat 5: db4a2702 (big blind) folded before Flop
Seat 6: f93a0d85 collected ($0.25)


Poker Hand #HD1789184779: Hold'em No Limit ($0.05/$0.1) - 2024/05/27 02:10:19
Table 'NLHRed1' 6-max Seat #1 is the button
Seat 1: 60eb38bc ($19.34 in chips)
Seat 3: 97fe68d1 ($9.9 in chips)
Seat 4: Hero ($10 in chips)
Seat 5: db4a2702 ($4 in chips)
Seat 6: f93a0d85 ($10 in chips)
97fe68d1: posts small blind $0.05
Hero: posts big blind $0.1
*** HOLE CARDS ***
Dealt to 60eb38bc 
Dealt to 97fe68d1 
Dealt to Hero [Td Kh]
Dealt to db4a2702 
Dealt to f93a0d85 
db4a2702: folds
f93a0d85: folds
60eb38bc: folds
97fe68d1: raises $0.2 to $0.3
Hero: calls $0.2
*** FLOP *** [2d 2c Ts]
97fe68d1: checks
Hero: bets $0.3
97fe68d1: calls $0.3
*** TURN *** [2d 2c Ts] [5h]
97fe68d1: checks
Hero: bets $0.7
97fe68d1: calls $0.7
*** RIVER *** [2d 2c Ts 5h] [8h]
97fe68d1: checks
Hero: bets $1.5
97fe68d1: calls $1.5
Hero: shows [Td Kh] (Pair of Tens and Pair of Twos)
97fe68d1: shows [Ac Tc] (Pair of Tens and Pair of Twos)
*** SHOWDOWN ***
97fe68d1 collected $5.23 from pot
*** SUMMARY ***
Total pot $5.6 | Rake $0.27 | Jackpot $0.1 | Bingo $0 | Fortune $0 | Tax $0
Board [2d 2c Ts 5h 8h]
Seat 1: 60eb38bc (button) folded before Flop (didn't bet)
Seat 3: 97fe68d1 (small blind) showed [Ac Tc] and won ($5.23) with Pair of Tens and Pair of Twos
Seat 4: Hero (big blind) showed [Td Kh] and lost with Pair of Tens and Pair of Twos
Seat 5: db4a2702 folded before Flop (didn't bet)
Seat 6: f93a0d85 folded before Flop (didn't bet)


Poker Hand #HD1789184542: Hold'em No Limit ($0.05/$0.1) - 2024/05/27 02:07:59
Table 'NLHRed1' 6-max Seat #6 is the button
Seat 1: 60eb38bc ($10.17 in chips)
Seat 3: 97fe68d1 ($10 in chips)
Seat 4: Hero ($10 in chips)
Seat 5: db4a2702 ($4 in chips)
Seat 6: f93a0d85 ($10.48 in chips)
60eb38bc: posts small blind $0.05
97fe68d1: posts big blind $0.1
*** HOLE CARDS ***
Dealt to 60eb38bc 
Dealt to 97fe68d1 
Dealt to Hero [7h Ac]
Dealt to db4a2702 
Dealt to f93a0d85 
Hero: folds
db4a2702: folds
f93a0d85: raises $0.2 to $0.3
60eb38bc: raises $0.7 to $1
97fe68d1: folds
f93a0d85: calls $0.7
*** FLOP *** [8c Qc Jc]
60eb38bc: checks
f93a0d85: checks
*** TURN *** [8c Qc Jc] [Th]
60eb38bc: bets $1.05
f93a0d85: calls $1.05
*** RIVER *** [8c Qc Jc Th] [Td]
60eb38bc: checks
f93a0d85: bets $8.43 and is all-in
60eb38bc: calls $8.12 and is all-in
Uncalled bet ($0.31) returned to f93a0d85
f93a0d85: shows [5h 5c] (Pair of Tens and Pair of Fives)
60eb38bc: shows [Ad Kc] (Aces-High Straight)
*** SHOWDOWN ***
60eb38bc collected $19.34 from pot
*** SUMMARY ***
Total pot $20.44 | Rake $1 | Jackpot $0.1 | Bingo $0 | Fortune $0 | Tax $0
Board [8c Qc Jc Th Td]
Seat 1: 60eb38bc (small blind) showed [Ad Kc] and won ($19.34) with Aces-High Straight
Seat 3: 97fe68d1 (big blind) folded before Flop
Seat 4: Hero folded before Flop (didn't bet)
Seat 5: db4a2702 folded before Flop (didn't bet)
Seat 6: f93a0d85 (button) showed [5h 5c] and lost with Pair of Tens and Pair of Fives


Poker Hand #HD1789184445: Hold'em No Limit ($0.05/$0.1) - 2024/05/27 02:07:00
Table 'NLHRed1' 6-max Seat #5 is the button
Seat 1: 60eb38bc ($9.9 in chips)
Seat 2: da884d35 ($10.24 in chips)
Seat 4: Hero ($10 in chips)
Seat 5: db4a2702 ($4 in chips)
Seat 6: f93a0d85 ($10.53 in chips)
f93a0d85: posts small blind $0.05
60eb38bc: posts big blind $0.1
*** HOLE CARDS ***
Dealt to 60eb38bc 
Dealt to da884d35 
Dealt to Hero [7d 7s]
Dealt to db4a2702 
Dealt to f93a0d85 
da884d35: folds
Hero: raises $0.14 to $0.24
db4a2702: folds
f93a0d85: folds
60eb38bc: calls $0.14
*** FLOP *** [9h 8c Ts]
60eb38bc: checks
Hero: checks
*** TURN *** [9h 8c Ts] [5c]
60eb38bc: bets $0.18
Hero: folds
Uncalled bet ($0.18) returned to 60eb38bc
60eb38bc: shows [7c] (Ten-High)
*** SHOWDOWN ***
60eb38bc collected $0.51 from pot
*** SUMMARY ***
Total pot $0.53 | Rake $0.02 | Jackpot $0 | Bingo $0 | Fortune $0 | Tax $0
Board [9h 8c Ts 5c]
Seat 1: 60eb38bc (big blind) showed [7c] and won ($0.51)
Seat 2: da884d35 folded before Flop (didn't bet)
Seat 4: Hero folded on the Turn
Seat 5: db4a2702 (button) folded before Flop (didn't bet)
Seat 6: f93a0d85 (small blind) folded before Flop


Poker Hand #HD1789184411: Hold'em No Limit ($0.05/$0.1) - 2024/05/27 02:06:40
Table 'NLHRed1' 6-max Seat #4 is the button
Seat 1: 60eb38bc ($10 in chips)
Seat 2: da884d35 ($10 in chips)
Seat 4: Hero ($10 in chips)
Seat 5: db4a2702 ($4.05 in chips)
Seat 6: f93a0d85 ($10.63 in chips)
db4a2702: posts small blind $0.05
f93a0d85: posts big blind $0.1
60eb38bc: posts big blind $0.1
*** HOLE CARDS ***
Dealt to 60eb38bc 
Dealt to da884d35 
Dealt to Hero [Qc Ks]
Dealt to db4a2702 
Dealt to f93a0d85 
60eb38bc: checks
da884d35: raises $0.3 to $0.4
Hero: folds
db4a2702: folds
f93a0d85: folds
60eb38bc: folds
Uncalled bet ($0.3) returned to da884d35
*** SHOWDOWN ***
da884d35 collected $0.34 from pot
*** SUMMARY ***
Total pot $0.35 | Rake $0.01 | Jackpot $0 | Bingo $0 | Fortune $0 | Tax $0
Seat 1: 60eb38bc folded before Flop
Seat 2: da884d35 collected ($0.34)
Seat 4: Hero (button) folded before Flop (didn't bet)
Seat 5: db4a2702 (small blind) folded before Flop
Seat 6: f93a0d85 (big blind) folded before Flop


Poker Hand #HD1789184398: Hold'em No Limit ($0.05/$0.1) - 2024/05/27 02:06:35
Table 'NLHRed1' 6-max Seat #2 is the button
Seat 2: da884d35 ($10 in chips)
Seat 4: Hero ($10 in chips)
Seat 5: db4a2702 ($4 in chips)
Seat 6: f93a0d85 ($10.63 in chips)
Hero: posts small blind $0.05
db4a2702: posts big blind $0.1
*** HOLE CARDS ***
Dealt to da884d35 
Dealt to Hero [5c 4d]
Dealt to db4a2702 
Dealt to f93a0d85 
f93a0d85: folds
da884d35: folds
Hero: folds
Uncalled bet ($0.05) returned to db4a2702
*** SHOWDOWN ***
db4a2702 collected $0.1 from pot
*** SUMMARY ***
Total pot $0.1 | Rake $0 | Jackpot $0 | Bingo $0 | Fortune $0 | Tax $0
Seat 2: da884d35 (button) folded before Flop (didn't bet)
Seat 4: Hero (small blind) folded before Flop
Seat 5: db4a2702 (big blind) collected ($0.1)
Seat 6: f93a0d85 folded before Flop (didn't bet)


Poker Hand #HD1789184358: Hold'em No Limit ($0.05/$0.1) - 2024/05/27 02:06:09
Table 'NLHRed1' 6-max Seat #6 is the button
Seat 1: 9e2a1fc ($4.04 in chips)
Seat 2: da884d35 ($10 in chips)
Seat 3: 81285254 ($10.33 in chips)
Seat 4: Hero ($10.1 in chips)
Seat 6: f93a0d85 ($10.27 in chips)
9e2a1fc: posts small blind $0.05
da884d35: posts big blind $0.1
*** HOLE CARDS ***
Dealt to 9e2a1fc 
Dealt to da884d35 
Dealt to 81285254 
Dealt to Hero [Qc 8c]
Dealt to f93a0d85 
81285254: folds
Hero: raises $0.14 to $0.24
f93a0d85: raises $0.48 to $0.72
9e2a1fc: folds
da884d35: folds
Hero: folds
Uncalled bet ($0.48) returned to f93a0d85
*** SHOWDOWN ***
f93a0d85 collected $0.6 from pot
*** SUMMARY ***
Total pot $0.63 | Rake $0.03 | Jackpot $0 | Bingo $0 | Fortune $0 | Tax $0
Seat 1: 9e2a1fc (small blind) folded before Flop
Seat 2: da884d35 (big blind) folded before Flop
Seat 3: 81285254 folded before Flop (didn't bet)
Seat 4: Hero folded before Flop
Seat 6: f93a0d85 (button) collected ($0.6)


Poker Hand #HD1789184314: Hold'em No Limit ($0.05/$0.1) - 2024/05/27 02:05:47
Table 'NLHRed1' 6-max Seat #4 is the button
Seat 1: 9e2a1fc ($4.14 in chips)
Seat 2: da884d35 ($10 in chips)
Seat 3: 81285254 ($10.33 in chips)
Seat 4: Hero ($10.1 in chips)
Seat 6: f93a0d85 ($10.17 in chips)
f93a0d85: posts small blind $0.05
9e2a1fc: posts big blind $0.1
*** HOLE CARDS ***
Dealt to 9e2a1fc 
Dealt to da884d35 
Dealt to 81285254 
Dealt to Hero [9c 2c]
Dealt to f93a0d85 
da884d35: folds
81285254: folds
Hero: folds
f93a0d85: raises $0.2 to $0.3
9e2a1fc: folds
Uncalled bet ($0.2) returned to f93a0d85
*** SHOWDOWN ***
f93a0d85 collected $0.2 from pot
*** SUMMARY ***
Total pot $0.2 | Rake $0 | Jackpot $0 | Bingo $0 | Fortune $0 | Tax $0
Seat 1: 9e2a1fc (big blind) folded before Flop
Seat 2: da884d35 folded before Flop (didn't bet)
Seat 3: 81285254 folded before Flop (didn't bet)
Seat 4: Hero (button) folded before Flop (didn't bet)
Seat 6: f93a0d85 (small blind) collected ($0.2)


Poker Hand #HD1789184281: Hold'em No Limit ($0.05/$0.1) - 2024/05/27 02:05:33
Table 'NLHRed1' 6-max Seat #3 is the button
Seat 1: 9e2a1fc ($4.14 in chips)
Seat 2: da884d35 ($10 in chips)
Seat 3: 81285254 ($10.33 in chips)
Seat 4: Hero ($10 in chips)
Seat 6: f93a0d85 ($10.27 in chips)
Hero: posts small blind $0.05
f93a0d85: posts big blind $0.1
*** HOLE CARDS ***
Dealt to 9e2a1fc 
Dealt to da884d35 
Dealt to 81285254 
Dealt to Hero [Jh Ac]
Dealt to f93a0d85 
9e2a1fc: folds
da884d35: folds
81285254: folds
Hero: raises $0.2 to $0.3
f93a0d85: folds
Uncalled bet ($0.2) returned to Hero
*** SHOWDOWN ***
Hero collected $0.2 from pot
*** SUMMARY ***
Total pot $0.2 | Rake $0 | Jackpot $0 | Bingo $0 | Fortune $0 | Tax $0
Seat 1: 9e2a1fc folded before Flop (didn't bet)
Seat 2: da884d35 folded before Flop (didn't bet)
Seat 3: 81285254 (button) folded before Flop (didn't bet)
Seat 4: Hero (small blind) collected ($0.2)
Seat 6: f93a0d85 (big blind) folded before Flop


Poker Hand #HD1789184168: Hold'em No Limit ($0.05/$0.1) - 2024/05/27 02:04:21
Table 'NLHRed1' 6-max Seat #2 is the button
Seat 1: 9e2a1fc ($4.72 in chips)
Seat 2: da884d35 ($10 in chips)
Seat 3: 81285254 ($10.38 in chips)
Seat 4: Hero ($10 in chips)
Seat 5: 76dbfebf ($12.55 in chips)
Seat 6: f93a0d85 ($10.27 in chips)
81285254: posts small blind $0.05
Hero: posts big blind $0.1
*** HOLE CARDS ***
Dealt to 9e2a1fc 
Dealt to da884d35 
Dealt to 81285254 
Dealt to Hero [Qs 6d]
Dealt to 76dbfebf 
Dealt to f93a0d85 
76dbfebf: raises $0.2 to $0.3
f93a0d85: folds
9e2a1fc: calls $0.3
da884d35: folds
81285254: folds
Hero: folds
*** FLOP *** [Ks 4c Kh]
76dbfebf: checks
9e2a1fc: checks
*** TURN *** [Ks 4c Kh] [8h]
76dbfebf: checks
9e2a1fc: bets $0.28
76dbfebf: calls $0.28
*** RIVER *** [Ks 4c Kh 8h] [Kc]
76dbfebf: checks
9e2a1fc: checks
76dbfebf: shows [Ad 5d] (Three Kings)
9e2a1fc: shows [Jh 9h] (Three Kings)
*** SHOWDOWN ***
76dbfebf collected $1.25 from pot
*** SUMMARY ***
Total pot $1.31 | Rake $0.06 | Jackpot $0 | Bingo $0 | Fortune $0 | Tax $0
Board [Ks 4c Kh 8h Kc]
Seat 1: 9e2a1fc showed [Jh 9h] and lost with Three Kings
Seat 2: da884d35 (button) folded before Flop (didn't bet)
Seat 3: 81285254 (small blind) folded before Flop
Seat 4: Hero (big blind) folded before Flop
Seat 5: 76dbfebf showed [Ad 5d] and won ($1.25) with Three Kings
Seat 6: f93a0d85 folded before Flop (didn't bet)


