Poker Hand #HD1834129498: Hold'em No Limit ($0.05/$0.1) - 2024/06/27 22:35:26
Table 'NLHRed42' 6-max Seat #4 is the button
Seat 1: 580e37b5 ($16.44 in chips)
Seat 2: 34ba61e2 ($12.98 in chips)
Seat 3: 5debdc69 ($8.13 in chips)
Seat 4: 83f7454d ($10.19 in chips)
Seat 5: e659ea7e ($13.04 in chips)
Seat 6: Hero ($10.27 in chips)
e659ea7e: posts small blind $0.05
Hero: posts big blind $0.1
*** HOLE CARDS ***
Dealt to 580e37b5 
Dealt to 34ba61e2 
Dealt to 5debdc69 
Dealt to 83f7454d 
Dealt to e659ea7e 
Dealt to Hero [Ts Qc]
580e37b5: raises $0.2 to $0.3
34ba61e2: folds
5debdc69: calls $0.3
83f7454d: folds
e659ea7e: folds
Hero: folds
*** FLOP *** [Qd Ac Jh]
580e37b5: bets $0.25
5debdc69: calls $0.25
*** TURN *** [Qd Ac Jh] [7s]
580e37b5: checks
5debdc69: bets $0.42
580e37b5: folds
Uncalled bet ($0.42) returned to 5debdc69
*** SHOWDOWN ***
5debdc69 collected $1.19 from pot
*** SUMMARY ***
Total pot $1.25 | Rake $0.06 | Jackpot $0 | Bingo $0 | Fortune $0 | Tax $0
Board [Qd Ac Jh 7s]
Seat 1: 580e37b5 folded on the Turn
Seat 2: 34ba61e2 folded before Flop (didn't bet)
Seat 3: 5debdc69 won ($1.19)
Seat 4: 83f7454d (button) folded before Flop (didn't bet)
Seat 5: e659ea7e (small blind) folded before Flop
Seat 6: Hero (big blind) folded before Flop


Poker Hand #HD1834129454: Hold'em No Limit ($0.05/$0.1) - 2024/06/27 22:35:05
Table 'NLHRed42' 6-max Seat #3 is the button
Seat 1: 580e37b5 ($16.44 in chips)
Seat 2: 34ba61e2 ($12.98 in chips)
Seat 3: 5debdc69 ($8.23 in chips)
Seat 4: 83f7454d ($10 in chips)
Seat 5: e659ea7e ($13.14 in chips)
Seat 6: Hero ($10.27 in chips)
83f7454d: posts small blind $0.05
e659ea7e: posts big blind $0.1
*** HOLE CARDS ***
Dealt to 580e37b5 
Dealt to 34ba61e2 
Dealt to 5debdc69 
Dealt to 83f7454d 
Dealt to e659ea7e 
Dealt to Hero [6s 5h]
Hero: folds
580e37b5: folds
34ba61e2: folds
5debdc69: calls $0.1
83f7454d: raises $0.5 to $0.6
e659ea7e: folds
5debdc69: folds
Uncalled bet ($0.5) returned to 83f7454d
*** SHOWDOWN ***
83f7454d collected $0.29 from pot
*** SUMMARY ***
Total pot $0.3 | Rake $0.01 | Jackpot $0 | Bingo $0 | Fortune $0 | Tax $0
Seat 1: 580e37b5 folded before Flop (didn't bet)
Seat 2: 34ba61e2 folded before Flop (didn't bet)
Seat 3: 5debdc69 (button) folded before Flop
Seat 4: 83f7454d (small blind) collected ($0.29)
Seat 5: e659ea7e (big blind) folded before Flop
Seat 6: Hero folded before Flop (didn't bet)


Poker Hand #HD1834129337: Hold'em No Limit ($0.05/$0.1) - 2024/06/27 22:34:15
Table 'NLHRed42' 6-max Seat #2 is the button
Seat 1: 580e37b5 ($16.44 in chips)
Seat 2: 34ba61e2 ($12.7 in chips)
Seat 3: 5debdc69 ($8.28 in chips)
Seat 4: 83f7454d ($10 in chips)
Seat 5: e659ea7e ($13.14 in chips)
Seat 6: Hero ($10.27 in chips)
5debdc69: posts small blind $0.05
83f7454d: posts big blind $0.1
*** HOLE CARDS ***
Dealt to 580e37b5 
Dealt to 34ba61e2 
Dealt to 5debdc69 
Dealt to 83f7454d 
Dealt to e659ea7e 
Dealt to Hero [Qh 4d]
e659ea7e: folds
Hero: folds
580e37b5: folds
34ba61e2: raises $0.15 to $0.25
5debdc69: folds
83f7454d: calls $0.15
*** FLOP *** [8h 9c 9s]
83f7454d: checks
34ba61e2: checks
*** TURN *** [8h 9c 9s] [8c]
83f7454d: checks
34ba61e2: bets $0.43
83f7454d: folds
Uncalled bet ($0.43) returned to 34ba61e2
*** SHOWDOWN ***
34ba61e2 collected $0.53 from pot
*** SUMMARY ***
Total pot $0.55 | Rake $0.02 | Jackpot $0 | Bingo $0 | Fortune $0 | Tax $0
Board [8h 9c 9s 8c]
Seat 1: 580e37b5 folded before Flop (didn't bet)
Seat 2: 34ba61e2 (button) won ($0.53)
Seat 3: 5debdc69 (small blind) folded before Flop
Seat 4: 83f7454d (big blind) folded on the Turn
Seat 5: e659ea7e folded before Flop (didn't bet)
Seat 6: Hero folded before Flop (didn't bet)


Poker Hand #HD1834129216: Hold'em No Limit ($0.05/$0.1) - 2024/06/27 22:33:29
Table 'NLHRed42' 6-max Seat #1 is the button
Seat 1: 580e37b5 ($16.44 in chips)
Seat 2: 34ba61e2 ($12.47 in chips)
Seat 3: 5debdc69 ($8.53 in chips)
Seat 4: 83f7454d ($10 in chips)
Seat 5: e659ea7e ($13.14 in chips)
Seat 6: Hero ($10.27 in chips)
34ba61e2: posts small blind $0.05
5debdc69: posts big blind $0.1
*** HOLE CARDS ***
Dealt to 580e37b5 
Dealt to 34ba61e2 
Dealt to 5debdc69 
Dealt to 83f7454d 
Dealt to e659ea7e 
Dealt to Hero [Kd 3s]
83f7454d: folds
e659ea7e: folds
Hero: folds
580e37b5: folds
34ba61e2: raises $0.15 to $0.25
5debdc69: calls $0.15
*** FLOP *** [9h 5s 9d]
34ba61e2: bets $0.2
5debdc69: folds
Uncalled bet ($0.2) returned to 34ba61e2
*** SHOWDOWN ***
34ba61e2 collected $0.48 from pot
*** SUMMARY ***
Total pot $0.5 | Rake $0.02 | Jackpot $0 | Bingo $0 | Fortune $0 | Tax $0
Board [9h 5s 9d]
Seat 1: 580e37b5 (button) folded before Flop (didn't bet)
Seat 2: 34ba61e2 (small blind) won ($0.48)
Seat 3: 5debdc69 (big blind) folded on the Flop
Seat 4: 83f7454d folded before Flop (didn't bet)
Seat 5: e659ea7e folded before Flop (didn't bet)
Seat 6: Hero folded before Flop (didn't bet)


Poker Hand #HD1834129152: Hold'em No Limit ($0.05/$0.1) - 2024/06/27 22:33:02
Table 'NLHRed42' 6-max Seat #6 is the button
Seat 1: 580e37b5 ($16.49 in chips)
Seat 2: 34ba61e2 ($12.71 in chips)
Seat 3: 5debdc69 ($8.53 in chips)
Seat 4: 83f7454d ($10 in chips)
Seat 5: e659ea7e ($13.14 in chips)
Seat 6: Hero ($10 in chips)
580e37b5: posts small blind $0.05
34ba61e2: posts big blind $0.1
*** HOLE CARDS ***
Dealt to 580e37b5 
Dealt to 34ba61e2 
Dealt to 5debdc69 
Dealt to 83f7454d 
Dealt to e659ea7e 
Dealt to Hero [Ks Kc]
5debdc69: folds
83f7454d: folds
e659ea7e: folds
Hero: raises $0.14 to $0.24
580e37b5: folds
34ba61e2: calls $0.14
*** FLOP *** [3s Jh 7c]
34ba61e2: checks
Hero: bets $0.3
34ba61e2: folds
Uncalled bet ($0.3) returned to Hero
*** SHOWDOWN ***
Hero collected $0.51 from pot
*** SUMMARY ***
Total pot $0.53 | Rake $0.02 | Jackpot $0 | Bingo $0 | Fortune $0 | Tax $0
Board [3s Jh 7c]
Seat 1: 580e37b5 (small blind) folded before Flop
Seat 2: 34ba61e2 (big blind) folded on the Flop
Seat 3: 5debdc69 folded before Flop (didn't bet)
Seat 4: 83f7454d folded before Flop (didn't bet)
Seat 5: e659ea7e folded before Flop (didn't bet)
Seat 6: Hero (button) won ($0.51)


Poker Hand #HD1834129061: Hold'em No Limit ($0.05/$0.1) - 2024/06/27 22:32:29
Table 'NLHRed42' 6-max Seat #5 is the button
Seat 1: 580e37b5 ($16.59 in chips)
Seat 2: 34ba61e2 ($12.71 in chips)
Seat 3: 5debdc69 ($8.39 in chips)
Seat 4: 83f7454d ($10 in chips)
Seat 5: e659ea7e ($13.14 in chips)
Seat 6: Hero ($10 in chips)
Hero: posts small blind $0.05
580e37b5: posts big blind $0.1
*** HOLE CARDS ***
Dealt to 580e37b5 
Dealt to 34ba61e2 
Dealt to 5debdc69 
Dealt to 83f7454d 
Dealt to e659ea7e 
Dealt to Hero [4d Ks]
34ba61e2: folds
5debdc69: calls $0.1
83f7454d: folds
e659ea7e: folds
Hero: folds
580e37b5: checks
*** FLOP *** [8d 7h 4h]
580e37b5: checks
5debdc69: bets $0.13
580e37b5: folds
Uncalled bet ($0.13) returned to 5debdc69
*** SHOWDOWN ***
5debdc69 collected $0.24 from pot
*** SUMMARY ***
Total pot $0.25 | Rake $0.01 | Jackpot $0 | Bingo $0 | Fortune $0 | Tax $0
Board [8d 7h 4h]
Seat 1: 580e37b5 (big blind) folded on the Flop
Seat 2: 34ba61e2 folded before Flop (didn't bet)
Seat 3: 5debdc69 won ($0.24)
Seat 4: 83f7454d folded before Flop (didn't bet)
Seat 5: e659ea7e (button) folded before Flop (didn't bet)
Seat 6: Hero (small blind) folded before Flop


Poker Hand #HD1834128900: Hold'em No Limit ($0.05/$0.1) - 2024/06/27 22:31:25
Table 'NLHRed42' 6-max Seat #4 is the button
Seat 1: 580e37b5 ($16.59 in chips)
Seat 2: 34ba61e2 ($10 in chips)
Seat 3: 5debdc69 ($12.04 in chips)
Seat 4: 83f7454d ($10 in chips)
Seat 5: e659ea7e ($13.19 in chips)
Seat 6: Hero ($10 in chips)
e659ea7e: posts small blind $0.05
Hero: posts big blind $0.1
*** HOLE CARDS ***
Dealt to 580e37b5 
Dealt to 34ba61e2 
Dealt to 5debdc69 
Dealt to 83f7454d 
Dealt to e659ea7e 
Dealt to Hero [Th 9s]
580e37b5: folds
34ba61e2: raises $0.2 to $0.3
5debdc69: raises $0.25 to $0.55
83f7454d: folds
e659ea7e: folds
Hero: folds
34ba61e2: raises $9.45 to $10 and is all-in
5debdc69: calls $9.45
34ba61e2: shows [Qd Qc]
5debdc69: shows [Jd Js]
*** FIRST FLOP *** [3c As 6s]
*** FIRST TURN *** [3c As 6s] [6d]
*** FIRST RIVER *** [3c As 6s 6d] [Kd]
*** SECOND FLOP *** [7h 7d 2d]
*** SECOND TURN *** [7h 7d 2d] [Jh]
*** SECOND RIVER *** [7h 7d 2d Jh] [4d]
*** THIRD FLOP *** [3d Ts 6c]
*** THIRD TURN *** [3d Ts 6c] [9d]
*** THIRD RIVER *** [3d Ts 6c 9d] [8s]
*** FIRST SHOWDOWN ***
34ba61e2 collected $6.36 from pot
*** SECOND SHOWDOWN ***
5debdc69 collected $6.35 from pot
*** THIRD SHOWDOWN ***
34ba61e2 collected $6.35 from pot
*** SUMMARY ***
Total pot $20.15 | Rake $0.99 | Jackpot $0.1 | Bingo $0 | Fortune $0 | Tax $0
Hand was run three times
FIRST Board [3c As 6s 6d Kd]
SECOND Board [7h 7d 2d Jh 4d]
THIRD Board [3d Ts 6c 9d 8s]
Seat 1: 580e37b5 folded before Flop (didn't bet)
Seat 2: 34ba61e2 showed [Qd Qc] and won ($6.36) with Pair of Queens and Pair of Sixes, and lost with Pair of Queens and Pair of Sevens, and won ($6.35) with Pair of Queens
Seat 3: 5debdc69 showed [Jd Js] and lost with Pair of Jacks and Pair of Sixes, and won ($6.35) with Jacks Full over Sevens, and lost with Pair of Jacks
Seat 4: 83f7454d (button) folded before Flop (didn't bet)
Seat 5: e659ea7e (small blind) folded before Flop
Seat 6: Hero (big blind) folded before Flop


Poker Hand #HD1834128769: Hold'em No Limit ($0.05/$0.1) - 2024/06/27 22:30:33
Table 'NLHRed42' 6-max Seat #3 is the button
Seat 1: 580e37b5 ($16.27 in chips)
Seat 2: 34ba61e2 ($10 in chips)
Seat 3: 5debdc69 ($12.04 in chips)
Seat 4: 83f7454d ($10 in chips)
Seat 5: e659ea7e ($13.49 in chips)
Seat 6: Hero ($10 in chips)
83f7454d: posts small blind $0.05
e659ea7e: posts big blind $0.1
*** HOLE CARDS ***
Dealt to 580e37b5 
Dealt to 34ba61e2 
Dealt to 5debdc69 
Dealt to 83f7454d 
Dealt to e659ea7e 
Dealt to Hero [7s Kd]
Hero: folds
580e37b5: raises $0.2 to $0.3
34ba61e2: folds
5debdc69: folds
83f7454d: folds
e659ea7e: calls $0.2
*** FLOP *** [Jh 6d 5h]
e659ea7e: checks
580e37b5: bets $0.3
e659ea7e: folds
Uncalled bet ($0.3) returned to 580e37b5
*** SHOWDOWN ***
580e37b5 collected $0.62 from pot
*** SUMMARY ***
Total pot $0.65 | Rake $0.03 | Jackpot $0 | Bingo $0 | Fortune $0 | Tax $0
Board [Jh 6d 5h]
Seat 1: 580e37b5 won ($0.62)
Seat 2: 34ba61e2 folded before Flop (didn't bet)
Seat 3: 5debdc69 (button) folded before Flop (didn't bet)
Seat 4: 83f7454d (small blind) folded before Flop
Seat 5: e659ea7e (big blind) folded on the Flop
Seat 6: Hero folded before Flop (didn't bet)


Poker Hand #HD1834128450: Hold'em No Limit ($0.05/$0.1) - 2024/06/27 22:28:21
Table 'NLHRed42' 6-max Seat #2 is the button
Seat 1: 580e37b5 ($10.85 in chips)
Seat 2: 34ba61e2 ($10 in chips)
Seat 3: 5debdc69 ($15.21 in chips)
Seat 4: 83f7454d ($10 in chips)
Seat 5: e659ea7e ($14.84 in chips)
Seat 6: Hero ($10 in chips)
5debdc69: posts small blind $0.05
83f7454d: posts big blind $0.1
*** HOLE CARDS ***
Dealt to 580e37b5 
Dealt to 34ba61e2 
Dealt to 5debdc69 
Dealt to 83f7454d 
Dealt to e659ea7e 
Dealt to Hero [8d Kd]
e659ea7e: raises $0.2 to $0.3
Hero: folds
580e37b5: calls $0.3
34ba61e2: raises $1.05 to $1.35
5debdc69: calls $1.3
83f7454d: folds
e659ea7e: calls $1.05
580e37b5: calls $1.05
*** FLOP *** [Qc 7c Qd]
5debdc69: checks
e659ea7e: checks
580e37b5: bets $1.82
34ba61e2: folds
5debdc69: calls $1.82
e659ea7e: folds
*** TURN *** [Qc 7c Qd] [4h]
5debdc69: checks
580e37b5: bets $3.02
5debdc69: folds
Uncalled bet ($3.02) returned to 580e37b5
580e37b5: shows [9s 8s] (Pair of Queens)
*** SHOWDOWN ***
580e37b5 collected $8.59 from pot
*** SUMMARY ***
Total pot $9.14 | Rake $0.45 | Jackpot $0.1 | Bingo $0 | Fortune $0 | Tax $0
Board [Qc 7c Qd 4h]
Seat 1: 580e37b5 showed [9s 8s] and won ($8.59)
Seat 2: 34ba61e2 (button) folded on the Flop
Seat 3: 5debdc69 (small blind) folded on the Turn
Seat 4: 83f7454d (big blind) folded before Flop
Seat 5: e659ea7e folded on the Flop
Seat 6: Hero folded before Flop (didn't bet)


Poker Hand #HD1834128296: Hold'em No Limit ($0.05/$0.1) - 2024/06/27 22:27:14
Table 'NLHRed42' 6-max Seat #1 is the button
Seat 1: 580e37b5 ($10.85 in chips)
Seat 2: 34ba61e2 ($10.89 in chips)
Seat 3: 5debdc69 ($14.31 in chips)
Seat 4: 83f7454d ($10 in chips)
Seat 5: e659ea7e ($14.84 in chips)
Seat 6: Hero ($10 in chips)
34ba61e2: posts small blind $0.05
5debdc69: posts big blind $0.1
*** HOLE CARDS ***
Dealt to 580e37b5 
Dealt to 34ba61e2 
Dealt to 5debdc69 
Dealt to 83f7454d 
Dealt to e659ea7e 
Dealt to Hero [3s Kh]
83f7454d: folds
e659ea7e: folds
Hero: folds
580e37b5: folds
34ba61e2: raises $0.2 to $0.3
5debdc69: calls $0.2
*** FLOP *** [8d 4s 4c]
34ba61e2: bets $0.2
5debdc69: calls $0.2
*** TURN *** [8d 4s 4c] [7d]
34ba61e2: bets $0.5
5debdc69: calls $0.5
*** RIVER *** [8d 4s 4c 7d] [3h]
34ba61e2: checks
5debdc69: checks
34ba61e2: shows [Qh Jh] (Pair of Fours)
5debdc69: shows [8c Jd] (Pair of Eights and Pair of Fours)
*** SHOWDOWN ***
5debdc69 collected $1.9 from pot
*** SUMMARY ***
Total pot $2 | Rake $0.1 | Jackpot $0 | Bingo $0 | Fortune $0 | Tax $0
Board [8d 4s 4c 7d 3h]
Seat 1: 580e37b5 (button) folded before Flop (didn't bet)
Seat 2: 34ba61e2 (small blind) showed [Qh Jh] and lost with Pair of Fours
Seat 3: 5debdc69 (big blind) showed [8c Jd] and won ($1.9) with Pair of Eights and Pair of Fours
Seat 4: 83f7454d folded before Flop (didn't bet)
Seat 5: e659ea7e folded before Flop (didn't bet)
Seat 6: Hero folded before Flop (didn't bet)


Poker Hand #HD1834128228: Hold'em No Limit ($0.05/$0.1) - 2024/06/27 22:26:43
Table 'NLHRed42' 6-max Seat #6 is the button
Seat 1: 580e37b5 ($10.9 in chips)
Seat 2: 34ba61e2 ($10.62 in chips)
Seat 3: 5debdc69 ($14.31 in chips)
Seat 4: 83f7454d ($10 in chips)
Seat 5: e659ea7e ($14.84 in chips)
Seat 6: Hero ($10.22 in chips)
580e37b5: posts small blind $0.05
34ba61e2: posts big blind $0.1
*** HOLE CARDS ***
Dealt to 580e37b5 
Dealt to 34ba61e2 
Dealt to 5debdc69 
Dealt to 83f7454d 
Dealt to e659ea7e 
Dealt to Hero [4h Ac]
5debdc69: folds
83f7454d: folds
e659ea7e: folds
Hero: raises $0.14 to $0.24
580e37b5: folds
34ba61e2: raises $0.96 to $1.2
Hero: folds
Uncalled bet ($0.96) returned to 34ba61e2
*** SHOWDOWN ***
34ba61e2 collected $0.51 from pot
*** SUMMARY ***
Total pot $0.53 | Rake $0.02 | Jackpot $0 | Bingo $0 | Fortune $0 | Tax $0
Seat 1: 580e37b5 (small blind) folded before Flop
Seat 2: 34ba61e2 (big blind) collected ($0.51)
Seat 3: 5debdc69 folded before Flop (didn't bet)
Seat 4: 83f7454d folded before Flop (didn't bet)
Seat 5: e659ea7e folded before Flop (didn't bet)
Seat 6: Hero (button) folded before Flop


Poker Hand #HD1834128134: Hold'em No Limit ($0.05/$0.1) - 2024/06/27 22:26:04
Table 'NLHRed42' 6-max Seat #5 is the button
Seat 1: 580e37b5 ($11 in chips)
Seat 2: 34ba61e2 ($10.62 in chips)
Seat 3: 5debdc69 ($14.17 in chips)
Seat 4: 83f7454d ($10 in chips)
Seat 5: e659ea7e ($14.84 in chips)
Seat 6: Hero ($10.27 in chips)
Hero: posts small blind $0.05
580e37b5: posts big blind $0.1
*** HOLE CARDS ***
Dealt to 580e37b5 
Dealt to 34ba61e2 
Dealt to 5debdc69 
Dealt to 83f7454d 
Dealt to e659ea7e 
Dealt to Hero [5c 8s]
34ba61e2: folds
5debdc69: calls $0.1
83f7454d: folds
e659ea7e: folds
Hero: folds
580e37b5: checks
*** FLOP *** [6s 9s 9c]
580e37b5: checks
5debdc69: bets $0.13
580e37b5: folds
Uncalled bet ($0.13) returned to 5debdc69
*** SHOWDOWN ***
5debdc69 collected $0.24 from pot
*** SUMMARY ***
Total pot $0.25 | Rake $0.01 | Jackpot $0 | Bingo $0 | Fortune $0 | Tax $0
Board [6s 9s 9c]
Seat 1: 580e37b5 (big blind) folded on the Flop
Seat 2: 34ba61e2 folded before Flop (didn't bet)
Seat 3: 5debdc69 won ($0.24)
Seat 4: 83f7454d folded before Flop (didn't bet)
Seat 5: e659ea7e (button) folded before Flop (didn't bet)
Seat 6: Hero (small blind) folded before Flop


Poker Hand #HD1834128009: Hold'em No Limit ($0.05/$0.1) - 2024/06/27 22:25:11
Table 'NLHRed42' 6-max Seat #4 is the button
Seat 1: 580e37b5 ($11 in chips)
Seat 2: 34ba61e2 ($10.62 in chips)
Seat 3: 5debdc69 ($14.17 in chips)
Seat 4: 83f7454d ($10 in chips)
Seat 5: e659ea7e ($15.14 in chips)
Seat 6: Hero ($10 in chips)
e659ea7e: posts small blind $0.05
Hero: posts big blind $0.1
*** HOLE CARDS ***
Dealt to 580e37b5 
Dealt to 34ba61e2 
Dealt to 5debdc69 
Dealt to 83f7454d 
Dealt to e659ea7e 
Dealt to Hero [Tc Jh]
580e37b5: folds
34ba61e2: folds
5debdc69: folds
83f7454d: folds
e659ea7e: raises $0.2 to $0.3
Hero: calls $0.2
*** FLOP *** [Ah 5s 8h]
e659ea7e: checks
Hero: checks
*** TURN *** [Ah 5s 8h] [Th]
e659ea7e: checks
Hero: bets $0.3
e659ea7e: folds
Uncalled bet ($0.3) returned to Hero
*** SHOWDOWN ***
Hero collected $0.57 from pot
*** SUMMARY ***
Total pot $0.6 | Rake $0.03 | Jackpot $0 | Bingo $0 | Fortune $0 | Tax $0
Board [Ah 5s 8h Th]
Seat 1: 580e37b5 folded before Flop (didn't bet)
Seat 2: 34ba61e2 folded before Flop (didn't bet)
Seat 3: 5debdc69 folded before Flop (didn't bet)
Seat 4: 83f7454d (button) folded before Flop (didn't bet)
Seat 5: e659ea7e (small blind) folded on the Turn
Seat 6: Hero (big blind) won ($0.57)


Poker Hand #HD1834127806: Hold'em No Limit ($0.05/$0.1) - 2024/06/27 22:23:33
Table 'NLHRed42' 6-max Seat #3 is the button
Seat 1: 580e37b5 ($11 in chips)
Seat 2: 34ba61e2 ($10.62 in chips)
Seat 3: 5debdc69 ($19.37 in chips)
Seat 4: 83f7454d ($10 in chips)
Seat 5: e659ea7e ($10.5 in chips)
Seat 6: Hero ($10 in chips)
83f7454d: posts small blind $0.05
e659ea7e: posts big blind $0.1
*** HOLE CARDS ***
Dealt to 580e37b5 
Dealt to 34ba61e2 
Dealt to 5debdc69 
Dealt to 83f7454d 
Dealt to e659ea7e 
Dealt to Hero [3h 3s]
Hero: folds
580e37b5: folds
34ba61e2: folds
5debdc69: calls $0.1
83f7454d: folds
e659ea7e: raises $0.25 to $0.35
5debdc69: calls $0.25
*** FLOP *** [2s 6h Qc]
e659ea7e: checks
5debdc69: checks
*** TURN *** [2s 6h Qc] [Ac]
e659ea7e: checks
5debdc69: bets $0.25
e659ea7e: calls $0.25
*** RIVER *** [2s 6h Qc Ac] [6c]
e659ea7e: checks
5debdc69: bets $0.63
e659ea7e: raises $1.89 to $2.52
5debdc69: raises $2.08 to $4.6
e659ea7e: calls $2.08
5debdc69: shows [6d Jd] (Three Sixes)
e659ea7e: shows [Tc 8c] (Ace High Flush)
*** SHOWDOWN ***
e659ea7e collected $9.84 from pot
*** SUMMARY ***
Total pot $10.45 | Rake $0.51 | Jackpot $0.1 | Bingo $0 | Fortune $0 | Tax $0
Board [2s 6h Qc Ac 6c]
Seat 1: 580e37b5 folded before Flop (didn't bet)
Seat 2: 34ba61e2 folded before Flop (didn't bet)
Seat 3: 5debdc69 (button) showed [6d Jd] and lost with Three Sixes
Seat 4: 83f7454d (small blind) folded before Flop
Seat 5: e659ea7e (big blind) showed [Tc 8c] and won ($9.84) with Ace High Flush
Seat 6: Hero folded before Flop (didn't bet)


Poker Hand #HD1834127653: Hold'em No Limit ($0.05/$0.1) - 2024/06/27 22:22:27
Table 'NLHRed42' 6-max Seat #2 is the button
Seat 1: 580e37b5 ($11 in chips)
Seat 2: 34ba61e2 ($10.62 in chips)
Seat 3: 5debdc69 ($16.85 in chips)
Seat 4: 83f7454d ($10 in chips)
Seat 5: e659ea7e ($10.5 in chips)
Seat 6: Hero ($11.52 in chips)
5debdc69: posts small blind $0.05
83f7454d: posts big blind $0.1
*** HOLE CARDS ***
Dealt to 580e37b5 
Dealt to 34ba61e2 
Dealt to 5debdc69 
Dealt to 83f7454d 
Dealt to e659ea7e 
Dealt to Hero [As Jc]
e659ea7e: folds
Hero: raises $0.1 to $0.2
580e37b5: folds
34ba61e2: folds
5debdc69: calls $0.15
83f7454d: folds
*** FLOP *** [Jd 4s 2d]
5debdc69: bets $0.17
Hero: raises $0.43 to $0.6
5debdc69: calls $0.43
*** TURN *** [Jd 4s 2d] [8s]
5debdc69: bets $0.57
Hero: calls $0.57
*** RIVER *** [Jd 4s 2d 8s] [4d]
5debdc69: bets $1.42
Hero: calls $1.42
5debdc69: shows [Js 8c] (Pair of Jacks and Pair of Eights)
Hero: shows [As Jc] (Pair of Jacks and Pair of Fours)
*** SHOWDOWN ***
5debdc69 collected $5.31 from pot
*** SUMMARY ***
Total pot $5.68 | Rake $0.27 | Jackpot $0.1 | Bingo $0 | Fortune $0 | Tax $0
Board [Jd 4s 2d 8s 4d]
Seat 1: 580e37b5 folded before Flop (didn't bet)
Seat 2: 34ba61e2 (button) folded before Flop (didn't bet)
Seat 3: 5debdc69 (small blind) showed [Js 8c] and won ($5.31) with Pair of Jacks and Pair of Eights
Seat 4: 83f7454d (big blind) folded before Flop
Seat 5: e659ea7e folded before Flop (didn't bet)
Seat 6: Hero showed [As Jc] and lost with Pair of Jacks and Pair of Fours


Poker Hand #HD1834127501: Hold'em No Limit ($0.05/$0.1) - 2024/06/27 22:21:20
Table 'NLHRed42' 6-max Seat #1 is the button
Seat 1: 580e37b5 ($11 in chips)
Seat 2: 34ba61e2 ($10.67 in chips)
Seat 3: 5debdc69 ($18.59 in chips)
Seat 4: 83f7454d ($10 in chips)
Seat 5: e659ea7e ($10.5 in chips)
Seat 6: Hero ($10 in chips)
34ba61e2: posts small blind $0.05
5debdc69: posts big blind $0.1
*** HOLE CARDS ***
Dealt to 580e37b5 
Dealt to 34ba61e2 
Dealt to 5debdc69 
Dealt to 83f7454d 
Dealt to e659ea7e 
Dealt to Hero [Tc Th]
83f7454d: folds
e659ea7e: folds
Hero: raises $0.14 to $0.24
580e37b5: folds
34ba61e2: folds
5debdc69: calls $0.14
*** FLOP *** [Kc Qh As]
5debdc69: checks
Hero: bets $0.3
5debdc69: calls $0.3
*** TURN *** [Kc Qh As] [Ts]
5debdc69: checks
Hero: checks
*** RIVER *** [Kc Qh As Ts] [Ad]
5debdc69: bets $0.38
Hero: raises $0.82 to $1.2
5debdc69: calls $0.82
Hero: shows [Tc Th] (Tens Full over Aces)
5debdc69: shows [4d Kd] (Pair of Aces and Pair of Kings)
*** SHOWDOWN ***
Hero collected $3.26 from pot
*** SUMMARY ***
Total pot $3.53 | Rake $0.17 | Jackpot $0.1 | Bingo $0 | Fortune $0 | Tax $0
Board [Kc Qh As Ts Ad]
Seat 1: 580e37b5 (button) folded before Flop (didn't bet)
Seat 2: 34ba61e2 (small blind) folded before Flop
Seat 3: 5debdc69 (big blind) showed [4d Kd] and lost with Pair of Aces and Pair of Kings
Seat 4: 83f7454d folded before Flop (didn't bet)
Seat 5: e659ea7e folded before Flop (didn't bet)
Seat 6: Hero showed [Tc Th] and won ($3.26) with Tens Full over Aces


Poker Hand #HD1834127399: Hold'em No Limit ($0.05/$0.1) - 2024/06/27 22:20:35
Table 'NLHRed42' 6-max Seat #6 is the button
Seat 1: 580e37b5 ($11.05 in chips)
Seat 2: 34ba61e2 ($10.87 in chips)
Seat 3: 5debdc69 ($18.36 in chips)
Seat 4: 83f7454d ($10 in chips)
Seat 5: e659ea7e ($10.5 in chips)
Seat 6: Hero ($10 in chips)
580e37b5: posts small blind $0.05
34ba61e2: posts big blind $0.1
*** HOLE CARDS ***
Dealt to 580e37b5 
Dealt to 34ba61e2 
Dealt to 5debdc69 
Dealt to 83f7454d 
Dealt to e659ea7e 
Dealt to Hero [8c 3h]
5debdc69: calls $0.1
83f7454d: folds
e659ea7e: folds
Hero: folds
580e37b5: folds
34ba61e2: checks
*** FLOP *** [6c Ts 2h]
34ba61e2: checks
5debdc69: checks
*** TURN *** [6c Ts 2h] [Qd]
34ba61e2: bets $0.1
5debdc69: calls $0.1
*** RIVER *** [6c Ts 2h Qd] [7s]
34ba61e2: checks
5debdc69: bets $0.15
34ba61e2: folds
Uncalled bet ($0.15) returned to 5debdc69
*** SHOWDOWN ***
5debdc69 collected $0.43 from pot
*** SUMMARY ***
Total pot $0.45 | Rake $0.02 | Jackpot $0 | Bingo $0 | Fortune $0 | Tax $0
Board [6c Ts 2h Qd 7s]
Seat 1: 580e37b5 (small blind) folded before Flop
Seat 2: 34ba61e2 (big blind) folded on the River
Seat 3: 5debdc69 won ($0.43)
Seat 4: 83f7454d folded before Flop (didn't bet)
Seat 5: e659ea7e folded before Flop (didn't bet)
Seat 6: Hero (button) folded before Flop (didn't bet)


Poker Hand #HD1834127365: Hold'em No Limit ($0.05/$0.1) - 2024/06/27 22:20:20
Table 'NLHRed42' 6-max Seat #5 is the button
Seat 1: 580e37b5 ($11 in chips)
Seat 2: 34ba61e2 ($10.87 in chips)
Seat 3: 5debdc69 ($18.36 in chips)
Seat 4: 83f7454d ($10 in chips)
Seat 5: e659ea7e ($10.5 in chips)
Seat 6: Hero ($10 in chips)
Hero: posts small blind $0.05
580e37b5: posts big blind $0.1
*** HOLE CARDS ***
Dealt to 580e37b5 
Dealt to 34ba61e2 
Dealt to 5debdc69 
Dealt to 83f7454d 
Dealt to e659ea7e 
Dealt to Hero [Jh 2d]
34ba61e2: folds
5debdc69: folds
83f7454d: folds
e659ea7e: folds
Hero: folds
Uncalled bet ($0.05) returned to 580e37b5
*** SHOWDOWN ***
580e37b5 collected $0.1 from pot
*** SUMMARY ***
Total pot $0.1 | Rake $0 | Jackpot $0 | Bingo $0 | Fortune $0 | Tax $0
Seat 1: 580e37b5 (big blind) collected ($0.1)
Seat 2: 34ba61e2 folded before Flop (didn't bet)
Seat 3: 5debdc69 folded before Flop (didn't bet)
Seat 4: 83f7454d folded before Flop (didn't bet)
Seat 5: e659ea7e (button) folded before Flop (didn't bet)
Seat 6: Hero (small blind) folded before Flop


Poker Hand #HD1834127216: Hold'em No Limit ($0.05/$0.1) - 2024/06/27 22:19:14
Table 'NLHRed42' 6-max Seat #4 is the button
Seat 1: 580e37b5 ($11 in chips)
Seat 2: 34ba61e2 ($10.09 in chips)
Seat 3: 5debdc69 ($19.06 in chips)
Seat 4: 83f7454d ($10 in chips)
Seat 5: e659ea7e ($10.55 in chips)
Seat 6: Hero ($10 in chips)
e659ea7e: posts small blind $0.05
Hero: posts big blind $0.1
*** HOLE CARDS ***
Dealt to 580e37b5 
Dealt to 34ba61e2 
Dealt to 5debdc69 
Dealt to 83f7454d 
Dealt to e659ea7e 
Dealt to Hero [6c 3d]
580e37b5: folds
34ba61e2: raises $0.1 to $0.2
5debdc69: raises $0.19 to $0.39
83f7454d: folds
e659ea7e: folds
Hero: folds
34ba61e2: calls $0.19
*** FLOP *** [Qh Kc 3s]
34ba61e2: checks
5debdc69: bets $0.31
34ba61e2: calls $0.31
*** TURN *** [Qh Kc 3s] [6s]
34ba61e2: checks
5debdc69: checks
*** RIVER *** [Qh Kc 3s 6s] [2s]
34ba61e2: bets $1.55
5debdc69: folds
Uncalled bet ($1.55) returned to 34ba61e2
*** SHOWDOWN ***
34ba61e2 collected $1.48 from pot
*** SUMMARY ***
Total pot $1.55 | Rake $0.07 | Jackpot $0 | Bingo $0 | Fortune $0 | Tax $0
Board [Qh Kc 3s 6s 2s]
Seat 1: 580e37b5 folded before Flop (didn't bet)
Seat 2: 34ba61e2 won ($1.48)
Seat 3: 5debdc69 folded on the River
Seat 4: 83f7454d (button) folded before Flop (didn't bet)
Seat 5: e659ea7e (small blind) folded before Flop
Seat 6: Hero (big blind) folded before Flop


Poker Hand #HD1834127096: Hold'em No Limit ($0.05/$0.1) - 2024/06/27 22:18:26
Table 'NLHRed42' 6-max Seat #3 is the button
Seat 1: 580e37b5 ($11 in chips)
Seat 2: 34ba61e2 ($10.09 in chips)
Seat 3: 5debdc69 ($19.51 in chips)
Seat 4: 83f7454d ($10 in chips)
Seat 5: e659ea7e ($10.09 in chips)
Seat 6: Hero ($10 in chips)
83f7454d: posts small blind $0.05
e659ea7e: posts big blind $0.1
*** HOLE CARDS ***
Dealt to 580e37b5 
Dealt to 34ba61e2 
Dealt to 5debdc69 
Dealt to 83f7454d 
Dealt to e659ea7e 
Dealt to Hero [6d 9s]
Hero: folds
580e37b5: folds
34ba61e2: folds
5debdc69: calls $0.1
83f7454d: folds
e659ea7e: raises $0.35 to $0.45
5debdc69: calls $0.35
*** FLOP *** [6s 4d 2d]
e659ea7e: bets $0.32
5debdc69: folds
Uncalled bet ($0.32) returned to e659ea7e
*** SHOWDOWN ***
e659ea7e collected $0.91 from pot
*** SUMMARY ***
Total pot $0.95 | Rake $0.04 | Jackpot $0 | Bingo $0 | Fortune $0 | Tax $0
Board [6s 4d 2d]
Seat 1: 580e37b5 folded before Flop (didn't bet)
Seat 2: 34ba61e2 folded before Flop (didn't bet)
Seat 3: 5debdc69 (button) folded on the Flop
Seat 4: 83f7454d (small blind) folded before Flop
Seat 5: e659ea7e (big blind) won ($0.91)
Seat 6: Hero folded before Flop (didn't bet)


Poker Hand #HD1834127064: Hold'em No Limit ($0.05/$0.1) - 2024/06/27 22:18:10
Table 'NLHRed42' 6-max Seat #2 is the button
Seat 1: 580e37b5 ($11 in chips)
Seat 2: 34ba61e2 ($10.09 in chips)
Seat 3: 5debdc69 ($19.56 in chips)
Seat 4: 83f7454d ($10.1 in chips)
Seat 5: e659ea7e ($9.94 in chips)
Seat 6: Hero ($10 in chips)
5debdc69: posts small blind $0.05
83f7454d: posts big blind $0.1
*** HOLE CARDS ***
Dealt to 580e37b5 
Dealt to 34ba61e2 
Dealt to 5debdc69 
Dealt to 83f7454d 
Dealt to e659ea7e 
Dealt to Hero [Js 6h]
e659ea7e: raises $0.2 to $0.3
Hero: folds
580e37b5: folds
34ba61e2: folds
5debdc69: folds
83f7454d: folds
Uncalled bet ($0.2) returned to e659ea7e
*** SHOWDOWN ***
e659ea7e collected $0.25 from pot
*** SUMMARY ***
Total pot $0.25 | Rake $0 | Jackpot $0 | Bingo $0 | Fortune $0 | Tax $0
Seat 1: 580e37b5 folded before Flop (didn't bet)
Seat 2: 34ba61e2 (button) folded before Flop (didn't bet)
Seat 3: 5debdc69 (small blind) folded before Flop
Seat 4: 83f7454d (big blind) folded before Flop
Seat 5: e659ea7e collected ($0.25)
Seat 6: Hero folded before Flop (didn't bet)


Poker Hand #HD1834126965: Hold'em No Limit ($0.05/$0.1) - 2024/06/27 22:17:30
Table 'NLHRed42' 6-max Seat #1 is the button
Seat 1: 580e37b5 ($11 in chips)
Seat 2: 34ba61e2 ($10.14 in chips)
Seat 3: 5debdc69 ($19.05 in chips)
Seat 4: 83f7454d ($10.1 in chips)
Seat 5: e659ea7e ($9.94 in chips)
Seat 6: Hero ($10.33 in chips)
34ba61e2: posts small blind $0.05
5debdc69: posts big blind $0.1
*** HOLE CARDS ***
Dealt to 580e37b5 
Dealt to 34ba61e2 
Dealt to 5debdc69 
Dealt to 83f7454d 
Dealt to e659ea7e 
Dealt to Hero [8d 7d]
83f7454d: folds
e659ea7e: folds
Hero: raises $0.14 to $0.24
580e37b5: folds
34ba61e2: folds
5debdc69: calls $0.14
*** FLOP *** [Qs 8s Js]
5debdc69: checks
Hero: checks
*** TURN *** [Qs 8s Js] [Jc]
5debdc69: bets $0.27
Hero: calls $0.27
*** RIVER *** [Qs 8s Js Jc] [As]
5debdc69: bets $1.07
Hero: folds
Uncalled bet ($1.07) returned to 5debdc69
5debdc69: shows [Ts] (Ace High Flush)
*** SHOWDOWN ***
5debdc69 collected $1.02 from pot
*** SUMMARY ***
Total pot $1.07 | Rake $0.05 | Jackpot $0 | Bingo $0 | Fortune $0 | Tax $0
Board [Qs 8s Js Jc As]
Seat 1: 580e37b5 (button) folded before Flop (didn't bet)
Seat 2: 34ba61e2 (small blind) folded before Flop
Seat 3: 5debdc69 (big blind) showed [Ts] and won ($1.02)
Seat 4: 83f7454d folded before Flop (didn't bet)
Seat 5: e659ea7e folded before Flop (didn't bet)
Seat 6: Hero folded on the River


Poker Hand #HD1834126876: Hold'em No Limit ($0.05/$0.1) - 2024/06/27 22:16:48
Table 'NLHRed42' 6-max Seat #6 is the button
Seat 1: 580e37b5 ($11.05 in chips)
Seat 2: 34ba61e2 ($10 in chips)
Seat 3: 5debdc69 ($19.15 in chips)
Seat 4: 83f7454d ($10.1 in chips)
Seat 5: e659ea7e ($9.94 in chips)
Seat 6: Hero ($10.33 in chips)
580e37b5: posts small blind $0.05
34ba61e2: posts big blind $0.1
*** HOLE CARDS ***
Dealt to 580e37b5 
Dealt to 34ba61e2 
Dealt to 5debdc69 
Dealt to 83f7454d 
Dealt to e659ea7e 
Dealt to Hero [Td 5s]
5debdc69: calls $0.1
83f7454d: folds
e659ea7e: folds
Hero: folds
580e37b5: folds
34ba61e2: checks
*** FLOP *** [4s 4c 5c]
34ba61e2: checks
5debdc69: checks
*** TURN *** [4s 4c 5c] [Jd]
34ba61e2: bets $0.25
5debdc69: folds
Uncalled bet ($0.25) returned to 34ba61e2
*** SHOWDOWN ***
34ba61e2 collected $0.24 from pot
*** SUMMARY ***
Total pot $0.25 | Rake $0.01 | Jackpot $0 | Bingo $0 | Fortune $0 | Tax $0
Board [4s 4c 5c Jd]
Seat 1: 580e37b5 (small blind) folded before Flop
Seat 2: 34ba61e2 (big blind) won ($0.24)
Seat 3: 5debdc69 folded on the Turn
Seat 4: 83f7454d folded before Flop (didn't bet)
Seat 5: e659ea7e folded before Flop (didn't bet)
Seat 6: Hero (button) folded before Flop (didn't bet)


Poker Hand #HD1834126815: Hold'em No Limit ($0.05/$0.1) - 2024/06/27 22:16:24
Table 'NLHRed42' 6-max Seat #5 is the button
Seat 1: 580e37b5 ($11.15 in chips)
Seat 3: 5debdc69 ($19.25 in chips)
Seat 4: 83f7454d ($10.1 in chips)
Seat 5: e659ea7e ($9.7 in chips)
Seat 6: Hero ($10.38 in chips)
Hero: posts small blind $0.05
580e37b5: posts big blind $0.1
*** HOLE CARDS ***
Dealt to 580e37b5 
Dealt to 5debdc69 
Dealt to 83f7454d 
Dealt to e659ea7e 
Dealt to Hero [7c 6c]
5debdc69: calls $0.1
83f7454d: folds
e659ea7e: raises $0.35 to $0.45
Hero: folds
580e37b5: folds
5debdc69: folds
Uncalled bet ($0.35) returned to e659ea7e
*** SHOWDOWN ***
e659ea7e collected $0.34 from pot
*** SUMMARY ***
Total pot $0.35 | Rake $0.01 | Jackpot $0 | Bingo $0 | Fortune $0 | Tax $0
Seat 1: 580e37b5 (big blind) folded before Flop
Seat 3: 5debdc69 folded before Flop
Seat 4: 83f7454d folded before Flop (didn't bet)
Seat 5: e659ea7e (button) collected ($0.34)
Seat 6: Hero (small blind) folded before Flop


Poker Hand #HD1834126749: Hold'em No Limit ($0.05/$0.1) - 2024/06/27 22:15:56
Table 'NLHRed42' 6-max Seat #4 is the button
Seat 1: 580e37b5 ($11.4 in chips)
Seat 3: 5debdc69 ($19.55 in chips)
Seat 4: 83f7454d ($10.1 in chips)
Seat 5: e659ea7e ($9.09 in chips)
Seat 6: Hero ($10.48 in chips)
e659ea7e: posts small blind $0.05
Hero: posts big blind $0.1
5debdc69: posts missed blind $0.05
*** HOLE CARDS ***
Dealt to 580e37b5 
Dealt to 5debdc69 
Dealt to 83f7454d 
Dealt to e659ea7e 
Dealt to Hero [Qs 4c]
580e37b5: raises $0.15 to $0.25
5debdc69: calls $0.25
83f7454d: folds
e659ea7e: raises $1.05 to $1.3
Hero: folds
580e37b5: folds
5debdc69: folds
Uncalled bet ($1.05) returned to e659ea7e
*** SHOWDOWN ***
e659ea7e collected $0.86 from pot
*** SUMMARY ***
Total pot $0.9 | Rake $0.04 | Jackpot $0 | Bingo $0 | Fortune $0 | Tax $0
Seat 1: 580e37b5 folded before Flop
Seat 3: 5debdc69 folded before Flop
Seat 4: 83f7454d (button) folded before Flop (didn't bet)
Seat 5: e659ea7e (small blind) collected ($0.86)
Seat 6: Hero (big blind) folded before Flop


Poker Hand #HD1834126718: Hold'em No Limit ($0.05/$0.1) - 2024/06/27 22:15:41
Table 'NLHRed42' 6-max Seat #1 is the button
Seat 1: 580e37b5 ($11.4 in chips)
Seat 4: 83f7454d ($10.15 in chips)
Seat 5: e659ea7e ($9.19 in chips)
Seat 6: Hero ($10.33 in chips)
83f7454d: posts small blind $0.05
e659ea7e: posts big blind $0.1
*** HOLE CARDS ***
Dealt to 580e37b5 
Dealt to 83f7454d 
Dealt to e659ea7e 
Dealt to Hero [Tc Ts]
Hero: raises $0.1 to $0.2
580e37b5: folds
83f7454d: folds
e659ea7e: folds
Uncalled bet ($0.1) returned to Hero
*** SHOWDOWN ***
Hero collected $0.25 from pot
*** SUMMARY ***
Total pot $0.25 | Rake $0 | Jackpot $0 | Bingo $0 | Fortune $0 | Tax $0
Seat 1: 580e37b5 (button) folded before Flop (didn't bet)
Seat 4: 83f7454d (small blind) folded before Flop
Seat 5: e659ea7e (big blind) folded before Flop
Seat 6: Hero collected ($0.25)


Poker Hand #HD1834126577: Hold'em No Limit ($0.05/$0.1) - 2024/06/27 22:14:47
Table 'NLHRed42' 6-max Seat #6 is the button
Seat 1: 580e37b5 ($11.45 in chips)
Seat 3: 5debdc69 ($19.65 in chips)
Seat 4: 83f7454d ($10.15 in chips)
Seat 5: e659ea7e ($9.39 in chips)
Seat 6: Hero ($10 in chips)
580e37b5: posts small blind $0.05
5debdc69: posts big blind $0.1
*** HOLE CARDS ***
Dealt to 580e37b5 
Dealt to 5debdc69 
Dealt to 83f7454d 
Dealt to e659ea7e 
Dealt to Hero [Ah Ks]
83f7454d: folds
e659ea7e: raises $0.1 to $0.2
Hero: raises $0.5 to $0.7
580e37b5: folds
5debdc69: folds
e659ea7e: folds
Uncalled bet ($0.5) returned to Hero
*** SHOWDOWN ***
Hero collected $0.53 from pot
*** SUMMARY ***
Total pot $0.55 | Rake $0.02 | Jackpot $0 | Bingo $0 | Fortune $0 | Tax $0
Seat 1: 580e37b5 (small blind) folded before Flop
Seat 3: 5debdc69 (big blind) folded before Flop
Seat 4: 83f7454d folded before Flop (didn't bet)
Seat 5: e659ea7e folded before Flop
Seat 6: Hero (button) collected ($0.53)


Poker Hand #HD1834126480: Hold'em No Limit ($0.05/$0.1) - 2024/06/27 22:14:00
Table 'NLHRed42' 6-max Seat #5 is the button
Seat 1: 580e37b5 ($11.55 in chips)
Seat 3: 5debdc69 ($19.75 in chips)
Seat 4: 83f7454d ($10.15 in chips)
Seat 5: e659ea7e ($9.15 in chips)
Seat 6: Hero ($10 in chips)
Hero: posts small blind $0.05
580e37b5: posts big blind $0.1
*** HOLE CARDS ***
Dealt to 580e37b5 
Dealt to 5debdc69 
Dealt to 83f7454d 
Dealt to e659ea7e 
Dealt to Hero [Td 9h]
5debdc69: calls $0.1
83f7454d: folds
e659ea7e: raises $0.45 to $0.55
Hero: folds
580e37b5: folds
5debdc69: folds
Uncalled bet ($0.45) returned to e659ea7e
*** SHOWDOWN ***
e659ea7e collected $0.34 from pot
*** SUMMARY ***
Total pot $0.35 | Rake $0.01 | Jackpot $0 | Bingo $0 | Fortune $0 | Tax $0
Seat 1: 580e37b5 (big blind) folded before Flop
Seat 3: 5debdc69 folded before Flop
Seat 4: 83f7454d folded before Flop (didn't bet)
Seat 5: e659ea7e (button) collected ($0.34)
Seat 6: Hero (small blind) folded before Flop


Poker Hand #HD1834126446: Hold'em No Limit ($0.05/$0.1) - 2024/06/27 22:13:44
Table 'NLHRed42' 6-max Seat #4 is the button
Seat 1: 580e37b5 ($11.55 in chips)
Seat 3: 5debdc69 ($19.75 in chips)
Seat 4: 83f7454d ($10 in chips)
Seat 5: e659ea7e ($9.2 in chips)
Seat 6: Hero ($10 in chips)
e659ea7e: posts small blind $0.05
Hero: posts big blind $0.1
*** HOLE CARDS ***
Dealt to 580e37b5 
Dealt to 5debdc69 
Dealt to 83f7454d 
Dealt to e659ea7e 
Dealt to Hero [5c Ts]
580e37b5: folds
5debdc69: folds
83f7454d: raises $0.2 to $0.3
e659ea7e: folds
Hero: folds
Uncalled bet ($0.2) returned to 83f7454d
*** SHOWDOWN ***
83f7454d collected $0.25 from pot
*** SUMMARY ***
Total pot $0.25 | Rake $0 | Jackpot $0 | Bingo $0 | Fortune $0 | Tax $0
Seat 1: 580e37b5 folded before Flop (didn't bet)
Seat 3: 5debdc69 folded before Flop (didn't bet)
Seat 4: 83f7454d (button) collected ($0.25)
Seat 5: e659ea7e (small blind) folded before Flop
Seat 6: Hero (big blind) folded before Flop


Poker Hand #HD1834126428: Hold'em No Limit ($0.05/$0.1) - 2024/06/27 22:13:36
Table 'NLHRed42' 6-max Seat #3 is the button
Seat 1: 580e37b5 ($11.55 in chips)
Seat 3: 5debdc69 ($19.75 in chips)
Seat 4: 83f7454d ($10 in chips)
Seat 5: e659ea7e ($9.15 in chips)
Seat 6: Hero ($10 in chips)
83f7454d: posts small blind $0.05
e659ea7e: posts big blind $0.1
*** HOLE CARDS ***
Dealt to 580e37b5 
Dealt to 5debdc69 
Dealt to 83f7454d 
Dealt to e659ea7e 
Dealt to Hero [8d 5s]
Hero: folds
580e37b5: folds
5debdc69: folds
83f7454d: folds
Uncalled bet ($0.05) returned to e659ea7e
*** SHOWDOWN ***
e659ea7e collected $0.1 from pot
*** SUMMARY ***
Total pot $0.1 | Rake $0 | Jackpot $0 | Bingo $0 | Fortune $0 | Tax $0
Seat 1: 580e37b5 folded before Flop (didn't bet)
Seat 3: 5debdc69 (button) folded before Flop (didn't bet)
Seat 4: 83f7454d (small blind) folded before Flop
Seat 5: e659ea7e (big blind) collected ($0.1)
Seat 6: Hero folded before Flop (didn't bet)


Poker Hand #HD1834126396: Hold'em No Limit ($0.05/$0.1) - 2024/06/27 22:13:18
Table 'NLHRed42' 6-max Seat #1 is the button
Seat 1: 580e37b5 ($11.4 in chips)
Seat 3: 5debdc69 ($19.8 in chips)
Seat 4: 83f7454d ($10 in chips)
Seat 5: e659ea7e ($9.15 in chips)
Seat 6: Hero ($10 in chips)
5debdc69: posts small blind $0.05
83f7454d: posts big blind $0.1
*** HOLE CARDS ***
Dealt to 580e37b5 
Dealt to 5debdc69 
Dealt to 83f7454d 
Dealt to e659ea7e 
Dealt to Hero [7h Js]
e659ea7e: folds
Hero: folds
580e37b5: raises $0.15 to $0.25
5debdc69: folds
83f7454d: folds
Uncalled bet ($0.15) returned to 580e37b5
*** SHOWDOWN ***
580e37b5 collected $0.25 from pot
*** SUMMARY ***
Total pot $0.25 | Rake $0 | Jackpot $0 | Bingo $0 | Fortune $0 | Tax $0
Seat 1: 580e37b5 (button) collected ($0.25)
Seat 3: 5debdc69 (small blind) folded before Flop
Seat 4: 83f7454d (big blind) folded before Flop
Seat 5: e659ea7e folded before Flop (didn't bet)
Seat 6: Hero folded before Flop (didn't bet)


Poker Hand #HD1834126359: Hold'em No Limit ($0.05/$0.1) - 2024/06/27 22:13:02
Table 'NLHRed42' 6-max Seat #6 is the button
Seat 1: 580e37b5 ($11.45 in chips)
Seat 3: 5debdc69 ($19.75 in chips)
Seat 4: 83f7454d ($10 in chips)
Seat 5: e659ea7e ($9.15 in chips)
Seat 6: Hero ($10 in chips)
580e37b5: posts small blind $0.05
5debdc69: posts big blind $0.1
*** HOLE CARDS ***
Dealt to 580e37b5 
Dealt to 5debdc69 
Dealt to 83f7454d 
Dealt to e659ea7e 
Dealt to Hero [6d 8d]
83f7454d: folds
e659ea7e: folds
Hero: folds
580e37b5: folds
Uncalled bet ($0.05) returned to 5debdc69
*** SHOWDOWN ***
5debdc69 collected $0.1 from pot
*** SUMMARY ***
Total pot $0.1 | Rake $0 | Jackpot $0 | Bingo $0 | Fortune $0 | Tax $0
Seat 1: 580e37b5 (small blind) folded before Flop
Seat 3: 5debdc69 (big blind) collected ($0.1)
Seat 4: 83f7454d folded before Flop (didn't bet)
Seat 5: e659ea7e folded before Flop (didn't bet)
Seat 6: Hero (button) folded before Flop (didn't bet)


Poker Hand #HD1834126166: Hold'em No Limit ($0.05/$0.1) - 2024/06/27 22:11:28
Table 'NLHRed42' 6-max Seat #5 is the button
Seat 1: 580e37b5 ($10.37 in chips)
Seat 2: 34ba61e2 ($10 in chips)
Seat 3: 5debdc69 ($19.75 in chips)
Seat 4: 83f7454d ($10 in chips)
Seat 5: e659ea7e ($9.15 in chips)
Seat 6: Hero ($10.5 in chips)
Hero: posts small blind $0.05
580e37b5: posts big blind $0.1
*** HOLE CARDS ***
Dealt to 580e37b5 
Dealt to 34ba61e2 
Dealt to 5debdc69 
Dealt to 83f7454d 
Dealt to e659ea7e 
Dealt to Hero [9c Ac]
34ba61e2: folds
5debdc69: folds
83f7454d: folds
e659ea7e: folds
Hero: raises $0.2 to $0.3
580e37b5: calls $0.2
*** FLOP *** [Tc 3s 7d]
Hero: checks
580e37b5: checks
*** TURN *** [Tc 3s 7d] [Jd]
Hero: bets $0.3
580e37b5: calls $0.3
*** RIVER *** [Tc 3s 7d Jd] [As]
Hero: bets $0.6
580e37b5: raises $1.2 to $1.8
Hero: folds
Uncalled bet ($1.2) returned to 580e37b5
*** SHOWDOWN ***
580e37b5 collected $2.28 from pot
*** SUMMARY ***
Total pot $2.4 | Rake $0.12 | Jackpot $0 | Bingo $0 | Fortune $0 | Tax $0
Board [Tc 3s 7d Jd As]
Seat 1: 580e37b5 (big blind) won ($2.28)
Seat 2: 34ba61e2 folded before Flop (didn't bet)
Seat 3: 5debdc69 folded before Flop (didn't bet)
Seat 4: 83f7454d folded before Flop (didn't bet)
Seat 5: e659ea7e (button) folded before Flop (didn't bet)
Seat 6: Hero (small blind) folded on the River


Poker Hand #HD1834126009: Hold'em No Limit ($0.05/$0.1) - 2024/06/27 22:10:17
Table 'NLHRed42' 6-max Seat #4 is the button
Seat 1: 580e37b5 ($10.84 in chips)
Seat 2: 34ba61e2 ($10.23 in chips)
Seat 3: 5debdc69 ($19.75 in chips)
Seat 4: 83f7454d ($10 in chips)
Seat 5: e659ea7e ($9.2 in chips)
Seat 6: Hero ($10.6 in chips)
e659ea7e: posts small blind $0.05
Hero: posts big blind $0.1
*** HOLE CARDS ***
Dealt to 580e37b5 
Dealt to 34ba61e2 
Dealt to 5debdc69 
Dealt to 83f7454d 
Dealt to e659ea7e 
Dealt to Hero [9s 7c]
580e37b5: raises $0.2 to $0.3
34ba61e2: raises $0.6 to $0.9
5debdc69: folds
83f7454d: folds
e659ea7e: folds
Hero: folds
580e37b5: calls $0.6
*** FLOP *** [4c 7s 6s]
580e37b5: bets $0.65
34ba61e2: raises $0.95 to $1.6
580e37b5: raises $8.34 to $9.94 and is all-in
34ba61e2: calls $7.73 and is all-in
Uncalled bet ($0.61) returned to 580e37b5
580e37b5: shows [As Js] (Ace-High)
34ba61e2: shows [Qd Qs] (Pair of Queens)
*** FIRST TURN *** [4c 7s 6s] [3h]
*** FIRST RIVER *** [4c 7s 6s 3h] [8d]
*** SECOND TURN *** [4c 7s 6s] [8c]
*** SECOND RIVER *** [4c 7s 6s 8c] [2s]
*** FIRST SHOWDOWN ***
34ba61e2 collected $9.75 from pot
*** SECOND SHOWDOWN ***
580e37b5 collected $9.76 from pot
*** SUMMARY ***
Total pot $20.61 | Rake $1 | Jackpot $0.1 | Bingo $0 | Fortune $0 | Tax $0
Hand was run two times
FIRST Board [4c 7s 6s 3h 8d]
SECOND Board [8c 2s]
Seat 1: 580e37b5 showed [As Js] and lost with Ace-High, and won ($9.76)
Seat 2: 34ba61e2 showed [Qd Qs] and won ($9.75) with Pair of Queens, and lost
Seat 3: 5debdc69 folded before Flop (didn't bet)
Seat 4: 83f7454d (button) folded before Flop (didn't bet)
Seat 5: e659ea7e (small blind) folded before Flop
Seat 6: Hero (big blind) folded before Flop


Poker Hand #HD1834125879: Hold'em No Limit ($0.05/$0.1) - 2024/06/27 22:09:18
Table 'NLHRed42' 6-max Seat #3 is the button
Seat 1: 580e37b5 ($10.84 in chips)
Seat 2: 34ba61e2 ($10 in chips)
Seat 3: 5debdc69 ($19.75 in chips)
Seat 4: 83f7454d ($10 in chips)
Seat 5: e659ea7e ($9.4 in chips)
Seat 6: Hero ($10.6 in chips)
83f7454d: posts small blind $0.05
e659ea7e: posts big blind $0.1
*** HOLE CARDS ***
Dealt to 580e37b5 
Dealt to 34ba61e2 
Dealt to 5debdc69 
Dealt to 83f7454d 
Dealt to e659ea7e 
Dealt to Hero [Js 3h]
Hero: folds
580e37b5: folds
34ba61e2: raises $0.1 to $0.2
5debdc69: folds
83f7454d: folds
e659ea7e: calls $0.1
*** FLOP *** [Ts Jh 8d]
e659ea7e: checks
34ba61e2: bets $0.23
e659ea7e: folds
Uncalled bet ($0.23) returned to 34ba61e2
*** SHOWDOWN ***
34ba61e2 collected $0.43 from pot
*** SUMMARY ***
Total pot $0.45 | Rake $0.02 | Jackpot $0 | Bingo $0 | Fortune $0 | Tax $0
Board [Ts Jh 8d]
Seat 1: 580e37b5 folded before Flop (didn't bet)
Seat 2: 34ba61e2 won ($0.43)
Seat 3: 5debdc69 (button) folded before Flop (didn't bet)
Seat 4: 83f7454d (small blind) folded before Flop
Seat 5: e659ea7e (big blind) folded on the Flop
Seat 6: Hero folded before Flop (didn't bet)


Poker Hand #HD1834125827: Hold'em No Limit ($0.05/$0.1) - 2024/06/27 22:08:53
Table 'NLHRed42' 6-max Seat #2 is the button
Seat 1: 580e37b5 ($10.84 in chips)
Seat 2: 34ba61e2 ($10 in chips)
Seat 3: 5debdc69 ($19.66 in chips)
Seat 4: 83f7454d ($10 in chips)
Seat 5: e659ea7e ($9.4 in chips)
Seat 6: Hero ($10.6 in chips)
5debdc69: posts small blind $0.05
83f7454d: posts big blind $0.1
*** HOLE CARDS ***
Dealt to 580e37b5 
Dealt to 34ba61e2 
Dealt to 5debdc69 
Dealt to 83f7454d 
Dealt to e659ea7e 
Dealt to Hero [7s Ts]
e659ea7e: folds
Hero: folds
580e37b5: folds
34ba61e2: folds
5debdc69: calls $0.05
83f7454d: checks
*** FLOP *** [Jh 4h 9h]
5debdc69: bets $0.1
83f7454d: folds
Uncalled bet ($0.1) returned to 5debdc69
*** SHOWDOWN ***
5debdc69 collected $0.19 from pot
*** SUMMARY ***
Total pot $0.2 | Rake $0.01 | Jackpot $0 | Bingo $0 | Fortune $0 | Tax $0
Board [Jh 4h 9h]
Seat 1: 580e37b5 folded before Flop (didn't bet)
Seat 2: 34ba61e2 (button) folded before Flop (didn't bet)
Seat 3: 5debdc69 (small blind) won ($0.19)
Seat 4: 83f7454d (big blind) folded on the Flop
Seat 5: e659ea7e folded before Flop (didn't bet)
Seat 6: Hero folded before Flop (didn't bet)


Poker Hand #HD1834125800: Hold'em No Limit ($0.05/$0.1) - 2024/06/27 22:08:44
Table 'NLHRed42' 6-max Seat #1 is the button
Seat 1: 580e37b5 ($10.84 in chips)
Seat 2: 34ba61e2 ($10 in chips)
Seat 3: 5debdc69 ($19.61 in chips)
Seat 5: e659ea7e ($9.4 in chips)
Seat 6: Hero ($10.6 in chips)
34ba61e2: posts small blind $0.05
5debdc69: posts big blind $0.1
*** HOLE CARDS ***
Dealt to 580e37b5 
Dealt to 34ba61e2 
Dealt to 5debdc69 
Dealt to e659ea7e 
Dealt to Hero [2s Th]
e659ea7e: folds
Hero: folds
580e37b5: folds
34ba61e2: folds
Uncalled bet ($0.05) returned to 5debdc69
*** SHOWDOWN ***
5debdc69 collected $0.1 from pot
*** SUMMARY ***
Total pot $0.1 | Rake $0 | Jackpot $0 | Bingo $0 | Fortune $0 | Tax $0
Seat 1: 580e37b5 (button) folded before Flop (didn't bet)
Seat 2: 34ba61e2 (small blind) folded before Flop
Seat 3: 5debdc69 (big blind) collected ($0.1)
Seat 5: e659ea7e folded before Flop (didn't bet)
Seat 6: Hero folded before Flop (didn't bet)


Poker Hand #HD1834125750: Hold'em No Limit ($0.05/$0.1) - 2024/06/27 22:08:21
Table 'NLHRed42' 6-max Seat #6 is the button
Seat 1: 580e37b5 ($10.89 in chips)
Seat 2: 34ba61e2 ($10 in chips)
Seat 3: 5debdc69 ($19.61 in chips)
Seat 5: e659ea7e ($9.4 in chips)
Seat 6: Hero ($10.45 in chips)
580e37b5: posts small blind $0.05
34ba61e2: posts big blind $0.1
*** HOLE CARDS ***
Dealt to 580e37b5 
Dealt to 34ba61e2 
Dealt to 5debdc69 
Dealt to e659ea7e 
Dealt to Hero [Ah Js]
5debdc69: folds
e659ea7e: folds
Hero: raises $0.14 to $0.24
580e37b5: folds
34ba61e2: folds
Uncalled bet ($0.14) returned to Hero
*** SHOWDOWN ***
Hero collected $0.25 from pot
*** SUMMARY ***
Total pot $0.25 | Rake $0 | Jackpot $0 | Bingo $0 | Fortune $0 | Tax $0
Seat 1: 580e37b5 (small blind) folded before Flop
Seat 2: 34ba61e2 (big blind) folded before Flop
Seat 3: 5debdc69 folded before Flop (didn't bet)
Seat 5: e659ea7e folded before Flop (didn't bet)
Seat 6: Hero (button) collected ($0.25)


Poker Hand #HD1834045614: Hold'em No Limit ($0.05/$0.1) - 2024/06/27 22:07:22
Table 'NLHRed42' 6-max Seat #5 is the button
Seat 1: 580e37b5 ($10.34 in chips)
Seat 3: 5debdc69 ($19.71 in chips)
Seat 5: e659ea7e ($9.85 in chips)
Seat 6: Hero ($10.5 in chips)
Hero: posts small blind $0.05
580e37b5: posts big blind $0.1
*** HOLE CARDS ***
Dealt to 580e37b5 
Dealt to 5debdc69 
Dealt to e659ea7e 
Dealt to Hero [6c 4s]
5debdc69: calls $0.1
e659ea7e: raises $0.35 to $0.45
Hero: folds
580e37b5: calls $0.35
5debdc69: folds
*** FLOP *** [Qs 5h Ac]
580e37b5: checks
e659ea7e: checks
*** TURN *** [Qs 5h Ac] [8c]
580e37b5: checks
e659ea7e: checks
*** RIVER *** [Qs 5h Ac 8c] [6s]
580e37b5: bets $0.4
e659ea7e: folds
Uncalled bet ($0.4) returned to 580e37b5
*** SHOWDOWN ***
580e37b5 collected $1 from pot
*** SUMMARY ***
Total pot $1.05 | Rake $0.05 | Jackpot $0 | Bingo $0 | Fortune $0 | Tax $0
Board [Qs 5h Ac 8c 6s]
Seat 1: 580e37b5 (big blind) won ($1)
Seat 3: 5debdc69 folded before Flop
Seat 5: e659ea7e (button) folded on the River
Seat 6: Hero (small blind) folded before Flop


Poker Hand #HD1834045452: Hold'em No Limit ($0.05/$0.1) - 2024/06/27 22:06:12
Table 'NLHRed42' 6-max Seat #4 is the button
Seat 1: 580e37b5 ($10.34 in chips)
Seat 3: 5debdc69 ($10.33 in chips)
Seat 4: ac7bc442 ($10.34 in chips)
Seat 5: e659ea7e ($9.9 in chips)
Seat 6: Hero ($10.6 in chips)
e659ea7e: posts small blind $0.05
Hero: posts big blind $0.1
*** HOLE CARDS ***
Dealt to 580e37b5 
Dealt to 5debdc69 
Dealt to ac7bc442 
Dealt to e659ea7e 
Dealt to Hero [4s 4c]
580e37b5: folds
5debdc69: calls $0.1
ac7bc442: raises $0.35 to $0.45
e659ea7e: folds
Hero: folds
5debdc69: calls $0.35
*** FLOP *** [6c Qh 6h]
5debdc69: checks
ac7bc442: bets $0.37
5debdc69: calls $0.37
*** TURN *** [6c Qh 6h] [Ks]
5debdc69: checks
ac7bc442: bets $1.08
5debdc69: calls $1.08
*** RIVER *** [6c Qh 6h Ks] [8c]
5debdc69: checks
ac7bc442: bets $8.44 and is all-in
5debdc69: calls $8.43 and is all-in
Uncalled bet ($0.01) returned to ac7bc442
ac7bc442: shows [Ad As] (Pair of Aces and Pair of Sixes)
5debdc69: shows [Ah 6d] (Three Sixes)
*** SHOWDOWN ***
5debdc69 collected $19.71 from pot
*** SUMMARY ***
Total pot $20.81 | Rake $1 | Jackpot $0.1 | Bingo $0 | Fortune $0 | Tax $0
Board [6c Qh 6h Ks 8c]
Seat 1: 580e37b5 folded before Flop (didn't bet)
Seat 3: 5debdc69 showed [Ah 6d] and won ($19.71) with Three Sixes
Seat 4: ac7bc442 (button) showed [Ad As] and lost with Pair of Aces and Pair of Sixes
Seat 5: e659ea7e (small blind) folded before Flop
Seat 6: Hero (big blind) folded before Flop


Poker Hand #HD1834045402: Hold'em No Limit ($0.05/$0.1) - 2024/06/27 22:05:46
Table 'NLHRed42' 6-max Seat #3 is the button
Seat 1: 580e37b5 ($10.19 in chips)
Seat 3: 5debdc69 ($10.33 in chips)
Seat 4: ac7bc442 ($10.39 in chips)
Seat 5: e659ea7e ($10 in chips)
Seat 6: Hero ($10.6 in chips)
ac7bc442: posts small blind $0.05
e659ea7e: posts big blind $0.1
*** HOLE CARDS ***
Dealt to 580e37b5 
Dealt to 5debdc69 
Dealt to ac7bc442 
Dealt to e659ea7e 
Dealt to Hero [9s Kh]
Hero: folds
580e37b5: raises $0.2 to $0.3
5debdc69: folds
ac7bc442: folds
e659ea7e: folds
Uncalled bet ($0.2) returned to 580e37b5
*** SHOWDOWN ***
580e37b5 collected $0.25 from pot
*** SUMMARY ***
Total pot $0.25 | Rake $0 | Jackpot $0 | Bingo $0 | Fortune $0 | Tax $0
Seat 1: 580e37b5 collected ($0.25)
Seat 3: 5debdc69 (button) folded before Flop (didn't bet)
Seat 4: ac7bc442 (small blind) folded before Flop
Seat 5: e659ea7e (big blind) folded before Flop
Seat 6: Hero folded before Flop (didn't bet)


Poker Hand #HD1834045278: Hold'em No Limit ($0.05/$0.1) - 2024/06/27 22:04:53
Table 'NLHRed42' 6-max Seat #1 is the button
Seat 1: 580e37b5 ($10.19 in chips)
Seat 3: 5debdc69 ($11.87 in chips)
Seat 4: ac7bc442 ($9.09 in chips)
Seat 6: Hero ($10.6 in chips)
5debdc69: posts small blind $0.05
ac7bc442: posts big blind $0.1
*** HOLE CARDS ***
Dealt to 580e37b5 
Dealt to 5debdc69 
Dealt to ac7bc442 
Dealt to Hero [7d 4h]
Hero: folds
580e37b5: folds
5debdc69: calls $0.05
ac7bc442: raises $0.35 to $0.45
5debdc69: calls $0.35
*** FLOP *** [Qc 7h Td]
5debdc69: checks
ac7bc442: bets $0.32
5debdc69: calls $0.32
*** TURN *** [Qc 7h Td] [Ts]
5debdc69: checks
ac7bc442: bets $0.77
5debdc69: calls $0.77
*** RIVER *** [Qc 7h Td Ts] [7s]
5debdc69: checks
ac7bc442: checks
5debdc69: shows [Kd As] (Pair of Tens and Pair of Sevens)
ac7bc442: shows [Jc Qd] (Pair of Queens and Pair of Tens)
*** SHOWDOWN ***
ac7bc442 collected $2.84 from pot
*** SUMMARY ***
Total pot $3.08 | Rake $0.14 | Jackpot $0.1 | Bingo $0 | Fortune $0 | Tax $0
Board [Qc 7h Td Ts 7s]
Seat 1: 580e37b5 (button) folded before Flop (didn't bet)
Seat 3: 5debdc69 (small blind) showed [Kd As] and lost with Pair of Tens and Pair of Sevens
Seat 4: ac7bc442 (big blind) showed [Jc Qd] and won ($2.84) with Pair of Queens and Pair of Tens
Seat 6: Hero folded before Flop (didn't bet)


Poker Hand #HD1834045208: Hold'em No Limit ($0.05/$0.1) - 2024/06/27 22:04:19
Table 'NLHRed42' 6-max Seat #6 is the button
Seat 1: 580e37b5 ($10.24 in chips)
Seat 3: 5debdc69 ($12.11 in chips)
Seat 4: ac7bc442 ($9.09 in chips)
Seat 6: Hero ($10.33 in chips)
580e37b5: posts small blind $0.05
5debdc69: posts big blind $0.1
*** HOLE CARDS ***
Dealt to 580e37b5 
Dealt to 5debdc69 
Dealt to ac7bc442 
Dealt to Hero [7c 6c]
ac7bc442: folds
Hero: raises $0.14 to $0.24
580e37b5: folds
5debdc69: calls $0.14
*** FLOP *** [2c 2s 4c]
5debdc69: checks
Hero: bets $0.3
5debdc69: folds
Uncalled bet ($0.3) returned to Hero
*** SHOWDOWN ***
Hero collected $0.51 from pot
*** SUMMARY ***
Total pot $0.53 | Rake $0.02 | Jackpot $0 | Bingo $0 | Fortune $0 | Tax $0
Board [2c 2s 4c]
Seat 1: 580e37b5 (small blind) folded before Flop
Seat 3: 5debdc69 (big blind) folded on the Flop
Seat 4: ac7bc442 folded before Flop (didn't bet)
Seat 6: Hero (button) won ($0.51)


Poker Hand #HD1834045138: Hold'em No Limit ($0.05/$0.1) - 2024/06/27 22:03:54
Table 'NLHRed42' 6-max Seat #4 is the button
Seat 1: 580e37b5 ($10.34 in chips)
Seat 2: ba927910 ($10.59 in chips)
Seat 4: ac7bc442 ($8.94 in chips)
Seat 6: Hero ($10.38 in chips)
Hero: posts small blind $0.05
580e37b5: posts big blind $0.1
*** HOLE CARDS ***
Dealt to 580e37b5 
Dealt to ba927910 
Dealt to ac7bc442 
Dealt to Hero [4s Ac]
ba927910: folds
ac7bc442: raises $0.1 to $0.2
Hero: folds
580e37b5: folds
Uncalled bet ($0.1) returned to ac7bc442
*** SHOWDOWN ***
ac7bc442 collected $0.25 from pot
*** SUMMARY ***
Total pot $0.25 | Rake $0 | Jackpot $0 | Bingo $0 | Fortune $0 | Tax $0
Seat 1: 580e37b5 (big blind) folded before Flop
Seat 2: ba927910 folded before Flop (didn't bet)
Seat 4: ac7bc442 (button) collected ($0.25)
Seat 6: Hero (small blind) folded before Flop


Poker Hand #HD1834045091: Hold'em No Limit ($0.05/$0.1) - 2024/06/27 22:03:29
Table 'NLHRed42' 6-max Seat #3 is the button
Seat 1: 580e37b5 ($10.34 in chips)
Seat 2: ba927910 ($10.59 in chips)
Seat 3: 5debdc69 ($12.11 in chips)
Seat 4: ac7bc442 ($8.99 in chips)
Seat 6: Hero ($10.33 in chips)
ac7bc442: posts small blind $0.05
Hero: posts big blind $0.1
*** HOLE CARDS ***
Dealt to 580e37b5 
Dealt to ba927910 
Dealt to 5debdc69 
Dealt to ac7bc442 
Dealt to Hero [6s 3d]
580e37b5: folds
ba927910: folds
5debdc69: folds
ac7bc442: folds
Uncalled bet ($0.05) returned to Hero
*** SHOWDOWN ***
Hero collected $0.1 from pot
*** SUMMARY ***
Total pot $0.1 | Rake $0 | Jackpot $0 | Bingo $0 | Fortune $0 | Tax $0
Seat 1: 580e37b5 folded before Flop (didn't bet)
Seat 2: ba927910 folded before Flop (didn't bet)
Seat 3: 5debdc69 (button) folded before Flop (didn't bet)
Seat 4: ac7bc442 (small blind) folded before Flop
Seat 6: Hero (big blind) collected ($0.1)


Poker Hand #HD1834045039: Hold'em No Limit ($0.05/$0.1) - 2024/06/27 22:03:07
Table 'NLHRed42' 6-max Seat #2 is the button
Seat 1: 580e37b5 ($10.34 in chips)
Seat 2: ba927910 ($10.59 in chips)
Seat 3: 5debdc69 ($12.21 in chips)
Seat 4: ac7bc442 ($8.89 in chips)
Seat 6: Hero ($10.33 in chips)
5debdc69: posts small blind $0.05
ac7bc442: posts big blind $0.1
*** HOLE CARDS ***
Dealt to 580e37b5 
Dealt to ba927910 
Dealt to 5debdc69 
Dealt to ac7bc442 
Dealt to Hero [7h 6d]
Hero: folds
580e37b5: folds
ba927910: folds
5debdc69: calls $0.05
ac7bc442: raises $0.35 to $0.45
5debdc69: folds
Uncalled bet ($0.35) returned to ac7bc442
*** SHOWDOWN ***
ac7bc442 collected $0.2 from pot
*** SUMMARY ***
Total pot $0.2 | Rake $0 | Jackpot $0 | Bingo $0 | Fortune $0 | Tax $0
Seat 1: 580e37b5 folded before Flop (didn't bet)
Seat 2: ba927910 (button) folded before Flop (didn't bet)
Seat 3: 5debdc69 (small blind) folded before Flop
Seat 4: ac7bc442 (big blind) collected ($0.2)
Seat 6: Hero folded before Flop (didn't bet)


Poker Hand #HD1834044951: Hold'em No Limit ($0.05/$0.1) - 2024/06/27 22:02:34
Table 'NLHRed42' 6-max Seat #1 is the button
Seat 1: 580e37b5 ($10.34 in chips)
Seat 2: ba927910 ($10.32 in chips)
Seat 3: 5debdc69 ($12.51 in chips)
Seat 4: ac7bc442 ($8.89 in chips)
Seat 6: Hero ($10.33 in chips)
ba927910: posts small blind $0.05
5debdc69: posts big blind $0.1
*** HOLE CARDS ***
Dealt to 580e37b5 
Dealt to ba927910 
Dealt to 5debdc69 
Dealt to ac7bc442 
Dealt to Hero [6h 4d]
ac7bc442: folds
Hero: folds
580e37b5: folds
ba927910: raises $0.2 to $0.3
5debdc69: calls $0.2
*** FLOP *** [6s Ks Kc]
ba927910: bets $0.21
5debdc69: folds
Uncalled bet ($0.21) returned to ba927910
*** SHOWDOWN ***
ba927910 collected $0.57 from pot
*** SUMMARY ***
Total pot $0.6 | Rake $0.03 | Jackpot $0 | Bingo $0 | Fortune $0 | Tax $0
Board [6s Ks Kc]
Seat 1: 580e37b5 (button) folded before Flop (didn't bet)
Seat 2: ba927910 (small blind) won ($0.57)
Seat 3: 5debdc69 (big blind) folded on the Flop
Seat 4: ac7bc442 folded before Flop (didn't bet)
Seat 6: Hero folded before Flop (didn't bet)


Poker Hand #HD1834044920: Hold'em No Limit ($0.05/$0.1) - 2024/06/27 22:02:17
Table 'NLHRed42' 6-max Seat #6 is the button
Seat 1: 580e37b5 ($10.24 in chips)
Seat 2: ba927910 ($10.42 in chips)
Seat 3: 5debdc69 ($12.51 in chips)
Seat 4: ac7bc442 ($8.89 in chips)
Seat 6: Hero ($10.33 in chips)
580e37b5: posts small blind $0.05
ba927910: posts big blind $0.1
*** HOLE CARDS ***
Dealt to 580e37b5 
Dealt to ba927910 
Dealt to 5debdc69 
Dealt to ac7bc442 
Dealt to Hero [Kc 7s]
5debdc69: folds
ac7bc442: folds
Hero: folds
580e37b5: raises $0.15 to $0.25
ba927910: folds
Uncalled bet ($0.15) returned to 580e37b5
*** SHOWDOWN ***
580e37b5 collected $0.2 from pot
*** SUMMARY ***
Total pot $0.2 | Rake $0 | Jackpot $0 | Bingo $0 | Fortune $0 | Tax $0
Seat 1: 580e37b5 (small blind) collected ($0.2)
Seat 2: ba927910 (big blind) folded before Flop
Seat 3: 5debdc69 folded before Flop (didn't bet)
Seat 4: ac7bc442 folded before Flop (didn't bet)
Seat 6: Hero (button) folded before Flop (didn't bet)


Poker Hand #HD1834044836: Hold'em No Limit ($0.05/$0.1) - 2024/06/27 22:01:41
Table 'NLHRed42' 6-max Seat #4 is the button
Seat 1: 580e37b5 ($10.1 in chips)
Seat 2: ba927910 ($10.42 in chips)
Seat 3: 5debdc69 ($12.61 in chips)
Seat 4: ac7bc442 ($8.89 in chips)
Seat 6: Hero ($10.38 in chips)
Hero: posts small blind $0.05
580e37b5: posts big blind $0.1
*** HOLE CARDS ***
Dealt to 580e37b5 
Dealt to ba927910 
Dealt to 5debdc69 
Dealt to ac7bc442 
Dealt to Hero [3h 4c]
ba927910: folds
5debdc69: calls $0.1
ac7bc442: folds
Hero: folds
580e37b5: checks
*** FLOP *** [4d 3c 8h]
580e37b5: checks
5debdc69: checks
*** TURN *** [4d 3c 8h] [3d]
580e37b5: bets $0.13
5debdc69: folds
Uncalled bet ($0.13) returned to 580e37b5
*** SHOWDOWN ***
580e37b5 collected $0.24 from pot
*** SUMMARY ***
Total pot $0.25 | Rake $0.01 | Jackpot $0 | Bingo $0 | Fortune $0 | Tax $0
Board [4d 3c 8h 3d]
Seat 1: 580e37b5 (big blind) won ($0.24)
Seat 2: ba927910 folded before Flop (didn't bet)
Seat 3: 5debdc69 folded on the Turn
Seat 4: ac7bc442 (button) folded before Flop (didn't bet)
Seat 6: Hero (small blind) folded before Flop


Poker Hand #HD1834044608: Hold'em No Limit ($0.05/$0.1) - 2024/06/27 22:00:01
Table 'NLHRed42' 6-max Seat #3 is the button
Seat 1: 580e37b5 ($10.1 in chips)
Seat 2: ba927910 ($10.42 in chips)
Seat 3: 5debdc69 ($10.04 in chips)
Seat 4: ac7bc442 ($11.74 in chips)
Seat 6: Hero ($10.48 in chips)
ac7bc442: posts small blind $0.05
Hero: posts big blind $0.1
*** HOLE CARDS ***
Dealt to 580e37b5 
Dealt to ba927910 
Dealt to 5debdc69 
Dealt to ac7bc442 
Dealt to Hero [7c Ts]
580e37b5: folds
ba927910: folds
5debdc69: raises $0.1 to $0.2
ac7bc442: raises $0.6 to $0.8
Hero: folds
5debdc69: calls $0.6
*** FLOP *** [7h Kd 9s]
ac7bc442: checks
5debdc69: checks
*** TURN *** [7h Kd 9s] [7s]
ac7bc442: bets $0.85
5debdc69: calls $0.85
*** RIVER *** [7h Kd 9s 7s] [8s]
ac7bc442: bets $1.2
5debdc69: raises $4.35 to $5.55
ac7bc442: folds
Uncalled bet ($4.35) returned to 5debdc69
*** SHOWDOWN ***
5debdc69 collected $5.42 from pot
*** SUMMARY ***
Total pot $5.8 | Rake $0.28 | Jackpot $0.1 | Bingo $0 | Fortune $0 | Tax $0
Board [7h Kd 9s 7s 8s]
Seat 1: 580e37b5 folded before Flop (didn't bet)
Seat 2: ba927910 folded before Flop (didn't bet)
Seat 3: 5debdc69 (button) won ($5.42)
Seat 4: ac7bc442 (small blind) folded on the River
Seat 6: Hero (big blind) folded before Flop


Poker Hand #HD1834044494: Hold'em No Limit ($0.05/$0.1) - 2024/06/27 21:59:16
Table 'NLHRed42' 6-max Seat #2 is the button
Seat 1: 580e37b5 ($10.1 in chips)
Seat 2: ba927910 ($10.14 in chips)
Seat 3: 5debdc69 ($10.09 in chips)
Seat 4: ac7bc442 ($11.99 in chips)
Seat 6: Hero ($10.48 in chips)
5debdc69: posts small blind $0.05
ac7bc442: posts big blind $0.1
*** HOLE CARDS ***
Dealt to 580e37b5 
Dealt to ba927910 
Dealt to 5debdc69 
Dealt to ac7bc442 
Dealt to Hero [2c 6s]
Hero: folds
580e37b5: folds
ba927910: raises $0.15 to $0.25
5debdc69: folds
ac7bc442: calls $0.15
*** FLOP *** [Ad Qs Jc]
ac7bc442: checks
ba927910: bets $0.2
ac7bc442: folds
Uncalled bet ($0.2) returned to ba927910
*** SHOWDOWN ***
ba927910 collected $0.53 from pot
*** SUMMARY ***
Total pot $0.55 | Rake $0.02 | Jackpot $0 | Bingo $0 | Fortune $0 | Tax $0
Board [Ad Qs Jc]
Seat 1: 580e37b5 folded before Flop (didn't bet)
Seat 2: ba927910 (button) won ($0.53)
Seat 3: 5debdc69 (small blind) folded before Flop
Seat 4: ac7bc442 (big blind) folded on the Flop
Seat 6: Hero folded before Flop (didn't bet)


Poker Hand #HD1834044429: Hold'em No Limit ($0.05/$0.1) - 2024/06/27 21:58:52
Table 'NLHRed42' 6-max Seat #1 is the button
Seat 1: 580e37b5 ($10.1 in chips)
Seat 2: ba927910 ($10.19 in chips)
Seat 3: 5debdc69 ($10.19 in chips)
Seat 4: ac7bc442 ($11.84 in chips)
Seat 5: ea6e214c ($10.27 in chips)
Seat 6: Hero ($10.48 in chips)
ba927910: posts small blind $0.05
5debdc69: posts big blind $0.1
*** HOLE CARDS ***
Dealt to 580e37b5 
Dealt to ba927910 
Dealt to 5debdc69 
Dealt to ac7bc442 
Dealt to ea6e214c 
Dealt to Hero [9d Td]
ac7bc442: raises $0.1 to $0.2
ea6e214c: folds
Hero: folds
580e37b5: folds
ba927910: folds
5debdc69: folds
Uncalled bet ($0.1) returned to ac7bc442
*** SHOWDOWN ***
ac7bc442 collected $0.25 from pot
*** SUMMARY ***
Total pot $0.25 | Rake $0 | Jackpot $0 | Bingo $0 | Fortune $0 | Tax $0
Seat 1: 580e37b5 (button) folded before Flop (didn't bet)
Seat 2: ba927910 (small blind) folded before Flop
Seat 3: 5debdc69 (big blind) folded before Flop
Seat 4: ac7bc442 collected ($0.25)
Seat 5: ea6e214c folded before Flop (didn't bet)
Seat 6: Hero folded before Flop (didn't bet)


Poker Hand #HD1834044373: Hold'em No Limit ($0.05/$0.1) - 2024/06/27 21:58:27
Table 'NLHRed42' 6-max Seat #6 is the button
Seat 1: 580e37b5 ($10 in chips)
Seat 2: ba927910 ($10.29 in chips)
Seat 4: ac7bc442 ($11.84 in chips)
Seat 5: ea6e214c ($10.27 in chips)
Seat 6: Hero ($10.48 in chips)
580e37b5: posts small blind $0.05
ba927910: posts big blind $0.1
*** HOLE CARDS ***
Dealt to 580e37b5 
Dealt to ba927910 
Dealt to ac7bc442 
Dealt to ea6e214c 
Dealt to Hero [Ks 7d]
ac7bc442: folds
ea6e214c: folds
Hero: folds
580e37b5: raises $0.15 to $0.25
ba927910: folds
Uncalled bet ($0.15) returned to 580e37b5
*** SHOWDOWN ***
580e37b5 collected $0.2 from pot
*** SUMMARY ***
Total pot $0.2 | Rake $0 | Jackpot $0 | Bingo $0 | Fortune $0 | Tax $0
Seat 1: 580e37b5 (small blind) collected ($0.2)
Seat 2: ba927910 (big blind) folded before Flop
Seat 4: ac7bc442 folded before Flop (didn't bet)
Seat 5: ea6e214c folded before Flop (didn't bet)
Seat 6: Hero (button) folded before Flop (didn't bet)


Poker Hand #HD1834044318: Hold'em No Limit ($0.05/$0.1) - 2024/06/27 21:57:59
Table 'NLHRed42' 6-max Seat #5 is the button
Seat 1: 580e37b5 ($10 in chips)
Seat 2: ba927910 ($10.29 in chips)
Seat 3: 5debdc69 ($10.19 in chips)
Seat 4: ac7bc442 ($11.84 in chips)
Seat 5: ea6e214c ($10.12 in chips)
Seat 6: Hero ($10.53 in chips)
Hero: posts small blind $0.05
580e37b5: posts big blind $0.1
*** HOLE CARDS ***
Dealt to 580e37b5 
Dealt to ba927910 
Dealt to 5debdc69 
Dealt to ac7bc442 
Dealt to ea6e214c 
Dealt to Hero [9c 6d]
ba927910: folds
5debdc69: folds
ac7bc442: folds
ea6e214c: raises $0.14 to $0.24
Hero: folds
580e37b5: folds
Uncalled bet ($0.14) returned to ea6e214c
*** SHOWDOWN ***
ea6e214c collected $0.25 from pot
*** SUMMARY ***
Total pot $0.25 | Rake $0 | Jackpot $0 | Bingo $0 | Fortune $0 | Tax $0
Seat 1: 580e37b5 (big blind) folded before Flop
Seat 2: ba927910 folded before Flop (didn't bet)
Seat 3: 5debdc69 folded before Flop (didn't bet)
Seat 4: ac7bc442 folded before Flop (didn't bet)
Seat 5: ea6e214c (button) collected ($0.25)
Seat 6: Hero (small blind) folded before Flop


Poker Hand #HD1834044099: Hold'em No Limit ($0.05/$0.1) - 2024/06/27 21:56:32
Table 'NLHRed42' 6-max Seat #4 is the button
Seat 1: 580e37b5 ($10 in chips)
Seat 2: ba927910 ($10.82 in chips)
Seat 3: 5debdc69 ($10.19 in chips)
Seat 4: ac7bc442 ($11.84 in chips)
Seat 5: ea6e214c ($10.17 in chips)
Seat 6: Hero ($10 in chips)
ea6e214c: posts small blind $0.05
Hero: posts big blind $0.1
*** HOLE CARDS ***
Dealt to 580e37b5 
Dealt to ba927910 
Dealt to 5debdc69 
Dealt to ac7bc442 
Dealt to ea6e214c 
Dealt to Hero [Ac Jh]
580e37b5: folds
ba927910: raises $0.2 to $0.3
5debdc69: folds
ac7bc442: folds
ea6e214c: folds
Hero: calls $0.2
*** FLOP *** [3h 7h 8s]
Hero: checks
ba927910: checks
*** TURN *** [3h 7h 8s] [Ah]
Hero: checks
ba927910: bets $0.23
Hero: calls $0.23
*** RIVER *** [3h 7h 8s Ah] [8h]
Hero: bets $0.37
ba927910: folds
Uncalled bet ($0.37) returned to Hero
*** SHOWDOWN ***
Hero collected $1.06 from pot
*** SUMMARY ***
Total pot $1.11 | Rake $0.05 | Jackpot $0 | Bingo $0 | Fortune $0 | Tax $0
Board [3h 7h 8s Ah 8h]
Seat 1: 580e37b5 folded before Flop (didn't bet)
Seat 2: ba927910 folded on the River
Seat 3: 5debdc69 folded before Flop (didn't bet)
Seat 4: ac7bc442 (button) folded before Flop (didn't bet)
Seat 5: ea6e214c (small blind) folded before Flop
Seat 6: Hero (big blind) won ($1.06)


