Poker Hand #HD1730093840: Hold'em No Limit ($0.02/$0.05) - 2024/04/14 17:09:49
Table 'NLHBlue6' 6-max Seat #3 is the button
Seat 1: 70511dc1 ($6.14 in chips)
Seat 2: Hero ($5 in chips)
Seat 3: 55551fa2 ($9.5 in chips)
Seat 4: 88419fe2 ($1 in chips)
Seat 5: 73a28cc3 ($5.07 in chips)
88419fe2: posts small blind $0.02
73a28cc3: posts big blind $0.05
*** HOLE CARDS ***
Dealt to 70511dc1 
Dealt to Hero [Qh Ad]
Dealt to 55551fa2 
Dealt to 88419fe2 
Dealt to 73a28cc3 
70511dc1: raises $0.09 to $0.14
Hero: raises $0.31 to $0.45
55551fa2: folds
88419fe2: folds
73a28cc3: folds
70511dc1: calls $0.31
*** FLOP *** [Th 4d 2d]
70511dc1: checks
Hero: bets $0.5
70511dc1: raises $0.7 to $1.2
Hero: folds
Uncalled bet ($0.7) returned to 70511dc1
*** SHOWDOWN ***
70511dc1 collected $1.83 from pot
*** SUMMARY ***
Total pot $1.97 | Rake $0.09 | Jackpot $0.05 | Bingo $0 | Fortune $0 | Tax $0
Board [Th 4d 2d]
Seat 1: 70511dc1 won ($1.83)
Seat 2: Hero folded on the Flop
Seat 3: 55551fa2 (button) folded before Flop (didn't bet)
Seat 4: 88419fe2 (small blind) folded before Flop
Seat 5: 73a28cc3 (big blind) folded before Flop


Poker Hand #HD1730093788: Hold'em No Limit ($0.02/$0.05) - 2024/04/14 17:09:24
Table 'NLHBlue6' 6-max Seat #2 is the button
Seat 1: 70511dc1 ($6.14 in chips)
Seat 2: Hero ($5 in chips)
Seat 3: 55551fa2 ($9.52 in chips)
Seat 4: 88419fe2 ($1 in chips)
Seat 5: 73a28cc3 ($5 in chips)
55551fa2: posts small blind $0.02
88419fe2: posts big blind $0.05
*** HOLE CARDS ***
Dealt to 70511dc1 
Dealt to Hero [7d Qh]
Dealt to 55551fa2 
Dealt to 88419fe2 
Dealt to 73a28cc3 
73a28cc3: raises $0.1 to $0.15
70511dc1: folds
Hero: folds
55551fa2: folds
88419fe2: folds
Uncalled bet ($0.1) returned to 73a28cc3
*** SHOWDOWN ***
73a28cc3 collected $0.12 from pot
*** SUMMARY ***
Total pot $0.12 | Rake $0 | Jackpot $0 | Bingo $0 | Fortune $0 | Tax $0
Seat 1: 70511dc1 folded before Flop (didn't bet)
Seat 2: Hero (button) folded before Flop (didn't bet)
Seat 3: 55551fa2 (small blind) folded before Flop
Seat 4: 88419fe2 (big blind) folded before Flop
Seat 5: 73a28cc3 collected ($0.12)


Poker Hand #HD1730093678: Hold'em No Limit ($0.02/$0.05) - 2024/04/14 17:08:21
Table 'NLHBlue6' 6-max Seat #1 is the button
Seat 1: 70511dc1 ($6.14 in chips)
Seat 2: Hero ($5 in chips)
Seat 3: 55551fa2 ($7.04 in chips)
Seat 4: 88419fe2 ($1 in chips)
Seat 5: 73a28cc3 ($5 in chips)
Seat 6: efc5137 ($2.78 in chips)
Hero: posts small blind $0.02
55551fa2: posts big blind $0.05
*** HOLE CARDS ***
Dealt to 70511dc1 
Dealt to Hero [3h Kh]
Dealt to 55551fa2 
Dealt to 88419fe2 
Dealt to 73a28cc3 
Dealt to efc5137 
88419fe2: folds
73a28cc3: folds
efc5137: raises $0.05 to $0.1
70511dc1: folds
Hero: folds
55551fa2: calls $0.05
*** FLOP *** [6h Ac 5d]
55551fa2: checks
efc5137: bets $0.17
55551fa2: calls $0.17
*** TURN *** [6h Ac 5d] [2h]
55551fa2: checks
efc5137: bets $0.42
55551fa2: calls $0.42
*** RIVER *** [6h Ac 5d 2h] [2c]
55551fa2: bets $0.7
efc5137: raises $1.39 to $2.09 and is all-in
55551fa2: calls $1.39
efc5137: shows [4d 4c] (Pair of Fours and Pair of Twos)
55551fa2: shows [4s 3s] (Sixes-High Straight)
*** SHOWDOWN ***
55551fa2 collected $5.26 from pot
*** SUMMARY ***
Total pot $5.58 | Rake $0.27 | Jackpot $0.05 | Bingo $0 | Fortune $0 | Tax $0
Board [6h Ac 5d 2h 2c]
Seat 1: 70511dc1 (button) folded before Flop (didn't bet)
Seat 2: Hero (small blind) folded before Flop
Seat 3: 55551fa2 (big blind) showed [4s 3s] and won ($5.26) with Sixes-High Straight
Seat 4: 88419fe2 folded before Flop (didn't bet)
Seat 5: 73a28cc3 folded before Flop (didn't bet)
Seat 6: efc5137 showed [4d 4c] and lost with Pair of Fours and Pair of Twos


Poker Hand #HD1730093562: Hold'em No Limit ($0.02/$0.05) - 2024/04/14 17:07:17
Table 'NLHBlue6' 6-max Seat #6 is the button
Seat 1: 70511dc1 ($6.16 in chips)
Seat 2: Hero ($5.08 in chips)
Seat 3: 55551fa2 ($5.15 in chips)
Seat 4: 88419fe2 ($1 in chips)
Seat 5: 73a28cc3 ($5 in chips)
Seat 6: efc5137 ($2.78 in chips)
70511dc1: posts small blind $0.02
Hero: posts big blind $0.05
73a28cc3: posts big blind $0.05
*** HOLE CARDS ***
Dealt to 70511dc1 
Dealt to Hero [4s Ac]
Dealt to 55551fa2 
Dealt to 88419fe2 
Dealt to 73a28cc3 
Dealt to efc5137 
55551fa2: raises $0.05 to $0.1
88419fe2: folds
73a28cc3: calls $0.05
efc5137: folds
70511dc1: folds
Hero: calls $0.05
*** FLOP *** [3s 2s Tc]
Hero: checks
55551fa2: bets $0.11
73a28cc3: calls $0.11
Hero: raises $0.29 to $0.4
55551fa2: calls $0.29
73a28cc3: calls $0.29
*** TURN *** [3s 2s Tc] [8s]
Hero: checks
55551fa2: checks
73a28cc3: checks
*** RIVER *** [3s 2s Tc 8s] [2h]
Hero: bets $1.1
55551fa2: calls $1.1
73a28cc3: folds
Hero: shows [4s Ac] (Pair of Twos)
55551fa2: shows [8c 3c] (Pair of Eights and Pair of Treys)
*** SHOWDOWN ***
55551fa2 collected $3.49 from pot
*** SUMMARY ***
Total pot $3.72 | Rake $0.18 | Jackpot $0.05 | Bingo $0 | Fortune $0 | Tax $0
Board [3s 2s Tc 8s 2h]
Seat 1: 70511dc1 (small blind) folded before Flop
Seat 2: Hero (big blind) showed [4s Ac] and lost with Pair of Twos
Seat 3: 55551fa2 showed [8c 3c] and won ($3.49) with Pair of Eights and Pair of Treys
Seat 4: 88419fe2 folded before Flop (didn't bet)
Seat 5: 73a28cc3 folded on the River
Seat 6: efc5137 (button) folded before Flop (didn't bet)


Poker Hand #HD1730093532: Hold'em No Limit ($0.02/$0.05) - 2024/04/14 17:07:04
Table 'NLHBlue6' 6-max Seat #4 is the button
Seat 1: 70511dc1 ($6.14 in chips)
Seat 2: Hero ($5.08 in chips)
Seat 3: 55551fa2 ($5.15 in chips)
Seat 4: 88419fe2 ($1 in chips)
Seat 6: efc5137 ($2.8 in chips)
efc5137: posts small blind $0.02
70511dc1: posts big blind $0.05
*** HOLE CARDS ***
Dealt to 70511dc1 
Dealt to Hero [8s Jd]
Dealt to 55551fa2 
Dealt to 88419fe2 
Dealt to efc5137 
Hero: folds
55551fa2: folds
88419fe2: folds
efc5137: folds
Uncalled bet ($0.03) returned to 70511dc1
*** SHOWDOWN ***
70511dc1 collected $0.04 from pot
*** SUMMARY ***
Total pot $0.04 | Rake $0 | Jackpot $0 | Bingo $0 | Fortune $0 | Tax $0
Seat 1: 70511dc1 (big blind) collected ($0.04)
Seat 2: Hero folded before Flop (didn't bet)
Seat 3: 55551fa2 folded before Flop (didn't bet)
Seat 4: 88419fe2 (button) folded before Flop (didn't bet)
Seat 6: efc5137 (small blind) folded before Flop


Poker Hand #HD1730093445: Hold'em No Limit ($0.02/$0.05) - 2024/04/14 17:06:20
Table 'NLHBlue6' 6-max Seat #3 is the button
Seat 1: 70511dc1 ($6.14 in chips)
Seat 2: Hero ($5.08 in chips)
Seat 3: 55551fa2 ($5.34 in chips)
Seat 4: 88419fe2 ($1 in chips)
Seat 6: efc5137 ($2.61 in chips)
88419fe2: posts small blind $0.02
efc5137: posts big blind $0.05
*** HOLE CARDS ***
Dealt to 70511dc1 
Dealt to Hero [5c Ks]
Dealt to 55551fa2 
Dealt to 88419fe2 
Dealt to efc5137 
70511dc1: folds
Hero: folds
55551fa2: calls $0.05
88419fe2: folds
efc5137: checks
*** FLOP *** [Ah 8s 2h]
efc5137: checks
55551fa2: checks
*** TURN *** [Ah 8s 2h] [7s]
efc5137: bets $0.06
55551fa2: raises $0.08 to $0.14
efc5137: calls $0.08
*** RIVER *** [Ah 8s 2h 7s] [Jc]
efc5137: bets $0.35
55551fa2: folds
Uncalled bet ($0.35) returned to efc5137
*** SHOWDOWN ***
efc5137 collected $0.38 from pot
*** SUMMARY ***
Total pot $0.4 | Rake $0.02 | Jackpot $0 | Bingo $0 | Fortune $0 | Tax $0
Board [Ah 8s 2h 7s Jc]
Seat 1: 70511dc1 folded before Flop (didn't bet)
Seat 2: Hero folded before Flop (didn't bet)
Seat 3: 55551fa2 (button) folded on the River
Seat 4: 88419fe2 (small blind) folded before Flop
Seat 6: efc5137 (big blind) won ($0.38)


Poker Hand #HD1730093353: Hold'em No Limit ($0.02/$0.05) - 2024/04/14 17:05:36
Table 'NLHBlue6' 6-max Seat #2 is the button
Seat 1: 70511dc1 ($6.14 in chips)
Seat 2: Hero ($5.08 in chips)
Seat 3: 55551fa2 ($5.36 in chips)
Seat 4: 88419fe2 ($1 in chips)
Seat 5: de1b3864 ($9.42 in chips)
Seat 6: efc5137 ($2.4 in chips)
55551fa2: posts small blind $0.02
88419fe2: posts big blind $0.05
*** HOLE CARDS ***
Dealt to 70511dc1 
Dealt to Hero [4c Th]
Dealt to 55551fa2 
Dealt to 88419fe2 
Dealt to de1b3864 
Dealt to efc5137 
de1b3864: raises $0.1 to $0.15
efc5137: calls $0.15
70511dc1: folds
Hero: folds
55551fa2: folds
88419fe2: folds
*** FLOP *** [Ts 7d 3h]
de1b3864: checks
efc5137: bets $0.37
de1b3864: folds
Uncalled bet ($0.37) returned to efc5137
*** SHOWDOWN ***
efc5137 collected $0.36 from pot
*** SUMMARY ***
Total pot $0.37 | Rake $0.01 | Jackpot $0 | Bingo $0 | Fortune $0 | Tax $0
Board [Ts 7d 3h]
Seat 1: 70511dc1 folded before Flop (didn't bet)
Seat 2: Hero (button) folded before Flop (didn't bet)
Seat 3: 55551fa2 (small blind) folded before Flop
Seat 4: 88419fe2 (big blind) folded before Flop
Seat 5: de1b3864 folded on the Flop
Seat 6: efc5137 won ($0.36)


Poker Hand #HD1730093193: Hold'em No Limit ($0.02/$0.05) - 2024/04/14 17:04:15
Table 'NLHBlue6' 6-max Seat #1 is the button
Seat 1: 70511dc1 ($6.14 in chips)
Seat 2: Hero ($5.38 in chips)
Seat 3: 55551fa2 ($5.09 in chips)
Seat 4: 88419fe2 ($1 in chips)
Seat 5: de1b3864 ($9.42 in chips)
Seat 6: efc5137 ($2.4 in chips)
Hero: posts small blind $0.02
55551fa2: posts big blind $0.05
*** HOLE CARDS ***
Dealt to 70511dc1 
Dealt to Hero [Js Jd]
Dealt to 55551fa2 
Dealt to 88419fe2 
Dealt to de1b3864 
Dealt to efc5137 
88419fe2: folds
de1b3864: folds
efc5137: folds
70511dc1: folds
Hero: raises $0.1 to $0.15
55551fa2: calls $0.1
*** FLOP *** [4c Ks 3c]
Hero: bets $0.15
55551fa2: calls $0.15
*** TURN *** [4c Ks 3c] [Td]
Hero: checks
55551fa2: bets $0.3
Hero: folds
Uncalled bet ($0.3) returned to 55551fa2
*** SHOWDOWN ***
55551fa2 collected $0.57 from pot
*** SUMMARY ***
Total pot $0.6 | Rake $0.03 | Jackpot $0 | Bingo $0 | Fortune $0 | Tax $0
Board [4c Ks 3c Td]
Seat 1: 70511dc1 (button) folded before Flop (didn't bet)
Seat 2: Hero (small blind) folded on the Turn
Seat 3: 55551fa2 (big blind) won ($0.57)
Seat 4: 88419fe2 folded before Flop (didn't bet)
Seat 5: de1b3864 folded before Flop (didn't bet)
Seat 6: efc5137 folded before Flop (didn't bet)


Poker Hand #HD1730093107: Hold'em No Limit ($0.02/$0.05) - 2024/04/14 17:03:35
Table 'NLHBlue6' 6-max Seat #6 is the button
Seat 1: 70511dc1 ($6.16 in chips)
Seat 2: Hero ($5 in chips)
Seat 3: 55551fa2 ($5.09 in chips)
Seat 4: 88419fe2 ($1 in chips)
Seat 5: de1b3864 ($9.42 in chips)
Seat 6: efc5137 ($2.8 in chips)
70511dc1: posts small blind $0.02
Hero: posts big blind $0.05
*** HOLE CARDS ***
Dealt to 70511dc1 
Dealt to Hero [Qd Ac]
Dealt to 55551fa2 
Dealt to 88419fe2 
Dealt to de1b3864 
Dealt to efc5137 
55551fa2: folds
88419fe2: folds
de1b3864: folds
efc5137: raises $0.05 to $0.1
70511dc1: folds
Hero: raises $0.3 to $0.4
efc5137: calls $0.3
*** FLOP *** [5h 2h Ts]
Hero: bets $0.3
efc5137: folds
Uncalled bet ($0.3) returned to Hero
*** SHOWDOWN ***
Hero collected $0.78 from pot
*** SUMMARY ***
Total pot $0.82 | Rake $0.04 | Jackpot $0 | Bingo $0 | Fortune $0 | Tax $0
Board [5h 2h Ts]
Seat 1: 70511dc1 (small blind) folded before Flop
Seat 2: Hero (big blind) won ($0.78)
Seat 3: 55551fa2 folded before Flop (didn't bet)
Seat 4: 88419fe2 folded before Flop (didn't bet)
Seat 5: de1b3864 folded before Flop (didn't bet)
Seat 6: efc5137 (button) folded on the Flop


Poker Hand #HD1730092993: Hold'em No Limit ($0.02/$0.05) - 2024/04/14 17:02:37
Table 'NLHBlue6' 6-max Seat #5 is the button
Seat 1: 70511dc1 ($6.21 in chips)
Seat 2: Hero ($5 in chips)
Seat 3: 55551fa2 ($5.39 in chips)
Seat 4: 88419fe2 ($1 in chips)
Seat 5: de1b3864 ($9.08 in chips)
Seat 6: efc5137 ($2.82 in chips)
efc5137: posts small blind $0.02
70511dc1: posts big blind $0.05
*** HOLE CARDS ***
Dealt to 70511dc1 
Dealt to Hero [2d Qd]
Dealt to 55551fa2 
Dealt to 88419fe2 
Dealt to de1b3864 
Dealt to efc5137 
Hero: folds
55551fa2: raises $0.05 to $0.1
88419fe2: folds
de1b3864: raises $0.2 to $0.3
efc5137: folds
70511dc1: folds
55551fa2: calls $0.2
*** FLOP *** [8d Ah Ad]
55551fa2: checks
de1b3864: bets $0.26
55551fa2: folds
Uncalled bet ($0.26) returned to de1b3864
*** SHOWDOWN ***
de1b3864 collected $0.64 from pot
*** SUMMARY ***
Total pot $0.67 | Rake $0.03 | Jackpot $0 | Bingo $0 | Fortune $0 | Tax $0
Board [8d Ah Ad]
Seat 1: 70511dc1 (big blind) folded before Flop
Seat 2: Hero folded before Flop (didn't bet)
Seat 3: 55551fa2 folded on the Flop
Seat 4: 88419fe2 folded before Flop (didn't bet)
Seat 5: de1b3864 (button) won ($0.64)
Seat 6: efc5137 (small blind) folded before Flop


Poker Hand #HD1730092977: Hold'em No Limit ($0.02/$0.05) - 2024/04/14 17:02:25
Table 'NLHBlue6' 6-max Seat #4 is the button
Seat 1: 70511dc1 ($6.21 in chips)
Seat 2: Hero ($5 in chips)
Seat 3: 55551fa2 ($5.39 in chips)
Seat 4: 88419fe2 ($1 in chips)
Seat 5: de1b3864 ($9.03 in chips)
Seat 6: efc5137 ($2.87 in chips)
de1b3864: posts small blind $0.02
efc5137: posts big blind $0.05
*** HOLE CARDS ***
Dealt to 70511dc1 
Dealt to Hero [6d 9c]
Dealt to 55551fa2 
Dealt to 88419fe2 
Dealt to de1b3864 
Dealt to efc5137 
70511dc1: folds
Hero: folds
55551fa2: folds
88419fe2: folds
de1b3864: raises $0.1 to $0.15
efc5137: folds
Uncalled bet ($0.1) returned to de1b3864
*** SHOWDOWN ***
de1b3864 collected $0.1 from pot
*** SUMMARY ***
Total pot $0.1 | Rake $0 | Jackpot $0 | Bingo $0 | Fortune $0 | Tax $0
Seat 1: 70511dc1 folded before Flop (didn't bet)
Seat 2: Hero folded before Flop (didn't bet)
Seat 3: 55551fa2 folded before Flop (didn't bet)
Seat 4: 88419fe2 (button) folded before Flop (didn't bet)
Seat 5: de1b3864 (small blind) collected ($0.1)
Seat 6: efc5137 (big blind) folded before Flop


Poker Hand #HD1730092912: Hold'em No Limit ($0.02/$0.05) - 2024/04/14 17:01:57
Table 'NLHBlue6' 6-max Seat #3 is the button
Seat 1: 70511dc1 ($6.21 in chips)
Seat 2: Hero ($5 in chips)
Seat 3: 55551fa2 ($5.39 in chips)
Seat 4: 88419fe2 ($1 in chips)
Seat 5: de1b3864 ($9.08 in chips)
Seat 6: efc5137 ($2.8 in chips)
88419fe2: posts small blind $0.02
de1b3864: posts big blind $0.05
*** HOLE CARDS ***
Dealt to 70511dc1 
Dealt to Hero [9d 8s]
Dealt to 55551fa2 
Dealt to 88419fe2 
Dealt to de1b3864 
Dealt to efc5137 
efc5137: calls $0.05
70511dc1: folds
Hero: folds
55551fa2: folds
88419fe2: folds
de1b3864: checks
*** FLOP *** [3c 4d Js]
de1b3864: checks
efc5137: bets $0.12
de1b3864: folds
Uncalled bet ($0.12) returned to efc5137
*** SHOWDOWN ***
efc5137 collected $0.12 from pot
*** SUMMARY ***
Total pot $0.12 | Rake $0 | Jackpot $0 | Bingo $0 | Fortune $0 | Tax $0
Board [3c 4d Js]
Seat 1: 70511dc1 folded before Flop (didn't bet)
Seat 2: Hero folded before Flop (didn't bet)
Seat 3: 55551fa2 (button) folded before Flop (didn't bet)
Seat 4: 88419fe2 (small blind) folded before Flop
Seat 5: de1b3864 (big blind) folded on the Flop
Seat 6: efc5137 won ($0.12)


Poker Hand #HD1730092790: Hold'em No Limit ($0.02/$0.05) - 2024/04/14 17:00:59
Table 'NLHBlue6' 6-max Seat #2 is the button
Seat 1: 70511dc1 ($5.57 in chips)
Seat 2: Hero ($5 in chips)
Seat 3: 55551fa2 ($5.41 in chips)
Seat 4: 88419fe2 ($1 in chips)
Seat 5: de1b3864 ($9.08 in chips)
Seat 6: efc5137 ($2.8 in chips)
55551fa2: posts small blind $0.02
88419fe2: posts big blind $0.05
*** HOLE CARDS ***
Dealt to 70511dc1 
Dealt to Hero [4d 4c]
Dealt to 55551fa2 
Dealt to 88419fe2 
Dealt to de1b3864 
Dealt to efc5137 
de1b3864: folds
efc5137: folds
70511dc1: raises $0.11 to $0.16
Hero: folds
55551fa2: folds
88419fe2: raises $0.84 to $1 and is all-in
70511dc1: calls $0.84
88419fe2: shows [Ah 6h]
70511dc1: shows [Kh Ac]
*** FLOP *** [2d 7d As]
70511dc1: Chooses to EV Cashout 
*** TURN *** [2d 7d As] [Qs]
*** RIVER *** [2d 7d As Qs] [7h]
70511dc1: Pays Cashout Risk ($0.24)
*** SHOWDOWN ***
70511dc1 collected $1.88 from pot
*** SUMMARY ***
Total pot $2.02 | Rake $0.09 | Jackpot $0.05 | Bingo $0 | Fortune $0 | Tax $0
Board [2d 7d As Qs 7h]
Seat 1: 70511dc1 showed [Kh Ac] and won ($1.88) with Pair of Aces and Pair of Sevens, Cashout Risk ($0.24)
Seat 2: Hero (button) folded before Flop (didn't bet)
Seat 3: 55551fa2 (small blind) folded before Flop
Seat 4: 88419fe2 (big blind) showed [Ah 6h] and lost with Pair of Aces and Pair of Sevens
Seat 5: de1b3864 folded before Flop (didn't bet)
Seat 6: efc5137 folded before Flop (didn't bet)


Poker Hand #HD1730092690: Hold'em No Limit ($0.02/$0.05) - 2024/04/14 17:00:09
Table 'NLHBlue6' 6-max Seat #1 is the button
Seat 1: 70511dc1 ($5.77 in chips)
Seat 2: Hero ($5 in chips)
Seat 3: 55551fa2 ($5.46 in chips)
Seat 4: 88419fe2 ($1 in chips)
Seat 5: de1b3864 ($9.08 in chips)
Seat 6: efc5137 ($2.55 in chips)
Hero: posts small blind $0.02
55551fa2: posts big blind $0.05
*** HOLE CARDS ***
Dealt to 70511dc1 
Dealt to Hero [4d 7s]
Dealt to 55551fa2 
Dealt to 88419fe2 
Dealt to de1b3864 
Dealt to efc5137 
88419fe2: folds
de1b3864: folds
efc5137: calls $0.05
70511dc1: raises $0.15 to $0.2
Hero: folds
55551fa2: folds
efc5137: calls $0.15
*** FLOP *** [Jh Qs Kc]
efc5137: checks
70511dc1: checks
*** TURN *** [Jh Qs Kc] [2h]
efc5137: checks
70511dc1: checks
*** RIVER *** [Jh Qs Kc 2h] [3s]
efc5137: bets $0.36
70511dc1: folds
Uncalled bet ($0.36) returned to efc5137
55551fa2: shows [3h Qd] (Pair of Queens and Pair of Treys)
*** SHOWDOWN ***
efc5137 collected $0.45 from pot
*** SUMMARY ***
Total pot $0.47 | Rake $0.02 | Jackpot $0 | Bingo $0 | Fortune $0 | Tax $0
Board [Jh Qs Kc 2h 3s]
Seat 1: 70511dc1 (button) folded on the River
Seat 2: Hero (small blind) folded before Flop
Seat 3: 55551fa2 (big blind) folded before Flop
Seat 4: 88419fe2 folded before Flop (didn't bet)
Seat 5: de1b3864 folded before Flop (didn't bet)
Seat 6: efc5137 won ($0.45)


Poker Hand #HD1730092667: Hold'em No Limit ($0.02/$0.05) - 2024/04/14 16:59:54
Table 'NLHBlue6' 6-max Seat #6 is the button
Seat 1: 70511dc1 ($5.79 in chips)
Seat 2: Hero ($5 in chips)
Seat 3: 55551fa2 ($5.46 in chips)
Seat 4: 88419fe2 ($1 in chips)
Seat 5: de1b3864 ($9.08 in chips)
Seat 6: efc5137 ($2.48 in chips)
70511dc1: posts small blind $0.02
Hero: posts big blind $0.05
*** HOLE CARDS ***
Dealt to 70511dc1 
Dealt to Hero [2d Ah]
Dealt to 55551fa2 
Dealt to 88419fe2 
Dealt to de1b3864 
Dealt to efc5137 
55551fa2: folds
88419fe2: folds
de1b3864: folds
efc5137: raises $0.05 to $0.1
70511dc1: folds
Hero: folds
Uncalled bet ($0.05) returned to efc5137
*** SHOWDOWN ***
efc5137 collected $0.12 from pot
*** SUMMARY ***
Total pot $0.12 | Rake $0 | Jackpot $0 | Bingo $0 | Fortune $0 | Tax $0
Seat 1: 70511dc1 (small blind) folded before Flop
Seat 2: Hero (big blind) folded before Flop
Seat 3: 55551fa2 folded before Flop (didn't bet)
Seat 4: 88419fe2 folded before Flop (didn't bet)
Seat 5: de1b3864 folded before Flop (didn't bet)
Seat 6: efc5137 (button) collected ($0.12)


Poker Hand #HD1730092580: Hold'em No Limit ($0.02/$0.05) - 2024/04/14 16:59:06
Table 'NLHBlue6' 6-max Seat #5 is the button
Seat 1: 70511dc1 ($5.84 in chips)
Seat 2: Hero ($5.07 in chips)
Seat 3: 55551fa2 ($4.89 in chips)
Seat 4: 88419fe2 ($1 in chips)
Seat 5: de1b3864 ($9.08 in chips)
Seat 6: efc5137 ($2.58 in chips)
efc5137: posts small blind $0.02
70511dc1: posts big blind $0.05
*** HOLE CARDS ***
Dealt to 70511dc1 
Dealt to Hero [Ts Th]
Dealt to 55551fa2 
Dealt to 88419fe2 
Dealt to de1b3864 
Dealt to efc5137 
Hero: raises $0.05 to $0.1
55551fa2: calls $0.1
88419fe2: folds
de1b3864: folds
efc5137: calls $0.08
70511dc1: folds
*** FLOP *** [2c 5d 6c]
efc5137: checks
Hero: bets $0.15
55551fa2: raises $0.22 to $0.37
efc5137: folds
Hero: calls $0.22
*** TURN *** [2c 5d 6c] [3s]
Hero: checks
55551fa2: bets $0.82
Hero: folds
Uncalled bet ($0.82) returned to 55551fa2
*** SHOWDOWN ***
55551fa2 collected $1.04 from pot
*** SUMMARY ***
Total pot $1.09 | Rake $0.05 | Jackpot $0 | Bingo $0 | Fortune $0 | Tax $0
Board [2c 5d 6c 3s]
Seat 1: 70511dc1 (big blind) folded before Flop
Seat 2: Hero folded on the Turn
Seat 3: 55551fa2 won ($1.04)
Seat 4: 88419fe2 folded before Flop (didn't bet)
Seat 5: de1b3864 (button) folded before Flop (didn't bet)
Seat 6: efc5137 (small blind) folded on the Flop


Poker Hand #HD1730092497: Hold'em No Limit ($0.02/$0.05) - 2024/04/14 16:58:17
Table 'NLHBlue6' 6-max Seat #4 is the button
Seat 1: 70511dc1 ($5.84 in chips)
Seat 2: Hero ($5.07 in chips)
Seat 3: 55551fa2 ($5 in chips)
Seat 4: 88419fe2 ($1 in chips)
Seat 5: de1b3864 ($9.1 in chips)
Seat 6: efc5137 ($2.46 in chips)
de1b3864: posts small blind $0.02
efc5137: posts big blind $0.05
55551fa2: posts big blind $0.05
*** HOLE CARDS ***
Dealt to 70511dc1 
Dealt to Hero [5h Tc]
Dealt to 55551fa2 
Dealt to 88419fe2 
Dealt to de1b3864 
Dealt to efc5137 
70511dc1: folds
Hero: folds
55551fa2: checks
88419fe2: folds
de1b3864: folds
efc5137: checks
*** FLOP *** [6s Kd 5c]
efc5137: checks
55551fa2: checks
*** TURN *** [6s Kd 5c] [Qd]
efc5137: bets $0.06
55551fa2: calls $0.06
*** RIVER *** [6s Kd 5c Qd] [4c]
efc5137: bets $0.24
55551fa2: folds
Uncalled bet ($0.24) returned to efc5137
*** SHOWDOWN ***
efc5137 collected $0.23 from pot
*** SUMMARY ***
Total pot $0.24 | Rake $0.01 | Jackpot $0 | Bingo $0 | Fortune $0 | Tax $0
Board [6s Kd 5c Qd 4c]
Seat 1: 70511dc1 folded before Flop (didn't bet)
Seat 2: Hero folded before Flop (didn't bet)
Seat 3: 55551fa2 folded on the River
Seat 4: 88419fe2 (button) folded before Flop (didn't bet)
Seat 5: de1b3864 (small blind) folded before Flop
Seat 6: efc5137 (big blind) won ($0.23)


Poker Hand #HD1730092435: Hold'em No Limit ($0.02/$0.05) - 2024/04/14 16:57:47
Table 'NLHBlue6' 6-max Seat #2 is the button
Seat 1: 70511dc1 ($5.84 in chips)
Seat 2: Hero ($5.07 in chips)
Seat 4: 88419fe2 ($1.02 in chips)
Seat 5: de1b3864 ($9.15 in chips)
Seat 6: efc5137 ($2.39 in chips)
88419fe2: posts small blind $0.02
de1b3864: posts big blind $0.05
*** HOLE CARDS ***
Dealt to 70511dc1 
Dealt to Hero [4d Qd]
Dealt to 88419fe2 
Dealt to de1b3864 
Dealt to efc5137 
efc5137: raises $0.05 to $0.1
70511dc1: folds
Hero: folds
88419fe2: folds
de1b3864: folds
Uncalled bet ($0.05) returned to efc5137
*** SHOWDOWN ***
efc5137 collected $0.12 from pot
*** SUMMARY ***
Total pot $0.12 | Rake $0 | Jackpot $0 | Bingo $0 | Fortune $0 | Tax $0
Seat 1: 70511dc1 folded before Flop (didn't bet)
Seat 2: Hero (button) folded before Flop (didn't bet)
Seat 4: 88419fe2 (small blind) folded before Flop
Seat 5: de1b3864 (big blind) folded before Flop
Seat 6: efc5137 collected ($0.12)


Poker Hand #HD1730092395: Hold'em No Limit ($0.02/$0.05) - 2024/04/14 16:57:27
Table 'NLHBlue6' 6-max Seat #1 is the button
Seat 1: 70511dc1 ($5.84 in chips)
Seat 2: Hero ($5.09 in chips)
Seat 4: 88419fe2 ($1 in chips)
Seat 5: de1b3864 ($9.15 in chips)
Seat 6: efc5137 ($2.39 in chips)
Hero: posts small blind $0.02
88419fe2: posts big blind $0.05
*** HOLE CARDS ***
Dealt to 70511dc1 
Dealt to Hero [Ac 2s]
Dealt to 88419fe2 
Dealt to de1b3864 
Dealt to efc5137 
de1b3864: folds
efc5137: folds
70511dc1: folds
Hero: folds
Uncalled bet ($0.03) returned to 88419fe2
*** SHOWDOWN ***
88419fe2 collected $0.04 from pot
*** SUMMARY ***
Total pot $0.04 | Rake $0 | Jackpot $0 | Bingo $0 | Fortune $0 | Tax $0
Seat 1: 70511dc1 (button) folded before Flop (didn't bet)
Seat 2: Hero (small blind) folded before Flop
Seat 4: 88419fe2 (big blind) collected ($0.04)
Seat 5: de1b3864 folded before Flop (didn't bet)
Seat 6: efc5137 folded before Flop (didn't bet)


Poker Hand #HD1730092372: Hold'em No Limit ($0.02/$0.05) - 2024/04/14 16:57:16
Table 'NLHBlue6' 6-max Seat #6 is the button
Seat 1: 70511dc1 ($5.86 in chips)
Seat 2: Hero ($5.07 in chips)
Seat 3: fd00112d ($6.97 in chips)
Seat 4: 88419fe2 ($1 in chips)
Seat 5: de1b3864 ($9.15 in chips)
Seat 6: efc5137 ($2.39 in chips)
70511dc1: posts small blind $0.02
Hero: posts big blind $0.05
*** HOLE CARDS ***
Dealt to 70511dc1 
Dealt to Hero [2d Js]
Dealt to fd00112d 
Dealt to 88419fe2 
Dealt to de1b3864 
Dealt to efc5137 
fd00112d: folds
88419fe2: folds
de1b3864: folds
efc5137: folds
70511dc1: folds
Uncalled bet ($0.03) returned to Hero
*** SHOWDOWN ***
Hero collected $0.04 from pot
*** SUMMARY ***
Total pot $0.04 | Rake $0 | Jackpot $0 | Bingo $0 | Fortune $0 | Tax $0
Seat 1: 70511dc1 (small blind) folded before Flop
Seat 2: Hero (big blind) collected ($0.04)
Seat 3: fd00112d folded before Flop (didn't bet)
Seat 4: 88419fe2 folded before Flop (didn't bet)
Seat 5: de1b3864 folded before Flop (didn't bet)
Seat 6: efc5137 (button) folded before Flop (didn't bet)


Poker Hand #HD1730092353: Hold'em No Limit ($0.02/$0.05) - 2024/04/14 16:57:06
Table 'NLHBlue6' 6-max Seat #5 is the button
Seat 1: 70511dc1 ($5.84 in chips)
Seat 2: Hero ($5.07 in chips)
Seat 3: fd00112d ($6.97 in chips)
Seat 4: 88419fe2 ($1 in chips)
Seat 5: de1b3864 ($9.15 in chips)
Seat 6: efc5137 ($2.41 in chips)
efc5137: posts small blind $0.02
70511dc1: posts big blind $0.05
*** HOLE CARDS ***
Dealt to 70511dc1 
Dealt to Hero [8d Jh]
Dealt to fd00112d 
Dealt to 88419fe2 
Dealt to de1b3864 
Dealt to efc5137 
Hero: folds
fd00112d: folds
88419fe2: folds
de1b3864: folds
efc5137: folds
Uncalled bet ($0.03) returned to 70511dc1
*** SHOWDOWN ***
70511dc1 collected $0.04 from pot
*** SUMMARY ***
Total pot $0.04 | Rake $0 | Jackpot $0 | Bingo $0 | Fortune $0 | Tax $0
Seat 1: 70511dc1 (big blind) collected ($0.04)
Seat 2: Hero folded before Flop (didn't bet)
Seat 3: fd00112d folded before Flop (didn't bet)
Seat 4: 88419fe2 folded before Flop (didn't bet)
Seat 5: de1b3864 (button) folded before Flop (didn't bet)
Seat 6: efc5137 (small blind) folded before Flop


Poker Hand #HD1730092326: Hold'em No Limit ($0.02/$0.05) - 2024/04/14 16:56:49
Table 'NLHBlue6' 6-max Seat #4 is the button
Seat 1: 70511dc1 ($5.84 in chips)
Seat 2: Hero ($5.07 in chips)
Seat 3: fd00112d ($6.97 in chips)
Seat 4: 88419fe2 ($1 in chips)
Seat 5: de1b3864 ($9.1 in chips)
Seat 6: efc5137 ($2.46 in chips)
de1b3864: posts small blind $0.02
efc5137: posts big blind $0.05
*** HOLE CARDS ***
Dealt to 70511dc1 
Dealt to Hero [As 3d]
Dealt to fd00112d 
Dealt to 88419fe2 
Dealt to de1b3864 
Dealt to efc5137 
70511dc1: folds
Hero: folds
fd00112d: folds
88419fe2: folds
de1b3864: raises $0.1 to $0.15
efc5137: folds
Uncalled bet ($0.1) returned to de1b3864
*** SHOWDOWN ***
de1b3864 collected $0.1 from pot
*** SUMMARY ***
Total pot $0.1 | Rake $0 | Jackpot $0 | Bingo $0 | Fortune $0 | Tax $0
Seat 1: 70511dc1 folded before Flop (didn't bet)
Seat 2: Hero folded before Flop (didn't bet)
Seat 3: fd00112d folded before Flop (didn't bet)
Seat 4: 88419fe2 (button) folded before Flop (didn't bet)
Seat 5: de1b3864 (small blind) collected ($0.1)
Seat 6: efc5137 (big blind) folded before Flop


Poker Hand #HD1730092209: Hold'em No Limit ($0.02/$0.05) - 2024/04/14 16:55:42
Table 'NLHBlue6' 6-max Seat #3 is the button
Seat 1: 70511dc1 ($5 in chips)
Seat 2: Hero ($5.07 in chips)
Seat 3: fd00112d ($6.97 in chips)
Seat 4: 88419fe2 ($1.02 in chips)
Seat 5: de1b3864 ($9.15 in chips)
Seat 6: efc5137 ($1.28 in chips)
88419fe2: posts small blind $0.02
de1b3864: posts big blind $0.05
*** HOLE CARDS ***
Dealt to 70511dc1 
Dealt to Hero [2d 5d]
Dealt to fd00112d 
Dealt to 88419fe2 
Dealt to de1b3864 
Dealt to efc5137 
efc5137: raises $0.05 to $0.1
70511dc1: raises $0.32 to $0.42
Hero: folds
fd00112d: folds
88419fe2: folds
de1b3864: folds
efc5137: calls $0.32
*** FLOP *** [6d 7s Qd]
efc5137: bets $0.69
70511dc1: raises $0.69 to $1.38
efc5137: calls $0.17 and is all-in
Uncalled bet ($0.52) returned to 70511dc1
70511dc1: shows [Kh Ks] (Pair of Kings)
efc5137: shows [2h Ac] (Ace-High)
*** TURN *** [6d 7s Qd] [Qc]
*** RIVER *** [6d 7s Qd Qc] [Ad]
70511dc1: Receives Cashout ($2.12)
*** SHOWDOWN ***
efc5137 collected $2.46 from pot
*** SUMMARY ***
Total pot $2.63 | Rake $0.12 | Jackpot $0.05 | Bingo $0 | Fortune $0 | Tax $0
Board [6d 7s Qd Qc Ad]
Seat 1: 70511dc1 showed [Kh Ks] and lost with Pair of Kings and Pair of Queens, EV Cashout ($2.12)
Seat 2: Hero folded before Flop (didn't bet)
Seat 3: fd00112d (button) folded before Flop (didn't bet)
Seat 4: 88419fe2 (small blind) folded before Flop
Seat 5: de1b3864 (big blind) folded before Flop
Seat 6: efc5137 showed [2h Ac] and won ($2.46) with Pair of Aces and Pair of Queens


Poker Hand #HD1730092195: Hold'em No Limit ($0.02/$0.05) - 2024/04/14 16:55:33
Table 'NLHBlue6' 6-max Seat #2 is the button
Seat 1: 70511dc1 ($5 in chips)
Seat 2: Hero ($5.07 in chips)
Seat 3: fd00112d ($6.99 in chips)
Seat 4: 88419fe2 ($1 in chips)
Seat 5: de1b3864 ($9.15 in chips)
Seat 6: efc5137 ($1.28 in chips)
fd00112d: posts small blind $0.02
88419fe2: posts big blind $0.05
*** HOLE CARDS ***
Dealt to 70511dc1 
Dealt to Hero [Ad 2s]
Dealt to fd00112d 
Dealt to 88419fe2 
Dealt to de1b3864 
Dealt to efc5137 
de1b3864: folds
efc5137: folds
70511dc1: folds
Hero: folds
fd00112d: folds
Uncalled bet ($0.03) returned to 88419fe2
*** SHOWDOWN ***
88419fe2 collected $0.04 from pot
*** SUMMARY ***
Total pot $0.04 | Rake $0 | Jackpot $0 | Bingo $0 | Fortune $0 | Tax $0
Seat 1: 70511dc1 folded before Flop (didn't bet)
Seat 2: Hero (button) folded before Flop (didn't bet)
Seat 3: fd00112d (small blind) folded before Flop
Seat 4: 88419fe2 (big blind) collected ($0.04)
Seat 5: de1b3864 folded before Flop (didn't bet)
Seat 6: efc5137 folded before Flop (didn't bet)


Poker Hand #HD1730092143: Hold'em No Limit ($0.02/$0.05) - 2024/04/14 16:55:08
Table 'NLHBlue6' 6-max Seat #1 is the button
Seat 1: 70511dc1 ($5 in chips)
Seat 2: Hero ($5.09 in chips)
Seat 3: fd00112d ($6.88 in chips)
Seat 4: 88419fe2 ($1 in chips)
Seat 5: de1b3864 ($9.15 in chips)
Seat 6: efc5137 ($1.38 in chips)
Hero: posts small blind $0.02
fd00112d: posts big blind $0.05
*** HOLE CARDS ***
Dealt to 70511dc1 
Dealt to Hero [7d 5c]
Dealt to fd00112d 
Dealt to 88419fe2 
Dealt to de1b3864 
Dealt to efc5137 
88419fe2: folds
de1b3864: folds
efc5137: calls $0.05
70511dc1: folds
Hero: folds
fd00112d: checks
*** FLOP *** [5s 3d 6d]
fd00112d: bets $0.05
efc5137: calls $0.05
*** TURN *** [5s 3d 6d] [Jc]
fd00112d: bets $0.17
efc5137: folds
Uncalled bet ($0.17) returned to fd00112d
*** SHOWDOWN ***
fd00112d collected $0.21 from pot
*** SUMMARY ***
Total pot $0.22 | Rake $0.01 | Jackpot $0 | Bingo $0 | Fortune $0 | Tax $0
Board [5s 3d 6d Jc]
Seat 1: 70511dc1 (button) folded before Flop (didn't bet)
Seat 2: Hero (small blind) folded before Flop
Seat 3: fd00112d (big blind) won ($0.21)
Seat 4: 88419fe2 folded before Flop (didn't bet)
Seat 5: de1b3864 folded before Flop (didn't bet)
Seat 6: efc5137 folded on the Turn


Poker Hand #HD1730091973: Hold'em No Limit ($0.02/$0.05) - 2024/04/14 16:53:26
Table 'NLHBlue6' 6-max Seat #6 is the button
Seat 1: 70511dc1 ($4.59 in chips)
Seat 2: Hero ($5.14 in chips)
Seat 3: fd00112d ($6.88 in chips)
Seat 4: 88419fe2 ($1 in chips)
Seat 5: de1b3864 ($5.01 in chips)
Seat 6: efc5137 ($1.38 in chips)
70511dc1: posts small blind $0.02
Hero: posts big blind $0.05
*** HOLE CARDS ***
Dealt to 70511dc1 
Dealt to Hero [3d 8s]
Dealt to fd00112d 
Dealt to 88419fe2 
Dealt to de1b3864 
Dealt to efc5137 
fd00112d: folds
88419fe2: folds
de1b3864: raises $0.09 to $0.14
efc5137: folds
70511dc1: raises $0.3 to $0.44
Hero: folds
de1b3864: calls $0.3
*** FLOP *** [Kc Td 6d]
70511dc1: bets $0.56
de1b3864: raises $0.82 to $1.38
70511dc1: calls $0.82
*** TURN *** [Kc Td 6d] [5s]
70511dc1: checks
de1b3864: bets $3.19 and is all-in
70511dc1: calls $2.77 and is all-in
Uncalled bet ($0.42) returned to de1b3864
de1b3864: shows [6s 6h] (Three Sixes)
70511dc1: shows [Ad Ah] (Pair of Aces)
*** RIVER *** [Kc Td 6d 5s] [7h]
*** SHOWDOWN ***
de1b3864 collected $8.73 from pot
*** SUMMARY ***
Total pot $9.23 | Rake $0.45 | Jackpot $0.05 | Bingo $0 | Fortune $0 | Tax $0
Board [Kc Td 6d 5s 7h]
Seat 1: 70511dc1 (small blind) showed [Ad Ah] and lost with Pair of Aces
Seat 2: Hero (big blind) folded before Flop
Seat 3: fd00112d folded before Flop (didn't bet)
Seat 4: 88419fe2 folded before Flop (didn't bet)
Seat 5: de1b3864 showed [6s 6h] and won ($8.73) with Three Sixes
Seat 6: efc5137 (button) folded before Flop (didn't bet)


Poker Hand #HD1730091922: Hold'em No Limit ($0.02/$0.05) - 2024/04/14 16:53:04
Table 'NLHBlue6' 6-max Seat #5 is the button
Seat 1: 70511dc1 ($4.57 in chips)
Seat 2: Hero ($5.14 in chips)
Seat 3: fd00112d ($6.88 in chips)
Seat 4: 88419fe2 ($1 in chips)
Seat 5: de1b3864 ($5.01 in chips)
Seat 6: efc5137 ($1.4 in chips)
efc5137: posts small blind $0.02
70511dc1: posts big blind $0.05
*** HOLE CARDS ***
Dealt to 70511dc1 
Dealt to Hero [4d Jd]
Dealt to fd00112d 
Dealt to 88419fe2 
Dealt to de1b3864 
Dealt to efc5137 
Hero: folds
fd00112d: folds
88419fe2: folds
de1b3864: folds
efc5137: folds
Uncalled bet ($0.03) returned to 70511dc1
*** SHOWDOWN ***
70511dc1 collected $0.04 from pot
*** SUMMARY ***
Total pot $0.04 | Rake $0 | Jackpot $0 | Bingo $0 | Fortune $0 | Tax $0
Seat 1: 70511dc1 (big blind) collected ($0.04)
Seat 2: Hero folded before Flop (didn't bet)
Seat 3: fd00112d folded before Flop (didn't bet)
Seat 4: 88419fe2 folded before Flop (didn't bet)
Seat 5: de1b3864 (button) folded before Flop (didn't bet)
Seat 6: efc5137 (small blind) folded before Flop


Poker Hand #HD1730091829: Hold'em No Limit ($0.02/$0.05) - 2024/04/14 16:52:04
Table 'NLHBlue6' 6-max Seat #4 is the button
Seat 1: 70511dc1 ($4.71 in chips)
Seat 2: Hero ($5.14 in chips)
Seat 3: fd00112d ($6.88 in chips)
Seat 4: 88419fe2 ($1 in chips)
Seat 5: de1b3864 ($5.03 in chips)
Seat 6: efc5137 ($1.25 in chips)
de1b3864: posts small blind $0.02
efc5137: posts big blind $0.05
*** HOLE CARDS ***
Dealt to 70511dc1 
Dealt to Hero [3d 8h]
Dealt to fd00112d 
Dealt to 88419fe2 
Dealt to de1b3864 
Dealt to efc5137 
70511dc1: raises $0.09 to $0.14
Hero: folds
fd00112d: folds
88419fe2: folds
de1b3864: folds
efc5137: calls $0.09
*** FLOP *** [2c 9h 6d]
efc5137: bets $0.23
70511dc1: folds
Uncalled bet ($0.23) returned to efc5137
*** SHOWDOWN ***
efc5137 collected $0.29 from pot
*** SUMMARY ***
Total pot $0.3 | Rake $0.01 | Jackpot $0 | Bingo $0 | Fortune $0 | Tax $0
Board [2c 9h 6d]
Seat 1: 70511dc1 folded on the Flop
Seat 2: Hero folded before Flop (didn't bet)
Seat 3: fd00112d folded before Flop (didn't bet)
Seat 4: 88419fe2 (button) folded before Flop (didn't bet)
Seat 5: de1b3864 (small blind) folded before Flop
Seat 6: efc5137 (big blind) won ($0.29)


Poker Hand #HD1730091795: Hold'em No Limit ($0.02/$0.05) - 2024/04/14 16:51:47
Table 'NLHBlue6' 6-max Seat #3 is the button
Seat 1: 70511dc1 ($4.71 in chips)
Seat 2: Hero ($5.14 in chips)
Seat 3: fd00112d ($6.88 in chips)
Seat 4: 88419fe2 ($1 in chips)
Seat 5: de1b3864 ($5.01 in chips)
Seat 6: efc5137 ($1.25 in chips)
88419fe2: posts small blind $0.02
de1b3864: posts big blind $0.05
*** HOLE CARDS ***
Dealt to 70511dc1 
Dealt to Hero [Qd 3c]
Dealt to fd00112d 
Dealt to 88419fe2 
Dealt to de1b3864 
Dealt to efc5137 
efc5137: folds
70511dc1: folds
Hero: folds
fd00112d: folds
88419fe2: folds
Uncalled bet ($0.03) returned to de1b3864
*** SHOWDOWN ***
de1b3864 collected $0.04 from pot
*** SUMMARY ***
Total pot $0.04 | Rake $0 | Jackpot $0 | Bingo $0 | Fortune $0 | Tax $0
Seat 1: 70511dc1 folded before Flop (didn't bet)
Seat 2: Hero folded before Flop (didn't bet)
Seat 3: fd00112d (button) folded before Flop (didn't bet)
Seat 4: 88419fe2 (small blind) folded before Flop
Seat 5: de1b3864 (big blind) collected ($0.04)
Seat 6: efc5137 folded before Flop (didn't bet)


Poker Hand #HD1730091738: Hold'em No Limit ($0.02/$0.05) - 2024/04/14 16:51:17
Table 'NLHBlue6' 6-max Seat #2 is the button
Seat 1: 70511dc1 ($4.71 in chips)
Seat 2: Hero ($5.14 in chips)
Seat 3: fd00112d ($6.9 in chips)
Seat 4: 88419fe2 ($1 in chips)
Seat 5: de1b3864 ($5.16 in chips)
Seat 6: efc5137 ($1.04 in chips)
fd00112d: posts small blind $0.02
88419fe2: posts big blind $0.05
*** HOLE CARDS ***
Dealt to 70511dc1 
Dealt to Hero [4d 6s]
Dealt to fd00112d 
Dealt to 88419fe2 
Dealt to de1b3864 
Dealt to efc5137 
de1b3864: raises $0.1 to $0.15
efc5137: calls $0.15
70511dc1: folds
Hero: folds
fd00112d: folds
88419fe2: folds
*** FLOP *** [Jc 6c 7d]
de1b3864: checks
efc5137: bets $0.19
de1b3864: folds
Uncalled bet ($0.19) returned to efc5137
*** SHOWDOWN ***
efc5137 collected $0.36 from pot
*** SUMMARY ***
Total pot $0.37 | Rake $0.01 | Jackpot $0 | Bingo $0 | Fortune $0 | Tax $0
Board [Jc 6c 7d]
Seat 1: 70511dc1 folded before Flop (didn't bet)
Seat 2: Hero (button) folded before Flop (didn't bet)
Seat 3: fd00112d (small blind) folded before Flop
Seat 4: 88419fe2 (big blind) folded before Flop
Seat 5: de1b3864 folded on the Flop
Seat 6: efc5137 won ($0.36)


Poker Hand #HD1730091715: Hold'em No Limit ($0.02/$0.05) - 2024/04/14 16:51:04
Table 'NLHBlue6' 6-max Seat #1 is the button
Seat 1: 70511dc1 ($4.71 in chips)
Seat 2: Hero ($5.16 in chips)
Seat 3: fd00112d ($6.88 in chips)
Seat 4: 88419fe2 ($1 in chips)
Seat 5: de1b3864 ($5.16 in chips)
Seat 6: efc5137 ($1.04 in chips)
Hero: posts small blind $0.02
fd00112d: posts big blind $0.05
*** HOLE CARDS ***
Dealt to 70511dc1 
Dealt to Hero [6h 2h]
Dealt to fd00112d 
Dealt to 88419fe2 
Dealt to de1b3864 
Dealt to efc5137 
88419fe2: folds
de1b3864: folds
efc5137: folds
70511dc1: folds
Hero: folds
Uncalled bet ($0.03) returned to fd00112d
*** SHOWDOWN ***
fd00112d collected $0.04 from pot
*** SUMMARY ***
Total pot $0.04 | Rake $0 | Jackpot $0 | Bingo $0 | Fortune $0 | Tax $0
Seat 1: 70511dc1 (button) folded before Flop (didn't bet)
Seat 2: Hero (small blind) folded before Flop
Seat 3: fd00112d (big blind) collected ($0.04)
Seat 4: 88419fe2 folded before Flop (didn't bet)
Seat 5: de1b3864 folded before Flop (didn't bet)
Seat 6: efc5137 folded before Flop (didn't bet)


Poker Hand #HD1730091690: Hold'em No Limit ($0.02/$0.05) - 2024/04/14 16:50:48
Table 'NLHBlue6' 6-max Seat #6 is the button
Seat 1: 70511dc1 ($4.73 in chips)
Seat 2: Hero ($5.21 in chips)
Seat 3: fd00112d ($6.88 in chips)
Seat 4: 88419fe2 ($1 in chips)
Seat 5: de1b3864 ($5.16 in chips)
Seat 6: efc5137 ($0.97 in chips)
70511dc1: posts small blind $0.02
Hero: posts big blind $0.05
*** HOLE CARDS ***
Dealt to 70511dc1 
Dealt to Hero [2h Ks]
Dealt to fd00112d 
Dealt to 88419fe2 
Dealt to de1b3864 
Dealt to efc5137 
fd00112d: folds
88419fe2: folds
de1b3864: folds
efc5137: raises $0.05 to $0.1
70511dc1: folds
Hero: folds
Uncalled bet ($0.05) returned to efc5137
*** SHOWDOWN ***
efc5137 collected $0.12 from pot
*** SUMMARY ***
Total pot $0.12 | Rake $0 | Jackpot $0 | Bingo $0 | Fortune $0 | Tax $0
Seat 1: 70511dc1 (small blind) folded before Flop
Seat 2: Hero (big blind) folded before Flop
Seat 3: fd00112d folded before Flop (didn't bet)
Seat 4: 88419fe2 folded before Flop (didn't bet)
Seat 5: de1b3864 folded before Flop (didn't bet)
Seat 6: efc5137 (button) collected ($0.12)


Poker Hand #HD1730091652: Hold'em No Limit ($0.02/$0.05) - 2024/04/14 16:50:29
Table 'NLHBlue6' 6-max Seat #5 is the button
Seat 1: 70511dc1 ($4.68 in chips)
Seat 2: Hero ($5.21 in chips)
Seat 3: fd00112d ($6.88 in chips)
Seat 4: 88419fe2 ($1 in chips)
Seat 5: de1b3864 ($5.16 in chips)
Seat 6: efc5137 ($1.02 in chips)
efc5137: posts small blind $0.02
70511dc1: posts big blind $0.05
*** HOLE CARDS ***
Dealt to 70511dc1 
Dealt to Hero [7s 3c]
Dealt to fd00112d 
Dealt to 88419fe2 
Dealt to de1b3864 
Dealt to efc5137 
Hero: folds
fd00112d: folds
88419fe2: folds
de1b3864: folds
efc5137: calls $0.03
70511dc1: raises $0.09 to $0.14
efc5137: folds
Uncalled bet ($0.09) returned to 70511dc1
*** SHOWDOWN ***
70511dc1 collected $0.1 from pot
*** SUMMARY ***
Total pot $0.1 | Rake $0 | Jackpot $0 | Bingo $0 | Fortune $0 | Tax $0
Seat 1: 70511dc1 (big blind) collected ($0.1)
Seat 2: Hero folded before Flop (didn't bet)
Seat 3: fd00112d folded before Flop (didn't bet)
Seat 4: 88419fe2 folded before Flop (didn't bet)
Seat 5: de1b3864 (button) folded before Flop (didn't bet)
Seat 6: efc5137 (small blind) folded before Flop


Poker Hand #HD1730091631: Hold'em No Limit ($0.02/$0.05) - 2024/04/14 16:50:14
Table 'NLHBlue6' 6-max Seat #4 is the button
Seat 1: 70511dc1 ($4.68 in chips)
Seat 2: Hero ($5.21 in chips)
Seat 3: fd00112d ($6.88 in chips)
Seat 4: 88419fe2 ($1 in chips)
Seat 5: de1b3864 ($5.18 in chips)
Seat 6: efc5137 ($1 in chips)
de1b3864: posts small blind $0.02
efc5137: posts big blind $0.05
*** HOLE CARDS ***
Dealt to 70511dc1 
Dealt to Hero [9c 3h]
Dealt to fd00112d 
Dealt to 88419fe2 
Dealt to de1b3864 
Dealt to efc5137 
70511dc1: folds
Hero: folds
fd00112d: folds
88419fe2: folds
de1b3864: folds
Uncalled bet ($0.03) returned to efc5137
*** SHOWDOWN ***
efc5137 collected $0.04 from pot
*** SUMMARY ***
Total pot $0.04 | Rake $0 | Jackpot $0 | Bingo $0 | Fortune $0 | Tax $0
Seat 1: 70511dc1 folded before Flop (didn't bet)
Seat 2: Hero folded before Flop (didn't bet)
Seat 3: fd00112d folded before Flop (didn't bet)
Seat 4: 88419fe2 (button) folded before Flop (didn't bet)
Seat 5: de1b3864 (small blind) folded before Flop
Seat 6: efc5137 (big blind) collected ($0.04)


Poker Hand #HD1730091476: Hold'em No Limit ($0.02/$0.05) - 2024/04/14 16:48:52
Table 'NLHBlue6' 6-max Seat #3 is the button
Seat 1: 70511dc1 ($4.68 in chips)
Seat 2: Hero ($5.21 in chips)
Seat 3: fd00112d ($6.88 in chips)
Seat 4: 88419fe2 ($1.02 in chips)
Seat 5: de1b3864 ($5 in chips)
Seat 6: 9fee7b2e ($5 in chips)
88419fe2: posts small blind $0.02
de1b3864: posts big blind $0.05
*** HOLE CARDS ***
Dealt to 70511dc1 
Dealt to Hero [4s 6d]
Dealt to fd00112d 
Dealt to 88419fe2 
Dealt to de1b3864 
Dealt to 9fee7b2e 
9fee7b2e: folds
70511dc1: folds
Hero: folds
fd00112d: folds
88419fe2: raises $0.15 to $0.2
de1b3864: calls $0.15
*** FLOP *** [9c 2d 3s]
88419fe2: checks
de1b3864: bets $0.18
88419fe2: folds
Uncalled bet ($0.18) returned to de1b3864
*** SHOWDOWN ***
de1b3864 collected $0.38 from pot
*** SUMMARY ***
Total pot $0.4 | Rake $0.02 | Jackpot $0 | Bingo $0 | Fortune $0 | Tax $0
Board [9c 2d 3s]
Seat 1: 70511dc1 folded before Flop (didn't bet)
Seat 2: Hero folded before Flop (didn't bet)
Seat 3: fd00112d (button) folded before Flop (didn't bet)
Seat 4: 88419fe2 (small blind) folded on the Flop
Seat 5: de1b3864 (big blind) won ($0.38)
Seat 6: 9fee7b2e folded before Flop (didn't bet)


Poker Hand #HD1730091441: Hold'em No Limit ($0.02/$0.05) - 2024/04/14 16:48:31
Table 'NLHBlue6' 6-max Seat #2 is the button
Seat 1: 70511dc1 ($4.68 in chips)
Seat 2: Hero ($5.21 in chips)
Seat 3: fd00112d ($6.9 in chips)
Seat 4: 88419fe2 ($1 in chips)
Seat 6: 9fee7b2e ($5 in chips)
fd00112d: posts small blind $0.02
88419fe2: posts big blind $0.05
*** HOLE CARDS ***
Dealt to 70511dc1 
Dealt to Hero [4s 9d]
Dealt to fd00112d 
Dealt to 88419fe2 
Dealt to 9fee7b2e 
9fee7b2e: folds
70511dc1: folds
Hero: folds
fd00112d: folds
Uncalled bet ($0.03) returned to 88419fe2
*** SHOWDOWN ***
88419fe2 collected $0.04 from pot
*** SUMMARY ***
Total pot $0.04 | Rake $0 | Jackpot $0 | Bingo $0 | Fortune $0 | Tax $0
Seat 1: 70511dc1 folded before Flop (didn't bet)
Seat 2: Hero (button) folded before Flop (didn't bet)
Seat 3: fd00112d (small blind) folded before Flop
Seat 4: 88419fe2 (big blind) collected ($0.04)
Seat 6: 9fee7b2e folded before Flop (didn't bet)


Poker Hand #HD1730091333: Hold'em No Limit ($0.02/$0.05) - 2024/04/14 16:47:29
Table 'NLHBlue6' 6-max Seat #1 is the button
Seat 1: 70511dc1 ($4.68 in chips)
Seat 2: Hero ($5.23 in chips)
Seat 3: fd00112d ($6.14 in chips)
Seat 6: 9fee7b2e ($5.07 in chips)
Hero: posts small blind $0.02
fd00112d: posts big blind $0.05
*** HOLE CARDS ***
Dealt to 70511dc1 
Dealt to Hero [6c 4s]
Dealt to fd00112d 
Dealt to 9fee7b2e 
9fee7b2e: raises $0.08 to $0.13
70511dc1: folds
Hero: folds
fd00112d: calls $0.08
*** FLOP *** [6h As 2s]
fd00112d: bets $0.07
9fee7b2e: raises $0.32 to $0.39
fd00112d: calls $0.32
*** TURN *** [6h As 2s] [6s]
fd00112d: checks
9fee7b2e: bets $0.35
fd00112d: calls $0.35
*** RIVER *** [6h As 2s 6s] [8d]
fd00112d: checks
9fee7b2e: checks
fd00112d: shows [Jc Ad] (Pair of Aces and Pair of Sixes)
9fee7b2e: shows [Tc Ac] (Pair of Aces and Pair of Sixes)
*** SHOWDOWN ***
fd00112d collected $1.63 from pot
*** SUMMARY ***
Total pot $1.76 | Rake $0.08 | Jackpot $0.05 | Bingo $0 | Fortune $0 | Tax $0
Board [6h As 2s 6s 8d]
Seat 1: 70511dc1 (button) folded before Flop (didn't bet)
Seat 2: Hero (small blind) folded before Flop
Seat 3: fd00112d (big blind) showed [Jc Ad] and won ($1.63) with Pair of Aces and Pair of Sixes
Seat 6: 9fee7b2e showed [Tc Ac] and lost with Pair of Aces and Pair of Sixes


Poker Hand #HD1730091298: Hold'em No Limit ($0.02/$0.05) - 2024/04/14 16:47:08
Table 'NLHBlue6' 6-max Seat #6 is the button
Seat 1: 70511dc1 ($4.7 in chips)
Seat 2: Hero ($5.21 in chips)
Seat 3: fd00112d ($6.14 in chips)
Seat 5: 892471e0 ($15 in chips)
Seat 6: 9fee7b2e ($5.07 in chips)
70511dc1: posts small blind $0.02
Hero: posts big blind $0.05
*** HOLE CARDS ***
Dealt to 70511dc1 
Dealt to Hero [Kd Tc]
Dealt to fd00112d 
Dealt to 892471e0 
Dealt to 9fee7b2e 
fd00112d: folds
892471e0: folds
9fee7b2e: folds
70511dc1: folds
Uncalled bet ($0.03) returned to Hero
*** SHOWDOWN ***
Hero collected $0.04 from pot
*** SUMMARY ***
Total pot $0.04 | Rake $0 | Jackpot $0 | Bingo $0 | Fortune $0 | Tax $0
Seat 1: 70511dc1 (small blind) folded before Flop
Seat 2: Hero (big blind) collected ($0.04)
Seat 3: fd00112d folded before Flop (didn't bet)
Seat 5: 892471e0 folded before Flop (didn't bet)
Seat 6: 9fee7b2e (button) folded before Flop (didn't bet)


Poker Hand #HD1730091266: Hold'em No Limit ($0.02/$0.05) - 2024/04/14 16:46:52
Table 'NLHBlue6' 6-max Seat #5 is the button
Seat 1: 70511dc1 ($4.75 in chips)
Seat 2: Hero ($5.21 in chips)
Seat 3: fd00112d ($6.14 in chips)
Seat 5: 892471e0 ($15 in chips)
Seat 6: 9fee7b2e ($5.02 in chips)
9fee7b2e: posts small blind $0.02
70511dc1: posts big blind $0.05
*** HOLE CARDS ***
Dealt to 70511dc1 
Dealt to Hero [4c 5c]
Dealt to fd00112d 
Dealt to 892471e0 
Dealt to 9fee7b2e 
Hero: folds
fd00112d: folds
892471e0: folds
9fee7b2e: raises $0.1 to $0.15
70511dc1: folds
Uncalled bet ($0.1) returned to 9fee7b2e
*** SHOWDOWN ***
9fee7b2e collected $0.1 from pot
*** SUMMARY ***
Total pot $0.1 | Rake $0 | Jackpot $0 | Bingo $0 | Fortune $0 | Tax $0
Seat 1: 70511dc1 (big blind) folded before Flop
Seat 2: Hero folded before Flop (didn't bet)
Seat 3: fd00112d folded before Flop (didn't bet)
Seat 5: 892471e0 (button) folded before Flop (didn't bet)
Seat 6: 9fee7b2e (small blind) collected ($0.1)


Poker Hand #HD1730091246: Hold'em No Limit ($0.02/$0.05) - 2024/04/14 16:46:41
Table 'NLHBlue6' 6-max Seat #3 is the button
Seat 1: 70511dc1 ($4.75 in chips)
Seat 2: Hero ($5.21 in chips)
Seat 3: fd00112d ($6.14 in chips)
Seat 5: 892471e0 ($15.02 in chips)
Seat 6: 9fee7b2e ($5 in chips)
892471e0: posts small blind $0.02
9fee7b2e: posts big blind $0.05
*** HOLE CARDS ***
Dealt to 70511dc1 
Dealt to Hero [5h Js]
Dealt to fd00112d 
Dealt to 892471e0 
Dealt to 9fee7b2e 
70511dc1: folds
Hero: folds
fd00112d: folds
892471e0: folds
Uncalled bet ($0.03) returned to 9fee7b2e
*** SHOWDOWN ***
9fee7b2e collected $0.04 from pot
*** SUMMARY ***
Total pot $0.04 | Rake $0 | Jackpot $0 | Bingo $0 | Fortune $0 | Tax $0
Seat 1: 70511dc1 folded before Flop (didn't bet)
Seat 2: Hero folded before Flop (didn't bet)
Seat 3: fd00112d (button) folded before Flop (didn't bet)
Seat 5: 892471e0 (small blind) folded before Flop
Seat 6: 9fee7b2e (big blind) collected ($0.04)


Poker Hand #HD1730091231: Hold'em No Limit ($0.02/$0.05) - 2024/04/14 16:46:30
Table 'NLHBlue6' 6-max Seat #2 is the button
Seat 1: 70511dc1 ($4.75 in chips)
Seat 2: Hero ($5.21 in chips)
Seat 3: fd00112d ($6.09 in chips)
Seat 5: 892471e0 ($15.07 in chips)
Seat 6: 9fee7b2e ($5 in chips)
fd00112d: posts small blind $0.02
892471e0: posts big blind $0.05
*** HOLE CARDS ***
Dealt to 70511dc1 
Dealt to Hero [4d Ac]
Dealt to fd00112d 
Dealt to 892471e0 
Dealt to 9fee7b2e 
9fee7b2e: folds
70511dc1: folds
Hero: folds
fd00112d: raises $0.1 to $0.15
892471e0: folds
Uncalled bet ($0.1) returned to fd00112d
*** SHOWDOWN ***
fd00112d collected $0.1 from pot
*** SUMMARY ***
Total pot $0.1 | Rake $0 | Jackpot $0 | Bingo $0 | Fortune $0 | Tax $0
Seat 1: 70511dc1 folded before Flop (didn't bet)
Seat 2: Hero (button) folded before Flop (didn't bet)
Seat 3: fd00112d (small blind) collected ($0.1)
Seat 5: 892471e0 (big blind) folded before Flop
Seat 6: 9fee7b2e folded before Flop (didn't bet)


Poker Hand #HD1730091126: Hold'em No Limit ($0.02/$0.05) - 2024/04/14 16:45:29
Table 'NLHBlue6' 6-max Seat #1 is the button
Seat 1: 70511dc1 ($4.75 in chips)
Seat 2: Hero ($5.23 in chips)
Seat 3: fd00112d ($5 in chips)
Seat 4: 5416c1f3 ($14.32 in chips)
Seat 5: 892471e0 ($16.31 in chips)
Seat 6: 9fee7b2e ($5 in chips)
Hero: posts small blind $0.02
fd00112d: posts big blind $0.05
*** HOLE CARDS ***
Dealt to 70511dc1 
Dealt to Hero [9c 7d]
Dealt to fd00112d 
Dealt to 5416c1f3 
Dealt to 892471e0 
Dealt to 9fee7b2e 
5416c1f3: folds
892471e0: raises $0.06 to $0.11
9fee7b2e: folds
70511dc1: folds
Hero: folds
fd00112d: calls $0.06
*** FLOP *** [4s 6d Qh]
fd00112d: bets $0.08
892471e0: calls $0.08
*** TURN *** [4s 6d Qh] [Jc]
fd00112d: bets $0.3
892471e0: calls $0.3
*** RIVER *** [4s 6d Qh Jc] [7c]
fd00112d: bets $0.75
892471e0: calls $0.75
fd00112d: shows [Jd Qs] (Pair of Queens and Pair of Jacks)
892471e0: shows [Qc Kc] (Pair of Queens)
*** SHOWDOWN ***
fd00112d collected $2.33 from pot
*** SUMMARY ***
Total pot $2.5 | Rake $0.12 | Jackpot $0.05 | Bingo $0 | Fortune $0 | Tax $0
Board [4s 6d Qh Jc 7c]
Seat 1: 70511dc1 (button) folded before Flop (didn't bet)
Seat 2: Hero (small blind) folded before Flop
Seat 3: fd00112d (big blind) showed [Jd Qs] and won ($2.33) with Pair of Queens and Pair of Jacks
Seat 4: 5416c1f3 folded before Flop (didn't bet)
Seat 5: 892471e0 showed [Qc Kc] and lost with Pair of Queens
Seat 6: 9fee7b2e folded before Flop (didn't bet)


Poker Hand #HD1730091082: Hold'em No Limit ($0.02/$0.05) - 2024/04/14 16:45:01
Table 'NLHBlue6' 6-max Seat #6 is the button
Seat 1: 70511dc1 ($4.7 in chips)
Seat 2: Hero ($5.28 in chips)
Seat 4: 5416c1f3 ($14.32 in chips)
Seat 5: 892471e0 ($16.31 in chips)
Seat 6: 9fee7b2e ($5 in chips)
70511dc1: posts small blind $0.02
Hero: posts big blind $0.05
*** HOLE CARDS ***
Dealt to 70511dc1 
Dealt to Hero [Qs 3h]
Dealt to 5416c1f3 
Dealt to 892471e0 
Dealt to 9fee7b2e 
5416c1f3: folds
892471e0: folds
9fee7b2e: folds
70511dc1: raises $0.09 to $0.14
Hero: folds
Uncalled bet ($0.09) returned to 70511dc1
*** SHOWDOWN ***
70511dc1 collected $0.1 from pot
*** SUMMARY ***
Total pot $0.1 | Rake $0 | Jackpot $0 | Bingo $0 | Fortune $0 | Tax $0
Seat 1: 70511dc1 (small blind) collected ($0.1)
Seat 2: Hero (big blind) folded before Flop
Seat 4: 5416c1f3 folded before Flop (didn't bet)
Seat 5: 892471e0 folded before Flop (didn't bet)
Seat 6: 9fee7b2e (button) folded before Flop (didn't bet)


Poker Hand #HD1730090923: Hold'em No Limit ($0.02/$0.05) - 2024/04/14 16:43:26
Table 'NLHBlue6' 6-max Seat #5 is the button
Seat 1: 70511dc1 ($4.75 in chips)
Seat 2: Hero ($5.28 in chips)
Seat 4: 5416c1f3 ($13.62 in chips)
Seat 5: 892471e0 ($16.31 in chips)
Seat 6: 9fee7b2e ($5.09 in chips)
9fee7b2e: posts small blind $0.02
70511dc1: posts big blind $0.05
*** HOLE CARDS ***
Dealt to 70511dc1 
Dealt to Hero [Jc 9s]
Dealt to 5416c1f3 
Dealt to 892471e0 
Dealt to 9fee7b2e 
Hero: folds
5416c1f3: calls $0.05
892471e0: folds
9fee7b2e: raises $0.1 to $0.15
70511dc1: folds
5416c1f3: calls $0.1
*** FLOP *** [2s 6c 8d]
9fee7b2e: bets $0.12
5416c1f3: calls $0.12
*** TURN *** [2s 6c 8d] [7h]
9fee7b2e: bets $0.45
5416c1f3: calls $0.45
*** RIVER *** [2s 6c 8d 7h] [As]
9fee7b2e: checks
5416c1f3: bets $1.49
9fee7b2e: folds
Uncalled bet ($1.49) returned to 5416c1f3
*** SHOWDOWN ***
5416c1f3 collected $1.42 from pot
*** SUMMARY ***
Total pot $1.49 | Rake $0.07 | Jackpot $0 | Bingo $0 | Fortune $0 | Tax $0
Board [2s 6c 8d 7h As]
Seat 1: 70511dc1 (big blind) folded before Flop
Seat 2: Hero folded before Flop (didn't bet)
Seat 4: 5416c1f3 won ($1.42)
Seat 5: 892471e0 (button) folded before Flop (didn't bet)
Seat 6: 9fee7b2e (small blind) folded on the River


Poker Hand #HD1730090883: Hold'em No Limit ($0.02/$0.05) - 2024/04/14 16:43:03
Table 'NLHBlue6' 6-max Seat #4 is the button
Seat 1: 70511dc1 ($4.75 in chips)
Seat 2: Hero ($5.28 in chips)
Seat 4: 5416c1f3 ($13.55 in chips)
Seat 5: 892471e0 ($16.33 in chips)
Seat 6: 9fee7b2e ($5.14 in chips)
892471e0: posts small blind $0.02
9fee7b2e: posts big blind $0.05
*** HOLE CARDS ***
Dealt to 70511dc1 
Dealt to Hero [Kc 3c]
Dealt to 5416c1f3 
Dealt to 892471e0 
Dealt to 9fee7b2e 
70511dc1: folds
Hero: folds
5416c1f3: raises $0.1 to $0.15
892471e0: folds
9fee7b2e: folds
Uncalled bet ($0.1) returned to 5416c1f3
*** SHOWDOWN ***
5416c1f3 collected $0.12 from pot
*** SUMMARY ***
Total pot $0.12 | Rake $0 | Jackpot $0 | Bingo $0 | Fortune $0 | Tax $0
Seat 1: 70511dc1 folded before Flop (didn't bet)
Seat 2: Hero folded before Flop (didn't bet)
Seat 4: 5416c1f3 (button) collected ($0.12)
Seat 5: 892471e0 (small blind) folded before Flop
Seat 6: 9fee7b2e (big blind) folded before Flop


Poker Hand #HD1730090865: Hold'em No Limit ($0.02/$0.05) - 2024/04/14 16:42:55
Table 'NLHBlue6' 6-max Seat #2 is the button
Seat 1: 70511dc1 ($4.75 in chips)
Seat 2: Hero ($5.28 in chips)
Seat 4: 5416c1f3 ($13.57 in chips)
Seat 5: 892471e0 ($16.31 in chips)
Seat 6: 9fee7b2e ($5.14 in chips)
5416c1f3: posts small blind $0.02
892471e0: posts big blind $0.05
*** HOLE CARDS ***
Dealt to 70511dc1 
Dealt to Hero [Td 2h]
Dealt to 5416c1f3 
Dealt to 892471e0 
Dealt to 9fee7b2e 
9fee7b2e: folds
70511dc1: folds
Hero: folds
5416c1f3: folds
Uncalled bet ($0.03) returned to 892471e0
*** SHOWDOWN ***
892471e0 collected $0.04 from pot
*** SUMMARY ***
Total pot $0.04 | Rake $0 | Jackpot $0 | Bingo $0 | Fortune $0 | Tax $0
Seat 1: 70511dc1 folded before Flop (didn't bet)
Seat 2: Hero (button) folded before Flop (didn't bet)
Seat 4: 5416c1f3 (small blind) folded before Flop
Seat 5: 892471e0 (big blind) collected ($0.04)
Seat 6: 9fee7b2e folded before Flop (didn't bet)


Poker Hand #HD1730090828: Hold'em No Limit ($0.02/$0.05) - 2024/04/14 16:42:29
Table 'NLHBlue6' 6-max Seat #1 is the button
Seat 1: 70511dc1 ($4.87 in chips)
Seat 2: Hero ($5.3 in chips)
Seat 4: 5416c1f3 ($13.44 in chips)
Seat 5: 892471e0 ($16.31 in chips)
Seat 6: 9fee7b2e ($5.14 in chips)
Hero: posts small blind $0.02
5416c1f3: posts big blind $0.05
*** HOLE CARDS ***
Dealt to 70511dc1 
Dealt to Hero [5d Ac]
Dealt to 5416c1f3 
Dealt to 892471e0 
Dealt to 9fee7b2e 
892471e0: folds
9fee7b2e: folds
70511dc1: raises $0.07 to $0.12
Hero: folds
5416c1f3: raises $0.2 to $0.32
70511dc1: folds
Uncalled bet ($0.2) returned to 5416c1f3
*** SHOWDOWN ***
5416c1f3 collected $0.25 from pot
*** SUMMARY ***
Total pot $0.26 | Rake $0.01 | Jackpot $0 | Bingo $0 | Fortune $0 | Tax $0
Seat 1: 70511dc1 (button) folded before Flop
Seat 2: Hero (small blind) folded before Flop
Seat 4: 5416c1f3 (big blind) collected ($0.25)
Seat 5: 892471e0 folded before Flop (didn't bet)
Seat 6: 9fee7b2e folded before Flop (didn't bet)


Poker Hand #HD1730090804: Hold'em No Limit ($0.02/$0.05) - 2024/04/14 16:42:17
Table 'NLHBlue6' 6-max Seat #6 is the button
Seat 1: 70511dc1 ($4.89 in chips)
Seat 2: Hero ($5.28 in chips)
Seat 4: 5416c1f3 ($13.44 in chips)
Seat 5: 892471e0 ($16.31 in chips)
Seat 6: 9fee7b2e ($5.14 in chips)
70511dc1: posts small blind $0.02
Hero: posts big blind $0.05
*** HOLE CARDS ***
Dealt to 70511dc1 
Dealt to Hero [2h 5d]
Dealt to 5416c1f3 
Dealt to 892471e0 
Dealt to 9fee7b2e 
5416c1f3: folds
892471e0: folds
9fee7b2e: folds
70511dc1: folds
Uncalled bet ($0.03) returned to Hero
*** SHOWDOWN ***
Hero collected $0.04 from pot
*** SUMMARY ***
Total pot $0.04 | Rake $0 | Jackpot $0 | Bingo $0 | Fortune $0 | Tax $0
Seat 1: 70511dc1 (small blind) folded before Flop
Seat 2: Hero (big blind) collected ($0.04)
Seat 4: 5416c1f3 folded before Flop (didn't bet)
Seat 5: 892471e0 folded before Flop (didn't bet)
Seat 6: 9fee7b2e (button) folded before Flop (didn't bet)


Poker Hand #HD1730090777: Hold'em No Limit ($0.02/$0.05) - 2024/04/14 16:42:00
Table 'NLHBlue6' 6-max Seat #5 is the button
Seat 1: 70511dc1 ($4.94 in chips)
Seat 2: Hero ($5.21 in chips)
Seat 3: 47070861 ($5.59 in chips)
Seat 4: 5416c1f3 ($13.44 in chips)
Seat 5: 892471e0 ($16.31 in chips)
Seat 6: 9fee7b2e ($5.16 in chips)
9fee7b2e: posts small blind $0.02
70511dc1: posts big blind $0.05
*** HOLE CARDS ***
Dealt to 70511dc1 
Dealt to Hero [3h Ah]
Dealt to 47070861 
Dealt to 5416c1f3 
Dealt to 892471e0 
Dealt to 9fee7b2e 
Hero: raises $0.05 to $0.1
47070861: folds
5416c1f3: folds
892471e0: folds
9fee7b2e: folds
70511dc1: folds
Uncalled bet ($0.05) returned to Hero
*** SHOWDOWN ***
Hero collected $0.12 from pot
*** SUMMARY ***
Total pot $0.12 | Rake $0 | Jackpot $0 | Bingo $0 | Fortune $0 | Tax $0
Seat 1: 70511dc1 (big blind) folded before Flop
Seat 2: Hero collected ($0.12)
Seat 3: 47070861 folded before Flop (didn't bet)
Seat 4: 5416c1f3 folded before Flop (didn't bet)
Seat 5: 892471e0 (button) folded before Flop (didn't bet)
Seat 6: 9fee7b2e (small blind) folded before Flop


Poker Hand #HD1730090721: Hold'em No Limit ($0.02/$0.05) - 2024/04/14 16:41:25
Table 'NLHBlue6' 6-max Seat #4 is the button
Seat 1: 70511dc1 ($4.81 in chips)
Seat 2: Hero ($5.21 in chips)
Seat 3: 47070861 ($5.59 in chips)
Seat 4: 5416c1f3 ($13.44 in chips)
Seat 5: 892471e0 ($16.33 in chips)
Seat 6: 9fee7b2e ($5.28 in chips)
892471e0: posts small blind $0.02
9fee7b2e: posts big blind $0.05
*** HOLE CARDS ***
Dealt to 70511dc1 
Dealt to Hero [Tc 9c]
Dealt to 47070861 
Dealt to 5416c1f3 
Dealt to 892471e0 
Dealt to 9fee7b2e 
70511dc1: raises $0.07 to $0.12
Hero: folds
47070861: folds
5416c1f3: folds
892471e0: folds
9fee7b2e: calls $0.07
*** FLOP *** [9s Jh Jc]
9fee7b2e: checks
70511dc1: bets $0.1
9fee7b2e: folds
Uncalled bet ($0.1) returned to 70511dc1
*** SHOWDOWN ***
70511dc1 collected $0.25 from pot
*** SUMMARY ***
Total pot $0.26 | Rake $0.01 | Jackpot $0 | Bingo $0 | Fortune $0 | Tax $0
Board [9s Jh Jc]
Seat 1: 70511dc1 won ($0.25)
Seat 2: Hero folded before Flop (didn't bet)
Seat 3: 47070861 folded before Flop (didn't bet)
Seat 4: 5416c1f3 (button) folded before Flop (didn't bet)
Seat 5: 892471e0 (small blind) folded before Flop
Seat 6: 9fee7b2e (big blind) folded on the Flop


Poker Hand #HD1730090686: Hold'em No Limit ($0.02/$0.05) - 2024/04/14 16:41:06
Table 'NLHBlue6' 6-max Seat #3 is the button
Seat 1: 70511dc1 ($4.74 in chips)
Seat 2: Hero ($5.21 in chips)
Seat 3: 47070861 ($5.59 in chips)
Seat 4: 5416c1f3 ($13.46 in chips)
Seat 5: 892471e0 ($16.38 in chips)
Seat 6: 9fee7b2e ($5.28 in chips)
5416c1f3: posts small blind $0.02
892471e0: posts big blind $0.05
*** HOLE CARDS ***
Dealt to 70511dc1 
Dealt to Hero [Tc Qs]
Dealt to 47070861 
Dealt to 5416c1f3 
Dealt to 892471e0 
Dealt to 9fee7b2e 
9fee7b2e: folds
70511dc1: raises $0.09 to $0.14
Hero: folds
47070861: folds
5416c1f3: folds
892471e0: folds
Uncalled bet ($0.09) returned to 70511dc1
*** SHOWDOWN ***
70511dc1 collected $0.12 from pot
*** SUMMARY ***
Total pot $0.12 | Rake $0 | Jackpot $0 | Bingo $0 | Fortune $0 | Tax $0
Seat 1: 70511dc1 collected ($0.12)
Seat 2: Hero folded before Flop (didn't bet)
Seat 3: 47070861 (button) folded before Flop (didn't bet)
Seat 4: 5416c1f3 (small blind) folded before Flop
Seat 5: 892471e0 (big blind) folded before Flop
Seat 6: 9fee7b2e folded before Flop (didn't bet)


Poker Hand #HD1730090662: Hold'em No Limit ($0.02/$0.05) - 2024/04/14 16:40:52
Table 'NLHBlue6' 6-max Seat #2 is the button
Seat 1: 70511dc1 ($4.74 in chips)
Seat 2: Hero ($5.21 in chips)
Seat 3: 47070861 ($5.61 in chips)
Seat 4: 5416c1f3 ($13.51 in chips)
Seat 5: 892471e0 ($16.31 in chips)
Seat 6: 9fee7b2e ($5.28 in chips)
47070861: posts small blind $0.02
5416c1f3: posts big blind $0.05
*** HOLE CARDS ***
Dealt to 70511dc1 
Dealt to Hero [Jc Th]
Dealt to 47070861 
Dealt to 5416c1f3 
Dealt to 892471e0 
Dealt to 9fee7b2e 
892471e0: raises $0.06 to $0.11
9fee7b2e: folds
70511dc1: folds
Hero: folds
47070861: folds
5416c1f3: folds
Uncalled bet ($0.06) returned to 892471e0
*** SHOWDOWN ***
892471e0 collected $0.12 from pot
*** SUMMARY ***
Total pot $0.12 | Rake $0 | Jackpot $0 | Bingo $0 | Fortune $0 | Tax $0
Seat 1: 70511dc1 folded before Flop (didn't bet)
Seat 2: Hero (button) folded before Flop (didn't bet)
Seat 3: 47070861 (small blind) folded before Flop
Seat 4: 5416c1f3 (big blind) folded before Flop
Seat 5: 892471e0 collected ($0.12)
Seat 6: 9fee7b2e folded before Flop (didn't bet)


Poker Hand #HD1730090635: Hold'em No Limit ($0.02/$0.05) - 2024/04/14 16:40:35
Table 'NLHBlue6' 6-max Seat #1 is the button
Seat 1: 70511dc1 ($4.74 in chips)
Seat 2: Hero ($5.23 in chips)
Seat 3: 47070861 ($5.59 in chips)
Seat 4: 5416c1f3 ($13.51 in chips)
Seat 5: 892471e0 ($16.31 in chips)
Seat 6: 9fee7b2e ($5.28 in chips)
Hero: posts small blind $0.02
47070861: posts big blind $0.05
*** HOLE CARDS ***
Dealt to 70511dc1 
Dealt to Hero [Tc 4s]
Dealt to 47070861 
Dealt to 5416c1f3 
Dealt to 892471e0 
Dealt to 9fee7b2e 
5416c1f3: folds
892471e0: folds
9fee7b2e: folds
70511dc1: folds
Hero: folds
Uncalled bet ($0.03) returned to 47070861
*** SHOWDOWN ***
47070861 collected $0.04 from pot
*** SUMMARY ***
Total pot $0.04 | Rake $0 | Jackpot $0 | Bingo $0 | Fortune $0 | Tax $0
Seat 1: 70511dc1 (button) folded before Flop (didn't bet)
Seat 2: Hero (small blind) folded before Flop
Seat 3: 47070861 (big blind) collected ($0.04)
Seat 4: 5416c1f3 folded before Flop (didn't bet)
Seat 5: 892471e0 folded before Flop (didn't bet)
Seat 6: 9fee7b2e folded before Flop (didn't bet)


Poker Hand #HD1730090486: Hold'em No Limit ($0.02/$0.05) - 2024/04/14 16:39:11
Table 'NLHBlue6' 6-max Seat #6 is the button
Seat 1: 70511dc1 ($4.85 in chips)
Seat 2: Hero ($5.34 in chips)
Seat 3: 47070861 ($5.59 in chips)
Seat 4: 5416c1f3 ($13.51 in chips)
Seat 5: 892471e0 ($16.1 in chips)
Seat 6: 9fee7b2e ($5.28 in chips)
70511dc1: posts small blind $0.02
Hero: posts big blind $0.05
*** HOLE CARDS ***
Dealt to 70511dc1 
Dealt to Hero [Js Qd]
Dealt to 47070861 
Dealt to 5416c1f3 
Dealt to 892471e0 
Dealt to 9fee7b2e 
47070861: folds
5416c1f3: folds
892471e0: raises $0.06 to $0.11
9fee7b2e: folds
70511dc1: calls $0.09
Hero: calls $0.06
*** FLOP *** [Th 5d 5s]
70511dc1: checks
Hero: checks
892471e0: checks
*** TURN *** [Th 5d 5s] [4s]
70511dc1: checks
Hero: checks
892471e0: checks
*** RIVER *** [Th 5d 5s 4s] [8h]
70511dc1: checks
Hero: checks
892471e0: checks
70511dc1: shows [Qs Kd] (Pair of Fives)
Hero: shows [Js Qd] (Pair of Fives)
892471e0: shows [4d Ad] (Pair of Fives and Pair of Fours)
*** SHOWDOWN ***
892471e0 collected $0.32 from pot
*** SUMMARY ***
Total pot $0.33 | Rake $0.01 | Jackpot $0 | Bingo $0 | Fortune $0 | Tax $0
Board [Th 5d 5s 4s 8h]
Seat 1: 70511dc1 (small blind) showed [Qs Kd] and lost with Pair of Fives
Seat 2: Hero (big blind) showed [Js Qd] and lost with Pair of Fives
Seat 3: 47070861 folded before Flop (didn't bet)
Seat 4: 5416c1f3 folded before Flop (didn't bet)
Seat 5: 892471e0 showed [4d Ad] and won ($0.32) with Pair of Fives and Pair of Fours
Seat 6: 9fee7b2e (button) folded before Flop (didn't bet)


Poker Hand #HD1730090421: Hold'em No Limit ($0.02/$0.05) - 2024/04/14 16:38:32
Table 'NLHBlue6' 6-max Seat #5 is the button
Seat 1: 70511dc1 ($4.98 in chips)
Seat 2: Hero ($5.34 in chips)
Seat 3: 47070861 ($5.45 in chips)
Seat 4: 5416c1f3 ($13.51 in chips)
Seat 5: 892471e0 ($16.1 in chips)
Seat 6: 9fee7b2e ($5.3 in chips)
9fee7b2e: posts small blind $0.02
70511dc1: posts big blind $0.05
*** HOLE CARDS ***
Dealt to 70511dc1 
Dealt to Hero [Ks 6h]
Dealt to 47070861 
Dealt to 5416c1f3 
Dealt to 892471e0 
Dealt to 9fee7b2e 
Hero: folds
47070861: raises $0.08 to $0.13
5416c1f3: folds
892471e0: folds
9fee7b2e: folds
70511dc1: calls $0.08
*** FLOP *** [7c 4h 5s]
70511dc1: checks
47070861: bets $0.15
70511dc1: folds
Uncalled bet ($0.15) returned to 47070861
*** SHOWDOWN ***
47070861 collected $0.27 from pot
*** SUMMARY ***
Total pot $0.28 | Rake $0.01 | Jackpot $0 | Bingo $0 | Fortune $0 | Tax $0
Board [7c 4h 5s]
Seat 1: 70511dc1 (big blind) folded on the Flop
Seat 2: Hero folded before Flop (didn't bet)
Seat 3: 47070861 won ($0.27)
Seat 4: 5416c1f3 folded before Flop (didn't bet)
Seat 5: 892471e0 (button) folded before Flop (didn't bet)
Seat 6: 9fee7b2e (small blind) folded before Flop


Poker Hand #HD1730090389: Hold'em No Limit ($0.02/$0.05) - 2024/04/14 16:38:17
Table 'NLHBlue6' 6-max Seat #4 is the button
Seat 1: 70511dc1 ($4.98 in chips)
Seat 2: Hero ($5.34 in chips)
Seat 3: 47070861 ($5.38 in chips)
Seat 4: 5416c1f3 ($13.51 in chips)
Seat 5: 892471e0 ($16.12 in chips)
Seat 6: 9fee7b2e ($5.35 in chips)
892471e0: posts small blind $0.02
9fee7b2e: posts big blind $0.05
*** HOLE CARDS ***
Dealt to 70511dc1 
Dealt to Hero [5c Ah]
Dealt to 47070861 
Dealt to 5416c1f3 
Dealt to 892471e0 
Dealt to 9fee7b2e 
70511dc1: folds
Hero: folds
47070861: raises $0.08 to $0.13
5416c1f3: folds
892471e0: folds
9fee7b2e: folds
Uncalled bet ($0.08) returned to 47070861
*** SHOWDOWN ***
47070861 collected $0.12 from pot
*** SUMMARY ***
Total pot $0.12 | Rake $0 | Jackpot $0 | Bingo $0 | Fortune $0 | Tax $0
Seat 1: 70511dc1 folded before Flop (didn't bet)
Seat 2: Hero folded before Flop (didn't bet)
Seat 3: 47070861 collected ($0.12)
Seat 4: 5416c1f3 (button) folded before Flop (didn't bet)
Seat 5: 892471e0 (small blind) folded before Flop
Seat 6: 9fee7b2e (big blind) folded before Flop


Poker Hand #HD1730090340: Hold'em No Limit ($0.02/$0.05) - 2024/04/14 16:37:46
Table 'NLHBlue6' 6-max Seat #3 is the button
Seat 1: 70511dc1 ($5.12 in chips)
Seat 2: Hero ($5.34 in chips)
Seat 3: 47070861 ($5.18 in chips)
Seat 4: 5416c1f3 ($13.53 in chips)
Seat 5: 892471e0 ($16.17 in chips)
Seat 6: 9fee7b2e ($5.35 in chips)
5416c1f3: posts small blind $0.02
892471e0: posts big blind $0.05
*** HOLE CARDS ***
Dealt to 70511dc1 
Dealt to Hero [8c Jd]
Dealt to 47070861 
Dealt to 5416c1f3 
Dealt to 892471e0 
Dealt to 9fee7b2e 
9fee7b2e: folds
70511dc1: raises $0.09 to $0.14
Hero: folds
47070861: raises $0.38 to $0.52
5416c1f3: folds
892471e0: folds
70511dc1: folds
Uncalled bet ($0.38) returned to 47070861
*** SHOWDOWN ***
47070861 collected $0.34 from pot
*** SUMMARY ***
Total pot $0.35 | Rake $0.01 | Jackpot $0 | Bingo $0 | Fortune $0 | Tax $0
Seat 1: 70511dc1 folded before Flop
Seat 2: Hero folded before Flop (didn't bet)
Seat 3: 47070861 (button) collected ($0.34)
Seat 4: 5416c1f3 (small blind) folded before Flop
Seat 5: 892471e0 (big blind) folded before Flop
Seat 6: 9fee7b2e folded before Flop (didn't bet)


Poker Hand #HD1730090281: Hold'em No Limit ($0.02/$0.05) - 2024/04/14 16:37:14
Table 'NLHBlue6' 6-max Seat #2 is the button
Seat 1: 70511dc1 ($5.26 in chips)
Seat 2: Hero ($5.34 in chips)
Seat 3: 47070861 ($5 in chips)
Seat 4: 5416c1f3 ($13.58 in chips)
Seat 5: 892471e0 ($16.17 in chips)
Seat 6: 9fee7b2e ($5.35 in chips)
47070861: posts small blind $0.02
5416c1f3: posts big blind $0.05
*** HOLE CARDS ***
Dealt to 70511dc1 
Dealt to Hero [5h 6s]
Dealt to 47070861 
Dealt to 5416c1f3 
Dealt to 892471e0 
Dealt to 9fee7b2e 
892471e0: folds
9fee7b2e: folds
70511dc1: raises $0.09 to $0.14
Hero: folds
47070861: raises $0.35 to $0.49
5416c1f3: folds
70511dc1: folds
Uncalled bet ($0.35) returned to 47070861
*** SHOWDOWN ***
47070861 collected $0.32 from pot
*** SUMMARY ***
Total pot $0.33 | Rake $0.01 | Jackpot $0 | Bingo $0 | Fortune $0 | Tax $0
Seat 1: 70511dc1 folded before Flop
Seat 2: Hero (button) folded before Flop (didn't bet)
Seat 3: 47070861 (small blind) collected ($0.32)
Seat 4: 5416c1f3 (big blind) folded before Flop
Seat 5: 892471e0 folded before Flop (didn't bet)
Seat 6: 9fee7b2e folded before Flop (didn't bet)


Poker Hand #HD1730090120: Hold'em No Limit ($0.02/$0.05) - 2024/04/14 16:35:51
Table 'NLHBlue6' 6-max Seat #1 is the button
Seat 1: 70511dc1 ($5.26 in chips)
Seat 2: Hero ($5.36 in chips)
Seat 3: 47070861 ($5.05 in chips)
Seat 4: 5416c1f3 ($9.06 in chips)
Seat 5: 892471e0 ($16.17 in chips)
Seat 6: 9fee7b2e ($5.35 in chips)
Hero: posts small blind $0.02
47070861: posts big blind $0.05
*** HOLE CARDS ***
Dealt to 70511dc1 
Dealt to Hero [7s 3d]
Dealt to 47070861 
Dealt to 5416c1f3 
Dealt to 892471e0 
Dealt to 9fee7b2e 
5416c1f3: calls $0.05
892471e0: folds
9fee7b2e: folds
70511dc1: folds
Hero: folds
47070861: raises $0.18 to $0.23
5416c1f3: calls $0.18
*** FLOP *** [6s 4h Tc]
47070861: bets $0.25
5416c1f3: calls $0.25
*** TURN *** [6s 4h Tc] [4d]
47070861: bets $0.75
5416c1f3: raises $1 to $1.75
47070861: raises $2.82 to $4.57 and is all-in
5416c1f3: calls $2.82
47070861: shows [Jc Jd] (Pair of Jacks and Pair of Fours)
5416c1f3: shows [Ac 4c] (Three Fours)
*** RIVER *** [6s 4h Tc 4d] [5s]
*** SHOWDOWN ***
5416c1f3 collected $9.57 from pot
*** SUMMARY ***
Total pot $10.12 | Rake $0.5 | Jackpot $0.05 | Bingo $0 | Fortune $0 | Tax $0
Board [6s 4h Tc 4d 5s]
Seat 1: 70511dc1 (button) folded before Flop (didn't bet)
Seat 2: Hero (small blind) folded before Flop
Seat 3: 47070861 (big blind) showed [Jc Jd] and lost with Pair of Jacks and Pair of Fours
Seat 4: 5416c1f3 showed [Ac 4c] and won ($9.57) with Three Fours
Seat 5: 892471e0 folded before Flop (didn't bet)
Seat 6: 9fee7b2e folded before Flop (didn't bet)


Poker Hand #HD1730090043: Hold'em No Limit ($0.02/$0.05) - 2024/04/14 16:35:05
Table 'NLHBlue6' 6-max Seat #6 is the button
Seat 1: 70511dc1 ($5.28 in chips)
Seat 2: Hero ($5.49 in chips)
Seat 3: 47070861 ($5.05 in chips)
Seat 4: 5416c1f3 ($9.06 in chips)
Seat 5: 892471e0 ($16.17 in chips)
Seat 6: 9fee7b2e ($5.21 in chips)
70511dc1: posts small blind $0.02
Hero: posts big blind $0.05
*** HOLE CARDS ***
Dealt to 70511dc1 
Dealt to Hero [9c Tc]
Dealt to 47070861 
Dealt to 5416c1f3 
Dealt to 892471e0 
Dealt to 9fee7b2e 
47070861: folds
5416c1f3: folds
892471e0: folds
9fee7b2e: raises $0.08 to $0.13
70511dc1: folds
Hero: calls $0.08
*** FLOP *** [7d Ks 4h]
Hero: checks
9fee7b2e: bets $0.1
Hero: folds
Uncalled bet ($0.1) returned to 9fee7b2e
*** SHOWDOWN ***
9fee7b2e collected $0.27 from pot
*** SUMMARY ***
Total pot $0.28 | Rake $0.01 | Jackpot $0 | Bingo $0 | Fortune $0 | Tax $0
Board [7d Ks 4h]
Seat 1: 70511dc1 (small blind) folded before Flop
Seat 2: Hero (big blind) folded on the Flop
Seat 3: 47070861 folded before Flop (didn't bet)
Seat 4: 5416c1f3 folded before Flop (didn't bet)
Seat 5: 892471e0 folded before Flop (didn't bet)
Seat 6: 9fee7b2e (button) won ($0.27)


Poker Hand #HD1730090008: Hold'em No Limit ($0.02/$0.05) - 2024/04/14 16:34:45
Table 'NLHBlue6' 6-max Seat #5 is the button
Seat 1: 70511dc1 ($5.33 in chips)
Seat 2: Hero ($5.49 in chips)
Seat 3: 47070861 ($5.05 in chips)
Seat 4: 5416c1f3 ($9.06 in chips)
Seat 5: 892471e0 ($16.17 in chips)
Seat 6: 9fee7b2e ($5.16 in chips)
9fee7b2e: posts small blind $0.02
70511dc1: posts big blind $0.05
*** HOLE CARDS ***
Dealt to 70511dc1 
Dealt to Hero [8c Ks]
Dealt to 47070861 
Dealt to 5416c1f3 
Dealt to 892471e0 
Dealt to 9fee7b2e 
Hero: folds
47070861: folds
5416c1f3: folds
892471e0: folds
9fee7b2e: raises $0.1 to $0.15
70511dc1: folds
Uncalled bet ($0.1) returned to 9fee7b2e
*** SHOWDOWN ***
9fee7b2e collected $0.1 from pot
*** SUMMARY ***
Total pot $0.1 | Rake $0 | Jackpot $0 | Bingo $0 | Fortune $0 | Tax $0
Seat 1: 70511dc1 (big blind) folded before Flop
Seat 2: Hero folded before Flop (didn't bet)
Seat 3: 47070861 folded before Flop (didn't bet)
Seat 4: 5416c1f3 folded before Flop (didn't bet)
Seat 5: 892471e0 (button) folded before Flop (didn't bet)
Seat 6: 9fee7b2e (small blind) collected ($0.1)


Poker Hand #HD1730089928: Hold'em No Limit ($0.02/$0.05) - 2024/04/14 16:34:00
Table 'NLHBlue6' 6-max Seat #4 is the button
Seat 1: 70511dc1 ($5.33 in chips)
Seat 2: Hero ($5.49 in chips)
Seat 3: 47070861 ($5.05 in chips)
Seat 4: 5416c1f3 ($8.73 in chips)
Seat 5: 892471e0 ($16.19 in chips)
Seat 6: 9fee7b2e ($5.5 in chips)
892471e0: posts small blind $0.02
9fee7b2e: posts big blind $0.05
*** HOLE CARDS ***
Dealt to 70511dc1 
Dealt to Hero [7h Td]
Dealt to 47070861 
Dealt to 5416c1f3 
Dealt to 892471e0 
Dealt to 9fee7b2e 
70511dc1: folds
Hero: folds
47070861: folds
5416c1f3: raises $0.15 to $0.2
892471e0: folds
9fee7b2e: calls $0.15
*** FLOP *** [Js 5s Jd]
9fee7b2e: checks
5416c1f3: checks
*** TURN *** [Js 5s Jd] [7c]
9fee7b2e: checks
5416c1f3: checks
*** RIVER *** [Js 5s Jd 7c] [7s]
9fee7b2e: checks
5416c1f3: bets $0.14
9fee7b2e: calls $0.14
5416c1f3: shows [Qh Ad] (Pair of Jacks and Pair of Sevens)
9fee7b2e: shows [Tc Ks] (Pair of Jacks and Pair of Sevens)
*** SHOWDOWN ***
5416c1f3 collected $0.67 from pot
*** SUMMARY ***
Total pot $0.7 | Rake $0.03 | Jackpot $0 | Bingo $0 | Fortune $0 | Tax $0
Board [Js 5s Jd 7c 7s]
Seat 1: 70511dc1 folded before Flop (didn't bet)
Seat 2: Hero folded before Flop (didn't bet)
Seat 3: 47070861 folded before Flop (didn't bet)
Seat 4: 5416c1f3 (button) showed [Qh Ad] and won ($0.67) with Pair of Jacks and Pair of Sevens
Seat 5: 892471e0 (small blind) folded before Flop
Seat 6: 9fee7b2e (big blind) showed [Tc Ks] and lost with Pair of Jacks and Pair of Sevens


Poker Hand #HD1730089851: Hold'em No Limit ($0.02/$0.05) - 2024/04/14 16:33:18
Table 'NLHBlue6' 6-max Seat #3 is the button
Seat 1: 70511dc1 ($5.47 in chips)
Seat 2: Hero ($5.29 in chips)
Seat 3: 47070861 ($5.05 in chips)
Seat 4: 5416c1f3 ($8.75 in chips)
Seat 5: 892471e0 ($16.24 in chips)
Seat 6: 9fee7b2e ($5.5 in chips)
5416c1f3: posts small blind $0.02
892471e0: posts big blind $0.05
*** HOLE CARDS ***
Dealt to 70511dc1 
Dealt to Hero [Jc Js]
Dealt to 47070861 
Dealt to 5416c1f3 
Dealt to 892471e0 
Dealt to 9fee7b2e 
9fee7b2e: folds
70511dc1: raises $0.09 to $0.14
Hero: raises $0.31 to $0.45
47070861: folds
5416c1f3: folds
892471e0: folds
70511dc1: folds
Uncalled bet ($0.31) returned to Hero
*** SHOWDOWN ***
Hero collected $0.34 from pot
*** SUMMARY ***
Total pot $0.35 | Rake $0.01 | Jackpot $0 | Bingo $0 | Fortune $0 | Tax $0
Seat 1: 70511dc1 folded before Flop
Seat 2: Hero collected ($0.34)
Seat 3: 47070861 (button) folded before Flop (didn't bet)
Seat 4: 5416c1f3 (small blind) folded before Flop
Seat 5: 892471e0 (big blind) folded before Flop
Seat 6: 9fee7b2e folded before Flop (didn't bet)


Poker Hand #HD1730089834: Hold'em No Limit ($0.02/$0.05) - 2024/04/14 16:33:07
Table 'NLHBlue6' 6-max Seat #2 is the button
Seat 1: 70511dc1 ($5.47 in chips)
Seat 2: Hero ($5.29 in chips)
Seat 3: 47070861 ($5.07 in chips)
Seat 4: 5416c1f3 ($8.8 in chips)
Seat 5: 892471e0 ($16.17 in chips)
Seat 6: 9fee7b2e ($5.5 in chips)
47070861: posts small blind $0.02
5416c1f3: posts big blind $0.05
*** HOLE CARDS ***
Dealt to 70511dc1 
Dealt to Hero [3s Jd]
Dealt to 47070861 
Dealt to 5416c1f3 
Dealt to 892471e0 
Dealt to 9fee7b2e 
892471e0: raises $0.06 to $0.11
9fee7b2e: folds
70511dc1: folds
Hero: folds
47070861: folds
5416c1f3: folds
Uncalled bet ($0.06) returned to 892471e0
*** SHOWDOWN ***
892471e0 collected $0.12 from pot
*** SUMMARY ***
Total pot $0.12 | Rake $0 | Jackpot $0 | Bingo $0 | Fortune $0 | Tax $0
Seat 1: 70511dc1 folded before Flop (didn't bet)
Seat 2: Hero (button) folded before Flop (didn't bet)
Seat 3: 47070861 (small blind) folded before Flop
Seat 4: 5416c1f3 (big blind) folded before Flop
Seat 5: 892471e0 collected ($0.12)
Seat 6: 9fee7b2e folded before Flop (didn't bet)


Poker Hand #HD1730089727: Hold'em No Limit ($0.02/$0.05) - 2024/04/14 16:32:09
Table 'NLHBlue6' 6-max Seat #1 is the button
Seat 1: 70511dc1 ($5.65 in chips)
Seat 2: Hero ($5.31 in chips)
Seat 3: 47070861 ($5.12 in chips)
Seat 4: 5416c1f3 ($8.57 in chips)
Seat 5: 892471e0 ($16.17 in chips)
Seat 6: 9fee7b2e ($5.5 in chips)
Hero: posts small blind $0.02
47070861: posts big blind $0.05
*** HOLE CARDS ***
Dealt to 70511dc1 
Dealt to Hero [9d 8d]
Dealt to 47070861 
Dealt to 5416c1f3 
Dealt to 892471e0 
Dealt to 9fee7b2e 
5416c1f3: calls $0.05
892471e0: folds
9fee7b2e: folds
70511dc1: raises $0.13 to $0.18
Hero: folds
47070861: folds
5416c1f3: calls $0.13
*** FLOP *** [7c Jh 8s]
5416c1f3: bets $0.15
70511dc1: folds
Uncalled bet ($0.15) returned to 5416c1f3
*** SHOWDOWN ***
5416c1f3 collected $0.41 from pot
*** SUMMARY ***
Total pot $0.43 | Rake $0.02 | Jackpot $0 | Bingo $0 | Fortune $0 | Tax $0
Board [7c Jh 8s]
Seat 1: 70511dc1 (button) folded on the Flop
Seat 2: Hero (small blind) folded before Flop
Seat 3: 47070861 (big blind) folded before Flop
Seat 4: 5416c1f3 won ($0.41)
Seat 5: 892471e0 folded before Flop (didn't bet)
Seat 6: 9fee7b2e folded before Flop (didn't bet)


Poker Hand #HD1730089688: Hold'em No Limit ($0.02/$0.05) - 2024/04/14 16:31:51
Table 'NLHBlue6' 6-max Seat #6 is the button
Seat 1: 70511dc1 ($5.67 in chips)
Seat 2: Hero ($5.36 in chips)
Seat 3: 47070861 ($5.12 in chips)
Seat 4: 5416c1f3 ($8.57 in chips)
Seat 5: 892471e0 ($16.17 in chips)
Seat 6: 9fee7b2e ($5.43 in chips)
70511dc1: posts small blind $0.02
Hero: posts big blind $0.05
*** HOLE CARDS ***
Dealt to 70511dc1 
Dealt to Hero [3s 2h]
Dealt to 47070861 
Dealt to 5416c1f3 
Dealt to 892471e0 
Dealt to 9fee7b2e 
47070861: folds
5416c1f3: folds
892471e0: folds
9fee7b2e: raises $0.08 to $0.13
70511dc1: folds
Hero: folds
Uncalled bet ($0.08) returned to 9fee7b2e
*** SHOWDOWN ***
9fee7b2e collected $0.12 from pot
*** SUMMARY ***
Total pot $0.12 | Rake $0 | Jackpot $0 | Bingo $0 | Fortune $0 | Tax $0
Seat 1: 70511dc1 (small blind) folded before Flop
Seat 2: Hero (big blind) folded before Flop
Seat 3: 47070861 folded before Flop (didn't bet)
Seat 4: 5416c1f3 folded before Flop (didn't bet)
Seat 5: 892471e0 folded before Flop (didn't bet)
Seat 6: 9fee7b2e (button) collected ($0.12)


Poker Hand #HD1730089653: Hold'em No Limit ($0.02/$0.05) - 2024/04/14 16:31:31
Table 'NLHBlue6' 6-max Seat #5 is the button
Seat 1: 70511dc1 ($5.72 in chips)
Seat 2: Hero ($5.36 in chips)
Seat 3: 47070861 ($5.05 in chips)
Seat 4: 5416c1f3 ($8.57 in chips)
Seat 5: 892471e0 ($16.17 in chips)
Seat 6: 9fee7b2e ($5.45 in chips)
9fee7b2e: posts small blind $0.02
70511dc1: posts big blind $0.05
*** HOLE CARDS ***
Dealt to 70511dc1 
Dealt to Hero [8h 4s]
Dealt to 47070861 
Dealt to 5416c1f3 
Dealt to 892471e0 
Dealt to 9fee7b2e 
Hero: folds
47070861: raises $0.06 to $0.11
5416c1f3: folds
892471e0: folds
9fee7b2e: folds
70511dc1: folds
Uncalled bet ($0.06) returned to 47070861
*** SHOWDOWN ***
47070861 collected $0.12 from pot
*** SUMMARY ***
Total pot $0.12 | Rake $0 | Jackpot $0 | Bingo $0 | Fortune $0 | Tax $0
Seat 1: 70511dc1 (big blind) folded before Flop
Seat 2: Hero folded before Flop (didn't bet)
Seat 3: 47070861 collected ($0.12)
Seat 4: 5416c1f3 folded before Flop (didn't bet)
Seat 5: 892471e0 (button) folded before Flop (didn't bet)
Seat 6: 9fee7b2e (small blind) folded before Flop


Poker Hand #HD1730089577: Hold'em No Limit ($0.02/$0.05) - 2024/04/14 16:30:48
Table 'NLHBlue6' 6-max Seat #4 is the button
Seat 1: 70511dc1 ($5.84 in chips)
Seat 2: Hero ($5.36 in chips)
Seat 3: 47070861 ($5.05 in chips)
Seat 4: 5416c1f3 ($8.32 in chips)
Seat 5: 892471e0 ($16.19 in chips)
Seat 6: 9fee7b2e ($5.57 in chips)
892471e0: posts small blind $0.02
9fee7b2e: posts big blind $0.05
*** HOLE CARDS ***
Dealt to 70511dc1 
Dealt to Hero [Tc 3h]
Dealt to 47070861 
Dealt to 5416c1f3 
Dealt to 892471e0 
Dealt to 9fee7b2e 
70511dc1: raises $0.07 to $0.12
Hero: folds
47070861: folds
5416c1f3: calls $0.12
892471e0: folds
9fee7b2e: calls $0.07
*** FLOP *** [5s 3d 5d]
9fee7b2e: checks
70511dc1: checks
5416c1f3: bets $0.19
9fee7b2e: folds
70511dc1: folds
Uncalled bet ($0.19) returned to 5416c1f3
*** SHOWDOWN ***
5416c1f3 collected $0.37 from pot
*** SUMMARY ***
Total pot $0.38 | Rake $0.01 | Jackpot $0 | Bingo $0 | Fortune $0 | Tax $0
Board [5s 3d 5d]
Seat 1: 70511dc1 folded on the Flop
Seat 2: Hero folded before Flop (didn't bet)
Seat 3: 47070861 folded before Flop (didn't bet)
Seat 4: 5416c1f3 (button) won ($0.37)
Seat 5: 892471e0 (small blind) folded before Flop
Seat 6: 9fee7b2e (big blind) folded on the Flop


Poker Hand #HD1730089543: Hold'em No Limit ($0.02/$0.05) - 2024/04/14 16:30:26
Table 'NLHBlue6' 6-max Seat #3 is the button
Seat 1: 70511dc1 ($5.77 in chips)
Seat 2: Hero ($5.36 in chips)
Seat 3: 47070861 ($5.05 in chips)
Seat 4: 5416c1f3 ($8.34 in chips)
Seat 5: 892471e0 ($16.24 in chips)
Seat 6: 9fee7b2e ($5.57 in chips)
5416c1f3: posts small blind $0.02
892471e0: posts big blind $0.05
*** HOLE CARDS ***
Dealt to 70511dc1 
Dealt to Hero [Kc 3h]
Dealt to 47070861 
Dealt to 5416c1f3 
Dealt to 892471e0 
Dealt to 9fee7b2e 
9fee7b2e: folds
70511dc1: raises $0.09 to $0.14
Hero: folds
47070861: folds
5416c1f3: folds
892471e0: folds
Uncalled bet ($0.09) returned to 70511dc1
*** SHOWDOWN ***
70511dc1 collected $0.12 from pot
*** SUMMARY ***
Total pot $0.12 | Rake $0 | Jackpot $0 | Bingo $0 | Fortune $0 | Tax $0
Seat 1: 70511dc1 collected ($0.12)
Seat 2: Hero folded before Flop (didn't bet)
Seat 3: 47070861 (button) folded before Flop (didn't bet)
Seat 4: 5416c1f3 (small blind) folded before Flop
Seat 5: 892471e0 (big blind) folded before Flop
Seat 6: 9fee7b2e folded before Flop (didn't bet)


Poker Hand #HD1730089509: Hold'em No Limit ($0.02/$0.05) - 2024/04/14 16:30:06
Table 'NLHBlue6' 6-max Seat #2 is the button
Seat 1: 70511dc1 ($5.77 in chips)
Seat 2: Hero ($5.36 in chips)
Seat 3: 47070861 ($5 in chips)
Seat 4: 5416c1f3 ($8.39 in chips)
Seat 5: 892471e0 ($16.24 in chips)
Seat 6: 9fee7b2e ($5.57 in chips)
47070861: posts small blind $0.02
5416c1f3: posts big blind $0.05
*** HOLE CARDS ***
Dealt to 70511dc1 
Dealt to Hero [Th 6c]
Dealt to 47070861 
Dealt to 5416c1f3 
Dealt to 892471e0 
Dealt to 9fee7b2e 
892471e0: folds
9fee7b2e: folds
70511dc1: folds
Hero: folds
47070861: raises $0.08 to $0.13
5416c1f3: folds
Uncalled bet ($0.08) returned to 47070861
*** SHOWDOWN ***
47070861 collected $0.1 from pot
*** SUMMARY ***
Total pot $0.1 | Rake $0 | Jackpot $0 | Bingo $0 | Fortune $0 | Tax $0
Seat 1: 70511dc1 folded before Flop (didn't bet)
Seat 2: Hero (button) folded before Flop (didn't bet)
Seat 3: 47070861 (small blind) collected ($0.1)
Seat 4: 5416c1f3 (big blind) folded before Flop
Seat 5: 892471e0 folded before Flop (didn't bet)
Seat 6: 9fee7b2e folded before Flop (didn't bet)


Poker Hand #HD1730089436: Hold'em No Limit ($0.02/$0.05) - 2024/04/14 16:29:26
Table 'NLHBlue6' 6-max Seat #1 is the button
Seat 1: 70511dc1 ($5.77 in chips)
Seat 2: Hero ($5.38 in chips)
Seat 3: 47070861 ($5 in chips)
Seat 4: 5416c1f3 ($8.59 in chips)
Seat 5: 892471e0 ($16.24 in chips)
Seat 6: 9fee7b2e ($5.32 in chips)
Hero: posts small blind $0.02
47070861: posts big blind $0.05
*** HOLE CARDS ***
Dealt to 70511dc1 
Dealt to Hero [Th Ah]
Dealt to 47070861 
Dealt to 5416c1f3 
Dealt to 892471e0 
Dealt to 9fee7b2e 
5416c1f3: raises $0.15 to $0.2
892471e0: folds
9fee7b2e: calls $0.2
70511dc1: folds
Hero: folds
47070861: folds
*** FLOP *** [9c 3h 5c]
5416c1f3: checks
9fee7b2e: bets $0.16
5416c1f3: folds
Uncalled bet ($0.16) returned to 9fee7b2e
*** SHOWDOWN ***
9fee7b2e collected $0.45 from pot
*** SUMMARY ***
Total pot $0.47 | Rake $0.02 | Jackpot $0 | Bingo $0 | Fortune $0 | Tax $0
Board [9c 3h 5c]
Seat 1: 70511dc1 (button) folded before Flop (didn't bet)
Seat 2: Hero (small blind) folded before Flop
Seat 3: 47070861 (big blind) folded before Flop
Seat 4: 5416c1f3 folded on the Flop
Seat 5: 892471e0 folded before Flop (didn't bet)
Seat 6: 9fee7b2e won ($0.45)


Poker Hand #HD1730089305: Hold'em No Limit ($0.02/$0.05) - 2024/04/14 16:27:58
Table 'NLHBlue6' 6-max Seat #6 is the button
Seat 1: 70511dc1 ($5.79 in chips)
Seat 2: Hero ($5.43 in chips)
Seat 3: 47070861 ($5 in chips)
Seat 4: 5416c1f3 ($9.85 in chips)
Seat 5: 892471e0 ($15.08 in chips)
Seat 6: 9fee7b2e ($5.32 in chips)
70511dc1: posts small blind $0.02
Hero: posts big blind $0.05
*** HOLE CARDS ***
Dealt to 70511dc1 
Dealt to Hero [5h 9d]
Dealt to 47070861 
Dealt to 5416c1f3 
Dealt to 892471e0 
Dealt to 9fee7b2e 
47070861: folds
5416c1f3: raises $0.1 to $0.15
892471e0: raises $0.28 to $0.43
9fee7b2e: folds
70511dc1: folds
Hero: folds
5416c1f3: calls $0.28
*** FLOP *** [Ad 9h 2c]
5416c1f3: bets $0.31
892471e0: calls $0.31
*** TURN *** [Ad 9h 2c] [Ts]
5416c1f3: bets $0.52
892471e0: calls $0.52
*** RIVER *** [Ad 9h 2c Ts] [2s]
5416c1f3: checks
892471e0: checks
5416c1f3: shows [Tc Jc] (Pair of Tens and Pair of Twos)
892471e0: shows [As Jh] (Pair of Aces and Pair of Twos)
*** SHOWDOWN ***
892471e0 collected $2.42 from pot
*** SUMMARY ***
Total pot $2.59 | Rake $0.12 | Jackpot $0.05 | Bingo $0 | Fortune $0 | Tax $0
Board [Ad 9h 2c Ts 2s]
Seat 1: 70511dc1 (small blind) folded before Flop
Seat 2: Hero (big blind) folded before Flop
Seat 3: 47070861 folded before Flop (didn't bet)
Seat 4: 5416c1f3 showed [Tc Jc] and lost with Pair of Tens and Pair of Twos
Seat 5: 892471e0 showed [As Jh] and won ($2.42) with Pair of Aces and Pair of Twos
Seat 6: 9fee7b2e (button) folded before Flop (didn't bet)


Poker Hand #HD1730089222: Hold'em No Limit ($0.02/$0.05) - 2024/04/14 16:27:12
Table 'NLHBlue6' 6-max Seat #5 is the button
Seat 1: 70511dc1 ($5.84 in chips)
Seat 2: Hero ($5 in chips)
Seat 3: 47070861 ($5 in chips)
Seat 4: 5416c1f3 ($9.85 in chips)
Seat 5: 892471e0 ($15.08 in chips)
Seat 6: 9fee7b2e ($5.34 in chips)
9fee7b2e: posts small blind $0.02
70511dc1: posts big blind $0.05
*** HOLE CARDS ***
Dealt to 70511dc1 
Dealt to Hero [Ah Kh]
Dealt to 47070861 
Dealt to 5416c1f3 
Dealt to 892471e0 
Dealt to 9fee7b2e 
Hero: raises $0.05 to $0.1
47070861: raises $0.3 to $0.4
5416c1f3: folds
892471e0: folds
9fee7b2e: folds
70511dc1: folds
Hero: raises $0.75 to $1.15
47070861: folds
Uncalled bet ($0.75) returned to Hero
*** SHOWDOWN ***
Hero collected $0.83 from pot
*** SUMMARY ***
Total pot $0.87 | Rake $0.04 | Jackpot $0 | Bingo $0 | Fortune $0 | Tax $0
Seat 1: 70511dc1 (big blind) folded before Flop
Seat 2: Hero collected ($0.83)
Seat 3: 47070861 folded before Flop
Seat 4: 5416c1f3 folded before Flop (didn't bet)
Seat 5: 892471e0 (button) folded before Flop (didn't bet)
Seat 6: 9fee7b2e (small blind) folded before Flop


Poker Hand #HD1730089157: Hold'em No Limit ($0.02/$0.05) - 2024/04/14 16:26:34
Table 'NLHBlue6' 6-max Seat #4 is the button
Seat 1: 70511dc1 ($5.84 in chips)
Seat 2: Hero ($5 in chips)
Seat 3: 47070861 ($5 in chips)
Seat 4: 5416c1f3 ($9.85 in chips)
Seat 5: 892471e0 ($14.94 in chips)
Seat 6: 9fee7b2e ($5.39 in chips)
892471e0: posts small blind $0.02
9fee7b2e: posts big blind $0.05
*** HOLE CARDS ***
Dealt to 70511dc1 
Dealt to Hero [Ts Qs]
Dealt to 47070861 
Dealt to 5416c1f3 
Dealt to 892471e0 
Dealt to 9fee7b2e 
70511dc1: folds
Hero: raises $0.05 to $0.1
47070861: folds
5416c1f3: folds
892471e0: raises $0.35 to $0.45
9fee7b2e: folds
Hero: folds
Uncalled bet ($0.35) returned to 892471e0
*** SHOWDOWN ***
892471e0 collected $0.24 from pot
*** SUMMARY ***
Total pot $0.25 | Rake $0.01 | Jackpot $0 | Bingo $0 | Fortune $0 | Tax $0
Seat 1: 70511dc1 folded before Flop (didn't bet)
Seat 2: Hero folded before Flop
Seat 3: 47070861 folded before Flop (didn't bet)
Seat 4: 5416c1f3 (button) folded before Flop (didn't bet)
Seat 5: 892471e0 (small blind) collected ($0.24)
Seat 6: 9fee7b2e (big blind) folded before Flop


Poker Hand #HD1730089077: Hold'em No Limit ($0.02/$0.05) - 2024/04/14 16:25:44
Table 'NLHBlue6' 6-max Seat #3 is the button
Seat 1: 70511dc1 ($5.39 in chips)
Seat 2: Hero ($5 in chips)
Seat 3: 47070861 ($5 in chips)
Seat 4: 5416c1f3 ($10.29 in chips)
Seat 5: 892471e0 ($14.99 in chips)
Seat 6: 9fee7b2e ($5.39 in chips)
5416c1f3: posts small blind $0.02
892471e0: posts big blind $0.05
*** HOLE CARDS ***
Dealt to 70511dc1 
Dealt to Hero [5c Qd]
Dealt to 47070861 
Dealt to 5416c1f3 
Dealt to 892471e0 
Dealt to 9fee7b2e 
9fee7b2e: folds
70511dc1: raises $0.09 to $0.14
Hero: folds
47070861: folds
5416c1f3: calls $0.12
892471e0: folds
*** FLOP *** [8d 8c 2s]
5416c1f3: bets $0.11
70511dc1: calls $0.11
*** TURN *** [8d 8c 2s] [6h]
5416c1f3: bets $0.19
70511dc1: calls $0.19
*** RIVER *** [8d 8c 2s 6h] [3h]
5416c1f3: checks
70511dc1: checks
5416c1f3: shows [Ad 2d] (Pair of Eights and Pair of Twos)
70511dc1: shows [7h 7d] (Pair of Eights and Pair of Sevens)
*** SHOWDOWN ***
70511dc1 collected $0.89 from pot
*** SUMMARY ***
Total pot $0.93 | Rake $0.04 | Jackpot $0 | Bingo $0 | Fortune $0 | Tax $0
Board [8d 8c 2s 6h 3h]
Seat 1: 70511dc1 showed [7h 7d] and won ($0.89) with Pair of Eights and Pair of Sevens
Seat 2: Hero folded before Flop (didn't bet)
Seat 3: 47070861 (button) folded before Flop (didn't bet)
Seat 4: 5416c1f3 (small blind) showed [Ad 2d] and lost with Pair of Eights and Pair of Twos
Seat 5: 892471e0 (big blind) folded before Flop
Seat 6: 9fee7b2e folded before Flop (didn't bet)


Poker Hand #HD1730089014: Hold'em No Limit ($0.02/$0.05) - 2024/04/14 16:25:07
Table 'NLHBlue6' 6-max Seat #2 is the button
Seat 1: 70511dc1 ($5.39 in chips)
Seat 2: Hero ($5 in chips)
Seat 3: 47070861 ($4.95 in chips)
Seat 4: 5416c1f3 ($10.11 in chips)
Seat 5: 892471e0 ($14.99 in chips)
Seat 6: 9fee7b2e ($5.39 in chips)
47070861: posts small blind $0.02
5416c1f3: posts big blind $0.05
*** HOLE CARDS ***
Dealt to 70511dc1 
Dealt to Hero [6h 3d]
Dealt to 47070861 
Dealt to 5416c1f3 
Dealt to 892471e0 
Dealt to 9fee7b2e 
892471e0: folds
9fee7b2e: folds
70511dc1: folds
Hero: folds
47070861: raises $0.06 to $0.11
5416c1f3: calls $0.06
*** FLOP *** [Ad Qs 4d]
47070861: bets $0.08
5416c1f3: calls $0.08
*** TURN *** [Ad Qs 4d] [3h]
47070861: checks
5416c1f3: bets $0.13
47070861: folds
Uncalled bet ($0.13) returned to 5416c1f3
*** SHOWDOWN ***
5416c1f3 collected $0.37 from pot
*** SUMMARY ***
Total pot $0.38 | Rake $0.01 | Jackpot $0 | Bingo $0 | Fortune $0 | Tax $0
Board [Ad Qs 4d 3h]
Seat 1: 70511dc1 folded before Flop (didn't bet)
Seat 2: Hero (button) folded before Flop (didn't bet)
Seat 3: 47070861 (small blind) folded on the Turn
Seat 4: 5416c1f3 (big blind) won ($0.37)
Seat 5: 892471e0 folded before Flop (didn't bet)
Seat 6: 9fee7b2e folded before Flop (didn't bet)


Poker Hand #HD1730088935: Hold'em No Limit ($0.02/$0.05) - 2024/04/14 16:24:15
Table 'NLHBlue6' 6-max Seat #1 is the button
Seat 1: 70511dc1 ($5.22 in chips)
Seat 2: Hero ($5.02 in chips)
Seat 3: 47070861 ($5 in chips)
Seat 4: 5416c1f3 ($10.11 in chips)
Seat 5: 892471e0 ($15.1 in chips)
Seat 6: 9fee7b2e ($5.39 in chips)
Hero: posts small blind $0.02
47070861: posts big blind $0.05
*** HOLE CARDS ***
Dealt to 70511dc1 
Dealt to Hero [Qh 4h]
Dealt to 47070861 
Dealt to 5416c1f3 
Dealt to 892471e0 
Dealt to 9fee7b2e 
5416c1f3: folds
892471e0: raises $0.06 to $0.11
9fee7b2e: folds
70511dc1: raises $0.31 to $0.42
Hero: folds
47070861: folds
892471e0: folds
Uncalled bet ($0.31) returned to 70511dc1
*** SHOWDOWN ***
70511dc1 collected $0.28 from pot
*** SUMMARY ***
Total pot $0.29 | Rake $0.01 | Jackpot $0 | Bingo $0 | Fortune $0 | Tax $0
Seat 1: 70511dc1 (button) collected ($0.28)
Seat 2: Hero (small blind) folded before Flop
Seat 3: 47070861 (big blind) folded before Flop
Seat 4: 5416c1f3 folded before Flop (didn't bet)
Seat 5: 892471e0 folded before Flop
Seat 6: 9fee7b2e folded before Flop (didn't bet)


Poker Hand #HD1730088902: Hold'em No Limit ($0.02/$0.05) - 2024/04/14 16:23:55
Table 'NLHBlue6' 6-max Seat #6 is the button
Seat 1: 70511dc1 ($5.24 in chips)
Seat 2: Hero ($5.07 in chips)
Seat 4: 5416c1f3 ($10.11 in chips)
Seat 5: 892471e0 ($15.1 in chips)
Seat 6: 9fee7b2e ($5.32 in chips)
70511dc1: posts small blind $0.02
Hero: posts big blind $0.05
*** HOLE CARDS ***
Dealt to 70511dc1 
Dealt to Hero [Td 4h]
Dealt to 5416c1f3 
Dealt to 892471e0 
Dealt to 9fee7b2e 
5416c1f3: folds
892471e0: folds
9fee7b2e: raises $0.08 to $0.13
70511dc1: folds
Hero: folds
Uncalled bet ($0.08) returned to 9fee7b2e
*** SHOWDOWN ***
9fee7b2e collected $0.12 from pot
*** SUMMARY ***
Total pot $0.12 | Rake $0 | Jackpot $0 | Bingo $0 | Fortune $0 | Tax $0
Seat 1: 70511dc1 (small blind) folded before Flop
Seat 2: Hero (big blind) folded before Flop
Seat 4: 5416c1f3 folded before Flop (didn't bet)
Seat 5: 892471e0 folded before Flop (didn't bet)
Seat 6: 9fee7b2e (button) collected ($0.12)


Poker Hand #HD1730088871: Hold'em No Limit ($0.02/$0.05) - 2024/04/14 16:23:38
Table 'NLHBlue6' 6-max Seat #5 is the button
Seat 1: 70511dc1 ($5.29 in chips)
Seat 2: Hero ($5.07 in chips)
Seat 4: 5416c1f3 ($10.11 in chips)
Seat 5: 892471e0 ($15.1 in chips)
Seat 6: 9fee7b2e ($5.27 in chips)
9fee7b2e: posts small blind $0.02
70511dc1: posts big blind $0.05
*** HOLE CARDS ***
Dealt to 70511dc1 
Dealt to Hero [Ts 2c]
Dealt to 5416c1f3 
Dealt to 892471e0 
Dealt to 9fee7b2e 
Hero: folds
5416c1f3: folds
892471e0: folds
9fee7b2e: raises $0.1 to $0.15
70511dc1: folds
Uncalled bet ($0.1) returned to 9fee7b2e
*** SHOWDOWN ***
9fee7b2e collected $0.1 from pot
*** SUMMARY ***
Total pot $0.1 | Rake $0 | Jackpot $0 | Bingo $0 | Fortune $0 | Tax $0
Seat 1: 70511dc1 (big blind) folded before Flop
Seat 2: Hero folded before Flop (didn't bet)
Seat 4: 5416c1f3 folded before Flop (didn't bet)
Seat 5: 892471e0 (button) folded before Flop (didn't bet)
Seat 6: 9fee7b2e (small blind) collected ($0.1)


Poker Hand #HD1730088840: Hold'em No Limit ($0.02/$0.05) - 2024/04/14 16:23:20
Table 'NLHBlue6' 6-max Seat #4 is the button
Seat 1: 70511dc1 ($5.29 in chips)
Seat 2: Hero ($5 in chips)
Seat 4: 5416c1f3 ($10.11 in chips)
Seat 5: 892471e0 ($15.12 in chips)
Seat 6: 9fee7b2e ($5.32 in chips)
892471e0: posts small blind $0.02
9fee7b2e: posts big blind $0.05
*** HOLE CARDS ***
Dealt to 70511dc1 
Dealt to Hero [Th Kh]
Dealt to 5416c1f3 
Dealt to 892471e0 
Dealt to 9fee7b2e 
70511dc1: folds
Hero: raises $0.07 to $0.12
5416c1f3: folds
892471e0: folds
9fee7b2e: folds
Uncalled bet ($0.07) returned to Hero
*** SHOWDOWN ***
Hero collected $0.12 from pot
*** SUMMARY ***
Total pot $0.12 | Rake $0 | Jackpot $0 | Bingo $0 | Fortune $0 | Tax $0
Seat 1: 70511dc1 folded before Flop (didn't bet)
Seat 2: Hero collected ($0.12)
Seat 4: 5416c1f3 (button) folded before Flop (didn't bet)
Seat 5: 892471e0 (small blind) folded before Flop
Seat 6: 9fee7b2e (big blind) folded before Flop


Poker Hand #HD1730088818: Hold'em No Limit ($0.02/$0.05) - 2024/04/14 16:23:06
Table 'NLHBlue6' 6-max Seat #2 is the button
Seat 1: 70511dc1 ($5.29 in chips)
Seat 2: Hero ($5 in chips)
Seat 4: 5416c1f3 ($10.13 in chips)
Seat 5: 892471e0 ($15.1 in chips)
Seat 6: 9fee7b2e ($5.32 in chips)
5416c1f3: posts small blind $0.02
892471e0: posts big blind $0.05
*** HOLE CARDS ***
Dealt to 70511dc1 
Dealt to Hero [2d 4h]
Dealt to 5416c1f3 
Dealt to 892471e0 
Dealt to 9fee7b2e 
9fee7b2e: folds
70511dc1: folds
Hero: folds
5416c1f3: folds
Uncalled bet ($0.03) returned to 892471e0
*** SHOWDOWN ***
892471e0 collected $0.04 from pot
*** SUMMARY ***
Total pot $0.04 | Rake $0 | Jackpot $0 | Bingo $0 | Fortune $0 | Tax $0
Seat 1: 70511dc1 folded before Flop (didn't bet)
Seat 2: Hero (button) folded before Flop (didn't bet)
Seat 4: 5416c1f3 (small blind) folded before Flop
Seat 5: 892471e0 (big blind) collected ($0.04)
Seat 6: 9fee7b2e folded before Flop (didn't bet)


Poker Hand #HD1730088707: Hold'em No Limit ($0.02/$0.05) - 2024/04/14 16:22:03
Table 'NLHBlue6' 6-max Seat #1 is the button
Seat 1: 70511dc1 ($5.22 in chips)
Seat 2: Hero ($5 in chips)
Seat 3: 47070861 ($5 in chips)
Seat 4: 5416c1f3 ($10.13 in chips)
Seat 5: 892471e0 ($15.1 in chips)
Seat 6: 9fee7b2e ($5.32 in chips)
Hero: posts small blind $0.02
47070861: posts big blind $0.05
*** HOLE CARDS ***
Dealt to 70511dc1 
Dealt to Hero [As 2c]
Dealt to 47070861 
Dealt to 5416c1f3 
Dealt to 892471e0 
Dealt to 9fee7b2e 
5416c1f3: folds
892471e0: folds
9fee7b2e: folds
70511dc1: raises $0.07 to $0.12
Hero: folds
47070861: folds
Uncalled bet ($0.07) returned to 70511dc1
*** SHOWDOWN ***
70511dc1 collected $0.12 from pot
*** SUMMARY ***
Total pot $0.12 | Rake $0 | Jackpot $0 | Bingo $0 | Fortune $0 | Tax $0
Seat 1: 70511dc1 (button) collected ($0.12)
Seat 2: Hero (small blind) folded before Flop
Seat 3: 47070861 (big blind) folded before Flop
Seat 4: 5416c1f3 folded before Flop (didn't bet)
Seat 5: 892471e0 folded before Flop (didn't bet)
Seat 6: 9fee7b2e folded before Flop (didn't bet)


Poker Hand #HD1730088670: Hold'em No Limit ($0.02/$0.05) - 2024/04/14 16:21:38
Table 'NLHBlue6' 6-max Seat #6 is the button
Seat 1: 70511dc1 ($5.24 in chips)
Seat 2: Hero ($5 in chips)
Seat 3: a7fd80d8 ($2.74 in chips)
Seat 4: 5416c1f3 ($10.13 in chips)
Seat 5: 892471e0 ($15.03 in chips)
Seat 6: 9fee7b2e ($5.32 in chips)
70511dc1: posts small blind $0.02
Hero: posts big blind $0.05
*** HOLE CARDS ***
Dealt to 70511dc1 
Dealt to Hero [8c Th]
Dealt to a7fd80d8 
Dealt to 5416c1f3 
Dealt to 892471e0 
Dealt to 9fee7b2e 
a7fd80d8: folds
5416c1f3: folds
892471e0: raises $0.06 to $0.11
9fee7b2e: folds
70511dc1: folds
Hero: folds
Uncalled bet ($0.06) returned to 892471e0
*** SHOWDOWN ***
892471e0 collected $0.12 from pot
*** SUMMARY ***
Total pot $0.12 | Rake $0 | Jackpot $0 | Bingo $0 | Fortune $0 | Tax $0
Seat 1: 70511dc1 (small blind) folded before Flop
Seat 2: Hero (big blind) folded before Flop
Seat 3: a7fd80d8 folded before Flop (didn't bet)
Seat 4: 5416c1f3 folded before Flop (didn't bet)
Seat 5: 892471e0 collected ($0.12)
Seat 6: 9fee7b2e (button) folded before Flop (didn't bet)


Poker Hand #HD1730088583: Hold'em No Limit ($0.02/$0.05) - 2024/04/14 16:20:47
Table 'NLHBlue6' 6-max Seat #5 is the button
Seat 1: 70511dc1 ($5 in chips)
Seat 2: Hero ($5 in chips)
Seat 3: a7fd80d8 ($2.98 in chips)
Seat 4: 5416c1f3 ($10.13 in chips)
Seat 5: 892471e0 ($15.03 in chips)
Seat 6: 9fee7b2e ($5.34 in chips)
9fee7b2e: posts small blind $0.02
70511dc1: posts big blind $0.05
*** HOLE CARDS ***
Dealt to 70511dc1 
Dealt to Hero [6h 3s]
Dealt to a7fd80d8 
Dealt to 5416c1f3 
Dealt to 892471e0 
Dealt to 9fee7b2e 
Hero: folds
a7fd80d8: calls $0.05
5416c1f3: folds
892471e0: folds
9fee7b2e: folds
70511dc1: raises $0.19 to $0.24
a7fd80d8: calls $0.19
*** FLOP *** [9c 7d 4h]
70511dc1: checks
a7fd80d8: checks
*** TURN *** [9c 7d 4h] [Qc]
70511dc1: bets $0.3
a7fd80d8: folds
Uncalled bet ($0.3) returned to 70511dc1
*** SHOWDOWN ***
70511dc1 collected $0.48 from pot
*** SUMMARY ***
Total pot $0.5 | Rake $0.02 | Jackpot $0 | Bingo $0 | Fortune $0 | Tax $0
Board [9c 7d 4h Qc]
Seat 1: 70511dc1 (big blind) won ($0.48)
Seat 2: Hero folded before Flop (didn't bet)
Seat 3: a7fd80d8 folded on the Turn
Seat 4: 5416c1f3 folded before Flop (didn't bet)
Seat 5: 892471e0 (button) folded before Flop (didn't bet)
Seat 6: 9fee7b2e (small blind) folded before Flop


Poker Hand #HD1730088458: Hold'em No Limit ($0.02/$0.05) - 2024/04/14 16:19:35
Table 'NLHBlue6' 6-max Seat #4 is the button
Seat 1: 70511dc1 ($4.69 in chips)
Seat 2: Hero ($5 in chips)
Seat 3: a7fd80d8 ($1.53 in chips)
Seat 4: 5416c1f3 ($10.13 in chips)
Seat 5: 892471e0 ($15.05 in chips)
Seat 6: 9fee7b2e ($5.44 in chips)
892471e0: posts small blind $0.02
9fee7b2e: posts big blind $0.05
*** HOLE CARDS ***
Dealt to 70511dc1 
Dealt to Hero [Ad 3d]
Dealt to a7fd80d8 
Dealt to 5416c1f3 
Dealt to 892471e0 
Dealt to 9fee7b2e 
70511dc1: raises $0.05 to $0.1
Hero: folds
a7fd80d8: calls $0.1
5416c1f3: folds
892471e0: folds
9fee7b2e: calls $0.05
*** FLOP *** [Th 2c 9h]
9fee7b2e: checks
70511dc1: bets $0.2
a7fd80d8: raises $0.24 to $0.44
9fee7b2e: folds
70511dc1: calls $0.24
*** TURN *** [Th 2c 9h] [3s]
70511dc1: checks
a7fd80d8: bets $0.4
70511dc1: calls $0.4
*** RIVER *** [Th 2c 9h 3s] [2h]
70511dc1: bets $1.16
a7fd80d8: calls $0.59 and is all-in
Uncalled bet ($0.57) returned to 70511dc1
70511dc1: shows [Ah 3h] (Ace High Flush)
a7fd80d8: shows [2d 2s] (Four Twos)
*** SHOWDOWN ***
a7fd80d8 collected $2.98 from pot
*** SUMMARY ***
Total pot $3.18 | Rake $0.15 | Jackpot $0.05 | Bingo $0 | Fortune $0 | Tax $0
Board [Th 2c 9h 3s 2h]
Seat 1: 70511dc1 showed [Ah 3h] and lost with Ace High Flush
Seat 2: Hero folded before Flop (didn't bet)
Seat 3: a7fd80d8 showed [2d 2s] and won ($2.98) with Four Twos
Seat 4: 5416c1f3 (button) folded before Flop (didn't bet)
Seat 5: 892471e0 (small blind) folded before Flop
Seat 6: 9fee7b2e (big blind) folded on the Flop


Poker Hand #HD1730088318: Hold'em No Limit ($0.02/$0.05) - 2024/04/14 16:18:15
Table 'NLHBlue6' 6-max Seat #3 is the button
Seat 1: 70511dc1 ($4.69 in chips)
Seat 2: Hero ($5 in chips)
Seat 3: a7fd80d8 ($1.77 in chips)
Seat 4: 5416c1f3 ($10.15 in chips)
Seat 5: 892471e0 ($14.81 in chips)
Seat 6: 9fee7b2e ($5.44 in chips)
5416c1f3: posts small blind $0.02
892471e0: posts big blind $0.05
*** HOLE CARDS ***
Dealt to 70511dc1 
Dealt to Hero [Td 2s]
Dealt to a7fd80d8 
Dealt to 5416c1f3 
Dealt to 892471e0 
Dealt to 9fee7b2e 
9fee7b2e: folds
70511dc1: folds
Hero: folds
a7fd80d8: calls $0.05
5416c1f3: folds
892471e0: checks
*** FLOP *** [9s 6d Tc]
892471e0: checks
a7fd80d8: checks
*** TURN *** [9s 6d Tc] [8s]
892471e0: bets $0.09
a7fd80d8: raises $0.1 to $0.19
892471e0: calls $0.1
*** RIVER *** [9s 6d Tc 8s] [Kh]
892471e0: bets $0.7
a7fd80d8: folds
Uncalled bet ($0.7) returned to 892471e0
*** SHOWDOWN ***
892471e0 collected $0.48 from pot
*** SUMMARY ***
Total pot $0.5 | Rake $0.02 | Jackpot $0 | Bingo $0 | Fortune $0 | Tax $0
Board [9s 6d Tc 8s Kh]
Seat 1: 70511dc1 folded before Flop (didn't bet)
Seat 2: Hero folded before Flop (didn't bet)
Seat 3: a7fd80d8 (button) folded on the River
Seat 4: 5416c1f3 (small blind) folded before Flop
Seat 5: 892471e0 (big blind) won ($0.48)
Seat 6: 9fee7b2e folded before Flop (didn't bet)


Poker Hand #HD1730088229: Hold'em No Limit ($0.02/$0.05) - 2024/04/14 16:17:18
Table 'NLHBlue6' 6-max Seat #2 is the button
Seat 1: 70511dc1 ($4.69 in chips)
Seat 2: Hero ($5 in chips)
Seat 3: a7fd80d8 ($1.72 in chips)
Seat 4: 5416c1f3 ($10.2 in chips)
Seat 5: 892471e0 ($14.81 in chips)
Seat 6: 9fee7b2e ($5.44 in chips)
a7fd80d8: posts small blind $0.02
5416c1f3: posts big blind $0.05
*** HOLE CARDS ***
Dealt to 70511dc1 
Dealt to Hero [5d Jd]
Dealt to a7fd80d8 
Dealt to 5416c1f3 
Dealt to 892471e0 
Dealt to 9fee7b2e 
892471e0: folds
9fee7b2e: folds
70511dc1: folds
Hero: folds
a7fd80d8: calls $0.03
5416c1f3: checks
*** FLOP *** [Js 4h 3c]
a7fd80d8: checks
5416c1f3: checks
*** TURN *** [Js 4h 3c] [9d]
a7fd80d8: checks
5416c1f3: checks
*** RIVER *** [Js 4h 3c 9d] [7d]
a7fd80d8: checks
5416c1f3: checks
a7fd80d8: shows [Qd 8h] (Queen-High)
5416c1f3: shows [6d 2c] (Jack-High)
*** SHOWDOWN ***
a7fd80d8 collected $0.1 from pot
*** SUMMARY ***
Total pot $0.1 | Rake $0 | Jackpot $0 | Bingo $0 | Fortune $0 | Tax $0
Board [Js 4h 3c 9d 7d]
Seat 1: 70511dc1 folded before Flop (didn't bet)
Seat 2: Hero (button) folded before Flop (didn't bet)
Seat 3: a7fd80d8 (small blind) showed [Qd 8h] and won ($0.1) with Queen-High
Seat 4: 5416c1f3 (big blind) showed [6d 2c] and lost with Jack-High
Seat 5: 892471e0 folded before Flop (didn't bet)
Seat 6: 9fee7b2e folded before Flop (didn't bet)


Poker Hand #HD1730088169: Hold'em No Limit ($0.02/$0.05) - 2024/04/14 16:16:40
Table 'NLHBlue6' 6-max Seat #1 is the button
Seat 1: 70511dc1 ($4.69 in chips)
Seat 2: Hero ($5 in chips)
Seat 3: a7fd80d8 ($1.92 in chips)
Seat 4: 5416c1f3 ($10 in chips)
Seat 5: 892471e0 ($14.81 in chips)
Seat 6: 9fee7b2e ($5.44 in chips)
Hero: posts small blind $0.02
a7fd80d8: posts big blind $0.05
*** HOLE CARDS ***
Dealt to 70511dc1 
Dealt to Hero [8s Jc]
Dealt to a7fd80d8 
Dealt to 5416c1f3 
Dealt to 892471e0 
Dealt to 9fee7b2e 
5416c1f3: raises $0.15 to $0.2
892471e0: folds
9fee7b2e: folds
70511dc1: folds
Hero: folds
a7fd80d8: calls $0.15
*** FLOP *** [7h 4s 9s]
a7fd80d8: checks
5416c1f3: bets $0.21
a7fd80d8: folds
Uncalled bet ($0.21) returned to 5416c1f3
*** SHOWDOWN ***
5416c1f3 collected $0.4 from pot
*** SUMMARY ***
Total pot $0.42 | Rake $0.02 | Jackpot $0 | Bingo $0 | Fortune $0 | Tax $0
Board [7h 4s 9s]
Seat 1: 70511dc1 (button) folded before Flop (didn't bet)
Seat 2: Hero (small blind) folded before Flop
Seat 3: a7fd80d8 (big blind) folded on the Flop
Seat 4: 5416c1f3 won ($0.4)
Seat 5: 892471e0 folded before Flop (didn't bet)
Seat 6: 9fee7b2e folded before Flop (didn't bet)


Poker Hand #HD1730088145: Hold'em No Limit ($0.02/$0.05) - 2024/04/14 16:16:24
Table 'NLHBlue6' 6-max Seat #6 is the button
Seat 1: 70511dc1 ($4.71 in chips)
Seat 2: Hero ($5 in chips)
Seat 3: a7fd80d8 ($1.92 in chips)
Seat 4: 5416c1f3 ($10 in chips)
Seat 5: 892471e0 ($14.74 in chips)
Seat 6: 9fee7b2e ($5.44 in chips)
70511dc1: posts small blind $0.02
Hero: posts big blind $0.05
*** HOLE CARDS ***
Dealt to 70511dc1 
Dealt to Hero [Qc 3c]
Dealt to a7fd80d8 
Dealt to 5416c1f3 
Dealt to 892471e0 
Dealt to 9fee7b2e 
a7fd80d8: folds
5416c1f3: folds
892471e0: raises $0.06 to $0.11
9fee7b2e: folds
70511dc1: folds
Hero: folds
Uncalled bet ($0.06) returned to 892471e0
*** SHOWDOWN ***
892471e0 collected $0.12 from pot
*** SUMMARY ***
Total pot $0.12 | Rake $0 | Jackpot $0 | Bingo $0 | Fortune $0 | Tax $0
Seat 1: 70511dc1 (small blind) folded before Flop
Seat 2: Hero (big blind) folded before Flop
Seat 3: a7fd80d8 folded before Flop (didn't bet)
Seat 4: 5416c1f3 folded before Flop (didn't bet)
Seat 5: 892471e0 collected ($0.12)
Seat 6: 9fee7b2e (button) folded before Flop (didn't bet)


