Poker Hand #HD1755424999: Hold'em No Limit ($0.05/$0.1) - 2024/05/02 14:34:02
Table 'NLHRed14' 6-max Seat #4 is the button
Seat 1: ce9ba206 ($31.09 in chips)
Seat 2: Hero ($10 in chips)
Seat 3: 3bb010bc ($2.6 in chips)
Seat 4: 25c6e5e4 ($10 in chips)
Seat 5: 88aca937 ($10.87 in chips)
Seat 6: 19a390ff ($16.1 in chips)
88aca937: posts small blind $0.05
19a390ff: posts big blind $0.1
3bb010bc: posts big blind $0.1
*** HOLE CARDS ***
Dealt to ce9ba206 
Dealt to Hero [5h 9s]
Dealt to 3bb010bc 
Dealt to 25c6e5e4 
Dealt to 88aca937 
Dealt to 19a390ff 
ce9ba206: folds
Hero: folds
3bb010bc: raises $0.1 to $0.2
25c6e5e4: folds
88aca937: calls $0.15
19a390ff: folds
*** FLOP *** [As Kh 6s]
88aca937: checks
3bb010bc: bets $0.17
88aca937: raises $0.47 to $0.64
3bb010bc: folds
Uncalled bet ($0.47) returned to 88aca937
3bb010bc: shows [7d 7s] (Pair of Sevens)
*** SHOWDOWN ***
88aca937 collected $0.8 from pot
*** SUMMARY ***
Total pot $0.84 | Rake $0.04 | Jackpot $0 | Bingo $0 | Fortune $0 | Tax $0
Board [As Kh 6s]
Seat 1: ce9ba206 folded before Flop (didn't bet)
Seat 2: Hero folded before Flop (didn't bet)
Seat 3: 3bb010bc folded on the Flop
Seat 4: 25c6e5e4 (button) folded before Flop (didn't bet)
Seat 5: 88aca937 (small blind) won ($0.8)
Seat 6: 19a390ff (big blind) folded before Flop


Poker Hand #HD1755424974: Hold'em No Limit ($0.05/$0.1) - 2024/05/02 14:33:46
Table 'NLHRed14' 6-max Seat #2 is the button
Seat 1: ce9ba206 ($30.94 in chips)
Seat 2: Hero ($10 in chips)
Seat 4: 25c6e5e4 ($10 in chips)
Seat 5: 88aca937 ($10.97 in chips)
Seat 6: 19a390ff ($16.1 in chips)
25c6e5e4: posts small blind $0.05
88aca937: posts big blind $0.1
*** HOLE CARDS ***
Dealt to ce9ba206 
Dealt to Hero [9d Kh]
Dealt to 25c6e5e4 
Dealt to 88aca937 
Dealt to 19a390ff 
19a390ff: folds
ce9ba206: raises $0.15 to $0.25
Hero: folds
25c6e5e4: folds
88aca937: folds
Uncalled bet ($0.15) returned to ce9ba206
*** SHOWDOWN ***
ce9ba206 collected $0.25 from pot
*** SUMMARY ***
Total pot $0.25 | Rake $0 | Jackpot $0 | Bingo $0 | Fortune $0 | Tax $0
Seat 1: ce9ba206 collected ($0.25)
Seat 2: Hero (button) folded before Flop (didn't bet)
Seat 4: 25c6e5e4 (small blind) folded before Flop
Seat 5: 88aca937 (big blind) folded before Flop
Seat 6: 19a390ff folded before Flop (didn't bet)


Poker Hand #HD1755424923: Hold'em No Limit ($0.05/$0.1) - 2024/05/02 14:33:08
Table 'NLHRed14' 6-max Seat #1 is the button
Seat 1: ce9ba206 ($30.94 in chips)
Seat 2: Hero ($10 in chips)
Seat 4: 25c6e5e4 ($10 in chips)
Seat 5: 88aca937 ($10.97 in chips)
Seat 6: 19a390ff ($15.82 in chips)
Hero: posts small blind $0.05
25c6e5e4: posts big blind $0.1
*** HOLE CARDS ***
Dealt to ce9ba206 
Dealt to Hero [Tc Kd]
Dealt to 25c6e5e4 
Dealt to 88aca937 
Dealt to 19a390ff 
88aca937: folds
19a390ff: raises $0.15 to $0.25
ce9ba206: folds
Hero: folds
25c6e5e4: calls $0.15
*** FLOP *** [Th 8c 2d]
25c6e5e4: checks
19a390ff: bets $0.19
25c6e5e4: folds
Uncalled bet ($0.19) returned to 19a390ff
*** SHOWDOWN ***
19a390ff collected $0.53 from pot
*** SUMMARY ***
Total pot $0.55 | Rake $0.02 | Jackpot $0 | Bingo $0 | Fortune $0 | Tax $0
Board [Th 8c 2d]
Seat 1: ce9ba206 (button) folded before Flop (didn't bet)
Seat 2: Hero (small blind) folded before Flop
Seat 4: 25c6e5e4 (big blind) folded on the Flop
Seat 5: 88aca937 folded before Flop (didn't bet)
Seat 6: 19a390ff won ($0.53)


Poker Hand #HD1755424859: Hold'em No Limit ($0.05/$0.1) - 2024/05/02 14:32:35
Table 'NLHRed14' 6-max Seat #6 is the button
Seat 1: ce9ba206 ($30.99 in chips)
Seat 2: Hero ($10.09 in chips)
Seat 3: fcc1a416 ($12.65 in chips)
Seat 5: 88aca937 ($10.97 in chips)
Seat 6: 19a390ff ($14.85 in chips)
ce9ba206: posts small blind $0.05
Hero: posts big blind $0.1
*** HOLE CARDS ***
Dealt to ce9ba206 
Dealt to Hero [3s Qc]
Dealt to fcc1a416 
Dealt to 88aca937 
Dealt to 19a390ff 
fcc1a416: raises $0.12 to $0.22
88aca937: folds
19a390ff: calls $0.22
ce9ba206: folds
Hero: folds
*** FLOP *** [Qh 2c 9d]
fcc1a416: bets $0.2
19a390ff: calls $0.2
*** TURN *** [Qh 2c 9d] [9h]
fcc1a416: bets $0.5
19a390ff: raises $1 to $1.5
fcc1a416: folds
Uncalled bet ($1) returned to 19a390ff
*** SHOWDOWN ***
19a390ff collected $1.89 from pot
*** SUMMARY ***
Total pot $1.99 | Rake $0.1 | Jackpot $0 | Bingo $0 | Fortune $0 | Tax $0
Board [Qh 2c 9d 9h]
Seat 1: ce9ba206 (small blind) folded before Flop
Seat 2: Hero (big blind) folded before Flop
Seat 3: fcc1a416 folded on the Turn
Seat 5: 88aca937 folded before Flop (didn't bet)
Seat 6: 19a390ff (button) won ($1.89)


Poker Hand #HD1755424642: Hold'em No Limit ($0.05/$0.1) - 2024/05/02 14:29:58
Table 'NLHRed14' 6-max Seat #5 is the button
Seat 1: ce9ba206 ($10.7 in chips)
Seat 2: Hero ($10.09 in chips)
Seat 3: fcc1a416 ($12.87 in chips)
Seat 4: 86357d93 ($10.46 in chips)
Seat 5: 88aca937 ($10.97 in chips)
Seat 6: 19a390ff ($25.55 in chips)
19a390ff: posts small blind $0.05
ce9ba206: posts big blind $0.1
*** HOLE CARDS ***
Dealt to ce9ba206 
Dealt to Hero [Qs 5c]
Dealt to fcc1a416 
Dealt to 86357d93 
Dealt to 88aca937 
Dealt to 19a390ff 
Hero: folds
fcc1a416: raises $0.12 to $0.22
86357d93: calls $0.22
88aca937: folds
19a390ff: calls $0.17
ce9ba206: calls $0.12
*** FLOP *** [8s Qc 7d]
19a390ff: checks
ce9ba206: bets $0.55
fcc1a416: folds
86357d93: calls $0.55
19a390ff: calls $0.55
*** TURN *** [8s Qc 7d] [2d]
19a390ff: checks
ce9ba206: bets $2.05
86357d93: raises $3.95 to $6
19a390ff: raises $18.78 to $24.78 and is all-in
ce9ba206: calls $7.88 and is all-in
86357d93: calls $3.69 and is all-in
Uncalled bet ($14.85) returned to 19a390ff
19a390ff: shows [Td Qd] (Pair of Queens)
ce9ba206: shows [8h Qh] (Pair of Queens and Pair of Eights)
86357d93: shows [Ac 2c] (Pair of Twos)
*** RIVER *** [8s Qc 7d 2d] [Jc]
*** SHOWDOWN ***
ce9ba206 collected $30.52 from pot
ce9ba206 collected $0.47 from pot
*** SUMMARY ***
Total pot $32.08 | Rake $0.99 | Jackpot $0.1 | Bingo $0 | Fortune $0 | Tax $0
Board [8s Qc 7d 2d Jc]
Seat 1: ce9ba206 (big blind) showed [8h Qh] and won ($30.99) with Pair of Queens and Pair of Eights
Seat 2: Hero folded before Flop (didn't bet)
Seat 3: fcc1a416 folded on the Flop
Seat 4: 86357d93 showed [Ac 2c] and lost with Pair of Twos
Seat 5: 88aca937 (button) folded before Flop (didn't bet)
Seat 6: 19a390ff (small blind) showed [Td Qd] and lost with Pair of Queens


Poker Hand #HD1755424573: Hold'em No Limit ($0.05/$0.1) - 2024/05/02 14:29:14
Table 'NLHRed14' 6-max Seat #4 is the button
Seat 1: ce9ba206 ($10.7 in chips)
Seat 2: Hero ($10.09 in chips)
Seat 3: fcc1a416 ($12.87 in chips)
Seat 4: 86357d93 ($11 in chips)
Seat 5: 88aca937 ($11.02 in chips)
Seat 6: 19a390ff ($25.01 in chips)
88aca937: posts small blind $0.05
19a390ff: posts big blind $0.1
*** HOLE CARDS ***
Dealt to ce9ba206 
Dealt to Hero [Jh 2s]
Dealt to fcc1a416 
Dealt to 86357d93 
Dealt to 88aca937 
Dealt to 19a390ff 
ce9ba206: folds
Hero: folds
fcc1a416: folds
86357d93: raises $0.1 to $0.2
88aca937: folds
19a390ff: calls $0.1
*** FLOP *** [3s 7h Kd]
19a390ff: checks
86357d93: bets $0.34
19a390ff: raises $0.85 to $1.19
86357d93: folds
Uncalled bet ($0.85) returned to 19a390ff
*** SHOWDOWN ***
19a390ff collected $1.08 from pot
*** SUMMARY ***
Total pot $1.13 | Rake $0.05 | Jackpot $0 | Bingo $0 | Fortune $0 | Tax $0
Board [3s 7h Kd]
Seat 1: ce9ba206 folded before Flop (didn't bet)
Seat 2: Hero folded before Flop (didn't bet)
Seat 3: fcc1a416 folded before Flop (didn't bet)
Seat 4: 86357d93 (button) folded on the Flop
Seat 5: 88aca937 (small blind) folded before Flop
Seat 6: 19a390ff (big blind) won ($1.08)


Poker Hand #HD1755424545: Hold'em No Limit ($0.05/$0.1) - 2024/05/02 14:28:59
Table 'NLHRed14' 6-max Seat #3 is the button
Seat 1: ce9ba206 ($10.7 in chips)
Seat 2: Hero ($10.09 in chips)
Seat 3: fcc1a416 ($12.87 in chips)
Seat 4: 86357d93 ($11.05 in chips)
Seat 5: 88aca937 ($10.97 in chips)
Seat 6: 19a390ff ($25.01 in chips)
86357d93: posts small blind $0.05
88aca937: posts big blind $0.1
*** HOLE CARDS ***
Dealt to ce9ba206 
Dealt to Hero [6h Kc]
Dealt to fcc1a416 
Dealt to 86357d93 
Dealt to 88aca937 
Dealt to 19a390ff 
19a390ff: folds
ce9ba206: folds
Hero: folds
fcc1a416: folds
86357d93: folds
Uncalled bet ($0.05) returned to 88aca937
*** SHOWDOWN ***
88aca937 collected $0.1 from pot
*** SUMMARY ***
Total pot $0.1 | Rake $0 | Jackpot $0 | Bingo $0 | Fortune $0 | Tax $0
Seat 1: ce9ba206 folded before Flop (didn't bet)
Seat 2: Hero folded before Flop (didn't bet)
Seat 3: fcc1a416 (button) folded before Flop (didn't bet)
Seat 4: 86357d93 (small blind) folded before Flop
Seat 5: 88aca937 (big blind) collected ($0.1)
Seat 6: 19a390ff folded before Flop (didn't bet)


Poker Hand #HD1755424522: Hold'em No Limit ($0.05/$0.1) - 2024/05/02 14:28:47
Table 'NLHRed14' 6-max Seat #2 is the button
Seat 1: ce9ba206 ($10.7 in chips)
Seat 2: Hero ($10.09 in chips)
Seat 3: fcc1a416 ($12.92 in chips)
Seat 4: 86357d93 ($11.15 in chips)
Seat 5: 88aca937 ($10.97 in chips)
Seat 6: 19a390ff ($24.86 in chips)
fcc1a416: posts small blind $0.05
86357d93: posts big blind $0.1
*** HOLE CARDS ***
Dealt to ce9ba206 
Dealt to Hero [6s 2d]
Dealt to fcc1a416 
Dealt to 86357d93 
Dealt to 88aca937 
Dealt to 19a390ff 
88aca937: folds
19a390ff: raises $0.15 to $0.25
ce9ba206: folds
Hero: folds
fcc1a416: folds
86357d93: folds
Uncalled bet ($0.15) returned to 19a390ff
*** SHOWDOWN ***
19a390ff collected $0.25 from pot
*** SUMMARY ***
Total pot $0.25 | Rake $0 | Jackpot $0 | Bingo $0 | Fortune $0 | Tax $0
Seat 1: ce9ba206 folded before Flop (didn't bet)
Seat 2: Hero (button) folded before Flop (didn't bet)
Seat 3: fcc1a416 (small blind) folded before Flop
Seat 4: 86357d93 (big blind) folded before Flop
Seat 5: 88aca937 folded before Flop (didn't bet)
Seat 6: 19a390ff collected ($0.25)


Poker Hand #HD1755424485: Hold'em No Limit ($0.05/$0.1) - 2024/05/02 14:28:21
Table 'NLHRed14' 6-max Seat #1 is the button
Seat 1: ce9ba206 ($10.7 in chips)
Seat 2: Hero ($10.14 in chips)
Seat 3: fcc1a416 ($12.87 in chips)
Seat 4: 86357d93 ($11.15 in chips)
Seat 5: 88aca937 ($10.97 in chips)
Seat 6: 19a390ff ($24.86 in chips)
Hero: posts small blind $0.05
fcc1a416: posts big blind $0.1
*** HOLE CARDS ***
Dealt to ce9ba206 
Dealt to Hero [Td 6c]
Dealt to fcc1a416 
Dealt to 86357d93 
Dealt to 88aca937 
Dealt to 19a390ff 
86357d93: folds
88aca937: folds
19a390ff: folds
ce9ba206: folds
Hero: folds
Uncalled bet ($0.05) returned to fcc1a416
*** SHOWDOWN ***
fcc1a416 collected $0.1 from pot
*** SUMMARY ***
Total pot $0.1 | Rake $0 | Jackpot $0 | Bingo $0 | Fortune $0 | Tax $0
Seat 1: ce9ba206 (button) folded before Flop (didn't bet)
Seat 2: Hero (small blind) folded before Flop
Seat 3: fcc1a416 (big blind) collected ($0.1)
Seat 4: 86357d93 folded before Flop (didn't bet)
Seat 5: 88aca937 folded before Flop (didn't bet)
Seat 6: 19a390ff folded before Flop (didn't bet)


Poker Hand #HD1755424464: Hold'em No Limit ($0.05/$0.1) - 2024/05/02 14:28:10
Table 'NLHRed14' 6-max Seat #6 is the button
Seat 1: ce9ba206 ($10.75 in chips)
Seat 2: Hero ($10.09 in chips)
Seat 3: fcc1a416 ($12.87 in chips)
Seat 4: 86357d93 ($11.15 in chips)
Seat 5: 88aca937 ($10.97 in chips)
Seat 6: 19a390ff ($24.86 in chips)
ce9ba206: posts small blind $0.05
Hero: posts big blind $0.1
*** HOLE CARDS ***
Dealt to ce9ba206 
Dealt to Hero [Kc 5h]
Dealt to fcc1a416 
Dealt to 86357d93 
Dealt to 88aca937 
Dealt to 19a390ff 
fcc1a416: folds
86357d93: folds
88aca937: folds
19a390ff: folds
ce9ba206: folds
Uncalled bet ($0.05) returned to Hero
*** SHOWDOWN ***
Hero collected $0.1 from pot
*** SUMMARY ***
Total pot $0.1 | Rake $0 | Jackpot $0 | Bingo $0 | Fortune $0 | Tax $0
Seat 1: ce9ba206 (small blind) folded before Flop
Seat 2: Hero (big blind) collected ($0.1)
Seat 3: fcc1a416 folded before Flop (didn't bet)
Seat 4: 86357d93 folded before Flop (didn't bet)
Seat 5: 88aca937 folded before Flop (didn't bet)
Seat 6: 19a390ff (button) folded before Flop (didn't bet)


Poker Hand #HD1755424398: Hold'em No Limit ($0.05/$0.1) - 2024/05/02 14:27:26
Table 'NLHRed14' 6-max Seat #5 is the button
Seat 1: ce9ba206 ($11.29 in chips)
Seat 2: Hero ($10.09 in chips)
Seat 3: fcc1a416 ($12.87 in chips)
Seat 4: 86357d93 ($10.61 in chips)
Seat 5: 88aca937 ($10.97 in chips)
Seat 6: 19a390ff ($24.91 in chips)
19a390ff: posts small blind $0.05
ce9ba206: posts big blind $0.1
*** HOLE CARDS ***
Dealt to ce9ba206 
Dealt to Hero [9h 3c]
Dealt to fcc1a416 
Dealt to 86357d93 
Dealt to 88aca937 
Dealt to 19a390ff 
Hero: folds
fcc1a416: folds
86357d93: raises $0.1 to $0.2
88aca937: folds
19a390ff: folds
ce9ba206: calls $0.1
*** FLOP *** [Jh Th Jd]
ce9ba206: checks
86357d93: bets $0.34
ce9ba206: calls $0.34
*** TURN *** [Jh Th Jd] [7s]
ce9ba206: checks
86357d93: checks
*** RIVER *** [Jh Th Jd 7s] [2d]
ce9ba206: checks
86357d93: checks
ce9ba206: shows [2h 6h] (Pair of Jacks and Pair of Twos)
86357d93: shows [6d 7c] (Pair of Jacks and Pair of Sevens)
*** SHOWDOWN ***
86357d93 collected $1.08 from pot
*** SUMMARY ***
Total pot $1.13 | Rake $0.05 | Jackpot $0 | Bingo $0 | Fortune $0 | Tax $0
Board [Jh Th Jd 7s 2d]
Seat 1: ce9ba206 (big blind) showed [2h 6h] and lost with Pair of Jacks and Pair of Twos
Seat 2: Hero folded before Flop (didn't bet)
Seat 3: fcc1a416 folded before Flop (didn't bet)
Seat 4: 86357d93 showed [6d 7c] and won ($1.08) with Pair of Jacks and Pair of Sevens
Seat 5: 88aca937 (button) folded before Flop (didn't bet)
Seat 6: 19a390ff (small blind) folded before Flop


Poker Hand #HD1755424376: Hold'em No Limit ($0.05/$0.1) - 2024/05/02 14:27:17
Table 'NLHRed14' 6-max Seat #4 is the button
Seat 1: ce9ba206 ($11.29 in chips)
Seat 2: Hero ($10.09 in chips)
Seat 3: fcc1a416 ($12.87 in chips)
Seat 4: 86357d93 ($10.61 in chips)
Seat 5: 88aca937 ($11.02 in chips)
Seat 6: 19a390ff ($24.86 in chips)
88aca937: posts small blind $0.05
19a390ff: posts big blind $0.1
*** HOLE CARDS ***
Dealt to ce9ba206 
Dealt to Hero [3d Qs]
Dealt to fcc1a416 
Dealt to 86357d93 
Dealt to 88aca937 
Dealt to 19a390ff 
ce9ba206: folds
Hero: folds
fcc1a416: folds
86357d93: folds
88aca937: folds
Uncalled bet ($0.05) returned to 19a390ff
*** SHOWDOWN ***
19a390ff collected $0.1 from pot
*** SUMMARY ***
Total pot $0.1 | Rake $0 | Jackpot $0 | Bingo $0 | Fortune $0 | Tax $0
Seat 1: ce9ba206 folded before Flop (didn't bet)
Seat 2: Hero folded before Flop (didn't bet)
Seat 3: fcc1a416 folded before Flop (didn't bet)
Seat 4: 86357d93 (button) folded before Flop (didn't bet)
Seat 5: 88aca937 (small blind) folded before Flop
Seat 6: 19a390ff (big blind) collected ($0.1)


Poker Hand #HD1755424352: Hold'em No Limit ($0.05/$0.1) - 2024/05/02 14:27:02
Table 'NLHRed14' 6-max Seat #3 is the button
Seat 1: ce9ba206 ($11.29 in chips)
Seat 2: Hero ($10.09 in chips)
Seat 3: fcc1a416 ($12.87 in chips)
Seat 4: 86357d93 ($10.66 in chips)
Seat 5: 88aca937 ($11.12 in chips)
Seat 6: 19a390ff ($24.71 in chips)
86357d93: posts small blind $0.05
88aca937: posts big blind $0.1
*** HOLE CARDS ***
Dealt to ce9ba206 
Dealt to Hero [6h 4s]
Dealt to fcc1a416 
Dealt to 86357d93 
Dealt to 88aca937 
Dealt to 19a390ff 
19a390ff: raises $0.15 to $0.25
ce9ba206: folds
Hero: folds
fcc1a416: folds
86357d93: folds
88aca937: folds
Uncalled bet ($0.15) returned to 19a390ff
*** SHOWDOWN ***
19a390ff collected $0.25 from pot
*** SUMMARY ***
Total pot $0.25 | Rake $0 | Jackpot $0 | Bingo $0 | Fortune $0 | Tax $0
Seat 1: ce9ba206 folded before Flop (didn't bet)
Seat 2: Hero folded before Flop (didn't bet)
Seat 3: fcc1a416 (button) folded before Flop (didn't bet)
Seat 4: 86357d93 (small blind) folded before Flop
Seat 5: 88aca937 (big blind) folded before Flop
Seat 6: 19a390ff collected ($0.25)


Poker Hand #HD1755424293: Hold'em No Limit ($0.05/$0.1) - 2024/05/02 14:26:22
Table 'NLHRed14' 6-max Seat #2 is the button
Seat 1: ce9ba206 ($11.29 in chips)
Seat 2: Hero ($10.09 in chips)
Seat 3: fcc1a416 ($12.92 in chips)
Seat 4: 86357d93 ($10.01 in chips)
Seat 5: 88aca937 ($11.12 in chips)
Seat 6: 19a390ff ($25.38 in chips)
fcc1a416: posts small blind $0.05
86357d93: posts big blind $0.1
*** HOLE CARDS ***
Dealt to ce9ba206 
Dealt to Hero [6h 3s]
Dealt to fcc1a416 
Dealt to 86357d93 
Dealt to 88aca937 
Dealt to 19a390ff 
88aca937: folds
19a390ff: raises $0.15 to $0.25
ce9ba206: folds
Hero: folds
fcc1a416: folds
86357d93: calls $0.15
*** FLOP *** [2h 9c 5s]
86357d93: bets $0.42
19a390ff: calls $0.42
*** TURN *** [2h 9c 5s] [7h]
86357d93: bets $1.05
19a390ff: folds
Uncalled bet ($1.05) returned to 86357d93
*** SHOWDOWN ***
86357d93 collected $1.32 from pot
*** SUMMARY ***
Total pot $1.39 | Rake $0.07 | Jackpot $0 | Bingo $0 | Fortune $0 | Tax $0
Board [2h 9c 5s 7h]
Seat 1: ce9ba206 folded before Flop (didn't bet)
Seat 2: Hero (button) folded before Flop (didn't bet)
Seat 3: fcc1a416 (small blind) folded before Flop
Seat 4: 86357d93 (big blind) won ($1.32)
Seat 5: 88aca937 folded before Flop (didn't bet)
Seat 6: 19a390ff folded on the Turn


Poker Hand #HD1755424264: Hold'em No Limit ($0.05/$0.1) - 2024/05/02 14:25:56
Table 'NLHRed14' 6-max Seat #1 is the button
Seat 1: ce9ba206 ($11.29 in chips)
Seat 2: Hero ($10.14 in chips)
Seat 3: fcc1a416 ($13.02 in chips)
Seat 4: 86357d93 ($9.86 in chips)
Seat 5: 88aca937 ($11.12 in chips)
Seat 6: 19a390ff ($25.38 in chips)
Hero: posts small blind $0.05
fcc1a416: posts big blind $0.1
*** HOLE CARDS ***
Dealt to ce9ba206 
Dealt to Hero [Ts Qh]
Dealt to fcc1a416 
Dealt to 86357d93 
Dealt to 88aca937 
Dealt to 19a390ff 
86357d93: raises $0.1 to $0.2
88aca937: folds
19a390ff: folds
ce9ba206: folds
Hero: folds
fcc1a416: folds
Uncalled bet ($0.1) returned to 86357d93
*** SHOWDOWN ***
86357d93 collected $0.25 from pot
*** SUMMARY ***
Total pot $0.25 | Rake $0 | Jackpot $0 | Bingo $0 | Fortune $0 | Tax $0
Seat 1: ce9ba206 (button) folded before Flop (didn't bet)
Seat 2: Hero (small blind) folded before Flop
Seat 3: fcc1a416 (big blind) folded before Flop
Seat 4: 86357d93 collected ($0.25)
Seat 5: 88aca937 folded before Flop (didn't bet)
Seat 6: 19a390ff folded before Flop (didn't bet)


Poker Hand #HD1755424211: Hold'em No Limit ($0.05/$0.1) - 2024/05/02 14:25:25
Table 'NLHRed14' 6-max Seat #6 is the button
Seat 1: ce9ba206 ($11.34 in chips)
Seat 2: Hero ($10.24 in chips)
Seat 3: fcc1a416 ($13.02 in chips)
Seat 4: 86357d93 ($14.86 in chips)
Seat 5: 88aca937 ($11.12 in chips)
Seat 6: 19a390ff ($20.83 in chips)
ce9ba206: posts small blind $0.05
Hero: posts big blind $0.1
*** HOLE CARDS ***
Dealt to ce9ba206 
Dealt to Hero [7h Jc]
Dealt to fcc1a416 
Dealt to 86357d93 
Dealt to 88aca937 
Dealt to 19a390ff 
fcc1a416: folds
86357d93: raises $0.1 to $0.2
88aca937: folds
19a390ff: raises $0.9 to $1.1
ce9ba206: folds
Hero: folds
86357d93: raises $3.9 to $5
19a390ff: raises $15.83 to $20.83 and is all-in
86357d93: folds
Uncalled bet ($15.83) returned to 19a390ff
19a390ff: shows [Ks As]
*** SHOWDOWN ***
19a390ff collected $9.55 from pot
*** SUMMARY ***
Total pot $10.15 | Rake $0.5 | Jackpot $0.1 | Bingo $0 | Fortune $0 | Tax $0
Seat 1: ce9ba206 (small blind) folded before Flop
Seat 2: Hero (big blind) folded before Flop
Seat 3: fcc1a416 folded before Flop (didn't bet)
Seat 4: 86357d93 folded before Flop
Seat 5: 88aca937 folded before Flop (didn't bet)
Seat 6: 19a390ff (button) showed [Ks As] and collected ($9.55)


Poker Hand #HD1755424138: Hold'em No Limit ($0.05/$0.1) - 2024/05/02 14:24:36
Table 'NLHRed14' 6-max Seat #5 is the button
Seat 1: ce9ba206 ($11.44 in chips)
Seat 2: Hero ($10.24 in chips)
Seat 3: fcc1a416 ($11.82 in chips)
Seat 4: 86357d93 ($16.03 in chips)
Seat 5: 88aca937 ($11.12 in chips)
Seat 6: 19a390ff ($20.88 in chips)
19a390ff: posts small blind $0.05
ce9ba206: posts big blind $0.1
*** HOLE CARDS ***
Dealt to ce9ba206 
Dealt to Hero [6h 5d]
Dealt to fcc1a416 
Dealt to 86357d93 
Dealt to 88aca937 
Dealt to 19a390ff 
Hero: folds
fcc1a416: raises $0.12 to $0.22
86357d93: calls $0.22
88aca937: folds
19a390ff: folds
ce9ba206: folds
*** FLOP *** [Tc Js Qh]
fcc1a416: bets $0.2
86357d93: calls $0.2
*** TURN *** [Tc Js Qh] [5c]
fcc1a416: bets $0.75
86357d93: calls $0.75
*** RIVER *** [Tc Js Qh 5c] [Qd]
fcc1a416: bets $1.87
86357d93: folds
Uncalled bet ($1.87) returned to fcc1a416
*** SHOWDOWN ***
fcc1a416 collected $2.37 from pot
*** SUMMARY ***
Total pot $2.49 | Rake $0.12 | Jackpot $0 | Bingo $0 | Fortune $0 | Tax $0
Board [Tc Js Qh 5c Qd]
Seat 1: ce9ba206 (big blind) folded before Flop
Seat 2: Hero folded before Flop (didn't bet)
Seat 3: fcc1a416 won ($2.37)
Seat 4: 86357d93 folded on the River
Seat 5: 88aca937 (button) folded before Flop (didn't bet)
Seat 6: 19a390ff (small blind) folded before Flop


Poker Hand #HD1755424096: Hold'em No Limit ($0.05/$0.1) - 2024/05/02 14:24:03
Table 'NLHRed14' 6-max Seat #4 is the button
Seat 1: ce9ba206 ($11.44 in chips)
Seat 2: Hero ($10.44 in chips)
Seat 3: fcc1a416 ($11.82 in chips)
Seat 4: 86357d93 ($16.23 in chips)
Seat 5: 88aca937 ($11.17 in chips)
Seat 6: 19a390ff ($20.46 in chips)
88aca937: posts small blind $0.05
19a390ff: posts big blind $0.1
*** HOLE CARDS ***
Dealt to ce9ba206 
Dealt to Hero [9h 9d]
Dealt to fcc1a416 
Dealt to 86357d93 
Dealt to 88aca937 
Dealt to 19a390ff 
ce9ba206: folds
Hero: raises $0.1 to $0.2
fcc1a416: folds
86357d93: calls $0.2
88aca937: folds
19a390ff: raises $0.9 to $1.1
Hero: folds
86357d93: folds
Uncalled bet ($0.9) returned to 19a390ff
*** SHOWDOWN ***
19a390ff collected $0.62 from pot
*** SUMMARY ***
Total pot $0.65 | Rake $0.03 | Jackpot $0 | Bingo $0 | Fortune $0 | Tax $0
Seat 1: ce9ba206 folded before Flop (didn't bet)
Seat 2: Hero folded before Flop
Seat 3: fcc1a416 folded before Flop (didn't bet)
Seat 4: 86357d93 (button) folded before Flop
Seat 5: 88aca937 (small blind) folded before Flop
Seat 6: 19a390ff (big blind) collected ($0.62)


Poker Hand #HD1755424082: Hold'em No Limit ($0.05/$0.1) - 2024/05/02 14:23:53
Table 'NLHRed14' 6-max Seat #3 is the button
Seat 1: ce9ba206 ($11.44 in chips)
Seat 2: Hero ($10.44 in chips)
Seat 3: fcc1a416 ($11.82 in chips)
Seat 4: 86357d93 ($16.28 in chips)
Seat 5: 88aca937 ($11.27 in chips)
Seat 6: 19a390ff ($20.31 in chips)
86357d93: posts small blind $0.05
88aca937: posts big blind $0.1
*** HOLE CARDS ***
Dealt to ce9ba206 
Dealt to Hero [8s Kh]
Dealt to fcc1a416 
Dealt to 86357d93 
Dealt to 88aca937 
Dealt to 19a390ff 
19a390ff: raises $0.15 to $0.25
ce9ba206: folds
Hero: folds
fcc1a416: folds
86357d93: folds
88aca937: folds
Uncalled bet ($0.15) returned to 19a390ff
*** SHOWDOWN ***
19a390ff collected $0.25 from pot
*** SUMMARY ***
Total pot $0.25 | Rake $0 | Jackpot $0 | Bingo $0 | Fortune $0 | Tax $0
Seat 1: ce9ba206 folded before Flop (didn't bet)
Seat 2: Hero folded before Flop (didn't bet)
Seat 3: fcc1a416 (button) folded before Flop (didn't bet)
Seat 4: 86357d93 (small blind) folded before Flop
Seat 5: 88aca937 (big blind) folded before Flop
Seat 6: 19a390ff collected ($0.25)


Poker Hand #HD1755424056: Hold'em No Limit ($0.05/$0.1) - 2024/05/02 14:23:37
Table 'NLHRed14' 6-max Seat #2 is the button
Seat 1: ce9ba206 ($11.44 in chips)
Seat 2: Hero ($10.44 in chips)
Seat 3: fcc1a416 ($11.87 in chips)
Seat 4: 86357d93 ($16.23 in chips)
Seat 5: 88aca937 ($11.27 in chips)
Seat 6: 19a390ff ($20.31 in chips)
fcc1a416: posts small blind $0.05
86357d93: posts big blind $0.1
*** HOLE CARDS ***
Dealt to ce9ba206 
Dealt to Hero [6c Qh]
Dealt to fcc1a416 
Dealt to 86357d93 
Dealt to 88aca937 
Dealt to 19a390ff 
88aca937: folds
19a390ff: folds
ce9ba206: folds
Hero: folds
fcc1a416: folds
Uncalled bet ($0.05) returned to 86357d93
*** SHOWDOWN ***
86357d93 collected $0.1 from pot
*** SUMMARY ***
Total pot $0.1 | Rake $0 | Jackpot $0 | Bingo $0 | Fortune $0 | Tax $0
Seat 1: ce9ba206 folded before Flop (didn't bet)
Seat 2: Hero (button) folded before Flop (didn't bet)
Seat 3: fcc1a416 (small blind) folded before Flop
Seat 4: 86357d93 (big blind) collected ($0.1)
Seat 5: 88aca937 folded before Flop (didn't bet)
Seat 6: 19a390ff folded before Flop (didn't bet)


Poker Hand #HD1755424023: Hold'em No Limit ($0.05/$0.1) - 2024/05/02 14:23:18
Table 'NLHRed14' 6-max Seat #1 is the button
Seat 1: ce9ba206 ($11.29 in chips)
Seat 2: Hero ($10.49 in chips)
Seat 3: fcc1a416 ($11.97 in chips)
Seat 4: 86357d93 ($16.23 in chips)
Seat 5: 88aca937 ($11.27 in chips)
Seat 6: 19a390ff ($20.31 in chips)
Hero: posts small blind $0.05
fcc1a416: posts big blind $0.1
*** HOLE CARDS ***
Dealt to ce9ba206 
Dealt to Hero [8d Ad]
Dealt to fcc1a416 
Dealt to 86357d93 
Dealt to 88aca937 
Dealt to 19a390ff 
86357d93: folds
88aca937: folds
19a390ff: folds
ce9ba206: raises $0.15 to $0.25
Hero: folds
fcc1a416: folds
Uncalled bet ($0.15) returned to ce9ba206
*** SHOWDOWN ***
ce9ba206 collected $0.25 from pot
*** SUMMARY ***
Total pot $0.25 | Rake $0 | Jackpot $0 | Bingo $0 | Fortune $0 | Tax $0
Seat 1: ce9ba206 (button) collected ($0.25)
Seat 2: Hero (small blind) folded before Flop
Seat 3: fcc1a416 (big blind) folded before Flop
Seat 4: 86357d93 folded before Flop (didn't bet)
Seat 5: 88aca937 folded before Flop (didn't bet)
Seat 6: 19a390ff folded before Flop (didn't bet)


Poker Hand #HD1755423977: Hold'em No Limit ($0.05/$0.1) - 2024/05/02 14:22:50
Table 'NLHRed14' 6-max Seat #6 is the button
Seat 1: ce9ba206 ($11.34 in chips)
Seat 2: Hero ($10.59 in chips)
Seat 3: fcc1a416 ($11.97 in chips)
Seat 4: 86357d93 ($16.08 in chips)
Seat 5: 88aca937 ($11.27 in chips)
Seat 6: 19a390ff ($20.31 in chips)
ce9ba206: posts small blind $0.05
Hero: posts big blind $0.1
*** HOLE CARDS ***
Dealt to ce9ba206 
Dealt to Hero [4d 2h]
Dealt to fcc1a416 
Dealt to 86357d93 
Dealt to 88aca937 
Dealt to 19a390ff 
fcc1a416: folds
86357d93: raises $0.1 to $0.2
88aca937: folds
19a390ff: folds
ce9ba206: folds
Hero: folds
Uncalled bet ($0.1) returned to 86357d93
*** SHOWDOWN ***
86357d93 collected $0.25 from pot
*** SUMMARY ***
Total pot $0.25 | Rake $0 | Jackpot $0 | Bingo $0 | Fortune $0 | Tax $0
Seat 1: ce9ba206 (small blind) folded before Flop
Seat 2: Hero (big blind) folded before Flop
Seat 3: fcc1a416 folded before Flop (didn't bet)
Seat 4: 86357d93 collected ($0.25)
Seat 5: 88aca937 folded before Flop (didn't bet)
Seat 6: 19a390ff (button) folded before Flop (didn't bet)


Poker Hand #HD1755423906: Hold'em No Limit ($0.05/$0.1) - 2024/05/02 14:22:06
Table 'NLHRed14' 6-max Seat #5 is the button
Seat 1: ce9ba206 ($11.44 in chips)
Seat 2: Hero ($10.59 in chips)
Seat 3: fcc1a416 ($11.97 in chips)
Seat 4: 86357d93 ($16.08 in chips)
Seat 5: 88aca937 ($11.52 in chips)
Seat 6: 19a390ff ($19.99 in chips)
19a390ff: posts small blind $0.05
ce9ba206: posts big blind $0.1
*** HOLE CARDS ***
Dealt to ce9ba206 
Dealt to Hero [Qs 2h]
Dealt to fcc1a416 
Dealt to 86357d93 
Dealt to 88aca937 
Dealt to 19a390ff 
Hero: folds
fcc1a416: folds
86357d93: folds
88aca937: raises $0.15 to $0.25
19a390ff: calls $0.2
ce9ba206: folds
*** FLOP *** [Jc Jh 5s]
19a390ff: checks
88aca937: checks
*** TURN *** [Jc Jh 5s] [Jd]
19a390ff: bets $0.3
88aca937: folds
Uncalled bet ($0.3) returned to 19a390ff
19a390ff: shows [Js] (Four Jacks)
*** SHOWDOWN ***
19a390ff collected $0.57 from pot
*** SUMMARY ***
Total pot $0.6 | Rake $0.03 | Jackpot $0 | Bingo $0 | Fortune $0 | Tax $0
Board [Jc Jh 5s Jd]
Seat 1: ce9ba206 (big blind) folded before Flop
Seat 2: Hero folded before Flop (didn't bet)
Seat 3: fcc1a416 folded before Flop (didn't bet)
Seat 4: 86357d93 folded before Flop (didn't bet)
Seat 5: 88aca937 (button) folded on the Turn
Seat 6: 19a390ff (small blind) showed [Js] and won ($0.57)


Poker Hand #HD1755423864: Hold'em No Limit ($0.05/$0.1) - 2024/05/02 14:21:37
Table 'NLHRed14' 6-max Seat #4 is the button
Seat 1: ce9ba206 ($11.44 in chips)
Seat 2: Hero ($10.59 in chips)
Seat 3: fcc1a416 ($11.97 in chips)
Seat 4: 86357d93 ($16.08 in chips)
Seat 5: 88aca937 ($11.29 in chips)
Seat 6: 19a390ff ($20.24 in chips)
88aca937: posts small blind $0.05
19a390ff: posts big blind $0.1
*** HOLE CARDS ***
Dealt to ce9ba206 
Dealt to Hero [7c 3d]
Dealt to fcc1a416 
Dealt to 86357d93 
Dealt to 88aca937 
Dealt to 19a390ff 
ce9ba206: folds
Hero: folds
fcc1a416: folds
86357d93: folds
88aca937: raises $0.15 to $0.25
19a390ff: calls $0.15
*** FLOP *** [Qc 2s 6s]
88aca937: bets $0.17
19a390ff: folds
Uncalled bet ($0.17) returned to 88aca937
*** SHOWDOWN ***
88aca937 collected $0.48 from pot
*** SUMMARY ***
Total pot $0.5 | Rake $0.02 | Jackpot $0 | Bingo $0 | Fortune $0 | Tax $0
Board [Qc 2s 6s]
Seat 1: ce9ba206 folded before Flop (didn't bet)
Seat 2: Hero folded before Flop (didn't bet)
Seat 3: fcc1a416 folded before Flop (didn't bet)
Seat 4: 86357d93 (button) folded before Flop (didn't bet)
Seat 5: 88aca937 (small blind) won ($0.48)
Seat 6: 19a390ff (big blind) folded on the Flop


Poker Hand #HD1755423808: Hold'em No Limit ($0.05/$0.1) - 2024/05/02 14:20:58
Table 'NLHRed14' 6-max Seat #3 is the button
Seat 1: ce9ba206 ($11.44 in chips)
Seat 2: Hero ($10.59 in chips)
Seat 3: fcc1a416 ($11.97 in chips)
Seat 4: 86357d93 ($16.13 in chips)
Seat 5: 88aca937 ($11.54 in chips)
Seat 6: 19a390ff ($19.96 in chips)
86357d93: posts small blind $0.05
88aca937: posts big blind $0.1
*** HOLE CARDS ***
Dealt to ce9ba206 
Dealt to Hero [Js 9d]
Dealt to fcc1a416 
Dealt to 86357d93 
Dealt to 88aca937 
Dealt to 19a390ff 
19a390ff: raises $0.15 to $0.25
ce9ba206: folds
Hero: folds
fcc1a416: folds
86357d93: folds
88aca937: calls $0.15
*** FLOP *** [Ah Kc 3h]
88aca937: checks
19a390ff: bets $0.28
88aca937: folds
Uncalled bet ($0.28) returned to 19a390ff
*** SHOWDOWN ***
19a390ff collected $0.53 from pot
*** SUMMARY ***
Total pot $0.55 | Rake $0.02 | Jackpot $0 | Bingo $0 | Fortune $0 | Tax $0
Board [Ah Kc 3h]
Seat 1: ce9ba206 folded before Flop (didn't bet)
Seat 2: Hero folded before Flop (didn't bet)
Seat 3: fcc1a416 (button) folded before Flop (didn't bet)
Seat 4: 86357d93 (small blind) folded before Flop
Seat 5: 88aca937 (big blind) folded on the Flop
Seat 6: 19a390ff won ($0.53)


Poker Hand #HD1755423728: Hold'em No Limit ($0.05/$0.1) - 2024/05/02 14:19:53
Table 'NLHRed14' 6-max Seat #2 is the button
Seat 1: ce9ba206 ($10 in chips)
Seat 2: Hero ($10.59 in chips)
Seat 3: fcc1a416 ($12.02 in chips)
Seat 4: 86357d93 ($17.78 in chips)
Seat 5: 88aca937 ($11.54 in chips)
Seat 6: 19a390ff ($19.96 in chips)
fcc1a416: posts small blind $0.05
86357d93: posts big blind $0.1
*** HOLE CARDS ***
Dealt to ce9ba206 
Dealt to Hero [2s 3d]
Dealt to fcc1a416 
Dealt to 86357d93 
Dealt to 88aca937 
Dealt to 19a390ff 
88aca937: folds
19a390ff: folds
ce9ba206: raises $0.15 to $0.25
Hero: folds
fcc1a416: folds
86357d93: calls $0.15
*** FLOP *** [6c Td Ts]
86357d93: bets $0.42
ce9ba206: calls $0.42
*** TURN *** [6c Td Ts] [5d]
86357d93: checks
ce9ba206: bets $0.98
86357d93: calls $0.98
*** RIVER *** [6c Td Ts 5d] [Qh]
86357d93: checks
ce9ba206: checks
86357d93: shows [9d 4d] (Pair of Tens)
ce9ba206: shows [Jd Jc] (Pair of Jacks and Pair of Tens)
*** SHOWDOWN ***
ce9ba206 collected $3.09 from pot
*** SUMMARY ***
Total pot $3.35 | Rake $0.16 | Jackpot $0.1 | Bingo $0 | Fortune $0 | Tax $0
Board [6c Td Ts 5d Qh]
Seat 1: ce9ba206 showed [Jd Jc] and won ($3.09) with Pair of Jacks and Pair of Tens
Seat 2: Hero (button) folded before Flop (didn't bet)
Seat 3: fcc1a416 (small blind) folded before Flop
Seat 4: 86357d93 (big blind) showed [9d 4d] and lost with Pair of Tens
Seat 5: 88aca937 folded before Flop (didn't bet)
Seat 6: 19a390ff folded before Flop (didn't bet)


Poker Hand #HD1755423700: Hold'em No Limit ($0.05/$0.1) - 2024/05/02 14:19:34
Table 'NLHRed14' 6-max Seat #1 is the button
Seat 1: ce9ba206 ($10 in chips)
Seat 2: Hero ($10.49 in chips)
Seat 3: fcc1a416 ($12.12 in chips)
Seat 4: 86357d93 ($17.78 in chips)
Seat 5: 88aca937 ($11.54 in chips)
Hero: posts small blind $0.05
fcc1a416: posts big blind $0.1
*** HOLE CARDS ***
Dealt to ce9ba206 
Dealt to Hero [6h 7h]
Dealt to fcc1a416 
Dealt to 86357d93 
Dealt to 88aca937 
86357d93: folds
88aca937: folds
ce9ba206: folds
Hero: raises $0.2 to $0.3
fcc1a416: folds
Uncalled bet ($0.2) returned to Hero
*** SHOWDOWN ***
Hero collected $0.2 from pot
*** SUMMARY ***
Total pot $0.2 | Rake $0 | Jackpot $0 | Bingo $0 | Fortune $0 | Tax $0
Seat 1: ce9ba206 (button) folded before Flop (didn't bet)
Seat 2: Hero (small blind) collected ($0.2)
Seat 3: fcc1a416 (big blind) folded before Flop
Seat 4: 86357d93 folded before Flop (didn't bet)
Seat 5: 88aca937 folded before Flop (didn't bet)


Poker Hand #HD1755423650: Hold'em No Limit ($0.05/$0.1) - 2024/05/02 14:18:54
Table 'NLHRed14' 6-max Seat #6 is the button
Seat 1: ce9ba206 ($10 in chips)
Seat 2: Hero ($10.59 in chips)
Seat 3: fcc1a416 ($12.12 in chips)
Seat 4: 86357d93 ($16.96 in chips)
Seat 5: 88aca937 ($12.29 in chips)
Seat 6: 19a390ff ($19.96 in chips)
ce9ba206: posts small blind $0.05
Hero: posts big blind $0.1
*** HOLE CARDS ***
Dealt to ce9ba206 
Dealt to Hero [5d Ah]
Dealt to fcc1a416 
Dealt to 86357d93 
Dealt to 88aca937 
Dealt to 19a390ff 
fcc1a416: folds
86357d93: raises $0.1 to $0.2
88aca937: raises $0.55 to $0.75
19a390ff: folds
ce9ba206: folds
Hero: folds
86357d93: calls $0.55
*** FLOP *** [6h 2h 3c]
86357d93: bets $1.24
88aca937: folds
Uncalled bet ($1.24) returned to 86357d93
*** SHOWDOWN ***
86357d93 collected $1.57 from pot
*** SUMMARY ***
Total pot $1.65 | Rake $0.08 | Jackpot $0 | Bingo $0 | Fortune $0 | Tax $0
Board [6h 2h 3c]
Seat 1: ce9ba206 (small blind) folded before Flop
Seat 2: Hero (big blind) folded before Flop
Seat 3: fcc1a416 folded before Flop (didn't bet)
Seat 4: 86357d93 won ($1.57)
Seat 5: 88aca937 folded on the Flop
Seat 6: 19a390ff (button) folded before Flop (didn't bet)


Poker Hand #HD1755423533: Hold'em No Limit ($0.05/$0.1) - 2024/05/02 14:17:38
Table 'NLHRed14' 6-max Seat #5 is the button
Seat 1: ce9ba206 ($10 in chips)
Seat 2: Hero ($10.59 in chips)
Seat 3: fcc1a416 ($12.12 in chips)
Seat 4: 86357d93 ($16.96 in chips)
Seat 5: 88aca937 ($10.54 in chips)
Seat 6: 19a390ff ($20.01 in chips)
19a390ff: posts small blind $0.05
ce9ba206: posts big blind $0.1
*** HOLE CARDS ***
Dealt to ce9ba206 
Dealt to Hero [8s 9d]
Dealt to fcc1a416 
Dealt to 86357d93 
Dealt to 88aca937 
Dealt to 19a390ff 
Hero: folds
fcc1a416: folds
86357d93: folds
88aca937: raises $0.15 to $0.25
19a390ff: folds
ce9ba206: calls $0.15
*** FLOP *** [As 6d 9c]
ce9ba206: checks
88aca937: bets $0.19
ce9ba206: calls $0.19
*** TURN *** [As 6d 9c] [Ac]
ce9ba206: checks
88aca937: checks
*** RIVER *** [As 6d 9c Ac] [Ts]
ce9ba206: checks
88aca937: bets $0.47
ce9ba206: raises $1.08 to $1.55
88aca937: raises $8.55 to $10.1 and is all-in
ce9ba206: folds
Uncalled bet ($8.55) returned to 88aca937
*** SHOWDOWN ***
88aca937 collected $3.74 from pot
*** SUMMARY ***
Total pot $4.03 | Rake $0.19 | Jackpot $0.1 | Bingo $0 | Fortune $0 | Tax $0
Board [As 6d 9c Ac Ts]
Seat 1: ce9ba206 (big blind) folded on the River
Seat 2: Hero folded before Flop (didn't bet)
Seat 3: fcc1a416 folded before Flop (didn't bet)
Seat 4: 86357d93 folded before Flop (didn't bet)
Seat 5: 88aca937 (button) won ($3.74)
Seat 6: 19a390ff (small blind) folded before Flop


Poker Hand #HD1755423488: Hold'em No Limit ($0.05/$0.1) - 2024/05/02 14:17:05
Table 'NLHRed14' 6-max Seat #4 is the button
Seat 2: Hero ($10.59 in chips)
Seat 3: fcc1a416 ($12.12 in chips)
Seat 4: 86357d93 ($16.73 in chips)
Seat 5: 88aca937 ($10.59 in chips)
Seat 6: 19a390ff ($20.21 in chips)
88aca937: posts small blind $0.05
19a390ff: posts big blind $0.1
*** HOLE CARDS ***
Dealt to Hero [4d 3h]
Dealt to fcc1a416 
Dealt to 86357d93 
Dealt to 88aca937 
Dealt to 19a390ff 
Hero: folds
fcc1a416: folds
86357d93: raises $0.1 to $0.2
88aca937: folds
19a390ff: calls $0.1
*** FLOP *** [8h Kc Ts]
19a390ff: checks
86357d93: bets $0.34
19a390ff: folds
Uncalled bet ($0.34) returned to 86357d93
*** SHOWDOWN ***
86357d93 collected $0.43 from pot
*** SUMMARY ***
Total pot $0.45 | Rake $0.02 | Jackpot $0 | Bingo $0 | Fortune $0 | Tax $0
Board [8h Kc Ts]
Seat 2: Hero folded before Flop (didn't bet)
Seat 3: fcc1a416 folded before Flop (didn't bet)
Seat 4: 86357d93 (button) won ($0.43)
Seat 5: 88aca937 (small blind) folded before Flop
Seat 6: 19a390ff (big blind) folded on the Flop


Poker Hand #HD1755423434: Hold'em No Limit ($0.05/$0.1) - 2024/05/02 14:16:33
Table 'NLHRed14' 6-max Seat #3 is the button
Seat 2: Hero ($10.59 in chips)
Seat 3: fcc1a416 ($12.12 in chips)
Seat 4: 86357d93 ($17.38 in chips)
Seat 5: 88aca937 ($10 in chips)
Seat 6: 19a390ff ($20.21 in chips)
86357d93: posts small blind $0.05
88aca937: posts big blind $0.1
*** HOLE CARDS ***
Dealt to Hero [6s 3h]
Dealt to fcc1a416 
Dealt to 86357d93 
Dealt to 88aca937 
Dealt to 19a390ff 
19a390ff: folds
Hero: folds
fcc1a416: folds
86357d93: raises $0.1 to $0.2
88aca937: raises $0.45 to $0.65
86357d93: calls $0.45
*** FLOP *** [8d 8s 3s]
86357d93: checks
88aca937: bets $0.65
86357d93: folds
Uncalled bet ($0.65) returned to 88aca937
*** SHOWDOWN ***
88aca937 collected $1.24 from pot
*** SUMMARY ***
Total pot $1.3 | Rake $0.06 | Jackpot $0 | Bingo $0 | Fortune $0 | Tax $0
Board [8d 8s 3s]
Seat 2: Hero folded before Flop (didn't bet)
Seat 3: fcc1a416 (button) folded before Flop (didn't bet)
Seat 4: 86357d93 (small blind) folded on the Flop
Seat 5: 88aca937 (big blind) won ($1.24)
Seat 6: 19a390ff folded before Flop (didn't bet)


Poker Hand #HD1755423418: Hold'em No Limit ($0.05/$0.1) - 2024/05/02 14:16:22
Table 'NLHRed14' 6-max Seat #2 is the button
Seat 2: Hero ($10.59 in chips)
Seat 3: fcc1a416 ($12.17 in chips)
Seat 4: 86357d93 ($17.33 in chips)
Seat 5: 88aca937 ($10 in chips)
fcc1a416: posts small blind $0.05
86357d93: posts big blind $0.1
*** HOLE CARDS ***
Dealt to Hero [5h 8c]
Dealt to fcc1a416 
Dealt to 86357d93 
Dealt to 88aca937 
88aca937: folds
Hero: folds
fcc1a416: folds
Uncalled bet ($0.05) returned to 86357d93
*** SHOWDOWN ***
86357d93 collected $0.1 from pot
*** SUMMARY ***
Total pot $0.1 | Rake $0 | Jackpot $0 | Bingo $0 | Fortune $0 | Tax $0
Seat 2: Hero (button) folded before Flop (didn't bet)
Seat 3: fcc1a416 (small blind) folded before Flop
Seat 4: 86357d93 (big blind) collected ($0.1)
Seat 5: 88aca937 folded before Flop (didn't bet)


Poker Hand #HD1755423364: Hold'em No Limit ($0.05/$0.1) - 2024/05/02 14:15:43
Table 'NLHRed14' 6-max Seat #6 is the button
Seat 2: Hero ($10.64 in chips)
Seat 3: fcc1a416 ($12.27 in chips)
Seat 4: 86357d93 ($16.54 in chips)
Seat 5: 88aca937 ($10 in chips)
Seat 6: 19a390ff ($20.21 in chips)
Hero: posts small blind $0.05
fcc1a416: posts big blind $0.1
*** HOLE CARDS ***
Dealt to Hero [2c 8d]
Dealt to fcc1a416 
Dealt to 86357d93 
Dealt to 88aca937 
Dealt to 19a390ff 
86357d93: raises $0.1 to $0.2
88aca937: raises $0.52 to $0.72
19a390ff: folds
Hero: folds
fcc1a416: folds
86357d93: calls $0.52
*** FLOP *** [Kc Td Ad]
86357d93: bets $1.2
88aca937: folds
Uncalled bet ($1.2) returned to 86357d93
*** SHOWDOWN ***
86357d93 collected $1.51 from pot
*** SUMMARY ***
Total pot $1.59 | Rake $0.08 | Jackpot $0 | Bingo $0 | Fortune $0 | Tax $0
Board [Kc Td Ad]
Seat 2: Hero (small blind) folded before Flop
Seat 3: fcc1a416 (big blind) folded before Flop
Seat 4: 86357d93 won ($1.51)
Seat 5: 88aca937 folded on the Flop
Seat 6: 19a390ff (button) folded before Flop (didn't bet)


Poker Hand #HD1755423322: Hold'em No Limit ($0.05/$0.1) - 2024/05/02 14:15:20
Table 'NLHRed14' 6-max Seat #5 is the button
Seat 2: Hero ($10.74 in chips)
Seat 3: fcc1a416 ($12.27 in chips)
Seat 4: 86357d93 ($16.39 in chips)
Seat 5: 88aca937 ($10 in chips)
Seat 6: 19a390ff ($20.26 in chips)
19a390ff: posts small blind $0.05
Hero: posts big blind $0.1
*** HOLE CARDS ***
Dealt to Hero [Kc 4d]
Dealt to fcc1a416 
Dealt to 86357d93 
Dealt to 88aca937 
Dealt to 19a390ff 
fcc1a416: folds
86357d93: raises $0.1 to $0.2
88aca937: folds
19a390ff: folds
Hero: folds
Uncalled bet ($0.1) returned to 86357d93
*** SHOWDOWN ***
86357d93 collected $0.25 from pot
*** SUMMARY ***
Total pot $0.25 | Rake $0 | Jackpot $0 | Bingo $0 | Fortune $0 | Tax $0
Seat 2: Hero (big blind) folded before Flop
Seat 3: fcc1a416 folded before Flop (didn't bet)
Seat 4: 86357d93 collected ($0.25)
Seat 5: 88aca937 (button) folded before Flop (didn't bet)
Seat 6: 19a390ff (small blind) folded before Flop


Poker Hand #HD1755423274: Hold'em No Limit ($0.05/$0.1) - 2024/05/02 14:14:48
Table 'NLHRed14' 6-max Seat #4 is the button
Seat 1: dc7e2174 ($12.19 in chips)
Seat 2: Hero ($10.74 in chips)
Seat 3: fcc1a416 ($12.27 in chips)
Seat 4: 86357d93 ($16.39 in chips)
Seat 5: 88aca937 ($10 in chips)
Seat 6: 19a390ff ($20.03 in chips)
88aca937: posts small blind $0.05
19a390ff: posts big blind $0.1
*** HOLE CARDS ***
Dealt to dc7e2174 
Dealt to Hero [6s 9s]
Dealt to fcc1a416 
Dealt to 86357d93 
Dealt to 88aca937 
Dealt to 19a390ff 
dc7e2174: folds
Hero: folds
fcc1a416: folds
86357d93: folds
88aca937: raises $0.15 to $0.25
19a390ff: raises $0.75 to $1
88aca937: folds
Uncalled bet ($0.75) returned to 19a390ff
*** SHOWDOWN ***
19a390ff collected $0.48 from pot
*** SUMMARY ***
Total pot $0.5 | Rake $0.02 | Jackpot $0 | Bingo $0 | Fortune $0 | Tax $0
Seat 1: dc7e2174 folded before Flop (didn't bet)
Seat 2: Hero folded before Flop (didn't bet)
Seat 3: fcc1a416 folded before Flop (didn't bet)
Seat 4: 86357d93 (button) folded before Flop (didn't bet)
Seat 5: 88aca937 (small blind) folded before Flop
Seat 6: 19a390ff (big blind) collected ($0.48)


Poker Hand #HD1755423255: Hold'em No Limit ($0.05/$0.1) - 2024/05/02 14:14:36
Table 'NLHRed14' 6-max Seat #3 is the button
Seat 1: dc7e2174 ($12.19 in chips)
Seat 2: Hero ($10.74 in chips)
Seat 3: fcc1a416 ($12.12 in chips)
Seat 4: 86357d93 ($16.44 in chips)
Seat 5: 88aca937 ($10 in chips)
Seat 6: 19a390ff ($20.03 in chips)
86357d93: posts small blind $0.05
88aca937: posts big blind $0.1
*** HOLE CARDS ***
Dealt to dc7e2174 
Dealt to Hero [2c 4h]
Dealt to fcc1a416 
Dealt to 86357d93 
Dealt to 88aca937 
Dealt to 19a390ff 
19a390ff: folds
dc7e2174: folds
Hero: folds
fcc1a416: raises $0.12 to $0.22
86357d93: folds
88aca937: folds
Uncalled bet ($0.12) returned to fcc1a416
*** SHOWDOWN ***
fcc1a416 collected $0.25 from pot
*** SUMMARY ***
Total pot $0.25 | Rake $0 | Jackpot $0 | Bingo $0 | Fortune $0 | Tax $0
Seat 1: dc7e2174 folded before Flop (didn't bet)
Seat 2: Hero folded before Flop (didn't bet)
Seat 3: fcc1a416 (button) collected ($0.25)
Seat 4: 86357d93 (small blind) folded before Flop
Seat 5: 88aca937 (big blind) folded before Flop
Seat 6: 19a390ff folded before Flop (didn't bet)


Poker Hand #HD1755423222: Hold'em No Limit ($0.05/$0.1) - 2024/05/02 14:14:18
Table 'NLHRed14' 6-max Seat #2 is the button
Seat 1: dc7e2174 ($12.19 in chips)
Seat 2: Hero ($10.59 in chips)
Seat 3: fcc1a416 ($12.17 in chips)
Seat 4: 86357d93 ($16.54 in chips)
Seat 5: 88aca937 ($10 in chips)
Seat 6: 19a390ff ($20.03 in chips)
fcc1a416: posts small blind $0.05
86357d93: posts big blind $0.1
*** HOLE CARDS ***
Dealt to dc7e2174 
Dealt to Hero [8s 8c]
Dealt to fcc1a416 
Dealt to 86357d93 
Dealt to 88aca937 
Dealt to 19a390ff 
88aca937: folds
19a390ff: folds
dc7e2174: folds
Hero: raises $0.14 to $0.24
fcc1a416: folds
86357d93: folds
Uncalled bet ($0.14) returned to Hero
*** SHOWDOWN ***
Hero collected $0.25 from pot
*** SUMMARY ***
Total pot $0.25 | Rake $0 | Jackpot $0 | Bingo $0 | Fortune $0 | Tax $0
Seat 1: dc7e2174 folded before Flop (didn't bet)
Seat 2: Hero (button) collected ($0.25)
Seat 3: fcc1a416 (small blind) folded before Flop
Seat 4: 86357d93 (big blind) folded before Flop
Seat 5: 88aca937 folded before Flop (didn't bet)
Seat 6: 19a390ff folded before Flop (didn't bet)


Poker Hand #HD1755423176: Hold'em No Limit ($0.05/$0.1) - 2024/05/02 14:13:46
Table 'NLHRed14' 6-max Seat #1 is the button
Seat 1: dc7e2174 ($12.19 in chips)
Seat 2: Hero ($10.64 in chips)
Seat 3: fcc1a416 ($12.27 in chips)
Seat 4: 86357d93 ($15.72 in chips)
Seat 5: 88aca937 ($10 in chips)
Seat 6: 19a390ff ($20.03 in chips)
Hero: posts small blind $0.05
fcc1a416: posts big blind $0.1
*** HOLE CARDS ***
Dealt to dc7e2174 
Dealt to Hero [Th 7d]
Dealt to fcc1a416 
Dealt to 86357d93 
Dealt to 88aca937 
Dealt to 19a390ff 
86357d93: raises $0.1 to $0.2
88aca937: raises $0.55 to $0.75
19a390ff: folds
dc7e2174: folds
Hero: folds
fcc1a416: folds
86357d93: calls $0.55
*** FLOP *** [3h 5h 9s]
86357d93: bets $1.24
88aca937: folds
Uncalled bet ($1.24) returned to 86357d93
*** SHOWDOWN ***
86357d93 collected $1.57 from pot
*** SUMMARY ***
Total pot $1.65 | Rake $0.08 | Jackpot $0 | Bingo $0 | Fortune $0 | Tax $0
Board [3h 5h 9s]
Seat 1: dc7e2174 (button) folded before Flop (didn't bet)
Seat 2: Hero (small blind) folded before Flop
Seat 3: fcc1a416 (big blind) folded before Flop
Seat 4: 86357d93 won ($1.57)
Seat 5: 88aca937 folded on the Flop
Seat 6: 19a390ff folded before Flop (didn't bet)


Poker Hand #HD1755423157: Hold'em No Limit ($0.05/$0.1) - 2024/05/02 14:13:31
Table 'NLHRed14' 6-max Seat #6 is the button
Seat 1: dc7e2174 ($12.24 in chips)
Seat 2: Hero ($10.59 in chips)
Seat 3: fcc1a416 ($12.27 in chips)
Seat 4: 86357d93 ($15.72 in chips)
Seat 5: 88aca937 ($10 in chips)
Seat 6: 19a390ff ($20.03 in chips)
dc7e2174: posts small blind $0.05
Hero: posts big blind $0.1
*** HOLE CARDS ***
Dealt to dc7e2174 
Dealt to Hero [Js 6s]
Dealt to fcc1a416 
Dealt to 86357d93 
Dealt to 88aca937 
Dealt to 19a390ff 
fcc1a416: folds
86357d93: folds
88aca937: folds
19a390ff: folds
dc7e2174: folds
Uncalled bet ($0.05) returned to Hero
*** SHOWDOWN ***
Hero collected $0.1 from pot
*** SUMMARY ***
Total pot $0.1 | Rake $0 | Jackpot $0 | Bingo $0 | Fortune $0 | Tax $0
Seat 1: dc7e2174 (small blind) folded before Flop
Seat 2: Hero (big blind) collected ($0.1)
Seat 3: fcc1a416 folded before Flop (didn't bet)
Seat 4: 86357d93 folded before Flop (didn't bet)
Seat 5: 88aca937 folded before Flop (didn't bet)
Seat 6: 19a390ff (button) folded before Flop (didn't bet)


Poker Hand #HD1755423078: Hold'em No Limit ($0.05/$0.1) - 2024/05/02 14:12:40
Table 'NLHRed14' 6-max Seat #5 is the button
Seat 1: dc7e2174 ($11.38 in chips)
Seat 2: Hero ($10.59 in chips)
Seat 3: fcc1a416 ($12.27 in chips)
Seat 4: 86357d93 ($16.41 in chips)
Seat 5: 88aca937 ($10 in chips)
Seat 6: 19a390ff ($20.08 in chips)
19a390ff: posts small blind $0.05
dc7e2174: posts big blind $0.1
*** HOLE CARDS ***
Dealt to dc7e2174 
Dealt to Hero [2s Ah]
Dealt to fcc1a416 
Dealt to 86357d93 
Dealt to 88aca937 
Dealt to 19a390ff 
Hero: folds
fcc1a416: folds
86357d93: raises $0.1 to $0.2
88aca937: calls $0.2
19a390ff: folds
dc7e2174: calls $0.1
*** FLOP *** [Jc Qs 7s]
dc7e2174: checks
86357d93: bets $0.49
88aca937: folds
dc7e2174: calls $0.49
*** TURN *** [Jc Qs 7s] [4s]
dc7e2174: checks
86357d93: checks
*** RIVER *** [Jc Qs 7s 4s] [Jd]
dc7e2174: checks
86357d93: checks
dc7e2174: shows [Kc Jh] (Three Jacks)
86357d93: shows [8d 4d] (Pair of Jacks and Pair of Fours)
*** SHOWDOWN ***
dc7e2174 collected $1.55 from pot
*** SUMMARY ***
Total pot $1.63 | Rake $0.08 | Jackpot $0 | Bingo $0 | Fortune $0 | Tax $0
Board [Jc Qs 7s 4s Jd]
Seat 1: dc7e2174 (big blind) showed [Kc Jh] and won ($1.55) with Three Jacks
Seat 2: Hero folded before Flop (didn't bet)
Seat 3: fcc1a416 folded before Flop (didn't bet)
Seat 4: 86357d93 showed [8d 4d] and lost with Pair of Jacks and Pair of Fours
Seat 5: 88aca937 (button) folded on the Flop
Seat 6: 19a390ff (small blind) folded before Flop


Poker Hand #HD1755422983: Hold'em No Limit ($0.05/$0.1) - 2024/05/02 14:11:37
Table 'NLHRed14' 6-max Seat #4 is the button
Seat 1: dc7e2174 ($11.38 in chips)
Seat 2: Hero ($10 in chips)
Seat 3: fcc1a416 ($12.27 in chips)
Seat 4: 86357d93 ($16.9 in chips)
Seat 5: 88aca937 ($10 in chips)
Seat 6: 19a390ff ($20.18 in chips)
88aca937: posts small blind $0.05
19a390ff: posts big blind $0.1
*** HOLE CARDS ***
Dealt to dc7e2174 
Dealt to Hero [Tc Kd]
Dealt to fcc1a416 
Dealt to 86357d93 
Dealt to 88aca937 
Dealt to 19a390ff 
dc7e2174: folds
Hero: raises $0.1 to $0.2
fcc1a416: folds
86357d93: calls $0.2
88aca937: folds
19a390ff: folds
*** FLOP *** [Jc Js Ts]
Hero: bets $0.29
86357d93: calls $0.29
*** TURN *** [Jc Js Ts] [Jd]
Hero: checks
86357d93: checks
*** RIVER *** [Jc Js Ts Jd] [7h]
Hero: bets $0.75
86357d93: folds
Uncalled bet ($0.75) returned to Hero
*** SHOWDOWN ***
Hero collected $1.08 from pot
*** SUMMARY ***
Total pot $1.13 | Rake $0.05 | Jackpot $0 | Bingo $0 | Fortune $0 | Tax $0
Board [Jc Js Ts Jd 7h]
Seat 1: dc7e2174 folded before Flop (didn't bet)
Seat 2: Hero won ($1.08)
Seat 3: fcc1a416 folded before Flop (didn't bet)
Seat 4: 86357d93 (button) folded on the River
Seat 5: 88aca937 (small blind) folded before Flop
Seat 6: 19a390ff (big blind) folded before Flop


Poker Hand #HD1755422966: Hold'em No Limit ($0.05/$0.1) - 2024/05/02 14:11:24
Table 'NLHRed14' 6-max Seat #3 is the button
Seat 1: dc7e2174 ($11.38 in chips)
Seat 2: Hero ($10 in chips)
Seat 3: fcc1a416 ($12.27 in chips)
Seat 4: 86357d93 ($16.95 in chips)
Seat 5: 88aca937 ($10 in chips)
Seat 6: 19a390ff ($20.03 in chips)
86357d93: posts small blind $0.05
88aca937: posts big blind $0.1
*** HOLE CARDS ***
Dealt to dc7e2174 
Dealt to Hero [4s Jd]
Dealt to fcc1a416 
Dealt to 86357d93 
Dealt to 88aca937 
Dealt to 19a390ff 
19a390ff: raises $0.15 to $0.25
dc7e2174: folds
Hero: folds
fcc1a416: folds
86357d93: folds
88aca937: folds
Uncalled bet ($0.15) returned to 19a390ff
*** SHOWDOWN ***
19a390ff collected $0.25 from pot
*** SUMMARY ***
Total pot $0.25 | Rake $0 | Jackpot $0 | Bingo $0 | Fortune $0 | Tax $0
Seat 1: dc7e2174 folded before Flop (didn't bet)
Seat 2: Hero folded before Flop (didn't bet)
Seat 3: fcc1a416 (button) folded before Flop (didn't bet)
Seat 4: 86357d93 (small blind) folded before Flop
Seat 5: 88aca937 (big blind) folded before Flop
Seat 6: 19a390ff collected ($0.25)


Poker Hand #HD1755422939: Hold'em No Limit ($0.05/$0.1) - 2024/05/02 14:11:09
Table 'NLHRed14' 6-max Seat #2 is the button
Seat 1: dc7e2174 ($11.38 in chips)
Seat 2: Hero ($10 in chips)
Seat 3: fcc1a416 ($12.32 in chips)
Seat 4: 86357d93 ($17.05 in chips)
Seat 5: 88aca937 ($10 in chips)
Seat 6: 19a390ff ($19.88 in chips)
fcc1a416: posts small blind $0.05
86357d93: posts big blind $0.1
*** HOLE CARDS ***
Dealt to dc7e2174 
Dealt to Hero [5s Jd]
Dealt to fcc1a416 
Dealt to 86357d93 
Dealt to 88aca937 
Dealt to 19a390ff 
88aca937: folds
19a390ff: raises $0.15 to $0.25
dc7e2174: folds
Hero: folds
fcc1a416: folds
86357d93: folds
Uncalled bet ($0.15) returned to 19a390ff
*** SHOWDOWN ***
19a390ff collected $0.25 from pot
*** SUMMARY ***
Total pot $0.25 | Rake $0 | Jackpot $0 | Bingo $0 | Fortune $0 | Tax $0
Seat 1: dc7e2174 folded before Flop (didn't bet)
Seat 2: Hero (button) folded before Flop (didn't bet)
Seat 3: fcc1a416 (small blind) folded before Flop
Seat 4: 86357d93 (big blind) folded before Flop
Seat 5: 88aca937 folded before Flop (didn't bet)
Seat 6: 19a390ff collected ($0.25)


Poker Hand #HD1755422911: Hold'em No Limit ($0.05/$0.1) - 2024/05/02 14:10:49
Table 'NLHRed14' 6-max Seat #1 is the button
Seat 1: dc7e2174 ($11.23 in chips)
Seat 2: Hero ($10 in chips)
Seat 3: fcc1a416 ($12.42 in chips)
Seat 4: 86357d93 ($17.05 in chips)
Seat 5: 88aca937 ($10 in chips)
Seat 6: 19a390ff ($19.88 in chips)
Hero: posts small blind $0.05
fcc1a416: posts big blind $0.1
*** HOLE CARDS ***
Dealt to dc7e2174 
Dealt to Hero [6c 8d]
Dealt to fcc1a416 
Dealt to 86357d93 
Dealt to 88aca937 
Dealt to 19a390ff 
86357d93: folds
88aca937: folds
19a390ff: folds
dc7e2174: raises $0.15 to $0.25
Hero: folds
fcc1a416: folds
Uncalled bet ($0.15) returned to dc7e2174
*** SHOWDOWN ***
dc7e2174 collected $0.25 from pot
*** SUMMARY ***
Total pot $0.25 | Rake $0 | Jackpot $0 | Bingo $0 | Fortune $0 | Tax $0
Seat 1: dc7e2174 (button) collected ($0.25)
Seat 2: Hero (small blind) folded before Flop
Seat 3: fcc1a416 (big blind) folded before Flop
Seat 4: 86357d93 folded before Flop (didn't bet)
Seat 5: 88aca937 folded before Flop (didn't bet)
Seat 6: 19a390ff folded before Flop (didn't bet)


Poker Hand #HD1755422873: Hold'em No Limit ($0.05/$0.1) - 2024/05/02 14:10:24
Table 'NLHRed14' 6-max Seat #6 is the button
Seat 1: dc7e2174 ($10.91 in chips)
Seat 2: Hero ($10 in chips)
Seat 3: fcc1a416 ($12.42 in chips)
Seat 4: 86357d93 ($17.05 in chips)
Seat 5: 88aca937 ($10 in chips)
Seat 6: 19a390ff ($19.88 in chips)
dc7e2174: posts small blind $0.05
Hero: posts big blind $0.1
*** HOLE CARDS ***
Dealt to dc7e2174 
Dealt to Hero [7d Jd]
Dealt to fcc1a416 
Dealt to 86357d93 
Dealt to 88aca937 
Dealt to 19a390ff 
fcc1a416: folds
86357d93: folds
88aca937: raises $0.15 to $0.25
19a390ff: folds
dc7e2174: raises $0.85 to $1.1
Hero: folds
88aca937: folds
Uncalled bet ($0.85) returned to dc7e2174
*** SHOWDOWN ***
dc7e2174 collected $0.57 from pot
*** SUMMARY ***
Total pot $0.6 | Rake $0.03 | Jackpot $0 | Bingo $0 | Fortune $0 | Tax $0
Seat 1: dc7e2174 (small blind) collected ($0.57)
Seat 2: Hero (big blind) folded before Flop
Seat 3: fcc1a416 folded before Flop (didn't bet)
Seat 4: 86357d93 folded before Flop (didn't bet)
Seat 5: 88aca937 folded before Flop
Seat 6: 19a390ff (button) folded before Flop (didn't bet)


Poker Hand #HD1755422805: Hold'em No Limit ($0.05/$0.1) - 2024/05/02 14:09:38
Table 'NLHRed14' 6-max Seat #5 is the button
Seat 1: dc7e2174 ($11.01 in chips)
Seat 2: Hero ($10 in chips)
Seat 3: fcc1a416 ($12.08 in chips)
Seat 4: 86357d93 ($17.27 in chips)
Seat 5: 88aca937 ($10 in chips)
Seat 6: 19a390ff ($19.93 in chips)
19a390ff: posts small blind $0.05
dc7e2174: posts big blind $0.1
*** HOLE CARDS ***
Dealt to dc7e2174 
Dealt to Hero [4h 6s]
Dealt to fcc1a416 
Dealt to 86357d93 
Dealt to 88aca937 
Dealt to 19a390ff 
Hero: folds
fcc1a416: raises $0.12 to $0.22
86357d93: calls $0.22
88aca937: folds
19a390ff: folds
dc7e2174: folds
*** FLOP *** [Tc Jd Jh]
fcc1a416: bets $0.2
86357d93: folds
Uncalled bet ($0.2) returned to fcc1a416
*** SHOWDOWN ***
fcc1a416 collected $0.56 from pot
*** SUMMARY ***
Total pot $0.59 | Rake $0.03 | Jackpot $0 | Bingo $0 | Fortune $0 | Tax $0
Board [Tc Jd Jh]
Seat 1: dc7e2174 (big blind) folded before Flop
Seat 2: Hero folded before Flop (didn't bet)
Seat 3: fcc1a416 won ($0.56)
Seat 4: 86357d93 folded on the Flop
Seat 5: 88aca937 (button) folded before Flop (didn't bet)
Seat 6: 19a390ff (small blind) folded before Flop


Poker Hand #HD1755422760: Hold'em No Limit ($0.05/$0.1) - 2024/05/02 14:09:11
Table 'NLHRed14' 6-max Seat #4 is the button
Seat 1: dc7e2174 ($11.01 in chips)
Seat 2: Hero ($10 in chips)
Seat 3: fcc1a416 ($11.74 in chips)
Seat 4: 86357d93 ($17.49 in chips)
Seat 5: 88aca937 ($10 in chips)
Seat 6: 19a390ff ($20.03 in chips)
88aca937: posts small blind $0.05
19a390ff: posts big blind $0.1
*** HOLE CARDS ***
Dealt to dc7e2174 
Dealt to Hero [3h Qs]
Dealt to fcc1a416 
Dealt to 86357d93 
Dealt to 88aca937 
Dealt to 19a390ff 
dc7e2174: folds
Hero: folds
fcc1a416: raises $0.12 to $0.22
86357d93: calls $0.22
88aca937: folds
19a390ff: folds
*** FLOP *** [Kd Jd 5s]
fcc1a416: bets $0.3
86357d93: folds
Uncalled bet ($0.3) returned to fcc1a416
*** SHOWDOWN ***
fcc1a416 collected $0.56 from pot
*** SUMMARY ***
Total pot $0.59 | Rake $0.03 | Jackpot $0 | Bingo $0 | Fortune $0 | Tax $0
Board [Kd Jd 5s]
Seat 1: dc7e2174 folded before Flop (didn't bet)
Seat 2: Hero folded before Flop (didn't bet)
Seat 3: fcc1a416 won ($0.56)
Seat 4: 86357d93 (button) folded on the Flop
Seat 5: 88aca937 (small blind) folded before Flop
Seat 6: 19a390ff (big blind) folded before Flop


Poker Hand #HD1755422737: Hold'em No Limit ($0.05/$0.1) - 2024/05/02 14:09:00
Table 'NLHRed14' 6-max Seat #3 is the button
Seat 1: dc7e2174 ($11.01 in chips)
Seat 2: Hero ($10 in chips)
Seat 3: fcc1a416 ($11.74 in chips)
Seat 4: 86357d93 ($17.54 in chips)
Seat 5: 88aca937 ($10 in chips)
Seat 6: 19a390ff ($19.88 in chips)
86357d93: posts small blind $0.05
88aca937: posts big blind $0.1
*** HOLE CARDS ***
Dealt to dc7e2174 
Dealt to Hero [6s 5h]
Dealt to fcc1a416 
Dealt to 86357d93 
Dealt to 88aca937 
Dealt to 19a390ff 
19a390ff: raises $0.15 to $0.25
dc7e2174: folds
Hero: folds
fcc1a416: folds
86357d93: folds
88aca937: folds
Uncalled bet ($0.15) returned to 19a390ff
*** SHOWDOWN ***
19a390ff collected $0.25 from pot
*** SUMMARY ***
Total pot $0.25 | Rake $0 | Jackpot $0 | Bingo $0 | Fortune $0 | Tax $0
Seat 1: dc7e2174 folded before Flop (didn't bet)
Seat 2: Hero folded before Flop (didn't bet)
Seat 3: fcc1a416 (button) folded before Flop (didn't bet)
Seat 4: 86357d93 (small blind) folded before Flop
Seat 5: 88aca937 (big blind) folded before Flop
Seat 6: 19a390ff collected ($0.25)


Poker Hand #HD1755422662: Hold'em No Limit ($0.05/$0.1) - 2024/05/02 14:08:04
Table 'NLHRed14' 6-max Seat #2 is the button
Seat 1: dc7e2174 ($11.01 in chips)
Seat 2: Hero ($10 in chips)
Seat 3: fcc1a416 ($11.79 in chips)
Seat 4: 86357d93 ($21.88 in chips)
Seat 5: 88aca937 ($10 in chips)
Seat 6: 19a390ff ($16.02 in chips)
fcc1a416: posts small blind $0.05
86357d93: posts big blind $0.1
*** HOLE CARDS ***
Dealt to dc7e2174 
Dealt to Hero [8c 8d]
Dealt to fcc1a416 
Dealt to 86357d93 
Dealt to 88aca937 
Dealt to 19a390ff 
88aca937: folds
19a390ff: raises $0.15 to $0.25
dc7e2174: folds
Hero: folds
fcc1a416: folds
86357d93: calls $0.15
*** FLOP *** [2h 3h 2s]
86357d93: bets $0.42
19a390ff: calls $0.42
*** TURN *** [2h 3h 2s] [Qs]
86357d93: bets $1.05
19a390ff: calls $1.05
*** RIVER *** [2h 3h 2s Qs] [Js]
86357d93: bets $2.62
19a390ff: calls $2.62
86357d93: shows [7h 4h] (Pair of Twos)
19a390ff: shows [5d 5c] (Pair of Fives and Pair of Twos)
*** SHOWDOWN ***
19a390ff collected $8.2 from pot
*** SUMMARY ***
Total pot $8.73 | Rake $0.43 | Jackpot $0.1 | Bingo $0 | Fortune $0 | Tax $0
Board [2h 3h 2s Qs Js]
Seat 1: dc7e2174 folded before Flop (didn't bet)
Seat 2: Hero (button) folded before Flop (didn't bet)
Seat 3: fcc1a416 (small blind) folded before Flop
Seat 4: 86357d93 (big blind) showed [7h 4h] and lost with Pair of Twos
Seat 5: 88aca937 folded before Flop (didn't bet)
Seat 6: 19a390ff showed [5d 5c] and won ($8.2) with Pair of Fives and Pair of Twos


Poker Hand #HD1755422624: Hold'em No Limit ($0.05/$0.1) - 2024/05/02 14:07:44
Table 'NLHRed14' 6-max Seat #1 is the button
Seat 1: dc7e2174 ($11.01 in chips)
Seat 2: Hero ($10 in chips)
Seat 3: fcc1a416 ($11.89 in chips)
Seat 4: 86357d93 ($21.73 in chips)
Seat 5: 88aca937 ($10 in chips)
Seat 6: 19a390ff ($16.02 in chips)
Hero: posts small blind $0.05
fcc1a416: posts big blind $0.1
*** HOLE CARDS ***
Dealt to dc7e2174 
Dealt to Hero [Ks Td]
Dealt to fcc1a416 
Dealt to 86357d93 
Dealt to 88aca937 
Dealt to 19a390ff 
86357d93: raises $0.1 to $0.2
88aca937: folds
19a390ff: folds
dc7e2174: folds
Hero: folds
fcc1a416: folds
Uncalled bet ($0.1) returned to 86357d93
*** SHOWDOWN ***
86357d93 collected $0.25 from pot
*** SUMMARY ***
Total pot $0.25 | Rake $0 | Jackpot $0 | Bingo $0 | Fortune $0 | Tax $0
Seat 1: dc7e2174 (button) folded before Flop (didn't bet)
Seat 2: Hero (small blind) folded before Flop
Seat 3: fcc1a416 (big blind) folded before Flop
Seat 4: 86357d93 collected ($0.25)
Seat 5: 88aca937 folded before Flop (didn't bet)
Seat 6: 19a390ff folded before Flop (didn't bet)


Poker Hand #HD1755422582: Hold'em No Limit ($0.05/$0.1) - 2024/05/02 14:07:16
Table 'NLHRed14' 6-max Seat #6 is the button
Seat 1: dc7e2174 ($11.06 in chips)
Seat 2: Hero ($10 in chips)
Seat 3: fcc1a416 ($11.89 in chips)
Seat 4: 86357d93 ($21.58 in chips)
Seat 5: 88aca937 ($10 in chips)
Seat 6: 19a390ff ($16.02 in chips)
dc7e2174: posts small blind $0.05
Hero: posts big blind $0.1
*** HOLE CARDS ***
Dealt to dc7e2174 
Dealt to Hero [Qs 5c]
Dealt to fcc1a416 
Dealt to 86357d93 
Dealt to 88aca937 
Dealt to 19a390ff 
fcc1a416: folds
86357d93: raises $0.1 to $0.2
88aca937: folds
19a390ff: folds
dc7e2174: folds
Hero: folds
Uncalled bet ($0.1) returned to 86357d93
*** SHOWDOWN ***
86357d93 collected $0.25 from pot
*** SUMMARY ***
Total pot $0.25 | Rake $0 | Jackpot $0 | Bingo $0 | Fortune $0 | Tax $0
Seat 1: dc7e2174 (small blind) folded before Flop
Seat 2: Hero (big blind) folded before Flop
Seat 3: fcc1a416 folded before Flop (didn't bet)
Seat 4: 86357d93 collected ($0.25)
Seat 5: 88aca937 folded before Flop (didn't bet)
Seat 6: 19a390ff (button) folded before Flop (didn't bet)


