Poker Hand #HD1770909899: Hold'em No Limit ($0.05/$0.1) - 2024/05/13 16:41:36
Table 'NLHRed2' 6-max Seat #5 is the button
Seat 1: cc7854fb ($10 in chips)
Seat 2: 738fc7d4 ($10.15 in chips)
Seat 3: 67053b55 ($10.77 in chips)
Seat 4: fc088820 ($18.07 in chips)
Seat 5: a54bcda3 ($17.55 in chips)
Seat 6: Hero ($11.67 in chips)
Hero: posts small blind $0.05
cc7854fb: posts big blind $0.1
*** HOLE CARDS ***
Dealt to cc7854fb 
Dealt to 738fc7d4 
Dealt to 67053b55 
Dealt to fc088820 
Dealt to a54bcda3 
Dealt to Hero [7d 6d]
738fc7d4: folds
67053b55: raises $0.15 to $0.25
fc088820: folds
a54bcda3: calls $0.25
Hero: folds
cc7854fb: calls $0.15
*** FLOP *** [7h 6h Kd]
cc7854fb: checks
67053b55: checks
a54bcda3: bets $0.4
cc7854fb: calls $0.4
67053b55: folds
*** TURN *** [7h 6h Kd] [4d]
cc7854fb: checks
a54bcda3: bets $1.2
cc7854fb: calls $1.2
*** RIVER *** [7h 6h Kd 4d] [Kh]
cc7854fb: checks
a54bcda3: bets $3
cc7854fb: folds
Uncalled bet ($3) returned to a54bcda3
*** SHOWDOWN ***
a54bcda3 collected $3.67 from pot
*** SUMMARY ***
Total pot $4 | Rake $0.23 | Jackpot $0.1 | Bingo $0 | Fortune $0 | Tax $0
Board [7h 6h Kd 4d Kh]
Seat 1: cc7854fb (big blind) folded on the River
Seat 2: 738fc7d4 folded before Flop (didn't bet)
Seat 3: 67053b55 folded on the Flop
Seat 4: fc088820 folded before Flop (didn't bet)
Seat 5: a54bcda3 (button) won ($3.67)
Seat 6: Hero (small blind) folded before Flop


Poker Hand #HD1770909851: Hold'em No Limit ($0.05/$0.1) - 2024/05/13 16:41:13
Table 'NLHRed2' 6-max Seat #4 is the button
Seat 1: cc7854fb ($10 in chips)
Seat 2: 738fc7d4 ($10 in chips)
Seat 3: 67053b55 ($10.77 in chips)
Seat 4: fc088820 ($18.07 in chips)
Seat 5: a54bcda3 ($17.6 in chips)
Seat 6: Hero ($11.77 in chips)
a54bcda3: posts small blind $0.05
Hero: posts big blind $0.1
*** HOLE CARDS ***
Dealt to cc7854fb 
Dealt to 738fc7d4 
Dealt to 67053b55 
Dealt to fc088820 
Dealt to a54bcda3 
Dealt to Hero [2h 4s]
cc7854fb: folds
738fc7d4: raises $0.2 to $0.3
67053b55: folds
fc088820: folds
a54bcda3: folds
Hero: folds
Uncalled bet ($0.2) returned to 738fc7d4
*** SHOWDOWN ***
738fc7d4 collected $0.25 from pot
*** SUMMARY ***
Total pot $0.25 | Rake $0 | Jackpot $0 | Bingo $0 | Fortune $0 | Tax $0
Seat 1: cc7854fb folded before Flop (didn't bet)
Seat 2: 738fc7d4 collected ($0.25)
Seat 3: 67053b55 folded before Flop (didn't bet)
Seat 4: fc088820 (button) folded before Flop (didn't bet)
Seat 5: a54bcda3 (small blind) folded before Flop
Seat 6: Hero (big blind) folded before Flop


Poker Hand #HD1770909812: Hold'em No Limit ($0.05/$0.1) - 2024/05/13 16:40:56
Table 'NLHRed2' 6-max Seat #3 is the button
Seat 1: cc7854fb ($10 in chips)
Seat 2: 738fc7d4 ($10 in chips)
Seat 3: 67053b55 ($10.77 in chips)
Seat 4: fc088820 ($17.97 in chips)
Seat 5: a54bcda3 ($17.7 in chips)
Seat 6: Hero ($11.77 in chips)
fc088820: posts small blind $0.05
a54bcda3: posts big blind $0.1
*** HOLE CARDS ***
Dealt to cc7854fb 
Dealt to 738fc7d4 
Dealt to 67053b55 
Dealt to fc088820 
Dealt to a54bcda3 
Dealt to Hero [Jh 6c]
Hero: folds
cc7854fb: folds
738fc7d4: folds
67053b55: folds
fc088820: raises $0.2 to $0.3
a54bcda3: folds
Uncalled bet ($0.2) returned to fc088820
*** SHOWDOWN ***
fc088820 collected $0.2 from pot
*** SUMMARY ***
Total pot $0.2 | Rake $0 | Jackpot $0 | Bingo $0 | Fortune $0 | Tax $0
Seat 1: cc7854fb folded before Flop (didn't bet)
Seat 2: 738fc7d4 folded before Flop (didn't bet)
Seat 3: 67053b55 (button) folded before Flop (didn't bet)
Seat 4: fc088820 (small blind) collected ($0.2)
Seat 5: a54bcda3 (big blind) folded before Flop
Seat 6: Hero folded before Flop (didn't bet)


Poker Hand #HD1770909717: Hold'em No Limit ($0.05/$0.1) - 2024/05/13 16:40:09
Table 'NLHRed2' 6-max Seat #2 is the button
Seat 1: cc7854fb ($10 in chips)
Seat 2: 738fc7d4 ($10 in chips)
Seat 3: 67053b55 ($10.82 in chips)
Seat 4: fc088820 ($18.2 in chips)
Seat 5: a54bcda3 ($17.45 in chips)
Seat 6: Hero ($11.77 in chips)
67053b55: posts small blind $0.05
fc088820: posts big blind $0.1
*** HOLE CARDS ***
Dealt to cc7854fb 
Dealt to 738fc7d4 
Dealt to 67053b55 
Dealt to fc088820 
Dealt to a54bcda3 
Dealt to Hero [3h Qd]
a54bcda3: calls $0.1
Hero: folds
cc7854fb: folds
738fc7d4: folds
67053b55: folds
fc088820: checks
*** FLOP *** [Js 5h 2d]
fc088820: checks
a54bcda3: bets $0.13
fc088820: calls $0.13
*** TURN *** [Js 5h 2d] [Kd]
fc088820: checks
a54bcda3: bets $0.51
fc088820: folds
Uncalled bet ($0.51) returned to a54bcda3
*** SHOWDOWN ***
a54bcda3 collected $0.48 from pot
*** SUMMARY ***
Total pot $0.51 | Rake $0.03 | Jackpot $0 | Bingo $0 | Fortune $0 | Tax $0
Board [Js 5h 2d Kd]
Seat 1: cc7854fb folded before Flop (didn't bet)
Seat 2: 738fc7d4 (button) folded before Flop (didn't bet)
Seat 3: 67053b55 (small blind) folded before Flop
Seat 4: fc088820 (big blind) folded on the Turn
Seat 5: a54bcda3 won ($0.48)
Seat 6: Hero folded before Flop (didn't bet)


Poker Hand #HD1770909670: Hold'em No Limit ($0.05/$0.1) - 2024/05/13 16:39:43
Table 'NLHRed2' 6-max Seat #1 is the button
Seat 1: cc7854fb ($10 in chips)
Seat 2: 738fc7d4 ($10 in chips)
Seat 3: 67053b55 ($10.92 in chips)
Seat 4: fc088820 ($18.2 in chips)
Seat 5: a54bcda3 ($17.45 in chips)
Seat 6: Hero ($11.62 in chips)
738fc7d4: posts small blind $0.05
67053b55: posts big blind $0.1
*** HOLE CARDS ***
Dealt to cc7854fb 
Dealt to 738fc7d4 
Dealt to 67053b55 
Dealt to fc088820 
Dealt to a54bcda3 
Dealt to Hero [Td Ah]
fc088820: folds
a54bcda3: folds
Hero: raises $0.14 to $0.24
cc7854fb: folds
738fc7d4: folds
67053b55: folds
Uncalled bet ($0.14) returned to Hero
*** SHOWDOWN ***
Hero collected $0.25 from pot
*** SUMMARY ***
Total pot $0.25 | Rake $0 | Jackpot $0 | Bingo $0 | Fortune $0 | Tax $0
Seat 1: cc7854fb (button) folded before Flop (didn't bet)
Seat 2: 738fc7d4 (small blind) folded before Flop
Seat 3: 67053b55 (big blind) folded before Flop
Seat 4: fc088820 folded before Flop (didn't bet)
Seat 5: a54bcda3 folded before Flop (didn't bet)
Seat 6: Hero collected ($0.25)


Poker Hand #HD1770909528: Hold'em No Limit ($0.05/$0.1) - 2024/05/13 16:38:39
Table 'NLHRed2' 6-max Seat #6 is the button
Seat 1: cc7854fb ($10 in chips)
Seat 2: 738fc7d4 ($10 in chips)
Seat 3: 67053b55 ($10.92 in chips)
Seat 4: fc088820 ($18.2 in chips)
Seat 5: a54bcda3 ($17.03 in chips)
Seat 6: Hero ($11.62 in chips)
cc7854fb: posts small blind $0.05
738fc7d4: posts big blind $0.1
*** HOLE CARDS ***
Dealt to cc7854fb 
Dealt to 738fc7d4 
Dealt to 67053b55 
Dealt to fc088820 
Dealt to a54bcda3 
Dealt to Hero [Kh 2h]
67053b55: folds
fc088820: folds
a54bcda3: calls $0.1
Hero: folds
cc7854fb: calls $0.05
738fc7d4: checks
*** FLOP *** [9h 7h 5h]
cc7854fb: checks
738fc7d4: checks
a54bcda3: bets $0.1
cc7854fb: folds
738fc7d4: calls $0.1
*** TURN *** [9h 7h 5h] [9c]
738fc7d4: checks
a54bcda3: bets $0.17
738fc7d4: calls $0.17
*** RIVER *** [9h 7h 5h 9c] [3s]
738fc7d4: checks
a54bcda3: bets $0.42
738fc7d4: folds
Uncalled bet ($0.42) returned to a54bcda3
*** SHOWDOWN ***
a54bcda3 collected $0.79 from pot
*** SUMMARY ***
Total pot $0.84 | Rake $0.05 | Jackpot $0 | Bingo $0 | Fortune $0 | Tax $0
Board [9h 7h 5h 9c 3s]
Seat 1: cc7854fb (small blind) folded on the Flop
Seat 2: 738fc7d4 (big blind) folded on the River
Seat 3: 67053b55 folded before Flop (didn't bet)
Seat 4: fc088820 folded before Flop (didn't bet)
Seat 5: a54bcda3 won ($0.79)
Seat 6: Hero (button) folded before Flop (didn't bet)


Poker Hand #HD1770909483: Hold'em No Limit ($0.05/$0.1) - 2024/05/13 16:38:14
Table 'NLHRed2' 6-max Seat #5 is the button
Seat 1: cc7854fb ($10.04 in chips)
Seat 2: 738fc7d4 ($10 in chips)
Seat 3: 67053b55 ($10.92 in chips)
Seat 4: fc088820 ($17.97 in chips)
Seat 5: a54bcda3 ($17.03 in chips)
Seat 6: Hero ($11.67 in chips)
Hero: posts small blind $0.05
cc7854fb: posts big blind $0.1
*** HOLE CARDS ***
Dealt to cc7854fb 
Dealt to 738fc7d4 
Dealt to 67053b55 
Dealt to fc088820 
Dealt to a54bcda3 
Dealt to Hero [2c 8c]
738fc7d4: folds
67053b55: folds
fc088820: raises $0.1 to $0.2
a54bcda3: folds
Hero: folds
cc7854fb: calls $0.1
*** FLOP *** [Ks 7c Qd]
cc7854fb: checks
fc088820: bets $0.2
cc7854fb: folds
Uncalled bet ($0.2) returned to fc088820
*** SHOWDOWN ***
fc088820 collected $0.43 from pot
*** SUMMARY ***
Total pot $0.45 | Rake $0.02 | Jackpot $0 | Bingo $0 | Fortune $0 | Tax $0
Board [Ks 7c Qd]
Seat 1: cc7854fb (big blind) folded on the Flop
Seat 2: 738fc7d4 folded before Flop (didn't bet)
Seat 3: 67053b55 folded before Flop (didn't bet)
Seat 4: fc088820 won ($0.43)
Seat 5: a54bcda3 (button) folded before Flop (didn't bet)
Seat 6: Hero (small blind) folded before Flop


Poker Hand #HD1770909415: Hold'em No Limit ($0.05/$0.1) - 2024/05/13 16:37:38
Table 'NLHRed2' 6-max Seat #4 is the button
Seat 1: cc7854fb ($10.04 in chips)
Seat 2: 738fc7d4 ($10 in chips)
Seat 3: 67053b55 ($10.92 in chips)
Seat 4: fc088820 ($17.69 in chips)
Seat 5: a54bcda3 ($17.23 in chips)
Seat 6: Hero ($11.77 in chips)
a54bcda3: posts small blind $0.05
Hero: posts big blind $0.1
*** HOLE CARDS ***
Dealt to cc7854fb 
Dealt to 738fc7d4 
Dealt to 67053b55 
Dealt to fc088820 
Dealt to a54bcda3 
Dealt to Hero [6c 4s]
cc7854fb: folds
738fc7d4: folds
67053b55: folds
fc088820: raises $0.1 to $0.2
a54bcda3: calls $0.15
Hero: folds
*** FLOP *** [8d 8s 9d]
a54bcda3: checks
fc088820: checks
*** TURN *** [8d 8s 9d] [Qc]
a54bcda3: checks
fc088820: bets $0.2
a54bcda3: folds
Uncalled bet ($0.2) returned to fc088820
*** SHOWDOWN ***
fc088820 collected $0.48 from pot
*** SUMMARY ***
Total pot $0.5 | Rake $0.02 | Jackpot $0 | Bingo $0 | Fortune $0 | Tax $0
Board [8d 8s 9d Qc]
Seat 1: cc7854fb folded before Flop (didn't bet)
Seat 2: 738fc7d4 folded before Flop (didn't bet)
Seat 3: 67053b55 folded before Flop (didn't bet)
Seat 4: fc088820 (button) won ($0.48)
Seat 5: a54bcda3 (small blind) folded on the Turn
Seat 6: Hero (big blind) folded before Flop


Poker Hand #HD1770909262: Hold'em No Limit ($0.05/$0.1) - 2024/05/13 16:36:28
Table 'NLHRed2' 6-max Seat #3 is the button
Seat 1: cc7854fb ($10.04 in chips)
Seat 2: 738fc7d4 ($10 in chips)
Seat 3: 67053b55 ($11.72 in chips)
Seat 4: fc088820 ($17.74 in chips)
Seat 5: a54bcda3 ($15.72 in chips)
Seat 6: Hero ($11.77 in chips)
fc088820: posts small blind $0.05
a54bcda3: posts big blind $0.1
*** HOLE CARDS ***
Dealt to cc7854fb 
Dealt to 738fc7d4 
Dealt to 67053b55 
Dealt to fc088820 
Dealt to a54bcda3 
Dealt to Hero [Td 3s]
Hero: folds
cc7854fb: folds
738fc7d4: raises $0.1 to $0.2
67053b55: raises $0.6 to $0.8
fc088820: folds
a54bcda3: calls $0.7
738fc7d4: calls $0.6
*** FLOP *** [8s 9c 2s]
a54bcda3: bets $1.23
738fc7d4: folds
67053b55: folds
Uncalled bet ($1.23) returned to a54bcda3
*** SHOWDOWN ***
a54bcda3 collected $2.31 from pot
*** SUMMARY ***
Total pot $2.45 | Rake $0.14 | Jackpot $0 | Bingo $0 | Fortune $0 | Tax $0
Board [8s 9c 2s]
Seat 1: cc7854fb folded before Flop (didn't bet)
Seat 2: 738fc7d4 folded on the Flop
Seat 3: 67053b55 (button) folded on the Flop
Seat 4: fc088820 (small blind) folded before Flop
Seat 5: a54bcda3 (big blind) won ($2.31)
Seat 6: Hero folded before Flop (didn't bet)


Poker Hand #HD1770909121: Hold'em No Limit ($0.05/$0.1) - 2024/05/13 16:35:25
Table 'NLHRed2' 6-max Seat #2 is the button
Seat 1: cc7854fb ($10.04 in chips)
Seat 2: 738fc7d4 ($10 in chips)
Seat 3: 67053b55 ($11.77 in chips)
Seat 4: fc088820 ($17.2 in chips)
Seat 5: a54bcda3 ($15.72 in chips)
Seat 6: Hero ($12.31 in chips)
67053b55: posts small blind $0.05
fc088820: posts big blind $0.1
*** HOLE CARDS ***
Dealt to cc7854fb 
Dealt to 738fc7d4 
Dealt to 67053b55 
Dealt to fc088820 
Dealt to a54bcda3 
Dealt to Hero [7d Ad]
a54bcda3: folds
Hero: raises $0.1 to $0.2
cc7854fb: folds
738fc7d4: folds
67053b55: folds
fc088820: calls $0.1
*** FLOP *** [8c Jd Qs]
fc088820: checks
Hero: checks
*** TURN *** [8c Jd Qs] [As]
fc088820: checks
Hero: checks
*** RIVER *** [8c Jd Qs As] [4s]
fc088820: bets $0.34
Hero: calls $0.34
fc088820: shows [Ah 4c] (Pair of Aces and Pair of Fours)
Hero: shows [7d Ad] (Pair of Aces)
*** SHOWDOWN ***
fc088820 collected $1.08 from pot
*** SUMMARY ***
Total pot $1.13 | Rake $0.05 | Jackpot $0 | Bingo $0 | Fortune $0 | Tax $0
Board [8c Jd Qs As 4s]
Seat 1: cc7854fb folded before Flop (didn't bet)
Seat 2: 738fc7d4 (button) folded before Flop (didn't bet)
Seat 3: 67053b55 (small blind) folded before Flop
Seat 4: fc088820 (big blind) showed [Ah 4c] and won ($1.08) with Pair of Aces and Pair of Fours
Seat 5: a54bcda3 folded before Flop (didn't bet)
Seat 6: Hero showed [7d Ad] and lost with Pair of Aces


Poker Hand #HD1770908970: Hold'em No Limit ($0.05/$0.1) - 2024/05/13 16:34:17
Table 'NLHRed2' 6-max Seat #1 is the button
Seat 1: cc7854fb ($10.04 in chips)
Seat 2: 738fc7d4 ($10 in chips)
Seat 3: 67053b55 ($10.15 in chips)
Seat 4: fc088820 ($17.2 in chips)
Seat 5: a54bcda3 ($17.51 in chips)
Seat 6: Hero ($12.31 in chips)
738fc7d4: posts small blind $0.05
67053b55: posts big blind $0.1
*** HOLE CARDS ***
Dealt to cc7854fb 
Dealt to 738fc7d4 
Dealt to 67053b55 
Dealt to fc088820 
Dealt to a54bcda3 
Dealt to Hero [9d 2d]
fc088820: folds
a54bcda3: calls $0.1
Hero: folds
cc7854fb: folds
738fc7d4: calls $0.05
67053b55: raises $0.4 to $0.5
a54bcda3: calls $0.4
738fc7d4: folds
*** FLOP *** [Ad 6c 2s]
67053b55: bets $0.37
a54bcda3: calls $0.37
*** TURN *** [Ad 6c 2s] [Td]
67053b55: bets $0.92
a54bcda3: calls $0.92
*** RIVER *** [Ad 6c 2s Td] [5c]
67053b55: bets $1.84
a54bcda3: folds
Uncalled bet ($1.84) returned to 67053b55
*** SHOWDOWN ***
67053b55 collected $3.41 from pot
*** SUMMARY ***
Total pot $3.68 | Rake $0.17 | Jackpot $0.1 | Bingo $0 | Fortune $0 | Tax $0
Board [Ad 6c 2s Td 5c]
Seat 1: cc7854fb (button) folded before Flop (didn't bet)
Seat 2: 738fc7d4 (small blind) folded before Flop
Seat 3: 67053b55 (big blind) won ($3.41)
Seat 4: fc088820 folded before Flop (didn't bet)
Seat 5: a54bcda3 folded on the River
Seat 6: Hero folded before Flop (didn't bet)


Poker Hand #HD1770908804: Hold'em No Limit ($0.05/$0.1) - 2024/05/13 16:33:04
Table 'NLHRed2' 6-max Seat #6 is the button
Seat 1: cc7854fb ($10.14 in chips)
Seat 2: 738fc7d4 ($10 in chips)
Seat 3: 67053b55 ($10.15 in chips)
Seat 4: fc088820 ($17.2 in chips)
Seat 5: a54bcda3 ($17.32 in chips)
Seat 6: Hero ($12.31 in chips)
cc7854fb: posts small blind $0.05
738fc7d4: posts big blind $0.1
*** HOLE CARDS ***
Dealt to cc7854fb 
Dealt to 738fc7d4 
Dealt to 67053b55 
Dealt to fc088820 
Dealt to a54bcda3 
Dealt to Hero [Td 7h]
67053b55: folds
fc088820: folds
a54bcda3: calls $0.1
Hero: folds
cc7854fb: calls $0.05
738fc7d4: checks
*** FLOP *** [6d 8d Ts]
cc7854fb: checks
738fc7d4: checks
a54bcda3: bets $0.1
cc7854fb: folds
738fc7d4: folds
Uncalled bet ($0.1) returned to a54bcda3
*** SHOWDOWN ***
a54bcda3 collected $0.29 from pot
*** SUMMARY ***
Total pot $0.3 | Rake $0.01 | Jackpot $0 | Bingo $0 | Fortune $0 | Tax $0
Board [6d 8d Ts]
Seat 1: cc7854fb (small blind) folded on the Flop
Seat 2: 738fc7d4 (big blind) folded on the Flop
Seat 3: 67053b55 folded before Flop (didn't bet)
Seat 4: fc088820 folded before Flop (didn't bet)
Seat 5: a54bcda3 won ($0.29)
Seat 6: Hero (button) folded before Flop (didn't bet)


Poker Hand #HD1770908716: Hold'em No Limit ($0.05/$0.1) - 2024/05/13 16:32:26
Table 'NLHRed2' 6-max Seat #5 is the button
Seat 1: cc7854fb ($10 in chips)
Seat 3: 67053b55 ($10.15 in chips)
Seat 4: fc088820 ($17.2 in chips)
Seat 5: a54bcda3 ($17.42 in chips)
Seat 6: Hero ($12.36 in chips)
Hero: posts small blind $0.05
cc7854fb: posts big blind $0.1
*** HOLE CARDS ***
Dealt to cc7854fb 
Dealt to 67053b55 
Dealt to fc088820 
Dealt to a54bcda3 
Dealt to Hero [7h 4c]
67053b55: folds
fc088820: folds
a54bcda3: calls $0.1
Hero: folds
cc7854fb: checks
*** FLOP *** [7c 2s 9c]
cc7854fb: checks
a54bcda3: checks
*** TURN *** [7c 2s 9c] [Ac]
cc7854fb: checks
a54bcda3: checks
*** RIVER *** [7c 2s 9c Ac] [6s]
cc7854fb: checks
a54bcda3: checks
cc7854fb: shows [7s Ts] (Pair of Sevens)
a54bcda3: shows [6d 4d] (Pair of Sixes)
*** SHOWDOWN ***
cc7854fb collected $0.24 from pot
*** SUMMARY ***
Total pot $0.25 | Rake $0.01 | Jackpot $0 | Bingo $0 | Fortune $0 | Tax $0
Board [7c 2s 9c Ac 6s]
Seat 1: cc7854fb (big blind) showed [7s Ts] and won ($0.24) with Pair of Sevens
Seat 3: 67053b55 folded before Flop (didn't bet)
Seat 4: fc088820 folded before Flop (didn't bet)
Seat 5: a54bcda3 (button) showed [6d 4d] and lost with Pair of Sixes
Seat 6: Hero (small blind) folded before Flop


Poker Hand #HD1770908667: Hold'em No Limit ($0.05/$0.1) - 2024/05/13 16:32:04
Table 'NLHRed2' 6-max Seat #4 is the button
Seat 1: cc7854fb ($10 in chips)
Seat 3: 67053b55 ($10 in chips)
Seat 4: fc088820 ($17.2 in chips)
Seat 5: a54bcda3 ($17.47 in chips)
Seat 6: Hero ($12.46 in chips)
a54bcda3: posts small blind $0.05
Hero: posts big blind $0.1
*** HOLE CARDS ***
Dealt to cc7854fb 
Dealt to 67053b55 
Dealt to fc088820 
Dealt to a54bcda3 
Dealt to Hero [7s 3d]
cc7854fb: folds
67053b55: raises $0.15 to $0.25
fc088820: folds
a54bcda3: folds
Hero: folds
Uncalled bet ($0.15) returned to 67053b55
*** SHOWDOWN ***
67053b55 collected $0.25 from pot
*** SUMMARY ***
Total pot $0.25 | Rake $0 | Jackpot $0 | Bingo $0 | Fortune $0 | Tax $0
Seat 1: cc7854fb folded before Flop (didn't bet)
Seat 3: 67053b55 collected ($0.25)
Seat 4: fc088820 (button) folded before Flop (didn't bet)
Seat 5: a54bcda3 (small blind) folded before Flop
Seat 6: Hero (big blind) folded before Flop


Poker Hand #HD1770908553: Hold'em No Limit ($0.05/$0.1) - 2024/05/13 16:31:14
Table 'NLHRed2' 6-max Seat #3 is the button
Seat 1: cc7854fb ($10 in chips)
Seat 3: 67053b55 ($10.14 in chips)
Seat 4: fc088820 ($17.25 in chips)
Seat 5: a54bcda3 ($16.22 in chips)
Seat 6: Hero ($12.46 in chips)
fc088820: posts small blind $0.05
a54bcda3: posts big blind $0.1
*** HOLE CARDS ***
Dealt to cc7854fb 
Dealt to 67053b55 
Dealt to fc088820 
Dealt to a54bcda3 
Dealt to Hero [4d 2d]
Hero: folds
cc7854fb: raises $0.15 to $0.25
67053b55: raises $0.85 to $1.1
fc088820: folds
a54bcda3: calls $1
cc7854fb: folds
*** FLOP *** [4h 6h 3h]
a54bcda3: bets $1.25
67053b55: folds
Uncalled bet ($1.25) returned to a54bcda3
*** SHOWDOWN ***
a54bcda3 collected $2.35 from pot
*** SUMMARY ***
Total pot $2.5 | Rake $0.15 | Jackpot $0 | Bingo $0 | Fortune $0 | Tax $0
Board [4h 6h 3h]
Seat 1: cc7854fb folded before Flop
Seat 3: 67053b55 (button) folded on the Flop
Seat 4: fc088820 (small blind) folded before Flop
Seat 5: a54bcda3 (big blind) won ($2.35)
Seat 6: Hero folded before Flop (didn't bet)


Poker Hand #HD1770908523: Hold'em No Limit ($0.05/$0.1) - 2024/05/13 16:31:00
Table 'NLHRed2' 6-max Seat #1 is the button
Seat 1: cc7854fb ($10 in chips)
Seat 3: 67053b55 ($10.19 in chips)
Seat 4: fc088820 ($17.2 in chips)
Seat 5: a54bcda3 ($16.22 in chips)
Seat 6: Hero ($12.46 in chips)
67053b55: posts small blind $0.05
fc088820: posts big blind $0.1
*** HOLE CARDS ***
Dealt to cc7854fb 
Dealt to 67053b55 
Dealt to fc088820 
Dealt to a54bcda3 
Dealt to Hero [Qs Th]
a54bcda3: folds
Hero: folds
cc7854fb: folds
67053b55: folds
Uncalled bet ($0.05) returned to fc088820
*** SHOWDOWN ***
fc088820 collected $0.1 from pot
*** SUMMARY ***
Total pot $0.1 | Rake $0 | Jackpot $0 | Bingo $0 | Fortune $0 | Tax $0
Seat 1: cc7854fb (button) folded before Flop (didn't bet)
Seat 3: 67053b55 (small blind) folded before Flop
Seat 4: fc088820 (big blind) collected ($0.1)
Seat 5: a54bcda3 folded before Flop (didn't bet)
Seat 6: Hero folded before Flop (didn't bet)


Poker Hand #HD1770908374: Hold'em No Limit ($0.05/$0.1) - 2024/05/13 16:29:52
Table 'NLHRed2' 6-max Seat #6 is the button
Seat 1: cc7854fb ($10 in chips)
Seat 3: 67053b55 ($10 in chips)
Seat 4: fc088820 ($17.2 in chips)
Seat 5: a54bcda3 ($16.32 in chips)
Seat 6: Hero ($12.46 in chips)
cc7854fb: posts small blind $0.05
67053b55: posts big blind $0.1
*** HOLE CARDS ***
Dealt to cc7854fb 
Dealt to 67053b55 
Dealt to fc088820 
Dealt to a54bcda3 
Dealt to Hero [4d 6h]
fc088820: folds
a54bcda3: calls $0.1
Hero: folds
cc7854fb: calls $0.05
67053b55: checks
*** FLOP *** [4c 3h 3s]
cc7854fb: checks
67053b55: checks
a54bcda3: checks
*** TURN *** [4c 3h 3s] [Ah]
cc7854fb: checks
67053b55: checks
a54bcda3: checks
*** RIVER *** [4c 3h 3s Ah] [5s]
cc7854fb: checks
67053b55: checks
a54bcda3: checks
cc7854fb: shows [Ts Qd] (Pair of Treys)
67053b55: shows [Qs 5h] (Pair of Fives and Pair of Treys)
a54bcda3: shows [Jd Th] (Pair of Treys)
*** SHOWDOWN ***
67053b55 collected $0.29 from pot
*** SUMMARY ***
Total pot $0.3 | Rake $0.01 | Jackpot $0 | Bingo $0 | Fortune $0 | Tax $0
Board [4c 3h 3s Ah 5s]
Seat 1: cc7854fb (small blind) showed [Ts Qd] and lost with Pair of Treys
Seat 3: 67053b55 (big blind) showed [Qs 5h] and won ($0.29) with Pair of Fives and Pair of Treys
Seat 4: fc088820 folded before Flop (didn't bet)
Seat 5: a54bcda3 showed [Jd Th] and lost with Pair of Treys
Seat 6: Hero (button) folded before Flop (didn't bet)


Poker Hand #HD1770908336: Hold'em No Limit ($0.05/$0.1) - 2024/05/13 16:29:36
Table 'NLHRed2' 6-max Seat #5 is the button
Seat 1: cc7854fb ($10 in chips)
Seat 3: 67053b55 ($10 in chips)
Seat 4: fc088820 ($17.05 in chips)
Seat 5: a54bcda3 ($16.32 in chips)
Seat 6: Hero ($12.51 in chips)
Hero: posts small blind $0.05
cc7854fb: posts big blind $0.1
*** HOLE CARDS ***
Dealt to cc7854fb 
Dealt to 67053b55 
Dealt to fc088820 
Dealt to a54bcda3 
Dealt to Hero [8h Jc]
67053b55: folds
fc088820: raises $0.1 to $0.2
a54bcda3: folds
Hero: folds
cc7854fb: folds
Uncalled bet ($0.1) returned to fc088820
*** SHOWDOWN ***
fc088820 collected $0.25 from pot
*** SUMMARY ***
Total pot $0.25 | Rake $0 | Jackpot $0 | Bingo $0 | Fortune $0 | Tax $0
Seat 1: cc7854fb (big blind) folded before Flop
Seat 3: 67053b55 folded before Flop (didn't bet)
Seat 4: fc088820 collected ($0.25)
Seat 5: a54bcda3 (button) folded before Flop (didn't bet)
Seat 6: Hero (small blind) folded before Flop


Poker Hand #HD1770908260: Hold'em No Limit ($0.05/$0.1) - 2024/05/13 16:29:00
Table 'NLHRed2' 6-max Seat #4 is the button
Seat 1: cc7854fb ($10 in chips)
Seat 2: 2318eaaf ($3.01 in chips)
Seat 3: 67053b55 ($10 in chips)
Seat 4: fc088820 ($17.05 in chips)
Seat 5: a54bcda3 ($16 in chips)
Seat 6: Hero ($12.61 in chips)
a54bcda3: posts small blind $0.05
Hero: posts big blind $0.1
*** HOLE CARDS ***
Dealt to cc7854fb 
Dealt to 2318eaaf 
Dealt to 67053b55 
Dealt to fc088820 
Dealt to a54bcda3 
Dealt to Hero [3h 7h]
cc7854fb: folds
2318eaaf: folds
67053b55: raises $0.15 to $0.25
fc088820: folds
a54bcda3: calls $0.2
Hero: folds
*** FLOP *** [9d Ah As]
a54bcda3: bets $0.2
67053b55: folds
Uncalled bet ($0.2) returned to a54bcda3
*** SHOWDOWN ***
a54bcda3 collected $0.57 from pot
*** SUMMARY ***
Total pot $0.6 | Rake $0.03 | Jackpot $0 | Bingo $0 | Fortune $0 | Tax $0
Board [9d Ah As]
Seat 1: cc7854fb folded before Flop (didn't bet)
Seat 2: 2318eaaf folded before Flop (didn't bet)
Seat 3: 67053b55 folded on the Flop
Seat 4: fc088820 (button) folded before Flop (didn't bet)
Seat 5: a54bcda3 (small blind) won ($0.57)
Seat 6: Hero (big blind) folded before Flop


Poker Hand #HD1770908117: Hold'em No Limit ($0.05/$0.1) - 2024/05/13 16:28:02
Table 'NLHRed2' 6-max Seat #3 is the button
Seat 1: cc7854fb ($10 in chips)
Seat 2: 2318eaaf ($11.98 in chips)
Seat 3: 67053b55 ($10 in chips)
Seat 4: fc088820 ($8.97 in chips)
Seat 5: a54bcda3 ($16.1 in chips)
Seat 6: Hero ($12.61 in chips)
fc088820: posts small blind $0.05
a54bcda3: posts big blind $0.1
*** HOLE CARDS ***
Dealt to cc7854fb 
Dealt to 2318eaaf 
Dealt to 67053b55 
Dealt to fc088820 
Dealt to a54bcda3 
Dealt to Hero [Td Js]
Hero: folds
cc7854fb: folds
2318eaaf: raises $0.3 to $0.4
67053b55: folds
fc088820: calls $0.35
a54bcda3: folds
*** FLOP *** [3d 8h 6s]
fc088820: checks
2318eaaf: bets $0.45
fc088820: calls $0.45
*** TURN *** [3d 8h 6s] [9c]
fc088820: checks
2318eaaf: checks
*** RIVER *** [3d 8h 6s 9c] [Qh]
fc088820: checks
2318eaaf: bets $1.35
fc088820: raises $4.5 to $5.85
2318eaaf: raises $5.28 to $11.13 and is all-in
fc088820: calls $2.27 and is all-in
Uncalled bet ($3.01) returned to 2318eaaf
2318eaaf: shows [Kh Ah] (Ace-High)
fc088820: shows [3c 3h] (Three Treys)
*** SHOWDOWN ***
fc088820 collected $17.05 from pot
*** SUMMARY ***
Total pot $18.04 | Rake $0.89 | Jackpot $0.1 | Bingo $0 | Fortune $0 | Tax $0
Board [3d 8h 6s 9c Qh]
Seat 1: cc7854fb folded before Flop (didn't bet)
Seat 2: 2318eaaf showed [Kh Ah] and lost with Ace-High
Seat 3: 67053b55 (button) folded before Flop (didn't bet)
Seat 4: fc088820 (small blind) showed [3c 3h] and won ($17.05) with Three Treys
Seat 5: a54bcda3 (big blind) folded before Flop
Seat 6: Hero folded before Flop (didn't bet)


Poker Hand #HD1770908021: Hold'em No Limit ($0.05/$0.1) - 2024/05/13 16:27:22
Table 'NLHRed2' 6-max Seat #2 is the button
Seat 1: cc7854fb ($10 in chips)
Seat 2: 2318eaaf ($11.4 in chips)
Seat 3: 67053b55 ($10 in chips)
Seat 4: fc088820 ($9.07 in chips)
Seat 5: a54bcda3 ($16.1 in chips)
Seat 6: Hero ($13.09 in chips)
67053b55: posts small blind $0.05
fc088820: posts big blind $0.1
*** HOLE CARDS ***
Dealt to cc7854fb 
Dealt to 2318eaaf 
Dealt to 67053b55 
Dealt to fc088820 
Dealt to a54bcda3 
Dealt to Hero [Ks Qc]
a54bcda3: folds
Hero: raises $0.1 to $0.2
cc7854fb: folds
2318eaaf: raises $0.28 to $0.48
67053b55: folds
fc088820: folds
Hero: calls $0.28
*** FLOP *** [6s 8c 7d]
Hero: checks
2318eaaf: bets $0.56
Hero: folds
Uncalled bet ($0.56) returned to 2318eaaf
*** SHOWDOWN ***
2318eaaf collected $1.06 from pot
*** SUMMARY ***
Total pot $1.11 | Rake $0.05 | Jackpot $0 | Bingo $0 | Fortune $0 | Tax $0
Board [6s 8c 7d]
Seat 1: cc7854fb folded before Flop (didn't bet)
Seat 2: 2318eaaf (button) won ($1.06)
Seat 3: 67053b55 (small blind) folded before Flop
Seat 4: fc088820 (big blind) folded before Flop
Seat 5: a54bcda3 folded before Flop (didn't bet)
Seat 6: Hero folded on the Flop


Poker Hand #HD1770907927: Hold'em No Limit ($0.05/$0.1) - 2024/05/13 16:26:37
Table 'NLHRed2' 6-max Seat #1 is the button
Seat 1: cc7854fb ($10 in chips)
Seat 2: 2318eaaf ($10.85 in chips)
Seat 3: 67053b55 ($10.23 in chips)
Seat 4: fc088820 ($9.27 in chips)
Seat 5: a54bcda3 ($16.1 in chips)
Seat 6: Hero ($13.09 in chips)
2318eaaf: posts small blind $0.05
67053b55: posts big blind $0.1
*** HOLE CARDS ***
Dealt to cc7854fb 
Dealt to 2318eaaf 
Dealt to 67053b55 
Dealt to fc088820 
Dealt to a54bcda3 
Dealt to Hero [Jc 2s]
fc088820: raises $0.1 to $0.2
a54bcda3: folds
Hero: folds
cc7854fb: folds
2318eaaf: calls $0.15
67053b55: calls $0.1
*** FLOP *** [6d 8c 3c]
2318eaaf: checks
67053b55: checks
fc088820: checks
*** TURN *** [6d 8c 3c] [4d]
2318eaaf: checks
67053b55: bets $0.2
fc088820: folds
2318eaaf: calls $0.2
*** RIVER *** [6d 8c 3c 4d] [Th]
2318eaaf: checks
67053b55: checks
2318eaaf: shows [7s Tc] (Pair of Tens)
67053b55: shows [5d 5s] (Pair of Fives)
*** SHOWDOWN ***
2318eaaf collected $0.95 from pot
*** SUMMARY ***
Total pot $1 | Rake $0.05 | Jackpot $0 | Bingo $0 | Fortune $0 | Tax $0
Board [6d 8c 3c 4d Th]
Seat 1: cc7854fb (button) folded before Flop (didn't bet)
Seat 2: 2318eaaf (small blind) showed [7s Tc] and won ($0.95) with Pair of Tens
Seat 3: 67053b55 (big blind) showed [5d 5s] and lost with Pair of Fives
Seat 4: fc088820 folded on the Turn
Seat 5: a54bcda3 folded before Flop (didn't bet)
Seat 6: Hero folded before Flop (didn't bet)


Poker Hand #HD1770907711: Hold'em No Limit ($0.05/$0.1) - 2024/05/13 16:25:05
Table 'NLHRed2' 6-max Seat #6 is the button
Seat 1: cc7854fb ($10 in chips)
Seat 2: 2318eaaf ($11.99 in chips)
Seat 3: 67053b55 ($10.23 in chips)
Seat 4: fc088820 ($9.47 in chips)
Seat 5: a54bcda3 ($14.72 in chips)
Seat 6: Hero ($13.09 in chips)
cc7854fb: posts small blind $0.05
2318eaaf: posts big blind $0.1
*** HOLE CARDS ***
Dealt to cc7854fb 
Dealt to 2318eaaf 
Dealt to 67053b55 
Dealt to fc088820 
Dealt to a54bcda3 
Dealt to Hero [Qd 2d]
67053b55: folds
fc088820: raises $0.1 to $0.2
a54bcda3: calls $0.2
Hero: folds
cc7854fb: calls $0.15
2318eaaf: calls $0.1
*** FLOP *** [6c Ks 7d]
cc7854fb: checks
2318eaaf: checks
fc088820: checks
a54bcda3: checks
*** TURN *** [6c Ks 7d] [Jh]
cc7854fb: checks
2318eaaf: checks
fc088820: checks
a54bcda3: bets $0.27
cc7854fb: folds
2318eaaf: calls $0.27
fc088820: folds
*** RIVER *** [6c Ks 7d Jh] [9h]
2318eaaf: bets $0.67
a54bcda3: raises $1.34 to $2.01
2318eaaf: folds
Uncalled bet ($1.34) returned to a54bcda3
*** SHOWDOWN ***
a54bcda3 collected $2.52 from pot
*** SUMMARY ***
Total pot $2.68 | Rake $0.16 | Jackpot $0 | Bingo $0 | Fortune $0 | Tax $0
Board [6c Ks 7d Jh 9h]
Seat 1: cc7854fb (small blind) folded on the Turn
Seat 2: 2318eaaf (big blind) folded on the River
Seat 3: 67053b55 folded before Flop (didn't bet)
Seat 4: fc088820 folded on the Turn
Seat 5: a54bcda3 won ($2.52)
Seat 6: Hero (button) folded before Flop (didn't bet)


Poker Hand #HD1770907576: Hold'em No Limit ($0.05/$0.1) - 2024/05/13 16:24:06
Table 'NLHRed2' 6-max Seat #5 is the button
Seat 1: cc7854fb ($10 in chips)
Seat 2: 2318eaaf ($13.16 in chips)
Seat 3: 67053b55 ($10.23 in chips)
Seat 4: fc088820 ($9.47 in chips)
Seat 5: a54bcda3 ($13.55 in chips)
Seat 6: Hero ($13.14 in chips)
Hero: posts small blind $0.05
cc7854fb: posts big blind $0.1
*** HOLE CARDS ***
Dealt to cc7854fb 
Dealt to 2318eaaf 
Dealt to 67053b55 
Dealt to fc088820 
Dealt to a54bcda3 
Dealt to Hero [2h Jd]
2318eaaf: calls $0.1
67053b55: folds
fc088820: folds
a54bcda3: raises $0.12 to $0.22
Hero: folds
cc7854fb: folds
2318eaaf: raises $0.45 to $0.67
a54bcda3: calls $0.45
*** FLOP *** [4d 6c As]
2318eaaf: bets $0.5
a54bcda3: calls $0.5
*** TURN *** [4d 6c As] [Ac]
2318eaaf: checks
a54bcda3: bets $0.83
2318eaaf: folds
Uncalled bet ($0.83) returned to a54bcda3
*** SHOWDOWN ***
a54bcda3 collected $2.34 from pot
*** SUMMARY ***
Total pot $2.49 | Rake $0.15 | Jackpot $0 | Bingo $0 | Fortune $0 | Tax $0
Board [4d 6c As Ac]
Seat 1: cc7854fb (big blind) folded before Flop
Seat 2: 2318eaaf folded on the Turn
Seat 3: 67053b55 folded before Flop (didn't bet)
Seat 4: fc088820 folded before Flop (didn't bet)
Seat 5: a54bcda3 (button) won ($2.34)
Seat 6: Hero (small blind) folded before Flop


Poker Hand #HD1770907426: Hold'em No Limit ($0.05/$0.1) - 2024/05/13 16:22:56
Table 'NLHRed2' 6-max Seat #4 is the button
Seat 1: cc7854fb ($10 in chips)
Seat 2: 2318eaaf ($12.7 in chips)
Seat 3: 67053b55 ($10.23 in chips)
Seat 4: fc088820 ($9.47 in chips)
Seat 5: a54bcda3 ($13.95 in chips)
Seat 6: Hero ($13.24 in chips)
a54bcda3: posts small blind $0.05
Hero: posts big blind $0.1
*** HOLE CARDS ***
Dealt to cc7854fb 
Dealt to 2318eaaf 
Dealt to 67053b55 
Dealt to fc088820 
Dealt to a54bcda3 
Dealt to Hero [9c Js]
cc7854fb: folds
2318eaaf: calls $0.1
67053b55: folds
fc088820: folds
a54bcda3: calls $0.05
Hero: checks
*** FLOP *** [6s Ad 8c]
a54bcda3: checks
Hero: checks
2318eaaf: bets $0.15
a54bcda3: raises $0.15 to $0.3
Hero: folds
2318eaaf: calls $0.15
*** TURN *** [6s Ad 8c] [4d]
a54bcda3: checks
2318eaaf: bets $0.45
a54bcda3: folds
Uncalled bet ($0.45) returned to 2318eaaf
2318eaaf: shows [Ah] (Pair of Aces)
*** SHOWDOWN ***
2318eaaf collected $0.86 from pot
*** SUMMARY ***
Total pot $0.9 | Rake $0.04 | Jackpot $0 | Bingo $0 | Fortune $0 | Tax $0
Board [6s Ad 8c 4d]
Seat 1: cc7854fb folded before Flop (didn't bet)
Seat 2: 2318eaaf showed [Ah] and won ($0.86)
Seat 3: 67053b55 folded before Flop (didn't bet)
Seat 4: fc088820 (button) folded before Flop (didn't bet)
Seat 5: a54bcda3 (small blind) folded on the Turn
Seat 6: Hero (big blind) folded on the Flop


Poker Hand #HD1770907355: Hold'em No Limit ($0.05/$0.1) - 2024/05/13 16:22:24
Table 'NLHRed2' 6-max Seat #3 is the button
Seat 1: cc7854fb ($10 in chips)
Seat 2: 2318eaaf ($11.88 in chips)
Seat 3: 67053b55 ($10.23 in chips)
Seat 4: fc088820 ($9.52 in chips)
Seat 5: a54bcda3 ($14.05 in chips)
Seat 6: Hero ($13.99 in chips)
fc088820: posts small blind $0.05
a54bcda3: posts big blind $0.1
*** HOLE CARDS ***
Dealt to cc7854fb 
Dealt to 2318eaaf 
Dealt to 67053b55 
Dealt to fc088820 
Dealt to a54bcda3 
Dealt to Hero [Js Qs]
Hero: raises $0.1 to $0.2
cc7854fb: folds
2318eaaf: raises $0.55 to $0.75
67053b55: folds
fc088820: folds
a54bcda3: folds
Hero: calls $0.55
*** FLOP *** [5c Ts Tc]
Hero: checks
2318eaaf: bets $0.83
Hero: folds
Uncalled bet ($0.83) returned to 2318eaaf
*** SHOWDOWN ***
2318eaaf collected $1.57 from pot
*** SUMMARY ***
Total pot $1.65 | Rake $0.08 | Jackpot $0 | Bingo $0 | Fortune $0 | Tax $0
Board [5c Ts Tc]
Seat 1: cc7854fb folded before Flop (didn't bet)
Seat 2: 2318eaaf won ($1.57)
Seat 3: 67053b55 (button) folded before Flop (didn't bet)
Seat 4: fc088820 (small blind) folded before Flop
Seat 5: a54bcda3 (big blind) folded before Flop
Seat 6: Hero folded on the Flop


Poker Hand #HD1770907257: Hold'em No Limit ($0.05/$0.1) - 2024/05/13 16:21:37
Table 'NLHRed2' 6-max Seat #2 is the button
Seat 1: cc7854fb ($10 in chips)
Seat 2: 2318eaaf ($10.92 in chips)
Seat 3: 67053b55 ($10.28 in chips)
Seat 4: fc088820 ($9.62 in chips)
Seat 5: a54bcda3 ($14.05 in chips)
Seat 6: Hero ($13.99 in chips)
67053b55: posts small blind $0.05
fc088820: posts big blind $0.1
*** HOLE CARDS ***
Dealt to cc7854fb 
Dealt to 2318eaaf 
Dealt to 67053b55 
Dealt to fc088820 
Dealt to a54bcda3 
Dealt to Hero [Qs 9d]
a54bcda3: folds
Hero: folds
cc7854fb: raises $0.15 to $0.25
2318eaaf: calls $0.25
67053b55: folds
fc088820: folds
*** FLOP *** [8d Ah 7c]
cc7854fb: bets $0.25
2318eaaf: calls $0.25
*** TURN *** [8d Ah 7c] [Tc]
cc7854fb: bets $0.4
2318eaaf: calls $0.4
*** RIVER *** [8d Ah 7c Tc] [8h]
cc7854fb: checks
2318eaaf: bets $0.98
cc7854fb: folds
Uncalled bet ($0.98) returned to 2318eaaf
*** SHOWDOWN ***
2318eaaf collected $1.86 from pot
*** SUMMARY ***
Total pot $1.95 | Rake $0.09 | Jackpot $0 | Bingo $0 | Fortune $0 | Tax $0
Board [8d Ah 7c Tc 8h]
Seat 1: cc7854fb folded on the River
Seat 2: 2318eaaf (button) won ($1.86)
Seat 3: 67053b55 (small blind) folded before Flop
Seat 4: fc088820 (big blind) folded before Flop
Seat 5: a54bcda3 folded before Flop (didn't bet)
Seat 6: Hero folded before Flop (didn't bet)


Poker Hand #HD1770907195: Hold'em No Limit ($0.05/$0.1) - 2024/05/13 16:21:08
Table 'NLHRed2' 6-max Seat #1 is the button
Seat 1: cc7854fb ($10 in chips)
Seat 2: 2318eaaf ($10.97 in chips)
Seat 3: 67053b55 ($10 in chips)
Seat 5: a54bcda3 ($14.05 in chips)
Seat 6: Hero ($13.99 in chips)
2318eaaf: posts small blind $0.05
67053b55: posts big blind $0.1
*** HOLE CARDS ***
Dealt to cc7854fb 
Dealt to 2318eaaf 
Dealt to 67053b55 
Dealt to a54bcda3 
Dealt to Hero [8d 9c]
a54bcda3: folds
Hero: folds
cc7854fb: raises $0.15 to $0.25
2318eaaf: folds
67053b55: raises $1.05 to $1.3
cc7854fb: folds
Uncalled bet ($1.05) returned to 67053b55
*** SHOWDOWN ***
67053b55 collected $0.53 from pot
*** SUMMARY ***
Total pot $0.55 | Rake $0.02 | Jackpot $0 | Bingo $0 | Fortune $0 | Tax $0
Seat 1: cc7854fb (button) folded before Flop
Seat 2: 2318eaaf (small blind) folded before Flop
Seat 3: 67053b55 (big blind) collected ($0.53)
Seat 5: a54bcda3 folded before Flop (didn't bet)
Seat 6: Hero folded before Flop (didn't bet)


Poker Hand #HD1770907149: Hold'em No Limit ($0.05/$0.1) - 2024/05/13 16:20:43
Table 'NLHRed2' 6-max Seat #6 is the button
Seat 1: cc7854fb ($10 in chips)
Seat 2: 2318eaaf ($10.7 in chips)
Seat 3: 67053b55 ($10 in chips)
Seat 5: a54bcda3 ($14.05 in chips)
Seat 6: Hero ($14.23 in chips)
cc7854fb: posts small blind $0.05
2318eaaf: posts big blind $0.1
*** HOLE CARDS ***
Dealt to cc7854fb 
Dealt to 2318eaaf 
Dealt to 67053b55 
Dealt to a54bcda3 
Dealt to Hero [Js Qc]
67053b55: folds
a54bcda3: folds
Hero: raises $0.14 to $0.24
cc7854fb: folds
2318eaaf: raises $0.53 to $0.77
Hero: folds
Uncalled bet ($0.53) returned to 2318eaaf
*** SHOWDOWN ***
2318eaaf collected $0.51 from pot
*** SUMMARY ***
Total pot $0.53 | Rake $0.02 | Jackpot $0 | Bingo $0 | Fortune $0 | Tax $0
Seat 1: cc7854fb (small blind) folded before Flop
Seat 2: 2318eaaf (big blind) collected ($0.51)
Seat 3: 67053b55 folded before Flop (didn't bet)
Seat 5: a54bcda3 folded before Flop (didn't bet)
Seat 6: Hero (button) folded before Flop


Poker Hand #HD1770907008: Hold'em No Limit ($0.05/$0.1) - 2024/05/13 16:19:30
Table 'NLHRed2' 6-max Seat #5 is the button
Seat 1: cc7854fb ($10 in chips)
Seat 2: 2318eaaf ($9.7 in chips)
Seat 3: 67053b55 ($10 in chips)
Seat 5: a54bcda3 ($14.15 in chips)
Seat 6: Hero ($15.13 in chips)
Hero: posts small blind $0.05
cc7854fb: posts big blind $0.1
*** HOLE CARDS ***
Dealt to cc7854fb 
Dealt to 2318eaaf 
Dealt to 67053b55 
Dealt to a54bcda3 
Dealt to Hero [Ah Js]
2318eaaf: calls $0.1
67053b55: folds
a54bcda3: calls $0.1
Hero: raises $0.3 to $0.4
cc7854fb: folds
2318eaaf: calls $0.3
a54bcda3: folds
*** FLOP *** [9s 9h 5h]
Hero: checks
2318eaaf: bets $0.5
Hero: calls $0.5
*** TURN *** [9s 9h 5h] [8s]
Hero: checks
2318eaaf: checks
*** RIVER *** [9s 9h 5h 8s] [Qd]
Hero: checks
2318eaaf: checks
Hero: shows [Ah Js] (Pair of Nines)
2318eaaf: shows [Ac 5d] (Pair of Nines and Pair of Fives)
*** SHOWDOWN ***
2318eaaf collected $1.9 from pot
*** SUMMARY ***
Total pot $2 | Rake $0.1 | Jackpot $0 | Bingo $0 | Fortune $0 | Tax $0
Board [9s 9h 5h 8s Qd]
Seat 1: cc7854fb (big blind) folded before Flop
Seat 2: 2318eaaf showed [Ac 5d] and won ($1.9) with Pair of Nines and Pair of Fives
Seat 3: 67053b55 folded before Flop (didn't bet)
Seat 5: a54bcda3 (button) folded before Flop
Seat 6: Hero (small blind) showed [Ah Js] and lost with Pair of Nines


Poker Hand #HD1770906862: Hold'em No Limit ($0.05/$0.1) - 2024/05/13 16:18:13
Table 'NLHRed2' 6-max Seat #3 is the button
Seat 1: cc7854fb ($10 in chips)
Seat 2: 2318eaaf ($10 in chips)
Seat 3: 67053b55 ($10 in chips)
Seat 5: a54bcda3 ($11.99 in chips)
Seat 6: Hero ($15.23 in chips)
a54bcda3: posts small blind $0.05
Hero: posts big blind $0.1
*** HOLE CARDS ***
Dealt to cc7854fb 
Dealt to 2318eaaf 
Dealt to 67053b55 
Dealt to a54bcda3 
Dealt to Hero [Ah 6h]
cc7854fb: folds
2318eaaf: raises $0.2 to $0.3
67053b55: raises $0.9 to $1.2
a54bcda3: calls $1.15
Hero: folds
2318eaaf: folds
*** FLOP *** [3c Kh Ad]
a54bcda3: bets $0.93
67053b55: calls $0.93
*** TURN *** [3c Kh Ad] [Td]
a54bcda3: checks
67053b55: checks
*** RIVER *** [3c Kh Ad Td] [2c]
a54bcda3: bets $3.5
67053b55: folds
Uncalled bet ($3.5) returned to a54bcda3
*** SHOWDOWN ***
a54bcda3 collected $4.29 from pot
*** SUMMARY ***
Total pot $4.66 | Rake $0.27 | Jackpot $0.1 | Bingo $0 | Fortune $0 | Tax $0
Board [3c Kh Ad Td 2c]
Seat 1: cc7854fb folded before Flop (didn't bet)
Seat 2: 2318eaaf folded before Flop
Seat 3: 67053b55 (button) folded on the River
Seat 5: a54bcda3 (small blind) won ($4.29)
Seat 6: Hero (big blind) folded before Flop


Poker Hand #HD1770906728: Hold'em No Limit ($0.05/$0.1) - 2024/05/13 16:17:06
Table 'NLHRed2' 6-max Seat #2 is the button
Seat 1: cc7854fb ($10 in chips)
Seat 2: 2318eaaf ($9.85 in chips)
Seat 3: 67053b55 ($10.05 in chips)
Seat 4: fc088820 ($9.72 in chips)
Seat 5: a54bcda3 ($11.99 in chips)
Seat 6: Hero ($15.23 in chips)
67053b55: posts small blind $0.05
fc088820: posts big blind $0.1
*** HOLE CARDS ***
Dealt to cc7854fb 
Dealt to 2318eaaf 
Dealt to 67053b55 
Dealt to fc088820 
Dealt to a54bcda3 
Dealt to Hero [Jc 9s]
a54bcda3: folds
Hero: folds
cc7854fb: folds
2318eaaf: raises $0.2 to $0.3
67053b55: folds
fc088820: folds
Uncalled bet ($0.2) returned to 2318eaaf
*** SHOWDOWN ***
2318eaaf collected $0.25 from pot
*** SUMMARY ***
Total pot $0.25 | Rake $0 | Jackpot $0 | Bingo $0 | Fortune $0 | Tax $0
Seat 1: cc7854fb folded before Flop (didn't bet)
Seat 2: 2318eaaf (button) collected ($0.25)
Seat 3: 67053b55 (small blind) folded before Flop
Seat 4: fc088820 (big blind) folded before Flop
Seat 5: a54bcda3 folded before Flop (didn't bet)
Seat 6: Hero folded before Flop (didn't bet)


Poker Hand #HD1770906676: Hold'em No Limit ($0.05/$0.1) - 2024/05/13 16:16:38
Table 'NLHRed2' 6-max Seat #1 is the button
Seat 1: cc7854fb ($10 in chips)
Seat 2: 2318eaaf ($9.9 in chips)
Seat 3: 67053b55 ($10.15 in chips)
Seat 4: fc088820 ($9.72 in chips)
Seat 5: a54bcda3 ($11.99 in chips)
Seat 6: Hero ($15.08 in chips)
2318eaaf: posts small blind $0.05
67053b55: posts big blind $0.1
*** HOLE CARDS ***
Dealt to cc7854fb 
Dealt to 2318eaaf 
Dealt to 67053b55 
Dealt to fc088820 
Dealt to a54bcda3 
Dealt to Hero [Th Kh]
fc088820: folds
a54bcda3: folds
Hero: raises $0.14 to $0.24
cc7854fb: folds
2318eaaf: folds
67053b55: folds
Uncalled bet ($0.14) returned to Hero
*** SHOWDOWN ***
Hero collected $0.25 from pot
*** SUMMARY ***
Total pot $0.25 | Rake $0 | Jackpot $0 | Bingo $0 | Fortune $0 | Tax $0
Seat 1: cc7854fb (button) folded before Flop (didn't bet)
Seat 2: 2318eaaf (small blind) folded before Flop
Seat 3: 67053b55 (big blind) folded before Flop
Seat 4: fc088820 folded before Flop (didn't bet)
Seat 5: a54bcda3 folded before Flop (didn't bet)
Seat 6: Hero collected ($0.25)


Poker Hand #HD1770906582: Hold'em No Limit ($0.05/$0.1) - 2024/05/13 16:15:56
Table 'NLHRed2' 6-max Seat #6 is the button
Seat 1: cc7854fb ($10.15 in chips)
Seat 2: 2318eaaf ($10 in chips)
Seat 3: 67053b55 ($10.15 in chips)
Seat 4: fc088820 ($8.35 in chips)
Seat 5: a54bcda3 ($12.19 in chips)
Seat 6: Hero ($15.08 in chips)
cc7854fb: posts small blind $0.05
2318eaaf: posts big blind $0.1
*** HOLE CARDS ***
Dealt to cc7854fb 
Dealt to 2318eaaf 
Dealt to 67053b55 
Dealt to fc088820 
Dealt to a54bcda3 
Dealt to Hero [9d Th]
67053b55: folds
fc088820: raises $0.1 to $0.2
a54bcda3: calls $0.2
Hero: folds
cc7854fb: raises $1 to $1.2
2318eaaf: folds
fc088820: raises $7.15 to $8.35 and is all-in
a54bcda3: folds
cc7854fb: folds
Uncalled bet ($7.15) returned to fc088820
*** SHOWDOWN ***
fc088820 collected $2.57 from pot
*** SUMMARY ***
Total pot $2.7 | Rake $0.13 | Jackpot $0 | Bingo $0 | Fortune $0 | Tax $0
Seat 1: cc7854fb (small blind) folded before Flop
Seat 2: 2318eaaf (big blind) folded before Flop
Seat 3: 67053b55 folded before Flop (didn't bet)
Seat 4: fc088820 collected ($2.57)
Seat 5: a54bcda3 folded before Flop
Seat 6: Hero (button) folded before Flop (didn't bet)


Poker Hand #HD1770906558: Hold'em No Limit ($0.05/$0.1) - 2024/05/13 16:15:42
Table 'NLHRed2' 6-max Seat #5 is the button
Seat 1: cc7854fb ($10.25 in chips)
Seat 3: 67053b55 ($10 in chips)
Seat 4: fc088820 ($8.35 in chips)
Seat 5: a54bcda3 ($12.19 in chips)
Seat 6: Hero ($15.13 in chips)
Hero: posts small blind $0.05
cc7854fb: posts big blind $0.1
*** HOLE CARDS ***
Dealt to cc7854fb 
Dealt to 67053b55 
Dealt to fc088820 
Dealt to a54bcda3 
Dealt to Hero [8c 2s]
67053b55: raises $0.15 to $0.25
fc088820: folds
a54bcda3: folds
Hero: folds
cc7854fb: folds
Uncalled bet ($0.15) returned to 67053b55
*** SHOWDOWN ***
67053b55 collected $0.25 from pot
*** SUMMARY ***
Total pot $0.25 | Rake $0 | Jackpot $0 | Bingo $0 | Fortune $0 | Tax $0
Seat 1: cc7854fb (big blind) folded before Flop
Seat 3: 67053b55 collected ($0.25)
Seat 4: fc088820 folded before Flop (didn't bet)
Seat 5: a54bcda3 (button) folded before Flop (didn't bet)
Seat 6: Hero (small blind) folded before Flop


Poker Hand #HD1770906523: Hold'em No Limit ($0.05/$0.1) - 2024/05/13 16:15:26
Table 'NLHRed2' 6-max Seat #4 is the button
Seat 1: cc7854fb ($10.1 in chips)
Seat 3: 67053b55 ($10 in chips)
Seat 4: fc088820 ($8.35 in chips)
Seat 5: a54bcda3 ($12.24 in chips)
Seat 6: Hero ($15.23 in chips)
a54bcda3: posts small blind $0.05
Hero: posts big blind $0.1
*** HOLE CARDS ***
Dealt to cc7854fb 
Dealt to 67053b55 
Dealt to fc088820 
Dealt to a54bcda3 
Dealt to Hero [Kh 8c]
cc7854fb: raises $0.15 to $0.25
67053b55: folds
fc088820: folds
a54bcda3: folds
Hero: folds
Uncalled bet ($0.15) returned to cc7854fb
*** SHOWDOWN ***
cc7854fb collected $0.25 from pot
*** SUMMARY ***
Total pot $0.25 | Rake $0 | Jackpot $0 | Bingo $0 | Fortune $0 | Tax $0
Seat 1: cc7854fb collected ($0.25)
Seat 3: 67053b55 folded before Flop (didn't bet)
Seat 4: fc088820 (button) folded before Flop (didn't bet)
Seat 5: a54bcda3 (small blind) folded before Flop
Seat 6: Hero (big blind) folded before Flop


Poker Hand #HD1770906395: Hold'em No Limit ($0.05/$0.1) - 2024/05/13 16:14:27
Table 'NLHRed2' 6-max Seat #3 is the button
Seat 1: cc7854fb ($10.1 in chips)
Seat 3: 67053b55 ($10.24 in chips)
Seat 4: fc088820 ($10.05 in chips)
Seat 5: a54bcda3 ($10.55 in chips)
Seat 6: Hero ($15.23 in chips)
fc088820: posts small blind $0.05
a54bcda3: posts big blind $0.1
*** HOLE CARDS ***
Dealt to cc7854fb 
Dealt to 67053b55 
Dealt to fc088820 
Dealt to a54bcda3 
Dealt to Hero [Ah 2s]
Hero: folds
cc7854fb: folds
67053b55: raises $0.2 to $0.3
fc088820: raises $0.7 to $1
a54bcda3: calls $0.9
67053b55: folds
*** FLOP *** [Jd Qd 5s]
fc088820: bets $0.7
a54bcda3: calls $0.7
*** TURN *** [Jd Qd 5s] [3h]
fc088820: checks
a54bcda3: bets $1.85
fc088820: folds
Uncalled bet ($1.85) returned to a54bcda3
*** SHOWDOWN ***
a54bcda3 collected $3.39 from pot
*** SUMMARY ***
Total pot $3.7 | Rake $0.21 | Jackpot $0.1 | Bingo $0 | Fortune $0 | Tax $0
Board [Jd Qd 5s 3h]
Seat 1: cc7854fb folded before Flop (didn't bet)
Seat 3: 67053b55 (button) folded before Flop
Seat 4: fc088820 (small blind) folded on the Turn
Seat 5: a54bcda3 (big blind) won ($3.39)
Seat 6: Hero folded before Flop (didn't bet)


Poker Hand #HD1770906311: Hold'em No Limit ($0.05/$0.1) - 2024/05/13 16:13:46
Table 'NLHRed2' 6-max Seat #1 is the button
Seat 1: cc7854fb ($10.1 in chips)
Seat 3: 67053b55 ($10.05 in chips)
Seat 4: fc088820 ($10.15 in chips)
Seat 5: a54bcda3 ($10.65 in chips)
Seat 6: Hero ($15.23 in chips)
67053b55: posts small blind $0.05
fc088820: posts big blind $0.1
*** HOLE CARDS ***
Dealt to cc7854fb 
Dealt to 67053b55 
Dealt to fc088820 
Dealt to a54bcda3 
Dealt to Hero [9s Qd]
a54bcda3: calls $0.1
Hero: folds
cc7854fb: folds
67053b55: raises $0.4 to $0.5
fc088820: folds
a54bcda3: folds
Uncalled bet ($0.4) returned to 67053b55
*** SHOWDOWN ***
67053b55 collected $0.29 from pot
*** SUMMARY ***
Total pot $0.3 | Rake $0.01 | Jackpot $0 | Bingo $0 | Fortune $0 | Tax $0
Seat 1: cc7854fb (button) folded before Flop (didn't bet)
Seat 3: 67053b55 (small blind) collected ($0.29)
Seat 4: fc088820 (big blind) folded before Flop
Seat 5: a54bcda3 folded before Flop
Seat 6: Hero folded before Flop (didn't bet)


Poker Hand #HD1770906290: Hold'em No Limit ($0.05/$0.1) - 2024/05/13 16:13:32
Table 'NLHRed2' 6-max Seat #6 is the button
Seat 1: cc7854fb ($10 in chips)
Seat 3: 67053b55 ($10.15 in chips)
Seat 4: fc088820 ($10.15 in chips)
Seat 5: a54bcda3 ($10.65 in chips)
Seat 6: Hero ($15.23 in chips)
cc7854fb: posts small blind $0.05
67053b55: posts big blind $0.1
*** HOLE CARDS ***
Dealt to cc7854fb 
Dealt to 67053b55 
Dealt to fc088820 
Dealt to a54bcda3 
Dealt to Hero [Jh 8s]
fc088820: folds
a54bcda3: folds
Hero: folds
cc7854fb: raises $0.2 to $0.3
67053b55: folds
Uncalled bet ($0.2) returned to cc7854fb
*** SHOWDOWN ***
cc7854fb collected $0.2 from pot
*** SUMMARY ***
Total pot $0.2 | Rake $0 | Jackpot $0 | Bingo $0 | Fortune $0 | Tax $0
Seat 1: cc7854fb (small blind) collected ($0.2)
Seat 3: 67053b55 (big blind) folded before Flop
Seat 4: fc088820 folded before Flop (didn't bet)
Seat 5: a54bcda3 folded before Flop (didn't bet)
Seat 6: Hero (button) folded before Flop (didn't bet)


Poker Hand #HD1770906148: Hold'em No Limit ($0.05/$0.1) - 2024/05/13 16:12:26
Table 'NLHRed2' 6-max Seat #5 is the button
Seat 1: cc7854fb ($10.53 in chips)
Seat 2: 967bcaa7 ($14.6 in chips)
Seat 3: 67053b55 ($10.15 in chips)
Seat 4: fc088820 ($10.15 in chips)
Seat 5: a54bcda3 ($9.85 in chips)
Seat 6: Hero ($15.28 in chips)
Hero: posts small blind $0.05
cc7854fb: posts big blind $0.1
*** HOLE CARDS ***
Dealt to cc7854fb 
Dealt to 967bcaa7 
Dealt to 67053b55 
Dealt to fc088820 
Dealt to a54bcda3 
Dealt to Hero [5h 9d]
967bcaa7: folds
67053b55: folds
fc088820: folds
a54bcda3: calls $0.1
Hero: folds
cc7854fb: raises $0.4 to $0.5
a54bcda3: calls $0.4
*** FLOP *** [Ts 8d Qd]
cc7854fb: checks
a54bcda3: bets $0.35
cc7854fb: calls $0.35
*** TURN *** [Ts 8d Qd] [4s]
cc7854fb: checks
a54bcda3: bets $0.88
cc7854fb: folds
Uncalled bet ($0.88) returned to a54bcda3
*** SHOWDOWN ***
a54bcda3 collected $1.65 from pot
*** SUMMARY ***
Total pot $1.75 | Rake $0.1 | Jackpot $0 | Bingo $0 | Fortune $0 | Tax $0
Board [Ts 8d Qd 4s]
Seat 1: cc7854fb (big blind) folded on the Turn
Seat 2: 967bcaa7 folded before Flop (didn't bet)
Seat 3: 67053b55 folded before Flop (didn't bet)
Seat 4: fc088820 folded before Flop (didn't bet)
Seat 5: a54bcda3 (button) won ($1.65)
Seat 6: Hero (small blind) folded before Flop


Poker Hand #HD1770906110: Hold'em No Limit ($0.05/$0.1) - 2024/05/13 16:12:08
Table 'NLHRed2' 6-max Seat #4 is the button
Seat 1: cc7854fb ($10.53 in chips)
Seat 2: 967bcaa7 ($14.6 in chips)
Seat 3: 67053b55 ($10 in chips)
Seat 4: fc088820 ($10.15 in chips)
Seat 5: a54bcda3 ($9.9 in chips)
Seat 6: Hero ($15.38 in chips)
a54bcda3: posts small blind $0.05
Hero: posts big blind $0.1
*** HOLE CARDS ***
Dealt to cc7854fb 
Dealt to 967bcaa7 
Dealt to 67053b55 
Dealt to fc088820 
Dealt to a54bcda3 
Dealt to Hero [8s 3h]
cc7854fb: folds
967bcaa7: folds
67053b55: raises $0.15 to $0.25
fc088820: folds
a54bcda3: folds
Hero: folds
Uncalled bet ($0.15) returned to 67053b55
*** SHOWDOWN ***
67053b55 collected $0.25 from pot
*** SUMMARY ***
Total pot $0.25 | Rake $0 | Jackpot $0 | Bingo $0 | Fortune $0 | Tax $0
Seat 1: cc7854fb folded before Flop (didn't bet)
Seat 2: 967bcaa7 folded before Flop (didn't bet)
Seat 3: 67053b55 collected ($0.25)
Seat 4: fc088820 (button) folded before Flop (didn't bet)
Seat 5: a54bcda3 (small blind) folded before Flop
Seat 6: Hero (big blind) folded before Flop


Poker Hand #HD1770906063: Hold'em No Limit ($0.05/$0.1) - 2024/05/13 16:11:44
Table 'NLHRed2' 6-max Seat #3 is the button
Seat 1: cc7854fb ($10.38 in chips)
Seat 2: 967bcaa7 ($14.6 in chips)
Seat 3: 67053b55 ($10 in chips)
Seat 4: fc088820 ($10.2 in chips)
Seat 5: a54bcda3 ($10 in chips)
Seat 6: Hero ($15.38 in chips)
fc088820: posts small blind $0.05
a54bcda3: posts big blind $0.1
*** HOLE CARDS ***
Dealt to cc7854fb 
Dealt to 967bcaa7 
Dealt to 67053b55 
Dealt to fc088820 
Dealt to a54bcda3 
Dealt to Hero [4s Th]
Hero: folds
cc7854fb: raises $0.15 to $0.25
967bcaa7: folds
67053b55: folds
fc088820: folds
a54bcda3: folds
Uncalled bet ($0.15) returned to cc7854fb
*** SHOWDOWN ***
cc7854fb collected $0.25 from pot
*** SUMMARY ***
Total pot $0.25 | Rake $0 | Jackpot $0 | Bingo $0 | Fortune $0 | Tax $0
Seat 1: cc7854fb collected ($0.25)
Seat 2: 967bcaa7 folded before Flop (didn't bet)
Seat 3: 67053b55 (button) folded before Flop (didn't bet)
Seat 4: fc088820 (small blind) folded before Flop
Seat 5: a54bcda3 (big blind) folded before Flop
Seat 6: Hero folded before Flop (didn't bet)


Poker Hand #HD1770906015: Hold'em No Limit ($0.05/$0.1) - 2024/05/13 16:11:23
Table 'NLHRed2' 6-max Seat #2 is the button
Seat 1: cc7854fb ($10.38 in chips)
Seat 2: 967bcaa7 ($14.6 in chips)
Seat 3: 67053b55 ($10.05 in chips)
Seat 4: fc088820 ($10.3 in chips)
Seat 6: Hero ($15.23 in chips)
67053b55: posts small blind $0.05
fc088820: posts big blind $0.1
*** HOLE CARDS ***
Dealt to cc7854fb 
Dealt to 967bcaa7 
Dealt to 67053b55 
Dealt to fc088820 
Dealt to Hero [Js Jd]
Hero: raises $0.1 to $0.2
cc7854fb: folds
967bcaa7: folds
67053b55: folds
fc088820: folds
Uncalled bet ($0.1) returned to Hero
*** SHOWDOWN ***
Hero collected $0.25 from pot
*** SUMMARY ***
Total pot $0.25 | Rake $0 | Jackpot $0 | Bingo $0 | Fortune $0 | Tax $0
Seat 1: cc7854fb folded before Flop (didn't bet)
Seat 2: 967bcaa7 (button) folded before Flop (didn't bet)
Seat 3: 67053b55 (small blind) folded before Flop
Seat 4: fc088820 (big blind) folded before Flop
Seat 6: Hero collected ($0.25)


Poker Hand #HD1770905982: Hold'em No Limit ($0.05/$0.1) - 2024/05/13 16:11:08
Table 'NLHRed2' 6-max Seat #1 is the button
Seat 1: cc7854fb ($10.38 in chips)
Seat 2: 967bcaa7 ($14.65 in chips)
Seat 3: 67053b55 ($10 in chips)
Seat 4: fc088820 ($10.3 in chips)
Seat 6: Hero ($15.23 in chips)
967bcaa7: posts small blind $0.05
67053b55: posts big blind $0.1
*** HOLE CARDS ***
Dealt to cc7854fb 
Dealt to 967bcaa7 
Dealt to 67053b55 
Dealt to fc088820 
Dealt to Hero [Kd 7h]
fc088820: folds
Hero: folds
cc7854fb: folds
967bcaa7: folds
Uncalled bet ($0.05) returned to 67053b55
*** SHOWDOWN ***
67053b55 collected $0.1 from pot
*** SUMMARY ***
Total pot $0.1 | Rake $0 | Jackpot $0 | Bingo $0 | Fortune $0 | Tax $0
Seat 1: cc7854fb (button) folded before Flop (didn't bet)
Seat 2: 967bcaa7 (small blind) folded before Flop
Seat 3: 67053b55 (big blind) collected ($0.1)
Seat 4: fc088820 folded before Flop (didn't bet)
Seat 6: Hero folded before Flop (didn't bet)


Poker Hand #HD1770905892: Hold'em No Limit ($0.05/$0.1) - 2024/05/13 16:10:30
Table 'NLHRed2' 6-max Seat #6 is the button
Seat 1: cc7854fb ($10.43 in chips)
Seat 2: 967bcaa7 ($14.38 in chips)
Seat 4: fc088820 ($10.3 in chips)
Seat 6: Hero ($15.47 in chips)
cc7854fb: posts small blind $0.05
967bcaa7: posts big blind $0.1
*** HOLE CARDS ***
Dealt to cc7854fb 
Dealt to 967bcaa7 
Dealt to fc088820 
Dealt to Hero [7c 7d]
fc088820: folds
Hero: raises $0.14 to $0.24
cc7854fb: folds
967bcaa7: calls $0.14
*** FLOP *** [2d As Ks]
967bcaa7: checks
Hero: checks
*** TURN *** [2d As Ks] [2c]
967bcaa7: bets $0.27
Hero: folds
Uncalled bet ($0.27) returned to 967bcaa7
*** SHOWDOWN ***
967bcaa7 collected $0.51 from pot
*** SUMMARY ***
Total pot $0.53 | Rake $0.02 | Jackpot $0 | Bingo $0 | Fortune $0 | Tax $0
Board [2d As Ks 2c]
Seat 1: cc7854fb (small blind) folded before Flop
Seat 2: 967bcaa7 (big blind) won ($0.51)
Seat 4: fc088820 folded before Flop (didn't bet)
Seat 6: Hero (button) folded on the Turn


Poker Hand #HD1770905850: Hold'em No Limit ($0.05/$0.1) - 2024/05/13 16:10:10
Table 'NLHRed2' 6-max Seat #4 is the button
Seat 1: cc7854fb ($10.53 in chips)
Seat 2: 967bcaa7 ($14.23 in chips)
Seat 4: fc088820 ($10.3 in chips)
Seat 6: Hero ($15.52 in chips)
Hero: posts small blind $0.05
cc7854fb: posts big blind $0.1
*** HOLE CARDS ***
Dealt to cc7854fb 
Dealt to 967bcaa7 
Dealt to fc088820 
Dealt to Hero [Kh 4d]
967bcaa7: raises $0.15 to $0.25
fc088820: folds
Hero: folds
cc7854fb: folds
Uncalled bet ($0.15) returned to 967bcaa7
*** SHOWDOWN ***
967bcaa7 collected $0.25 from pot
*** SUMMARY ***
Total pot $0.25 | Rake $0 | Jackpot $0 | Bingo $0 | Fortune $0 | Tax $0
Seat 1: cc7854fb (big blind) folded before Flop
Seat 2: 967bcaa7 collected ($0.25)
Seat 4: fc088820 (button) folded before Flop (didn't bet)
Seat 6: Hero (small blind) folded before Flop


Poker Hand #HD1770905826: Hold'em No Limit ($0.05/$0.1) - 2024/05/13 16:10:00
Table 'NLHRed2' 6-max Seat #2 is the button
Seat 1: cc7854fb ($10.53 in chips)
Seat 2: 967bcaa7 ($14.23 in chips)
Seat 4: fc088820 ($10.2 in chips)
Seat 6: Hero ($15.62 in chips)
fc088820: posts small blind $0.05
Hero: posts big blind $0.1
*** HOLE CARDS ***
Dealt to cc7854fb 
Dealt to 967bcaa7 
Dealt to fc088820 
Dealt to Hero [Qs 2h]
cc7854fb: folds
967bcaa7: folds
fc088820: raises $0.2 to $0.3
Hero: folds
Uncalled bet ($0.2) returned to fc088820
*** SHOWDOWN ***
fc088820 collected $0.2 from pot
*** SUMMARY ***
Total pot $0.2 | Rake $0 | Jackpot $0 | Bingo $0 | Fortune $0 | Tax $0
Seat 1: cc7854fb folded before Flop (didn't bet)
Seat 2: 967bcaa7 (button) folded before Flop (didn't bet)
Seat 4: fc088820 (small blind) collected ($0.2)
Seat 6: Hero (big blind) folded before Flop


Poker Hand #HD1770905803: Hold'em No Limit ($0.05/$0.1) - 2024/05/13 16:09:49
Table 'NLHRed2' 6-max Seat #1 is the button
Seat 1: cc7854fb ($10.53 in chips)
Seat 2: 967bcaa7 ($14.28 in chips)
Seat 4: fc088820 ($10.15 in chips)
Seat 6: Hero ($15.62 in chips)
967bcaa7: posts small blind $0.05
fc088820: posts big blind $0.1
*** HOLE CARDS ***
Dealt to cc7854fb 
Dealt to 967bcaa7 
Dealt to fc088820 
Dealt to Hero [7c 6h]
Hero: folds
cc7854fb: folds
967bcaa7: folds
Uncalled bet ($0.05) returned to fc088820
*** SHOWDOWN ***
fc088820 collected $0.1 from pot
*** SUMMARY ***
Total pot $0.1 | Rake $0 | Jackpot $0 | Bingo $0 | Fortune $0 | Tax $0
Seat 1: cc7854fb (button) folded before Flop (didn't bet)
Seat 2: 967bcaa7 (small blind) folded before Flop
Seat 4: fc088820 (big blind) collected ($0.1)
Seat 6: Hero folded before Flop (didn't bet)


Poker Hand #HD1770905776: Hold'em No Limit ($0.05/$0.1) - 2024/05/13 16:09:35
Table 'NLHRed2' 6-max Seat #6 is the button
Seat 1: cc7854fb ($10.58 in chips)
Seat 2: 967bcaa7 ($14.38 in chips)
Seat 4: fc088820 ($10 in chips)
Seat 6: Hero ($15.62 in chips)
cc7854fb: posts small blind $0.05
967bcaa7: posts big blind $0.1
*** HOLE CARDS ***
Dealt to cc7854fb 
Dealt to 967bcaa7 
Dealt to fc088820 
Dealt to Hero [4d 9d]
fc088820: raises $0.1 to $0.2
Hero: folds
cc7854fb: folds
967bcaa7: folds
Uncalled bet ($0.1) returned to fc088820
*** SHOWDOWN ***
fc088820 collected $0.25 from pot
*** SUMMARY ***
Total pot $0.25 | Rake $0 | Jackpot $0 | Bingo $0 | Fortune $0 | Tax $0
Seat 1: cc7854fb (small blind) folded before Flop
Seat 2: 967bcaa7 (big blind) folded before Flop
Seat 4: fc088820 collected ($0.25)
Seat 6: Hero (button) folded before Flop (didn't bet)


Poker Hand #HD1770905755: Hold'em No Limit ($0.05/$0.1) - 2024/05/13 16:09:22
Table 'NLHRed2' 6-max Seat #4 is the button
Seat 1: cc7854fb ($10.68 in chips)
Seat 2: 967bcaa7 ($14.38 in chips)
Seat 4: fc088820 ($9.85 in chips)
Seat 6: Hero ($15.67 in chips)
Hero: posts small blind $0.05
cc7854fb: posts big blind $0.1
*** HOLE CARDS ***
Dealt to cc7854fb 
Dealt to 967bcaa7 
Dealt to fc088820 
Dealt to Hero [Js 4d]
967bcaa7: folds
fc088820: raises $0.2 to $0.3
Hero: folds
cc7854fb: folds
Uncalled bet ($0.2) returned to fc088820
*** SHOWDOWN ***
fc088820 collected $0.25 from pot
*** SUMMARY ***
Total pot $0.25 | Rake $0 | Jackpot $0 | Bingo $0 | Fortune $0 | Tax $0
Seat 1: cc7854fb (big blind) folded before Flop
Seat 2: 967bcaa7 folded before Flop (didn't bet)
Seat 4: fc088820 (button) collected ($0.25)
Seat 6: Hero (small blind) folded before Flop


Poker Hand #HD1770905700: Hold'em No Limit ($0.05/$0.1) - 2024/05/13 16:08:57
Table 'NLHRed2' 6-max Seat #2 is the button
Seat 1: cc7854fb ($10.53 in chips)
Seat 2: 967bcaa7 ($14.38 in chips)
Seat 4: fc088820 ($9.9 in chips)
Seat 6: Hero ($15.77 in chips)
fc088820: posts small blind $0.05
Hero: posts big blind $0.1
*** HOLE CARDS ***
Dealt to cc7854fb 
Dealt to 967bcaa7 
Dealt to fc088820 
Dealt to Hero [Ac 2d]
cc7854fb: raises $0.15 to $0.25
967bcaa7: folds
fc088820: folds
Hero: folds
Uncalled bet ($0.15) returned to cc7854fb
*** SHOWDOWN ***
cc7854fb collected $0.25 from pot
*** SUMMARY ***
Total pot $0.25 | Rake $0 | Jackpot $0 | Bingo $0 | Fortune $0 | Tax $0
Seat 1: cc7854fb collected ($0.25)
Seat 2: 967bcaa7 (button) folded before Flop (didn't bet)
Seat 4: fc088820 (small blind) folded before Flop
Seat 6: Hero (big blind) folded before Flop


Poker Hand #HD1770905662: Hold'em No Limit ($0.05/$0.1) - 2024/05/13 16:08:42
Table 'NLHRed2' 6-max Seat #1 is the button
Seat 1: cc7854fb ($10.53 in chips)
Seat 2: 967bcaa7 ($14.28 in chips)
Seat 4: fc088820 ($10 in chips)
Seat 6: Hero ($15.77 in chips)
967bcaa7: posts small blind $0.05
fc088820: posts big blind $0.1
*** HOLE CARDS ***
Dealt to cc7854fb 
Dealt to 967bcaa7 
Dealt to fc088820 
Dealt to Hero [Ah 4c]
Hero: folds
cc7854fb: folds
967bcaa7: raises $0.2 to $0.3
fc088820: folds
Uncalled bet ($0.2) returned to 967bcaa7
*** SHOWDOWN ***
967bcaa7 collected $0.2 from pot
*** SUMMARY ***
Total pot $0.2 | Rake $0 | Jackpot $0 | Bingo $0 | Fortune $0 | Tax $0
Seat 1: cc7854fb (button) folded before Flop (didn't bet)
Seat 2: 967bcaa7 (small blind) collected ($0.2)
Seat 4: fc088820 (big blind) folded before Flop
Seat 6: Hero folded before Flop (didn't bet)


Poker Hand #HD1770805637: Hold'em No Limit ($0.05/$0.1) - 2024/05/13 16:08:29
Table 'NLHRed2' 6-max Seat #6 is the button
Seat 1: cc7854fb ($10.58 in chips)
Seat 2: 967bcaa7 ($14.38 in chips)
Seat 6: Hero ($15.62 in chips)
cc7854fb: posts small blind $0.05
967bcaa7: posts big blind $0.1
*** HOLE CARDS ***
Dealt to cc7854fb 
Dealt to 967bcaa7 
Dealt to Hero [Kd 9c]
Hero: raises $0.14 to $0.24
cc7854fb: folds
967bcaa7: folds
Uncalled bet ($0.14) returned to Hero
*** SHOWDOWN ***
Hero collected $0.25 from pot
*** SUMMARY ***
Total pot $0.25 | Rake $0 | Jackpot $0 | Bingo $0 | Fortune $0 | Tax $0
Seat 1: cc7854fb (small blind) folded before Flop
Seat 2: 967bcaa7 (big blind) folded before Flop
Seat 6: Hero (button) collected ($0.25)


Poker Hand #HD1770805573: Hold'em No Limit ($0.05/$0.1) - 2024/05/13 16:08:00
Table 'NLHRed2' 6-max Seat #2 is the button
Seat 1: cc7854fb ($10.83 in chips)
Seat 2: 967bcaa7 ($14.1 in chips)
Seat 6: Hero ($15.67 in chips)
Hero: posts small blind $0.05
cc7854fb: posts big blind $0.1
*** HOLE CARDS ***
Dealt to cc7854fb 
Dealt to 967bcaa7 
Dealt to Hero [5h 6h]
967bcaa7: raises $0.15 to $0.25
Hero: folds
cc7854fb: calls $0.15
*** FLOP *** [7h 2s Ts]
cc7854fb: checks
967bcaa7: bets $0.19
cc7854fb: folds
Uncalled bet ($0.19) returned to 967bcaa7
*** SHOWDOWN ***
967bcaa7 collected $0.53 from pot
*** SUMMARY ***
Total pot $0.55 | Rake $0.02 | Jackpot $0 | Bingo $0 | Fortune $0 | Tax $0
Board [7h 2s Ts]
Seat 1: cc7854fb (big blind) folded on the Flop
Seat 2: 967bcaa7 (button) won ($0.53)
Seat 6: Hero (small blind) folded before Flop


Poker Hand #HD1770805475: Hold'em No Limit ($0.05/$0.1) - 2024/05/13 16:07:12
Table 'NLHRed2' 6-max Seat #1 is the button
Seat 1: cc7854fb ($10.15 in chips)
Seat 2: 967bcaa7 ($14.15 in chips)
Seat 6: Hero ($16.37 in chips)
967bcaa7: posts small blind $0.05
Hero: posts big blind $0.1
*** HOLE CARDS ***
Dealt to cc7854fb 
Dealt to 967bcaa7 
Dealt to Hero [Jh 9c]
cc7854fb: raises $0.15 to $0.25
967bcaa7: folds
Hero: calls $0.15
*** FLOP *** [2d Jd 7d]
Hero: checks
cc7854fb: checks
*** TURN *** [2d Jd 7d] [8c]
Hero: checks
cc7854fb: bets $0.45
Hero: calls $0.45
*** RIVER *** [2d Jd 7d 8c] [4c]
Hero: checks
cc7854fb: bets $1.1
Hero: folds
Uncalled bet ($1.1) returned to cc7854fb
*** SHOWDOWN ***
cc7854fb collected $1.38 from pot
*** SUMMARY ***
Total pot $1.45 | Rake $0.07 | Jackpot $0 | Bingo $0 | Fortune $0 | Tax $0
Board [2d Jd 7d 8c 4c]
Seat 1: cc7854fb (button) won ($1.38)
Seat 2: 967bcaa7 (small blind) folded before Flop
Seat 6: Hero (big blind) folded on the River


Poker Hand #HD1770805445: Hold'em No Limit ($0.05/$0.1) - 2024/05/13 16:07:00
Table 'NLHRed2' 6-max Seat #6 is the button
Seat 1: cc7854fb ($10.05 in chips)
Seat 2: 967bcaa7 ($14.25 in chips)
Seat 3: 573d2535 ($12.54 in chips)
Seat 6: Hero ($16.37 in chips)
cc7854fb: posts small blind $0.05
967bcaa7: posts big blind $0.1
*** HOLE CARDS ***
Dealt to cc7854fb 
Dealt to 967bcaa7 
Dealt to 573d2535 
Dealt to Hero [Kc 2c]
573d2535: folds
Hero: folds
cc7854fb: raises $0.2 to $0.3
967bcaa7: folds
Uncalled bet ($0.2) returned to cc7854fb
*** SHOWDOWN ***
cc7854fb collected $0.2 from pot
*** SUMMARY ***
Total pot $0.2 | Rake $0 | Jackpot $0 | Bingo $0 | Fortune $0 | Tax $0
Seat 1: cc7854fb (small blind) collected ($0.2)
Seat 2: 967bcaa7 (big blind) folded before Flop
Seat 3: 573d2535 folded before Flop (didn't bet)
Seat 6: Hero (button) folded before Flop (didn't bet)


Poker Hand #HD1770805408: Hold'em No Limit ($0.05/$0.1) - 2024/05/13 16:06:45
Table 'NLHRed2' 6-max Seat #3 is the button
Seat 1: cc7854fb ($10 in chips)
Seat 2: 967bcaa7 ($14.25 in chips)
Seat 3: 573d2535 ($12.54 in chips)
Seat 6: Hero ($16.42 in chips)
Hero: posts small blind $0.05
cc7854fb: posts big blind $0.1
*** HOLE CARDS ***
Dealt to cc7854fb 
Dealt to 967bcaa7 
Dealt to 573d2535 
Dealt to Hero [Jd 6s]
967bcaa7: folds
573d2535: folds
Hero: folds
Uncalled bet ($0.05) returned to cc7854fb
*** SHOWDOWN ***
cc7854fb collected $0.1 from pot
*** SUMMARY ***
Total pot $0.1 | Rake $0 | Jackpot $0 | Bingo $0 | Fortune $0 | Tax $0
Seat 1: cc7854fb (big blind) collected ($0.1)
Seat 2: 967bcaa7 folded before Flop (didn't bet)
Seat 3: 573d2535 (button) folded before Flop (didn't bet)
Seat 6: Hero (small blind) folded before Flop


Poker Hand #HD1770805383: Hold'em No Limit ($0.05/$0.1) - 2024/05/13 16:06:35
Table 'NLHRed2' 6-max Seat #2 is the button
Seat 2: 967bcaa7 ($14.25 in chips)
Seat 3: 573d2535 ($12.44 in chips)
Seat 6: Hero ($16.52 in chips)
573d2535: posts small blind $0.05
Hero: posts big blind $0.1
*** HOLE CARDS ***
Dealt to 967bcaa7 
Dealt to 573d2535 
Dealt to Hero [9h 6s]
967bcaa7: folds
573d2535: raises $0.1 to $0.2
Hero: folds
Uncalled bet ($0.1) returned to 573d2535
*** SHOWDOWN ***
573d2535 collected $0.2 from pot
*** SUMMARY ***
Total pot $0.2 | Rake $0 | Jackpot $0 | Bingo $0 | Fortune $0 | Tax $0
Seat 2: 967bcaa7 (button) folded before Flop (didn't bet)
Seat 3: 573d2535 (small blind) collected ($0.2)
Seat 6: Hero (big blind) folded before Flop


Poker Hand #HD1770805214: Hold'em No Limit ($0.05/$0.1) - 2024/05/13 16:05:18
Table 'NLHRed2' 6-max Seat #6 is the button
Seat 2: 967bcaa7 ($14.55 in chips)
Seat 3: 573d2535 ($12.17 in chips)
Seat 4: b674cac1 ($29.96 in chips)
Seat 5: aa107330 ($10.28 in chips)
Seat 6: Hero ($16.52 in chips)
967bcaa7: posts small blind $0.05
573d2535: posts big blind $0.1
*** HOLE CARDS ***
Dealt to 967bcaa7 
Dealt to 573d2535 
Dealt to b674cac1 
Dealt to aa107330 
Dealt to Hero [Kd 4d]
b674cac1: folds
aa107330: folds
Hero: folds
967bcaa7: raises $0.2 to $0.3
573d2535: calls $0.2
*** FLOP *** [3d 7h Jc]
967bcaa7: checks
573d2535: checks
*** TURN *** [3d 7h Jc] [Qd]
967bcaa7: checks
573d2535: checks
*** RIVER *** [3d 7h Jc Qd] [3h]
967bcaa7: checks
573d2535: bets $0.3
967bcaa7: folds
Uncalled bet ($0.3) returned to 573d2535
*** SHOWDOWN ***
573d2535 collected $0.57 from pot
*** SUMMARY ***
Total pot $0.6 | Rake $0.03 | Jackpot $0 | Bingo $0 | Fortune $0 | Tax $0
Board [3d 7h Jc Qd 3h]
Seat 2: 967bcaa7 (small blind) folded on the River
Seat 3: 573d2535 (big blind) won ($0.57)
Seat 4: b674cac1 folded before Flop (didn't bet)
Seat 5: aa107330 folded before Flop (didn't bet)
Seat 6: Hero (button) folded before Flop (didn't bet)


Poker Hand #HD1770804990: Hold'em No Limit ($0.05/$0.1) - 2024/05/13 16:03:35
Table 'NLHRed2' 6-max Seat #5 is the button
Seat 2: 967bcaa7 ($13.02 in chips)
Seat 3: 573d2535 ($12.17 in chips)
Seat 4: b674cac1 ($29.96 in chips)
Seat 5: aa107330 ($10.28 in chips)
Seat 6: Hero ($18.32 in chips)
Hero: posts small blind $0.05
967bcaa7: posts big blind $0.1
*** HOLE CARDS ***
Dealt to 967bcaa7 
Dealt to 573d2535 
Dealt to b674cac1 
Dealt to aa107330 
Dealt to Hero [Jc Ts]
573d2535: folds
b674cac1: folds
aa107330: folds
Hero: raises $0.2 to $0.3
967bcaa7: calls $0.2
*** FLOP *** [2s Qc 9c]
Hero: checks
967bcaa7: bets $0.3
Hero: raises $0.6 to $0.9
967bcaa7: calls $0.6
*** TURN *** [2s Qc 9c] [9s]
Hero: checks
967bcaa7: checks
*** RIVER *** [2s Qc 9c 9s] [Qh]
Hero: bets $0.6
967bcaa7: raises $1.8 to $2.4
Hero: folds
Uncalled bet ($1.8) returned to 967bcaa7
*** SHOWDOWN ***
967bcaa7 collected $3.33 from pot
*** SUMMARY ***
Total pot $3.6 | Rake $0.17 | Jackpot $0.1 | Bingo $0 | Fortune $0 | Tax $0
Board [2s Qc 9c 9s Qh]
Seat 2: 967bcaa7 (big blind) won ($3.33)
Seat 3: 573d2535 folded before Flop (didn't bet)
Seat 4: b674cac1 folded before Flop (didn't bet)
Seat 5: aa107330 (button) folded before Flop (didn't bet)
Seat 6: Hero (small blind) folded on the River


Poker Hand #HD1770804907: Hold'em No Limit ($0.05/$0.1) - 2024/05/13 16:02:54
Table 'NLHRed2' 6-max Seat #4 is the button
Seat 1: a48571af ($10.05 in chips)
Seat 2: 967bcaa7 ($13.02 in chips)
Seat 3: 573d2535 ($12.37 in chips)
Seat 4: b674cac1 ($29.96 in chips)
Seat 5: aa107330 ($10 in chips)
Seat 6: Hero ($18.42 in chips)
aa107330: posts small blind $0.05
Hero: posts big blind $0.1
*** HOLE CARDS ***
Dealt to a48571af 
Dealt to 967bcaa7 
Dealt to 573d2535 
Dealt to b674cac1 
Dealt to aa107330 
Dealt to Hero [7c 9h]
a48571af: folds
967bcaa7: folds
573d2535: raises $0.1 to $0.2
b674cac1: folds
aa107330: raises $0.8 to $1
Hero: folds
573d2535: folds
Uncalled bet ($0.8) returned to aa107330
*** SHOWDOWN ***
aa107330 collected $0.48 from pot
*** SUMMARY ***
Total pot $0.5 | Rake $0.02 | Jackpot $0 | Bingo $0 | Fortune $0 | Tax $0
Seat 1: a48571af folded before Flop (didn't bet)
Seat 2: 967bcaa7 folded before Flop (didn't bet)
Seat 3: 573d2535 folded before Flop
Seat 4: b674cac1 (button) folded before Flop (didn't bet)
Seat 5: aa107330 (small blind) collected ($0.48)
Seat 6: Hero (big blind) folded before Flop


Poker Hand #HD1770804756: Hold'em No Limit ($0.05/$0.1) - 2024/05/13 16:01:51
Table 'NLHRed2' 6-max Seat #3 is the button
Seat 1: a48571af ($10.05 in chips)
Seat 2: 967bcaa7 ($13.02 in chips)
Seat 3: 573d2535 ($12.37 in chips)
Seat 4: b674cac1 ($30.01 in chips)
Seat 5: aa107330 ($10 in chips)
Seat 6: Hero ($18.19 in chips)
b674cac1: posts small blind $0.05
aa107330: posts big blind $0.1
*** HOLE CARDS ***
Dealt to a48571af 
Dealt to 967bcaa7 
Dealt to 573d2535 
Dealt to b674cac1 
Dealt to aa107330 
Dealt to Hero [8s 8c]
Hero: raises $0.1 to $0.2
a48571af: folds
967bcaa7: folds
573d2535: folds
b674cac1: folds
aa107330: calls $0.1
*** FLOP *** [5c Qs 2d]
aa107330: checks
Hero: checks
*** TURN *** [5c Qs 2d] [9c]
aa107330: checks
Hero: checks
*** RIVER *** [5c Qs 2d 9c] [Qc]
aa107330: checks
Hero: checks
aa107330: shows [Td Kd] (Pair of Queens)
Hero: shows [8s 8c] (Pair of Queens and Pair of Eights)
*** SHOWDOWN ***
Hero collected $0.43 from pot
*** SUMMARY ***
Total pot $0.45 | Rake $0.02 | Jackpot $0 | Bingo $0 | Fortune $0 | Tax $0
Board [5c Qs 2d 9c Qc]
Seat 1: a48571af folded before Flop (didn't bet)
Seat 2: 967bcaa7 folded before Flop (didn't bet)
Seat 3: 573d2535 (button) folded before Flop (didn't bet)
Seat 4: b674cac1 (small blind) folded before Flop
Seat 5: aa107330 (big blind) showed [Td Kd] and lost with Pair of Queens
Seat 6: Hero showed [8s 8c] and won ($0.43) with Pair of Queens and Pair of Eights


Poker Hand #HD1770804734: Hold'em No Limit ($0.05/$0.1) - 2024/05/13 16:01:40
Table 'NLHRed2' 6-max Seat #2 is the button
Seat 1: a48571af ($10.05 in chips)
Seat 2: 967bcaa7 ($13.02 in chips)
Seat 3: 573d2535 ($12.42 in chips)
Seat 4: b674cac1 ($29.96 in chips)
Seat 6: Hero ($18.19 in chips)
573d2535: posts small blind $0.05
b674cac1: posts big blind $0.1
*** HOLE CARDS ***
Dealt to a48571af 
Dealt to 967bcaa7 
Dealt to 573d2535 
Dealt to b674cac1 
Dealt to Hero [2s 3h]
Hero: folds
a48571af: folds
967bcaa7: folds
573d2535: folds
Uncalled bet ($0.05) returned to b674cac1
*** SHOWDOWN ***
b674cac1 collected $0.1 from pot
*** SUMMARY ***
Total pot $0.1 | Rake $0 | Jackpot $0 | Bingo $0 | Fortune $0 | Tax $0
Seat 1: a48571af folded before Flop (didn't bet)
Seat 2: 967bcaa7 (button) folded before Flop (didn't bet)
Seat 3: 573d2535 (small blind) folded before Flop
Seat 4: b674cac1 (big blind) collected ($0.1)
Seat 6: Hero folded before Flop (didn't bet)


Poker Hand #HD1770804697: Hold'em No Limit ($0.05/$0.1) - 2024/05/13 16:01:26
Table 'NLHRed2' 6-max Seat #1 is the button
Seat 1: a48571af ($10.05 in chips)
Seat 2: 967bcaa7 ($13.07 in chips)
Seat 3: 573d2535 ($12.37 in chips)
Seat 4: b674cac1 ($29.96 in chips)
Seat 6: Hero ($18.19 in chips)
967bcaa7: posts small blind $0.05
573d2535: posts big blind $0.1
*** HOLE CARDS ***
Dealt to a48571af 
Dealt to 967bcaa7 
Dealt to 573d2535 
Dealt to b674cac1 
Dealt to Hero [8s 5d]
b674cac1: folds
Hero: folds
a48571af: folds
967bcaa7: folds
Uncalled bet ($0.05) returned to 573d2535
*** SHOWDOWN ***
573d2535 collected $0.1 from pot
*** SUMMARY ***
Total pot $0.1 | Rake $0 | Jackpot $0 | Bingo $0 | Fortune $0 | Tax $0
Seat 1: a48571af (button) folded before Flop (didn't bet)
Seat 2: 967bcaa7 (small blind) folded before Flop
Seat 3: 573d2535 (big blind) collected ($0.1)
Seat 4: b674cac1 folded before Flop (didn't bet)
Seat 6: Hero folded before Flop (didn't bet)


Poker Hand #HD1770804661: Hold'em No Limit ($0.05/$0.1) - 2024/05/13 16:01:07
Table 'NLHRed2' 6-max Seat #6 is the button
Seat 1: a48571af ($10.1 in chips)
Seat 2: 967bcaa7 ($13.02 in chips)
Seat 3: 573d2535 ($12.37 in chips)
Seat 4: b674cac1 ($29.96 in chips)
Seat 6: Hero ($18.19 in chips)
a48571af: posts small blind $0.05
967bcaa7: posts big blind $0.1
*** HOLE CARDS ***
Dealt to a48571af 
Dealt to 967bcaa7 
Dealt to 573d2535 
Dealt to b674cac1 
Dealt to Hero [2h 6c]
573d2535: folds
b674cac1: folds
Hero: folds
a48571af: folds
Uncalled bet ($0.05) returned to 967bcaa7
*** SHOWDOWN ***
967bcaa7 collected $0.1 from pot
*** SUMMARY ***
Total pot $0.1 | Rake $0 | Jackpot $0 | Bingo $0 | Fortune $0 | Tax $0
Seat 1: a48571af (small blind) folded before Flop
Seat 2: 967bcaa7 (big blind) collected ($0.1)
Seat 3: 573d2535 folded before Flop (didn't bet)
Seat 4: b674cac1 folded before Flop (didn't bet)
Seat 6: Hero (button) folded before Flop (didn't bet)


Poker Hand #HD1770804557: Hold'em No Limit ($0.05/$0.1) - 2024/05/13 16:00:22
Table 'NLHRed2' 6-max Seat #4 is the button
Seat 1: a48571af ($10.1 in chips)
Seat 2: 967bcaa7 ($13.02 in chips)
Seat 3: 573d2535 ($12.87 in chips)
Seat 4: b674cac1 ($29.96 in chips)
Seat 5: ad3c2466 ($25.36 in chips)
Seat 6: Hero ($17.69 in chips)
ad3c2466: posts small blind $0.05
Hero: posts big blind $0.1
*** HOLE CARDS ***
Dealt to a48571af 
Dealt to 967bcaa7 
Dealt to 573d2535 
Dealt to b674cac1 
Dealt to ad3c2466 
Dealt to Hero [Qs 9s]
a48571af: folds
967bcaa7: folds
573d2535: raises $0.1 to $0.2
b674cac1: folds
ad3c2466: folds
Hero: calls $0.1
*** FLOP *** [9h 7c 2h]
Hero: checks
573d2535: bets $0.3
Hero: calls $0.3
*** TURN *** [9h 7c 2h] [4d]
Hero: checks
573d2535: checks
*** RIVER *** [9h 7c 2h 4d] [5s]
Hero: checks
573d2535: checks
573d2535: shows [Qh 8d] (Queen-High)
Hero: shows [Qs 9s] (Pair of Nines)
*** SHOWDOWN ***
Hero collected $1 from pot
*** SUMMARY ***
Total pot $1.05 | Rake $0.05 | Jackpot $0 | Bingo $0 | Fortune $0 | Tax $0
Board [9h 7c 2h 4d 5s]
Seat 1: a48571af folded before Flop (didn't bet)
Seat 2: 967bcaa7 folded before Flop (didn't bet)
Seat 3: 573d2535 showed [Qh 8d] and lost with Queen-High
Seat 4: b674cac1 (button) folded before Flop (didn't bet)
Seat 5: ad3c2466 (small blind) folded before Flop
Seat 6: Hero (big blind) showed [Qs 9s] and won ($1) with Pair of Nines


Poker Hand #HD1770804457: Hold'em No Limit ($0.05/$0.1) - 2024/05/13 15:59:35
Table 'NLHRed2' 6-max Seat #3 is the button
Seat 1: a48571af ($10.1 in chips)
Seat 2: 967bcaa7 ($12.15 in chips)
Seat 3: 573d2535 ($12.87 in chips)
Seat 4: b674cac1 ($30.01 in chips)
Seat 5: ad3c2466 ($26.27 in chips)
Seat 6: Hero ($17.69 in chips)
b674cac1: posts small blind $0.05
ad3c2466: posts big blind $0.1
*** HOLE CARDS ***
Dealt to a48571af 
Dealt to 967bcaa7 
Dealt to 573d2535 
Dealt to b674cac1 
Dealt to ad3c2466 
Dealt to Hero [3h 2s]
Hero: folds
a48571af: folds
967bcaa7: raises $0.15 to $0.25
573d2535: folds
b674cac1: folds
ad3c2466: calls $0.15
*** FLOP *** [Qh Js 6d]
ad3c2466: checks
967bcaa7: bets $0.19
ad3c2466: calls $0.19
*** TURN *** [Qh Js 6d] [Ah]
ad3c2466: checks
967bcaa7: bets $0.47
ad3c2466: calls $0.47
*** RIVER *** [Qh Js 6d Ah] [7h]
ad3c2466: checks
967bcaa7: checks
ad3c2466: shows [Qs Ts] (Pair of Queens)
967bcaa7: shows [Ac 9c] (Pair of Aces)
*** SHOWDOWN ***
967bcaa7 collected $1.78 from pot
*** SUMMARY ***
Total pot $1.87 | Rake $0.09 | Jackpot $0 | Bingo $0 | Fortune $0 | Tax $0
Board [Qh Js 6d Ah 7h]
Seat 1: a48571af folded before Flop (didn't bet)
Seat 2: 967bcaa7 showed [Ac 9c] and won ($1.78) with Pair of Aces
Seat 3: 573d2535 (button) folded before Flop (didn't bet)
Seat 4: b674cac1 (small blind) folded before Flop
Seat 5: ad3c2466 (big blind) showed [Qs Ts] and lost with Pair of Queens
Seat 6: Hero folded before Flop (didn't bet)


Poker Hand #HD1770804425: Hold'em No Limit ($0.05/$0.1) - 2024/05/13 15:59:23
Table 'NLHRed2' 6-max Seat #2 is the button
Seat 1: a48571af ($10.1 in chips)
Seat 2: 967bcaa7 ($12.15 in chips)
Seat 3: 573d2535 ($12.77 in chips)
Seat 4: b674cac1 ($30.11 in chips)
Seat 5: ad3c2466 ($26.27 in chips)
Seat 6: Hero ($17.69 in chips)
573d2535: posts small blind $0.05
b674cac1: posts big blind $0.1
*** HOLE CARDS ***
Dealt to a48571af 
Dealt to 967bcaa7 
Dealt to 573d2535 
Dealt to b674cac1 
Dealt to ad3c2466 
Dealt to Hero [2h Ac]
ad3c2466: folds
Hero: folds
a48571af: folds
967bcaa7: folds
573d2535: raises $0.1 to $0.2
b674cac1: folds
Uncalled bet ($0.1) returned to 573d2535
*** SHOWDOWN ***
573d2535 collected $0.2 from pot
*** SUMMARY ***
Total pot $0.2 | Rake $0 | Jackpot $0 | Bingo $0 | Fortune $0 | Tax $0
Seat 1: a48571af folded before Flop (didn't bet)
Seat 2: 967bcaa7 (button) folded before Flop (didn't bet)
Seat 3: 573d2535 (small blind) collected ($0.2)
Seat 4: b674cac1 (big blind) folded before Flop
Seat 5: ad3c2466 folded before Flop (didn't bet)
Seat 6: Hero folded before Flop (didn't bet)


Poker Hand #HD1770804367: Hold'em No Limit ($0.05/$0.1) - 2024/05/13 15:58:58
Table 'NLHRed2' 6-max Seat #1 is the button
Seat 1: a48571af ($10.1 in chips)
Seat 2: 967bcaa7 ($12.2 in chips)
Seat 3: 573d2535 ($12.87 in chips)
Seat 5: ad3c2466 ($26.27 in chips)
Seat 6: Hero ($17.54 in chips)
967bcaa7: posts small blind $0.05
573d2535: posts big blind $0.1
*** HOLE CARDS ***
Dealt to a48571af 
Dealt to 967bcaa7 
Dealt to 573d2535 
Dealt to ad3c2466 
Dealt to Hero [8h Th]
ad3c2466: folds
Hero: raises $0.14 to $0.24
a48571af: folds
967bcaa7: folds
573d2535: folds
Uncalled bet ($0.14) returned to Hero
*** SHOWDOWN ***
Hero collected $0.25 from pot
*** SUMMARY ***
Total pot $0.25 | Rake $0 | Jackpot $0 | Bingo $0 | Fortune $0 | Tax $0
Seat 1: a48571af (button) folded before Flop (didn't bet)
Seat 2: 967bcaa7 (small blind) folded before Flop
Seat 3: 573d2535 (big blind) folded before Flop
Seat 5: ad3c2466 folded before Flop (didn't bet)
Seat 6: Hero collected ($0.25)


Poker Hand #HD1770804313: Hold'em No Limit ($0.05/$0.1) - 2024/05/13 15:58:35
Table 'NLHRed2' 6-max Seat #6 is the button
Seat 1: a48571af ($10 in chips)
Seat 2: 967bcaa7 ($12.3 in chips)
Seat 3: 573d2535 ($12.87 in chips)
Seat 5: ad3c2466 ($26.27 in chips)
Seat 6: Hero ($17.54 in chips)
a48571af: posts small blind $0.05
967bcaa7: posts big blind $0.1
*** HOLE CARDS ***
Dealt to a48571af 
Dealt to 967bcaa7 
Dealt to 573d2535 
Dealt to ad3c2466 
Dealt to Hero [7h 3c]
573d2535: folds
ad3c2466: folds
Hero: folds
a48571af: raises $0.15 to $0.25
967bcaa7: folds
Uncalled bet ($0.15) returned to a48571af
*** SHOWDOWN ***
a48571af collected $0.2 from pot
*** SUMMARY ***
Total pot $0.2 | Rake $0 | Jackpot $0 | Bingo $0 | Fortune $0 | Tax $0
Seat 1: a48571af (small blind) collected ($0.2)
Seat 2: 967bcaa7 (big blind) folded before Flop
Seat 3: 573d2535 folded before Flop (didn't bet)
Seat 5: ad3c2466 folded before Flop (didn't bet)
Seat 6: Hero (button) folded before Flop (didn't bet)


Poker Hand #HD1770804289: Hold'em No Limit ($0.05/$0.1) - 2024/05/13 15:58:22
Table 'NLHRed2' 6-max Seat #5 is the button
Seat 1: a48571af ($10 in chips)
Seat 2: 967bcaa7 ($12.3 in chips)
Seat 3: 573d2535 ($12.87 in chips)
Seat 5: ad3c2466 ($26.12 in chips)
Seat 6: Hero ($17.59 in chips)
Hero: posts small blind $0.05
a48571af: posts big blind $0.1
*** HOLE CARDS ***
Dealt to a48571af 
Dealt to 967bcaa7 
Dealt to 573d2535 
Dealt to ad3c2466 
Dealt to Hero [3d Qh]
967bcaa7: folds
573d2535: folds
ad3c2466: raises $0.2 to $0.3
Hero: folds
a48571af: folds
Uncalled bet ($0.2) returned to ad3c2466
*** SHOWDOWN ***
ad3c2466 collected $0.25 from pot
*** SUMMARY ***
Total pot $0.25 | Rake $0 | Jackpot $0 | Bingo $0 | Fortune $0 | Tax $0
Seat 1: a48571af (big blind) folded before Flop
Seat 2: 967bcaa7 folded before Flop (didn't bet)
Seat 3: 573d2535 folded before Flop (didn't bet)
Seat 5: ad3c2466 (button) collected ($0.25)
Seat 6: Hero (small blind) folded before Flop


Poker Hand #HD1770804147: Hold'em No Limit ($0.05/$0.1) - 2024/05/13 15:57:23
Table 'NLHRed2' 6-max Seat #3 is the button
Seat 1: a48571af ($10 in chips)
Seat 2: 967bcaa7 ($12.3 in chips)
Seat 3: 573d2535 ($12.07 in chips)
Seat 5: ad3c2466 ($26.9 in chips)
Seat 6: Hero ($17.69 in chips)
ad3c2466: posts small blind $0.05
Hero: posts big blind $0.1
*** HOLE CARDS ***
Dealt to a48571af 
Dealt to 967bcaa7 
Dealt to 573d2535 
Dealt to ad3c2466 
Dealt to Hero [Kc Qd]
a48571af: folds
967bcaa7: folds
573d2535: raises $0.1 to $0.2
ad3c2466: raises $0.25 to $0.45
Hero: folds
573d2535: calls $0.25
*** FLOP *** [Ah 6s As]
ad3c2466: bets $0.33
573d2535: calls $0.33
*** TURN *** [Ah 6s As] [7c]
ad3c2466: checks
573d2535: bets $0.95
ad3c2466: folds
Uncalled bet ($0.95) returned to 573d2535
*** SHOWDOWN ***
573d2535 collected $1.58 from pot
*** SUMMARY ***
Total pot $1.66 | Rake $0.08 | Jackpot $0 | Bingo $0 | Fortune $0 | Tax $0
Board [Ah 6s As 7c]
Seat 1: a48571af folded before Flop (didn't bet)
Seat 2: 967bcaa7 folded before Flop (didn't bet)
Seat 3: 573d2535 (button) won ($1.58)
Seat 5: ad3c2466 (small blind) folded on the Turn
Seat 6: Hero (big blind) folded before Flop


Poker Hand #HD1770804053: Hold'em No Limit ($0.05/$0.1) - 2024/05/13 15:56:28
Table 'NLHRed2' 6-max Seat #2 is the button
Seat 1: a48571af ($10 in chips)
Seat 2: 967bcaa7 ($12.3 in chips)
Seat 3: 573d2535 ($11.34 in chips)
Seat 4: b674cac1 ($30.21 in chips)
Seat 5: ad3c2466 ($27.6 in chips)
Seat 6: Hero ($17.69 in chips)
573d2535: posts small blind $0.05
b674cac1: posts big blind $0.1
*** HOLE CARDS ***
Dealt to a48571af 
Dealt to 967bcaa7 
Dealt to 573d2535 
Dealt to b674cac1 
Dealt to ad3c2466 
Dealt to Hero [Ah 2c]
ad3c2466: calls $0.1
Hero: folds
a48571af: folds
967bcaa7: folds
573d2535: raises $0.3 to $0.4
b674cac1: folds
ad3c2466: calls $0.3
*** FLOP *** [Jc 3c 4h]
573d2535: bets $0.3
ad3c2466: calls $0.3
*** TURN *** [Jc 3c 4h] [Kd]
573d2535: bets $0.95
ad3c2466: folds
Uncalled bet ($0.95) returned to 573d2535
*** SHOWDOWN ***
573d2535 collected $1.43 from pot
*** SUMMARY ***
Total pot $1.5 | Rake $0.07 | Jackpot $0 | Bingo $0 | Fortune $0 | Tax $0
Board [Jc 3c 4h Kd]
Seat 1: a48571af folded before Flop (didn't bet)
Seat 2: 967bcaa7 (button) folded before Flop (didn't bet)
Seat 3: 573d2535 (small blind) won ($1.43)
Seat 4: b674cac1 (big blind) folded before Flop
Seat 5: ad3c2466 folded on the Turn
Seat 6: Hero folded before Flop (didn't bet)


Poker Hand #HD1770803958: Hold'em No Limit ($0.05/$0.1) - 2024/05/13 15:55:44
Table 'NLHRed2' 6-max Seat #1 is the button
Seat 1: a48571af ($8.35 in chips)
Seat 2: 967bcaa7 ($12.35 in chips)
Seat 3: 573d2535 ($11.44 in chips)
Seat 4: b674cac1 ($30.21 in chips)
Seat 5: ad3c2466 ($27.6 in chips)
Seat 6: Hero ($17.93 in chips)
967bcaa7: posts small blind $0.05
573d2535: posts big blind $0.1
*** HOLE CARDS ***
Dealt to a48571af 
Dealt to 967bcaa7 
Dealt to 573d2535 
Dealt to b674cac1 
Dealt to ad3c2466 
Dealt to Hero [Qs Kd]
b674cac1: folds
ad3c2466: folds
Hero: raises $0.14 to $0.24
a48571af: raises $0.58 to $0.82
967bcaa7: folds
573d2535: folds
Hero: folds
Uncalled bet ($0.58) returned to a48571af
*** SHOWDOWN ***
a48571af collected $0.6 from pot
*** SUMMARY ***
Total pot $0.63 | Rake $0.03 | Jackpot $0 | Bingo $0 | Fortune $0 | Tax $0
Seat 1: a48571af (button) collected ($0.6)
Seat 2: 967bcaa7 (small blind) folded before Flop
Seat 3: 573d2535 (big blind) folded before Flop
Seat 4: b674cac1 folded before Flop (didn't bet)
Seat 5: ad3c2466 folded before Flop (didn't bet)
Seat 6: Hero folded before Flop


Poker Hand #HD1770803935: Hold'em No Limit ($0.05/$0.1) - 2024/05/13 15:55:31
Table 'NLHRed2' 6-max Seat #6 is the button
Seat 1: a48571af ($8.4 in chips)
Seat 2: 967bcaa7 ($12.3 in chips)
Seat 3: 573d2535 ($11.44 in chips)
Seat 4: b674cac1 ($30.21 in chips)
Seat 5: ad3c2466 ($27.6 in chips)
Seat 6: Hero ($17.93 in chips)
a48571af: posts small blind $0.05
967bcaa7: posts big blind $0.1
*** HOLE CARDS ***
Dealt to a48571af 
Dealt to 967bcaa7 
Dealt to 573d2535 
Dealt to b674cac1 
Dealt to ad3c2466 
Dealt to Hero [7c Qs]
573d2535: folds
b674cac1: folds
ad3c2466: folds
Hero: folds
a48571af: folds
Uncalled bet ($0.05) returned to 967bcaa7
*** SHOWDOWN ***
967bcaa7 collected $0.1 from pot
*** SUMMARY ***
Total pot $0.1 | Rake $0 | Jackpot $0 | Bingo $0 | Fortune $0 | Tax $0
Seat 1: a48571af (small blind) folded before Flop
Seat 2: 967bcaa7 (big blind) collected ($0.1)
Seat 3: 573d2535 folded before Flop (didn't bet)
Seat 4: b674cac1 folded before Flop (didn't bet)
Seat 5: ad3c2466 folded before Flop (didn't bet)
Seat 6: Hero (button) folded before Flop (didn't bet)


Poker Hand #HD1770803904: Hold'em No Limit ($0.05/$0.1) - 2024/05/13 15:55:17
Table 'NLHRed2' 6-max Seat #5 is the button
Seat 1: a48571af ($8.5 in chips)
Seat 2: 967bcaa7 ($12.3 in chips)
Seat 3: 573d2535 ($11.44 in chips)
Seat 4: b674cac1 ($30.21 in chips)
Seat 5: ad3c2466 ($27.45 in chips)
Seat 6: Hero ($17.98 in chips)
Hero: posts small blind $0.05
a48571af: posts big blind $0.1
*** HOLE CARDS ***
Dealt to a48571af 
Dealt to 967bcaa7 
Dealt to 573d2535 
Dealt to b674cac1 
Dealt to ad3c2466 
Dealt to Hero [3d 4h]
967bcaa7: folds
573d2535: folds
b674cac1: folds
ad3c2466: raises $0.3 to $0.4
Hero: folds
a48571af: folds
Uncalled bet ($0.3) returned to ad3c2466
*** SHOWDOWN ***
ad3c2466 collected $0.25 from pot
*** SUMMARY ***
Total pot $0.25 | Rake $0 | Jackpot $0 | Bingo $0 | Fortune $0 | Tax $0
Seat 1: a48571af (big blind) folded before Flop
Seat 2: 967bcaa7 folded before Flop (didn't bet)
Seat 3: 573d2535 folded before Flop (didn't bet)
Seat 4: b674cac1 folded before Flop (didn't bet)
Seat 5: ad3c2466 (button) collected ($0.25)
Seat 6: Hero (small blind) folded before Flop


Poker Hand #HD1770803867: Hold'em No Limit ($0.05/$0.1) - 2024/05/13 15:54:54
Table 'NLHRed2' 6-max Seat #4 is the button
Seat 1: a48571af ($8.5 in chips)
Seat 2: 967bcaa7 ($12.3 in chips)
Seat 3: 573d2535 ($11.44 in chips)
Seat 4: b674cac1 ($30.21 in chips)
Seat 5: ad3c2466 ($27.35 in chips)
Seat 6: Hero ($18.08 in chips)
ad3c2466: posts small blind $0.05
Hero: posts big blind $0.1
*** HOLE CARDS ***
Dealt to a48571af 
Dealt to 967bcaa7 
Dealt to 573d2535 
Dealt to b674cac1 
Dealt to ad3c2466 
Dealt to Hero [2d 8h]
a48571af: folds
967bcaa7: folds
573d2535: folds
b674cac1: folds
ad3c2466: raises $0.2 to $0.3
Hero: folds
Uncalled bet ($0.2) returned to ad3c2466
*** SHOWDOWN ***
ad3c2466 collected $0.2 from pot
*** SUMMARY ***
Total pot $0.2 | Rake $0 | Jackpot $0 | Bingo $0 | Fortune $0 | Tax $0
Seat 1: a48571af folded before Flop (didn't bet)
Seat 2: 967bcaa7 folded before Flop (didn't bet)
Seat 3: 573d2535 folded before Flop (didn't bet)
Seat 4: b674cac1 (button) folded before Flop (didn't bet)
Seat 5: ad3c2466 (small blind) collected ($0.2)
Seat 6: Hero (big blind) folded before Flop


Poker Hand #HD1770803749: Hold'em No Limit ($0.05/$0.1) - 2024/05/13 15:53:56
Table 'NLHRed2' 6-max Seat #3 is the button
Seat 1: a48571af ($8.5 in chips)
Seat 2: 967bcaa7 ($12.02 in chips)
Seat 3: 573d2535 ($11.44 in chips)
Seat 4: b674cac1 ($30.26 in chips)
Seat 5: ad3c2466 ($27.6 in chips)
Seat 6: Hero ($18.08 in chips)
b674cac1: posts small blind $0.05
ad3c2466: posts big blind $0.1
*** HOLE CARDS ***
Dealt to a48571af 
Dealt to 967bcaa7 
Dealt to 573d2535 
Dealt to b674cac1 
Dealt to ad3c2466 
Dealt to Hero [2s 8h]
Hero: folds
a48571af: folds
967bcaa7: raises $0.15 to $0.25
573d2535: folds
b674cac1: folds
ad3c2466: calls $0.15
*** FLOP *** [3s Ts Kh]
ad3c2466: checks
967bcaa7: checks
*** TURN *** [3s Ts Kh] [Th]
ad3c2466: checks
967bcaa7: checks
*** RIVER *** [3s Ts Kh Th] [9h]
ad3c2466: checks
967bcaa7: checks
ad3c2466: shows [4c Qs] (Pair of Tens)
967bcaa7: shows [Ad 9c] (Pair of Tens and Pair of Nines)
*** SHOWDOWN ***
967bcaa7 collected $0.53 from pot
*** SUMMARY ***
Total pot $0.55 | Rake $0.02 | Jackpot $0 | Bingo $0 | Fortune $0 | Tax $0
Board [3s Ts Kh Th 9h]
Seat 1: a48571af folded before Flop (didn't bet)
Seat 2: 967bcaa7 showed [Ad 9c] and won ($0.53) with Pair of Tens and Pair of Nines
Seat 3: 573d2535 (button) folded before Flop (didn't bet)
Seat 4: b674cac1 (small blind) folded before Flop
Seat 5: ad3c2466 (big blind) showed [4c Qs] and lost with Pair of Tens
Seat 6: Hero folded before Flop (didn't bet)


Poker Hand #HD1770803664: Hold'em No Limit ($0.05/$0.1) - 2024/05/13 15:53:21
Table 'NLHRed2' 6-max Seat #2 is the button
Seat 1: a48571af ($7.62 in chips)
Seat 2: 967bcaa7 ($12.02 in chips)
Seat 3: 573d2535 ($11.86 in chips)
Seat 4: b674cac1 ($30.36 in chips)
Seat 5: ad3c2466 ($28.02 in chips)
Seat 6: Hero ($18.08 in chips)
573d2535: posts small blind $0.05
b674cac1: posts big blind $0.1
*** HOLE CARDS ***
Dealt to a48571af 
Dealt to 967bcaa7 
Dealt to 573d2535 
Dealt to b674cac1 
Dealt to ad3c2466 
Dealt to Hero [Jd 3c]
ad3c2466: calls $0.1
Hero: folds
a48571af: raises $0.32 to $0.42
967bcaa7: folds
573d2535: calls $0.37
b674cac1: folds
ad3c2466: calls $0.32
*** FLOP *** [9s 3h 6h]
573d2535: checks
ad3c2466: checks
a48571af: bets $0.68
573d2535: folds
ad3c2466: folds
Uncalled bet ($0.68) returned to a48571af
*** SHOWDOWN ***
a48571af collected $1.3 from pot
*** SUMMARY ***
Total pot $1.36 | Rake $0.06 | Jackpot $0 | Bingo $0 | Fortune $0 | Tax $0
Board [9s 3h 6h]
Seat 1: a48571af won ($1.3)
Seat 2: 967bcaa7 (button) folded before Flop (didn't bet)
Seat 3: 573d2535 (small blind) folded on the Flop
Seat 4: b674cac1 (big blind) folded before Flop
Seat 5: ad3c2466 folded on the Flop
Seat 6: Hero folded before Flop (didn't bet)


Poker Hand #HD1770803531: Hold'em No Limit ($0.05/$0.1) - 2024/05/13 15:52:17
Table 'NLHRed2' 6-max Seat #1 is the button
Seat 1: a48571af ($7.62 in chips)
Seat 2: 967bcaa7 ($12.07 in chips)
Seat 3: 573d2535 ($11.84 in chips)
Seat 4: b674cac1 ($30.36 in chips)
Seat 5: ad3c2466 ($28.01 in chips)
Seat 6: Hero ($18.08 in chips)
967bcaa7: posts small blind $0.05
573d2535: posts big blind $0.1
*** HOLE CARDS ***
Dealt to a48571af 
Dealt to 967bcaa7 
Dealt to 573d2535 
Dealt to b674cac1 
Dealt to ad3c2466 
Dealt to Hero [5d 9d]
b674cac1: folds
ad3c2466: calls $0.1
Hero: folds
a48571af: folds
967bcaa7: folds
573d2535: checks
*** FLOP *** [3d 8s 5h]
573d2535: checks
ad3c2466: bets $0.13
573d2535: calls $0.13
*** TURN *** [3d 8s 5h] [Ks]
573d2535: checks
ad3c2466: checks
*** RIVER *** [3d 8s 5h Ks] [9h]
573d2535: checks
ad3c2466: checks
573d2535: shows [Td Jc] (King-High)
ad3c2466: shows [Jh Tc] (King-High)
*** SHOWDOWN ***
573d2535 collected $0.25 from pot
ad3c2466 collected $0.24 from pot
*** SUMMARY ***
Total pot $0.51 | Rake $0.02 | Jackpot $0 | Bingo $0 | Fortune $0 | Tax $0
Board [3d 8s 5h Ks 9h]
Seat 1: a48571af (button) folded before Flop (didn't bet)
Seat 2: 967bcaa7 (small blind) folded before Flop
Seat 3: 573d2535 (big blind) showed [Td Jc] and won ($0.25) with King-High
Seat 4: b674cac1 folded before Flop (didn't bet)
Seat 5: ad3c2466 showed [Jh Tc] and won ($0.24) with King-High
Seat 6: Hero folded before Flop (didn't bet)


Poker Hand #HD1770803457: Hold'em No Limit ($0.05/$0.1) - 2024/05/13 15:51:45
Table 'NLHRed2' 6-max Seat #6 is the button
Seat 1: a48571af ($7.67 in chips)
Seat 2: 967bcaa7 ($12.17 in chips)
Seat 3: 573d2535 ($11.84 in chips)
Seat 4: b674cac1 ($30.21 in chips)
Seat 5: ad3c2466 ($28.01 in chips)
Seat 6: Hero ($18.08 in chips)
a48571af: posts small blind $0.05
967bcaa7: posts big blind $0.1
*** HOLE CARDS ***
Dealt to a48571af 
Dealt to 967bcaa7 
Dealt to 573d2535 
Dealt to b674cac1 
Dealt to ad3c2466 
Dealt to Hero [9c Td]
573d2535: folds
b674cac1: raises $0.1 to $0.2
ad3c2466: folds
Hero: folds
a48571af: folds
967bcaa7: folds
Uncalled bet ($0.1) returned to b674cac1
*** SHOWDOWN ***
b674cac1 collected $0.25 from pot
*** SUMMARY ***
Total pot $0.25 | Rake $0 | Jackpot $0 | Bingo $0 | Fortune $0 | Tax $0
Seat 1: a48571af (small blind) folded before Flop
Seat 2: 967bcaa7 (big blind) folded before Flop
Seat 3: 573d2535 folded before Flop (didn't bet)
Seat 4: b674cac1 collected ($0.25)
Seat 5: ad3c2466 folded before Flop (didn't bet)
Seat 6: Hero (button) folded before Flop (didn't bet)


Poker Hand #HD1770803397: Hold'em No Limit ($0.05/$0.1) - 2024/05/13 15:51:23
Table 'NLHRed2' 6-max Seat #5 is the button
Seat 1: a48571af ($7.77 in chips)
Seat 2: 967bcaa7 ($12.17 in chips)
Seat 3: 573d2535 ($11.69 in chips)
Seat 4: b674cac1 ($30.21 in chips)
Seat 5: ad3c2466 ($28.01 in chips)
Seat 6: Hero ($18.13 in chips)
Hero: posts small blind $0.05
a48571af: posts big blind $0.1
*** HOLE CARDS ***
Dealt to a48571af 
Dealt to 967bcaa7 
Dealt to 573d2535 
Dealt to b674cac1 
Dealt to ad3c2466 
Dealt to Hero [Qs 7c]
967bcaa7: folds
573d2535: raises $0.1 to $0.2
b674cac1: folds
ad3c2466: folds
Hero: folds
a48571af: folds
Uncalled bet ($0.1) returned to 573d2535
*** SHOWDOWN ***
573d2535 collected $0.25 from pot
*** SUMMARY ***
Total pot $0.25 | Rake $0 | Jackpot $0 | Bingo $0 | Fortune $0 | Tax $0
Seat 1: a48571af (big blind) folded before Flop
Seat 2: 967bcaa7 folded before Flop (didn't bet)
Seat 3: 573d2535 collected ($0.25)
Seat 4: b674cac1 folded before Flop (didn't bet)
Seat 5: ad3c2466 (button) folded before Flop (didn't bet)
Seat 6: Hero (small blind) folded before Flop


Poker Hand #HD1770803301: Hold'em No Limit ($0.05/$0.1) - 2024/05/13 15:50:40
Table 'NLHRed2' 6-max Seat #4 is the button
Seat 1: a48571af ($7.77 in chips)
Seat 2: 967bcaa7 ($11.85 in chips)
Seat 3: 573d2535 ($11.69 in chips)
Seat 4: b674cac1 ($30.21 in chips)
Seat 5: ad3c2466 ($28.26 in chips)
Seat 6: Hero ($18.23 in chips)
ad3c2466: posts small blind $0.05
Hero: posts big blind $0.1
*** HOLE CARDS ***
Dealt to a48571af 
Dealt to 967bcaa7 
Dealt to 573d2535 
Dealt to b674cac1 
Dealt to ad3c2466 
Dealt to Hero [4c 9h]
a48571af: folds
967bcaa7: raises $0.15 to $0.25
573d2535: folds
b674cac1: folds
ad3c2466: calls $0.2
Hero: folds
*** FLOP *** [7d 9s Ac]
ad3c2466: checks
967bcaa7: bets $0.2
ad3c2466: folds
Uncalled bet ($0.2) returned to 967bcaa7
*** SHOWDOWN ***
967bcaa7 collected $0.57 from pot
*** SUMMARY ***
Total pot $0.6 | Rake $0.03 | Jackpot $0 | Bingo $0 | Fortune $0 | Tax $0
Board [7d 9s Ac]
Seat 1: a48571af folded before Flop (didn't bet)
Seat 2: 967bcaa7 won ($0.57)
Seat 3: 573d2535 folded before Flop (didn't bet)
Seat 4: b674cac1 (button) folded before Flop (didn't bet)
Seat 5: ad3c2466 (small blind) folded on the Flop
Seat 6: Hero (big blind) folded before Flop


Poker Hand #HD1770803265: Hold'em No Limit ($0.05/$0.1) - 2024/05/13 15:50:23
Table 'NLHRed2' 6-max Seat #3 is the button
Seat 1: a48571af ($7.62 in chips)
Seat 2: 967bcaa7 ($11.85 in chips)
Seat 3: 573d2535 ($11.69 in chips)
Seat 4: b674cac1 ($30.26 in chips)
Seat 5: ad3c2466 ($28.36 in chips)
Seat 6: Hero ($18.23 in chips)
b674cac1: posts small blind $0.05
ad3c2466: posts big blind $0.1
*** HOLE CARDS ***
Dealt to a48571af 
Dealt to 967bcaa7 
Dealt to 573d2535 
Dealt to b674cac1 
Dealt to ad3c2466 
Dealt to Hero [2c Jh]
Hero: folds
a48571af: raises $0.15 to $0.25
967bcaa7: folds
573d2535: folds
b674cac1: folds
ad3c2466: folds
Uncalled bet ($0.15) returned to a48571af
*** SHOWDOWN ***
a48571af collected $0.25 from pot
*** SUMMARY ***
Total pot $0.25 | Rake $0 | Jackpot $0 | Bingo $0 | Fortune $0 | Tax $0
Seat 1: a48571af collected ($0.25)
Seat 2: 967bcaa7 folded before Flop (didn't bet)
Seat 3: 573d2535 (button) folded before Flop (didn't bet)
Seat 4: b674cac1 (small blind) folded before Flop
Seat 5: ad3c2466 (big blind) folded before Flop
Seat 6: Hero folded before Flop (didn't bet)


Poker Hand #HD1770803197: Hold'em No Limit ($0.05/$0.1) - 2024/05/13 15:49:50
Table 'NLHRed2' 6-max Seat #2 is the button
Seat 1: a48571af ($7.62 in chips)
Seat 2: 967bcaa7 ($11.85 in chips)
Seat 3: 573d2535 ($11.74 in chips)
Seat 4: b674cac1 ($30.36 in chips)
Seat 5: ad3c2466 ($28.66 in chips)
Seat 6: Hero ($17.81 in chips)
573d2535: posts small blind $0.05
b674cac1: posts big blind $0.1
*** HOLE CARDS ***
Dealt to a48571af 
Dealt to 967bcaa7 
Dealt to 573d2535 
Dealt to b674cac1 
Dealt to ad3c2466 
Dealt to Hero [Th Ts]
ad3c2466: raises $0.2 to $0.3
Hero: raises $0.6 to $0.9
a48571af: folds
967bcaa7: folds
573d2535: folds
b674cac1: folds
ad3c2466: folds
Uncalled bet ($0.6) returned to Hero
*** SHOWDOWN ***
Hero collected $0.72 from pot
*** SUMMARY ***
Total pot $0.75 | Rake $0.03 | Jackpot $0 | Bingo $0 | Fortune $0 | Tax $0
Seat 1: a48571af folded before Flop (didn't bet)
Seat 2: 967bcaa7 (button) folded before Flop (didn't bet)
Seat 3: 573d2535 (small blind) folded before Flop
Seat 4: b674cac1 (big blind) folded before Flop
Seat 5: ad3c2466 folded before Flop
Seat 6: Hero collected ($0.72)


Poker Hand #HD1770803098: Hold'em No Limit ($0.05/$0.1) - 2024/05/13 15:49:02
Table 'NLHRed2' 6-max Seat #1 is the button
Seat 1: a48571af ($7.62 in chips)
Seat 2: 967bcaa7 ($11.9 in chips)
Seat 3: 573d2535 ($12.37 in chips)
Seat 4: b674cac1 ($30.36 in chips)
Seat 5: ad3c2466 ($28.04 in chips)
Seat 6: Hero ($17.81 in chips)
967bcaa7: posts small blind $0.05
573d2535: posts big blind $0.1
*** HOLE CARDS ***
Dealt to a48571af 
Dealt to 967bcaa7 
Dealt to 573d2535 
Dealt to b674cac1 
Dealt to ad3c2466 
Dealt to Hero [8h 4d]
b674cac1: folds
ad3c2466: raises $0.2 to $0.3
Hero: folds
a48571af: folds
967bcaa7: folds
573d2535: calls $0.2
*** FLOP *** [8d Qs 6c]
573d2535: checks
ad3c2466: bets $0.33
573d2535: calls $0.33
*** TURN *** [8d Qs 6c] [5c]
573d2535: checks
ad3c2466: bets $0.66
573d2535: folds
Uncalled bet ($0.66) returned to ad3c2466
*** SHOWDOWN ***
ad3c2466 collected $1.25 from pot
*** SUMMARY ***
Total pot $1.31 | Rake $0.06 | Jackpot $0 | Bingo $0 | Fortune $0 | Tax $0
Board [8d Qs 6c 5c]
Seat 1: a48571af (button) folded before Flop (didn't bet)
Seat 2: 967bcaa7 (small blind) folded before Flop
Seat 3: 573d2535 (big blind) folded on the Turn
Seat 4: b674cac1 folded before Flop (didn't bet)
Seat 5: ad3c2466 won ($1.25)
Seat 6: Hero folded before Flop (didn't bet)


Poker Hand #HD1770803052: Hold'em No Limit ($0.05/$0.1) - 2024/05/13 15:48:42
Table 'NLHRed2' 6-max Seat #6 is the button
Seat 1: a48571af ($7.67 in chips)
Seat 2: 967bcaa7 ($12 in chips)
Seat 3: 573d2535 ($12.22 in chips)
Seat 4: b674cac1 ($30.36 in chips)
Seat 5: ad3c2466 ($28.04 in chips)
Seat 6: Hero ($17.81 in chips)
a48571af: posts small blind $0.05
967bcaa7: posts big blind $0.1
*** HOLE CARDS ***
Dealt to a48571af 
Dealt to 967bcaa7 
Dealt to 573d2535 
Dealt to b674cac1 
Dealt to ad3c2466 
Dealt to Hero [8d Tc]
573d2535: raises $0.1 to $0.2
b674cac1: folds
ad3c2466: folds
Hero: folds
a48571af: folds
967bcaa7: folds
Uncalled bet ($0.1) returned to 573d2535
*** SHOWDOWN ***
573d2535 collected $0.25 from pot
*** SUMMARY ***
Total pot $0.25 | Rake $0 | Jackpot $0 | Bingo $0 | Fortune $0 | Tax $0
Seat 1: a48571af (small blind) folded before Flop
Seat 2: 967bcaa7 (big blind) folded before Flop
Seat 3: 573d2535 collected ($0.25)
Seat 4: b674cac1 folded before Flop (didn't bet)
Seat 5: ad3c2466 folded before Flop (didn't bet)
Seat 6: Hero (button) folded before Flop (didn't bet)


Poker Hand #HD1770802946: Hold'em No Limit ($0.05/$0.1) - 2024/05/13 15:47:54
Table 'NLHRed2' 6-max Seat #5 is the button
Seat 1: a48571af ($7.87 in chips)
Seat 2: 967bcaa7 ($12 in chips)
Seat 3: 573d2535 ($12.22 in chips)
Seat 4: b674cac1 ($30.56 in chips)
Seat 5: ad3c2466 ($27.62 in chips)
Seat 6: Hero ($17.86 in chips)
Hero: posts small blind $0.05
a48571af: posts big blind $0.1
*** HOLE CARDS ***
Dealt to a48571af 
Dealt to 967bcaa7 
Dealt to 573d2535 
Dealt to b674cac1 
Dealt to ad3c2466 
Dealt to Hero [8s 5c]
967bcaa7: folds
573d2535: folds
b674cac1: raises $0.1 to $0.2
ad3c2466: calls $0.2
Hero: folds
a48571af: calls $0.1
*** FLOP *** [Ts 7d Td]
a48571af: checks
b674cac1: checks
ad3c2466: bets $0.33
a48571af: folds
b674cac1: folds
Uncalled bet ($0.33) returned to ad3c2466
*** SHOWDOWN ***
ad3c2466 collected $0.62 from pot
*** SUMMARY ***
Total pot $0.65 | Rake $0.03 | Jackpot $0 | Bingo $0 | Fortune $0 | Tax $0
Board [Ts 7d Td]
Seat 1: a48571af (big blind) folded on the Flop
Seat 2: 967bcaa7 folded before Flop (didn't bet)
Seat 3: 573d2535 folded before Flop (didn't bet)
Seat 4: b674cac1 folded on the Flop
Seat 5: ad3c2466 (button) won ($0.62)
Seat 6: Hero (small blind) folded before Flop


Poker Hand #HD1770802823: Hold'em No Limit ($0.05/$0.1) - 2024/05/13 15:46:57
Table 'NLHRed2' 6-max Seat #4 is the button
Seat 1: a48571af ($7.87 in chips)
Seat 2: 967bcaa7 ($12 in chips)
Seat 3: 573d2535 ($12.22 in chips)
Seat 4: b674cac1 ($30.56 in chips)
Seat 5: ad3c2466 ($27.08 in chips)
Seat 6: Hero ($18.46 in chips)
ad3c2466: posts small blind $0.05
Hero: posts big blind $0.1
*** HOLE CARDS ***
Dealt to a48571af 
Dealt to 967bcaa7 
Dealt to 573d2535 
Dealt to b674cac1 
Dealt to ad3c2466 
Dealt to Hero [8h 4h]
a48571af: folds
967bcaa7: folds
573d2535: folds
b674cac1: folds
ad3c2466: raises $0.2 to $0.3
Hero: calls $0.2
*** FLOP *** [Ks 4c 5d]
ad3c2466: checks
Hero: checks
*** TURN *** [Ks 4c 5d] [3h]
ad3c2466: checks
Hero: bets $0.3
ad3c2466: raises $0.9 to $1.2
Hero: folds
Uncalled bet ($0.9) returned to ad3c2466
*** SHOWDOWN ***
ad3c2466 collected $1.14 from pot
*** SUMMARY ***
Total pot $1.2 | Rake $0.06 | Jackpot $0 | Bingo $0 | Fortune $0 | Tax $0
Board [Ks 4c 5d 3h]
Seat 1: a48571af folded before Flop (didn't bet)
Seat 2: 967bcaa7 folded before Flop (didn't bet)
Seat 3: 573d2535 folded before Flop (didn't bet)
Seat 4: b674cac1 (button) folded before Flop (didn't bet)
Seat 5: ad3c2466 (small blind) won ($1.14)
Seat 6: Hero (big blind) folded on the Turn


Poker Hand #HD1770802742: Hold'em No Limit ($0.05/$0.1) - 2024/05/13 15:46:19
Table 'NLHRed2' 6-max Seat #3 is the button
Seat 1: a48571af ($7.87 in chips)
Seat 2: 967bcaa7 ($12 in chips)
Seat 3: 573d2535 ($11.99 in chips)
Seat 4: b674cac1 ($30.61 in chips)
Seat 5: ad3c2466 ($27.28 in chips)
Seat 6: Hero ($18.46 in chips)
b674cac1: posts small blind $0.05
ad3c2466: posts big blind $0.1
*** HOLE CARDS ***
Dealt to a48571af 
Dealt to 967bcaa7 
Dealt to 573d2535 
Dealt to b674cac1 
Dealt to ad3c2466 
Dealt to Hero [4s Ks]
Hero: folds
a48571af: folds
967bcaa7: folds
573d2535: raises $0.1 to $0.2
b674cac1: folds
ad3c2466: calls $0.1
*** FLOP *** [3d 9s Tc]
ad3c2466: checks
573d2535: bets $0.3
ad3c2466: folds
Uncalled bet ($0.3) returned to 573d2535
*** SHOWDOWN ***
573d2535 collected $0.43 from pot
*** SUMMARY ***
Total pot $0.45 | Rake $0.02 | Jackpot $0 | Bingo $0 | Fortune $0 | Tax $0
Board [3d 9s Tc]
Seat 1: a48571af folded before Flop (didn't bet)
Seat 2: 967bcaa7 folded before Flop (didn't bet)
Seat 3: 573d2535 (button) won ($0.43)
Seat 4: b674cac1 (small blind) folded before Flop
Seat 5: ad3c2466 (big blind) folded on the Flop
Seat 6: Hero folded before Flop (didn't bet)


Poker Hand #HD1770802664: Hold'em No Limit ($0.05/$0.1) - 2024/05/13 15:45:44
Table 'NLHRed2' 6-max Seat #2 is the button
Seat 1: a48571af ($7.27 in chips)
Seat 2: 967bcaa7 ($12 in chips)
Seat 3: 573d2535 ($12.04 in chips)
Seat 4: b674cac1 ($30.71 in chips)
Seat 5: ad3c2466 ($27.78 in chips)
Seat 6: Hero ($18.46 in chips)
573d2535: posts small blind $0.05
b674cac1: posts big blind $0.1
*** HOLE CARDS ***
Dealt to a48571af 
Dealt to 967bcaa7 
Dealt to 573d2535 
Dealt to b674cac1 
Dealt to ad3c2466 
Dealt to Hero [4d 3s]
ad3c2466: calls $0.1
Hero: folds
a48571af: raises $0.4 to $0.5
967bcaa7: folds
573d2535: folds
b674cac1: folds
ad3c2466: calls $0.4
*** FLOP *** [5d Kh 7c]
ad3c2466: checks
a48571af: checks
*** TURN *** [5d Kh 7c] [2c]
ad3c2466: checks
a48571af: bets $0.38
ad3c2466: folds
Uncalled bet ($0.38) returned to a48571af
*** SHOWDOWN ***
a48571af collected $1.1 from pot
*** SUMMARY ***
Total pot $1.15 | Rake $0.05 | Jackpot $0 | Bingo $0 | Fortune $0 | Tax $0
Board [5d Kh 7c 2c]
Seat 1: a48571af won ($1.1)
Seat 2: 967bcaa7 (button) folded before Flop (didn't bet)
Seat 3: 573d2535 (small blind) folded before Flop
Seat 4: b674cac1 (big blind) folded before Flop
Seat 5: ad3c2466 folded on the Turn
Seat 6: Hero folded before Flop (didn't bet)


Poker Hand #HD1770802563: Hold'em No Limit ($0.05/$0.1) - 2024/05/13 15:45:02
Table 'NLHRed2' 6-max Seat #1 is the button
Seat 1: a48571af ($7.27 in chips)
Seat 2: 967bcaa7 ($12.05 in chips)
Seat 3: 573d2535 ($11.77 in chips)
Seat 4: b674cac1 ($30.71 in chips)
Seat 5: ad3c2466 ($27.78 in chips)
Seat 6: Hero ($18.7 in chips)
967bcaa7: posts small blind $0.05
573d2535: posts big blind $0.1
*** HOLE CARDS ***
Dealt to a48571af 
Dealt to 967bcaa7 
Dealt to 573d2535 
Dealt to b674cac1 
Dealt to ad3c2466 
Dealt to Hero [Qh Jc]
b674cac1: folds
ad3c2466: folds
Hero: raises $0.14 to $0.24
a48571af: folds
967bcaa7: folds
573d2535: calls $0.14
*** FLOP *** [6h 6s Ad]
573d2535: checks
Hero: checks
*** TURN *** [6h 6s Ad] [4d]
573d2535: bets $0.3
Hero: folds
Uncalled bet ($0.3) returned to 573d2535
*** SHOWDOWN ***
573d2535 collected $0.51 from pot
*** SUMMARY ***
Total pot $0.53 | Rake $0.02 | Jackpot $0 | Bingo $0 | Fortune $0 | Tax $0
Board [6h 6s Ad 4d]
Seat 1: a48571af (button) folded before Flop (didn't bet)
Seat 2: 967bcaa7 (small blind) folded before Flop
Seat 3: 573d2535 (big blind) won ($0.51)
Seat 4: b674cac1 folded before Flop (didn't bet)
Seat 5: ad3c2466 folded before Flop (didn't bet)
Seat 6: Hero folded on the Turn


Poker Hand #HD1770802477: Hold'em No Limit ($0.05/$0.1) - 2024/05/13 15:44:19
Table 'NLHRed2' 6-max Seat #6 is the button
Seat 1: a48571af ($7.32 in chips)
Seat 2: 967bcaa7 ($12.15 in chips)
Seat 3: 573d2535 ($10.99 in chips)
Seat 4: b674cac1 ($31.41 in chips)
Seat 5: ad3c2466 ($27.78 in chips)
Seat 6: Hero ($18.7 in chips)
a48571af: posts small blind $0.05
967bcaa7: posts big blind $0.1
*** HOLE CARDS ***
Dealt to a48571af 
Dealt to 967bcaa7 
Dealt to 573d2535 
Dealt to b674cac1 
Dealt to ad3c2466 
Dealt to Hero [6d Td]
573d2535: raises $0.1 to $0.2
b674cac1: raises $0.5 to $0.7
ad3c2466: folds
Hero: folds
a48571af: folds
967bcaa7: folds
573d2535: calls $0.5
*** FLOP *** [Kc Jc 6c]
573d2535: checks
b674cac1: checks
*** TURN *** [Kc Jc 6c] [3s]
573d2535: bets $0.52
b674cac1: folds
Uncalled bet ($0.52) returned to 573d2535
*** SHOWDOWN ***
573d2535 collected $1.48 from pot
*** SUMMARY ***
Total pot $1.55 | Rake $0.07 | Jackpot $0 | Bingo $0 | Fortune $0 | Tax $0
Board [Kc Jc 6c 3s]
Seat 1: a48571af (small blind) folded before Flop
Seat 2: 967bcaa7 (big blind) folded before Flop
Seat 3: 573d2535 won ($1.48)
Seat 4: b674cac1 folded on the Turn
Seat 5: ad3c2466 folded before Flop (didn't bet)
Seat 6: Hero (button) folded before Flop (didn't bet)


Poker Hand #HD1770802293: Hold'em No Limit ($0.05/$0.1) - 2024/05/13 15:42:51
Table 'NLHRed2' 6-max Seat #5 is the button
Seat 1: a48571af ($10 in chips)
Seat 2: 967bcaa7 ($12.15 in chips)
Seat 3: 573d2535 ($10.99 in chips)
Seat 4: b674cac1 ($31.41 in chips)
Seat 5: ad3c2466 ($18.82 in chips)
Seat 6: Hero ($18.75 in chips)
Hero: posts small blind $0.05
a48571af: posts big blind $0.1
*** HOLE CARDS ***
Dealt to a48571af 
Dealt to 967bcaa7 
Dealt to 573d2535 
Dealt to b674cac1 
Dealt to ad3c2466 
Dealt to Hero [4s 4h]
967bcaa7: folds
573d2535: folds
b674cac1: folds
ad3c2466: raises $0.2 to $0.3
Hero: folds
a48571af: raises $0.65 to $0.95
ad3c2466: calls $0.65
*** FLOP *** [Ks Ad Kc]
a48571af: bets $0.98
ad3c2466: calls $0.98
*** TURN *** [Ks Ad Kc] [Qh]
a48571af: bets $1.96
ad3c2466: calls $1.96
*** RIVER *** [Ks Ad Kc Qh] [7c]
a48571af: bets $2.59
ad3c2466: raises $4.3 to $6.89
a48571af: calls $3.52 and is all-in
Uncalled bet ($0.78) returned to ad3c2466
ad3c2466: shows [Jd Th] (Aces-High Straight)
a48571af: shows [Tc As] (Pair of Aces and Pair of Kings)
*** SHOWDOWN ***
ad3c2466 collected $18.96 from pot
*** SUMMARY ***
Total pot $20.05 | Rake $0.99 | Jackpot $0.1 | Bingo $0 | Fortune $0 | Tax $0
Board [Ks Ad Kc Qh 7c]
Seat 1: a48571af (big blind) showed [Tc As] and lost with Pair of Aces and Pair of Kings
Seat 2: 967bcaa7 folded before Flop (didn't bet)
Seat 3: 573d2535 folded before Flop (didn't bet)
Seat 4: b674cac1 folded before Flop (didn't bet)
Seat 5: ad3c2466 (button) showed [Jd Th] and won ($18.96) with Aces-High Straight
Seat 6: Hero (small blind) folded before Flop


Poker Hand #HD1770802234: Hold'em No Limit ($0.05/$0.1) - 2024/05/13 15:42:23
Table 'NLHRed2' 6-max Seat #4 is the button
Seat 1: a48571af ($10 in chips)
Seat 2: 967bcaa7 ($12 in chips)
Seat 3: 573d2535 ($10.99 in chips)
Seat 4: b674cac1 ($31.41 in chips)
Seat 5: ad3c2466 ($18.87 in chips)
Seat 6: Hero ($18.85 in chips)
ad3c2466: posts small blind $0.05
Hero: posts big blind $0.1
*** HOLE CARDS ***
Dealt to a48571af 
Dealt to 967bcaa7 
Dealt to 573d2535 
Dealt to b674cac1 
Dealt to ad3c2466 
Dealt to Hero [Kd 3h]
a48571af: folds
967bcaa7: raises $0.15 to $0.25
573d2535: folds
b674cac1: folds
ad3c2466: folds
Hero: folds
Uncalled bet ($0.15) returned to 967bcaa7
*** SHOWDOWN ***
967bcaa7 collected $0.25 from pot
*** SUMMARY ***
Total pot $0.25 | Rake $0 | Jackpot $0 | Bingo $0 | Fortune $0 | Tax $0
Seat 1: a48571af folded before Flop (didn't bet)
Seat 2: 967bcaa7 collected ($0.25)
Seat 3: 573d2535 folded before Flop (didn't bet)
Seat 4: b674cac1 (button) folded before Flop (didn't bet)
Seat 5: ad3c2466 (small blind) folded before Flop
Seat 6: Hero (big blind) folded before Flop


Poker Hand #HD1770802117: Hold'em No Limit ($0.05/$0.1) - 2024/05/13 15:41:30
Table 'NLHRed2' 6-max Seat #3 is the button
Seat 1: a48571af ($10 in chips)
Seat 2: 967bcaa7 ($12 in chips)
Seat 3: 573d2535 ($10.76 in chips)
Seat 4: b674cac1 ($31.46 in chips)
Seat 5: ad3c2466 ($19.07 in chips)
Seat 6: Hero ($18.85 in chips)
b674cac1: posts small blind $0.05
ad3c2466: posts big blind $0.1
*** HOLE CARDS ***
Dealt to a48571af 
Dealt to 967bcaa7 
Dealt to 573d2535 
Dealt to b674cac1 
Dealt to ad3c2466 
Dealt to Hero [4d As]
Hero: folds
a48571af: folds
967bcaa7: folds
573d2535: raises $0.1 to $0.2
b674cac1: folds
ad3c2466: calls $0.1
*** FLOP *** [Th Qc 8h]
ad3c2466: checks
573d2535: bets $0.3
ad3c2466: folds
Uncalled bet ($0.3) returned to 573d2535
*** SHOWDOWN ***
573d2535 collected $0.43 from pot
*** SUMMARY ***
Total pot $0.45 | Rake $0.02 | Jackpot $0 | Bingo $0 | Fortune $0 | Tax $0
Board [Th Qc 8h]
Seat 1: a48571af folded before Flop (didn't bet)
Seat 2: 967bcaa7 folded before Flop (didn't bet)
Seat 3: 573d2535 (button) won ($0.43)
Seat 4: b674cac1 (small blind) folded before Flop
Seat 5: ad3c2466 (big blind) folded on the Flop
Seat 6: Hero folded before Flop (didn't bet)


Poker Hand #HD1770802028: Hold'em No Limit ($0.05/$0.1) - 2024/05/13 15:40:46
Table 'NLHRed2' 6-max Seat #2 is the button
Seat 1: a48571af ($10 in chips)
Seat 2: 967bcaa7 ($12 in chips)
Seat 3: 573d2535 ($10.2 in chips)
Seat 4: b674cac1 ($31.76 in chips)
Seat 5: ad3c2466 ($19.37 in chips)
Seat 6: Hero ($18.85 in chips)
573d2535: posts small blind $0.05
b674cac1: posts big blind $0.1
*** HOLE CARDS ***
Dealt to a48571af 
Dealt to 967bcaa7 
Dealt to 573d2535 
Dealt to b674cac1 
Dealt to ad3c2466 
Dealt to Hero [Kc 2d]
ad3c2466: raises $0.2 to $0.3
Hero: folds
a48571af: folds
967bcaa7: folds
573d2535: calls $0.25
b674cac1: calls $0.2
*** FLOP *** [Kd 8s Th]
573d2535: bets $0.45
b674cac1: folds
ad3c2466: folds
Uncalled bet ($0.45) returned to 573d2535
*** SHOWDOWN ***
573d2535 collected $0.86 from pot
*** SUMMARY ***
Total pot $0.9 | Rake $0.04 | Jackpot $0 | Bingo $0 | Fortune $0 | Tax $0
Board [Kd 8s Th]
Seat 1: a48571af folded before Flop (didn't bet)
Seat 2: 967bcaa7 (button) folded before Flop (didn't bet)
Seat 3: 573d2535 (small blind) won ($0.86)
Seat 4: b674cac1 (big blind) folded on the Flop
Seat 5: ad3c2466 folded on the Flop
Seat 6: Hero folded before Flop (didn't bet)


Poker Hand #HD1770801991: Hold'em No Limit ($0.05/$0.1) - 2024/05/13 15:40:29
Table 'NLHRed2' 6-max Seat #1 is the button
Seat 1: a48571af ($10 in chips)
Seat 2: 967bcaa7 ($12.05 in chips)
Seat 3: 573d2535 ($10.15 in chips)
Seat 4: b674cac1 ($31.76 in chips)
Seat 5: ad3c2466 ($19.37 in chips)
Seat 6: Hero ($18.85 in chips)
967bcaa7: posts small blind $0.05
573d2535: posts big blind $0.1
*** HOLE CARDS ***
Dealt to a48571af 
Dealt to 967bcaa7 
Dealt to 573d2535 
Dealt to b674cac1 
Dealt to ad3c2466 
Dealt to Hero [3h Jc]
b674cac1: folds
ad3c2466: folds
Hero: folds
a48571af: folds
967bcaa7: folds
Uncalled bet ($0.05) returned to 573d2535
*** SHOWDOWN ***
573d2535 collected $0.1 from pot
*** SUMMARY ***
Total pot $0.1 | Rake $0 | Jackpot $0 | Bingo $0 | Fortune $0 | Tax $0
Seat 1: a48571af (button) folded before Flop (didn't bet)
Seat 2: 967bcaa7 (small blind) folded before Flop
Seat 3: 573d2535 (big blind) collected ($0.1)
Seat 4: b674cac1 folded before Flop (didn't bet)
Seat 5: ad3c2466 folded before Flop (didn't bet)
Seat 6: Hero folded before Flop (didn't bet)


Poker Hand #HD1770801944: Hold'em No Limit ($0.05/$0.1) - 2024/05/13 15:40:07
Table 'NLHRed2' 6-max Seat #6 is the button
Seat 1: a48571af ($10 in chips)
Seat 2: 967bcaa7 ($12.15 in chips)
Seat 3: 573d2535 ($10 in chips)
Seat 4: b674cac1 ($31.76 in chips)
Seat 5: ad3c2466 ($19.37 in chips)
Seat 6: Hero ($18.85 in chips)
a48571af: posts small blind $0.05
967bcaa7: posts big blind $0.1
*** HOLE CARDS ***
Dealt to a48571af 
Dealt to 967bcaa7 
Dealt to 573d2535 
Dealt to b674cac1 
Dealt to ad3c2466 
Dealt to Hero [9s Jc]
573d2535: raises $0.1 to $0.2
b674cac1: folds
ad3c2466: folds
Hero: folds
a48571af: folds
967bcaa7: folds
Uncalled bet ($0.1) returned to 573d2535
*** SHOWDOWN ***
573d2535 collected $0.25 from pot
*** SUMMARY ***
Total pot $0.25 | Rake $0 | Jackpot $0 | Bingo $0 | Fortune $0 | Tax $0
Seat 1: a48571af (small blind) folded before Flop
Seat 2: 967bcaa7 (big blind) folded before Flop
Seat 3: 573d2535 collected ($0.25)
Seat 4: b674cac1 folded before Flop (didn't bet)
Seat 5: ad3c2466 folded before Flop (didn't bet)
Seat 6: Hero (button) folded before Flop (didn't bet)


Poker Hand #HD1770801890: Hold'em No Limit ($0.05/$0.1) - 2024/05/13 15:39:38
Table 'NLHRed2' 6-max Seat #5 is the button
Seat 1: a48571af ($10 in chips)
Seat 2: 967bcaa7 ($12 in chips)
Seat 3: 573d2535 ($10 in chips)
Seat 4: b674cac1 ($31.76 in chips)
Seat 5: ad3c2466 ($19.37 in chips)
Seat 6: Hero ($18.9 in chips)
Hero: posts small blind $0.05
a48571af: posts big blind $0.1
*** HOLE CARDS ***
Dealt to a48571af 
Dealt to 967bcaa7 
Dealt to 573d2535 
Dealt to b674cac1 
Dealt to ad3c2466 
Dealt to Hero [7d 8h]
967bcaa7: raises $0.15 to $0.25
573d2535: folds
b674cac1: folds
ad3c2466: folds
Hero: folds
a48571af: folds
Uncalled bet ($0.15) returned to 967bcaa7
*** SHOWDOWN ***
967bcaa7 collected $0.25 from pot
*** SUMMARY ***
Total pot $0.25 | Rake $0 | Jackpot $0 | Bingo $0 | Fortune $0 | Tax $0
Seat 1: a48571af (big blind) folded before Flop
Seat 2: 967bcaa7 collected ($0.25)
Seat 3: 573d2535 folded before Flop (didn't bet)
Seat 4: b674cac1 folded before Flop (didn't bet)
Seat 5: ad3c2466 (button) folded before Flop (didn't bet)
Seat 6: Hero (small blind) folded before Flop


Poker Hand #HD1770801826: Hold'em No Limit ($0.05/$0.1) - 2024/05/13 15:39:05
Table 'NLHRed2' 6-max Seat #4 is the button
Seat 2: 967bcaa7 ($12 in chips)
Seat 3: 573d2535 ($10 in chips)
Seat 4: b674cac1 ($31.76 in chips)
Seat 5: ad3c2466 ($19.42 in chips)
Seat 6: Hero ($18.85 in chips)
ad3c2466: posts small blind $0.05
Hero: posts big blind $0.1
*** HOLE CARDS ***
Dealt to 967bcaa7 
Dealt to 573d2535 
Dealt to b674cac1 
Dealt to ad3c2466 
Dealt to Hero [5d Jh]
967bcaa7: folds
573d2535: folds
b674cac1: folds
ad3c2466: folds
Uncalled bet ($0.05) returned to Hero
*** SHOWDOWN ***
Hero collected $0.1 from pot
*** SUMMARY ***
Total pot $0.1 | Rake $0 | Jackpot $0 | Bingo $0 | Fortune $0 | Tax $0
Seat 2: 967bcaa7 folded before Flop (didn't bet)
Seat 3: 573d2535 folded before Flop (didn't bet)
Seat 4: b674cac1 (button) folded before Flop (didn't bet)
Seat 5: ad3c2466 (small blind) folded before Flop
Seat 6: Hero (big blind) collected ($0.1)


Poker Hand #HD1770801796: Hold'em No Limit ($0.05/$0.1) - 2024/05/13 15:38:53
Table 'NLHRed2' 6-max Seat #3 is the button
Seat 2: 967bcaa7 ($12 in chips)
Seat 3: 573d2535 ($10 in chips)
Seat 4: b674cac1 ($31.81 in chips)
Seat 5: ad3c2466 ($19.37 in chips)
Seat 6: Hero ($18.85 in chips)
b674cac1: posts small blind $0.05
ad3c2466: posts big blind $0.1
*** HOLE CARDS ***
Dealt to 967bcaa7 
Dealt to 573d2535 
Dealt to b674cac1 
Dealt to ad3c2466 
Dealt to Hero [Jh 7h]
Hero: folds
967bcaa7: folds
573d2535: folds
b674cac1: folds
Uncalled bet ($0.05) returned to ad3c2466
*** SHOWDOWN ***
ad3c2466 collected $0.1 from pot
*** SUMMARY ***
Total pot $0.1 | Rake $0 | Jackpot $0 | Bingo $0 | Fortune $0 | Tax $0
Seat 2: 967bcaa7 folded before Flop (didn't bet)
Seat 3: 573d2535 (button) folded before Flop (didn't bet)
Seat 4: b674cac1 (small blind) folded before Flop
Seat 5: ad3c2466 (big blind) collected ($0.1)
Seat 6: Hero folded before Flop (didn't bet)


Poker Hand #HD1770801711: Hold'em No Limit ($0.05/$0.1) - 2024/05/13 15:38:13
Table 'NLHRed2' 6-max Seat #2 is the button
Seat 2: 967bcaa7 ($11.09 in chips)
Seat 3: 573d2535 ($10.85 in chips)
Seat 4: b674cac1 ($31.91 in chips)
Seat 5: ad3c2466 ($19.37 in chips)
Seat 6: Hero ($18.85 in chips)
573d2535: posts small blind $0.05
b674cac1: posts big blind $0.1
*** HOLE CARDS ***
Dealt to 967bcaa7 
Dealt to 573d2535 
Dealt to b674cac1 
Dealt to ad3c2466 
Dealt to Hero [As 7h]
ad3c2466: folds
Hero: folds
967bcaa7: raises $0.15 to $0.25
573d2535: raises $0.65 to $0.9
b674cac1: folds
967bcaa7: raises $1.45 to $2.35
573d2535: folds
Uncalled bet ($1.45) returned to 967bcaa7
*** SHOWDOWN ***
967bcaa7 collected $1.81 from pot
*** SUMMARY ***
Total pot $1.9 | Rake $0.09 | Jackpot $0 | Bingo $0 | Fortune $0 | Tax $0
Seat 2: 967bcaa7 (button) collected ($1.81)
Seat 3: 573d2535 (small blind) folded before Flop
Seat 4: b674cac1 (big blind) folded before Flop
Seat 5: ad3c2466 folded before Flop (didn't bet)
Seat 6: Hero folded before Flop (didn't bet)


Poker Hand #HD1770801649: Hold'em No Limit ($0.05/$0.1) - 2024/05/13 15:37:47
Table 'NLHRed2' 6-max Seat #6 is the button
Seat 2: 967bcaa7 ($10 in chips)
Seat 3: 573d2535 ($10.95 in chips)
Seat 4: b674cac1 ($31.91 in chips)
Seat 5: ad3c2466 ($20.47 in chips)
Seat 6: Hero ($18.85 in chips)
967bcaa7: posts small blind $0.05
573d2535: posts big blind $0.1
*** HOLE CARDS ***
Dealt to 967bcaa7 
Dealt to 573d2535 
Dealt to b674cac1 
Dealt to ad3c2466 
Dealt to Hero [Td 7d]
b674cac1: folds
ad3c2466: raises $0.2 to $0.3
Hero: folds
967bcaa7: raises $0.8 to $1.1
573d2535: folds
ad3c2466: calls $0.8
*** FLOP *** [6c 2d 5h]
967bcaa7: bets $1.35
ad3c2466: folds
Uncalled bet ($1.35) returned to 967bcaa7
*** SHOWDOWN ***
967bcaa7 collected $2.19 from pot
*** SUMMARY ***
Total pot $2.3 | Rake $0.11 | Jackpot $0 | Bingo $0 | Fortune $0 | Tax $0
Board [6c 2d 5h]
Seat 2: 967bcaa7 (small blind) won ($2.19)
Seat 3: 573d2535 (big blind) folded before Flop
Seat 4: b674cac1 folded before Flop (didn't bet)
Seat 5: ad3c2466 folded on the Flop
Seat 6: Hero (button) folded before Flop (didn't bet)


Poker Hand #HD1770801469: Hold'em No Limit ($0.05/$0.1) - 2024/05/13 15:36:16
Table 'NLHRed2' 6-max Seat #5 is the button
Seat 1: 1f1177eb ($10.29 in chips)
Seat 2: 967bcaa7 ($13.14 in chips)
Seat 3: 573d2535 ($10.95 in chips)
Seat 4: b674cac1 ($31.91 in chips)
Seat 5: ad3c2466 ($15.74 in chips)
Seat 6: Hero ($18.9 in chips)
Hero: posts small blind $0.05
1f1177eb: posts big blind $0.1
*** HOLE CARDS ***
Dealt to 1f1177eb 
Dealt to 967bcaa7 
Dealt to 573d2535 
Dealt to b674cac1 
Dealt to ad3c2466 
Dealt to Hero [9s Ac]
967bcaa7: raises $0.15 to $0.25
573d2535: folds
b674cac1: folds
ad3c2466: raises $0.33 to $0.58
Hero: folds
1f1177eb: folds
967bcaa7: raises $0.93 to $1.51
ad3c2466: calls $0.93
*** FLOP *** [8c 2h Qh]
967bcaa7: bets $1.05
ad3c2466: calls $1.05
*** TURN *** [8c 2h Qh] [9c]
967bcaa7: checks
ad3c2466: checks
*** RIVER *** [8c 2h Qh 9c] [Th]
967bcaa7: checks
ad3c2466: bets $2.64
967bcaa7: calls $2.64
ad3c2466: shows [6h Ah] (Ace High Flush)
967bcaa7: shows [Tc Qd] (Pair of Queens and Pair of Tens)
*** SHOWDOWN ***
ad3c2466 collected $9.93 from pot
*** SUMMARY ***
Total pot $10.55 | Rake $0.52 | Jackpot $0.1 | Bingo $0 | Fortune $0 | Tax $0
Board [8c 2h Qh 9c Th]
Seat 1: 1f1177eb (big blind) folded before Flop
Seat 2: 967bcaa7 showed [Tc Qd] and lost with Pair of Queens and Pair of Tens
Seat 3: 573d2535 folded before Flop (didn't bet)
Seat 4: b674cac1 folded before Flop (didn't bet)
Seat 5: ad3c2466 (button) showed [6h Ah] and won ($9.93) with Ace High Flush
Seat 6: Hero (small blind) folded before Flop


Poker Hand #HD1770801384: Hold'em No Limit ($0.05/$0.1) - 2024/05/13 15:35:33
Table 'NLHRed2' 6-max Seat #4 is the button
Seat 1: 1f1177eb ($10.29 in chips)
Seat 2: 967bcaa7 ($13.14 in chips)
Seat 3: 573d2535 ($11.15 in chips)
Seat 4: b674cac1 ($31.91 in chips)
Seat 5: ad3c2466 ($15.46 in chips)
Seat 6: Hero ($19 in chips)
ad3c2466: posts small blind $0.05
Hero: posts big blind $0.1
*** HOLE CARDS ***
Dealt to 1f1177eb 
Dealt to 967bcaa7 
Dealt to 573d2535 
Dealt to b674cac1 
Dealt to ad3c2466 
Dealt to Hero [Jh 6h]
1f1177eb: folds
967bcaa7: folds
573d2535: raises $0.1 to $0.2
b674cac1: folds
ad3c2466: raises $1 to $1.2
Hero: folds
573d2535: folds
Uncalled bet ($1) returned to ad3c2466
*** SHOWDOWN ***
ad3c2466 collected $0.48 from pot
*** SUMMARY ***
Total pot $0.5 | Rake $0.02 | Jackpot $0 | Bingo $0 | Fortune $0 | Tax $0
Seat 1: 1f1177eb folded before Flop (didn't bet)
Seat 2: 967bcaa7 folded before Flop (didn't bet)
Seat 3: 573d2535 folded before Flop
Seat 4: b674cac1 (button) folded before Flop (didn't bet)
Seat 5: ad3c2466 (small blind) collected ($0.48)
Seat 6: Hero (big blind) folded before Flop


Poker Hand #HD1770801293: Hold'em No Limit ($0.05/$0.1) - 2024/05/13 15:34:47
Table 'NLHRed2' 6-max Seat #3 is the button
Seat 1: 1f1177eb ($10.59 in chips)
Seat 2: 967bcaa7 ($13.14 in chips)
Seat 3: 573d2535 ($10.73 in chips)
Seat 4: b674cac1 ($31.96 in chips)
Seat 5: ad3c2466 ($15.56 in chips)
Seat 6: Hero ($19 in chips)
b674cac1: posts small blind $0.05
ad3c2466: posts big blind $0.1
*** HOLE CARDS ***
Dealt to 1f1177eb 
Dealt to 967bcaa7 
Dealt to 573d2535 
Dealt to b674cac1 
Dealt to ad3c2466 
Dealt to Hero [9c Td]
Hero: folds
1f1177eb: raises $0.2 to $0.3
967bcaa7: folds
573d2535: raises $0.6 to $0.9
b674cac1: folds
ad3c2466: folds
1f1177eb: folds
Uncalled bet ($0.6) returned to 573d2535
*** SHOWDOWN ***
573d2535 collected $0.72 from pot
*** SUMMARY ***
Total pot $0.75 | Rake $0.03 | Jackpot $0 | Bingo $0 | Fortune $0 | Tax $0
Seat 1: 1f1177eb folded before Flop
Seat 2: 967bcaa7 folded before Flop (didn't bet)
Seat 3: 573d2535 (button) collected ($0.72)
Seat 4: b674cac1 (small blind) folded before Flop
Seat 5: ad3c2466 (big blind) folded before Flop
Seat 6: Hero folded before Flop (didn't bet)


Poker Hand #HD1770801190: Hold'em No Limit ($0.05/$0.1) - 2024/05/13 15:34:01
Table 'NLHRed2' 6-max Seat #2 is the button
Seat 2: 967bcaa7 ($13.14 in chips)
Seat 3: 573d2535 ($10 in chips)
Seat 4: b674cac1 ($32.06 in chips)
Seat 5: ad3c2466 ($16.26 in chips)
Seat 6: Hero ($19 in chips)
573d2535: posts small blind $0.05
b674cac1: posts big blind $0.1
*** HOLE CARDS ***
Dealt to 967bcaa7 
Dealt to 573d2535 
Dealt to b674cac1 
Dealt to ad3c2466 
Dealt to Hero [Ks 3c]
ad3c2466: raises $0.2 to $0.3
Hero: folds
967bcaa7: folds
573d2535: calls $0.25
b674cac1: folds
*** FLOP *** [6d Ad As]
573d2535: checks
ad3c2466: checks
*** TURN *** [6d Ad As] [3s]
573d2535: bets $0.4
ad3c2466: calls $0.4
*** RIVER *** [6d Ad As 3s] [5h]
573d2535: checks
ad3c2466: checks
573d2535: shows [Js 5s] (Pair of Aces and Pair of Fives)
ad3c2466: shows [Kh Jh] (Pair of Aces)
*** SHOWDOWN ***
573d2535 collected $1.43 from pot
*** SUMMARY ***
Total pot $1.5 | Rake $0.07 | Jackpot $0 | Bingo $0 | Fortune $0 | Tax $0
Board [6d Ad As 3s 5h]
Seat 2: 967bcaa7 (button) folded before Flop (didn't bet)
Seat 3: 573d2535 (small blind) showed [Js 5s] and won ($1.43) with Pair of Aces and Pair of Fives
Seat 4: b674cac1 (big blind) folded before Flop
Seat 5: ad3c2466 showed [Kh Jh] and lost with Pair of Aces
Seat 6: Hero folded before Flop (didn't bet)


Poker Hand #HD1770801069: Hold'em No Limit ($0.05/$0.1) - 2024/05/13 15:32:53
Table 'NLHRed2' 6-max Seat #6 is the button
Seat 1: 1f1177eb ($10.64 in chips)
Seat 2: 967bcaa7 ($12.64 in chips)
Seat 3: 573d2535 ($10 in chips)
Seat 4: b674cac1 ($32.06 in chips)
Seat 5: ad3c2466 ($16.26 in chips)
Seat 6: Hero ($19 in chips)
1f1177eb: posts small blind $0.05
967bcaa7: posts big blind $0.1
*** HOLE CARDS ***
Dealt to 1f1177eb 
Dealt to 967bcaa7 
Dealt to 573d2535 
Dealt to b674cac1 
Dealt to ad3c2466 
Dealt to Hero [2d 2c]
573d2535: raises $0.1 to $0.2
b674cac1: folds
ad3c2466: folds
Hero: folds
1f1177eb: folds
967bcaa7: calls $0.1
*** FLOP *** [4s Ac Th]
967bcaa7: checks
573d2535: bets $0.3
967bcaa7: calls $0.3
*** TURN *** [4s Ac Th] [4c]
967bcaa7: checks
573d2535: checks
*** RIVER *** [4s Ac Th 4c] [Tc]
967bcaa7: checks
573d2535: checks
967bcaa7: shows [Ah 8s] (Pair of Aces and Pair of Tens)
573d2535: shows [Jd Kc] (Pair of Tens and Pair of Fours)
*** SHOWDOWN ***
967bcaa7 collected $1 from pot
*** SUMMARY ***
Total pot $1.05 | Rake $0.05 | Jackpot $0 | Bingo $0 | Fortune $0 | Tax $0
Board [4s Ac Th 4c Tc]
Seat 1: 1f1177eb (small blind) folded before Flop
Seat 2: 967bcaa7 (big blind) showed [Ah 8s] and won ($1) with Pair of Aces and Pair of Tens
Seat 3: 573d2535 showed [Jd Kc] and lost with Pair of Tens and Pair of Fours
Seat 4: b674cac1 folded before Flop (didn't bet)
Seat 5: ad3c2466 folded before Flop (didn't bet)
Seat 6: Hero (button) folded before Flop (didn't bet)


Poker Hand #HD1770800901: Hold'em No Limit ($0.05/$0.1) - 2024/05/13 15:31:35
Table 'NLHRed2' 6-max Seat #5 is the button
Seat 1: 1f1177eb ($10.74 in chips)
Seat 2: 967bcaa7 ($12.64 in chips)
Seat 3: 573d2535 ($10 in chips)
Seat 4: b674cac1 ($32.06 in chips)
Seat 5: ad3c2466 ($16.22 in chips)
Seat 6: Hero ($10 in chips)
Hero: posts small blind $0.05
1f1177eb: posts big blind $0.1
*** HOLE CARDS ***
Dealt to 1f1177eb 
Dealt to 967bcaa7 
Dealt to 573d2535 
Dealt to b674cac1 
Dealt to ad3c2466 
Dealt to Hero [Ac Qc]
967bcaa7: folds
573d2535: folds
b674cac1: folds
ad3c2466: raises $0.2 to $0.3
Hero: raises $0.9 to $1.2
1f1177eb: folds
ad3c2466: calls $0.9
*** FLOP *** [7h 9c Jc]
Hero: bets $1.1
ad3c2466: raises $4.7 to $5.8
Hero: raises $3 to $8.8 and is all-in
ad3c2466: calls $3
Hero: shows [Ac Qc] (Ace-High)
ad3c2466: shows [8d Td] (Jacks-High Straight)
ad3c2466: Chooses to EV Cashout 
*** TURN *** [7h 9c Jc] [3s]
ad3c2466: Pays Cashout Risk ($3.34)
ad3c2466: Chooses to EV Cashout 
*** RIVER *** [7h 9c Jc 3s] [2c]
ad3c2466: Receives Cashout ($13.38)
*** SHOWDOWN ***
Hero collected $19 from pot
*** SUMMARY ***
Total pot $20.1 | Rake $1 | Jackpot $0.1 | Bingo $0 | Fortune $0 | Tax $0
Board [7h 9c Jc 3s 2c]
Seat 1: 1f1177eb (big blind) folded before Flop
Seat 2: 967bcaa7 folded before Flop (didn't bet)
Seat 3: 573d2535 folded before Flop (didn't bet)
Seat 4: b674cac1 folded before Flop (didn't bet)
Seat 5: ad3c2466 (button) showed [8d Td] and lost with Jacks-High Straight, Cashout Risk ($3.34), EV Cashout ($0)
Seat 6: Hero (small blind) showed [Ac Qc] and won ($19) with Ace High Flush


Poker Hand #HD1770800812: Hold'em No Limit ($0.05/$0.1) - 2024/05/13 15:30:54
Table 'NLHRed2' 6-max Seat #4 is the button
Seat 1: 1f1177eb ($10.74 in chips)
Seat 2: 967bcaa7 ($10 in chips)
Seat 3: 573d2535 ($10 in chips)
Seat 4: b674cac1 ($32.06 in chips)
Seat 5: ad3c2466 ($18.36 in chips)
Seat 6: Hero ($10 in chips)
ad3c2466: posts small blind $0.05
Hero: posts big blind $0.1
*** HOLE CARDS ***
Dealt to 1f1177eb 
Dealt to 967bcaa7 
Dealt to 573d2535 
Dealt to b674cac1 
Dealt to ad3c2466 
Dealt to Hero [9s Jd]
1f1177eb: folds
967bcaa7: raises $0.15 to $0.25
573d2535: raises $0.5 to $0.75
b674cac1: folds
ad3c2466: raises $1.39 to $2.14
Hero: folds
967bcaa7: raises $7.86 to $10 and is all-in
573d2535: folds
ad3c2466: folds
Uncalled bet ($7.86) returned to 967bcaa7
*** SHOWDOWN ***
967bcaa7 collected $4.78 from pot
*** SUMMARY ***
Total pot $5.13 | Rake $0.25 | Jackpot $0.1 | Bingo $0 | Fortune $0 | Tax $0
Seat 1: 1f1177eb folded before Flop (didn't bet)
Seat 2: 967bcaa7 collected ($4.78)
Seat 3: 573d2535 folded before Flop
Seat 4: b674cac1 (button) folded before Flop (didn't bet)
Seat 5: ad3c2466 (small blind) folded before Flop
Seat 6: Hero (big blind) folded before Flop


Poker Hand #HD1770800680: Hold'em No Limit ($0.05/$0.1) - 2024/05/13 15:29:44
Table 'NLHRed2' 6-max Seat #3 is the button
Seat 1: 1f1177eb ($10.22 in chips)
Seat 2: 967bcaa7 ($10 in chips)
Seat 3: 573d2535 ($10 in chips)
Seat 4: b674cac1 ($32.11 in chips)
Seat 5: ad3c2466 ($18.88 in chips)
Seat 6: Hero ($10 in chips)
b674cac1: posts small blind $0.05
ad3c2466: posts big blind $0.1
*** HOLE CARDS ***
Dealt to 1f1177eb 
Dealt to 967bcaa7 
Dealt to 573d2535 
Dealt to b674cac1 
Dealt to ad3c2466 
Dealt to Hero [5h 5s]
Hero: folds
1f1177eb: raises $0.2 to $0.3
967bcaa7: folds
573d2535: folds
b674cac1: folds
ad3c2466: calls $0.2
*** FLOP *** [7h 9h Ks]
ad3c2466: checks
1f1177eb: bets $0.22
ad3c2466: calls $0.22
*** TURN *** [7h 9h Ks] [2d]
ad3c2466: checks
1f1177eb: checks
*** RIVER *** [7h 9h Ks 2d] [5c]
ad3c2466: checks
1f1177eb: checks
ad3c2466: shows [Ah 3s] (Ace-High)
1f1177eb: shows [Jc 9c] (Pair of Nines)
*** SHOWDOWN ***
1f1177eb collected $1.04 from pot
*** SUMMARY ***
Total pot $1.09 | Rake $0.05 | Jackpot $0 | Bingo $0 | Fortune $0 | Tax $0
Board [7h 9h Ks 2d 5c]
Seat 1: 1f1177eb showed [Jc 9c] and won ($1.04) with Pair of Nines
Seat 2: 967bcaa7 folded before Flop (didn't bet)
Seat 3: 573d2535 (button) folded before Flop (didn't bet)
Seat 4: b674cac1 (small blind) folded before Flop
Seat 5: ad3c2466 (big blind) showed [Ah 3s] and lost with Ace-High
Seat 6: Hero folded before Flop (didn't bet)


Poker Hand #HD1770800602: Hold'em No Limit ($0.05/$0.1) - 2024/05/13 15:29:09
Table 'NLHRed2' 6-max Seat #2 is the button
Seat 1: 1f1177eb ($10.22 in chips)
Seat 2: 967bcaa7 ($10 in chips)
Seat 3: 573d2535 ($10.05 in chips)
Seat 4: b674cac1 ($31.97 in chips)
Seat 5: ad3c2466 ($18.98 in chips)
Seat 6: Hero ($10 in chips)
573d2535: posts small blind $0.05
b674cac1: posts big blind $0.1
*** HOLE CARDS ***
Dealt to 1f1177eb 
Dealt to 967bcaa7 
Dealt to 573d2535 
Dealt to b674cac1 
Dealt to ad3c2466 
Dealt to Hero [Qh 4h]
ad3c2466: calls $0.1
Hero: folds
1f1177eb: folds
967bcaa7: folds
573d2535: folds
b674cac1: checks
*** FLOP *** [7d 9s 8c]
b674cac1: checks
ad3c2466: checks
*** TURN *** [7d 9s 8c] [2d]
b674cac1: bets $0.18
ad3c2466: folds
Uncalled bet ($0.18) returned to b674cac1
*** SHOWDOWN ***
b674cac1 collected $0.24 from pot
*** SUMMARY ***
Total pot $0.25 | Rake $0.01 | Jackpot $0 | Bingo $0 | Fortune $0 | Tax $0
Board [7d 9s 8c 2d]
Seat 1: 1f1177eb folded before Flop (didn't bet)
Seat 2: 967bcaa7 (button) folded before Flop (didn't bet)
Seat 3: 573d2535 (small blind) folded before Flop
Seat 4: b674cac1 (big blind) won ($0.24)
Seat 5: ad3c2466 folded on the Turn
Seat 6: Hero folded before Flop (didn't bet)


Poker Hand #HD1770800542: Hold'em No Limit ($0.05/$0.1) - 2024/05/13 15:28:40
Table 'NLHRed2' 6-max Seat #1 is the button
Seat 1: 1f1177eb ($10.22 in chips)
Seat 2: 967bcaa7 ($10 in chips)
Seat 3: 573d2535 ($10.15 in chips)
Seat 4: b674cac1 ($31.97 in chips)
Seat 5: ad3c2466 ($18.83 in chips)
Seat 6: Hero ($10 in chips)
967bcaa7: posts small blind $0.05
573d2535: posts big blind $0.1
*** HOLE CARDS ***
Dealt to 1f1177eb 
Dealt to 967bcaa7 
Dealt to 573d2535 
Dealt to b674cac1 
Dealt to ad3c2466 
Dealt to Hero [7d 2s]
b674cac1: folds
ad3c2466: raises $0.2 to $0.3
Hero: folds
1f1177eb: folds
967bcaa7: folds
573d2535: folds
Uncalled bet ($0.2) returned to ad3c2466
*** SHOWDOWN ***
ad3c2466 collected $0.25 from pot
*** SUMMARY ***
Total pot $0.25 | Rake $0 | Jackpot $0 | Bingo $0 | Fortune $0 | Tax $0
Seat 1: 1f1177eb (button) folded before Flop (didn't bet)
Seat 2: 967bcaa7 (small blind) folded before Flop
Seat 3: 573d2535 (big blind) folded before Flop
Seat 4: b674cac1 folded before Flop (didn't bet)
Seat 5: ad3c2466 collected ($0.25)
Seat 6: Hero folded before Flop (didn't bet)


Poker Hand #HD1770800325: Hold'em No Limit ($0.05/$0.1) - 2024/05/13 15:26:59
Table 'NLHRed2' 6-max Seat #6 is the button
Seat 1: 1f1177eb ($10.27 in chips)
Seat 2: 967bcaa7 ($11.22 in chips)
Seat 4: b674cac1 ($32.17 in chips)
Seat 5: ad3c2466 ($14.64 in chips)
Seat 6: Hero ($10.96 in chips)
1f1177eb: posts small blind $0.05
967bcaa7: posts big blind $0.1
*** HOLE CARDS ***
Dealt to 1f1177eb 
Dealt to 967bcaa7 
Dealt to b674cac1 
Dealt to ad3c2466 
Dealt to Hero [Ah Qs]
b674cac1: raises $0.1 to $0.2
ad3c2466: calls $0.2
Hero: raises $0.8 to $1
1f1177eb: folds
967bcaa7: calls $0.9
b674cac1: folds
ad3c2466: calls $0.8
*** FLOP *** [Td 9c 8c]
967bcaa7: checks
ad3c2466: checks
Hero: checks
*** TURN *** [Td 9c 8c] [4s]
967bcaa7: checks
ad3c2466: checks
Hero: checks
*** RIVER *** [Td 9c 8c 4s] [7s]
967bcaa7: bets $2.44
ad3c2466: calls $2.44
Hero: folds
967bcaa7: shows [Ad Qd] (Ace-High)
ad3c2466: shows [Kc Jh] (Jacks-High Straight)
*** SHOWDOWN ***
ad3c2466 collected $7.63 from pot
*** SUMMARY ***
Total pot $8.13 | Rake $0.4 | Jackpot $0.1 | Bingo $0 | Fortune $0 | Tax $0
Board [Td 9c 8c 4s 7s]
Seat 1: 1f1177eb (small blind) folded before Flop
Seat 2: 967bcaa7 (big blind) showed [Ad Qd] and lost with Ace-High
Seat 4: b674cac1 folded before Flop
Seat 5: ad3c2466 showed [Kc Jh] and won ($7.63) with Jacks-High Straight
Seat 6: Hero (button) folded on the River


Poker Hand #HD1770800279: Hold'em No Limit ($0.05/$0.1) - 2024/05/13 15:26:36
Table 'NLHRed2' 6-max Seat #5 is the button
Seat 1: 1f1177eb ($10.37 in chips)
Seat 2: 967bcaa7 ($11.22 in chips)
Seat 4: b674cac1 ($32.02 in chips)
Seat 5: ad3c2466 ($14.64 in chips)
Seat 6: Hero ($11.01 in chips)
Hero: posts small blind $0.05
1f1177eb: posts big blind $0.1
*** HOLE CARDS ***
Dealt to 1f1177eb 
Dealt to 967bcaa7 
Dealt to b674cac1 
Dealt to ad3c2466 
Dealt to Hero [Ac 4h]
967bcaa7: folds
b674cac1: raises $0.1 to $0.2
ad3c2466: folds
Hero: folds
1f1177eb: folds
Uncalled bet ($0.1) returned to b674cac1
*** SHOWDOWN ***
b674cac1 collected $0.25 from pot
*** SUMMARY ***
Total pot $0.25 | Rake $0 | Jackpot $0 | Bingo $0 | Fortune $0 | Tax $0
Seat 1: 1f1177eb (big blind) folded before Flop
Seat 2: 967bcaa7 folded before Flop (didn't bet)
Seat 4: b674cac1 collected ($0.25)
Seat 5: ad3c2466 (button) folded before Flop (didn't bet)
Seat 6: Hero (small blind) folded before Flop


Poker Hand #HD1770800135: Hold'em No Limit ($0.05/$0.1) - 2024/05/13 15:25:29
Table 'NLHRed2' 6-max Seat #4 is the button
Seat 1: 1f1177eb ($10.67 in chips)
Seat 2: 967bcaa7 ($11.22 in chips)
Seat 4: b674cac1 ($32.02 in chips)
Seat 5: ad3c2466 ($14.94 in chips)
Seat 6: Hero ($10.45 in chips)
ad3c2466: posts small blind $0.05
Hero: posts big blind $0.1
*** HOLE CARDS ***
Dealt to 1f1177eb 
Dealt to 967bcaa7 
Dealt to b674cac1 
Dealt to ad3c2466 
Dealt to Hero [As 7s]
1f1177eb: raises $0.2 to $0.3
967bcaa7: folds
b674cac1: folds
ad3c2466: calls $0.25
Hero: calls $0.2
*** FLOP *** [Ah 4c 2d]
ad3c2466: checks
Hero: checks
1f1177eb: checks
*** TURN *** [Ah 4c 2d] [4d]
ad3c2466: checks
Hero: checks
1f1177eb: checks
*** RIVER *** [Ah 4c 2d 4d] [8h]
ad3c2466: checks
Hero: bets $0.5
1f1177eb: folds
ad3c2466: folds
Uncalled bet ($0.5) returned to Hero
*** SHOWDOWN ***
Hero collected $0.86 from pot
*** SUMMARY ***
Total pot $0.9 | Rake $0.04 | Jackpot $0 | Bingo $0 | Fortune $0 | Tax $0
Board [Ah 4c 2d 4d 8h]
Seat 1: 1f1177eb folded on the River
Seat 2: 967bcaa7 folded before Flop (didn't bet)
Seat 4: b674cac1 (button) folded before Flop (didn't bet)
Seat 5: ad3c2466 (small blind) folded on the River
Seat 6: Hero (big blind) won ($0.86)


Poker Hand #HD1770800025: Hold'em No Limit ($0.05/$0.1) - 2024/05/13 15:24:36
Table 'NLHRed2' 6-max Seat #2 is the button
Seat 1: 1f1177eb ($10.67 in chips)
Seat 2: 967bcaa7 ($10.94 in chips)
Seat 4: b674cac1 ($32.07 in chips)
Seat 5: ad3c2466 ($15.19 in chips)
Seat 6: Hero ($10.45 in chips)
b674cac1: posts small blind $0.05
ad3c2466: posts big blind $0.1
*** HOLE CARDS ***
Dealt to 1f1177eb 
Dealt to 967bcaa7 
Dealt to b674cac1 
Dealt to ad3c2466 
Dealt to Hero [5s 9s]
Hero: folds
1f1177eb: folds
967bcaa7: raises $0.15 to $0.25
b674cac1: folds
ad3c2466: calls $0.15
*** FLOP *** [7h Ah 6d]
ad3c2466: checks
967bcaa7: bets $0.28
ad3c2466: folds
Uncalled bet ($0.28) returned to 967bcaa7
*** SHOWDOWN ***
967bcaa7 collected $0.53 from pot
*** SUMMARY ***
Total pot $0.55 | Rake $0.02 | Jackpot $0 | Bingo $0 | Fortune $0 | Tax $0
Board [7h Ah 6d]
Seat 1: 1f1177eb folded before Flop (didn't bet)
Seat 2: 967bcaa7 (button) won ($0.53)
Seat 4: b674cac1 (small blind) folded before Flop
Seat 5: ad3c2466 (big blind) folded on the Flop
Seat 6: Hero folded before Flop (didn't bet)


Poker Hand #HD1770799930: Hold'em No Limit ($0.05/$0.1) - 2024/05/13 15:23:56
Table 'NLHRed2' 6-max Seat #1 is the button
Seat 1: 1f1177eb ($10.91 in chips)
Seat 2: 967bcaa7 ($10.62 in chips)
Seat 4: b674cac1 ($32.17 in chips)
Seat 5: ad3c2466 ($15.19 in chips)
Seat 6: Hero ($10.45 in chips)
967bcaa7: posts small blind $0.05
b674cac1: posts big blind $0.1
*** HOLE CARDS ***
Dealt to 1f1177eb 
Dealt to 967bcaa7 
Dealt to b674cac1 
Dealt to ad3c2466 
Dealt to Hero [4d Jd]
ad3c2466: folds
Hero: folds
1f1177eb: raises $0.14 to $0.24
967bcaa7: raises $0.74 to $0.98
b674cac1: folds
1f1177eb: folds
Uncalled bet ($0.74) returned to 967bcaa7
*** SHOWDOWN ***
967bcaa7 collected $0.56 from pot
*** SUMMARY ***
Total pot $0.58 | Rake $0.02 | Jackpot $0 | Bingo $0 | Fortune $0 | Tax $0
Seat 1: 1f1177eb (button) folded before Flop
Seat 2: 967bcaa7 (small blind) collected ($0.56)
Seat 4: b674cac1 (big blind) folded before Flop
Seat 5: ad3c2466 folded before Flop (didn't bet)
Seat 6: Hero folded before Flop (didn't bet)


Poker Hand #HD1770799826: Hold'em No Limit ($0.05/$0.1) - 2024/05/13 15:23:14
Table 'NLHRed2' 6-max Seat #6 is the button
Seat 1: 1f1177eb ($10.96 in chips)
Seat 2: 967bcaa7 ($10.72 in chips)
Seat 4: b674cac1 ($32.17 in chips)
Seat 5: ad3c2466 ($15.05 in chips)
Seat 6: Hero ($10.45 in chips)
1f1177eb: posts small blind $0.05
967bcaa7: posts big blind $0.1
*** HOLE CARDS ***
Dealt to 1f1177eb 
Dealt to 967bcaa7 
Dealt to b674cac1 
Dealt to ad3c2466 
Dealt to Hero [8d 2d]
b674cac1: folds
ad3c2466: calls $0.1
Hero: folds
1f1177eb: folds
967bcaa7: checks
*** FLOP *** [5h Ad Jh]
967bcaa7: checks
ad3c2466: checks
*** TURN *** [5h Ad Jh] [Qs]
967bcaa7: checks
ad3c2466: bets $0.13
967bcaa7: folds
Uncalled bet ($0.13) returned to ad3c2466
*** SHOWDOWN ***
ad3c2466 collected $0.24 from pot
*** SUMMARY ***
Total pot $0.25 | Rake $0.01 | Jackpot $0 | Bingo $0 | Fortune $0 | Tax $0
Board [5h Ad Jh Qs]
Seat 1: 1f1177eb (small blind) folded before Flop
Seat 2: 967bcaa7 (big blind) folded on the Turn
Seat 4: b674cac1 folded before Flop (didn't bet)
Seat 5: ad3c2466 won ($0.24)
Seat 6: Hero (button) folded before Flop (didn't bet)


Poker Hand #HD1770799618: Hold'em No Limit ($0.05/$0.1) - 2024/05/13 15:21:36
Table 'NLHRed2' 6-max Seat #5 is the button
Seat 1: 1f1177eb ($11.46 in chips)
Seat 2: 967bcaa7 ($10.72 in chips)
Seat 4: b674cac1 ($32.17 in chips)
Seat 5: ad3c2466 ($15.05 in chips)
Seat 6: Hero ($10 in chips)
Hero: posts small blind $0.05
1f1177eb: posts big blind $0.1
*** HOLE CARDS ***
Dealt to 1f1177eb 
Dealt to 967bcaa7 
Dealt to b674cac1 
Dealt to ad3c2466 
Dealt to Hero [3c Ac]
967bcaa7: folds
b674cac1: folds
ad3c2466: folds
Hero: raises $0.2 to $0.3
1f1177eb: calls $0.2
*** FLOP *** [Jc Ad 9s]
Hero: checks
1f1177eb: bets $0.2
Hero: calls $0.2
*** TURN *** [Jc Ad 9s] [9c]
Hero: checks
1f1177eb: checks
*** RIVER *** [Jc Ad 9s 9c] [Ts]
Hero: checks
1f1177eb: checks
Hero: shows [3c Ac] (Pair of Aces and Pair of Nines)
1f1177eb: shows [Jh Qh] (Pair of Jacks and Pair of Nines)
*** SHOWDOWN ***
Hero collected $0.95 from pot
*** SUMMARY ***
Total pot $1 | Rake $0.05 | Jackpot $0 | Bingo $0 | Fortune $0 | Tax $0
Board [Jc Ad 9s 9c Ts]
Seat 1: 1f1177eb (big blind) showed [Jh Qh] and lost with Pair of Jacks and Pair of Nines
Seat 2: 967bcaa7 folded before Flop (didn't bet)
Seat 4: b674cac1 folded before Flop (didn't bet)
Seat 5: ad3c2466 (button) folded before Flop (didn't bet)
Seat 6: Hero (small blind) showed [3c Ac] and won ($0.95) with Pair of Aces and Pair of Nines


Poker Hand #HD1770799597: Hold'em No Limit ($0.05/$0.1) - 2024/05/13 15:21:26
Table 'NLHRed2' 6-max Seat #4 is the button
Seat 2: 967bcaa7 ($10.72 in chips)
Seat 4: b674cac1 ($32.17 in chips)
Seat 5: ad3c2466 ($14.95 in chips)
Seat 6: Hero ($10 in chips)
ad3c2466: posts small blind $0.05
Hero: posts big blind $0.1
*** HOLE CARDS ***
Dealt to 967bcaa7 
Dealt to b674cac1 
Dealt to ad3c2466 
Dealt to Hero [7h Tc]
967bcaa7: folds
b674cac1: folds
ad3c2466: raises $0.2 to $0.3
Hero: folds
Uncalled bet ($0.2) returned to ad3c2466
*** SHOWDOWN ***
ad3c2466 collected $0.2 from pot
*** SUMMARY ***
Total pot $0.2 | Rake $0 | Jackpot $0 | Bingo $0 | Fortune $0 | Tax $0
Seat 2: 967bcaa7 folded before Flop (didn't bet)
Seat 4: b674cac1 (button) folded before Flop (didn't bet)
Seat 5: ad3c2466 (small blind) collected ($0.2)
Seat 6: Hero (big blind) folded before Flop


Poker Hand #HD1770799570: Hold'em No Limit ($0.05/$0.1) - 2024/05/13 15:21:15
Table 'NLHRed2' 6-max Seat #2 is the button
Seat 2: 967bcaa7 ($10.57 in chips)
Seat 4: b674cac1 ($32.22 in chips)
Seat 5: ad3c2466 ($15.05 in chips)
Seat 6: Hero ($10 in chips)
b674cac1: posts small blind $0.05
ad3c2466: posts big blind $0.1
*** HOLE CARDS ***
Dealt to 967bcaa7 
Dealt to b674cac1 
Dealt to ad3c2466 
Dealt to Hero [8h 4d]
Hero: folds
967bcaa7: raises $0.15 to $0.25
b674cac1: folds
ad3c2466: folds
Uncalled bet ($0.15) returned to 967bcaa7
*** SHOWDOWN ***
967bcaa7 collected $0.25 from pot
*** SUMMARY ***
Total pot $0.25 | Rake $0 | Jackpot $0 | Bingo $0 | Fortune $0 | Tax $0
Seat 2: 967bcaa7 (button) collected ($0.25)
Seat 4: b674cac1 (small blind) folded before Flop
Seat 5: ad3c2466 (big blind) folded before Flop
Seat 6: Hero folded before Flop (didn't bet)


Poker Hand #HD1770799553: Hold'em No Limit ($0.05/$0.1) - 2024/05/13 15:21:03
Table 'NLHRed2' 6-max Seat #6 is the button
Seat 2: 967bcaa7 ($10.62 in chips)
Seat 4: b674cac1 ($32.32 in chips)
Seat 5: ad3c2466 ($14.9 in chips)
Seat 6: Hero ($10 in chips)
967bcaa7: posts small blind $0.05
b674cac1: posts big blind $0.1
*** HOLE CARDS ***
Dealt to 967bcaa7 
Dealt to b674cac1 
Dealt to ad3c2466 
Dealt to Hero [Qd 3c]
ad3c2466: raises $0.2 to $0.3
Hero: folds
967bcaa7: folds
b674cac1: folds
Uncalled bet ($0.2) returned to ad3c2466
*** SHOWDOWN ***
ad3c2466 collected $0.25 from pot
*** SUMMARY ***
Total pot $0.25 | Rake $0 | Jackpot $0 | Bingo $0 | Fortune $0 | Tax $0
Seat 2: 967bcaa7 (small blind) folded before Flop
Seat 4: b674cac1 (big blind) folded before Flop
Seat 5: ad3c2466 collected ($0.25)
Seat 6: Hero (button) folded before Flop (didn't bet)


Poker Hand #HD1770799509: Hold'em No Limit ($0.05/$0.1) - 2024/05/13 15:20:42
Table 'NLHRed2' 6-max Seat #5 is the button
Seat 2: 967bcaa7 ($10.72 in chips)
Seat 3: 573d2535 ($10.15 in chips)
Seat 4: b674cac1 ($32.32 in chips)
Seat 5: ad3c2466 ($14.75 in chips)
Seat 6: Hero ($10 in chips)
Hero: posts small blind $0.05
967bcaa7: posts big blind $0.1
*** HOLE CARDS ***
Dealt to 967bcaa7 
Dealt to 573d2535 
Dealt to b674cac1 
Dealt to ad3c2466 
Dealt to Hero [Kd 7s]
573d2535: folds
b674cac1: folds
ad3c2466: raises $0.2 to $0.3
Hero: folds
967bcaa7: folds
Uncalled bet ($0.2) returned to ad3c2466
*** SHOWDOWN ***
ad3c2466 collected $0.25 from pot
*** SUMMARY ***
Total pot $0.25 | Rake $0 | Jackpot $0 | Bingo $0 | Fortune $0 | Tax $0
Seat 2: 967bcaa7 (big blind) folded before Flop
Seat 3: 573d2535 folded before Flop (didn't bet)
Seat 4: b674cac1 folded before Flop (didn't bet)
Seat 5: ad3c2466 (button) collected ($0.25)
Seat 6: Hero (small blind) folded before Flop


Poker Hand #HD1770799435: Hold'em No Limit ($0.05/$0.1) - 2024/05/13 15:20:12
Table 'NLHRed2' 6-max Seat #4 is the button
Seat 1: 1f1177eb ($11.46 in chips)
Seat 2: 967bcaa7 ($10.72 in chips)
Seat 3: 573d2535 ($10 in chips)
Seat 4: b674cac1 ($32.32 in chips)
Seat 5: ad3c2466 ($14.8 in chips)
Seat 6: Hero ($10 in chips)
ad3c2466: posts small blind $0.05
Hero: posts big blind $0.1
*** HOLE CARDS ***
Dealt to 1f1177eb 
Dealt to 967bcaa7 
Dealt to 573d2535 
Dealt to b674cac1 
Dealt to ad3c2466 
Dealt to Hero [9d 4c]
1f1177eb: folds
967bcaa7: folds
573d2535: raises $0.1 to $0.2
b674cac1: folds
ad3c2466: folds
Hero: folds
Uncalled bet ($0.1) returned to 573d2535
*** SHOWDOWN ***
573d2535 collected $0.25 from pot
*** SUMMARY ***
Total pot $0.25 | Rake $0 | Jackpot $0 | Bingo $0 | Fortune $0 | Tax $0
Seat 1: 1f1177eb folded before Flop (didn't bet)
Seat 2: 967bcaa7 folded before Flop (didn't bet)
Seat 3: 573d2535 collected ($0.25)
Seat 4: b674cac1 (button) folded before Flop (didn't bet)
Seat 5: ad3c2466 (small blind) folded before Flop
Seat 6: Hero (big blind) folded before Flop


Poker Hand #HD1770799265: Hold'em No Limit ($0.05/$0.1) - 2024/05/13 15:18:51
Table 'NLHRed2' 6-max Seat #3 is the button
Seat 1: 1f1177eb ($11.46 in chips)
Seat 2: 967bcaa7 ($10 in chips)
Seat 3: 573d2535 ($10 in chips)
Seat 4: b674cac1 ($32.37 in chips)
Seat 5: ad3c2466 ($15.33 in chips)
Seat 6: Hero ($10.15 in chips)
b674cac1: posts small blind $0.05
ad3c2466: posts big blind $0.1
*** HOLE CARDS ***
Dealt to 1f1177eb 
Dealt to 967bcaa7 
Dealt to 573d2535 
Dealt to b674cac1 
Dealt to ad3c2466 
Dealt to Hero [Jh Ad]
Hero: raises $0.1 to $0.2
1f1177eb: folds
967bcaa7: calls $0.2
573d2535: folds
b674cac1: folds
ad3c2466: calls $0.1
*** FLOP *** [7h 6s 3h]
ad3c2466: checks
Hero: checks
967bcaa7: bets $0.33
ad3c2466: calls $0.33
Hero: folds
*** TURN *** [7h 6s 3h] [2d]
ad3c2466: checks
967bcaa7: bets $0.66
ad3c2466: folds
Uncalled bet ($0.66) returned to 967bcaa7
*** SHOWDOWN ***
967bcaa7 collected $1.25 from pot
*** SUMMARY ***
Total pot $1.31 | Rake $0.06 | Jackpot $0 | Bingo $0 | Fortune $0 | Tax $0
Board [7h 6s 3h 2d]
Seat 1: 1f1177eb folded before Flop (didn't bet)
Seat 2: 967bcaa7 won ($1.25)
Seat 3: 573d2535 (button) folded before Flop (didn't bet)
Seat 4: b674cac1 (small blind) folded before Flop
Seat 5: ad3c2466 (big blind) folded on the Turn
Seat 6: Hero folded on the Flop


Poker Hand #HD1770799195: Hold'em No Limit ($0.05/$0.1) - 2024/05/13 15:18:15
Table 'NLHRed2' 6-max Seat #2 is the button
Seat 1: 1f1177eb ($11.46 in chips)
Seat 2: 967bcaa7 ($10 in chips)
Seat 3: 573d2535 ($10 in chips)
Seat 4: b674cac1 ($32.47 in chips)
Seat 5: ad3c2466 ($15.33 in chips)
Seat 6: Hero ($10 in chips)
573d2535: posts small blind $0.05
b674cac1: posts big blind $0.1
*** HOLE CARDS ***
Dealt to 1f1177eb 
Dealt to 967bcaa7 
Dealt to 573d2535 
Dealt to b674cac1 
Dealt to ad3c2466 
Dealt to Hero [Ad 5d]
ad3c2466: folds
Hero: raises $0.1 to $0.2
1f1177eb: folds
967bcaa7: folds
573d2535: folds
b674cac1: folds
Uncalled bet ($0.1) returned to Hero
*** SHOWDOWN ***
Hero collected $0.25 from pot
*** SUMMARY ***
Total pot $0.25 | Rake $0 | Jackpot $0 | Bingo $0 | Fortune $0 | Tax $0
Seat 1: 1f1177eb folded before Flop (didn't bet)
Seat 2: 967bcaa7 (button) folded before Flop (didn't bet)
Seat 3: 573d2535 (small blind) folded before Flop
Seat 4: b674cac1 (big blind) folded before Flop
Seat 5: ad3c2466 folded before Flop (didn't bet)
Seat 6: Hero collected ($0.25)


Poker Hand #HD1770799037: Hold'em No Limit ($0.05/$0.1) - 2024/05/13 15:16:59
Table 'NLHRed2' 6-max Seat #1 is the button
Seat 1: 1f1177eb ($11.46 in chips)
Seat 2: 967bcaa7 ($10 in chips)
Seat 3: 573d2535 ($11.08 in chips)
Seat 4: b674cac1 ($32.47 in chips)
Seat 5: ad3c2466 ($13.42 in chips)
Seat 6: Hero ($10 in chips)
967bcaa7: posts small blind $0.05
573d2535: posts big blind $0.1
*** HOLE CARDS ***
Dealt to 1f1177eb 
Dealt to 967bcaa7 
Dealt to 573d2535 
Dealt to b674cac1 
Dealt to ad3c2466 
Dealt to Hero [Ah Tc]
b674cac1: folds
ad3c2466: raises $0.2 to $0.3
Hero: folds
1f1177eb: folds
967bcaa7: folds
573d2535: calls $0.2
*** FLOP *** [Qh 6c 8s]
573d2535: checks
ad3c2466: bets $0.33
573d2535: calls $0.33
*** TURN *** [Qh 6c 8s] [6d]
573d2535: checks
ad3c2466: checks
*** RIVER *** [Qh 6c 8s 6d] [4h]
573d2535: bets $0.44
ad3c2466: raises $1.1 to $1.54
573d2535: calls $1.1
ad3c2466: shows [6s 6h] (Four Sixes)
573d2535: shows [Qd 7d] (Pair of Queens and Pair of Sixes)
*** SHOWDOWN ***
ad3c2466 collected $4.08 from pot
*** SUMMARY ***
Total pot $4.39 | Rake $0.21 | Jackpot $0.1 | Bingo $0 | Fortune $0 | Tax $0
Board [Qh 6c 8s 6d 4h]
Seat 1: 1f1177eb (button) folded before Flop (didn't bet)
Seat 2: 967bcaa7 (small blind) folded before Flop
Seat 3: 573d2535 (big blind) showed [Qd 7d] and lost with Pair of Queens and Pair of Sixes
Seat 4: b674cac1 folded before Flop (didn't bet)
Seat 5: ad3c2466 showed [6s 6h] and won ($4.08) with Four Sixes
Seat 6: Hero folded before Flop (didn't bet)


Poker Hand #HD1770798961: Hold'em No Limit ($0.05/$0.1) - 2024/05/13 15:16:24
Table 'NLHRed2' 6-max Seat #6 is the button
Seat 1: 1f1177eb ($11.51 in chips)
Seat 2: 967bcaa7 ($10 in chips)
Seat 3: 573d2535 ($11.28 in chips)
Seat 4: b674cac1 ($32.14 in chips)
Seat 5: ad3c2466 ($13.42 in chips)
Seat 6: Hero ($10 in chips)
1f1177eb: posts small blind $0.05
967bcaa7: posts big blind $0.1
*** HOLE CARDS ***
Dealt to 1f1177eb 
Dealt to 967bcaa7 
Dealt to 573d2535 
Dealt to b674cac1 
Dealt to ad3c2466 
Dealt to Hero [6s Ah]
573d2535: raises $0.1 to $0.2
b674cac1: raises $0.5 to $0.7
ad3c2466: folds
Hero: folds
1f1177eb: folds
967bcaa7: folds
573d2535: folds
Uncalled bet ($0.5) returned to b674cac1
*** SHOWDOWN ***
b674cac1 collected $0.53 from pot
*** SUMMARY ***
Total pot $0.55 | Rake $0.02 | Jackpot $0 | Bingo $0 | Fortune $0 | Tax $0
Seat 1: 1f1177eb (small blind) folded before Flop
Seat 2: 967bcaa7 (big blind) folded before Flop
Seat 3: 573d2535 folded before Flop
Seat 4: b674cac1 collected ($0.53)
Seat 5: ad3c2466 folded before Flop (didn't bet)
Seat 6: Hero (button) folded before Flop (didn't bet)


Poker Hand #HD1770798918: Hold'em No Limit ($0.05/$0.1) - 2024/05/13 15:16:03
Table 'NLHRed2' 6-max Seat #5 is the button
Seat 1: 1f1177eb ($11.61 in chips)
Seat 2: 967bcaa7 ($10 in chips)
Seat 3: 573d2535 ($11.28 in chips)
Seat 4: b674cac1 ($32.14 in chips)
Seat 5: ad3c2466 ($13.27 in chips)
Seat 6: Hero ($10 in chips)
Hero: posts small blind $0.05
1f1177eb: posts big blind $0.1
*** HOLE CARDS ***
Dealt to 1f1177eb 
Dealt to 967bcaa7 
Dealt to 573d2535 
Dealt to b674cac1 
Dealt to ad3c2466 
Dealt to Hero [9c 3h]
967bcaa7: folds
573d2535: folds
b674cac1: folds
ad3c2466: raises $0.2 to $0.3
Hero: folds
1f1177eb: folds
Uncalled bet ($0.2) returned to ad3c2466
*** SHOWDOWN ***
ad3c2466 collected $0.25 from pot
*** SUMMARY ***
Total pot $0.25 | Rake $0 | Jackpot $0 | Bingo $0 | Fortune $0 | Tax $0
Seat 1: 1f1177eb (big blind) folded before Flop
Seat 2: 967bcaa7 folded before Flop (didn't bet)
Seat 3: 573d2535 folded before Flop (didn't bet)
Seat 4: b674cac1 folded before Flop (didn't bet)
Seat 5: ad3c2466 (button) collected ($0.25)
Seat 6: Hero (small blind) folded before Flop


Poker Hand #HD1770798893: Hold'em No Limit ($0.05/$0.1) - 2024/05/13 15:15:50
Table 'NLHRed2' 6-max Seat #4 is the button
Seat 1: 1f1177eb ($11.61 in chips)
Seat 2: 967bcaa7 ($10 in chips)
Seat 3: 573d2535 ($11.28 in chips)
Seat 4: b674cac1 ($31.99 in chips)
Seat 5: ad3c2466 ($13.32 in chips)
Seat 6: Hero ($10 in chips)
ad3c2466: posts small blind $0.05
Hero: posts big blind $0.1
*** HOLE CARDS ***
Dealt to 1f1177eb 
Dealt to 967bcaa7 
Dealt to 573d2535 
Dealt to b674cac1 
Dealt to ad3c2466 
Dealt to Hero [Qc 4c]
1f1177eb: folds
967bcaa7: folds
573d2535: folds
b674cac1: raises $0.1 to $0.2
ad3c2466: folds
Hero: folds
Uncalled bet ($0.1) returned to b674cac1
*** SHOWDOWN ***
b674cac1 collected $0.25 from pot
*** SUMMARY ***
Total pot $0.25 | Rake $0 | Jackpot $0 | Bingo $0 | Fortune $0 | Tax $0
Seat 1: 1f1177eb folded before Flop (didn't bet)
Seat 2: 967bcaa7 folded before Flop (didn't bet)
Seat 3: 573d2535 folded before Flop (didn't bet)
Seat 4: b674cac1 (button) collected ($0.25)
Seat 5: ad3c2466 (small blind) folded before Flop
Seat 6: Hero (big blind) folded before Flop


Poker Hand #HD1770798770: Hold'em No Limit ($0.05/$0.1) - 2024/05/13 15:14:51
Table 'NLHRed2' 6-max Seat #3 is the button
Seat 1: 1f1177eb ($11.61 in chips)
Seat 2: 967bcaa7 ($10 in chips)
Seat 3: 573d2535 ($10.75 in chips)
Seat 4: b674cac1 ($32.04 in chips)
Seat 5: ad3c2466 ($13.85 in chips)
Seat 6: Hero ($10 in chips)
b674cac1: posts small blind $0.05
ad3c2466: posts big blind $0.1
*** HOLE CARDS ***
Dealt to 1f1177eb 
Dealt to 967bcaa7 
Dealt to 573d2535 
Dealt to b674cac1 
Dealt to ad3c2466 
Dealt to Hero [Tc 3h]
Hero: folds
1f1177eb: folds
967bcaa7: folds
573d2535: raises $0.1 to $0.2
b674cac1: folds
ad3c2466: calls $0.1
*** FLOP *** [2d 5d As]
ad3c2466: checks
573d2535: bets $0.33
ad3c2466: calls $0.33
*** TURN *** [2d 5d As] [7s]
ad3c2466: checks
573d2535: checks
*** RIVER *** [2d 5d As 7s] [7h]
ad3c2466: checks
573d2535: checks
ad3c2466: shows [8h 2h] (Pair of Sevens and Pair of Twos)
573d2535: shows [4h 4d] (Pair of Sevens and Pair of Fours)
*** SHOWDOWN ***
573d2535 collected $1.06 from pot
*** SUMMARY ***
Total pot $1.11 | Rake $0.05 | Jackpot $0 | Bingo $0 | Fortune $0 | Tax $0
Board [2d 5d As 7s 7h]
Seat 1: 1f1177eb folded before Flop (didn't bet)
Seat 2: 967bcaa7 folded before Flop (didn't bet)
Seat 3: 573d2535 (button) showed [4h 4d] and won ($1.06) with Pair of Sevens and Pair of Fours
Seat 4: b674cac1 (small blind) folded before Flop
Seat 5: ad3c2466 (big blind) showed [8h 2h] and lost with Pair of Sevens and Pair of Twos
Seat 6: Hero folded before Flop (didn't bet)


Poker Hand #HD1770798630: Hold'em No Limit ($0.05/$0.1) - 2024/05/13 15:13:52
Table 'NLHRed2' 6-max Seat #2 is the button
Seat 1: 1f1177eb ($11.61 in chips)
Seat 2: 967bcaa7 ($10 in chips)
Seat 3: 573d2535 ($10.28 in chips)
Seat 4: b674cac1 ($32.29 in chips)
Seat 5: ad3c2466 ($13.85 in chips)
Seat 6: Hero ($10 in chips)
573d2535: posts small blind $0.05
b674cac1: posts big blind $0.1
*** HOLE CARDS ***
Dealt to 1f1177eb 
Dealt to 967bcaa7 
Dealt to 573d2535 
Dealt to b674cac1 
Dealt to ad3c2466 
Dealt to Hero [Ks Td]
ad3c2466: folds
Hero: folds
1f1177eb: folds
967bcaa7: raises $0.15 to $0.25
573d2535: calls $0.2
b674cac1: calls $0.15
*** FLOP *** [4h 9c 8h]
573d2535: checks
b674cac1: checks
967bcaa7: checks
*** TURN *** [4h 9c 8h] [2d]
573d2535: bets $0.4
b674cac1: folds
967bcaa7: folds
Uncalled bet ($0.4) returned to 573d2535
*** SHOWDOWN ***
573d2535 collected $0.72 from pot
*** SUMMARY ***
Total pot $0.75 | Rake $0.03 | Jackpot $0 | Bingo $0 | Fortune $0 | Tax $0
Board [4h 9c 8h 2d]
Seat 1: 1f1177eb folded before Flop (didn't bet)
Seat 2: 967bcaa7 (button) folded on the Turn
Seat 3: 573d2535 (small blind) won ($0.72)
Seat 4: b674cac1 (big blind) folded on the Turn
Seat 5: ad3c2466 folded before Flop (didn't bet)
Seat 6: Hero folded before Flop (didn't bet)


Poker Hand #HD1770798555: Hold'em No Limit ($0.05/$0.1) - 2024/05/13 15:13:13
Table 'NLHRed2' 6-max Seat #1 is the button
Seat 1: 1f1177eb ($11.61 in chips)
Seat 2: 967bcaa7 ($10 in chips)
Seat 3: 573d2535 ($10.38 in chips)
Seat 4: b674cac1 ($32.29 in chips)
Seat 5: ad3c2466 ($13.7 in chips)
Seat 6: Hero ($10 in chips)
967bcaa7: posts small blind $0.05
573d2535: posts big blind $0.1
*** HOLE CARDS ***
Dealt to 1f1177eb 
Dealt to 967bcaa7 
Dealt to 573d2535 
Dealt to b674cac1 
Dealt to ad3c2466 
Dealt to Hero [5d 8s]
b674cac1: folds
ad3c2466: raises $0.2 to $0.3
Hero: folds
1f1177eb: folds
967bcaa7: folds
573d2535: folds
Uncalled bet ($0.2) returned to ad3c2466
*** SHOWDOWN ***
ad3c2466 collected $0.25 from pot
*** SUMMARY ***
Total pot $0.25 | Rake $0 | Jackpot $0 | Bingo $0 | Fortune $0 | Tax $0
Seat 1: 1f1177eb (button) folded before Flop (didn't bet)
Seat 2: 967bcaa7 (small blind) folded before Flop
Seat 3: 573d2535 (big blind) folded before Flop
Seat 4: b674cac1 folded before Flop (didn't bet)
Seat 5: ad3c2466 collected ($0.25)
Seat 6: Hero folded before Flop (didn't bet)


Poker Hand #HD1770798497: Hold'em No Limit ($0.05/$0.1) - 2024/05/13 15:12:42
Table 'NLHRed2' 6-max Seat #6 is the button
Seat 1: 1f1177eb ($11.51 in chips)
Seat 2: 967bcaa7 ($10 in chips)
Seat 3: 573d2535 ($10.38 in chips)
Seat 4: b674cac1 ($32.29 in chips)
Seat 5: ad3c2466 ($13.7 in chips)
Seat 6: Hero ($10 in chips)
1f1177eb: posts small blind $0.05
967bcaa7: posts big blind $0.1
*** HOLE CARDS ***
Dealt to 1f1177eb 
Dealt to 967bcaa7 
Dealt to 573d2535 
Dealt to b674cac1 
Dealt to ad3c2466 
Dealt to Hero [Jd 2h]
573d2535: folds
b674cac1: folds
ad3c2466: folds
Hero: folds
1f1177eb: raises $0.2 to $0.3
967bcaa7: folds
Uncalled bet ($0.2) returned to 1f1177eb
*** SHOWDOWN ***
1f1177eb collected $0.2 from pot
*** SUMMARY ***
Total pot $0.2 | Rake $0 | Jackpot $0 | Bingo $0 | Fortune $0 | Tax $0
Seat 1: 1f1177eb (small blind) collected ($0.2)
Seat 2: 967bcaa7 (big blind) folded before Flop
Seat 3: 573d2535 folded before Flop (didn't bet)
Seat 4: b674cac1 folded before Flop (didn't bet)
Seat 5: ad3c2466 folded before Flop (didn't bet)
Seat 6: Hero (button) folded before Flop (didn't bet)


Poker Hand #HD1770798369: Hold'em No Limit ($0.05/$0.1) - 2024/05/13 15:11:44
Table 'NLHRed2' 6-max Seat #5 is the button
Seat 1: 1f1177eb ($10.99 in chips)
Seat 2: 967bcaa7 ($10 in chips)
Seat 3: 573d2535 ($10.38 in chips)
Seat 4: b674cac1 ($32.29 in chips)
Seat 5: ad3c2466 ($14.22 in chips)
Seat 6: Hero ($10 in chips)
Hero: posts small blind $0.05
1f1177eb: posts big blind $0.1
*** HOLE CARDS ***
Dealt to 1f1177eb 
Dealt to 967bcaa7 
Dealt to 573d2535 
Dealt to b674cac1 
Dealt to ad3c2466 
Dealt to Hero [3d Jd]
967bcaa7: folds
573d2535: folds
b674cac1: folds
ad3c2466: raises $0.2 to $0.3
Hero: folds
1f1177eb: calls $0.2
*** FLOP *** [Td 5s 7d]
1f1177eb: checks
ad3c2466: bets $0.22
1f1177eb: calls $0.22
*** TURN *** [Td 5s 7d] [6h]
1f1177eb: checks
ad3c2466: checks
*** RIVER *** [Td 5s 7d 6h] [7h]
1f1177eb: bets $1
ad3c2466: folds
Uncalled bet ($1) returned to 1f1177eb
*** SHOWDOWN ***
1f1177eb collected $1.04 from pot
*** SUMMARY ***
Total pot $1.09 | Rake $0.05 | Jackpot $0 | Bingo $0 | Fortune $0 | Tax $0
Board [Td 5s 7d 6h 7h]
Seat 1: 1f1177eb (big blind) won ($1.04)
Seat 2: 967bcaa7 folded before Flop (didn't bet)
Seat 3: 573d2535 folded before Flop (didn't bet)
Seat 4: b674cac1 folded before Flop (didn't bet)
Seat 5: ad3c2466 (button) folded on the River
Seat 6: Hero (small blind) folded before Flop


Poker Hand #HD1770798317: Hold'em No Limit ($0.05/$0.1) - 2024/05/13 15:11:13
Table 'NLHRed2' 6-max Seat #4 is the button
Seat 1: 1f1177eb ($10.99 in chips)
Seat 2: 967bcaa7 ($10 in chips)
Seat 3: 573d2535 ($10.1 in chips)
Seat 4: b674cac1 ($32.29 in chips)
Seat 5: ad3c2466 ($14.42 in chips)
Seat 6: Hero ($10 in chips)
ad3c2466: posts small blind $0.05
Hero: posts big blind $0.1
*** HOLE CARDS ***
Dealt to 1f1177eb 
Dealt to 967bcaa7 
Dealt to 573d2535 
Dealt to b674cac1 
Dealt to ad3c2466 
Dealt to Hero [2s 8h]
1f1177eb: folds
967bcaa7: folds
573d2535: raises $0.1 to $0.2
b674cac1: folds
ad3c2466: calls $0.15
Hero: folds
*** FLOP *** [9h 4s Kh]
ad3c2466: checks
573d2535: bets $0.3
ad3c2466: folds
Uncalled bet ($0.3) returned to 573d2535
*** SHOWDOWN ***
573d2535 collected $0.48 from pot
*** SUMMARY ***
Total pot $0.5 | Rake $0.02 | Jackpot $0 | Bingo $0 | Fortune $0 | Tax $0
Board [9h 4s Kh]
Seat 1: 1f1177eb folded before Flop (didn't bet)
Seat 2: 967bcaa7 folded before Flop (didn't bet)
Seat 3: 573d2535 won ($0.48)
Seat 4: b674cac1 (button) folded before Flop (didn't bet)
Seat 5: ad3c2466 (small blind) folded on the Flop
Seat 6: Hero (big blind) folded before Flop


Poker Hand #HD1770798231: Hold'em No Limit ($0.05/$0.1) - 2024/05/13 15:10:32
Table 'NLHRed2' 6-max Seat #3 is the button
Seat 1: 1f1177eb ($10.67 in chips)
Seat 2: 967bcaa7 ($10 in chips)
Seat 3: 573d2535 ($10.1 in chips)
Seat 4: b674cac1 ($32.34 in chips)
Seat 5: ad3c2466 ($14.72 in chips)
Seat 6: Hero ($10 in chips)
b674cac1: posts small blind $0.05
ad3c2466: posts big blind $0.1
*** HOLE CARDS ***
Dealt to 1f1177eb 
Dealt to 967bcaa7 
Dealt to 573d2535 
Dealt to b674cac1 
Dealt to ad3c2466 
Dealt to Hero [3c 2c]
Hero: folds
1f1177eb: raises $0.2 to $0.3
967bcaa7: folds
573d2535: folds
b674cac1: folds
ad3c2466: calls $0.2
*** FLOP *** [Kd 5c 6h]
ad3c2466: checks
1f1177eb: bets $0.22
ad3c2466: folds
Uncalled bet ($0.22) returned to 1f1177eb
*** SHOWDOWN ***
1f1177eb collected $0.62 from pot
*** SUMMARY ***
Total pot $0.65 | Rake $0.03 | Jackpot $0 | Bingo $0 | Fortune $0 | Tax $0
Board [Kd 5c 6h]
Seat 1: 1f1177eb won ($0.62)
Seat 2: 967bcaa7 folded before Flop (didn't bet)
Seat 3: 573d2535 (button) folded before Flop (didn't bet)
Seat 4: b674cac1 (small blind) folded before Flop
Seat 5: ad3c2466 (big blind) folded on the Flop
Seat 6: Hero folded before Flop (didn't bet)


Poker Hand #HD1770798210: Hold'em No Limit ($0.05/$0.1) - 2024/05/13 15:10:22
Table 'NLHRed2' 6-max Seat #2 is the button
Seat 1: 1f1177eb ($10.52 in chips)
Seat 2: 967bcaa7 ($10 in chips)
Seat 3: 573d2535 ($10.15 in chips)
Seat 4: b674cac1 ($32.44 in chips)
Seat 5: ad3c2466 ($14.72 in chips)
Seat 6: Hero ($10 in chips)
573d2535: posts small blind $0.05
b674cac1: posts big blind $0.1
*** HOLE CARDS ***
Dealt to 1f1177eb 
Dealt to 967bcaa7 
Dealt to 573d2535 
Dealt to b674cac1 
Dealt to ad3c2466 
Dealt to Hero [Qs 8c]
ad3c2466: folds
Hero: folds
1f1177eb: raises $0.2 to $0.3
967bcaa7: folds
573d2535: folds
b674cac1: folds
Uncalled bet ($0.2) returned to 1f1177eb
*** SHOWDOWN ***
1f1177eb collected $0.25 from pot
*** SUMMARY ***
Total pot $0.25 | Rake $0 | Jackpot $0 | Bingo $0 | Fortune $0 | Tax $0
Seat 1: 1f1177eb collected ($0.25)
Seat 2: 967bcaa7 (button) folded before Flop (didn't bet)
Seat 3: 573d2535 (small blind) folded before Flop
Seat 4: b674cac1 (big blind) folded before Flop
Seat 5: ad3c2466 folded before Flop (didn't bet)
Seat 6: Hero folded before Flop (didn't bet)


Poker Hand #HD1770798104: Hold'em No Limit ($0.05/$0.1) - 2024/05/13 15:09:27
Table 'NLHRed2' 6-max Seat #1 is the button
Seat 1: 1f1177eb ($10.52 in chips)
Seat 2: 967bcaa7 ($10 in chips)
Seat 3: 573d2535 ($10.25 in chips)
Seat 4: b674cac1 ($32.44 in chips)
Seat 5: ad3c2466 ($13.86 in chips)
Seat 6: Hero ($10 in chips)
967bcaa7: posts small blind $0.05
573d2535: posts big blind $0.1
*** HOLE CARDS ***
Dealt to 1f1177eb 
Dealt to 967bcaa7 
Dealt to 573d2535 
Dealt to b674cac1 
Dealt to ad3c2466 
Dealt to Hero [Th 7d]
b674cac1: folds
ad3c2466: calls $0.1
Hero: folds
1f1177eb: folds
967bcaa7: raises $0.3 to $0.4
573d2535: folds
ad3c2466: calls $0.3
*** FLOP *** [8s 5d 6h]
967bcaa7: checks
ad3c2466: checks
*** TURN *** [8s 5d 6h] [4c]
967bcaa7: bets $0.45
ad3c2466: calls $0.45
*** RIVER *** [8s 5d 6h 4c] [8c]
967bcaa7: checks
ad3c2466: checks
967bcaa7: shows [Js Kd] (Pair of Eights)
ad3c2466: shows [3h Ac] (Pair of Eights)
*** SHOWDOWN ***
ad3c2466 collected $1.71 from pot
*** SUMMARY ***
Total pot $1.8 | Rake $0.09 | Jackpot $0 | Bingo $0 | Fortune $0 | Tax $0
Board [8s 5d 6h 4c 8c]
Seat 1: 1f1177eb (button) folded before Flop (didn't bet)
Seat 2: 967bcaa7 (small blind) showed [Js Kd] and lost with Pair of Eights
Seat 3: 573d2535 (big blind) folded before Flop
Seat 4: b674cac1 folded before Flop (didn't bet)
Seat 5: ad3c2466 showed [3h Ac] and won ($1.71) with Pair of Eights
Seat 6: Hero folded before Flop (didn't bet)


Poker Hand #HD1770798051: Hold'em No Limit ($0.05/$0.1) - 2024/05/13 15:09:04
Table 'NLHRed2' 6-max Seat #6 is the button
Seat 1: 1f1177eb ($10.57 in chips)
Seat 2: 967bcaa7 ($10 in chips)
Seat 3: 573d2535 ($10.1 in chips)
Seat 4: b674cac1 ($32.44 in chips)
Seat 5: ad3c2466 ($13.86 in chips)
Seat 6: Hero ($10 in chips)
1f1177eb: posts small blind $0.05
967bcaa7: posts big blind $0.1
*** HOLE CARDS ***
Dealt to 1f1177eb 
Dealt to 967bcaa7 
Dealt to 573d2535 
Dealt to b674cac1 
Dealt to ad3c2466 
Dealt to Hero [Js 9d]
573d2535: raises $0.1 to $0.2
b674cac1: folds
ad3c2466: folds
Hero: folds
1f1177eb: folds
967bcaa7: folds
Uncalled bet ($0.1) returned to 573d2535
*** SHOWDOWN ***
573d2535 collected $0.25 from pot
*** SUMMARY ***
Total pot $0.25 | Rake $0 | Jackpot $0 | Bingo $0 | Fortune $0 | Tax $0
Seat 1: 1f1177eb (small blind) folded before Flop
Seat 2: 967bcaa7 (big blind) folded before Flop
Seat 3: 573d2535 collected ($0.25)
Seat 4: b674cac1 folded before Flop (didn't bet)
Seat 5: ad3c2466 folded before Flop (didn't bet)
Seat 6: Hero (button) folded before Flop (didn't bet)


Poker Hand #HD1770797904: Hold'em No Limit ($0.05/$0.1) - 2024/05/13 15:07:48
Table 'NLHRed2' 6-max Seat #5 is the button
Seat 1: 1f1177eb ($10.67 in chips)
Seat 3: 573d2535 ($10.1 in chips)
Seat 4: b674cac1 ($32.44 in chips)
Seat 5: ad3c2466 ($12.03 in chips)
Seat 6: Hero ($10 in chips)
Hero: posts small blind $0.05
1f1177eb: posts big blind $0.1
*** HOLE CARDS ***
Dealt to 1f1177eb 
Dealt to 573d2535 
Dealt to b674cac1 
Dealt to ad3c2466 
Dealt to Hero [Ks Qh]
573d2535: folds
b674cac1: folds
ad3c2466: raises $0.2 to $0.3
Hero: raises $0.9 to $1.2
1f1177eb: folds
ad3c2466: calls $0.9
*** FLOP *** [Ad 5s Kh]
Hero: checks
ad3c2466: bets $0.83
Hero: calls $0.83
*** TURN *** [Ad 5s Kh] [2d]
Hero: checks
ad3c2466: bets $2.08
Hero: folds
Uncalled bet ($2.08) returned to ad3c2466
*** SHOWDOWN ***
ad3c2466 collected $3.86 from pot
*** SUMMARY ***
Total pot $4.16 | Rake $0.2 | Jackpot $0.1 | Bingo $0 | Fortune $0 | Tax $0
Board [Ad 5s Kh 2d]
Seat 1: 1f1177eb (big blind) folded before Flop
Seat 3: 573d2535 folded before Flop (didn't bet)
Seat 4: b674cac1 folded before Flop (didn't bet)
Seat 5: ad3c2466 (button) won ($3.86)
Seat 6: Hero (small blind) folded on the Turn


Poker Hand #HD1770797792: Hold'em No Limit ($0.05/$0.1) - 2024/05/13 15:06:53
Table 'NLHRed2' 6-max Seat #4 is the button
Seat 3: 573d2535 ($10.1 in chips)
Seat 4: b674cac1 ($33.09 in chips)
Seat 5: ad3c2466 ($11.35 in chips)
Seat 6: Hero ($10 in chips)
ad3c2466: posts small blind $0.05
Hero: posts big blind $0.1
*** HOLE CARDS ***
Dealt to 573d2535 
Dealt to b674cac1 
Dealt to ad3c2466 
Dealt to Hero [9c 4d]
573d2535: folds
b674cac1: raises $0.1 to $0.2
ad3c2466: calls $0.15
Hero: folds
*** FLOP *** [5s Qd 6s]
ad3c2466: checks
b674cac1: bets $0.17
ad3c2466: calls $0.17
*** TURN *** [5s Qd 6s] [3c]
ad3c2466: checks
b674cac1: checks
*** RIVER *** [5s Qd 6s 3c] [8d]
ad3c2466: bets $0.28
b674cac1: calls $0.28
ad3c2466: shows [8c 6c] (Pair of Eights and Pair of Sixes)
b674cac1: shows [7d 7c] (Pair of Sevens)
*** SHOWDOWN ***
ad3c2466 collected $1.33 from pot
*** SUMMARY ***
Total pot $1.4 | Rake $0.07 | Jackpot $0 | Bingo $0 | Fortune $0 | Tax $0
Board [5s Qd 6s 3c 8d]
Seat 3: 573d2535 folded before Flop (didn't bet)
Seat 4: b674cac1 (button) showed [7d 7c] and lost with Pair of Sevens
Seat 5: ad3c2466 (small blind) showed [8c 6c] and won ($1.33) with Pair of Eights and Pair of Sixes
Seat 6: Hero (big blind) folded before Flop


Poker Hand #HD1770797768: Hold'em No Limit ($0.05/$0.1) - 2024/05/13 15:06:41
Table 'NLHRed2' 6-max Seat #3 is the button
Seat 2: 9f1f275b ($17.43 in chips)
Seat 3: 573d2535 ($10.1 in chips)
Seat 4: b674cac1 ($33.14 in chips)
Seat 5: ad3c2466 ($11.3 in chips)
Seat 6: Hero ($10 in chips)
b674cac1: posts small blind $0.05
ad3c2466: posts big blind $0.1
*** HOLE CARDS ***
Dealt to 9f1f275b 
Dealt to 573d2535 
Dealt to b674cac1 
Dealt to ad3c2466 
Dealt to Hero [Kd 5h]
Hero: folds
9f1f275b: folds
573d2535: folds
b674cac1: folds
Uncalled bet ($0.05) returned to ad3c2466
*** SHOWDOWN ***
ad3c2466 collected $0.1 from pot
*** SUMMARY ***
Total pot $0.1 | Rake $0 | Jackpot $0 | Bingo $0 | Fortune $0 | Tax $0
Seat 2: 9f1f275b folded before Flop (didn't bet)
Seat 3: 573d2535 (button) folded before Flop (didn't bet)
Seat 4: b674cac1 (small blind) folded before Flop
Seat 5: ad3c2466 (big blind) collected ($0.1)
Seat 6: Hero folded before Flop (didn't bet)


Poker Hand #HD1770797737: Hold'em No Limit ($0.05/$0.1) - 2024/05/13 15:06:27
Table 'NLHRed2' 6-max Seat #2 is the button
Seat 2: 9f1f275b ($17.43 in chips)
Seat 3: 573d2535 ($10 in chips)
Seat 4: b674cac1 ($33.24 in chips)
Seat 5: ad3c2466 ($11.3 in chips)
Seat 6: Hero ($10 in chips)
573d2535: posts small blind $0.05
b674cac1: posts big blind $0.1
*** HOLE CARDS ***
Dealt to 9f1f275b 
Dealt to 573d2535 
Dealt to b674cac1 
Dealt to ad3c2466 
Dealt to Hero [4c 9s]
ad3c2466: folds
Hero: folds
9f1f275b: folds
573d2535: raises $0.1 to $0.2
b674cac1: folds
Uncalled bet ($0.1) returned to 573d2535
*** SHOWDOWN ***
573d2535 collected $0.2 from pot
*** SUMMARY ***
Total pot $0.2 | Rake $0 | Jackpot $0 | Bingo $0 | Fortune $0 | Tax $0
Seat 2: 9f1f275b (button) folded before Flop (didn't bet)
Seat 3: 573d2535 (small blind) collected ($0.2)
Seat 4: b674cac1 (big blind) folded before Flop
Seat 5: ad3c2466 folded before Flop (didn't bet)
Seat 6: Hero folded before Flop (didn't bet)


Poker Hand #HD1770797576: Hold'em No Limit ($0.05/$0.1) - 2024/05/13 15:05:03
Table 'NLHRed2' 6-max Seat #6 is the button
Seat 2: 9f1f275b ($17.53 in chips)
Seat 3: 573d2535 ($10 in chips)
Seat 4: b674cac1 ($33.24 in chips)
Seat 5: ad3c2466 ($10.84 in chips)
Seat 6: Hero ($10 in chips)
9f1f275b: posts small blind $0.05
573d2535: posts big blind $0.1
*** HOLE CARDS ***
Dealt to 9f1f275b 
Dealt to 573d2535 
Dealt to b674cac1 
Dealt to ad3c2466 
Dealt to Hero [Qc 8h]
b674cac1: folds
ad3c2466: calls $0.1
Hero: folds
9f1f275b: calls $0.05
573d2535: checks
*** FLOP *** [7h Th 6d]
9f1f275b: checks
573d2535: bets $0.3
ad3c2466: calls $0.3
9f1f275b: folds
*** TURN *** [7h Th 6d] [Qs]
573d2535: checks
ad3c2466: checks
*** RIVER *** [7h Th 6d Qs] [Ad]
573d2535: checks
ad3c2466: bets $0.45
573d2535: folds
Uncalled bet ($0.45) returned to ad3c2466
*** SHOWDOWN ***
ad3c2466 collected $0.86 from pot
*** SUMMARY ***
Total pot $0.9 | Rake $0.04 | Jackpot $0 | Bingo $0 | Fortune $0 | Tax $0
Board [7h Th 6d Qs Ad]
Seat 2: 9f1f275b (small blind) folded on the Flop
Seat 3: 573d2535 (big blind) folded on the River
Seat 4: b674cac1 folded before Flop (didn't bet)
Seat 5: ad3c2466 won ($0.86)
Seat 6: Hero (button) folded before Flop (didn't bet)


Poker Hand #HD1770797545: Hold'em No Limit ($0.05/$0.1) - 2024/05/13 15:04:47
Table 'NLHRed2' 6-max Seat #5 is the button
Seat 2: 9f1f275b ($17.63 in chips)
Seat 3: 573d2535 ($10 in chips)
Seat 4: b674cac1 ($33.09 in chips)
Seat 5: ad3c2466 ($10.84 in chips)
Seat 6: Hero ($10 in chips)
Hero: posts small blind $0.05
9f1f275b: posts big blind $0.1
*** HOLE CARDS ***
Dealt to 9f1f275b 
Dealt to 573d2535 
Dealt to b674cac1 
Dealt to ad3c2466 
Dealt to Hero [5s Jc]
573d2535: folds
b674cac1: raises $0.1 to $0.2
ad3c2466: folds
Hero: folds
9f1f275b: folds
Uncalled bet ($0.1) returned to b674cac1
*** SHOWDOWN ***
b674cac1 collected $0.25 from pot
*** SUMMARY ***
Total pot $0.25 | Rake $0 | Jackpot $0 | Bingo $0 | Fortune $0 | Tax $0
Seat 2: 9f1f275b (big blind) folded before Flop
Seat 3: 573d2535 folded before Flop (didn't bet)
Seat 4: b674cac1 collected ($0.25)
Seat 5: ad3c2466 (button) folded before Flop (didn't bet)
Seat 6: Hero (small blind) folded before Flop


Poker Hand #HD1770797432: Hold'em No Limit ($0.05/$0.1) - 2024/05/13 15:03:52
Table 'NLHRed2' 6-max Seat #4 is the button
Seat 1: 1f1177eb ($10.67 in chips)
Seat 3: 573d2535 ($11.05 in chips)
Seat 4: b674cac1 ($33.09 in chips)
Seat 5: ad3c2466 ($9.8 in chips)
Seat 6: Hero ($10 in chips)
ad3c2466: posts small blind $0.05
Hero: posts big blind $0.1
*** HOLE CARDS ***
Dealt to 1f1177eb 
Dealt to 573d2535 
Dealt to b674cac1 
Dealt to ad3c2466 
Dealt to Hero [3h 5h]
1f1177eb: folds
573d2535: raises $0.1 to $0.2
b674cac1: folds
ad3c2466: calls $0.15
Hero: folds
*** FLOP *** [6s Js 5c]
ad3c2466: checks
573d2535: bets $0.3
ad3c2466: raises $0.55 to $0.85
573d2535: calls $0.55
*** TURN *** [6s Js 5c] [Ts]
ad3c2466: bets $1.1
573d2535: folds
Uncalled bet ($1.1) returned to ad3c2466
*** SHOWDOWN ***
ad3c2466 collected $2.09 from pot
*** SUMMARY ***
Total pot $2.2 | Rake $0.11 | Jackpot $0 | Bingo $0 | Fortune $0 | Tax $0
Board [6s Js 5c Ts]
Seat 1: 1f1177eb folded before Flop (didn't bet)
Seat 3: 573d2535 folded on the Turn
Seat 4: b674cac1 (button) folded before Flop (didn't bet)
Seat 5: ad3c2466 (small blind) won ($2.09)
Seat 6: Hero (big blind) folded before Flop


