Poker Hand #HD1753968148: Hold'em No Limit ($0.05/$0.1) - 2024/05/01 11:43:03
Table 'NLHRed11' 6-max Seat #4 is the button
Seat 1: 5ca2ab80 ($10.5 in chips)
Seat 2: dcb99a8f ($10.69 in chips)
Seat 3: 9e210333 ($10.54 in chips)
Seat 4: 3e8f2973 ($11.8 in chips)
Seat 5: Hero ($10 in chips)
Seat 6: 74842efe ($9.1 in chips)
Hero: posts small blind $0.05
74842efe: posts big blind $0.1
*** HOLE CARDS ***
Dealt to 5ca2ab80 
Dealt to dcb99a8f 
Dealt to 9e210333 
Dealt to 3e8f2973 
Dealt to Hero [9c 5c]
Dealt to 74842efe 
5ca2ab80: folds
dcb99a8f: folds
9e210333: folds
3e8f2973: folds
Hero: raises $0.2 to $0.3
74842efe: raises $0.55 to $0.85
Hero: folds
Uncalled bet ($0.55) returned to 74842efe
*** SHOWDOWN ***
74842efe collected $0.57 from pot
*** SUMMARY ***
Total pot $0.6 | Rake $0.03 | Jackpot $0 | Bingo $0 | Fortune $0 | Tax $0
Seat 1: 5ca2ab80 folded before Flop (didn't bet)
Seat 2: dcb99a8f folded before Flop (didn't bet)
Seat 3: 9e210333 folded before Flop (didn't bet)
Seat 4: 3e8f2973 (button) folded before Flop (didn't bet)
Seat 5: Hero (small blind) folded before Flop
Seat 6: 74842efe (big blind) collected ($0.57)


Poker Hand #HD1753968134: Hold'em No Limit ($0.05/$0.1) - 2024/05/01 11:42:50
Table 'NLHRed11' 6-max Seat #3 is the button
Seat 1: 5ca2ab80 ($10.5 in chips)
Seat 2: dcb99a8f ($10.54 in chips)
Seat 3: 9e210333 ($10.54 in chips)
Seat 4: 3e8f2973 ($11.85 in chips)
Seat 5: Hero ($10 in chips)
Seat 6: 74842efe ($9.1 in chips)
3e8f2973: posts small blind $0.05
Hero: posts big blind $0.1
*** HOLE CARDS ***
Dealt to 5ca2ab80 
Dealt to dcb99a8f 
Dealt to 9e210333 
Dealt to 3e8f2973 
Dealt to Hero [4d 8d]
Dealt to 74842efe 
74842efe: folds
5ca2ab80: folds
dcb99a8f: raises $0.12 to $0.22
9e210333: folds
3e8f2973: folds
Hero: folds
Uncalled bet ($0.12) returned to dcb99a8f
*** SHOWDOWN ***
dcb99a8f collected $0.25 from pot
*** SUMMARY ***
Total pot $0.25 | Rake $0 | Jackpot $0 | Bingo $0 | Fortune $0 | Tax $0
Seat 1: 5ca2ab80 folded before Flop (didn't bet)
Seat 2: dcb99a8f collected ($0.25)
Seat 3: 9e210333 (button) folded before Flop (didn't bet)
Seat 4: 3e8f2973 (small blind) folded before Flop
Seat 5: Hero (big blind) folded before Flop
Seat 6: 74842efe folded before Flop (didn't bet)


Poker Hand #HD1753968099: Hold'em No Limit ($0.05/$0.1) - 2024/05/01 11:42:24
Table 'NLHRed11' 6-max Seat #2 is the button
Seat 1: 5ca2ab80 ($10.5 in chips)
Seat 2: dcb99a8f ($10.21 in chips)
Seat 3: 9e210333 ($10.59 in chips)
Seat 4: 3e8f2973 ($11.95 in chips)
Seat 5: Hero ($10.13 in chips)
Seat 6: 74842efe ($9.1 in chips)
9e210333: posts small blind $0.05
3e8f2973: posts big blind $0.1
*** HOLE CARDS ***
Dealt to 5ca2ab80 
Dealt to dcb99a8f 
Dealt to 9e210333 
Dealt to 3e8f2973 
Dealt to Hero [6s 6c]
Dealt to 74842efe 
Hero: raises $0.1 to $0.2
74842efe: folds
5ca2ab80: folds
dcb99a8f: raises $0.4 to $0.6
9e210333: folds
3e8f2973: folds
Hero: folds
Uncalled bet ($0.4) returned to dcb99a8f
*** SHOWDOWN ***
dcb99a8f collected $0.53 from pot
*** SUMMARY ***
Total pot $0.55 | Rake $0.02 | Jackpot $0 | Bingo $0 | Fortune $0 | Tax $0
Seat 1: 5ca2ab80 folded before Flop (didn't bet)
Seat 2: dcb99a8f (button) collected ($0.53)
Seat 3: 9e210333 (small blind) folded before Flop
Seat 4: 3e8f2973 (big blind) folded before Flop
Seat 5: Hero folded before Flop
Seat 6: 74842efe folded before Flop (didn't bet)


Poker Hand #HD1753968069: Hold'em No Limit ($0.05/$0.1) - 2024/05/01 11:41:57
Table 'NLHRed11' 6-max Seat #1 is the button
Seat 1: 5ca2ab80 ($10.5 in chips)
Seat 2: dcb99a8f ($10.26 in chips)
Seat 3: 9e210333 ($10.84 in chips)
Seat 4: 3e8f2973 ($11.67 in chips)
Seat 5: Hero ($10.13 in chips)
Seat 6: 74842efe ($9.1 in chips)
dcb99a8f: posts small blind $0.05
9e210333: posts big blind $0.1
*** HOLE CARDS ***
Dealt to 5ca2ab80 
Dealt to dcb99a8f 
Dealt to 9e210333 
Dealt to 3e8f2973 
Dealt to Hero [6c Tc]
Dealt to 74842efe 
3e8f2973: raises $0.15 to $0.25
Hero: folds
74842efe: folds
5ca2ab80: folds
dcb99a8f: folds
9e210333: calls $0.15
*** FLOP *** [Kc 8c Kh]
9e210333: checks
3e8f2973: bets $0.28
9e210333: folds
Uncalled bet ($0.28) returned to 3e8f2973
*** SHOWDOWN ***
3e8f2973 collected $0.53 from pot
*** SUMMARY ***
Total pot $0.55 | Rake $0.02 | Jackpot $0 | Bingo $0 | Fortune $0 | Tax $0
Board [Kc 8c Kh]
Seat 1: 5ca2ab80 (button) folded before Flop (didn't bet)
Seat 2: dcb99a8f (small blind) folded before Flop
Seat 3: 9e210333 (big blind) folded on the Flop
Seat 4: 3e8f2973 won ($0.53)
Seat 5: Hero folded before Flop (didn't bet)
Seat 6: 74842efe folded before Flop (didn't bet)


Poker Hand #HD1753968003: Hold'em No Limit ($0.05/$0.1) - 2024/05/01 11:41:16
Table 'NLHRed11' 6-max Seat #6 is the button
Seat 1: 5ca2ab80 ($10.55 in chips)
Seat 2: dcb99a8f ($10.36 in chips)
Seat 3: 9e210333 ($10.42 in chips)
Seat 4: 3e8f2973 ($11.67 in chips)
Seat 5: Hero ($10.13 in chips)
Seat 6: 74842efe ($9.4 in chips)
5ca2ab80: posts small blind $0.05
dcb99a8f: posts big blind $0.1
*** HOLE CARDS ***
Dealt to 5ca2ab80 
Dealt to dcb99a8f 
Dealt to 9e210333 
Dealt to 3e8f2973 
Dealt to Hero [9d 3s]
Dealt to 74842efe 
9e210333: calls $0.1
3e8f2973: folds
Hero: folds
74842efe: raises $0.2 to $0.3
5ca2ab80: folds
dcb99a8f: folds
9e210333: raises $0.9 to $1.2
74842efe: folds
Uncalled bet ($0.9) returned to 9e210333
9e210333: shows [Kc Ad]
*** SHOWDOWN ***
9e210333 collected $0.72 from pot
*** SUMMARY ***
Total pot $0.75 | Rake $0.03 | Jackpot $0 | Bingo $0 | Fortune $0 | Tax $0
Seat 1: 5ca2ab80 (small blind) folded before Flop
Seat 2: dcb99a8f (big blind) folded before Flop
Seat 3: 9e210333 showed [Kc Ad] and collected ($0.72)
Seat 4: 3e8f2973 folded before Flop (didn't bet)
Seat 5: Hero folded before Flop (didn't bet)
Seat 6: 74842efe (button) folded before Flop


Poker Hand #HD1753967928: Hold'em No Limit ($0.05/$0.1) - 2024/05/01 11:40:17
Table 'NLHRed11' 6-max Seat #5 is the button
Seat 1: 5ca2ab80 ($10 in chips)
Seat 2: dcb99a8f ($10.36 in chips)
Seat 3: 9e210333 ($10.52 in chips)
Seat 4: 3e8f2973 ($11.67 in chips)
Seat 5: Hero ($10.13 in chips)
Seat 6: 74842efe ($9.9 in chips)
74842efe: posts small blind $0.05
5ca2ab80: posts big blind $0.1
*** HOLE CARDS ***
Dealt to 5ca2ab80 
Dealt to dcb99a8f 
Dealt to 9e210333 
Dealt to 3e8f2973 
Dealt to Hero [8h 9c]
Dealt to 74842efe 
dcb99a8f: folds
9e210333: calls $0.1
3e8f2973: folds
Hero: folds
74842efe: calls $0.05
5ca2ab80: raises $0.4 to $0.5
9e210333: folds
74842efe: calls $0.4
*** FLOP *** [Ts Qc Kh]
74842efe: checks
5ca2ab80: bets $0.37
74842efe: folds
Uncalled bet ($0.37) returned to 5ca2ab80
9e210333: shows [Kc]
*** SHOWDOWN ***
5ca2ab80 collected $1.05 from pot
*** SUMMARY ***
Total pot $1.1 | Rake $0.05 | Jackpot $0 | Bingo $0 | Fortune $0 | Tax $0
Board [Ts Qc Kh]
Seat 1: 5ca2ab80 (big blind) won ($1.05)
Seat 2: dcb99a8f folded before Flop (didn't bet)
Seat 3: 9e210333 folded before Flop
Seat 4: 3e8f2973 folded before Flop (didn't bet)
Seat 5: Hero (button) folded before Flop (didn't bet)
Seat 6: 74842efe (small blind) folded on the Flop


Poker Hand #HD1753967794: Hold'em No Limit ($0.05/$0.1) - 2024/05/01 11:38:42
Table 'NLHRed11' 6-max Seat #4 is the button
Seat 1: 5ca2ab80 ($10 in chips)
Seat 2: dcb99a8f ($10.36 in chips)
Seat 3: 9e210333 ($11.34 in chips)
Seat 4: 3e8f2973 ($10.79 in chips)
Seat 5: Hero ($10.18 in chips)
Seat 6: 74842efe ($10 in chips)
Hero: posts small blind $0.05
74842efe: posts big blind $0.1
*** HOLE CARDS ***
Dealt to 5ca2ab80 
Dealt to dcb99a8f 
Dealt to 9e210333 
Dealt to 3e8f2973 
Dealt to Hero [9h Qs]
Dealt to 74842efe 
5ca2ab80: folds
dcb99a8f: folds
9e210333: raises $0.1 to $0.2
3e8f2973: raises $0.62 to $0.82
Hero: folds
74842efe: folds
9e210333: calls $0.62
*** FLOP *** [6s 9c Js]
9e210333: checks
3e8f2973: checks
*** TURN *** [6s 9c Js] [2h]
9e210333: checks
3e8f2973: checks
*** RIVER *** [6s 9c Js 2h] [Ks]
9e210333: checks
3e8f2973: bets $1.1
9e210333: folds
Uncalled bet ($1.1) returned to 3e8f2973
*** SHOWDOWN ***
3e8f2973 collected $1.7 from pot
*** SUMMARY ***
Total pot $1.79 | Rake $0.09 | Jackpot $0 | Bingo $0 | Fortune $0 | Tax $0
Board [6s 9c Js 2h Ks]
Seat 1: 5ca2ab80 folded before Flop (didn't bet)
Seat 2: dcb99a8f folded before Flop (didn't bet)
Seat 3: 9e210333 folded on the River
Seat 4: 3e8f2973 (button) won ($1.7)
Seat 5: Hero (small blind) folded before Flop
Seat 6: 74842efe (big blind) folded before Flop


Poker Hand #HD1753967757: Hold'em No Limit ($0.05/$0.1) - 2024/05/01 11:38:16
Table 'NLHRed11' 6-max Seat #3 is the button
Seat 1: 5ca2ab80 ($10 in chips)
Seat 2: dcb99a8f ($10.58 in chips)
Seat 3: 9e210333 ($11 in chips)
Seat 4: 3e8f2973 ($10.84 in chips)
Seat 5: Hero ($10.28 in chips)
Seat 6: 74842efe ($10 in chips)
3e8f2973: posts small blind $0.05
Hero: posts big blind $0.1
*** HOLE CARDS ***
Dealt to 5ca2ab80 
Dealt to dcb99a8f 
Dealt to 9e210333 
Dealt to 3e8f2973 
Dealt to Hero [8s 7c]
Dealt to 74842efe 
74842efe: folds
5ca2ab80: folds
dcb99a8f: raises $0.12 to $0.22
9e210333: raises $0.45 to $0.67
3e8f2973: folds
Hero: folds
dcb99a8f: folds
Uncalled bet ($0.45) returned to 9e210333
9e210333: shows [Jc]
*** SHOWDOWN ***
9e210333 collected $0.56 from pot
*** SUMMARY ***
Total pot $0.59 | Rake $0.03 | Jackpot $0 | Bingo $0 | Fortune $0 | Tax $0
Seat 1: 5ca2ab80 folded before Flop (didn't bet)
Seat 2: dcb99a8f folded before Flop
Seat 3: 9e210333 (button) showed [Jc] and collected ($0.56)
Seat 4: 3e8f2973 (small blind) folded before Flop
Seat 5: Hero (big blind) folded before Flop
Seat 6: 74842efe folded before Flop (didn't bet)


Poker Hand #HD1753967720: Hold'em No Limit ($0.05/$0.1) - 2024/05/01 11:37:52
Table 'NLHRed11' 6-max Seat #2 is the button
Seat 1: 5ca2ab80 ($10 in chips)
Seat 2: dcb99a8f ($10.58 in chips)
Seat 3: 9e210333 ($11.05 in chips)
Seat 4: 3e8f2973 ($10.94 in chips)
Seat 5: Hero ($10.28 in chips)
Seat 6: 74842efe ($9.85 in chips)
9e210333: posts small blind $0.05
3e8f2973: posts big blind $0.1
*** HOLE CARDS ***
Dealt to 5ca2ab80 
Dealt to dcb99a8f 
Dealt to 9e210333 
Dealt to 3e8f2973 
Dealt to Hero [5h Ac]
Dealt to 74842efe 
Hero: folds
74842efe: raises $0.15 to $0.25
5ca2ab80: folds
dcb99a8f: folds
9e210333: folds
3e8f2973: folds
Uncalled bet ($0.15) returned to 74842efe
*** SHOWDOWN ***
74842efe collected $0.25 from pot
*** SUMMARY ***
Total pot $0.25 | Rake $0 | Jackpot $0 | Bingo $0 | Fortune $0 | Tax $0
Seat 1: 5ca2ab80 folded before Flop (didn't bet)
Seat 2: dcb99a8f (button) folded before Flop (didn't bet)
Seat 3: 9e210333 (small blind) folded before Flop
Seat 4: 3e8f2973 (big blind) folded before Flop
Seat 5: Hero folded before Flop (didn't bet)
Seat 6: 74842efe collected ($0.25)


Poker Hand #HD1753967677: Hold'em No Limit ($0.05/$0.1) - 2024/05/01 11:37:20
Table 'NLHRed11' 6-max Seat #1 is the button
Seat 1: 5ca2ab80 ($10 in chips)
Seat 2: dcb99a8f ($10.31 in chips)
Seat 3: 9e210333 ($11.35 in chips)
Seat 4: 3e8f2973 ($10.94 in chips)
Seat 5: Hero ($10.28 in chips)
Seat 6: 74842efe ($9.85 in chips)
dcb99a8f: posts small blind $0.05
9e210333: posts big blind $0.1
*** HOLE CARDS ***
Dealt to 5ca2ab80 
Dealt to dcb99a8f 
Dealt to 9e210333 
Dealt to 3e8f2973 
Dealt to Hero [Jh 5s]
Dealt to 74842efe 
3e8f2973: folds
Hero: folds
74842efe: folds
5ca2ab80: folds
dcb99a8f: raises $0.2 to $0.3
9e210333: calls $0.2
*** FLOP *** [2c 6c 8s]
dcb99a8f: checks
9e210333: checks
*** TURN *** [2c 6c 8s] [Ah]
dcb99a8f: bets $0.45
9e210333: folds
Uncalled bet ($0.45) returned to dcb99a8f
*** SHOWDOWN ***
dcb99a8f collected $0.57 from pot
*** SUMMARY ***
Total pot $0.6 | Rake $0.03 | Jackpot $0 | Bingo $0 | Fortune $0 | Tax $0
Board [2c 6c 8s Ah]
Seat 1: 5ca2ab80 (button) folded before Flop (didn't bet)
Seat 2: dcb99a8f (small blind) won ($0.57)
Seat 3: 9e210333 (big blind) folded on the Turn
Seat 4: 3e8f2973 folded before Flop (didn't bet)
Seat 5: Hero folded before Flop (didn't bet)
Seat 6: 74842efe folded before Flop (didn't bet)


Poker Hand #HD1753967654: Hold'em No Limit ($0.05/$0.1) - 2024/05/01 11:37:07
Table 'NLHRed11' 6-max Seat #6 is the button
Seat 1: 5ca2ab80 ($10 in chips)
Seat 2: dcb99a8f ($10.41 in chips)
Seat 3: 9e210333 ($11.2 in chips)
Seat 4: 3e8f2973 ($10.94 in chips)
Seat 5: Hero ($10.28 in chips)
Seat 6: 74842efe ($9.85 in chips)
5ca2ab80: posts small blind $0.05
dcb99a8f: posts big blind $0.1
*** HOLE CARDS ***
Dealt to 5ca2ab80 
Dealt to dcb99a8f 
Dealt to 9e210333 
Dealt to 3e8f2973 
Dealt to Hero [8h Kc]
Dealt to 74842efe 
9e210333: raises $0.2 to $0.3
3e8f2973: folds
Hero: folds
74842efe: folds
5ca2ab80: folds
dcb99a8f: folds
Uncalled bet ($0.2) returned to 9e210333
*** SHOWDOWN ***
9e210333 collected $0.25 from pot
*** SUMMARY ***
Total pot $0.25 | Rake $0 | Jackpot $0 | Bingo $0 | Fortune $0 | Tax $0
Seat 1: 5ca2ab80 (small blind) folded before Flop
Seat 2: dcb99a8f (big blind) folded before Flop
Seat 3: 9e210333 collected ($0.25)
Seat 4: 3e8f2973 folded before Flop (didn't bet)
Seat 5: Hero folded before Flop (didn't bet)
Seat 6: 74842efe (button) folded before Flop (didn't bet)


Poker Hand #HD1753967627: Hold'em No Limit ($0.05/$0.1) - 2024/05/01 11:36:45
Table 'NLHRed11' 6-max Seat #5 is the button
Seat 1: 5ca2ab80 ($10 in chips)
Seat 2: dcb99a8f ($10.41 in chips)
Seat 3: 9e210333 ($11.06 in chips)
Seat 4: 3e8f2973 ($10.94 in chips)
Seat 5: Hero ($10.28 in chips)
Seat 6: 74842efe ($9.9 in chips)
74842efe: posts small blind $0.05
5ca2ab80: posts big blind $0.1
*** HOLE CARDS ***
Dealt to 5ca2ab80 
Dealt to dcb99a8f 
Dealt to 9e210333 
Dealt to 3e8f2973 
Dealt to Hero [6d Ks]
Dealt to 74842efe 
dcb99a8f: folds
9e210333: calls $0.1
3e8f2973: folds
Hero: folds
74842efe: folds
5ca2ab80: checks
*** FLOP *** [Th Qh 9h]
5ca2ab80: checks
9e210333: bets $0.13
5ca2ab80: folds
Uncalled bet ($0.13) returned to 9e210333
*** SHOWDOWN ***
9e210333 collected $0.24 from pot
*** SUMMARY ***
Total pot $0.25 | Rake $0.01 | Jackpot $0 | Bingo $0 | Fortune $0 | Tax $0
Board [Th Qh 9h]
Seat 1: 5ca2ab80 (big blind) folded on the Flop
Seat 2: dcb99a8f folded before Flop (didn't bet)
Seat 3: 9e210333 won ($0.24)
Seat 4: 3e8f2973 folded before Flop (didn't bet)
Seat 5: Hero (button) folded before Flop (didn't bet)
Seat 6: 74842efe (small blind) folded before Flop


Poker Hand #HD1753967579: Hold'em No Limit ($0.05/$0.1) - 2024/05/01 11:36:15
Table 'NLHRed11' 6-max Seat #4 is the button
Seat 1: 5ca2ab80 ($10 in chips)
Seat 2: dcb99a8f ($10.61 in chips)
Seat 3: 9e210333 ($11.06 in chips)
Seat 4: 3e8f2973 ($10.94 in chips)
Seat 5: Hero ($10 in chips)
Seat 6: 74842efe ($10 in chips)
Hero: posts small blind $0.05
74842efe: posts big blind $0.1
*** HOLE CARDS ***
Dealt to 5ca2ab80 
Dealt to dcb99a8f 
Dealt to 9e210333 
Dealt to 3e8f2973 
Dealt to Hero [Th Td]
Dealt to 74842efe 
5ca2ab80: folds
dcb99a8f: raises $0.1 to $0.2
9e210333: folds
3e8f2973: folds
Hero: raises $0.7 to $0.9
74842efe: folds
dcb99a8f: folds
Uncalled bet ($0.7) returned to Hero
*** SHOWDOWN ***
Hero collected $0.48 from pot
*** SUMMARY ***
Total pot $0.5 | Rake $0.02 | Jackpot $0 | Bingo $0 | Fortune $0 | Tax $0
Seat 1: 5ca2ab80 folded before Flop (didn't bet)
Seat 2: dcb99a8f folded before Flop
Seat 3: 9e210333 folded before Flop (didn't bet)
Seat 4: 3e8f2973 (button) folded before Flop (didn't bet)
Seat 5: Hero (small blind) collected ($0.48)
Seat 6: 74842efe (big blind) folded before Flop


Poker Hand #HD1753967520: Hold'em No Limit ($0.05/$0.1) - 2024/05/01 11:35:31
Table 'NLHRed11' 6-max Seat #3 is the button
Seat 1: 5ca2ab80 ($10 in chips)
Seat 2: dcb99a8f ($10.15 in chips)
Seat 3: 9e210333 ($11.28 in chips)
Seat 4: 3e8f2973 ($10.99 in chips)
Seat 5: Hero ($10 in chips)
3e8f2973: posts small blind $0.05
Hero: posts big blind $0.1
*** HOLE CARDS ***
Dealt to 5ca2ab80 
Dealt to dcb99a8f 
Dealt to 9e210333 
Dealt to 3e8f2973 
Dealt to Hero [8s 8d]
5ca2ab80: folds
dcb99a8f: raises $0.12 to $0.22
9e210333: calls $0.22
3e8f2973: folds
Hero: calls $0.12
*** FLOP *** [2c Ac 9s]
Hero: checks
dcb99a8f: checks
9e210333: checks
*** TURN *** [2c Ac 9s] [6d]
Hero: checks
dcb99a8f: bets $0.55
9e210333: folds
Hero: folds
Uncalled bet ($0.55) returned to dcb99a8f
*** SHOWDOWN ***
dcb99a8f collected $0.68 from pot
*** SUMMARY ***
Total pot $0.71 | Rake $0.03 | Jackpot $0 | Bingo $0 | Fortune $0 | Tax $0
Board [2c Ac 9s 6d]
Seat 1: 5ca2ab80 folded before Flop (didn't bet)
Seat 2: dcb99a8f won ($0.68)
Seat 3: 9e210333 (button) folded on the Turn
Seat 4: 3e8f2973 (small blind) folded before Flop
Seat 5: Hero (big blind) folded on the Turn


Poker Hand #HD1753967454: Hold'em No Limit ($0.05/$0.1) - 2024/05/01 11:34:45
Table 'NLHRed11' 6-max Seat #2 is the button
Seat 1: 5ca2ab80 ($10 in chips)
Seat 2: dcb99a8f ($10.15 in chips)
Seat 3: 9e210333 ($11.1 in chips)
Seat 4: 3e8f2973 ($11.19 in chips)
Seat 5: Hero ($10 in chips)
9e210333: posts small blind $0.05
3e8f2973: posts big blind $0.1
*** HOLE CARDS ***
Dealt to 5ca2ab80 
Dealt to dcb99a8f 
Dealt to 9e210333 
Dealt to 3e8f2973 
Dealt to Hero [9s 2d]
Hero: folds
5ca2ab80: folds
dcb99a8f: folds
9e210333: raises $0.1 to $0.2
3e8f2973: calls $0.1
*** FLOP *** [5d 2s 8d]
9e210333: checks
3e8f2973: checks
*** TURN *** [5d 2s 8d] [Th]
9e210333: checks
3e8f2973: checks
*** RIVER *** [5d 2s 8d Th] [7d]
9e210333: bets $0.6
3e8f2973: folds
Uncalled bet ($0.6) returned to 9e210333
*** SHOWDOWN ***
9e210333 collected $0.38 from pot
*** SUMMARY ***
Total pot $0.4 | Rake $0.02 | Jackpot $0 | Bingo $0 | Fortune $0 | Tax $0
Board [5d 2s 8d Th 7d]
Seat 1: 5ca2ab80 folded before Flop (didn't bet)
Seat 2: dcb99a8f (button) folded before Flop (didn't bet)
Seat 3: 9e210333 (small blind) won ($0.38)
Seat 4: 3e8f2973 (big blind) folded on the River
Seat 5: Hero folded before Flop (didn't bet)


Poker Hand #HD1753967386: Hold'em No Limit ($0.05/$0.1) - 2024/05/01 11:33:54
Table 'NLHRed11' 6-max Seat #1 is the button
Seat 1: 5ca2ab80 ($10 in chips)
Seat 2: dcb99a8f ($10.2 in chips)
Seat 3: 9e210333 ($10.23 in chips)
Seat 4: 3e8f2973 ($11.19 in chips)
Seat 5: Hero ($10 in chips)
dcb99a8f: posts small blind $0.05
9e210333: posts big blind $0.1
*** HOLE CARDS ***
Dealt to 5ca2ab80 
Dealt to dcb99a8f 
Dealt to 9e210333 
Dealt to 3e8f2973 
Dealt to Hero [4d Qc]
3e8f2973: folds
Hero: folds
5ca2ab80: raises $0.15 to $0.25
dcb99a8f: folds
9e210333: calls $0.15
*** FLOP *** [5s 2d 8h]
9e210333: checks
5ca2ab80: bets $0.19
9e210333: calls $0.19
*** TURN *** [5s 2d 8h] [5c]
9e210333: checks
5ca2ab80: bets $0.47
9e210333: raises $0.93 to $1.4
5ca2ab80: folds
Uncalled bet ($0.93) returned to 9e210333
9e210333: shows [Kd Tc] (Pair of Fives)
*** SHOWDOWN ***
9e210333 collected $1.78 from pot
*** SUMMARY ***
Total pot $1.87 | Rake $0.09 | Jackpot $0 | Bingo $0 | Fortune $0 | Tax $0
Board [5s 2d 8h 5c]
Seat 1: 5ca2ab80 (button) folded on the Turn
Seat 2: dcb99a8f (small blind) folded before Flop
Seat 3: 9e210333 (big blind) showed [Kd Tc] and won ($1.78)
Seat 4: 3e8f2973 folded before Flop (didn't bet)
Seat 5: Hero folded before Flop (didn't bet)


Poker Hand #HD1753967357: Hold'em No Limit ($0.05/$0.1) - 2024/05/01 11:33:35
Table 'NLHRed11' 6-max Seat #5 is the button
Seat 1: 5ca2ab80 ($10 in chips)
Seat 2: dcb99a8f ($10.15 in chips)
Seat 3: 9e210333 ($10.23 in chips)
Seat 4: 3e8f2973 ($11.19 in chips)
Seat 5: Hero ($10 in chips)
5ca2ab80: posts small blind $0.05
dcb99a8f: posts big blind $0.1
*** HOLE CARDS ***
Dealt to 5ca2ab80 
Dealt to dcb99a8f 
Dealt to 9e210333 
Dealt to 3e8f2973 
Dealt to Hero [6d 8c]
9e210333: folds
3e8f2973: folds
Hero: folds
5ca2ab80: folds
Uncalled bet ($0.05) returned to dcb99a8f
*** SHOWDOWN ***
dcb99a8f collected $0.1 from pot
*** SUMMARY ***
Total pot $0.1 | Rake $0 | Jackpot $0 | Bingo $0 | Fortune $0 | Tax $0
Seat 1: 5ca2ab80 (small blind) folded before Flop
Seat 2: dcb99a8f (big blind) collected ($0.1)
Seat 3: 9e210333 folded before Flop (didn't bet)
Seat 4: 3e8f2973 folded before Flop (didn't bet)
Seat 5: Hero (button) folded before Flop (didn't bet)


Poker Hand #HD1753967304: Hold'em No Limit ($0.05/$0.1) - 2024/05/01 11:33:00
Table 'NLHRed11' 6-max Seat #4 is the button
Seat 1: 5ca2ab80 ($10.08 in chips)
Seat 2: dcb99a8f ($10.15 in chips)
Seat 3: 9e210333 ($10 in chips)
Seat 4: 3e8f2973 ($11.19 in chips)
Seat 5: Hero ($10 in chips)
Hero: posts small blind $0.05
5ca2ab80: posts big blind $0.1
9e210333: posts big blind $0.1
*** HOLE CARDS ***
Dealt to 5ca2ab80 
Dealt to dcb99a8f 
Dealt to 9e210333 
Dealt to 3e8f2973 
Dealt to Hero [8d Qh]
dcb99a8f: folds
9e210333: checks
3e8f2973: folds
Hero: folds
5ca2ab80: checks
*** FLOP *** [5d 3h 3s]
5ca2ab80: checks
9e210333: bets $0.1
5ca2ab80: calls $0.1
*** TURN *** [5d 3h 3s] [Js]
5ca2ab80: checks
9e210333: checks
*** RIVER *** [5d 3h 3s Js] [2h]
5ca2ab80: checks
9e210333: checks
5ca2ab80: shows [Ah 9c] (Pair of Treys)
9e210333: shows [2c Th] (Pair of Treys and Pair of Twos)
*** SHOWDOWN ***
9e210333 collected $0.43 from pot
*** SUMMARY ***
Total pot $0.45 | Rake $0.02 | Jackpot $0 | Bingo $0 | Fortune $0 | Tax $0
Board [5d 3h 3s Js 2h]
Seat 1: 5ca2ab80 (big blind) showed [Ah 9c] and lost with Pair of Treys
Seat 2: dcb99a8f folded before Flop (didn't bet)
Seat 3: 9e210333 showed [2c Th] and won ($0.43) with Pair of Treys and Pair of Twos
Seat 4: 3e8f2973 (button) folded before Flop (didn't bet)
Seat 5: Hero (small blind) folded before Flop


Poker Hand #HD1753967282: Hold'em No Limit ($0.05/$0.1) - 2024/05/01 11:32:46
Table 'NLHRed11' 6-max Seat #2 is the button
Seat 1: 5ca2ab80 ($10.08 in chips)
Seat 2: dcb99a8f ($10 in chips)
Seat 4: 3e8f2973 ($11.24 in chips)
Seat 5: Hero ($10 in chips)
3e8f2973: posts small blind $0.05
Hero: posts big blind $0.1
*** HOLE CARDS ***
Dealt to 5ca2ab80 
Dealt to dcb99a8f 
Dealt to 3e8f2973 
Dealt to Hero [9h 3d]
5ca2ab80: folds
dcb99a8f: raises $0.15 to $0.25
3e8f2973: folds
Hero: folds
Uncalled bet ($0.15) returned to dcb99a8f
*** SHOWDOWN ***
dcb99a8f collected $0.25 from pot
*** SUMMARY ***
Total pot $0.25 | Rake $0 | Jackpot $0 | Bingo $0 | Fortune $0 | Tax $0
Seat 1: 5ca2ab80 folded before Flop (didn't bet)
Seat 2: dcb99a8f (button) collected ($0.25)
Seat 4: 3e8f2973 (small blind) folded before Flop
Seat 5: Hero (big blind) folded before Flop


Poker Hand #HD1753967195: Hold'em No Limit ($0.05/$0.1) - 2024/05/01 11:31:34
Table 'NLHRed11' 6-max Seat #1 is the button
Seat 1: 5ca2ab80 ($10.08 in chips)
Seat 2: dcb99a8f ($11.02 in chips)
Seat 4: 3e8f2973 ($9.88 in chips)
Seat 5: Hero ($10 in chips)
dcb99a8f: posts small blind $0.05
3e8f2973: posts big blind $0.1
*** HOLE CARDS ***
Dealt to 5ca2ab80 
Dealt to dcb99a8f 
Dealt to 3e8f2973 
Dealt to Hero [6s 4s]
Hero: folds
5ca2ab80: folds
dcb99a8f: raises $0.2 to $0.3
3e8f2973: raises $0.6 to $0.9
dcb99a8f: calls $0.6
*** FLOP *** [Kd 2d 6d]
dcb99a8f: checks
3e8f2973: bets $0.71
dcb99a8f: calls $0.71
*** TURN *** [Kd 2d 6d] [5h]
dcb99a8f: checks
3e8f2973: bets $1.5
dcb99a8f: folds
Uncalled bet ($1.5) returned to 3e8f2973
*** SHOWDOWN ***
3e8f2973 collected $2.97 from pot
*** SUMMARY ***
Total pot $3.22 | Rake $0.15 | Jackpot $0.1 | Bingo $0 | Fortune $0 | Tax $0
Board [Kd 2d 6d 5h]
Seat 1: 5ca2ab80 (button) folded before Flop (didn't bet)
Seat 2: dcb99a8f (small blind) folded on the Turn
Seat 4: 3e8f2973 (big blind) won ($2.97)
Seat 5: Hero folded before Flop (didn't bet)


Poker Hand #HD1753967174: Hold'em No Limit ($0.05/$0.1) - 2024/05/01 11:31:21
Table 'NLHRed11' 6-max Seat #5 is the button
Seat 1: 5ca2ab80 ($10.13 in chips)
Seat 2: dcb99a8f ($10.97 in chips)
Seat 4: 3e8f2973 ($9.88 in chips)
Seat 5: Hero ($10 in chips)
5ca2ab80: posts small blind $0.05
dcb99a8f: posts big blind $0.1
*** HOLE CARDS ***
Dealt to 5ca2ab80 
Dealt to dcb99a8f 
Dealt to 3e8f2973 
Dealt to Hero [5d 3s]
3e8f2973: folds
Hero: folds
5ca2ab80: folds
Uncalled bet ($0.05) returned to dcb99a8f
*** SHOWDOWN ***
dcb99a8f collected $0.1 from pot
*** SUMMARY ***
Total pot $0.1 | Rake $0 | Jackpot $0 | Bingo $0 | Fortune $0 | Tax $0
Seat 1: 5ca2ab80 (small blind) folded before Flop
Seat 2: dcb99a8f (big blind) collected ($0.1)
Seat 4: 3e8f2973 folded before Flop (didn't bet)
Seat 5: Hero (button) folded before Flop (didn't bet)


Poker Hand #HD1753967157: Hold'em No Limit ($0.05/$0.1) - 2024/05/01 11:31:07
Table 'NLHRed11' 6-max Seat #4 is the button
Seat 1: 5ca2ab80 ($10.23 in chips)
Seat 2: dcb99a8f ($10.82 in chips)
Seat 4: 3e8f2973 ($9.88 in chips)
Seat 5: Hero ($10 in chips)
Hero: posts small blind $0.05
5ca2ab80: posts big blind $0.1
*** HOLE CARDS ***
Dealt to 5ca2ab80 
Dealt to dcb99a8f 
Dealt to 3e8f2973 
Dealt to Hero [2d 6c]
dcb99a8f: raises $0.12 to $0.22
3e8f2973: folds
Hero: folds
5ca2ab80: folds
Uncalled bet ($0.12) returned to dcb99a8f
*** SHOWDOWN ***
dcb99a8f collected $0.25 from pot
*** SUMMARY ***
Total pot $0.25 | Rake $0 | Jackpot $0 | Bingo $0 | Fortune $0 | Tax $0
Seat 1: 5ca2ab80 (big blind) folded before Flop
Seat 2: dcb99a8f collected ($0.25)
Seat 4: 3e8f2973 (button) folded before Flop (didn't bet)
Seat 5: Hero (small blind) folded before Flop


Poker Hand #HD1753967110: Hold'em No Limit ($0.05/$0.1) - 2024/05/01 11:30:27
Table 'NLHRed11' 6-max Seat #3 is the button
Seat 1: 5ca2ab80 ($10.23 in chips)
Seat 2: dcb99a8f ($10.82 in chips)
Seat 3: d066f072 ($10.43 in chips)
Seat 4: 3e8f2973 ($9.65 in chips)
Seat 5: Hero ($10.15 in chips)
3e8f2973: posts small blind $0.05
Hero: posts big blind $0.1
*** HOLE CARDS ***
Dealt to 5ca2ab80 
Dealt to dcb99a8f 
Dealt to d066f072 
Dealt to 3e8f2973 
Dealt to Hero [3s As]
5ca2ab80: folds
dcb99a8f: folds
d066f072: folds
3e8f2973: raises $0.15 to $0.25
Hero: calls $0.15
*** FLOP *** [Qc 4c 7h]
3e8f2973: bets $0.25
Hero: folds
Uncalled bet ($0.25) returned to 3e8f2973
*** SHOWDOWN ***
3e8f2973 collected $0.48 from pot
*** SUMMARY ***
Total pot $0.5 | Rake $0.02 | Jackpot $0 | Bingo $0 | Fortune $0 | Tax $0
Board [Qc 4c 7h]
Seat 1: 5ca2ab80 folded before Flop (didn't bet)
Seat 2: dcb99a8f folded before Flop (didn't bet)
Seat 3: d066f072 (button) folded before Flop (didn't bet)
Seat 4: 3e8f2973 (small blind) won ($0.48)
Seat 5: Hero (big blind) folded on the Flop


Poker Hand #HD1753967095: Hold'em No Limit ($0.05/$0.1) - 2024/05/01 11:30:18
Table 'NLHRed11' 6-max Seat #2 is the button
Seat 1: 5ca2ab80 ($10.23 in chips)
Seat 2: dcb99a8f ($10.82 in chips)
Seat 3: d066f072 ($10.48 in chips)
Seat 4: 3e8f2973 ($9.6 in chips)
Seat 5: Hero ($10.15 in chips)
d066f072: posts small blind $0.05
3e8f2973: posts big blind $0.1
*** HOLE CARDS ***
Dealt to 5ca2ab80 
Dealt to dcb99a8f 
Dealt to d066f072 
Dealt to 3e8f2973 
Dealt to Hero [9d 4h]
Hero: folds
5ca2ab80: folds
dcb99a8f: folds
d066f072: folds
Uncalled bet ($0.05) returned to 3e8f2973
*** SHOWDOWN ***
3e8f2973 collected $0.1 from pot
*** SUMMARY ***
Total pot $0.1 | Rake $0 | Jackpot $0 | Bingo $0 | Fortune $0 | Tax $0
Seat 1: 5ca2ab80 folded before Flop (didn't bet)
Seat 2: dcb99a8f (button) folded before Flop (didn't bet)
Seat 3: d066f072 (small blind) folded before Flop
Seat 4: 3e8f2973 (big blind) collected ($0.1)
Seat 5: Hero folded before Flop (didn't bet)


Poker Hand #HD1753967059: Hold'em No Limit ($0.05/$0.1) - 2024/05/01 11:29:52
Table 'NLHRed11' 6-max Seat #1 is the button
Seat 1: 5ca2ab80 ($10.23 in chips)
Seat 2: dcb99a8f ($10.87 in chips)
Seat 3: d066f072 ($10.58 in chips)
Seat 4: 3e8f2973 ($9.6 in chips)
Seat 5: Hero ($10 in chips)
dcb99a8f: posts small blind $0.05
d066f072: posts big blind $0.1
*** HOLE CARDS ***
Dealt to 5ca2ab80 
Dealt to dcb99a8f 
Dealt to d066f072 
Dealt to 3e8f2973 
Dealt to Hero [Kh Kc]
3e8f2973: folds
Hero: raises $0.14 to $0.24
5ca2ab80: folds
dcb99a8f: folds
d066f072: folds
Uncalled bet ($0.14) returned to Hero
*** SHOWDOWN ***
Hero collected $0.25 from pot
*** SUMMARY ***
Total pot $0.25 | Rake $0 | Jackpot $0 | Bingo $0 | Fortune $0 | Tax $0
Seat 1: 5ca2ab80 (button) folded before Flop (didn't bet)
Seat 2: dcb99a8f (small blind) folded before Flop
Seat 3: d066f072 (big blind) folded before Flop
Seat 4: 3e8f2973 folded before Flop (didn't bet)
Seat 5: Hero collected ($0.25)


Poker Hand #HD1753967029: Hold'em No Limit ($0.05/$0.1) - 2024/05/01 11:29:29
Table 'NLHRed11' 6-max Seat #5 is the button
Seat 1: 5ca2ab80 ($10.28 in chips)
Seat 2: dcb99a8f ($10.97 in chips)
Seat 3: d066f072 ($10.43 in chips)
Seat 4: 3e8f2973 ($9.6 in chips)
Seat 5: Hero ($10 in chips)
5ca2ab80: posts small blind $0.05
dcb99a8f: posts big blind $0.1
*** HOLE CARDS ***
Dealt to 5ca2ab80 
Dealt to dcb99a8f 
Dealt to d066f072 
Dealt to 3e8f2973 
Dealt to Hero [Kd 2c]
d066f072: raises $0.15 to $0.25
3e8f2973: folds
Hero: folds
5ca2ab80: folds
dcb99a8f: folds
Uncalled bet ($0.15) returned to d066f072
*** SHOWDOWN ***
d066f072 collected $0.25 from pot
*** SUMMARY ***
Total pot $0.25 | Rake $0 | Jackpot $0 | Bingo $0 | Fortune $0 | Tax $0
Seat 1: 5ca2ab80 (small blind) folded before Flop
Seat 2: dcb99a8f (big blind) folded before Flop
Seat 3: d066f072 collected ($0.25)
Seat 4: 3e8f2973 folded before Flop (didn't bet)
Seat 5: Hero (button) folded before Flop (didn't bet)


Poker Hand #HD1753966967: Hold'em No Limit ($0.05/$0.1) - 2024/05/01 11:28:39
Table 'NLHRed11' 6-max Seat #4 is the button
Seat 1: 5ca2ab80 ($10 in chips)
Seat 2: dcb99a8f ($10.97 in chips)
Seat 3: d066f072 ($10.43 in chips)
Seat 4: 3e8f2973 ($9.85 in chips)
Seat 5: Hero ($10 in chips)
Hero: posts small blind $0.05
5ca2ab80: posts big blind $0.1
*** HOLE CARDS ***
Dealt to 5ca2ab80 
Dealt to dcb99a8f 
Dealt to d066f072 
Dealt to 3e8f2973 
Dealt to Hero [2s 8h]
dcb99a8f: folds
d066f072: folds
3e8f2973: raises $0.15 to $0.25
Hero: folds
5ca2ab80: calls $0.15
*** FLOP *** [5c 7h 4h]
5ca2ab80: checks
3e8f2973: checks
*** TURN *** [5c 7h 4h] [6h]
5ca2ab80: bets $0.28
3e8f2973: folds
Uncalled bet ($0.28) returned to 5ca2ab80
*** SHOWDOWN ***
5ca2ab80 collected $0.53 from pot
*** SUMMARY ***
Total pot $0.55 | Rake $0.02 | Jackpot $0 | Bingo $0 | Fortune $0 | Tax $0
Board [5c 7h 4h 6h]
Seat 1: 5ca2ab80 (big blind) won ($0.53)
Seat 2: dcb99a8f folded before Flop (didn't bet)
Seat 3: d066f072 folded before Flop (didn't bet)
Seat 4: 3e8f2973 (button) folded on the Turn
Seat 5: Hero (small blind) folded before Flop


Poker Hand #HD1753966936: Hold'em No Limit ($0.05/$0.1) - 2024/05/01 11:28:17
Table 'NLHRed11' 6-max Seat #3 is the button
Seat 1: 5ca2ab80 ($10 in chips)
Seat 2: dcb99a8f ($10.82 in chips)
Seat 3: d066f072 ($10.43 in chips)
Seat 4: 3e8f2973 ($9.9 in chips)
Seat 5: Hero ($10 in chips)
3e8f2973: posts small blind $0.05
Hero: posts big blind $0.1
*** HOLE CARDS ***
Dealt to 5ca2ab80 
Dealt to dcb99a8f 
Dealt to d066f072 
Dealt to 3e8f2973 
Dealt to Hero [6d 4d]
5ca2ab80: folds
dcb99a8f: raises $0.12 to $0.22
d066f072: folds
3e8f2973: folds
Hero: folds
Uncalled bet ($0.12) returned to dcb99a8f
*** SHOWDOWN ***
dcb99a8f collected $0.25 from pot
*** SUMMARY ***
Total pot $0.25 | Rake $0 | Jackpot $0 | Bingo $0 | Fortune $0 | Tax $0
Seat 1: 5ca2ab80 folded before Flop (didn't bet)
Seat 2: dcb99a8f collected ($0.25)
Seat 3: d066f072 (button) folded before Flop (didn't bet)
Seat 4: 3e8f2973 (small blind) folded before Flop
Seat 5: Hero (big blind) folded before Flop


