Poker Hand #HD1747173391: Hold'em No Limit ($0.02/$0.05) - 2024/04/26 13:18:36
Table 'NLHBlue14' 6-max Seat #2 is the button
Seat 2: Hero ($5.56 in chips)
Seat 3: f150bd1c ($5 in chips)
Hero: posts small blind $0.02
f150bd1c: posts big blind $0.05
*** HOLE CARDS ***
Dealt to Hero [Td 2d]
Dealt to f150bd1c 
Hero: folds
Uncalled bet ($0.03) returned to f150bd1c
*** SHOWDOWN ***
f150bd1c collected $0.04 from pot
*** SUMMARY ***
Total pot $0.04 | Rake $0 | Jackpot $0 | Bingo $0 | Fortune $0 | Tax $0
Seat 2: Hero (small blind) folded before Flop
Seat 3: f150bd1c (big blind) collected ($0.04)


Poker Hand #HD1747173294: Hold'em No Limit ($0.02/$0.05) - 2024/04/26 13:17:41
Table 'NLHBlue14' 6-max Seat #6 is the button
Seat 2: Hero ($5.61 in chips)
Seat 6: 5d465ebd ($7.56 in chips)
5d465ebd: posts small blind $0.02
Hero: posts big blind $0.05
*** HOLE CARDS ***
Dealt to Hero [Kc 3s]
Dealt to 5d465ebd 
5d465ebd: calls $0.03
Hero: checks
*** FLOP *** [2d 5s Tc]
Hero: checks
5d465ebd: checks
*** TURN *** [2d 5s Tc] [2s]
Hero: checks
5d465ebd: checks
*** RIVER *** [2d 5s Tc 2s] [6d]
Hero: checks
5d465ebd: checks
5d465ebd: shows [9h 5h] (Pair of Fives and Pair of Twos)
Hero: shows [Kc 3s] (Pair of Twos)
*** SHOWDOWN ***
5d465ebd collected $0.1 from pot
*** SUMMARY ***
Total pot $0.1 | Rake $0 | Jackpot $0 | Bingo $0 | Fortune $0 | Tax $0
Board [2d 5s Tc 2s 6d]
Seat 2: Hero (big blind) showed [Kc 3s] and lost with Pair of Twos
Seat 6: 5d465ebd (small blind) showed [9h 5h] and won ($0.1) with Pair of Fives and Pair of Twos


Poker Hand #HD1747173282: Hold'em No Limit ($0.02/$0.05) - 2024/04/26 13:17:34
Table 'NLHBlue14' 6-max Seat #2 is the button
Seat 2: Hero ($5.56 in chips)
Seat 6: 5d465ebd ($7.61 in chips)
Hero: posts small blind $0.02
5d465ebd: posts big blind $0.05
*** HOLE CARDS ***
Dealt to Hero [8c Qc]
Dealt to 5d465ebd 
Hero: raises $0.07 to $0.12
5d465ebd: folds
Uncalled bet ($0.07) returned to Hero
*** SHOWDOWN ***
Hero collected $0.1 from pot
*** SUMMARY ***
Total pot $0.1 | Rake $0 | Jackpot $0 | Bingo $0 | Fortune $0 | Tax $0
Seat 2: Hero (small blind) collected ($0.1)
Seat 6: 5d465ebd (big blind) folded before Flop


Poker Hand #HD1747173270: Hold'em No Limit ($0.02/$0.05) - 2024/04/26 13:17:27
Table 'NLHBlue14' 6-max Seat #6 is the button
Seat 2: Hero ($5.61 in chips)
Seat 6: 5d465ebd ($7.56 in chips)
5d465ebd: posts small blind $0.02
Hero: posts big blind $0.05
*** HOLE CARDS ***
Dealt to Hero [Ts 5c]
Dealt to 5d465ebd 
5d465ebd: raises $0.1 to $0.15
Hero: folds
Uncalled bet ($0.1) returned to 5d465ebd
*** SHOWDOWN ***
5d465ebd collected $0.1 from pot
*** SUMMARY ***
Total pot $0.1 | Rake $0 | Jackpot $0 | Bingo $0 | Fortune $0 | Tax $0
Seat 2: Hero (big blind) folded before Flop
Seat 6: 5d465ebd (small blind) collected ($0.1)


Poker Hand #HD1747173254: Hold'em No Limit ($0.02/$0.05) - 2024/04/26 13:17:17
Table 'NLHBlue14' 6-max Seat #2 is the button
Seat 2: Hero ($5.56 in chips)
Seat 6: 5d465ebd ($7.61 in chips)
Hero: posts small blind $0.02
5d465ebd: posts big blind $0.05
*** HOLE CARDS ***
Dealt to Hero [Td Tc]
Dealt to 5d465ebd 
Hero: raises $0.1 to $0.15
5d465ebd: folds
Uncalled bet ($0.1) returned to Hero
*** SHOWDOWN ***
Hero collected $0.1 from pot
*** SUMMARY ***
Total pot $0.1 | Rake $0 | Jackpot $0 | Bingo $0 | Fortune $0 | Tax $0
Seat 2: Hero (small blind) collected ($0.1)
Seat 6: 5d465ebd (big blind) folded before Flop


Poker Hand #HD1747173246: Hold'em No Limit ($0.02/$0.05) - 2024/04/26 13:17:12
Table 'NLHBlue14' 6-max Seat #6 is the button
Seat 2: Hero ($5.54 in chips)
Seat 6: 5d465ebd ($7.63 in chips)
5d465ebd: posts small blind $0.02
Hero: posts big blind $0.05
*** HOLE CARDS ***
Dealt to Hero [3s Ts]
Dealt to 5d465ebd 
5d465ebd: folds
Uncalled bet ($0.03) returned to Hero
*** SHOWDOWN ***
Hero collected $0.04 from pot
*** SUMMARY ***
Total pot $0.04 | Rake $0 | Jackpot $0 | Bingo $0 | Fortune $0 | Tax $0
Seat 2: Hero (big blind) collected ($0.04)
Seat 6: 5d465ebd (small blind) folded before Flop


Poker Hand #HD1747173239: Hold'em No Limit ($0.02/$0.05) - 2024/04/26 13:17:07
Table 'NLHBlue14' 6-max Seat #2 is the button
Seat 2: Hero ($5.56 in chips)
Seat 6: 5d465ebd ($7.61 in chips)
Hero: posts small blind $0.02
5d465ebd: posts big blind $0.05
*** HOLE CARDS ***
Dealt to Hero [8s 9d]
Dealt to 5d465ebd 
Hero: folds
Uncalled bet ($0.03) returned to 5d465ebd
*** SHOWDOWN ***
5d465ebd collected $0.04 from pot
*** SUMMARY ***
Total pot $0.04 | Rake $0 | Jackpot $0 | Bingo $0 | Fortune $0 | Tax $0
Seat 2: Hero (small blind) folded before Flop
Seat 6: 5d465ebd (big blind) collected ($0.04)


Poker Hand #HD1747173182: Hold'em No Limit ($0.02/$0.05) - 2024/04/26 13:16:35
Table 'NLHBlue14' 6-max Seat #6 is the button
Seat 2: Hero ($5.56 in chips)
Seat 6: 5d465ebd ($7.61 in chips)
5d465ebd: posts small blind $0.02
Hero: posts big blind $0.05
*** HOLE CARDS ***
Dealt to Hero [9d 2d]
Dealt to 5d465ebd 
5d465ebd: calls $0.03
Hero: checks
*** FLOP *** [Qs Th 9c]
Hero: checks
5d465ebd: checks
*** TURN *** [Qs Th 9c] [Jh]
Hero: checks
5d465ebd: checks
*** RIVER *** [Qs Th 9c Jh] [Ks]
Hero: checks
5d465ebd: checks
5d465ebd: shows [7c Qc] (Kings-High Straight)
Hero: shows [9d 2d] (Kings-High Straight)
*** SHOWDOWN ***
Hero collected $0.05 from pot
5d465ebd collected $0.05 from pot
*** SUMMARY ***
Total pot $0.1 | Rake $0 | Jackpot $0 | Bingo $0 | Fortune $0 | Tax $0
Board [Qs Th 9c Jh Ks]
Seat 2: Hero (big blind) showed [9d 2d] and won ($0.05) with Kings-High Straight
Seat 6: 5d465ebd (small blind) showed [7c Qc] and won ($0.05) with Kings-High Straight


Poker Hand #HD1747173166: Hold'em No Limit ($0.02/$0.05) - 2024/04/26 13:16:26
Table 'NLHBlue14' 6-max Seat #2 is the button
Seat 2: Hero ($5.51 in chips)
Seat 6: 5d465ebd ($7.66 in chips)
Hero: posts small blind $0.02
5d465ebd: posts big blind $0.05
*** HOLE CARDS ***
Dealt to Hero [As Kh]
Dealt to 5d465ebd 
Hero: raises $0.15 to $0.2
5d465ebd: folds
Uncalled bet ($0.15) returned to Hero
*** SHOWDOWN ***
Hero collected $0.1 from pot
*** SUMMARY ***
Total pot $0.1 | Rake $0 | Jackpot $0 | Bingo $0 | Fortune $0 | Tax $0
Seat 2: Hero (small blind) collected ($0.1)
Seat 6: 5d465ebd (big blind) folded before Flop


Poker Hand #HD1747173155: Hold'em No Limit ($0.02/$0.05) - 2024/04/26 13:16:18
Table 'NLHBlue14' 6-max Seat #6 is the button
Seat 2: Hero ($5.53 in chips)
Seat 3: e88355d7 ($13.45 in chips)
Seat 6: 5d465ebd ($7.59 in chips)
Hero: posts small blind $0.02
e88355d7: posts big blind $0.05
*** HOLE CARDS ***
Dealt to Hero [Th 8c]
Dealt to e88355d7 
Dealt to 5d465ebd 
5d465ebd: raises $0.05 to $0.1
Hero: folds
e88355d7: folds
Uncalled bet ($0.05) returned to 5d465ebd
*** SHOWDOWN ***
5d465ebd collected $0.12 from pot
*** SUMMARY ***
Total pot $0.12 | Rake $0 | Jackpot $0 | Bingo $0 | Fortune $0 | Tax $0
Seat 2: Hero (small blind) folded before Flop
Seat 3: e88355d7 (big blind) folded before Flop
Seat 6: 5d465ebd (button) collected ($0.12)


Poker Hand #HD1747173139: Hold'em No Limit ($0.02/$0.05) - 2024/04/26 13:16:12
Table 'NLHBlue14' 6-max Seat #3 is the button
Seat 2: Hero ($5.58 in chips)
Seat 3: e88355d7 ($13.45 in chips)
Seat 6: 5d465ebd ($7.54 in chips)
5d465ebd: posts small blind $0.02
Hero: posts big blind $0.05
*** HOLE CARDS ***
Dealt to Hero [Kc 2s]
Dealt to e88355d7 
Dealt to 5d465ebd 
e88355d7: folds
5d465ebd: raises $0.1 to $0.15
Hero: folds
Uncalled bet ($0.1) returned to 5d465ebd
*** SHOWDOWN ***
5d465ebd collected $0.1 from pot
*** SUMMARY ***
Total pot $0.1 | Rake $0 | Jackpot $0 | Bingo $0 | Fortune $0 | Tax $0
Seat 2: Hero (big blind) folded before Flop
Seat 3: e88355d7 (button) folded before Flop (didn't bet)
Seat 6: 5d465ebd (small blind) collected ($0.1)


Poker Hand #HD1747173060: Hold'em No Limit ($0.02/$0.05) - 2024/04/26 13:15:31
Table 'NLHBlue14' 6-max Seat #2 is the button
Seat 2: Hero ($5.03 in chips)
Seat 3: e88355d7 ($14 in chips)
Seat 4: 72fa4187 ($6.09 in chips)
Seat 6: 5d465ebd ($7.54 in chips)
e88355d7: posts small blind $0.02
72fa4187: posts big blind $0.05
*** HOLE CARDS ***
Dealt to Hero [Js Jd]
Dealt to e88355d7 
Dealt to 72fa4187 
Dealt to 5d465ebd 
5d465ebd: folds
Hero: raises $0.07 to $0.12
e88355d7: raises $0.43 to $0.55
72fa4187: folds
Hero: raises $0.91 to $1.46
e88355d7: folds
Uncalled bet ($0.91) returned to Hero
*** SHOWDOWN ***
Hero collected $1.1 from pot
*** SUMMARY ***
Total pot $1.15 | Rake $0.05 | Jackpot $0 | Bingo $0 | Fortune $0 | Tax $0
Seat 2: Hero (button) collected ($1.1)
Seat 3: e88355d7 (small blind) folded before Flop
Seat 4: 72fa4187 (big blind) folded before Flop
Seat 6: 5d465ebd folded before Flop (didn't bet)


Poker Hand #HD1747173036: Hold'em No Limit ($0.02/$0.05) - 2024/04/26 13:15:19
Table 'NLHBlue14' 6-max Seat #6 is the button
Seat 2: Hero ($5.05 in chips)
Seat 3: e88355d7 ($13.98 in chips)
Seat 4: 72fa4187 ($6.09 in chips)
Seat 6: 5d465ebd ($7.54 in chips)
Hero: posts small blind $0.02
e88355d7: posts big blind $0.05
*** HOLE CARDS ***
Dealt to Hero [6d 5h]
Dealt to e88355d7 
Dealt to 72fa4187 
Dealt to 5d465ebd 
72fa4187: folds
5d465ebd: folds
Hero: folds
Uncalled bet ($0.03) returned to e88355d7
*** SHOWDOWN ***
e88355d7 collected $0.04 from pot
*** SUMMARY ***
Total pot $0.04 | Rake $0 | Jackpot $0 | Bingo $0 | Fortune $0 | Tax $0
Seat 2: Hero (small blind) folded before Flop
Seat 3: e88355d7 (big blind) collected ($0.04)
Seat 4: 72fa4187 folded before Flop (didn't bet)
Seat 6: 5d465ebd (button) folded before Flop (didn't bet)


Poker Hand #HD1747172947: Hold'em No Limit ($0.02/$0.05) - 2024/04/26 13:14:27
Table 'NLHBlue14' 6-max Seat #4 is the button
Seat 2: Hero ($5.05 in chips)
Seat 3: e88355d7 ($13.98 in chips)
Seat 4: 72fa4187 ($6.02 in chips)
Seat 5: 76a59ce2 ($5.02 in chips)
Seat 6: 5d465ebd ($7.59 in chips)
76a59ce2: posts small blind $0.02
5d465ebd: posts big blind $0.05
*** HOLE CARDS ***
Dealt to Hero [6s Kd]
Dealt to e88355d7 
Dealt to 72fa4187 
Dealt to 76a59ce2 
Dealt to 5d465ebd 
Hero: folds
e88355d7: folds
72fa4187: raises $0.05 to $0.1
76a59ce2: folds
5d465ebd: folds
Uncalled bet ($0.05) returned to 72fa4187
*** SHOWDOWN ***
72fa4187 collected $0.12 from pot
*** SUMMARY ***
Total pot $0.12 | Rake $0 | Jackpot $0 | Bingo $0 | Fortune $0 | Tax $0
Seat 2: Hero folded before Flop (didn't bet)
Seat 3: e88355d7 folded before Flop (didn't bet)
Seat 4: 72fa4187 (button) collected ($0.12)
Seat 5: 76a59ce2 (small blind) folded before Flop
Seat 6: 5d465ebd (big blind) folded before Flop


Poker Hand #HD1747172907: Hold'em No Limit ($0.02/$0.05) - 2024/04/26 13:14:03
Table 'NLHBlue14' 6-max Seat #3 is the button
Seat 2: Hero ($5.05 in chips)
Seat 3: e88355d7 ($13.91 in chips)
Seat 4: 72fa4187 ($6.04 in chips)
Seat 5: 76a59ce2 ($5.07 in chips)
Seat 6: 5d465ebd ($7.59 in chips)
72fa4187: posts small blind $0.02
76a59ce2: posts big blind $0.05
*** HOLE CARDS ***
Dealt to Hero [5s Jh]
Dealt to e88355d7 
Dealt to 72fa4187 
Dealt to 76a59ce2 
Dealt to 5d465ebd 
5d465ebd: folds
Hero: folds
e88355d7: raises $0.08 to $0.13
72fa4187: folds
76a59ce2: folds
Uncalled bet ($0.08) returned to e88355d7
*** SHOWDOWN ***
e88355d7 collected $0.12 from pot
*** SUMMARY ***
Total pot $0.12 | Rake $0 | Jackpot $0 | Bingo $0 | Fortune $0 | Tax $0
Seat 2: Hero folded before Flop (didn't bet)
Seat 3: e88355d7 (button) collected ($0.12)
Seat 4: 72fa4187 (small blind) folded before Flop
Seat 5: 76a59ce2 (big blind) folded before Flop
Seat 6: 5d465ebd folded before Flop (didn't bet)


Poker Hand #HD1747172876: Hold'em No Limit ($0.02/$0.05) - 2024/04/26 13:13:49
Table 'NLHBlue14' 6-max Seat #2 is the button
Seat 2: Hero ($5.05 in chips)
Seat 3: e88355d7 ($13.93 in chips)
Seat 4: 72fa4187 ($6.02 in chips)
Seat 5: 76a59ce2 ($5.07 in chips)
Seat 6: 5d465ebd ($7.59 in chips)
e88355d7: posts small blind $0.02
72fa4187: posts big blind $0.05
*** HOLE CARDS ***
Dealt to Hero [2h Qd]
Dealt to e88355d7 
Dealt to 72fa4187 
Dealt to 76a59ce2 
Dealt to 5d465ebd 
76a59ce2: folds
5d465ebd: folds
Hero: folds
e88355d7: folds
Uncalled bet ($0.03) returned to 72fa4187
*** SHOWDOWN ***
72fa4187 collected $0.04 from pot
*** SUMMARY ***
Total pot $0.04 | Rake $0 | Jackpot $0 | Bingo $0 | Fortune $0 | Tax $0
Seat 2: Hero (button) folded before Flop (didn't bet)
Seat 3: e88355d7 (small blind) folded before Flop
Seat 4: 72fa4187 (big blind) collected ($0.04)
Seat 5: 76a59ce2 folded before Flop (didn't bet)
Seat 6: 5d465ebd folded before Flop (didn't bet)


Poker Hand #HD1747172833: Hold'em No Limit ($0.02/$0.05) - 2024/04/26 13:13:22
Table 'NLHBlue14' 6-max Seat #6 is the button
Seat 2: Hero ($5 in chips)
Seat 3: e88355d7 ($13.98 in chips)
Seat 4: 72fa4187 ($6.02 in chips)
Seat 5: 76a59ce2 ($5.07 in chips)
Seat 6: 5d465ebd ($7.59 in chips)
Hero: posts small blind $0.02
e88355d7: posts big blind $0.05
*** HOLE CARDS ***
Dealt to Hero [Jc Kc]
Dealt to e88355d7 
Dealt to 72fa4187 
Dealt to 76a59ce2 
Dealt to 5d465ebd 
72fa4187: folds
76a59ce2: folds
5d465ebd: folds
Hero: raises $0.1 to $0.15
e88355d7: folds
Uncalled bet ($0.1) returned to Hero
*** SHOWDOWN ***
Hero collected $0.1 from pot
*** SUMMARY ***
Total pot $0.1 | Rake $0 | Jackpot $0 | Bingo $0 | Fortune $0 | Tax $0
Seat 2: Hero (small blind) collected ($0.1)
Seat 3: e88355d7 (big blind) folded before Flop
Seat 4: 72fa4187 folded before Flop (didn't bet)
Seat 5: 76a59ce2 folded before Flop (didn't bet)
Seat 6: 5d465ebd (button) folded before Flop (didn't bet)


Poker Hand #HD1747172777: Hold'em No Limit ($0.02/$0.05) - 2024/04/26 13:12:53
Table 'NLHBlue14' 6-max Seat #5 is the button
Seat 2: Hero ($5 in chips)
Seat 3: e88355d7 ($13.98 in chips)
Seat 4: 72fa4187 ($6.02 in chips)
Seat 5: 76a59ce2 ($5 in chips)
Seat 6: 5d465ebd ($7.61 in chips)
5d465ebd: posts small blind $0.02
Hero: posts big blind $0.05
*** HOLE CARDS ***
Dealt to Hero [Js 2h]
Dealt to e88355d7 
Dealt to 72fa4187 
Dealt to 76a59ce2 
Dealt to 5d465ebd 
e88355d7: folds
72fa4187: folds
76a59ce2: raises $0.07 to $0.12
5d465ebd: folds
Hero: folds
Uncalled bet ($0.07) returned to 76a59ce2
*** SHOWDOWN ***
76a59ce2 collected $0.12 from pot
*** SUMMARY ***
Total pot $0.12 | Rake $0 | Jackpot $0 | Bingo $0 | Fortune $0 | Tax $0
Seat 2: Hero (big blind) folded before Flop
Seat 3: e88355d7 folded before Flop (didn't bet)
Seat 4: 72fa4187 folded before Flop (didn't bet)
Seat 5: 76a59ce2 (button) collected ($0.12)
Seat 6: 5d465ebd (small blind) folded before Flop


Poker Hand #HD1747172687: Hold'em No Limit ($0.02/$0.05) - 2024/04/26 13:12:02
Table 'NLHBlue14' 6-max Seat #4 is the button
Seat 2: Hero ($5 in chips)
Seat 3: e88355d7 ($13.98 in chips)
Seat 4: 72fa4187 ($6.12 in chips)
Seat 5: 76a59ce2 ($5 in chips)
Seat 6: 5d465ebd ($7.5 in chips)
76a59ce2: posts small blind $0.02
5d465ebd: posts big blind $0.05
*** HOLE CARDS ***
Dealt to Hero [4h 7h]
Dealt to e88355d7 
Dealt to 72fa4187 
Dealt to 76a59ce2 
Dealt to 5d465ebd 
Hero: folds
e88355d7: folds
72fa4187: calls $0.05
76a59ce2: folds
5d465ebd: checks
*** FLOP *** [3s Ad Ac]
5d465ebd: checks
72fa4187: checks
*** TURN *** [3s Ad Ac] [5c]
5d465ebd: checks
72fa4187: bets $0.05
5d465ebd: calls $0.05
*** RIVER *** [3s Ad Ac 5c] [2s]
5d465ebd: checks
72fa4187: checks
5d465ebd: shows [Tc 5d] (Pair of Aces and Pair of Fives)
72fa4187: shows [Jc 6c] (Pair of Aces)
*** SHOWDOWN ***
5d465ebd collected $0.21 from pot
*** SUMMARY ***
Total pot $0.22 | Rake $0.01 | Jackpot $0 | Bingo $0 | Fortune $0 | Tax $0
Board [3s Ad Ac 5c 2s]
Seat 2: Hero folded before Flop (didn't bet)
Seat 3: e88355d7 folded before Flop (didn't bet)
Seat 4: 72fa4187 (button) showed [Jc 6c] and lost with Pair of Aces
Seat 5: 76a59ce2 (small blind) folded before Flop
Seat 6: 5d465ebd (big blind) showed [Tc 5d] and won ($0.21) with Pair of Aces and Pair of Fives


Poker Hand #HD1747172613: Hold'em No Limit ($0.02/$0.05) - 2024/04/26 13:11:20
Table 'NLHBlue14' 6-max Seat #3 is the button
Seat 2: Hero ($5 in chips)
Seat 3: e88355d7 ($13.98 in chips)
Seat 4: 72fa4187 ($6.14 in chips)
Seat 5: 76a59ce2 ($5 in chips)
Seat 6: 5d465ebd ($7.16 in chips)
72fa4187: posts small blind $0.02
76a59ce2: posts big blind $0.05
*** HOLE CARDS ***
Dealt to Hero [Qh Ah]
Dealt to e88355d7 
Dealt to 72fa4187 
Dealt to 76a59ce2 
Dealt to 5d465ebd 
5d465ebd: raises $0.05 to $0.1
Hero: raises $0.2 to $0.3
e88355d7: folds
72fa4187: folds
76a59ce2: folds
5d465ebd: raises $0.95 to $1.25
Hero: folds
Uncalled bet ($0.95) returned to 5d465ebd
*** SHOWDOWN ***
5d465ebd collected $0.64 from pot
*** SUMMARY ***
Total pot $0.67 | Rake $0.03 | Jackpot $0 | Bingo $0 | Fortune $0 | Tax $0
Seat 2: Hero folded before Flop
Seat 3: e88355d7 (button) folded before Flop (didn't bet)
Seat 4: 72fa4187 (small blind) folded before Flop
Seat 5: 76a59ce2 (big blind) folded before Flop
Seat 6: 5d465ebd collected ($0.64)


Poker Hand #HD1747172490: Hold'em No Limit ($0.02/$0.05) - 2024/04/26 13:10:14
Table 'NLHBlue14' 6-max Seat #2 is the button
Seat 2: Hero ($5.45 in chips)
Seat 3: e88355d7 ($14 in chips)
Seat 4: 72fa4187 ($4.88 in chips)
Seat 5: 76a59ce2 ($5 in chips)
Seat 6: 5d465ebd ($7.16 in chips)
e88355d7: posts small blind $0.02
72fa4187: posts big blind $0.05
*** HOLE CARDS ***
Dealt to Hero [9d Td]
Dealt to e88355d7 
Dealt to 72fa4187 
Dealt to 76a59ce2 
Dealt to 5d465ebd 
76a59ce2: folds
5d465ebd: folds
Hero: raises $0.07 to $0.12
e88355d7: folds
72fa4187: calls $0.07
*** FLOP *** [5d Ad 2d]
72fa4187: checks
Hero: bets $0.18
72fa4187: calls $0.18
*** TURN *** [5d Ad 2d] [5c]
72fa4187: checks
Hero: bets $0.41
72fa4187: calls $0.41
*** RIVER *** [5d Ad 2d 5c] [Qd]
72fa4187: bets $0.72
Hero: calls $0.72
72fa4187: shows [2s Kd] (Ace High Flush)
Hero: shows [9d Td] (Ace High Flush)
*** SHOWDOWN ***
72fa4187 collected $2.69 from pot
*** SUMMARY ***
Total pot $2.88 | Rake $0.14 | Jackpot $0.05 | Bingo $0 | Fortune $0 | Tax $0
Board [5d Ad 2d 5c Qd]
Seat 2: Hero (button) showed [9d Td] and lost with Ace High Flush
Seat 3: e88355d7 (small blind) folded before Flop
Seat 4: 72fa4187 (big blind) showed [2s Kd] and won ($2.69) with Ace High Flush
Seat 5: 76a59ce2 folded before Flop (didn't bet)
Seat 6: 5d465ebd folded before Flop (didn't bet)


Poker Hand #HD1747172403: Hold'em No Limit ($0.02/$0.05) - 2024/04/26 13:09:25
Table 'NLHBlue14' 6-max Seat #6 is the button
Seat 1: 28c941ee ($2.04 in chips)
Seat 2: Hero ($5.5 in chips)
Seat 3: e88355d7 ($14 in chips)
Seat 4: 72fa4187 ($4.88 in chips)
Seat 5: 76a59ce2 ($5 in chips)
Seat 6: 5d465ebd ($5.32 in chips)
28c941ee: posts small blind $0.02
Hero: posts big blind $0.05
*** HOLE CARDS ***
Dealt to 28c941ee 
Dealt to Hero [9c 4s]
Dealt to e88355d7 
Dealt to 72fa4187 
Dealt to 76a59ce2 
Dealt to 5d465ebd 
e88355d7: folds
72fa4187: folds
76a59ce2: folds
5d465ebd: raises $0.05 to $0.1
28c941ee: calls $0.08
Hero: folds
*** FLOP *** [2c Kd Jc]
28c941ee: checks
5d465ebd: checks
*** TURN *** [2c Kd Jc] [Jh]
28c941ee: bets $0.19
5d465ebd: raises $0.48 to $0.67
28c941ee: raises $1.15 to $1.82
5d465ebd: raises $1.15 to $2.97
28c941ee: calls $0.12 and is all-in
Uncalled bet ($1.03) returned to 5d465ebd
5d465ebd: shows [8d Jd] (Three Jacks)
28c941ee: shows [Kh 3h] (Pair of Kings and Pair of Jacks)
*** RIVER *** [2c Kd Jc Jh] [As]
*** SHOWDOWN ***
5d465ebd collected $3.88 from pot
*** SUMMARY ***
Total pot $4.13 | Rake $0.2 | Jackpot $0.05 | Bingo $0 | Fortune $0 | Tax $0
Board [2c Kd Jc Jh As]
Seat 1: 28c941ee (small blind) showed [Kh 3h] and lost with Pair of Kings and Pair of Jacks
Seat 2: Hero (big blind) folded before Flop
Seat 3: e88355d7 folded before Flop (didn't bet)
Seat 4: 72fa4187 folded before Flop (didn't bet)
Seat 5: 76a59ce2 folded before Flop (didn't bet)
Seat 6: 5d465ebd (button) showed [8d Jd] and won ($3.88) with Three Jacks


Poker Hand #HD1747172364: Hold'em No Limit ($0.02/$0.05) - 2024/04/26 13:09:01
Table 'NLHBlue14' 6-max Seat #5 is the button
Seat 1: 28c941ee ($2.09 in chips)
Seat 2: Hero ($5.5 in chips)
Seat 3: e88355d7 ($14 in chips)
Seat 4: 72fa4187 ($4.88 in chips)
Seat 5: 76a59ce2 ($5 in chips)
Seat 6: 5d465ebd ($5.16 in chips)
5d465ebd: posts small blind $0.02
28c941ee: posts big blind $0.05
*** HOLE CARDS ***
Dealt to 28c941ee 
Dealt to Hero [4d 7c]
Dealt to e88355d7 
Dealt to 72fa4187 
Dealt to 76a59ce2 
Dealt to 5d465ebd 
Hero: folds
e88355d7: folds
72fa4187: folds
76a59ce2: raises $0.07 to $0.12
5d465ebd: raises $0.38 to $0.5
28c941ee: folds
76a59ce2: folds
Uncalled bet ($0.38) returned to 5d465ebd
*** SHOWDOWN ***
5d465ebd collected $0.28 from pot
*** SUMMARY ***
Total pot $0.29 | Rake $0.01 | Jackpot $0 | Bingo $0 | Fortune $0 | Tax $0
Seat 1: 28c941ee (big blind) folded before Flop
Seat 2: Hero folded before Flop (didn't bet)
Seat 3: e88355d7 folded before Flop (didn't bet)
Seat 4: 72fa4187 folded before Flop (didn't bet)
Seat 5: 76a59ce2 (button) folded before Flop
Seat 6: 5d465ebd (small blind) collected ($0.28)


Poker Hand #HD1747172294: Hold'em No Limit ($0.02/$0.05) - 2024/04/26 13:08:21
Table 'NLHBlue14' 6-max Seat #4 is the button
Seat 1: 28c941ee ($2.09 in chips)
Seat 2: Hero ($5.15 in chips)
Seat 3: e88355d7 ($14.31 in chips)
Seat 4: 72fa4187 ($4.88 in chips)
Seat 5: 76a59ce2 ($5 in chips)
Seat 6: 5d465ebd ($5.21 in chips)
76a59ce2: posts small blind $0.02
5d465ebd: posts big blind $0.05
*** HOLE CARDS ***
Dealt to 28c941ee 
Dealt to Hero [Kd Ac]
Dealt to e88355d7 
Dealt to 72fa4187 
Dealt to 76a59ce2 
Dealt to 5d465ebd 
28c941ee: folds
Hero: raises $0.05 to $0.1
e88355d7: raises $0.21 to $0.31
72fa4187: folds
76a59ce2: folds
5d465ebd: folds
Hero: raises $0.74 to $1.05
e88355d7: folds
Uncalled bet ($0.74) returned to Hero
*** SHOWDOWN ***
Hero collected $0.66 from pot
*** SUMMARY ***
Total pot $0.69 | Rake $0.03 | Jackpot $0 | Bingo $0 | Fortune $0 | Tax $0
Seat 1: 28c941ee folded before Flop (didn't bet)
Seat 2: Hero collected ($0.66)
Seat 3: e88355d7 folded before Flop
Seat 4: 72fa4187 (button) folded before Flop (didn't bet)
Seat 5: 76a59ce2 (small blind) folded before Flop
Seat 6: 5d465ebd (big blind) folded before Flop


Poker Hand #HD1747172254: Hold'em No Limit ($0.02/$0.05) - 2024/04/26 13:08:01
Table 'NLHBlue14' 6-max Seat #3 is the button
Seat 1: 28c941ee ($2.09 in chips)
Seat 2: Hero ($5.15 in chips)
Seat 3: e88355d7 ($14.31 in chips)
Seat 4: 72fa4187 ($4.9 in chips)
Seat 5: 76a59ce2 ($5 in chips)
Seat 6: 5d465ebd ($5.14 in chips)
72fa4187: posts small blind $0.02
76a59ce2: posts big blind $0.05
*** HOLE CARDS ***
Dealt to 28c941ee 
Dealt to Hero [5d 6h]
Dealt to e88355d7 
Dealt to 72fa4187 
Dealt to 76a59ce2 
Dealt to 5d465ebd 
5d465ebd: raises $0.05 to $0.1
28c941ee: folds
Hero: folds
e88355d7: folds
72fa4187: folds
76a59ce2: folds
Uncalled bet ($0.05) returned to 5d465ebd
*** SHOWDOWN ***
5d465ebd collected $0.12 from pot
*** SUMMARY ***
Total pot $0.12 | Rake $0 | Jackpot $0 | Bingo $0 | Fortune $0 | Tax $0
Seat 1: 28c941ee folded before Flop (didn't bet)
Seat 2: Hero folded before Flop (didn't bet)
Seat 3: e88355d7 (button) folded before Flop (didn't bet)
Seat 4: 72fa4187 (small blind) folded before Flop
Seat 5: 76a59ce2 (big blind) folded before Flop
Seat 6: 5d465ebd collected ($0.12)


Poker Hand #HD1747172202: Hold'em No Limit ($0.02/$0.05) - 2024/04/26 13:07:28
Table 'NLHBlue14' 6-max Seat #2 is the button
Seat 1: 28c941ee ($1.93 in chips)
Seat 2: Hero ($5.15 in chips)
Seat 3: e88355d7 ($14.33 in chips)
Seat 4: 72fa4187 ($5.05 in chips)
Seat 5: 76a59ce2 ($5 in chips)
Seat 6: 5d465ebd ($5.14 in chips)
e88355d7: posts small blind $0.02
72fa4187: posts big blind $0.05
*** HOLE CARDS ***
Dealt to 28c941ee 
Dealt to Hero [Ts 4s]
Dealt to e88355d7 
Dealt to 72fa4187 
Dealt to 76a59ce2 
Dealt to 5d465ebd 
76a59ce2: folds
5d465ebd: folds
28c941ee: calls $0.05
Hero: folds
e88355d7: folds
72fa4187: raises $0.1 to $0.15
28c941ee: calls $0.1
*** FLOP *** [6s 8d 9h]
72fa4187: checks
28c941ee: bets $1.78 and is all-in
72fa4187: folds
Uncalled bet ($1.78) returned to 28c941ee
*** SHOWDOWN ***
28c941ee collected $0.31 from pot
*** SUMMARY ***
Total pot $0.32 | Rake $0.01 | Jackpot $0 | Bingo $0 | Fortune $0 | Tax $0
Board [6s 8d 9h]
Seat 1: 28c941ee won ($0.31)
Seat 2: Hero (button) folded before Flop (didn't bet)
Seat 3: e88355d7 (small blind) folded before Flop
Seat 4: 72fa4187 (big blind) folded on the Flop
Seat 5: 76a59ce2 folded before Flop (didn't bet)
Seat 6: 5d465ebd folded before Flop (didn't bet)


Poker Hand #HD1747172160: Hold'em No Limit ($0.02/$0.05) - 2024/04/26 13:07:06
Table 'NLHBlue14' 6-max Seat #1 is the button
Seat 1: 28c941ee ($1.93 in chips)
Seat 2: Hero ($5.17 in chips)
Seat 3: e88355d7 ($14.31 in chips)
Seat 4: 72fa4187 ($5.05 in chips)
Seat 5: 76a59ce2 ($5 in chips)
Seat 6: 5d465ebd ($5.14 in chips)
Hero: posts small blind $0.02
e88355d7: posts big blind $0.05
*** HOLE CARDS ***
Dealt to 28c941ee 
Dealt to Hero [3c Tc]
Dealt to e88355d7 
Dealt to 72fa4187 
Dealt to 76a59ce2 
Dealt to 5d465ebd 
72fa4187: folds
76a59ce2: folds
5d465ebd: folds
28c941ee: folds
Hero: folds
Uncalled bet ($0.03) returned to e88355d7
*** SHOWDOWN ***
e88355d7 collected $0.04 from pot
*** SUMMARY ***
Total pot $0.04 | Rake $0 | Jackpot $0 | Bingo $0 | Fortune $0 | Tax $0
Seat 1: 28c941ee (button) folded before Flop (didn't bet)
Seat 2: Hero (small blind) folded before Flop
Seat 3: e88355d7 (big blind) collected ($0.04)
Seat 4: 72fa4187 folded before Flop (didn't bet)
Seat 5: 76a59ce2 folded before Flop (didn't bet)
Seat 6: 5d465ebd folded before Flop (didn't bet)


Poker Hand #HD1747172134: Hold'em No Limit ($0.02/$0.05) - 2024/04/26 13:06:50
Table 'NLHBlue14' 6-max Seat #6 is the button
Seat 1: 28c941ee ($1.88 in chips)
Seat 2: Hero ($5.22 in chips)
Seat 3: e88355d7 ($14.31 in chips)
Seat 4: 72fa4187 ($5.05 in chips)
Seat 5: 76a59ce2 ($5 in chips)
Seat 6: 5d465ebd ($5.14 in chips)
28c941ee: posts small blind $0.02
Hero: posts big blind $0.05
*** HOLE CARDS ***
Dealt to 28c941ee 
Dealt to Hero [Qh 8s]
Dealt to e88355d7 
Dealt to 72fa4187 
Dealt to 76a59ce2 
Dealt to 5d465ebd 
e88355d7: folds
72fa4187: folds
76a59ce2: folds
5d465ebd: folds
28c941ee: raises $0.15 to $0.2
Hero: folds
Uncalled bet ($0.15) returned to 28c941ee
*** SHOWDOWN ***
28c941ee collected $0.1 from pot
*** SUMMARY ***
Total pot $0.1 | Rake $0 | Jackpot $0 | Bingo $0 | Fortune $0 | Tax $0
Seat 1: 28c941ee (small blind) collected ($0.1)
Seat 2: Hero (big blind) folded before Flop
Seat 3: e88355d7 folded before Flop (didn't bet)
Seat 4: 72fa4187 folded before Flop (didn't bet)
Seat 5: 76a59ce2 folded before Flop (didn't bet)
Seat 6: 5d465ebd (button) folded before Flop (didn't bet)


Poker Hand #HD1747172017: Hold'em No Limit ($0.02/$0.05) - 2024/04/26 13:05:42
Table 'NLHBlue14' 6-max Seat #5 is the button
Seat 1: 28c941ee ($1.93 in chips)
Seat 2: Hero ($5.22 in chips)
Seat 3: e88355d7 ($12.99 in chips)
Seat 4: 72fa4187 ($5.05 in chips)
Seat 5: 76a59ce2 ($5 in chips)
Seat 6: 5d465ebd ($5.16 in chips)
5d465ebd: posts small blind $0.02
28c941ee: posts big blind $0.05
*** HOLE CARDS ***
Dealt to 28c941ee 
Dealt to Hero [4d 7c]
Dealt to e88355d7 
Dealt to 72fa4187 
Dealt to 76a59ce2 
Dealt to 5d465ebd 
Hero: folds
e88355d7: raises $0.08 to $0.13
72fa4187: folds
76a59ce2: raises $0.27 to $0.4
5d465ebd: folds
28c941ee: folds
e88355d7: calls $0.27
*** FLOP *** [2s Th 2c]
e88355d7: checks
76a59ce2: bets $0.3
e88355d7: calls $0.3
*** TURN *** [2s Th 2c] [Qd]
e88355d7: checks
76a59ce2: bets $0.74
e88355d7: raises $1.18 to $1.92
76a59ce2: folds
Uncalled bet ($1.18) returned to e88355d7
*** SHOWDOWN ***
e88355d7 collected $2.76 from pot
*** SUMMARY ***
Total pot $2.95 | Rake $0.14 | Jackpot $0.05 | Bingo $0 | Fortune $0 | Tax $0
Board [2s Th 2c Qd]
Seat 1: 28c941ee (big blind) folded before Flop
Seat 2: Hero folded before Flop (didn't bet)
Seat 3: e88355d7 won ($2.76)
Seat 4: 72fa4187 folded before Flop (didn't bet)
Seat 5: 76a59ce2 (button) folded on the Turn
Seat 6: 5d465ebd (small blind) folded before Flop


Poker Hand #HD1747171830: Hold'em No Limit ($0.02/$0.05) - 2024/04/26 13:03:48
Table 'NLHBlue14' 6-max Seat #4 is the button
Seat 1: 28c941ee ($4.4 in chips)
Seat 2: Hero ($5.22 in chips)
Seat 3: e88355d7 ($10.74 in chips)
Seat 4: 72fa4187 ($5.05 in chips)
Seat 5: 76a59ce2 ($5 in chips)
Seat 6: 5d465ebd ($5.21 in chips)
76a59ce2: posts small blind $0.02
5d465ebd: posts big blind $0.05
*** HOLE CARDS ***
Dealt to 28c941ee 
Dealt to Hero [3d 2s]
Dealt to e88355d7 
Dealt to 72fa4187 
Dealt to 76a59ce2 
Dealt to 5d465ebd 
28c941ee: calls $0.05
Hero: folds
e88355d7: raises $0.15 to $0.2
72fa4187: folds
76a59ce2: folds
5d465ebd: folds
28c941ee: raises $0.47 to $0.67
e88355d7: calls $0.47
*** FLOP *** [3s Ad Qh]
28c941ee: bets $0.71
e88355d7: calls $0.71
*** TURN *** [3s Ad Qh] [Ts]
28c941ee: checks
e88355d7: checks
*** RIVER *** [3s Ad Qh Ts] [4d]
28c941ee: checks
e88355d7: bets $1.09
28c941ee: calls $1.09
e88355d7: shows [Ks Ah] (Pair of Aces)
28c941ee: shows [Kd Kc] (Pair of Kings)
*** SHOWDOWN ***
e88355d7 collected $4.72 from pot
*** SUMMARY ***
Total pot $5.01 | Rake $0.24 | Jackpot $0.05 | Bingo $0 | Fortune $0 | Tax $0
Board [3s Ad Qh Ts 4d]
Seat 1: 28c941ee showed [Kd Kc] and lost with Pair of Kings
Seat 2: Hero folded before Flop (didn't bet)
Seat 3: e88355d7 showed [Ks Ah] and won ($4.72) with Pair of Aces
Seat 4: 72fa4187 (button) folded before Flop (didn't bet)
Seat 5: 76a59ce2 (small blind) folded before Flop
Seat 6: 5d465ebd (big blind) folded before Flop


Poker Hand #HD1747171766: Hold'em No Limit ($0.02/$0.05) - 2024/04/26 13:03:11
Table 'NLHBlue14' 6-max Seat #3 is the button
Seat 1: 28c941ee ($4.4 in chips)
Seat 2: Hero ($5.22 in chips)
Seat 3: e88355d7 ($10.67 in chips)
Seat 4: 72fa4187 ($5.07 in chips)
Seat 5: 76a59ce2 ($5 in chips)
Seat 6: 5d465ebd ($5.21 in chips)
72fa4187: posts small blind $0.02
76a59ce2: posts big blind $0.05
*** HOLE CARDS ***
Dealt to 28c941ee 
Dealt to Hero [6h Jc]
Dealt to e88355d7 
Dealt to 72fa4187 
Dealt to 76a59ce2 
Dealt to 5d465ebd 
5d465ebd: folds
28c941ee: folds
Hero: folds
e88355d7: raises $0.08 to $0.13
72fa4187: folds
76a59ce2: folds
Uncalled bet ($0.08) returned to e88355d7
*** SHOWDOWN ***
e88355d7 collected $0.12 from pot
*** SUMMARY ***
Total pot $0.12 | Rake $0 | Jackpot $0 | Bingo $0 | Fortune $0 | Tax $0
Seat 1: 28c941ee folded before Flop (didn't bet)
Seat 2: Hero folded before Flop (didn't bet)
Seat 3: e88355d7 (button) collected ($0.12)
Seat 4: 72fa4187 (small blind) folded before Flop
Seat 5: 76a59ce2 (big blind) folded before Flop
Seat 6: 5d465ebd folded before Flop (didn't bet)


Poker Hand #HD1747171677: Hold'em No Limit ($0.02/$0.05) - 2024/04/26 13:02:13
Table 'NLHBlue14' 6-max Seat #2 is the button
Seat 1: 28c941ee ($4.4 in chips)
Seat 2: Hero ($5 in chips)
Seat 3: e88355d7 ($10.69 in chips)
Seat 4: 72fa4187 ($5.29 in chips)
Seat 5: 76a59ce2 ($5 in chips)
Seat 6: 5d465ebd ($5.21 in chips)
e88355d7: posts small blind $0.02
72fa4187: posts big blind $0.05
*** HOLE CARDS ***
Dealt to 28c941ee 
Dealt to Hero [Qc Kd]
Dealt to e88355d7 
Dealt to 72fa4187 
Dealt to 76a59ce2 
Dealt to 5d465ebd 
76a59ce2: folds
5d465ebd: folds
28c941ee: folds
Hero: raises $0.07 to $0.12
e88355d7: folds
72fa4187: calls $0.07
*** FLOP *** [7h Qs 7c]
72fa4187: checks
Hero: bets $0.1
72fa4187: calls $0.1
*** TURN *** [7h Qs 7c] [4d]
72fa4187: checks
Hero: bets $0.15
72fa4187: folds
Uncalled bet ($0.15) returned to Hero
*** SHOWDOWN ***
Hero collected $0.44 from pot
*** SUMMARY ***
Total pot $0.46 | Rake $0.02 | Jackpot $0 | Bingo $0 | Fortune $0 | Tax $0
Board [7h Qs 7c 4d]
Seat 1: 28c941ee folded before Flop (didn't bet)
Seat 2: Hero (button) won ($0.44)
Seat 3: e88355d7 (small blind) folded before Flop
Seat 4: 72fa4187 (big blind) folded on the Turn
Seat 5: 76a59ce2 folded before Flop (didn't bet)
Seat 6: 5d465ebd folded before Flop (didn't bet)


Poker Hand #HD1747171627: Hold'em No Limit ($0.02/$0.05) - 2024/04/26 13:01:46
Table 'NLHBlue14' 6-max Seat #1 is the button
Seat 1: 28c941ee ($4.33 in chips)
Seat 2: Hero ($5 in chips)
Seat 3: e88355d7 ($10.74 in chips)
Seat 4: 72fa4187 ($5.29 in chips)
Seat 5: 76a59ce2 ($5 in chips)
Seat 6: 5d465ebd ($5.21 in chips)
Hero: posts small blind $0.02
e88355d7: posts big blind $0.05
*** HOLE CARDS ***
Dealt to 28c941ee 
Dealt to Hero [6d Ah]
Dealt to e88355d7 
Dealt to 72fa4187 
Dealt to 76a59ce2 
Dealt to 5d465ebd 
72fa4187: folds
76a59ce2: folds
5d465ebd: folds
28c941ee: raises $0.1 to $0.15
Hero: folds
e88355d7: folds
Uncalled bet ($0.1) returned to 28c941ee
*** SHOWDOWN ***
28c941ee collected $0.12 from pot
*** SUMMARY ***
Total pot $0.12 | Rake $0 | Jackpot $0 | Bingo $0 | Fortune $0 | Tax $0
Seat 1: 28c941ee (button) collected ($0.12)
Seat 2: Hero (small blind) folded before Flop
Seat 3: e88355d7 (big blind) folded before Flop
Seat 4: 72fa4187 folded before Flop (didn't bet)
Seat 5: 76a59ce2 folded before Flop (didn't bet)
Seat 6: 5d465ebd folded before Flop (didn't bet)


Poker Hand #HD1747171502: Hold'em No Limit ($0.02/$0.05) - 2024/04/26 13:00:35
Table 'NLHBlue14' 6-max Seat #6 is the button
Seat 1: 28c941ee ($4.15 in chips)
Seat 2: Hero ($5 in chips)
Seat 3: e88355d7 ($10.74 in chips)
Seat 4: 72fa4187 ($5.29 in chips)
Seat 5: 76a59ce2 ($5 in chips)
Seat 6: 5d465ebd ($5.21 in chips)
28c941ee: posts small blind $0.02
Hero: posts big blind $0.05
*** HOLE CARDS ***
Dealt to 28c941ee 
Dealt to Hero [Td 9c]
Dealt to e88355d7 
Dealt to 72fa4187 
Dealt to 76a59ce2 
Dealt to 5d465ebd 
e88355d7: folds
72fa4187: folds
76a59ce2: folds
5d465ebd: folds
28c941ee: raises $0.15 to $0.2
Hero: calls $0.15
*** FLOP *** [Ac 6d Jd]
28c941ee: bets $0.4
Hero: folds
Uncalled bet ($0.4) returned to 28c941ee
*** SHOWDOWN ***
28c941ee collected $0.38 from pot
*** SUMMARY ***
Total pot $0.4 | Rake $0.02 | Jackpot $0 | Bingo $0 | Fortune $0 | Tax $0
Board [Ac 6d Jd]
Seat 1: 28c941ee (small blind) won ($0.38)
Seat 2: Hero (big blind) folded on the Flop
Seat 3: e88355d7 folded before Flop (didn't bet)
Seat 4: 72fa4187 folded before Flop (didn't bet)
Seat 5: 76a59ce2 folded before Flop (didn't bet)
Seat 6: 5d465ebd (button) folded before Flop (didn't bet)


Poker Hand #HD1747171423: Hold'em No Limit ($0.02/$0.05) - 2024/04/26 12:59:51
Table 'NLHBlue14' 6-max Seat #5 is the button
Seat 1: 28c941ee ($4.2 in chips)
Seat 2: Hero ($5 in chips)
Seat 3: e88355d7 ($10.74 in chips)
Seat 4: 72fa4187 ($4.86 in chips)
Seat 5: 76a59ce2 ($5 in chips)
Seat 6: 5d465ebd ($5.23 in chips)
5d465ebd: posts small blind $0.02
28c941ee: posts big blind $0.05
*** HOLE CARDS ***
Dealt to 28c941ee 
Dealt to Hero [6d 7d]
Dealt to e88355d7 
Dealt to 72fa4187 
Dealt to 76a59ce2 
Dealt to 5d465ebd 
Hero: folds
e88355d7: folds
72fa4187: raises $0.1 to $0.15
76a59ce2: raises $0.25 to $0.4
5d465ebd: folds
28c941ee: folds
72fa4187: raises $0.85 to $1.25
76a59ce2: folds
Uncalled bet ($0.85) returned to 72fa4187
*** SHOWDOWN ***
72fa4187 collected $0.83 from pot
*** SUMMARY ***
Total pot $0.87 | Rake $0.04 | Jackpot $0 | Bingo $0 | Fortune $0 | Tax $0
Seat 1: 28c941ee (big blind) folded before Flop
Seat 2: Hero folded before Flop (didn't bet)
Seat 3: e88355d7 folded before Flop (didn't bet)
Seat 4: 72fa4187 collected ($0.83)
Seat 5: 76a59ce2 (button) folded before Flop
Seat 6: 5d465ebd (small blind) folded before Flop


Poker Hand #HD1747171395: Hold'em No Limit ($0.02/$0.05) - 2024/04/26 12:59:38
Table 'NLHBlue14' 6-max Seat #4 is the button
Seat 1: 28c941ee ($4.2 in chips)
Seat 2: Hero ($5 in chips)
Seat 3: e88355d7 ($10.67 in chips)
Seat 4: 72fa4187 ($4.86 in chips)
Seat 5: 76a59ce2 ($5 in chips)
Seat 6: 5d465ebd ($5.28 in chips)
76a59ce2: posts small blind $0.02
5d465ebd: posts big blind $0.05
*** HOLE CARDS ***
Dealt to 28c941ee 
Dealt to Hero [2c 6h]
Dealt to e88355d7 
Dealt to 72fa4187 
Dealt to 76a59ce2 
Dealt to 5d465ebd 
28c941ee: folds
Hero: folds
e88355d7: raises $0.08 to $0.13
72fa4187: folds
76a59ce2: folds
5d465ebd: folds
Uncalled bet ($0.08) returned to e88355d7
*** SHOWDOWN ***
e88355d7 collected $0.12 from pot
*** SUMMARY ***
Total pot $0.12 | Rake $0 | Jackpot $0 | Bingo $0 | Fortune $0 | Tax $0
Seat 1: 28c941ee folded before Flop (didn't bet)
Seat 2: Hero folded before Flop (didn't bet)
Seat 3: e88355d7 collected ($0.12)
Seat 4: 72fa4187 (button) folded before Flop (didn't bet)
Seat 5: 76a59ce2 (small blind) folded before Flop
Seat 6: 5d465ebd (big blind) folded before Flop


Poker Hand #HD1747171289: Hold'em No Limit ($0.02/$0.05) - 2024/04/26 12:58:37
Table 'NLHBlue14' 6-max Seat #3 is the button
Seat 1: 28c941ee ($5.12 in chips)
Seat 2: Hero ($5 in chips)
Seat 3: e88355d7 ($9.82 in chips)
Seat 4: 72fa4187 ($4.88 in chips)
Seat 5: 76a59ce2 ($5 in chips)
Seat 6: 5d465ebd ($5.28 in chips)
72fa4187: posts small blind $0.02
76a59ce2: posts big blind $0.05
*** HOLE CARDS ***
Dealt to 28c941ee 
Dealt to Hero [2c Qh]
Dealt to e88355d7 
Dealt to 72fa4187 
Dealt to 76a59ce2 
Dealt to 5d465ebd 
5d465ebd: folds
28c941ee: calls $0.05
Hero: folds
e88355d7: raises $0.15 to $0.2
72fa4187: folds
76a59ce2: folds
28c941ee: calls $0.15
*** FLOP *** [8d 4c Ah]
28c941ee: checks
e88355d7: bets $0.24
28c941ee: calls $0.24
*** TURN *** [8d 4c Ah] [Qd]
28c941ee: checks
e88355d7: checks
*** RIVER *** [8d 4c Ah Qd] [3s]
28c941ee: bets $0.48
e88355d7: calls $0.48
28c941ee: shows [6c 8c] (Pair of Eights)
e88355d7: shows [Ad Js] (Pair of Aces)
*** SHOWDOWN ***
e88355d7 collected $1.77 from pot
*** SUMMARY ***
Total pot $1.91 | Rake $0.09 | Jackpot $0.05 | Bingo $0 | Fortune $0 | Tax $0
Board [8d 4c Ah Qd 3s]
Seat 1: 28c941ee showed [6c 8c] and lost with Pair of Eights
Seat 2: Hero folded before Flop (didn't bet)
Seat 3: e88355d7 (button) showed [Ad Js] and won ($1.77) with Pair of Aces
Seat 4: 72fa4187 (small blind) folded before Flop
Seat 5: 76a59ce2 (big blind) folded before Flop
Seat 6: 5d465ebd folded before Flop (didn't bet)


Poker Hand #HD1747171269: Hold'em No Limit ($0.02/$0.05) - 2024/04/26 12:58:21
Table 'NLHBlue14' 6-max Seat #2 is the button
Seat 1: 28c941ee ($5.05 in chips)
Seat 2: Hero ($5 in chips)
Seat 3: e88355d7 ($9.84 in chips)
Seat 4: 72fa4187 ($4.93 in chips)
Seat 6: 5d465ebd ($5.28 in chips)
e88355d7: posts small blind $0.02
72fa4187: posts big blind $0.05
*** HOLE CARDS ***
Dealt to 28c941ee 
Dealt to Hero [Ac Ts]
Dealt to e88355d7 
Dealt to 72fa4187 
Dealt to 5d465ebd 
5d465ebd: folds
28c941ee: raises $0.15 to $0.2
Hero: folds
e88355d7: folds
72fa4187: folds
Uncalled bet ($0.15) returned to 28c941ee
*** SHOWDOWN ***
28c941ee collected $0.12 from pot
*** SUMMARY ***
Total pot $0.12 | Rake $0 | Jackpot $0 | Bingo $0 | Fortune $0 | Tax $0
Seat 1: 28c941ee collected ($0.12)
Seat 2: Hero (button) folded before Flop (didn't bet)
Seat 3: e88355d7 (small blind) folded before Flop
Seat 4: 72fa4187 (big blind) folded before Flop
Seat 6: 5d465ebd folded before Flop (didn't bet)


Poker Hand #HD1747171233: Hold'em No Limit ($0.02/$0.05) - 2024/04/26 12:58:02
Table 'NLHBlue14' 6-max Seat #1 is the button
Seat 1: 28c941ee ($4.98 in chips)
Seat 2: Hero ($5 in chips)
Seat 3: e88355d7 ($9.89 in chips)
Seat 4: 72fa4187 ($4.93 in chips)
Seat 6: 5d465ebd ($5.28 in chips)
Hero: posts small blind $0.02
e88355d7: posts big blind $0.05
*** HOLE CARDS ***
Dealt to 28c941ee 
Dealt to Hero [Ah 8c]
Dealt to e88355d7 
Dealt to 72fa4187 
Dealt to 5d465ebd 
72fa4187: folds
5d465ebd: folds
28c941ee: raises $0.15 to $0.2
Hero: folds
e88355d7: folds
Uncalled bet ($0.15) returned to 28c941ee
*** SHOWDOWN ***
28c941ee collected $0.12 from pot
*** SUMMARY ***
Total pot $0.12 | Rake $0 | Jackpot $0 | Bingo $0 | Fortune $0 | Tax $0
Seat 1: 28c941ee (button) collected ($0.12)
Seat 2: Hero (small blind) folded before Flop
Seat 3: e88355d7 (big blind) folded before Flop
Seat 4: 72fa4187 folded before Flop (didn't bet)
Seat 6: 5d465ebd folded before Flop (didn't bet)


Poker Hand #HD1747171207: Hold'em No Limit ($0.02/$0.05) - 2024/04/26 12:57:43
Table 'NLHBlue14' 6-max Seat #6 is the button
Seat 1: 28c941ee ($5 in chips)
Seat 2: Hero ($5 in chips)
Seat 3: e88355d7 ($9.76 in chips)
Seat 4: 72fa4187 ($5 in chips)
Seat 6: 5d465ebd ($5.28 in chips)
28c941ee: posts small blind $0.02
Hero: posts big blind $0.05
72fa4187: posts big blind $0.05
72fa4187: posts missed blind $0.02
*** HOLE CARDS ***
Dealt to 28c941ee 
Dealt to Hero [6s 4s]
Dealt to e88355d7 
Dealt to 72fa4187 
Dealt to 5d465ebd 
e88355d7: raises $0.15 to $0.2
72fa4187: folds
5d465ebd: folds
28c941ee: folds
Hero: folds
Uncalled bet ($0.15) returned to e88355d7
*** SHOWDOWN ***
e88355d7 collected $0.18 from pot
*** SUMMARY ***
Total pot $0.19 | Rake $0.01 | Jackpot $0 | Bingo $0 | Fortune $0 | Tax $0
Seat 1: 28c941ee (small blind) folded before Flop
Seat 2: Hero (big blind) folded before Flop
Seat 3: e88355d7 collected ($0.18)
Seat 4: 72fa4187 folded before Flop
Seat 6: 5d465ebd (button) folded before Flop (didn't bet)


Poker Hand #HD1747171166: Hold'em No Limit ($0.02/$0.05) - 2024/04/26 12:57:18
Table 'NLHBlue14' 6-max Seat #3 is the button
Seat 1: 28c941ee ($4.95 in chips)
Seat 2: Hero ($5 in chips)
Seat 3: e88355d7 ($9.76 in chips)
Seat 6: 5d465ebd ($5.33 in chips)
5d465ebd: posts small blind $0.02
28c941ee: posts big blind $0.05
*** HOLE CARDS ***
Dealt to 28c941ee 
Dealt to Hero [Kc 8d]
Dealt to e88355d7 
Dealt to 5d465ebd 
Hero: folds
e88355d7: folds
5d465ebd: calls $0.03
28c941ee: raises $0.15 to $0.2
5d465ebd: folds
Uncalled bet ($0.15) returned to 28c941ee
*** SHOWDOWN ***
28c941ee collected $0.1 from pot
*** SUMMARY ***
Total pot $0.1 | Rake $0 | Jackpot $0 | Bingo $0 | Fortune $0 | Tax $0
Seat 1: 28c941ee (big blind) collected ($0.1)
Seat 2: Hero folded before Flop (didn't bet)
Seat 3: e88355d7 (button) folded before Flop (didn't bet)
Seat 6: 5d465ebd (small blind) folded before Flop


Poker Hand #HD1747170980: Hold'em No Limit ($0.02/$0.05) - 2024/04/26 12:55:29
Table 'NLHBlue14' 6-max Seat #2 is the button
Seat 1: 28c941ee ($5 in chips)
Seat 2: Hero ($5 in chips)
Seat 3: e88355d7 ($5.11 in chips)
Seat 5: de46a3c ($17.78 in chips)
Seat 6: 5d465ebd ($5.43 in chips)
e88355d7: posts small blind $0.02
de46a3c: posts big blind $0.05
28c941ee: posts big blind $0.05
*** HOLE CARDS ***
Dealt to 28c941ee 
Dealt to Hero [Kh Ad]
Dealt to e88355d7 
Dealt to de46a3c 
Dealt to 5d465ebd 
5d465ebd: raises $0.05 to $0.1
28c941ee: folds
Hero: raises $0.35 to $0.45
e88355d7: raises $0.83 to $1.28
de46a3c: folds
5d465ebd: folds
Hero: calls $0.83
*** FLOP *** [Kd As Jd]
e88355d7: bets $1.22
Hero: calls $1.22
*** TURN *** [Kd As Jd] [7d]
e88355d7: bets $2.61 and is all-in
Hero: calls $2.5 and is all-in
Uncalled bet ($0.11) returned to e88355d7
e88355d7: shows [Ah Ac] (Three Aces)
Hero: shows [Kh Ad] (Pair of Aces and Pair of Kings)
*** RIVER *** [Kd As Jd 7d] [3s]
*** SHOWDOWN ***
e88355d7 collected $9.65 from pot
*** SUMMARY ***
Total pot $10.2 | Rake $0.5 | Jackpot $0.05 | Bingo $0 | Fortune $0 | Tax $0
Board [Kd As Jd 7d 3s]
Seat 1: 28c941ee folded before Flop
Seat 2: Hero (button) showed [Kh Ad] and lost with Pair of Aces and Pair of Kings
Seat 3: e88355d7 (small blind) showed [Ah Ac] and won ($9.65) with Three Aces
Seat 5: de46a3c (big blind) folded before Flop
Seat 6: 5d465ebd folded before Flop


Poker Hand #HD1747170864: Hold'em No Limit ($0.02/$0.05) - 2024/04/26 12:54:21
Table 'NLHBlue14' 6-max Seat #6 is the button
Seat 2: Hero ($5 in chips)
Seat 3: e88355d7 ($5.16 in chips)
Seat 4: 72fa4187 ($3.89 in chips)
Seat 5: de46a3c ($14.25 in chips)
Seat 6: 5d465ebd ($5.43 in chips)
Hero: posts small blind $0.02
e88355d7: posts big blind $0.05
*** HOLE CARDS ***
Dealt to Hero [3h Jd]
Dealt to e88355d7 
Dealt to 72fa4187 
Dealt to de46a3c 
Dealt to 5d465ebd 
72fa4187: raises $0.1 to $0.15
de46a3c: raises $0.28 to $0.43
5d465ebd: folds
Hero: folds
e88355d7: folds
72fa4187: calls $0.28
*** FLOP *** [Ac 2d 7d]
72fa4187: bets $0.55
de46a3c: raises $1.02 to $1.57
72fa4187: raises $1.89 to $3.46 and is all-in
de46a3c: calls $1.89
72fa4187: shows [As 5s] (Pair of Aces)
de46a3c: shows [Qd Ah] (Pair of Aces)
*** FIRST TURN *** [Ac 2d 7d] [9h]
*** FIRST RIVER *** [Ac 2d 7d 9h] [3c]
*** SECOND TURN *** [Ac 2d 7d] [9c]
*** SECOND RIVER *** [Ac 2d 7d 9c] [9d]
*** FIRST SHOWDOWN ***
de46a3c collected $3.71 from pot
*** SECOND SHOWDOWN ***
de46a3c collected $3.71 from pot
*** SUMMARY ***
Total pot $7.85 | Rake $0.38 | Jackpot $0.05 | Bingo $0 | Fortune $0 | Tax $0
Hand was run two times
FIRST Board [Ac 2d 7d 9h 3c]
SECOND Board [9c 9d]
Seat 2: Hero (small blind) folded before Flop
Seat 3: e88355d7 (big blind) folded before Flop
Seat 4: 72fa4187 showed [As 5s] and lost with Pair of Aces, and lost
Seat 5: de46a3c showed [Qd Ah] and won ($3.71) with Pair of Aces, and won ($3.71)
Seat 6: 5d465ebd (button) folded before Flop (didn't bet)


Poker Hand #HD1747170779: Hold'em No Limit ($0.02/$0.05) - 2024/04/26 12:53:32
Table 'NLHBlue14' 6-max Seat #5 is the button
Seat 2: Hero ($5 in chips)
Seat 3: e88355d7 ($5.16 in chips)
Seat 4: 72fa4187 ($6.71 in chips)
Seat 5: de46a3c ($11.69 in chips)
Seat 6: 5d465ebd ($5.45 in chips)
5d465ebd: posts small blind $0.02
Hero: posts big blind $0.05
*** HOLE CARDS ***
Dealt to Hero [Qc Ah]
Dealt to e88355d7 
Dealt to 72fa4187 
Dealt to de46a3c 
Dealt to 5d465ebd 
e88355d7: folds
72fa4187: raises $0.05 to $0.1
de46a3c: raises $0.21 to $0.31
5d465ebd: folds
Hero: folds
72fa4187: calls $0.21
*** FLOP *** [6s 8c Ks]
72fa4187: bets $0.36
de46a3c: calls $0.36
*** TURN *** [6s 8c Ks] [Ts]
72fa4187: bets $0.72
de46a3c: raises $1.43 to $2.15
72fa4187: calls $1.43
*** RIVER *** [6s 8c Ks Ts] [9s]
72fa4187: checks
de46a3c: checks
72fa4187: shows [Kc 5c] (Pair of Kings)
de46a3c: shows [Ac Js] (King High Flush)
*** SHOWDOWN ***
de46a3c collected $5.38 from pot
*** SUMMARY ***
Total pot $5.71 | Rake $0.28 | Jackpot $0.05 | Bingo $0 | Fortune $0 | Tax $0
Board [6s 8c Ks Ts 9s]
Seat 2: Hero (big blind) folded before Flop
Seat 3: e88355d7 folded before Flop (didn't bet)
Seat 4: 72fa4187 showed [Kc 5c] and lost with Pair of Kings
Seat 5: de46a3c (button) showed [Ac Js] and won ($5.38) with King High Flush
Seat 6: 5d465ebd (small blind) folded before Flop


Poker Hand #HD1747170752: Hold'em No Limit ($0.02/$0.05) - 2024/04/26 12:53:14
Table 'NLHBlue14' 6-max Seat #4 is the button
Seat 2: Hero ($5 in chips)
Seat 3: e88355d7 ($5.16 in chips)
Seat 4: 72fa4187 ($6.71 in chips)
Seat 5: de46a3c ($11.64 in chips)
Seat 6: 5d465ebd ($5.5 in chips)
de46a3c: posts small blind $0.02
5d465ebd: posts big blind $0.05
*** HOLE CARDS ***
Dealt to Hero [Jh 6d]
Dealt to e88355d7 
Dealt to 72fa4187 
Dealt to de46a3c 
Dealt to 5d465ebd 
Hero: folds
e88355d7: folds
72fa4187: folds
de46a3c: raises $0.13 to $0.18
5d465ebd: folds
Uncalled bet ($0.13) returned to de46a3c
*** SHOWDOWN ***
de46a3c collected $0.1 from pot
*** SUMMARY ***
Total pot $0.1 | Rake $0 | Jackpot $0 | Bingo $0 | Fortune $0 | Tax $0
Seat 2: Hero folded before Flop (didn't bet)
Seat 3: e88355d7 folded before Flop (didn't bet)
Seat 4: 72fa4187 (button) folded before Flop (didn't bet)
Seat 5: de46a3c (small blind) collected ($0.1)
Seat 6: 5d465ebd (big blind) folded before Flop


Poker Hand #HD1747170727: Hold'em No Limit ($0.02/$0.05) - 2024/04/26 12:52:58
Table 'NLHBlue14' 6-max Seat #3 is the button
Seat 1: 94ed3b86 ($5.09 in chips)
Seat 2: Hero ($5 in chips)
Seat 3: e88355d7 ($5.16 in chips)
Seat 4: 72fa4187 ($6.66 in chips)
Seat 5: de46a3c ($11.69 in chips)
Seat 6: 5d465ebd ($5.5 in chips)
72fa4187: posts small blind $0.02
de46a3c: posts big blind $0.05
*** HOLE CARDS ***
Dealt to 94ed3b86 
Dealt to Hero [2s 3d]
Dealt to e88355d7 
Dealt to 72fa4187 
Dealt to de46a3c 
Dealt to 5d465ebd 
5d465ebd: folds
94ed3b86: folds
Hero: folds
e88355d7: folds
72fa4187: raises $0.1 to $0.15
de46a3c: folds
Uncalled bet ($0.1) returned to 72fa4187
*** SHOWDOWN ***
72fa4187 collected $0.1 from pot
*** SUMMARY ***
Total pot $0.1 | Rake $0 | Jackpot $0 | Bingo $0 | Fortune $0 | Tax $0
Seat 1: 94ed3b86 folded before Flop (didn't bet)
Seat 2: Hero folded before Flop (didn't bet)
Seat 3: e88355d7 (button) folded before Flop (didn't bet)
Seat 4: 72fa4187 (small blind) collected ($0.1)
Seat 5: de46a3c (big blind) folded before Flop
Seat 6: 5d465ebd folded before Flop (didn't bet)


Poker Hand #HD1747170694: Hold'em No Limit ($0.02/$0.05) - 2024/04/26 12:52:40
Table 'NLHBlue14' 6-max Seat #2 is the button
Seat 1: 94ed3b86 ($5.09 in chips)
Seat 2: Hero ($5 in chips)
Seat 3: e88355d7 ($5.18 in chips)
Seat 4: 72fa4187 ($6.64 in chips)
Seat 5: de46a3c ($11.69 in chips)
Seat 6: 5d465ebd ($5.5 in chips)
e88355d7: posts small blind $0.02
72fa4187: posts big blind $0.05
*** HOLE CARDS ***
Dealt to 94ed3b86 
Dealt to Hero [Th 4h]
Dealt to e88355d7 
Dealt to 72fa4187 
Dealt to de46a3c 
Dealt to 5d465ebd 
de46a3c: folds
5d465ebd: folds
94ed3b86: folds
Hero: folds
e88355d7: folds
Uncalled bet ($0.03) returned to 72fa4187
*** SHOWDOWN ***
72fa4187 collected $0.04 from pot
*** SUMMARY ***
Total pot $0.04 | Rake $0 | Jackpot $0 | Bingo $0 | Fortune $0 | Tax $0
Seat 1: 94ed3b86 folded before Flop (didn't bet)
Seat 2: Hero (button) folded before Flop (didn't bet)
Seat 3: e88355d7 (small blind) folded before Flop
Seat 4: 72fa4187 (big blind) collected ($0.04)
Seat 5: de46a3c folded before Flop (didn't bet)
Seat 6: 5d465ebd folded before Flop (didn't bet)


Poker Hand #HD1747170675: Hold'em No Limit ($0.02/$0.05) - 2024/04/26 12:52:29
Table 'NLHBlue14' 6-max Seat #1 is the button
Seat 1: 94ed3b86 ($5.09 in chips)
Seat 2: Hero ($5 in chips)
Seat 3: e88355d7 ($5.16 in chips)
Seat 4: 72fa4187 ($6.64 in chips)
Seat 5: de46a3c ($11.69 in chips)
Seat 6: 5d465ebd ($5.5 in chips)
Hero: posts small blind $0.02
e88355d7: posts big blind $0.05
*** HOLE CARDS ***
Dealt to 94ed3b86 
Dealt to Hero [5c Th]
Dealt to e88355d7 
Dealt to 72fa4187 
Dealt to de46a3c 
Dealt to 5d465ebd 
72fa4187: folds
de46a3c: folds
5d465ebd: folds
94ed3b86: folds
Hero: folds
Uncalled bet ($0.03) returned to e88355d7
*** SHOWDOWN ***
e88355d7 collected $0.04 from pot
*** SUMMARY ***
Total pot $0.04 | Rake $0 | Jackpot $0 | Bingo $0 | Fortune $0 | Tax $0
Seat 1: 94ed3b86 (button) folded before Flop (didn't bet)
Seat 2: Hero (small blind) folded before Flop
Seat 3: e88355d7 (big blind) collected ($0.04)
Seat 4: 72fa4187 folded before Flop (didn't bet)
Seat 5: de46a3c folded before Flop (didn't bet)
Seat 6: 5d465ebd folded before Flop (didn't bet)


Poker Hand #HD1747170598: Hold'em No Limit ($0.02/$0.05) - 2024/04/26 12:51:51
Table 'NLHBlue14' 6-max Seat #6 is the button
Seat 1: 94ed3b86 ($5.11 in chips)
Seat 2: Hero ($5 in chips)
Seat 3: e88355d7 ($5.16 in chips)
Seat 4: 72fa4187 ($6.64 in chips)
Seat 5: de46a3c ($11.82 in chips)
Seat 6: 5d465ebd ($5.31 in chips)
94ed3b86: posts small blind $0.02
Hero: posts big blind $0.05
*** HOLE CARDS ***
Dealt to 94ed3b86 
Dealt to Hero [6h Td]
Dealt to e88355d7 
Dealt to 72fa4187 
Dealt to de46a3c 
Dealt to 5d465ebd 
e88355d7: folds
72fa4187: folds
de46a3c: raises $0.08 to $0.13
5d465ebd: calls $0.13
94ed3b86: folds
Hero: folds
*** FLOP *** [3s 3d 3h]
de46a3c: checks
5d465ebd: bets $0.25
de46a3c: folds
Uncalled bet ($0.25) returned to 5d465ebd
*** SHOWDOWN ***
5d465ebd collected $0.32 from pot
*** SUMMARY ***
Total pot $0.33 | Rake $0.01 | Jackpot $0 | Bingo $0 | Fortune $0 | Tax $0
Board [3s 3d 3h]
Seat 1: 94ed3b86 (small blind) folded before Flop
Seat 2: Hero (big blind) folded before Flop
Seat 3: e88355d7 folded before Flop (didn't bet)
Seat 4: 72fa4187 folded before Flop (didn't bet)
Seat 5: de46a3c folded on the Flop
Seat 6: 5d465ebd (button) won ($0.32)


Poker Hand #HD1747170573: Hold'em No Limit ($0.02/$0.05) - 2024/04/26 12:51:35
Table 'NLHBlue14' 6-max Seat #5 is the button
Seat 1: 94ed3b86 ($5.16 in chips)
Seat 2: Hero ($5 in chips)
Seat 3: e88355d7 ($5.16 in chips)
Seat 4: 72fa4187 ($6.64 in chips)
Seat 5: de46a3c ($11.82 in chips)
Seat 6: 5d465ebd ($5.26 in chips)
5d465ebd: posts small blind $0.02
94ed3b86: posts big blind $0.05
*** HOLE CARDS ***
Dealt to 94ed3b86 
Dealt to Hero [8d 7c]
Dealt to e88355d7 
Dealt to 72fa4187 
Dealt to de46a3c 
Dealt to 5d465ebd 
Hero: folds
e88355d7: folds
72fa4187: folds
de46a3c: folds
5d465ebd: raises $0.1 to $0.15
94ed3b86: folds
Uncalled bet ($0.1) returned to 5d465ebd
*** SHOWDOWN ***
5d465ebd collected $0.1 from pot
*** SUMMARY ***
Total pot $0.1 | Rake $0 | Jackpot $0 | Bingo $0 | Fortune $0 | Tax $0
Seat 1: 94ed3b86 (big blind) folded before Flop
Seat 2: Hero folded before Flop (didn't bet)
Seat 3: e88355d7 folded before Flop (didn't bet)
Seat 4: 72fa4187 folded before Flop (didn't bet)
Seat 5: de46a3c (button) folded before Flop (didn't bet)
Seat 6: 5d465ebd (small blind) collected ($0.1)


Poker Hand #HD1747170496: Hold'em No Limit ($0.02/$0.05) - 2024/04/26 12:50:49
Table 'NLHBlue14' 6-max Seat #4 is the button
Seat 1: 94ed3b86 ($5.16 in chips)
Seat 2: Hero ($5 in chips)
Seat 3: e88355d7 ($5.16 in chips)
Seat 4: 72fa4187 ($6.82 in chips)
Seat 5: de46a3c ($11.84 in chips)
Seat 6: 5d465ebd ($5.07 in chips)
de46a3c: posts small blind $0.02
5d465ebd: posts big blind $0.05
*** HOLE CARDS ***
Dealt to 94ed3b86 
Dealt to Hero [Ac 2h]
Dealt to e88355d7 
Dealt to 72fa4187 
Dealt to de46a3c 
Dealt to 5d465ebd 
94ed3b86: folds
Hero: folds
e88355d7: folds
72fa4187: raises $0.05 to $0.1
de46a3c: folds
5d465ebd: calls $0.05
*** FLOP *** [6d 8d 4c]
5d465ebd: checks
72fa4187: bets $0.08
5d465ebd: calls $0.08
*** TURN *** [6d 8d 4c] [5s]
5d465ebd: checks
72fa4187: checks
*** RIVER *** [6d 8d 4c 5s] [9c]
5d465ebd: checks
72fa4187: checks
5d465ebd: shows [Jd 5d] (Pair of Fives)
72fa4187: shows [4h Ah] (Pair of Fours)
*** SHOWDOWN ***
5d465ebd collected $0.37 from pot
*** SUMMARY ***
Total pot $0.38 | Rake $0.01 | Jackpot $0 | Bingo $0 | Fortune $0 | Tax $0
Board [6d 8d 4c 5s 9c]
Seat 1: 94ed3b86 folded before Flop (didn't bet)
Seat 2: Hero folded before Flop (didn't bet)
Seat 3: e88355d7 folded before Flop (didn't bet)
Seat 4: 72fa4187 (button) showed [4h Ah] and lost with Pair of Fours
Seat 5: de46a3c (small blind) folded before Flop
Seat 6: 5d465ebd (big blind) showed [Jd 5d] and won ($0.37) with Pair of Fives


Poker Hand #HD1747170412: Hold'em No Limit ($0.02/$0.05) - 2024/04/26 12:49:57
Table 'NLHBlue14' 6-max Seat #3 is the button
Seat 1: 94ed3b86 ($5.16 in chips)
Seat 2: Hero ($5 in chips)
Seat 3: e88355d7 ($5.16 in chips)
Seat 4: 72fa4187 ($6.84 in chips)
Seat 5: de46a3c ($11.13 in chips)
Seat 6: 5d465ebd ($5.07 in chips)
72fa4187: posts small blind $0.02
de46a3c: posts big blind $0.05
*** HOLE CARDS ***
Dealt to 94ed3b86 
Dealt to Hero [Ts As]
Dealt to e88355d7 
Dealt to 72fa4187 
Dealt to de46a3c 
Dealt to 5d465ebd 
5d465ebd: folds
94ed3b86: folds
Hero: raises $0.07 to $0.12
e88355d7: folds
72fa4187: folds
de46a3c: raises $0.37 to $0.49
Hero: calls $0.37
*** FLOP *** [6c 2s Qd]
de46a3c: bets $0.33
Hero: calls $0.33
*** TURN *** [6c 2s Qd] [2d]
de46a3c: bets $0.55
Hero: folds
Uncalled bet ($0.55) returned to de46a3c
*** SHOWDOWN ***
de46a3c collected $1.53 from pot
*** SUMMARY ***
Total pot $1.66 | Rake $0.08 | Jackpot $0.05 | Bingo $0 | Fortune $0 | Tax $0
Board [6c 2s Qd 2d]
Seat 1: 94ed3b86 folded before Flop (didn't bet)
Seat 2: Hero folded on the Turn
Seat 3: e88355d7 (button) folded before Flop (didn't bet)
Seat 4: 72fa4187 (small blind) folded before Flop
Seat 5: de46a3c (big blind) won ($1.53)
Seat 6: 5d465ebd folded before Flop (didn't bet)


Poker Hand #HD1747170344: Hold'em No Limit ($0.02/$0.05) - 2024/04/26 12:49:14
Table 'NLHBlue14' 6-max Seat #2 is the button
Seat 1: 94ed3b86 ($5.16 in chips)
Seat 2: Hero ($5 in chips)
Seat 3: e88355d7 ($5 in chips)
Seat 4: 72fa4187 ($6.89 in chips)
Seat 5: de46a3c ($11.13 in chips)
Seat 6: 5d465ebd ($5.07 in chips)
e88355d7: posts small blind $0.02
72fa4187: posts big blind $0.05
*** HOLE CARDS ***
Dealt to 94ed3b86 
Dealt to Hero [Ac Qh]
Dealt to e88355d7 
Dealt to 72fa4187 
Dealt to de46a3c 
Dealt to 5d465ebd 
de46a3c: folds
5d465ebd: folds
94ed3b86: folds
Hero: raises $0.07 to $0.12
e88355d7: raises $0.43 to $0.55
72fa4187: folds
Hero: folds
Uncalled bet ($0.43) returned to e88355d7
*** SHOWDOWN ***
e88355d7 collected $0.28 from pot
*** SUMMARY ***
Total pot $0.29 | Rake $0.01 | Jackpot $0 | Bingo $0 | Fortune $0 | Tax $0
Seat 1: 94ed3b86 folded before Flop (didn't bet)
Seat 2: Hero (button) folded before Flop
Seat 3: e88355d7 (small blind) collected ($0.28)
Seat 4: 72fa4187 (big blind) folded before Flop
Seat 5: de46a3c folded before Flop (didn't bet)
Seat 6: 5d465ebd folded before Flop (didn't bet)


Poker Hand #HD1747170258: Hold'em No Limit ($0.02/$0.05) - 2024/04/26 12:48:25
Table 'NLHBlue14' 6-max Seat #1 is the button
Seat 1: 94ed3b86 ($5 in chips)
Seat 2: Hero ($5 in chips)
Seat 3: e88355d7 ($5 in chips)
Seat 4: 72fa4187 ($6.99 in chips)
Seat 5: de46a3c ($11.13 in chips)
Seat 6: 5d465ebd ($5.07 in chips)
Hero: posts small blind $0.02
e88355d7: posts big blind $0.05
*** HOLE CARDS ***
Dealt to 94ed3b86 
Dealt to Hero [5h 5c]
Dealt to e88355d7 
Dealt to 72fa4187 
Dealt to de46a3c 
Dealt to 5d465ebd 
72fa4187: calls $0.05
de46a3c: folds
5d465ebd: folds
94ed3b86: raises $0.05 to $0.1
Hero: folds
e88355d7: folds
72fa4187: calls $0.05
*** FLOP *** [4d 9h Qd]
72fa4187: checks
94ed3b86: bets $0.21
72fa4187: folds
Uncalled bet ($0.21) returned to 94ed3b86
*** SHOWDOWN ***
94ed3b86 collected $0.26 from pot
*** SUMMARY ***
Total pot $0.27 | Rake $0.01 | Jackpot $0 | Bingo $0 | Fortune $0 | Tax $0
Board [4d 9h Qd]
Seat 1: 94ed3b86 (button) won ($0.26)
Seat 2: Hero (small blind) folded before Flop
Seat 3: e88355d7 (big blind) folded before Flop
Seat 4: 72fa4187 folded on the Flop
Seat 5: de46a3c folded before Flop (didn't bet)
Seat 6: 5d465ebd folded before Flop (didn't bet)


Poker Hand #HD1747170229: Hold'em No Limit ($0.02/$0.05) - 2024/04/26 12:48:09
Table 'NLHBlue14' 6-max Seat #6 is the button
Seat 1: 94ed3b86 ($5 in chips)
Seat 2: Hero ($5 in chips)
Seat 4: 72fa4187 ($6.92 in chips)
Seat 5: de46a3c ($11.13 in chips)
Seat 6: 5d465ebd ($5.07 in chips)
94ed3b86: posts small blind $0.02
Hero: posts big blind $0.05
*** HOLE CARDS ***
Dealt to 94ed3b86 
Dealt to Hero [8s Qs]
Dealt to 72fa4187 
Dealt to de46a3c 
Dealt to 5d465ebd 
72fa4187: raises $0.1 to $0.15
de46a3c: folds
5d465ebd: folds
94ed3b86: folds
Hero: folds
Uncalled bet ($0.1) returned to 72fa4187
*** SHOWDOWN ***
72fa4187 collected $0.12 from pot
*** SUMMARY ***
Total pot $0.12 | Rake $0 | Jackpot $0 | Bingo $0 | Fortune $0 | Tax $0
Seat 1: 94ed3b86 (small blind) folded before Flop
Seat 2: Hero (big blind) folded before Flop
Seat 4: 72fa4187 collected ($0.12)
Seat 5: de46a3c folded before Flop (didn't bet)
Seat 6: 5d465ebd (button) folded before Flop (didn't bet)


Poker Hand #HD1747170155: Hold'em No Limit ($0.02/$0.05) - 2024/04/26 12:47:25
Table 'NLHBlue14' 6-max Seat #5 is the button
Seat 1: 94ed3b86 ($5 in chips)
Seat 2: Hero ($5 in chips)
Seat 3: e5b77cac ($3.8 in chips)
Seat 4: 72fa4187 ($6.76 in chips)
Seat 5: de46a3c ($11.13 in chips)
Seat 6: 5d465ebd ($5.09 in chips)
5d465ebd: posts small blind $0.02
94ed3b86: posts big blind $0.05
*** HOLE CARDS ***
Dealt to 94ed3b86 
Dealt to Hero [6c Qh]
Dealt to e5b77cac 
Dealt to 72fa4187 
Dealt to de46a3c 
Dealt to 5d465ebd 
Hero: folds
e5b77cac: calls $0.05
72fa4187: raises $0.05 to $0.1
de46a3c: folds
5d465ebd: folds
94ed3b86: folds
e5b77cac: calls $0.05
*** FLOP *** [Jd Td 8d]
e5b77cac: checks
72fa4187: checks
*** TURN *** [Jd Td 8d] [Ah]
e5b77cac: checks
72fa4187: bets $0.14
e5b77cac: folds
Uncalled bet ($0.14) returned to 72fa4187
*** SHOWDOWN ***
72fa4187 collected $0.26 from pot
*** SUMMARY ***
Total pot $0.27 | Rake $0.01 | Jackpot $0 | Bingo $0 | Fortune $0 | Tax $0
Board [Jd Td 8d Ah]
Seat 1: 94ed3b86 (big blind) folded before Flop
Seat 2: Hero folded before Flop (didn't bet)
Seat 3: e5b77cac folded on the Turn
Seat 4: 72fa4187 won ($0.26)
Seat 5: de46a3c (button) folded before Flop (didn't bet)
Seat 6: 5d465ebd (small blind) folded before Flop


Poker Hand #HD1747170022: Hold'em No Limit ($0.02/$0.05) - 2024/04/26 12:45:58
Table 'NLHBlue14' 6-max Seat #4 is the button
Seat 1: 94ed3b86 ($5 in chips)
Seat 2: Hero ($5 in chips)
Seat 3: e5b77cac ($3.95 in chips)
Seat 4: 72fa4187 ($6.24 in chips)
Seat 5: de46a3c ($11.15 in chips)
Seat 6: 5d465ebd ($5.48 in chips)
de46a3c: posts small blind $0.02
5d465ebd: posts big blind $0.05
*** HOLE CARDS ***
Dealt to 94ed3b86 
Dealt to Hero [Kh 8d]
Dealt to e5b77cac 
Dealt to 72fa4187 
Dealt to de46a3c 
Dealt to 5d465ebd 
94ed3b86: folds
Hero: folds
e5b77cac: calls $0.05
72fa4187: raises $0.1 to $0.15
de46a3c: folds
5d465ebd: calls $0.1
e5b77cac: calls $0.1
*** FLOP *** [Ks Qd 2c]
5d465ebd: checks
e5b77cac: checks
72fa4187: bets $0.24
5d465ebd: calls $0.24
e5b77cac: folds
*** TURN *** [Ks Qd 2c] [7s]
5d465ebd: checks
72fa4187: bets $0.65
5d465ebd: folds
Uncalled bet ($0.65) returned to 72fa4187
*** SHOWDOWN ***
72fa4187 collected $0.91 from pot
*** SUMMARY ***
Total pot $0.95 | Rake $0.04 | Jackpot $0 | Bingo $0 | Fortune $0 | Tax $0
Board [Ks Qd 2c 7s]
Seat 1: 94ed3b86 folded before Flop (didn't bet)
Seat 2: Hero folded before Flop (didn't bet)
Seat 3: e5b77cac folded on the Flop
Seat 4: 72fa4187 (button) won ($0.91)
Seat 5: de46a3c (small blind) folded before Flop
Seat 6: 5d465ebd (big blind) folded on the Turn


Poker Hand #HD1747169956: Hold'em No Limit ($0.02/$0.05) - 2024/04/26 12:45:21
Table 'NLHBlue14' 6-max Seat #3 is the button
Seat 1: 94ed3b86 ($5 in chips)
Seat 2: Hero ($5 in chips)
Seat 3: e5b77cac ($3.79 in chips)
Seat 4: 72fa4187 ($6.26 in chips)
Seat 5: de46a3c ($11.3 in chips)
Seat 6: 5d465ebd ($5.48 in chips)
72fa4187: posts small blind $0.02
de46a3c: posts big blind $0.05
*** HOLE CARDS ***
Dealt to 94ed3b86 
Dealt to Hero [As 2d]
Dealt to e5b77cac 
Dealt to 72fa4187 
Dealt to de46a3c 
Dealt to 5d465ebd 
5d465ebd: folds
94ed3b86: folds
Hero: folds
e5b77cac: raises $0.1 to $0.15
72fa4187: folds
de46a3c: calls $0.1
*** FLOP *** [Tc Jc Ad]
de46a3c: checks
e5b77cac: bets $0.32
de46a3c: folds
Uncalled bet ($0.32) returned to e5b77cac
*** SHOWDOWN ***
e5b77cac collected $0.31 from pot
*** SUMMARY ***
Total pot $0.32 | Rake $0.01 | Jackpot $0 | Bingo $0 | Fortune $0 | Tax $0
Board [Tc Jc Ad]
Seat 1: 94ed3b86 folded before Flop (didn't bet)
Seat 2: Hero folded before Flop (didn't bet)
Seat 3: e5b77cac (button) won ($0.31)
Seat 4: 72fa4187 (small blind) folded before Flop
Seat 5: de46a3c (big blind) folded on the Flop
Seat 6: 5d465ebd folded before Flop (didn't bet)


Poker Hand #HD1747169894: Hold'em No Limit ($0.02/$0.05) - 2024/04/26 12:44:40
Table 'NLHBlue14' 6-max Seat #2 is the button
Seat 1: 94ed3b86 ($5 in chips)
Seat 2: Hero ($5 in chips)
Seat 3: e5b77cac ($3.7 in chips)
Seat 4: 72fa4187 ($6.36 in chips)
Seat 5: de46a3c ($11.3 in chips)
Seat 6: 5d465ebd ($5.48 in chips)
e5b77cac: posts small blind $0.02
72fa4187: posts big blind $0.05
*** HOLE CARDS ***
Dealt to 94ed3b86 
Dealt to Hero [4c 5c]
Dealt to e5b77cac 
Dealt to 72fa4187 
Dealt to de46a3c 
Dealt to 5d465ebd 
de46a3c: folds
5d465ebd: folds
94ed3b86: folds
Hero: folds
e5b77cac: calls $0.03
72fa4187: checks
*** FLOP *** [Th 6c Kd]
e5b77cac: checks
72fa4187: checks
*** TURN *** [Th 6c Kd] [6s]
e5b77cac: checks
72fa4187: checks
*** RIVER *** [Th 6c Kd 6s] [Jc]
e5b77cac: checks
72fa4187: bets $0.05
e5b77cac: calls $0.05
72fa4187: shows [5d 2h] (Pair of Sixes)
e5b77cac: shows [3c Ad] (Pair of Sixes)
*** SHOWDOWN ***
e5b77cac collected $0.19 from pot
*** SUMMARY ***
Total pot $0.2 | Rake $0.01 | Jackpot $0 | Bingo $0 | Fortune $0 | Tax $0
Board [Th 6c Kd 6s Jc]
Seat 1: 94ed3b86 folded before Flop (didn't bet)
Seat 2: Hero (button) folded before Flop (didn't bet)
Seat 3: e5b77cac (small blind) showed [3c Ad] and won ($0.19) with Pair of Sixes
Seat 4: 72fa4187 (big blind) showed [5d 2h] and lost with Pair of Sixes
Seat 5: de46a3c folded before Flop (didn't bet)
Seat 6: 5d465ebd folded before Flop (didn't bet)


Poker Hand #HD1747169841: Hold'em No Limit ($0.02/$0.05) - 2024/04/26 12:44:09
Table 'NLHBlue14' 6-max Seat #1 is the button
Seat 1: 94ed3b86 ($5 in chips)
Seat 2: Hero ($5 in chips)
Seat 3: e5b77cac ($3.8 in chips)
Seat 4: 72fa4187 ($6.36 in chips)
Seat 5: de46a3c ($11.3 in chips)
Seat 6: 5d465ebd ($5.37 in chips)
Hero: posts small blind $0.02
e5b77cac: posts big blind $0.05
*** HOLE CARDS ***
Dealt to 94ed3b86 
Dealt to Hero [6h 4d]
Dealt to e5b77cac 
Dealt to 72fa4187 
Dealt to de46a3c 
Dealt to 5d465ebd 
72fa4187: folds
de46a3c: folds
5d465ebd: raises $0.05 to $0.1
94ed3b86: folds
Hero: folds
e5b77cac: calls $0.05
*** FLOP *** [3d 9c 5d]
e5b77cac: checks
5d465ebd: bets $0.17
e5b77cac: folds
Uncalled bet ($0.17) returned to 5d465ebd
*** SHOWDOWN ***
5d465ebd collected $0.21 from pot
*** SUMMARY ***
Total pot $0.22 | Rake $0.01 | Jackpot $0 | Bingo $0 | Fortune $0 | Tax $0
Board [3d 9c 5d]
Seat 1: 94ed3b86 (button) folded before Flop (didn't bet)
Seat 2: Hero (small blind) folded before Flop
Seat 3: e5b77cac (big blind) folded on the Flop
Seat 4: 72fa4187 folded before Flop (didn't bet)
Seat 5: de46a3c folded before Flop (didn't bet)
Seat 6: 5d465ebd won ($0.21)


Poker Hand #HD1747169819: Hold'em No Limit ($0.02/$0.05) - 2024/04/26 12:43:57
Table 'NLHBlue14' 6-max Seat #6 is the button
Seat 1: 94ed3b86 ($5 in chips)
Seat 2: Hero ($5 in chips)
Seat 3: e5b77cac ($3.8 in chips)
Seat 4: 72fa4187 ($6.36 in chips)
Seat 5: de46a3c ($11.3 in chips)
Seat 6: 5d465ebd ($5.3 in chips)
94ed3b86: posts small blind $0.02
Hero: posts big blind $0.05
*** HOLE CARDS ***
Dealt to 94ed3b86 
Dealt to Hero [6s Qd]
Dealt to e5b77cac 
Dealt to 72fa4187 
Dealt to de46a3c 
Dealt to 5d465ebd 
e5b77cac: folds
72fa4187: folds
de46a3c: folds
5d465ebd: raises $0.05 to $0.1
94ed3b86: folds
Hero: folds
Uncalled bet ($0.05) returned to 5d465ebd
*** SHOWDOWN ***
5d465ebd collected $0.12 from pot
*** SUMMARY ***
Total pot $0.12 | Rake $0 | Jackpot $0 | Bingo $0 | Fortune $0 | Tax $0
Seat 1: 94ed3b86 (small blind) folded before Flop
Seat 2: Hero (big blind) folded before Flop
Seat 3: e5b77cac folded before Flop (didn't bet)
Seat 4: 72fa4187 folded before Flop (didn't bet)
Seat 5: de46a3c folded before Flop (didn't bet)
Seat 6: 5d465ebd (button) collected ($0.12)


Poker Hand #HD1747169775: Hold'em No Limit ($0.02/$0.05) - 2024/04/26 12:43:24
Table 'NLHBlue14' 6-max Seat #5 is the button
Seat 1: 94ed3b86 ($5 in chips)
Seat 2: Hero ($5 in chips)
Seat 3: e5b77cac ($4.96 in chips)
Seat 4: 72fa4187 ($6.36 in chips)
Seat 5: de46a3c ($10.23 in chips)
Seat 6: 5d465ebd ($5.32 in chips)
5d465ebd: posts small blind $0.02
94ed3b86: posts big blind $0.05
*** HOLE CARDS ***
Dealt to 94ed3b86 
Dealt to Hero [9s Kc]
Dealt to e5b77cac 
Dealt to 72fa4187 
Dealt to de46a3c 
Dealt to 5d465ebd 
Hero: folds
e5b77cac: raises $0.15 to $0.2
72fa4187: folds
de46a3c: raises $0.36 to $0.56
5d465ebd: folds
94ed3b86: folds
e5b77cac: calls $0.36
*** FLOP *** [Qd 2s Qh]
e5b77cac: checks
de46a3c: bets $0.6
e5b77cac: calls $0.6
*** TURN *** [Qd 2s Qh] [8d]
e5b77cac: checks
de46a3c: bets $1.2
e5b77cac: folds
Uncalled bet ($1.2) returned to de46a3c
*** SHOWDOWN ***
de46a3c collected $2.23 from pot
*** SUMMARY ***
Total pot $2.39 | Rake $0.11 | Jackpot $0.05 | Bingo $0 | Fortune $0 | Tax $0
Board [Qd 2s Qh 8d]
Seat 1: 94ed3b86 (big blind) folded before Flop
Seat 2: Hero folded before Flop (didn't bet)
Seat 3: e5b77cac folded on the Turn
Seat 4: 72fa4187 folded before Flop (didn't bet)
Seat 5: de46a3c (button) won ($2.23)
Seat 6: 5d465ebd (small blind) folded before Flop


Poker Hand #HD1747169704: Hold'em No Limit ($0.02/$0.05) - 2024/04/26 12:42:37
Table 'NLHBlue14' 6-max Seat #4 is the button
Seat 1: 94ed3b86 ($5 in chips)
Seat 2: Hero ($5 in chips)
Seat 3: e5b77cac ($4.96 in chips)
Seat 4: 72fa4187 ($6.07 in chips)
Seat 5: de46a3c ($10.25 in chips)
Seat 6: 5d465ebd ($5.37 in chips)
de46a3c: posts small blind $0.02
5d465ebd: posts big blind $0.05
*** HOLE CARDS ***
Dealt to 94ed3b86 
Dealt to Hero [7d 5h]
Dealt to e5b77cac 
Dealt to 72fa4187 
Dealt to de46a3c 
Dealt to 5d465ebd 
94ed3b86: raises $0.05 to $0.1
Hero: folds
e5b77cac: folds
72fa4187: calls $0.1
de46a3c: folds
5d465ebd: folds
*** FLOP *** [Kc 3s 6c]
94ed3b86: checks
72fa4187: bets $0.14
94ed3b86: calls $0.14
*** TURN *** [Kc 3s 6c] [4d]
94ed3b86: checks
72fa4187: bets $0.28
94ed3b86: folds
Uncalled bet ($0.28) returned to 72fa4187
*** SHOWDOWN ***
72fa4187 collected $0.53 from pot
*** SUMMARY ***
Total pot $0.55 | Rake $0.02 | Jackpot $0 | Bingo $0 | Fortune $0 | Tax $0
Board [Kc 3s 6c 4d]
Seat 1: 94ed3b86 folded on the Turn
Seat 2: Hero folded before Flop (didn't bet)
Seat 3: e5b77cac folded before Flop (didn't bet)
Seat 4: 72fa4187 (button) won ($0.53)
Seat 5: de46a3c (small blind) folded before Flop
Seat 6: 5d465ebd (big blind) folded before Flop


Poker Hand #HD1747169681: Hold'em No Limit ($0.02/$0.05) - 2024/04/26 12:42:21
Table 'NLHBlue14' 6-max Seat #3 is the button
Seat 1: 94ed3b86 ($5 in chips)
Seat 2: Hero ($5 in chips)
Seat 3: e5b77cac ($4.89 in chips)
Seat 4: 72fa4187 ($6.09 in chips)
Seat 5: de46a3c ($10.3 in chips)
Seat 6: 5d465ebd ($5.37 in chips)
72fa4187: posts small blind $0.02
de46a3c: posts big blind $0.05
*** HOLE CARDS ***
Dealt to 94ed3b86 
Dealt to Hero [6c Ad]
Dealt to e5b77cac 
Dealt to 72fa4187 
Dealt to de46a3c 
Dealt to 5d465ebd 
5d465ebd: folds
94ed3b86: folds
Hero: folds
e5b77cac: raises $0.1 to $0.15
72fa4187: folds
de46a3c: folds
Uncalled bet ($0.1) returned to e5b77cac
*** SHOWDOWN ***
e5b77cac collected $0.12 from pot
*** SUMMARY ***
Total pot $0.12 | Rake $0 | Jackpot $0 | Bingo $0 | Fortune $0 | Tax $0
Seat 1: 94ed3b86 folded before Flop (didn't bet)
Seat 2: Hero folded before Flop (didn't bet)
Seat 3: e5b77cac (button) collected ($0.12)
Seat 4: 72fa4187 (small blind) folded before Flop
Seat 5: de46a3c (big blind) folded before Flop
Seat 6: 5d465ebd folded before Flop (didn't bet)


Poker Hand #HD1747169612: Hold'em No Limit ($0.02/$0.05) - 2024/04/26 12:41:36
Table 'NLHBlue14' 6-max Seat #2 is the button
Seat 1: 94ed3b86 ($5 in chips)
Seat 2: Hero ($5 in chips)
Seat 3: e5b77cac ($5.09 in chips)
Seat 4: 72fa4187 ($6.29 in chips)
Seat 5: de46a3c ($10.3 in chips)
Seat 6: 5d465ebd ($5 in chips)
e5b77cac: posts small blind $0.02
72fa4187: posts big blind $0.05
*** HOLE CARDS ***
Dealt to 94ed3b86 
Dealt to Hero [4c Kh]
Dealt to e5b77cac 
Dealt to 72fa4187 
Dealt to de46a3c 
Dealt to 5d465ebd 
de46a3c: folds
5d465ebd: raises $0.05 to $0.1
94ed3b86: folds
Hero: folds
e5b77cac: calls $0.08
72fa4187: calls $0.05
*** FLOP *** [6c 5s Qh]
e5b77cac: checks
72fa4187: bets $0.1
5d465ebd: calls $0.1
e5b77cac: calls $0.1
*** TURN *** [6c 5s Qh] [Kc]
e5b77cac: checks
72fa4187: checks
5d465ebd: bets $0.45
e5b77cac: folds
72fa4187: folds
Uncalled bet ($0.45) returned to 5d465ebd
*** SHOWDOWN ***
5d465ebd collected $0.57 from pot
*** SUMMARY ***
Total pot $0.6 | Rake $0.03 | Jackpot $0 | Bingo $0 | Fortune $0 | Tax $0
Board [6c 5s Qh Kc]
Seat 1: 94ed3b86 folded before Flop (didn't bet)
Seat 2: Hero (button) folded before Flop (didn't bet)
Seat 3: e5b77cac (small blind) folded on the Turn
Seat 4: 72fa4187 (big blind) folded on the Turn
Seat 5: de46a3c folded before Flop (didn't bet)
Seat 6: 5d465ebd won ($0.57)


Poker Hand #HD1747169579: Hold'em No Limit ($0.02/$0.05) - 2024/04/26 12:41:17
Table 'NLHBlue14' 6-max Seat #1 is the button
Seat 1: 94ed3b86 ($5 in chips)
Seat 2: Hero ($5 in chips)
Seat 3: e5b77cac ($5.07 in chips)
Seat 4: 72fa4187 ($6.29 in chips)
Seat 5: de46a3c ($10.3 in chips)
Seat 6: 5d465ebd ($5 in chips)
Hero: posts small blind $0.02
e5b77cac: posts big blind $0.05
*** HOLE CARDS ***
Dealt to 94ed3b86 
Dealt to Hero [Kh 4c]
Dealt to e5b77cac 
Dealt to 72fa4187 
Dealt to de46a3c 
Dealt to 5d465ebd 
72fa4187: folds
de46a3c: folds
5d465ebd: folds
94ed3b86: folds
Hero: folds
Uncalled bet ($0.03) returned to e5b77cac
*** SHOWDOWN ***
e5b77cac collected $0.04 from pot
*** SUMMARY ***
Total pot $0.04 | Rake $0 | Jackpot $0 | Bingo $0 | Fortune $0 | Tax $0
Seat 1: 94ed3b86 (button) folded before Flop (didn't bet)
Seat 2: Hero (small blind) folded before Flop
Seat 3: e5b77cac (big blind) collected ($0.04)
Seat 4: 72fa4187 folded before Flop (didn't bet)
Seat 5: de46a3c folded before Flop (didn't bet)
Seat 6: 5d465ebd folded before Flop (didn't bet)


Poker Hand #HD1747169563: Hold'em No Limit ($0.02/$0.05) - 2024/04/26 12:41:07
Table 'NLHBlue14' 6-max Seat #6 is the button
Seat 1: 94ed3b86 ($5 in chips)
Seat 2: Hero ($5 in chips)
Seat 3: e5b77cac ($5 in chips)
Seat 4: 72fa4187 ($6.29 in chips)
Seat 5: de46a3c ($10.3 in chips)
Seat 6: 5d465ebd ($5 in chips)
94ed3b86: posts small blind $0.02
Hero: posts big blind $0.05
*** HOLE CARDS ***
Dealt to 94ed3b86 
Dealt to Hero [4d Qh]
Dealt to e5b77cac 
Dealt to 72fa4187 
Dealt to de46a3c 
Dealt to 5d465ebd 
e5b77cac: raises $0.1 to $0.15
72fa4187: folds
de46a3c: folds
5d465ebd: folds
94ed3b86: folds
Hero: folds
Uncalled bet ($0.1) returned to e5b77cac
*** SHOWDOWN ***
e5b77cac collected $0.12 from pot
*** SUMMARY ***
Total pot $0.12 | Rake $0 | Jackpot $0 | Bingo $0 | Fortune $0 | Tax $0
Seat 1: 94ed3b86 (small blind) folded before Flop
Seat 2: Hero (big blind) folded before Flop
Seat 3: e5b77cac collected ($0.12)
Seat 4: 72fa4187 folded before Flop (didn't bet)
Seat 5: de46a3c folded before Flop (didn't bet)
Seat 6: 5d465ebd (button) folded before Flop (didn't bet)


Poker Hand #HD1747169539: Hold'em No Limit ($0.02/$0.05) - 2024/04/26 12:40:50
Table 'NLHBlue14' 6-max Seat #5 is the button
Seat 1: 94ed3b86 ($5 in chips)
Seat 2: Hero ($5 in chips)
Seat 3: e5b77cac ($4.93 in chips)
Seat 4: 72fa4187 ($6.29 in chips)
Seat 5: de46a3c ($10.3 in chips)
Seat 6: 5d465ebd ($4.76 in chips)
5d465ebd: posts small blind $0.02
94ed3b86: posts big blind $0.05
*** HOLE CARDS ***
Dealt to 94ed3b86 
Dealt to Hero [8h 9s]
Dealt to e5b77cac 
Dealt to 72fa4187 
Dealt to de46a3c 
Dealt to 5d465ebd 
Hero: folds
e5b77cac: raises $0.05 to $0.1
72fa4187: folds
de46a3c: folds
5d465ebd: folds
94ed3b86: folds
Uncalled bet ($0.05) returned to e5b77cac
*** SHOWDOWN ***
e5b77cac collected $0.12 from pot
*** SUMMARY ***
Total pot $0.12 | Rake $0 | Jackpot $0 | Bingo $0 | Fortune $0 | Tax $0
Seat 1: 94ed3b86 (big blind) folded before Flop
Seat 2: Hero folded before Flop (didn't bet)
Seat 3: e5b77cac collected ($0.12)
Seat 4: 72fa4187 folded before Flop (didn't bet)
Seat 5: de46a3c (button) folded before Flop (didn't bet)
Seat 6: 5d465ebd (small blind) folded before Flop


Poker Hand #HD1747169512: Hold'em No Limit ($0.02/$0.05) - 2024/04/26 12:40:31
Table 'NLHBlue14' 6-max Seat #4 is the button
Seat 1: 94ed3b86 ($5 in chips)
Seat 2: Hero ($5 in chips)
Seat 3: e5b77cac ($4.86 in chips)
Seat 4: 72fa4187 ($6.29 in chips)
Seat 5: de46a3c ($10.32 in chips)
Seat 6: 5d465ebd ($4.81 in chips)
de46a3c: posts small blind $0.02
5d465ebd: posts big blind $0.05
*** HOLE CARDS ***
Dealt to 94ed3b86 
Dealt to Hero [9d 7d]
Dealt to e5b77cac 
Dealt to 72fa4187 
Dealt to de46a3c 
Dealt to 5d465ebd 
94ed3b86: folds
Hero: folds
e5b77cac: raises $0.05 to $0.1
72fa4187: folds
de46a3c: folds
5d465ebd: folds
Uncalled bet ($0.05) returned to e5b77cac
*** SHOWDOWN ***
e5b77cac collected $0.12 from pot
*** SUMMARY ***
Total pot $0.12 | Rake $0 | Jackpot $0 | Bingo $0 | Fortune $0 | Tax $0
Seat 1: 94ed3b86 folded before Flop (didn't bet)
Seat 2: Hero folded before Flop (didn't bet)
Seat 3: e5b77cac collected ($0.12)
Seat 4: 72fa4187 (button) folded before Flop (didn't bet)
Seat 5: de46a3c (small blind) folded before Flop
Seat 6: 5d465ebd (big blind) folded before Flop


Poker Hand #HD1747169482: Hold'em No Limit ($0.02/$0.05) - 2024/04/26 12:40:14
Table 'NLHBlue14' 6-max Seat #3 is the button
Seat 1: 94ed3b86 ($5 in chips)
Seat 2: Hero ($5 in chips)
Seat 3: e5b77cac ($4.96 in chips)
Seat 4: 72fa4187 ($6.31 in chips)
Seat 5: de46a3c ($10.11 in chips)
Seat 6: 5d465ebd ($4.91 in chips)
72fa4187: posts small blind $0.02
de46a3c: posts big blind $0.05
*** HOLE CARDS ***
Dealt to 94ed3b86 
Dealt to Hero [Js 8h]
Dealt to e5b77cac 
Dealt to 72fa4187 
Dealt to de46a3c 
Dealt to 5d465ebd 
5d465ebd: raises $0.05 to $0.1
94ed3b86: folds
Hero: folds
e5b77cac: calls $0.1
72fa4187: folds
de46a3c: raises $0.46 to $0.56
5d465ebd: folds
e5b77cac: folds
Uncalled bet ($0.46) returned to de46a3c
*** SHOWDOWN ***
de46a3c collected $0.31 from pot
*** SUMMARY ***
Total pot $0.32 | Rake $0.01 | Jackpot $0 | Bingo $0 | Fortune $0 | Tax $0
Seat 1: 94ed3b86 folded before Flop (didn't bet)
Seat 2: Hero folded before Flop (didn't bet)
Seat 3: e5b77cac (button) folded before Flop
Seat 4: 72fa4187 (small blind) folded before Flop
Seat 5: de46a3c (big blind) collected ($0.31)
Seat 6: 5d465ebd folded before Flop


Poker Hand #HD1747169429: Hold'em No Limit ($0.02/$0.05) - 2024/04/26 12:39:43
Table 'NLHBlue14' 6-max Seat #2 is the button
Seat 1: 94ed3b86 ($5 in chips)
Seat 2: Hero ($5.03 in chips)
Seat 3: e5b77cac ($4.71 in chips)
Seat 4: 72fa4187 ($6.36 in chips)
Seat 6: 5d465ebd ($4.91 in chips)
e5b77cac: posts small blind $0.02
72fa4187: posts big blind $0.05
*** HOLE CARDS ***
Dealt to 94ed3b86 
Dealt to Hero [7c Qc]
Dealt to e5b77cac 
Dealt to 72fa4187 
Dealt to 5d465ebd 
5d465ebd: folds
94ed3b86: folds
Hero: raises $0.07 to $0.12
e5b77cac: calls $0.1
72fa4187: folds
*** FLOP *** [9h Jd 6d]
e5b77cac: checks
Hero: bets $0.1
e5b77cac: calls $0.1
*** TURN *** [9h Jd 6d] [Qd]
e5b77cac: checks
Hero: checks
*** RIVER *** [9h Jd 6d Qd] [8c]
e5b77cac: bets $0.49
Hero: folds
Uncalled bet ($0.49) returned to e5b77cac
*** SHOWDOWN ***
e5b77cac collected $0.47 from pot
*** SUMMARY ***
Total pot $0.49 | Rake $0.02 | Jackpot $0 | Bingo $0 | Fortune $0 | Tax $0
Board [9h Jd 6d Qd 8c]
Seat 1: 94ed3b86 folded before Flop (didn't bet)
Seat 2: Hero (button) folded on the River
Seat 3: e5b77cac (small blind) won ($0.47)
Seat 4: 72fa4187 (big blind) folded before Flop
Seat 6: 5d465ebd folded before Flop (didn't bet)


Poker Hand #HD1747169416: Hold'em No Limit ($0.02/$0.05) - 2024/04/26 12:39:35
Table 'NLHBlue14' 6-max Seat #1 is the button
Seat 1: 94ed3b86 ($5 in chips)
Seat 2: Hero ($5.05 in chips)
Seat 3: e5b77cac ($4.69 in chips)
Seat 4: 72fa4187 ($6.36 in chips)
Seat 6: 5d465ebd ($4.91 in chips)
Hero: posts small blind $0.02
e5b77cac: posts big blind $0.05
*** HOLE CARDS ***
Dealt to 94ed3b86 
Dealt to Hero [6d 9h]
Dealt to e5b77cac 
Dealt to 72fa4187 
Dealt to 5d465ebd 
72fa4187: folds
5d465ebd: folds
94ed3b86: folds
Hero: folds
Uncalled bet ($0.03) returned to e5b77cac
*** SHOWDOWN ***
e5b77cac collected $0.04 from pot
*** SUMMARY ***
Total pot $0.04 | Rake $0 | Jackpot $0 | Bingo $0 | Fortune $0 | Tax $0
Seat 1: 94ed3b86 (button) folded before Flop (didn't bet)
Seat 2: Hero (small blind) folded before Flop
Seat 3: e5b77cac (big blind) collected ($0.04)
Seat 4: 72fa4187 folded before Flop (didn't bet)
Seat 6: 5d465ebd folded before Flop (didn't bet)


Poker Hand #HD1747169371: Hold'em No Limit ($0.02/$0.05) - 2024/04/26 12:39:08
Table 'NLHBlue14' 6-max Seat #6 is the button
Seat 1: 94ed3b86 ($5 in chips)
Seat 2: Hero ($5.22 in chips)
Seat 3: e5b77cac ($4.51 in chips)
Seat 4: 72fa4187 ($6.36 in chips)
Seat 6: 5d465ebd ($4.91 in chips)
94ed3b86: posts small blind $0.02
Hero: posts big blind $0.05
*** HOLE CARDS ***
Dealt to 94ed3b86 
Dealt to Hero [6h Ad]
Dealt to e5b77cac 
Dealt to 72fa4187 
Dealt to 5d465ebd 
e5b77cac: calls $0.05
72fa4187: folds
5d465ebd: folds
94ed3b86: folds
Hero: checks
*** FLOP *** [6s 7s 2s]
Hero: checks
e5b77cac: bets $0.12
Hero: calls $0.12
*** TURN *** [6s 7s 2s] [4d]
Hero: checks
e5b77cac: bets $0.36
Hero: folds
Uncalled bet ($0.36) returned to e5b77cac
*** SHOWDOWN ***
e5b77cac collected $0.35 from pot
*** SUMMARY ***
Total pot $0.36 | Rake $0.01 | Jackpot $0 | Bingo $0 | Fortune $0 | Tax $0
Board [6s 7s 2s 4d]
Seat 1: 94ed3b86 (small blind) folded before Flop
Seat 2: Hero (big blind) folded on the Turn
Seat 3: e5b77cac won ($0.35)
Seat 4: 72fa4187 folded before Flop (didn't bet)
Seat 6: 5d465ebd (button) folded before Flop (didn't bet)


Poker Hand #HD1747169307: Hold'em No Limit ($0.02/$0.05) - 2024/04/26 12:38:32
Table 'NLHBlue14' 6-max Seat #4 is the button
Seat 1: 94ed3b86 ($5.03 in chips)
Seat 2: Hero ($5.22 in chips)
Seat 3: e5b77cac ($4.37 in chips)
Seat 4: 72fa4187 ($6.36 in chips)
Seat 6: 5d465ebd ($5.01 in chips)
5d465ebd: posts small blind $0.02
94ed3b86: posts big blind $0.05
*** HOLE CARDS ***
Dealt to 94ed3b86 
Dealt to Hero [4s 7h]
Dealt to e5b77cac 
Dealt to 72fa4187 
Dealt to 5d465ebd 
Hero: folds
e5b77cac: calls $0.05
72fa4187: folds
5d465ebd: raises $0.05 to $0.1
94ed3b86: folds
e5b77cac: calls $0.05
*** FLOP *** [Jh 4h As]
5d465ebd: checks
e5b77cac: checks
*** TURN *** [Jh 4h As] [9s]
5d465ebd: checks
e5b77cac: bets $0.25
5d465ebd: folds
Uncalled bet ($0.25) returned to e5b77cac
*** SHOWDOWN ***
e5b77cac collected $0.24 from pot
*** SUMMARY ***
Total pot $0.25 | Rake $0.01 | Jackpot $0 | Bingo $0 | Fortune $0 | Tax $0
Board [Jh 4h As 9s]
Seat 1: 94ed3b86 (big blind) folded before Flop
Seat 2: Hero folded before Flop (didn't bet)
Seat 3: e5b77cac won ($0.24)
Seat 4: 72fa4187 (button) folded before Flop (didn't bet)
Seat 6: 5d465ebd (small blind) folded on the Turn


Poker Hand #HD1747169263: Hold'em No Limit ($0.02/$0.05) - 2024/04/26 12:38:06
Table 'NLHBlue14' 6-max Seat #3 is the button
Seat 1: 94ed3b86 ($5.03 in chips)
Seat 2: Hero ($5.22 in chips)
Seat 3: e5b77cac ($4.62 in chips)
Seat 4: 72fa4187 ($6.38 in chips)
Seat 6: 5d465ebd ($4.76 in chips)
72fa4187: posts small blind $0.02
5d465ebd: posts big blind $0.05
*** HOLE CARDS ***
Dealt to 94ed3b86 
Dealt to Hero [Qs 8c]
Dealt to e5b77cac 
Dealt to 72fa4187 
Dealt to 5d465ebd 
94ed3b86: folds
Hero: folds
e5b77cac: calls $0.05
72fa4187: folds
5d465ebd: raises $0.2 to $0.25
e5b77cac: calls $0.2
*** FLOP *** [4c Jh Ah]
5d465ebd: bets $0.39
e5b77cac: folds
Uncalled bet ($0.39) returned to 5d465ebd
*** SHOWDOWN ***
5d465ebd collected $0.5 from pot
*** SUMMARY ***
Total pot $0.52 | Rake $0.02 | Jackpot $0 | Bingo $0 | Fortune $0 | Tax $0
Board [4c Jh Ah]
Seat 1: 94ed3b86 folded before Flop (didn't bet)
Seat 2: Hero folded before Flop (didn't bet)
Seat 3: e5b77cac (button) folded on the Flop
Seat 4: 72fa4187 (small blind) folded before Flop
Seat 6: 5d465ebd (big blind) won ($0.5)


Poker Hand #HD1747169197: Hold'em No Limit ($0.02/$0.05) - 2024/04/26 12:37:27
Table 'NLHBlue14' 6-max Seat #2 is the button
Seat 1: 94ed3b86 ($5.03 in chips)
Seat 2: Hero ($5.22 in chips)
Seat 3: e5b77cac ($4.82 in chips)
Seat 4: 72fa4187 ($6.2 in chips)
Seat 6: 5d465ebd ($4.76 in chips)
e5b77cac: posts small blind $0.02
72fa4187: posts big blind $0.05
*** HOLE CARDS ***
Dealt to 94ed3b86 
Dealt to Hero [Qd 5h]
Dealt to e5b77cac 
Dealt to 72fa4187 
Dealt to 5d465ebd 
5d465ebd: folds
94ed3b86: folds
Hero: folds
e5b77cac: calls $0.03
72fa4187: checks
*** FLOP *** [3d 9s As]
e5b77cac: checks
72fa4187: bets $0.05
e5b77cac: calls $0.05
*** TURN *** [3d 9s As] [Jd]
e5b77cac: checks
72fa4187: bets $0.1
e5b77cac: calls $0.1
*** RIVER *** [3d 9s As Jd] [3c]
e5b77cac: checks
72fa4187: checks
e5b77cac: shows [2s 8s] (Pair of Treys)
72fa4187: shows [2h 9c] (Pair of Nines and Pair of Treys)
*** SHOWDOWN ***
72fa4187 collected $0.38 from pot
*** SUMMARY ***
Total pot $0.4 | Rake $0.02 | Jackpot $0 | Bingo $0 | Fortune $0 | Tax $0
Board [3d 9s As Jd 3c]
Seat 1: 94ed3b86 folded before Flop (didn't bet)
Seat 2: Hero (button) folded before Flop (didn't bet)
Seat 3: e5b77cac (small blind) showed [2s 8s] and lost with Pair of Treys
Seat 4: 72fa4187 (big blind) showed [2h 9c] and won ($0.38) with Pair of Nines and Pair of Treys
Seat 6: 5d465ebd folded before Flop (didn't bet)


Poker Hand #HD1747169164: Hold'em No Limit ($0.02/$0.05) - 2024/04/26 12:37:03
Table 'NLHBlue14' 6-max Seat #1 is the button
Seat 1: 94ed3b86 ($5.03 in chips)
Seat 2: Hero ($5.24 in chips)
Seat 3: e5b77cac ($4.8 in chips)
Seat 4: 72fa4187 ($6.2 in chips)
Seat 6: 5d465ebd ($4.76 in chips)
Hero: posts small blind $0.02
e5b77cac: posts big blind $0.05
*** HOLE CARDS ***
Dealt to 94ed3b86 
Dealt to Hero [5h Qc]
Dealt to e5b77cac 
Dealt to 72fa4187 
Dealt to 5d465ebd 
72fa4187: folds
5d465ebd: folds
94ed3b86: folds
Hero: folds
Uncalled bet ($0.03) returned to e5b77cac
*** SHOWDOWN ***
e5b77cac collected $0.04 from pot
*** SUMMARY ***
Total pot $0.04 | Rake $0 | Jackpot $0 | Bingo $0 | Fortune $0 | Tax $0
Seat 1: 94ed3b86 (button) folded before Flop (didn't bet)
Seat 2: Hero (small blind) folded before Flop
Seat 3: e5b77cac (big blind) collected ($0.04)
Seat 4: 72fa4187 folded before Flop (didn't bet)
Seat 6: 5d465ebd folded before Flop (didn't bet)


Poker Hand #HD1747169088: Hold'em No Limit ($0.02/$0.05) - 2024/04/26 12:36:12
Table 'NLHBlue14' 6-max Seat #6 is the button
Seat 1: 94ed3b86 ($5.05 in chips)
Seat 2: Hero ($5.29 in chips)
Seat 3: e5b77cac ($5 in chips)
Seat 4: 72fa4187 ($5.95 in chips)
Seat 5: de46a3c ($10.11 in chips)
Seat 6: 5d465ebd ($4.76 in chips)
94ed3b86: posts small blind $0.02
Hero: posts big blind $0.05
e5b77cac: posts big blind $0.05
*** HOLE CARDS ***
Dealt to 94ed3b86 
Dealt to Hero [8h 9s]
Dealt to e5b77cac 
Dealt to 72fa4187 
Dealt to de46a3c 
Dealt to 5d465ebd 
e5b77cac: checks
72fa4187: raises $0.05 to $0.1
de46a3c: folds
5d465ebd: folds
94ed3b86: folds
Hero: folds
e5b77cac: calls $0.05
*** FLOP *** [Ad 4h 5h]
e5b77cac: checks
72fa4187: bets $0.1
e5b77cac: calls $0.1
*** TURN *** [Ad 4h 5h] [As]
e5b77cac: checks
72fa4187: checks
*** RIVER *** [Ad 4h 5h As] [9c]
e5b77cac: checks
72fa4187: checks
e5b77cac: shows [2c 6c] (Pair of Aces)
72fa4187: shows [Jh Td] (Pair of Aces)
*** SHOWDOWN ***
72fa4187 collected $0.45 from pot
*** SUMMARY ***
Total pot $0.47 | Rake $0.02 | Jackpot $0 | Bingo $0 | Fortune $0 | Tax $0
Board [Ad 4h 5h As 9c]
Seat 1: 94ed3b86 (small blind) folded before Flop
Seat 2: Hero (big blind) folded before Flop
Seat 3: e5b77cac showed [2c 6c] and lost with Pair of Aces
Seat 4: 72fa4187 showed [Jh Td] and won ($0.45) with Pair of Aces
Seat 5: de46a3c folded before Flop (didn't bet)
Seat 6: 5d465ebd (button) folded before Flop (didn't bet)


Poker Hand #HD1747169025: Hold'em No Limit ($0.02/$0.05) - 2024/04/26 12:35:30
Table 'NLHBlue14' 6-max Seat #5 is the button
Seat 1: 94ed3b86 ($5 in chips)
Seat 2: Hero ($5.29 in chips)
Seat 3: 922fa899 ($6.31 in chips)
Seat 4: 72fa4187 ($5.95 in chips)
Seat 5: de46a3c ($10.11 in chips)
Seat 6: 5d465ebd ($4.81 in chips)
5d465ebd: posts small blind $0.02
94ed3b86: posts big blind $0.05
*** HOLE CARDS ***
Dealt to 94ed3b86 
Dealt to Hero [7c 3d]
Dealt to 922fa899 
Dealt to 72fa4187 
Dealt to de46a3c 
Dealt to 5d465ebd 
Hero: folds
922fa899: folds
72fa4187: folds
de46a3c: folds
5d465ebd: calls $0.03
94ed3b86: checks
*** FLOP *** [Qs 4c Qd]
5d465ebd: checks
94ed3b86: checks
*** TURN *** [Qs 4c Qd] [9d]
5d465ebd: checks
94ed3b86: bets $0.4
5d465ebd: folds
Uncalled bet ($0.4) returned to 94ed3b86
*** SHOWDOWN ***
94ed3b86 collected $0.1 from pot
*** SUMMARY ***
Total pot $0.1 | Rake $0 | Jackpot $0 | Bingo $0 | Fortune $0 | Tax $0
Board [Qs 4c Qd 9d]
Seat 1: 94ed3b86 (big blind) won ($0.1)
Seat 2: Hero folded before Flop (didn't bet)
Seat 3: 922fa899 folded before Flop (didn't bet)
Seat 4: 72fa4187 folded before Flop (didn't bet)
Seat 5: de46a3c (button) folded before Flop (didn't bet)
Seat 6: 5d465ebd (small blind) folded on the Turn


Poker Hand #HD1747168973: Hold'em No Limit ($0.02/$0.05) - 2024/04/26 12:35:00
Table 'NLHBlue14' 6-max Seat #4 is the button
Seat 1: 94ed3b86 ($5 in chips)
Seat 2: Hero ($5.29 in chips)
Seat 3: 922fa899 ($6.31 in chips)
Seat 4: 72fa4187 ($5.88 in chips)
Seat 5: de46a3c ($10.13 in chips)
Seat 6: 5d465ebd ($4.86 in chips)
de46a3c: posts small blind $0.02
5d465ebd: posts big blind $0.05
*** HOLE CARDS ***
Dealt to 94ed3b86 
Dealt to Hero [4s 8d]
Dealt to 922fa899 
Dealt to 72fa4187 
Dealt to de46a3c 
Dealt to 5d465ebd 
94ed3b86: folds
Hero: folds
922fa899: folds
72fa4187: raises $0.1 to $0.15
de46a3c: folds
5d465ebd: folds
Uncalled bet ($0.1) returned to 72fa4187
*** SHOWDOWN ***
72fa4187 collected $0.12 from pot
*** SUMMARY ***
Total pot $0.12 | Rake $0 | Jackpot $0 | Bingo $0 | Fortune $0 | Tax $0
Seat 1: 94ed3b86 folded before Flop (didn't bet)
Seat 2: Hero folded before Flop (didn't bet)
Seat 3: 922fa899 folded before Flop (didn't bet)
Seat 4: 72fa4187 (button) collected ($0.12)
Seat 5: de46a3c (small blind) folded before Flop
Seat 6: 5d465ebd (big blind) folded before Flop


Poker Hand #HD1747168890: Hold'em No Limit ($0.02/$0.05) - 2024/04/26 12:34:11
Table 'NLHBlue14' 6-max Seat #3 is the button
Seat 1: 94ed3b86 ($5 in chips)
Seat 2: Hero ($5 in chips)
Seat 3: 922fa899 ($6.31 in chips)
Seat 4: 72fa4187 ($6.15 in chips)
Seat 5: de46a3c ($10.18 in chips)
Seat 6: 5d465ebd ($4.86 in chips)
72fa4187: posts small blind $0.02
de46a3c: posts big blind $0.05
*** HOLE CARDS ***
Dealt to 94ed3b86 
Dealt to Hero [8h 8c]
Dealt to 922fa899 
Dealt to 72fa4187 
Dealt to de46a3c 
Dealt to 5d465ebd 
5d465ebd: folds
94ed3b86: folds
Hero: raises $0.07 to $0.12
922fa899: folds
72fa4187: calls $0.1
de46a3c: folds
*** FLOP *** [Ac Kc Kh]
72fa4187: checks
Hero: checks
*** TURN *** [Ac Kc Kh] [4d]
72fa4187: checks
Hero: checks
*** RIVER *** [Ac Kc Kh 4d] [Ks]
72fa4187: checks
Hero: bets $0.15
72fa4187: calls $0.15
Hero: shows [8h 8c] (Kings Full over Eights)
72fa4187: shows [8d Qd] (Three Kings)
*** SHOWDOWN ***
Hero collected $0.56 from pot
*** SUMMARY ***
Total pot $0.59 | Rake $0.03 | Jackpot $0 | Bingo $0 | Fortune $0 | Tax $0
Board [Ac Kc Kh 4d Ks]
Seat 1: 94ed3b86 folded before Flop (didn't bet)
Seat 2: Hero showed [8h 8c] and won ($0.56) with Kings Full over Eights
Seat 3: 922fa899 (button) folded before Flop (didn't bet)
Seat 4: 72fa4187 (small blind) showed [8d Qd] and lost with Three Kings
Seat 5: de46a3c (big blind) folded before Flop
Seat 6: 5d465ebd folded before Flop (didn't bet)


Poker Hand #HD1747168854: Hold'em No Limit ($0.02/$0.05) - 2024/04/26 12:33:51
Table 'NLHBlue14' 6-max Seat #2 is the button
Seat 1: 94ed3b86 ($5 in chips)
Seat 2: Hero ($5 in chips)
Seat 3: 922fa899 ($6.33 in chips)
Seat 4: 72fa4187 ($6.13 in chips)
Seat 5: de46a3c ($10.18 in chips)
Seat 6: 5d465ebd ($4.86 in chips)
922fa899: posts small blind $0.02
72fa4187: posts big blind $0.05
*** HOLE CARDS ***
Dealt to 94ed3b86 
Dealt to Hero [4s 2d]
Dealt to 922fa899 
Dealt to 72fa4187 
Dealt to de46a3c 
Dealt to 5d465ebd 
de46a3c: folds
5d465ebd: folds
94ed3b86: folds
Hero: folds
922fa899: folds
Uncalled bet ($0.03) returned to 72fa4187
*** SHOWDOWN ***
72fa4187 collected $0.04 from pot
*** SUMMARY ***
Total pot $0.04 | Rake $0 | Jackpot $0 | Bingo $0 | Fortune $0 | Tax $0
Seat 1: 94ed3b86 folded before Flop (didn't bet)
Seat 2: Hero (button) folded before Flop (didn't bet)
Seat 3: 922fa899 (small blind) folded before Flop
Seat 4: 72fa4187 (big blind) collected ($0.04)
Seat 5: de46a3c folded before Flop (didn't bet)
Seat 6: 5d465ebd folded before Flop (didn't bet)


Poker Hand #HD1747168837: Hold'em No Limit ($0.02/$0.05) - 2024/04/26 12:33:40
Table 'NLHBlue14' 6-max Seat #1 is the button
Seat 1: 94ed3b86 ($5 in chips)
Seat 2: Hero ($5.02 in chips)
Seat 3: 922fa899 ($6.31 in chips)
Seat 4: 72fa4187 ($6.13 in chips)
Seat 5: de46a3c ($10.18 in chips)
Seat 6: 5d465ebd ($4.86 in chips)
Hero: posts small blind $0.02
922fa899: posts big blind $0.05
*** HOLE CARDS ***
Dealt to 94ed3b86 
Dealt to Hero [Ts 4c]
Dealt to 922fa899 
Dealt to 72fa4187 
Dealt to de46a3c 
Dealt to 5d465ebd 
72fa4187: folds
de46a3c: folds
5d465ebd: folds
94ed3b86: folds
Hero: folds
Uncalled bet ($0.03) returned to 922fa899
*** SHOWDOWN ***
922fa899 collected $0.04 from pot
*** SUMMARY ***
Total pot $0.04 | Rake $0 | Jackpot $0 | Bingo $0 | Fortune $0 | Tax $0
Seat 1: 94ed3b86 (button) folded before Flop (didn't bet)
Seat 2: Hero (small blind) folded before Flop
Seat 3: 922fa899 (big blind) collected ($0.04)
Seat 4: 72fa4187 folded before Flop (didn't bet)
Seat 5: de46a3c folded before Flop (didn't bet)
Seat 6: 5d465ebd folded before Flop (didn't bet)


Poker Hand #HD1747168786: Hold'em No Limit ($0.02/$0.05) - 2024/04/26 12:33:10
Table 'NLHBlue14' 6-max Seat #6 is the button
Seat 1: 94ed3b86 ($5 in chips)
Seat 2: Hero ($5 in chips)
Seat 3: 922fa899 ($6.31 in chips)
Seat 4: 72fa4187 ($6.13 in chips)
Seat 5: de46a3c ($10.18 in chips)
Seat 6: 5d465ebd ($4.86 in chips)
94ed3b86: posts small blind $0.02
Hero: posts big blind $0.05
*** HOLE CARDS ***
Dealt to 94ed3b86 
Dealt to Hero [7s Jd]
Dealt to 922fa899 
Dealt to 72fa4187 
Dealt to de46a3c 
Dealt to 5d465ebd 
922fa899: folds
72fa4187: folds
de46a3c: folds
5d465ebd: folds
94ed3b86: folds
Uncalled bet ($0.03) returned to Hero
*** SHOWDOWN ***
Hero collected $0.04 from pot
*** SUMMARY ***
Total pot $0.04 | Rake $0 | Jackpot $0 | Bingo $0 | Fortune $0 | Tax $0
Seat 1: 94ed3b86 (small blind) folded before Flop
Seat 2: Hero (big blind) collected ($0.04)
Seat 3: 922fa899 folded before Flop (didn't bet)
Seat 4: 72fa4187 folded before Flop (didn't bet)
Seat 5: de46a3c folded before Flop (didn't bet)
Seat 6: 5d465ebd (button) folded before Flop (didn't bet)


Poker Hand #HD1747168756: Hold'em No Limit ($0.02/$0.05) - 2024/04/26 12:32:50
Table 'NLHBlue14' 6-max Seat #5 is the button
Seat 1: 94ed3b86 ($5 in chips)
Seat 2: Hero ($5 in chips)
Seat 3: 922fa899 ($6.31 in chips)
Seat 4: 72fa4187 ($6.06 in chips)
Seat 5: de46a3c ($10.18 in chips)
Seat 6: 5d465ebd ($4.88 in chips)
5d465ebd: posts small blind $0.02
94ed3b86: posts big blind $0.05
*** HOLE CARDS ***
Dealt to 94ed3b86 
Dealt to Hero [4c 4h]
Dealt to 922fa899 
Dealt to 72fa4187 
Dealt to de46a3c 
Dealt to 5d465ebd 
Hero: folds
922fa899: folds
72fa4187: raises $0.1 to $0.15
de46a3c: folds
5d465ebd: folds
94ed3b86: folds
Uncalled bet ($0.1) returned to 72fa4187
*** SHOWDOWN ***
72fa4187 collected $0.12 from pot
*** SUMMARY ***
Total pot $0.12 | Rake $0 | Jackpot $0 | Bingo $0 | Fortune $0 | Tax $0
Seat 1: 94ed3b86 (big blind) folded before Flop
Seat 2: Hero folded before Flop (didn't bet)
Seat 3: 922fa899 folded before Flop (didn't bet)
Seat 4: 72fa4187 collected ($0.12)
Seat 5: de46a3c (button) folded before Flop (didn't bet)
Seat 6: 5d465ebd (small blind) folded before Flop


Poker Hand #HD1747168672: Hold'em No Limit ($0.02/$0.05) - 2024/04/26 12:32:05
Table 'NLHBlue14' 6-max Seat #4 is the button
Seat 1: 94ed3b86 ($5 in chips)
Seat 2: Hero ($5 in chips)
Seat 3: 922fa899 ($6.31 in chips)
Seat 4: 72fa4187 ($6.39 in chips)
Seat 5: de46a3c ($9.83 in chips)
Seat 6: 5d465ebd ($4.93 in chips)
de46a3c: posts small blind $0.02
5d465ebd: posts big blind $0.05
*** HOLE CARDS ***
Dealt to 94ed3b86 
Dealt to Hero [Jc 4d]
Dealt to 922fa899 
Dealt to 72fa4187 
Dealt to de46a3c 
Dealt to 5d465ebd 
94ed3b86: folds
Hero: folds
922fa899: folds
72fa4187: raises $0.1 to $0.15
de46a3c: calls $0.13
5d465ebd: folds
*** FLOP *** [Jh 3c 6h]
de46a3c: checks
72fa4187: checks
*** TURN *** [Jh 3c 6h] [6s]
de46a3c: bets $0.18
72fa4187: calls $0.18
*** RIVER *** [Jh 3c 6h 6s] [8s]
de46a3c: checks
72fa4187: checks
de46a3c: shows [5d 5c] (Pair of Sixes and Pair of Fives)
72fa4187: shows [Tc Ks] (Pair of Sixes)
*** SHOWDOWN ***
de46a3c collected $0.68 from pot
*** SUMMARY ***
Total pot $0.71 | Rake $0.03 | Jackpot $0 | Bingo $0 | Fortune $0 | Tax $0
Board [Jh 3c 6h 6s 8s]
Seat 1: 94ed3b86 folded before Flop (didn't bet)
Seat 2: Hero folded before Flop (didn't bet)
Seat 3: 922fa899 folded before Flop (didn't bet)
Seat 4: 72fa4187 (button) showed [Tc Ks] and lost with Pair of Sixes
Seat 5: de46a3c (small blind) showed [5d 5c] and won ($0.68) with Pair of Sixes and Pair of Fives
Seat 6: 5d465ebd (big blind) folded before Flop


Poker Hand #HD1747168658: Hold'em No Limit ($0.02/$0.05) - 2024/04/26 12:31:53
Table 'NLHBlue14' 6-max Seat #3 is the button
Seat 1: 94ed3b86 ($5 in chips)
Seat 2: Hero ($5 in chips)
Seat 3: 922fa899 ($6.31 in chips)
Seat 4: 72fa4187 ($6.41 in chips)
Seat 5: de46a3c ($9.81 in chips)
Seat 6: 5d465ebd ($4.93 in chips)
72fa4187: posts small blind $0.02
de46a3c: posts big blind $0.05
*** HOLE CARDS ***
Dealt to 94ed3b86 
Dealt to Hero [5h Qc]
Dealt to 922fa899 
Dealt to 72fa4187 
Dealt to de46a3c 
Dealt to 5d465ebd 
5d465ebd: folds
94ed3b86: folds
Hero: folds
922fa899: folds
72fa4187: folds
Uncalled bet ($0.03) returned to de46a3c
*** SHOWDOWN ***
de46a3c collected $0.04 from pot
*** SUMMARY ***
Total pot $0.04 | Rake $0 | Jackpot $0 | Bingo $0 | Fortune $0 | Tax $0
Seat 1: 94ed3b86 folded before Flop (didn't bet)
Seat 2: Hero folded before Flop (didn't bet)
Seat 3: 922fa899 (button) folded before Flop (didn't bet)
Seat 4: 72fa4187 (small blind) folded before Flop
Seat 5: de46a3c (big blind) collected ($0.04)
Seat 6: 5d465ebd folded before Flop (didn't bet)


Poker Hand #HD1747168631: Hold'em No Limit ($0.02/$0.05) - 2024/04/26 12:31:35
Table 'NLHBlue14' 6-max Seat #2 is the button
Seat 1: 94ed3b86 ($5 in chips)
Seat 2: Hero ($5 in chips)
Seat 3: 922fa899 ($6.33 in chips)
Seat 4: 72fa4187 ($6.46 in chips)
Seat 5: de46a3c ($9.74 in chips)
Seat 6: 5d465ebd ($4.93 in chips)
922fa899: posts small blind $0.02
72fa4187: posts big blind $0.05
*** HOLE CARDS ***
Dealt to 94ed3b86 
Dealt to Hero [7s 6h]
Dealt to 922fa899 
Dealt to 72fa4187 
Dealt to de46a3c 
Dealt to 5d465ebd 
de46a3c: raises $0.08 to $0.13
5d465ebd: folds
94ed3b86: folds
Hero: folds
922fa899: folds
72fa4187: folds
Uncalled bet ($0.08) returned to de46a3c
*** SHOWDOWN ***
de46a3c collected $0.12 from pot
*** SUMMARY ***
Total pot $0.12 | Rake $0 | Jackpot $0 | Bingo $0 | Fortune $0 | Tax $0
Seat 1: 94ed3b86 folded before Flop (didn't bet)
Seat 2: Hero (button) folded before Flop (didn't bet)
Seat 3: 922fa899 (small blind) folded before Flop
Seat 4: 72fa4187 (big blind) folded before Flop
Seat 5: de46a3c collected ($0.12)
Seat 6: 5d465ebd folded before Flop (didn't bet)


Poker Hand #HD1747168566: Hold'em No Limit ($0.02/$0.05) - 2024/04/26 12:30:51
Table 'NLHBlue14' 6-max Seat #1 is the button
Seat 1: 94ed3b86 ($5 in chips)
Seat 2: Hero ($5.02 in chips)
Seat 3: 922fa899 ($6.31 in chips)
Seat 4: 72fa4187 ($6.46 in chips)
Seat 5: de46a3c ($9.74 in chips)
Seat 6: 5d465ebd ($4.93 in chips)
Hero: posts small blind $0.02
922fa899: posts big blind $0.05
*** HOLE CARDS ***
Dealt to 94ed3b86 
Dealt to Hero [6d Ac]
Dealt to 922fa899 
Dealt to 72fa4187 
Dealt to de46a3c 
Dealt to 5d465ebd 
72fa4187: folds
de46a3c: folds
5d465ebd: folds
94ed3b86: folds
Hero: folds
Uncalled bet ($0.03) returned to 922fa899
*** SHOWDOWN ***
922fa899 collected $0.04 from pot
*** SUMMARY ***
Total pot $0.04 | Rake $0 | Jackpot $0 | Bingo $0 | Fortune $0 | Tax $0
Seat 1: 94ed3b86 (button) folded before Flop (didn't bet)
Seat 2: Hero (small blind) folded before Flop
Seat 3: 922fa899 (big blind) collected ($0.04)
Seat 4: 72fa4187 folded before Flop (didn't bet)
Seat 5: de46a3c folded before Flop (didn't bet)
Seat 6: 5d465ebd folded before Flop (didn't bet)


Poker Hand #HD1747168546: Hold'em No Limit ($0.02/$0.05) - 2024/04/26 12:30:37
Table 'NLHBlue14' 6-max Seat #6 is the button
Seat 1: 94ed3b86 ($5.02 in chips)
Seat 2: Hero ($5.07 in chips)
Seat 3: 922fa899 ($6.31 in chips)
Seat 4: 72fa4187 ($6.39 in chips)
Seat 5: de46a3c ($9.74 in chips)
Seat 6: 5d465ebd ($4.93 in chips)
94ed3b86: posts small blind $0.02
Hero: posts big blind $0.05
*** HOLE CARDS ***
Dealt to 94ed3b86 
Dealt to Hero [As 5c]
Dealt to 922fa899 
Dealt to 72fa4187 
Dealt to de46a3c 
Dealt to 5d465ebd 
922fa899: folds
72fa4187: raises $0.05 to $0.1
de46a3c: folds
5d465ebd: folds
94ed3b86: folds
Hero: folds
Uncalled bet ($0.05) returned to 72fa4187
*** SHOWDOWN ***
72fa4187 collected $0.12 from pot
*** SUMMARY ***
Total pot $0.12 | Rake $0 | Jackpot $0 | Bingo $0 | Fortune $0 | Tax $0
Seat 1: 94ed3b86 (small blind) folded before Flop
Seat 2: Hero (big blind) folded before Flop
Seat 3: 922fa899 folded before Flop (didn't bet)
Seat 4: 72fa4187 collected ($0.12)
Seat 5: de46a3c folded before Flop (didn't bet)
Seat 6: 5d465ebd (button) folded before Flop (didn't bet)


Poker Hand #HD1747168510: Hold'em No Limit ($0.02/$0.05) - 2024/04/26 12:30:12
Table 'NLHBlue14' 6-max Seat #5 is the button
Seat 1: 94ed3b86 ($5.07 in chips)
Seat 2: Hero ($5 in chips)
Seat 3: 922fa899 ($6.31 in chips)
Seat 4: 72fa4187 ($6.39 in chips)
Seat 5: de46a3c ($9.74 in chips)
Seat 6: 5d465ebd ($4.95 in chips)
5d465ebd: posts small blind $0.02
94ed3b86: posts big blind $0.05
*** HOLE CARDS ***
Dealt to 94ed3b86 
Dealt to Hero [Ah Qc]
Dealt to 922fa899 
Dealt to 72fa4187 
Dealt to de46a3c 
Dealt to 5d465ebd 
Hero: raises $0.05 to $0.1
922fa899: folds
72fa4187: folds
de46a3c: folds
5d465ebd: folds
94ed3b86: folds
Uncalled bet ($0.05) returned to Hero
*** SHOWDOWN ***
Hero collected $0.12 from pot
*** SUMMARY ***
Total pot $0.12 | Rake $0 | Jackpot $0 | Bingo $0 | Fortune $0 | Tax $0
Seat 1: 94ed3b86 (big blind) folded before Flop
Seat 2: Hero collected ($0.12)
Seat 3: 922fa899 folded before Flop (didn't bet)
Seat 4: 72fa4187 folded before Flop (didn't bet)
Seat 5: de46a3c (button) folded before Flop (didn't bet)
Seat 6: 5d465ebd (small blind) folded before Flop


Poker Hand #HD1747168482: Hold'em No Limit ($0.02/$0.05) - 2024/04/26 12:29:54
Table 'NLHBlue14' 6-max Seat #4 is the button
Seat 1: 94ed3b86 ($5 in chips)
Seat 2: Hero ($5 in chips)
Seat 3: 922fa899 ($6.31 in chips)
Seat 4: 72fa4187 ($6.39 in chips)
Seat 5: de46a3c ($9.76 in chips)
Seat 6: 5d465ebd ($5 in chips)
de46a3c: posts small blind $0.02
5d465ebd: posts big blind $0.05
*** HOLE CARDS ***
Dealt to 94ed3b86 
Dealt to Hero [Ah 3h]
Dealt to 922fa899 
Dealt to 72fa4187 
Dealt to de46a3c 
Dealt to 5d465ebd 
94ed3b86: raises $0.05 to $0.1
Hero: folds
922fa899: folds
72fa4187: folds
de46a3c: folds
5d465ebd: folds
Uncalled bet ($0.05) returned to 94ed3b86
*** SHOWDOWN ***
94ed3b86 collected $0.12 from pot
*** SUMMARY ***
Total pot $0.12 | Rake $0 | Jackpot $0 | Bingo $0 | Fortune $0 | Tax $0
Seat 1: 94ed3b86 collected ($0.12)
Seat 2: Hero folded before Flop (didn't bet)
Seat 3: 922fa899 folded before Flop (didn't bet)
Seat 4: 72fa4187 (button) folded before Flop (didn't bet)
Seat 5: de46a3c (small blind) folded before Flop
Seat 6: 5d465ebd (big blind) folded before Flop


Poker Hand #HD1747168395: Hold'em No Limit ($0.02/$0.05) - 2024/04/26 12:29:05
Table 'NLHBlue14' 6-max Seat #3 is the button
Seat 1: 94ed3b86 ($5.21 in chips)
Seat 2: Hero ($5 in chips)
Seat 3: 922fa899 ($6.31 in chips)
Seat 4: 72fa4187 ($6.41 in chips)
Seat 5: de46a3c ($9.1 in chips)
72fa4187: posts small blind $0.02
de46a3c: posts big blind $0.05
*** HOLE CARDS ***
Dealt to 94ed3b86 
Dealt to Hero [6s 9s]
Dealt to 922fa899 
Dealt to 72fa4187 
Dealt to de46a3c 
94ed3b86: raises $0.05 to $0.1
Hero: folds
922fa899: folds
72fa4187: folds
de46a3c: raises $0.32 to $0.42
94ed3b86: calls $0.32
*** FLOP *** [Kh 3d Tc]
de46a3c: bets $0.29
94ed3b86: calls $0.29
*** TURN *** [Kh 3d Tc] [Qc]
de46a3c: bets $0.72
94ed3b86: folds
Uncalled bet ($0.72) returned to de46a3c
*** SHOWDOWN ***
de46a3c collected $1.37 from pot
*** SUMMARY ***
Total pot $1.44 | Rake $0.07 | Jackpot $0 | Bingo $0 | Fortune $0 | Tax $0
Board [Kh 3d Tc Qc]
Seat 1: 94ed3b86 folded on the Turn
Seat 2: Hero folded before Flop (didn't bet)
Seat 3: 922fa899 (button) folded before Flop (didn't bet)
Seat 4: 72fa4187 (small blind) folded before Flop
Seat 5: de46a3c (big blind) won ($1.37)


Poker Hand #HD1747168385: Hold'em No Limit ($0.02/$0.05) - 2024/04/26 12:28:56
Table 'NLHBlue14' 6-max Seat #2 is the button
Seat 1: 94ed3b86 ($5.21 in chips)
Seat 2: Hero ($5 in chips)
Seat 3: 922fa899 ($6.33 in chips)
Seat 4: 72fa4187 ($6.39 in chips)
Seat 5: de46a3c ($9.1 in chips)
922fa899: posts small blind $0.02
72fa4187: posts big blind $0.05
*** HOLE CARDS ***
Dealt to 94ed3b86 
Dealt to Hero [Jd 7s]
Dealt to 922fa899 
Dealt to 72fa4187 
Dealt to de46a3c 
de46a3c: folds
94ed3b86: folds
Hero: folds
922fa899: folds
Uncalled bet ($0.03) returned to 72fa4187
*** SHOWDOWN ***
72fa4187 collected $0.04 from pot
*** SUMMARY ***
Total pot $0.04 | Rake $0 | Jackpot $0 | Bingo $0 | Fortune $0 | Tax $0
Seat 1: 94ed3b86 folded before Flop (didn't bet)
Seat 2: Hero (button) folded before Flop (didn't bet)
Seat 3: 922fa899 (small blind) folded before Flop
Seat 4: 72fa4187 (big blind) collected ($0.04)
Seat 5: de46a3c folded before Flop (didn't bet)


Poker Hand #HD1747168375: Hold'em No Limit ($0.02/$0.05) - 2024/04/26 12:28:47
Table 'NLHBlue14' 6-max Seat #1 is the button
Seat 1: 94ed3b86 ($5.21 in chips)
Seat 2: Hero ($5.02 in chips)
Seat 3: 922fa899 ($6.31 in chips)
Seat 4: 72fa4187 ($6.39 in chips)
Seat 5: de46a3c ($9.1 in chips)
Hero: posts small blind $0.02
922fa899: posts big blind $0.05
*** HOLE CARDS ***
Dealt to 94ed3b86 
Dealt to Hero [Qh 7h]
Dealt to 922fa899 
Dealt to 72fa4187 
Dealt to de46a3c 
72fa4187: folds
de46a3c: folds
94ed3b86: folds
Hero: folds
Uncalled bet ($0.03) returned to 922fa899
*** SHOWDOWN ***
922fa899 collected $0.04 from pot
*** SUMMARY ***
Total pot $0.04 | Rake $0 | Jackpot $0 | Bingo $0 | Fortune $0 | Tax $0
Seat 1: 94ed3b86 (button) folded before Flop (didn't bet)
Seat 2: Hero (small blind) folded before Flop
Seat 3: 922fa899 (big blind) collected ($0.04)
Seat 4: 72fa4187 folded before Flop (didn't bet)
Seat 5: de46a3c folded before Flop (didn't bet)


Poker Hand #HD1747168363: Hold'em No Limit ($0.02/$0.05) - 2024/04/26 12:28:37
Table 'NLHBlue14' 6-max Seat #5 is the button
Seat 1: 94ed3b86 ($5.23 in chips)
Seat 2: Hero ($5 in chips)
Seat 3: 922fa899 ($6.31 in chips)
Seat 4: 72fa4187 ($6.39 in chips)
Seat 5: de46a3c ($9.1 in chips)
94ed3b86: posts small blind $0.02
Hero: posts big blind $0.05
*** HOLE CARDS ***
Dealt to 94ed3b86 
Dealt to Hero [8s Kh]
Dealt to 922fa899 
Dealt to 72fa4187 
Dealt to de46a3c 
922fa899: folds
72fa4187: folds
de46a3c: folds
94ed3b86: folds
Uncalled bet ($0.03) returned to Hero
*** SHOWDOWN ***
Hero collected $0.04 from pot
*** SUMMARY ***
Total pot $0.04 | Rake $0 | Jackpot $0 | Bingo $0 | Fortune $0 | Tax $0
Seat 1: 94ed3b86 (small blind) folded before Flop
Seat 2: Hero (big blind) collected ($0.04)
Seat 3: 922fa899 folded before Flop (didn't bet)
Seat 4: 72fa4187 folded before Flop (didn't bet)
Seat 5: de46a3c (button) folded before Flop (didn't bet)


