Poker Hand #HD1711252380: Hold'em No Limit ($0.02/$0.05) - 2024/04/01 21:18:10
Table 'NLHBlue41' 6-max Seat #4 is the button
Seat 1: 663c8d52 ($5.07 in chips)
Seat 2: 9d59fc6 ($5.32 in chips)
Seat 3: e0d41e20 ($7.65 in chips)
Seat 4: Hero ($5.89 in chips)
Seat 5: ba875a14 ($6.55 in chips)
ba875a14: posts small blind $0.02
663c8d52: posts big blind $0.05
*** HOLE CARDS ***
Dealt to 663c8d52 
Dealt to 9d59fc6 
Dealt to e0d41e20 
Dealt to Hero [3s 5h]
Dealt to ba875a14 
9d59fc6: raises $0.07 to $0.12
e0d41e20: calls $0.12
Hero: folds
ba875a14: folds
663c8d52: folds
*** FLOP *** [3c 2c Qh]
9d59fc6: checks
e0d41e20: checks
*** TURN *** [3c 2c Qh] [Kc]
9d59fc6: bets $0.24
e0d41e20: folds
Uncalled bet ($0.24) returned to 9d59fc6
*** SHOWDOWN ***
9d59fc6 collected $0.3 from pot
*** SUMMARY ***
Total pot $0.31 | Rake $0.01 | Jackpot $0 | Bingo $0 | Fortune $0 | Tax $0
Board [3c 2c Qh Kc]
Seat 1: 663c8d52 (big blind) folded before Flop
Seat 2: 9d59fc6 won ($0.3)
Seat 3: e0d41e20 folded on the Turn
Seat 4: Hero (button) folded before Flop (didn't bet)
Seat 5: ba875a14 (small blind) folded before Flop


Poker Hand #HD1711252250: Hold'em No Limit ($0.02/$0.05) - 2024/04/01 21:17:16
Table 'NLHBlue41' 6-max Seat #3 is the button
Seat 1: 663c8d52 ($5.07 in chips)
Seat 2: 9d59fc6 ($5.32 in chips)
Seat 3: e0d41e20 ($7.65 in chips)
Seat 4: Hero ($5.75 in chips)
Seat 5: ba875a14 ($6.7 in chips)
Seat 6: 39c475d5 ($15.16 in chips)
Hero: posts small blind $0.02
ba875a14: posts big blind $0.05
*** HOLE CARDS ***
Dealt to 663c8d52 
Dealt to 9d59fc6 
Dealt to e0d41e20 
Dealt to Hero [As 9c]
Dealt to ba875a14 
Dealt to 39c475d5 
39c475d5: folds
663c8d52: folds
9d59fc6: folds
e0d41e20: folds
Hero: raises $0.1 to $0.15
ba875a14: calls $0.1
*** FLOP *** [Jc Td 8d]
Hero: bets $0.15
ba875a14: folds
Uncalled bet ($0.15) returned to Hero
*** SHOWDOWN ***
Hero collected $0.29 from pot
*** SUMMARY ***
Total pot $0.3 | Rake $0.01 | Jackpot $0 | Bingo $0 | Fortune $0 | Tax $0
Board [Jc Td 8d]
Seat 1: 663c8d52 folded before Flop (didn't bet)
Seat 2: 9d59fc6 folded before Flop (didn't bet)
Seat 3: e0d41e20 (button) folded before Flop (didn't bet)
Seat 4: Hero (small blind) won ($0.29)
Seat 5: ba875a14 (big blind) folded on the Flop
Seat 6: 39c475d5 folded before Flop (didn't bet)


Poker Hand #HD1711252203: Hold'em No Limit ($0.02/$0.05) - 2024/04/01 21:16:56
Table 'NLHBlue41' 6-max Seat #2 is the button
Seat 1: 663c8d52 ($5 in chips)
Seat 2: 9d59fc6 ($5.32 in chips)
Seat 3: e0d41e20 ($7.67 in chips)
Seat 4: Hero ($5.8 in chips)
Seat 5: ba875a14 ($6.7 in chips)
Seat 6: 39c475d5 ($15.16 in chips)
e0d41e20: posts small blind $0.02
Hero: posts big blind $0.05
*** HOLE CARDS ***
Dealt to 663c8d52 
Dealt to 9d59fc6 
Dealt to e0d41e20 
Dealt to Hero [4d 7d]
Dealt to ba875a14 
Dealt to 39c475d5 
ba875a14: folds
39c475d5: folds
663c8d52: raises $0.1 to $0.15
9d59fc6: folds
e0d41e20: folds
Hero: folds
Uncalled bet ($0.1) returned to 663c8d52
*** SHOWDOWN ***
663c8d52 collected $0.12 from pot
*** SUMMARY ***
Total pot $0.12 | Rake $0 | Jackpot $0 | Bingo $0 | Fortune $0 | Tax $0
Seat 1: 663c8d52 collected ($0.12)
Seat 2: 9d59fc6 (button) folded before Flop (didn't bet)
Seat 3: e0d41e20 (small blind) folded before Flop
Seat 4: Hero (big blind) folded before Flop
Seat 5: ba875a14 folded before Flop (didn't bet)
Seat 6: 39c475d5 folded before Flop (didn't bet)


Poker Hand #HD1711252171: Hold'em No Limit ($0.02/$0.05) - 2024/04/01 21:16:43
Table 'NLHBlue41' 6-max Seat #1 is the button
Seat 1: 663c8d52 ($5 in chips)
Seat 2: 9d59fc6 ($5.34 in chips)
Seat 3: e0d41e20 ($7.72 in chips)
Seat 4: Hero ($5.8 in chips)
Seat 5: ba875a14 ($6.7 in chips)
Seat 6: 39c475d5 ($15.09 in chips)
9d59fc6: posts small blind $0.02
e0d41e20: posts big blind $0.05
*** HOLE CARDS ***
Dealt to 663c8d52 
Dealt to 9d59fc6 
Dealt to e0d41e20 
Dealt to Hero [4c Jh]
Dealt to ba875a14 
Dealt to 39c475d5 
Hero: folds
ba875a14: folds
39c475d5: raises $0.05 to $0.1
663c8d52: folds
9d59fc6: folds
e0d41e20: folds
Uncalled bet ($0.05) returned to 39c475d5
*** SHOWDOWN ***
39c475d5 collected $0.12 from pot
*** SUMMARY ***
Total pot $0.12 | Rake $0 | Jackpot $0 | Bingo $0 | Fortune $0 | Tax $0
Seat 1: 663c8d52 (button) folded before Flop (didn't bet)
Seat 2: 9d59fc6 (small blind) folded before Flop
Seat 3: e0d41e20 (big blind) folded before Flop
Seat 4: Hero folded before Flop (didn't bet)
Seat 5: ba875a14 folded before Flop (didn't bet)
Seat 6: 39c475d5 collected ($0.12)


Poker Hand #HD1711252129: Hold'em No Limit ($0.02/$0.05) - 2024/04/01 21:16:22
Table 'NLHBlue41' 6-max Seat #6 is the button
Seat 1: 663c8d52 ($5 in chips)
Seat 2: 9d59fc6 ($5.39 in chips)
Seat 3: e0d41e20 ($7.65 in chips)
Seat 4: Hero ($5.8 in chips)
Seat 5: ba875a14 ($6.7 in chips)
Seat 6: 39c475d5 ($15.09 in chips)
663c8d52: posts small blind $0.02
9d59fc6: posts big blind $0.05
*** HOLE CARDS ***
Dealt to 663c8d52 
Dealt to 9d59fc6 
Dealt to e0d41e20 
Dealt to Hero [Qs Jc]
Dealt to ba875a14 
Dealt to 39c475d5 
e0d41e20: raises $0.08 to $0.13
Hero: folds
ba875a14: folds
39c475d5: folds
663c8d52: folds
9d59fc6: folds
Uncalled bet ($0.08) returned to e0d41e20
*** SHOWDOWN ***
e0d41e20 collected $0.12 from pot
*** SUMMARY ***
Total pot $0.12 | Rake $0 | Jackpot $0 | Bingo $0 | Fortune $0 | Tax $0
Seat 1: 663c8d52 (small blind) folded before Flop
Seat 2: 9d59fc6 (big blind) folded before Flop
Seat 3: e0d41e20 collected ($0.12)
Seat 4: Hero folded before Flop (didn't bet)
Seat 5: ba875a14 folded before Flop (didn't bet)
Seat 6: 39c475d5 (button) folded before Flop (didn't bet)


Poker Hand #HD1711252026: Hold'em No Limit ($0.02/$0.05) - 2024/04/01 21:15:40
Table 'NLHBlue41' 6-max Seat #5 is the button
Seat 1: 663c8d52 ($5 in chips)
Seat 2: 9d59fc6 ($5.39 in chips)
Seat 3: e0d41e20 ($7.48 in chips)
Seat 4: Hero ($5.8 in chips)
Seat 5: ba875a14 ($6.7 in chips)
Seat 6: 39c475d5 ($15.22 in chips)
39c475d5: posts small blind $0.02
663c8d52: posts big blind $0.05
*** HOLE CARDS ***
Dealt to 663c8d52 
Dealt to 9d59fc6 
Dealt to e0d41e20 
Dealt to Hero [4d Qh]
Dealt to ba875a14 
Dealt to 39c475d5 
9d59fc6: folds
e0d41e20: raises $0.08 to $0.13
Hero: folds
ba875a14: folds
39c475d5: calls $0.11
663c8d52: folds
*** FLOP *** [9s As 5c]
39c475d5: checks
e0d41e20: bets $0.24
39c475d5: folds
Uncalled bet ($0.24) returned to e0d41e20
*** SHOWDOWN ***
e0d41e20 collected $0.3 from pot
*** SUMMARY ***
Total pot $0.31 | Rake $0.01 | Jackpot $0 | Bingo $0 | Fortune $0 | Tax $0
Board [9s As 5c]
Seat 1: 663c8d52 (big blind) folded before Flop
Seat 2: 9d59fc6 folded before Flop (didn't bet)
Seat 3: e0d41e20 won ($0.3)
Seat 4: Hero folded before Flop (didn't bet)
Seat 5: ba875a14 (button) folded before Flop (didn't bet)
Seat 6: 39c475d5 (small blind) folded on the Flop


Poker Hand #HD1711251949: Hold'em No Limit ($0.02/$0.05) - 2024/04/01 21:15:04
Table 'NLHBlue41' 6-max Seat #4 is the button
Seat 1: 663c8d52 ($5 in chips)
Seat 2: 9d59fc6 ($5.39 in chips)
Seat 3: e0d41e20 ($7.34 in chips)
Seat 4: Hero ($5.8 in chips)
Seat 5: ba875a14 ($6.72 in chips)
Seat 6: 39c475d5 ($15.35 in chips)
ba875a14: posts small blind $0.02
39c475d5: posts big blind $0.05
*** HOLE CARDS ***
Dealt to 663c8d52 
Dealt to 9d59fc6 
Dealt to e0d41e20 
Dealt to Hero [3d 3c]
Dealt to ba875a14 
Dealt to 39c475d5 
663c8d52: folds
9d59fc6: folds
e0d41e20: raises $0.08 to $0.13
Hero: folds
ba875a14: folds
39c475d5: calls $0.08
*** FLOP *** [Ts Ad Td]
39c475d5: checks
e0d41e20: bets $0.1
39c475d5: folds
Uncalled bet ($0.1) returned to e0d41e20
*** SHOWDOWN ***
e0d41e20 collected $0.27 from pot
*** SUMMARY ***
Total pot $0.28 | Rake $0.01 | Jackpot $0 | Bingo $0 | Fortune $0 | Tax $0
Board [Ts Ad Td]
Seat 1: 663c8d52 folded before Flop (didn't bet)
Seat 2: 9d59fc6 folded before Flop (didn't bet)
Seat 3: e0d41e20 won ($0.27)
Seat 4: Hero (button) folded before Flop (didn't bet)
Seat 5: ba875a14 (small blind) folded before Flop
Seat 6: 39c475d5 (big blind) folded on the Flop


Poker Hand #HD1711251861: Hold'em No Limit ($0.02/$0.05) - 2024/04/01 21:14:28
Table 'NLHBlue41' 6-max Seat #3 is the button
Seat 1: 663c8d52 ($5 in chips)
Seat 2: 9d59fc6 ($5 in chips)
Seat 3: e0d41e20 ($7.7 in chips)
Seat 4: Hero ($5.82 in chips)
Seat 5: ba875a14 ($6.77 in chips)
Seat 6: 39c475d5 ($15.35 in chips)
Hero: posts small blind $0.02
ba875a14: posts big blind $0.05
*** HOLE CARDS ***
Dealt to 663c8d52 
Dealt to 9d59fc6 
Dealt to e0d41e20 
Dealt to Hero [6c 3d]
Dealt to ba875a14 
Dealt to 39c475d5 
39c475d5: folds
663c8d52: folds
9d59fc6: raises $0.07 to $0.12
e0d41e20: raises $0.24 to $0.36
Hero: folds
ba875a14: folds
9d59fc6: raises $0.6 to $0.96
e0d41e20: folds
Uncalled bet ($0.6) returned to 9d59fc6
*** SHOWDOWN ***
9d59fc6 collected $0.75 from pot
*** SUMMARY ***
Total pot $0.79 | Rake $0.04 | Jackpot $0 | Bingo $0 | Fortune $0 | Tax $0
Seat 1: 663c8d52 folded before Flop (didn't bet)
Seat 2: 9d59fc6 collected ($0.75)
Seat 3: e0d41e20 (button) folded before Flop
Seat 4: Hero (small blind) folded before Flop
Seat 5: ba875a14 (big blind) folded before Flop
Seat 6: 39c475d5 folded before Flop (didn't bet)


Poker Hand #HD1711251719: Hold'em No Limit ($0.02/$0.05) - 2024/04/01 21:13:23
Table 'NLHBlue41' 6-max Seat #2 is the button
Seat 1: 663c8d52 ($5 in chips)
Seat 2: 9d59fc6 ($5.12 in chips)
Seat 3: e0d41e20 ($7.72 in chips)
Seat 4: Hero ($5.87 in chips)
Seat 5: ba875a14 ($6.25 in chips)
Seat 6: 39c475d5 ($15.71 in chips)
e0d41e20: posts small blind $0.02
Hero: posts big blind $0.05
*** HOLE CARDS ***
Dealt to 663c8d52 
Dealt to 9d59fc6 
Dealt to e0d41e20 
Dealt to Hero [4h 3d]
Dealt to ba875a14 
Dealt to 39c475d5 
ba875a14: raises $0.08 to $0.13
39c475d5: calls $0.13
663c8d52: folds
9d59fc6: calls $0.13
e0d41e20: folds
Hero: folds
*** FLOP *** [Tc Js 2h]
ba875a14: bets $0.23
39c475d5: calls $0.23
9d59fc6: folds
*** TURN *** [Tc Js 2h] [9h]
ba875a14: bets $0.69
39c475d5: folds
Uncalled bet ($0.69) returned to ba875a14
*** SHOWDOWN ***
ba875a14 collected $0.88 from pot
*** SUMMARY ***
Total pot $0.92 | Rake $0.04 | Jackpot $0 | Bingo $0 | Fortune $0 | Tax $0
Board [Tc Js 2h 9h]
Seat 1: 663c8d52 folded before Flop (didn't bet)
Seat 2: 9d59fc6 (button) folded on the Flop
Seat 3: e0d41e20 (small blind) folded before Flop
Seat 4: Hero (big blind) folded before Flop
Seat 5: ba875a14 won ($0.88)
Seat 6: 39c475d5 folded on the Turn


Poker Hand #HD1711251662: Hold'em No Limit ($0.02/$0.05) - 2024/04/01 21:12:58
Table 'NLHBlue41' 6-max Seat #1 is the button
Seat 1: 663c8d52 ($5 in chips)
Seat 2: 9d59fc6 ($5.14 in chips)
Seat 3: e0d41e20 ($7.77 in chips)
Seat 4: Hero ($5.97 in chips)
Seat 5: ba875a14 ($6.25 in chips)
Seat 6: 39c475d5 ($15.55 in chips)
9d59fc6: posts small blind $0.02
e0d41e20: posts big blind $0.05
*** HOLE CARDS ***
Dealt to 663c8d52 
Dealt to 9d59fc6 
Dealt to e0d41e20 
Dealt to Hero [Qc Ah]
Dealt to ba875a14 
Dealt to 39c475d5 
Hero: raises $0.05 to $0.1
ba875a14: folds
39c475d5: raises $0.27 to $0.37
663c8d52: folds
9d59fc6: folds
e0d41e20: folds
Hero: folds
Uncalled bet ($0.27) returned to 39c475d5
*** SHOWDOWN ***
39c475d5 collected $0.26 from pot
*** SUMMARY ***
Total pot $0.27 | Rake $0.01 | Jackpot $0 | Bingo $0 | Fortune $0 | Tax $0
Seat 1: 663c8d52 (button) folded before Flop (didn't bet)
Seat 2: 9d59fc6 (small blind) folded before Flop
Seat 3: e0d41e20 (big blind) folded before Flop
Seat 4: Hero folded before Flop
Seat 5: ba875a14 folded before Flop (didn't bet)
Seat 6: 39c475d5 collected ($0.26)


Poker Hand #HD1711251592: Hold'em No Limit ($0.02/$0.05) - 2024/04/01 21:12:30
Table 'NLHBlue41' 6-max Seat #6 is the button
Seat 1: 663c8d52 ($5 in chips)
Seat 2: 9d59fc6 ($5.19 in chips)
Seat 3: e0d41e20 ($7.7 in chips)
Seat 4: Hero ($5.97 in chips)
Seat 5: ba875a14 ($6.25 in chips)
Seat 6: 39c475d5 ($15.55 in chips)
663c8d52: posts small blind $0.02
9d59fc6: posts big blind $0.05
*** HOLE CARDS ***
Dealt to 663c8d52 
Dealt to 9d59fc6 
Dealt to e0d41e20 
Dealt to Hero [7h 9d]
Dealt to ba875a14 
Dealt to 39c475d5 
e0d41e20: raises $0.08 to $0.13
Hero: folds
ba875a14: folds
39c475d5: folds
663c8d52: folds
9d59fc6: folds
Uncalled bet ($0.08) returned to e0d41e20
*** SHOWDOWN ***
e0d41e20 collected $0.12 from pot
*** SUMMARY ***
Total pot $0.12 | Rake $0 | Jackpot $0 | Bingo $0 | Fortune $0 | Tax $0
Seat 1: 663c8d52 (small blind) folded before Flop
Seat 2: 9d59fc6 (big blind) folded before Flop
Seat 3: e0d41e20 collected ($0.12)
Seat 4: Hero folded before Flop (didn't bet)
Seat 5: ba875a14 folded before Flop (didn't bet)
Seat 6: 39c475d5 (button) folded before Flop (didn't bet)


Poker Hand #HD1711251346: Hold'em No Limit ($0.02/$0.05) - 2024/04/01 21:10:46
Table 'NLHBlue41' 6-max Seat #5 is the button
Seat 1: 663c8d52 ($5.07 in chips)
Seat 2: 9d59fc6 ($5.19 in chips)
Seat 3: e0d41e20 ($7.7 in chips)
Seat 4: Hero ($5.97 in chips)
Seat 5: ba875a14 ($5.58 in chips)
Seat 6: 39c475d5 ($16.15 in chips)
39c475d5: posts small blind $0.02
663c8d52: posts big blind $0.05
*** HOLE CARDS ***
Dealt to 663c8d52 
Dealt to 9d59fc6 
Dealt to e0d41e20 
Dealt to Hero [6c 8s]
Dealt to ba875a14 
Dealt to 39c475d5 
9d59fc6: folds
e0d41e20: folds
Hero: folds
ba875a14: raises $0.08 to $0.13
39c475d5: calls $0.11
663c8d52: calls $0.08
*** FLOP *** [7s As 4h]
39c475d5: checks
663c8d52: checks
ba875a14: bets $0.2
39c475d5: calls $0.2
663c8d52: folds
*** TURN *** [7s As 4h] [5s]
39c475d5: checks
ba875a14: checks
*** RIVER *** [7s As 4h 5s] [Qc]
39c475d5: bets $0.27
ba875a14: calls $0.27
39c475d5: shows [3s Ah] (Pair of Aces)
ba875a14: shows [4c 4s] (Three Fours)
*** SHOWDOWN ***
ba875a14 collected $1.27 from pot
*** SUMMARY ***
Total pot $1.33 | Rake $0.06 | Jackpot $0 | Bingo $0 | Fortune $0 | Tax $0
Board [7s As 4h 5s Qc]
Seat 1: 663c8d52 (big blind) folded on the Flop
Seat 2: 9d59fc6 folded before Flop (didn't bet)
Seat 3: e0d41e20 folded before Flop (didn't bet)
Seat 4: Hero folded before Flop (didn't bet)
Seat 5: ba875a14 (button) showed [4c 4s] and won ($1.27) with Three Fours
Seat 6: 39c475d5 (small blind) showed [3s Ah] and lost with Pair of Aces


Poker Hand #HD1711251294: Hold'em No Limit ($0.02/$0.05) - 2024/04/01 21:10:28
Table 'NLHBlue41' 6-max Seat #4 is the button
Seat 1: 663c8d52 ($5.07 in chips)
Seat 2: 9d59fc6 ($5.19 in chips)
Seat 3: e0d41e20 ($7.7 in chips)
Seat 4: Hero ($5.97 in chips)
Seat 5: ba875a14 ($5.6 in chips)
Seat 6: 39c475d5 ($16.13 in chips)
ba875a14: posts small blind $0.02
39c475d5: posts big blind $0.05
*** HOLE CARDS ***
Dealt to 663c8d52 
Dealt to 9d59fc6 
Dealt to e0d41e20 
Dealt to Hero [2d 8s]
Dealt to ba875a14 
Dealt to 39c475d5 
663c8d52: folds
9d59fc6: folds
e0d41e20: folds
Hero: folds
ba875a14: folds
Uncalled bet ($0.03) returned to 39c475d5
*** SHOWDOWN ***
39c475d5 collected $0.04 from pot
*** SUMMARY ***
Total pot $0.04 | Rake $0 | Jackpot $0 | Bingo $0 | Fortune $0 | Tax $0
Seat 1: 663c8d52 folded before Flop (didn't bet)
Seat 2: 9d59fc6 folded before Flop (didn't bet)
Seat 3: e0d41e20 folded before Flop (didn't bet)
Seat 4: Hero (button) folded before Flop (didn't bet)
Seat 5: ba875a14 (small blind) folded before Flop
Seat 6: 39c475d5 (big blind) collected ($0.04)


Poker Hand #HD1711251265: Hold'em No Limit ($0.02/$0.05) - 2024/04/01 21:10:14
Table 'NLHBlue41' 6-max Seat #3 is the button
Seat 1: 663c8d52 ($5 in chips)
Seat 2: 9d59fc6 ($5.19 in chips)
Seat 3: e0d41e20 ($7.7 in chips)
Seat 4: Hero ($5.99 in chips)
Seat 5: ba875a14 ($5.65 in chips)
Seat 6: 39c475d5 ($16.13 in chips)
Hero: posts small blind $0.02
ba875a14: posts big blind $0.05
*** HOLE CARDS ***
Dealt to 663c8d52 
Dealt to 9d59fc6 
Dealt to e0d41e20 
Dealt to Hero [4d 8h]
Dealt to ba875a14 
Dealt to 39c475d5 
39c475d5: folds
663c8d52: raises $0.1 to $0.15
9d59fc6: folds
e0d41e20: folds
Hero: folds
ba875a14: folds
Uncalled bet ($0.1) returned to 663c8d52
*** SHOWDOWN ***
663c8d52 collected $0.12 from pot
*** SUMMARY ***
Total pot $0.12 | Rake $0 | Jackpot $0 | Bingo $0 | Fortune $0 | Tax $0
Seat 1: 663c8d52 collected ($0.12)
Seat 2: 9d59fc6 folded before Flop (didn't bet)
Seat 3: e0d41e20 (button) folded before Flop (didn't bet)
Seat 4: Hero (small blind) folded before Flop
Seat 5: ba875a14 (big blind) folded before Flop
Seat 6: 39c475d5 folded before Flop (didn't bet)


Poker Hand #HD1711251233: Hold'em No Limit ($0.02/$0.05) - 2024/04/01 21:09:57
Table 'NLHBlue41' 6-max Seat #2 is the button
Seat 1: 663c8d52 ($5 in chips)
Seat 2: 9d59fc6 ($5.19 in chips)
Seat 3: e0d41e20 ($7.72 in chips)
Seat 4: Hero ($6.04 in chips)
Seat 5: ba875a14 ($5.65 in chips)
Seat 6: 39c475d5 ($16.06 in chips)
e0d41e20: posts small blind $0.02
Hero: posts big blind $0.05
*** HOLE CARDS ***
Dealt to 663c8d52 
Dealt to 9d59fc6 
Dealt to e0d41e20 
Dealt to Hero [4d 2c]
Dealt to ba875a14 
Dealt to 39c475d5 
ba875a14: folds
39c475d5: raises $0.05 to $0.1
663c8d52: folds
9d59fc6: folds
e0d41e20: folds
Hero: folds
Uncalled bet ($0.05) returned to 39c475d5
*** SHOWDOWN ***
39c475d5 collected $0.12 from pot
*** SUMMARY ***
Total pot $0.12 | Rake $0 | Jackpot $0 | Bingo $0 | Fortune $0 | Tax $0
Seat 1: 663c8d52 folded before Flop (didn't bet)
Seat 2: 9d59fc6 (button) folded before Flop (didn't bet)
Seat 3: e0d41e20 (small blind) folded before Flop
Seat 4: Hero (big blind) folded before Flop
Seat 5: ba875a14 folded before Flop (didn't bet)
Seat 6: 39c475d5 collected ($0.12)


Poker Hand #HD1711251154: Hold'em No Limit ($0.02/$0.05) - 2024/04/01 21:09:25
Table 'NLHBlue41' 6-max Seat #1 is the button
Seat 1: 663c8d52 ($5 in chips)
Seat 2: 9d59fc6 ($5 in chips)
Seat 3: e0d41e20 ($7.77 in chips)
Seat 4: Hero ($6.04 in chips)
Seat 5: ba875a14 ($5.65 in chips)
Seat 6: 39c475d5 ($16.21 in chips)
9d59fc6: posts small blind $0.02
e0d41e20: posts big blind $0.05
*** HOLE CARDS ***
Dealt to 663c8d52 
Dealt to 9d59fc6 
Dealt to e0d41e20 
Dealt to Hero [2h Ks]
Dealt to ba875a14 
Dealt to 39c475d5 
Hero: folds
ba875a14: folds
39c475d5: raises $0.1 to $0.15
663c8d52: folds
9d59fc6: raises $0.5 to $0.65
e0d41e20: folds
39c475d5: folds
Uncalled bet ($0.5) returned to 9d59fc6
*** SHOWDOWN ***
9d59fc6 collected $0.34 from pot
*** SUMMARY ***
Total pot $0.35 | Rake $0.01 | Jackpot $0 | Bingo $0 | Fortune $0 | Tax $0
Seat 1: 663c8d52 (button) folded before Flop (didn't bet)
Seat 2: 9d59fc6 (small blind) collected ($0.34)
Seat 3: e0d41e20 (big blind) folded before Flop
Seat 4: Hero folded before Flop (didn't bet)
Seat 5: ba875a14 folded before Flop (didn't bet)
Seat 6: 39c475d5 folded before Flop


Poker Hand #HD1711251001: Hold'em No Limit ($0.02/$0.05) - 2024/04/01 21:08:20
Table 'NLHBlue41' 6-max Seat #6 is the button
Seat 1: 663c8d52 ($5 in chips)
Seat 2: 9d59fc6 ($5 in chips)
Seat 3: e0d41e20 ($7.77 in chips)
Seat 4: Hero ($6.04 in chips)
Seat 5: ba875a14 ($5.65 in chips)
Seat 6: 39c475d5 ($16.11 in chips)
663c8d52: posts small blind $0.02
9d59fc6: posts big blind $0.05
*** HOLE CARDS ***
Dealt to 663c8d52 
Dealt to 9d59fc6 
Dealt to e0d41e20 
Dealt to Hero [Qc 9d]
Dealt to ba875a14 
Dealt to 39c475d5 
e0d41e20: folds
Hero: folds
ba875a14: folds
39c475d5: calls $0.05
663c8d52: calls $0.03
9d59fc6: checks
*** FLOP *** [7d Qd 6c]
663c8d52: checks
9d59fc6: checks
39c475d5: bets $0.15
663c8d52: folds
9d59fc6: folds
Uncalled bet ($0.15) returned to 39c475d5
*** SHOWDOWN ***
39c475d5 collected $0.15 from pot
*** SUMMARY ***
Total pot $0.15 | Rake $0 | Jackpot $0 | Bingo $0 | Fortune $0 | Tax $0
Board [7d Qd 6c]
Seat 1: 663c8d52 (small blind) folded on the Flop
Seat 2: 9d59fc6 (big blind) folded on the Flop
Seat 3: e0d41e20 folded before Flop (didn't bet)
Seat 4: Hero folded before Flop (didn't bet)
Seat 5: ba875a14 folded before Flop (didn't bet)
Seat 6: 39c475d5 (button) won ($0.15)


Poker Hand #HD1711250769: Hold'em No Limit ($0.02/$0.05) - 2024/04/01 21:06:33
Table 'NLHBlue41' 6-max Seat #5 is the button
Seat 1: 663c8d52 ($5 in chips)
Seat 2: 9d59fc6 ($5 in chips)
Seat 3: e0d41e20 ($7.77 in chips)
Seat 4: Hero ($6.19 in chips)
Seat 5: ba875a14 ($5.65 in chips)
Seat 6: 39c475d5 ($16.26 in chips)
39c475d5: posts small blind $0.02
663c8d52: posts big blind $0.05
*** HOLE CARDS ***
Dealt to 663c8d52 
Dealt to 9d59fc6 
Dealt to e0d41e20 
Dealt to Hero [8d 5d]
Dealt to ba875a14 
Dealt to 39c475d5 
9d59fc6: folds
e0d41e20: folds
Hero: raises $0.08 to $0.13
ba875a14: folds
39c475d5: calls $0.11
663c8d52: folds
*** FLOP *** [5c 9h 2c]
39c475d5: checks
Hero: checks
*** TURN *** [5c 9h 2c] [Th]
39c475d5: bets $0.24
Hero: calls $0.24
*** RIVER *** [5c 9h 2c Th] [5h]
39c475d5: bets $2.66
Hero: calls $2.66
39c475d5: shows [5s 4h] (Three Fives)
Hero: shows [8d 5d] (Three Fives)
*** SHOWDOWN ***
39c475d5 collected $2.88 from pot
Hero collected $2.88 from pot
*** SUMMARY ***
Total pot $6.11 | Rake $0.3 | Jackpot $0.05 | Bingo $0 | Fortune $0 | Tax $0
Board [5c 9h 2c Th 5h]
Seat 1: 663c8d52 (big blind) folded before Flop
Seat 2: 9d59fc6 folded before Flop (didn't bet)
Seat 3: e0d41e20 folded before Flop (didn't bet)
Seat 4: Hero showed [8d 5d] and won ($2.88) with Three Fives
Seat 5: ba875a14 (button) folded before Flop (didn't bet)
Seat 6: 39c475d5 (small blind) showed [5s 4h] and won ($2.88) with Three Fives


Poker Hand #HD1711250639: Hold'em No Limit ($0.02/$0.05) - 2024/04/01 21:05:40
Table 'NLHBlue41' 6-max Seat #4 is the button
Seat 1: 663c8d52 ($5 in chips)
Seat 2: 9d59fc6 ($5 in chips)
Seat 3: e0d41e20 ($7.77 in chips)
Seat 4: Hero ($6.19 in chips)
Seat 5: ba875a14 ($5.67 in chips)
Seat 6: 39c475d5 ($16 in chips)
ba875a14: posts small blind $0.02
39c475d5: posts big blind $0.05
*** HOLE CARDS ***
Dealt to 663c8d52 
Dealt to 9d59fc6 
Dealt to e0d41e20 
Dealt to Hero [2d 9h]
Dealt to ba875a14 
Dealt to 39c475d5 
663c8d52: raises $0.1 to $0.15
9d59fc6: folds
e0d41e20: folds
Hero: folds
ba875a14: folds
39c475d5: calls $0.1
*** FLOP *** [6c 3d 3c]
39c475d5: checks
663c8d52: bets $0.11
39c475d5: calls $0.11
*** TURN *** [6c 3d 3c] [Jc]
39c475d5: bets $0.54
663c8d52: folds
Uncalled bet ($0.54) returned to 39c475d5
*** SHOWDOWN ***
39c475d5 collected $0.52 from pot
*** SUMMARY ***
Total pot $0.54 | Rake $0.02 | Jackpot $0 | Bingo $0 | Fortune $0 | Tax $0
Board [6c 3d 3c Jc]
Seat 1: 663c8d52 folded on the Turn
Seat 2: 9d59fc6 folded before Flop (didn't bet)
Seat 3: e0d41e20 folded before Flop (didn't bet)
Seat 4: Hero (button) folded before Flop (didn't bet)
Seat 5: ba875a14 (small blind) folded before Flop
Seat 6: 39c475d5 (big blind) won ($0.52)


Poker Hand #HD1711250562: Hold'em No Limit ($0.02/$0.05) - 2024/04/01 21:05:08
Table 'NLHBlue41' 6-max Seat #3 is the button
Seat 1: 663c8d52 ($5 in chips)
Seat 2: 9d59fc6 ($5 in chips)
Seat 3: e0d41e20 ($7.77 in chips)
Seat 4: Hero ($6.09 in chips)
Seat 5: ba875a14 ($5.72 in chips)
Seat 6: 39c475d5 ($16.05 in chips)
Hero: posts small blind $0.02
ba875a14: posts big blind $0.05
*** HOLE CARDS ***
Dealt to 663c8d52 
Dealt to 9d59fc6 
Dealt to e0d41e20 
Dealt to Hero [Ts Ac]
Dealt to ba875a14 
Dealt to 39c475d5 
39c475d5: calls $0.05
663c8d52: folds
9d59fc6: folds
e0d41e20: folds
Hero: raises $0.15 to $0.2
ba875a14: folds
39c475d5: folds
Uncalled bet ($0.15) returned to Hero
*** SHOWDOWN ***
Hero collected $0.15 from pot
*** SUMMARY ***
Total pot $0.15 | Rake $0 | Jackpot $0 | Bingo $0 | Fortune $0 | Tax $0
Seat 1: 663c8d52 folded before Flop (didn't bet)
Seat 2: 9d59fc6 folded before Flop (didn't bet)
Seat 3: e0d41e20 (button) folded before Flop (didn't bet)
Seat 4: Hero (small blind) collected ($0.15)
Seat 5: ba875a14 (big blind) folded before Flop
Seat 6: 39c475d5 folded before Flop


Poker Hand #HD1711250429: Hold'em No Limit ($0.02/$0.05) - 2024/04/01 21:04:12
Table 'NLHBlue41' 6-max Seat #2 is the button
Seat 1: 663c8d52 ($5 in chips)
Seat 2: 9d59fc6 ($5 in chips)
Seat 3: e0d41e20 ($7.79 in chips)
Seat 4: Hero ($6.24 in chips)
Seat 5: ba875a14 ($5.72 in chips)
Seat 6: 39c475d5 ($15.89 in chips)
e0d41e20: posts small blind $0.02
Hero: posts big blind $0.05
*** HOLE CARDS ***
Dealt to 663c8d52 
Dealt to 9d59fc6 
Dealt to e0d41e20 
Dealt to Hero [Ks Qs]
Dealt to ba875a14 
Dealt to 39c475d5 
ba875a14: folds
39c475d5: calls $0.05
663c8d52: folds
9d59fc6: folds
e0d41e20: folds
Hero: raises $0.1 to $0.15
39c475d5: calls $0.1
*** FLOP *** [8d Kc Ad]
Hero: checks
39c475d5: bets $0.24
Hero: folds
Uncalled bet ($0.24) returned to 39c475d5
*** SHOWDOWN ***
39c475d5 collected $0.31 from pot
*** SUMMARY ***
Total pot $0.32 | Rake $0.01 | Jackpot $0 | Bingo $0 | Fortune $0 | Tax $0
Board [8d Kc Ad]
Seat 1: 663c8d52 folded before Flop (didn't bet)
Seat 2: 9d59fc6 (button) folded before Flop (didn't bet)
Seat 3: e0d41e20 (small blind) folded before Flop
Seat 4: Hero (big blind) folded on the Flop
Seat 5: ba875a14 folded before Flop (didn't bet)
Seat 6: 39c475d5 won ($0.31)


Poker Hand #HD1711250355: Hold'em No Limit ($0.02/$0.05) - 2024/04/01 21:03:46
Table 'NLHBlue41' 6-max Seat #1 is the button
Seat 1: 663c8d52 ($5 in chips)
Seat 2: 9d59fc6 ($5 in chips)
Seat 3: e0d41e20 ($7.84 in chips)
Seat 4: Hero ($6.24 in chips)
Seat 5: ba875a14 ($5.72 in chips)
Seat 6: 39c475d5 ($15.82 in chips)
9d59fc6: posts small blind $0.02
e0d41e20: posts big blind $0.05
*** HOLE CARDS ***
Dealt to 663c8d52 
Dealt to 9d59fc6 
Dealt to e0d41e20 
Dealt to Hero [6s Js]
Dealt to ba875a14 
Dealt to 39c475d5 
Hero: folds
ba875a14: folds
39c475d5: raises $0.1 to $0.15
663c8d52: folds
9d59fc6: folds
e0d41e20: folds
Uncalled bet ($0.1) returned to 39c475d5
*** SHOWDOWN ***
39c475d5 collected $0.12 from pot
*** SUMMARY ***
Total pot $0.12 | Rake $0 | Jackpot $0 | Bingo $0 | Fortune $0 | Tax $0
Seat 1: 663c8d52 (button) folded before Flop (didn't bet)
Seat 2: 9d59fc6 (small blind) folded before Flop
Seat 3: e0d41e20 (big blind) folded before Flop
Seat 4: Hero folded before Flop (didn't bet)
Seat 5: ba875a14 folded before Flop (didn't bet)
Seat 6: 39c475d5 collected ($0.12)


Poker Hand #HD1711250235: Hold'em No Limit ($0.02/$0.05) - 2024/04/01 21:02:49
Table 'NLHBlue41' 6-max Seat #6 is the button
Seat 1: 663c8d52 ($5 in chips)
Seat 2: 9d59fc6 ($5 in chips)
Seat 4: Hero ($5.75 in chips)
Seat 5: ba875a14 ($5.72 in chips)
Seat 6: 39c475d5 ($15.82 in chips)
663c8d52: posts small blind $0.02
9d59fc6: posts big blind $0.05
*** HOLE CARDS ***
Dealt to 663c8d52 
Dealt to 9d59fc6 
Dealt to Hero [Kc Tc]
Dealt to ba875a14 
Dealt to 39c475d5 
Hero: raises $0.05 to $0.1
ba875a14: folds
39c475d5: folds
663c8d52: folds
9d59fc6: calls $0.05
*** FLOP *** [6h Ts Ks]
9d59fc6: checks
Hero: bets $0.1
9d59fc6: raises $0.32 to $0.42
Hero: raises $0.63 to $1.05
9d59fc6: folds
Uncalled bet ($0.63) returned to Hero
*** SHOWDOWN ***
Hero collected $1.01 from pot
*** SUMMARY ***
Total pot $1.06 | Rake $0.05 | Jackpot $0 | Bingo $0 | Fortune $0 | Tax $0
Board [6h Ts Ks]
Seat 1: 663c8d52 (small blind) folded before Flop
Seat 2: 9d59fc6 (big blind) folded on the Flop
Seat 4: Hero won ($1.01)
Seat 5: ba875a14 folded before Flop (didn't bet)
Seat 6: 39c475d5 (button) folded before Flop (didn't bet)


Poker Hand #HD1711250135: Hold'em No Limit ($0.02/$0.05) - 2024/04/01 21:02:07
Table 'NLHBlue41' 6-max Seat #5 is the button
Seat 1: 663c8d52 ($5 in chips)
Seat 2: 9d59fc6 ($5 in chips)
Seat 4: Hero ($5.58 in chips)
Seat 5: ba875a14 ($5.72 in chips)
Seat 6: 39c475d5 ($15.95 in chips)
39c475d5: posts small blind $0.02
663c8d52: posts big blind $0.05
*** HOLE CARDS ***
Dealt to 663c8d52 
Dealt to 9d59fc6 
Dealt to Hero [Qc Tc]
Dealt to ba875a14 
Dealt to 39c475d5 
9d59fc6: folds
Hero: raises $0.08 to $0.13
ba875a14: folds
39c475d5: calls $0.11
663c8d52: folds
*** FLOP *** [Ac Kh Kd]
39c475d5: checks
Hero: bets $0.15
39c475d5: folds
Uncalled bet ($0.15) returned to Hero
*** SHOWDOWN ***
Hero collected $0.3 from pot
*** SUMMARY ***
Total pot $0.31 | Rake $0.01 | Jackpot $0 | Bingo $0 | Fortune $0 | Tax $0
Board [Ac Kh Kd]
Seat 1: 663c8d52 (big blind) folded before Flop
Seat 2: 9d59fc6 folded before Flop (didn't bet)
Seat 4: Hero won ($0.3)
Seat 5: ba875a14 (button) folded before Flop (didn't bet)
Seat 6: 39c475d5 (small blind) folded on the Flop


Poker Hand #HD1711250010: Hold'em No Limit ($0.02/$0.05) - 2024/04/01 21:01:18
Table 'NLHBlue41' 6-max Seat #4 is the button
Seat 1: 663c8d52 ($5 in chips)
Seat 2: 9d59fc6 ($5 in chips)
Seat 4: Hero ($5.58 in chips)
Seat 5: ba875a14 ($5.85 in chips)
Seat 6: 39c475d5 ($15.83 in chips)
ba875a14: posts small blind $0.02
39c475d5: posts big blind $0.05
*** HOLE CARDS ***
Dealt to 663c8d52 
Dealt to 9d59fc6 
Dealt to Hero [7d 5d]
Dealt to ba875a14 
Dealt to 39c475d5 
663c8d52: folds
9d59fc6: folds
Hero: folds
ba875a14: raises $0.08 to $0.13
39c475d5: calls $0.08
*** FLOP *** [2d 9h Ah]
ba875a14: checks
39c475d5: checks
*** TURN *** [2d 9h Ah] [Ad]
ba875a14: checks
39c475d5: bets $0.2
ba875a14: folds
Uncalled bet ($0.2) returned to 39c475d5
*** SHOWDOWN ***
39c475d5 collected $0.25 from pot
*** SUMMARY ***
Total pot $0.26 | Rake $0.01 | Jackpot $0 | Bingo $0 | Fortune $0 | Tax $0
Board [2d 9h Ah Ad]
Seat 1: 663c8d52 folded before Flop (didn't bet)
Seat 2: 9d59fc6 folded before Flop (didn't bet)
Seat 4: Hero (button) folded before Flop (didn't bet)
Seat 5: ba875a14 (small blind) folded on the Turn
Seat 6: 39c475d5 (big blind) won ($0.25)


Poker Hand #HD1711249901: Hold'em No Limit ($0.02/$0.05) - 2024/04/01 21:00:27
Table 'NLHBlue41' 6-max Seat #2 is the button
Seat 1: 663c8d52 ($5 in chips)
Seat 2: 9d59fc6 ($5.27 in chips)
Seat 4: Hero ($5.6 in chips)
Seat 5: ba875a14 ($5.9 in chips)
Seat 6: 39c475d5 ($15.33 in chips)
Hero: posts small blind $0.02
ba875a14: posts big blind $0.05
*** HOLE CARDS ***
Dealt to 663c8d52 
Dealt to 9d59fc6 
Dealt to Hero [Ad Jh]
Dealt to ba875a14 
Dealt to 39c475d5 
39c475d5: raises $0.12 to $0.17
663c8d52: folds
9d59fc6: raises $0.31 to $0.48
Hero: folds
ba875a14: folds
39c475d5: calls $0.31
*** FLOP *** [Th Kh Ts]
39c475d5: bets $0.52
9d59fc6: folds
Uncalled bet ($0.52) returned to 39c475d5
*** SHOWDOWN ***
39c475d5 collected $0.98 from pot
*** SUMMARY ***
Total pot $1.03 | Rake $0.05 | Jackpot $0 | Bingo $0 | Fortune $0 | Tax $0
Board [Th Kh Ts]
Seat 1: 663c8d52 folded before Flop (didn't bet)
Seat 2: 9d59fc6 (button) folded on the Flop
Seat 4: Hero (small blind) folded before Flop
Seat 5: ba875a14 (big blind) folded before Flop
Seat 6: 39c475d5 won ($0.98)


Poker Hand #HD1711249840: Hold'em No Limit ($0.02/$0.05) - 2024/04/01 21:00:08
Table 'NLHBlue41' 6-max Seat #1 is the button
Seat 1: 663c8d52 ($5 in chips)
Seat 2: 9d59fc6 ($5.29 in chips)
Seat 4: Hero ($5.65 in chips)
Seat 5: ba875a14 ($5.83 in chips)
Seat 6: 39c475d5 ($15.33 in chips)
9d59fc6: posts small blind $0.02
Hero: posts big blind $0.05
*** HOLE CARDS ***
Dealt to 663c8d52 
Dealt to 9d59fc6 
Dealt to Hero [2d Qs]
Dealt to ba875a14 
Dealt to 39c475d5 
ba875a14: raises $0.05 to $0.1
39c475d5: folds
663c8d52: folds
9d59fc6: folds
Hero: folds
Uncalled bet ($0.05) returned to ba875a14
*** SHOWDOWN ***
ba875a14 collected $0.12 from pot
*** SUMMARY ***
Total pot $0.12 | Rake $0 | Jackpot $0 | Bingo $0 | Fortune $0 | Tax $0
Seat 1: 663c8d52 (button) folded before Flop (didn't bet)
Seat 2: 9d59fc6 (small blind) folded before Flop
Seat 4: Hero (big blind) folded before Flop
Seat 5: ba875a14 collected ($0.12)
Seat 6: 39c475d5 folded before Flop (didn't bet)


Poker Hand #HD1711249797: Hold'em No Limit ($0.02/$0.05) - 2024/04/01 20:59:50
Table 'NLHBlue41' 6-max Seat #6 is the button
Seat 1: 663c8d52 ($5.02 in chips)
Seat 2: 9d59fc6 ($5.34 in chips)
Seat 4: Hero ($5.65 in chips)
Seat 5: ba875a14 ($5.76 in chips)
Seat 6: 39c475d5 ($15.33 in chips)
663c8d52: posts small blind $0.02
9d59fc6: posts big blind $0.05
*** HOLE CARDS ***
Dealt to 663c8d52 
Dealt to 9d59fc6 
Dealt to Hero [Qs 7h]
Dealt to ba875a14 
Dealt to 39c475d5 
Hero: folds
ba875a14: raises $0.08 to $0.13
39c475d5: folds
663c8d52: folds
9d59fc6: folds
Uncalled bet ($0.08) returned to ba875a14
*** SHOWDOWN ***
ba875a14 collected $0.12 from pot
*** SUMMARY ***
Total pot $0.12 | Rake $0 | Jackpot $0 | Bingo $0 | Fortune $0 | Tax $0
Seat 1: 663c8d52 (small blind) folded before Flop
Seat 2: 9d59fc6 (big blind) folded before Flop
Seat 4: Hero folded before Flop (didn't bet)
Seat 5: ba875a14 collected ($0.12)
Seat 6: 39c475d5 (button) folded before Flop (didn't bet)


Poker Hand #HD1711249762: Hold'em No Limit ($0.02/$0.05) - 2024/04/01 20:59:38
Table 'NLHBlue41' 6-max Seat #5 is the button
Seat 1: 663c8d52 ($5.07 in chips)
Seat 2: 9d59fc6 ($5.34 in chips)
Seat 4: Hero ($5.65 in chips)
Seat 5: ba875a14 ($5.76 in chips)
Seat 6: 39c475d5 ($15.28 in chips)
39c475d5: posts small blind $0.02
663c8d52: posts big blind $0.05
*** HOLE CARDS ***
Dealt to 663c8d52 
Dealt to 9d59fc6 
Dealt to Hero [8s 6h]
Dealt to ba875a14 
Dealt to 39c475d5 
9d59fc6: folds
Hero: folds
ba875a14: folds
39c475d5: raises $0.1 to $0.15
663c8d52: folds
Uncalled bet ($0.1) returned to 39c475d5
*** SHOWDOWN ***
39c475d5 collected $0.1 from pot
*** SUMMARY ***
Total pot $0.1 | Rake $0 | Jackpot $0 | Bingo $0 | Fortune $0 | Tax $0
Seat 1: 663c8d52 (big blind) folded before Flop
Seat 2: 9d59fc6 folded before Flop (didn't bet)
Seat 4: Hero folded before Flop (didn't bet)
Seat 5: ba875a14 (button) folded before Flop (didn't bet)
Seat 6: 39c475d5 (small blind) collected ($0.1)


Poker Hand #HD1711249723: Hold'em No Limit ($0.02/$0.05) - 2024/04/01 20:59:23
Table 'NLHBlue41' 6-max Seat #4 is the button
Seat 1: 663c8d52 ($5.07 in chips)
Seat 2: 9d59fc6 ($5.34 in chips)
Seat 4: Hero ($5.65 in chips)
Seat 5: ba875a14 ($5.78 in chips)
Seat 6: 39c475d5 ($15.26 in chips)
ba875a14: posts small blind $0.02
39c475d5: posts big blind $0.05
*** HOLE CARDS ***
Dealt to 663c8d52 
Dealt to 9d59fc6 
Dealt to Hero [8d 5h]
Dealt to ba875a14 
Dealt to 39c475d5 
663c8d52: folds
9d59fc6: folds
Hero: folds
ba875a14: folds
Uncalled bet ($0.03) returned to 39c475d5
*** SHOWDOWN ***
39c475d5 collected $0.04 from pot
*** SUMMARY ***
Total pot $0.04 | Rake $0 | Jackpot $0 | Bingo $0 | Fortune $0 | Tax $0
Seat 1: 663c8d52 folded before Flop (didn't bet)
Seat 2: 9d59fc6 folded before Flop (didn't bet)
Seat 4: Hero (button) folded before Flop (didn't bet)
Seat 5: ba875a14 (small blind) folded before Flop
Seat 6: 39c475d5 (big blind) collected ($0.04)


Poker Hand #HD1711249595: Hold'em No Limit ($0.02/$0.05) - 2024/04/01 20:58:32
Table 'NLHBlue41' 6-max Seat #2 is the button
Seat 1: 663c8d52 ($5.07 in chips)
Seat 2: 9d59fc6 ($5.34 in chips)
Seat 4: Hero ($5.67 in chips)
Seat 5: ba875a14 ($5.57 in chips)
Seat 6: 39c475d5 ($15.47 in chips)
Hero: posts small blind $0.02
ba875a14: posts big blind $0.05
*** HOLE CARDS ***
Dealt to 663c8d52 
Dealt to 9d59fc6 
Dealt to Hero [8d 8c]
Dealt to ba875a14 
Dealt to 39c475d5 
39c475d5: raises $0.05 to $0.1
663c8d52: folds
9d59fc6: folds
Hero: folds
ba875a14: calls $0.05
*** FLOP *** [9s Jh Tc]
ba875a14: checks
39c475d5: checks
*** TURN *** [9s Jh Tc] [Ts]
ba875a14: bets $0.11
39c475d5: calls $0.11
*** RIVER *** [9s Jh Tc Ts] [2d]
ba875a14: bets $0.22
39c475d5: folds
Uncalled bet ($0.22) returned to ba875a14
*** SHOWDOWN ***
ba875a14 collected $0.42 from pot
*** SUMMARY ***
Total pot $0.44 | Rake $0.02 | Jackpot $0 | Bingo $0 | Fortune $0 | Tax $0
Board [9s Jh Tc Ts 2d]
Seat 1: 663c8d52 folded before Flop (didn't bet)
Seat 2: 9d59fc6 (button) folded before Flop (didn't bet)
Seat 4: Hero (small blind) folded before Flop
Seat 5: ba875a14 (big blind) won ($0.42)
Seat 6: 39c475d5 folded on the River


Poker Hand #HD1711249542: Hold'em No Limit ($0.02/$0.05) - 2024/04/01 20:58:09
Table 'NLHBlue41' 6-max Seat #1 is the button
Seat 1: 663c8d52 ($5.07 in chips)
Seat 2: 9d59fc6 ($5.29 in chips)
Seat 3: e0d41e20 ($7.89 in chips)
Seat 4: Hero ($5.67 in chips)
Seat 5: ba875a14 ($5.57 in chips)
Seat 6: 39c475d5 ($15.47 in chips)
9d59fc6: posts small blind $0.02
e0d41e20: posts big blind $0.05
*** HOLE CARDS ***
Dealt to 663c8d52 
Dealt to 9d59fc6 
Dealt to e0d41e20 
Dealt to Hero [Kh 3h]
Dealt to ba875a14 
Dealt to 39c475d5 
Hero: folds
ba875a14: folds
39c475d5: folds
663c8d52: folds
9d59fc6: raises $0.1 to $0.15
e0d41e20: folds
Uncalled bet ($0.1) returned to 9d59fc6
*** SHOWDOWN ***
9d59fc6 collected $0.1 from pot
*** SUMMARY ***
Total pot $0.1 | Rake $0 | Jackpot $0 | Bingo $0 | Fortune $0 | Tax $0
Seat 1: 663c8d52 (button) folded before Flop (didn't bet)
Seat 2: 9d59fc6 (small blind) collected ($0.1)
Seat 3: e0d41e20 (big blind) folded before Flop
Seat 4: Hero folded before Flop (didn't bet)
Seat 5: ba875a14 folded before Flop (didn't bet)
Seat 6: 39c475d5 folded before Flop (didn't bet)


Poker Hand #HD1711249427: Hold'em No Limit ($0.02/$0.05) - 2024/04/01 20:57:20
Table 'NLHBlue41' 6-max Seat #6 is the button
Seat 1: 663c8d52 ($5.09 in chips)
Seat 2: 9d59fc6 ($5.42 in chips)
Seat 3: e0d41e20 ($7.75 in chips)
Seat 4: Hero ($5.67 in chips)
Seat 5: ba875a14 ($5.57 in chips)
Seat 6: 39c475d5 ($15.47 in chips)
663c8d52: posts small blind $0.02
9d59fc6: posts big blind $0.05
*** HOLE CARDS ***
Dealt to 663c8d52 
Dealt to 9d59fc6 
Dealt to e0d41e20 
Dealt to Hero [9d Tc]
Dealt to ba875a14 
Dealt to 39c475d5 
e0d41e20: raises $0.08 to $0.13
Hero: folds
ba875a14: folds
39c475d5: folds
663c8d52: folds
9d59fc6: calls $0.08
*** FLOP *** [4h 2s Kc]
9d59fc6: checks
e0d41e20: bets $0.1
9d59fc6: folds
Uncalled bet ($0.1) returned to e0d41e20
*** SHOWDOWN ***
e0d41e20 collected $0.27 from pot
*** SUMMARY ***
Total pot $0.28 | Rake $0.01 | Jackpot $0 | Bingo $0 | Fortune $0 | Tax $0
Board [4h 2s Kc]
Seat 1: 663c8d52 (small blind) folded before Flop
Seat 2: 9d59fc6 (big blind) folded on the Flop
Seat 3: e0d41e20 won ($0.27)
Seat 4: Hero folded before Flop (didn't bet)
Seat 5: ba875a14 folded before Flop (didn't bet)
Seat 6: 39c475d5 (button) folded before Flop (didn't bet)


Poker Hand #HD1711249395: Hold'em No Limit ($0.02/$0.05) - 2024/04/01 20:57:09
Table 'NLHBlue41' 6-max Seat #5 is the button
Seat 1: 663c8d52 ($5.07 in chips)
Seat 2: 9d59fc6 ($5.42 in chips)
Seat 3: e0d41e20 ($7.75 in chips)
Seat 4: Hero ($5.67 in chips)
Seat 5: ba875a14 ($5.57 in chips)
Seat 6: 39c475d5 ($15.49 in chips)
39c475d5: posts small blind $0.02
663c8d52: posts big blind $0.05
*** HOLE CARDS ***
Dealt to 663c8d52 
Dealt to 9d59fc6 
Dealt to e0d41e20 
Dealt to Hero [Qd 9h]
Dealt to ba875a14 
Dealt to 39c475d5 
9d59fc6: folds
e0d41e20: folds
Hero: folds
ba875a14: folds
39c475d5: folds
Uncalled bet ($0.03) returned to 663c8d52
*** SHOWDOWN ***
663c8d52 collected $0.04 from pot
*** SUMMARY ***
Total pot $0.04 | Rake $0 | Jackpot $0 | Bingo $0 | Fortune $0 | Tax $0
Seat 1: 663c8d52 (big blind) collected ($0.04)
Seat 2: 9d59fc6 folded before Flop (didn't bet)
Seat 3: e0d41e20 folded before Flop (didn't bet)
Seat 4: Hero folded before Flop (didn't bet)
Seat 5: ba875a14 (button) folded before Flop (didn't bet)
Seat 6: 39c475d5 (small blind) folded before Flop


Poker Hand #HD1711249346: Hold'em No Limit ($0.02/$0.05) - 2024/04/01 20:56:51
Table 'NLHBlue41' 6-max Seat #4 is the button
Seat 1: 663c8d52 ($5 in chips)
Seat 2: 9d59fc6 ($5.42 in chips)
Seat 3: e0d41e20 ($7.75 in chips)
Seat 4: Hero ($5.67 in chips)
Seat 5: ba875a14 ($5.59 in chips)
Seat 6: 39c475d5 ($15.54 in chips)
ba875a14: posts small blind $0.02
39c475d5: posts big blind $0.05
*** HOLE CARDS ***
Dealt to 663c8d52 
Dealt to 9d59fc6 
Dealt to e0d41e20 
Dealt to Hero [Tc 8d]
Dealt to ba875a14 
Dealt to 39c475d5 
663c8d52: raises $0.1 to $0.15
9d59fc6: folds
e0d41e20: folds
Hero: folds
ba875a14: folds
39c475d5: folds
Uncalled bet ($0.1) returned to 663c8d52
*** SHOWDOWN ***
663c8d52 collected $0.12 from pot
*** SUMMARY ***
Total pot $0.12 | Rake $0 | Jackpot $0 | Bingo $0 | Fortune $0 | Tax $0
Seat 1: 663c8d52 collected ($0.12)
Seat 2: 9d59fc6 folded before Flop (didn't bet)
Seat 3: e0d41e20 folded before Flop (didn't bet)
Seat 4: Hero (button) folded before Flop (didn't bet)
Seat 5: ba875a14 (small blind) folded before Flop
Seat 6: 39c475d5 (big blind) folded before Flop


Poker Hand #HD1711249258: Hold'em No Limit ($0.02/$0.05) - 2024/04/01 20:56:15
Table 'NLHBlue41' 6-max Seat #3 is the button
Seat 1: 663c8d52 ($5 in chips)
Seat 2: 9d59fc6 ($5.42 in chips)
Seat 3: e0d41e20 ($7.59 in chips)
Seat 4: Hero ($5.69 in chips)
Seat 5: ba875a14 ($5.64 in chips)
Seat 6: 39c475d5 ($15.64 in chips)
Hero: posts small blind $0.02
ba875a14: posts big blind $0.05
*** HOLE CARDS ***
Dealt to 663c8d52 
Dealt to 9d59fc6 
Dealt to e0d41e20 
Dealt to Hero [Kh 2h]
Dealt to ba875a14 
Dealt to 39c475d5 
39c475d5: raises $0.05 to $0.1
663c8d52: folds
9d59fc6: folds
e0d41e20: raises $0.36 to $0.46
Hero: folds
ba875a14: folds
39c475d5: folds
Uncalled bet ($0.36) returned to e0d41e20
*** SHOWDOWN ***
e0d41e20 collected $0.26 from pot
*** SUMMARY ***
Total pot $0.27 | Rake $0.01 | Jackpot $0 | Bingo $0 | Fortune $0 | Tax $0
Seat 1: 663c8d52 folded before Flop (didn't bet)
Seat 2: 9d59fc6 folded before Flop (didn't bet)
Seat 3: e0d41e20 (button) collected ($0.26)
Seat 4: Hero (small blind) folded before Flop
Seat 5: ba875a14 (big blind) folded before Flop
Seat 6: 39c475d5 folded before Flop


Poker Hand #HD1711249165: Hold'em No Limit ($0.02/$0.05) - 2024/04/01 20:55:32
Table 'NLHBlue41' 6-max Seat #2 is the button
Seat 1: 663c8d52 ($5 in chips)
Seat 2: 9d59fc6 ($5.42 in chips)
Seat 3: e0d41e20 ($7.74 in chips)
Seat 4: Hero ($5.74 in chips)
Seat 5: ba875a14 ($5.45 in chips)
Seat 6: 39c475d5 ($15.64 in chips)
e0d41e20: posts small blind $0.02
Hero: posts big blind $0.05
*** HOLE CARDS ***
Dealt to 663c8d52 
Dealt to 9d59fc6 
Dealt to e0d41e20 
Dealt to Hero [Th 4d]
Dealt to ba875a14 
Dealt to 39c475d5 
ba875a14: raises $0.1 to $0.15
39c475d5: folds
663c8d52: folds
9d59fc6: folds
e0d41e20: calls $0.13
Hero: folds
*** FLOP *** [Js 8h Kh]
e0d41e20: checks
ba875a14: bets $0.2
e0d41e20: folds
Uncalled bet ($0.2) returned to ba875a14
*** SHOWDOWN ***
ba875a14 collected $0.34 from pot
*** SUMMARY ***
Total pot $0.35 | Rake $0.01 | Jackpot $0 | Bingo $0 | Fortune $0 | Tax $0
Board [Js 8h Kh]
Seat 1: 663c8d52 folded before Flop (didn't bet)
Seat 2: 9d59fc6 (button) folded before Flop (didn't bet)
Seat 3: e0d41e20 (small blind) folded on the Flop
Seat 4: Hero (big blind) folded before Flop
Seat 5: ba875a14 won ($0.34)
Seat 6: 39c475d5 folded before Flop (didn't bet)


Poker Hand #HD1711249128: Hold'em No Limit ($0.02/$0.05) - 2024/04/01 20:55:17
Table 'NLHBlue41' 6-max Seat #1 is the button
Seat 1: 663c8d52 ($5 in chips)
Seat 2: 9d59fc6 ($5.44 in chips)
Seat 3: e0d41e20 ($7.79 in chips)
Seat 4: Hero ($5.74 in chips)
Seat 5: ba875a14 ($5.45 in chips)
Seat 6: 39c475d5 ($15.57 in chips)
9d59fc6: posts small blind $0.02
e0d41e20: posts big blind $0.05
*** HOLE CARDS ***
Dealt to 663c8d52 
Dealt to 9d59fc6 
Dealt to e0d41e20 
Dealt to Hero [7s Qs]
Dealt to ba875a14 
Dealt to 39c475d5 
Hero: folds
ba875a14: folds
39c475d5: raises $0.05 to $0.1
663c8d52: folds
9d59fc6: folds
e0d41e20: folds
Uncalled bet ($0.05) returned to 39c475d5
*** SHOWDOWN ***
39c475d5 collected $0.12 from pot
*** SUMMARY ***
Total pot $0.12 | Rake $0 | Jackpot $0 | Bingo $0 | Fortune $0 | Tax $0
Seat 1: 663c8d52 (button) folded before Flop (didn't bet)
Seat 2: 9d59fc6 (small blind) folded before Flop
Seat 3: e0d41e20 (big blind) folded before Flop
Seat 4: Hero folded before Flop (didn't bet)
Seat 5: ba875a14 folded before Flop (didn't bet)
Seat 6: 39c475d5 collected ($0.12)


Poker Hand #HD1711248985: Hold'em No Limit ($0.02/$0.05) - 2024/04/01 20:54:16
Table 'NLHBlue41' 6-max Seat #6 is the button
Seat 1: 663c8d52 ($5.02 in chips)
Seat 2: 9d59fc6 ($5.78 in chips)
Seat 3: e0d41e20 ($7.79 in chips)
Seat 4: Hero ($5.74 in chips)
Seat 5: ba875a14 ($5 in chips)
Seat 6: 39c475d5 ($15.7 in chips)
663c8d52: posts small blind $0.02
9d59fc6: posts big blind $0.05
*** HOLE CARDS ***
Dealt to 663c8d52 
Dealt to 9d59fc6 
Dealt to e0d41e20 
Dealt to Hero [Jh 7s]
Dealt to ba875a14 
Dealt to 39c475d5 
e0d41e20: folds
Hero: folds
ba875a14: raises $0.08 to $0.13
39c475d5: calls $0.13
663c8d52: folds
9d59fc6: calls $0.08
*** FLOP *** [7d 5d 4s]
9d59fc6: checks
ba875a14: checks
39c475d5: checks
*** TURN *** [7d 5d 4s] [4c]
9d59fc6: bets $0.21
ba875a14: calls $0.21
39c475d5: folds
*** RIVER *** [7d 5d 4s 4c] [2d]
9d59fc6: checks
ba875a14: bets $0.63
9d59fc6: folds
Uncalled bet ($0.63) returned to ba875a14
*** SHOWDOWN ***
ba875a14 collected $0.79 from pot
*** SUMMARY ***
Total pot $0.83 | Rake $0.04 | Jackpot $0 | Bingo $0 | Fortune $0 | Tax $0
Board [7d 5d 4s 4c 2d]
Seat 1: 663c8d52 (small blind) folded before Flop
Seat 2: 9d59fc6 (big blind) folded on the River
Seat 3: e0d41e20 folded before Flop (didn't bet)
Seat 4: Hero folded before Flop (didn't bet)
Seat 5: ba875a14 won ($0.79)
Seat 6: 39c475d5 (button) folded on the Turn


Poker Hand #HD1711248908: Hold'em No Limit ($0.02/$0.05) - 2024/04/01 20:53:44
Table 'NLHBlue41' 6-max Seat #5 is the button
Seat 1: 663c8d52 ($5.07 in chips)
Seat 2: 9d59fc6 ($5.78 in chips)
Seat 3: e0d41e20 ($7.79 in chips)
Seat 4: Hero ($5.74 in chips)
Seat 5: ba875a14 ($5 in chips)
Seat 6: 39c475d5 ($15.25 in chips)
39c475d5: posts small blind $0.02
663c8d52: posts big blind $0.05
*** HOLE CARDS ***
Dealt to 663c8d52 
Dealt to 9d59fc6 
Dealt to e0d41e20 
Dealt to Hero [4c 6d]
Dealt to ba875a14 
Dealt to 39c475d5 
9d59fc6: folds
e0d41e20: folds
Hero: folds
ba875a14: raises $0.08 to $0.13
39c475d5: calls $0.11
663c8d52: folds
*** FLOP *** [2s 6s 3s]
39c475d5: bets $0.31
ba875a14: calls $0.31
*** TURN *** [2s 6s 3s] [3c]
39c475d5: bets $0.93
ba875a14: folds
Uncalled bet ($0.93) returned to 39c475d5
*** SHOWDOWN ***
39c475d5 collected $0.89 from pot
*** SUMMARY ***
Total pot $0.93 | Rake $0.04 | Jackpot $0 | Bingo $0 | Fortune $0 | Tax $0
Board [2s 6s 3s 3c]
Seat 1: 663c8d52 (big blind) folded before Flop
Seat 2: 9d59fc6 folded before Flop (didn't bet)
Seat 3: e0d41e20 folded before Flop (didn't bet)
Seat 4: Hero folded before Flop (didn't bet)
Seat 5: ba875a14 (button) folded on the Turn
Seat 6: 39c475d5 (small blind) won ($0.89)


Poker Hand #HD1711248862: Hold'em No Limit ($0.02/$0.05) - 2024/04/01 20:53:25
Table 'NLHBlue41' 6-max Seat #4 is the button
Seat 1: 663c8d52 ($5 in chips)
Seat 2: 9d59fc6 ($5.78 in chips)
Seat 3: e0d41e20 ($7.79 in chips)
Seat 4: Hero ($5.74 in chips)
Seat 5: ba875a14 ($5 in chips)
Seat 6: 39c475d5 ($15.3 in chips)
ba875a14: posts small blind $0.02
39c475d5: posts big blind $0.05
*** HOLE CARDS ***
Dealt to 663c8d52 
Dealt to 9d59fc6 
Dealt to e0d41e20 
Dealt to Hero [2d Qh]
Dealt to ba875a14 
Dealt to 39c475d5 
663c8d52: raises $0.1 to $0.15
9d59fc6: folds
e0d41e20: folds
Hero: folds
ba875a14: folds
39c475d5: folds
Uncalled bet ($0.1) returned to 663c8d52
*** SHOWDOWN ***
663c8d52 collected $0.12 from pot
*** SUMMARY ***
Total pot $0.12 | Rake $0 | Jackpot $0 | Bingo $0 | Fortune $0 | Tax $0
Seat 1: 663c8d52 collected ($0.12)
Seat 2: 9d59fc6 folded before Flop (didn't bet)
Seat 3: e0d41e20 folded before Flop (didn't bet)
Seat 4: Hero (button) folded before Flop (didn't bet)
Seat 5: ba875a14 (small blind) folded before Flop
Seat 6: 39c475d5 (big blind) folded before Flop


Poker Hand #HD1711248792: Hold'em No Limit ($0.02/$0.05) - 2024/04/01 20:52:58
Table 'NLHBlue41' 6-max Seat #3 is the button
Seat 1: 663c8d52 ($5 in chips)
Seat 2: 9d59fc6 ($5.78 in chips)
Seat 3: e0d41e20 ($7.79 in chips)
Seat 4: Hero ($5.76 in chips)
Seat 5: ba875a14 ($5 in chips)
Seat 6: 39c475d5 ($15.23 in chips)
Hero: posts small blind $0.02
ba875a14: posts big blind $0.05
*** HOLE CARDS ***
Dealt to 663c8d52 
Dealt to 9d59fc6 
Dealt to e0d41e20 
Dealt to Hero [3h Js]
Dealt to ba875a14 
Dealt to 39c475d5 
39c475d5: raises $0.1 to $0.15
663c8d52: folds
9d59fc6: folds
e0d41e20: folds
Hero: folds
ba875a14: folds
Uncalled bet ($0.1) returned to 39c475d5
*** SHOWDOWN ***
39c475d5 collected $0.12 from pot
*** SUMMARY ***
Total pot $0.12 | Rake $0 | Jackpot $0 | Bingo $0 | Fortune $0 | Tax $0
Seat 1: 663c8d52 folded before Flop (didn't bet)
Seat 2: 9d59fc6 folded before Flop (didn't bet)
Seat 3: e0d41e20 (button) folded before Flop (didn't bet)
Seat 4: Hero (small blind) folded before Flop
Seat 5: ba875a14 (big blind) folded before Flop
Seat 6: 39c475d5 collected ($0.12)


Poker Hand #HD1711248713: Hold'em No Limit ($0.02/$0.05) - 2024/04/01 20:52:23
Table 'NLHBlue41' 6-max Seat #2 is the button
Seat 1: 663c8d52 ($5 in chips)
Seat 2: 9d59fc6 ($5.59 in chips)
Seat 3: e0d41e20 ($7.81 in chips)
Seat 4: Hero ($5.81 in chips)
Seat 5: ba875a14 ($5 in chips)
Seat 6: 39c475d5 ($15.23 in chips)
e0d41e20: posts small blind $0.02
Hero: posts big blind $0.05
*** HOLE CARDS ***
Dealt to 663c8d52 
Dealt to 9d59fc6 
Dealt to e0d41e20 
Dealt to Hero [9d Th]
Dealt to ba875a14 
Dealt to 39c475d5 
ba875a14: raises $0.08 to $0.13
39c475d5: folds
663c8d52: folds
9d59fc6: raises $0.25 to $0.38
e0d41e20: folds
Hero: folds
ba875a14: folds
Uncalled bet ($0.25) returned to 9d59fc6
*** SHOWDOWN ***
9d59fc6 collected $0.32 from pot
*** SUMMARY ***
Total pot $0.33 | Rake $0.01 | Jackpot $0 | Bingo $0 | Fortune $0 | Tax $0
Seat 1: 663c8d52 folded before Flop (didn't bet)
Seat 2: 9d59fc6 (button) collected ($0.32)
Seat 3: e0d41e20 (small blind) folded before Flop
Seat 4: Hero (big blind) folded before Flop
Seat 5: ba875a14 folded before Flop
Seat 6: 39c475d5 folded before Flop (didn't bet)


Poker Hand #HD1711248536: Hold'em No Limit ($0.02/$0.05) - 2024/04/01 20:51:06
Table 'NLHBlue41' 6-max Seat #1 is the button
Seat 1: 663c8d52 ($5 in chips)
Seat 2: 9d59fc6 ($5.61 in chips)
Seat 3: e0d41e20 ($6.39 in chips)
Seat 4: Hero ($5.81 in chips)
Seat 5: ba875a14 ($5 in chips)
Seat 6: 39c475d5 ($16.7 in chips)
9d59fc6: posts small blind $0.02
e0d41e20: posts big blind $0.05
*** HOLE CARDS ***
Dealt to 663c8d52 
Dealt to 9d59fc6 
Dealt to e0d41e20 
Dealt to Hero [5c Qs]
Dealt to ba875a14 
Dealt to 39c475d5 
Hero: folds
ba875a14: raises $0.08 to $0.13
39c475d5: calls $0.13
663c8d52: folds
9d59fc6: folds
e0d41e20: calls $0.08
*** FLOP *** [4s 8s 4c]
e0d41e20: checks
ba875a14: checks
39c475d5: bets $0.31
e0d41e20: calls $0.31
ba875a14: folds
*** TURN *** [4s 8s 4c] [2h]
e0d41e20: checks
39c475d5: bets $1.03
e0d41e20: raises $2.32 to $3.35
39c475d5: folds
Uncalled bet ($2.32) returned to e0d41e20
*** SHOWDOWN ***
e0d41e20 collected $2.89 from pot
*** SUMMARY ***
Total pot $3.09 | Rake $0.15 | Jackpot $0.05 | Bingo $0 | Fortune $0 | Tax $0
Board [4s 8s 4c 2h]
Seat 1: 663c8d52 (button) folded before Flop (didn't bet)
Seat 2: 9d59fc6 (small blind) folded before Flop
Seat 3: e0d41e20 (big blind) won ($2.89)
Seat 4: Hero folded before Flop (didn't bet)
Seat 5: ba875a14 folded on the Flop
Seat 6: 39c475d5 folded on the Turn


Poker Hand #HD1711248468: Hold'em No Limit ($0.02/$0.05) - 2024/04/01 20:50:42
Table 'NLHBlue41' 6-max Seat #6 is the button
Seat 1: 663c8d52 ($5 in chips)
Seat 2: 9d59fc6 ($5.66 in chips)
Seat 3: e0d41e20 ($6.39 in chips)
Seat 4: Hero ($5.81 in chips)
Seat 5: ba875a14 ($5 in chips)
Seat 6: 39c475d5 ($16.63 in chips)
663c8d52: posts small blind $0.02
9d59fc6: posts big blind $0.05
*** HOLE CARDS ***
Dealt to 663c8d52 
Dealt to 9d59fc6 
Dealt to e0d41e20 
Dealt to Hero [6s 3d]
Dealt to ba875a14 
Dealt to 39c475d5 
e0d41e20: folds
Hero: folds
ba875a14: folds
39c475d5: raises $0.1 to $0.15
663c8d52: folds
9d59fc6: folds
Uncalled bet ($0.1) returned to 39c475d5
*** SHOWDOWN ***
39c475d5 collected $0.12 from pot
*** SUMMARY ***
Total pot $0.12 | Rake $0 | Jackpot $0 | Bingo $0 | Fortune $0 | Tax $0
Seat 1: 663c8d52 (small blind) folded before Flop
Seat 2: 9d59fc6 (big blind) folded before Flop
Seat 3: e0d41e20 folded before Flop (didn't bet)
Seat 4: Hero folded before Flop (didn't bet)
Seat 5: ba875a14 folded before Flop (didn't bet)
Seat 6: 39c475d5 (button) collected ($0.12)


Poker Hand #HD1711248342: Hold'em No Limit ($0.02/$0.05) - 2024/04/01 20:49:49
Table 'NLHBlue41' 6-max Seat #5 is the button
Seat 1: 663c8d52 ($5 in chips)
Seat 2: 9d59fc6 ($5.66 in chips)
Seat 3: e0d41e20 ($5.3 in chips)
Seat 4: Hero ($6.99 in chips)
Seat 5: ba875a14 ($5 in chips)
Seat 6: 39c475d5 ($16.65 in chips)
39c475d5: posts small blind $0.02
663c8d52: posts big blind $0.05
*** HOLE CARDS ***
Dealt to 663c8d52 
Dealt to 9d59fc6 
Dealt to e0d41e20 
Dealt to Hero [9d 9c]
Dealt to ba875a14 
Dealt to 39c475d5 
9d59fc6: folds
e0d41e20: raises $0.08 to $0.13
Hero: raises $0.32 to $0.45
ba875a14: folds
39c475d5: folds
663c8d52: folds
e0d41e20: calls $0.32
*** FLOP *** [2c 4d Jh]
e0d41e20: checks
Hero: checks
*** TURN *** [2c 4d Jh] [6s]
e0d41e20: bets $0.73
Hero: calls $0.73
*** RIVER *** [2c 4d Jh 6s] [Ts]
e0d41e20: bets $3.24
Hero: folds
Uncalled bet ($3.24) returned to e0d41e20
*** SHOWDOWN ***
e0d41e20 collected $2.27 from pot
*** SUMMARY ***
Total pot $2.43 | Rake $0.11 | Jackpot $0.05 | Bingo $0 | Fortune $0 | Tax $0
Board [2c 4d Jh 6s Ts]
Seat 1: 663c8d52 (big blind) folded before Flop
Seat 2: 9d59fc6 folded before Flop (didn't bet)
Seat 3: e0d41e20 won ($2.27)
Seat 4: Hero folded on the River
Seat 5: ba875a14 (button) folded before Flop (didn't bet)
Seat 6: 39c475d5 (small blind) folded before Flop


Poker Hand #HD1711248298: Hold'em No Limit ($0.02/$0.05) - 2024/04/01 20:49:28
Table 'NLHBlue41' 6-max Seat #4 is the button
Seat 1: 663c8d52 ($5 in chips)
Seat 2: 9d59fc6 ($5.66 in chips)
Seat 3: e0d41e20 ($5.3 in chips)
Seat 4: Hero ($6.92 in chips)
Seat 5: ba875a14 ($5 in chips)
Seat 6: 39c475d5 ($16.7 in chips)
ba875a14: posts small blind $0.02
39c475d5: posts big blind $0.05
*** HOLE CARDS ***
Dealt to 663c8d52 
Dealt to 9d59fc6 
Dealt to e0d41e20 
Dealt to Hero [9s 8h]
Dealt to ba875a14 
Dealt to 39c475d5 
663c8d52: folds
9d59fc6: folds
e0d41e20: folds
Hero: raises $0.08 to $0.13
ba875a14: folds
39c475d5: folds
Uncalled bet ($0.08) returned to Hero
*** SHOWDOWN ***
Hero collected $0.12 from pot
*** SUMMARY ***
Total pot $0.12 | Rake $0 | Jackpot $0 | Bingo $0 | Fortune $0 | Tax $0
Seat 1: 663c8d52 folded before Flop (didn't bet)
Seat 2: 9d59fc6 folded before Flop (didn't bet)
Seat 3: e0d41e20 folded before Flop (didn't bet)
Seat 4: Hero (button) collected ($0.12)
Seat 5: ba875a14 (small blind) folded before Flop
Seat 6: 39c475d5 (big blind) folded before Flop


Poker Hand #HD1711248235: Hold'em No Limit ($0.02/$0.05) - 2024/04/01 20:49:00
Table 'NLHBlue41' 6-max Seat #3 is the button
Seat 1: 663c8d52 ($5 in chips)
Seat 2: 9d59fc6 ($5.66 in chips)
Seat 3: e0d41e20 ($5.14 in chips)
Seat 4: Hero ($6.94 in chips)
Seat 5: ba875a14 ($5 in chips)
Seat 6: 39c475d5 ($16.8 in chips)
Hero: posts small blind $0.02
ba875a14: posts big blind $0.05
*** HOLE CARDS ***
Dealt to 663c8d52 
Dealt to 9d59fc6 
Dealt to e0d41e20 
Dealt to Hero [7h Jd]
Dealt to ba875a14 
Dealt to 39c475d5 
39c475d5: raises $0.05 to $0.1
663c8d52: folds
9d59fc6: folds
e0d41e20: raises $0.21 to $0.31
Hero: folds
ba875a14: folds
39c475d5: folds
Uncalled bet ($0.21) returned to e0d41e20
*** SHOWDOWN ***
e0d41e20 collected $0.26 from pot
*** SUMMARY ***
Total pot $0.27 | Rake $0.01 | Jackpot $0 | Bingo $0 | Fortune $0 | Tax $0
Seat 1: 663c8d52 folded before Flop (didn't bet)
Seat 2: 9d59fc6 folded before Flop (didn't bet)
Seat 3: e0d41e20 (button) collected ($0.26)
Seat 4: Hero (small blind) folded before Flop
Seat 5: ba875a14 (big blind) folded before Flop
Seat 6: 39c475d5 folded before Flop


Poker Hand #HD1711248209: Hold'em No Limit ($0.02/$0.05) - 2024/04/01 20:48:48
Table 'NLHBlue41' 6-max Seat #2 is the button
Seat 1: 663c8d52 ($5 in chips)
Seat 2: 9d59fc6 ($5.66 in chips)
Seat 3: e0d41e20 ($5.16 in chips)
Seat 4: Hero ($6.99 in chips)
Seat 5: ba875a14 ($5 in chips)
Seat 6: 39c475d5 ($16.73 in chips)
e0d41e20: posts small blind $0.02
Hero: posts big blind $0.05
*** HOLE CARDS ***
Dealt to 663c8d52 
Dealt to 9d59fc6 
Dealt to e0d41e20 
Dealt to Hero [Qc 5h]
Dealt to ba875a14 
Dealt to 39c475d5 
ba875a14: folds
39c475d5: raises $0.05 to $0.1
663c8d52: folds
9d59fc6: folds
e0d41e20: folds
Hero: folds
Uncalled bet ($0.05) returned to 39c475d5
*** SHOWDOWN ***
39c475d5 collected $0.12 from pot
*** SUMMARY ***
Total pot $0.12 | Rake $0 | Jackpot $0 | Bingo $0 | Fortune $0 | Tax $0
Seat 1: 663c8d52 folded before Flop (didn't bet)
Seat 2: 9d59fc6 (button) folded before Flop (didn't bet)
Seat 3: e0d41e20 (small blind) folded before Flop
Seat 4: Hero (big blind) folded before Flop
Seat 5: ba875a14 folded before Flop (didn't bet)
Seat 6: 39c475d5 collected ($0.12)


Poker Hand #HD1711248144: Hold'em No Limit ($0.02/$0.05) - 2024/04/01 20:48:22
Table 'NLHBlue41' 6-max Seat #1 is the button
Seat 1: 663c8d52 ($5 in chips)
Seat 2: 9d59fc6 ($5.52 in chips)
Seat 3: e0d41e20 ($5.21 in chips)
Seat 4: Hero ($6.99 in chips)
Seat 5: ba875a14 ($5 in chips)
Seat 6: 39c475d5 ($16.73 in chips)
9d59fc6: posts small blind $0.02
e0d41e20: posts big blind $0.05
*** HOLE CARDS ***
Dealt to 663c8d52 
Dealt to 9d59fc6 
Dealt to e0d41e20 
Dealt to Hero [9d 4c]
Dealt to ba875a14 
Dealt to 39c475d5 
Hero: folds
ba875a14: raises $0.05 to $0.1
39c475d5: folds
663c8d52: folds
9d59fc6: raises $0.36 to $0.46
e0d41e20: folds
ba875a14: folds
Uncalled bet ($0.36) returned to 9d59fc6
*** SHOWDOWN ***
9d59fc6 collected $0.24 from pot
*** SUMMARY ***
Total pot $0.25 | Rake $0.01 | Jackpot $0 | Bingo $0 | Fortune $0 | Tax $0
Seat 1: 663c8d52 (button) folded before Flop (didn't bet)
Seat 2: 9d59fc6 (small blind) collected ($0.24)
Seat 3: e0d41e20 (big blind) folded before Flop
Seat 4: Hero folded before Flop (didn't bet)
Seat 5: ba875a14 folded before Flop
Seat 6: 39c475d5 folded before Flop (didn't bet)


Poker Hand #HD1711248064: Hold'em No Limit ($0.02/$0.05) - 2024/04/01 20:47:45
Table 'NLHBlue41' 6-max Seat #6 is the button
Seat 1: 663c8d52 ($5 in chips)
Seat 2: 9d59fc6 ($5.38 in chips)
Seat 3: e0d41e20 ($5.21 in chips)
Seat 4: Hero ($6.99 in chips)
Seat 5: ba875a14 ($5 in chips)
Seat 6: 39c475d5 ($16.73 in chips)
663c8d52: posts small blind $0.02
9d59fc6: posts big blind $0.05
*** HOLE CARDS ***
Dealt to 663c8d52 
Dealt to 9d59fc6 
Dealt to e0d41e20 
Dealt to Hero [2d 7s]
Dealt to ba875a14 
Dealt to 39c475d5 
e0d41e20: folds
Hero: folds
ba875a14: folds
39c475d5: folds
663c8d52: raises $0.1 to $0.15
9d59fc6: calls $0.1
*** FLOP *** [6h 5h 8s]
663c8d52: checks
9d59fc6: checks
*** TURN *** [6h 5h 8s] [6s]
663c8d52: checks
9d59fc6: bets $0.23
663c8d52: folds
Uncalled bet ($0.23) returned to 9d59fc6
*** SHOWDOWN ***
9d59fc6 collected $0.29 from pot
*** SUMMARY ***
Total pot $0.3 | Rake $0.01 | Jackpot $0 | Bingo $0 | Fortune $0 | Tax $0
Board [6h 5h 8s 6s]
Seat 1: 663c8d52 (small blind) folded on the Turn
Seat 2: 9d59fc6 (big blind) won ($0.29)
Seat 3: e0d41e20 folded before Flop (didn't bet)
Seat 4: Hero folded before Flop (didn't bet)
Seat 5: ba875a14 folded before Flop (didn't bet)
Seat 6: 39c475d5 (button) folded before Flop (didn't bet)


Poker Hand #HD1711248011: Hold'em No Limit ($0.02/$0.05) - 2024/04/01 20:47:25
Table 'NLHBlue41' 6-max Seat #5 is the button
Seat 1: 663c8d52 ($5 in chips)
Seat 2: 9d59fc6 ($5.38 in chips)
Seat 3: e0d41e20 ($5.21 in chips)
Seat 4: Hero ($6.99 in chips)
Seat 5: ba875a14 ($5 in chips)
Seat 6: 39c475d5 ($16.59 in chips)
39c475d5: posts small blind $0.02
663c8d52: posts big blind $0.05
*** HOLE CARDS ***
Dealt to 663c8d52 
Dealt to 9d59fc6 
Dealt to e0d41e20 
Dealt to Hero [5d 3s]
Dealt to ba875a14 
Dealt to 39c475d5 
9d59fc6: folds
e0d41e20: folds
Hero: folds
ba875a14: folds
39c475d5: raises $0.1 to $0.15
663c8d52: calls $0.1
*** FLOP *** [6h Td 8s]
39c475d5: bets $0.1
663c8d52: folds
Uncalled bet ($0.1) returned to 39c475d5
*** SHOWDOWN ***
39c475d5 collected $0.29 from pot
*** SUMMARY ***
Total pot $0.3 | Rake $0.01 | Jackpot $0 | Bingo $0 | Fortune $0 | Tax $0
Board [6h Td 8s]
Seat 1: 663c8d52 (big blind) folded on the Flop
Seat 2: 9d59fc6 folded before Flop (didn't bet)
Seat 3: e0d41e20 folded before Flop (didn't bet)
Seat 4: Hero folded before Flop (didn't bet)
Seat 5: ba875a14 (button) folded before Flop (didn't bet)
Seat 6: 39c475d5 (small blind) won ($0.29)


Poker Hand #HD1711247869: Hold'em No Limit ($0.02/$0.05) - 2024/04/01 20:46:19
Table 'NLHBlue41' 6-max Seat #4 is the button
Seat 1: 663c8d52 ($5 in chips)
Seat 2: 9d59fc6 ($5.38 in chips)
Seat 3: e0d41e20 ($5.21 in chips)
Seat 4: Hero ($6.99 in chips)
Seat 5: ba875a14 ($5 in chips)
Seat 6: 39c475d5 ($15.85 in chips)
ba875a14: posts small blind $0.02
39c475d5: posts big blind $0.05
*** HOLE CARDS ***
Dealt to 663c8d52 
Dealt to 9d59fc6 
Dealt to e0d41e20 
Dealt to Hero [Js 5c]
Dealt to ba875a14 
Dealt to 39c475d5 
663c8d52: raises $0.1 to $0.15
9d59fc6: folds
e0d41e20: folds
Hero: folds
ba875a14: folds
39c475d5: calls $0.1
*** FLOP *** [3h 4c Qh]
39c475d5: checks
663c8d52: bets $0.21
39c475d5: calls $0.21
*** TURN *** [3h 4c Qh] [Jc]
39c475d5: checks
663c8d52: bets $0.49
39c475d5: calls $0.49
*** RIVER *** [3h 4c Qh Jc] [7h]
39c475d5: bets $1.72
663c8d52: folds
Uncalled bet ($1.72) returned to 39c475d5
*** SHOWDOWN ***
39c475d5 collected $1.59 from pot
*** SUMMARY ***
Total pot $1.72 | Rake $0.08 | Jackpot $0.05 | Bingo $0 | Fortune $0 | Tax $0
Board [3h 4c Qh Jc 7h]
Seat 1: 663c8d52 folded on the River
Seat 2: 9d59fc6 folded before Flop (didn't bet)
Seat 3: e0d41e20 folded before Flop (didn't bet)
Seat 4: Hero (button) folded before Flop (didn't bet)
Seat 5: ba875a14 (small blind) folded before Flop
Seat 6: 39c475d5 (big blind) won ($1.59)


Poker Hand #HD1711247778: Hold'em No Limit ($0.02/$0.05) - 2024/04/01 20:45:42
Table 'NLHBlue41' 6-max Seat #3 is the button
Seat 1: 663c8d52 ($5 in chips)
Seat 2: 9d59fc6 ($5.38 in chips)
Seat 3: e0d41e20 ($5 in chips)
Seat 4: Hero ($7.01 in chips)
Seat 5: ba875a14 ($5 in chips)
Hero: posts small blind $0.02
ba875a14: posts big blind $0.05
*** HOLE CARDS ***
Dealt to 663c8d52 
Dealt to 9d59fc6 
Dealt to e0d41e20 
Dealt to Hero [9c 3d]
Dealt to ba875a14 
663c8d52: raises $0.1 to $0.15
9d59fc6: folds
e0d41e20: calls $0.15
Hero: folds
ba875a14: folds
*** FLOP *** [5d 3h 6d]
663c8d52: checks
e0d41e20: bets $0.13
663c8d52: folds
Uncalled bet ($0.13) returned to e0d41e20
*** SHOWDOWN ***
e0d41e20 collected $0.36 from pot
*** SUMMARY ***
Total pot $0.37 | Rake $0.01 | Jackpot $0 | Bingo $0 | Fortune $0 | Tax $0
Board [5d 3h 6d]
Seat 1: 663c8d52 folded on the Flop
Seat 2: 9d59fc6 folded before Flop (didn't bet)
Seat 3: e0d41e20 (button) won ($0.36)
Seat 4: Hero (small blind) folded before Flop
Seat 5: ba875a14 (big blind) folded before Flop


Poker Hand #HD1711247616: Hold'em No Limit ($0.02/$0.05) - 2024/04/01 20:44:29
Table 'NLHBlue41' 6-max Seat #2 is the button
Seat 1: 663c8d52 ($5.42 in chips)
Seat 2: 9d59fc6 ($5.38 in chips)
Seat 3: e0d41e20 ($5.02 in chips)
Seat 4: Hero ($6.49 in chips)
Seat 5: ba875a14 ($5 in chips)
Seat 6: 39c475d5 ($15.85 in chips)
e0d41e20: posts small blind $0.02
Hero: posts big blind $0.05
*** HOLE CARDS ***
Dealt to 663c8d52 
Dealt to 9d59fc6 
Dealt to e0d41e20 
Dealt to Hero [Qc Kd]
Dealt to ba875a14 
Dealt to 39c475d5 
ba875a14: folds
39c475d5: folds
663c8d52: raises $0.1 to $0.15
9d59fc6: folds
e0d41e20: folds
Hero: calls $0.1
*** FLOP *** [9d 4h 9s]
Hero: checks
663c8d52: bets $0.08
Hero: calls $0.08
*** TURN *** [9d 4h 9s] [Kc]
Hero: checks
663c8d52: bets $0.32
Hero: calls $0.32
*** RIVER *** [9d 4h 9s Kc] [4s]
Hero: checks
663c8d52: checks
Hero: shows [Qc Kd] (Pair of Kings and Pair of Nines)
663c8d52: shows [Tc Ad] (Pair of Nines and Pair of Fours)
*** SHOWDOWN ***
Hero collected $1.07 from pot
*** SUMMARY ***
Total pot $1.12 | Rake $0.05 | Jackpot $0 | Bingo $0 | Fortune $0 | Tax $0
Board [9d 4h 9s Kc 4s]
Seat 1: 663c8d52 showed [Tc Ad] and lost with Pair of Nines and Pair of Fours
Seat 2: 9d59fc6 (button) folded before Flop (didn't bet)
Seat 3: e0d41e20 (small blind) folded before Flop
Seat 4: Hero (big blind) showed [Qc Kd] and won ($1.07) with Pair of Kings and Pair of Nines
Seat 5: ba875a14 folded before Flop (didn't bet)
Seat 6: 39c475d5 folded before Flop (didn't bet)


Poker Hand #HD1711247523: Hold'em No Limit ($0.02/$0.05) - 2024/04/01 20:43:52
Table 'NLHBlue41' 6-max Seat #1 is the button
Seat 1: 663c8d52 ($5.42 in chips)
Seat 2: 9d59fc6 ($5.14 in chips)
Seat 3: e0d41e20 ($5.07 in chips)
Seat 4: Hero ($6.59 in chips)
Seat 5: ba875a14 ($5 in chips)
Seat 6: 39c475d5 ($15.95 in chips)
9d59fc6: posts small blind $0.02
e0d41e20: posts big blind $0.05
*** HOLE CARDS ***
Dealt to 663c8d52 
Dealt to 9d59fc6 
Dealt to e0d41e20 
Dealt to Hero [Tc Kc]
Dealt to ba875a14 
Dealt to 39c475d5 
Hero: raises $0.05 to $0.1
ba875a14: folds
39c475d5: calls $0.1
663c8d52: folds
9d59fc6: raises $0.5 to $0.6
e0d41e20: folds
Hero: folds
39c475d5: folds
Uncalled bet ($0.5) returned to 9d59fc6
*** SHOWDOWN ***
9d59fc6 collected $0.34 from pot
*** SUMMARY ***
Total pot $0.35 | Rake $0.01 | Jackpot $0 | Bingo $0 | Fortune $0 | Tax $0
Seat 1: 663c8d52 (button) folded before Flop (didn't bet)
Seat 2: 9d59fc6 (small blind) collected ($0.34)
Seat 3: e0d41e20 (big blind) folded before Flop
Seat 4: Hero folded before Flop
Seat 5: ba875a14 folded before Flop (didn't bet)
Seat 6: 39c475d5 folded before Flop


Poker Hand #HD1711247430: Hold'em No Limit ($0.02/$0.05) - 2024/04/01 20:43:13
Table 'NLHBlue41' 6-max Seat #6 is the button
Seat 1: 663c8d52 ($5.57 in chips)
Seat 2: 9d59fc6 ($5 in chips)
Seat 3: e0d41e20 ($5.07 in chips)
Seat 4: Hero ($6.59 in chips)
Seat 5: ba875a14 ($5 in chips)
Seat 6: 39c475d5 ($15.95 in chips)
663c8d52: posts small blind $0.02
9d59fc6: posts big blind $0.05
*** HOLE CARDS ***
Dealt to 663c8d52 
Dealt to 9d59fc6 
Dealt to e0d41e20 
Dealt to Hero [4s 9c]
Dealt to ba875a14 
Dealt to 39c475d5 
e0d41e20: folds
Hero: folds
ba875a14: folds
39c475d5: folds
663c8d52: raises $0.1 to $0.15
9d59fc6: calls $0.1
*** FLOP *** [8d Td Th]
663c8d52: checks
9d59fc6: bets $0.15
663c8d52: folds
Uncalled bet ($0.15) returned to 9d59fc6
*** SHOWDOWN ***
9d59fc6 collected $0.29 from pot
*** SUMMARY ***
Total pot $0.3 | Rake $0.01 | Jackpot $0 | Bingo $0 | Fortune $0 | Tax $0
Board [8d Td Th]
Seat 1: 663c8d52 (small blind) folded on the Flop
Seat 2: 9d59fc6 (big blind) won ($0.29)
Seat 3: e0d41e20 folded before Flop (didn't bet)
Seat 4: Hero folded before Flop (didn't bet)
Seat 5: ba875a14 folded before Flop (didn't bet)
Seat 6: 39c475d5 (button) folded before Flop (didn't bet)


Poker Hand #HD1711247326: Hold'em No Limit ($0.02/$0.05) - 2024/04/01 20:42:23
Table 'NLHBlue41' 6-max Seat #5 is the button
Seat 1: 663c8d52 ($5.21 in chips)
Seat 2: 9d59fc6 ($5 in chips)
Seat 3: e0d41e20 ($5.07 in chips)
Seat 4: Hero ($6.59 in chips)
Seat 5: ba875a14 ($5 in chips)
Seat 6: 39c475d5 ($16.35 in chips)
39c475d5: posts small blind $0.02
663c8d52: posts big blind $0.05
*** HOLE CARDS ***
Dealt to 663c8d52 
Dealt to 9d59fc6 
Dealt to e0d41e20 
Dealt to Hero [3c 2s]
Dealt to ba875a14 
Dealt to 39c475d5 
9d59fc6: folds
e0d41e20: folds
Hero: folds
ba875a14: folds
39c475d5: raises $0.05 to $0.1
663c8d52: raises $0.3 to $0.4
39c475d5: calls $0.3
*** FLOP *** [8d Th 2h]
39c475d5: checks
663c8d52: bets $0.52
39c475d5: folds
Uncalled bet ($0.52) returned to 663c8d52
*** SHOWDOWN ***
663c8d52 collected $0.76 from pot
*** SUMMARY ***
Total pot $0.8 | Rake $0.04 | Jackpot $0 | Bingo $0 | Fortune $0 | Tax $0
Board [8d Th 2h]
Seat 1: 663c8d52 (big blind) won ($0.76)
Seat 2: 9d59fc6 folded before Flop (didn't bet)
Seat 3: e0d41e20 folded before Flop (didn't bet)
Seat 4: Hero folded before Flop (didn't bet)
Seat 5: ba875a14 (button) folded before Flop (didn't bet)
Seat 6: 39c475d5 (small blind) folded on the Flop


Poker Hand #HD1711247291: Hold'em No Limit ($0.02/$0.05) - 2024/04/01 20:42:06
Table 'NLHBlue41' 6-max Seat #4 is the button
Seat 1: 663c8d52 ($5.21 in chips)
Seat 2: 9d59fc6 ($5 in chips)
Seat 3: e0d41e20 ($5.07 in chips)
Seat 4: Hero ($6.59 in chips)
Seat 5: ba875a14 ($5 in chips)
Seat 6: 39c475d5 ($16.33 in chips)
ba875a14: posts small blind $0.02
39c475d5: posts big blind $0.05
*** HOLE CARDS ***
Dealt to 663c8d52 
Dealt to 9d59fc6 
Dealt to e0d41e20 
Dealt to Hero [Qd 3d]
Dealt to ba875a14 
Dealt to 39c475d5 
663c8d52: folds
9d59fc6: folds
e0d41e20: folds
Hero: folds
ba875a14: folds
Uncalled bet ($0.03) returned to 39c475d5
*** SHOWDOWN ***
39c475d5 collected $0.04 from pot
*** SUMMARY ***
Total pot $0.04 | Rake $0 | Jackpot $0 | Bingo $0 | Fortune $0 | Tax $0
Seat 1: 663c8d52 folded before Flop (didn't bet)
Seat 2: 9d59fc6 folded before Flop (didn't bet)
Seat 3: e0d41e20 folded before Flop (didn't bet)
Seat 4: Hero (button) folded before Flop (didn't bet)
Seat 5: ba875a14 (small blind) folded before Flop
Seat 6: 39c475d5 (big blind) collected ($0.04)


Poker Hand #HD1711247264: Hold'em No Limit ($0.02/$0.05) - 2024/04/01 20:41:56
Table 'NLHBlue41' 6-max Seat #3 is the button
Seat 1: 663c8d52 ($5.21 in chips)
Seat 2: 9d59fc6 ($5 in chips)
Seat 3: e0d41e20 ($5 in chips)
Seat 4: Hero ($6.61 in chips)
Seat 5: ba875a14 ($5.02 in chips)
Seat 6: 39c475d5 ($16.33 in chips)
Hero: posts small blind $0.02
ba875a14: posts big blind $0.05
*** HOLE CARDS ***
Dealt to 663c8d52 
Dealt to 9d59fc6 
Dealt to e0d41e20 
Dealt to Hero [5d 8s]
Dealt to ba875a14 
Dealt to 39c475d5 
39c475d5: folds
663c8d52: folds
9d59fc6: folds
e0d41e20: raises $0.08 to $0.13
Hero: folds
ba875a14: folds
Uncalled bet ($0.08) returned to e0d41e20
*** SHOWDOWN ***
e0d41e20 collected $0.12 from pot
*** SUMMARY ***
Total pot $0.12 | Rake $0 | Jackpot $0 | Bingo $0 | Fortune $0 | Tax $0
Seat 1: 663c8d52 folded before Flop (didn't bet)
Seat 2: 9d59fc6 folded before Flop (didn't bet)
Seat 3: e0d41e20 (button) collected ($0.12)
Seat 4: Hero (small blind) folded before Flop
Seat 5: ba875a14 (big blind) folded before Flop
Seat 6: 39c475d5 folded before Flop (didn't bet)


Poker Hand #HD1711247138: Hold'em No Limit ($0.02/$0.05) - 2024/04/01 20:41:01
Table 'NLHBlue41' 6-max Seat #2 is the button
Seat 1: 663c8d52 ($5.21 in chips)
Seat 2: 9d59fc6 ($5.05 in chips)
Seat 3: e0d41e20 ($5 in chips)
Seat 4: Hero ($6.33 in chips)
Seat 5: ba875a14 ($5.02 in chips)
Seat 6: 39c475d5 ($16.43 in chips)
e0d41e20: posts small blind $0.02
Hero: posts big blind $0.05
*** HOLE CARDS ***
Dealt to 663c8d52 
Dealt to 9d59fc6 
Dealt to e0d41e20 
Dealt to Hero [Qd Ah]
Dealt to ba875a14 
Dealt to 39c475d5 
ba875a14: folds
39c475d5: raises $0.05 to $0.1
663c8d52: folds
9d59fc6: calls $0.1
e0d41e20: calls $0.08
Hero: raises $0.5 to $0.6
39c475d5: folds
9d59fc6: folds
e0d41e20: folds
Uncalled bet ($0.5) returned to Hero
*** SHOWDOWN ***
Hero collected $0.38 from pot
*** SUMMARY ***
Total pot $0.4 | Rake $0.02 | Jackpot $0 | Bingo $0 | Fortune $0 | Tax $0
Seat 1: 663c8d52 folded before Flop (didn't bet)
Seat 2: 9d59fc6 (button) folded before Flop
Seat 3: e0d41e20 (small blind) folded before Flop
Seat 4: Hero (big blind) collected ($0.38)
Seat 5: ba875a14 folded before Flop (didn't bet)
Seat 6: 39c475d5 folded before Flop


Poker Hand #HD1711247096: Hold'em No Limit ($0.02/$0.05) - 2024/04/01 20:40:39
Table 'NLHBlue41' 6-max Seat #1 is the button
Seat 1: 663c8d52 ($5.21 in chips)
Seat 2: 9d59fc6 ($5 in chips)
Seat 3: e0d41e20 ($5 in chips)
Seat 4: Hero ($6.33 in chips)
Seat 5: ba875a14 ($5.02 in chips)
Seat 6: 39c475d5 ($16.43 in chips)
9d59fc6: posts small blind $0.02
e0d41e20: posts big blind $0.05
*** HOLE CARDS ***
Dealt to 663c8d52 
Dealt to 9d59fc6 
Dealt to e0d41e20 
Dealt to Hero [Th 7d]
Dealt to ba875a14 
Dealt to 39c475d5 
Hero: folds
ba875a14: folds
39c475d5: folds
663c8d52: folds
9d59fc6: raises $0.1 to $0.15
e0d41e20: folds
Uncalled bet ($0.1) returned to 9d59fc6
*** SHOWDOWN ***
9d59fc6 collected $0.1 from pot
*** SUMMARY ***
Total pot $0.1 | Rake $0 | Jackpot $0 | Bingo $0 | Fortune $0 | Tax $0
Seat 1: 663c8d52 (button) folded before Flop (didn't bet)
Seat 2: 9d59fc6 (small blind) collected ($0.1)
Seat 3: e0d41e20 (big blind) folded before Flop
Seat 4: Hero folded before Flop (didn't bet)
Seat 5: ba875a14 folded before Flop (didn't bet)
Seat 6: 39c475d5 folded before Flop (didn't bet)


Poker Hand #HD1711246988: Hold'em No Limit ($0.02/$0.05) - 2024/04/01 20:39:48
Table 'NLHBlue41' 6-max Seat #6 is the button
Seat 1: 663c8d52 ($5.23 in chips)
Seat 2: 9d59fc6 ($5 in chips)
Seat 3: e0d41e20 ($5 in chips)
Seat 4: Hero ($6.33 in chips)
Seat 5: ba875a14 ($5.02 in chips)
Seat 6: 39c475d5 ($16.36 in chips)
663c8d52: posts small blind $0.02
9d59fc6: posts big blind $0.05
*** HOLE CARDS ***
Dealt to 663c8d52 
Dealt to 9d59fc6 
Dealt to e0d41e20 
Dealt to Hero [3d 2h]
Dealt to ba875a14 
Dealt to 39c475d5 
e0d41e20: folds
Hero: folds
ba875a14: folds
39c475d5: calls $0.05
663c8d52: folds
9d59fc6: checks
*** FLOP *** [Ah 5h Ac]
9d59fc6: checks
39c475d5: bets $0.06
9d59fc6: folds
Uncalled bet ($0.06) returned to 39c475d5
*** SHOWDOWN ***
39c475d5 collected $0.12 from pot
*** SUMMARY ***
Total pot $0.12 | Rake $0 | Jackpot $0 | Bingo $0 | Fortune $0 | Tax $0
Board [Ah 5h Ac]
Seat 1: 663c8d52 (small blind) folded before Flop
Seat 2: 9d59fc6 (big blind) folded on the Flop
Seat 3: e0d41e20 folded before Flop (didn't bet)
Seat 4: Hero folded before Flop (didn't bet)
Seat 5: ba875a14 folded before Flop (didn't bet)
Seat 6: 39c475d5 (button) won ($0.12)


Poker Hand #HD1711246810: Hold'em No Limit ($0.02/$0.05) - 2024/04/01 20:38:23
Table 'NLHBlue41' 6-max Seat #5 is the button
Seat 1: 663c8d52 ($5.28 in chips)
Seat 2: 9d59fc6 ($5 in chips)
Seat 3: e0d41e20 ($5 in chips)
Seat 4: Hero ($5.43 in chips)
Seat 5: ba875a14 ($5.02 in chips)
Seat 6: 39c475d5 ($17.36 in chips)
39c475d5: posts small blind $0.02
663c8d52: posts big blind $0.05
*** HOLE CARDS ***
Dealt to 663c8d52 
Dealt to 9d59fc6 
Dealt to e0d41e20 
Dealt to Hero [Qc As]
Dealt to ba875a14 
Dealt to 39c475d5 
9d59fc6: folds
e0d41e20: folds
Hero: raises $0.08 to $0.13
ba875a14: folds
39c475d5: calls $0.11
663c8d52: folds
*** FLOP *** [3h Ad Kh]
39c475d5: checks
Hero: bets $0.15
39c475d5: calls $0.15
*** TURN *** [3h Ad Kh] [Th]
39c475d5: bets $0.31
Hero: calls $0.31
*** RIVER *** [3h Ad Kh Th] [9d]
39c475d5: bets $0.41
Hero: calls $0.41
39c475d5: shows [2s Ah] (Pair of Aces)
Hero: shows [Qc As] (Pair of Aces)
*** SHOWDOWN ***
Hero collected $1.9 from pot
*** SUMMARY ***
Total pot $2.05 | Rake $0.1 | Jackpot $0.05 | Bingo $0 | Fortune $0 | Tax $0
Board [3h Ad Kh Th 9d]
Seat 1: 663c8d52 (big blind) folded before Flop
Seat 2: 9d59fc6 folded before Flop (didn't bet)
Seat 3: e0d41e20 folded before Flop (didn't bet)
Seat 4: Hero showed [Qc As] and won ($1.9) with Pair of Aces
Seat 5: ba875a14 (button) folded before Flop (didn't bet)
Seat 6: 39c475d5 (small blind) showed [2s Ah] and lost with Pair of Aces


Poker Hand #HD1711246774: Hold'em No Limit ($0.02/$0.05) - 2024/04/01 20:38:07
Table 'NLHBlue41' 6-max Seat #4 is the button
Seat 1: 663c8d52 ($5.28 in chips)
Seat 2: 9d59fc6 ($5 in chips)
Seat 3: e0d41e20 ($5 in chips)
Seat 4: Hero ($5.36 in chips)
Seat 5: ba875a14 ($5.04 in chips)
Seat 6: 39c475d5 ($17.41 in chips)
ba875a14: posts small blind $0.02
39c475d5: posts big blind $0.05
*** HOLE CARDS ***
Dealt to 663c8d52 
Dealt to 9d59fc6 
Dealt to e0d41e20 
Dealt to Hero [Kc Jh]
Dealt to ba875a14 
Dealt to 39c475d5 
663c8d52: folds
9d59fc6: folds
e0d41e20: folds
Hero: raises $0.08 to $0.13
ba875a14: folds
39c475d5: folds
Uncalled bet ($0.08) returned to Hero
*** SHOWDOWN ***
Hero collected $0.12 from pot
*** SUMMARY ***
Total pot $0.12 | Rake $0 | Jackpot $0 | Bingo $0 | Fortune $0 | Tax $0
Seat 1: 663c8d52 folded before Flop (didn't bet)
Seat 2: 9d59fc6 folded before Flop (didn't bet)
Seat 3: e0d41e20 folded before Flop (didn't bet)
Seat 4: Hero (button) collected ($0.12)
Seat 5: ba875a14 (small blind) folded before Flop
Seat 6: 39c475d5 (big blind) folded before Flop


Poker Hand #HD1711246711: Hold'em No Limit ($0.02/$0.05) - 2024/04/01 20:37:37
Table 'NLHBlue41' 6-max Seat #3 is the button
Seat 1: 663c8d52 ($5.28 in chips)
Seat 2: 9d59fc6 ($5 in chips)
Seat 3: e0d41e20 ($5 in chips)
Seat 4: Hero ($5.38 in chips)
Seat 5: ba875a14 ($5.09 in chips)
Seat 6: 39c475d5 ($17.2 in chips)
Hero: posts small blind $0.02
ba875a14: posts big blind $0.05
*** HOLE CARDS ***
Dealt to 663c8d52 
Dealt to 9d59fc6 
Dealt to e0d41e20 
Dealt to Hero [9h 7c]
Dealt to ba875a14 
Dealt to 39c475d5 
39c475d5: raises $0.1 to $0.15
663c8d52: folds
9d59fc6: folds
e0d41e20: calls $0.15
Hero: folds
ba875a14: folds
*** FLOP *** [8d 6c Ah]
39c475d5: checks
e0d41e20: checks
*** TURN *** [8d 6c Ah] [4s]
39c475d5: bets $0.37
e0d41e20: folds
Uncalled bet ($0.37) returned to 39c475d5
*** SHOWDOWN ***
39c475d5 collected $0.36 from pot
*** SUMMARY ***
Total pot $0.37 | Rake $0.01 | Jackpot $0 | Bingo $0 | Fortune $0 | Tax $0
Board [8d 6c Ah 4s]
Seat 1: 663c8d52 folded before Flop (didn't bet)
Seat 2: 9d59fc6 folded before Flop (didn't bet)
Seat 3: e0d41e20 (button) folded on the Turn
Seat 4: Hero (small blind) folded before Flop
Seat 5: ba875a14 (big blind) folded before Flop
Seat 6: 39c475d5 won ($0.36)


Poker Hand #HD1711246682: Hold'em No Limit ($0.02/$0.05) - 2024/04/01 20:37:25
Table 'NLHBlue41' 6-max Seat #2 is the button
Seat 1: 663c8d52 ($5.28 in chips)
Seat 2: 9d59fc6 ($5 in chips)
Seat 3: e0d41e20 ($5 in chips)
Seat 4: Hero ($5.43 in chips)
Seat 5: ba875a14 ($5.09 in chips)
Seat 6: 39c475d5 ($17.13 in chips)
e0d41e20: posts small blind $0.02
Hero: posts big blind $0.05
*** HOLE CARDS ***
Dealt to 663c8d52 
Dealt to 9d59fc6 
Dealt to e0d41e20 
Dealt to Hero [6h Kh]
Dealt to ba875a14 
Dealt to 39c475d5 
ba875a14: folds
39c475d5: raises $0.05 to $0.1
663c8d52: folds
9d59fc6: folds
e0d41e20: folds
Hero: folds
Uncalled bet ($0.05) returned to 39c475d5
*** SHOWDOWN ***
39c475d5 collected $0.12 from pot
*** SUMMARY ***
Total pot $0.12 | Rake $0 | Jackpot $0 | Bingo $0 | Fortune $0 | Tax $0
Seat 1: 663c8d52 folded before Flop (didn't bet)
Seat 2: 9d59fc6 (button) folded before Flop (didn't bet)
Seat 3: e0d41e20 (small blind) folded before Flop
Seat 4: Hero (big blind) folded before Flop
Seat 5: ba875a14 folded before Flop (didn't bet)
Seat 6: 39c475d5 collected ($0.12)


Poker Hand #HD1711246501: Hold'em No Limit ($0.02/$0.05) - 2024/04/01 20:36:03
Table 'NLHBlue41' 6-max Seat #1 is the button
Seat 1: 663c8d52 ($5.28 in chips)
Seat 2: 9d59fc6 ($5 in chips)
Seat 3: e0d41e20 ($5 in chips)
Seat 4: Hero ($5.43 in chips)
Seat 5: ba875a14 ($5.09 in chips)
Seat 6: 39c475d5 ($16.68 in chips)
9d59fc6: posts small blind $0.02
e0d41e20: posts big blind $0.05
*** HOLE CARDS ***
Dealt to 663c8d52 
Dealt to 9d59fc6 
Dealt to e0d41e20 
Dealt to Hero [8s 5h]
Dealt to ba875a14 
Dealt to 39c475d5 
Hero: folds
ba875a14: folds
39c475d5: raises $0.05 to $0.1
663c8d52: folds
9d59fc6: folds
e0d41e20: calls $0.05
*** FLOP *** [4s Kc 2s]
e0d41e20: checks
39c475d5: bets $0.08
e0d41e20: calls $0.08
*** TURN *** [4s Kc 2s] [Qd]
e0d41e20: checks
39c475d5: checks
*** RIVER *** [4s Kc 2s Qd] [5d]
e0d41e20: bets $0.29
39c475d5: raises $16.21 to $16.5 and is all-in
e0d41e20: folds
Uncalled bet ($16.21) returned to 39c475d5
*** SHOWDOWN ***
39c475d5 collected $0.92 from pot
*** SUMMARY ***
Total pot $0.96 | Rake $0.04 | Jackpot $0 | Bingo $0 | Fortune $0 | Tax $0
Board [4s Kc 2s Qd 5d]
Seat 1: 663c8d52 (button) folded before Flop (didn't bet)
Seat 2: 9d59fc6 (small blind) folded before Flop
Seat 3: e0d41e20 (big blind) folded on the River
Seat 4: Hero folded before Flop (didn't bet)
Seat 5: ba875a14 folded before Flop (didn't bet)
Seat 6: 39c475d5 won ($0.92)


Poker Hand #HD1711246352: Hold'em No Limit ($0.02/$0.05) - 2024/04/01 20:34:55
Table 'NLHBlue41' 6-max Seat #6 is the button
Seat 1: 663c8d52 ($5.3 in chips)
Seat 2: 9d59fc6 ($5 in chips)
Seat 3: e0d41e20 ($5 in chips)
Seat 4: Hero ($5.43 in chips)
Seat 5: ba875a14 ($5.09 in chips)
Seat 6: 39c475d5 ($16.61 in chips)
663c8d52: posts small blind $0.02
9d59fc6: posts big blind $0.05
*** HOLE CARDS ***
Dealt to 663c8d52 
Dealt to 9d59fc6 
Dealt to e0d41e20 
Dealt to Hero [6d 2c]
Dealt to ba875a14 
Dealt to 39c475d5 
e0d41e20: folds
Hero: folds
ba875a14: folds
39c475d5: calls $0.05
663c8d52: folds
9d59fc6: checks
*** FLOP *** [5c Qc Qd]
9d59fc6: checks
39c475d5: checks
*** TURN *** [5c Qc Qd] [3d]
9d59fc6: checks
39c475d5: bets $0.12
9d59fc6: folds
Uncalled bet ($0.12) returned to 39c475d5
*** SHOWDOWN ***
39c475d5 collected $0.12 from pot
*** SUMMARY ***
Total pot $0.12 | Rake $0 | Jackpot $0 | Bingo $0 | Fortune $0 | Tax $0
Board [5c Qc Qd 3d]
Seat 1: 663c8d52 (small blind) folded before Flop
Seat 2: 9d59fc6 (big blind) folded on the Turn
Seat 3: e0d41e20 folded before Flop (didn't bet)
Seat 4: Hero folded before Flop (didn't bet)
Seat 5: ba875a14 folded before Flop (didn't bet)
Seat 6: 39c475d5 (button) won ($0.12)


Poker Hand #HD1711246227: Hold'em No Limit ($0.02/$0.05) - 2024/04/01 20:33:56
Table 'NLHBlue41' 6-max Seat #5 is the button
Seat 1: 663c8d52 ($5.35 in chips)
Seat 3: e0d41e20 ($5 in chips)
Seat 4: Hero ($5 in chips)
Seat 5: ba875a14 ($5.09 in chips)
Seat 6: 39c475d5 ($17.03 in chips)
39c475d5: posts small blind $0.02
663c8d52: posts big blind $0.05
*** HOLE CARDS ***
Dealt to 663c8d52 
Dealt to e0d41e20 
Dealt to Hero [Js Jh]
Dealt to ba875a14 
Dealt to 39c475d5 
e0d41e20: folds
Hero: raises $0.08 to $0.13
ba875a14: folds
39c475d5: calls $0.11
663c8d52: folds
*** FLOP *** [Qs 5d 7d]
39c475d5: bets $0.11
Hero: calls $0.11
*** TURN *** [Qs 5d 7d] [3d]
39c475d5: bets $0.18
Hero: calls $0.18
*** RIVER *** [Qs 5d 7d 3d] [7c]
39c475d5: checks
Hero: checks
39c475d5: shows [Jd Kh] (Pair of Sevens)
Hero: shows [Js Jh] (Pair of Jacks and Pair of Sevens)
*** SHOWDOWN ***
Hero collected $0.85 from pot
*** SUMMARY ***
Total pot $0.89 | Rake $0.04 | Jackpot $0 | Bingo $0 | Fortune $0 | Tax $0
Board [Qs 5d 7d 3d 7c]
Seat 1: 663c8d52 (big blind) folded before Flop
Seat 3: e0d41e20 folded before Flop (didn't bet)
Seat 4: Hero showed [Js Jh] and won ($0.85) with Pair of Jacks and Pair of Sevens
Seat 5: ba875a14 (button) folded before Flop (didn't bet)
Seat 6: 39c475d5 (small blind) showed [Jd Kh] and lost with Pair of Sevens


Poker Hand #HD1711246206: Hold'em No Limit ($0.02/$0.05) - 2024/04/01 20:33:45
Table 'NLHBlue41' 6-max Seat #4 is the button
Seat 1: 663c8d52 ($5.35 in chips)
Seat 3: e0d41e20 ($5 in chips)
Seat 4: Hero ($5 in chips)
Seat 5: ba875a14 ($5.11 in chips)
Seat 6: 39c475d5 ($17.01 in chips)
ba875a14: posts small blind $0.02
39c475d5: posts big blind $0.05
*** HOLE CARDS ***
Dealt to 663c8d52 
Dealt to e0d41e20 
Dealt to Hero [Kh 3s]
Dealt to ba875a14 
Dealt to 39c475d5 
663c8d52: folds
e0d41e20: folds
Hero: folds
ba875a14: folds
Uncalled bet ($0.03) returned to 39c475d5
*** SHOWDOWN ***
39c475d5 collected $0.04 from pot
*** SUMMARY ***
Total pot $0.04 | Rake $0 | Jackpot $0 | Bingo $0 | Fortune $0 | Tax $0
Seat 1: 663c8d52 folded before Flop (didn't bet)
Seat 3: e0d41e20 folded before Flop (didn't bet)
Seat 4: Hero (button) folded before Flop (didn't bet)
Seat 5: ba875a14 (small blind) folded before Flop
Seat 6: 39c475d5 (big blind) collected ($0.04)


Poker Hand #HD1711246127: Hold'em No Limit ($0.02/$0.05) - 2024/04/01 20:33:11
Table 'NLHBlue41' 6-max Seat #3 is the button
Seat 1: 663c8d52 ($5.35 in chips)
Seat 3: e0d41e20 ($5.07 in chips)
Seat 4: Hero ($5.02 in chips)
Seat 5: ba875a14 ($5.16 in chips)
Seat 6: 39c475d5 ($16.61 in chips)
Hero: posts small blind $0.02
ba875a14: posts big blind $0.05
*** HOLE CARDS ***
Dealt to 663c8d52 
Dealt to e0d41e20 
Dealt to Hero [Jd 3c]
Dealt to ba875a14 
Dealt to 39c475d5 
39c475d5: raises $0.05 to $0.1
663c8d52: folds
e0d41e20: calls $0.1
Hero: folds
ba875a14: folds
*** FLOP *** [7d Td 9c]
39c475d5: bets $0.27
e0d41e20: calls $0.27
*** TURN *** [7d Td 9c] [7c]
39c475d5: bets $0.81
e0d41e20: folds
Uncalled bet ($0.81) returned to 39c475d5
*** SHOWDOWN ***
39c475d5 collected $0.77 from pot
*** SUMMARY ***
Total pot $0.81 | Rake $0.04 | Jackpot $0 | Bingo $0 | Fortune $0 | Tax $0
Board [7d Td 9c 7c]
Seat 1: 663c8d52 folded before Flop (didn't bet)
Seat 3: e0d41e20 (button) folded on the Turn
Seat 4: Hero (small blind) folded before Flop
Seat 5: ba875a14 (big blind) folded before Flop
Seat 6: 39c475d5 won ($0.77)


Poker Hand #HD1711246105: Hold'em No Limit ($0.02/$0.05) - 2024/04/01 20:33:03
Table 'NLHBlue41' 6-max Seat #2 is the button
Seat 1: 663c8d52 ($5.35 in chips)
Seat 2: 973dc76f ($5.15 in chips)
Seat 3: e0d41e20 ($5.09 in chips)
Seat 4: Hero ($5 in chips)
Seat 5: ba875a14 ($5.16 in chips)
e0d41e20: posts small blind $0.02
Hero: posts big blind $0.05
*** HOLE CARDS ***
Dealt to 663c8d52 
Dealt to 973dc76f 
Dealt to e0d41e20 
Dealt to Hero [6h Td]
Dealt to ba875a14 
ba875a14: folds
663c8d52: folds
973dc76f: folds
e0d41e20: folds
Uncalled bet ($0.03) returned to Hero
*** SHOWDOWN ***
Hero collected $0.04 from pot
*** SUMMARY ***
Total pot $0.04 | Rake $0 | Jackpot $0 | Bingo $0 | Fortune $0 | Tax $0
Seat 1: 663c8d52 folded before Flop (didn't bet)
Seat 2: 973dc76f (button) folded before Flop (didn't bet)
Seat 3: e0d41e20 (small blind) folded before Flop
Seat 4: Hero (big blind) collected ($0.04)
Seat 5: ba875a14 folded before Flop (didn't bet)


Poker Hand #HD1711246056: Hold'em No Limit ($0.02/$0.05) - 2024/04/01 20:32:39
Table 'NLHBlue41' 6-max Seat #1 is the button
Seat 1: 663c8d52 ($5.35 in chips)
Seat 2: 973dc76f ($5.17 in chips)
Seat 3: e0d41e20 ($5.07 in chips)
Seat 4: Hero ($5 in chips)
Seat 5: ba875a14 ($5.16 in chips)
Seat 6: 39c475d5 ($16.61 in chips)
973dc76f: posts small blind $0.02
e0d41e20: posts big blind $0.05
*** HOLE CARDS ***
Dealt to 663c8d52 
Dealt to 973dc76f 
Dealt to e0d41e20 
Dealt to Hero [Jh 2s]
Dealt to ba875a14 
Dealt to 39c475d5 
Hero: folds
ba875a14: folds
39c475d5: folds
663c8d52: folds
973dc76f: folds
Uncalled bet ($0.03) returned to e0d41e20
*** SHOWDOWN ***
e0d41e20 collected $0.04 from pot
*** SUMMARY ***
Total pot $0.04 | Rake $0 | Jackpot $0 | Bingo $0 | Fortune $0 | Tax $0
Seat 1: 663c8d52 (button) folded before Flop (didn't bet)
Seat 2: 973dc76f (small blind) folded before Flop
Seat 3: e0d41e20 (big blind) collected ($0.04)
Seat 4: Hero folded before Flop (didn't bet)
Seat 5: ba875a14 folded before Flop (didn't bet)
Seat 6: 39c475d5 folded before Flop (didn't bet)


Poker Hand #HD1711245929: Hold'em No Limit ($0.02/$0.05) - 2024/04/01 20:31:47
Table 'NLHBlue41' 6-max Seat #6 is the button
Seat 1: 663c8d52 ($5.37 in chips)
Seat 2: 973dc76f ($5.48 in chips)
Seat 3: e0d41e20 ($5.07 in chips)
Seat 4: Hero ($5 in chips)
Seat 5: ba875a14 ($5.16 in chips)
Seat 6: 39c475d5 ($16.31 in chips)
663c8d52: posts small blind $0.02
973dc76f: posts big blind $0.05
*** HOLE CARDS ***
Dealt to 663c8d52 
Dealt to 973dc76f 
Dealt to e0d41e20 
Dealt to Hero [4s Qs]
Dealt to ba875a14 
Dealt to 39c475d5 
e0d41e20: folds
Hero: folds
ba875a14: folds
39c475d5: raises $0.1 to $0.15
663c8d52: folds
973dc76f: calls $0.1
*** FLOP *** [8d 3c 8h]
973dc76f: checks
39c475d5: checks
*** TURN *** [8d 3c 8h] [Td]
973dc76f: bets $0.16
39c475d5: calls $0.16
*** RIVER *** [8d 3c 8h Td] [6d]
973dc76f: checks
39c475d5: bets $0.64
973dc76f: folds
Uncalled bet ($0.64) returned to 39c475d5
*** SHOWDOWN ***
39c475d5 collected $0.61 from pot
*** SUMMARY ***
Total pot $0.64 | Rake $0.03 | Jackpot $0 | Bingo $0 | Fortune $0 | Tax $0
Board [8d 3c 8h Td 6d]
Seat 1: 663c8d52 (small blind) folded before Flop
Seat 2: 973dc76f (big blind) folded on the River
Seat 3: e0d41e20 folded before Flop (didn't bet)
Seat 4: Hero folded before Flop (didn't bet)
Seat 5: ba875a14 folded before Flop (didn't bet)
Seat 6: 39c475d5 (button) won ($0.61)


Poker Hand #HD1711245896: Hold'em No Limit ($0.02/$0.05) - 2024/04/01 20:31:32
Table 'NLHBlue41' 6-max Seat #5 is the button
Seat 1: 663c8d52 ($5.42 in chips)
Seat 2: 973dc76f ($5.48 in chips)
Seat 3: e0d41e20 ($5.07 in chips)
Seat 4: Hero ($5 in chips)
Seat 5: ba875a14 ($5.16 in chips)
Seat 6: 39c475d5 ($16.26 in chips)
39c475d5: posts small blind $0.02
663c8d52: posts big blind $0.05
*** HOLE CARDS ***
Dealt to 663c8d52 
Dealt to 973dc76f 
Dealt to e0d41e20 
Dealt to Hero [6h 3c]
Dealt to ba875a14 
Dealt to 39c475d5 
973dc76f: folds
e0d41e20: folds
Hero: folds
ba875a14: folds
39c475d5: raises $0.1 to $0.15
663c8d52: folds
Uncalled bet ($0.1) returned to 39c475d5
*** SHOWDOWN ***
39c475d5 collected $0.1 from pot
*** SUMMARY ***
Total pot $0.1 | Rake $0 | Jackpot $0 | Bingo $0 | Fortune $0 | Tax $0
Seat 1: 663c8d52 (big blind) folded before Flop
Seat 2: 973dc76f folded before Flop (didn't bet)
Seat 3: e0d41e20 folded before Flop (didn't bet)
Seat 4: Hero folded before Flop (didn't bet)
Seat 5: ba875a14 (button) folded before Flop (didn't bet)
Seat 6: 39c475d5 (small blind) collected ($0.1)


Poker Hand #HD1711245800: Hold'em No Limit ($0.02/$0.05) - 2024/04/01 20:30:51
Table 'NLHBlue41' 6-max Seat #4 is the button
Seat 1: 663c8d52 ($5.42 in chips)
Seat 2: 973dc76f ($5.48 in chips)
Seat 3: e0d41e20 ($5 in chips)
Seat 4: Hero ($5 in chips)
Seat 5: ba875a14 ($5.18 in chips)
Seat 6: 39c475d5 ($16.31 in chips)
ba875a14: posts small blind $0.02
39c475d5: posts big blind $0.05
*** HOLE CARDS ***
Dealt to 663c8d52 
Dealt to 973dc76f 
Dealt to e0d41e20 
Dealt to Hero [8s 9c]
Dealt to ba875a14 
Dealt to 39c475d5 
663c8d52: folds
973dc76f: folds
e0d41e20: raises $0.08 to $0.13
Hero: folds
ba875a14: folds
39c475d5: folds
Uncalled bet ($0.08) returned to e0d41e20
*** SHOWDOWN ***
e0d41e20 collected $0.12 from pot
*** SUMMARY ***
Total pot $0.12 | Rake $0 | Jackpot $0 | Bingo $0 | Fortune $0 | Tax $0
Seat 1: 663c8d52 folded before Flop (didn't bet)
Seat 2: 973dc76f folded before Flop (didn't bet)
Seat 3: e0d41e20 collected ($0.12)
Seat 4: Hero (button) folded before Flop (didn't bet)
Seat 5: ba875a14 (small blind) folded before Flop
Seat 6: 39c475d5 (big blind) folded before Flop


Poker Hand #HD1711245679: Hold'em No Limit ($0.02/$0.05) - 2024/04/01 20:29:56
Table 'NLHBlue41' 6-max Seat #3 is the button
Seat 1: 663c8d52 ($5.15 in chips)
Seat 2: 973dc76f ($5.48 in chips)
Seat 3: e0d41e20 ($5 in chips)
Seat 4: Hero ($5 in chips)
Seat 5: ba875a14 ($5.23 in chips)
Seat 6: 39c475d5 ($16.53 in chips)
Hero: posts small blind $0.02
ba875a14: posts big blind $0.05
*** HOLE CARDS ***
Dealt to 663c8d52 
Dealt to 973dc76f 
Dealt to e0d41e20 
Dealt to Hero [Td Kd]
Dealt to ba875a14 
Dealt to 39c475d5 
39c475d5: calls $0.05
663c8d52: raises $0.17 to $0.22
973dc76f: folds
e0d41e20: folds
Hero: folds
ba875a14: folds
39c475d5: calls $0.17
*** FLOP *** [Qc Qs Jh]
39c475d5: checks
663c8d52: bets $0.17
39c475d5: folds
Uncalled bet ($0.17) returned to 663c8d52
*** SHOWDOWN ***
663c8d52 collected $0.49 from pot
*** SUMMARY ***
Total pot $0.51 | Rake $0.02 | Jackpot $0 | Bingo $0 | Fortune $0 | Tax $0
Board [Qc Qs Jh]
Seat 1: 663c8d52 won ($0.49)
Seat 2: 973dc76f folded before Flop (didn't bet)
Seat 3: e0d41e20 (button) folded before Flop (didn't bet)
Seat 4: Hero (small blind) folded before Flop
Seat 5: ba875a14 (big blind) folded before Flop
Seat 6: 39c475d5 folded on the Flop


Poker Hand #HD1711155481: Hold'em No Limit ($0.02/$0.05) - 2024/04/01 20:28:28
Table 'NLHBlue41' 6-max Seat #2 is the button
Seat 1: 663c8d52 ($5.15 in chips)
Seat 2: 973dc76f ($5.48 in chips)
Seat 3: e0d41e20 ($5 in chips)
Seat 4: Hero ($5.29 in chips)
Seat 5: ba875a14 ($5.23 in chips)
Seat 6: 39c475d5 ($11.77 in chips)
e0d41e20: posts small blind $0.02
Hero: posts big blind $0.05
*** HOLE CARDS ***
Dealt to 663c8d52 
Dealt to 973dc76f 
Dealt to e0d41e20 
Dealt to Hero [As Ah]
Dealt to ba875a14 
Dealt to 39c475d5 
ba875a14: folds
39c475d5: calls $0.05
663c8d52: folds
973dc76f: folds
e0d41e20: folds
Hero: raises $0.15 to $0.2
39c475d5: calls $0.15
*** FLOP *** [Th 6d 6s]
Hero: bets $0.15
39c475d5: raises $0.54 to $0.69
Hero: calls $0.54
*** TURN *** [Th 6d 6s] [5s]
Hero: checks
39c475d5: bets $0.9
Hero: calls $0.9
*** RIVER *** [Th 6d 6s 5s] [Tc]
Hero: checks
39c475d5: bets $3.6
Hero: calls $3.5 and is all-in
Uncalled bet ($0.1) returned to 39c475d5
39c475d5: shows [7d Ts] (Tens Full over Sixes)
Hero: shows [As Ah] (Pair of Aces and Pair of Tens)
*** SHOWDOWN ***
39c475d5 collected $10.05 from pot
*** SUMMARY ***
Total pot $10.6 | Rake $0.5 | Jackpot $0.05 | Bingo $0 | Fortune $0 | Tax $0
Board [Th 6d 6s 5s Tc]
Seat 1: 663c8d52 folded before Flop (didn't bet)
Seat 2: 973dc76f (button) folded before Flop (didn't bet)
Seat 3: e0d41e20 (small blind) folded before Flop
Seat 4: Hero (big blind) showed [As Ah] and lost with Pair of Aces and Pair of Tens
Seat 5: ba875a14 folded before Flop (didn't bet)
Seat 6: 39c475d5 showed [7d Ts] and won ($10.05) with Tens Full over Sixes


Poker Hand #HD1711155379: Hold'em No Limit ($0.02/$0.05) - 2024/04/01 20:27:43
Table 'NLHBlue41' 6-max Seat #1 is the button
Seat 1: 663c8d52 ($5.15 in chips)
Seat 2: 973dc76f ($5.5 in chips)
Seat 3: e0d41e20 ($5 in chips)
Seat 4: Hero ($5.29 in chips)
Seat 5: ba875a14 ($5.65 in chips)
Seat 6: 39c475d5 ($11.27 in chips)
973dc76f: posts small blind $0.02
e0d41e20: posts big blind $0.05
*** HOLE CARDS ***
Dealt to 663c8d52 
Dealt to 973dc76f 
Dealt to e0d41e20 
Dealt to Hero [6d Tc]
Dealt to ba875a14 
Dealt to 39c475d5 
Hero: folds
ba875a14: raises $0.05 to $0.1
39c475d5: calls $0.1
663c8d52: folds
973dc76f: folds
e0d41e20: calls $0.05
*** FLOP *** [6c 8d 9c]
e0d41e20: checks
ba875a14: checks
39c475d5: bets $0.32
e0d41e20: folds
ba875a14: calls $0.32
*** TURN *** [6c 8d 9c] [Jc]
ba875a14: checks
39c475d5: bets $0.96
ba875a14: folds
Uncalled bet ($0.96) returned to 39c475d5
*** SHOWDOWN ***
39c475d5 collected $0.92 from pot
*** SUMMARY ***
Total pot $0.96 | Rake $0.04 | Jackpot $0 | Bingo $0 | Fortune $0 | Tax $0
Board [6c 8d 9c Jc]
Seat 1: 663c8d52 (button) folded before Flop (didn't bet)
Seat 2: 973dc76f (small blind) folded before Flop
Seat 3: e0d41e20 (big blind) folded on the Flop
Seat 4: Hero folded before Flop (didn't bet)
Seat 5: ba875a14 folded on the Turn
Seat 6: 39c475d5 won ($0.92)


Poker Hand #HD1711155296: Hold'em No Limit ($0.02/$0.05) - 2024/04/01 20:27:04
Table 'NLHBlue41' 6-max Seat #6 is the button
Seat 1: 663c8d52 ($5.17 in chips)
Seat 2: 973dc76f ($5.55 in chips)
Seat 3: e0d41e20 ($5 in chips)
Seat 4: Hero ($5.29 in chips)
Seat 5: ba875a14 ($5.46 in chips)
Seat 6: 39c475d5 ($11.4 in chips)
663c8d52: posts small blind $0.02
973dc76f: posts big blind $0.05
*** HOLE CARDS ***
Dealt to 663c8d52 
Dealt to 973dc76f 
Dealt to e0d41e20 
Dealt to Hero [9h Qs]
Dealt to ba875a14 
Dealt to 39c475d5 
e0d41e20: folds
Hero: folds
ba875a14: raises $0.08 to $0.13
39c475d5: calls $0.13
663c8d52: folds
973dc76f: folds
*** FLOP *** [7c As 7s]
ba875a14: bets $0.11
39c475d5: folds
Uncalled bet ($0.11) returned to ba875a14
*** SHOWDOWN ***
ba875a14 collected $0.32 from pot
*** SUMMARY ***
Total pot $0.33 | Rake $0.01 | Jackpot $0 | Bingo $0 | Fortune $0 | Tax $0
Board [7c As 7s]
Seat 1: 663c8d52 (small blind) folded before Flop
Seat 2: 973dc76f (big blind) folded before Flop
Seat 3: e0d41e20 folded before Flop (didn't bet)
Seat 4: Hero folded before Flop (didn't bet)
Seat 5: ba875a14 won ($0.32)
Seat 6: 39c475d5 (button) folded on the Flop


Poker Hand #HD1711155253: Hold'em No Limit ($0.02/$0.05) - 2024/04/01 20:26:46
Table 'NLHBlue41' 6-max Seat #5 is the button
Seat 1: 663c8d52 ($5.22 in chips)
Seat 2: 973dc76f ($5.55 in chips)
Seat 3: e0d41e20 ($5 in chips)
Seat 4: Hero ($5.29 in chips)
Seat 5: ba875a14 ($5.46 in chips)
Seat 6: 39c475d5 ($11.35 in chips)
39c475d5: posts small blind $0.02
663c8d52: posts big blind $0.05
*** HOLE CARDS ***
Dealt to 663c8d52 
Dealt to 973dc76f 
Dealt to e0d41e20 
Dealt to Hero [9c 4h]
Dealt to ba875a14 
Dealt to 39c475d5 
973dc76f: folds
e0d41e20: folds
Hero: folds
ba875a14: folds
39c475d5: raises $0.1 to $0.15
663c8d52: folds
Uncalled bet ($0.1) returned to 39c475d5
*** SHOWDOWN ***
39c475d5 collected $0.1 from pot
*** SUMMARY ***
Total pot $0.1 | Rake $0 | Jackpot $0 | Bingo $0 | Fortune $0 | Tax $0
Seat 1: 663c8d52 (big blind) folded before Flop
Seat 2: 973dc76f folded before Flop (didn't bet)
Seat 3: e0d41e20 folded before Flop (didn't bet)
Seat 4: Hero folded before Flop (didn't bet)
Seat 5: ba875a14 (button) folded before Flop (didn't bet)
Seat 6: 39c475d5 (small blind) collected ($0.1)


Poker Hand #HD1711155141: Hold'em No Limit ($0.02/$0.05) - 2024/04/01 20:25:57
Table 'NLHBlue41' 6-max Seat #4 is the button
Seat 1: 663c8d52 ($5.22 in chips)
Seat 2: 973dc76f ($5.81 in chips)
Seat 3: e0d41e20 ($5 in chips)
Seat 4: Hero ($5.29 in chips)
Seat 5: ba875a14 ($5.48 in chips)
Seat 6: 39c475d5 ($11.09 in chips)
ba875a14: posts small blind $0.02
39c475d5: posts big blind $0.05
*** HOLE CARDS ***
Dealt to 663c8d52 
Dealt to 973dc76f 
Dealt to e0d41e20 
Dealt to Hero [2h 9s]
Dealt to ba875a14 
Dealt to 39c475d5 
663c8d52: folds
973dc76f: raises $0.1 to $0.15
e0d41e20: folds
Hero: folds
ba875a14: folds
39c475d5: calls $0.1
*** FLOP *** [9c 7c Ah]
39c475d5: checks
973dc76f: bets $0.11
39c475d5: calls $0.11
*** TURN *** [9c 7c Ah] [As]
39c475d5: checks
973dc76f: checks
*** RIVER *** [9c 7c Ah As] [Th]
39c475d5: checks
973dc76f: checks
39c475d5: shows [9d 4d] (Pair of Aces and Pair of Nines)
973dc76f: shows [5h 5d] (Pair of Aces and Pair of Fives)
*** SHOWDOWN ***
39c475d5 collected $0.52 from pot
*** SUMMARY ***
Total pot $0.54 | Rake $0.02 | Jackpot $0 | Bingo $0 | Fortune $0 | Tax $0
Board [9c 7c Ah As Th]
Seat 1: 663c8d52 folded before Flop (didn't bet)
Seat 2: 973dc76f showed [5h 5d] and lost with Pair of Aces and Pair of Fives
Seat 3: e0d41e20 folded before Flop (didn't bet)
Seat 4: Hero (button) folded before Flop (didn't bet)
Seat 5: ba875a14 (small blind) folded before Flop
Seat 6: 39c475d5 (big blind) showed [9d 4d] and won ($0.52) with Pair of Aces and Pair of Nines


Poker Hand #HD1711155010: Hold'em No Limit ($0.02/$0.05) - 2024/04/01 20:24:58
Table 'NLHBlue41' 6-max Seat #3 is the button
Seat 1: 663c8d52 ($5.22 in chips)
Seat 2: 973dc76f ($5 in chips)
Seat 3: e0d41e20 ($5 in chips)
Seat 4: Hero ($5.31 in chips)
Seat 5: ba875a14 ($5.53 in chips)
Seat 6: 39c475d5 ($11.49 in chips)
Hero: posts small blind $0.02
ba875a14: posts big blind $0.05
*** HOLE CARDS ***
Dealt to 663c8d52 
Dealt to 973dc76f 
Dealt to e0d41e20 
Dealt to Hero [3c 3s]
Dealt to ba875a14 
Dealt to 39c475d5 
39c475d5: raises $0.05 to $0.1
663c8d52: folds
973dc76f: raises $0.3 to $0.4
e0d41e20: calls $0.4
Hero: folds
ba875a14: folds
39c475d5: calls $0.3
*** FLOP *** [4h Kd Jh]
39c475d5: checks
973dc76f: bets $0.6
e0d41e20: folds
39c475d5: folds
Uncalled bet ($0.6) returned to 973dc76f
*** SHOWDOWN ***
973dc76f collected $1.21 from pot
*** SUMMARY ***
Total pot $1.27 | Rake $0.06 | Jackpot $0 | Bingo $0 | Fortune $0 | Tax $0
Board [4h Kd Jh]
Seat 1: 663c8d52 folded before Flop (didn't bet)
Seat 2: 973dc76f won ($1.21)
Seat 3: e0d41e20 (button) folded on the Flop
Seat 4: Hero (small blind) folded before Flop
Seat 5: ba875a14 (big blind) folded before Flop
Seat 6: 39c475d5 folded on the Flop


Poker Hand #HD1711154939: Hold'em No Limit ($0.02/$0.05) - 2024/04/01 20:24:27
Table 'NLHBlue41' 6-max Seat #2 is the button
Seat 1: 663c8d52 ($5.22 in chips)
Seat 2: 973dc76f ($5 in chips)
Seat 3: e0d41e20 ($5 in chips)
Seat 4: Hero ($5.36 in chips)
Seat 5: ba875a14 ($5.53 in chips)
Seat 6: 39c475d5 ($11.42 in chips)
e0d41e20: posts small blind $0.02
Hero: posts big blind $0.05
*** HOLE CARDS ***
Dealt to 663c8d52 
Dealt to 973dc76f 
Dealt to e0d41e20 
Dealt to Hero [5h Qd]
Dealt to ba875a14 
Dealt to 39c475d5 
ba875a14: folds
39c475d5: raises $0.05 to $0.1
663c8d52: folds
973dc76f: folds
e0d41e20: folds
Hero: folds
Uncalled bet ($0.05) returned to 39c475d5
*** SHOWDOWN ***
39c475d5 collected $0.12 from pot
*** SUMMARY ***
Total pot $0.12 | Rake $0 | Jackpot $0 | Bingo $0 | Fortune $0 | Tax $0
Seat 1: 663c8d52 folded before Flop (didn't bet)
Seat 2: 973dc76f (button) folded before Flop (didn't bet)
Seat 3: e0d41e20 (small blind) folded before Flop
Seat 4: Hero (big blind) folded before Flop
Seat 5: ba875a14 folded before Flop (didn't bet)
Seat 6: 39c475d5 collected ($0.12)


Poker Hand #HD1711154875: Hold'em No Limit ($0.02/$0.05) - 2024/04/01 20:24:02
Table 'NLHBlue41' 6-max Seat #1 is the button
Seat 1: 663c8d52 ($5.22 in chips)
Seat 2: 973dc76f ($5 in chips)
Seat 3: e0d41e20 ($5 in chips)
Seat 4: Hero ($5.36 in chips)
Seat 5: ba875a14 ($5.53 in chips)
Seat 6: 39c475d5 ($11.35 in chips)
973dc76f: posts small blind $0.02
e0d41e20: posts big blind $0.05
*** HOLE CARDS ***
Dealt to 663c8d52 
Dealt to 973dc76f 
Dealt to e0d41e20 
Dealt to Hero [Ks 6h]
Dealt to ba875a14 
Dealt to 39c475d5 
Hero: folds
ba875a14: folds
39c475d5: calls $0.05
663c8d52: folds
973dc76f: folds
e0d41e20: checks
*** FLOP *** [4c 8s 2d]
e0d41e20: checks
39c475d5: bets $0.12
e0d41e20: folds
Uncalled bet ($0.12) returned to 39c475d5
*** SHOWDOWN ***
39c475d5 collected $0.12 from pot
*** SUMMARY ***
Total pot $0.12 | Rake $0 | Jackpot $0 | Bingo $0 | Fortune $0 | Tax $0
Board [4c 8s 2d]
Seat 1: 663c8d52 (button) folded before Flop (didn't bet)
Seat 2: 973dc76f (small blind) folded before Flop
Seat 3: e0d41e20 (big blind) folded on the Flop
Seat 4: Hero folded before Flop (didn't bet)
Seat 5: ba875a14 folded before Flop (didn't bet)
Seat 6: 39c475d5 won ($0.12)


Poker Hand #HD1711154798: Hold'em No Limit ($0.02/$0.05) - 2024/04/01 20:23:30
Table 'NLHBlue41' 6-max Seat #6 is the button
Seat 1: 663c8d52 ($5.24 in chips)
Seat 2: 973dc76f ($5 in chips)
Seat 4: Hero ($5.36 in chips)
Seat 5: ba875a14 ($5.66 in chips)
Seat 6: 39c475d5 ($11.16 in chips)
663c8d52: posts small blind $0.02
973dc76f: posts big blind $0.05
*** HOLE CARDS ***
Dealt to 663c8d52 
Dealt to 973dc76f 
Dealt to Hero [Js 5d]
Dealt to ba875a14 
Dealt to 39c475d5 
Hero: folds
ba875a14: raises $0.08 to $0.13
39c475d5: calls $0.13
663c8d52: folds
973dc76f: folds
*** FLOP *** [3h 8c 2c]
ba875a14: checks
39c475d5: bets $0.17
ba875a14: folds
Uncalled bet ($0.17) returned to 39c475d5
*** SHOWDOWN ***
39c475d5 collected $0.32 from pot
*** SUMMARY ***
Total pot $0.33 | Rake $0.01 | Jackpot $0 | Bingo $0 | Fortune $0 | Tax $0
Board [3h 8c 2c]
Seat 1: 663c8d52 (small blind) folded before Flop
Seat 2: 973dc76f (big blind) folded before Flop
Seat 4: Hero folded before Flop (didn't bet)
Seat 5: ba875a14 folded on the Flop
Seat 6: 39c475d5 (button) won ($0.32)


Poker Hand #HD1711154774: Hold'em No Limit ($0.02/$0.05) - 2024/04/01 20:23:20
Table 'NLHBlue41' 6-max Seat #5 is the button
Seat 1: 663c8d52 ($5.29 in chips)
Seat 2: 973dc76f ($5 in chips)
Seat 4: Hero ($5.36 in chips)
Seat 5: ba875a14 ($5.66 in chips)
Seat 6: 39c475d5 ($11.11 in chips)
39c475d5: posts small blind $0.02
663c8d52: posts big blind $0.05
*** HOLE CARDS ***
Dealt to 663c8d52 
Dealt to 973dc76f 
Dealt to Hero [8c 7s]
Dealt to ba875a14 
Dealt to 39c475d5 
973dc76f: folds
Hero: folds
ba875a14: folds
39c475d5: raises $0.05 to $0.1
663c8d52: folds
Uncalled bet ($0.05) returned to 39c475d5
*** SHOWDOWN ***
39c475d5 collected $0.1 from pot
*** SUMMARY ***
Total pot $0.1 | Rake $0 | Jackpot $0 | Bingo $0 | Fortune $0 | Tax $0
Seat 1: 663c8d52 (big blind) folded before Flop
Seat 2: 973dc76f folded before Flop (didn't bet)
Seat 4: Hero folded before Flop (didn't bet)
Seat 5: ba875a14 (button) folded before Flop (didn't bet)
Seat 6: 39c475d5 (small blind) collected ($0.1)


Poker Hand #HD1711154683: Hold'em No Limit ($0.02/$0.05) - 2024/04/01 20:22:40
Table 'NLHBlue41' 6-max Seat #4 is the button
Seat 1: 663c8d52 ($5.29 in chips)
Seat 2: 973dc76f ($5 in chips)
Seat 4: Hero ($5.36 in chips)
Seat 5: ba875a14 ($6.05 in chips)
Seat 6: 39c475d5 ($10.75 in chips)
ba875a14: posts small blind $0.02
39c475d5: posts big blind $0.05
*** HOLE CARDS ***
Dealt to 663c8d52 
Dealt to 973dc76f 
Dealt to Hero [7s 3h]
Dealt to ba875a14 
Dealt to 39c475d5 
663c8d52: folds
973dc76f: folds
Hero: folds
ba875a14: raises $0.08 to $0.13
39c475d5: raises $0.26 to $0.39
ba875a14: calls $0.26
*** FLOP *** [Js 4s Ah]
ba875a14: checks
39c475d5: bets $0.26
ba875a14: folds
Uncalled bet ($0.26) returned to 39c475d5
*** SHOWDOWN ***
39c475d5 collected $0.75 from pot
*** SUMMARY ***
Total pot $0.78 | Rake $0.03 | Jackpot $0 | Bingo $0 | Fortune $0 | Tax $0
Board [Js 4s Ah]
Seat 1: 663c8d52 folded before Flop (didn't bet)
Seat 2: 973dc76f folded before Flop (didn't bet)
Seat 4: Hero (button) folded before Flop (didn't bet)
Seat 5: ba875a14 (small blind) folded on the Flop
Seat 6: 39c475d5 (big blind) won ($0.75)


Poker Hand #HD1711154635: Hold'em No Limit ($0.02/$0.05) - 2024/04/01 20:22:18
Table 'NLHBlue41' 6-max Seat #2 is the button
Seat 1: 663c8d52 ($5.29 in chips)
Seat 2: 973dc76f ($5 in chips)
Seat 3: 71a258fc ($5.52 in chips)
Seat 4: Hero ($5.41 in chips)
Seat 5: ba875a14 ($6.05 in chips)
Seat 6: 39c475d5 ($10.68 in chips)
71a258fc: posts small blind $0.02
Hero: posts big blind $0.05
*** HOLE CARDS ***
Dealt to 663c8d52 
Dealt to 973dc76f 
Dealt to 71a258fc 
Dealt to Hero [4s 8h]
Dealt to ba875a14 
Dealt to 39c475d5 
ba875a14: folds
39c475d5: raises $0.05 to $0.1
663c8d52: folds
973dc76f: folds
71a258fc: folds
Hero: folds
Uncalled bet ($0.05) returned to 39c475d5
*** SHOWDOWN ***
39c475d5 collected $0.12 from pot
*** SUMMARY ***
Total pot $0.12 | Rake $0 | Jackpot $0 | Bingo $0 | Fortune $0 | Tax $0
Seat 1: 663c8d52 folded before Flop (didn't bet)
Seat 2: 973dc76f (button) folded before Flop (didn't bet)
Seat 3: 71a258fc (small blind) folded before Flop
Seat 4: Hero (big blind) folded before Flop
Seat 5: ba875a14 folded before Flop (didn't bet)
Seat 6: 39c475d5 collected ($0.12)


Poker Hand #HD1711154581: Hold'em No Limit ($0.02/$0.05) - 2024/04/01 20:21:56
Table 'NLHBlue41' 6-max Seat #1 is the button
Seat 1: 663c8d52 ($5.29 in chips)
Seat 2: 973dc76f ($5.01 in chips)
Seat 3: 71a258fc ($5.57 in chips)
Seat 4: Hero ($5.41 in chips)
Seat 5: ba875a14 ($6.05 in chips)
Seat 6: 39c475d5 ($10.61 in chips)
973dc76f: posts small blind $0.02
71a258fc: posts big blind $0.05
*** HOLE CARDS ***
Dealt to 663c8d52 
Dealt to 973dc76f 
Dealt to 71a258fc 
Dealt to Hero [8s 9c]
Dealt to ba875a14 
Dealt to 39c475d5 
Hero: folds
ba875a14: folds
39c475d5: raises $0.05 to $0.1
663c8d52: folds
973dc76f: folds
71a258fc: folds
Uncalled bet ($0.05) returned to 39c475d5
*** SHOWDOWN ***
39c475d5 collected $0.12 from pot
*** SUMMARY ***
Total pot $0.12 | Rake $0 | Jackpot $0 | Bingo $0 | Fortune $0 | Tax $0
Seat 1: 663c8d52 (button) folded before Flop (didn't bet)
Seat 2: 973dc76f (small blind) folded before Flop
Seat 3: 71a258fc (big blind) folded before Flop
Seat 4: Hero folded before Flop (didn't bet)
Seat 5: ba875a14 folded before Flop (didn't bet)
Seat 6: 39c475d5 collected ($0.12)


Poker Hand #HD1711154487: Hold'em No Limit ($0.02/$0.05) - 2024/04/01 20:21:12
Table 'NLHBlue41' 6-max Seat #6 is the button
Seat 1: 663c8d52 ($5.79 in chips)
Seat 2: 973dc76f ($5.06 in chips)
Seat 3: 71a258fc ($5.57 in chips)
Seat 4: Hero ($5.41 in chips)
Seat 5: ba875a14 ($6.05 in chips)
Seat 6: 39c475d5 ($10.11 in chips)
663c8d52: posts small blind $0.02
973dc76f: posts big blind $0.05
*** HOLE CARDS ***
Dealt to 663c8d52 
Dealt to 973dc76f 
Dealt to 71a258fc 
Dealt to Hero [8c 9h]
Dealt to ba875a14 
Dealt to 39c475d5 
71a258fc: folds
Hero: folds
ba875a14: folds
39c475d5: raises $0.05 to $0.1
663c8d52: raises $0.4 to $0.5
973dc76f: folds
39c475d5: raises $0.79 to $1.29
663c8d52: folds
Uncalled bet ($0.79) returned to 39c475d5
*** SHOWDOWN ***
39c475d5 collected $1 from pot
*** SUMMARY ***
Total pot $1.05 | Rake $0.05 | Jackpot $0 | Bingo $0 | Fortune $0 | Tax $0
Seat 1: 663c8d52 (small blind) folded before Flop
Seat 2: 973dc76f (big blind) folded before Flop
Seat 3: 71a258fc folded before Flop (didn't bet)
Seat 4: Hero folded before Flop (didn't bet)
Seat 5: ba875a14 folded before Flop (didn't bet)
Seat 6: 39c475d5 (button) collected ($1)


Poker Hand #HD1711154404: Hold'em No Limit ($0.02/$0.05) - 2024/04/01 20:20:37
Table 'NLHBlue41' 6-max Seat #5 is the button
Seat 1: 663c8d52 ($5.84 in chips)
Seat 2: 973dc76f ($5.06 in chips)
Seat 3: 71a258fc ($5.69 in chips)
Seat 4: Hero ($5.23 in chips)
Seat 5: ba875a14 ($6.05 in chips)
Seat 6: 39c475d5 ($10.13 in chips)
39c475d5: posts small blind $0.02
663c8d52: posts big blind $0.05
*** HOLE CARDS ***
Dealt to 663c8d52 
Dealt to 973dc76f 
Dealt to 71a258fc 
Dealt to Hero [Ah Kc]
Dealt to ba875a14 
Dealt to 39c475d5 
973dc76f: folds
71a258fc: raises $0.07 to $0.12
Hero: raises $0.28 to $0.4
ba875a14: folds
39c475d5: folds
663c8d52: folds
71a258fc: folds
Uncalled bet ($0.28) returned to Hero
*** SHOWDOWN ***
Hero collected $0.3 from pot
*** SUMMARY ***
Total pot $0.31 | Rake $0.01 | Jackpot $0 | Bingo $0 | Fortune $0 | Tax $0
Seat 1: 663c8d52 (big blind) folded before Flop
Seat 2: 973dc76f folded before Flop (didn't bet)
Seat 3: 71a258fc folded before Flop
Seat 4: Hero collected ($0.3)
Seat 5: ba875a14 (button) folded before Flop (didn't bet)
Seat 6: 39c475d5 (small blind) folded before Flop


Poker Hand #HD1711154366: Hold'em No Limit ($0.02/$0.05) - 2024/04/01 20:20:22
Table 'NLHBlue41' 6-max Seat #4 is the button
Seat 1: 663c8d52 ($5.84 in chips)
Seat 2: 973dc76f ($5.06 in chips)
Seat 3: 71a258fc ($5.62 in chips)
Seat 4: Hero ($5.23 in chips)
Seat 5: ba875a14 ($6.07 in chips)
Seat 6: 39c475d5 ($10.18 in chips)
ba875a14: posts small blind $0.02
39c475d5: posts big blind $0.05
*** HOLE CARDS ***
Dealt to 663c8d52 
Dealt to 973dc76f 
Dealt to 71a258fc 
Dealt to Hero [8d 4s]
Dealt to ba875a14 
Dealt to 39c475d5 
663c8d52: folds
973dc76f: folds
71a258fc: raises $0.07 to $0.12
Hero: folds
ba875a14: folds
39c475d5: folds
Uncalled bet ($0.07) returned to 71a258fc
*** SHOWDOWN ***
71a258fc collected $0.12 from pot
*** SUMMARY ***
Total pot $0.12 | Rake $0 | Jackpot $0 | Bingo $0 | Fortune $0 | Tax $0
Seat 1: 663c8d52 folded before Flop (didn't bet)
Seat 2: 973dc76f folded before Flop (didn't bet)
Seat 3: 71a258fc collected ($0.12)
Seat 4: Hero (button) folded before Flop (didn't bet)
Seat 5: ba875a14 (small blind) folded before Flop
Seat 6: 39c475d5 (big blind) folded before Flop


Poker Hand #HD1711154290: Hold'em No Limit ($0.02/$0.05) - 2024/04/01 20:19:51
Table 'NLHBlue41' 6-max Seat #3 is the button
Seat 1: 663c8d52 ($5.84 in chips)
Seat 2: 973dc76f ($5.06 in chips)
Seat 3: 71a258fc ($5.55 in chips)
Seat 4: Hero ($5.25 in chips)
Seat 5: ba875a14 ($6.12 in chips)
Seat 6: 39c475d5 ($10.18 in chips)
Hero: posts small blind $0.02
ba875a14: posts big blind $0.05
*** HOLE CARDS ***
Dealt to 663c8d52 
Dealt to 973dc76f 
Dealt to 71a258fc 
Dealt to Hero [Qd Jh]
Dealt to ba875a14 
Dealt to 39c475d5 
39c475d5: folds
663c8d52: folds
973dc76f: folds
71a258fc: raises $0.07 to $0.12
Hero: folds
ba875a14: folds
Uncalled bet ($0.07) returned to 71a258fc
*** SHOWDOWN ***
71a258fc collected $0.12 from pot
*** SUMMARY ***
Total pot $0.12 | Rake $0 | Jackpot $0 | Bingo $0 | Fortune $0 | Tax $0
Seat 1: 663c8d52 folded before Flop (didn't bet)
Seat 2: 973dc76f folded before Flop (didn't bet)
Seat 3: 71a258fc (button) collected ($0.12)
Seat 4: Hero (small blind) folded before Flop
Seat 5: ba875a14 (big blind) folded before Flop
Seat 6: 39c475d5 folded before Flop (didn't bet)


Poker Hand #HD1711154175: Hold'em No Limit ($0.02/$0.05) - 2024/04/01 20:19:01
Table 'NLHBlue41' 6-max Seat #2 is the button
Seat 1: 663c8d52 ($5.84 in chips)
Seat 2: 973dc76f ($5.06 in chips)
Seat 3: 71a258fc ($5.6 in chips)
Seat 4: Hero ($5.3 in chips)
Seat 5: ba875a14 ($6.12 in chips)
Seat 6: 39c475d5 ($10.08 in chips)
71a258fc: posts small blind $0.02
Hero: posts big blind $0.05
*** HOLE CARDS ***
Dealt to 663c8d52 
Dealt to 973dc76f 
Dealt to 71a258fc 
Dealt to Hero [2h Qh]
Dealt to ba875a14 
Dealt to 39c475d5 
ba875a14: folds
39c475d5: calls $0.05
663c8d52: folds
973dc76f: folds
71a258fc: calls $0.03
Hero: checks
*** FLOP *** [3s 2s Ks]
71a258fc: checks
Hero: checks
39c475d5: bets $0.15
71a258fc: folds
Hero: folds
Uncalled bet ($0.15) returned to 39c475d5
*** SHOWDOWN ***
39c475d5 collected $0.15 from pot
*** SUMMARY ***
Total pot $0.15 | Rake $0 | Jackpot $0 | Bingo $0 | Fortune $0 | Tax $0
Board [3s 2s Ks]
Seat 1: 663c8d52 folded before Flop (didn't bet)
Seat 2: 973dc76f (button) folded before Flop (didn't bet)
Seat 3: 71a258fc (small blind) folded on the Flop
Seat 4: Hero (big blind) folded on the Flop
Seat 5: ba875a14 folded before Flop (didn't bet)
Seat 6: 39c475d5 won ($0.15)


Poker Hand #HD1711154097: Hold'em No Limit ($0.02/$0.05) - 2024/04/01 20:18:25
Table 'NLHBlue41' 6-max Seat #1 is the button
Seat 1: 663c8d52 ($5.84 in chips)
Seat 2: 973dc76f ($5.21 in chips)
Seat 3: 71a258fc ($5.46 in chips)
Seat 4: Hero ($5.3 in chips)
Seat 5: ba875a14 ($6.12 in chips)
Seat 6: 39c475d5 ($10.08 in chips)
973dc76f: posts small blind $0.02
71a258fc: posts big blind $0.05
*** HOLE CARDS ***
Dealt to 663c8d52 
Dealt to 973dc76f 
Dealt to 71a258fc 
Dealt to Hero [Jc 5d]
Dealt to ba875a14 
Dealt to 39c475d5 
Hero: folds
ba875a14: folds
39c475d5: folds
663c8d52: folds
973dc76f: raises $0.1 to $0.15
71a258fc: calls $0.1
*** FLOP *** [4d Ah 9c]
973dc76f: checks
71a258fc: bets $0.15
973dc76f: folds
Uncalled bet ($0.15) returned to 71a258fc
*** SHOWDOWN ***
71a258fc collected $0.29 from pot
*** SUMMARY ***
Total pot $0.3 | Rake $0.01 | Jackpot $0 | Bingo $0 | Fortune $0 | Tax $0
Board [4d Ah 9c]
Seat 1: 663c8d52 (button) folded before Flop (didn't bet)
Seat 2: 973dc76f (small blind) folded on the Flop
Seat 3: 71a258fc (big blind) won ($0.29)
Seat 4: Hero folded before Flop (didn't bet)
Seat 5: ba875a14 folded before Flop (didn't bet)
Seat 6: 39c475d5 folded before Flop (didn't bet)


Poker Hand #HD1711153999: Hold'em No Limit ($0.02/$0.05) - 2024/04/01 20:17:48
Table 'NLHBlue41' 6-max Seat #6 is the button
Seat 1: 663c8d52 ($5.86 in chips)
Seat 2: 973dc76f ($5 in chips)
Seat 3: 71a258fc ($5.46 in chips)
Seat 4: Hero ($5.3 in chips)
Seat 5: ba875a14 ($6.12 in chips)
Seat 6: 39c475d5 ($10.29 in chips)
663c8d52: posts small blind $0.02
973dc76f: posts big blind $0.05
*** HOLE CARDS ***
Dealt to 663c8d52 
Dealt to 973dc76f 
Dealt to 71a258fc 
Dealt to Hero [6s Tc]
Dealt to ba875a14 
Dealt to 39c475d5 
71a258fc: folds
Hero: folds
ba875a14: folds
39c475d5: raises $0.05 to $0.1
663c8d52: folds
973dc76f: calls $0.05
*** FLOP *** [6c As 6d]
973dc76f: checks
39c475d5: bets $0.11
973dc76f: raises $0.29 to $0.4
39c475d5: folds
Uncalled bet ($0.29) returned to 973dc76f
*** SHOWDOWN ***
973dc76f collected $0.42 from pot
*** SUMMARY ***
Total pot $0.44 | Rake $0.02 | Jackpot $0 | Bingo $0 | Fortune $0 | Tax $0
Board [6c As 6d]
Seat 1: 663c8d52 (small blind) folded before Flop
Seat 2: 973dc76f (big blind) won ($0.42)
Seat 3: 71a258fc folded before Flop (didn't bet)
Seat 4: Hero folded before Flop (didn't bet)
Seat 5: ba875a14 folded before Flop (didn't bet)
Seat 6: 39c475d5 (button) folded on the Flop


Poker Hand #HD1711153943: Hold'em No Limit ($0.02/$0.05) - 2024/04/01 20:17:20
Table 'NLHBlue41' 6-max Seat #5 is the button
Seat 1: 663c8d52 ($5.91 in chips)
Seat 3: 71a258fc ($5.46 in chips)
Seat 4: Hero ($5.43 in chips)
Seat 5: ba875a14 ($5.93 in chips)
Seat 6: 39c475d5 ($10.31 in chips)
39c475d5: posts small blind $0.02
663c8d52: posts big blind $0.05
*** HOLE CARDS ***
Dealt to 663c8d52 
Dealt to 71a258fc 
Dealt to Hero [Ad Tc]
Dealt to ba875a14 
Dealt to 39c475d5 
71a258fc: folds
Hero: raises $0.08 to $0.13
ba875a14: raises $0.27 to $0.4
39c475d5: folds
663c8d52: folds
Hero: folds
Uncalled bet ($0.27) returned to ba875a14
*** SHOWDOWN ***
ba875a14 collected $0.32 from pot
*** SUMMARY ***
Total pot $0.33 | Rake $0.01 | Jackpot $0 | Bingo $0 | Fortune $0 | Tax $0
Seat 1: 663c8d52 (big blind) folded before Flop
Seat 3: 71a258fc folded before Flop (didn't bet)
Seat 4: Hero folded before Flop
Seat 5: ba875a14 (button) collected ($0.32)
Seat 6: 39c475d5 (small blind) folded before Flop


Poker Hand #HD1711153875: Hold'em No Limit ($0.02/$0.05) - 2024/04/01 20:16:52
Table 'NLHBlue41' 6-max Seat #4 is the button
Seat 1: 663c8d52 ($5.91 in chips)
Seat 3: 71a258fc ($5.58 in chips)
Seat 4: Hero ($5.43 in chips)
Seat 5: ba875a14 ($5.95 in chips)
Seat 6: 39c475d5 ($10.18 in chips)
ba875a14: posts small blind $0.02
39c475d5: posts big blind $0.05
*** HOLE CARDS ***
Dealt to 663c8d52 
Dealt to 71a258fc 
Dealt to Hero [4d Kh]
Dealt to ba875a14 
Dealt to 39c475d5 
663c8d52: folds
71a258fc: raises $0.07 to $0.12
Hero: folds
ba875a14: folds
39c475d5: calls $0.07
*** FLOP *** [7d 9c 6h]
39c475d5: bets $0.2
71a258fc: folds
Uncalled bet ($0.2) returned to 39c475d5
*** SHOWDOWN ***
39c475d5 collected $0.25 from pot
*** SUMMARY ***
Total pot $0.26 | Rake $0.01 | Jackpot $0 | Bingo $0 | Fortune $0 | Tax $0
Board [7d 9c 6h]
Seat 1: 663c8d52 folded before Flop (didn't bet)
Seat 3: 71a258fc folded on the Flop
Seat 4: Hero (button) folded before Flop (didn't bet)
Seat 5: ba875a14 (small blind) folded before Flop
Seat 6: 39c475d5 (big blind) won ($0.25)


Poker Hand #HD1711153830: Hold'em No Limit ($0.02/$0.05) - 2024/04/01 20:16:32
Table 'NLHBlue41' 6-max Seat #3 is the button
Seat 1: 663c8d52 ($5.79 in chips)
Seat 3: 71a258fc ($5.58 in chips)
Seat 4: Hero ($5.45 in chips)
Seat 5: ba875a14 ($6 in chips)
Seat 6: 39c475d5 ($10.23 in chips)
Hero: posts small blind $0.02
ba875a14: posts big blind $0.05
*** HOLE CARDS ***
Dealt to 663c8d52 
Dealt to 71a258fc 
Dealt to Hero [4h 5s]
Dealt to ba875a14 
Dealt to 39c475d5 
39c475d5: calls $0.05
663c8d52: raises $0.17 to $0.22
71a258fc: folds
Hero: folds
ba875a14: folds
39c475d5: folds
Uncalled bet ($0.17) returned to 663c8d52
*** SHOWDOWN ***
663c8d52 collected $0.17 from pot
*** SUMMARY ***
Total pot $0.17 | Rake $0 | Jackpot $0 | Bingo $0 | Fortune $0 | Tax $0
Seat 1: 663c8d52 collected ($0.17)
Seat 3: 71a258fc (button) folded before Flop (didn't bet)
Seat 4: Hero (small blind) folded before Flop
Seat 5: ba875a14 (big blind) folded before Flop
Seat 6: 39c475d5 folded before Flop


Poker Hand #HD1711153794: Hold'em No Limit ($0.02/$0.05) - 2024/04/01 20:16:19
Table 'NLHBlue41' 6-max Seat #1 is the button
Seat 1: 663c8d52 ($5.79 in chips)
Seat 3: 71a258fc ($5.6 in chips)
Seat 4: Hero ($5.43 in chips)
Seat 5: ba875a14 ($6 in chips)
Seat 6: 39c475d5 ($10.23 in chips)
71a258fc: posts small blind $0.02
Hero: posts big blind $0.05
*** HOLE CARDS ***
Dealt to 663c8d52 
Dealt to 71a258fc 
Dealt to Hero [9d 3c]
Dealt to ba875a14 
Dealt to 39c475d5 
ba875a14: folds
39c475d5: folds
663c8d52: folds
71a258fc: folds
Uncalled bet ($0.03) returned to Hero
*** SHOWDOWN ***
Hero collected $0.04 from pot
*** SUMMARY ***
Total pot $0.04 | Rake $0 | Jackpot $0 | Bingo $0 | Fortune $0 | Tax $0
Seat 1: 663c8d52 (button) folded before Flop (didn't bet)
Seat 3: 71a258fc (small blind) folded before Flop
Seat 4: Hero (big blind) collected ($0.04)
Seat 5: ba875a14 folded before Flop (didn't bet)
Seat 6: 39c475d5 folded before Flop (didn't bet)


Poker Hand #HD1711153666: Hold'em No Limit ($0.02/$0.05) - 2024/04/01 20:15:27
Table 'NLHBlue41' 6-max Seat #6 is the button
Seat 1: 663c8d52 ($5.94 in chips)
Seat 3: 71a258fc ($5.46 in chips)
Seat 4: Hero ($5.43 in chips)
Seat 5: ba875a14 ($6 in chips)
Seat 6: 39c475d5 ($10.23 in chips)
663c8d52: posts small blind $0.02
71a258fc: posts big blind $0.05
*** HOLE CARDS ***
Dealt to 663c8d52 
Dealt to 71a258fc 
Dealt to Hero [5s Qc]
Dealt to ba875a14 
Dealt to 39c475d5 
Hero: folds
ba875a14: folds
39c475d5: folds
663c8d52: raises $0.1 to $0.15
71a258fc: calls $0.1
*** FLOP *** [6c 4h 6d]
663c8d52: checks
71a258fc: checks
*** TURN *** [6c 4h 6d] [Qh]
663c8d52: checks
71a258fc: checks
*** RIVER *** [6c 4h 6d Qh] [5c]
663c8d52: checks
71a258fc: checks
663c8d52: shows [2d Ac] (Pair of Sixes)
71a258fc: shows [7h 7s] (Pair of Sevens and Pair of Sixes)
*** SHOWDOWN ***
71a258fc collected $0.29 from pot
*** SUMMARY ***
Total pot $0.3 | Rake $0.01 | Jackpot $0 | Bingo $0 | Fortune $0 | Tax $0
Board [6c 4h 6d Qh 5c]
Seat 1: 663c8d52 (small blind) showed [2d Ac] and lost with Pair of Sixes
Seat 3: 71a258fc (big blind) showed [7h 7s] and won ($0.29) with Pair of Sevens and Pair of Sixes
Seat 4: Hero folded before Flop (didn't bet)
Seat 5: ba875a14 folded before Flop (didn't bet)
Seat 6: 39c475d5 (button) folded before Flop (didn't bet)


Poker Hand #HD1711153490: Hold'em No Limit ($0.02/$0.05) - 2024/04/01 20:14:07
Table 'NLHBlue41' 6-max Seat #5 is the button
Seat 1: 663c8d52 ($5.63 in chips)
Seat 2: 53df8dac ($11.8 in chips)
Seat 3: 71a258fc ($5.46 in chips)
Seat 4: Hero ($5.75 in chips)
Seat 5: ba875a14 ($6 in chips)
Seat 6: 39c475d5 ($10.25 in chips)
39c475d5: posts small blind $0.02
663c8d52: posts big blind $0.05
*** HOLE CARDS ***
Dealt to 663c8d52 
Dealt to 53df8dac 
Dealt to 71a258fc 
Dealt to Hero [Td Tc]
Dealt to ba875a14 
Dealt to 39c475d5 
53df8dac: folds
71a258fc: folds
Hero: raises $0.08 to $0.13
ba875a14: folds
39c475d5: folds
663c8d52: calls $0.08
*** FLOP *** [8h 3h 2s]
663c8d52: checks
Hero: checks
*** TURN *** [8h 3h 2s] [8c]
663c8d52: bets $0.19
Hero: calls $0.19
*** RIVER *** [8h 3h 2s 8c] [6s]
663c8d52: bets $1.11
Hero: folds
Uncalled bet ($1.11) returned to 663c8d52
*** SHOWDOWN ***
663c8d52 collected $0.63 from pot
*** SUMMARY ***
Total pot $0.66 | Rake $0.03 | Jackpot $0 | Bingo $0 | Fortune $0 | Tax $0
Board [8h 3h 2s 8c 6s]
Seat 1: 663c8d52 (big blind) won ($0.63)
Seat 2: 53df8dac folded before Flop (didn't bet)
Seat 3: 71a258fc folded before Flop (didn't bet)
Seat 4: Hero folded on the River
Seat 5: ba875a14 (button) folded before Flop (didn't bet)
Seat 6: 39c475d5 (small blind) folded before Flop


Poker Hand #HD1711153460: Hold'em No Limit ($0.02/$0.05) - 2024/04/01 20:13:55
Table 'NLHBlue41' 6-max Seat #4 is the button
Seat 1: 663c8d52 ($5.63 in chips)
Seat 2: 53df8dac ($11.8 in chips)
Seat 3: 71a258fc ($5.46 in chips)
Seat 4: Hero ($5.75 in chips)
Seat 5: ba875a14 ($6.02 in chips)
Seat 6: 39c475d5 ($10.23 in chips)
ba875a14: posts small blind $0.02
39c475d5: posts big blind $0.05
*** HOLE CARDS ***
Dealt to 663c8d52 
Dealt to 53df8dac 
Dealt to 71a258fc 
Dealt to Hero [4c 9d]
Dealt to ba875a14 
Dealt to 39c475d5 
663c8d52: folds
53df8dac: folds
71a258fc: folds
Hero: folds
ba875a14: folds
Uncalled bet ($0.03) returned to 39c475d5
*** SHOWDOWN ***
39c475d5 collected $0.04 from pot
*** SUMMARY ***
Total pot $0.04 | Rake $0 | Jackpot $0 | Bingo $0 | Fortune $0 | Tax $0
Seat 1: 663c8d52 folded before Flop (didn't bet)
Seat 2: 53df8dac folded before Flop (didn't bet)
Seat 3: 71a258fc folded before Flop (didn't bet)
Seat 4: Hero (button) folded before Flop (didn't bet)
Seat 5: ba875a14 (small blind) folded before Flop
Seat 6: 39c475d5 (big blind) collected ($0.04)


Poker Hand #HD1711153408: Hold'em No Limit ($0.02/$0.05) - 2024/04/01 20:13:31
Table 'NLHBlue41' 6-max Seat #3 is the button
Seat 1: 663c8d52 ($5.63 in chips)
Seat 2: 53df8dac ($11.8 in chips)
Seat 3: 71a258fc ($5.46 in chips)
Seat 4: Hero ($5.77 in chips)
Seat 5: ba875a14 ($6.07 in chips)
Seat 6: 39c475d5 ($10.16 in chips)
Hero: posts small blind $0.02
ba875a14: posts big blind $0.05
*** HOLE CARDS ***
Dealt to 663c8d52 
Dealt to 53df8dac 
Dealt to 71a258fc 
Dealt to Hero [8c 2d]
Dealt to ba875a14 
Dealt to 39c475d5 
39c475d5: raises $0.1 to $0.15
663c8d52: folds
53df8dac: folds
71a258fc: folds
Hero: folds
ba875a14: folds
Uncalled bet ($0.1) returned to 39c475d5
*** SHOWDOWN ***
39c475d5 collected $0.12 from pot
*** SUMMARY ***
Total pot $0.12 | Rake $0 | Jackpot $0 | Bingo $0 | Fortune $0 | Tax $0
Seat 1: 663c8d52 folded before Flop (didn't bet)
Seat 2: 53df8dac folded before Flop (didn't bet)
Seat 3: 71a258fc (button) folded before Flop (didn't bet)
Seat 4: Hero (small blind) folded before Flop
Seat 5: ba875a14 (big blind) folded before Flop
Seat 6: 39c475d5 collected ($0.12)


Poker Hand #HD1711153324: Hold'em No Limit ($0.02/$0.05) - 2024/04/01 20:12:53
Table 'NLHBlue41' 6-max Seat #2 is the button
Seat 1: 663c8d52 ($5.63 in chips)
Seat 2: 53df8dac ($11.8 in chips)
Seat 3: 71a258fc ($5.48 in chips)
Seat 4: Hero ($5.82 in chips)
Seat 5: ba875a14 ($6.07 in chips)
Seat 6: 39c475d5 ($10.09 in chips)
71a258fc: posts small blind $0.02
Hero: posts big blind $0.05
*** HOLE CARDS ***
Dealt to 663c8d52 
Dealt to 53df8dac 
Dealt to 71a258fc 
Dealt to Hero [Ah 5s]
Dealt to ba875a14 
Dealt to 39c475d5 
ba875a14: folds
39c475d5: raises $0.1 to $0.15
663c8d52: folds
53df8dac: folds
71a258fc: folds
Hero: folds
Uncalled bet ($0.1) returned to 39c475d5
*** SHOWDOWN ***
39c475d5 collected $0.12 from pot
*** SUMMARY ***
Total pot $0.12 | Rake $0 | Jackpot $0 | Bingo $0 | Fortune $0 | Tax $0
Seat 1: 663c8d52 folded before Flop (didn't bet)
Seat 2: 53df8dac (button) folded before Flop (didn't bet)
Seat 3: 71a258fc (small blind) folded before Flop
Seat 4: Hero (big blind) folded before Flop
Seat 5: ba875a14 folded before Flop (didn't bet)
Seat 6: 39c475d5 collected ($0.12)


Poker Hand #HD1711153213: Hold'em No Limit ($0.02/$0.05) - 2024/04/01 20:12:07
Table 'NLHBlue41' 6-max Seat #1 is the button
Seat 1: 663c8d52 ($5.63 in chips)
Seat 2: 53df8dac ($11.82 in chips)
Seat 3: 71a258fc ($5.53 in chips)
Seat 4: Hero ($5.82 in chips)
Seat 5: ba875a14 ($5.86 in chips)
Seat 6: 39c475d5 ($10.24 in chips)
53df8dac: posts small blind $0.02
71a258fc: posts big blind $0.05
*** HOLE CARDS ***
Dealt to 663c8d52 
Dealt to 53df8dac 
Dealt to 71a258fc 
Dealt to Hero [6c Qc]
Dealt to ba875a14 
Dealt to 39c475d5 
Hero: folds
ba875a14: raises $0.1 to $0.15
39c475d5: calls $0.15
663c8d52: folds
53df8dac: folds
71a258fc: folds
*** FLOP *** [6s Ah 5h]
ba875a14: bets $0.13
39c475d5: folds
Uncalled bet ($0.13) returned to ba875a14
*** SHOWDOWN ***
ba875a14 collected $0.36 from pot
*** SUMMARY ***
Total pot $0.37 | Rake $0.01 | Jackpot $0 | Bingo $0 | Fortune $0 | Tax $0
Board [6s Ah 5h]
Seat 1: 663c8d52 (button) folded before Flop (didn't bet)
Seat 2: 53df8dac (small blind) folded before Flop
Seat 3: 71a258fc (big blind) folded before Flop
Seat 4: Hero folded before Flop (didn't bet)
Seat 5: ba875a14 won ($0.36)
Seat 6: 39c475d5 folded on the Flop


Poker Hand #HD1711153128: Hold'em No Limit ($0.02/$0.05) - 2024/04/01 20:11:30
Table 'NLHBlue41' 6-max Seat #6 is the button
Seat 1: 663c8d52 ($5.65 in chips)
Seat 2: 53df8dac ($11.87 in chips)
Seat 3: 71a258fc ($5.53 in chips)
Seat 4: Hero ($5.75 in chips)
Seat 5: ba875a14 ($5.86 in chips)
Seat 6: 39c475d5 ($10.24 in chips)
663c8d52: posts small blind $0.02
53df8dac: posts big blind $0.05
*** HOLE CARDS ***
Dealt to 663c8d52 
Dealt to 53df8dac 
Dealt to 71a258fc 
Dealt to Hero [Ks Jd]
Dealt to ba875a14 
Dealt to 39c475d5 
71a258fc: folds
Hero: raises $0.05 to $0.1
ba875a14: folds
39c475d5: folds
663c8d52: folds
53df8dac: folds
Uncalled bet ($0.05) returned to Hero
*** SHOWDOWN ***
Hero collected $0.12 from pot
*** SUMMARY ***
Total pot $0.12 | Rake $0 | Jackpot $0 | Bingo $0 | Fortune $0 | Tax $0
Seat 1: 663c8d52 (small blind) folded before Flop
Seat 2: 53df8dac (big blind) folded before Flop
Seat 3: 71a258fc folded before Flop (didn't bet)
Seat 4: Hero collected ($0.12)
Seat 5: ba875a14 folded before Flop (didn't bet)
Seat 6: 39c475d5 (button) folded before Flop (didn't bet)


Poker Hand #HD1711153014: Hold'em No Limit ($0.02/$0.05) - 2024/04/01 20:10:46
Table 'NLHBlue41' 6-max Seat #5 is the button
Seat 1: 663c8d52 ($5.8 in chips)
Seat 2: 53df8dac ($11.87 in chips)
Seat 3: 71a258fc ($5.53 in chips)
Seat 4: Hero ($5.75 in chips)
Seat 5: ba875a14 ($5.86 in chips)
Seat 6: 39c475d5 ($10.1 in chips)
39c475d5: posts small blind $0.02
663c8d52: posts big blind $0.05
*** HOLE CARDS ***
Dealt to 663c8d52 
Dealt to 53df8dac 
Dealt to 71a258fc 
Dealt to Hero [4c 3h]
Dealt to ba875a14 
Dealt to 39c475d5 
53df8dac: folds
71a258fc: folds
Hero: folds
ba875a14: folds
39c475d5: raises $0.1 to $0.15
663c8d52: calls $0.1
*** FLOP *** [9h Jd 6h]
39c475d5: checks
663c8d52: checks
*** TURN *** [9h Jd 6h] [9s]
39c475d5: bets $0.3
663c8d52: folds
Uncalled bet ($0.3) returned to 39c475d5
*** SHOWDOWN ***
39c475d5 collected $0.29 from pot
*** SUMMARY ***
Total pot $0.3 | Rake $0.01 | Jackpot $0 | Bingo $0 | Fortune $0 | Tax $0
Board [9h Jd 6h 9s]
Seat 1: 663c8d52 (big blind) folded on the Turn
Seat 2: 53df8dac folded before Flop (didn't bet)
Seat 3: 71a258fc folded before Flop (didn't bet)
Seat 4: Hero folded before Flop (didn't bet)
Seat 5: ba875a14 (button) folded before Flop (didn't bet)
Seat 6: 39c475d5 (small blind) won ($0.29)


Poker Hand #HD1711152922: Hold'em No Limit ($0.02/$0.05) - 2024/04/01 20:10:00
Table 'NLHBlue41' 6-max Seat #4 is the button
Seat 1: 663c8d52 ($5.8 in chips)
Seat 2: 53df8dac ($11.99 in chips)
Seat 3: 71a258fc ($5.53 in chips)
Seat 4: Hero ($5.75 in chips)
Seat 5: ba875a14 ($5.88 in chips)
Seat 6: 39c475d5 ($9.97 in chips)
ba875a14: posts small blind $0.02
39c475d5: posts big blind $0.05
*** HOLE CARDS ***
Dealt to 663c8d52 
Dealt to 53df8dac 
Dealt to 71a258fc 
Dealt to Hero [5d 2d]
Dealt to ba875a14 
Dealt to 39c475d5 
663c8d52: folds
53df8dac: raises $0.07 to $0.12
71a258fc: folds
Hero: folds
ba875a14: folds
39c475d5: calls $0.07
*** FLOP *** [8h 8d 3d]
39c475d5: checks
53df8dac: checks
*** TURN *** [8h 8d 3d] [8s]
39c475d5: bets $0.26
53df8dac: folds
Uncalled bet ($0.26) returned to 39c475d5
*** SHOWDOWN ***
39c475d5 collected $0.25 from pot
*** SUMMARY ***
Total pot $0.26 | Rake $0.01 | Jackpot $0 | Bingo $0 | Fortune $0 | Tax $0
Board [8h 8d 3d 8s]
Seat 1: 663c8d52 folded before Flop (didn't bet)
Seat 2: 53df8dac folded on the Turn
Seat 3: 71a258fc folded before Flop (didn't bet)
Seat 4: Hero (button) folded before Flop (didn't bet)
Seat 5: ba875a14 (small blind) folded before Flop
Seat 6: 39c475d5 (big blind) won ($0.25)


Poker Hand #HD1711152809: Hold'em No Limit ($0.02/$0.05) - 2024/04/01 20:09:18
Table 'NLHBlue41' 6-max Seat #3 is the button
Seat 1: 663c8d52 ($5.8 in chips)
Seat 2: 53df8dac ($11.99 in chips)
Seat 3: 71a258fc ($5.41 in chips)
Seat 4: Hero ($5.77 in chips)
Seat 5: ba875a14 ($5.93 in chips)
Seat 6: 39c475d5 ($10.02 in chips)
Hero: posts small blind $0.02
ba875a14: posts big blind $0.05
*** HOLE CARDS ***
Dealt to 663c8d52 
Dealt to 53df8dac 
Dealt to 71a258fc 
Dealt to Hero [3c 2s]
Dealt to ba875a14 
Dealt to 39c475d5 
39c475d5: calls $0.05
663c8d52: folds
53df8dac: folds
71a258fc: raises $0.21 to $0.26
Hero: folds
ba875a14: folds
39c475d5: folds
Uncalled bet ($0.21) returned to 71a258fc
*** SHOWDOWN ***
71a258fc collected $0.17 from pot
*** SUMMARY ***
Total pot $0.17 | Rake $0 | Jackpot $0 | Bingo $0 | Fortune $0 | Tax $0
Seat 1: 663c8d52 folded before Flop (didn't bet)
Seat 2: 53df8dac folded before Flop (didn't bet)
Seat 3: 71a258fc (button) collected ($0.17)
Seat 4: Hero (small blind) folded before Flop
Seat 5: ba875a14 (big blind) folded before Flop
Seat 6: 39c475d5 folded before Flop


Poker Hand #HD1711152745: Hold'em No Limit ($0.02/$0.05) - 2024/04/01 20:08:50
Table 'NLHBlue41' 6-max Seat #2 is the button
Seat 1: 663c8d52 ($5.8 in chips)
Seat 2: 53df8dac ($11.99 in chips)
Seat 3: 71a258fc ($5.43 in chips)
Seat 4: Hero ($5.82 in chips)
Seat 5: ba875a14 ($5.93 in chips)
Seat 6: 39c475d5 ($9.95 in chips)
71a258fc: posts small blind $0.02
Hero: posts big blind $0.05
*** HOLE CARDS ***
Dealt to 663c8d52 
Dealt to 53df8dac 
Dealt to 71a258fc 
Dealt to Hero [Qc 5c]
Dealt to ba875a14 
Dealt to 39c475d5 
ba875a14: folds
39c475d5: calls $0.05
663c8d52: folds
53df8dac: folds
71a258fc: folds
Hero: checks
*** FLOP *** [Ac 6s Ks]
Hero: checks
39c475d5: bets $0.09
Hero: folds
Uncalled bet ($0.09) returned to 39c475d5
*** SHOWDOWN ***
39c475d5 collected $0.12 from pot
*** SUMMARY ***
Total pot $0.12 | Rake $0 | Jackpot $0 | Bingo $0 | Fortune $0 | Tax $0
Board [Ac 6s Ks]
Seat 1: 663c8d52 folded before Flop (didn't bet)
Seat 2: 53df8dac (button) folded before Flop (didn't bet)
Seat 3: 71a258fc (small blind) folded before Flop
Seat 4: Hero (big blind) folded on the Flop
Seat 5: ba875a14 folded before Flop (didn't bet)
Seat 6: 39c475d5 won ($0.12)


Poker Hand #HD1711152670: Hold'em No Limit ($0.02/$0.05) - 2024/04/01 20:08:18
Table 'NLHBlue41' 6-max Seat #1 is the button
Seat 1: 663c8d52 ($5.8 in chips)
Seat 2: 53df8dac ($12.04 in chips)
Seat 3: 71a258fc ($5.48 in chips)
Seat 4: Hero ($5.82 in chips)
Seat 5: ba875a14 ($5.93 in chips)
Seat 6: 39c475d5 ($9.85 in chips)
53df8dac: posts small blind $0.02
71a258fc: posts big blind $0.05
*** HOLE CARDS ***
Dealt to 663c8d52 
Dealt to 53df8dac 
Dealt to 71a258fc 
Dealt to Hero [Qc 6s]
Dealt to ba875a14 
Dealt to 39c475d5 
Hero: folds
ba875a14: folds
39c475d5: calls $0.05
663c8d52: folds
53df8dac: calls $0.03
71a258fc: checks
*** FLOP *** [Qs 8h 4s]
53df8dac: checks
71a258fc: checks
39c475d5: bets $0.15
53df8dac: folds
71a258fc: folds
Uncalled bet ($0.15) returned to 39c475d5
*** SHOWDOWN ***
39c475d5 collected $0.15 from pot
*** SUMMARY ***
Total pot $0.15 | Rake $0 | Jackpot $0 | Bingo $0 | Fortune $0 | Tax $0
Board [Qs 8h 4s]
Seat 1: 663c8d52 (button) folded before Flop (didn't bet)
Seat 2: 53df8dac (small blind) folded on the Flop
Seat 3: 71a258fc (big blind) folded on the Flop
Seat 4: Hero folded before Flop (didn't bet)
Seat 5: ba875a14 folded before Flop (didn't bet)
Seat 6: 39c475d5 won ($0.15)


Poker Hand #HD1711152630: Hold'em No Limit ($0.02/$0.05) - 2024/04/01 20:07:59
Table 'NLHBlue41' 6-max Seat #6 is the button
Seat 1: 663c8d52 ($5.82 in chips)
Seat 2: 53df8dac ($12.09 in chips)
Seat 3: 71a258fc ($5.48 in chips)
Seat 4: Hero ($5.82 in chips)
Seat 5: ba875a14 ($5.93 in chips)
Seat 6: 39c475d5 ($9.78 in chips)
663c8d52: posts small blind $0.02
53df8dac: posts big blind $0.05
*** HOLE CARDS ***
Dealt to 663c8d52 
Dealt to 53df8dac 
Dealt to 71a258fc 
Dealt to Hero [4s 5s]
Dealt to ba875a14 
Dealt to 39c475d5 
71a258fc: folds
Hero: folds
ba875a14: folds
39c475d5: raises $0.05 to $0.1
663c8d52: folds
53df8dac: folds
Uncalled bet ($0.05) returned to 39c475d5
*** SHOWDOWN ***
39c475d5 collected $0.12 from pot
*** SUMMARY ***
Total pot $0.12 | Rake $0 | Jackpot $0 | Bingo $0 | Fortune $0 | Tax $0
Seat 1: 663c8d52 (small blind) folded before Flop
Seat 2: 53df8dac (big blind) folded before Flop
Seat 3: 71a258fc folded before Flop (didn't bet)
Seat 4: Hero folded before Flop (didn't bet)
Seat 5: ba875a14 folded before Flop (didn't bet)
Seat 6: 39c475d5 (button) collected ($0.12)


Poker Hand #HD1711152593: Hold'em No Limit ($0.02/$0.05) - 2024/04/01 20:07:44
Table 'NLHBlue41' 6-max Seat #5 is the button
Seat 1: 663c8d52 ($5.87 in chips)
Seat 2: 53df8dac ($12.09 in chips)
Seat 3: 71a258fc ($5.48 in chips)
Seat 4: Hero ($5.82 in chips)
Seat 5: ba875a14 ($5.93 in chips)
Seat 6: 39c475d5 ($9.73 in chips)
39c475d5: posts small blind $0.02
663c8d52: posts big blind $0.05
*** HOLE CARDS ***
Dealt to 663c8d52 
Dealt to 53df8dac 
Dealt to 71a258fc 
Dealt to Hero [Th 2d]
Dealt to ba875a14 
Dealt to 39c475d5 
53df8dac: folds
71a258fc: folds
Hero: folds
ba875a14: folds
39c475d5: raises $0.1 to $0.15
663c8d52: folds
Uncalled bet ($0.1) returned to 39c475d5
*** SHOWDOWN ***
39c475d5 collected $0.1 from pot
*** SUMMARY ***
Total pot $0.1 | Rake $0 | Jackpot $0 | Bingo $0 | Fortune $0 | Tax $0
Seat 1: 663c8d52 (big blind) folded before Flop
Seat 2: 53df8dac folded before Flop (didn't bet)
Seat 3: 71a258fc folded before Flop (didn't bet)
Seat 4: Hero folded before Flop (didn't bet)
Seat 5: ba875a14 (button) folded before Flop (didn't bet)
Seat 6: 39c475d5 (small blind) collected ($0.1)


Poker Hand #HD1711152488: Hold'em No Limit ($0.02/$0.05) - 2024/04/01 20:07:01
Table 'NLHBlue41' 6-max Seat #4 is the button
Seat 1: 663c8d52 ($5.87 in chips)
Seat 2: 53df8dac ($12.09 in chips)
Seat 3: 71a258fc ($5.48 in chips)
Seat 4: Hero ($5.68 in chips)
Seat 5: ba875a14 ($5.95 in chips)
Seat 6: 39c475d5 ($9.86 in chips)
ba875a14: posts small blind $0.02
39c475d5: posts big blind $0.05
*** HOLE CARDS ***
Dealt to 663c8d52 
Dealt to 53df8dac 
Dealt to 71a258fc 
Dealt to Hero [Qh Ts]
Dealt to ba875a14 
Dealt to 39c475d5 
663c8d52: folds
53df8dac: folds
71a258fc: folds
Hero: raises $0.08 to $0.13
ba875a14: folds
39c475d5: calls $0.08
*** FLOP *** [Jd Ks 5c]
39c475d5: checks
Hero: bets $0.15
39c475d5: folds
Uncalled bet ($0.15) returned to Hero
*** SHOWDOWN ***
Hero collected $0.27 from pot
*** SUMMARY ***
Total pot $0.28 | Rake $0.01 | Jackpot $0 | Bingo $0 | Fortune $0 | Tax $0
Board [Jd Ks 5c]
Seat 1: 663c8d52 folded before Flop (didn't bet)
Seat 2: 53df8dac folded before Flop (didn't bet)
Seat 3: 71a258fc folded before Flop (didn't bet)
Seat 4: Hero (button) won ($0.27)
Seat 5: ba875a14 (small blind) folded before Flop
Seat 6: 39c475d5 (big blind) folded on the Flop


Poker Hand #HD1711152337: Hold'em No Limit ($0.02/$0.05) - 2024/04/01 20:05:57
Table 'NLHBlue41' 6-max Seat #3 is the button
Seat 1: 663c8d52 ($5.87 in chips)
Seat 2: 53df8dac ($12.09 in chips)
Seat 3: 71a258fc ($5.48 in chips)
Seat 4: Hero ($5.7 in chips)
Seat 5: ba875a14 ($5.07 in chips)
Seat 6: 39c475d5 ($10.87 in chips)
Hero: posts small blind $0.02
ba875a14: posts big blind $0.05
*** HOLE CARDS ***
Dealt to 663c8d52 
Dealt to 53df8dac 
Dealt to 71a258fc 
Dealt to Hero [Qh 7s]
Dealt to ba875a14 
Dealt to 39c475d5 
39c475d5: raises $0.1 to $0.15
663c8d52: folds
53df8dac: folds
71a258fc: folds
Hero: folds
ba875a14: raises $0.45 to $0.6
39c475d5: calls $0.45
*** FLOP *** [Qs Kd Kc]
ba875a14: bets $0.41
39c475d5: calls $0.41
*** TURN *** [Qs Kd Kc] [4d]
ba875a14: bets $1.02
39c475d5: folds
Uncalled bet ($1.02) returned to ba875a14
*** SHOWDOWN ***
ba875a14 collected $1.89 from pot
*** SUMMARY ***
Total pot $2.04 | Rake $0.1 | Jackpot $0.05 | Bingo $0 | Fortune $0 | Tax $0
Board [Qs Kd Kc 4d]
Seat 1: 663c8d52 folded before Flop (didn't bet)
Seat 2: 53df8dac folded before Flop (didn't bet)
Seat 3: 71a258fc (button) folded before Flop (didn't bet)
Seat 4: Hero (small blind) folded before Flop
Seat 5: ba875a14 (big blind) won ($1.89)
Seat 6: 39c475d5 folded on the Turn


Poker Hand #HD1711152283: Hold'em No Limit ($0.02/$0.05) - 2024/04/01 20:05:38
Table 'NLHBlue41' 6-max Seat #2 is the button
Seat 1: 663c8d52 ($5.87 in chips)
Seat 2: 53df8dac ($12.09 in chips)
Seat 3: 71a258fc ($5.5 in chips)
Seat 4: Hero ($5.75 in chips)
Seat 5: ba875a14 ($5 in chips)
Seat 6: 39c475d5 ($10.87 in chips)
71a258fc: posts small blind $0.02
Hero: posts big blind $0.05
*** HOLE CARDS ***
Dealt to 663c8d52 
Dealt to 53df8dac 
Dealt to 71a258fc 
Dealt to Hero [Qs 4d]
Dealt to ba875a14 
Dealt to 39c475d5 
ba875a14: raises $0.08 to $0.13
39c475d5: folds
663c8d52: folds
53df8dac: folds
71a258fc: folds
Hero: folds
Uncalled bet ($0.08) returned to ba875a14
*** SHOWDOWN ***
ba875a14 collected $0.12 from pot
*** SUMMARY ***
Total pot $0.12 | Rake $0 | Jackpot $0 | Bingo $0 | Fortune $0 | Tax $0
Seat 1: 663c8d52 folded before Flop (didn't bet)
Seat 2: 53df8dac (button) folded before Flop (didn't bet)
Seat 3: 71a258fc (small blind) folded before Flop
Seat 4: Hero (big blind) folded before Flop
Seat 5: ba875a14 collected ($0.12)
Seat 6: 39c475d5 folded before Flop (didn't bet)


Poker Hand #HD1711152192: Hold'em No Limit ($0.02/$0.05) - 2024/04/01 20:05:03
Table 'NLHBlue41' 6-max Seat #1 is the button
Seat 1: 663c8d52 ($5.87 in chips)
Seat 2: 53df8dac ($12.11 in chips)
Seat 3: 71a258fc ($5.55 in chips)
Seat 4: Hero ($5.75 in chips)
Seat 5: ba875a14 ($5 in chips)
Seat 6: 39c475d5 ($10.8 in chips)
53df8dac: posts small blind $0.02
71a258fc: posts big blind $0.05
*** HOLE CARDS ***
Dealt to 663c8d52 
Dealt to 53df8dac 
Dealt to 71a258fc 
Dealt to Hero [Jc Th]
Dealt to ba875a14 
Dealt to 39c475d5 
Hero: folds
ba875a14: folds
39c475d5: raises $0.1 to $0.15
663c8d52: folds
53df8dac: folds
71a258fc: folds
Uncalled bet ($0.1) returned to 39c475d5
*** SHOWDOWN ***
39c475d5 collected $0.12 from pot
*** SUMMARY ***
Total pot $0.12 | Rake $0 | Jackpot $0 | Bingo $0 | Fortune $0 | Tax $0
Seat 1: 663c8d52 (button) folded before Flop (didn't bet)
Seat 2: 53df8dac (small blind) folded before Flop
Seat 3: 71a258fc (big blind) folded before Flop
Seat 4: Hero folded before Flop (didn't bet)
Seat 5: ba875a14 folded before Flop (didn't bet)
Seat 6: 39c475d5 collected ($0.12)


Poker Hand #HD1711152069: Hold'em No Limit ($0.02/$0.05) - 2024/04/01 20:04:11
Table 'NLHBlue41' 6-max Seat #6 is the button
Seat 1: 663c8d52 ($5.89 in chips)
Seat 2: 53df8dac ($12.31 in chips)
Seat 3: 71a258fc ($5.55 in chips)
Seat 4: Hero ($5.55 in chips)
Seat 5: ba875a14 ($5 in chips)
Seat 6: 39c475d5 ($10.8 in chips)
663c8d52: posts small blind $0.02
53df8dac: posts big blind $0.05
*** HOLE CARDS ***
Dealt to 663c8d52 
Dealt to 53df8dac 
Dealt to 71a258fc 
Dealt to Hero [8h Ah]
Dealt to ba875a14 
Dealt to 39c475d5 
71a258fc: folds
Hero: raises $0.05 to $0.1
ba875a14: folds
39c475d5: folds
663c8d52: folds
53df8dac: calls $0.05
*** FLOP *** [7s Ad 5s]
53df8dac: checks
Hero: bets $0.1
53df8dac: calls $0.1
*** TURN *** [7s Ad 5s] [2d]
53df8dac: checks
Hero: checks
*** RIVER *** [7s Ad 5s 2d] [Kc]
53df8dac: checks
Hero: bets $0.2
53df8dac: folds
Uncalled bet ($0.2) returned to Hero
*** SHOWDOWN ***
Hero collected $0.4 from pot
*** SUMMARY ***
Total pot $0.42 | Rake $0.02 | Jackpot $0 | Bingo $0 | Fortune $0 | Tax $0
Board [7s Ad 5s 2d Kc]
Seat 1: 663c8d52 (small blind) folded before Flop
Seat 2: 53df8dac (big blind) folded on the River
Seat 3: 71a258fc folded before Flop (didn't bet)
Seat 4: Hero won ($0.4)
Seat 5: ba875a14 folded before Flop (didn't bet)
Seat 6: 39c475d5 (button) folded before Flop (didn't bet)


Poker Hand #HD1711152026: Hold'em No Limit ($0.02/$0.05) - 2024/04/01 20:03:56
Table 'NLHBlue41' 6-max Seat #5 is the button
Seat 1: 663c8d52 ($5.94 in chips)
Seat 2: 53df8dac ($12.31 in chips)
Seat 3: 71a258fc ($5.55 in chips)
Seat 4: Hero ($5.48 in chips)
Seat 5: ba875a14 ($5 in chips)
Seat 6: 39c475d5 ($10.82 in chips)
39c475d5: posts small blind $0.02
663c8d52: posts big blind $0.05
*** HOLE CARDS ***
Dealt to 663c8d52 
Dealt to 53df8dac 
Dealt to 71a258fc 
Dealt to Hero [7d Ah]
Dealt to ba875a14 
Dealt to 39c475d5 
53df8dac: folds
71a258fc: folds
Hero: raises $0.08 to $0.13
ba875a14: folds
39c475d5: folds
663c8d52: folds
Uncalled bet ($0.08) returned to Hero
*** SHOWDOWN ***
Hero collected $0.12 from pot
*** SUMMARY ***
Total pot $0.12 | Rake $0 | Jackpot $0 | Bingo $0 | Fortune $0 | Tax $0
Seat 1: 663c8d52 (big blind) folded before Flop
Seat 2: 53df8dac folded before Flop (didn't bet)
Seat 3: 71a258fc folded before Flop (didn't bet)
Seat 4: Hero collected ($0.12)
Seat 5: ba875a14 (button) folded before Flop (didn't bet)
Seat 6: 39c475d5 (small blind) folded before Flop


Poker Hand #HD1711151997: Hold'em No Limit ($0.02/$0.05) - 2024/04/01 20:03:42
Table 'NLHBlue41' 6-max Seat #4 is the button
Seat 1: 663c8d52 ($5.94 in chips)
Seat 2: 53df8dac ($12.31 in chips)
Seat 3: 71a258fc ($5.55 in chips)
Seat 4: Hero ($5.48 in chips)
Seat 5: ba875a14 ($5 in chips)
Seat 6: 39c475d5 ($10.8 in chips)
ba875a14: posts small blind $0.02
39c475d5: posts big blind $0.05
*** HOLE CARDS ***
Dealt to 663c8d52 
Dealt to 53df8dac 
Dealt to 71a258fc 
Dealt to Hero [4c Js]
Dealt to ba875a14 
Dealt to 39c475d5 
663c8d52: folds
53df8dac: folds
71a258fc: folds
Hero: folds
ba875a14: folds
Uncalled bet ($0.03) returned to 39c475d5
*** SHOWDOWN ***
39c475d5 collected $0.04 from pot
*** SUMMARY ***
Total pot $0.04 | Rake $0 | Jackpot $0 | Bingo $0 | Fortune $0 | Tax $0
Seat 1: 663c8d52 folded before Flop (didn't bet)
Seat 2: 53df8dac folded before Flop (didn't bet)
Seat 3: 71a258fc folded before Flop (didn't bet)
Seat 4: Hero (button) folded before Flop (didn't bet)
Seat 5: ba875a14 (small blind) folded before Flop
Seat 6: 39c475d5 (big blind) collected ($0.04)


Poker Hand #HD1711151758: Hold'em No Limit ($0.02/$0.05) - 2024/04/01 20:02:04
Table 'NLHBlue41' 6-max Seat #3 is the button
Seat 1: 663c8d52 ($5.94 in chips)
Seat 2: 53df8dac ($12.31 in chips)
Seat 3: 71a258fc ($5.55 in chips)
Seat 4: Hero ($5.5 in chips)
Seat 5: ba875a14 ($5.01 in chips)
Seat 6: 39c475d5 ($10.68 in chips)
Hero: posts small blind $0.02
ba875a14: posts big blind $0.05
*** HOLE CARDS ***
Dealt to 663c8d52 
Dealt to 53df8dac 
Dealt to 71a258fc 
Dealt to Hero [9h 4s]
Dealt to ba875a14 
Dealt to 39c475d5 
39c475d5: calls $0.05
663c8d52: folds
53df8dac: folds
71a258fc: folds
Hero: folds
ba875a14: checks
*** FLOP *** [8c Js 6d]
ba875a14: checks
39c475d5: bets $0.06
ba875a14: calls $0.06
*** TURN *** [8c Js 6d] [Qs]
ba875a14: checks
39c475d5: bets $0.24
ba875a14: folds
Uncalled bet ($0.24) returned to 39c475d5
*** SHOWDOWN ***
39c475d5 collected $0.23 from pot
*** SUMMARY ***
Total pot $0.24 | Rake $0.01 | Jackpot $0 | Bingo $0 | Fortune $0 | Tax $0
Board [8c Js 6d Qs]
Seat 1: 663c8d52 folded before Flop (didn't bet)
Seat 2: 53df8dac folded before Flop (didn't bet)
Seat 3: 71a258fc (button) folded before Flop (didn't bet)
Seat 4: Hero (small blind) folded before Flop
Seat 5: ba875a14 (big blind) folded on the Turn
Seat 6: 39c475d5 won ($0.23)


Poker Hand #HD1711151709: Hold'em No Limit ($0.02/$0.05) - 2024/04/01 20:01:43
Table 'NLHBlue41' 6-max Seat #2 is the button
Seat 1: 663c8d52 ($5.94 in chips)
Seat 2: 53df8dac ($12.31 in chips)
Seat 3: 71a258fc ($5.5 in chips)
Seat 4: Hero ($5.55 in chips)
Seat 5: ba875a14 ($5.01 in chips)
Seat 6: 39c475d5 ($10.68 in chips)
71a258fc: posts small blind $0.02
Hero: posts big blind $0.05
*** HOLE CARDS ***
Dealt to 663c8d52 
Dealt to 53df8dac 
Dealt to 71a258fc 
Dealt to Hero [6d 3h]
Dealt to ba875a14 
Dealt to 39c475d5 
ba875a14: folds
39c475d5: folds
663c8d52: folds
53df8dac: folds
71a258fc: raises $0.07 to $0.12
Hero: folds
Uncalled bet ($0.07) returned to 71a258fc
*** SHOWDOWN ***
71a258fc collected $0.1 from pot
*** SUMMARY ***
Total pot $0.1 | Rake $0 | Jackpot $0 | Bingo $0 | Fortune $0 | Tax $0
Seat 1: 663c8d52 folded before Flop (didn't bet)
Seat 2: 53df8dac (button) folded before Flop (didn't bet)
Seat 3: 71a258fc (small blind) collected ($0.1)
Seat 4: Hero (big blind) folded before Flop
Seat 5: ba875a14 folded before Flop (didn't bet)
Seat 6: 39c475d5 folded before Flop (didn't bet)


Poker Hand #HD1711151663: Hold'em No Limit ($0.02/$0.05) - 2024/04/01 20:01:23
Table 'NLHBlue41' 6-max Seat #1 is the button
Seat 1: 663c8d52 ($5.94 in chips)
Seat 2: 53df8dac ($12.33 in chips)
Seat 3: 71a258fc ($5.55 in chips)
Seat 4: Hero ($5.55 in chips)
Seat 5: ba875a14 ($5.01 in chips)
Seat 6: 39c475d5 ($10.61 in chips)
53df8dac: posts small blind $0.02
71a258fc: posts big blind $0.05
*** HOLE CARDS ***
Dealt to 663c8d52 
Dealt to 53df8dac 
Dealt to 71a258fc 
Dealt to Hero [3s 7d]
Dealt to ba875a14 
Dealt to 39c475d5 
Hero: folds
ba875a14: folds
39c475d5: raises $0.05 to $0.1
663c8d52: folds
53df8dac: folds
71a258fc: folds
Uncalled bet ($0.05) returned to 39c475d5
*** SHOWDOWN ***
39c475d5 collected $0.12 from pot
*** SUMMARY ***
Total pot $0.12 | Rake $0 | Jackpot $0 | Bingo $0 | Fortune $0 | Tax $0
Seat 1: 663c8d52 (button) folded before Flop (didn't bet)
Seat 2: 53df8dac (small blind) folded before Flop
Seat 3: 71a258fc (big blind) folded before Flop
Seat 4: Hero folded before Flop (didn't bet)
Seat 5: ba875a14 folded before Flop (didn't bet)
Seat 6: 39c475d5 collected ($0.12)


Poker Hand #HD1711151510: Hold'em No Limit ($0.02/$0.05) - 2024/04/01 20:00:19
Table 'NLHBlue41' 6-max Seat #6 is the button
Seat 1: 663c8d52 ($5.96 in chips)
Seat 2: 53df8dac ($13.94 in chips)
Seat 3: 71a258fc ($5.55 in chips)
Seat 4: Hero ($5.55 in chips)
Seat 5: ba875a14 ($5.01 in chips)
Seat 6: 39c475d5 ($9.19 in chips)
663c8d52: posts small blind $0.02
53df8dac: posts big blind $0.05
*** HOLE CARDS ***
Dealt to 663c8d52 
Dealt to 53df8dac 
Dealt to 71a258fc 
Dealt to Hero [Qd 9c]
Dealt to ba875a14 
Dealt to 39c475d5 
71a258fc: folds
Hero: folds
ba875a14: folds
39c475d5: raises $0.1 to $0.15
663c8d52: folds
53df8dac: calls $0.1
*** FLOP *** [Th 8d 2s]
53df8dac: checks
39c475d5: bets $0.11
53df8dac: calls $0.11
*** TURN *** [Th 8d 2s] [Ad]
53df8dac: checks
39c475d5: bets $0.27
53df8dac: calls $0.27
*** RIVER *** [Th 8d 2s Ad] [5h]
53df8dac: checks
39c475d5: bets $1.08
53df8dac: calls $1.08
39c475d5: shows [Ac 7d] (Pair of Aces)
53df8dac: shows [Kh Td] (Pair of Tens)
*** SHOWDOWN ***
39c475d5 collected $3.03 from pot
*** SUMMARY ***
Total pot $3.24 | Rake $0.16 | Jackpot $0.05 | Bingo $0 | Fortune $0 | Tax $0
Board [Th 8d 2s Ad 5h]
Seat 1: 663c8d52 (small blind) folded before Flop
Seat 2: 53df8dac (big blind) showed [Kh Td] and lost with Pair of Tens
Seat 3: 71a258fc folded before Flop (didn't bet)
Seat 4: Hero folded before Flop (didn't bet)
Seat 5: ba875a14 folded before Flop (didn't bet)
Seat 6: 39c475d5 (button) showed [Ac 7d] and won ($3.03) with Pair of Aces


Poker Hand #HD1711151426: Hold'em No Limit ($0.02/$0.05) - 2024/04/01 19:59:43
Table 'NLHBlue41' 6-max Seat #5 is the button
Seat 1: 663c8d52 ($6.01 in chips)
Seat 2: 53df8dac ($13.94 in chips)
Seat 3: 71a258fc ($5.55 in chips)
Seat 4: Hero ($5.55 in chips)
Seat 5: ba875a14 ($5.14 in chips)
Seat 6: 39c475d5 ($9.02 in chips)
39c475d5: posts small blind $0.02
663c8d52: posts big blind $0.05
*** HOLE CARDS ***
Dealt to 663c8d52 
Dealt to 53df8dac 
Dealt to 71a258fc 
Dealt to Hero [Ts 5c]
Dealt to ba875a14 
Dealt to 39c475d5 
53df8dac: folds
71a258fc: folds
Hero: folds
ba875a14: raises $0.08 to $0.13
39c475d5: calls $0.11
663c8d52: folds
*** FLOP *** [4c 2h Jd]
39c475d5: bets $0.16
ba875a14: folds
Uncalled bet ($0.16) returned to 39c475d5
*** SHOWDOWN ***
39c475d5 collected $0.3 from pot
*** SUMMARY ***
Total pot $0.31 | Rake $0.01 | Jackpot $0 | Bingo $0 | Fortune $0 | Tax $0
Board [4c 2h Jd]
Seat 1: 663c8d52 (big blind) folded before Flop
Seat 2: 53df8dac folded before Flop (didn't bet)
Seat 3: 71a258fc folded before Flop (didn't bet)
Seat 4: Hero folded before Flop (didn't bet)
Seat 5: ba875a14 (button) folded on the Flop
Seat 6: 39c475d5 (small blind) won ($0.3)


Poker Hand #HD1711151290: Hold'em No Limit ($0.02/$0.05) - 2024/04/01 19:58:47
Table 'NLHBlue41' 6-max Seat #4 is the button
Seat 2: 53df8dac ($13.94 in chips)
Seat 3: 71a258fc ($5.55 in chips)
Seat 4: Hero ($5.55 in chips)
Seat 5: ba875a14 ($5 in chips)
Seat 6: 39c475d5 ($9.17 in chips)
ba875a14: posts small blind $0.02
39c475d5: posts big blind $0.05
*** HOLE CARDS ***
Dealt to 53df8dac 
Dealt to 71a258fc 
Dealt to Hero [Th 7s]
Dealt to ba875a14 
Dealt to 39c475d5 
53df8dac: folds
71a258fc: folds
Hero: folds
ba875a14: raises $0.1 to $0.15
39c475d5: calls $0.1
*** FLOP *** [Tc Jh 3h]
ba875a14: bets $0.23
39c475d5: folds
Uncalled bet ($0.23) returned to ba875a14
*** SHOWDOWN ***
ba875a14 collected $0.29 from pot
*** SUMMARY ***
Total pot $0.3 | Rake $0.01 | Jackpot $0 | Bingo $0 | Fortune $0 | Tax $0
Board [Tc Jh 3h]
Seat 2: 53df8dac folded before Flop (didn't bet)
Seat 3: 71a258fc folded before Flop (didn't bet)
Seat 4: Hero (button) folded before Flop (didn't bet)
Seat 5: ba875a14 (small blind) won ($0.29)
Seat 6: 39c475d5 (big blind) folded on the Flop


Poker Hand #HD1711151102: Hold'em No Limit ($0.02/$0.05) - 2024/04/01 19:57:34
Table 'NLHBlue41' 6-max Seat #3 is the button
Seat 2: 53df8dac ($13.94 in chips)
Seat 3: 71a258fc ($5.65 in chips)
Seat 4: Hero ($5.21 in chips)
Seat 5: ba875a14 ($5 in chips)
Seat 6: 39c475d5 ($9.39 in chips)
Hero: posts small blind $0.02
ba875a14: posts big blind $0.05
*** HOLE CARDS ***
Dealt to 53df8dac 
Dealt to 71a258fc 
Dealt to Hero [8d Ad]
Dealt to ba875a14 
Dealt to 39c475d5 
39c475d5: raises $0.05 to $0.1
53df8dac: folds
71a258fc: calls $0.1
Hero: calls $0.08
ba875a14: folds
*** FLOP *** [6d 8s Kd]
Hero: checks
39c475d5: bets $0.12
71a258fc: folds
Hero: raises $0.28 to $0.4
39c475d5: folds
Uncalled bet ($0.28) returned to Hero
*** SHOWDOWN ***
Hero collected $0.56 from pot
*** SUMMARY ***
Total pot $0.59 | Rake $0.03 | Jackpot $0 | Bingo $0 | Fortune $0 | Tax $0
Board [6d 8s Kd]
Seat 2: 53df8dac folded before Flop (didn't bet)
Seat 3: 71a258fc (button) folded on the Flop
Seat 4: Hero (small blind) won ($0.56)
Seat 5: ba875a14 (big blind) folded before Flop
Seat 6: 39c475d5 folded on the Flop


Poker Hand #HD1711151004: Hold'em No Limit ($0.02/$0.05) - 2024/04/01 19:56:56
Table 'NLHBlue41' 6-max Seat #2 is the button
Seat 2: 53df8dac ($13.94 in chips)
Seat 3: 71a258fc ($5.67 in chips)
Seat 4: Hero ($5.36 in chips)
Seat 5: ba875a14 ($5 in chips)
Seat 6: 39c475d5 ($9.23 in chips)
71a258fc: posts small blind $0.02
Hero: posts big blind $0.05
*** HOLE CARDS ***
Dealt to 53df8dac 
Dealt to 71a258fc 
Dealt to Hero [Qc Th]
Dealt to ba875a14 
Dealt to 39c475d5 
ba875a14: folds
39c475d5: raises $0.1 to $0.15
53df8dac: folds
71a258fc: folds
Hero: calls $0.1
*** FLOP *** [Kc 2c 2d]
Hero: checks
39c475d5: bets $0.16
Hero: folds
Uncalled bet ($0.16) returned to 39c475d5
*** SHOWDOWN ***
39c475d5 collected $0.31 from pot
*** SUMMARY ***
Total pot $0.32 | Rake $0.01 | Jackpot $0 | Bingo $0 | Fortune $0 | Tax $0
Board [Kc 2c 2d]
Seat 2: 53df8dac (button) folded before Flop (didn't bet)
Seat 3: 71a258fc (small blind) folded before Flop
Seat 4: Hero (big blind) folded on the Flop
Seat 5: ba875a14 folded before Flop (didn't bet)
Seat 6: 39c475d5 won ($0.31)


Poker Hand #HD1711150927: Hold'em No Limit ($0.02/$0.05) - 2024/04/01 19:56:28
Table 'NLHBlue41' 6-max Seat #6 is the button
Seat 2: 53df8dac ($14.09 in chips)
Seat 3: 71a258fc ($5.53 in chips)
Seat 4: Hero ($5.36 in chips)
Seat 5: ba875a14 ($5 in chips)
Seat 6: 39c475d5 ($9.23 in chips)
53df8dac: posts small blind $0.02
71a258fc: posts big blind $0.05
*** HOLE CARDS ***
Dealt to 53df8dac 
Dealt to 71a258fc 
Dealt to Hero [Qh 4h]
Dealt to ba875a14 
Dealt to 39c475d5 
Hero: folds
ba875a14: folds
39c475d5: folds
53df8dac: raises $0.1 to $0.15
71a258fc: calls $0.1
*** FLOP *** [Kh 6d 7c]
53df8dac: checks
71a258fc: bets $0.15
53df8dac: folds
Uncalled bet ($0.15) returned to 71a258fc
*** SHOWDOWN ***
71a258fc collected $0.29 from pot
*** SUMMARY ***
Total pot $0.3 | Rake $0.01 | Jackpot $0 | Bingo $0 | Fortune $0 | Tax $0
Board [Kh 6d 7c]
Seat 2: 53df8dac (small blind) folded on the Flop
Seat 3: 71a258fc (big blind) won ($0.29)
Seat 4: Hero folded before Flop (didn't bet)
Seat 5: ba875a14 folded before Flop (didn't bet)
Seat 6: 39c475d5 (button) folded before Flop (didn't bet)


Poker Hand #HD1711150889: Hold'em No Limit ($0.02/$0.05) - 2024/04/01 19:56:12
Table 'NLHBlue41' 6-max Seat #5 is the button
Seat 2: 53df8dac ($14.14 in chips)
Seat 3: 71a258fc ($5.53 in chips)
Seat 4: Hero ($5.29 in chips)
Seat 5: ba875a14 ($5 in chips)
Seat 6: 39c475d5 ($9.25 in chips)
39c475d5: posts small blind $0.02
53df8dac: posts big blind $0.05
*** HOLE CARDS ***
Dealt to 53df8dac 
Dealt to 71a258fc 
Dealt to Hero [Jc Qs]
Dealt to ba875a14 
Dealt to 39c475d5 
71a258fc: folds
Hero: raises $0.08 to $0.13
ba875a14: folds
39c475d5: folds
53df8dac: folds
Uncalled bet ($0.08) returned to Hero
*** SHOWDOWN ***
Hero collected $0.12 from pot
*** SUMMARY ***
Total pot $0.12 | Rake $0 | Jackpot $0 | Bingo $0 | Fortune $0 | Tax $0
Seat 2: 53df8dac (big blind) folded before Flop
Seat 3: 71a258fc folded before Flop (didn't bet)
Seat 4: Hero collected ($0.12)
Seat 5: ba875a14 (button) folded before Flop (didn't bet)
Seat 6: 39c475d5 (small blind) folded before Flop


Poker Hand #HD1711150821: Hold'em No Limit ($0.02/$0.05) - 2024/04/01 19:55:43
Table 'NLHBlue41' 6-max Seat #4 is the button
Seat 2: 53df8dac ($14.14 in chips)
Seat 3: 71a258fc ($5.53 in chips)
Seat 4: Hero ($5.29 in chips)
Seat 5: ba875a14 ($5 in chips)
Seat 6: 39c475d5 ($9.13 in chips)
ba875a14: posts small blind $0.02
39c475d5: posts big blind $0.05
*** HOLE CARDS ***
Dealt to 53df8dac 
Dealt to 71a258fc 
Dealt to Hero [Kd 6s]
Dealt to ba875a14 
Dealt to 39c475d5 
53df8dac: folds
71a258fc: folds
Hero: folds
ba875a14: raises $0.08 to $0.13
39c475d5: raises $0.26 to $0.39
ba875a14: folds
Uncalled bet ($0.26) returned to 39c475d5
*** SHOWDOWN ***
39c475d5 collected $0.25 from pot
*** SUMMARY ***
Total pot $0.26 | Rake $0.01 | Jackpot $0 | Bingo $0 | Fortune $0 | Tax $0
Seat 2: 53df8dac folded before Flop (didn't bet)
Seat 3: 71a258fc folded before Flop (didn't bet)
Seat 4: Hero (button) folded before Flop (didn't bet)
Seat 5: ba875a14 (small blind) folded before Flop
Seat 6: 39c475d5 (big blind) collected ($0.25)


Poker Hand #HD1711150758: Hold'em No Limit ($0.02/$0.05) - 2024/04/01 19:55:17
Table 'NLHBlue41' 6-max Seat #3 is the button
Seat 2: 53df8dac ($14.14 in chips)
Seat 3: 71a258fc ($5.53 in chips)
Seat 4: Hero ($5.24 in chips)
Seat 5: ba875a14 ($5 in chips)
Seat 6: 39c475d5 ($9.13 in chips)
Hero: posts small blind $0.02
ba875a14: posts big blind $0.05
*** HOLE CARDS ***
Dealt to 53df8dac 
Dealt to 71a258fc 
Dealt to Hero [6d 6s]
Dealt to ba875a14 
Dealt to 39c475d5 
39c475d5: folds
53df8dac: folds
71a258fc: folds
Hero: raises $0.1 to $0.15
ba875a14: folds
Uncalled bet ($0.1) returned to Hero
*** SHOWDOWN ***
Hero collected $0.1 from pot
*** SUMMARY ***
Total pot $0.1 | Rake $0 | Jackpot $0 | Bingo $0 | Fortune $0 | Tax $0
Seat 2: 53df8dac folded before Flop (didn't bet)
Seat 3: 71a258fc (button) folded before Flop (didn't bet)
Seat 4: Hero (small blind) collected ($0.1)
Seat 5: ba875a14 (big blind) folded before Flop
Seat 6: 39c475d5 folded before Flop (didn't bet)


Poker Hand #HD1711150660: Hold'em No Limit ($0.02/$0.05) - 2024/04/01 19:54:40
Table 'NLHBlue41' 6-max Seat #2 is the button
Seat 2: 53df8dac ($14.14 in chips)
Seat 3: 71a258fc ($5.55 in chips)
Seat 4: Hero ($5.39 in chips)
Seat 5: ba875a14 ($5 in chips)
Seat 6: 39c475d5 ($8.97 in chips)
71a258fc: posts small blind $0.02
Hero: posts big blind $0.05
*** HOLE CARDS ***
Dealt to 53df8dac 
Dealt to 71a258fc 
Dealt to Hero [5s 8s]
Dealt to ba875a14 
Dealt to 39c475d5 
ba875a14: folds
39c475d5: raises $0.1 to $0.15
53df8dac: folds
71a258fc: folds
Hero: calls $0.1
*** FLOP *** [4h Tc Ad]
Hero: checks
39c475d5: bets $0.16
Hero: folds
Uncalled bet ($0.16) returned to 39c475d5
*** SHOWDOWN ***
39c475d5 collected $0.31 from pot
*** SUMMARY ***
Total pot $0.32 | Rake $0.01 | Jackpot $0 | Bingo $0 | Fortune $0 | Tax $0
Board [4h Tc Ad]
Seat 2: 53df8dac (button) folded before Flop (didn't bet)
Seat 3: 71a258fc (small blind) folded before Flop
Seat 4: Hero (big blind) folded on the Flop
Seat 5: ba875a14 folded before Flop (didn't bet)
Seat 6: 39c475d5 won ($0.31)


Poker Hand #HD1711150635: Hold'em No Limit ($0.02/$0.05) - 2024/04/01 19:54:29
Table 'NLHBlue41' 6-max Seat #6 is the button
Seat 2: 53df8dac ($14.16 in chips)
Seat 3: 71a258fc ($5.53 in chips)
Seat 4: Hero ($5.39 in chips)
Seat 5: ba875a14 ($5 in chips)
Seat 6: 39c475d5 ($8.97 in chips)
53df8dac: posts small blind $0.02
71a258fc: posts big blind $0.05
*** HOLE CARDS ***
Dealt to 53df8dac 
Dealt to 71a258fc 
Dealt to Hero [9s 2s]
Dealt to ba875a14 
Dealt to 39c475d5 
Hero: folds
ba875a14: folds
39c475d5: folds
53df8dac: folds
Uncalled bet ($0.03) returned to 71a258fc
*** SHOWDOWN ***
71a258fc collected $0.04 from pot
*** SUMMARY ***
Total pot $0.04 | Rake $0 | Jackpot $0 | Bingo $0 | Fortune $0 | Tax $0
Seat 2: 53df8dac (small blind) folded before Flop
Seat 3: 71a258fc (big blind) collected ($0.04)
Seat 4: Hero folded before Flop (didn't bet)
Seat 5: ba875a14 folded before Flop (didn't bet)
Seat 6: 39c475d5 (button) folded before Flop (didn't bet)


Poker Hand #HD1711150504: Hold'em No Limit ($0.02/$0.05) - 2024/04/01 19:53:33
Table 'NLHBlue41' 6-max Seat #5 is the button
Seat 2: 53df8dac ($13.89 in chips)
Seat 3: 71a258fc ($5.53 in chips)
Seat 4: Hero ($5.39 in chips)
Seat 5: ba875a14 ($5 in chips)
Seat 6: 39c475d5 ($9.27 in chips)
39c475d5: posts small blind $0.02
53df8dac: posts big blind $0.05
*** HOLE CARDS ***
Dealt to 53df8dac 
Dealt to 71a258fc 
Dealt to Hero [Kh 2s]
Dealt to ba875a14 
Dealt to 39c475d5 
71a258fc: folds
Hero: folds
ba875a14: folds
39c475d5: raises $0.1 to $0.15
53df8dac: calls $0.1
*** FLOP *** [Th 4s Js]
39c475d5: bets $0.15
53df8dac: calls $0.15
*** TURN *** [Th 4s Js] [5h]
39c475d5: checks
53df8dac: checks
*** RIVER *** [Th 4s Js 5h] [6d]
39c475d5: checks
53df8dac: checks
39c475d5: shows [As 7h] (Ace-High)
53df8dac: shows [Td 9d] (Pair of Tens)
*** SHOWDOWN ***
53df8dac collected $0.57 from pot
*** SUMMARY ***
Total pot $0.6 | Rake $0.03 | Jackpot $0 | Bingo $0 | Fortune $0 | Tax $0
Board [Th 4s Js 5h 6d]
Seat 2: 53df8dac (big blind) showed [Td 9d] and won ($0.57) with Pair of Tens
Seat 3: 71a258fc folded before Flop (didn't bet)
Seat 4: Hero folded before Flop (didn't bet)
Seat 5: ba875a14 (button) folded before Flop (didn't bet)
Seat 6: 39c475d5 (small blind) showed [As 7h] and lost with Ace-High


Poker Hand #HD1711150418: Hold'em No Limit ($0.02/$0.05) - 2024/04/01 19:52:55
Table 'NLHBlue41' 6-max Seat #4 is the button
Seat 2: 53df8dac ($13.89 in chips)
Seat 3: 71a258fc ($5.53 in chips)
Seat 4: Hero ($5.39 in chips)
Seat 5: ba875a14 ($5 in chips)
Seat 6: 39c475d5 ($9.13 in chips)
ba875a14: posts small blind $0.02
39c475d5: posts big blind $0.05
*** HOLE CARDS ***
Dealt to 53df8dac 
Dealt to 71a258fc 
Dealt to Hero [4s 7h]
Dealt to ba875a14 
Dealt to 39c475d5 
53df8dac: folds
71a258fc: folds
Hero: folds
ba875a14: raises $0.1 to $0.15
39c475d5: raises $0.45 to $0.6
ba875a14: folds
Uncalled bet ($0.45) returned to 39c475d5
*** SHOWDOWN ***
39c475d5 collected $0.29 from pot
*** SUMMARY ***
Total pot $0.3 | Rake $0.01 | Jackpot $0 | Bingo $0 | Fortune $0 | Tax $0
Seat 2: 53df8dac folded before Flop (didn't bet)
Seat 3: 71a258fc folded before Flop (didn't bet)
Seat 4: Hero (button) folded before Flop (didn't bet)
Seat 5: ba875a14 (small blind) folded before Flop
Seat 6: 39c475d5 (big blind) collected ($0.29)


Poker Hand #HD1711150376: Hold'em No Limit ($0.02/$0.05) - 2024/04/01 19:52:36
Table 'NLHBlue41' 6-max Seat #3 is the button
Seat 2: 53df8dac ($13.89 in chips)
Seat 3: 71a258fc ($5.53 in chips)
Seat 4: Hero ($5.41 in chips)
Seat 5: ba875a14 ($5 in chips)
Seat 6: 39c475d5 ($9.06 in chips)
Hero: posts small blind $0.02
ba875a14: posts big blind $0.05
*** HOLE CARDS ***
Dealt to 53df8dac 
Dealt to 71a258fc 
Dealt to Hero [2d 9s]
Dealt to ba875a14 
Dealt to 39c475d5 
39c475d5: raises $0.05 to $0.1
53df8dac: folds
71a258fc: folds
Hero: folds
ba875a14: folds
Uncalled bet ($0.05) returned to 39c475d5
*** SHOWDOWN ***
39c475d5 collected $0.12 from pot
*** SUMMARY ***
Total pot $0.12 | Rake $0 | Jackpot $0 | Bingo $0 | Fortune $0 | Tax $0
Seat 2: 53df8dac folded before Flop (didn't bet)
Seat 3: 71a258fc (button) folded before Flop (didn't bet)
Seat 4: Hero (small blind) folded before Flop
Seat 5: ba875a14 (big blind) folded before Flop
Seat 6: 39c475d5 collected ($0.12)


Poker Hand #HD1711150255: Hold'em No Limit ($0.02/$0.05) - 2024/04/01 19:51:42
Table 'NLHBlue41' 6-max Seat #2 is the button
Seat 2: 53df8dac ($13.89 in chips)
Seat 3: 71a258fc ($5.77 in chips)
Seat 4: Hero ($5.19 in chips)
Seat 5: ba875a14 ($5 in chips)
Seat 6: 39c475d5 ($9.06 in chips)
71a258fc: posts small blind $0.02
Hero: posts big blind $0.05
*** HOLE CARDS ***
Dealt to 53df8dac 
Dealt to 71a258fc 
Dealt to Hero [9h Jd]
Dealt to ba875a14 
Dealt to 39c475d5 
ba875a14: folds
39c475d5: folds
53df8dac: folds
71a258fc: raises $0.07 to $0.12
Hero: calls $0.07
*** FLOP *** [Qd Td 5c]
71a258fc: bets $0.12
Hero: calls $0.12
*** TURN *** [Qd Td 5c] [Ad]
71a258fc: checks
Hero: bets $0.25
71a258fc: folds
Uncalled bet ($0.25) returned to Hero
*** SHOWDOWN ***
Hero collected $0.46 from pot
*** SUMMARY ***
Total pot $0.48 | Rake $0.02 | Jackpot $0 | Bingo $0 | Fortune $0 | Tax $0
Board [Qd Td 5c Ad]
Seat 2: 53df8dac (button) folded before Flop (didn't bet)
Seat 3: 71a258fc (small blind) folded on the Turn
Seat 4: Hero (big blind) won ($0.46)
Seat 5: ba875a14 folded before Flop (didn't bet)
Seat 6: 39c475d5 folded before Flop (didn't bet)


Poker Hand #HD1711150165: Hold'em No Limit ($0.02/$0.05) - 2024/04/01 19:51:04
Table 'NLHBlue41' 6-max Seat #6 is the button
Seat 2: 53df8dac ($13.91 in chips)
Seat 3: 71a258fc ($5.82 in chips)
Seat 4: Hero ($5.19 in chips)
Seat 5: ba875a14 ($5.07 in chips)
Seat 6: 39c475d5 ($8.85 in chips)
53df8dac: posts small blind $0.02
71a258fc: posts big blind $0.05
*** HOLE CARDS ***
Dealt to 53df8dac 
Dealt to 71a258fc 
Dealt to Hero [7c 5s]
Dealt to ba875a14 
Dealt to 39c475d5 
Hero: folds
ba875a14: raises $0.1 to $0.15
39c475d5: calls $0.15
53df8dac: folds
71a258fc: folds
*** FLOP *** [9s Td Kh]
ba875a14: checks
39c475d5: bets $0.28
ba875a14: folds
Uncalled bet ($0.28) returned to 39c475d5
*** SHOWDOWN ***
39c475d5 collected $0.36 from pot
*** SUMMARY ***
Total pot $0.37 | Rake $0.01 | Jackpot $0 | Bingo $0 | Fortune $0 | Tax $0
Board [9s Td Kh]
Seat 2: 53df8dac (small blind) folded before Flop
Seat 3: 71a258fc (big blind) folded before Flop
Seat 4: Hero folded before Flop (didn't bet)
Seat 5: ba875a14 folded on the Flop
Seat 6: 39c475d5 (button) won ($0.36)


Poker Hand #HD1711150127: Hold'em No Limit ($0.02/$0.05) - 2024/04/01 19:50:48
Table 'NLHBlue41' 6-max Seat #5 is the button
Seat 2: 53df8dac ($13.96 in chips)
Seat 3: 71a258fc ($5.82 in chips)
Seat 4: Hero ($5.19 in chips)
Seat 5: ba875a14 ($5.07 in chips)
Seat 6: 39c475d5 ($8.8 in chips)
39c475d5: posts small blind $0.02
53df8dac: posts big blind $0.05
*** HOLE CARDS ***
Dealt to 53df8dac 
Dealt to 71a258fc 
Dealt to Hero [5s Tc]
Dealt to ba875a14 
Dealt to 39c475d5 
71a258fc: folds
Hero: folds
ba875a14: folds
39c475d5: raises $0.1 to $0.15
53df8dac: folds
Uncalled bet ($0.1) returned to 39c475d5
*** SHOWDOWN ***
39c475d5 collected $0.1 from pot
*** SUMMARY ***
Total pot $0.1 | Rake $0 | Jackpot $0 | Bingo $0 | Fortune $0 | Tax $0
Seat 2: 53df8dac (big blind) folded before Flop
Seat 3: 71a258fc folded before Flop (didn't bet)
Seat 4: Hero folded before Flop (didn't bet)
Seat 5: ba875a14 (button) folded before Flop (didn't bet)
Seat 6: 39c475d5 (small blind) collected ($0.1)


Poker Hand #HD1711150095: Hold'em No Limit ($0.02/$0.05) - 2024/04/01 19:50:30
Table 'NLHBlue41' 6-max Seat #4 is the button
Seat 1: 663c8d52 ($6.01 in chips)
Seat 2: 53df8dac ($13.96 in chips)
Seat 3: 71a258fc ($5.82 in chips)
Seat 4: Hero ($5.19 in chips)
Seat 5: ba875a14 ($5.09 in chips)
Seat 6: 39c475d5 ($8.78 in chips)
ba875a14: posts small blind $0.02
39c475d5: posts big blind $0.05
*** HOLE CARDS ***
Dealt to 663c8d52 
Dealt to 53df8dac 
Dealt to 71a258fc 
Dealt to Hero [Ts 8d]
Dealt to ba875a14 
Dealt to 39c475d5 
663c8d52: folds
53df8dac: folds
71a258fc: folds
Hero: folds
ba875a14: folds
Uncalled bet ($0.03) returned to 39c475d5
*** SHOWDOWN ***
39c475d5 collected $0.04 from pot
*** SUMMARY ***
Total pot $0.04 | Rake $0 | Jackpot $0 | Bingo $0 | Fortune $0 | Tax $0
Seat 1: 663c8d52 folded before Flop (didn't bet)
Seat 2: 53df8dac folded before Flop (didn't bet)
Seat 3: 71a258fc folded before Flop (didn't bet)
Seat 4: Hero (button) folded before Flop (didn't bet)
Seat 5: ba875a14 (small blind) folded before Flop
Seat 6: 39c475d5 (big blind) collected ($0.04)


Poker Hand #HD1711149989: Hold'em No Limit ($0.02/$0.05) - 2024/04/01 19:49:47
Table 'NLHBlue41' 6-max Seat #3 is the button
Seat 1: 663c8d52 ($6.01 in chips)
Seat 2: 53df8dac ($13.96 in chips)
Seat 3: 71a258fc ($5.82 in chips)
Seat 4: Hero ($5 in chips)
Seat 5: ba875a14 ($5.14 in chips)
Seat 6: 39c475d5 ($8.93 in chips)
Hero: posts small blind $0.02
ba875a14: posts big blind $0.05
*** HOLE CARDS ***
Dealt to 663c8d52 
Dealt to 53df8dac 
Dealt to 71a258fc 
Dealt to Hero [Jc Qd]
Dealt to ba875a14 
Dealt to 39c475d5 
39c475d5: raises $0.1 to $0.15
663c8d52: folds
53df8dac: folds
71a258fc: folds
Hero: calls $0.13
ba875a14: folds
*** FLOP *** [9d Ks 7d]
Hero: checks
39c475d5: checks
*** TURN *** [9d Ks 7d] [4d]
Hero: bets $0.15
39c475d5: folds
Uncalled bet ($0.15) returned to Hero
*** SHOWDOWN ***
Hero collected $0.34 from pot
*** SUMMARY ***
Total pot $0.35 | Rake $0.01 | Jackpot $0 | Bingo $0 | Fortune $0 | Tax $0
Board [9d Ks 7d 4d]
Seat 1: 663c8d52 folded before Flop (didn't bet)
Seat 2: 53df8dac folded before Flop (didn't bet)
Seat 3: 71a258fc (button) folded before Flop (didn't bet)
Seat 4: Hero (small blind) won ($0.34)
Seat 5: ba875a14 (big blind) folded before Flop
Seat 6: 39c475d5 folded on the Turn


Poker Hand #HD1711149944: Hold'em No Limit ($0.02/$0.05) - 2024/04/01 19:49:28
Table 'NLHBlue41' 6-max Seat #2 is the button
Seat 1: 663c8d52 ($6.01 in chips)
Seat 2: 53df8dac ($13.96 in chips)
Seat 3: 71a258fc ($5.84 in chips)
Seat 4: Hero ($5 in chips)
Seat 5: ba875a14 ($5.14 in chips)
Seat 6: 39c475d5 ($8.86 in chips)
71a258fc: posts small blind $0.02
Hero: posts big blind $0.05
*** HOLE CARDS ***
Dealt to 663c8d52 
Dealt to 53df8dac 
Dealt to 71a258fc 
Dealt to Hero [4c 2h]
Dealt to ba875a14 
Dealt to 39c475d5 
ba875a14: folds
39c475d5: raises $0.05 to $0.1
663c8d52: folds
53df8dac: folds
71a258fc: folds
Hero: folds
Uncalled bet ($0.05) returned to 39c475d5
*** SHOWDOWN ***
39c475d5 collected $0.12 from pot
*** SUMMARY ***
Total pot $0.12 | Rake $0 | Jackpot $0 | Bingo $0 | Fortune $0 | Tax $0
Seat 1: 663c8d52 folded before Flop (didn't bet)
Seat 2: 53df8dac (button) folded before Flop (didn't bet)
Seat 3: 71a258fc (small blind) folded before Flop
Seat 4: Hero (big blind) folded before Flop
Seat 5: ba875a14 folded before Flop (didn't bet)
Seat 6: 39c475d5 collected ($0.12)


