Poker Hand #HD1713689091: Hold'em No Limit ($0.02/$0.05) - 2024/04/03 13:25:00
Table 'NLHBlue14' 6-max Seat #4 is the button
Seat 1: 42e690b9 ($5.26 in chips)
Seat 2: 77ad8b5 ($12.17 in chips)
Seat 3: c0341d3c ($5.66 in chips)
Seat 4: f789668a ($5 in chips)
Seat 5: Hero ($5.86 in chips)
Seat 6: f8773ca2 ($4.93 in chips)
Hero: posts small blind $0.02
f8773ca2: posts big blind $0.05
*** HOLE CARDS ***
Dealt to 42e690b9 
Dealt to 77ad8b5 
Dealt to c0341d3c 
Dealt to f789668a 
Dealt to Hero [Qc Ac]
Dealt to f8773ca2 
42e690b9: folds
77ad8b5: folds
c0341d3c: folds
f789668a: folds
Hero: raises $0.1 to $0.15
f8773ca2: calls $0.1
*** FLOP *** [Ts 4s Td]
Hero: checks
f8773ca2: checks
*** TURN *** [Ts 4s Td] [3d]
Hero: checks
f8773ca2: bets $0.23
Hero: folds
Uncalled bet ($0.23) returned to f8773ca2
*** SHOWDOWN ***
f8773ca2 collected $0.29 from pot
*** SUMMARY ***
Total pot $0.3 | Rake $0.01 | Jackpot $0 | Bingo $0 | Fortune $0 | Tax $0
Board [Ts 4s Td 3d]
Seat 1: 42e690b9 folded before Flop (didn't bet)
Seat 2: 77ad8b5 folded before Flop (didn't bet)
Seat 3: c0341d3c folded before Flop (didn't bet)
Seat 4: f789668a (button) folded before Flop (didn't bet)
Seat 5: Hero (small blind) folded on the Turn
Seat 6: f8773ca2 (big blind) won ($0.29)


Poker Hand #HD1713689004: Hold'em No Limit ($0.02/$0.05) - 2024/04/03 13:24:17
Table 'NLHBlue14' 6-max Seat #3 is the button
Seat 1: 42e690b9 ($5.26 in chips)
Seat 2: 77ad8b5 ($12.17 in chips)
Seat 3: c0341d3c ($5.78 in chips)
Seat 4: f789668a ($5.02 in chips)
Seat 5: Hero ($5.73 in chips)
Seat 6: f8773ca2 ($4.93 in chips)
f789668a: posts small blind $0.02
Hero: posts big blind $0.05
*** HOLE CARDS ***
Dealt to 42e690b9 
Dealt to 77ad8b5 
Dealt to c0341d3c 
Dealt to f789668a 
Dealt to Hero [Td 9d]
Dealt to f8773ca2 
f8773ca2: folds
42e690b9: folds
77ad8b5: folds
c0341d3c: raises $0.07 to $0.12
f789668a: folds
Hero: calls $0.07
*** FLOP *** [3h 7h 8s]
Hero: checks
c0341d3c: checks
*** TURN *** [3h 7h 8s] [8d]
Hero: bets $0.1
c0341d3c: folds
Uncalled bet ($0.1) returned to Hero
*** SHOWDOWN ***
Hero collected $0.25 from pot
*** SUMMARY ***
Total pot $0.26 | Rake $0.01 | Jackpot $0 | Bingo $0 | Fortune $0 | Tax $0
Board [3h 7h 8s 8d]
Seat 1: 42e690b9 folded before Flop (didn't bet)
Seat 2: 77ad8b5 folded before Flop (didn't bet)
Seat 3: c0341d3c (button) folded on the Turn
Seat 4: f789668a (small blind) folded before Flop
Seat 5: Hero (big blind) won ($0.25)
Seat 6: f8773ca2 folded before Flop (didn't bet)


Poker Hand #HD1713688966: Hold'em No Limit ($0.02/$0.05) - 2024/04/03 13:23:59
Table 'NLHBlue14' 6-max Seat #2 is the button
Seat 1: 42e690b9 ($5.26 in chips)
Seat 2: 77ad8b5 ($12.17 in chips)
Seat 3: c0341d3c ($5.8 in chips)
Seat 4: f789668a ($5 in chips)
Seat 5: Hero ($5.73 in chips)
Seat 6: f8773ca2 ($4.93 in chips)
c0341d3c: posts small blind $0.02
f789668a: posts big blind $0.05
*** HOLE CARDS ***
Dealt to 42e690b9 
Dealt to 77ad8b5 
Dealt to c0341d3c 
Dealt to f789668a 
Dealt to Hero [2d Jd]
Dealt to f8773ca2 
Hero: folds
f8773ca2: folds
42e690b9: folds
77ad8b5: folds
c0341d3c: folds
Uncalled bet ($0.03) returned to f789668a
*** SHOWDOWN ***
f789668a collected $0.04 from pot
*** SUMMARY ***
Total pot $0.04 | Rake $0 | Jackpot $0 | Bingo $0 | Fortune $0 | Tax $0
Seat 1: 42e690b9 folded before Flop (didn't bet)
Seat 2: 77ad8b5 (button) folded before Flop (didn't bet)
Seat 3: c0341d3c (small blind) folded before Flop
Seat 4: f789668a (big blind) collected ($0.04)
Seat 5: Hero folded before Flop (didn't bet)
Seat 6: f8773ca2 folded before Flop (didn't bet)


Poker Hand #HD1713688945: Hold'em No Limit ($0.02/$0.05) - 2024/04/03 13:23:45
Table 'NLHBlue14' 6-max Seat #1 is the button
Seat 1: 42e690b9 ($5.26 in chips)
Seat 2: 77ad8b5 ($12.12 in chips)
Seat 3: c0341d3c ($5.85 in chips)
Seat 5: Hero ($5.73 in chips)
Seat 6: f8773ca2 ($4.93 in chips)
77ad8b5: posts small blind $0.02
c0341d3c: posts big blind $0.05
*** HOLE CARDS ***
Dealt to 42e690b9 
Dealt to 77ad8b5 
Dealt to c0341d3c 
Dealt to Hero [2s 9d]
Dealt to f8773ca2 
Hero: folds
f8773ca2: folds
42e690b9: folds
77ad8b5: raises $0.1 to $0.15
c0341d3c: folds
Uncalled bet ($0.1) returned to 77ad8b5
*** SHOWDOWN ***
77ad8b5 collected $0.1 from pot
*** SUMMARY ***
Total pot $0.1 | Rake $0 | Jackpot $0 | Bingo $0 | Fortune $0 | Tax $0
Seat 1: 42e690b9 (button) folded before Flop (didn't bet)
Seat 2: 77ad8b5 (small blind) collected ($0.1)
Seat 3: c0341d3c (big blind) folded before Flop
Seat 5: Hero folded before Flop (didn't bet)
Seat 6: f8773ca2 folded before Flop (didn't bet)


Poker Hand #HD1713688841: Hold'em No Limit ($0.02/$0.05) - 2024/04/03 13:22:43
Table 'NLHBlue14' 6-max Seat #6 is the button
Seat 1: 42e690b9 ($5.28 in chips)
Seat 2: 77ad8b5 ($12.75 in chips)
Seat 3: c0341d3c ($5.85 in chips)
Seat 5: Hero ($5.14 in chips)
Seat 6: f8773ca2 ($4.93 in chips)
42e690b9: posts small blind $0.02
77ad8b5: posts big blind $0.05
*** HOLE CARDS ***
Dealt to 42e690b9 
Dealt to 77ad8b5 
Dealt to c0341d3c 
Dealt to Hero [Js Ts]
Dealt to f8773ca2 
c0341d3c: folds
Hero: raises $0.08 to $0.13
f8773ca2: folds
42e690b9: folds
77ad8b5: calls $0.08
*** FLOP *** [Qh 8h 9s]
77ad8b5: checks
Hero: bets $0.15
77ad8b5: calls $0.15
*** TURN *** [Qh 8h 9s] [4s]
77ad8b5: checks
Hero: bets $0.35
77ad8b5: calls $0.35
*** RIVER *** [Qh 8h 9s 4s] [5h]
77ad8b5: checks
Hero: checks
77ad8b5: shows [Qs Jc] (Pair of Queens)
Hero: shows [Js Ts] (Queens-High Straight)
*** SHOWDOWN ***
Hero collected $1.22 from pot
*** SUMMARY ***
Total pot $1.28 | Rake $0.06 | Jackpot $0 | Bingo $0 | Fortune $0 | Tax $0
Board [Qh 8h 9s 4s 5h]
Seat 1: 42e690b9 (small blind) folded before Flop
Seat 2: 77ad8b5 (big blind) showed [Qs Jc] and lost with Pair of Queens
Seat 3: c0341d3c folded before Flop (didn't bet)
Seat 5: Hero showed [Js Ts] and won ($1.22) with Queens-High Straight
Seat 6: f8773ca2 (button) folded before Flop (didn't bet)


Poker Hand #HD1713688726: Hold'em No Limit ($0.02/$0.05) - 2024/04/03 13:21:35
Table 'NLHBlue14' 6-max Seat #5 is the button
Seat 1: 42e690b9 ($5.41 in chips)
Seat 2: 77ad8b5 ($12.75 in chips)
Seat 3: c0341d3c ($5.85 in chips)
Seat 5: Hero ($5 in chips)
Seat 6: f8773ca2 ($4.95 in chips)
f8773ca2: posts small blind $0.02
42e690b9: posts big blind $0.05
*** HOLE CARDS ***
Dealt to 42e690b9 
Dealt to 77ad8b5 
Dealt to c0341d3c 
Dealt to Hero [Jd Js]
Dealt to f8773ca2 
77ad8b5: folds
c0341d3c: folds
Hero: raises $0.08 to $0.13
f8773ca2: folds
42e690b9: calls $0.08
*** FLOP *** [Kh Qc Kd]
42e690b9: checks
Hero: checks
*** TURN *** [Kh Qc Kd] [7d]
42e690b9: checks
Hero: bets $0.1
42e690b9: folds
Uncalled bet ($0.1) returned to Hero
*** SHOWDOWN ***
Hero collected $0.27 from pot
*** SUMMARY ***
Total pot $0.28 | Rake $0.01 | Jackpot $0 | Bingo $0 | Fortune $0 | Tax $0
Board [Kh Qc Kd 7d]
Seat 1: 42e690b9 (big blind) folded on the Turn
Seat 2: 77ad8b5 folded before Flop (didn't bet)
Seat 3: c0341d3c folded before Flop (didn't bet)
Seat 5: Hero (button) won ($0.27)
Seat 6: f8773ca2 (small blind) folded before Flop


Poker Hand #HD1713688673: Hold'em No Limit ($0.02/$0.05) - 2024/04/03 13:21:09
Table 'NLHBlue14' 6-max Seat #4 is the button
Seat 1: 42e690b9 ($5.41 in chips)
Seat 2: 77ad8b5 ($12.68 in chips)
Seat 3: c0341d3c ($5.85 in chips)
Seat 4: 1235a942 ($5.12 in chips)
Seat 5: Hero ($5 in chips)
Seat 6: f8773ca2 ($5 in chips)
Hero: posts small blind $0.02
f8773ca2: posts big blind $0.05
*** HOLE CARDS ***
Dealt to 42e690b9 
Dealt to 77ad8b5 
Dealt to c0341d3c 
Dealt to 1235a942 
Dealt to Hero [3c 4c]
Dealt to f8773ca2 
42e690b9: folds
77ad8b5: raises $0.07 to $0.12
c0341d3c: folds
1235a942: folds
Hero: folds
f8773ca2: folds
Uncalled bet ($0.07) returned to 77ad8b5
*** SHOWDOWN ***
77ad8b5 collected $0.12 from pot
*** SUMMARY ***
Total pot $0.12 | Rake $0 | Jackpot $0 | Bingo $0 | Fortune $0 | Tax $0
Seat 1: 42e690b9 folded before Flop (didn't bet)
Seat 2: 77ad8b5 collected ($0.12)
Seat 3: c0341d3c folded before Flop (didn't bet)
Seat 4: 1235a942 (button) folded before Flop (didn't bet)
Seat 5: Hero (small blind) folded before Flop
Seat 6: f8773ca2 (big blind) folded before Flop


Poker Hand #HD1713688645: Hold'em No Limit ($0.02/$0.05) - 2024/04/03 13:20:54
Table 'NLHBlue14' 6-max Seat #3 is the button
Seat 1: 42e690b9 ($5.41 in chips)
Seat 2: 77ad8b5 ($12.61 in chips)
Seat 3: c0341d3c ($5.85 in chips)
Seat 4: 1235a942 ($5.14 in chips)
Seat 5: Hero ($5.01 in chips)
1235a942: posts small blind $0.02
Hero: posts big blind $0.05
*** HOLE CARDS ***
Dealt to 42e690b9 
Dealt to 77ad8b5 
Dealt to c0341d3c 
Dealt to 1235a942 
Dealt to Hero [Kh 5h]
42e690b9: folds
77ad8b5: raises $0.07 to $0.12
c0341d3c: folds
1235a942: folds
Hero: folds
Uncalled bet ($0.07) returned to 77ad8b5
*** SHOWDOWN ***
77ad8b5 collected $0.12 from pot
*** SUMMARY ***
Total pot $0.12 | Rake $0 | Jackpot $0 | Bingo $0 | Fortune $0 | Tax $0
Seat 1: 42e690b9 folded before Flop (didn't bet)
Seat 2: 77ad8b5 collected ($0.12)
Seat 3: c0341d3c (button) folded before Flop (didn't bet)
Seat 4: 1235a942 (small blind) folded before Flop
Seat 5: Hero (big blind) folded before Flop


Poker Hand #HD1713688565: Hold'em No Limit ($0.02/$0.05) - 2024/04/03 13:20:12
Table 'NLHBlue14' 6-max Seat #2 is the button
Seat 1: 42e690b9 ($5.54 in chips)
Seat 2: 77ad8b5 ($12.61 in chips)
Seat 3: c0341d3c ($5.87 in chips)
Seat 4: 1235a942 ($5 in chips)
Seat 5: Hero ($5.01 in chips)
c0341d3c: posts small blind $0.02
1235a942: posts big blind $0.05
*** HOLE CARDS ***
Dealt to 42e690b9 
Dealt to 77ad8b5 
Dealt to c0341d3c 
Dealt to 1235a942 
Dealt to Hero [Ad 3c]
Hero: folds
42e690b9: raises $0.08 to $0.13
77ad8b5: folds
c0341d3c: folds
1235a942: raises $0.28 to $0.41
42e690b9: folds
Uncalled bet ($0.28) returned to 1235a942
*** SHOWDOWN ***
1235a942 collected $0.27 from pot
*** SUMMARY ***
Total pot $0.28 | Rake $0.01 | Jackpot $0 | Bingo $0 | Fortune $0 | Tax $0
Seat 1: 42e690b9 folded before Flop
Seat 2: 77ad8b5 (button) folded before Flop (didn't bet)
Seat 3: c0341d3c (small blind) folded before Flop
Seat 4: 1235a942 (big blind) collected ($0.27)
Seat 5: Hero folded before Flop (didn't bet)


Poker Hand #HD1713688530: Hold'em No Limit ($0.02/$0.05) - 2024/04/03 13:19:56
Table 'NLHBlue14' 6-max Seat #1 is the button
Seat 1: 42e690b9 ($5.54 in chips)
Seat 2: 77ad8b5 ($12.56 in chips)
Seat 3: c0341d3c ($5.92 in chips)
Seat 5: Hero ($5.01 in chips)
Seat 6: 3c677231 ($5.67 in chips)
77ad8b5: posts small blind $0.02
c0341d3c: posts big blind $0.05
*** HOLE CARDS ***
Dealt to 42e690b9 
Dealt to 77ad8b5 
Dealt to c0341d3c 
Dealt to Hero [As 6s]
Dealt to 3c677231 
Hero: folds
3c677231: folds
42e690b9: folds
77ad8b5: raises $0.1 to $0.15
c0341d3c: folds
Uncalled bet ($0.1) returned to 77ad8b5
*** SHOWDOWN ***
77ad8b5 collected $0.1 from pot
*** SUMMARY ***
Total pot $0.1 | Rake $0 | Jackpot $0 | Bingo $0 | Fortune $0 | Tax $0
Seat 1: 42e690b9 (button) folded before Flop (didn't bet)
Seat 2: 77ad8b5 (small blind) collected ($0.1)
Seat 3: c0341d3c (big blind) folded before Flop
Seat 5: Hero folded before Flop (didn't bet)
Seat 6: 3c677231 folded before Flop (didn't bet)


Poker Hand #HD1713688475: Hold'em No Limit ($0.02/$0.05) - 2024/04/03 13:19:20
Table 'NLHBlue14' 6-max Seat #6 is the button
Seat 1: 42e690b9 ($5.37 in chips)
Seat 2: 77ad8b5 ($12.61 in chips)
Seat 3: c0341d3c ($5.92 in chips)
Seat 5: Hero ($5.01 in chips)
Seat 6: 3c677231 ($5.8 in chips)
42e690b9: posts small blind $0.02
77ad8b5: posts big blind $0.05
*** HOLE CARDS ***
Dealt to 42e690b9 
Dealt to 77ad8b5 
Dealt to c0341d3c 
Dealt to Hero [As 3h]
Dealt to 3c677231 
c0341d3c: folds
Hero: folds
3c677231: raises $0.08 to $0.13
42e690b9: raises $0.42 to $0.55
77ad8b5: folds
3c677231: folds
Uncalled bet ($0.42) returned to 42e690b9
*** SHOWDOWN ***
42e690b9 collected $0.3 from pot
*** SUMMARY ***
Total pot $0.31 | Rake $0.01 | Jackpot $0 | Bingo $0 | Fortune $0 | Tax $0
Seat 1: 42e690b9 (small blind) collected ($0.3)
Seat 2: 77ad8b5 (big blind) folded before Flop
Seat 3: c0341d3c folded before Flop (didn't bet)
Seat 5: Hero folded before Flop (didn't bet)
Seat 6: 3c677231 (button) folded before Flop


Poker Hand #HD1713688320: Hold'em No Limit ($0.02/$0.05) - 2024/04/03 13:18:04
Table 'NLHBlue14' 6-max Seat #5 is the button
Seat 1: 42e690b9 ($5.23 in chips)
Seat 2: 77ad8b5 ($12.61 in chips)
Seat 3: c0341d3c ($5.92 in chips)
Seat 5: Hero ($5.14 in chips)
Seat 6: 3c677231 ($5.82 in chips)
3c677231: posts small blind $0.02
42e690b9: posts big blind $0.05
*** HOLE CARDS ***
Dealt to 42e690b9 
Dealt to 77ad8b5 
Dealt to c0341d3c 
Dealt to Hero [6d 7d]
Dealt to 3c677231 
77ad8b5: folds
c0341d3c: folds
Hero: raises $0.08 to $0.13
3c677231: folds
42e690b9: calls $0.08
*** FLOP *** [Td Ts 6s]
42e690b9: checks
Hero: checks
*** TURN *** [Td Ts 6s] [7s]
42e690b9: checks
Hero: checks
*** RIVER *** [Td Ts 6s 7s] [9c]
42e690b9: bets $0.35
Hero: folds
Uncalled bet ($0.35) returned to 42e690b9
*** SHOWDOWN ***
42e690b9 collected $0.27 from pot
*** SUMMARY ***
Total pot $0.28 | Rake $0.01 | Jackpot $0 | Bingo $0 | Fortune $0 | Tax $0
Board [Td Ts 6s 7s 9c]
Seat 1: 42e690b9 (big blind) won ($0.27)
Seat 2: 77ad8b5 folded before Flop (didn't bet)
Seat 3: c0341d3c folded before Flop (didn't bet)
Seat 5: Hero (button) folded on the River
Seat 6: 3c677231 (small blind) folded before Flop


Poker Hand #HD1713688271: Hold'em No Limit ($0.02/$0.05) - 2024/04/03 13:17:33
Table 'NLHBlue14' 6-max Seat #4 is the button
Seat 1: 42e690b9 ($5.23 in chips)
Seat 2: 77ad8b5 ($12.61 in chips)
Seat 3: c0341d3c ($5.92 in chips)
Seat 4: 4c3d188b ($5.1 in chips)
Seat 5: Hero ($5.16 in chips)
Seat 6: 3c677231 ($5.8 in chips)
Hero: posts small blind $0.02
3c677231: posts big blind $0.05
*** HOLE CARDS ***
Dealt to 42e690b9 
Dealt to 77ad8b5 
Dealt to c0341d3c 
Dealt to 4c3d188b 
Dealt to Hero [8s Tc]
Dealt to 3c677231 
42e690b9: folds
77ad8b5: folds
c0341d3c: folds
4c3d188b: folds
Hero: folds
Uncalled bet ($0.03) returned to 3c677231
*** SHOWDOWN ***
3c677231 collected $0.04 from pot
*** SUMMARY ***
Total pot $0.04 | Rake $0 | Jackpot $0 | Bingo $0 | Fortune $0 | Tax $0
Seat 1: 42e690b9 folded before Flop (didn't bet)
Seat 2: 77ad8b5 folded before Flop (didn't bet)
Seat 3: c0341d3c folded before Flop (didn't bet)
Seat 4: 4c3d188b (button) folded before Flop (didn't bet)
Seat 5: Hero (small blind) folded before Flop
Seat 6: 3c677231 (big blind) collected ($0.04)


Poker Hand #HD1713688251: Hold'em No Limit ($0.02/$0.05) - 2024/04/03 13:17:21
Table 'NLHBlue14' 6-max Seat #3 is the button
Seat 1: 42e690b9 ($5.23 in chips)
Seat 2: 77ad8b5 ($12.61 in chips)
Seat 3: c0341d3c ($5.92 in chips)
Seat 4: 4c3d188b ($5.12 in chips)
Seat 5: Hero ($5.14 in chips)
Seat 6: 3c677231 ($5.8 in chips)
4c3d188b: posts small blind $0.02
Hero: posts big blind $0.05
*** HOLE CARDS ***
Dealt to 42e690b9 
Dealt to 77ad8b5 
Dealt to c0341d3c 
Dealt to 4c3d188b 
Dealt to Hero [Tc Jd]
Dealt to 3c677231 
3c677231: folds
42e690b9: folds
77ad8b5: folds
c0341d3c: folds
4c3d188b: folds
Uncalled bet ($0.03) returned to Hero
*** SHOWDOWN ***
Hero collected $0.04 from pot
*** SUMMARY ***
Total pot $0.04 | Rake $0 | Jackpot $0 | Bingo $0 | Fortune $0 | Tax $0
Seat 1: 42e690b9 folded before Flop (didn't bet)
Seat 2: 77ad8b5 folded before Flop (didn't bet)
Seat 3: c0341d3c (button) folded before Flop (didn't bet)
Seat 4: 4c3d188b (small blind) folded before Flop
Seat 5: Hero (big blind) collected ($0.04)
Seat 6: 3c677231 folded before Flop (didn't bet)


Poker Hand #HD1713688152: Hold'em No Limit ($0.02/$0.05) - 2024/04/03 13:16:22
Table 'NLHBlue14' 6-max Seat #2 is the button
Seat 1: 42e690b9 ($5.23 in chips)
Seat 2: 77ad8b5 ($12.61 in chips)
Seat 3: c0341d3c ($5.93 in chips)
Seat 4: 4c3d188b ($5.13 in chips)
Seat 5: Hero ($5.14 in chips)
Seat 6: 3c677231 ($5.8 in chips)
c0341d3c: posts small blind $0.02
4c3d188b: posts big blind $0.05
*** HOLE CARDS ***
Dealt to 42e690b9 
Dealt to 77ad8b5 
Dealt to c0341d3c 
Dealt to 4c3d188b 
Dealt to Hero [Ts Kc]
Dealt to 3c677231 
Hero: folds
3c677231: folds
42e690b9: folds
77ad8b5: folds
c0341d3c: raises $0.1 to $0.15
4c3d188b: calls $0.1
*** FLOP *** [2c 6s Th]
c0341d3c: checks
4c3d188b: checks
*** TURN *** [2c 6s Th] [6h]
c0341d3c: bets $0.1
4c3d188b: calls $0.1
*** RIVER *** [2c 6s Th 6h] [6c]
c0341d3c: checks
4c3d188b: checks
c0341d3c: shows [As 7d] (Three Sixes)
4c3d188b: shows [Ac 7h] (Three Sixes)
*** SHOWDOWN ***
c0341d3c collected $0.24 from pot
4c3d188b collected $0.24 from pot
*** SUMMARY ***
Total pot $0.5 | Rake $0.02 | Jackpot $0 | Bingo $0 | Fortune $0 | Tax $0
Board [2c 6s Th 6h 6c]
Seat 1: 42e690b9 folded before Flop (didn't bet)
Seat 2: 77ad8b5 (button) folded before Flop (didn't bet)
Seat 3: c0341d3c (small blind) showed [As 7d] and won ($0.24) with Three Sixes
Seat 4: 4c3d188b (big blind) showed [Ac 7h] and won ($0.24) with Three Sixes
Seat 5: Hero folded before Flop (didn't bet)
Seat 6: 3c677231 folded before Flop (didn't bet)


Poker Hand #HD1713688041: Hold'em No Limit ($0.02/$0.05) - 2024/04/03 13:15:21
Table 'NLHBlue14' 6-max Seat #1 is the button
Seat 1: 42e690b9 ($5 in chips)
Seat 2: 77ad8b5 ($12.63 in chips)
Seat 3: c0341d3c ($6.16 in chips)
Seat 4: 4c3d188b ($5.13 in chips)
Seat 5: Hero ($5.14 in chips)
Seat 6: 3c677231 ($5.8 in chips)
77ad8b5: posts small blind $0.02
c0341d3c: posts big blind $0.05
*** HOLE CARDS ***
Dealt to 42e690b9 
Dealt to 77ad8b5 
Dealt to c0341d3c 
Dealt to 4c3d188b 
Dealt to Hero [2h 4h]
Dealt to 3c677231 
4c3d188b: folds
Hero: folds
3c677231: folds
42e690b9: raises $0.08 to $0.13
77ad8b5: folds
c0341d3c: calls $0.08
*** FLOP *** [6s 5d Qs]
c0341d3c: checks
42e690b9: bets $0.1
c0341d3c: calls $0.1
*** TURN *** [6s 5d Qs] [Td]
c0341d3c: checks
42e690b9: bets $0.72
c0341d3c: folds
Uncalled bet ($0.72) returned to 42e690b9
*** SHOWDOWN ***
42e690b9 collected $0.46 from pot
*** SUMMARY ***
Total pot $0.48 | Rake $0.02 | Jackpot $0 | Bingo $0 | Fortune $0 | Tax $0
Board [6s 5d Qs Td]
Seat 1: 42e690b9 (button) won ($0.46)
Seat 2: 77ad8b5 (small blind) folded before Flop
Seat 3: c0341d3c (big blind) folded on the Turn
Seat 4: 4c3d188b folded before Flop (didn't bet)
Seat 5: Hero folded before Flop (didn't bet)
Seat 6: 3c677231 folded before Flop (didn't bet)


Poker Hand #HD1713688013: Hold'em No Limit ($0.02/$0.05) - 2024/04/03 13:15:06
Table 'NLHBlue14' 6-max Seat #6 is the button
Seat 1: 42e690b9 ($5 in chips)
Seat 2: 77ad8b5 ($12.68 in chips)
Seat 3: c0341d3c ($6.16 in chips)
Seat 4: 4c3d188b ($5.13 in chips)
Seat 5: Hero ($5.07 in chips)
Seat 6: 3c677231 ($5.8 in chips)
42e690b9: posts small blind $0.02
77ad8b5: posts big blind $0.05
*** HOLE CARDS ***
Dealt to 42e690b9 
Dealt to 77ad8b5 
Dealt to c0341d3c 
Dealt to 4c3d188b 
Dealt to Hero [9d 9h]
Dealt to 3c677231 
c0341d3c: folds
4c3d188b: folds
Hero: raises $0.08 to $0.13
3c677231: folds
42e690b9: folds
77ad8b5: folds
Uncalled bet ($0.08) returned to Hero
*** SHOWDOWN ***
Hero collected $0.12 from pot
*** SUMMARY ***
Total pot $0.12 | Rake $0 | Jackpot $0 | Bingo $0 | Fortune $0 | Tax $0
Seat 1: 42e690b9 (small blind) folded before Flop
Seat 2: 77ad8b5 (big blind) folded before Flop
Seat 3: c0341d3c folded before Flop (didn't bet)
Seat 4: 4c3d188b folded before Flop (didn't bet)
Seat 5: Hero collected ($0.12)
Seat 6: 3c677231 (button) folded before Flop (didn't bet)


Poker Hand #HD1713687983: Hold'em No Limit ($0.02/$0.05) - 2024/04/03 13:14:46
Table 'NLHBlue14' 6-max Seat #5 is the button
Seat 1: 42e690b9 ($5 in chips)
Seat 2: 77ad8b5 ($12.68 in chips)
Seat 3: c0341d3c ($6.16 in chips)
Seat 4: 4c3d188b ($5.13 in chips)
Seat 5: Hero ($5 in chips)
Seat 6: 3c677231 ($5.82 in chips)
3c677231: posts small blind $0.02
42e690b9: posts big blind $0.05
*** HOLE CARDS ***
Dealt to 42e690b9 
Dealt to 77ad8b5 
Dealt to c0341d3c 
Dealt to 4c3d188b 
Dealt to Hero [7h 9h]
Dealt to 3c677231 
77ad8b5: folds
c0341d3c: folds
4c3d188b: folds
Hero: raises $0.08 to $0.13
3c677231: folds
42e690b9: folds
Uncalled bet ($0.08) returned to Hero
*** SHOWDOWN ***
Hero collected $0.12 from pot
*** SUMMARY ***
Total pot $0.12 | Rake $0 | Jackpot $0 | Bingo $0 | Fortune $0 | Tax $0
Seat 1: 42e690b9 (big blind) folded before Flop
Seat 2: 77ad8b5 folded before Flop (didn't bet)
Seat 3: c0341d3c folded before Flop (didn't bet)
Seat 4: 4c3d188b folded before Flop (didn't bet)
Seat 5: Hero (button) collected ($0.12)
Seat 6: 3c677231 (small blind) folded before Flop


Poker Hand #HD1713687937: Hold'em No Limit ($0.02/$0.05) - 2024/04/03 13:14:18
Table 'NLHBlue14' 6-max Seat #4 is the button
Seat 2: 77ad8b5 ($12.68 in chips)
Seat 3: c0341d3c ($6.09 in chips)
Seat 4: 4c3d188b ($5.13 in chips)
Seat 5: Hero ($5 in chips)
Seat 6: 3c677231 ($5.87 in chips)
Hero: posts small blind $0.02
3c677231: posts big blind $0.05
*** HOLE CARDS ***
Dealt to 77ad8b5 
Dealt to c0341d3c 
Dealt to 4c3d188b 
Dealt to Hero [Qs Jd]
Dealt to 3c677231 
77ad8b5: folds
c0341d3c: raises $0.07 to $0.12
4c3d188b: folds
Hero: folds
3c677231: folds
Uncalled bet ($0.07) returned to c0341d3c
*** SHOWDOWN ***
c0341d3c collected $0.12 from pot
*** SUMMARY ***
Total pot $0.12 | Rake $0 | Jackpot $0 | Bingo $0 | Fortune $0 | Tax $0
Seat 2: 77ad8b5 folded before Flop (didn't bet)
Seat 3: c0341d3c collected ($0.12)
Seat 4: 4c3d188b (button) folded before Flop (didn't bet)
Seat 5: Hero (small blind) folded before Flop
Seat 6: 3c677231 (big blind) folded before Flop


Poker Hand #HD1713687856: Hold'em No Limit ($0.02/$0.05) - 2024/04/03 13:13:38
Table 'NLHBlue14' 6-max Seat #3 is the button
Seat 2: 77ad8b5 ($12.68 in chips)
Seat 3: c0341d3c ($6.09 in chips)
Seat 4: 4c3d188b ($4.95 in chips)
Seat 5: Hero ($5 in chips)
Seat 6: 3c677231 ($5.87 in chips)
4c3d188b: posts small blind $0.02
Hero: posts big blind $0.05
*** HOLE CARDS ***
Dealt to 77ad8b5 
Dealt to c0341d3c 
Dealt to 4c3d188b 
Dealt to Hero [Td Ad]
Dealt to 3c677231 
3c677231: folds
77ad8b5: folds
c0341d3c: folds
4c3d188b: raises $0.15 to $0.2
Hero: calls $0.15
*** FLOP *** [4s 5s Ks]
4c3d188b: bets $0.22
Hero: folds
Uncalled bet ($0.22) returned to 4c3d188b
*** SHOWDOWN ***
4c3d188b collected $0.38 from pot
*** SUMMARY ***
Total pot $0.4 | Rake $0.02 | Jackpot $0 | Bingo $0 | Fortune $0 | Tax $0
Board [4s 5s Ks]
Seat 2: 77ad8b5 folded before Flop (didn't bet)
Seat 3: c0341d3c (button) folded before Flop (didn't bet)
Seat 4: 4c3d188b (small blind) won ($0.38)
Seat 5: Hero (big blind) folded on the Flop
Seat 6: 3c677231 folded before Flop (didn't bet)


Poker Hand #HD1713687826: Hold'em No Limit ($0.02/$0.05) - 2024/04/03 13:13:20
Table 'NLHBlue14' 6-max Seat #2 is the button
Seat 2: 77ad8b5 ($12.61 in chips)
Seat 3: c0341d3c ($6.11 in chips)
Seat 4: 4c3d188b ($5 in chips)
Seat 5: Hero ($5 in chips)
Seat 6: 3c677231 ($5.87 in chips)
c0341d3c: posts small blind $0.02
4c3d188b: posts big blind $0.05
*** HOLE CARDS ***
Dealt to 77ad8b5 
Dealt to c0341d3c 
Dealt to 4c3d188b 
Dealt to Hero [Th 8c]
Dealt to 3c677231 
Hero: folds
3c677231: folds
77ad8b5: raises $0.1 to $0.15
c0341d3c: folds
4c3d188b: folds
Uncalled bet ($0.1) returned to 77ad8b5
*** SHOWDOWN ***
77ad8b5 collected $0.12 from pot
*** SUMMARY ***
Total pot $0.12 | Rake $0 | Jackpot $0 | Bingo $0 | Fortune $0 | Tax $0
Seat 2: 77ad8b5 (button) collected ($0.12)
Seat 3: c0341d3c (small blind) folded before Flop
Seat 4: 4c3d188b (big blind) folded before Flop
Seat 5: Hero folded before Flop (didn't bet)
Seat 6: 3c677231 folded before Flop (didn't bet)


Poker Hand #HD1713687807: Hold'em No Limit ($0.02/$0.05) - 2024/04/03 13:13:10
Table 'NLHBlue14' 6-max Seat #6 is the button
Seat 2: 77ad8b5 ($12.63 in chips)
Seat 3: c0341d3c ($6.09 in chips)
Seat 5: Hero ($5 in chips)
Seat 6: 3c677231 ($5.87 in chips)
77ad8b5: posts small blind $0.02
c0341d3c: posts big blind $0.05
*** HOLE CARDS ***
Dealt to 77ad8b5 
Dealt to c0341d3c 
Dealt to Hero [2s 8s]
Dealt to 3c677231 
Hero: folds
3c677231: folds
77ad8b5: folds
Uncalled bet ($0.03) returned to c0341d3c
*** SHOWDOWN ***
c0341d3c collected $0.04 from pot
*** SUMMARY ***
Total pot $0.04 | Rake $0 | Jackpot $0 | Bingo $0 | Fortune $0 | Tax $0
Seat 2: 77ad8b5 (small blind) folded before Flop
Seat 3: c0341d3c (big blind) collected ($0.04)
Seat 5: Hero folded before Flop (didn't bet)
Seat 6: 3c677231 (button) folded before Flop (didn't bet)


Poker Hand #HD1713687736: Hold'em No Limit ($0.02/$0.05) - 2024/04/03 13:12:33
Table 'NLHBlue14' 6-max Seat #5 is the button
Seat 2: 77ad8b5 ($12.49 in chips)
Seat 3: c0341d3c ($6.09 in chips)
Seat 5: Hero ($5.07 in chips)
Seat 6: 3c677231 ($5.89 in chips)
3c677231: posts small blind $0.02
77ad8b5: posts big blind $0.05
*** HOLE CARDS ***
Dealt to 77ad8b5 
Dealt to c0341d3c 
Dealt to Hero [Ah 8h]
Dealt to 3c677231 
c0341d3c: folds
Hero: raises $0.08 to $0.13
3c677231: folds
77ad8b5: raises $0.32 to $0.45
Hero: folds
Uncalled bet ($0.32) returned to 77ad8b5
*** SHOWDOWN ***
77ad8b5 collected $0.27 from pot
*** SUMMARY ***
Total pot $0.28 | Rake $0.01 | Jackpot $0 | Bingo $0 | Fortune $0 | Tax $0
Seat 2: 77ad8b5 (big blind) collected ($0.27)
Seat 3: c0341d3c folded before Flop (didn't bet)
Seat 5: Hero (button) folded before Flop
Seat 6: 3c677231 (small blind) folded before Flop


Poker Hand #HD1713687689: Hold'em No Limit ($0.02/$0.05) - 2024/04/03 13:12:01
Table 'NLHBlue14' 6-max Seat #3 is the button
Seat 2: 77ad8b5 ($12.49 in chips)
Seat 3: c0341d3c ($6.09 in chips)
Seat 5: Hero ($5.22 in chips)
Seat 6: 3c677231 ($5.75 in chips)
Hero: posts small blind $0.02
3c677231: posts big blind $0.05
*** HOLE CARDS ***
Dealt to 77ad8b5 
Dealt to c0341d3c 
Dealt to Hero [Kh 5h]
Dealt to 3c677231 
77ad8b5: folds
c0341d3c: folds
Hero: raises $0.1 to $0.15
3c677231: calls $0.1
*** FLOP *** [3s 8s 4d]
Hero: checks
3c677231: bets $0.15
Hero: folds
Uncalled bet ($0.15) returned to 3c677231
*** SHOWDOWN ***
3c677231 collected $0.29 from pot
*** SUMMARY ***
Total pot $0.3 | Rake $0.01 | Jackpot $0 | Bingo $0 | Fortune $0 | Tax $0
Board [3s 8s 4d]
Seat 2: 77ad8b5 folded before Flop (didn't bet)
Seat 3: c0341d3c (button) folded before Flop (didn't bet)
Seat 5: Hero (small blind) folded on the Flop
Seat 6: 3c677231 (big blind) won ($0.29)


Poker Hand #HD1713687644: Hold'em No Limit ($0.02/$0.05) - 2024/04/03 13:11:37
Table 'NLHBlue14' 6-max Seat #2 is the button
Seat 2: 77ad8b5 ($12.49 in chips)
Seat 3: c0341d3c ($6.11 in chips)
Seat 5: Hero ($5.27 in chips)
Seat 6: 3c677231 ($5.68 in chips)
c0341d3c: posts small blind $0.02
Hero: posts big blind $0.05
*** HOLE CARDS ***
Dealt to 77ad8b5 
Dealt to c0341d3c 
Dealt to Hero [4c 2h]
Dealt to 3c677231 
3c677231: raises $0.08 to $0.13
77ad8b5: folds
c0341d3c: folds
Hero: folds
Uncalled bet ($0.08) returned to 3c677231
*** SHOWDOWN ***
3c677231 collected $0.12 from pot
*** SUMMARY ***
Total pot $0.12 | Rake $0 | Jackpot $0 | Bingo $0 | Fortune $0 | Tax $0
Seat 2: 77ad8b5 (button) folded before Flop (didn't bet)
Seat 3: c0341d3c (small blind) folded before Flop
Seat 5: Hero (big blind) folded before Flop
Seat 6: 3c677231 collected ($0.12)


Poker Hand #HD1713687560: Hold'em No Limit ($0.02/$0.05) - 2024/04/03 13:10:52
Table 'NLHBlue14' 6-max Seat #6 is the button
Seat 2: 77ad8b5 ($12.51 in chips)
Seat 3: c0341d3c ($5.25 in chips)
Seat 5: Hero ($5.4 in chips)
Seat 6: 3c677231 ($6.52 in chips)
77ad8b5: posts small blind $0.02
c0341d3c: posts big blind $0.05
*** HOLE CARDS ***
Dealt to 77ad8b5 
Dealt to c0341d3c 
Dealt to Hero [Kh Js]
Dealt to 3c677231 
Hero: raises $0.08 to $0.13
3c677231: raises $0.25 to $0.38
77ad8b5: folds
c0341d3c: calls $0.33
Hero: folds
*** FLOP *** [Qs 5d Td]
c0341d3c: checks
3c677231: bets $0.46
c0341d3c: calls $0.46
*** TURN *** [Qs 5d Td] [4d]
c0341d3c: checks
3c677231: checks
*** RIVER *** [Qs 5d Td 4d] [5c]
c0341d3c: bets $2.38
3c677231: folds
Uncalled bet ($2.38) returned to c0341d3c
*** SHOWDOWN ***
c0341d3c collected $1.7 from pot
*** SUMMARY ***
Total pot $1.83 | Rake $0.08 | Jackpot $0.05 | Bingo $0 | Fortune $0 | Tax $0
Board [Qs 5d Td 4d 5c]
Seat 2: 77ad8b5 (small blind) folded before Flop
Seat 3: c0341d3c (big blind) won ($1.7)
Seat 5: Hero folded before Flop
Seat 6: 3c677231 (button) folded on the River


Poker Hand #HD1713687439: Hold'em No Limit ($0.02/$0.05) - 2024/04/03 13:09:47
Table 'NLHBlue14' 6-max Seat #5 is the button
Seat 2: 77ad8b5 ($12.96 in chips)
Seat 3: c0341d3c ($5.25 in chips)
Seat 5: Hero ($5.4 in chips)
Seat 6: 3c677231 ($6.11 in chips)
3c677231: posts small blind $0.02
77ad8b5: posts big blind $0.05
*** HOLE CARDS ***
Dealt to 77ad8b5 
Dealt to c0341d3c 
Dealt to Hero [4c 2c]
Dealt to 3c677231 
c0341d3c: folds
Hero: folds
3c677231: raises $0.08 to $0.13
77ad8b5: raises $0.32 to $0.45
3c677231: calls $0.32
*** FLOP *** [3d 6h 3s]
3c677231: checks
77ad8b5: checks
*** TURN *** [3d 6h 3s] [5s]
3c677231: bets $0.7
77ad8b5: folds
Uncalled bet ($0.7) returned to 3c677231
*** SHOWDOWN ***
3c677231 collected $0.86 from pot
*** SUMMARY ***
Total pot $0.9 | Rake $0.04 | Jackpot $0 | Bingo $0 | Fortune $0 | Tax $0
Board [3d 6h 3s 5s]
Seat 2: 77ad8b5 (big blind) folded on the Turn
Seat 3: c0341d3c folded before Flop (didn't bet)
Seat 5: Hero (button) folded before Flop (didn't bet)
Seat 6: 3c677231 (small blind) won ($0.86)


Poker Hand #HD1713687405: Hold'em No Limit ($0.02/$0.05) - 2024/04/03 13:09:27
Table 'NLHBlue14' 6-max Seat #3 is the button
Seat 2: 77ad8b5 ($12.96 in chips)
Seat 3: c0341d3c ($5.37 in chips)
Seat 5: Hero ($5.24 in chips)
Seat 6: 3c677231 ($6.16 in chips)
Hero: posts small blind $0.02
3c677231: posts big blind $0.05
*** HOLE CARDS ***
Dealt to 77ad8b5 
Dealt to c0341d3c 
Dealt to Hero [8d 8s]
Dealt to 3c677231 
77ad8b5: folds
c0341d3c: raises $0.07 to $0.12
Hero: raises $0.28 to $0.4
3c677231: folds
c0341d3c: folds
Uncalled bet ($0.28) returned to Hero
*** SHOWDOWN ***
Hero collected $0.28 from pot
*** SUMMARY ***
Total pot $0.29 | Rake $0.01 | Jackpot $0 | Bingo $0 | Fortune $0 | Tax $0
Seat 2: 77ad8b5 folded before Flop (didn't bet)
Seat 3: c0341d3c (button) folded before Flop
Seat 5: Hero (small blind) collected ($0.28)
Seat 6: 3c677231 (big blind) folded before Flop


Poker Hand #HD1713687369: Hold'em No Limit ($0.02/$0.05) - 2024/04/03 13:09:07
Table 'NLHBlue14' 6-max Seat #2 is the button
Seat 2: 77ad8b5 ($12.89 in chips)
Seat 3: c0341d3c ($5.39 in chips)
Seat 5: Hero ($5.29 in chips)
Seat 6: 3c677231 ($6.16 in chips)
c0341d3c: posts small blind $0.02
Hero: posts big blind $0.05
*** HOLE CARDS ***
Dealt to 77ad8b5 
Dealt to c0341d3c 
Dealt to Hero [Qs 6h]
Dealt to 3c677231 
3c677231: folds
77ad8b5: raises $0.1 to $0.15
c0341d3c: folds
Hero: folds
Uncalled bet ($0.1) returned to 77ad8b5
*** SHOWDOWN ***
77ad8b5 collected $0.12 from pot
*** SUMMARY ***
Total pot $0.12 | Rake $0 | Jackpot $0 | Bingo $0 | Fortune $0 | Tax $0
Seat 2: 77ad8b5 (button) collected ($0.12)
Seat 3: c0341d3c (small blind) folded before Flop
Seat 5: Hero (big blind) folded before Flop
Seat 6: 3c677231 folded before Flop (didn't bet)


Poker Hand #HD1713687352: Hold'em No Limit ($0.02/$0.05) - 2024/04/03 13:08:59
Table 'NLHBlue14' 6-max Seat #6 is the button
Seat 2: 77ad8b5 ($12.91 in chips)
Seat 3: c0341d3c ($5.37 in chips)
Seat 5: Hero ($5.29 in chips)
Seat 6: 3c677231 ($6.16 in chips)
77ad8b5: posts small blind $0.02
c0341d3c: posts big blind $0.05
*** HOLE CARDS ***
Dealt to 77ad8b5 
Dealt to c0341d3c 
Dealt to Hero [8d Kc]
Dealt to 3c677231 
Hero: folds
3c677231: folds
77ad8b5: folds
Uncalled bet ($0.03) returned to c0341d3c
*** SHOWDOWN ***
c0341d3c collected $0.04 from pot
*** SUMMARY ***
Total pot $0.04 | Rake $0 | Jackpot $0 | Bingo $0 | Fortune $0 | Tax $0
Seat 2: 77ad8b5 (small blind) folded before Flop
Seat 3: c0341d3c (big blind) collected ($0.04)
Seat 5: Hero folded before Flop (didn't bet)
Seat 6: 3c677231 (button) folded before Flop (didn't bet)


Poker Hand #HD1713687295: Hold'em No Limit ($0.02/$0.05) - 2024/04/03 13:08:22
Table 'NLHBlue14' 6-max Seat #5 is the button
Seat 2: 77ad8b5 ($12.96 in chips)
Seat 5: Hero ($5.03 in chips)
Seat 6: 3c677231 ($6.39 in chips)
3c677231: posts small blind $0.02
77ad8b5: posts big blind $0.05
*** HOLE CARDS ***
Dealt to 77ad8b5 
Dealt to Hero [Ah Ts]
Dealt to 3c677231 
Hero: raises $0.08 to $0.13
3c677231: calls $0.11
77ad8b5: folds
*** FLOP *** [6h Qd 2s]
3c677231: checks
Hero: bets $0.1
3c677231: calls $0.1
*** TURN *** [6h Qd 2s] [Ad]
3c677231: checks
Hero: bets $0.25
3c677231: folds
Uncalled bet ($0.25) returned to Hero
*** SHOWDOWN ***
Hero collected $0.49 from pot
*** SUMMARY ***
Total pot $0.51 | Rake $0.02 | Jackpot $0 | Bingo $0 | Fortune $0 | Tax $0
Board [6h Qd 2s Ad]
Seat 2: 77ad8b5 (big blind) folded before Flop
Seat 5: Hero (button) won ($0.49)
Seat 6: 3c677231 (small blind) folded on the Turn


Poker Hand #HD1713687285: Hold'em No Limit ($0.02/$0.05) - 2024/04/03 13:08:15
Table 'NLHBlue14' 6-max Seat #2 is the button
Seat 2: 77ad8b5 ($12.96 in chips)
Seat 5: Hero ($5.05 in chips)
Seat 6: 3c677231 ($6.37 in chips)
Hero: posts small blind $0.02
3c677231: posts big blind $0.05
*** HOLE CARDS ***
Dealt to 77ad8b5 
Dealt to Hero [5c 9c]
Dealt to 3c677231 
77ad8b5: folds
Hero: folds
Uncalled bet ($0.03) returned to 3c677231
*** SHOWDOWN ***
3c677231 collected $0.04 from pot
*** SUMMARY ***
Total pot $0.04 | Rake $0 | Jackpot $0 | Bingo $0 | Fortune $0 | Tax $0
Seat 2: 77ad8b5 (button) folded before Flop (didn't bet)
Seat 5: Hero (small blind) folded before Flop
Seat 6: 3c677231 (big blind) collected ($0.04)


Poker Hand #HD1713687244: Hold'em No Limit ($0.02/$0.05) - 2024/04/03 13:07:45
Table 'NLHBlue14' 6-max Seat #6 is the button
Seat 2: 77ad8b5 ($12.73 in chips)
Seat 5: Hero ($5.3 in chips)
Seat 6: 3c677231 ($6.37 in chips)
77ad8b5: posts small blind $0.02
Hero: posts big blind $0.05
*** HOLE CARDS ***
Dealt to 77ad8b5 
Dealt to Hero [Kd Qh]
Dealt to 3c677231 
3c677231: folds
77ad8b5: raises $0.1 to $0.15
Hero: calls $0.1
*** FLOP *** [Kc 4c Jc]
77ad8b5: bets $0.1
Hero: calls $0.1
*** TURN *** [Kc 4c Jc] [7c]
77ad8b5: checks
Hero: checks
*** RIVER *** [Kc 4c Jc 7c] [3c]
77ad8b5: bets $0.4
Hero: folds
Uncalled bet ($0.4) returned to 77ad8b5
*** SHOWDOWN ***
77ad8b5 collected $0.48 from pot
*** SUMMARY ***
Total pot $0.5 | Rake $0.02 | Jackpot $0 | Bingo $0 | Fortune $0 | Tax $0
Board [Kc 4c Jc 7c 3c]
Seat 2: 77ad8b5 (small blind) won ($0.48)
Seat 5: Hero (big blind) folded on the River
Seat 6: 3c677231 (button) folded before Flop (didn't bet)


Poker Hand #HD1713687213: Hold'em No Limit ($0.02/$0.05) - 2024/04/03 13:07:29
Table 'NLHBlue14' 6-max Seat #5 is the button
Seat 2: 77ad8b5 ($12.78 in chips)
Seat 5: Hero ($5.3 in chips)
Seat 6: 3c677231 ($6.32 in chips)
3c677231: posts small blind $0.02
77ad8b5: posts big blind $0.05
*** HOLE CARDS ***
Dealt to 77ad8b5 
Dealt to Hero [9s 3d]
Dealt to 3c677231 
Hero: folds
3c677231: raises $0.08 to $0.13
77ad8b5: folds
Uncalled bet ($0.08) returned to 3c677231
*** SHOWDOWN ***
3c677231 collected $0.1 from pot
*** SUMMARY ***
Total pot $0.1 | Rake $0 | Jackpot $0 | Bingo $0 | Fortune $0 | Tax $0
Seat 2: 77ad8b5 (big blind) folded before Flop
Seat 5: Hero (button) folded before Flop (didn't bet)
Seat 6: 3c677231 (small blind) collected ($0.1)


Poker Hand #HD1713687190: Hold'em No Limit ($0.02/$0.05) - 2024/04/03 13:07:13
Table 'NLHBlue14' 6-max Seat #2 is the button
Seat 1: 6dc0ecef ($5.73 in chips)
Seat 2: 77ad8b5 ($12.78 in chips)
Seat 5: Hero ($5.25 in chips)
Seat 6: 3c677231 ($6.37 in chips)
Hero: posts small blind $0.02
3c677231: posts big blind $0.05
*** HOLE CARDS ***
Dealt to 6dc0ecef 
Dealt to 77ad8b5 
Dealt to Hero [6s Ks]
Dealt to 3c677231 
6dc0ecef: folds
77ad8b5: folds
Hero: raises $0.1 to $0.15
3c677231: folds
Uncalled bet ($0.1) returned to Hero
*** SHOWDOWN ***
Hero collected $0.1 from pot
*** SUMMARY ***
Total pot $0.1 | Rake $0 | Jackpot $0 | Bingo $0 | Fortune $0 | Tax $0
Seat 1: 6dc0ecef folded before Flop (didn't bet)
Seat 2: 77ad8b5 (button) folded before Flop (didn't bet)
Seat 5: Hero (small blind) collected ($0.1)
Seat 6: 3c677231 (big blind) folded before Flop


Poker Hand #HD1713687165: Hold'em No Limit ($0.02/$0.05) - 2024/04/03 13:06:58
Table 'NLHBlue14' 6-max Seat #1 is the button
Seat 1: 6dc0ecef ($5.73 in chips)
Seat 2: 77ad8b5 ($12.8 in chips)
Seat 5: Hero ($5.23 in chips)
Seat 6: 3c677231 ($6.37 in chips)
77ad8b5: posts small blind $0.02
Hero: posts big blind $0.05
*** HOLE CARDS ***
Dealt to 6dc0ecef 
Dealt to 77ad8b5 
Dealt to Hero [7s Tc]
Dealt to 3c677231 
3c677231: folds
6dc0ecef: folds
77ad8b5: folds
Uncalled bet ($0.03) returned to Hero
*** SHOWDOWN ***
Hero collected $0.04 from pot
*** SUMMARY ***
Total pot $0.04 | Rake $0 | Jackpot $0 | Bingo $0 | Fortune $0 | Tax $0
Seat 1: 6dc0ecef (button) folded before Flop (didn't bet)
Seat 2: 77ad8b5 (small blind) folded before Flop
Seat 5: Hero (big blind) collected ($0.04)
Seat 6: 3c677231 folded before Flop (didn't bet)


Poker Hand #HD1713687104: Hold'em No Limit ($0.02/$0.05) - 2024/04/03 13:06:27
Table 'NLHBlue14' 6-max Seat #6 is the button
Seat 1: 6dc0ecef ($5.59 in chips)
Seat 2: 77ad8b5 ($12.85 in chips)
Seat 4: ba8bc9db ($5.12 in chips)
Seat 5: Hero ($5.23 in chips)
Seat 6: 3c677231 ($6.37 in chips)
6dc0ecef: posts small blind $0.02
77ad8b5: posts big blind $0.05
*** HOLE CARDS ***
Dealt to 6dc0ecef 
Dealt to 77ad8b5 
Dealt to ba8bc9db 
Dealt to Hero [5d Ts]
Dealt to 3c677231 
ba8bc9db: raises $0.05 to $0.1
Hero: folds
3c677231: folds
6dc0ecef: calls $0.08
77ad8b5: folds
*** FLOP *** [9s 7s Qs]
6dc0ecef: checks
ba8bc9db: checks
*** TURN *** [9s 7s Qs] [2c]
6dc0ecef: bets $0.15
ba8bc9db: folds
Uncalled bet ($0.15) returned to 6dc0ecef
*** SHOWDOWN ***
6dc0ecef collected $0.24 from pot
*** SUMMARY ***
Total pot $0.25 | Rake $0.01 | Jackpot $0 | Bingo $0 | Fortune $0 | Tax $0
Board [9s 7s Qs 2c]
Seat 1: 6dc0ecef (small blind) won ($0.24)
Seat 2: 77ad8b5 (big blind) folded before Flop
Seat 4: ba8bc9db folded on the Turn
Seat 5: Hero folded before Flop (didn't bet)
Seat 6: 3c677231 (button) folded before Flop (didn't bet)


Poker Hand #HD1713687070: Hold'em No Limit ($0.02/$0.05) - 2024/04/03 13:06:06
Table 'NLHBlue14' 6-max Seat #5 is the button
Seat 1: 6dc0ecef ($5.64 in chips)
Seat 2: 77ad8b5 ($12.85 in chips)
Seat 4: ba8bc9db ($5.22 in chips)
Seat 5: Hero ($5.07 in chips)
Seat 6: 3c677231 ($6.39 in chips)
3c677231: posts small blind $0.02
6dc0ecef: posts big blind $0.05
*** HOLE CARDS ***
Dealt to 6dc0ecef 
Dealt to 77ad8b5 
Dealt to ba8bc9db 
Dealt to Hero [Qs Qc]
Dealt to 3c677231 
77ad8b5: folds
ba8bc9db: raises $0.05 to $0.1
Hero: raises $0.3 to $0.4
3c677231: folds
6dc0ecef: folds
ba8bc9db: folds
Uncalled bet ($0.3) returned to Hero
*** SHOWDOWN ***
Hero collected $0.26 from pot
*** SUMMARY ***
Total pot $0.27 | Rake $0.01 | Jackpot $0 | Bingo $0 | Fortune $0 | Tax $0
Seat 1: 6dc0ecef (big blind) folded before Flop
Seat 2: 77ad8b5 folded before Flop (didn't bet)
Seat 4: ba8bc9db folded before Flop
Seat 5: Hero (button) collected ($0.26)
Seat 6: 3c677231 (small blind) folded before Flop


Poker Hand #HD1713687000: Hold'em No Limit ($0.02/$0.05) - 2024/04/03 13:05:26
Table 'NLHBlue14' 6-max Seat #4 is the button
Seat 1: 6dc0ecef ($5.82 in chips)
Seat 2: 77ad8b5 ($12.85 in chips)
Seat 4: ba8bc9db ($5.22 in chips)
Seat 5: Hero ($5.09 in chips)
Seat 6: 3c677231 ($6.2 in chips)
Hero: posts small blind $0.02
3c677231: posts big blind $0.05
*** HOLE CARDS ***
Dealt to 6dc0ecef 
Dealt to 77ad8b5 
Dealt to ba8bc9db 
Dealt to Hero [Td 2c]
Dealt to 3c677231 
6dc0ecef: raises $0.05 to $0.1
77ad8b5: folds
ba8bc9db: folds
Hero: folds
3c677231: calls $0.05
*** FLOP *** [7d Th 7c]
3c677231: checks
6dc0ecef: checks
*** TURN *** [7d Th 7c] [Jd]
3c677231: bets $0.08
6dc0ecef: calls $0.08
*** RIVER *** [7d Th 7c Jd] [5h]
3c677231: bets $0.38
6dc0ecef: folds
Uncalled bet ($0.38) returned to 3c677231
*** SHOWDOWN ***
3c677231 collected $0.37 from pot
*** SUMMARY ***
Total pot $0.38 | Rake $0.01 | Jackpot $0 | Bingo $0 | Fortune $0 | Tax $0
Board [7d Th 7c Jd 5h]
Seat 1: 6dc0ecef folded on the River
Seat 2: 77ad8b5 folded before Flop (didn't bet)
Seat 4: ba8bc9db (button) folded before Flop (didn't bet)
Seat 5: Hero (small blind) folded before Flop
Seat 6: 3c677231 (big blind) won ($0.37)


Poker Hand #HD1713686935: Hold'em No Limit ($0.02/$0.05) - 2024/04/03 13:04:51
Table 'NLHBlue14' 6-max Seat #2 is the button
Seat 1: 6dc0ecef ($5.71 in chips)
Seat 2: 77ad8b5 ($12.85 in chips)
Seat 4: ba8bc9db ($5.24 in chips)
Seat 5: Hero ($5.19 in chips)
Seat 6: 3c677231 ($6.2 in chips)
ba8bc9db: posts small blind $0.02
Hero: posts big blind $0.05
*** HOLE CARDS ***
Dealt to 6dc0ecef 
Dealt to 77ad8b5 
Dealt to ba8bc9db 
Dealt to Hero [3c 3s]
Dealt to 3c677231 
3c677231: folds
6dc0ecef: raises $0.05 to $0.1
77ad8b5: folds
ba8bc9db: folds
Hero: calls $0.05
*** FLOP *** [As 8h Qs]
Hero: checks
6dc0ecef: bets $0.13
Hero: folds
Uncalled bet ($0.13) returned to 6dc0ecef
*** SHOWDOWN ***
6dc0ecef collected $0.21 from pot
*** SUMMARY ***
Total pot $0.22 | Rake $0.01 | Jackpot $0 | Bingo $0 | Fortune $0 | Tax $0
Board [As 8h Qs]
Seat 1: 6dc0ecef won ($0.21)
Seat 2: 77ad8b5 (button) folded before Flop (didn't bet)
Seat 4: ba8bc9db (small blind) folded before Flop
Seat 5: Hero (big blind) folded on the Flop
Seat 6: 3c677231 folded before Flop (didn't bet)


Poker Hand #HD1713686915: Hold'em No Limit ($0.02/$0.05) - 2024/04/03 13:04:35
Table 'NLHBlue14' 6-max Seat #1 is the button
Seat 1: 6dc0ecef ($5.71 in chips)
Seat 2: 77ad8b5 ($12.87 in chips)
Seat 4: ba8bc9db ($5.29 in chips)
Seat 5: Hero ($5.19 in chips)
Seat 6: 3c677231 ($6.13 in chips)
77ad8b5: posts small blind $0.02
ba8bc9db: posts big blind $0.05
*** HOLE CARDS ***
Dealt to 6dc0ecef 
Dealt to 77ad8b5 
Dealt to ba8bc9db 
Dealt to Hero [Jc 7s]
Dealt to 3c677231 
Hero: folds
3c677231: raises $0.08 to $0.13
6dc0ecef: folds
77ad8b5: folds
ba8bc9db: folds
Uncalled bet ($0.08) returned to 3c677231
*** SHOWDOWN ***
3c677231 collected $0.12 from pot
*** SUMMARY ***
Total pot $0.12 | Rake $0 | Jackpot $0 | Bingo $0 | Fortune $0 | Tax $0
Seat 1: 6dc0ecef (button) folded before Flop (didn't bet)
Seat 2: 77ad8b5 (small blind) folded before Flop
Seat 4: ba8bc9db (big blind) folded before Flop
Seat 5: Hero folded before Flop (didn't bet)
Seat 6: 3c677231 collected ($0.12)


Poker Hand #HD1713686873: Hold'em No Limit ($0.02/$0.05) - 2024/04/03 13:04:10
Table 'NLHBlue14' 6-max Seat #6 is the button
Seat 1: 6dc0ecef ($5.73 in chips)
Seat 2: 77ad8b5 ($12.85 in chips)
Seat 3: c0341d3c ($5.37 in chips)
Seat 4: ba8bc9db ($5.29 in chips)
Seat 5: Hero ($5.19 in chips)
Seat 6: 3c677231 ($6.13 in chips)
6dc0ecef: posts small blind $0.02
77ad8b5: posts big blind $0.05
*** HOLE CARDS ***
Dealt to 6dc0ecef 
Dealt to 77ad8b5 
Dealt to c0341d3c 
Dealt to ba8bc9db 
Dealt to Hero [7s 9h]
Dealt to 3c677231 
c0341d3c: folds
ba8bc9db: folds
Hero: folds
3c677231: folds
6dc0ecef: folds
Uncalled bet ($0.03) returned to 77ad8b5
*** SHOWDOWN ***
77ad8b5 collected $0.04 from pot
*** SUMMARY ***
Total pot $0.04 | Rake $0 | Jackpot $0 | Bingo $0 | Fortune $0 | Tax $0
Seat 1: 6dc0ecef (small blind) folded before Flop
Seat 2: 77ad8b5 (big blind) collected ($0.04)
Seat 3: c0341d3c folded before Flop (didn't bet)
Seat 4: ba8bc9db folded before Flop (didn't bet)
Seat 5: Hero folded before Flop (didn't bet)
Seat 6: 3c677231 (button) folded before Flop (didn't bet)


Poker Hand #HD1713686841: Hold'em No Limit ($0.02/$0.05) - 2024/04/03 13:03:54
Table 'NLHBlue14' 6-max Seat #5 is the button
Seat 1: 6dc0ecef ($5.71 in chips)
Seat 2: 77ad8b5 ($12.85 in chips)
Seat 3: c0341d3c ($5.37 in chips)
Seat 4: ba8bc9db ($5.29 in chips)
Seat 5: Hero ($5.19 in chips)
Seat 6: 3c677231 ($6.15 in chips)
3c677231: posts small blind $0.02
6dc0ecef: posts big blind $0.05
*** HOLE CARDS ***
Dealt to 6dc0ecef 
Dealt to 77ad8b5 
Dealt to c0341d3c 
Dealt to ba8bc9db 
Dealt to Hero [2d 7h]
Dealt to 3c677231 
77ad8b5: folds
c0341d3c: folds
ba8bc9db: folds
Hero: folds
3c677231: folds
Uncalled bet ($0.03) returned to 6dc0ecef
*** SHOWDOWN ***
6dc0ecef collected $0.04 from pot
*** SUMMARY ***
Total pot $0.04 | Rake $0 | Jackpot $0 | Bingo $0 | Fortune $0 | Tax $0
Seat 1: 6dc0ecef (big blind) collected ($0.04)
Seat 2: 77ad8b5 folded before Flop (didn't bet)
Seat 3: c0341d3c folded before Flop (didn't bet)
Seat 4: ba8bc9db folded before Flop (didn't bet)
Seat 5: Hero (button) folded before Flop (didn't bet)
Seat 6: 3c677231 (small blind) folded before Flop


Poker Hand #HD1713686796: Hold'em No Limit ($0.02/$0.05) - 2024/04/03 13:03:30
Table 'NLHBlue14' 6-max Seat #4 is the button
Seat 1: 6dc0ecef ($5.64 in chips)
Seat 2: 77ad8b5 ($12.85 in chips)
Seat 3: c0341d3c ($5.37 in chips)
Seat 4: ba8bc9db ($5.29 in chips)
Seat 5: Hero ($5.21 in chips)
Seat 6: 3c677231 ($6.2 in chips)
Hero: posts small blind $0.02
3c677231: posts big blind $0.05
*** HOLE CARDS ***
Dealt to 6dc0ecef 
Dealt to 77ad8b5 
Dealt to c0341d3c 
Dealt to ba8bc9db 
Dealt to Hero [Qs 4c]
Dealt to 3c677231 
6dc0ecef: raises $0.05 to $0.1
77ad8b5: folds
c0341d3c: folds
ba8bc9db: folds
Hero: folds
3c677231: folds
Uncalled bet ($0.05) returned to 6dc0ecef
*** SHOWDOWN ***
6dc0ecef collected $0.12 from pot
*** SUMMARY ***
Total pot $0.12 | Rake $0 | Jackpot $0 | Bingo $0 | Fortune $0 | Tax $0
Seat 1: 6dc0ecef collected ($0.12)
Seat 2: 77ad8b5 folded before Flop (didn't bet)
Seat 3: c0341d3c folded before Flop (didn't bet)
Seat 4: ba8bc9db (button) folded before Flop (didn't bet)
Seat 5: Hero (small blind) folded before Flop
Seat 6: 3c677231 (big blind) folded before Flop


Poker Hand #HD1713686766: Hold'em No Limit ($0.02/$0.05) - 2024/04/03 13:03:16
Table 'NLHBlue14' 6-max Seat #3 is the button
Seat 1: 6dc0ecef ($5.64 in chips)
Seat 2: 77ad8b5 ($12.85 in chips)
Seat 3: c0341d3c ($5.37 in chips)
Seat 4: ba8bc9db ($5.31 in chips)
Seat 5: Hero ($5.19 in chips)
Seat 6: 3c677231 ($6.2 in chips)
ba8bc9db: posts small blind $0.02
Hero: posts big blind $0.05
*** HOLE CARDS ***
Dealt to 6dc0ecef 
Dealt to 77ad8b5 
Dealt to c0341d3c 
Dealt to ba8bc9db 
Dealt to Hero [4d Qh]
Dealt to 3c677231 
3c677231: folds
6dc0ecef: folds
77ad8b5: folds
c0341d3c: folds
ba8bc9db: folds
Uncalled bet ($0.03) returned to Hero
*** SHOWDOWN ***
Hero collected $0.04 from pot
*** SUMMARY ***
Total pot $0.04 | Rake $0 | Jackpot $0 | Bingo $0 | Fortune $0 | Tax $0
Seat 1: 6dc0ecef folded before Flop (didn't bet)
Seat 2: 77ad8b5 folded before Flop (didn't bet)
Seat 3: c0341d3c (button) folded before Flop (didn't bet)
Seat 4: ba8bc9db (small blind) folded before Flop
Seat 5: Hero (big blind) collected ($0.04)
Seat 6: 3c677231 folded before Flop (didn't bet)


Poker Hand #HD1713686658: Hold'em No Limit ($0.02/$0.05) - 2024/04/03 13:02:13
Table 'NLHBlue14' 6-max Seat #2 is the button
Seat 1: 6dc0ecef ($5.74 in chips)
Seat 2: 77ad8b5 ($12.59 in chips)
Seat 3: c0341d3c ($5.39 in chips)
Seat 4: ba8bc9db ($5.36 in chips)
Seat 5: Hero ($5.29 in chips)
Seat 6: 3c677231 ($6.2 in chips)
c0341d3c: posts small blind $0.02
ba8bc9db: posts big blind $0.05
*** HOLE CARDS ***
Dealt to 6dc0ecef 
Dealt to 77ad8b5 
Dealt to c0341d3c 
Dealt to ba8bc9db 
Dealt to Hero [9c 8c]
Dealt to 3c677231 
Hero: raises $0.05 to $0.1
3c677231: folds
6dc0ecef: calls $0.1
77ad8b5: calls $0.1
c0341d3c: folds
ba8bc9db: folds
*** FLOP *** [As Th Kh]
Hero: checks
6dc0ecef: checks
77ad8b5: checks
*** TURN *** [As Th Kh] [Tc]
Hero: checks
6dc0ecef: checks
77ad8b5: checks
*** RIVER *** [As Th Kh Tc] [2d]
Hero: checks
6dc0ecef: checks
77ad8b5: checks
Hero: shows [9c 8c] (Pair of Tens)
6dc0ecef: shows [9d 6d] (Pair of Tens)
77ad8b5: shows [Qs Kd] (Pair of Kings and Pair of Tens)
*** SHOWDOWN ***
77ad8b5 collected $0.36 from pot
*** SUMMARY ***
Total pot $0.37 | Rake $0.01 | Jackpot $0 | Bingo $0 | Fortune $0 | Tax $0
Board [As Th Kh Tc 2d]
Seat 1: 6dc0ecef showed [9d 6d] and lost with Pair of Tens
Seat 2: 77ad8b5 (button) showed [Qs Kd] and won ($0.36) with Pair of Kings and Pair of Tens
Seat 3: c0341d3c (small blind) folded before Flop
Seat 4: ba8bc9db (big blind) folded before Flop
Seat 5: Hero showed [9c 8c] and lost with Pair of Tens
Seat 6: 3c677231 folded before Flop (didn't bet)


Poker Hand #HD1713686610: Hold'em No Limit ($0.02/$0.05) - 2024/04/03 13:01:52
Table 'NLHBlue14' 6-max Seat #1 is the button
Seat 1: 6dc0ecef ($5.74 in chips)
Seat 2: 77ad8b5 ($12.61 in chips)
Seat 3: c0341d3c ($5.37 in chips)
Seat 4: ba8bc9db ($5.36 in chips)
Seat 5: Hero ($5.29 in chips)
Seat 6: 3c677231 ($6.2 in chips)
77ad8b5: posts small blind $0.02
c0341d3c: posts big blind $0.05
*** HOLE CARDS ***
Dealt to 6dc0ecef 
Dealt to 77ad8b5 
Dealt to c0341d3c 
Dealt to ba8bc9db 
Dealt to Hero [Ad 8s]
Dealt to 3c677231 
ba8bc9db: folds
Hero: folds
3c677231: folds
6dc0ecef: folds
77ad8b5: folds
Uncalled bet ($0.03) returned to c0341d3c
*** SHOWDOWN ***
c0341d3c collected $0.04 from pot
*** SUMMARY ***
Total pot $0.04 | Rake $0 | Jackpot $0 | Bingo $0 | Fortune $0 | Tax $0
Seat 1: 6dc0ecef (button) folded before Flop (didn't bet)
Seat 2: 77ad8b5 (small blind) folded before Flop
Seat 3: c0341d3c (big blind) collected ($0.04)
Seat 4: ba8bc9db folded before Flop (didn't bet)
Seat 5: Hero folded before Flop (didn't bet)
Seat 6: 3c677231 folded before Flop (didn't bet)


Poker Hand #HD1713686551: Hold'em No Limit ($0.02/$0.05) - 2024/04/03 13:01:13
Table 'NLHBlue14' 6-max Seat #6 is the button
Seat 1: 6dc0ecef ($5.76 in chips)
Seat 2: 77ad8b5 ($12.66 in chips)
Seat 3: c0341d3c ($5.3 in chips)
Seat 4: ba8bc9db ($5.36 in chips)
Seat 5: Hero ($5.29 in chips)
Seat 6: 3c677231 ($6.2 in chips)
6dc0ecef: posts small blind $0.02
77ad8b5: posts big blind $0.05
*** HOLE CARDS ***
Dealt to 6dc0ecef 
Dealt to 77ad8b5 
Dealt to c0341d3c 
Dealt to ba8bc9db 
Dealt to Hero [2s Qs]
Dealt to 3c677231 
c0341d3c: raises $0.07 to $0.12
ba8bc9db: folds
Hero: folds
3c677231: folds
6dc0ecef: folds
77ad8b5: folds
Uncalled bet ($0.07) returned to c0341d3c
*** SHOWDOWN ***
c0341d3c collected $0.12 from pot
*** SUMMARY ***
Total pot $0.12 | Rake $0 | Jackpot $0 | Bingo $0 | Fortune $0 | Tax $0
Seat 1: 6dc0ecef (small blind) folded before Flop
Seat 2: 77ad8b5 (big blind) folded before Flop
Seat 3: c0341d3c collected ($0.12)
Seat 4: ba8bc9db folded before Flop (didn't bet)
Seat 5: Hero folded before Flop (didn't bet)
Seat 6: 3c677231 (button) folded before Flop (didn't bet)


Poker Hand #HD1713686515: Hold'em No Limit ($0.02/$0.05) - 2024/04/03 13:00:55
Table 'NLHBlue14' 6-max Seat #5 is the button
Seat 1: 6dc0ecef ($5.81 in chips)
Seat 2: 77ad8b5 ($12.66 in chips)
Seat 3: c0341d3c ($5.23 in chips)
Seat 4: ba8bc9db ($5.36 in chips)
Seat 5: Hero ($5.29 in chips)
Seat 6: 3c677231 ($6.22 in chips)
3c677231: posts small blind $0.02
6dc0ecef: posts big blind $0.05
*** HOLE CARDS ***
Dealt to 6dc0ecef 
Dealt to 77ad8b5 
Dealt to c0341d3c 
Dealt to ba8bc9db 
Dealt to Hero [Qs 8d]
Dealt to 3c677231 
77ad8b5: folds
c0341d3c: raises $0.07 to $0.12
ba8bc9db: folds
Hero: folds
3c677231: folds
6dc0ecef: folds
Uncalled bet ($0.07) returned to c0341d3c
*** SHOWDOWN ***
c0341d3c collected $0.12 from pot
*** SUMMARY ***
Total pot $0.12 | Rake $0 | Jackpot $0 | Bingo $0 | Fortune $0 | Tax $0
Seat 1: 6dc0ecef (big blind) folded before Flop
Seat 2: 77ad8b5 folded before Flop (didn't bet)
Seat 3: c0341d3c collected ($0.12)
Seat 4: ba8bc9db folded before Flop (didn't bet)
Seat 5: Hero (button) folded before Flop (didn't bet)
Seat 6: 3c677231 (small blind) folded before Flop


Poker Hand #HD1713686475: Hold'em No Limit ($0.02/$0.05) - 2024/04/03 13:00:37
Table 'NLHBlue14' 6-max Seat #4 is the button
Seat 1: 6dc0ecef ($5.81 in chips)
Seat 2: 77ad8b5 ($12.66 in chips)
Seat 3: c0341d3c ($5.23 in chips)
Seat 4: ba8bc9db ($5.36 in chips)
Seat 5: Hero ($5.31 in chips)
Seat 6: 3c677231 ($6.2 in chips)
Hero: posts small blind $0.02
3c677231: posts big blind $0.05
*** HOLE CARDS ***
Dealt to 6dc0ecef 
Dealt to 77ad8b5 
Dealt to c0341d3c 
Dealt to ba8bc9db 
Dealt to Hero [5h Qc]
Dealt to 3c677231 
6dc0ecef: folds
77ad8b5: folds
c0341d3c: folds
ba8bc9db: folds
Hero: folds
Uncalled bet ($0.03) returned to 3c677231
*** SHOWDOWN ***
3c677231 collected $0.04 from pot
*** SUMMARY ***
Total pot $0.04 | Rake $0 | Jackpot $0 | Bingo $0 | Fortune $0 | Tax $0
Seat 1: 6dc0ecef folded before Flop (didn't bet)
Seat 2: 77ad8b5 folded before Flop (didn't bet)
Seat 3: c0341d3c folded before Flop (didn't bet)
Seat 4: ba8bc9db (button) folded before Flop (didn't bet)
Seat 5: Hero (small blind) folded before Flop
Seat 6: 3c677231 (big blind) collected ($0.04)


Poker Hand #HD1713686450: Hold'em No Limit ($0.02/$0.05) - 2024/04/03 13:00:22
Table 'NLHBlue14' 6-max Seat #3 is the button
Seat 1: 6dc0ecef ($5.81 in chips)
Seat 2: 77ad8b5 ($12.66 in chips)
Seat 3: c0341d3c ($5.23 in chips)
Seat 4: ba8bc9db ($5.38 in chips)
Seat 5: Hero ($5.29 in chips)
Seat 6: 3c677231 ($6.2 in chips)
ba8bc9db: posts small blind $0.02
Hero: posts big blind $0.05
*** HOLE CARDS ***
Dealt to 6dc0ecef 
Dealt to 77ad8b5 
Dealt to c0341d3c 
Dealt to ba8bc9db 
Dealt to Hero [3h 4d]
Dealt to 3c677231 
3c677231: folds
6dc0ecef: folds
77ad8b5: folds
c0341d3c: folds
ba8bc9db: folds
Uncalled bet ($0.03) returned to Hero
*** SHOWDOWN ***
Hero collected $0.04 from pot
*** SUMMARY ***
Total pot $0.04 | Rake $0 | Jackpot $0 | Bingo $0 | Fortune $0 | Tax $0
Seat 1: 6dc0ecef folded before Flop (didn't bet)
Seat 2: 77ad8b5 folded before Flop (didn't bet)
Seat 3: c0341d3c (button) folded before Flop (didn't bet)
Seat 4: ba8bc9db (small blind) folded before Flop
Seat 5: Hero (big blind) collected ($0.04)
Seat 6: 3c677231 folded before Flop (didn't bet)


Poker Hand #HD1713686398: Hold'em No Limit ($0.02/$0.05) - 2024/04/03 12:59:45
Table 'NLHBlue14' 6-max Seat #2 is the button
Seat 1: 6dc0ecef ($5.81 in chips)
Seat 2: 77ad8b5 ($12.66 in chips)
Seat 3: c0341d3c ($5 in chips)
Seat 4: ba8bc9db ($5.63 in chips)
Seat 5: Hero ($5.29 in chips)
Seat 6: 3c677231 ($6.2 in chips)
c0341d3c: posts small blind $0.02
ba8bc9db: posts big blind $0.05
*** HOLE CARDS ***
Dealt to 6dc0ecef 
Dealt to 77ad8b5 
Dealt to c0341d3c 
Dealt to ba8bc9db 
Dealt to Hero [As 4h]
Dealt to 3c677231 
Hero: folds
3c677231: folds
6dc0ecef: folds
77ad8b5: folds
c0341d3c: raises $0.1 to $0.15
ba8bc9db: calls $0.1
*** FLOP *** [8h Ac 5h]
c0341d3c: bets $0.1
ba8bc9db: calls $0.1
*** TURN *** [8h Ac 5h] [Qd]
c0341d3c: bets $0.38
ba8bc9db: folds
Uncalled bet ($0.38) returned to c0341d3c
*** SHOWDOWN ***
c0341d3c collected $0.48 from pot
*** SUMMARY ***
Total pot $0.5 | Rake $0.02 | Jackpot $0 | Bingo $0 | Fortune $0 | Tax $0
Board [8h Ac 5h Qd]
Seat 1: 6dc0ecef folded before Flop (didn't bet)
Seat 2: 77ad8b5 (button) folded before Flop (didn't bet)
Seat 3: c0341d3c (small blind) won ($0.48)
Seat 4: ba8bc9db (big blind) folded on the Turn
Seat 5: Hero folded before Flop (didn't bet)
Seat 6: 3c677231 folded before Flop (didn't bet)


Poker Hand #HD1713686349: Hold'em No Limit ($0.02/$0.05) - 2024/04/03 12:59:21
Table 'NLHBlue14' 6-max Seat #1 is the button
Seat 1: 6dc0ecef ($5.81 in chips)
Seat 2: 77ad8b5 ($12.68 in chips)
Seat 3: c0341d3c ($5.11 in chips)
Seat 4: ba8bc9db ($5.49 in chips)
Seat 5: Hero ($5.29 in chips)
Seat 6: 3c677231 ($6.2 in chips)
77ad8b5: posts small blind $0.02
c0341d3c: posts big blind $0.05
*** HOLE CARDS ***
Dealt to 6dc0ecef 
Dealt to 77ad8b5 
Dealt to c0341d3c 
Dealt to ba8bc9db 
Dealt to Hero [3c 8d]
Dealt to 3c677231 
ba8bc9db: raises $0.08 to $0.13
Hero: folds
3c677231: folds
6dc0ecef: folds
77ad8b5: folds
c0341d3c: calls $0.08
*** FLOP *** [4d 5d 9s]
c0341d3c: checks
ba8bc9db: bets $0.1
c0341d3c: folds
Uncalled bet ($0.1) returned to ba8bc9db
*** SHOWDOWN ***
ba8bc9db collected $0.27 from pot
*** SUMMARY ***
Total pot $0.28 | Rake $0.01 | Jackpot $0 | Bingo $0 | Fortune $0 | Tax $0
Board [4d 5d 9s]
Seat 1: 6dc0ecef (button) folded before Flop (didn't bet)
Seat 2: 77ad8b5 (small blind) folded before Flop
Seat 3: c0341d3c (big blind) folded on the Flop
Seat 4: ba8bc9db won ($0.27)
Seat 5: Hero folded before Flop (didn't bet)
Seat 6: 3c677231 folded before Flop (didn't bet)


Poker Hand #HD1713686320: Hold'em No Limit ($0.02/$0.05) - 2024/04/03 12:59:02
Table 'NLHBlue14' 6-max Seat #6 is the button
Seat 1: 6dc0ecef ($5.83 in chips)
Seat 2: 77ad8b5 ($12.54 in chips)
Seat 3: c0341d3c ($5.11 in chips)
Seat 4: ba8bc9db ($5.49 in chips)
Seat 5: Hero ($5.29 in chips)
Seat 6: 3c677231 ($6.33 in chips)
6dc0ecef: posts small blind $0.02
77ad8b5: posts big blind $0.05
*** HOLE CARDS ***
Dealt to 6dc0ecef 
Dealt to 77ad8b5 
Dealt to c0341d3c 
Dealt to ba8bc9db 
Dealt to Hero [5c 2d]
Dealt to 3c677231 
c0341d3c: folds
ba8bc9db: folds
Hero: folds
3c677231: raises $0.08 to $0.13
6dc0ecef: folds
77ad8b5: raises $0.32 to $0.45
3c677231: folds
Uncalled bet ($0.32) returned to 77ad8b5
*** SHOWDOWN ***
77ad8b5 collected $0.27 from pot
*** SUMMARY ***
Total pot $0.28 | Rake $0.01 | Jackpot $0 | Bingo $0 | Fortune $0 | Tax $0
Seat 1: 6dc0ecef (small blind) folded before Flop
Seat 2: 77ad8b5 (big blind) collected ($0.27)
Seat 3: c0341d3c folded before Flop (didn't bet)
Seat 4: ba8bc9db folded before Flop (didn't bet)
Seat 5: Hero folded before Flop (didn't bet)
Seat 6: 3c677231 (button) folded before Flop


Poker Hand #HD1713686270: Hold'em No Limit ($0.02/$0.05) - 2024/04/03 12:58:39
Table 'NLHBlue14' 6-max Seat #5 is the button
Seat 1: 6dc0ecef ($5.88 in chips)
Seat 2: 77ad8b5 ($12.54 in chips)
Seat 3: c0341d3c ($5.11 in chips)
Seat 4: ba8bc9db ($5.42 in chips)
Seat 5: Hero ($5.29 in chips)
Seat 6: 3c677231 ($6.35 in chips)
3c677231: posts small blind $0.02
6dc0ecef: posts big blind $0.05
*** HOLE CARDS ***
Dealt to 6dc0ecef 
Dealt to 77ad8b5 
Dealt to c0341d3c 
Dealt to ba8bc9db 
Dealt to Hero [6d Qd]
Dealt to 3c677231 
77ad8b5: folds
c0341d3c: folds
ba8bc9db: raises $0.06 to $0.11
Hero: folds
3c677231: folds
6dc0ecef: folds
Uncalled bet ($0.06) returned to ba8bc9db
*** SHOWDOWN ***
ba8bc9db collected $0.12 from pot
*** SUMMARY ***
Total pot $0.12 | Rake $0 | Jackpot $0 | Bingo $0 | Fortune $0 | Tax $0
Seat 1: 6dc0ecef (big blind) folded before Flop
Seat 2: 77ad8b5 folded before Flop (didn't bet)
Seat 3: c0341d3c folded before Flop (didn't bet)
Seat 4: ba8bc9db collected ($0.12)
Seat 5: Hero (button) folded before Flop (didn't bet)
Seat 6: 3c677231 (small blind) folded before Flop


Poker Hand #HD1713686240: Hold'em No Limit ($0.02/$0.05) - 2024/04/03 12:58:21
Table 'NLHBlue14' 6-max Seat #4 is the button
Seat 1: 6dc0ecef ($5.81 in chips)
Seat 2: 77ad8b5 ($12.54 in chips)
Seat 3: c0341d3c ($5.11 in chips)
Seat 4: ba8bc9db ($5.42 in chips)
Seat 5: Hero ($5.31 in chips)
Seat 6: 3c677231 ($6.4 in chips)
Hero: posts small blind $0.02
3c677231: posts big blind $0.05
*** HOLE CARDS ***
Dealt to 6dc0ecef 
Dealt to 77ad8b5 
Dealt to c0341d3c 
Dealt to ba8bc9db 
Dealt to Hero [9h Jc]
Dealt to 3c677231 
6dc0ecef: raises $0.05 to $0.1
77ad8b5: folds
c0341d3c: folds
ba8bc9db: folds
Hero: folds
3c677231: folds
Uncalled bet ($0.05) returned to 6dc0ecef
*** SHOWDOWN ***
6dc0ecef collected $0.12 from pot
*** SUMMARY ***
Total pot $0.12 | Rake $0 | Jackpot $0 | Bingo $0 | Fortune $0 | Tax $0
Seat 1: 6dc0ecef collected ($0.12)
Seat 2: 77ad8b5 folded before Flop (didn't bet)
Seat 3: c0341d3c folded before Flop (didn't bet)
Seat 4: ba8bc9db (button) folded before Flop (didn't bet)
Seat 5: Hero (small blind) folded before Flop
Seat 6: 3c677231 (big blind) folded before Flop


Poker Hand #HD1713686214: Hold'em No Limit ($0.02/$0.05) - 2024/04/03 12:58:09
Table 'NLHBlue14' 6-max Seat #3 is the button
Seat 1: 6dc0ecef ($5.74 in chips)
Seat 2: 77ad8b5 ($12.54 in chips)
Seat 3: c0341d3c ($5.11 in chips)
Seat 4: ba8bc9db ($5.44 in chips)
Seat 5: Hero ($5.36 in chips)
Seat 6: 3c677231 ($6.4 in chips)
ba8bc9db: posts small blind $0.02
Hero: posts big blind $0.05
*** HOLE CARDS ***
Dealt to 6dc0ecef 
Dealt to 77ad8b5 
Dealt to c0341d3c 
Dealt to ba8bc9db 
Dealt to Hero [5c 4s]
Dealt to 3c677231 
3c677231: folds
6dc0ecef: raises $0.05 to $0.1
77ad8b5: folds
c0341d3c: folds
ba8bc9db: folds
Hero: folds
Uncalled bet ($0.05) returned to 6dc0ecef
*** SHOWDOWN ***
6dc0ecef collected $0.12 from pot
*** SUMMARY ***
Total pot $0.12 | Rake $0 | Jackpot $0 | Bingo $0 | Fortune $0 | Tax $0
Seat 1: 6dc0ecef collected ($0.12)
Seat 2: 77ad8b5 folded before Flop (didn't bet)
Seat 3: c0341d3c (button) folded before Flop (didn't bet)
Seat 4: ba8bc9db (small blind) folded before Flop
Seat 5: Hero (big blind) folded before Flop
Seat 6: 3c677231 folded before Flop (didn't bet)


Poker Hand #HD1713686193: Hold'em No Limit ($0.02/$0.05) - 2024/04/03 12:57:57
Table 'NLHBlue14' 6-max Seat #2 is the button
Seat 1: 6dc0ecef ($5.74 in chips)
Seat 2: 77ad8b5 ($12.54 in chips)
Seat 3: c0341d3c ($5.13 in chips)
Seat 4: ba8bc9db ($5.42 in chips)
Seat 5: Hero ($5.36 in chips)
Seat 6: 3c677231 ($6.4 in chips)
c0341d3c: posts small blind $0.02
ba8bc9db: posts big blind $0.05
*** HOLE CARDS ***
Dealt to 6dc0ecef 
Dealt to 77ad8b5 
Dealt to c0341d3c 
Dealt to ba8bc9db 
Dealt to Hero [4c 5h]
Dealt to 3c677231 
Hero: folds
3c677231: folds
6dc0ecef: folds
77ad8b5: folds
c0341d3c: folds
Uncalled bet ($0.03) returned to ba8bc9db
*** SHOWDOWN ***
ba8bc9db collected $0.04 from pot
*** SUMMARY ***
Total pot $0.04 | Rake $0 | Jackpot $0 | Bingo $0 | Fortune $0 | Tax $0
Seat 1: 6dc0ecef folded before Flop (didn't bet)
Seat 2: 77ad8b5 (button) folded before Flop (didn't bet)
Seat 3: c0341d3c (small blind) folded before Flop
Seat 4: ba8bc9db (big blind) collected ($0.04)
Seat 5: Hero folded before Flop (didn't bet)
Seat 6: 3c677231 folded before Flop (didn't bet)


Poker Hand #HD1713686148: Hold'em No Limit ($0.02/$0.05) - 2024/04/03 12:57:28
Table 'NLHBlue14' 6-max Seat #1 is the button
Seat 1: 6dc0ecef ($5.74 in chips)
Seat 2: 77ad8b5 ($12.56 in chips)
Seat 3: c0341d3c ($5.18 in chips)
Seat 4: ba8bc9db ($5.42 in chips)
Seat 5: Hero ($5.36 in chips)
Seat 6: 3c677231 ($6.33 in chips)
77ad8b5: posts small blind $0.02
c0341d3c: posts big blind $0.05
*** HOLE CARDS ***
Dealt to 6dc0ecef 
Dealt to 77ad8b5 
Dealt to c0341d3c 
Dealt to ba8bc9db 
Dealt to Hero [8d 2h]
Dealt to 3c677231 
ba8bc9db: folds
Hero: folds
3c677231: raises $0.08 to $0.13
6dc0ecef: folds
77ad8b5: folds
c0341d3c: folds
Uncalled bet ($0.08) returned to 3c677231
*** SHOWDOWN ***
3c677231 collected $0.12 from pot
*** SUMMARY ***
Total pot $0.12 | Rake $0 | Jackpot $0 | Bingo $0 | Fortune $0 | Tax $0
Seat 1: 6dc0ecef (button) folded before Flop (didn't bet)
Seat 2: 77ad8b5 (small blind) folded before Flop
Seat 3: c0341d3c (big blind) folded before Flop
Seat 4: ba8bc9db folded before Flop (didn't bet)
Seat 5: Hero folded before Flop (didn't bet)
Seat 6: 3c677231 collected ($0.12)


Poker Hand #HD1713686122: Hold'em No Limit ($0.02/$0.05) - 2024/04/03 12:57:14
Table 'NLHBlue14' 6-max Seat #6 is the button
Seat 1: 6dc0ecef ($5.76 in chips)
Seat 2: 77ad8b5 ($12.61 in chips)
Seat 3: c0341d3c ($5.18 in chips)
Seat 4: ba8bc9db ($5.42 in chips)
Seat 5: Hero ($5.29 in chips)
Seat 6: 3c677231 ($6.33 in chips)
6dc0ecef: posts small blind $0.02
77ad8b5: posts big blind $0.05
*** HOLE CARDS ***
Dealt to 6dc0ecef 
Dealt to 77ad8b5 
Dealt to c0341d3c 
Dealt to ba8bc9db 
Dealt to Hero [9d As]
Dealt to 3c677231 
c0341d3c: folds
ba8bc9db: folds
Hero: raises $0.08 to $0.13
3c677231: folds
6dc0ecef: folds
77ad8b5: folds
Uncalled bet ($0.08) returned to Hero
*** SHOWDOWN ***
Hero collected $0.12 from pot
*** SUMMARY ***
Total pot $0.12 | Rake $0 | Jackpot $0 | Bingo $0 | Fortune $0 | Tax $0
Seat 1: 6dc0ecef (small blind) folded before Flop
Seat 2: 77ad8b5 (big blind) folded before Flop
Seat 3: c0341d3c folded before Flop (didn't bet)
Seat 4: ba8bc9db folded before Flop (didn't bet)
Seat 5: Hero collected ($0.12)
Seat 6: 3c677231 (button) folded before Flop (didn't bet)


Poker Hand #HD1713686068: Hold'em No Limit ($0.02/$0.05) - 2024/04/03 12:56:41
Table 'NLHBlue14' 6-max Seat #5 is the button
Seat 1: 6dc0ecef ($5.81 in chips)
Seat 2: 77ad8b5 ($12.61 in chips)
Seat 3: c0341d3c ($5.18 in chips)
Seat 4: ba8bc9db ($5.42 in chips)
Seat 5: Hero ($5.29 in chips)
Seat 6: 3c677231 ($6.28 in chips)
3c677231: posts small blind $0.02
6dc0ecef: posts big blind $0.05
*** HOLE CARDS ***
Dealt to 6dc0ecef 
Dealt to 77ad8b5 
Dealt to c0341d3c 
Dealt to ba8bc9db 
Dealt to Hero [Qd 7c]
Dealt to 3c677231 
77ad8b5: folds
c0341d3c: folds
ba8bc9db: folds
Hero: folds
3c677231: raises $0.08 to $0.13
6dc0ecef: folds
Uncalled bet ($0.08) returned to 3c677231
*** SHOWDOWN ***
3c677231 collected $0.1 from pot
*** SUMMARY ***
Total pot $0.1 | Rake $0 | Jackpot $0 | Bingo $0 | Fortune $0 | Tax $0
Seat 1: 6dc0ecef (big blind) folded before Flop
Seat 2: 77ad8b5 folded before Flop (didn't bet)
Seat 3: c0341d3c folded before Flop (didn't bet)
Seat 4: ba8bc9db folded before Flop (didn't bet)
Seat 5: Hero (button) folded before Flop (didn't bet)
Seat 6: 3c677231 (small blind) collected ($0.1)


Poker Hand #HD1713686021: Hold'em No Limit ($0.02/$0.05) - 2024/04/03 12:56:19
Table 'NLHBlue14' 6-max Seat #4 is the button
Seat 1: 6dc0ecef ($5.81 in chips)
Seat 2: 77ad8b5 ($12.61 in chips)
Seat 3: c0341d3c ($5.18 in chips)
Seat 4: ba8bc9db ($5.35 in chips)
Seat 5: Hero ($5.31 in chips)
Seat 6: 3c677231 ($6.33 in chips)
Hero: posts small blind $0.02
3c677231: posts big blind $0.05
*** HOLE CARDS ***
Dealt to 6dc0ecef 
Dealt to 77ad8b5 
Dealt to c0341d3c 
Dealt to ba8bc9db 
Dealt to Hero [Kh 2s]
Dealt to 3c677231 
6dc0ecef: folds
77ad8b5: folds
c0341d3c: folds
ba8bc9db: raises $0.08 to $0.13
Hero: folds
3c677231: folds
Uncalled bet ($0.08) returned to ba8bc9db
*** SHOWDOWN ***
ba8bc9db collected $0.12 from pot
*** SUMMARY ***
Total pot $0.12 | Rake $0 | Jackpot $0 | Bingo $0 | Fortune $0 | Tax $0
Seat 1: 6dc0ecef folded before Flop (didn't bet)
Seat 2: 77ad8b5 folded before Flop (didn't bet)
Seat 3: c0341d3c folded before Flop (didn't bet)
Seat 4: ba8bc9db (button) collected ($0.12)
Seat 5: Hero (small blind) folded before Flop
Seat 6: 3c677231 (big blind) folded before Flop


Poker Hand #HD1713685995: Hold'em No Limit ($0.02/$0.05) - 2024/04/03 12:56:04
Table 'NLHBlue14' 6-max Seat #3 is the button
Seat 1: 6dc0ecef ($5.81 in chips)
Seat 2: 77ad8b5 ($12.61 in chips)
Seat 3: c0341d3c ($5.18 in chips)
Seat 4: ba8bc9db ($5.3 in chips)
Seat 5: Hero ($5.36 in chips)
Seat 6: 3c677231 ($6.33 in chips)
ba8bc9db: posts small blind $0.02
Hero: posts big blind $0.05
*** HOLE CARDS ***
Dealt to 6dc0ecef 
Dealt to 77ad8b5 
Dealt to c0341d3c 
Dealt to ba8bc9db 
Dealt to Hero [Qh 8c]
Dealt to 3c677231 
3c677231: folds
6dc0ecef: folds
77ad8b5: folds
c0341d3c: folds
ba8bc9db: raises $0.08 to $0.13
Hero: folds
Uncalled bet ($0.08) returned to ba8bc9db
*** SHOWDOWN ***
ba8bc9db collected $0.1 from pot
*** SUMMARY ***
Total pot $0.1 | Rake $0 | Jackpot $0 | Bingo $0 | Fortune $0 | Tax $0
Seat 1: 6dc0ecef folded before Flop (didn't bet)
Seat 2: 77ad8b5 folded before Flop (didn't bet)
Seat 3: c0341d3c (button) folded before Flop (didn't bet)
Seat 4: ba8bc9db (small blind) collected ($0.1)
Seat 5: Hero (big blind) folded before Flop
Seat 6: 3c677231 folded before Flop (didn't bet)


Poker Hand #HD1713685937: Hold'em No Limit ($0.02/$0.05) - 2024/04/03 12:55:35
Table 'NLHBlue14' 6-max Seat #2 is the button
Seat 1: 6dc0ecef ($5.81 in chips)
Seat 2: 77ad8b5 ($12.61 in chips)
Seat 3: c0341d3c ($5.04 in chips)
Seat 4: ba8bc9db ($5.35 in chips)
Seat 5: Hero ($5.46 in chips)
Seat 6: 3c677231 ($6.33 in chips)
c0341d3c: posts small blind $0.02
ba8bc9db: posts big blind $0.05
*** HOLE CARDS ***
Dealt to 6dc0ecef 
Dealt to 77ad8b5 
Dealt to c0341d3c 
Dealt to ba8bc9db 
Dealt to Hero [As Qh]
Dealt to 3c677231 
Hero: raises $0.05 to $0.1
3c677231: folds
6dc0ecef: folds
77ad8b5: folds
c0341d3c: raises $0.36 to $0.46
ba8bc9db: folds
Hero: folds
Uncalled bet ($0.36) returned to c0341d3c
*** SHOWDOWN ***
c0341d3c collected $0.24 from pot
*** SUMMARY ***
Total pot $0.25 | Rake $0.01 | Jackpot $0 | Bingo $0 | Fortune $0 | Tax $0
Seat 1: 6dc0ecef folded before Flop (didn't bet)
Seat 2: 77ad8b5 (button) folded before Flop (didn't bet)
Seat 3: c0341d3c (small blind) collected ($0.24)
Seat 4: ba8bc9db (big blind) folded before Flop
Seat 5: Hero folded before Flop
Seat 6: 3c677231 folded before Flop (didn't bet)


Poker Hand #HD1713685900: Hold'em No Limit ($0.02/$0.05) - 2024/04/03 12:55:17
Table 'NLHBlue14' 6-max Seat #1 is the button
Seat 1: 6dc0ecef ($5.81 in chips)
Seat 2: 77ad8b5 ($12.63 in chips)
Seat 3: c0341d3c ($5.09 in chips)
Seat 4: ba8bc9db ($5.28 in chips)
Seat 5: Hero ($5.46 in chips)
Seat 6: 3c677231 ($6.33 in chips)
77ad8b5: posts small blind $0.02
c0341d3c: posts big blind $0.05
*** HOLE CARDS ***
Dealt to 6dc0ecef 
Dealt to 77ad8b5 
Dealt to c0341d3c 
Dealt to ba8bc9db 
Dealt to Hero [5d Jh]
Dealt to 3c677231 
ba8bc9db: raises $0.08 to $0.13
Hero: folds
3c677231: folds
6dc0ecef: folds
77ad8b5: folds
c0341d3c: folds
Uncalled bet ($0.08) returned to ba8bc9db
*** SHOWDOWN ***
ba8bc9db collected $0.12 from pot
*** SUMMARY ***
Total pot $0.12 | Rake $0 | Jackpot $0 | Bingo $0 | Fortune $0 | Tax $0
Seat 1: 6dc0ecef (button) folded before Flop (didn't bet)
Seat 2: 77ad8b5 (small blind) folded before Flop
Seat 3: c0341d3c (big blind) folded before Flop
Seat 4: ba8bc9db collected ($0.12)
Seat 5: Hero folded before Flop (didn't bet)
Seat 6: 3c677231 folded before Flop (didn't bet)


Poker Hand #HD1713685760: Hold'em No Limit ($0.02/$0.05) - 2024/04/03 12:53:52
Table 'NLHBlue14' 6-max Seat #6 is the button
Seat 1: 6dc0ecef ($5.83 in chips)
Seat 2: 77ad8b5 ($12.68 in chips)
Seat 3: c0341d3c ($5.09 in chips)
Seat 4: ba8bc9db ($5.28 in chips)
Seat 5: Hero ($6.91 in chips)
Seat 6: 3c677231 ($5 in chips)
6dc0ecef: posts small blind $0.02
77ad8b5: posts big blind $0.05
*** HOLE CARDS ***
Dealt to 6dc0ecef 
Dealt to 77ad8b5 
Dealt to c0341d3c 
Dealt to ba8bc9db 
Dealt to Hero [As Ts]
Dealt to 3c677231 
c0341d3c: folds
ba8bc9db: folds
Hero: raises $0.08 to $0.13
3c677231: raises $0.22 to $0.35
6dc0ecef: folds
77ad8b5: folds
Hero: raises $0.6 to $0.95
3c677231: calls $0.6
*** FLOP *** [Jh Ad 6c]
Hero: bets $0.5
3c677231: calls $0.5
*** TURN *** [Jh Ad 6c] [2c]
Hero: checks
3c677231: bets $1.6
Hero: folds
Uncalled bet ($1.6) returned to 3c677231
*** SHOWDOWN ***
3c677231 collected $2.78 from pot
*** SUMMARY ***
Total pot $2.97 | Rake $0.14 | Jackpot $0.05 | Bingo $0 | Fortune $0 | Tax $0
Board [Jh Ad 6c 2c]
Seat 1: 6dc0ecef (small blind) folded before Flop
Seat 2: 77ad8b5 (big blind) folded before Flop
Seat 3: c0341d3c folded before Flop (didn't bet)
Seat 4: ba8bc9db folded before Flop (didn't bet)
Seat 5: Hero folded on the Turn
Seat 6: 3c677231 (button) won ($2.78)


Poker Hand #HD1713605623: Hold'em No Limit ($0.02/$0.05) - 2024/04/03 12:52:44
Table 'NLHBlue14' 6-max Seat #5 is the button
Seat 1: 6dc0ecef ($5.95 in chips)
Seat 2: 77ad8b5 ($12.55 in chips)
Seat 3: c0341d3c ($5.09 in chips)
Seat 4: ba8bc9db ($5.28 in chips)
Seat 5: Hero ($6.91 in chips)
Seat 6: 3c677231 ($5.02 in chips)
3c677231: posts small blind $0.02
6dc0ecef: posts big blind $0.05
*** HOLE CARDS ***
Dealt to 6dc0ecef 
Dealt to 77ad8b5 
Dealt to c0341d3c 
Dealt to ba8bc9db 
Dealt to Hero [7c 7h]
Dealt to 3c677231 
77ad8b5: raises $0.07 to $0.12
c0341d3c: folds
ba8bc9db: folds
Hero: folds
3c677231: folds
6dc0ecef: calls $0.07
*** FLOP *** [Kd 9c 5c]
6dc0ecef: checks
77ad8b5: checks
*** TURN *** [Kd 9c 5c] [9d]
6dc0ecef: checks
77ad8b5: bets $0.16
6dc0ecef: folds
Uncalled bet ($0.16) returned to 77ad8b5
*** SHOWDOWN ***
77ad8b5 collected $0.25 from pot
*** SUMMARY ***
Total pot $0.26 | Rake $0.01 | Jackpot $0 | Bingo $0 | Fortune $0 | Tax $0
Board [Kd 9c 5c 9d]
Seat 1: 6dc0ecef (big blind) folded on the Turn
Seat 2: 77ad8b5 won ($0.25)
Seat 3: c0341d3c folded before Flop (didn't bet)
Seat 4: ba8bc9db folded before Flop (didn't bet)
Seat 5: Hero (button) folded before Flop (didn't bet)
Seat 6: 3c677231 (small blind) folded before Flop


Poker Hand #HD1713605578: Hold'em No Limit ($0.02/$0.05) - 2024/04/03 12:52:21
Table 'NLHBlue14' 6-max Seat #4 is the button
Seat 1: 6dc0ecef ($5.95 in chips)
Seat 2: 77ad8b5 ($12.55 in chips)
Seat 3: c0341d3c ($5.09 in chips)
Seat 4: ba8bc9db ($5.28 in chips)
Seat 5: Hero ($6.86 in chips)
Seat 6: 3c677231 ($5.07 in chips)
Hero: posts small blind $0.02
3c677231: posts big blind $0.05
*** HOLE CARDS ***
Dealt to 6dc0ecef 
Dealt to 77ad8b5 
Dealt to c0341d3c 
Dealt to ba8bc9db 
Dealt to Hero [As 3d]
Dealt to 3c677231 
6dc0ecef: folds
77ad8b5: folds
c0341d3c: folds
ba8bc9db: folds
Hero: raises $0.1 to $0.15
3c677231: folds
Uncalled bet ($0.1) returned to Hero
*** SHOWDOWN ***
Hero collected $0.1 from pot
*** SUMMARY ***
Total pot $0.1 | Rake $0 | Jackpot $0 | Bingo $0 | Fortune $0 | Tax $0
Seat 1: 6dc0ecef folded before Flop (didn't bet)
Seat 2: 77ad8b5 folded before Flop (didn't bet)
Seat 3: c0341d3c folded before Flop (didn't bet)
Seat 4: ba8bc9db (button) folded before Flop (didn't bet)
Seat 5: Hero (small blind) collected ($0.1)
Seat 6: 3c677231 (big blind) folded before Flop


Poker Hand #HD1713605524: Hold'em No Limit ($0.02/$0.05) - 2024/04/03 12:51:54
Table 'NLHBlue14' 6-max Seat #3 is the button
Seat 1: 6dc0ecef ($5.95 in chips)
Seat 2: 77ad8b5 ($12.48 in chips)
Seat 3: c0341d3c ($5.09 in chips)
Seat 4: ba8bc9db ($5.3 in chips)
Seat 5: Hero ($6.91 in chips)
Seat 6: 3c677231 ($5.07 in chips)
ba8bc9db: posts small blind $0.02
Hero: posts big blind $0.05
*** HOLE CARDS ***
Dealt to 6dc0ecef 
Dealt to 77ad8b5 
Dealt to c0341d3c 
Dealt to ba8bc9db 
Dealt to Hero [Kd 9h]
Dealt to 3c677231 
3c677231: folds
6dc0ecef: folds
77ad8b5: raises $0.07 to $0.12
c0341d3c: folds
ba8bc9db: folds
Hero: folds
Uncalled bet ($0.07) returned to 77ad8b5
*** SHOWDOWN ***
77ad8b5 collected $0.12 from pot
*** SUMMARY ***
Total pot $0.12 | Rake $0 | Jackpot $0 | Bingo $0 | Fortune $0 | Tax $0
Seat 1: 6dc0ecef folded before Flop (didn't bet)
Seat 2: 77ad8b5 collected ($0.12)
Seat 3: c0341d3c (button) folded before Flop (didn't bet)
Seat 4: ba8bc9db (small blind) folded before Flop
Seat 5: Hero (big blind) folded before Flop
Seat 6: 3c677231 folded before Flop (didn't bet)


Poker Hand #HD1713605464: Hold'em No Limit ($0.02/$0.05) - 2024/04/03 12:51:24
Table 'NLHBlue14' 6-max Seat #2 is the button
Seat 1: 6dc0ecef ($5.95 in chips)
Seat 2: 77ad8b5 ($12.48 in chips)
Seat 3: c0341d3c ($5.11 in chips)
Seat 4: ba8bc9db ($5.35 in chips)
Seat 5: Hero ($6.91 in chips)
Seat 6: 3c677231 ($5 in chips)
c0341d3c: posts small blind $0.02
ba8bc9db: posts big blind $0.05
*** HOLE CARDS ***
Dealt to 6dc0ecef 
Dealt to 77ad8b5 
Dealt to c0341d3c 
Dealt to ba8bc9db 
Dealt to Hero [Kd Tc]
Dealt to 3c677231 
Hero: folds
3c677231: raises $0.08 to $0.13
6dc0ecef: folds
77ad8b5: folds
c0341d3c: folds
ba8bc9db: folds
Uncalled bet ($0.08) returned to 3c677231
*** SHOWDOWN ***
3c677231 collected $0.12 from pot
*** SUMMARY ***
Total pot $0.12 | Rake $0 | Jackpot $0 | Bingo $0 | Fortune $0 | Tax $0
Seat 1: 6dc0ecef folded before Flop (didn't bet)
Seat 2: 77ad8b5 (button) folded before Flop (didn't bet)
Seat 3: c0341d3c (small blind) folded before Flop
Seat 4: ba8bc9db (big blind) folded before Flop
Seat 5: Hero folded before Flop (didn't bet)
Seat 6: 3c677231 collected ($0.12)


Poker Hand #HD1713605388: Hold'em No Limit ($0.02/$0.05) - 2024/04/03 12:50:39
Table 'NLHBlue14' 6-max Seat #1 is the button
Seat 1: 6dc0ecef ($5.95 in chips)
Seat 2: 77ad8b5 ($12.5 in chips)
Seat 3: c0341d3c ($5.24 in chips)
Seat 4: ba8bc9db ($5.21 in chips)
Seat 5: Hero ($6.91 in chips)
Seat 6: 3c677231 ($5 in chips)
77ad8b5: posts small blind $0.02
c0341d3c: posts big blind $0.05
*** HOLE CARDS ***
Dealt to 6dc0ecef 
Dealt to 77ad8b5 
Dealt to c0341d3c 
Dealt to ba8bc9db 
Dealt to Hero [8s 5c]
Dealt to 3c677231 
ba8bc9db: raises $0.08 to $0.13
Hero: folds
3c677231: folds
6dc0ecef: folds
77ad8b5: folds
c0341d3c: calls $0.08
*** FLOP *** [9d 9h 4h]
c0341d3c: checks
ba8bc9db: bets $0.19
c0341d3c: folds
Uncalled bet ($0.19) returned to ba8bc9db
*** SHOWDOWN ***
ba8bc9db collected $0.27 from pot
*** SUMMARY ***
Total pot $0.28 | Rake $0.01 | Jackpot $0 | Bingo $0 | Fortune $0 | Tax $0
Board [9d 9h 4h]
Seat 1: 6dc0ecef (button) folded before Flop (didn't bet)
Seat 2: 77ad8b5 (small blind) folded before Flop
Seat 3: c0341d3c (big blind) folded on the Flop
Seat 4: ba8bc9db won ($0.27)
Seat 5: Hero folded before Flop (didn't bet)
Seat 6: 3c677231 folded before Flop (didn't bet)


Poker Hand #HD1713605356: Hold'em No Limit ($0.02/$0.05) - 2024/04/03 12:50:23
Table 'NLHBlue14' 6-max Seat #6 is the button
Seat 1: 6dc0ecef ($5.97 in chips)
Seat 2: 77ad8b5 ($12.48 in chips)
Seat 3: c0341d3c ($5.24 in chips)
Seat 4: ba8bc9db ($5.21 in chips)
Seat 5: Hero ($6.91 in chips)
Seat 6: 3c677231 ($5 in chips)
6dc0ecef: posts small blind $0.02
77ad8b5: posts big blind $0.05
*** HOLE CARDS ***
Dealt to 6dc0ecef 
Dealt to 77ad8b5 
Dealt to c0341d3c 
Dealt to ba8bc9db 
Dealt to Hero [7d 9d]
Dealt to 3c677231 
c0341d3c: folds
ba8bc9db: folds
Hero: folds
3c677231: folds
6dc0ecef: folds
Uncalled bet ($0.03) returned to 77ad8b5
*** SHOWDOWN ***
77ad8b5 collected $0.04 from pot
*** SUMMARY ***
Total pot $0.04 | Rake $0 | Jackpot $0 | Bingo $0 | Fortune $0 | Tax $0
Seat 1: 6dc0ecef (small blind) folded before Flop
Seat 2: 77ad8b5 (big blind) collected ($0.04)
Seat 3: c0341d3c folded before Flop (didn't bet)
Seat 4: ba8bc9db folded before Flop (didn't bet)
Seat 5: Hero folded before Flop (didn't bet)
Seat 6: 3c677231 (button) folded before Flop (didn't bet)


Poker Hand #HD1713605242: Hold'em No Limit ($0.02/$0.05) - 2024/04/03 12:49:24
Table 'NLHBlue14' 6-max Seat #5 is the button
Seat 1: 6dc0ecef ($6.1 in chips)
Seat 2: 77ad8b5 ($12.48 in chips)
Seat 3: c0341d3c ($5.24 in chips)
Seat 4: ba8bc9db ($5.07 in chips)
Seat 5: Hero ($6.91 in chips)
Seat 6: 3c677231 ($5 in chips)
3c677231: posts small blind $0.02
6dc0ecef: posts big blind $0.05
*** HOLE CARDS ***
Dealt to 6dc0ecef 
Dealt to 77ad8b5 
Dealt to c0341d3c 
Dealt to ba8bc9db 
Dealt to Hero [4s Jh]
Dealt to 3c677231 
77ad8b5: folds
c0341d3c: folds
ba8bc9db: raises $0.08 to $0.13
Hero: folds
3c677231: folds
6dc0ecef: calls $0.08
*** FLOP *** [9h 6s 7s]
6dc0ecef: checks
ba8bc9db: bets $0.1
6dc0ecef: folds
Uncalled bet ($0.1) returned to ba8bc9db
*** SHOWDOWN ***
ba8bc9db collected $0.27 from pot
*** SUMMARY ***
Total pot $0.28 | Rake $0.01 | Jackpot $0 | Bingo $0 | Fortune $0 | Tax $0
Board [9h 6s 7s]
Seat 1: 6dc0ecef (big blind) folded on the Flop
Seat 2: 77ad8b5 folded before Flop (didn't bet)
Seat 3: c0341d3c folded before Flop (didn't bet)
Seat 4: ba8bc9db won ($0.27)
Seat 5: Hero (button) folded before Flop (didn't bet)
Seat 6: 3c677231 (small blind) folded before Flop


Poker Hand #HD1713605126: Hold'em No Limit ($0.02/$0.05) - 2024/04/03 12:48:22
Table 'NLHBlue14' 6-max Seat #4 is the button
Seat 1: 6dc0ecef ($6.1 in chips)
Seat 2: 77ad8b5 ($12.48 in chips)
Seat 3: c0341d3c ($5.24 in chips)
Seat 4: ba8bc9db ($4.93 in chips)
Seat 5: Hero ($6.93 in chips)
Seat 6: 3c677231 ($5.07 in chips)
Hero: posts small blind $0.02
3c677231: posts big blind $0.05
*** HOLE CARDS ***
Dealt to 6dc0ecef 
Dealt to 77ad8b5 
Dealt to c0341d3c 
Dealt to ba8bc9db 
Dealt to Hero [Qh 7h]
Dealt to 3c677231 
6dc0ecef: folds
77ad8b5: folds
c0341d3c: folds
ba8bc9db: raises $0.08 to $0.13
Hero: folds
3c677231: calls $0.08
*** FLOP *** [Jd Kc 9h]
3c677231: checks
ba8bc9db: bets $0.19
3c677231: folds
Uncalled bet ($0.19) returned to ba8bc9db
*** SHOWDOWN ***
ba8bc9db collected $0.27 from pot
*** SUMMARY ***
Total pot $0.28 | Rake $0.01 | Jackpot $0 | Bingo $0 | Fortune $0 | Tax $0
Board [Jd Kc 9h]
Seat 1: 6dc0ecef folded before Flop (didn't bet)
Seat 2: 77ad8b5 folded before Flop (didn't bet)
Seat 3: c0341d3c folded before Flop (didn't bet)
Seat 4: ba8bc9db (button) won ($0.27)
Seat 5: Hero (small blind) folded before Flop
Seat 6: 3c677231 (big blind) folded on the Flop


Poker Hand #HD1713605063: Hold'em No Limit ($0.02/$0.05) - 2024/04/03 12:47:49
Table 'NLHBlue14' 6-max Seat #3 is the button
Seat 1: 6dc0ecef ($6.1 in chips)
Seat 2: 77ad8b5 ($12.48 in chips)
Seat 3: c0341d3c ($5.17 in chips)
Seat 4: ba8bc9db ($4.95 in chips)
Seat 5: Hero ($6.98 in chips)
Seat 6: 3c677231 ($5.07 in chips)
ba8bc9db: posts small blind $0.02
Hero: posts big blind $0.05
*** HOLE CARDS ***
Dealt to 6dc0ecef 
Dealt to 77ad8b5 
Dealt to c0341d3c 
Dealt to ba8bc9db 
Dealt to Hero [Ac 8h]
Dealt to 3c677231 
3c677231: folds
6dc0ecef: folds
77ad8b5: folds
c0341d3c: raises $0.07 to $0.12
ba8bc9db: folds
Hero: folds
Uncalled bet ($0.07) returned to c0341d3c
*** SHOWDOWN ***
c0341d3c collected $0.12 from pot
*** SUMMARY ***
Total pot $0.12 | Rake $0 | Jackpot $0 | Bingo $0 | Fortune $0 | Tax $0
Seat 1: 6dc0ecef folded before Flop (didn't bet)
Seat 2: 77ad8b5 folded before Flop (didn't bet)
Seat 3: c0341d3c (button) collected ($0.12)
Seat 4: ba8bc9db (small blind) folded before Flop
Seat 5: Hero (big blind) folded before Flop
Seat 6: 3c677231 folded before Flop (didn't bet)


Poker Hand #HD1713605017: Hold'em No Limit ($0.02/$0.05) - 2024/04/03 12:47:22
Table 'NLHBlue14' 6-max Seat #2 is the button
Seat 1: 6dc0ecef ($6.03 in chips)
Seat 2: 77ad8b5 ($12.48 in chips)
Seat 3: c0341d3c ($5.19 in chips)
Seat 4: ba8bc9db ($5 in chips)
Seat 5: Hero ($6.98 in chips)
Seat 6: 3c677231 ($5.07 in chips)
c0341d3c: posts small blind $0.02
ba8bc9db: posts big blind $0.05
*** HOLE CARDS ***
Dealt to 6dc0ecef 
Dealt to 77ad8b5 
Dealt to c0341d3c 
Dealt to ba8bc9db 
Dealt to Hero [4c Th]
Dealt to 3c677231 
Hero: folds
3c677231: folds
6dc0ecef: raises $0.05 to $0.1
77ad8b5: folds
c0341d3c: folds
ba8bc9db: folds
Uncalled bet ($0.05) returned to 6dc0ecef
*** SHOWDOWN ***
6dc0ecef collected $0.12 from pot
*** SUMMARY ***
Total pot $0.12 | Rake $0 | Jackpot $0 | Bingo $0 | Fortune $0 | Tax $0
Seat 1: 6dc0ecef collected ($0.12)
Seat 2: 77ad8b5 (button) folded before Flop (didn't bet)
Seat 3: c0341d3c (small blind) folded before Flop
Seat 4: ba8bc9db (big blind) folded before Flop
Seat 5: Hero folded before Flop (didn't bet)
Seat 6: 3c677231 folded before Flop (didn't bet)


Poker Hand #HD1713604998: Hold'em No Limit ($0.02/$0.05) - 2024/04/03 12:47:11
Table 'NLHBlue14' 6-max Seat #1 is the button
Seat 1: 6dc0ecef ($6.03 in chips)
Seat 2: 77ad8b5 ($12.5 in chips)
Seat 3: c0341d3c ($5.17 in chips)
Seat 5: Hero ($6.98 in chips)
Seat 6: 3c677231 ($5.07 in chips)
77ad8b5: posts small blind $0.02
c0341d3c: posts big blind $0.05
*** HOLE CARDS ***
Dealt to 6dc0ecef 
Dealt to 77ad8b5 
Dealt to c0341d3c 
Dealt to Hero [5h 6h]
Dealt to 3c677231 
Hero: folds
3c677231: folds
6dc0ecef: folds
77ad8b5: folds
Uncalled bet ($0.03) returned to c0341d3c
*** SHOWDOWN ***
c0341d3c collected $0.04 from pot
*** SUMMARY ***
Total pot $0.04 | Rake $0 | Jackpot $0 | Bingo $0 | Fortune $0 | Tax $0
Seat 1: 6dc0ecef (button) folded before Flop (didn't bet)
Seat 2: 77ad8b5 (small blind) folded before Flop
Seat 3: c0341d3c (big blind) collected ($0.04)
Seat 5: Hero folded before Flop (didn't bet)
Seat 6: 3c677231 folded before Flop (didn't bet)


Poker Hand #HD1713604950: Hold'em No Limit ($0.02/$0.05) - 2024/04/03 12:46:50
Table 'NLHBlue14' 6-max Seat #6 is the button
Seat 1: 6dc0ecef ($6.05 in chips)
Seat 2: 77ad8b5 ($12.55 in chips)
Seat 3: c0341d3c ($5.17 in chips)
Seat 4: e6044e35 ($4.3 in chips)
Seat 5: Hero ($6.98 in chips)
Seat 6: 3c677231 ($5 in chips)
6dc0ecef: posts small blind $0.02
77ad8b5: posts big blind $0.05
*** HOLE CARDS ***
Dealt to 6dc0ecef 
Dealt to 77ad8b5 
Dealt to c0341d3c 
Dealt to e6044e35 
Dealt to Hero [6c Qd]
Dealt to 3c677231 
c0341d3c: folds
e6044e35: folds
Hero: folds
3c677231: raises $0.08 to $0.13
6dc0ecef: folds
77ad8b5: folds
Uncalled bet ($0.08) returned to 3c677231
*** SHOWDOWN ***
3c677231 collected $0.12 from pot
*** SUMMARY ***
Total pot $0.12 | Rake $0 | Jackpot $0 | Bingo $0 | Fortune $0 | Tax $0
Seat 1: 6dc0ecef (small blind) folded before Flop
Seat 2: 77ad8b5 (big blind) folded before Flop
Seat 3: c0341d3c folded before Flop (didn't bet)
Seat 4: e6044e35 folded before Flop (didn't bet)
Seat 5: Hero folded before Flop (didn't bet)
Seat 6: 3c677231 (button) collected ($0.12)


Poker Hand #HD1713604840: Hold'em No Limit ($0.02/$0.05) - 2024/04/03 12:45:43
Table 'NLHBlue14' 6-max Seat #5 is the button
Seat 1: 6dc0ecef ($6.1 in chips)
Seat 2: 77ad8b5 ($12.55 in chips)
Seat 3: c0341d3c ($5.17 in chips)
Seat 4: e6044e35 ($5 in chips)
Seat 5: Hero ($6.28 in chips)
Seat 6: 3c677231 ($5 in chips)
3c677231: posts small blind $0.02
6dc0ecef: posts big blind $0.05
*** HOLE CARDS ***
Dealt to 6dc0ecef 
Dealt to 77ad8b5 
Dealt to c0341d3c 
Dealt to e6044e35 
Dealt to Hero [Qd Ks]
Dealt to 3c677231 
77ad8b5: folds
c0341d3c: folds
e6044e35: raises $0.05 to $0.1
Hero: raises $0.3 to $0.4
3c677231: folds
6dc0ecef: folds
e6044e35: calls $0.3
*** FLOP *** [6h Kd 3d]
e6044e35: checks
Hero: bets $0.3
e6044e35: calls $0.3
*** TURN *** [6h Kd 3d] [6c]
e6044e35: checks
Hero: bets $0.85
e6044e35: folds
Uncalled bet ($0.85) returned to Hero
*** SHOWDOWN ***
Hero collected $1.4 from pot
*** SUMMARY ***
Total pot $1.47 | Rake $0.07 | Jackpot $0 | Bingo $0 | Fortune $0 | Tax $0
Board [6h Kd 3d 6c]
Seat 1: 6dc0ecef (big blind) folded before Flop
Seat 2: 77ad8b5 folded before Flop (didn't bet)
Seat 3: c0341d3c folded before Flop (didn't bet)
Seat 4: e6044e35 folded on the Turn
Seat 5: Hero (button) won ($1.4)
Seat 6: 3c677231 (small blind) folded before Flop


Poker Hand #HD1713604668: Hold'em No Limit ($0.02/$0.05) - 2024/04/03 12:44:01
Table 'NLHBlue14' 6-max Seat #4 is the button
Seat 1: 6dc0ecef ($5.22 in chips)
Seat 2: 77ad8b5 ($12.55 in chips)
Seat 3: c0341d3c ($5.17 in chips)
Seat 4: e6044e35 ($5 in chips)
Seat 5: Hero ($6.3 in chips)
Seat 6: 3c677231 ($5.61 in chips)
Hero: posts small blind $0.02
3c677231: posts big blind $0.05
*** HOLE CARDS ***
Dealt to 6dc0ecef 
Dealt to 77ad8b5 
Dealt to c0341d3c 
Dealt to e6044e35 
Dealt to Hero [9d 2s]
Dealt to 3c677231 
6dc0ecef: raises $0.05 to $0.1
77ad8b5: folds
c0341d3c: folds
e6044e35: folds
Hero: folds
3c677231: calls $0.05
*** FLOP *** [4s Tc 9c]
3c677231: checks
6dc0ecef: bets $0.08
3c677231: raises $0.27 to $0.35
6dc0ecef: calls $0.27
*** TURN *** [4s Tc 9c] [Kd]
3c677231: bets $0.55
6dc0ecef: calls $0.55
*** RIVER *** [4s Tc 9c Kd] [7d]
3c677231: checks
6dc0ecef: checks
3c677231: shows [7h Qh] (Pair of Sevens)
6dc0ecef: shows [Qs Ks] (Pair of Kings)
*** SHOWDOWN ***
6dc0ecef collected $1.88 from pot
*** SUMMARY ***
Total pot $2.02 | Rake $0.09 | Jackpot $0.05 | Bingo $0 | Fortune $0 | Tax $0
Board [4s Tc 9c Kd 7d]
Seat 1: 6dc0ecef showed [Qs Ks] and won ($1.88) with Pair of Kings
Seat 2: 77ad8b5 folded before Flop (didn't bet)
Seat 3: c0341d3c folded before Flop (didn't bet)
Seat 4: e6044e35 (button) folded before Flop (didn't bet)
Seat 5: Hero (small blind) folded before Flop
Seat 6: 3c677231 (big blind) showed [7h Qh] and lost with Pair of Sevens


Poker Hand #HD1713604640: Hold'em No Limit ($0.02/$0.05) - 2024/04/03 12:43:45
Table 'NLHBlue14' 6-max Seat #3 is the button
Seat 1: 6dc0ecef ($5.22 in chips)
Seat 2: 77ad8b5 ($12.55 in chips)
Seat 3: c0341d3c ($5.17 in chips)
Seat 4: e6044e35 ($4.51 in chips)
Seat 5: Hero ($6.28 in chips)
Seat 6: 3c677231 ($5.61 in chips)
e6044e35: posts small blind $0.02
Hero: posts big blind $0.05
*** HOLE CARDS ***
Dealt to 6dc0ecef 
Dealt to 77ad8b5 
Dealt to c0341d3c 
Dealt to e6044e35 
Dealt to Hero [7d Th]
Dealt to 3c677231 
3c677231: folds
6dc0ecef: folds
77ad8b5: folds
c0341d3c: folds
e6044e35: folds
Uncalled bet ($0.03) returned to Hero
*** SHOWDOWN ***
Hero collected $0.04 from pot
*** SUMMARY ***
Total pot $0.04 | Rake $0 | Jackpot $0 | Bingo $0 | Fortune $0 | Tax $0
Seat 1: 6dc0ecef folded before Flop (didn't bet)
Seat 2: 77ad8b5 folded before Flop (didn't bet)
Seat 3: c0341d3c (button) folded before Flop (didn't bet)
Seat 4: e6044e35 (small blind) folded before Flop
Seat 5: Hero (big blind) collected ($0.04)
Seat 6: 3c677231 folded before Flop (didn't bet)


Poker Hand #HD1713604551: Hold'em No Limit ($0.02/$0.05) - 2024/04/03 12:42:53
Table 'NLHBlue14' 6-max Seat #2 is the button
Seat 1: 6dc0ecef ($4.92 in chips)
Seat 2: 77ad8b5 ($12.55 in chips)
Seat 3: c0341d3c ($5.19 in chips)
Seat 4: e6044e35 ($4.82 in chips)
Seat 5: Hero ($6.28 in chips)
Seat 6: 3c677231 ($5.61 in chips)
c0341d3c: posts small blind $0.02
e6044e35: posts big blind $0.05
*** HOLE CARDS ***
Dealt to 6dc0ecef 
Dealt to 77ad8b5 
Dealt to c0341d3c 
Dealt to e6044e35 
Dealt to Hero [7c Tc]
Dealt to 3c677231 
Hero: folds
3c677231: folds
6dc0ecef: raises $0.05 to $0.1
77ad8b5: folds
c0341d3c: folds
e6044e35: calls $0.05
*** FLOP *** [6d 7s 7h]
e6044e35: checks
6dc0ecef: bets $0.11
e6044e35: calls $0.11
*** TURN *** [6d 7s 7h] [Jd]
e6044e35: checks
6dc0ecef: checks
*** RIVER *** [6d 7s 7h Jd] [3s]
e6044e35: checks
6dc0ecef: bets $0.1
e6044e35: calls $0.1
6dc0ecef: shows [Th Ts] (Pair of Tens and Pair of Sevens)
e6044e35: shows [4h 4c] (Pair of Sevens and Pair of Fours)
*** SHOWDOWN ***
6dc0ecef collected $0.61 from pot
*** SUMMARY ***
Total pot $0.64 | Rake $0.03 | Jackpot $0 | Bingo $0 | Fortune $0 | Tax $0
Board [6d 7s 7h Jd 3s]
Seat 1: 6dc0ecef showed [Th Ts] and won ($0.61) with Pair of Tens and Pair of Sevens
Seat 2: 77ad8b5 (button) folded before Flop (didn't bet)
Seat 3: c0341d3c (small blind) folded before Flop
Seat 4: e6044e35 (big blind) showed [4h 4c] and lost with Pair of Sevens and Pair of Fours
Seat 5: Hero folded before Flop (didn't bet)
Seat 6: 3c677231 folded before Flop (didn't bet)


Poker Hand #HD1713604441: Hold'em No Limit ($0.02/$0.05) - 2024/04/03 12:41:48
Table 'NLHBlue14' 6-max Seat #1 is the button
Seat 1: 6dc0ecef ($4.92 in chips)
Seat 2: 77ad8b5 ($12.57 in chips)
Seat 3: c0341d3c ($5 in chips)
Seat 4: e6044e35 ($4.7 in chips)
Seat 5: Hero ($6.28 in chips)
Seat 6: 3c677231 ($5.61 in chips)
77ad8b5: posts small blind $0.02
c0341d3c: posts big blind $0.05
*** HOLE CARDS ***
Dealt to 6dc0ecef 
Dealt to 77ad8b5 
Dealt to c0341d3c 
Dealt to e6044e35 
Dealt to Hero [9s Ks]
Dealt to 3c677231 
e6044e35: raises $0.05 to $0.1
Hero: folds
3c677231: folds
6dc0ecef: folds
77ad8b5: folds
c0341d3c: calls $0.05
*** FLOP *** [3s 2s 6s]
c0341d3c: bets $0.08
e6044e35: calls $0.08
*** TURN *** [3s 2s 6s] [Ts]
c0341d3c: bets $0.29
e6044e35: folds
Uncalled bet ($0.29) returned to c0341d3c
*** SHOWDOWN ***
c0341d3c collected $0.37 from pot
*** SUMMARY ***
Total pot $0.38 | Rake $0.01 | Jackpot $0 | Bingo $0 | Fortune $0 | Tax $0
Board [3s 2s 6s Ts]
Seat 1: 6dc0ecef (button) folded before Flop (didn't bet)
Seat 2: 77ad8b5 (small blind) folded before Flop
Seat 3: c0341d3c (big blind) won ($0.37)
Seat 4: e6044e35 folded on the Turn
Seat 5: Hero folded before Flop (didn't bet)
Seat 6: 3c677231 folded before Flop (didn't bet)


Poker Hand #HD1713604308: Hold'em No Limit ($0.02/$0.05) - 2024/04/03 12:40:38
Table 'NLHBlue14' 6-max Seat #6 is the button
Seat 1: 6dc0ecef ($4.94 in chips)
Seat 2: 77ad8b5 ($12.62 in chips)
Seat 4: e6044e35 ($4.17 in chips)
Seat 5: Hero ($6.28 in chips)
Seat 6: 3c677231 ($5.27 in chips)
6dc0ecef: posts small blind $0.02
77ad8b5: posts big blind $0.05
*** HOLE CARDS ***
Dealt to 6dc0ecef 
Dealt to 77ad8b5 
Dealt to e6044e35 
Dealt to Hero [7c Kd]
Dealt to 3c677231 
e6044e35: raises $0.05 to $0.1
Hero: folds
3c677231: calls $0.1
6dc0ecef: folds
77ad8b5: folds
*** FLOP *** [As 7s 6s]
e6044e35: checks
3c677231: bets $0.2
e6044e35: calls $0.2
*** TURN *** [As 7s 6s] [8d]
e6044e35: checks
3c677231: checks
*** RIVER *** [As 7s 6s 8d] [Qd]
e6044e35: checks
3c677231: bets $0.51
e6044e35: folds
Uncalled bet ($0.51) returned to 3c677231
*** SHOWDOWN ***
3c677231 collected $0.64 from pot
*** SUMMARY ***
Total pot $0.67 | Rake $0.03 | Jackpot $0 | Bingo $0 | Fortune $0 | Tax $0
Board [As 7s 6s 8d Qd]
Seat 1: 6dc0ecef (small blind) folded before Flop
Seat 2: 77ad8b5 (big blind) folded before Flop
Seat 4: e6044e35 folded on the River
Seat 5: Hero folded before Flop (didn't bet)
Seat 6: 3c677231 (button) won ($0.64)


Poker Hand #HD1713604199: Hold'em No Limit ($0.02/$0.05) - 2024/04/03 12:39:33
Table 'NLHBlue14' 6-max Seat #5 is the button
Seat 1: 6dc0ecef ($4.57 in chips)
Seat 2: 77ad8b5 ($12.62 in chips)
Seat 4: e6044e35 ($4.27 in chips)
Seat 5: Hero ($6.28 in chips)
Seat 6: 3c677231 ($5.57 in chips)
3c677231: posts small blind $0.02
6dc0ecef: posts big blind $0.05
*** HOLE CARDS ***
Dealt to 6dc0ecef 
Dealt to 77ad8b5 
Dealt to e6044e35 
Dealt to Hero [4h 3d]
Dealt to 3c677231 
77ad8b5: folds
e6044e35: raises $0.05 to $0.1
Hero: folds
3c677231: raises $0.2 to $0.3
6dc0ecef: calls $0.25
e6044e35: folds
*** FLOP *** [9d 5s 9c]
3c677231: checks
6dc0ecef: bets $0.35
3c677231: folds
Uncalled bet ($0.35) returned to 6dc0ecef
*** SHOWDOWN ***
6dc0ecef collected $0.67 from pot
*** SUMMARY ***
Total pot $0.7 | Rake $0.03 | Jackpot $0 | Bingo $0 | Fortune $0 | Tax $0
Board [9d 5s 9c]
Seat 1: 6dc0ecef (big blind) won ($0.67)
Seat 2: 77ad8b5 folded before Flop (didn't bet)
Seat 4: e6044e35 folded before Flop
Seat 5: Hero (button) folded before Flop (didn't bet)
Seat 6: 3c677231 (small blind) folded on the Flop


Poker Hand #HD1713604154: Hold'em No Limit ($0.02/$0.05) - 2024/04/03 12:39:14
Table 'NLHBlue14' 6-max Seat #4 is the button
Seat 1: 6dc0ecef ($4.57 in chips)
Seat 2: 77ad8b5 ($12.62 in chips)
Seat 4: e6044e35 ($4.2 in chips)
Seat 5: Hero ($6.3 in chips)
Seat 6: 3c677231 ($5.62 in chips)
Hero: posts small blind $0.02
3c677231: posts big blind $0.05
*** HOLE CARDS ***
Dealt to 6dc0ecef 
Dealt to 77ad8b5 
Dealt to e6044e35 
Dealt to Hero [Qd 5c]
Dealt to 3c677231 
6dc0ecef: folds
77ad8b5: folds
e6044e35: raises $0.05 to $0.1
Hero: folds
3c677231: folds
Uncalled bet ($0.05) returned to e6044e35
*** SHOWDOWN ***
e6044e35 collected $0.12 from pot
*** SUMMARY ***
Total pot $0.12 | Rake $0 | Jackpot $0 | Bingo $0 | Fortune $0 | Tax $0
Seat 1: 6dc0ecef folded before Flop (didn't bet)
Seat 2: 77ad8b5 folded before Flop (didn't bet)
Seat 4: e6044e35 (button) collected ($0.12)
Seat 5: Hero (small blind) folded before Flop
Seat 6: 3c677231 (big blind) folded before Flop


Poker Hand #HD1713604080: Hold'em No Limit ($0.02/$0.05) - 2024/04/03 12:38:35
Table 'NLHBlue14' 6-max Seat #2 is the button
Seat 1: 6dc0ecef ($4.67 in chips)
Seat 2: 77ad8b5 ($12.62 in chips)
Seat 4: e6044e35 ($4.06 in chips)
Seat 5: Hero ($6.35 in chips)
Seat 6: 3c677231 ($5.62 in chips)
e6044e35: posts small blind $0.02
Hero: posts big blind $0.05
*** HOLE CARDS ***
Dealt to 6dc0ecef 
Dealt to 77ad8b5 
Dealt to e6044e35 
Dealt to Hero [5h 7d]
Dealt to 3c677231 
3c677231: folds
6dc0ecef: raises $0.05 to $0.1
77ad8b5: folds
e6044e35: calls $0.08
Hero: folds
*** FLOP *** [Jh Kd 9h]
e6044e35: checks
6dc0ecef: checks
*** TURN *** [Jh Kd 9h] [Ks]
e6044e35: bets $0.18
6dc0ecef: folds
Uncalled bet ($0.18) returned to e6044e35
*** SHOWDOWN ***
e6044e35 collected $0.24 from pot
*** SUMMARY ***
Total pot $0.25 | Rake $0.01 | Jackpot $0 | Bingo $0 | Fortune $0 | Tax $0
Board [Jh Kd 9h Ks]
Seat 1: 6dc0ecef folded on the Turn
Seat 2: 77ad8b5 (button) folded before Flop (didn't bet)
Seat 4: e6044e35 (small blind) won ($0.24)
Seat 5: Hero (big blind) folded before Flop
Seat 6: 3c677231 folded before Flop (didn't bet)


Poker Hand #HD1713603948: Hold'em No Limit ($0.02/$0.05) - 2024/04/03 12:37:24
Table 'NLHBlue14' 6-max Seat #1 is the button
Seat 1: 6dc0ecef ($4.92 in chips)
Seat 2: 77ad8b5 ($11.79 in chips)
Seat 4: e6044e35 ($4.77 in chips)
Seat 5: Hero ($6.35 in chips)
Seat 6: 3c677231 ($5.62 in chips)
77ad8b5: posts small blind $0.02
e6044e35: posts big blind $0.05
*** HOLE CARDS ***
Dealt to 6dc0ecef 
Dealt to 77ad8b5 
Dealt to e6044e35 
Dealt to Hero [7s Td]
Dealt to 3c677231 
Hero: folds
3c677231: folds
6dc0ecef: raises $0.05 to $0.1
77ad8b5: calls $0.08
e6044e35: calls $0.05
*** FLOP *** [Kh Jc 7c]
77ad8b5: checks
e6044e35: checks
6dc0ecef: bets $0.15
77ad8b5: calls $0.15
e6044e35: calls $0.15
*** TURN *** [Kh Jc 7c] [Ac]
77ad8b5: checks
e6044e35: checks
6dc0ecef: checks
*** RIVER *** [Kh Jc 7c Ac] [6d]
77ad8b5: bets $0.46
e6044e35: calls $0.46
6dc0ecef: folds
77ad8b5: shows [Qh Ts] (Aces-High Straight)
e6044e35: shows [6h 7d] (Pair of Sevens and Pair of Sixes)
*** SHOWDOWN ***
77ad8b5 collected $1.54 from pot
*** SUMMARY ***
Total pot $1.67 | Rake $0.08 | Jackpot $0.05 | Bingo $0 | Fortune $0 | Tax $0
Board [Kh Jc 7c Ac 6d]
Seat 1: 6dc0ecef (button) folded on the River
Seat 2: 77ad8b5 (small blind) showed [Qh Ts] and won ($1.54) with Aces-High Straight
Seat 4: e6044e35 (big blind) showed [6h 7d] and lost with Pair of Sevens and Pair of Sixes
Seat 5: Hero folded before Flop (didn't bet)
Seat 6: 3c677231 folded before Flop (didn't bet)


Poker Hand #HD1713603929: Hold'em No Limit ($0.02/$0.05) - 2024/04/03 12:37:11
Table 'NLHBlue14' 6-max Seat #6 is the button
Seat 1: 6dc0ecef ($4.94 in chips)
Seat 2: 77ad8b5 ($11.84 in chips)
Seat 4: e6044e35 ($4.7 in chips)
Seat 5: Hero ($6.35 in chips)
Seat 6: 3c677231 ($5.62 in chips)
6dc0ecef: posts small blind $0.02
77ad8b5: posts big blind $0.05
*** HOLE CARDS ***
Dealt to 6dc0ecef 
Dealt to 77ad8b5 
Dealt to e6044e35 
Dealt to Hero [Ts 6s]
Dealt to 3c677231 
e6044e35: raises $0.1 to $0.15
Hero: folds
3c677231: folds
6dc0ecef: folds
77ad8b5: folds
Uncalled bet ($0.1) returned to e6044e35
*** SHOWDOWN ***
e6044e35 collected $0.12 from pot
*** SUMMARY ***
Total pot $0.12 | Rake $0 | Jackpot $0 | Bingo $0 | Fortune $0 | Tax $0
Seat 1: 6dc0ecef (small blind) folded before Flop
Seat 2: 77ad8b5 (big blind) folded before Flop
Seat 4: e6044e35 collected ($0.12)
Seat 5: Hero folded before Flop (didn't bet)
Seat 6: 3c677231 (button) folded before Flop (didn't bet)


Poker Hand #HD1713603877: Hold'em No Limit ($0.02/$0.05) - 2024/04/03 12:36:43
Table 'NLHBlue14' 6-max Seat #5 is the button
Seat 1: 6dc0ecef ($4.99 in chips)
Seat 2: 77ad8b5 ($11.84 in chips)
Seat 4: e6044e35 ($4.63 in chips)
Seat 5: Hero ($6.35 in chips)
Seat 6: 3c677231 ($5.64 in chips)
3c677231: posts small blind $0.02
6dc0ecef: posts big blind $0.05
*** HOLE CARDS ***
Dealt to 6dc0ecef 
Dealt to 77ad8b5 
Dealt to e6044e35 
Dealt to Hero [8h 6c]
Dealt to 3c677231 
77ad8b5: folds
e6044e35: raises $0.1 to $0.15
Hero: folds
3c677231: folds
6dc0ecef: folds
Uncalled bet ($0.1) returned to e6044e35
*** SHOWDOWN ***
e6044e35 collected $0.12 from pot
*** SUMMARY ***
Total pot $0.12 | Rake $0 | Jackpot $0 | Bingo $0 | Fortune $0 | Tax $0
Seat 1: 6dc0ecef (big blind) folded before Flop
Seat 2: 77ad8b5 folded before Flop (didn't bet)
Seat 4: e6044e35 collected ($0.12)
Seat 5: Hero (button) folded before Flop (didn't bet)
Seat 6: 3c677231 (small blind) folded before Flop


Poker Hand #HD1713603792: Hold'em No Limit ($0.02/$0.05) - 2024/04/03 12:35:59
Table 'NLHBlue14' 6-max Seat #4 is the button
Seat 1: 6dc0ecef ($4.99 in chips)
Seat 2: 77ad8b5 ($11.84 in chips)
Seat 4: e6044e35 ($4.93 in chips)
Seat 5: Hero ($6.37 in chips)
Seat 6: 3c677231 ($5.35 in chips)
Hero: posts small blind $0.02
3c677231: posts big blind $0.05
*** HOLE CARDS ***
Dealt to 6dc0ecef 
Dealt to 77ad8b5 
Dealt to e6044e35 
Dealt to Hero [9s Ah]
Dealt to 3c677231 
6dc0ecef: folds
77ad8b5: folds
e6044e35: raises $0.05 to $0.1
Hero: folds
3c677231: raises $0.2 to $0.3
e6044e35: calls $0.2
*** FLOP *** [3h Tc Kc]
3c677231: bets $0.21
e6044e35: folds
Uncalled bet ($0.21) returned to 3c677231
*** SHOWDOWN ***
3c677231 collected $0.59 from pot
*** SUMMARY ***
Total pot $0.62 | Rake $0.03 | Jackpot $0 | Bingo $0 | Fortune $0 | Tax $0
Board [3h Tc Kc]
Seat 1: 6dc0ecef folded before Flop (didn't bet)
Seat 2: 77ad8b5 folded before Flop (didn't bet)
Seat 4: e6044e35 (button) folded on the Flop
Seat 5: Hero (small blind) folded before Flop
Seat 6: 3c677231 (big blind) won ($0.59)


Poker Hand #HD1713603765: Hold'em No Limit ($0.02/$0.05) - 2024/04/03 12:35:42
Table 'NLHBlue14' 6-max Seat #2 is the button
Seat 1: 6dc0ecef ($4.99 in chips)
Seat 2: 77ad8b5 ($11.84 in chips)
Seat 4: e6044e35 ($4.95 in chips)
Seat 5: Hero ($6.35 in chips)
Seat 6: 3c677231 ($5.35 in chips)
e6044e35: posts small blind $0.02
Hero: posts big blind $0.05
*** HOLE CARDS ***
Dealt to 6dc0ecef 
Dealt to 77ad8b5 
Dealt to e6044e35 
Dealt to Hero [Th Jd]
Dealt to 3c677231 
3c677231: folds
6dc0ecef: folds
77ad8b5: folds
e6044e35: folds
Uncalled bet ($0.03) returned to Hero
*** SHOWDOWN ***
Hero collected $0.04 from pot
*** SUMMARY ***
Total pot $0.04 | Rake $0 | Jackpot $0 | Bingo $0 | Fortune $0 | Tax $0
Seat 1: 6dc0ecef folded before Flop (didn't bet)
Seat 2: 77ad8b5 (button) folded before Flop (didn't bet)
Seat 4: e6044e35 (small blind) folded before Flop
Seat 5: Hero (big blind) collected ($0.04)
Seat 6: 3c677231 folded before Flop (didn't bet)


Poker Hand #HD1713603726: Hold'em No Limit ($0.02/$0.05) - 2024/04/03 12:35:22
Table 'NLHBlue14' 6-max Seat #1 is the button
Seat 1: 6dc0ecef ($4.99 in chips)
Seat 2: 77ad8b5 ($11.79 in chips)
Seat 4: e6044e35 ($5 in chips)
Seat 5: Hero ($6.35 in chips)
Seat 6: 3c677231 ($5.35 in chips)
77ad8b5: posts small blind $0.02
e6044e35: posts big blind $0.05
*** HOLE CARDS ***
Dealt to 6dc0ecef 
Dealt to 77ad8b5 
Dealt to e6044e35 
Dealt to Hero [3s Jd]
Dealt to 3c677231 
Hero: folds
3c677231: folds
6dc0ecef: folds
77ad8b5: raises $0.1 to $0.15
e6044e35: folds
Uncalled bet ($0.1) returned to 77ad8b5
*** SHOWDOWN ***
77ad8b5 collected $0.1 from pot
*** SUMMARY ***
Total pot $0.1 | Rake $0 | Jackpot $0 | Bingo $0 | Fortune $0 | Tax $0
Seat 1: 6dc0ecef (button) folded before Flop (didn't bet)
Seat 2: 77ad8b5 (small blind) collected ($0.1)
Seat 4: e6044e35 (big blind) folded before Flop
Seat 5: Hero folded before Flop (didn't bet)
Seat 6: 3c677231 folded before Flop (didn't bet)


Poker Hand #HD1713603584: Hold'em No Limit ($0.02/$0.05) - 2024/04/03 12:33:56
Table 'NLHBlue14' 6-max Seat #6 is the button
Seat 1: 6dc0ecef ($4.64 in chips)
Seat 2: 77ad8b5 ($11.84 in chips)
Seat 4: c140ba19 ($8.11 in chips)
Seat 5: Hero ($7.55 in chips)
Seat 6: 3c677231 ($5 in chips)
6dc0ecef: posts small blind $0.02
77ad8b5: posts big blind $0.05
*** HOLE CARDS ***
Dealt to 6dc0ecef 
Dealt to 77ad8b5 
Dealt to c140ba19 
Dealt to Hero [Qs As]
Dealt to 3c677231 
c140ba19: folds
Hero: raises $0.08 to $0.13
3c677231: raises $0.27 to $0.4
6dc0ecef: calls $0.38
77ad8b5: folds
Hero: raises $0.8 to $1.2
3c677231: raises $3.8 to $5 and is all-in
6dc0ecef: calls $4.24 and is all-in
Hero: folds
Uncalled bet ($0.36) returned to 3c677231
3c677231: shows [Ad Ah]
6dc0ecef: shows [Jh Jc]
*** FIRST FLOP *** [4h Kh 2d]
*** FIRST TURN *** [4h Kh 2d] [7h]
*** FIRST RIVER *** [4h Kh 2d 7h] [Qc]
*** SECOND FLOP *** [5h 3s 2h]
*** SECOND TURN *** [5h 3s 2h] [7s]
*** SECOND RIVER *** [5h 3s 2h 7s] [Jd]
*** FIRST SHOWDOWN ***
3c677231 collected $4.99 from pot
*** SECOND SHOWDOWN ***
6dc0ecef collected $4.99 from pot
*** SUMMARY ***
Total pot $10.53 | Rake $0.5 | Jackpot $0.05 | Bingo $0 | Fortune $0 | Tax $0
Hand was run two times
FIRST Board [4h Kh 2d 7h Qc]
SECOND Board [5h 3s 2h 7s Jd]
Seat 1: 6dc0ecef (small blind) showed [Jh Jc] and lost with Pair of Jacks, and won ($4.99) with Three Jacks
Seat 2: 77ad8b5 (big blind) folded before Flop
Seat 4: c140ba19 folded before Flop (didn't bet)
Seat 5: Hero folded before Flop
Seat 6: 3c677231 (button) showed [Ad Ah] and won ($4.99) with Pair of Aces, and lost with Pair of Aces


Poker Hand #HD1713603501: Hold'em No Limit ($0.02/$0.05) - 2024/04/03 12:33:17
Table 'NLHBlue14' 6-max Seat #5 is the button
Seat 1: 6dc0ecef ($5.01 in chips)
Seat 2: 77ad8b5 ($11.84 in chips)
Seat 4: c140ba19 ($7.75 in chips)
Seat 5: Hero ($7.55 in chips)
Seat 6: 3c677231 ($5 in chips)
3c677231: posts small blind $0.02
6dc0ecef: posts big blind $0.05
*** HOLE CARDS ***
Dealt to 6dc0ecef 
Dealt to 77ad8b5 
Dealt to c140ba19 
Dealt to Hero [3s 7c]
Dealt to 3c677231 
77ad8b5: folds
c140ba19: raises $0.1 to $0.15
Hero: folds
3c677231: folds
6dc0ecef: calls $0.1
*** FLOP *** [2h 8h 5s]
6dc0ecef: checks
c140ba19: bets $0.22
6dc0ecef: calls $0.22
*** TURN *** [2h 8h 5s] [Jc]
6dc0ecef: checks
c140ba19: bets $0.51
6dc0ecef: folds
Uncalled bet ($0.51) returned to c140ba19
*** SHOWDOWN ***
c140ba19 collected $0.73 from pot
*** SUMMARY ***
Total pot $0.76 | Rake $0.03 | Jackpot $0 | Bingo $0 | Fortune $0 | Tax $0
Board [2h 8h 5s Jc]
Seat 1: 6dc0ecef (big blind) folded on the Turn
Seat 2: 77ad8b5 folded before Flop (didn't bet)
Seat 4: c140ba19 won ($0.73)
Seat 5: Hero (button) folded before Flop (didn't bet)
Seat 6: 3c677231 (small blind) folded before Flop


Poker Hand #HD1713603448: Hold'em No Limit ($0.02/$0.05) - 2024/04/03 12:32:40
Table 'NLHBlue14' 6-max Seat #4 is the button
Seat 1: 6dc0ecef ($5.11 in chips)
Seat 2: 77ad8b5 ($11.58 in chips)
Seat 4: c140ba19 ($7.85 in chips)
Seat 5: Hero ($7.57 in chips)
Seat 6: 3c677231 ($5 in chips)
Hero: posts small blind $0.02
3c677231: posts big blind $0.05
*** HOLE CARDS ***
Dealt to 6dc0ecef 
Dealt to 77ad8b5 
Dealt to c140ba19 
Dealt to Hero [3c Ts]
Dealt to 3c677231 
6dc0ecef: raises $0.05 to $0.1
77ad8b5: calls $0.1
c140ba19: calls $0.1
Hero: folds
3c677231: folds
*** FLOP *** [Kh 4c 5s]
6dc0ecef: checks
77ad8b5: checks
c140ba19: checks
*** TURN *** [Kh 4c 5s] [Kd]
6dc0ecef: checks
77ad8b5: bets $0.24
c140ba19: folds
6dc0ecef: folds
Uncalled bet ($0.24) returned to 77ad8b5
*** SHOWDOWN ***
77ad8b5 collected $0.36 from pot
*** SUMMARY ***
Total pot $0.37 | Rake $0.01 | Jackpot $0 | Bingo $0 | Fortune $0 | Tax $0
Board [Kh 4c 5s Kd]
Seat 1: 6dc0ecef folded on the Turn
Seat 2: 77ad8b5 won ($0.36)
Seat 4: c140ba19 (button) folded on the Turn
Seat 5: Hero (small blind) folded before Flop
Seat 6: 3c677231 (big blind) folded before Flop


Poker Hand #HD1713603422: Hold'em No Limit ($0.02/$0.05) - 2024/04/03 12:32:25
Table 'NLHBlue14' 6-max Seat #2 is the button
Seat 1: 6dc0ecef ($5.11 in chips)
Seat 2: 77ad8b5 ($11.58 in chips)
Seat 4: c140ba19 ($7.87 in chips)
Seat 5: Hero ($7.55 in chips)
Seat 6: 3c677231 ($5 in chips)
c140ba19: posts small blind $0.02
Hero: posts big blind $0.05
*** HOLE CARDS ***
Dealt to 6dc0ecef 
Dealt to 77ad8b5 
Dealt to c140ba19 
Dealt to Hero [2h Tc]
Dealt to 3c677231 
3c677231: folds
6dc0ecef: folds
77ad8b5: folds
c140ba19: folds
Uncalled bet ($0.03) returned to Hero
*** SHOWDOWN ***
Hero collected $0.04 from pot
*** SUMMARY ***
Total pot $0.04 | Rake $0 | Jackpot $0 | Bingo $0 | Fortune $0 | Tax $0
Seat 1: 6dc0ecef folded before Flop (didn't bet)
Seat 2: 77ad8b5 (button) folded before Flop (didn't bet)
Seat 4: c140ba19 (small blind) folded before Flop
Seat 5: Hero (big blind) collected ($0.04)
Seat 6: 3c677231 folded before Flop (didn't bet)


Poker Hand #HD1713603348: Hold'em No Limit ($0.02/$0.05) - 2024/04/03 12:31:45
Table 'NLHBlue14' 6-max Seat #1 is the button
Seat 1: 6dc0ecef ($5.11 in chips)
Seat 2: 77ad8b5 ($11.31 in chips)
Seat 4: c140ba19 ($8.16 in chips)
Seat 5: Hero ($7.55 in chips)
Seat 6: 3c677231 ($5 in chips)
77ad8b5: posts small blind $0.02
c140ba19: posts big blind $0.05
*** HOLE CARDS ***
Dealt to 6dc0ecef 
Dealt to 77ad8b5 
Dealt to c140ba19 
Dealt to Hero [4s 5c]
Dealt to 3c677231 
Hero: folds
3c677231: folds
6dc0ecef: folds
77ad8b5: raises $0.1 to $0.15
c140ba19: calls $0.1
*** FLOP *** [9h 8h 8s]
77ad8b5: checks
c140ba19: checks
*** TURN *** [9h 8h 8s] [5d]
77ad8b5: bets $0.14
c140ba19: calls $0.14
*** RIVER *** [9h 8h 8s 5d] [3c]
77ad8b5: bets $0.36
c140ba19: folds
Uncalled bet ($0.36) returned to 77ad8b5
*** SHOWDOWN ***
77ad8b5 collected $0.56 from pot
*** SUMMARY ***
Total pot $0.58 | Rake $0.02 | Jackpot $0 | Bingo $0 | Fortune $0 | Tax $0
Board [9h 8h 8s 5d 3c]
Seat 1: 6dc0ecef (button) folded before Flop (didn't bet)
Seat 2: 77ad8b5 (small blind) won ($0.56)
Seat 4: c140ba19 (big blind) folded on the River
Seat 5: Hero folded before Flop (didn't bet)
Seat 6: 3c677231 folded before Flop (didn't bet)


Poker Hand #HD1713603303: Hold'em No Limit ($0.02/$0.05) - 2024/04/03 12:31:20
Table 'NLHBlue14' 6-max Seat #6 is the button
Seat 1: 6dc0ecef ($4.94 in chips)
Seat 2: 77ad8b5 ($11.36 in chips)
Seat 4: c140ba19 ($8.16 in chips)
Seat 5: Hero ($7.55 in chips)
Seat 6: 3c677231 ($5 in chips)
6dc0ecef: posts small blind $0.02
77ad8b5: posts big blind $0.05
*** HOLE CARDS ***
Dealt to 6dc0ecef 
Dealt to 77ad8b5 
Dealt to c140ba19 
Dealt to Hero [2h 3h]
Dealt to 3c677231 
c140ba19: folds
Hero: folds
3c677231: raises $0.08 to $0.13
6dc0ecef: raises $0.33 to $0.46
77ad8b5: folds
3c677231: folds
Uncalled bet ($0.33) returned to 6dc0ecef
*** SHOWDOWN ***
6dc0ecef collected $0.3 from pot
*** SUMMARY ***
Total pot $0.31 | Rake $0.01 | Jackpot $0 | Bingo $0 | Fortune $0 | Tax $0
Seat 1: 6dc0ecef (small blind) collected ($0.3)
Seat 2: 77ad8b5 (big blind) folded before Flop
Seat 4: c140ba19 folded before Flop (didn't bet)
Seat 5: Hero folded before Flop (didn't bet)
Seat 6: 3c677231 (button) folded before Flop


Poker Hand #HD1713603191: Hold'em No Limit ($0.02/$0.05) - 2024/04/03 12:30:10
Table 'NLHBlue14' 6-max Seat #5 is the button
Seat 1: 6dc0ecef ($4.99 in chips)
Seat 2: 77ad8b5 ($11.36 in chips)
Seat 3: 8b9ad39a ($4.47 in chips)
Seat 4: c140ba19 ($8.16 in chips)
Seat 5: Hero ($5.93 in chips)
Seat 6: 3c677231 ($5.46 in chips)
3c677231: posts small blind $0.02
6dc0ecef: posts big blind $0.05
*** HOLE CARDS ***
Dealt to 6dc0ecef 
Dealt to 77ad8b5 
Dealt to 8b9ad39a 
Dealt to c140ba19 
Dealt to Hero [Qc Qs]
Dealt to 3c677231 
77ad8b5: folds
8b9ad39a: folds
c140ba19: folds
Hero: raises $0.08 to $0.13
3c677231: raises $0.27 to $0.4
6dc0ecef: folds
Hero: raises $0.7 to $1.1
3c677231: calls $0.7
*** FLOP *** [5c 7s 5h]
3c677231: checks
Hero: bets $0.7
3c677231: calls $0.7
*** TURN *** [5c 7s 5h] [Ah]
3c677231: checks
Hero: checks
*** RIVER *** [5c 7s 5h Ah] [6d]
3c677231: checks
Hero: checks
3c677231: shows [Jh Jd] (Pair of Jacks and Pair of Fives)
Hero: shows [Qc Qs] (Pair of Queens and Pair of Fives)
*** SHOWDOWN ***
Hero collected $3.42 from pot
*** SUMMARY ***
Total pot $3.65 | Rake $0.18 | Jackpot $0.05 | Bingo $0 | Fortune $0 | Tax $0
Board [5c 7s 5h Ah 6d]
Seat 1: 6dc0ecef (big blind) folded before Flop
Seat 2: 77ad8b5 folded before Flop (didn't bet)
Seat 3: 8b9ad39a folded before Flop (didn't bet)
Seat 4: c140ba19 folded before Flop (didn't bet)
Seat 5: Hero (button) showed [Qc Qs] and won ($3.42) with Pair of Queens and Pair of Fives
Seat 6: 3c677231 (small blind) showed [Jh Jd] and lost with Pair of Jacks and Pair of Fives


Poker Hand #HD1713603088: Hold'em No Limit ($0.02/$0.05) - 2024/04/03 12:29:11
Table 'NLHBlue14' 6-max Seat #4 is the button
Seat 1: 6dc0ecef ($5.49 in chips)
Seat 2: 77ad8b5 ($11.36 in chips)
Seat 3: 8b9ad39a ($4.97 in chips)
Seat 4: c140ba19 ($8.16 in chips)
Seat 5: Hero ($5 in chips)
Seat 6: 3c677231 ($5.51 in chips)
Hero: posts small blind $0.02
3c677231: posts big blind $0.05
*** HOLE CARDS ***
Dealt to 6dc0ecef 
Dealt to 77ad8b5 
Dealt to 8b9ad39a 
Dealt to c140ba19 
Dealt to Hero [Jd Ks]
Dealt to 3c677231 
6dc0ecef: raises $0.05 to $0.1
77ad8b5: folds
8b9ad39a: calls $0.1
c140ba19: folds
Hero: raises $0.4 to $0.5
3c677231: folds
6dc0ecef: calls $0.4
8b9ad39a: calls $0.4
*** FLOP *** [Jh 9h Kh]
Hero: bets $0.55
6dc0ecef: folds
8b9ad39a: folds
Uncalled bet ($0.55) returned to Hero
*** SHOWDOWN ***
Hero collected $1.43 from pot
*** SUMMARY ***
Total pot $1.55 | Rake $0.07 | Jackpot $0.05 | Bingo $0 | Fortune $0 | Tax $0
Board [Jh 9h Kh]
Seat 1: 6dc0ecef folded on the Flop
Seat 2: 77ad8b5 folded before Flop (didn't bet)
Seat 3: 8b9ad39a folded on the Flop
Seat 4: c140ba19 (button) folded before Flop (didn't bet)
Seat 5: Hero (small blind) won ($1.43)
Seat 6: 3c677231 (big blind) folded before Flop


Poker Hand #HD1713603051: Hold'em No Limit ($0.02/$0.05) - 2024/04/03 12:28:51
Table 'NLHBlue14' 6-max Seat #3 is the button
Seat 1: 6dc0ecef ($5.49 in chips)
Seat 2: 77ad8b5 ($11.36 in chips)
Seat 3: 8b9ad39a ($4.97 in chips)
Seat 4: c140ba19 ($8.18 in chips)
Seat 5: Hero ($5 in chips)
Seat 6: 3c677231 ($5.44 in chips)
c140ba19: posts small blind $0.02
Hero: posts big blind $0.05
*** HOLE CARDS ***
Dealt to 6dc0ecef 
Dealt to 77ad8b5 
Dealt to 8b9ad39a 
Dealt to c140ba19 
Dealt to Hero [3h 7h]
Dealt to 3c677231 
3c677231: raises $0.1 to $0.15
6dc0ecef: folds
77ad8b5: folds
8b9ad39a: folds
c140ba19: folds
Hero: folds
Uncalled bet ($0.1) returned to 3c677231
*** SHOWDOWN ***
3c677231 collected $0.12 from pot
*** SUMMARY ***
Total pot $0.12 | Rake $0 | Jackpot $0 | Bingo $0 | Fortune $0 | Tax $0
Seat 1: 6dc0ecef folded before Flop (didn't bet)
Seat 2: 77ad8b5 folded before Flop (didn't bet)
Seat 3: 8b9ad39a (button) folded before Flop (didn't bet)
Seat 4: c140ba19 (small blind) folded before Flop
Seat 5: Hero (big blind) folded before Flop
Seat 6: 3c677231 collected ($0.12)


Poker Hand #HD1713602990: Hold'em No Limit ($0.02/$0.05) - 2024/04/03 12:28:15
Table 'NLHBlue14' 6-max Seat #2 is the button
Seat 1: 6dc0ecef ($5.59 in chips)
Seat 2: 77ad8b5 ($11.2 in chips)
Seat 3: 8b9ad39a ($4.99 in chips)
Seat 4: c140ba19 ($8.23 in chips)
Seat 5: Hero ($5 in chips)
Seat 6: 3c677231 ($5.44 in chips)
8b9ad39a: posts small blind $0.02
c140ba19: posts big blind $0.05
*** HOLE CARDS ***
Dealt to 6dc0ecef 
Dealt to 77ad8b5 
Dealt to 8b9ad39a 
Dealt to c140ba19 
Dealt to Hero [8s 4h]
Dealt to 3c677231 
Hero: folds
3c677231: folds
6dc0ecef: raises $0.05 to $0.1
77ad8b5: raises $0.3 to $0.4
8b9ad39a: folds
c140ba19: folds
6dc0ecef: folds
Uncalled bet ($0.3) returned to 77ad8b5
*** SHOWDOWN ***
77ad8b5 collected $0.26 from pot
*** SUMMARY ***
Total pot $0.27 | Rake $0.01 | Jackpot $0 | Bingo $0 | Fortune $0 | Tax $0
Seat 1: 6dc0ecef folded before Flop
Seat 2: 77ad8b5 (button) collected ($0.26)
Seat 3: 8b9ad39a (small blind) folded before Flop
Seat 4: c140ba19 (big blind) folded before Flop
Seat 5: Hero folded before Flop (didn't bet)
Seat 6: 3c677231 folded before Flop (didn't bet)


Poker Hand #HD1713602965: Hold'em No Limit ($0.02/$0.05) - 2024/04/03 12:28:00
Table 'NLHBlue14' 6-max Seat #1 is the button
Seat 1: 6dc0ecef ($5.59 in chips)
Seat 2: 77ad8b5 ($11.22 in chips)
Seat 3: 8b9ad39a ($4.97 in chips)
Seat 4: c140ba19 ($8.23 in chips)
Seat 5: Hero ($5 in chips)
Seat 6: 3c677231 ($5.44 in chips)
77ad8b5: posts small blind $0.02
8b9ad39a: posts big blind $0.05
*** HOLE CARDS ***
Dealt to 6dc0ecef 
Dealt to 77ad8b5 
Dealt to 8b9ad39a 
Dealt to c140ba19 
Dealt to Hero [6d Qd]
Dealt to 3c677231 
c140ba19: folds
Hero: folds
3c677231: folds
6dc0ecef: folds
77ad8b5: folds
Uncalled bet ($0.03) returned to 8b9ad39a
*** SHOWDOWN ***
8b9ad39a collected $0.04 from pot
*** SUMMARY ***
Total pot $0.04 | Rake $0 | Jackpot $0 | Bingo $0 | Fortune $0 | Tax $0
Seat 1: 6dc0ecef (button) folded before Flop (didn't bet)
Seat 2: 77ad8b5 (small blind) folded before Flop
Seat 3: 8b9ad39a (big blind) collected ($0.04)
Seat 4: c140ba19 folded before Flop (didn't bet)
Seat 5: Hero folded before Flop (didn't bet)
Seat 6: 3c677231 folded before Flop (didn't bet)


Poker Hand #HD1713602872: Hold'em No Limit ($0.02/$0.05) - 2024/04/03 12:27:09
Table 'NLHBlue14' 6-max Seat #6 is the button
Seat 1: 6dc0ecef ($4.83 in chips)
Seat 2: 77ad8b5 ($11.27 in chips)
Seat 3: 8b9ad39a ($4.97 in chips)
Seat 4: c140ba19 ($8.23 in chips)
Seat 5: Hero ($5 in chips)
Seat 6: 3c677231 ($6.28 in chips)
6dc0ecef: posts small blind $0.02
77ad8b5: posts big blind $0.05
*** HOLE CARDS ***
Dealt to 6dc0ecef 
Dealt to 77ad8b5 
Dealt to 8b9ad39a 
Dealt to c140ba19 
Dealt to Hero [5s 4s]
Dealt to 3c677231 
8b9ad39a: folds
c140ba19: folds
Hero: folds
3c677231: raises $0.08 to $0.13
6dc0ecef: raises $0.33 to $0.46
77ad8b5: folds
3c677231: calls $0.33
*** FLOP *** [5c Qh Jd]
6dc0ecef: bets $0.38
3c677231: calls $0.38
*** TURN *** [5c Qh Jd] [Td]
6dc0ecef: bets $1.3
3c677231: folds
Uncalled bet ($1.3) returned to 6dc0ecef
*** SHOWDOWN ***
6dc0ecef collected $1.6 from pot
*** SUMMARY ***
Total pot $1.73 | Rake $0.08 | Jackpot $0.05 | Bingo $0 | Fortune $0 | Tax $0
Board [5c Qh Jd Td]
Seat 1: 6dc0ecef (small blind) won ($1.6)
Seat 2: 77ad8b5 (big blind) folded before Flop
Seat 3: 8b9ad39a folded before Flop (didn't bet)
Seat 4: c140ba19 folded before Flop (didn't bet)
Seat 5: Hero folded before Flop (didn't bet)
Seat 6: 3c677231 (button) folded on the Turn


Poker Hand #HD1713602732: Hold'em No Limit ($0.02/$0.05) - 2024/04/03 12:25:54
Table 'NLHBlue14' 6-max Seat #5 is the button
Seat 1: 6dc0ecef ($5 in chips)
Seat 2: 77ad8b5 ($11.44 in chips)
Seat 3: 8b9ad39a ($4.63 in chips)
Seat 4: c140ba19 ($8.23 in chips)
Seat 5: Hero ($5 in chips)
Seat 6: 3c677231 ($6.3 in chips)
3c677231: posts small blind $0.02
6dc0ecef: posts big blind $0.05
*** HOLE CARDS ***
Dealt to 6dc0ecef 
Dealt to 77ad8b5 
Dealt to 8b9ad39a 
Dealt to c140ba19 
Dealt to Hero [Qd 9c]
Dealt to 3c677231 
77ad8b5: raises $0.07 to $0.12
8b9ad39a: calls $0.12
c140ba19: folds
Hero: folds
3c677231: folds
6dc0ecef: calls $0.07
*** FLOP *** [8d 3s Td]
6dc0ecef: checks
77ad8b5: checks
8b9ad39a: bets $0.05
6dc0ecef: calls $0.05
77ad8b5: calls $0.05
*** TURN *** [8d 3s Td] [4s]
6dc0ecef: checks
77ad8b5: checks
8b9ad39a: checks
*** RIVER *** [8d 3s Td 4s] [Tc]
6dc0ecef: checks
77ad8b5: checks
8b9ad39a: checks
6dc0ecef: shows [Ad 9h] (Pair of Tens)
77ad8b5: shows [7s As] (Pair of Tens)
8b9ad39a: shows [5s 5c] (Pair of Tens and Pair of Fives)
*** SHOWDOWN ***
8b9ad39a collected $0.51 from pot
*** SUMMARY ***
Total pot $0.53 | Rake $0.02 | Jackpot $0 | Bingo $0 | Fortune $0 | Tax $0
Board [8d 3s Td 4s Tc]
Seat 1: 6dc0ecef (big blind) showed [Ad 9h] and lost with Pair of Tens
Seat 2: 77ad8b5 showed [7s As] and lost with Pair of Tens
Seat 3: 8b9ad39a showed [5s 5c] and won ($0.51) with Pair of Tens and Pair of Fives
Seat 4: c140ba19 folded before Flop (didn't bet)
Seat 5: Hero (button) folded before Flop (didn't bet)
Seat 6: 3c677231 (small blind) folded before Flop


Poker Hand #HD1713602705: Hold'em No Limit ($0.02/$0.05) - 2024/04/03 12:25:36
Table 'NLHBlue14' 6-max Seat #4 is the button
Seat 2: 77ad8b5 ($11.44 in chips)
Seat 3: 8b9ad39a ($4.63 in chips)
Seat 4: c140ba19 ($8.16 in chips)
Seat 5: Hero ($5 in chips)
Seat 6: 3c677231 ($6.35 in chips)
Hero: posts small blind $0.02
3c677231: posts big blind $0.05
*** HOLE CARDS ***
Dealt to 77ad8b5 
Dealt to 8b9ad39a 
Dealt to c140ba19 
Dealt to Hero [Kh 5s]
Dealt to 3c677231 
77ad8b5: folds
8b9ad39a: folds
c140ba19: raises $0.1 to $0.15
Hero: folds
3c677231: folds
Uncalled bet ($0.1) returned to c140ba19
*** SHOWDOWN ***
c140ba19 collected $0.12 from pot
*** SUMMARY ***
Total pot $0.12 | Rake $0 | Jackpot $0 | Bingo $0 | Fortune $0 | Tax $0
Seat 2: 77ad8b5 folded before Flop (didn't bet)
Seat 3: 8b9ad39a folded before Flop (didn't bet)
Seat 4: c140ba19 (button) collected ($0.12)
Seat 5: Hero (small blind) folded before Flop
Seat 6: 3c677231 (big blind) folded before Flop


Poker Hand #HD1713602676: Hold'em No Limit ($0.02/$0.05) - 2024/04/03 12:25:23
Table 'NLHBlue14' 6-max Seat #3 is the button
Seat 2: 77ad8b5 ($11.44 in chips)
Seat 3: 8b9ad39a ($4.63 in chips)
Seat 4: c140ba19 ($8.11 in chips)
Seat 5: Hero ($5 in chips)
Seat 6: 3c677231 ($6.35 in chips)
c140ba19: posts small blind $0.02
Hero: posts big blind $0.05
*** HOLE CARDS ***
Dealt to 77ad8b5 
Dealt to 8b9ad39a 
Dealt to c140ba19 
Dealt to Hero [3d 4h]
Dealt to 3c677231 
3c677231: folds
77ad8b5: folds
8b9ad39a: folds
c140ba19: raises $0.05 to $0.1
Hero: folds
Uncalled bet ($0.05) returned to c140ba19
*** SHOWDOWN ***
c140ba19 collected $0.1 from pot
*** SUMMARY ***
Total pot $0.1 | Rake $0 | Jackpot $0 | Bingo $0 | Fortune $0 | Tax $0
Seat 2: 77ad8b5 folded before Flop (didn't bet)
Seat 3: 8b9ad39a (button) folded before Flop (didn't bet)
Seat 4: c140ba19 (small blind) collected ($0.1)
Seat 5: Hero (big blind) folded before Flop
Seat 6: 3c677231 folded before Flop (didn't bet)


Poker Hand #HD1713602618: Hold'em No Limit ($0.02/$0.05) - 2024/04/03 12:24:51
Table 'NLHBlue14' 6-max Seat #2 is the button
Seat 2: 77ad8b5 ($11.44 in chips)
Seat 3: 8b9ad39a ($4.65 in chips)
Seat 4: c140ba19 ($8.24 in chips)
Seat 5: Hero ($5 in chips)
Seat 6: 3c677231 ($6.21 in chips)
8b9ad39a: posts small blind $0.02
c140ba19: posts big blind $0.05
*** HOLE CARDS ***
Dealt to 77ad8b5 
Dealt to 8b9ad39a 
Dealt to c140ba19 
Dealt to Hero [Tc 6c]
Dealt to 3c677231 
Hero: folds
3c677231: raises $0.08 to $0.13
77ad8b5: folds
8b9ad39a: folds
c140ba19: calls $0.08
*** FLOP *** [8s 9s 3s]
c140ba19: checks
3c677231: bets $0.21
c140ba19: folds
Uncalled bet ($0.21) returned to 3c677231
*** SHOWDOWN ***
3c677231 collected $0.27 from pot
*** SUMMARY ***
Total pot $0.28 | Rake $0.01 | Jackpot $0 | Bingo $0 | Fortune $0 | Tax $0
Board [8s 9s 3s]
Seat 2: 77ad8b5 (button) folded before Flop (didn't bet)
Seat 3: 8b9ad39a (small blind) folded before Flop
Seat 4: c140ba19 (big blind) folded on the Flop
Seat 5: Hero folded before Flop (didn't bet)
Seat 6: 3c677231 won ($0.27)


Poker Hand #HD1713602549: Hold'em No Limit ($0.02/$0.05) - 2024/04/03 12:24:11
Table 'NLHBlue14' 6-max Seat #6 is the button
Seat 2: 77ad8b5 ($11.46 in chips)
Seat 3: 8b9ad39a ($4.93 in chips)
Seat 4: c140ba19 ($8.24 in chips)
Seat 5: Hero ($5 in chips)
Seat 6: 3c677231 ($5.93 in chips)
77ad8b5: posts small blind $0.02
8b9ad39a: posts big blind $0.05
*** HOLE CARDS ***
Dealt to 77ad8b5 
Dealt to 8b9ad39a 
Dealt to c140ba19 
Dealt to Hero [8d 5s]
Dealt to 3c677231 
c140ba19: folds
Hero: folds
3c677231: raises $0.08 to $0.13
77ad8b5: folds
8b9ad39a: calls $0.08
*** FLOP *** [8s 9c 4s]
8b9ad39a: checks
3c677231: bets $0.15
8b9ad39a: calls $0.15
*** TURN *** [8s 9c 4s] [4c]
8b9ad39a: checks
3c677231: bets $0.58
8b9ad39a: folds
Uncalled bet ($0.58) returned to 3c677231
*** SHOWDOWN ***
3c677231 collected $0.56 from pot
*** SUMMARY ***
Total pot $0.58 | Rake $0.02 | Jackpot $0 | Bingo $0 | Fortune $0 | Tax $0
Board [8s 9c 4s 4c]
Seat 2: 77ad8b5 (small blind) folded before Flop
Seat 3: 8b9ad39a (big blind) folded on the Turn
Seat 4: c140ba19 folded before Flop (didn't bet)
Seat 5: Hero folded before Flop (didn't bet)
Seat 6: 3c677231 (button) won ($0.56)


Poker Hand #HD1713602433: Hold'em No Limit ($0.02/$0.05) - 2024/04/03 12:23:01
Table 'NLHBlue14' 6-max Seat #5 is the button
Seat 2: 77ad8b5 ($11.51 in chips)
Seat 3: 8b9ad39a ($5.39 in chips)
Seat 4: c140ba19 ($6.74 in chips)
Seat 5: Hero ($5 in chips)
Seat 6: 3c677231 ($7.11 in chips)
3c677231: posts small blind $0.02
77ad8b5: posts big blind $0.05
*** HOLE CARDS ***
Dealt to 77ad8b5 
Dealt to 8b9ad39a 
Dealt to c140ba19 
Dealt to Hero [5d 8c]
Dealt to 3c677231 
8b9ad39a: raises $0.08 to $0.13
c140ba19: calls $0.13
Hero: folds
3c677231: raises $0.33 to $0.46
77ad8b5: folds
8b9ad39a: calls $0.33
c140ba19: calls $0.33
*** FLOP *** [2d 7h Qh]
3c677231: checks
8b9ad39a: checks
c140ba19: bets $0.72
3c677231: calls $0.72
8b9ad39a: folds
*** TURN *** [2d 7h Qh] [Ks]
3c677231: checks
c140ba19: bets $1.44
3c677231: folds
Uncalled bet ($1.44) returned to c140ba19
*** SHOWDOWN ***
c140ba19 collected $2.68 from pot
*** SUMMARY ***
Total pot $2.87 | Rake $0.14 | Jackpot $0.05 | Bingo $0 | Fortune $0 | Tax $0
Board [2d 7h Qh Ks]
Seat 2: 77ad8b5 (big blind) folded before Flop
Seat 3: 8b9ad39a folded on the Flop
Seat 4: c140ba19 won ($2.68)
Seat 5: Hero (button) folded before Flop (didn't bet)
Seat 6: 3c677231 (small blind) folded on the Turn


Poker Hand #HD1713602384: Hold'em No Limit ($0.02/$0.05) - 2024/04/03 12:22:36
Table 'NLHBlue14' 6-max Seat #4 is the button
Seat 2: 77ad8b5 ($11.51 in chips)
Seat 3: 8b9ad39a ($5.39 in chips)
Seat 4: c140ba19 ($6.67 in chips)
Seat 5: Hero ($5.02 in chips)
Seat 6: 3c677231 ($7.16 in chips)
Hero: posts small blind $0.02
3c677231: posts big blind $0.05
*** HOLE CARDS ***
Dealt to 77ad8b5 
Dealt to 8b9ad39a 
Dealt to c140ba19 
Dealt to Hero [Ad 5s]
Dealt to 3c677231 
77ad8b5: folds
8b9ad39a: folds
c140ba19: raises $0.1 to $0.15
Hero: folds
3c677231: folds
Uncalled bet ($0.1) returned to c140ba19
*** SHOWDOWN ***
c140ba19 collected $0.12 from pot
*** SUMMARY ***
Total pot $0.12 | Rake $0 | Jackpot $0 | Bingo $0 | Fortune $0 | Tax $0
Seat 2: 77ad8b5 folded before Flop (didn't bet)
Seat 3: 8b9ad39a folded before Flop (didn't bet)
Seat 4: c140ba19 (button) collected ($0.12)
Seat 5: Hero (small blind) folded before Flop
Seat 6: 3c677231 (big blind) folded before Flop


Poker Hand #HD1713602366: Hold'em No Limit ($0.02/$0.05) - 2024/04/03 12:22:25
Table 'NLHBlue14' 6-max Seat #3 is the button
Seat 2: 77ad8b5 ($11.51 in chips)
Seat 3: 8b9ad39a ($5.39 in chips)
Seat 4: c140ba19 ($6.69 in chips)
Seat 5: Hero ($5 in chips)
Seat 6: 3c677231 ($7.16 in chips)
c140ba19: posts small blind $0.02
Hero: posts big blind $0.05
*** HOLE CARDS ***
Dealt to 77ad8b5 
Dealt to 8b9ad39a 
Dealt to c140ba19 
Dealt to Hero [5h Js]
Dealt to 3c677231 
3c677231: folds
77ad8b5: folds
8b9ad39a: folds
c140ba19: folds
Uncalled bet ($0.03) returned to Hero
*** SHOWDOWN ***
Hero collected $0.04 from pot
*** SUMMARY ***
Total pot $0.04 | Rake $0 | Jackpot $0 | Bingo $0 | Fortune $0 | Tax $0
Seat 2: 77ad8b5 folded before Flop (didn't bet)
Seat 3: 8b9ad39a (button) folded before Flop (didn't bet)
Seat 4: c140ba19 (small blind) folded before Flop
Seat 5: Hero (big blind) collected ($0.04)
Seat 6: 3c677231 folded before Flop (didn't bet)


Poker Hand #HD1713602294: Hold'em No Limit ($0.02/$0.05) - 2024/04/03 12:21:36
Table 'NLHBlue14' 6-max Seat #2 is the button
Seat 2: 77ad8b5 ($11.75 in chips)
Seat 3: 8b9ad39a ($5.41 in chips)
Seat 4: c140ba19 ($6.74 in chips)
Seat 5: Hero ($5 in chips)
Seat 6: 3c677231 ($6.87 in chips)
8b9ad39a: posts small blind $0.02
c140ba19: posts big blind $0.05
*** HOLE CARDS ***
Dealt to 77ad8b5 
Dealt to 8b9ad39a 
Dealt to c140ba19 
Dealt to Hero [Tc 3s]
Dealt to 3c677231 
Hero: folds
3c677231: raises $0.08 to $0.13
77ad8b5: calls $0.13
8b9ad39a: folds
c140ba19: folds
*** FLOP *** [5h 5d 4c]
3c677231: bets $0.11
77ad8b5: calls $0.11
*** TURN *** [5h 5d 4c] [Qh]
3c677231: checks
77ad8b5: checks
*** RIVER *** [5h 5d 4c Qh] [Ks]
3c677231: bets $0.35
77ad8b5: folds
Uncalled bet ($0.35) returned to 3c677231
*** SHOWDOWN ***
3c677231 collected $0.53 from pot
*** SUMMARY ***
Total pot $0.55 | Rake $0.02 | Jackpot $0 | Bingo $0 | Fortune $0 | Tax $0
Board [5h 5d 4c Qh Ks]
Seat 2: 77ad8b5 (button) folded on the River
Seat 3: 8b9ad39a (small blind) folded before Flop
Seat 4: c140ba19 (big blind) folded before Flop
Seat 5: Hero folded before Flop (didn't bet)
Seat 6: 3c677231 won ($0.53)


Poker Hand #HD1713602252: Hold'em No Limit ($0.02/$0.05) - 2024/04/03 12:21:18
Table 'NLHBlue14' 6-max Seat #6 is the button
Seat 2: 77ad8b5 ($11.77 in chips)
Seat 3: 8b9ad39a ($5.39 in chips)
Seat 4: c140ba19 ($6.74 in chips)
Seat 5: Hero ($5 in chips)
Seat 6: 3c677231 ($6.87 in chips)
77ad8b5: posts small blind $0.02
8b9ad39a: posts big blind $0.05
*** HOLE CARDS ***
Dealt to 77ad8b5 
Dealt to 8b9ad39a 
Dealt to c140ba19 
Dealt to Hero [8c 4s]
Dealt to 3c677231 
c140ba19: folds
Hero: folds
3c677231: folds
77ad8b5: folds
Uncalled bet ($0.03) returned to 8b9ad39a
*** SHOWDOWN ***
8b9ad39a collected $0.04 from pot
*** SUMMARY ***
Total pot $0.04 | Rake $0 | Jackpot $0 | Bingo $0 | Fortune $0 | Tax $0
Seat 2: 77ad8b5 (small blind) folded before Flop
Seat 3: 8b9ad39a (big blind) collected ($0.04)
Seat 4: c140ba19 folded before Flop (didn't bet)
Seat 5: Hero folded before Flop (didn't bet)
Seat 6: 3c677231 (button) folded before Flop (didn't bet)


Poker Hand #HD1713602127: Hold'em No Limit ($0.02/$0.05) - 2024/04/03 12:20:04
Table 'NLHBlue14' 6-max Seat #5 is the button
Seat 2: 77ad8b5 ($11.95 in chips)
Seat 3: 8b9ad39a ($4.68 in chips)
Seat 4: c140ba19 ($6.74 in chips)
Seat 5: Hero ($5 in chips)
Seat 6: 3c677231 ($7.46 in chips)
3c677231: posts small blind $0.02
77ad8b5: posts big blind $0.05
*** HOLE CARDS ***
Dealt to 77ad8b5 
Dealt to 8b9ad39a 
Dealt to c140ba19 
Dealt to Hero [3c Js]
Dealt to 3c677231 
8b9ad39a: raises $0.08 to $0.13
c140ba19: folds
Hero: folds
3c677231: calls $0.11
77ad8b5: calls $0.08
*** FLOP *** [2h Kc 2d]
3c677231: checks
77ad8b5: checks
8b9ad39a: bets $0.05
3c677231: calls $0.05
77ad8b5: calls $0.05
*** TURN *** [2h Kc 2d] [Qd]
3c677231: checks
77ad8b5: checks
8b9ad39a: bets $0.41
3c677231: calls $0.41
77ad8b5: folds
*** RIVER *** [2h Kc 2d Qd] [6c]
3c677231: checks
8b9ad39a: bets $1.6
3c677231: folds
Uncalled bet ($1.6) returned to 8b9ad39a
*** SHOWDOWN ***
8b9ad39a collected $1.3 from pot
*** SUMMARY ***
Total pot $1.36 | Rake $0.06 | Jackpot $0 | Bingo $0 | Fortune $0 | Tax $0
Board [2h Kc 2d Qd 6c]
Seat 2: 77ad8b5 (big blind) folded on the Turn
Seat 3: 8b9ad39a won ($1.3)
Seat 4: c140ba19 folded before Flop (didn't bet)
Seat 5: Hero (button) folded before Flop (didn't bet)
Seat 6: 3c677231 (small blind) folded on the River


Poker Hand #HD1713602066: Hold'em No Limit ($0.02/$0.05) - 2024/04/03 12:19:20
Table 'NLHBlue14' 6-max Seat #4 is the button
Seat 1: 5f7a4367 ($5.07 in chips)
Seat 2: 77ad8b5 ($11.95 in chips)
Seat 3: 8b9ad39a ($4.68 in chips)
Seat 4: c140ba19 ($6.44 in chips)
Seat 5: Hero ($5 in chips)
Seat 6: 3c677231 ($7.77 in chips)
Hero: posts small blind $0.02
3c677231: posts big blind $0.05
*** HOLE CARDS ***
Dealt to 5f7a4367 
Dealt to 77ad8b5 
Dealt to 8b9ad39a 
Dealt to c140ba19 
Dealt to Hero [5h Qs]
Dealt to 3c677231 
5f7a4367: folds
77ad8b5: folds
8b9ad39a: folds
c140ba19: raises $0.1 to $0.15
Hero: folds
3c677231: calls $0.1
*** FLOP *** [Ks Th Ad]
3c677231: checks
c140ba19: checks
*** TURN *** [Ks Th Ad] [3h]
3c677231: checks
c140ba19: bets $0.16
3c677231: calls $0.16
*** RIVER *** [Ks Th Ad 3h] [5c]
3c677231: checks
c140ba19: checks
3c677231: shows [Jc Kh] (Pair of Kings)
c140ba19: shows [Ah 2h] (Pair of Aces)
*** SHOWDOWN ***
c140ba19 collected $0.61 from pot
*** SUMMARY ***
Total pot $0.64 | Rake $0.03 | Jackpot $0 | Bingo $0 | Fortune $0 | Tax $0
Board [Ks Th Ad 3h 5c]
Seat 1: 5f7a4367 folded before Flop (didn't bet)
Seat 2: 77ad8b5 folded before Flop (didn't bet)
Seat 3: 8b9ad39a folded before Flop (didn't bet)
Seat 4: c140ba19 (button) showed [Ah 2h] and won ($0.61) with Pair of Aces
Seat 5: Hero (small blind) folded before Flop
Seat 6: 3c677231 (big blind) showed [Jc Kh] and lost with Pair of Kings


Poker Hand #HD1713602037: Hold'em No Limit ($0.02/$0.05) - 2024/04/03 12:19:05
Table 'NLHBlue14' 6-max Seat #3 is the button
Seat 1: 5f7a4367 ($5.07 in chips)
Seat 2: 77ad8b5 ($11.95 in chips)
Seat 3: 8b9ad39a ($4.61 in chips)
Seat 4: c140ba19 ($6.46 in chips)
Seat 5: Hero ($5 in chips)
Seat 6: 3c677231 ($7.77 in chips)
c140ba19: posts small blind $0.02
Hero: posts big blind $0.05
*** HOLE CARDS ***
Dealt to 5f7a4367 
Dealt to 77ad8b5 
Dealt to 8b9ad39a 
Dealt to c140ba19 
Dealt to Hero [Jh 4h]
Dealt to 3c677231 
3c677231: folds
5f7a4367: folds
77ad8b5: folds
8b9ad39a: raises $0.1 to $0.15
c140ba19: folds
Hero: folds
Uncalled bet ($0.1) returned to 8b9ad39a
*** SHOWDOWN ***
8b9ad39a collected $0.12 from pot
*** SUMMARY ***
Total pot $0.12 | Rake $0 | Jackpot $0 | Bingo $0 | Fortune $0 | Tax $0
Seat 1: 5f7a4367 folded before Flop (didn't bet)
Seat 2: 77ad8b5 folded before Flop (didn't bet)
Seat 3: 8b9ad39a (button) collected ($0.12)
Seat 4: c140ba19 (small blind) folded before Flop
Seat 5: Hero (big blind) folded before Flop
Seat 6: 3c677231 folded before Flop (didn't bet)


Poker Hand #HD1713602005: Hold'em No Limit ($0.02/$0.05) - 2024/04/03 12:18:44
Table 'NLHBlue14' 6-max Seat #2 is the button
Seat 1: 5f7a4367 ($5 in chips)
Seat 2: 77ad8b5 ($11.95 in chips)
Seat 3: 8b9ad39a ($4.63 in chips)
Seat 4: c140ba19 ($6.51 in chips)
Seat 5: Hero ($5 in chips)
Seat 6: 3c677231 ($7.77 in chips)
8b9ad39a: posts small blind $0.02
c140ba19: posts big blind $0.05
*** HOLE CARDS ***
Dealt to 5f7a4367 
Dealt to 77ad8b5 
Dealt to 8b9ad39a 
Dealt to c140ba19 
Dealt to Hero [2c 6s]
Dealt to 3c677231 
Hero: folds
3c677231: folds
5f7a4367: raises $0.08 to $0.13
77ad8b5: folds
8b9ad39a: folds
c140ba19: folds
Uncalled bet ($0.08) returned to 5f7a4367
*** SHOWDOWN ***
5f7a4367 collected $0.12 from pot
*** SUMMARY ***
Total pot $0.12 | Rake $0 | Jackpot $0 | Bingo $0 | Fortune $0 | Tax $0
Seat 1: 5f7a4367 collected ($0.12)
Seat 2: 77ad8b5 (button) folded before Flop (didn't bet)
Seat 3: 8b9ad39a (small blind) folded before Flop
Seat 4: c140ba19 (big blind) folded before Flop
Seat 5: Hero folded before Flop (didn't bet)
Seat 6: 3c677231 folded before Flop (didn't bet)


Poker Hand #HD1713601914: Hold'em No Limit ($0.02/$0.05) - 2024/04/03 12:17:53
Table 'NLHBlue14' 6-max Seat #1 is the button
Seat 1: 5f7a4367 ($5 in chips)
Seat 2: 77ad8b5 ($11.97 in chips)
Seat 3: 8b9ad39a ($4.68 in chips)
Seat 4: c140ba19 ($6.66 in chips)
Seat 5: Hero ($6.05 in chips)
Seat 6: 3c677231 ($6.44 in chips)
77ad8b5: posts small blind $0.02
8b9ad39a: posts big blind $0.05
*** HOLE CARDS ***
Dealt to 5f7a4367 
Dealt to 77ad8b5 
Dealt to 8b9ad39a 
Dealt to c140ba19 
Dealt to Hero [Ks As]
Dealt to 3c677231 
c140ba19: raises $0.1 to $0.15
Hero: raises $0.3 to $0.45
3c677231: raises $0.84 to $1.29
5f7a4367: folds
77ad8b5: folds
8b9ad39a: folds
c140ba19: folds
Hero: calls $0.84
*** FLOP *** [Jd 4d 7s]
Hero: checks
3c677231: bets $5.15 and is all-in
Hero: folds
Uncalled bet ($5.15) returned to 3c677231
*** SHOWDOWN ***
3c677231 collected $2.62 from pot
*** SUMMARY ***
Total pot $2.8 | Rake $0.13 | Jackpot $0.05 | Bingo $0 | Fortune $0 | Tax $0
Board [Jd 4d 7s]
Seat 1: 5f7a4367 (button) folded before Flop (didn't bet)
Seat 2: 77ad8b5 (small blind) folded before Flop
Seat 3: 8b9ad39a (big blind) folded before Flop
Seat 4: c140ba19 folded before Flop
Seat 5: Hero folded on the Flop
Seat 6: 3c677231 won ($2.62)


Poker Hand #HD1713601893: Hold'em No Limit ($0.02/$0.05) - 2024/04/03 12:17:41
Table 'NLHBlue14' 6-max Seat #6 is the button
Seat 1: 5f7a4367 ($5 in chips)
Seat 2: 77ad8b5 ($12.02 in chips)
Seat 3: 8b9ad39a ($4.68 in chips)
Seat 4: c140ba19 ($6.66 in chips)
Seat 5: Hero ($6.05 in chips)
Seat 6: 3c677231 ($6.37 in chips)
5f7a4367: posts small blind $0.02
77ad8b5: posts big blind $0.05
*** HOLE CARDS ***
Dealt to 5f7a4367 
Dealt to 77ad8b5 
Dealt to 8b9ad39a 
Dealt to c140ba19 
Dealt to Hero [Td 8h]
Dealt to 3c677231 
8b9ad39a: folds
c140ba19: folds
Hero: folds
3c677231: raises $0.08 to $0.13
5f7a4367: folds
77ad8b5: folds
Uncalled bet ($0.08) returned to 3c677231
*** SHOWDOWN ***
3c677231 collected $0.12 from pot
*** SUMMARY ***
Total pot $0.12 | Rake $0 | Jackpot $0 | Bingo $0 | Fortune $0 | Tax $0
Seat 1: 5f7a4367 (small blind) folded before Flop
Seat 2: 77ad8b5 (big blind) folded before Flop
Seat 3: 8b9ad39a folded before Flop (didn't bet)
Seat 4: c140ba19 folded before Flop (didn't bet)
Seat 5: Hero folded before Flop (didn't bet)
Seat 6: 3c677231 (button) collected ($0.12)


Poker Hand #HD1713601870: Hold'em No Limit ($0.02/$0.05) - 2024/04/03 12:17:26
Table 'NLHBlue14' 6-max Seat #5 is the button
Seat 1: 5f7a4367 ($5 in chips)
Seat 2: 77ad8b5 ($12.02 in chips)
Seat 3: 8b9ad39a ($4.68 in chips)
Seat 4: c140ba19 ($6.59 in chips)
Seat 5: Hero ($6.05 in chips)
Seat 6: 3c677231 ($6.39 in chips)
3c677231: posts small blind $0.02
5f7a4367: posts big blind $0.05
*** HOLE CARDS ***
Dealt to 5f7a4367 
Dealt to 77ad8b5 
Dealt to 8b9ad39a 
Dealt to c140ba19 
Dealt to Hero [8h 7d]
Dealt to 3c677231 
77ad8b5: folds
8b9ad39a: folds
c140ba19: raises $0.1 to $0.15
Hero: folds
3c677231: folds
5f7a4367: folds
Uncalled bet ($0.1) returned to c140ba19
*** SHOWDOWN ***
c140ba19 collected $0.12 from pot
*** SUMMARY ***
Total pot $0.12 | Rake $0 | Jackpot $0 | Bingo $0 | Fortune $0 | Tax $0
Seat 1: 5f7a4367 (big blind) folded before Flop
Seat 2: 77ad8b5 folded before Flop (didn't bet)
Seat 3: 8b9ad39a folded before Flop (didn't bet)
Seat 4: c140ba19 collected ($0.12)
Seat 5: Hero (button) folded before Flop (didn't bet)
Seat 6: 3c677231 (small blind) folded before Flop


Poker Hand #HD1713601802: Hold'em No Limit ($0.02/$0.05) - 2024/04/03 12:16:41
Table 'NLHBlue14' 6-max Seat #4 is the button
Seat 1: 5f7a4367 ($5 in chips)
Seat 2: 77ad8b5 ($12.14 in chips)
Seat 3: 8b9ad39a ($4.8 in chips)
Seat 4: c140ba19 ($6.59 in chips)
Seat 5: Hero ($5.78 in chips)
Seat 6: 3c677231 ($6.44 in chips)
Hero: posts small blind $0.02
3c677231: posts big blind $0.05
*** HOLE CARDS ***
Dealt to 5f7a4367 
Dealt to 77ad8b5 
Dealt to 8b9ad39a 
Dealt to c140ba19 
Dealt to Hero [Jh Ac]
Dealt to 3c677231 
5f7a4367: folds
77ad8b5: raises $0.07 to $0.12
8b9ad39a: calls $0.12
c140ba19: folds
Hero: raises $0.53 to $0.65
3c677231: folds
77ad8b5: folds
8b9ad39a: folds
Uncalled bet ($0.53) returned to Hero
*** SHOWDOWN ***
Hero collected $0.39 from pot
*** SUMMARY ***
Total pot $0.41 | Rake $0.02 | Jackpot $0 | Bingo $0 | Fortune $0 | Tax $0
Seat 1: 5f7a4367 folded before Flop (didn't bet)
Seat 2: 77ad8b5 folded before Flop
Seat 3: 8b9ad39a folded before Flop
Seat 4: c140ba19 (button) folded before Flop (didn't bet)
Seat 5: Hero (small blind) collected ($0.39)
Seat 6: 3c677231 (big blind) folded before Flop


Poker Hand #HD1713601730: Hold'em No Limit ($0.02/$0.05) - 2024/04/03 12:15:57
Table 'NLHBlue14' 6-max Seat #3 is the button
Seat 1: 5f7a4367 ($5 in chips)
Seat 2: 77ad8b5 ($12.14 in chips)
Seat 3: 8b9ad39a ($4.8 in chips)
Seat 4: c140ba19 ($6.61 in chips)
Seat 5: Hero ($5.43 in chips)
Seat 6: 3c677231 ($6.44 in chips)
c140ba19: posts small blind $0.02
Hero: posts big blind $0.05
*** HOLE CARDS ***
Dealt to 5f7a4367 
Dealt to 77ad8b5 
Dealt to 8b9ad39a 
Dealt to c140ba19 
Dealt to Hero [Qc Ts]
Dealt to 3c677231 
3c677231: folds
5f7a4367: raises $0.08 to $0.13
77ad8b5: folds
8b9ad39a: folds
c140ba19: folds
Hero: calls $0.08
*** FLOP *** [Qd 8h 4d]
Hero: checks
5f7a4367: checks
*** TURN *** [Qd 8h 4d] [Kc]
Hero: checks
5f7a4367: bets $0.23
Hero: calls $0.23
*** RIVER *** [Qd 8h 4d Kc] [6h]
Hero: checks
5f7a4367: checks
Hero: shows [Qc Ts] (Pair of Queens)
5f7a4367: shows [3c Ac] (Ace-High)
*** SHOWDOWN ***
Hero collected $0.71 from pot
*** SUMMARY ***
Total pot $0.74 | Rake $0.03 | Jackpot $0 | Bingo $0 | Fortune $0 | Tax $0
Board [Qd 8h 4d Kc 6h]
Seat 1: 5f7a4367 showed [3c Ac] and lost with Ace-High
Seat 2: 77ad8b5 folded before Flop (didn't bet)
Seat 3: 8b9ad39a (button) folded before Flop (didn't bet)
Seat 4: c140ba19 (small blind) folded before Flop
Seat 5: Hero (big blind) showed [Qc Ts] and won ($0.71) with Pair of Queens
Seat 6: 3c677231 folded before Flop (didn't bet)


Poker Hand #HD1713601706: Hold'em No Limit ($0.02/$0.05) - 2024/04/03 12:15:45
Table 'NLHBlue14' 6-max Seat #2 is the button
Seat 1: 5f7a4367 ($5 in chips)
Seat 2: 77ad8b5 ($12.14 in chips)
Seat 3: 8b9ad39a ($4.82 in chips)
Seat 4: c140ba19 ($6.66 in chips)
Seat 5: Hero ($5.36 in chips)
Seat 6: 3c677231 ($6.44 in chips)
8b9ad39a: posts small blind $0.02
c140ba19: posts big blind $0.05
*** HOLE CARDS ***
Dealt to 5f7a4367 
Dealt to 77ad8b5 
Dealt to 8b9ad39a 
Dealt to c140ba19 
Dealt to Hero [Th Tc]
Dealt to 3c677231 
Hero: raises $0.05 to $0.1
3c677231: folds
5f7a4367: folds
77ad8b5: folds
8b9ad39a: folds
c140ba19: folds
Uncalled bet ($0.05) returned to Hero
*** SHOWDOWN ***
Hero collected $0.12 from pot
*** SUMMARY ***
Total pot $0.12 | Rake $0 | Jackpot $0 | Bingo $0 | Fortune $0 | Tax $0
Seat 1: 5f7a4367 folded before Flop (didn't bet)
Seat 2: 77ad8b5 (button) folded before Flop (didn't bet)
Seat 3: 8b9ad39a (small blind) folded before Flop
Seat 4: c140ba19 (big blind) folded before Flop
Seat 5: Hero collected ($0.12)
Seat 6: 3c677231 folded before Flop (didn't bet)


Poker Hand #HD1713601666: Hold'em No Limit ($0.02/$0.05) - 2024/04/03 12:15:24
Table 'NLHBlue14' 6-max Seat #1 is the button
Seat 1: 5f7a4367 ($5 in chips)
Seat 2: 77ad8b5 ($12.16 in chips)
Seat 3: 8b9ad39a ($4.87 in chips)
Seat 4: c140ba19 ($6.59 in chips)
Seat 5: Hero ($5.36 in chips)
Seat 6: 3c677231 ($6.44 in chips)
77ad8b5: posts small blind $0.02
8b9ad39a: posts big blind $0.05
*** HOLE CARDS ***
Dealt to 5f7a4367 
Dealt to 77ad8b5 
Dealt to 8b9ad39a 
Dealt to c140ba19 
Dealt to Hero [Kd Th]
Dealt to 3c677231 
c140ba19: raises $0.1 to $0.15
Hero: folds
3c677231: folds
5f7a4367: folds
77ad8b5: folds
8b9ad39a: folds
Uncalled bet ($0.1) returned to c140ba19
*** SHOWDOWN ***
c140ba19 collected $0.12 from pot
*** SUMMARY ***
Total pot $0.12 | Rake $0 | Jackpot $0 | Bingo $0 | Fortune $0 | Tax $0
Seat 1: 5f7a4367 (button) folded before Flop (didn't bet)
Seat 2: 77ad8b5 (small blind) folded before Flop
Seat 3: 8b9ad39a (big blind) folded before Flop
Seat 4: c140ba19 collected ($0.12)
Seat 5: Hero folded before Flop (didn't bet)
Seat 6: 3c677231 folded before Flop (didn't bet)


Poker Hand #HD1713601579: Hold'em No Limit ($0.02/$0.05) - 2024/04/03 12:14:34
Table 'NLHBlue14' 6-max Seat #6 is the button
Seat 1: 5f7a4367 ($5.31 in chips)
Seat 2: 77ad8b5 ($11.51 in chips)
Seat 3: 8b9ad39a ($4.87 in chips)
Seat 4: c140ba19 ($6.59 in chips)
Seat 5: Hero ($5.36 in chips)
Seat 6: 3c677231 ($6.44 in chips)
5f7a4367: posts small blind $0.02
77ad8b5: posts big blind $0.05
*** HOLE CARDS ***
Dealt to 5f7a4367 
Dealt to 77ad8b5 
Dealt to 8b9ad39a 
Dealt to c140ba19 
Dealt to Hero [7c 6h]
Dealt to 3c677231 
8b9ad39a: folds
c140ba19: folds
Hero: folds
3c677231: folds
5f7a4367: raises $0.05 to $0.1
77ad8b5: calls $0.05
*** FLOP *** [4c 2c 9h]
5f7a4367: checks
77ad8b5: bets $0.12
5f7a4367: raises $0.55 to $0.67
77ad8b5: calls $0.55
*** TURN *** [4c 2c 9h] [5s]
5f7a4367: checks
77ad8b5: bets $1.24
5f7a4367: folds
Uncalled bet ($1.24) returned to 77ad8b5
*** SHOWDOWN ***
77ad8b5 collected $1.42 from pot
*** SUMMARY ***
Total pot $1.54 | Rake $0.07 | Jackpot $0.05 | Bingo $0 | Fortune $0 | Tax $0
Board [4c 2c 9h 5s]
Seat 1: 5f7a4367 (small blind) folded on the Turn
Seat 2: 77ad8b5 (big blind) won ($1.42)
Seat 3: 8b9ad39a folded before Flop (didn't bet)
Seat 4: c140ba19 folded before Flop (didn't bet)
Seat 5: Hero folded before Flop (didn't bet)
Seat 6: 3c677231 (button) folded before Flop (didn't bet)


Poker Hand #HD1713601503: Hold'em No Limit ($0.02/$0.05) - 2024/04/03 12:13:55
Table 'NLHBlue14' 6-max Seat #5 is the button
Seat 1: 5f7a4367 ($5.19 in chips)
Seat 2: 77ad8b5 ($11.51 in chips)
Seat 3: 8b9ad39a ($4.87 in chips)
Seat 4: c140ba19 ($6.59 in chips)
Seat 5: Hero ($5.36 in chips)
Seat 6: 3c677231 ($6.57 in chips)
3c677231: posts small blind $0.02
5f7a4367: posts big blind $0.05
*** HOLE CARDS ***
Dealt to 5f7a4367 
Dealt to 77ad8b5 
Dealt to 8b9ad39a 
Dealt to c140ba19 
Dealt to Hero [5d 7h]
Dealt to 3c677231 
77ad8b5: folds
8b9ad39a: folds
c140ba19: folds
Hero: folds
3c677231: raises $0.08 to $0.13
5f7a4367: calls $0.08
*** FLOP *** [6h Qh Jc]
3c677231: checks
5f7a4367: bets $0.21
3c677231: folds
Uncalled bet ($0.21) returned to 5f7a4367
*** SHOWDOWN ***
5f7a4367 collected $0.25 from pot
*** SUMMARY ***
Total pot $0.26 | Rake $0.01 | Jackpot $0 | Bingo $0 | Fortune $0 | Tax $0
Board [6h Qh Jc]
Seat 1: 5f7a4367 (big blind) won ($0.25)
Seat 2: 77ad8b5 folded before Flop (didn't bet)
Seat 3: 8b9ad39a folded before Flop (didn't bet)
Seat 4: c140ba19 folded before Flop (didn't bet)
Seat 5: Hero (button) folded before Flop (didn't bet)
Seat 6: 3c677231 (small blind) folded on the Flop


Poker Hand #HD1713601435: Hold'em No Limit ($0.02/$0.05) - 2024/04/03 12:13:14
Table 'NLHBlue14' 6-max Seat #4 is the button
Seat 1: 5f7a4367 ($5 in chips)
Seat 2: 77ad8b5 ($11.51 in chips)
Seat 3: 8b9ad39a ($5 in chips)
Seat 4: c140ba19 ($6.59 in chips)
Seat 5: Hero ($5.38 in chips)
Seat 6: 3c677231 ($6.62 in chips)
Hero: posts small blind $0.02
3c677231: posts big blind $0.05
*** HOLE CARDS ***
Dealt to 5f7a4367 
Dealt to 77ad8b5 
Dealt to 8b9ad39a 
Dealt to c140ba19 
Dealt to Hero [2s 6d]
Dealt to 3c677231 
5f7a4367: raises $0.08 to $0.13
77ad8b5: folds
8b9ad39a: calls $0.13
c140ba19: folds
Hero: folds
3c677231: folds
*** FLOP *** [8c Tc Ad]
5f7a4367: bets $0.27
8b9ad39a: folds
Uncalled bet ($0.27) returned to 5f7a4367
*** SHOWDOWN ***
5f7a4367 collected $0.32 from pot
*** SUMMARY ***
Total pot $0.33 | Rake $0.01 | Jackpot $0 | Bingo $0 | Fortune $0 | Tax $0
Board [8c Tc Ad]
Seat 1: 5f7a4367 won ($0.32)
Seat 2: 77ad8b5 folded before Flop (didn't bet)
Seat 3: 8b9ad39a folded on the Flop
Seat 4: c140ba19 (button) folded before Flop (didn't bet)
Seat 5: Hero (small blind) folded before Flop
Seat 6: 3c677231 (big blind) folded before Flop


Poker Hand #HD1713601410: Hold'em No Limit ($0.02/$0.05) - 2024/04/03 12:13:02
Table 'NLHBlue14' 6-max Seat #3 is the button
Seat 1: 5f7a4367 ($5 in chips)
Seat 2: 77ad8b5 ($11.51 in chips)
Seat 3: 8b9ad39a ($5 in chips)
Seat 4: c140ba19 ($6.61 in chips)
Seat 5: Hero ($5.36 in chips)
Seat 6: 3c677231 ($6.62 in chips)
c140ba19: posts small blind $0.02
Hero: posts big blind $0.05
*** HOLE CARDS ***
Dealt to 5f7a4367 
Dealt to 77ad8b5 
Dealt to 8b9ad39a 
Dealt to c140ba19 
Dealt to Hero [3s 7h]
Dealt to 3c677231 
3c677231: folds
5f7a4367: folds
77ad8b5: folds
8b9ad39a: folds
c140ba19: folds
Uncalled bet ($0.03) returned to Hero
*** SHOWDOWN ***
Hero collected $0.04 from pot
*** SUMMARY ***
Total pot $0.04 | Rake $0 | Jackpot $0 | Bingo $0 | Fortune $0 | Tax $0
Seat 1: 5f7a4367 folded before Flop (didn't bet)
Seat 2: 77ad8b5 folded before Flop (didn't bet)
Seat 3: 8b9ad39a (button) folded before Flop (didn't bet)
Seat 4: c140ba19 (small blind) folded before Flop
Seat 5: Hero (big blind) collected ($0.04)
Seat 6: 3c677231 folded before Flop (didn't bet)


Poker Hand #HD1713601306: Hold'em No Limit ($0.02/$0.05) - 2024/04/03 12:12:09
Table 'NLHBlue14' 6-max Seat #2 is the button
Seat 1: 5f7a4367 ($5 in chips)
Seat 2: 77ad8b5 ($11.83 in chips)
Seat 3: 8b9ad39a ($5.02 in chips)
Seat 4: c140ba19 ($6.66 in chips)
Seat 5: Hero ($5 in chips)
Seat 6: 3c677231 ($6.62 in chips)
8b9ad39a: posts small blind $0.02
c140ba19: posts big blind $0.05
*** HOLE CARDS ***
Dealt to 5f7a4367 
Dealt to 77ad8b5 
Dealt to 8b9ad39a 
Dealt to c140ba19 
Dealt to Hero [Ad 5d]
Dealt to 3c677231 
Hero: raises $0.05 to $0.1
3c677231: folds
5f7a4367: folds
77ad8b5: calls $0.1
8b9ad39a: folds
c140ba19: folds
*** FLOP *** [8s 8c Jc]
Hero: checks
77ad8b5: checks
*** TURN *** [8s 8c Jc] [Kh]
Hero: checks
77ad8b5: checks
*** RIVER *** [8s 8c Jc Kh] [Kc]
Hero: checks
77ad8b5: bets $0.22
Hero: calls $0.22
77ad8b5: shows [5h 5c] (Pair of Kings and Pair of Eights)
Hero: shows [Ad 5d] (Pair of Kings and Pair of Eights)
*** SHOWDOWN ***
Hero collected $0.68 from pot
*** SUMMARY ***
Total pot $0.71 | Rake $0.03 | Jackpot $0 | Bingo $0 | Fortune $0 | Tax $0
Board [8s 8c Jc Kh Kc]
Seat 1: 5f7a4367 folded before Flop (didn't bet)
Seat 2: 77ad8b5 (button) showed [5h 5c] and lost with Pair of Kings and Pair of Eights
Seat 3: 8b9ad39a (small blind) folded before Flop
Seat 4: c140ba19 (big blind) folded before Flop
Seat 5: Hero showed [Ad 5d] and won ($0.68) with Pair of Kings and Pair of Eights
Seat 6: 3c677231 folded before Flop (didn't bet)


Poker Hand #HD1713601279: Hold'em No Limit ($0.02/$0.05) - 2024/04/03 12:11:55
Table 'NLHBlue14' 6-max Seat #1 is the button
Seat 1: 5f7a4367 ($5 in chips)
Seat 2: 77ad8b5 ($11.85 in chips)
Seat 3: 8b9ad39a ($5 in chips)
Seat 4: c140ba19 ($6.66 in chips)
Seat 5: Hero ($5 in chips)
Seat 6: 3c677231 ($6.62 in chips)
77ad8b5: posts small blind $0.02
8b9ad39a: posts big blind $0.05
*** HOLE CARDS ***
Dealt to 5f7a4367 
Dealt to 77ad8b5 
Dealt to 8b9ad39a 
Dealt to c140ba19 
Dealt to Hero [4s Js]
Dealt to 3c677231 
c140ba19: folds
Hero: folds
3c677231: folds
5f7a4367: folds
77ad8b5: folds
Uncalled bet ($0.03) returned to 8b9ad39a
*** SHOWDOWN ***
8b9ad39a collected $0.04 from pot
*** SUMMARY ***
Total pot $0.04 | Rake $0 | Jackpot $0 | Bingo $0 | Fortune $0 | Tax $0
Seat 1: 5f7a4367 (button) folded before Flop (didn't bet)
Seat 2: 77ad8b5 (small blind) folded before Flop
Seat 3: 8b9ad39a (big blind) collected ($0.04)
Seat 4: c140ba19 folded before Flop (didn't bet)
Seat 5: Hero folded before Flop (didn't bet)
Seat 6: 3c677231 folded before Flop (didn't bet)


Poker Hand #HD1713601260: Hold'em No Limit ($0.02/$0.05) - 2024/04/03 12:11:45
Table 'NLHBlue14' 6-max Seat #6 is the button
Seat 1: 5f7a4367 ($5 in chips)
Seat 2: 77ad8b5 ($11.9 in chips)
Seat 4: c140ba19 ($6.66 in chips)
Seat 5: Hero ($5 in chips)
Seat 6: 3c677231 ($6.55 in chips)
5f7a4367: posts small blind $0.02
77ad8b5: posts big blind $0.05
*** HOLE CARDS ***
Dealt to 5f7a4367 
Dealt to 77ad8b5 
Dealt to c140ba19 
Dealt to Hero [5d 4d]
Dealt to 3c677231 
c140ba19: folds
Hero: folds
3c677231: raises $0.08 to $0.13
5f7a4367: folds
77ad8b5: folds
Uncalled bet ($0.08) returned to 3c677231
*** SHOWDOWN ***
3c677231 collected $0.12 from pot
*** SUMMARY ***
Total pot $0.12 | Rake $0 | Jackpot $0 | Bingo $0 | Fortune $0 | Tax $0
Seat 1: 5f7a4367 (small blind) folded before Flop
Seat 2: 77ad8b5 (big blind) folded before Flop
Seat 4: c140ba19 folded before Flop (didn't bet)
Seat 5: Hero folded before Flop (didn't bet)
Seat 6: 3c677231 (button) collected ($0.12)


Poker Hand #HD1713601225: Hold'em No Limit ($0.02/$0.05) - 2024/04/03 12:11:25
Table 'NLHBlue14' 6-max Seat #5 is the button
Seat 1: 5f7a4367 ($5 in chips)
Seat 2: 77ad8b5 ($11.9 in chips)
Seat 4: c140ba19 ($6.66 in chips)
Seat 5: Hero ($5 in chips)
Seat 6: 3c677231 ($6.38 in chips)
3c677231: posts small blind $0.02
5f7a4367: posts big blind $0.05
*** HOLE CARDS ***
Dealt to 5f7a4367 
Dealt to 77ad8b5 
Dealt to c140ba19 
Dealt to Hero [7s Ks]
Dealt to 3c677231 
77ad8b5: folds
c140ba19: folds
Hero: raises $0.08 to $0.13
3c677231: raises $0.22 to $0.35
5f7a4367: folds
Hero: folds
Uncalled bet ($0.22) returned to 3c677231
*** SHOWDOWN ***
3c677231 collected $0.3 from pot
*** SUMMARY ***
Total pot $0.31 | Rake $0.01 | Jackpot $0 | Bingo $0 | Fortune $0 | Tax $0
Seat 1: 5f7a4367 (big blind) folded before Flop
Seat 2: 77ad8b5 folded before Flop (didn't bet)
Seat 4: c140ba19 folded before Flop (didn't bet)
Seat 5: Hero (button) folded before Flop
Seat 6: 3c677231 (small blind) collected ($0.3)


Poker Hand #HD1713601056: Hold'em No Limit ($0.02/$0.05) - 2024/04/03 12:09:46
Table 'NLHBlue14' 6-max Seat #4 is the button
Seat 1: 5f7a4367 ($5 in chips)
Seat 2: 77ad8b5 ($11.9 in chips)
Seat 3: fb1ececc ($2.65 in chips)
Seat 4: c140ba19 ($4.13 in chips)
Seat 5: Hero ($5.02 in chips)
Seat 6: 3c677231 ($6.43 in chips)
Hero: posts small blind $0.02
3c677231: posts big blind $0.05
*** HOLE CARDS ***
Dealt to 5f7a4367 
Dealt to 77ad8b5 
Dealt to fb1ececc 
Dealt to c140ba19 
Dealt to Hero [8s 7d]
Dealt to 3c677231 
5f7a4367: raises $0.08 to $0.13
77ad8b5: folds
fb1ececc: raises $0.25 to $0.38
c140ba19: raises $0.64 to $1.02
Hero: folds
3c677231: folds
5f7a4367: folds
fb1ececc: calls $0.64
*** FLOP *** [7s 3c 2s]
fb1ececc: checks
c140ba19: bets $1.68
fb1ececc: calls $1.63 and is all-in
Uncalled bet ($0.05) returned to c140ba19
c140ba19: shows [Ah Ac] (Pair of Aces)
fb1ececc: shows [Ad Qs] (Ace-High)
*** TURN *** [7s 3c 2s] [5d]
*** RIVER *** [7s 3c 2s 5d] [6s]
*** SHOWDOWN ***
c140ba19 collected $5.18 from pot
*** SUMMARY ***
Total pot $5.5 | Rake $0.27 | Jackpot $0.05 | Bingo $0 | Fortune $0 | Tax $0
Board [7s 3c 2s 5d 6s]
Seat 1: 5f7a4367 folded before Flop
Seat 2: 77ad8b5 folded before Flop (didn't bet)
Seat 3: fb1ececc showed [Ad Qs] and lost with Ace-High
Seat 4: c140ba19 (button) showed [Ah Ac] and won ($5.18) with Pair of Aces
Seat 5: Hero (small blind) folded before Flop
Seat 6: 3c677231 (big blind) folded before Flop


Poker Hand #HD1713600918: Hold'em No Limit ($0.02/$0.05) - 2024/04/03 12:08:30
Table 'NLHBlue14' 6-max Seat #3 is the button
Seat 1: 5f7a4367 ($5 in chips)
Seat 2: 77ad8b5 ($12.23 in chips)
Seat 3: fb1ececc ($2.19 in chips)
Seat 4: c140ba19 ($4.25 in chips)
Seat 5: Hero ($5.07 in chips)
Seat 6: 3c677231 ($6.43 in chips)
c140ba19: posts small blind $0.02
Hero: posts big blind $0.05
*** HOLE CARDS ***
Dealt to 5f7a4367 
Dealt to 77ad8b5 
Dealt to fb1ececc 
Dealt to c140ba19 
Dealt to Hero [Qc 5s]
Dealt to 3c677231 
3c677231: folds
5f7a4367: folds
77ad8b5: raises $0.07 to $0.12
fb1ececc: calls $0.12
c140ba19: calls $0.1
Hero: folds
*** FLOP *** [2c Th 9c]
c140ba19: checks
77ad8b5: checks
fb1ececc: bets $0.21
c140ba19: folds
77ad8b5: calls $0.21
*** TURN *** [2c Th 9c] [7s]
77ad8b5: checks
fb1ececc: checks
*** RIVER *** [2c Th 9c 7s] [2h]
77ad8b5: checks
fb1ececc: checks
77ad8b5: shows [Kd Ah] (Pair of Twos)
fb1ececc: shows [8s 8h] (Pair of Eights and Pair of Twos)
*** SHOWDOWN ***
fb1ececc collected $0.79 from pot
*** SUMMARY ***
Total pot $0.83 | Rake $0.04 | Jackpot $0 | Bingo $0 | Fortune $0 | Tax $0
Board [2c Th 9c 7s 2h]
Seat 1: 5f7a4367 folded before Flop (didn't bet)
Seat 2: 77ad8b5 showed [Kd Ah] and lost with Pair of Twos
Seat 3: fb1ececc (button) showed [8s 8h] and won ($0.79) with Pair of Eights and Pair of Twos
Seat 4: c140ba19 (small blind) folded on the Flop
Seat 5: Hero (big blind) folded before Flop
Seat 6: 3c677231 folded before Flop (didn't bet)


Poker Hand #HD1713600883: Hold'em No Limit ($0.02/$0.05) - 2024/04/03 12:08:13
Table 'NLHBlue14' 6-max Seat #2 is the button
Seat 1: 5f7a4367 ($5 in chips)
Seat 2: 77ad8b5 ($12.23 in chips)
Seat 3: fb1ececc ($2.21 in chips)
Seat 4: c140ba19 ($4.23 in chips)
Seat 5: Hero ($5.07 in chips)
Seat 6: 3c677231 ($6.43 in chips)
fb1ececc: posts small blind $0.02
c140ba19: posts big blind $0.05
*** HOLE CARDS ***
Dealt to 5f7a4367 
Dealt to 77ad8b5 
Dealt to fb1ececc 
Dealt to c140ba19 
Dealt to Hero [Qc Td]
Dealt to 3c677231 
Hero: folds
3c677231: folds
5f7a4367: folds
77ad8b5: folds
fb1ececc: folds
Uncalled bet ($0.03) returned to c140ba19
*** SHOWDOWN ***
c140ba19 collected $0.04 from pot
*** SUMMARY ***
Total pot $0.04 | Rake $0 | Jackpot $0 | Bingo $0 | Fortune $0 | Tax $0
Seat 1: 5f7a4367 folded before Flop (didn't bet)
Seat 2: 77ad8b5 (button) folded before Flop (didn't bet)
Seat 3: fb1ececc (small blind) folded before Flop
Seat 4: c140ba19 (big blind) collected ($0.04)
Seat 5: Hero folded before Flop (didn't bet)
Seat 6: 3c677231 folded before Flop (didn't bet)


Poker Hand #HD1713600760: Hold'em No Limit ($0.02/$0.05) - 2024/04/03 12:07:07
Table 'NLHBlue14' 6-max Seat #1 is the button
Seat 1: 5f7a4367 ($5.07 in chips)
Seat 2: 77ad8b5 ($11.81 in chips)
Seat 3: fb1ececc ($2.34 in chips)
Seat 4: c140ba19 ($4.23 in chips)
Seat 5: Hero ($5.07 in chips)
Seat 6: 3c677231 ($6.43 in chips)
77ad8b5: posts small blind $0.02
fb1ececc: posts big blind $0.05
*** HOLE CARDS ***
Dealt to 5f7a4367 
Dealt to 77ad8b5 
Dealt to fb1ececc 
Dealt to c140ba19 
Dealt to Hero [6c Ts]
Dealt to 3c677231 
c140ba19: folds
Hero: folds
3c677231: folds
5f7a4367: raises $0.08 to $0.13
77ad8b5: calls $0.11
fb1ececc: calls $0.08
*** FLOP *** [Qc 2h Jc]
77ad8b5: checks
fb1ececc: checks
5f7a4367: bets $0.2
77ad8b5: calls $0.2
fb1ececc: folds
*** TURN *** [Qc 2h Jc] [Kc]
77ad8b5: checks
5f7a4367: checks
*** RIVER *** [Qc 2h Jc Kc] [2c]
77ad8b5: bets $0.64
5f7a4367: folds
Uncalled bet ($0.64) returned to 77ad8b5
*** SHOWDOWN ***
77ad8b5 collected $0.75 from pot
*** SUMMARY ***
Total pot $0.79 | Rake $0.04 | Jackpot $0 | Bingo $0 | Fortune $0 | Tax $0
Board [Qc 2h Jc Kc 2c]
Seat 1: 5f7a4367 (button) folded on the River
Seat 2: 77ad8b5 (small blind) won ($0.75)
Seat 3: fb1ececc (big blind) folded on the Flop
Seat 4: c140ba19 folded before Flop (didn't bet)
Seat 5: Hero folded before Flop (didn't bet)
Seat 6: 3c677231 folded before Flop (didn't bet)


Poker Hand #HD1713600724: Hold'em No Limit ($0.02/$0.05) - 2024/04/03 12:06:48
Table 'NLHBlue14' 6-max Seat #6 is the button
Seat 1: 5f7a4367 ($5.09 in chips)
Seat 2: 77ad8b5 ($11.86 in chips)
Seat 4: c140ba19 ($4.23 in chips)
Seat 5: Hero ($5.07 in chips)
Seat 6: 3c677231 ($6.36 in chips)
5f7a4367: posts small blind $0.02
77ad8b5: posts big blind $0.05
*** HOLE CARDS ***
Dealt to 5f7a4367 
Dealt to 77ad8b5 
Dealt to c140ba19 
Dealt to Hero [5d Ac]
Dealt to 3c677231 
c140ba19: folds
Hero: folds
3c677231: raises $0.08 to $0.13
5f7a4367: folds
77ad8b5: folds
Uncalled bet ($0.08) returned to 3c677231
*** SHOWDOWN ***
3c677231 collected $0.12 from pot
*** SUMMARY ***
Total pot $0.12 | Rake $0 | Jackpot $0 | Bingo $0 | Fortune $0 | Tax $0
Seat 1: 5f7a4367 (small blind) folded before Flop
Seat 2: 77ad8b5 (big blind) folded before Flop
Seat 4: c140ba19 folded before Flop (didn't bet)
Seat 5: Hero folded before Flop (didn't bet)
Seat 6: 3c677231 (button) collected ($0.12)


Poker Hand #HD1713600703: Hold'em No Limit ($0.02/$0.05) - 2024/04/03 12:06:40
Table 'NLHBlue14' 6-max Seat #5 is the button
Seat 1: 5f7a4367 ($5.07 in chips)
Seat 2: 77ad8b5 ($11.86 in chips)
Seat 4: c140ba19 ($4.23 in chips)
Seat 5: Hero ($5.07 in chips)
Seat 6: 3c677231 ($6.38 in chips)
3c677231: posts small blind $0.02
5f7a4367: posts big blind $0.05
*** HOLE CARDS ***
Dealt to 5f7a4367 
Dealt to 77ad8b5 
Dealt to c140ba19 
Dealt to Hero [Ts 6c]
Dealt to 3c677231 
77ad8b5: folds
c140ba19: folds
Hero: folds
3c677231: folds
Uncalled bet ($0.03) returned to 5f7a4367
*** SHOWDOWN ***
5f7a4367 collected $0.04 from pot
*** SUMMARY ***
Total pot $0.04 | Rake $0 | Jackpot $0 | Bingo $0 | Fortune $0 | Tax $0
Seat 1: 5f7a4367 (big blind) collected ($0.04)
Seat 2: 77ad8b5 folded before Flop (didn't bet)
Seat 4: c140ba19 folded before Flop (didn't bet)
Seat 5: Hero (button) folded before Flop (didn't bet)
Seat 6: 3c677231 (small blind) folded before Flop


Poker Hand #HD1713600680: Hold'em No Limit ($0.02/$0.05) - 2024/04/03 12:06:31
Table 'NLHBlue14' 6-max Seat #4 is the button
Seat 1: 5f7a4367 ($5.07 in chips)
Seat 2: 77ad8b5 ($11.79 in chips)
Seat 4: c140ba19 ($4.23 in chips)
Seat 5: Hero ($5.09 in chips)
Seat 6: 3c677231 ($6.43 in chips)
Hero: posts small blind $0.02
3c677231: posts big blind $0.05
*** HOLE CARDS ***
Dealt to 5f7a4367 
Dealt to 77ad8b5 
Dealt to c140ba19 
Dealt to Hero [6c 7s]
Dealt to 3c677231 
5f7a4367: folds
77ad8b5: raises $0.07 to $0.12
c140ba19: folds
Hero: folds
3c677231: folds
Uncalled bet ($0.07) returned to 77ad8b5
*** SHOWDOWN ***
77ad8b5 collected $0.12 from pot
*** SUMMARY ***
Total pot $0.12 | Rake $0 | Jackpot $0 | Bingo $0 | Fortune $0 | Tax $0
Seat 1: 5f7a4367 folded before Flop (didn't bet)
Seat 2: 77ad8b5 collected ($0.12)
Seat 4: c140ba19 (button) folded before Flop (didn't bet)
Seat 5: Hero (small blind) folded before Flop
Seat 6: 3c677231 (big blind) folded before Flop


Poker Hand #HD1713600636: Hold'em No Limit ($0.02/$0.05) - 2024/04/03 12:06:03
Table 'NLHBlue14' 6-max Seat #2 is the button
Seat 1: 5f7a4367 ($5 in chips)
Seat 2: 77ad8b5 ($11.79 in chips)
Seat 3: 5d20cd75 ($7.95 in chips)
Seat 4: c140ba19 ($4.28 in chips)
Seat 5: Hero ($5.09 in chips)
Seat 6: 3c677231 ($6.43 in chips)
5d20cd75: posts small blind $0.02
c140ba19: posts big blind $0.05
*** HOLE CARDS ***
Dealt to 5f7a4367 
Dealt to 77ad8b5 
Dealt to 5d20cd75 
Dealt to c140ba19 
Dealt to Hero [3c 7h]
Dealt to 3c677231 
Hero: folds
3c677231: folds
5f7a4367: raises $0.08 to $0.13
77ad8b5: folds
5d20cd75: folds
c140ba19: folds
Uncalled bet ($0.08) returned to 5f7a4367
*** SHOWDOWN ***
5f7a4367 collected $0.12 from pot
*** SUMMARY ***
Total pot $0.12 | Rake $0 | Jackpot $0 | Bingo $0 | Fortune $0 | Tax $0
Seat 1: 5f7a4367 collected ($0.12)
Seat 2: 77ad8b5 (button) folded before Flop (didn't bet)
Seat 3: 5d20cd75 (small blind) folded before Flop
Seat 4: c140ba19 (big blind) folded before Flop
Seat 5: Hero folded before Flop (didn't bet)
Seat 6: 3c677231 folded before Flop (didn't bet)


Poker Hand #HD1713600536: Hold'em No Limit ($0.02/$0.05) - 2024/04/03 12:05:06
Table 'NLHBlue14' 6-max Seat #1 is the button
Seat 1: 5f7a4367 ($5 in chips)
Seat 2: 77ad8b5 ($11.5 in chips)
Seat 3: 5d20cd75 ($8 in chips)
Seat 4: c140ba19 ($4.28 in chips)
Seat 5: Hero ($5.09 in chips)
Seat 6: 3c677231 ($6.7 in chips)
77ad8b5: posts small blind $0.02
5d20cd75: posts big blind $0.05
*** HOLE CARDS ***
Dealt to 5f7a4367 
Dealt to 77ad8b5 
Dealt to 5d20cd75 
Dealt to c140ba19 
Dealt to Hero [2c 9c]
Dealt to 3c677231 
c140ba19: folds
Hero: folds
3c677231: raises $0.08 to $0.13
5f7a4367: folds
77ad8b5: calls $0.11
5d20cd75: folds
*** FLOP *** [6h 7h Ts]
77ad8b5: checks
3c677231: checks
*** TURN *** [6h 7h Ts] [6d]
77ad8b5: bets $0.14
3c677231: calls $0.14
*** RIVER *** [6h 7h Ts 6d] [Tc]
77ad8b5: bets $0.48
3c677231: folds
Uncalled bet ($0.48) returned to 77ad8b5
*** SHOWDOWN ***
77ad8b5 collected $0.56 from pot
*** SUMMARY ***
Total pot $0.59 | Rake $0.03 | Jackpot $0 | Bingo $0 | Fortune $0 | Tax $0
Board [6h 7h Ts 6d Tc]
Seat 1: 5f7a4367 (button) folded before Flop (didn't bet)
Seat 2: 77ad8b5 (small blind) won ($0.56)
Seat 3: 5d20cd75 (big blind) folded before Flop
Seat 4: c140ba19 folded before Flop (didn't bet)
Seat 5: Hero folded before Flop (didn't bet)
Seat 6: 3c677231 folded on the River


Poker Hand #HD1713600413: Hold'em No Limit ($0.02/$0.05) - 2024/04/03 12:04:02
Table 'NLHBlue14' 6-max Seat #6 is the button
Seat 1: 5f7a4367 ($5.02 in chips)
Seat 2: 77ad8b5 ($11.84 in chips)
Seat 3: 5d20cd75 ($7.55 in chips)
Seat 4: c140ba19 ($4.41 in chips)
Seat 5: Hero ($5.09 in chips)
Seat 6: 3c677231 ($6.7 in chips)
5f7a4367: posts small blind $0.02
77ad8b5: posts big blind $0.05
*** HOLE CARDS ***
Dealt to 5f7a4367 
Dealt to 77ad8b5 
Dealt to 5d20cd75 
Dealt to c140ba19 
Dealt to Hero [Tc 5c]
Dealt to 3c677231 
5d20cd75: raises $0.08 to $0.13
c140ba19: calls $0.13
Hero: folds
3c677231: folds
5f7a4367: folds
77ad8b5: calls $0.08
*** FLOP *** [9c Qs 6c]
77ad8b5: checks
5d20cd75: bets $0.21
c140ba19: folds
77ad8b5: calls $0.21
*** TURN *** [9c Qs 6c] [8c]
77ad8b5: checks
5d20cd75: checks
*** RIVER *** [9c Qs 6c 8c] [As]
77ad8b5: checks
5d20cd75: checks
77ad8b5: shows [9d Ts] (Pair of Nines)
5d20cd75: shows [Qd Ks] (Pair of Queens)
*** SHOWDOWN ***
5d20cd75 collected $0.79 from pot
*** SUMMARY ***
Total pot $0.83 | Rake $0.04 | Jackpot $0 | Bingo $0 | Fortune $0 | Tax $0
Board [9c Qs 6c 8c As]
Seat 1: 5f7a4367 (small blind) folded before Flop
Seat 2: 77ad8b5 (big blind) showed [9d Ts] and lost with Pair of Nines
Seat 3: 5d20cd75 showed [Qd Ks] and won ($0.79) with Pair of Queens
Seat 4: c140ba19 folded on the Flop
Seat 5: Hero folded before Flop (didn't bet)
Seat 6: 3c677231 (button) folded before Flop (didn't bet)


Poker Hand #HD1713600385: Hold'em No Limit ($0.02/$0.05) - 2024/04/03 12:03:49
Table 'NLHBlue14' 6-max Seat #5 is the button
Seat 1: 5f7a4367 ($5 in chips)
Seat 2: 77ad8b5 ($11.84 in chips)
Seat 3: 5d20cd75 ($7.55 in chips)
Seat 4: c140ba19 ($4.41 in chips)
Seat 5: Hero ($5.09 in chips)
Seat 6: 3c677231 ($6.72 in chips)
3c677231: posts small blind $0.02
5f7a4367: posts big blind $0.05
*** HOLE CARDS ***
Dealt to 5f7a4367 
Dealt to 77ad8b5 
Dealt to 5d20cd75 
Dealt to c140ba19 
Dealt to Hero [Qc 4s]
Dealt to 3c677231 
77ad8b5: folds
5d20cd75: folds
c140ba19: folds
Hero: folds
3c677231: folds
Uncalled bet ($0.03) returned to 5f7a4367
*** SHOWDOWN ***
5f7a4367 collected $0.04 from pot
*** SUMMARY ***
Total pot $0.04 | Rake $0 | Jackpot $0 | Bingo $0 | Fortune $0 | Tax $0
Seat 1: 5f7a4367 (big blind) collected ($0.04)
Seat 2: 77ad8b5 folded before Flop (didn't bet)
Seat 3: 5d20cd75 folded before Flop (didn't bet)
Seat 4: c140ba19 folded before Flop (didn't bet)
Seat 5: Hero (button) folded before Flop (didn't bet)
Seat 6: 3c677231 (small blind) folded before Flop


Poker Hand #HD1713600376: Hold'em No Limit ($0.02/$0.05) - 2024/04/03 12:03:41
Table 'NLHBlue14' 6-max Seat #4 is the button
Seat 1: 5f7a4367 ($5 in chips)
Seat 2: 77ad8b5 ($11.84 in chips)
Seat 3: 5d20cd75 ($7.55 in chips)
Seat 4: c140ba19 ($4.41 in chips)
Seat 5: Hero ($5.11 in chips)
Seat 6: 3c677231 ($6.7 in chips)
Hero: posts small blind $0.02
3c677231: posts big blind $0.05
*** HOLE CARDS ***
Dealt to 5f7a4367 
Dealt to 77ad8b5 
Dealt to 5d20cd75 
Dealt to c140ba19 
Dealt to Hero [Qd 6d]
Dealt to 3c677231 
5f7a4367: folds
77ad8b5: folds
5d20cd75: folds
c140ba19: folds
Hero: folds
Uncalled bet ($0.03) returned to 3c677231
*** SHOWDOWN ***
3c677231 collected $0.04 from pot
*** SUMMARY ***
Total pot $0.04 | Rake $0 | Jackpot $0 | Bingo $0 | Fortune $0 | Tax $0
Seat 1: 5f7a4367 folded before Flop (didn't bet)
Seat 2: 77ad8b5 folded before Flop (didn't bet)
Seat 3: 5d20cd75 folded before Flop (didn't bet)
Seat 4: c140ba19 (button) folded before Flop (didn't bet)
Seat 5: Hero (small blind) folded before Flop
Seat 6: 3c677231 (big blind) collected ($0.04)


Poker Hand #HD1713600300: Hold'em No Limit ($0.02/$0.05) - 2024/04/03 12:03:03
Table 'NLHBlue14' 6-max Seat #3 is the button
Seat 1: 5f7a4367 ($5 in chips)
Seat 2: 77ad8b5 ($11.84 in chips)
Seat 3: 5d20cd75 ($7.55 in chips)
Seat 4: c140ba19 ($4.43 in chips)
Seat 5: Hero ($5.16 in chips)
Seat 6: 3c677231 ($6.51 in chips)
c140ba19: posts small blind $0.02
Hero: posts big blind $0.05
*** HOLE CARDS ***
Dealt to 5f7a4367 
Dealt to 77ad8b5 
Dealt to 5d20cd75 
Dealt to c140ba19 
Dealt to Hero [7c 9s]
Dealt to 3c677231 
3c677231: raises $0.08 to $0.13
5f7a4367: calls $0.13
77ad8b5: folds
5d20cd75: folds
c140ba19: folds
Hero: folds
*** FLOP *** [Jd Qd Ac]
3c677231: bets $0.25
5f7a4367: folds
Uncalled bet ($0.25) returned to 3c677231
*** SHOWDOWN ***
3c677231 collected $0.32 from pot
*** SUMMARY ***
Total pot $0.33 | Rake $0.01 | Jackpot $0 | Bingo $0 | Fortune $0 | Tax $0
Board [Jd Qd Ac]
Seat 1: 5f7a4367 folded on the Flop
Seat 2: 77ad8b5 folded before Flop (didn't bet)
Seat 3: 5d20cd75 (button) folded before Flop (didn't bet)
Seat 4: c140ba19 (small blind) folded before Flop
Seat 5: Hero (big blind) folded before Flop
Seat 6: 3c677231 won ($0.32)


Poker Hand #HD1713600280: Hold'em No Limit ($0.02/$0.05) - 2024/04/03 12:02:51
Table 'NLHBlue14' 6-max Seat #2 is the button
Seat 1: 5f7a4367 ($5 in chips)
Seat 2: 77ad8b5 ($11.84 in chips)
Seat 3: 5d20cd75 ($7.57 in chips)
Seat 4: c140ba19 ($4.41 in chips)
Seat 5: Hero ($5.16 in chips)
Seat 6: 3c677231 ($6.51 in chips)
5d20cd75: posts small blind $0.02
c140ba19: posts big blind $0.05
*** HOLE CARDS ***
Dealt to 5f7a4367 
Dealt to 77ad8b5 
Dealt to 5d20cd75 
Dealt to c140ba19 
Dealt to Hero [8c 4h]
Dealt to 3c677231 
Hero: folds
3c677231: folds
5f7a4367: folds
77ad8b5: folds
5d20cd75: folds
Uncalled bet ($0.03) returned to c140ba19
*** SHOWDOWN ***
c140ba19 collected $0.04 from pot
*** SUMMARY ***
Total pot $0.04 | Rake $0 | Jackpot $0 | Bingo $0 | Fortune $0 | Tax $0
Seat 1: 5f7a4367 folded before Flop (didn't bet)
Seat 2: 77ad8b5 (button) folded before Flop (didn't bet)
Seat 3: 5d20cd75 (small blind) folded before Flop
Seat 4: c140ba19 (big blind) collected ($0.04)
Seat 5: Hero folded before Flop (didn't bet)
Seat 6: 3c677231 folded before Flop (didn't bet)


Poker Hand #HD1713600260: Hold'em No Limit ($0.02/$0.05) - 2024/04/03 12:02:38
Table 'NLHBlue14' 6-max Seat #1 is the button
Seat 1: 5f7a4367 ($5 in chips)
Seat 2: 77ad8b5 ($11.86 in chips)
Seat 3: 5d20cd75 ($7.55 in chips)
Seat 4: c140ba19 ($4.41 in chips)
Seat 5: Hero ($5.16 in chips)
Seat 6: 3c677231 ($6.51 in chips)
77ad8b5: posts small blind $0.02
5d20cd75: posts big blind $0.05
*** HOLE CARDS ***
Dealt to 5f7a4367 
Dealt to 77ad8b5 
Dealt to 5d20cd75 
Dealt to c140ba19 
Dealt to Hero [Js 4h]
Dealt to 3c677231 
c140ba19: folds
Hero: folds
3c677231: folds
5f7a4367: folds
77ad8b5: folds
Uncalled bet ($0.03) returned to 5d20cd75
*** SHOWDOWN ***
5d20cd75 collected $0.04 from pot
*** SUMMARY ***
Total pot $0.04 | Rake $0 | Jackpot $0 | Bingo $0 | Fortune $0 | Tax $0
Seat 1: 5f7a4367 (button) folded before Flop (didn't bet)
Seat 2: 77ad8b5 (small blind) folded before Flop
Seat 3: 5d20cd75 (big blind) collected ($0.04)
Seat 4: c140ba19 folded before Flop (didn't bet)
Seat 5: Hero folded before Flop (didn't bet)
Seat 6: 3c677231 folded before Flop (didn't bet)


Poker Hand #HD1713600129: Hold'em No Limit ($0.02/$0.05) - 2024/04/03 12:01:22
Table 'NLHBlue14' 6-max Seat #6 is the button
Seat 1: 5f7a4367 ($5 in chips)
Seat 2: 77ad8b5 ($11.91 in chips)
Seat 3: 5d20cd75 ($7.55 in chips)
Seat 4: c140ba19 ($4.41 in chips)
Seat 5: Hero ($5.44 in chips)
Seat 6: 3c677231 ($6.19 in chips)
5f7a4367: posts small blind $0.02
77ad8b5: posts big blind $0.05
*** HOLE CARDS ***
Dealt to 5f7a4367 
Dealt to 77ad8b5 
Dealt to 5d20cd75 
Dealt to c140ba19 
Dealt to Hero [9d 8d]
Dealt to 3c677231 
5d20cd75: folds
c140ba19: folds
Hero: raises $0.08 to $0.13
3c677231: calls $0.13
5f7a4367: folds
77ad8b5: folds
*** FLOP *** [Ah 5d 9h]
Hero: checks
3c677231: bets $0.15
Hero: calls $0.15
*** TURN *** [Ah 5d 9h] [7s]
Hero: checks
3c677231: bets $0.55
Hero: folds
Uncalled bet ($0.55) returned to 3c677231
*** SHOWDOWN ***
3c677231 collected $0.6 from pot
*** SUMMARY ***
Total pot $0.63 | Rake $0.03 | Jackpot $0 | Bingo $0 | Fortune $0 | Tax $0
Board [Ah 5d 9h 7s]
Seat 1: 5f7a4367 (small blind) folded before Flop
Seat 2: 77ad8b5 (big blind) folded before Flop
Seat 3: 5d20cd75 folded before Flop (didn't bet)
Seat 4: c140ba19 folded before Flop (didn't bet)
Seat 5: Hero folded on the Turn
Seat 6: 3c677231 (button) won ($0.6)


Poker Hand #HD1713600094: Hold'em No Limit ($0.02/$0.05) - 2024/04/03 12:01:05
Table 'NLHBlue14' 6-max Seat #5 is the button
Seat 1: 5f7a4367 ($5 in chips)
Seat 2: 77ad8b5 ($11.91 in chips)
Seat 3: 5d20cd75 ($7.48 in chips)
Seat 4: c140ba19 ($4.41 in chips)
Seat 5: Hero ($5.44 in chips)
Seat 6: 3c677231 ($6.21 in chips)
3c677231: posts small blind $0.02
5f7a4367: posts big blind $0.05
*** HOLE CARDS ***
Dealt to 5f7a4367 
Dealt to 77ad8b5 
Dealt to 5d20cd75 
Dealt to c140ba19 
Dealt to Hero [3s 5h]
Dealt to 3c677231 
77ad8b5: folds
5d20cd75: raises $0.08 to $0.13
c140ba19: folds
Hero: folds
3c677231: folds
5f7a4367: folds
Uncalled bet ($0.08) returned to 5d20cd75
*** SHOWDOWN ***
5d20cd75 collected $0.12 from pot
*** SUMMARY ***
Total pot $0.12 | Rake $0 | Jackpot $0 | Bingo $0 | Fortune $0 | Tax $0
Seat 1: 5f7a4367 (big blind) folded before Flop
Seat 2: 77ad8b5 folded before Flop (didn't bet)
Seat 3: 5d20cd75 collected ($0.12)
Seat 4: c140ba19 folded before Flop (didn't bet)
Seat 5: Hero (button) folded before Flop (didn't bet)
Seat 6: 3c677231 (small blind) folded before Flop


Poker Hand #HD1713600087: Hold'em No Limit ($0.02/$0.05) - 2024/04/03 12:00:59
Table 'NLHBlue14' 6-max Seat #4 is the button
Seat 2: 77ad8b5 ($11.91 in chips)
Seat 3: 5d20cd75 ($7.48 in chips)
Seat 4: c140ba19 ($4.41 in chips)
Seat 5: Hero ($5.46 in chips)
Seat 6: 3c677231 ($6.19 in chips)
Hero: posts small blind $0.02
3c677231: posts big blind $0.05
*** HOLE CARDS ***
Dealt to 77ad8b5 
Dealt to 5d20cd75 
Dealt to c140ba19 
Dealt to Hero [Kh 2c]
Dealt to 3c677231 
77ad8b5: folds
5d20cd75: folds
c140ba19: folds
Hero: folds
Uncalled bet ($0.03) returned to 3c677231
*** SHOWDOWN ***
3c677231 collected $0.04 from pot
*** SUMMARY ***
Total pot $0.04 | Rake $0 | Jackpot $0 | Bingo $0 | Fortune $0 | Tax $0
Seat 2: 77ad8b5 folded before Flop (didn't bet)
Seat 3: 5d20cd75 folded before Flop (didn't bet)
Seat 4: c140ba19 (button) folded before Flop (didn't bet)
Seat 5: Hero (small blind) folded before Flop
Seat 6: 3c677231 (big blind) collected ($0.04)


Poker Hand #HD1713600035: Hold'em No Limit ($0.02/$0.05) - 2024/04/03 12:00:30
Table 'NLHBlue14' 6-max Seat #3 is the button
Seat 2: 77ad8b5 ($12.03 in chips)
Seat 3: 5d20cd75 ($7.48 in chips)
Seat 4: c140ba19 ($4.43 in chips)
Seat 5: Hero ($5.33 in chips)
Seat 6: 3c677231 ($6.19 in chips)
c140ba19: posts small blind $0.02
Hero: posts big blind $0.05
*** HOLE CARDS ***
Dealt to 77ad8b5 
Dealt to 5d20cd75 
Dealt to c140ba19 
Dealt to Hero [Ac Js]
Dealt to 3c677231 
3c677231: folds
77ad8b5: raises $0.07 to $0.12
5d20cd75: folds
c140ba19: folds
Hero: calls $0.07
*** FLOP *** [4s Qs 8h]
Hero: checks
77ad8b5: checks
*** TURN *** [4s Qs 8h] [7d]
Hero: bets $0.15
77ad8b5: folds
Uncalled bet ($0.15) returned to Hero
*** SHOWDOWN ***
Hero collected $0.25 from pot
*** SUMMARY ***
Total pot $0.26 | Rake $0.01 | Jackpot $0 | Bingo $0 | Fortune $0 | Tax $0
Board [4s Qs 8h 7d]
Seat 2: 77ad8b5 folded on the Turn
Seat 3: 5d20cd75 (button) folded before Flop (didn't bet)
Seat 4: c140ba19 (small blind) folded before Flop
Seat 5: Hero (big blind) won ($0.25)
Seat 6: 3c677231 folded before Flop (didn't bet)


Poker Hand #HD1713600017: Hold'em No Limit ($0.02/$0.05) - 2024/04/03 12:00:22
Table 'NLHBlue14' 6-max Seat #2 is the button
Seat 2: 77ad8b5 ($12.03 in chips)
Seat 3: 5d20cd75 ($7.5 in chips)
Seat 4: c140ba19 ($4.41 in chips)
Seat 5: Hero ($5.33 in chips)
Seat 6: 3c677231 ($6.19 in chips)
5d20cd75: posts small blind $0.02
c140ba19: posts big blind $0.05
*** HOLE CARDS ***
Dealt to 77ad8b5 
Dealt to 5d20cd75 
Dealt to c140ba19 
Dealt to Hero [2h Ah]
Dealt to 3c677231 
Hero: folds
3c677231: folds
77ad8b5: folds
5d20cd75: folds
Uncalled bet ($0.03) returned to c140ba19
*** SHOWDOWN ***
c140ba19 collected $0.04 from pot
*** SUMMARY ***
Total pot $0.04 | Rake $0 | Jackpot $0 | Bingo $0 | Fortune $0 | Tax $0
Seat 2: 77ad8b5 (button) folded before Flop (didn't bet)
Seat 3: 5d20cd75 (small blind) folded before Flop
Seat 4: c140ba19 (big blind) collected ($0.04)
Seat 5: Hero folded before Flop (didn't bet)
Seat 6: 3c677231 folded before Flop (didn't bet)


Poker Hand #HD1713599995: Hold'em No Limit ($0.02/$0.05) - 2024/04/03 12:00:10
Table 'NLHBlue14' 6-max Seat #6 is the button
Seat 2: 77ad8b5 ($12.05 in chips)
Seat 3: 5d20cd75 ($7.48 in chips)
Seat 4: c140ba19 ($4.41 in chips)
Seat 5: Hero ($5.33 in chips)
Seat 6: 3c677231 ($6.19 in chips)
77ad8b5: posts small blind $0.02
5d20cd75: posts big blind $0.05
*** HOLE CARDS ***
Dealt to 77ad8b5 
Dealt to 5d20cd75 
Dealt to c140ba19 
Dealt to Hero [3d 3c]
Dealt to 3c677231 
c140ba19: folds
Hero: folds
3c677231: folds
77ad8b5: folds
Uncalled bet ($0.03) returned to 5d20cd75
*** SHOWDOWN ***
5d20cd75 collected $0.04 from pot
*** SUMMARY ***
Total pot $0.04 | Rake $0 | Jackpot $0 | Bingo $0 | Fortune $0 | Tax $0
Seat 2: 77ad8b5 (small blind) folded before Flop
Seat 3: 5d20cd75 (big blind) collected ($0.04)
Seat 4: c140ba19 folded before Flop (didn't bet)
Seat 5: Hero folded before Flop (didn't bet)
Seat 6: 3c677231 (button) folded before Flop (didn't bet)


Poker Hand #HD1713599918: Hold'em No Limit ($0.02/$0.05) - 2024/04/03 11:59:21
Table 'NLHBlue14' 6-max Seat #5 is the button
Seat 2: 77ad8b5 ($12.33 in chips)
Seat 3: 5d20cd75 ($7.48 in chips)
Seat 4: c140ba19 ($4.41 in chips)
Seat 5: Hero ($5.05 in chips)
Seat 6: 3c677231 ($6.21 in chips)
3c677231: posts small blind $0.02
77ad8b5: posts big blind $0.05
*** HOLE CARDS ***
Dealt to 77ad8b5 
Dealt to 5d20cd75 
Dealt to c140ba19 
Dealt to Hero [Ac Qc]
Dealt to 3c677231 
5d20cd75: folds
c140ba19: folds
Hero: raises $0.08 to $0.13
3c677231: folds
77ad8b5: calls $0.08
*** FLOP *** [Qd 8s 4h]
77ad8b5: checks
Hero: checks
*** TURN *** [Qd 8s 4h] [6d]
77ad8b5: checks
Hero: bets $0.15
77ad8b5: calls $0.15
*** RIVER *** [Qd 8s 4h 6d] [Kc]
77ad8b5: checks
Hero: bets $0.25
77ad8b5: folds
Uncalled bet ($0.25) returned to Hero
*** SHOWDOWN ***
Hero collected $0.56 from pot
*** SUMMARY ***
Total pot $0.58 | Rake $0.02 | Jackpot $0 | Bingo $0 | Fortune $0 | Tax $0
Board [Qd 8s 4h 6d Kc]
Seat 2: 77ad8b5 (big blind) folded on the River
Seat 3: 5d20cd75 folded before Flop (didn't bet)
Seat 4: c140ba19 folded before Flop (didn't bet)
Seat 5: Hero (button) won ($0.56)
Seat 6: 3c677231 (small blind) folded before Flop


Poker Hand #HD1713599901: Hold'em No Limit ($0.02/$0.05) - 2024/04/03 11:59:09
Table 'NLHBlue14' 6-max Seat #4 is the button
Seat 2: 77ad8b5 ($12.33 in chips)
Seat 3: 5d20cd75 ($7.48 in chips)
Seat 4: c140ba19 ($4.41 in chips)
Seat 5: Hero ($5 in chips)
Seat 6: 3c677231 ($6.26 in chips)
Hero: posts small blind $0.02
3c677231: posts big blind $0.05
*** HOLE CARDS ***
Dealt to 77ad8b5 
Dealt to 5d20cd75 
Dealt to c140ba19 
Dealt to Hero [Td Ks]
Dealt to 3c677231 
77ad8b5: folds
5d20cd75: folds
c140ba19: folds
Hero: raises $0.1 to $0.15
3c677231: folds
Uncalled bet ($0.1) returned to Hero
*** SHOWDOWN ***
Hero collected $0.1 from pot
*** SUMMARY ***
Total pot $0.1 | Rake $0 | Jackpot $0 | Bingo $0 | Fortune $0 | Tax $0
Seat 2: 77ad8b5 folded before Flop (didn't bet)
Seat 3: 5d20cd75 folded before Flop (didn't bet)
Seat 4: c140ba19 (button) folded before Flop (didn't bet)
Seat 5: Hero (small blind) collected ($0.1)
Seat 6: 3c677231 (big blind) folded before Flop


Poker Hand #HD1713599879: Hold'em No Limit ($0.02/$0.05) - 2024/04/03 11:59:01
Table 'NLHBlue14' 6-max Seat #3 is the button
Seat 1: 34fbf5e2 ($7.21 in chips)
Seat 2: 77ad8b5 ($12.26 in chips)
Seat 3: 5d20cd75 ($7.48 in chips)
Seat 4: c140ba19 ($4.43 in chips)
Seat 5: Hero ($5 in chips)
Seat 6: 3c677231 ($6.26 in chips)
c140ba19: posts small blind $0.02
Hero: posts big blind $0.05
*** HOLE CARDS ***
Dealt to 34fbf5e2 
Dealt to 77ad8b5 
Dealt to 5d20cd75 
Dealt to c140ba19 
Dealt to Hero [Tc 2h]
Dealt to 3c677231 
3c677231: folds
34fbf5e2: folds
77ad8b5: raises $0.07 to $0.12
5d20cd75: folds
c140ba19: folds
Hero: folds
Uncalled bet ($0.07) returned to 77ad8b5
*** SHOWDOWN ***
77ad8b5 collected $0.12 from pot
*** SUMMARY ***
Total pot $0.12 | Rake $0 | Jackpot $0 | Bingo $0 | Fortune $0 | Tax $0
Seat 1: 34fbf5e2 folded before Flop (didn't bet)
Seat 2: 77ad8b5 collected ($0.12)
Seat 3: 5d20cd75 (button) folded before Flop (didn't bet)
Seat 4: c140ba19 (small blind) folded before Flop
Seat 5: Hero (big blind) folded before Flop
Seat 6: 3c677231 folded before Flop (didn't bet)


Poker Hand #HD1713599806: Hold'em No Limit ($0.02/$0.05) - 2024/04/03 11:58:16
Table 'NLHBlue14' 6-max Seat #2 is the button
Seat 1: 34fbf5e2 ($7.49 in chips)
Seat 2: 77ad8b5 ($12.26 in chips)
Seat 3: 5d20cd75 ($7.5 in chips)
Seat 4: c140ba19 ($4.48 in chips)
Seat 5: Hero ($5 in chips)
Seat 6: 3c677231 ($5.94 in chips)
5d20cd75: posts small blind $0.02
c140ba19: posts big blind $0.05
*** HOLE CARDS ***
Dealt to 34fbf5e2 
Dealt to 77ad8b5 
Dealt to 5d20cd75 
Dealt to c140ba19 
Dealt to Hero [Td 8h]
Dealt to 3c677231 
Hero: folds
3c677231: raises $0.08 to $0.13
34fbf5e2: calls $0.13
77ad8b5: folds
5d20cd75: folds
c140ba19: folds
*** FLOP *** [4c Jc 3d]
3c677231: bets $0.15
34fbf5e2: calls $0.15
*** TURN *** [4c Jc 3d] [Ah]
3c677231: bets $0.45
34fbf5e2: folds
Uncalled bet ($0.45) returned to 3c677231
*** SHOWDOWN ***
3c677231 collected $0.6 from pot
*** SUMMARY ***
Total pot $0.63 | Rake $0.03 | Jackpot $0 | Bingo $0 | Fortune $0 | Tax $0
Board [4c Jc 3d Ah]
Seat 1: 34fbf5e2 folded on the Turn
Seat 2: 77ad8b5 (button) folded before Flop (didn't bet)
Seat 3: 5d20cd75 (small blind) folded before Flop
Seat 4: c140ba19 (big blind) folded before Flop
Seat 5: Hero folded before Flop (didn't bet)
Seat 6: 3c677231 won ($0.6)


Poker Hand #HD1713599765: Hold'em No Limit ($0.02/$0.05) - 2024/04/03 11:57:55
Table 'NLHBlue14' 6-max Seat #1 is the button
Seat 1: 34fbf5e2 ($7.49 in chips)
Seat 2: 77ad8b5 ($12.28 in chips)
Seat 3: 5d20cd75 ($7.48 in chips)
Seat 4: c140ba19 ($4.48 in chips)
Seat 5: Hero ($5 in chips)
Seat 6: 3c677231 ($5.94 in chips)
77ad8b5: posts small blind $0.02
5d20cd75: posts big blind $0.05
*** HOLE CARDS ***
Dealt to 34fbf5e2 
Dealt to 77ad8b5 
Dealt to 5d20cd75 
Dealt to c140ba19 
Dealt to Hero [8d 2s]
Dealt to 3c677231 
c140ba19: folds
Hero: folds
3c677231: folds
34fbf5e2: folds
77ad8b5: folds
Uncalled bet ($0.03) returned to 5d20cd75
*** SHOWDOWN ***
5d20cd75 collected $0.04 from pot
*** SUMMARY ***
Total pot $0.04 | Rake $0 | Jackpot $0 | Bingo $0 | Fortune $0 | Tax $0
Seat 1: 34fbf5e2 (button) folded before Flop (didn't bet)
Seat 2: 77ad8b5 (small blind) folded before Flop
Seat 3: 5d20cd75 (big blind) collected ($0.04)
Seat 4: c140ba19 folded before Flop (didn't bet)
Seat 5: Hero folded before Flop (didn't bet)
Seat 6: 3c677231 folded before Flop (didn't bet)


Poker Hand #HD1713599677: Hold'em No Limit ($0.02/$0.05) - 2024/04/03 11:57:11
Table 'NLHBlue14' 6-max Seat #6 is the button
Seat 1: 34fbf5e2 ($8.24 in chips)
Seat 2: 77ad8b5 ($11.65 in chips)
Seat 3: 5d20cd75 ($7.48 in chips)
Seat 4: c140ba19 ($4.48 in chips)
Seat 5: Hero ($5 in chips)
Seat 6: 3c677231 ($5.94 in chips)
34fbf5e2: posts small blind $0.02
77ad8b5: posts big blind $0.05
*** HOLE CARDS ***
Dealt to 34fbf5e2 
Dealt to 77ad8b5 
Dealt to 5d20cd75 
Dealt to c140ba19 
Dealt to Hero [5c 4s]
Dealt to 3c677231 
5d20cd75: folds
c140ba19: folds
Hero: folds
3c677231: folds
34fbf5e2: raises $0.1 to $0.15
77ad8b5: calls $0.1
*** FLOP *** [9s Qs 6c]
34fbf5e2: checks
77ad8b5: checks
*** TURN *** [9s Qs 6c] [4d]
34fbf5e2: bets $0.15
77ad8b5: calls $0.15
*** RIVER *** [9s Qs 6c 4d] [6s]
34fbf5e2: bets $0.45
77ad8b5: calls $0.45
34fbf5e2: shows [As Th] (Pair of Sixes)
77ad8b5: shows [Qc Jh] (Pair of Queens and Pair of Sixes)
*** SHOWDOWN ***
77ad8b5 collected $1.38 from pot
*** SUMMARY ***
Total pot $1.5 | Rake $0.07 | Jackpot $0.05 | Bingo $0 | Fortune $0 | Tax $0
Board [9s Qs 6c 4d 6s]
Seat 1: 34fbf5e2 (small blind) showed [As Th] and lost with Pair of Sixes
Seat 2: 77ad8b5 (big blind) showed [Qc Jh] and won ($1.38) with Pair of Queens and Pair of Sixes
Seat 3: 5d20cd75 folded before Flop (didn't bet)
Seat 4: c140ba19 folded before Flop (didn't bet)
Seat 5: Hero folded before Flop (didn't bet)
Seat 6: 3c677231 (button) folded before Flop (didn't bet)


Poker Hand #HD1713599647: Hold'em No Limit ($0.02/$0.05) - 2024/04/03 11:56:53
Table 'NLHBlue14' 6-max Seat #5 is the button
Seat 1: 34fbf5e2 ($8.22 in chips)
Seat 2: 77ad8b5 ($11.65 in chips)
Seat 3: 5d20cd75 ($7.48 in chips)
Seat 4: c140ba19 ($4.48 in chips)
Seat 5: Hero ($5 in chips)
Seat 6: 3c677231 ($5.96 in chips)
3c677231: posts small blind $0.02
34fbf5e2: posts big blind $0.05
*** HOLE CARDS ***
Dealt to 34fbf5e2 
Dealt to 77ad8b5 
Dealt to 5d20cd75 
Dealt to c140ba19 
Dealt to Hero [3s Jc]
Dealt to 3c677231 
77ad8b5: folds
5d20cd75: folds
c140ba19: folds
Hero: folds
3c677231: folds
Uncalled bet ($0.03) returned to 34fbf5e2
*** SHOWDOWN ***
34fbf5e2 collected $0.04 from pot
*** SUMMARY ***
Total pot $0.04 | Rake $0 | Jackpot $0 | Bingo $0 | Fortune $0 | Tax $0
Seat 1: 34fbf5e2 (big blind) collected ($0.04)
Seat 2: 77ad8b5 folded before Flop (didn't bet)
Seat 3: 5d20cd75 folded before Flop (didn't bet)
Seat 4: c140ba19 folded before Flop (didn't bet)
Seat 5: Hero (button) folded before Flop (didn't bet)
Seat 6: 3c677231 (small blind) folded before Flop


Poker Hand #HD1713599590: Hold'em No Limit ($0.02/$0.05) - 2024/04/03 11:56:25
Table 'NLHBlue14' 6-max Seat #4 is the button
Seat 1: 34fbf5e2 ($8.37 in chips)
Seat 2: 77ad8b5 ($11.44 in chips)
Seat 3: 5d20cd75 ($7.48 in chips)
Seat 4: c140ba19 ($4.48 in chips)
Seat 5: Hero ($5 in chips)
Seat 6: 3c677231 ($6.01 in chips)
Hero: posts small blind $0.02
3c677231: posts big blind $0.05
*** HOLE CARDS ***
Dealt to 34fbf5e2 
Dealt to 77ad8b5 
Dealt to 5d20cd75 
Dealt to c140ba19 
Dealt to Hero [Jh 8s]
Dealt to 3c677231 
34fbf5e2: raises $0.1 to $0.15
77ad8b5: raises $0.31 to $0.46
5d20cd75: folds
c140ba19: folds
Hero: folds
3c677231: folds
34fbf5e2: folds
Uncalled bet ($0.31) returned to 77ad8b5
*** SHOWDOWN ***
77ad8b5 collected $0.36 from pot
*** SUMMARY ***
Total pot $0.37 | Rake $0.01 | Jackpot $0 | Bingo $0 | Fortune $0 | Tax $0
Seat 1: 34fbf5e2 folded before Flop
Seat 2: 77ad8b5 collected ($0.36)
Seat 3: 5d20cd75 folded before Flop (didn't bet)
Seat 4: c140ba19 (button) folded before Flop (didn't bet)
Seat 5: Hero (small blind) folded before Flop
Seat 6: 3c677231 (big blind) folded before Flop


Poker Hand #HD1713599569: Hold'em No Limit ($0.02/$0.05) - 2024/04/03 11:56:10
Table 'NLHBlue14' 6-max Seat #3 is the button
Seat 1: 34fbf5e2 ($8.37 in chips)
Seat 2: 77ad8b5 ($11.44 in chips)
Seat 3: 5d20cd75 ($7.41 in chips)
Seat 4: c140ba19 ($4.5 in chips)
Seat 5: Hero ($5 in chips)
Seat 6: 3c677231 ($6.01 in chips)
c140ba19: posts small blind $0.02
Hero: posts big blind $0.05
*** HOLE CARDS ***
Dealt to 34fbf5e2 
Dealt to 77ad8b5 
Dealt to 5d20cd75 
Dealt to c140ba19 
Dealt to Hero [Kc 9h]
Dealt to 3c677231 
3c677231: folds
34fbf5e2: folds
77ad8b5: folds
5d20cd75: raises $0.08 to $0.13
c140ba19: folds
Hero: folds
Uncalled bet ($0.08) returned to 5d20cd75
*** SHOWDOWN ***
5d20cd75 collected $0.12 from pot
*** SUMMARY ***
Total pot $0.12 | Rake $0 | Jackpot $0 | Bingo $0 | Fortune $0 | Tax $0
Seat 1: 34fbf5e2 folded before Flop (didn't bet)
Seat 2: 77ad8b5 folded before Flop (didn't bet)
Seat 3: 5d20cd75 (button) collected ($0.12)
Seat 4: c140ba19 (small blind) folded before Flop
Seat 5: Hero (big blind) folded before Flop
Seat 6: 3c677231 folded before Flop (didn't bet)


