Poker Hand #HD1718581310: Hold'em No Limit ($0.02/$0.05) - 2024/04/06 19:05:49
Table 'NLHBlue14' 6-max Seat #2 is the button
Seat 1: c3b26335 ($0.56 in chips)
Seat 2: Hero ($7.24 in chips)
Seat 3: 14199c ($5.9 in chips)
Seat 6: af063562 ($6.7 in chips)
14199c: posts small blind $0.02
af063562: posts big blind $0.05
*** HOLE CARDS ***
Dealt to c3b26335 
Dealt to Hero [Kc 2c]
Dealt to 14199c 
Dealt to af063562 
c3b26335: raises $0.13 to $0.18
Hero: folds
14199c: raises $0.32 to $0.5
af063562: folds
c3b26335: raises $0.06 to $0.56 and is all-in
14199c: calls $0.06
c3b26335: shows [Ac Ts]
14199c: shows [Qs As]
*** FLOP *** [Ks 7d Qd]
*** TURN *** [Ks 7d Qd] [Ah]
*** RIVER *** [Ks 7d Qd Ah] [Ad]
*** SHOWDOWN ***
14199c collected $1.12 from pot
*** SUMMARY ***
Total pot $1.17 | Rake $0.05 | Jackpot $0 | Bingo $0 | Fortune $0 | Tax $0
Board [Ks 7d Qd Ah Ad]
Seat 1: c3b26335 showed [Ac Ts] and lost with Three Aces
Seat 2: Hero (button) folded before Flop (didn't bet)
Seat 3: 14199c (small blind) showed [Qs As] and won ($1.12) with Aces Full over Queens
Seat 6: af063562 (big blind) folded before Flop


Poker Hand #HD1718581274: Hold'em No Limit ($0.02/$0.05) - 2024/04/06 19:05:33
Table 'NLHBlue14' 6-max Seat #1 is the button
Seat 1: c3b26335 ($0.56 in chips)
Seat 2: Hero ($7.26 in chips)
Seat 3: 14199c ($5.88 in chips)
Seat 5: 9d9aaab9 ($5.89 in chips)
Seat 6: af063562 ($6.7 in chips)
Hero: posts small blind $0.02
14199c: posts big blind $0.05
*** HOLE CARDS ***
Dealt to c3b26335 
Dealt to Hero [Td 4c]
Dealt to 14199c 
Dealt to 9d9aaab9 
Dealt to af063562 
9d9aaab9: folds
af063562: folds
c3b26335: folds
Hero: folds
Uncalled bet ($0.03) returned to 14199c
*** SHOWDOWN ***
14199c collected $0.04 from pot
*** SUMMARY ***
Total pot $0.04 | Rake $0 | Jackpot $0 | Bingo $0 | Fortune $0 | Tax $0
Seat 1: c3b26335 (button) folded before Flop (didn't bet)
Seat 2: Hero (small blind) folded before Flop
Seat 3: 14199c (big blind) collected ($0.04)
Seat 5: 9d9aaab9 folded before Flop (didn't bet)
Seat 6: af063562 folded before Flop (didn't bet)


Poker Hand #HD1718581244: Hold'em No Limit ($0.02/$0.05) - 2024/04/06 19:05:20
Table 'NLHBlue14' 6-max Seat #6 is the button
Seat 1: c3b26335 ($0.58 in chips)
Seat 2: Hero ($7.31 in chips)
Seat 3: 14199c ($5.88 in chips)
Seat 5: 9d9aaab9 ($5.89 in chips)
Seat 6: af063562 ($6.63 in chips)
c3b26335: posts small blind $0.02
Hero: posts big blind $0.05
*** HOLE CARDS ***
Dealt to c3b26335 
Dealt to Hero [2c Jh]
Dealt to 14199c 
Dealt to 9d9aaab9 
Dealt to af063562 
14199c: folds
9d9aaab9: folds
af063562: raises $0.05 to $0.1
c3b26335: folds
Hero: folds
Uncalled bet ($0.05) returned to af063562
*** SHOWDOWN ***
af063562 collected $0.12 from pot
*** SUMMARY ***
Total pot $0.12 | Rake $0 | Jackpot $0 | Bingo $0 | Fortune $0 | Tax $0
Seat 1: c3b26335 (small blind) folded before Flop
Seat 2: Hero (big blind) folded before Flop
Seat 3: 14199c folded before Flop (didn't bet)
Seat 5: 9d9aaab9 folded before Flop (didn't bet)
Seat 6: af063562 (button) collected ($0.12)


Poker Hand #HD1718581191: Hold'em No Limit ($0.02/$0.05) - 2024/04/06 19:04:54
Table 'NLHBlue14' 6-max Seat #5 is the button
Seat 1: c3b26335 ($0.63 in chips)
Seat 2: Hero ($7.41 in chips)
Seat 3: 14199c ($5.72 in chips)
Seat 4: 2cb3366b ($3.66 in chips)
Seat 5: 9d9aaab9 ($5.89 in chips)
Seat 6: af063562 ($6.65 in chips)
af063562: posts small blind $0.02
c3b26335: posts big blind $0.05
*** HOLE CARDS ***
Dealt to c3b26335 
Dealt to Hero [Jc 8c]
Dealt to 14199c 
Dealt to 2cb3366b 
Dealt to 9d9aaab9 
Dealt to af063562 
Hero: raises $0.05 to $0.1
14199c: raises $0.22 to $0.32
2cb3366b: folds
9d9aaab9: folds
af063562: folds
c3b26335: folds
Hero: folds
Uncalled bet ($0.22) returned to 14199c
*** SHOWDOWN ***
14199c collected $0.26 from pot
*** SUMMARY ***
Total pot $0.27 | Rake $0.01 | Jackpot $0 | Bingo $0 | Fortune $0 | Tax $0
Seat 1: c3b26335 (big blind) folded before Flop
Seat 2: Hero folded before Flop
Seat 3: 14199c collected ($0.26)
Seat 4: 2cb3366b folded before Flop (didn't bet)
Seat 5: 9d9aaab9 (button) folded before Flop (didn't bet)
Seat 6: af063562 (small blind) folded before Flop


Poker Hand #HD1718581130: Hold'em No Limit ($0.02/$0.05) - 2024/04/06 19:04:19
Table 'NLHBlue14' 6-max Seat #4 is the button
Seat 1: c3b26335 ($0.63 in chips)
Seat 2: Hero ($7.41 in chips)
Seat 3: 14199c ($5.72 in chips)
Seat 4: 2cb3366b ($3.71 in chips)
Seat 5: 9d9aaab9 ($5.79 in chips)
Seat 6: af063562 ($6.7 in chips)
9d9aaab9: posts small blind $0.02
af063562: posts big blind $0.05
*** HOLE CARDS ***
Dealt to c3b26335 
Dealt to Hero [6c 7s]
Dealt to 14199c 
Dealt to 2cb3366b 
Dealt to 9d9aaab9 
Dealt to af063562 
c3b26335: folds
Hero: folds
14199c: folds
2cb3366b: calls $0.05
9d9aaab9: raises $0.25 to $0.3
af063562: folds
2cb3366b: folds
Uncalled bet ($0.25) returned to 9d9aaab9
*** SHOWDOWN ***
9d9aaab9 collected $0.15 from pot
*** SUMMARY ***
Total pot $0.15 | Rake $0 | Jackpot $0 | Bingo $0 | Fortune $0 | Tax $0
Seat 1: c3b26335 folded before Flop (didn't bet)
Seat 2: Hero folded before Flop (didn't bet)
Seat 3: 14199c folded before Flop (didn't bet)
Seat 4: 2cb3366b (button) folded before Flop
Seat 5: 9d9aaab9 (small blind) collected ($0.15)
Seat 6: af063562 (big blind) folded before Flop


Poker Hand #HD1718581084: Hold'em No Limit ($0.02/$0.05) - 2024/04/06 19:03:58
Table 'NLHBlue14' 6-max Seat #3 is the button
Seat 1: c3b26335 ($0.63 in chips)
Seat 2: Hero ($7.34 in chips)
Seat 3: 14199c ($5.72 in chips)
Seat 4: 2cb3366b ($3.73 in chips)
Seat 5: 9d9aaab9 ($5.84 in chips)
Seat 6: af063562 ($6.7 in chips)
2cb3366b: posts small blind $0.02
9d9aaab9: posts big blind $0.05
*** HOLE CARDS ***
Dealt to c3b26335 
Dealt to Hero [Qc Js]
Dealt to 14199c 
Dealt to 2cb3366b 
Dealt to 9d9aaab9 
Dealt to af063562 
af063562: folds
c3b26335: folds
Hero: raises $0.08 to $0.13
14199c: folds
2cb3366b: folds
9d9aaab9: folds
Uncalled bet ($0.08) returned to Hero
*** SHOWDOWN ***
Hero collected $0.12 from pot
*** SUMMARY ***
Total pot $0.12 | Rake $0 | Jackpot $0 | Bingo $0 | Fortune $0 | Tax $0
Seat 1: c3b26335 folded before Flop (didn't bet)
Seat 2: Hero collected ($0.12)
Seat 3: 14199c (button) folded before Flop (didn't bet)
Seat 4: 2cb3366b (small blind) folded before Flop
Seat 5: 9d9aaab9 (big blind) folded before Flop
Seat 6: af063562 folded before Flop (didn't bet)


Poker Hand #HD1718581025: Hold'em No Limit ($0.02/$0.05) - 2024/04/06 19:03:29
Table 'NLHBlue14' 6-max Seat #2 is the button
Seat 1: c3b26335 ($0.63 in chips)
Seat 2: Hero ($7.34 in chips)
Seat 3: 14199c ($5.67 in chips)
Seat 4: 2cb3366b ($3.78 in chips)
Seat 5: 9d9aaab9 ($5.84 in chips)
Seat 6: af063562 ($6.7 in chips)
14199c: posts small blind $0.02
2cb3366b: posts big blind $0.05
*** HOLE CARDS ***
Dealt to c3b26335 
Dealt to Hero [4h 2h]
Dealt to 14199c 
Dealt to 2cb3366b 
Dealt to 9d9aaab9 
Dealt to af063562 
9d9aaab9: folds
af063562: folds
c3b26335: folds
Hero: folds
14199c: raises $0.1 to $0.15
2cb3366b: folds
Uncalled bet ($0.1) returned to 14199c
*** SHOWDOWN ***
14199c collected $0.1 from pot
*** SUMMARY ***
Total pot $0.1 | Rake $0 | Jackpot $0 | Bingo $0 | Fortune $0 | Tax $0
Seat 1: c3b26335 folded before Flop (didn't bet)
Seat 2: Hero (button) folded before Flop (didn't bet)
Seat 3: 14199c (small blind) collected ($0.1)
Seat 4: 2cb3366b (big blind) folded before Flop
Seat 5: 9d9aaab9 folded before Flop (didn't bet)
Seat 6: af063562 folded before Flop (didn't bet)


Poker Hand #HD1718580985: Hold'em No Limit ($0.02/$0.05) - 2024/04/06 19:03:11
Table 'NLHBlue14' 6-max Seat #1 is the button
Seat 1: c3b26335 ($0.63 in chips)
Seat 2: Hero ($7.36 in chips)
Seat 3: 14199c ($5.65 in chips)
Seat 4: 2cb3366b ($3.78 in chips)
Seat 5: 9d9aaab9 ($5.84 in chips)
Seat 6: af063562 ($6.7 in chips)
Hero: posts small blind $0.02
14199c: posts big blind $0.05
*** HOLE CARDS ***
Dealt to c3b26335 
Dealt to Hero [Qc 5h]
Dealt to 14199c 
Dealt to 2cb3366b 
Dealt to 9d9aaab9 
Dealt to af063562 
2cb3366b: folds
9d9aaab9: folds
af063562: folds
c3b26335: folds
Hero: folds
Uncalled bet ($0.03) returned to 14199c
*** SHOWDOWN ***
14199c collected $0.04 from pot
*** SUMMARY ***
Total pot $0.04 | Rake $0 | Jackpot $0 | Bingo $0 | Fortune $0 | Tax $0
Seat 1: c3b26335 (button) folded before Flop (didn't bet)
Seat 2: Hero (small blind) folded before Flop
Seat 3: 14199c (big blind) collected ($0.04)
Seat 4: 2cb3366b folded before Flop (didn't bet)
Seat 5: 9d9aaab9 folded before Flop (didn't bet)
Seat 6: af063562 folded before Flop (didn't bet)


Poker Hand #HD1718580936: Hold'em No Limit ($0.02/$0.05) - 2024/04/06 19:02:49
Table 'NLHBlue14' 6-max Seat #6 is the button
Seat 1: c3b26335 ($0.65 in chips)
Seat 2: Hero ($7.41 in chips)
Seat 3: 14199c ($5.65 in chips)
Seat 4: 2cb3366b ($3.78 in chips)
Seat 5: 9d9aaab9 ($5.77 in chips)
Seat 6: af063562 ($6.7 in chips)
c3b26335: posts small blind $0.02
Hero: posts big blind $0.05
*** HOLE CARDS ***
Dealt to c3b26335 
Dealt to Hero [3d 8s]
Dealt to 14199c 
Dealt to 2cb3366b 
Dealt to 9d9aaab9 
Dealt to af063562 
14199c: folds
2cb3366b: folds
9d9aaab9: raises $0.08 to $0.13
af063562: folds
c3b26335: folds
Hero: folds
Uncalled bet ($0.08) returned to 9d9aaab9
*** SHOWDOWN ***
9d9aaab9 collected $0.12 from pot
*** SUMMARY ***
Total pot $0.12 | Rake $0 | Jackpot $0 | Bingo $0 | Fortune $0 | Tax $0
Seat 1: c3b26335 (small blind) folded before Flop
Seat 2: Hero (big blind) folded before Flop
Seat 3: 14199c folded before Flop (didn't bet)
Seat 4: 2cb3366b folded before Flop (didn't bet)
Seat 5: 9d9aaab9 collected ($0.12)
Seat 6: af063562 (button) folded before Flop (didn't bet)


Poker Hand #HD1718580882: Hold'em No Limit ($0.02/$0.05) - 2024/04/06 19:02:21
Table 'NLHBlue14' 6-max Seat #5 is the button
Seat 1: c3b26335 ($0.7 in chips)
Seat 2: Hero ($7.41 in chips)
Seat 3: 14199c ($5.65 in chips)
Seat 4: 2cb3366b ($3.83 in chips)
Seat 5: 9d9aaab9 ($5.77 in chips)
Seat 6: af063562 ($6.6 in chips)
af063562: posts small blind $0.02
c3b26335: posts big blind $0.05
*** HOLE CARDS ***
Dealt to c3b26335 
Dealt to Hero [Qc 8d]
Dealt to 14199c 
Dealt to 2cb3366b 
Dealt to 9d9aaab9 
Dealt to af063562 
Hero: folds
14199c: folds
2cb3366b: calls $0.05
9d9aaab9: folds
af063562: raises $0.15 to $0.2
c3b26335: folds
2cb3366b: folds
Uncalled bet ($0.15) returned to af063562
*** SHOWDOWN ***
af063562 collected $0.15 from pot
*** SUMMARY ***
Total pot $0.15 | Rake $0 | Jackpot $0 | Bingo $0 | Fortune $0 | Tax $0
Seat 1: c3b26335 (big blind) folded before Flop
Seat 2: Hero folded before Flop (didn't bet)
Seat 3: 14199c folded before Flop (didn't bet)
Seat 4: 2cb3366b folded before Flop
Seat 5: 9d9aaab9 (button) folded before Flop (didn't bet)
Seat 6: af063562 (small blind) collected ($0.15)


Poker Hand #HD1718580843: Hold'em No Limit ($0.02/$0.05) - 2024/04/06 19:02:00
Table 'NLHBlue14' 6-max Seat #4 is the button
Seat 1: c3b26335 ($0.63 in chips)
Seat 2: Hero ($7.41 in chips)
Seat 3: 14199c ($5.65 in chips)
Seat 4: 2cb3366b ($3.83 in chips)
Seat 5: 9d9aaab9 ($5.79 in chips)
Seat 6: af063562 ($6.65 in chips)
9d9aaab9: posts small blind $0.02
af063562: posts big blind $0.05
*** HOLE CARDS ***
Dealt to c3b26335 
Dealt to Hero [Js Ah]
Dealt to 14199c 
Dealt to 2cb3366b 
Dealt to 9d9aaab9 
Dealt to af063562 
c3b26335: raises $0.13 to $0.18
Hero: folds
14199c: folds
2cb3366b: folds
9d9aaab9: folds
af063562: folds
Uncalled bet ($0.13) returned to c3b26335
*** SHOWDOWN ***
c3b26335 collected $0.12 from pot
*** SUMMARY ***
Total pot $0.12 | Rake $0 | Jackpot $0 | Bingo $0 | Fortune $0 | Tax $0
Seat 1: c3b26335 collected ($0.12)
Seat 2: Hero folded before Flop (didn't bet)
Seat 3: 14199c folded before Flop (didn't bet)
Seat 4: 2cb3366b (button) folded before Flop (didn't bet)
Seat 5: 9d9aaab9 (small blind) folded before Flop
Seat 6: af063562 (big blind) folded before Flop


Poker Hand #HD1718580724: Hold'em No Limit ($0.02/$0.05) - 2024/04/06 19:01:06
Table 'NLHBlue14' 6-max Seat #3 is the button
Seat 1: c3b26335 ($0.63 in chips)
Seat 2: Hero ($7.41 in chips)
Seat 3: 14199c ($5.65 in chips)
Seat 4: 2cb3366b ($3.59 in chips)
Seat 5: 9d9aaab9 ($6.05 in chips)
Seat 6: af063562 ($6.65 in chips)
2cb3366b: posts small blind $0.02
9d9aaab9: posts big blind $0.05
*** HOLE CARDS ***
Dealt to c3b26335 
Dealt to Hero [2s 9c]
Dealt to 14199c 
Dealt to 2cb3366b 
Dealt to 9d9aaab9 
Dealt to af063562 
af063562: folds
c3b26335: folds
Hero: folds
14199c: folds
2cb3366b: calls $0.03
9d9aaab9: checks
*** FLOP *** [Jh Tc Kh]
2cb3366b: bets $0.08
9d9aaab9: calls $0.08
*** TURN *** [Jh Tc Kh] [Qh]
2cb3366b: checks
9d9aaab9: checks
*** RIVER *** [Jh Tc Kh Qh] [6s]
2cb3366b: bets $0.13
9d9aaab9: calls $0.13
2cb3366b: shows [Ks 8h] (Pair of Kings)
9d9aaab9: shows [Qd 5c] (Pair of Queens)
*** SHOWDOWN ***
2cb3366b collected $0.5 from pot
*** SUMMARY ***
Total pot $0.52 | Rake $0.02 | Jackpot $0 | Bingo $0 | Fortune $0 | Tax $0
Board [Jh Tc Kh Qh 6s]
Seat 1: c3b26335 folded before Flop (didn't bet)
Seat 2: Hero folded before Flop (didn't bet)
Seat 3: 14199c (button) folded before Flop (didn't bet)
Seat 4: 2cb3366b (small blind) showed [Ks 8h] and won ($0.5) with Pair of Kings
Seat 5: 9d9aaab9 (big blind) showed [Qd 5c] and lost with Pair of Queens
Seat 6: af063562 folded before Flop (didn't bet)


Poker Hand #HD1718580651: Hold'em No Limit ($0.02/$0.05) - 2024/04/06 19:00:31
Table 'NLHBlue14' 6-max Seat #2 is the button
Seat 1: c3b26335 ($0.63 in chips)
Seat 2: Hero ($7.54 in chips)
Seat 3: 14199c ($5.67 in chips)
Seat 4: 2cb3366b ($3.45 in chips)
Seat 5: 9d9aaab9 ($6.05 in chips)
Seat 6: af063562 ($6.65 in chips)
14199c: posts small blind $0.02
2cb3366b: posts big blind $0.05
*** HOLE CARDS ***
Dealt to c3b26335 
Dealt to Hero [Qd Jh]
Dealt to 14199c 
Dealt to 2cb3366b 
Dealt to 9d9aaab9 
Dealt to af063562 
9d9aaab9: folds
af063562: folds
c3b26335: folds
Hero: raises $0.08 to $0.13
14199c: folds
2cb3366b: calls $0.08
*** FLOP *** [7h 5h Tc]
2cb3366b: checks
Hero: checks
*** TURN *** [7h 5h Tc] [6s]
2cb3366b: bets $0.21
Hero: folds
Uncalled bet ($0.21) returned to 2cb3366b
*** SHOWDOWN ***
2cb3366b collected $0.27 from pot
*** SUMMARY ***
Total pot $0.28 | Rake $0.01 | Jackpot $0 | Bingo $0 | Fortune $0 | Tax $0
Board [7h 5h Tc 6s]
Seat 1: c3b26335 folded before Flop (didn't bet)
Seat 2: Hero (button) folded on the Turn
Seat 3: 14199c (small blind) folded before Flop
Seat 4: 2cb3366b (big blind) won ($0.27)
Seat 5: 9d9aaab9 folded before Flop (didn't bet)
Seat 6: af063562 folded before Flop (didn't bet)


Poker Hand #HD1718580451: Hold'em No Limit ($0.02/$0.05) - 2024/04/06 18:58:50
Table 'NLHBlue14' 6-max Seat #1 is the button
Seat 1: c3b26335 ($1.18 in chips)
Seat 2: Hero ($7.56 in chips)
Seat 3: 14199c ($5 in chips)
Seat 4: 2cb3366b ($3.61 in chips)
Seat 5: 9d9aaab9 ($6.05 in chips)
Seat 6: af063562 ($6.65 in chips)
Hero: posts small blind $0.02
14199c: posts big blind $0.05
*** HOLE CARDS ***
Dealt to c3b26335 
Dealt to Hero [5s Ad]
Dealt to 14199c 
Dealt to 2cb3366b 
Dealt to 9d9aaab9 
Dealt to af063562 
2cb3366b: calls $0.05
9d9aaab9: folds
af063562: folds
c3b26335: calls $0.05
Hero: folds
14199c: checks
*** FLOP *** [Td 5c 7c]
14199c: checks
2cb3366b: checks
c3b26335: bets $0.11
14199c: calls $0.11
2cb3366b: calls $0.11
*** TURN *** [Td 5c 7c] [Js]
14199c: checks
2cb3366b: checks
c3b26335: bets $0.39
14199c: raises $0.97 to $1.36
2cb3366b: folds
c3b26335: folds
Uncalled bet ($0.97) returned to 14199c
*** SHOWDOWN ***
14199c collected $1.22 from pot
*** SUMMARY ***
Total pot $1.28 | Rake $0.06 | Jackpot $0 | Bingo $0 | Fortune $0 | Tax $0
Board [Td 5c 7c Js]
Seat 1: c3b26335 (button) folded on the Turn
Seat 2: Hero (small blind) folded before Flop
Seat 3: 14199c (big blind) won ($1.22)
Seat 4: 2cb3366b folded on the Turn
Seat 5: 9d9aaab9 folded before Flop (didn't bet)
Seat 6: af063562 folded before Flop (didn't bet)


Poker Hand #HD1718580388: Hold'em No Limit ($0.02/$0.05) - 2024/04/06 18:58:24
Table 'NLHBlue14' 6-max Seat #6 is the button
Seat 1: c3b26335 ($1.2 in chips)
Seat 2: Hero ($7.54 in chips)
Seat 3: 14199c ($5 in chips)
Seat 4: 2cb3366b ($3.61 in chips)
Seat 5: 9d9aaab9 ($6.05 in chips)
Seat 6: af063562 ($6.65 in chips)
c3b26335: posts small blind $0.02
Hero: posts big blind $0.05
*** HOLE CARDS ***
Dealt to c3b26335 
Dealt to Hero [9c 5c]
Dealt to 14199c 
Dealt to 2cb3366b 
Dealt to 9d9aaab9 
Dealt to af063562 
14199c: folds
2cb3366b: folds
9d9aaab9: folds
af063562: folds
c3b26335: folds
Uncalled bet ($0.03) returned to Hero
*** SHOWDOWN ***
Hero collected $0.04 from pot
*** SUMMARY ***
Total pot $0.04 | Rake $0 | Jackpot $0 | Bingo $0 | Fortune $0 | Tax $0
Seat 1: c3b26335 (small blind) folded before Flop
Seat 2: Hero (big blind) collected ($0.04)
Seat 3: 14199c folded before Flop (didn't bet)
Seat 4: 2cb3366b folded before Flop (didn't bet)
Seat 5: 9d9aaab9 folded before Flop (didn't bet)
Seat 6: af063562 (button) folded before Flop (didn't bet)


Poker Hand #HD1718580302: Hold'em No Limit ($0.02/$0.05) - 2024/04/06 18:57:47
Table 'NLHBlue14' 6-max Seat #5 is the button
Seat 1: c3b26335 ($1.25 in chips)
Seat 2: Hero ($7.54 in chips)
Seat 3: 14199c ($5 in chips)
Seat 4: 2cb3366b ($3.66 in chips)
Seat 5: 9d9aaab9 ($6.05 in chips)
Seat 6: af063562 ($6.55 in chips)
af063562: posts small blind $0.02
c3b26335: posts big blind $0.05
*** HOLE CARDS ***
Dealt to c3b26335 
Dealt to Hero [8d 5d]
Dealt to 14199c 
Dealt to 2cb3366b 
Dealt to 9d9aaab9 
Dealt to af063562 
Hero: folds
14199c: folds
2cb3366b: calls $0.05
9d9aaab9: folds
af063562: raises $0.23 to $0.28
c3b26335: folds
2cb3366b: folds
Uncalled bet ($0.23) returned to af063562
*** SHOWDOWN ***
af063562 collected $0.15 from pot
*** SUMMARY ***
Total pot $0.15 | Rake $0 | Jackpot $0 | Bingo $0 | Fortune $0 | Tax $0
Seat 1: c3b26335 (big blind) folded before Flop
Seat 2: Hero folded before Flop (didn't bet)
Seat 3: 14199c folded before Flop (didn't bet)
Seat 4: 2cb3366b folded before Flop
Seat 5: 9d9aaab9 (button) folded before Flop (didn't bet)
Seat 6: af063562 (small blind) collected ($0.15)


Poker Hand #HD1718580200: Hold'em No Limit ($0.02/$0.05) - 2024/04/06 18:56:50
Table 'NLHBlue14' 6-max Seat #4 is the button
Seat 1: c3b26335 ($0.62 in chips)
Seat 2: Hero ($7.54 in chips)
Seat 3: 14199c ($5 in chips)
Seat 4: 2cb3366b ($3.66 in chips)
Seat 5: 9d9aaab9 ($6.07 in chips)
Seat 6: af063562 ($6.6 in chips)
9d9aaab9: posts small blind $0.02
af063562: posts big blind $0.05
*** HOLE CARDS ***
Dealt to c3b26335 
Dealt to Hero [Kd 5c]
Dealt to 14199c 
Dealt to 2cb3366b 
Dealt to 9d9aaab9 
Dealt to af063562 
c3b26335: raises $0.57 to $0.62 and is all-in
Hero: folds
14199c: calls $0.62
2cb3366b: folds
9d9aaab9: folds
af063562: folds
c3b26335: shows [9c 9d]
14199c: shows [Ah 9h]
*** FLOP *** [Th Kc 7d]
*** TURN *** [Th Kc 7d] [5s]
*** RIVER *** [Th Kc 7d 5s] [8c]
*** SHOWDOWN ***
c3b26335 collected $1.25 from pot
*** SUMMARY ***
Total pot $1.31 | Rake $0.06 | Jackpot $0 | Bingo $0 | Fortune $0 | Tax $0
Board [Th Kc 7d 5s 8c]
Seat 1: c3b26335 showed [9c 9d] and won ($1.25) with Pair of Nines
Seat 2: Hero folded before Flop (didn't bet)
Seat 3: 14199c showed [Ah 9h] and lost with Ace-High
Seat 4: 2cb3366b (button) folded before Flop (didn't bet)
Seat 5: 9d9aaab9 (small blind) folded before Flop
Seat 6: af063562 (big blind) folded before Flop


Poker Hand #HD1718580174: Hold'em No Limit ($0.02/$0.05) - 2024/04/06 18:56:39
Table 'NLHBlue14' 6-max Seat #3 is the button
Seat 1: c3b26335 ($0.62 in chips)
Seat 2: Hero ($7.54 in chips)
Seat 3: 14199c ($5 in chips)
Seat 4: 2cb3366b ($3.68 in chips)
Seat 5: 9d9aaab9 ($6.05 in chips)
2cb3366b: posts small blind $0.02
9d9aaab9: posts big blind $0.05
*** HOLE CARDS ***
Dealt to c3b26335 
Dealt to Hero [Js 9c]
Dealt to 14199c 
Dealt to 2cb3366b 
Dealt to 9d9aaab9 
c3b26335: folds
Hero: folds
14199c: folds
2cb3366b: folds
Uncalled bet ($0.03) returned to 9d9aaab9
*** SHOWDOWN ***
9d9aaab9 collected $0.04 from pot
*** SUMMARY ***
Total pot $0.04 | Rake $0 | Jackpot $0 | Bingo $0 | Fortune $0 | Tax $0
Seat 1: c3b26335 folded before Flop (didn't bet)
Seat 2: Hero folded before Flop (didn't bet)
Seat 3: 14199c (button) folded before Flop (didn't bet)
Seat 4: 2cb3366b (small blind) folded before Flop
Seat 5: 9d9aaab9 (big blind) collected ($0.04)


Poker Hand #HD1718580147: Hold'em No Limit ($0.02/$0.05) - 2024/04/06 18:56:27
Table 'NLHBlue14' 6-max Seat #2 is the button
Seat 1: c3b26335 ($0.62 in chips)
Seat 2: Hero ($7.54 in chips)
Seat 3: 14199c ($5 in chips)
Seat 4: 2cb3366b ($3.66 in chips)
Seat 5: 9d9aaab9 ($6.05 in chips)
14199c: posts small blind $0.02
2cb3366b: posts big blind $0.05
*** HOLE CARDS ***
Dealt to c3b26335 
Dealt to Hero [8h 5h]
Dealt to 14199c 
Dealt to 2cb3366b 
Dealt to 9d9aaab9 
9d9aaab9: folds
c3b26335: folds
Hero: folds
14199c: folds
Uncalled bet ($0.03) returned to 2cb3366b
*** SHOWDOWN ***
2cb3366b collected $0.04 from pot
*** SUMMARY ***
Total pot $0.04 | Rake $0 | Jackpot $0 | Bingo $0 | Fortune $0 | Tax $0
Seat 1: c3b26335 folded before Flop (didn't bet)
Seat 2: Hero (button) folded before Flop (didn't bet)
Seat 3: 14199c (small blind) folded before Flop
Seat 4: 2cb3366b (big blind) collected ($0.04)
Seat 5: 9d9aaab9 folded before Flop (didn't bet)


Poker Hand #HD1718580077: Hold'em No Limit ($0.02/$0.05) - 2024/04/06 18:55:53
Table 'NLHBlue14' 6-max Seat #1 is the button
Seat 1: c3b26335 ($0.67 in chips)
Seat 2: Hero ($7.44 in chips)
Seat 3: 14199c ($5 in chips)
Seat 4: 2cb3366b ($3.66 in chips)
Seat 5: 9d9aaab9 ($6.05 in chips)
Hero: posts small blind $0.02
14199c: posts big blind $0.05
*** HOLE CARDS ***
Dealt to c3b26335 
Dealt to Hero [Qs Ad]
Dealt to 14199c 
Dealt to 2cb3366b 
Dealt to 9d9aaab9 
2cb3366b: folds
9d9aaab9: folds
c3b26335: calls $0.05
Hero: raises $0.15 to $0.2
14199c: folds
c3b26335: folds
Uncalled bet ($0.15) returned to Hero
*** SHOWDOWN ***
Hero collected $0.15 from pot
*** SUMMARY ***
Total pot $0.15 | Rake $0 | Jackpot $0 | Bingo $0 | Fortune $0 | Tax $0
Seat 1: c3b26335 (button) folded before Flop
Seat 2: Hero (small blind) collected ($0.15)
Seat 3: 14199c (big blind) folded before Flop
Seat 4: 2cb3366b folded before Flop (didn't bet)
Seat 5: 9d9aaab9 folded before Flop (didn't bet)


Poker Hand #HD1718579861: Hold'em No Limit ($0.02/$0.05) - 2024/04/06 18:54:07
Table 'NLHBlue14' 6-max Seat #5 is the button
Seat 1: c3b26335 ($0.69 in chips)
Seat 2: Hero ($7.91 in chips)
Seat 3: 14199c ($5 in chips)
Seat 4: 2cb3366b ($3.66 in chips)
Seat 5: 9d9aaab9 ($5.6 in chips)
c3b26335: posts small blind $0.02
Hero: posts big blind $0.05
*** HOLE CARDS ***
Dealt to c3b26335 
Dealt to Hero [Jh Tc]
Dealt to 14199c 
Dealt to 2cb3366b 
Dealt to 9d9aaab9 
14199c: folds
2cb3366b: folds
9d9aaab9: raises $0.08 to $0.13
c3b26335: folds
Hero: calls $0.08
*** FLOP *** [9s 5d Ts]
Hero: checks
9d9aaab9: bets $0.1
Hero: calls $0.1
*** TURN *** [9s 5d Ts] [5h]
Hero: checks
9d9aaab9: bets $0.24
Hero: calls $0.24
*** RIVER *** [9s 5d Ts 5h] [Ac]
Hero: checks
9d9aaab9: bets $0.75
Hero: folds
Uncalled bet ($0.75) returned to 9d9aaab9
*** SHOWDOWN ***
9d9aaab9 collected $0.92 from pot
*** SUMMARY ***
Total pot $0.96 | Rake $0.04 | Jackpot $0 | Bingo $0 | Fortune $0 | Tax $0
Board [9s 5d Ts 5h Ac]
Seat 1: c3b26335 (small blind) folded before Flop
Seat 2: Hero (big blind) folded on the River
Seat 3: 14199c folded before Flop (didn't bet)
Seat 4: 2cb3366b folded before Flop (didn't bet)
Seat 5: 9d9aaab9 (button) won ($0.92)


Poker Hand #HD1718579781: Hold'em No Limit ($0.02/$0.05) - 2024/04/06 18:53:25
Table 'NLHBlue14' 6-max Seat #4 is the button
Seat 1: c3b26335 ($0.74 in chips)
Seat 2: Hero ($7.91 in chips)
Seat 3: 14199c ($5.05 in chips)
Seat 4: 2cb3366b ($3.47 in chips)
Seat 5: 9d9aaab9 ($5.62 in chips)
9d9aaab9: posts small blind $0.02
c3b26335: posts big blind $0.05
*** HOLE CARDS ***
Dealt to c3b26335 
Dealt to Hero [9s 3c]
Dealt to 14199c 
Dealt to 2cb3366b 
Dealt to 9d9aaab9 
Hero: folds
14199c: raises $0.08 to $0.13
2cb3366b: calls $0.13
9d9aaab9: folds
c3b26335: folds
*** FLOP *** [Js 2s 6d]
14199c: checks
2cb3366b: bets $0.17
14199c: folds
Uncalled bet ($0.17) returned to 2cb3366b
*** SHOWDOWN ***
2cb3366b collected $0.32 from pot
*** SUMMARY ***
Total pot $0.33 | Rake $0.01 | Jackpot $0 | Bingo $0 | Fortune $0 | Tax $0
Board [Js 2s 6d]
Seat 1: c3b26335 (big blind) folded before Flop
Seat 2: Hero folded before Flop (didn't bet)
Seat 3: 14199c folded on the Flop
Seat 4: 2cb3366b (button) won ($0.32)
Seat 5: 9d9aaab9 (small blind) folded before Flop


Poker Hand #HD1718579743: Hold'em No Limit ($0.02/$0.05) - 2024/04/06 18:53:07
Table 'NLHBlue14' 6-max Seat #3 is the button
Seat 1: c3b26335 ($0.74 in chips)
Seat 2: Hero ($7.91 in chips)
Seat 3: 14199c ($5.05 in chips)
Seat 4: 2cb3366b ($3.49 in chips)
Seat 5: 9d9aaab9 ($5.6 in chips)
2cb3366b: posts small blind $0.02
9d9aaab9: posts big blind $0.05
*** HOLE CARDS ***
Dealt to c3b26335 
Dealt to Hero [2c Qh]
Dealt to 14199c 
Dealt to 2cb3366b 
Dealt to 9d9aaab9 
c3b26335: folds
Hero: folds
14199c: folds
2cb3366b: folds
Uncalled bet ($0.03) returned to 9d9aaab9
*** SHOWDOWN ***
9d9aaab9 collected $0.04 from pot
*** SUMMARY ***
Total pot $0.04 | Rake $0 | Jackpot $0 | Bingo $0 | Fortune $0 | Tax $0
Seat 1: c3b26335 folded before Flop (didn't bet)
Seat 2: Hero folded before Flop (didn't bet)
Seat 3: 14199c (button) folded before Flop (didn't bet)
Seat 4: 2cb3366b (small blind) folded before Flop
Seat 5: 9d9aaab9 (big blind) collected ($0.04)


Poker Hand #HD1718579713: Hold'em No Limit ($0.02/$0.05) - 2024/04/06 18:52:51
Table 'NLHBlue14' 6-max Seat #2 is the button
Seat 1: c3b26335 ($0.74 in chips)
Seat 2: Hero ($7.91 in chips)
Seat 3: 14199c ($5 in chips)
Seat 4: 2cb3366b ($3.54 in chips)
Seat 5: 9d9aaab9 ($5.6 in chips)
14199c: posts small blind $0.02
2cb3366b: posts big blind $0.05
*** HOLE CARDS ***
Dealt to c3b26335 
Dealt to Hero [4c 2s]
Dealt to 14199c 
Dealt to 2cb3366b 
Dealt to 9d9aaab9 
9d9aaab9: folds
c3b26335: folds
Hero: folds
14199c: raises $0.1 to $0.15
2cb3366b: folds
Uncalled bet ($0.1) returned to 14199c
*** SHOWDOWN ***
14199c collected $0.1 from pot
*** SUMMARY ***
Total pot $0.1 | Rake $0 | Jackpot $0 | Bingo $0 | Fortune $0 | Tax $0
Seat 1: c3b26335 folded before Flop (didn't bet)
Seat 2: Hero (button) folded before Flop (didn't bet)
Seat 3: 14199c (small blind) collected ($0.1)
Seat 4: 2cb3366b (big blind) folded before Flop
Seat 5: 9d9aaab9 folded before Flop (didn't bet)


Poker Hand #HD1718579585: Hold'em No Limit ($0.02/$0.05) - 2024/04/06 18:51:39
Table 'NLHBlue14' 6-max Seat #1 is the button
Seat 1: c3b26335 ($0.74 in chips)
Seat 2: Hero ($7.93 in chips)
Seat 3: 14199c ($5 in chips)
Seat 4: 2cb3366b ($3.15 in chips)
Seat 5: 9d9aaab9 ($5.95 in chips)
Seat 6: af063562 ($6.6 in chips)
Hero: posts small blind $0.02
14199c: posts big blind $0.05
*** HOLE CARDS ***
Dealt to c3b26335 
Dealt to Hero [2c Ks]
Dealt to 14199c 
Dealt to 2cb3366b 
Dealt to 9d9aaab9 
Dealt to af063562 
2cb3366b: calls $0.05
9d9aaab9: raises $0.15 to $0.2
af063562: folds
c3b26335: folds
Hero: folds
14199c: folds
2cb3366b: calls $0.15
*** FLOP *** [9s 3s 4s]
2cb3366b: checks
9d9aaab9: bets $0.15
2cb3366b: calls $0.15
*** TURN *** [9s 3s 4s] [7c]
2cb3366b: checks
9d9aaab9: checks
*** RIVER *** [9s 3s 4s 7c] [6s]
2cb3366b: checks
9d9aaab9: checks
2cb3366b: shows [7h 4d] (Pair of Sevens and Pair of Fours)
9d9aaab9: shows [Kd Qh] (King-High)
*** SHOWDOWN ***
2cb3366b collected $0.74 from pot
*** SUMMARY ***
Total pot $0.77 | Rake $0.03 | Jackpot $0 | Bingo $0 | Fortune $0 | Tax $0
Board [9s 3s 4s 7c 6s]
Seat 1: c3b26335 (button) folded before Flop (didn't bet)
Seat 2: Hero (small blind) folded before Flop
Seat 3: 14199c (big blind) folded before Flop
Seat 4: 2cb3366b showed [7h 4d] and won ($0.74) with Pair of Sevens and Pair of Fours
Seat 5: 9d9aaab9 showed [Kd Qh] and lost with King-High
Seat 6: af063562 folded before Flop (didn't bet)


Poker Hand #HD1718579515: Hold'em No Limit ($0.02/$0.05) - 2024/04/06 18:51:02
Table 'NLHBlue14' 6-max Seat #6 is the button
Seat 1: c3b26335 ($0.76 in chips)
Seat 2: Hero ($7.62 in chips)
Seat 3: 14199c ($5 in chips)
Seat 4: 2cb3366b ($3.47 in chips)
Seat 5: 9d9aaab9 ($5.95 in chips)
Seat 6: af063562 ($6.6 in chips)
c3b26335: posts small blind $0.02
Hero: posts big blind $0.05
*** HOLE CARDS ***
Dealt to c3b26335 
Dealt to Hero [Th As]
Dealt to 14199c 
Dealt to 2cb3366b 
Dealt to 9d9aaab9 
Dealt to af063562 
14199c: folds
2cb3366b: raises $0.05 to $0.1
9d9aaab9: folds
af063562: folds
c3b26335: folds
Hero: calls $0.05
*** FLOP *** [8s 5h Jc]
Hero: checks
2cb3366b: checks
*** TURN *** [8s 5h Jc] [4c]
Hero: checks
2cb3366b: checks
*** RIVER *** [8s 5h Jc 4c] [2c]
Hero: checks
2cb3366b: bets $0.22
Hero: calls $0.22
2cb3366b: shows [6d Ah] (Ace-High)
Hero: shows [Th As] (Ace-High)
*** SHOWDOWN ***
Hero collected $0.63 from pot
*** SUMMARY ***
Total pot $0.66 | Rake $0.03 | Jackpot $0 | Bingo $0 | Fortune $0 | Tax $0
Board [8s 5h Jc 4c 2c]
Seat 1: c3b26335 (small blind) folded before Flop
Seat 2: Hero (big blind) showed [Th As] and won ($0.63) with Ace-High
Seat 3: 14199c folded before Flop (didn't bet)
Seat 4: 2cb3366b showed [6d Ah] and lost with Ace-High
Seat 5: 9d9aaab9 folded before Flop (didn't bet)
Seat 6: af063562 (button) folded before Flop (didn't bet)


Poker Hand #HD1718579435: Hold'em No Limit ($0.02/$0.05) - 2024/04/06 18:50:23
Table 'NLHBlue14' 6-max Seat #5 is the button
Seat 1: c3b26335 ($0.81 in chips)
Seat 2: Hero ($7.62 in chips)
Seat 3: 14199c ($5 in chips)
Seat 4: 2cb3366b ($3.57 in chips)
Seat 5: 9d9aaab9 ($5.79 in chips)
Seat 6: af063562 ($6.62 in chips)
af063562: posts small blind $0.02
c3b26335: posts big blind $0.05
*** HOLE CARDS ***
Dealt to c3b26335 
Dealt to Hero [4c 8h]
Dealt to 14199c 
Dealt to 2cb3366b 
Dealt to 9d9aaab9 
Dealt to af063562 
Hero: folds
14199c: folds
2cb3366b: raises $0.05 to $0.1
9d9aaab9: raises $0.3 to $0.4
af063562: folds
c3b26335: folds
2cb3366b: folds
Uncalled bet ($0.3) returned to 9d9aaab9
*** SHOWDOWN ***
9d9aaab9 collected $0.26 from pot
*** SUMMARY ***
Total pot $0.27 | Rake $0.01 | Jackpot $0 | Bingo $0 | Fortune $0 | Tax $0
Seat 1: c3b26335 (big blind) folded before Flop
Seat 2: Hero folded before Flop (didn't bet)
Seat 3: 14199c folded before Flop (didn't bet)
Seat 4: 2cb3366b folded before Flop
Seat 5: 9d9aaab9 (button) collected ($0.26)
Seat 6: af063562 (small blind) folded before Flop


Poker Hand #HD1718579405: Hold'em No Limit ($0.02/$0.05) - 2024/04/06 18:50:06
Table 'NLHBlue14' 6-max Seat #4 is the button
Seat 1: c3b26335 ($0.81 in chips)
Seat 2: Hero ($7.62 in chips)
Seat 3: 14199c ($5 in chips)
Seat 4: 2cb3366b ($3.57 in chips)
Seat 5: 9d9aaab9 ($5.81 in chips)
Seat 6: af063562 ($6.6 in chips)
9d9aaab9: posts small blind $0.02
af063562: posts big blind $0.05
*** HOLE CARDS ***
Dealt to c3b26335 
Dealt to Hero [5c Kc]
Dealt to 14199c 
Dealt to 2cb3366b 
Dealt to 9d9aaab9 
Dealt to af063562 
c3b26335: folds
Hero: folds
14199c: folds
2cb3366b: folds
9d9aaab9: folds
Uncalled bet ($0.03) returned to af063562
*** SHOWDOWN ***
af063562 collected $0.04 from pot
*** SUMMARY ***
Total pot $0.04 | Rake $0 | Jackpot $0 | Bingo $0 | Fortune $0 | Tax $0
Seat 1: c3b26335 folded before Flop (didn't bet)
Seat 2: Hero folded before Flop (didn't bet)
Seat 3: 14199c folded before Flop (didn't bet)
Seat 4: 2cb3366b (button) folded before Flop (didn't bet)
Seat 5: 9d9aaab9 (small blind) folded before Flop
Seat 6: af063562 (big blind) collected ($0.04)


Poker Hand #HD1718579369: Hold'em No Limit ($0.02/$0.05) - 2024/04/06 18:49:50
Table 'NLHBlue14' 6-max Seat #3 is the button
Seat 1: c3b26335 ($0.81 in chips)
Seat 2: Hero ($7.62 in chips)
Seat 3: 14199c ($5 in chips)
Seat 4: 2cb3366b ($3.62 in chips)
Seat 5: 9d9aaab9 ($5.76 in chips)
Seat 6: af063562 ($6.6 in chips)
2cb3366b: posts small blind $0.02
9d9aaab9: posts big blind $0.05
*** HOLE CARDS ***
Dealt to c3b26335 
Dealt to Hero [Tc 3d]
Dealt to 14199c 
Dealt to 2cb3366b 
Dealt to 9d9aaab9 
Dealt to af063562 
af063562: folds
c3b26335: folds
Hero: folds
14199c: folds
2cb3366b: calls $0.03
9d9aaab9: raises $0.15 to $0.2
2cb3366b: folds
Uncalled bet ($0.15) returned to 9d9aaab9
*** SHOWDOWN ***
9d9aaab9 collected $0.1 from pot
*** SUMMARY ***
Total pot $0.1 | Rake $0 | Jackpot $0 | Bingo $0 | Fortune $0 | Tax $0
Seat 1: c3b26335 folded before Flop (didn't bet)
Seat 2: Hero folded before Flop (didn't bet)
Seat 3: 14199c (button) folded before Flop (didn't bet)
Seat 4: 2cb3366b (small blind) folded before Flop
Seat 5: 9d9aaab9 (big blind) collected ($0.1)
Seat 6: af063562 folded before Flop (didn't bet)


Poker Hand #HD1718579308: Hold'em No Limit ($0.02/$0.05) - 2024/04/06 18:49:18
Table 'NLHBlue14' 6-max Seat #2 is the button
Seat 1: c3b26335 ($0.81 in chips)
Seat 2: Hero ($7.62 in chips)
Seat 3: 14199c ($5 in chips)
Seat 4: 2cb3366b ($3.75 in chips)
Seat 5: 9d9aaab9 ($5.62 in chips)
Seat 6: af063562 ($6.6 in chips)
14199c: posts small blind $0.02
2cb3366b: posts big blind $0.05
*** HOLE CARDS ***
Dealt to c3b26335 
Dealt to Hero [3s Tc]
Dealt to 14199c 
Dealt to 2cb3366b 
Dealt to 9d9aaab9 
Dealt to af063562 
9d9aaab9: raises $0.08 to $0.13
af063562: folds
c3b26335: folds
Hero: folds
14199c: folds
2cb3366b: calls $0.08
*** FLOP *** [Js Qh 4c]
2cb3366b: checks
9d9aaab9: bets $0.1
2cb3366b: folds
Uncalled bet ($0.1) returned to 9d9aaab9
*** SHOWDOWN ***
9d9aaab9 collected $0.27 from pot
*** SUMMARY ***
Total pot $0.28 | Rake $0.01 | Jackpot $0 | Bingo $0 | Fortune $0 | Tax $0
Board [Js Qh 4c]
Seat 1: c3b26335 folded before Flop (didn't bet)
Seat 2: Hero (button) folded before Flop (didn't bet)
Seat 3: 14199c (small blind) folded before Flop
Seat 4: 2cb3366b (big blind) folded on the Flop
Seat 5: 9d9aaab9 won ($0.27)
Seat 6: af063562 folded before Flop (didn't bet)


Poker Hand #HD1718579205: Hold'em No Limit ($0.02/$0.05) - 2024/04/06 18:48:26
Table 'NLHBlue14' 6-max Seat #1 is the button
Seat 1: c3b26335 ($0.81 in chips)
Seat 2: Hero ($7.64 in chips)
Seat 3: 14199c ($5 in chips)
Seat 4: 2cb3366b ($3.85 in chips)
Seat 5: 9d9aaab9 ($5.46 in chips)
Seat 6: af063562 ($6.6 in chips)
Hero: posts small blind $0.02
14199c: posts big blind $0.05
*** HOLE CARDS ***
Dealt to c3b26335 
Dealt to Hero [2c 6c]
Dealt to 14199c 
Dealt to 2cb3366b 
Dealt to 9d9aaab9 
Dealt to af063562 
2cb3366b: raises $0.05 to $0.1
9d9aaab9: raises $0.3 to $0.4
af063562: folds
c3b26335: folds
Hero: folds
14199c: folds
2cb3366b: folds
Uncalled bet ($0.3) returned to 9d9aaab9
*** SHOWDOWN ***
9d9aaab9 collected $0.26 from pot
*** SUMMARY ***
Total pot $0.27 | Rake $0.01 | Jackpot $0 | Bingo $0 | Fortune $0 | Tax $0
Seat 1: c3b26335 (button) folded before Flop (didn't bet)
Seat 2: Hero (small blind) folded before Flop
Seat 3: 14199c (big blind) folded before Flop
Seat 4: 2cb3366b folded before Flop
Seat 5: 9d9aaab9 collected ($0.26)
Seat 6: af063562 folded before Flop (didn't bet)


Poker Hand #HD1718579102: Hold'em No Limit ($0.02/$0.05) - 2024/04/06 18:47:36
Table 'NLHBlue14' 6-max Seat #6 is the button
Seat 1: c3b26335 ($0.76 in chips)
Seat 2: Hero ($7.69 in chips)
Seat 3: 14199c ($5 in chips)
Seat 4: 2cb3366b ($3.85 in chips)
Seat 5: 9d9aaab9 ($5.46 in chips)
Seat 6: af063562 ($6.6 in chips)
c3b26335: posts small blind $0.02
Hero: posts big blind $0.05
*** HOLE CARDS ***
Dealt to c3b26335 
Dealt to Hero [3h 9h]
Dealt to 14199c 
Dealt to 2cb3366b 
Dealt to 9d9aaab9 
Dealt to af063562 
14199c: folds
2cb3366b: folds
9d9aaab9: folds
af063562: folds
c3b26335: calls $0.03
Hero: checks
*** FLOP *** [Jd 6s 3d]
c3b26335: checks
Hero: checks
*** TURN *** [Jd 6s 3d] [9d]
c3b26335: bets $0.07
Hero: folds
Uncalled bet ($0.07) returned to c3b26335
*** SHOWDOWN ***
c3b26335 collected $0.1 from pot
*** SUMMARY ***
Total pot $0.1 | Rake $0 | Jackpot $0 | Bingo $0 | Fortune $0 | Tax $0
Board [Jd 6s 3d 9d]
Seat 1: c3b26335 (small blind) won ($0.1)
Seat 2: Hero (big blind) folded on the Turn
Seat 3: 14199c folded before Flop (didn't bet)
Seat 4: 2cb3366b folded before Flop (didn't bet)
Seat 5: 9d9aaab9 folded before Flop (didn't bet)
Seat 6: af063562 (button) folded before Flop (didn't bet)


Poker Hand #HD1718579062: Hold'em No Limit ($0.02/$0.05) - 2024/04/06 18:47:13
Table 'NLHBlue14' 6-max Seat #5 is the button
Seat 1: c3b26335 ($0.81 in chips)
Seat 2: Hero ($7.57 in chips)
Seat 3: 14199c ($5 in chips)
Seat 4: 2cb3366b ($3.9 in chips)
Seat 5: 9d9aaab9 ($5.46 in chips)
Seat 6: af063562 ($6.62 in chips)
af063562: posts small blind $0.02
c3b26335: posts big blind $0.05
2cb3366b: posts big blind $0.05
*** HOLE CARDS ***
Dealt to c3b26335 
Dealt to Hero [Jh Qh]
Dealt to 14199c 
Dealt to 2cb3366b 
Dealt to 9d9aaab9 
Dealt to af063562 
Hero: raises $0.05 to $0.1
14199c: folds
2cb3366b: folds
9d9aaab9: folds
af063562: folds
c3b26335: folds
Uncalled bet ($0.05) returned to Hero
*** SHOWDOWN ***
Hero collected $0.17 from pot
*** SUMMARY ***
Total pot $0.17 | Rake $0 | Jackpot $0 | Bingo $0 | Fortune $0 | Tax $0
Seat 1: c3b26335 (big blind) folded before Flop
Seat 2: Hero collected ($0.17)
Seat 3: 14199c folded before Flop (didn't bet)
Seat 4: 2cb3366b folded before Flop
Seat 5: 9d9aaab9 (button) folded before Flop (didn't bet)
Seat 6: af063562 (small blind) folded before Flop


Poker Hand #HD1718578988: Hold'em No Limit ($0.02/$0.05) - 2024/04/06 18:46:36
Table 'NLHBlue14' 6-max Seat #3 is the button
Seat 1: c3b26335 ($0.86 in chips)
Seat 2: Hero ($7.45 in chips)
Seat 3: 14199c ($5 in chips)
Seat 5: 9d9aaab9 ($5.48 in chips)
Seat 6: af063562 ($6.67 in chips)
9d9aaab9: posts small blind $0.02
af063562: posts big blind $0.05
*** HOLE CARDS ***
Dealt to c3b26335 
Dealt to Hero [As 5s]
Dealt to 14199c 
Dealt to 9d9aaab9 
Dealt to af063562 
c3b26335: calls $0.05
Hero: raises $0.1 to $0.15
14199c: folds
9d9aaab9: folds
af063562: folds
c3b26335: folds
Uncalled bet ($0.1) returned to Hero
*** SHOWDOWN ***
Hero collected $0.17 from pot
*** SUMMARY ***
Total pot $0.17 | Rake $0 | Jackpot $0 | Bingo $0 | Fortune $0 | Tax $0
Seat 1: c3b26335 folded before Flop
Seat 2: Hero collected ($0.17)
Seat 3: 14199c (button) folded before Flop (didn't bet)
Seat 5: 9d9aaab9 (small blind) folded before Flop
Seat 6: af063562 (big blind) folded before Flop


Poker Hand #HD1718578850: Hold'em No Limit ($0.02/$0.05) - 2024/04/06 18:45:29
Table 'NLHBlue14' 6-max Seat #2 is the button
Seat 1: c3b26335 ($0.86 in chips)
Seat 2: Hero ($6.99 in chips)
Seat 3: 14199c ($5 in chips)
Seat 5: 9d9aaab9 ($5.96 in chips)
Seat 6: af063562 ($6.67 in chips)
14199c: posts small blind $0.02
9d9aaab9: posts big blind $0.05
*** HOLE CARDS ***
Dealt to c3b26335 
Dealt to Hero [Ah 9s]
Dealt to 14199c 
Dealt to 9d9aaab9 
Dealt to af063562 
af063562: folds
c3b26335: folds
Hero: raises $0.08 to $0.13
14199c: folds
9d9aaab9: calls $0.08
*** FLOP *** [Ac 7h Qs]
9d9aaab9: checks
Hero: checks
*** TURN *** [Ac 7h Qs] [6d]
9d9aaab9: checks
Hero: bets $0.1
9d9aaab9: calls $0.1
*** RIVER *** [Ac 7h Qs 6d] [6h]
9d9aaab9: checks
Hero: bets $0.25
9d9aaab9: calls $0.25
Hero: shows [Ah 9s] (Pair of Aces and Pair of Sixes)
9d9aaab9: shows [Qd 8d] (Pair of Queens and Pair of Sixes)
*** SHOWDOWN ***
Hero collected $0.94 from pot
*** SUMMARY ***
Total pot $0.98 | Rake $0.04 | Jackpot $0 | Bingo $0 | Fortune $0 | Tax $0
Board [Ac 7h Qs 6d 6h]
Seat 1: c3b26335 folded before Flop (didn't bet)
Seat 2: Hero (button) showed [Ah 9s] and won ($0.94) with Pair of Aces and Pair of Sixes
Seat 3: 14199c (small blind) folded before Flop
Seat 5: 9d9aaab9 (big blind) showed [Qd 8d] and lost with Pair of Queens and Pair of Sixes
Seat 6: af063562 folded before Flop (didn't bet)


Poker Hand #HD1718578820: Hold'em No Limit ($0.02/$0.05) - 2024/04/06 18:45:14
Table 'NLHBlue14' 6-max Seat #1 is the button
Seat 1: c3b26335 ($0.86 in chips)
Seat 2: Hero ($6.94 in chips)
Seat 3: 14199c ($5 in chips)
Seat 4: 495a4201 ($5.07 in chips)
Seat 5: 9d9aaab9 ($5.96 in chips)
Seat 6: af063562 ($6.67 in chips)
Hero: posts small blind $0.02
14199c: posts big blind $0.05
*** HOLE CARDS ***
Dealt to c3b26335 
Dealt to Hero [Ts As]
Dealt to 14199c 
Dealt to 495a4201 
Dealt to 9d9aaab9 
Dealt to af063562 
495a4201: folds
9d9aaab9: folds
af063562: folds
c3b26335: folds
Hero: raises $0.1 to $0.15
14199c: folds
Uncalled bet ($0.1) returned to Hero
*** SHOWDOWN ***
Hero collected $0.1 from pot
*** SUMMARY ***
Total pot $0.1 | Rake $0 | Jackpot $0 | Bingo $0 | Fortune $0 | Tax $0
Seat 1: c3b26335 (button) folded before Flop (didn't bet)
Seat 2: Hero (small blind) collected ($0.1)
Seat 3: 14199c (big blind) folded before Flop
Seat 4: 495a4201 folded before Flop (didn't bet)
Seat 5: 9d9aaab9 folded before Flop (didn't bet)
Seat 6: af063562 folded before Flop (didn't bet)


Poker Hand #HD1718578789: Hold'em No Limit ($0.02/$0.05) - 2024/04/06 18:44:57
Table 'NLHBlue14' 6-max Seat #6 is the button
Seat 1: c3b26335 ($0.88 in chips)
Seat 2: Hero ($6.99 in chips)
Seat 4: 495a4201 ($5 in chips)
Seat 5: 9d9aaab9 ($5.96 in chips)
Seat 6: af063562 ($6.67 in chips)
c3b26335: posts small blind $0.02
Hero: posts big blind $0.05
*** HOLE CARDS ***
Dealt to c3b26335 
Dealt to Hero [4c Js]
Dealt to 495a4201 
Dealt to 9d9aaab9 
Dealt to af063562 
495a4201: raises $0.05 to $0.1
9d9aaab9: folds
af063562: folds
c3b26335: folds
Hero: folds
Uncalled bet ($0.05) returned to 495a4201
*** SHOWDOWN ***
495a4201 collected $0.12 from pot
*** SUMMARY ***
Total pot $0.12 | Rake $0 | Jackpot $0 | Bingo $0 | Fortune $0 | Tax $0
Seat 1: c3b26335 (small blind) folded before Flop
Seat 2: Hero (big blind) folded before Flop
Seat 4: 495a4201 collected ($0.12)
Seat 5: 9d9aaab9 folded before Flop (didn't bet)
Seat 6: af063562 (button) folded before Flop (didn't bet)


Poker Hand #HD1718578759: Hold'em No Limit ($0.02/$0.05) - 2024/04/06 18:44:40
Table 'NLHBlue14' 6-max Seat #5 is the button
Seat 1: c3b26335 ($0.93 in chips)
Seat 2: Hero ($6.99 in chips)
Seat 4: 495a4201 ($5 in chips)
Seat 5: 9d9aaab9 ($5.89 in chips)
Seat 6: af063562 ($6.69 in chips)
af063562: posts small blind $0.02
c3b26335: posts big blind $0.05
*** HOLE CARDS ***
Dealt to c3b26335 
Dealt to Hero [Ac 7h]
Dealt to 495a4201 
Dealt to 9d9aaab9 
Dealt to af063562 
Hero: folds
495a4201: folds
9d9aaab9: raises $0.08 to $0.13
af063562: folds
c3b26335: folds
Uncalled bet ($0.08) returned to 9d9aaab9
*** SHOWDOWN ***
9d9aaab9 collected $0.12 from pot
*** SUMMARY ***
Total pot $0.12 | Rake $0 | Jackpot $0 | Bingo $0 | Fortune $0 | Tax $0
Seat 1: c3b26335 (big blind) folded before Flop
Seat 2: Hero folded before Flop (didn't bet)
Seat 4: 495a4201 folded before Flop (didn't bet)
Seat 5: 9d9aaab9 (button) collected ($0.12)
Seat 6: af063562 (small blind) folded before Flop


Poker Hand #HD1718578601: Hold'em No Limit ($0.02/$0.05) - 2024/04/06 18:43:26
Table 'NLHBlue14' 6-max Seat #4 is the button
Seat 1: c3b26335 ($0.93 in chips)
Seat 2: Hero ($6.99 in chips)
Seat 3: 589fa805 ($6.11 in chips)
Seat 4: 495a4201 ($5 in chips)
Seat 5: 9d9aaab9 ($5.94 in chips)
Seat 6: af063562 ($6.64 in chips)
9d9aaab9: posts small blind $0.02
af063562: posts big blind $0.05
*** HOLE CARDS ***
Dealt to c3b26335 
Dealt to Hero [5c 3h]
Dealt to 589fa805 
Dealt to 495a4201 
Dealt to 9d9aaab9 
Dealt to af063562 
c3b26335: folds
Hero: folds
589fa805: folds
495a4201: folds
9d9aaab9: calls $0.03
af063562: checks
*** FLOP *** [Qs Kh 5h]
9d9aaab9: checks
af063562: checks
*** TURN *** [Qs Kh 5h] [Th]
9d9aaab9: checks
af063562: checks
*** RIVER *** [Qs Kh 5h Th] [7c]
9d9aaab9: checks
af063562: checks
9d9aaab9: shows [Ac 6d] (Ace-High)
af063562: shows [8s Ts] (Pair of Tens)
*** SHOWDOWN ***
af063562 collected $0.1 from pot
*** SUMMARY ***
Total pot $0.1 | Rake $0 | Jackpot $0 | Bingo $0 | Fortune $0 | Tax $0
Board [Qs Kh 5h Th 7c]
Seat 1: c3b26335 folded before Flop (didn't bet)
Seat 2: Hero folded before Flop (didn't bet)
Seat 3: 589fa805 folded before Flop (didn't bet)
Seat 4: 495a4201 (button) folded before Flop (didn't bet)
Seat 5: 9d9aaab9 (small blind) showed [Ac 6d] and lost with Ace-High
Seat 6: af063562 (big blind) showed [8s Ts] and won ($0.1) with Pair of Tens


Poker Hand #HD1718578576: Hold'em No Limit ($0.02/$0.05) - 2024/04/06 18:43:14
Table 'NLHBlue14' 6-max Seat #3 is the button
Seat 1: c3b26335 ($0.93 in chips)
Seat 2: Hero ($6.99 in chips)
Seat 3: 589fa805 ($6.11 in chips)
Seat 4: 495a4201 ($5 in chips)
Seat 5: 9d9aaab9 ($5.92 in chips)
Seat 6: af063562 ($6.64 in chips)
495a4201: posts small blind $0.02
9d9aaab9: posts big blind $0.05
*** HOLE CARDS ***
Dealt to c3b26335 
Dealt to Hero [7h 3c]
Dealt to 589fa805 
Dealt to 495a4201 
Dealt to 9d9aaab9 
Dealt to af063562 
af063562: folds
c3b26335: folds
Hero: folds
589fa805: folds
495a4201: folds
Uncalled bet ($0.03) returned to 9d9aaab9
*** SHOWDOWN ***
9d9aaab9 collected $0.04 from pot
*** SUMMARY ***
Total pot $0.04 | Rake $0 | Jackpot $0 | Bingo $0 | Fortune $0 | Tax $0
Seat 1: c3b26335 folded before Flop (didn't bet)
Seat 2: Hero folded before Flop (didn't bet)
Seat 3: 589fa805 (button) folded before Flop (didn't bet)
Seat 4: 495a4201 (small blind) folded before Flop
Seat 5: 9d9aaab9 (big blind) collected ($0.04)
Seat 6: af063562 folded before Flop (didn't bet)


Poker Hand #HD1718578483: Hold'em No Limit ($0.02/$0.05) - 2024/04/06 18:42:32
Table 'NLHBlue14' 6-max Seat #2 is the button
Seat 1: c3b26335 ($0.93 in chips)
Seat 2: Hero ($6.99 in chips)
Seat 3: 589fa805 ($6.24 in chips)
Seat 4: 495a4201 ($5 in chips)
Seat 5: 9d9aaab9 ($5.75 in chips)
Seat 6: af063562 ($6.64 in chips)
589fa805: posts small blind $0.02
495a4201: posts big blind $0.05
*** HOLE CARDS ***
Dealt to c3b26335 
Dealt to Hero [2d 6c]
Dealt to 589fa805 
Dealt to 495a4201 
Dealt to 9d9aaab9 
Dealt to af063562 
9d9aaab9: raises $0.08 to $0.13
af063562: folds
c3b26335: folds
Hero: folds
589fa805: calls $0.11
495a4201: folds
*** FLOP *** [Qs Js Ts]
589fa805: checks
9d9aaab9: checks
*** TURN *** [Qs Js Ts] [6h]
589fa805: checks
9d9aaab9: bets $0.16
589fa805: folds
Uncalled bet ($0.16) returned to 9d9aaab9
*** SHOWDOWN ***
9d9aaab9 collected $0.3 from pot
*** SUMMARY ***
Total pot $0.31 | Rake $0.01 | Jackpot $0 | Bingo $0 | Fortune $0 | Tax $0
Board [Qs Js Ts 6h]
Seat 1: c3b26335 folded before Flop (didn't bet)
Seat 2: Hero (button) folded before Flop (didn't bet)
Seat 3: 589fa805 (small blind) folded on the Turn
Seat 4: 495a4201 (big blind) folded before Flop
Seat 5: 9d9aaab9 won ($0.3)
Seat 6: af063562 folded before Flop (didn't bet)


Poker Hand #HD1718578444: Hold'em No Limit ($0.02/$0.05) - 2024/04/06 18:42:09
Table 'NLHBlue14' 6-max Seat #1 is the button
Seat 1: c3b26335 ($0.93 in chips)
Seat 2: Hero ($7.01 in chips)
Seat 3: 589fa805 ($6.29 in chips)
Seat 4: 495a4201 ($5 in chips)
Seat 5: 9d9aaab9 ($5.75 in chips)
Seat 6: af063562 ($6.57 in chips)
Hero: posts small blind $0.02
589fa805: posts big blind $0.05
*** HOLE CARDS ***
Dealt to c3b26335 
Dealt to Hero [8s Jd]
Dealt to 589fa805 
Dealt to 495a4201 
Dealt to 9d9aaab9 
Dealt to af063562 
495a4201: folds
9d9aaab9: folds
af063562: raises $0.05 to $0.1
c3b26335: folds
Hero: folds
589fa805: folds
Uncalled bet ($0.05) returned to af063562
*** SHOWDOWN ***
af063562 collected $0.12 from pot
*** SUMMARY ***
Total pot $0.12 | Rake $0 | Jackpot $0 | Bingo $0 | Fortune $0 | Tax $0
Seat 1: c3b26335 (button) folded before Flop (didn't bet)
Seat 2: Hero (small blind) folded before Flop
Seat 3: 589fa805 (big blind) folded before Flop
Seat 4: 495a4201 folded before Flop (didn't bet)
Seat 5: 9d9aaab9 folded before Flop (didn't bet)
Seat 6: af063562 collected ($0.12)


Poker Hand #HD1718578391: Hold'em No Limit ($0.02/$0.05) - 2024/04/06 18:41:45
Table 'NLHBlue14' 6-max Seat #6 is the button
Seat 1: c3b26335 ($0.95 in chips)
Seat 2: Hero ($7.06 in chips)
Seat 3: 589fa805 ($6.22 in chips)
Seat 4: 495a4201 ($5 in chips)
Seat 5: 9d9aaab9 ($5.75 in chips)
Seat 6: af063562 ($6.57 in chips)
c3b26335: posts small blind $0.02
Hero: posts big blind $0.05
*** HOLE CARDS ***
Dealt to c3b26335 
Dealt to Hero [Kh 5c]
Dealt to 589fa805 
Dealt to 495a4201 
Dealt to 9d9aaab9 
Dealt to af063562 
589fa805: raises $0.05 to $0.1
495a4201: folds
9d9aaab9: folds
af063562: folds
c3b26335: folds
Hero: folds
Uncalled bet ($0.05) returned to 589fa805
*** SHOWDOWN ***
589fa805 collected $0.12 from pot
*** SUMMARY ***
Total pot $0.12 | Rake $0 | Jackpot $0 | Bingo $0 | Fortune $0 | Tax $0
Seat 1: c3b26335 (small blind) folded before Flop
Seat 2: Hero (big blind) folded before Flop
Seat 3: 589fa805 collected ($0.12)
Seat 4: 495a4201 folded before Flop (didn't bet)
Seat 5: 9d9aaab9 folded before Flop (didn't bet)
Seat 6: af063562 (button) folded before Flop (didn't bet)


Poker Hand #HD1718578347: Hold'em No Limit ($0.02/$0.05) - 2024/04/06 18:41:22
Table 'NLHBlue14' 6-max Seat #5 is the button
Seat 1: c3b26335 ($1 in chips)
Seat 2: Hero ($7.06 in chips)
Seat 3: 589fa805 ($6.15 in chips)
Seat 4: 495a4201 ($5 in chips)
Seat 5: 9d9aaab9 ($5.75 in chips)
Seat 6: af063562 ($6.59 in chips)
af063562: posts small blind $0.02
c3b26335: posts big blind $0.05
*** HOLE CARDS ***
Dealt to c3b26335 
Dealt to Hero [8c 9d]
Dealt to 589fa805 
Dealt to 495a4201 
Dealt to 9d9aaab9 
Dealt to af063562 
Hero: folds
589fa805: raises $0.05 to $0.1
495a4201: folds
9d9aaab9: folds
af063562: folds
c3b26335: folds
Uncalled bet ($0.05) returned to 589fa805
*** SHOWDOWN ***
589fa805 collected $0.12 from pot
*** SUMMARY ***
Total pot $0.12 | Rake $0 | Jackpot $0 | Bingo $0 | Fortune $0 | Tax $0
Seat 1: c3b26335 (big blind) folded before Flop
Seat 2: Hero folded before Flop (didn't bet)
Seat 3: 589fa805 collected ($0.12)
Seat 4: 495a4201 folded before Flop (didn't bet)
Seat 5: 9d9aaab9 (button) folded before Flop (didn't bet)
Seat 6: af063562 (small blind) folded before Flop


Poker Hand #HD1718578310: Hold'em No Limit ($0.02/$0.05) - 2024/04/06 18:41:08
Table 'NLHBlue14' 6-max Seat #4 is the button
Seat 2: Hero ($7.06 in chips)
Seat 3: 589fa805 ($6.15 in chips)
Seat 4: 495a4201 ($5 in chips)
Seat 5: 9d9aaab9 ($5.7 in chips)
Seat 6: af063562 ($6.64 in chips)
9d9aaab9: posts small blind $0.02
af063562: posts big blind $0.05
*** HOLE CARDS ***
Dealt to Hero [Jd 5s]
Dealt to 589fa805 
Dealt to 495a4201 
Dealt to 9d9aaab9 
Dealt to af063562 
Hero: folds
589fa805: folds
495a4201: folds
9d9aaab9: raises $0.1 to $0.15
af063562: folds
Uncalled bet ($0.1) returned to 9d9aaab9
*** SHOWDOWN ***
9d9aaab9 collected $0.1 from pot
*** SUMMARY ***
Total pot $0.1 | Rake $0 | Jackpot $0 | Bingo $0 | Fortune $0 | Tax $0
Seat 2: Hero folded before Flop (didn't bet)
Seat 3: 589fa805 folded before Flop (didn't bet)
Seat 4: 495a4201 (button) folded before Flop (didn't bet)
Seat 5: 9d9aaab9 (small blind) collected ($0.1)
Seat 6: af063562 (big blind) folded before Flop


Poker Hand #HD1718578277: Hold'em No Limit ($0.02/$0.05) - 2024/04/06 18:40:50
Table 'NLHBlue14' 6-max Seat #3 is the button
Seat 2: Hero ($6.99 in chips)
Seat 3: 589fa805 ($6.15 in chips)
Seat 4: 495a4201 ($5 in chips)
Seat 5: 9d9aaab9 ($5.75 in chips)
Seat 6: af063562 ($6.64 in chips)
495a4201: posts small blind $0.02
9d9aaab9: posts big blind $0.05
*** HOLE CARDS ***
Dealt to Hero [As 8s]
Dealt to 589fa805 
Dealt to 495a4201 
Dealt to 9d9aaab9 
Dealt to af063562 
af063562: folds
Hero: raises $0.08 to $0.13
589fa805: folds
495a4201: folds
9d9aaab9: folds
Uncalled bet ($0.08) returned to Hero
*** SHOWDOWN ***
Hero collected $0.12 from pot
*** SUMMARY ***
Total pot $0.12 | Rake $0 | Jackpot $0 | Bingo $0 | Fortune $0 | Tax $0
Seat 2: Hero collected ($0.12)
Seat 3: 589fa805 (button) folded before Flop (didn't bet)
Seat 4: 495a4201 (small blind) folded before Flop
Seat 5: 9d9aaab9 (big blind) folded before Flop
Seat 6: af063562 folded before Flop (didn't bet)


Poker Hand #HD1718578191: Hold'em No Limit ($0.02/$0.05) - 2024/04/06 18:40:16
Table 'NLHBlue14' 6-max Seat #2 is the button
Seat 2: Hero ($6.99 in chips)
Seat 3: 589fa805 ($6.06 in chips)
Seat 4: 495a4201 ($5 in chips)
Seat 5: 9d9aaab9 ($5.75 in chips)
Seat 6: af063562 ($6.64 in chips)
589fa805: posts small blind $0.02
495a4201: posts big blind $0.05
*** HOLE CARDS ***
Dealt to Hero [Qd 7c]
Dealt to 589fa805 
Dealt to 495a4201 
Dealt to 9d9aaab9 
Dealt to af063562 
9d9aaab9: folds
af063562: folds
Hero: folds
589fa805: raises $0.05 to $0.1
495a4201: calls $0.05
*** FLOP *** [7d Td 6c]
589fa805: bets $0.1
495a4201: folds
Uncalled bet ($0.1) returned to 589fa805
*** SHOWDOWN ***
589fa805 collected $0.19 from pot
*** SUMMARY ***
Total pot $0.2 | Rake $0.01 | Jackpot $0 | Bingo $0 | Fortune $0 | Tax $0
Board [7d Td 6c]
Seat 2: Hero (button) folded before Flop (didn't bet)
Seat 3: 589fa805 (small blind) won ($0.19)
Seat 4: 495a4201 (big blind) folded on the Flop
Seat 5: 9d9aaab9 folded before Flop (didn't bet)
Seat 6: af063562 folded before Flop (didn't bet)


Poker Hand #HD1718578137: Hold'em No Limit ($0.02/$0.05) - 2024/04/06 18:39:50
Table 'NLHBlue14' 6-max Seat #6 is the button
Seat 2: Hero ($7.01 in chips)
Seat 3: 589fa805 ($6.11 in chips)
Seat 4: 495a4201 ($5 in chips)
Seat 5: 9d9aaab9 ($5.57 in chips)
Seat 6: af063562 ($6.64 in chips)
Hero: posts small blind $0.02
589fa805: posts big blind $0.05
*** HOLE CARDS ***
Dealt to Hero [2h 5s]
Dealt to 589fa805 
Dealt to 495a4201 
Dealt to 9d9aaab9 
Dealt to af063562 
495a4201: raises $0.07 to $0.12
9d9aaab9: raises $0.33 to $0.45
af063562: folds
Hero: folds
589fa805: folds
495a4201: folds
Uncalled bet ($0.33) returned to 9d9aaab9
*** SHOWDOWN ***
9d9aaab9 collected $0.3 from pot
*** SUMMARY ***
Total pot $0.31 | Rake $0.01 | Jackpot $0 | Bingo $0 | Fortune $0 | Tax $0
Seat 2: Hero (small blind) folded before Flop
Seat 3: 589fa805 (big blind) folded before Flop
Seat 4: 495a4201 folded before Flop
Seat 5: 9d9aaab9 collected ($0.3)
Seat 6: af063562 (button) folded before Flop (didn't bet)


Poker Hand #HD1718578117: Hold'em No Limit ($0.02/$0.05) - 2024/04/06 18:39:40
Table 'NLHBlue14' 6-max Seat #5 is the button
Seat 2: Hero ($7.06 in chips)
Seat 3: 589fa805 ($6.04 in chips)
Seat 4: 495a4201 ($5 in chips)
Seat 5: 9d9aaab9 ($5.57 in chips)
Seat 6: af063562 ($6.66 in chips)
af063562: posts small blind $0.02
Hero: posts big blind $0.05
*** HOLE CARDS ***
Dealt to Hero [2c 5d]
Dealt to 589fa805 
Dealt to 495a4201 
Dealt to 9d9aaab9 
Dealt to af063562 
589fa805: raises $0.05 to $0.1
495a4201: folds
9d9aaab9: folds
af063562: folds
Hero: folds
Uncalled bet ($0.05) returned to 589fa805
*** SHOWDOWN ***
589fa805 collected $0.12 from pot
*** SUMMARY ***
Total pot $0.12 | Rake $0 | Jackpot $0 | Bingo $0 | Fortune $0 | Tax $0
Seat 2: Hero (big blind) folded before Flop
Seat 3: 589fa805 collected ($0.12)
Seat 4: 495a4201 folded before Flop (didn't bet)
Seat 5: 9d9aaab9 (button) folded before Flop (didn't bet)
Seat 6: af063562 (small blind) folded before Flop


Poker Hand #HD1718578090: Hold'em No Limit ($0.02/$0.05) - 2024/04/06 18:39:27
Table 'NLHBlue14' 6-max Seat #4 is the button
Seat 2: Hero ($7.06 in chips)
Seat 3: 589fa805 ($5.97 in chips)
Seat 4: 495a4201 ($5 in chips)
Seat 5: 9d9aaab9 ($5.59 in chips)
Seat 6: af063562 ($6.71 in chips)
9d9aaab9: posts small blind $0.02
af063562: posts big blind $0.05
*** HOLE CARDS ***
Dealt to Hero [5c 9d]
Dealt to 589fa805 
Dealt to 495a4201 
Dealt to 9d9aaab9 
Dealt to af063562 
Hero: folds
589fa805: raises $0.05 to $0.1
495a4201: folds
9d9aaab9: folds
af063562: folds
Uncalled bet ($0.05) returned to 589fa805
*** SHOWDOWN ***
589fa805 collected $0.12 from pot
*** SUMMARY ***
Total pot $0.12 | Rake $0 | Jackpot $0 | Bingo $0 | Fortune $0 | Tax $0
Seat 2: Hero folded before Flop (didn't bet)
Seat 3: 589fa805 collected ($0.12)
Seat 4: 495a4201 (button) folded before Flop (didn't bet)
Seat 5: 9d9aaab9 (small blind) folded before Flop
Seat 6: af063562 (big blind) folded before Flop


Poker Hand #HD1718578048: Hold'em No Limit ($0.02/$0.05) - 2024/04/06 18:39:06
Table 'NLHBlue14' 6-max Seat #3 is the button
Seat 2: Hero ($7.06 in chips)
Seat 3: 589fa805 ($5.97 in chips)
Seat 4: 495a4201 ($5 in chips)
Seat 5: 9d9aaab9 ($5.45 in chips)
Seat 6: af063562 ($6.71 in chips)
495a4201: posts small blind $0.02
9d9aaab9: posts big blind $0.05
*** HOLE CARDS ***
Dealt to Hero [5h Ks]
Dealt to 589fa805 
Dealt to 495a4201 
Dealt to 9d9aaab9 
Dealt to af063562 
af063562: folds
Hero: folds
589fa805: folds
495a4201: raises $0.1 to $0.15
9d9aaab9: raises $0.3 to $0.45
495a4201: folds
Uncalled bet ($0.3) returned to 9d9aaab9
*** SHOWDOWN ***
9d9aaab9 collected $0.29 from pot
*** SUMMARY ***
Total pot $0.3 | Rake $0.01 | Jackpot $0 | Bingo $0 | Fortune $0 | Tax $0
Seat 2: Hero folded before Flop (didn't bet)
Seat 3: 589fa805 (button) folded before Flop (didn't bet)
Seat 4: 495a4201 (small blind) folded before Flop
Seat 5: 9d9aaab9 (big blind) collected ($0.29)
Seat 6: af063562 folded before Flop (didn't bet)


Poker Hand #HD1718577941: Hold'em No Limit ($0.02/$0.05) - 2024/04/06 18:38:14
Table 'NLHBlue14' 6-max Seat #2 is the button
Seat 2: Hero ($6.32 in chips)
Seat 3: 589fa805 ($6.7 in chips)
Seat 4: 495a4201 ($5 in chips)
Seat 5: 9d9aaab9 ($5.45 in chips)
Seat 6: af063562 ($6.71 in chips)
589fa805: posts small blind $0.02
495a4201: posts big blind $0.05
*** HOLE CARDS ***
Dealt to Hero [Qd Ks]
Dealt to 589fa805 
Dealt to 495a4201 
Dealt to 9d9aaab9 
Dealt to af063562 
9d9aaab9: folds
af063562: folds
Hero: raises $0.08 to $0.13
589fa805: calls $0.11
495a4201: calls $0.08
*** FLOP *** [6d 3s Th]
589fa805: checks
495a4201: checks
Hero: checks
*** TURN *** [6d 3s Th] [Qc]
589fa805: bets $0.2
495a4201: folds
Hero: calls $0.2
*** RIVER *** [6d 3s Th Qc] [Qs]
589fa805: bets $0.4
Hero: raises $0.7 to $1.1
589fa805: folds
Uncalled bet ($0.7) returned to Hero
*** SHOWDOWN ***
Hero collected $1.47 from pot
*** SUMMARY ***
Total pot $1.59 | Rake $0.07 | Jackpot $0.05 | Bingo $0 | Fortune $0 | Tax $0
Board [6d 3s Th Qc Qs]
Seat 2: Hero (button) won ($1.47)
Seat 3: 589fa805 (small blind) folded on the River
Seat 4: 495a4201 (big blind) folded on the Turn
Seat 5: 9d9aaab9 folded before Flop (didn't bet)
Seat 6: af063562 folded before Flop (didn't bet)


Poker Hand #HD1718577908: Hold'em No Limit ($0.02/$0.05) - 2024/04/06 18:37:56
Table 'NLHBlue14' 6-max Seat #6 is the button
Seat 2: Hero ($6.34 in chips)
Seat 3: 589fa805 ($6.75 in chips)
Seat 4: 495a4201 ($5 in chips)
Seat 5: 9d9aaab9 ($5.45 in chips)
Seat 6: af063562 ($6.64 in chips)
Hero: posts small blind $0.02
589fa805: posts big blind $0.05
*** HOLE CARDS ***
Dealt to Hero [6s Jd]
Dealt to 589fa805 
Dealt to 495a4201 
Dealt to 9d9aaab9 
Dealt to af063562 
495a4201: folds
9d9aaab9: folds
af063562: raises $0.05 to $0.1
Hero: folds
589fa805: folds
Uncalled bet ($0.05) returned to af063562
*** SHOWDOWN ***
af063562 collected $0.12 from pot
*** SUMMARY ***
Total pot $0.12 | Rake $0 | Jackpot $0 | Bingo $0 | Fortune $0 | Tax $0
Seat 2: Hero (small blind) folded before Flop
Seat 3: 589fa805 (big blind) folded before Flop
Seat 4: 495a4201 folded before Flop (didn't bet)
Seat 5: 9d9aaab9 folded before Flop (didn't bet)
Seat 6: af063562 (button) collected ($0.12)


Poker Hand #HD1718577851: Hold'em No Limit ($0.02/$0.05) - 2024/04/06 18:37:28
Table 'NLHBlue14' 6-max Seat #5 is the button
Seat 2: Hero ($6.39 in chips)
Seat 3: 589fa805 ($6.68 in chips)
Seat 4: 495a4201 ($5 in chips)
Seat 5: 9d9aaab9 ($5.45 in chips)
Seat 6: af063562 ($6.66 in chips)
af063562: posts small blind $0.02
Hero: posts big blind $0.05
*** HOLE CARDS ***
Dealt to Hero [Qc 7c]
Dealt to 589fa805 
Dealt to 495a4201 
Dealt to 9d9aaab9 
Dealt to af063562 
589fa805: calls $0.05
495a4201: folds
9d9aaab9: folds
af063562: folds
Hero: checks
*** FLOP *** [Kd 6h 3s]
Hero: checks
589fa805: bets $0.06
Hero: folds
Uncalled bet ($0.06) returned to 589fa805
*** SHOWDOWN ***
589fa805 collected $0.12 from pot
*** SUMMARY ***
Total pot $0.12 | Rake $0 | Jackpot $0 | Bingo $0 | Fortune $0 | Tax $0
Board [Kd 6h 3s]
Seat 2: Hero (big blind) folded on the Flop
Seat 3: 589fa805 won ($0.12)
Seat 4: 495a4201 folded before Flop (didn't bet)
Seat 5: 9d9aaab9 (button) folded before Flop (didn't bet)
Seat 6: af063562 (small blind) folded before Flop


Poker Hand #HD1718577837: Hold'em No Limit ($0.02/$0.05) - 2024/04/06 18:37:21
Table 'NLHBlue14' 6-max Seat #4 is the button
Seat 1: 48018483 ($6.41 in chips)
Seat 2: Hero ($6.39 in chips)
Seat 3: 589fa805 ($6.68 in chips)
Seat 4: 495a4201 ($5 in chips)
Seat 5: 9d9aaab9 ($5.47 in chips)
Seat 6: af063562 ($6.64 in chips)
9d9aaab9: posts small blind $0.02
af063562: posts big blind $0.05
*** HOLE CARDS ***
Dealt to 48018483 
Dealt to Hero [Ks 2h]
Dealt to 589fa805 
Dealt to 495a4201 
Dealt to 9d9aaab9 
Dealt to af063562 
48018483: folds
Hero: folds
589fa805: folds
495a4201: folds
9d9aaab9: folds
Uncalled bet ($0.03) returned to af063562
*** SHOWDOWN ***
af063562 collected $0.04 from pot
*** SUMMARY ***
Total pot $0.04 | Rake $0 | Jackpot $0 | Bingo $0 | Fortune $0 | Tax $0
Seat 1: 48018483 folded before Flop (didn't bet)
Seat 2: Hero folded before Flop (didn't bet)
Seat 3: 589fa805 folded before Flop (didn't bet)
Seat 4: 495a4201 (button) folded before Flop (didn't bet)
Seat 5: 9d9aaab9 (small blind) folded before Flop
Seat 6: af063562 (big blind) collected ($0.04)


Poker Hand #HD1718577782: Hold'em No Limit ($0.02/$0.05) - 2024/04/06 18:36:55
Table 'NLHBlue14' 6-max Seat #3 is the button
Seat 1: 48018483 ($6.41 in chips)
Seat 2: Hero ($6.23 in chips)
Seat 3: 589fa805 ($6.68 in chips)
Seat 4: 495a4201 ($5 in chips)
Seat 5: 9d9aaab9 ($5.52 in chips)
Seat 6: af063562 ($6.74 in chips)
495a4201: posts small blind $0.02
9d9aaab9: posts big blind $0.05
*** HOLE CARDS ***
Dealt to 48018483 
Dealt to Hero [Qc Ad]
Dealt to 589fa805 
Dealt to 495a4201 
Dealt to 9d9aaab9 
Dealt to af063562 
af063562: raises $0.05 to $0.1
48018483: folds
Hero: raises $0.27 to $0.37
589fa805: folds
495a4201: folds
9d9aaab9: folds
af063562: folds
Uncalled bet ($0.27) returned to Hero
*** SHOWDOWN ***
Hero collected $0.26 from pot
*** SUMMARY ***
Total pot $0.27 | Rake $0.01 | Jackpot $0 | Bingo $0 | Fortune $0 | Tax $0
Seat 1: 48018483 folded before Flop (didn't bet)
Seat 2: Hero collected ($0.26)
Seat 3: 589fa805 (button) folded before Flop (didn't bet)
Seat 4: 495a4201 (small blind) folded before Flop
Seat 5: 9d9aaab9 (big blind) folded before Flop
Seat 6: af063562 folded before Flop


Poker Hand #HD1718577736: Hold'em No Limit ($0.02/$0.05) - 2024/04/06 18:36:36
Table 'NLHBlue14' 6-max Seat #2 is the button
Seat 1: 48018483 ($6.41 in chips)
Seat 2: Hero ($6.23 in chips)
Seat 3: 589fa805 ($6.7 in chips)
Seat 4: 495a4201 ($5 in chips)
Seat 5: 9d9aaab9 ($5.45 in chips)
Seat 6: af063562 ($6.74 in chips)
589fa805: posts small blind $0.02
495a4201: posts big blind $0.05
*** HOLE CARDS ***
Dealt to 48018483 
Dealt to Hero [Kh Qc]
Dealt to 589fa805 
Dealt to 495a4201 
Dealt to 9d9aaab9 
Dealt to af063562 
9d9aaab9: raises $0.08 to $0.13
af063562: folds
48018483: folds
Hero: folds
589fa805: folds
495a4201: folds
Uncalled bet ($0.08) returned to 9d9aaab9
*** SHOWDOWN ***
9d9aaab9 collected $0.12 from pot
*** SUMMARY ***
Total pot $0.12 | Rake $0 | Jackpot $0 | Bingo $0 | Fortune $0 | Tax $0
Seat 1: 48018483 folded before Flop (didn't bet)
Seat 2: Hero (button) folded before Flop (didn't bet)
Seat 3: 589fa805 (small blind) folded before Flop
Seat 4: 495a4201 (big blind) folded before Flop
Seat 5: 9d9aaab9 collected ($0.12)
Seat 6: af063562 folded before Flop (didn't bet)


Poker Hand #HD1718577689: Hold'em No Limit ($0.02/$0.05) - 2024/04/06 18:36:11
Table 'NLHBlue14' 6-max Seat #1 is the button
Seat 1: 48018483 ($6.41 in chips)
Seat 2: Hero ($6.18 in chips)
Seat 3: 589fa805 ($6.75 in chips)
Seat 4: 495a4201 ($5 in chips)
Seat 5: 9d9aaab9 ($5.45 in chips)
Seat 6: af063562 ($6.74 in chips)
Hero: posts small blind $0.02
589fa805: posts big blind $0.05
*** HOLE CARDS ***
Dealt to 48018483 
Dealt to Hero [2c 2h]
Dealt to 589fa805 
Dealt to 495a4201 
Dealt to 9d9aaab9 
Dealt to af063562 
495a4201: folds
9d9aaab9: folds
af063562: folds
48018483: folds
Hero: raises $0.1 to $0.15
589fa805: folds
Uncalled bet ($0.1) returned to Hero
*** SHOWDOWN ***
Hero collected $0.1 from pot
*** SUMMARY ***
Total pot $0.1 | Rake $0 | Jackpot $0 | Bingo $0 | Fortune $0 | Tax $0
Seat 1: 48018483 (button) folded before Flop (didn't bet)
Seat 2: Hero (small blind) collected ($0.1)
Seat 3: 589fa805 (big blind) folded before Flop
Seat 4: 495a4201 folded before Flop (didn't bet)
Seat 5: 9d9aaab9 folded before Flop (didn't bet)
Seat 6: af063562 folded before Flop (didn't bet)


Poker Hand #HD1718577662: Hold'em No Limit ($0.02/$0.05) - 2024/04/06 18:35:57
Table 'NLHBlue14' 6-max Seat #6 is the button
Seat 1: 48018483 ($6.43 in chips)
Seat 2: Hero ($6.16 in chips)
Seat 3: 589fa805 ($6.75 in chips)
Seat 4: 495a4201 ($5 in chips)
Seat 5: 9d9aaab9 ($5.45 in chips)
Seat 6: af063562 ($6.74 in chips)
48018483: posts small blind $0.02
Hero: posts big blind $0.05
*** HOLE CARDS ***
Dealt to 48018483 
Dealt to Hero [Ad As]
Dealt to 589fa805 
Dealt to 495a4201 
Dealt to 9d9aaab9 
Dealt to af063562 
589fa805: folds
495a4201: folds
9d9aaab9: folds
af063562: folds
48018483: folds
Uncalled bet ($0.03) returned to Hero
*** SHOWDOWN ***
Hero collected $0.04 from pot
*** SUMMARY ***
Total pot $0.04 | Rake $0 | Jackpot $0 | Bingo $0 | Fortune $0 | Tax $0
Seat 1: 48018483 (small blind) folded before Flop
Seat 2: Hero (big blind) collected ($0.04)
Seat 3: 589fa805 folded before Flop (didn't bet)
Seat 4: 495a4201 folded before Flop (didn't bet)
Seat 5: 9d9aaab9 folded before Flop (didn't bet)
Seat 6: af063562 (button) folded before Flop (didn't bet)


Poker Hand #HD1718577587: Hold'em No Limit ($0.02/$0.05) - 2024/04/06 18:35:21
Table 'NLHBlue14' 6-max Seat #5 is the button
Seat 1: 48018483 ($6.48 in chips)
Seat 2: Hero ($6.16 in chips)
Seat 3: 589fa805 ($6.68 in chips)
Seat 4: 495a4201 ($5 in chips)
Seat 5: 9d9aaab9 ($5.45 in chips)
Seat 6: af063562 ($6.76 in chips)
af063562: posts small blind $0.02
48018483: posts big blind $0.05
*** HOLE CARDS ***
Dealt to 48018483 
Dealt to Hero [8d 6h]
Dealt to 589fa805 
Dealt to 495a4201 
Dealt to 9d9aaab9 
Dealt to af063562 
Hero: folds
589fa805: calls $0.05
495a4201: folds
9d9aaab9: folds
af063562: folds
48018483: checks
*** FLOP *** [8h 5c Ac]
48018483: checks
589fa805: checks
*** TURN *** [8h 5c Ac] [3h]
48018483: checks
589fa805: checks
*** RIVER *** [8h 5c Ac 3h] [7h]
48018483: checks
589fa805: bets $0.06
48018483: folds
Uncalled bet ($0.06) returned to 589fa805
*** SHOWDOWN ***
589fa805 collected $0.12 from pot
*** SUMMARY ***
Total pot $0.12 | Rake $0 | Jackpot $0 | Bingo $0 | Fortune $0 | Tax $0
Board [8h 5c Ac 3h 7h]
Seat 1: 48018483 (big blind) folded on the River
Seat 2: Hero folded before Flop (didn't bet)
Seat 3: 589fa805 won ($0.12)
Seat 4: 495a4201 folded before Flop (didn't bet)
Seat 5: 9d9aaab9 (button) folded before Flop (didn't bet)
Seat 6: af063562 (small blind) folded before Flop


Poker Hand #HD1718577487: Hold'em No Limit ($0.02/$0.05) - 2024/04/06 18:34:30
Table 'NLHBlue14' 6-max Seat #4 is the button
Seat 1: 48018483 ($6.6 in chips)
Seat 2: Hero ($6.16 in chips)
Seat 3: 589fa805 ($6.87 in chips)
Seat 4: 495a4201 ($5 in chips)
Seat 5: 9d9aaab9 ($5.64 in chips)
Seat 6: af063562 ($6.81 in chips)
9d9aaab9: posts small blind $0.02
af063562: posts big blind $0.05
*** HOLE CARDS ***
Dealt to 48018483 
Dealt to Hero [6c 9h]
Dealt to 589fa805 
Dealt to 495a4201 
Dealt to 9d9aaab9 
Dealt to af063562 
48018483: raises $0.07 to $0.12
Hero: folds
589fa805: raises $0.11 to $0.23
495a4201: folds
9d9aaab9: raises $0.48 to $0.71
af063562: folds
48018483: folds
589fa805: raises $1.59 to $2.3
9d9aaab9: raises $3.34 to $5.64 and is all-in
589fa805: calls $3.34
9d9aaab9: shows [Ah Ac]
589fa805: shows [Kh Kd]
*** FIRST FLOP *** [2d Qs Jd]
*** FIRST TURN *** [2d Qs Jd] [6d]
*** FIRST RIVER *** [2d Qs Jd 6d] [Ad]
*** SECOND FLOP *** [Ts 7c 8s]
*** SECOND TURN *** [Ts 7c 8s] [Th]
*** SECOND RIVER *** [Ts 7c 8s Th] [9s]
*** FIRST SHOWDOWN ***
589fa805 collected $5.45 from pot
*** SECOND SHOWDOWN ***
9d9aaab9 collected $5.45 from pot
*** SUMMARY ***
Total pot $11.45 | Rake $0.5 | Jackpot $0.05 | Bingo $0 | Fortune $0 | Tax $0
Hand was run two times
FIRST Board [2d Qs Jd 6d Ad]
SECOND Board [Ts 7c 8s Th 9s]
Seat 1: 48018483 folded before Flop
Seat 2: Hero folded before Flop (didn't bet)
Seat 3: 589fa805 showed [Kh Kd] and won ($5.45) with Ace High Flush, and lost with Pair of Kings and Pair of Tens
Seat 4: 495a4201 (button) folded before Flop (didn't bet)
Seat 5: 9d9aaab9 (small blind) showed [Ah Ac] and lost with Three Aces, and won ($5.45) with Pair of Aces and Pair of Tens
Seat 6: af063562 (big blind) folded before Flop


Poker Hand #HD1718577413: Hold'em No Limit ($0.02/$0.05) - 2024/04/06 18:33:57
Table 'NLHBlue14' 6-max Seat #3 is the button
Seat 1: 48018483 ($6.6 in chips)
Seat 2: Hero ($5.97 in chips)
Seat 3: 589fa805 ($7 in chips)
Seat 4: 495a4201 ($5 in chips)
Seat 5: 9d9aaab9 ($5.69 in chips)
Seat 6: af063562 ($6.81 in chips)
495a4201: posts small blind $0.02
9d9aaab9: posts big blind $0.05
*** HOLE CARDS ***
Dealt to 48018483 
Dealt to Hero [3c 3s]
Dealt to 589fa805 
Dealt to 495a4201 
Dealt to 9d9aaab9 
Dealt to af063562 
af063562: folds
48018483: folds
Hero: raises $0.08 to $0.13
589fa805: calls $0.13
495a4201: folds
9d9aaab9: folds
*** FLOP *** [8h 2c Ah]
Hero: bets $0.15
589fa805: folds
Uncalled bet ($0.15) returned to Hero
*** SHOWDOWN ***
Hero collected $0.32 from pot
*** SUMMARY ***
Total pot $0.33 | Rake $0.01 | Jackpot $0 | Bingo $0 | Fortune $0 | Tax $0
Board [8h 2c Ah]
Seat 1: 48018483 folded before Flop (didn't bet)
Seat 2: Hero won ($0.32)
Seat 3: 589fa805 (button) folded on the Flop
Seat 4: 495a4201 (small blind) folded before Flop
Seat 5: 9d9aaab9 (big blind) folded before Flop
Seat 6: af063562 folded before Flop (didn't bet)


Poker Hand #HD1718577272: Hold'em No Limit ($0.02/$0.05) - 2024/04/06 18:32:47
Table 'NLHBlue14' 6-max Seat #2 is the button
Seat 1: 48018483 ($6.73 in chips)
Seat 2: Hero ($5.97 in chips)
Seat 3: 589fa805 ($7.02 in chips)
Seat 4: 495a4201 ($5.14 in chips)
Seat 5: 9d9aaab9 ($5 in chips)
Seat 6: af063562 ($6.81 in chips)
589fa805: posts small blind $0.02
495a4201: posts big blind $0.05
*** HOLE CARDS ***
Dealt to 48018483 
Dealt to Hero [Qc 8c]
Dealt to 589fa805 
Dealt to 495a4201 
Dealt to 9d9aaab9 
Dealt to af063562 
9d9aaab9: raises $0.08 to $0.13
af063562: folds
48018483: calls $0.13
Hero: folds
589fa805: folds
495a4201: raises $0.47 to $0.6
9d9aaab9: raises $1.02 to $1.62
48018483: folds
495a4201: folds
Uncalled bet ($1.02) returned to 9d9aaab9
*** SHOWDOWN ***
9d9aaab9 collected $1.29 from pot
*** SUMMARY ***
Total pot $1.35 | Rake $0.06 | Jackpot $0 | Bingo $0 | Fortune $0 | Tax $0
Seat 1: 48018483 folded before Flop
Seat 2: Hero (button) folded before Flop (didn't bet)
Seat 3: 589fa805 (small blind) folded before Flop
Seat 4: 495a4201 (big blind) folded before Flop
Seat 5: 9d9aaab9 collected ($1.29)
Seat 6: af063562 folded before Flop (didn't bet)


Poker Hand #HD1718577158: Hold'em No Limit ($0.02/$0.05) - 2024/04/06 18:31:59
Table 'NLHBlue14' 6-max Seat #1 is the button
Seat 1: 48018483 ($6.73 in chips)
Seat 2: Hero ($5.99 in chips)
Seat 3: 589fa805 ($7.71 in chips)
Seat 4: 495a4201 ($5.14 in chips)
Seat 5: 9d9aaab9 ($5 in chips)
Seat 6: af063562 ($6.17 in chips)
Hero: posts small blind $0.02
589fa805: posts big blind $0.05
*** HOLE CARDS ***
Dealt to 48018483 
Dealt to Hero [7d 2c]
Dealt to 589fa805 
Dealt to 495a4201 
Dealt to 9d9aaab9 
Dealt to af063562 
495a4201: folds
9d9aaab9: folds
af063562: raises $0.05 to $0.1
48018483: folds
Hero: folds
589fa805: calls $0.05
*** FLOP *** [Kd Qh As]
589fa805: checks
af063562: checks
*** TURN *** [Kd Qh As] [Td]
589fa805: bets $0.17
af063562: calls $0.17
*** RIVER *** [Kd Qh As Td] [Ac]
589fa805: bets $0.42
af063562: calls $0.42
589fa805: shows [Kh 9h] (Pair of Aces and Pair of Kings)
af063562: shows [Js Kc] (Aces-High Straight)
*** SHOWDOWN ***
af063562 collected $1.33 from pot
*** SUMMARY ***
Total pot $1.4 | Rake $0.07 | Jackpot $0 | Bingo $0 | Fortune $0 | Tax $0
Board [Kd Qh As Td Ac]
Seat 1: 48018483 (button) folded before Flop (didn't bet)
Seat 2: Hero (small blind) folded before Flop
Seat 3: 589fa805 (big blind) showed [Kh 9h] and lost with Pair of Aces and Pair of Kings
Seat 4: 495a4201 folded before Flop (didn't bet)
Seat 5: 9d9aaab9 folded before Flop (didn't bet)
Seat 6: af063562 showed [Js Kc] and won ($1.33) with Aces-High Straight


Poker Hand #HD1718577101: Hold'em No Limit ($0.02/$0.05) - 2024/04/06 18:31:33
Table 'NLHBlue14' 6-max Seat #6 is the button
Seat 1: 48018483 ($6.75 in chips)
Seat 2: Hero ($6.04 in chips)
Seat 3: 589fa805 ($7.71 in chips)
Seat 4: 495a4201 ($5.14 in chips)
Seat 5: 9d9aaab9 ($5 in chips)
Seat 6: af063562 ($6.1 in chips)
48018483: posts small blind $0.02
Hero: posts big blind $0.05
*** HOLE CARDS ***
Dealt to 48018483 
Dealt to Hero [2d 8d]
Dealt to 589fa805 
Dealt to 495a4201 
Dealt to 9d9aaab9 
Dealt to af063562 
589fa805: folds
495a4201: folds
9d9aaab9: folds
af063562: raises $0.1 to $0.15
48018483: folds
Hero: folds
Uncalled bet ($0.1) returned to af063562
*** SHOWDOWN ***
af063562 collected $0.12 from pot
*** SUMMARY ***
Total pot $0.12 | Rake $0 | Jackpot $0 | Bingo $0 | Fortune $0 | Tax $0
Seat 1: 48018483 (small blind) folded before Flop
Seat 2: Hero (big blind) folded before Flop
Seat 3: 589fa805 folded before Flop (didn't bet)
Seat 4: 495a4201 folded before Flop (didn't bet)
Seat 5: 9d9aaab9 folded before Flop (didn't bet)
Seat 6: af063562 (button) collected ($0.12)


Poker Hand #HD1718577004: Hold'em No Limit ($0.02/$0.05) - 2024/04/06 18:30:49
Table 'NLHBlue14' 6-max Seat #5 is the button
Seat 1: 48018483 ($6.8 in chips)
Seat 2: Hero ($5.65 in chips)
Seat 3: 589fa805 ($8.07 in chips)
Seat 4: 495a4201 ($5.14 in chips)
Seat 5: 9d9aaab9 ($5 in chips)
Seat 6: af063562 ($6.12 in chips)
af063562: posts small blind $0.02
48018483: posts big blind $0.05
*** HOLE CARDS ***
Dealt to 48018483 
Dealt to Hero [Kd As]
Dealt to 589fa805 
Dealt to 495a4201 
Dealt to 9d9aaab9 
Dealt to af063562 
Hero: raises $0.05 to $0.1
589fa805: calls $0.1
495a4201: folds
9d9aaab9: folds
af063562: folds
48018483: folds
*** FLOP *** [Js Jd Jc]
Hero: bets $0.1
589fa805: raises $0.16 to $0.26
Hero: calls $0.16
*** TURN *** [Js Jd Jc] [5d]
Hero: checks
589fa805: checks
*** RIVER *** [Js Jd Jc 5d] [2d]
Hero: checks
589fa805: checks
Hero: shows [Kd As] (Three Jacks)
589fa805: shows [3h Kh] (Three Jacks)
*** SHOWDOWN ***
Hero collected $0.75 from pot
*** SUMMARY ***
Total pot $0.79 | Rake $0.04 | Jackpot $0 | Bingo $0 | Fortune $0 | Tax $0
Board [Js Jd Jc 5d 2d]
Seat 1: 48018483 (big blind) folded before Flop
Seat 2: Hero showed [Kd As] and won ($0.75) with Three Jacks
Seat 3: 589fa805 showed [3h Kh] and lost with Three Jacks
Seat 4: 495a4201 folded before Flop (didn't bet)
Seat 5: 9d9aaab9 (button) folded before Flop (didn't bet)
Seat 6: af063562 (small blind) folded before Flop


Poker Hand #HD1718576947: Hold'em No Limit ($0.02/$0.05) - 2024/04/06 18:30:22
Table 'NLHBlue14' 6-max Seat #4 is the button
Seat 1: 48018483 ($6.8 in chips)
Seat 2: Hero ($5.65 in chips)
Seat 3: 589fa805 ($8.07 in chips)
Seat 4: 495a4201 ($5.07 in chips)
Seat 5: 9d9aaab9 ($5 in chips)
Seat 6: af063562 ($6.17 in chips)
9d9aaab9: posts small blind $0.02
af063562: posts big blind $0.05
*** HOLE CARDS ***
Dealt to 48018483 
Dealt to Hero [Qs 2h]
Dealt to 589fa805 
Dealt to 495a4201 
Dealt to 9d9aaab9 
Dealt to af063562 
48018483: folds
Hero: folds
589fa805: folds
495a4201: raises $0.07 to $0.12
9d9aaab9: folds
af063562: folds
Uncalled bet ($0.07) returned to 495a4201
*** SHOWDOWN ***
495a4201 collected $0.12 from pot
*** SUMMARY ***
Total pot $0.12 | Rake $0 | Jackpot $0 | Bingo $0 | Fortune $0 | Tax $0
Seat 1: 48018483 folded before Flop (didn't bet)
Seat 2: Hero folded before Flop (didn't bet)
Seat 3: 589fa805 folded before Flop (didn't bet)
Seat 4: 495a4201 (button) collected ($0.12)
Seat 5: 9d9aaab9 (small blind) folded before Flop
Seat 6: af063562 (big blind) folded before Flop


Poker Hand #HD1718576785: Hold'em No Limit ($0.02/$0.05) - 2024/04/06 18:29:04
Table 'NLHBlue14' 6-max Seat #3 is the button
Seat 1: 48018483 ($6.8 in chips)
Seat 2: Hero ($5.65 in chips)
Seat 3: 589fa805 ($9.05 in chips)
Seat 4: 495a4201 ($5.09 in chips)
Seat 5: 9d9aaab9 ($5.07 in chips)
Seat 6: af063562 ($5.11 in chips)
495a4201: posts small blind $0.02
9d9aaab9: posts big blind $0.05
*** HOLE CARDS ***
Dealt to 48018483 
Dealt to Hero [Qc Kd]
Dealt to 589fa805 
Dealt to 495a4201 
Dealt to 9d9aaab9 
Dealt to af063562 
af063562: raises $0.05 to $0.1
48018483: folds
Hero: folds
589fa805: calls $0.1
495a4201: folds
9d9aaab9: calls $0.05
*** FLOP *** [3d 7c 7d]
9d9aaab9: checks
af063562: bets $0.11
589fa805: calls $0.11
9d9aaab9: calls $0.11
*** TURN *** [3d 7c 7d] [Ac]
9d9aaab9: checks
af063562: checks
589fa805: bets $0.22
9d9aaab9: folds
af063562: calls $0.22
*** RIVER *** [3d 7c 7d Ac] [Jd]
af063562: checks
589fa805: bets $0.55
af063562: raises $2.19 to $2.74
589fa805: folds
Uncalled bet ($2.19) returned to af063562
*** SHOWDOWN ***
af063562 collected $2.04 from pot
*** SUMMARY ***
Total pot $2.19 | Rake $0.1 | Jackpot $0.05 | Bingo $0 | Fortune $0 | Tax $0
Board [3d 7c 7d Ac Jd]
Seat 1: 48018483 folded before Flop (didn't bet)
Seat 2: Hero folded before Flop (didn't bet)
Seat 3: 589fa805 (button) folded on the River
Seat 4: 495a4201 (small blind) folded before Flop
Seat 5: 9d9aaab9 (big blind) folded on the Turn
Seat 6: af063562 won ($2.04)


Poker Hand #HD1718576727: Hold'em No Limit ($0.02/$0.05) - 2024/04/06 18:28:40
Table 'NLHBlue14' 6-max Seat #2 is the button
Seat 1: 48018483 ($6.8 in chips)
Seat 2: Hero ($5.65 in chips)
Seat 3: 589fa805 ($8.96 in chips)
Seat 4: 495a4201 ($5.19 in chips)
Seat 5: 9d9aaab9 ($5.07 in chips)
Seat 6: af063562 ($5.11 in chips)
589fa805: posts small blind $0.02
495a4201: posts big blind $0.05
*** HOLE CARDS ***
Dealt to 48018483 
Dealt to Hero [3h 7h]
Dealt to 589fa805 
Dealt to 495a4201 
Dealt to 9d9aaab9 
Dealt to af063562 
9d9aaab9: folds
af063562: folds
48018483: folds
Hero: folds
589fa805: raises $0.05 to $0.1
495a4201: calls $0.05
*** FLOP *** [Ks Kh 7c]
589fa805: bets $0.1
495a4201: folds
Uncalled bet ($0.1) returned to 589fa805
*** SHOWDOWN ***
589fa805 collected $0.19 from pot
*** SUMMARY ***
Total pot $0.2 | Rake $0.01 | Jackpot $0 | Bingo $0 | Fortune $0 | Tax $0
Board [Ks Kh 7c]
Seat 1: 48018483 folded before Flop (didn't bet)
Seat 2: Hero (button) folded before Flop (didn't bet)
Seat 3: 589fa805 (small blind) won ($0.19)
Seat 4: 495a4201 (big blind) folded on the Flop
Seat 5: 9d9aaab9 folded before Flop (didn't bet)
Seat 6: af063562 folded before Flop (didn't bet)


Poker Hand #HD1718576646: Hold'em No Limit ($0.02/$0.05) - 2024/04/06 18:28:03
Table 'NLHBlue14' 6-max Seat #1 is the button
Seat 1: 48018483 ($6.67 in chips)
Seat 2: Hero ($5.67 in chips)
Seat 3: 589fa805 ($9.08 in chips)
Seat 4: 495a4201 ($5.19 in chips)
Seat 5: 9d9aaab9 ($5.07 in chips)
Seat 6: af063562 ($5.11 in chips)
Hero: posts small blind $0.02
589fa805: posts big blind $0.05
*** HOLE CARDS ***
Dealt to 48018483 
Dealt to Hero [8c Kc]
Dealt to 589fa805 
Dealt to 495a4201 
Dealt to 9d9aaab9 
Dealt to af063562 
495a4201: folds
9d9aaab9: folds
af063562: folds
48018483: raises $0.07 to $0.12
Hero: folds
589fa805: calls $0.07
*** FLOP *** [2d 4h 5s]
589fa805: checks
48018483: bets $0.18
589fa805: folds
Uncalled bet ($0.18) returned to 48018483
*** SHOWDOWN ***
48018483 collected $0.25 from pot
*** SUMMARY ***
Total pot $0.26 | Rake $0.01 | Jackpot $0 | Bingo $0 | Fortune $0 | Tax $0
Board [2d 4h 5s]
Seat 1: 48018483 (button) won ($0.25)
Seat 2: Hero (small blind) folded before Flop
Seat 3: 589fa805 (big blind) folded on the Flop
Seat 4: 495a4201 folded before Flop (didn't bet)
Seat 5: 9d9aaab9 folded before Flop (didn't bet)
Seat 6: af063562 folded before Flop (didn't bet)


Poker Hand #HD1718576565: Hold'em No Limit ($0.02/$0.05) - 2024/04/06 18:27:29
Table 'NLHBlue14' 6-max Seat #6 is the button
Seat 1: 48018483 ($6.69 in chips)
Seat 2: Hero ($5.72 in chips)
Seat 3: 589fa805 ($9.01 in chips)
Seat 4: 495a4201 ($5.19 in chips)
Seat 5: 9d9aaab9 ($5.07 in chips)
Seat 6: af063562 ($5.11 in chips)
48018483: posts small blind $0.02
Hero: posts big blind $0.05
*** HOLE CARDS ***
Dealt to 48018483 
Dealt to Hero [Ah 7c]
Dealt to 589fa805 
Dealt to 495a4201 
Dealt to 9d9aaab9 
Dealt to af063562 
589fa805: raises $0.05 to $0.1
495a4201: folds
9d9aaab9: folds
af063562: folds
48018483: folds
Hero: folds
Uncalled bet ($0.05) returned to 589fa805
*** SHOWDOWN ***
589fa805 collected $0.12 from pot
*** SUMMARY ***
Total pot $0.12 | Rake $0 | Jackpot $0 | Bingo $0 | Fortune $0 | Tax $0
Seat 1: 48018483 (small blind) folded before Flop
Seat 2: Hero (big blind) folded before Flop
Seat 3: 589fa805 collected ($0.12)
Seat 4: 495a4201 folded before Flop (didn't bet)
Seat 5: 9d9aaab9 folded before Flop (didn't bet)
Seat 6: af063562 (button) folded before Flop (didn't bet)


Poker Hand #HD1718576484: Hold'em No Limit ($0.02/$0.05) - 2024/04/06 18:26:50
Table 'NLHBlue14' 6-max Seat #5 is the button
Seat 1: 48018483 ($6.74 in chips)
Seat 2: Hero ($5.72 in chips)
Seat 3: 589fa805 ($8.94 in chips)
Seat 4: 495a4201 ($5.19 in chips)
Seat 5: 9d9aaab9 ($5.07 in chips)
Seat 6: af063562 ($5.13 in chips)
af063562: posts small blind $0.02
48018483: posts big blind $0.05
*** HOLE CARDS ***
Dealt to 48018483 
Dealt to Hero [Ad 2c]
Dealt to 589fa805 
Dealt to 495a4201 
Dealt to 9d9aaab9 
Dealt to af063562 
Hero: folds
589fa805: raises $0.05 to $0.1
495a4201: folds
9d9aaab9: folds
af063562: folds
48018483: folds
Uncalled bet ($0.05) returned to 589fa805
*** SHOWDOWN ***
589fa805 collected $0.12 from pot
*** SUMMARY ***
Total pot $0.12 | Rake $0 | Jackpot $0 | Bingo $0 | Fortune $0 | Tax $0
Seat 1: 48018483 (big blind) folded before Flop
Seat 2: Hero folded before Flop (didn't bet)
Seat 3: 589fa805 collected ($0.12)
Seat 4: 495a4201 folded before Flop (didn't bet)
Seat 5: 9d9aaab9 (button) folded before Flop (didn't bet)
Seat 6: af063562 (small blind) folded before Flop


Poker Hand #HD1718576378: Hold'em No Limit ($0.02/$0.05) - 2024/04/06 18:26:03
Table 'NLHBlue14' 6-max Seat #4 is the button
Seat 1: 48018483 ($6.74 in chips)
Seat 2: Hero ($5.72 in chips)
Seat 3: 589fa805 ($8.94 in chips)
Seat 4: 495a4201 ($5.31 in chips)
Seat 5: 9d9aaab9 ($5.09 in chips)
Seat 6: af063562 ($5 in chips)
9d9aaab9: posts small blind $0.02
af063562: posts big blind $0.05
*** HOLE CARDS ***
Dealt to 48018483 
Dealt to Hero [Tc 9d]
Dealt to 589fa805 
Dealt to 495a4201 
Dealt to 9d9aaab9 
Dealt to af063562 
48018483: folds
Hero: folds
589fa805: folds
495a4201: raises $0.07 to $0.12
9d9aaab9: folds
af063562: calls $0.07
*** FLOP *** [9h 2c Ts]
af063562: bets $0.09
495a4201: folds
Uncalled bet ($0.09) returned to af063562
*** SHOWDOWN ***
af063562 collected $0.25 from pot
*** SUMMARY ***
Total pot $0.26 | Rake $0.01 | Jackpot $0 | Bingo $0 | Fortune $0 | Tax $0
Board [9h 2c Ts]
Seat 1: 48018483 folded before Flop (didn't bet)
Seat 2: Hero folded before Flop (didn't bet)
Seat 3: 589fa805 folded before Flop (didn't bet)
Seat 4: 495a4201 (button) folded on the Flop
Seat 5: 9d9aaab9 (small blind) folded before Flop
Seat 6: af063562 (big blind) won ($0.25)


Poker Hand #HD1718576355: Hold'em No Limit ($0.02/$0.05) - 2024/04/06 18:25:50
Table 'NLHBlue14' 6-max Seat #3 is the button
Seat 1: 48018483 ($6.74 in chips)
Seat 2: Hero ($5.72 in chips)
Seat 3: 589fa805 ($8.87 in chips)
Seat 4: 495a4201 ($5.33 in chips)
Seat 5: 9d9aaab9 ($5.14 in chips)
495a4201: posts small blind $0.02
9d9aaab9: posts big blind $0.05
*** HOLE CARDS ***
Dealt to 48018483 
Dealt to Hero [Kh 8c]
Dealt to 589fa805 
Dealt to 495a4201 
Dealt to 9d9aaab9 
48018483: folds
Hero: folds
589fa805: raises $0.05 to $0.1
495a4201: folds
9d9aaab9: folds
Uncalled bet ($0.05) returned to 589fa805
*** SHOWDOWN ***
589fa805 collected $0.12 from pot
*** SUMMARY ***
Total pot $0.12 | Rake $0 | Jackpot $0 | Bingo $0 | Fortune $0 | Tax $0
Seat 1: 48018483 folded before Flop (didn't bet)
Seat 2: Hero folded before Flop (didn't bet)
Seat 3: 589fa805 (button) collected ($0.12)
Seat 4: 495a4201 (small blind) folded before Flop
Seat 5: 9d9aaab9 (big blind) folded before Flop


Poker Hand #HD1718576297: Hold'em No Limit ($0.02/$0.05) - 2024/04/06 18:25:18
Table 'NLHBlue14' 6-max Seat #2 is the button
Seat 1: 48018483 ($6.74 in chips)
Seat 2: Hero ($5.72 in chips)
Seat 3: 589fa805 ($8.89 in chips)
Seat 4: 495a4201 ($5.46 in chips)
Seat 5: 9d9aaab9 ($5 in chips)
589fa805: posts small blind $0.02
495a4201: posts big blind $0.05
*** HOLE CARDS ***
Dealt to 48018483 
Dealt to Hero [4d Qd]
Dealt to 589fa805 
Dealt to 495a4201 
Dealt to 9d9aaab9 
9d9aaab9: raises $0.08 to $0.13
48018483: folds
Hero: folds
589fa805: folds
495a4201: calls $0.08
*** FLOP *** [6h 5d Jc]
495a4201: checks
9d9aaab9: bets $0.1
495a4201: folds
Uncalled bet ($0.1) returned to 9d9aaab9
*** SHOWDOWN ***
9d9aaab9 collected $0.27 from pot
*** SUMMARY ***
Total pot $0.28 | Rake $0.01 | Jackpot $0 | Bingo $0 | Fortune $0 | Tax $0
Board [6h 5d Jc]
Seat 1: 48018483 folded before Flop (didn't bet)
Seat 2: Hero (button) folded before Flop (didn't bet)
Seat 3: 589fa805 (small blind) folded before Flop
Seat 4: 495a4201 (big blind) folded on the Flop
Seat 5: 9d9aaab9 won ($0.27)


Poker Hand #HD1718576264: Hold'em No Limit ($0.02/$0.05) - 2024/04/06 18:25:07
Table 'NLHBlue14' 6-max Seat #1 is the button
Seat 1: 48018483 ($6.74 in chips)
Seat 2: Hero ($5.74 in chips)
Seat 3: 589fa805 ($8.87 in chips)
Seat 4: 495a4201 ($5.46 in chips)
Seat 5: 9d9aaab9 ($5 in chips)
Hero: posts small blind $0.02
589fa805: posts big blind $0.05
*** HOLE CARDS ***
Dealt to 48018483 
Dealt to Hero [2s Td]
Dealt to 589fa805 
Dealt to 495a4201 
Dealt to 9d9aaab9 
495a4201: folds
9d9aaab9: folds
48018483: folds
Hero: folds
Uncalled bet ($0.03) returned to 589fa805
*** SHOWDOWN ***
589fa805 collected $0.04 from pot
*** SUMMARY ***
Total pot $0.04 | Rake $0 | Jackpot $0 | Bingo $0 | Fortune $0 | Tax $0
Seat 1: 48018483 (button) folded before Flop (didn't bet)
Seat 2: Hero (small blind) folded before Flop
Seat 3: 589fa805 (big blind) collected ($0.04)
Seat 4: 495a4201 folded before Flop (didn't bet)
Seat 5: 9d9aaab9 folded before Flop (didn't bet)


Poker Hand #HD1718576208: Hold'em No Limit ($0.02/$0.05) - 2024/04/06 18:24:40
Table 'NLHBlue14' 6-max Seat #5 is the button
Seat 1: 48018483 ($6.76 in chips)
Seat 2: Hero ($5.51 in chips)
Seat 3: 589fa805 ($8.87 in chips)
Seat 4: 495a4201 ($5.46 in chips)
Seat 5: 9d9aaab9 ($5 in chips)
48018483: posts small blind $0.02
Hero: posts big blind $0.05
*** HOLE CARDS ***
Dealt to 48018483 
Dealt to Hero [Ts 9c]
Dealt to 589fa805 
Dealt to 495a4201 
Dealt to 9d9aaab9 
589fa805: folds
495a4201: folds
9d9aaab9: raises $0.08 to $0.13
48018483: folds
Hero: calls $0.08
*** FLOP *** [5d 2h 6d]
Hero: checks
9d9aaab9: bets $0.1
Hero: raises $0.25 to $0.35
9d9aaab9: folds
Uncalled bet ($0.25) returned to Hero
*** SHOWDOWN ***
Hero collected $0.46 from pot
*** SUMMARY ***
Total pot $0.48 | Rake $0.02 | Jackpot $0 | Bingo $0 | Fortune $0 | Tax $0
Board [5d 2h 6d]
Seat 1: 48018483 (small blind) folded before Flop
Seat 2: Hero (big blind) won ($0.46)
Seat 3: 589fa805 folded before Flop (didn't bet)
Seat 4: 495a4201 folded before Flop (didn't bet)
Seat 5: 9d9aaab9 (button) folded on the Flop


Poker Hand #HD1718576104: Hold'em No Limit ($0.02/$0.05) - 2024/04/06 18:23:48
Table 'NLHBlue14' 6-max Seat #4 is the button
Seat 1: 48018483 ($7.04 in chips)
Seat 2: Hero ($5.51 in chips)
Seat 3: 589fa805 ($8.87 in chips)
Seat 4: 495a4201 ($5.46 in chips)
Seat 5: 9d9aaab9 ($5.15 in chips)
9d9aaab9: posts small blind $0.02
48018483: posts big blind $0.05
*** HOLE CARDS ***
Dealt to 48018483 
Dealt to Hero [Jh 5c]
Dealt to 589fa805 
Dealt to 495a4201 
Dealt to 9d9aaab9 
Hero: folds
589fa805: folds
495a4201: folds
9d9aaab9: raises $0.1 to $0.15
48018483: raises $0.35 to $0.5
9d9aaab9: raises $4.65 to $5.15 and is all-in
48018483: calls $4.65
9d9aaab9: shows [Ac Kd]
48018483: shows [Ah Ks]
*** FLOP *** [2s Td 8c]
*** TURN *** [2s Td 8c] [Qc]
*** RIVER *** [2s Td 8c Qc] [9c]
*** SHOWDOWN ***
9d9aaab9 collected $4.88 from pot
48018483 collected $4.87 from pot
*** SUMMARY ***
Total pot $10.3 | Rake $0.5 | Jackpot $0.05 | Bingo $0 | Fortune $0 | Tax $0
Board [2s Td 8c Qc 9c]
Seat 1: 48018483 (big blind) showed [Ah Ks] and won ($4.87) with Ace-High
Seat 2: Hero folded before Flop (didn't bet)
Seat 3: 589fa805 folded before Flop (didn't bet)
Seat 4: 495a4201 (button) folded before Flop (didn't bet)
Seat 5: 9d9aaab9 (small blind) showed [Ac Kd] and won ($4.88) with Ace-High


Poker Hand #HD1718576081: Hold'em No Limit ($0.02/$0.05) - 2024/04/06 18:23:39
Table 'NLHBlue14' 6-max Seat #3 is the button
Seat 1: 48018483 ($6.97 in chips)
Seat 2: Hero ($5.51 in chips)
Seat 3: 589fa805 ($8.87 in chips)
Seat 4: 495a4201 ($5.48 in chips)
Seat 5: 9d9aaab9 ($5.2 in chips)
Seat 6: af6259a7 ($2.5 in chips)
495a4201: posts small blind $0.02
9d9aaab9: posts big blind $0.05
*** HOLE CARDS ***
Dealt to 48018483 
Dealt to Hero [5d 7h]
Dealt to 589fa805 
Dealt to 495a4201 
Dealt to 9d9aaab9 
Dealt to af6259a7 
af6259a7: folds
48018483: raises $0.07 to $0.12
Hero: folds
589fa805: folds
495a4201: folds
9d9aaab9: folds
Uncalled bet ($0.07) returned to 48018483
*** SHOWDOWN ***
48018483 collected $0.12 from pot
*** SUMMARY ***
Total pot $0.12 | Rake $0 | Jackpot $0 | Bingo $0 | Fortune $0 | Tax $0
Seat 1: 48018483 collected ($0.12)
Seat 2: Hero folded before Flop (didn't bet)
Seat 3: 589fa805 (button) folded before Flop (didn't bet)
Seat 4: 495a4201 (small blind) folded before Flop
Seat 5: 9d9aaab9 (big blind) folded before Flop
Seat 6: af6259a7 folded before Flop (didn't bet)


Poker Hand #HD1718575933: Hold'em No Limit ($0.02/$0.05) - 2024/04/06 18:22:32
Table 'NLHBlue14' 6-max Seat #2 is the button
Seat 1: 48018483 ($7.89 in chips)
Seat 2: Hero ($5.51 in chips)
Seat 3: 589fa805 ($7.16 in chips)
Seat 4: 495a4201 ($5.53 in chips)
Seat 5: 9d9aaab9 ($5.2 in chips)
Seat 6: af6259a7 ($2.5 in chips)
589fa805: posts small blind $0.02
495a4201: posts big blind $0.05
*** HOLE CARDS ***
Dealt to 48018483 
Dealt to Hero [3h 8h]
Dealt to 589fa805 
Dealt to 495a4201 
Dealt to 9d9aaab9 
Dealt to af6259a7 
9d9aaab9: folds
af6259a7: raises $0.1 to $0.15
48018483: raises $0.3 to $0.45
Hero: folds
589fa805: calls $0.43
495a4201: folds
af6259a7: calls $0.3
*** FLOP *** [3d Js 2s]
589fa805: checks
af6259a7: checks
48018483: bets $0.47
589fa805: calls $0.47
af6259a7: calls $0.47
*** TURN *** [3d Js 2s] [5s]
589fa805: checks
af6259a7: checks
48018483: checks
*** RIVER *** [3d Js 2s 5s] [Tc]
589fa805: bets $1.41
af6259a7: folds
48018483: folds
Uncalled bet ($1.41) returned to 589fa805
*** SHOWDOWN ***
589fa805 collected $2.63 from pot
*** SUMMARY ***
Total pot $2.81 | Rake $0.13 | Jackpot $0.05 | Bingo $0 | Fortune $0 | Tax $0
Board [3d Js 2s 5s Tc]
Seat 1: 48018483 folded on the River
Seat 2: Hero (button) folded before Flop (didn't bet)
Seat 3: 589fa805 (small blind) won ($2.63)
Seat 4: 495a4201 (big blind) folded before Flop
Seat 5: 9d9aaab9 folded before Flop (didn't bet)
Seat 6: af6259a7 folded on the River


Poker Hand #HD1718575877: Hold'em No Limit ($0.02/$0.05) - 2024/04/06 18:22:04
Table 'NLHBlue14' 6-max Seat #1 is the button
Seat 1: 48018483 ($7.89 in chips)
Seat 2: Hero ($5.53 in chips)
Seat 3: 589fa805 ($7.14 in chips)
Seat 4: 495a4201 ($5.53 in chips)
Seat 5: 9d9aaab9 ($5.2 in chips)
Seat 6: af6259a7 ($2.5 in chips)
Hero: posts small blind $0.02
589fa805: posts big blind $0.05
*** HOLE CARDS ***
Dealt to 48018483 
Dealt to Hero [4s Th]
Dealt to 589fa805 
Dealt to 495a4201 
Dealt to 9d9aaab9 
Dealt to af6259a7 
495a4201: folds
9d9aaab9: folds
af6259a7: folds
48018483: folds
Hero: folds
Uncalled bet ($0.03) returned to 589fa805
*** SHOWDOWN ***
589fa805 collected $0.04 from pot
*** SUMMARY ***
Total pot $0.04 | Rake $0 | Jackpot $0 | Bingo $0 | Fortune $0 | Tax $0
Seat 1: 48018483 (button) folded before Flop (didn't bet)
Seat 2: Hero (small blind) folded before Flop
Seat 3: 589fa805 (big blind) collected ($0.04)
Seat 4: 495a4201 folded before Flop (didn't bet)
Seat 5: 9d9aaab9 folded before Flop (didn't bet)
Seat 6: af6259a7 folded before Flop (didn't bet)


Poker Hand #HD1718575814: Hold'em No Limit ($0.02/$0.05) - 2024/04/06 18:21:36
Table 'NLHBlue14' 6-max Seat #6 is the button
Seat 1: 48018483 ($7.75 in chips)
Seat 2: Hero ($5.68 in chips)
Seat 3: 589fa805 ($7.14 in chips)
Seat 4: 495a4201 ($5.53 in chips)
Seat 5: 9d9aaab9 ($5.2 in chips)
Seat 6: af6259a7 ($2.5 in chips)
48018483: posts small blind $0.02
Hero: posts big blind $0.05
*** HOLE CARDS ***
Dealt to 48018483 
Dealt to Hero [Jh 7h]
Dealt to 589fa805 
Dealt to 495a4201 
Dealt to 9d9aaab9 
Dealt to af6259a7 
589fa805: folds
495a4201: folds
9d9aaab9: folds
af6259a7: folds
48018483: raises $0.1 to $0.15
Hero: calls $0.1
*** FLOP *** [5s 5d 2h]
48018483: bets $0.15
Hero: folds
Uncalled bet ($0.15) returned to 48018483
*** SHOWDOWN ***
48018483 collected $0.29 from pot
*** SUMMARY ***
Total pot $0.3 | Rake $0.01 | Jackpot $0 | Bingo $0 | Fortune $0 | Tax $0
Board [5s 5d 2h]
Seat 1: 48018483 (small blind) won ($0.29)
Seat 2: Hero (big blind) folded on the Flop
Seat 3: 589fa805 folded before Flop (didn't bet)
Seat 4: 495a4201 folded before Flop (didn't bet)
Seat 5: 9d9aaab9 folded before Flop (didn't bet)
Seat 6: af6259a7 (button) folded before Flop (didn't bet)


Poker Hand #HD1718575715: Hold'em No Limit ($0.02/$0.05) - 2024/04/06 18:20:50
Table 'NLHBlue14' 6-max Seat #5 is the button
Seat 1: 48018483 ($7.8 in chips)
Seat 2: Hero ($5.78 in chips)
Seat 3: 589fa805 ($7.54 in chips)
Seat 4: 495a4201 ($5 in chips)
Seat 5: 9d9aaab9 ($5.2 in chips)
Seat 6: af6259a7 ($2.5 in chips)
af6259a7: posts small blind $0.02
48018483: posts big blind $0.05
*** HOLE CARDS ***
Dealt to 48018483 
Dealt to Hero [6c 6d]
Dealt to 589fa805 
Dealt to 495a4201 
Dealt to 9d9aaab9 
Dealt to af6259a7 
Hero: raises $0.05 to $0.1
589fa805: calls $0.1
495a4201: raises $0.3 to $0.4
9d9aaab9: folds
af6259a7: folds
48018483: folds
Hero: folds
589fa805: calls $0.3
*** FLOP *** [5d 4c 6h]
589fa805: checks
495a4201: bets $0.5
589fa805: folds
Uncalled bet ($0.5) returned to 495a4201
*** SHOWDOWN ***
495a4201 collected $0.93 from pot
*** SUMMARY ***
Total pot $0.97 | Rake $0.04 | Jackpot $0 | Bingo $0 | Fortune $0 | Tax $0
Board [5d 4c 6h]
Seat 1: 48018483 (big blind) folded before Flop
Seat 2: Hero folded before Flop
Seat 3: 589fa805 folded on the Flop
Seat 4: 495a4201 won ($0.93)
Seat 5: 9d9aaab9 (button) folded before Flop (didn't bet)
Seat 6: af6259a7 (small blind) folded before Flop


Poker Hand #HD1718575659: Hold'em No Limit ($0.02/$0.05) - 2024/04/06 18:20:24
Table 'NLHBlue14' 6-max Seat #4 is the button
Seat 2: Hero ($5.88 in chips)
Seat 3: 589fa805 ($7.54 in chips)
Seat 4: 495a4201 ($5 in chips)
Seat 5: 9d9aaab9 ($5.06 in chips)
Seat 6: af6259a7 ($2.5 in chips)
9d9aaab9: posts small blind $0.02
af6259a7: posts big blind $0.05
*** HOLE CARDS ***
Dealt to Hero [Ah Jd]
Dealt to 589fa805 
Dealt to 495a4201 
Dealt to 9d9aaab9 
Dealt to af6259a7 
Hero: raises $0.05 to $0.1
589fa805: folds
495a4201: folds
9d9aaab9: raises $0.4 to $0.5
af6259a7: folds
Hero: folds
Uncalled bet ($0.4) returned to 9d9aaab9
*** SHOWDOWN ***
9d9aaab9 collected $0.24 from pot
*** SUMMARY ***
Total pot $0.25 | Rake $0.01 | Jackpot $0 | Bingo $0 | Fortune $0 | Tax $0
Seat 2: Hero folded before Flop
Seat 3: 589fa805 folded before Flop (didn't bet)
Seat 4: 495a4201 (button) folded before Flop (didn't bet)
Seat 5: 9d9aaab9 (small blind) collected ($0.24)
Seat 6: af6259a7 (big blind) folded before Flop


Poker Hand #HD1718485567: Hold'em No Limit ($0.02/$0.05) - 2024/04/06 18:19:39
Table 'NLHBlue14' 6-max Seat #3 is the button
Seat 2: Hero ($5.74 in chips)
Seat 3: 589fa805 ($7.54 in chips)
Seat 4: 495a4201 ($5 in chips)
Seat 5: 9d9aaab9 ($5.19 in chips)
Seat 6: af6259a7 ($2.5 in chips)
495a4201: posts small blind $0.02
9d9aaab9: posts big blind $0.05
*** HOLE CARDS ***
Dealt to Hero [Tc Ad]
Dealt to 589fa805 
Dealt to 495a4201 
Dealt to 9d9aaab9 
Dealt to af6259a7 
af6259a7: folds
Hero: raises $0.08 to $0.13
589fa805: folds
495a4201: folds
9d9aaab9: calls $0.08
*** FLOP *** [6s Ts Js]
9d9aaab9: checks
Hero: checks
*** TURN *** [6s Ts Js] [Th]
9d9aaab9: checks
Hero: bets $0.2
9d9aaab9: folds
Uncalled bet ($0.2) returned to Hero
*** SHOWDOWN ***
Hero collected $0.27 from pot
*** SUMMARY ***
Total pot $0.28 | Rake $0.01 | Jackpot $0 | Bingo $0 | Fortune $0 | Tax $0
Board [6s Ts Js Th]
Seat 2: Hero won ($0.27)
Seat 3: 589fa805 (button) folded before Flop (didn't bet)
Seat 4: 495a4201 (small blind) folded before Flop
Seat 5: 9d9aaab9 (big blind) folded on the Turn
Seat 6: af6259a7 folded before Flop (didn't bet)


Poker Hand #HD1718485491: Hold'em No Limit ($0.02/$0.05) - 2024/04/06 18:19:12
Table 'NLHBlue14' 6-max Seat #2 is the button
Seat 2: Hero ($5.74 in chips)
Seat 3: 589fa805 ($7.49 in chips)
Seat 4: 495a4201 ($5 in chips)
Seat 5: 9d9aaab9 ($5.19 in chips)
Seat 6: af6259a7 ($2.5 in chips)
589fa805: posts small blind $0.02
495a4201: posts big blind $0.05
589fa805: straddle $0.1
*** HOLE CARDS ***
Dealt to Hero [5d 2d]
Dealt to 589fa805 
Dealt to 495a4201 
Dealt to 9d9aaab9 
Dealt to af6259a7 
495a4201: folds
9d9aaab9: folds
af6259a7: folds
Hero: folds
Uncalled bet ($0.05) returned to 589fa805
589fa805: shows [Kd Ks]
*** SHOWDOWN ***
589fa805 collected $0.1 from pot
*** SUMMARY ***
Total pot $0.1 | Rake $0 | Jackpot $0 | Bingo $0 | Fortune $0 | Tax $0
Seat 2: Hero (button) folded before Flop (didn't bet)
Seat 3: 589fa805 (small blind) showed [Kd Ks] and collected ($0.1)
Seat 4: 495a4201 (big blind) folded before Flop
Seat 5: 9d9aaab9 folded before Flop (didn't bet)
Seat 6: af6259a7 folded before Flop (didn't bet)


Poker Hand #HD1718485406: Hold'em No Limit ($0.02/$0.05) - 2024/04/06 18:18:34
Table 'NLHBlue14' 6-max Seat #6 is the button
Seat 2: Hero ($5.94 in chips)
Seat 3: 589fa805 ($7.31 in chips)
Seat 4: 78005522 ($5.26 in chips)
Seat 5: 9d9aaab9 ($5.19 in chips)
Seat 6: af6259a7 ($2.5 in chips)
Hero: posts small blind $0.02
589fa805: posts big blind $0.05
589fa805: straddle $0.1
589fa805: straddle $0.2
*** HOLE CARDS ***
Dealt to Hero [Ah 5s]
Dealt to 589fa805 
Dealt to 78005522 
Dealt to 9d9aaab9 
Dealt to af6259a7 
78005522: folds
9d9aaab9: folds
af6259a7: folds
Hero: calls $0.18
589fa805: raises $0.4 to $0.6
Hero: folds
Uncalled bet ($0.4) returned to 589fa805
589fa805: shows [Jd Js]
*** SHOWDOWN ***
589fa805 collected $0.38 from pot
*** SUMMARY ***
Total pot $0.4 | Rake $0.02 | Jackpot $0 | Bingo $0 | Fortune $0 | Tax $0
Seat 2: Hero (small blind) folded before Flop
Seat 3: 589fa805 (big blind) showed [Jd Js] and collected ($0.38)
Seat 4: 78005522 folded before Flop (didn't bet)
Seat 5: 9d9aaab9 folded before Flop (didn't bet)
Seat 6: af6259a7 (button) folded before Flop (didn't bet)


Poker Hand #HD1718485193: Hold'em No Limit ($0.02/$0.05) - 2024/04/06 18:16:46
Table 'NLHBlue14' 6-max Seat #5 is the button
Seat 2: Hero ($5.99 in chips)
Seat 3: 589fa805 ($7.52 in chips)
Seat 4: 78005522 ($5 in chips)
Seat 5: 9d9aaab9 ($5.19 in chips)
Seat 6: af6259a7 ($2.5 in chips)
af6259a7: posts small blind $0.02
Hero: posts big blind $0.05
*** HOLE CARDS ***
Dealt to Hero [Ad 6s]
Dealt to 589fa805 
Dealt to 78005522 
Dealt to 9d9aaab9 
Dealt to af6259a7 
589fa805: calls $0.05
78005522: calls $0.05
9d9aaab9: folds
af6259a7: folds
Hero: checks
*** FLOP *** [4h Jd 4s]
Hero: checks
589fa805: bets $0.06
78005522: calls $0.06
Hero: folds
*** TURN *** [4h Jd 4s] [8s]
589fa805: checks
78005522: checks
*** RIVER *** [4h Jd 4s 8s] [Kd]
589fa805: bets $0.1
78005522: calls $0.1
589fa805: shows [3h 6h] (Pair of Fours)
78005522: shows [Ah Ks] (Pair of Kings and Pair of Fours)
*** SHOWDOWN ***
78005522 collected $0.47 from pot
*** SUMMARY ***
Total pot $0.49 | Rake $0.02 | Jackpot $0 | Bingo $0 | Fortune $0 | Tax $0
Board [4h Jd 4s 8s Kd]
Seat 2: Hero (big blind) folded on the Flop
Seat 3: 589fa805 showed [3h 6h] and lost with Pair of Fours
Seat 4: 78005522 showed [Ah Ks] and won ($0.47) with Pair of Kings and Pair of Fours
Seat 5: 9d9aaab9 (button) folded before Flop (didn't bet)
Seat 6: af6259a7 (small blind) folded before Flop


Poker Hand #HD1718485130: Hold'em No Limit ($0.02/$0.05) - 2024/04/06 18:16:15
Table 'NLHBlue14' 6-max Seat #4 is the button
Seat 2: Hero ($5.99 in chips)
Seat 3: 589fa805 ($7.45 in chips)
Seat 4: 78005522 ($5 in chips)
Seat 5: 9d9aaab9 ($5.21 in chips)
Seat 6: af6259a7 ($2.5 in chips)
9d9aaab9: posts small blind $0.02
af6259a7: posts big blind $0.05
*** HOLE CARDS ***
Dealt to Hero [6d Qs]
Dealt to 589fa805 
Dealt to 78005522 
Dealt to 9d9aaab9 
Dealt to af6259a7 
Hero: folds
589fa805: raises $0.05 to $0.1
78005522: folds
9d9aaab9: folds
af6259a7: folds
Uncalled bet ($0.05) returned to 589fa805
*** SHOWDOWN ***
589fa805 collected $0.12 from pot
*** SUMMARY ***
Total pot $0.12 | Rake $0 | Jackpot $0 | Bingo $0 | Fortune $0 | Tax $0
Seat 2: Hero folded before Flop (didn't bet)
Seat 3: 589fa805 collected ($0.12)
Seat 4: 78005522 (button) folded before Flop (didn't bet)
Seat 5: 9d9aaab9 (small blind) folded before Flop
Seat 6: af6259a7 (big blind) folded before Flop


Poker Hand #HD1718485040: Hold'em No Limit ($0.02/$0.05) - 2024/04/06 18:15:31
Table 'NLHBlue14' 6-max Seat #3 is the button
Seat 2: Hero ($5.99 in chips)
Seat 3: 589fa805 ($6.84 in chips)
Seat 4: 78005522 ($5 in chips)
Seat 5: 9d9aaab9 ($5.26 in chips)
Seat 6: af6259a7 ($2.55 in chips)
78005522: posts small blind $0.02
9d9aaab9: posts big blind $0.05
*** HOLE CARDS ***
Dealt to Hero [7d 5c]
Dealt to 589fa805 
Dealt to 78005522 
Dealt to 9d9aaab9 
Dealt to af6259a7 
af6259a7: raises $0.1 to $0.15
Hero: folds
589fa805: raises $0.13 to $0.28
78005522: folds
9d9aaab9: folds
af6259a7: calls $0.13
*** FLOP *** [Js 7c Kh]
af6259a7: checks
589fa805: bets $0.32
af6259a7: calls $0.32
*** TURN *** [Js 7c Kh] [8d]
af6259a7: checks
589fa805: bets $0.64
af6259a7: folds
Uncalled bet ($0.64) returned to 589fa805
*** SHOWDOWN ***
589fa805 collected $1.21 from pot
*** SUMMARY ***
Total pot $1.27 | Rake $0.06 | Jackpot $0 | Bingo $0 | Fortune $0 | Tax $0
Board [Js 7c Kh 8d]
Seat 2: Hero folded before Flop (didn't bet)
Seat 3: 589fa805 (button) won ($1.21)
Seat 4: 78005522 (small blind) folded before Flop
Seat 5: 9d9aaab9 (big blind) folded before Flop
Seat 6: af6259a7 folded on the Turn


Poker Hand #HD1718484995: Hold'em No Limit ($0.02/$0.05) - 2024/04/06 18:15:11
Table 'NLHBlue14' 6-max Seat #2 is the button
Seat 2: Hero ($5.92 in chips)
Seat 3: 589fa805 ($6.86 in chips)
Seat 4: 78005522 ($5 in chips)
Seat 5: 9d9aaab9 ($5.26 in chips)
Seat 6: af6259a7 ($2.55 in chips)
589fa805: posts small blind $0.02
78005522: posts big blind $0.05
*** HOLE CARDS ***
Dealt to Hero [Jd Qs]
Dealt to 589fa805 
Dealt to 78005522 
Dealt to 9d9aaab9 
Dealt to af6259a7 
9d9aaab9: folds
af6259a7: folds
Hero: raises $0.08 to $0.13
589fa805: folds
78005522: folds
Uncalled bet ($0.08) returned to Hero
*** SHOWDOWN ***
Hero collected $0.12 from pot
*** SUMMARY ***
Total pot $0.12 | Rake $0 | Jackpot $0 | Bingo $0 | Fortune $0 | Tax $0
Seat 2: Hero (button) collected ($0.12)
Seat 3: 589fa805 (small blind) folded before Flop
Seat 4: 78005522 (big blind) folded before Flop
Seat 5: 9d9aaab9 folded before Flop (didn't bet)
Seat 6: af6259a7 folded before Flop (didn't bet)


Poker Hand #HD1718484905: Hold'em No Limit ($0.02/$0.05) - 2024/04/06 18:14:31
Table 'NLHBlue14' 6-max Seat #6 is the button
Seat 2: Hero ($5.78 in chips)
Seat 3: 589fa805 ($7.01 in chips)
Seat 4: 78005522 ($5 in chips)
Seat 5: 9d9aaab9 ($5.26 in chips)
Seat 6: af6259a7 ($2.55 in chips)
Hero: posts small blind $0.02
589fa805: posts big blind $0.05
*** HOLE CARDS ***
Dealt to Hero [5s Ks]
Dealt to 589fa805 
Dealt to 78005522 
Dealt to 9d9aaab9 
Dealt to af6259a7 
78005522: folds
9d9aaab9: folds
af6259a7: folds
Hero: raises $0.1 to $0.15
589fa805: calls $0.1
*** FLOP *** [3h 8d Kd]
Hero: bets $0.15
589fa805: folds
Uncalled bet ($0.15) returned to Hero
*** SHOWDOWN ***
Hero collected $0.29 from pot
*** SUMMARY ***
Total pot $0.3 | Rake $0.01 | Jackpot $0 | Bingo $0 | Fortune $0 | Tax $0
Board [3h 8d Kd]
Seat 2: Hero (small blind) won ($0.29)
Seat 3: 589fa805 (big blind) folded on the Flop
Seat 4: 78005522 folded before Flop (didn't bet)
Seat 5: 9d9aaab9 folded before Flop (didn't bet)
Seat 6: af6259a7 (button) folded before Flop (didn't bet)


Poker Hand #HD1718484867: Hold'em No Limit ($0.02/$0.05) - 2024/04/06 18:14:14
Table 'NLHBlue14' 6-max Seat #5 is the button
Seat 2: Hero ($5.83 in chips)
Seat 3: 589fa805 ($7.01 in chips)
Seat 4: 78005522 ($5 in chips)
Seat 5: 9d9aaab9 ($5.26 in chips)
Seat 6: af6259a7 ($2.5 in chips)
af6259a7: posts small blind $0.02
Hero: posts big blind $0.05
*** HOLE CARDS ***
Dealt to Hero [2h Th]
Dealt to 589fa805 
Dealt to 78005522 
Dealt to 9d9aaab9 
Dealt to af6259a7 
589fa805: folds
78005522: folds
9d9aaab9: folds
af6259a7: raises $0.05 to $0.1
Hero: folds
Uncalled bet ($0.05) returned to af6259a7
*** SHOWDOWN ***
af6259a7 collected $0.1 from pot
*** SUMMARY ***
Total pot $0.1 | Rake $0 | Jackpot $0 | Bingo $0 | Fortune $0 | Tax $0
Seat 2: Hero (big blind) folded before Flop
Seat 3: 589fa805 folded before Flop (didn't bet)
Seat 4: 78005522 folded before Flop (didn't bet)
Seat 5: 9d9aaab9 (button) folded before Flop (didn't bet)
Seat 6: af6259a7 (small blind) collected ($0.1)


Poker Hand #HD1718484751: Hold'em No Limit ($0.02/$0.05) - 2024/04/06 18:13:21
Table 'NLHBlue14' 6-max Seat #4 is the button
Seat 2: Hero ($5.83 in chips)
Seat 3: 589fa805 ($7.24 in chips)
Seat 4: 78005522 ($5 in chips)
Seat 5: 9d9aaab9 ($5 in chips)
Seat 6: af6259a7 ($2.5 in chips)
9d9aaab9: posts small blind $0.02
af6259a7: posts big blind $0.05
*** HOLE CARDS ***
Dealt to Hero [9s 5h]
Dealt to 589fa805 
Dealt to 78005522 
Dealt to 9d9aaab9 
Dealt to af6259a7 
Hero: folds
589fa805: raises $0.05 to $0.1
78005522: folds
9d9aaab9: calls $0.08
af6259a7: folds
*** FLOP *** [Kd 6c 8d]
9d9aaab9: checks
589fa805: bets $0.13
9d9aaab9: raises $0.39 to $0.52
589fa805: folds
Uncalled bet ($0.39) returned to 9d9aaab9
*** SHOWDOWN ***
9d9aaab9 collected $0.49 from pot
*** SUMMARY ***
Total pot $0.51 | Rake $0.02 | Jackpot $0 | Bingo $0 | Fortune $0 | Tax $0
Board [Kd 6c 8d]
Seat 2: Hero folded before Flop (didn't bet)
Seat 3: 589fa805 folded on the Flop
Seat 4: 78005522 (button) folded before Flop (didn't bet)
Seat 5: 9d9aaab9 (small blind) won ($0.49)
Seat 6: af6259a7 (big blind) folded before Flop


Poker Hand #HD1718484679: Hold'em No Limit ($0.02/$0.05) - 2024/04/06 18:12:51
Table 'NLHBlue14' 6-max Seat #3 is the button
Seat 2: Hero ($5.83 in chips)
Seat 3: 589fa805 ($7.17 in chips)
Seat 4: 78005522 ($5 in chips)
Seat 5: 9d9aaab9 ($5 in chips)
Seat 6: af6259a7 ($2.5 in chips)
78005522: posts small blind $0.02
9d9aaab9: posts big blind $0.05
*** HOLE CARDS ***
Dealt to Hero [Jh 8c]
Dealt to 589fa805 
Dealt to 78005522 
Dealt to 9d9aaab9 
Dealt to af6259a7 
af6259a7: folds
Hero: folds
589fa805: raises $0.05 to $0.1
78005522: folds
9d9aaab9: folds
Uncalled bet ($0.05) returned to 589fa805
*** SHOWDOWN ***
589fa805 collected $0.12 from pot
*** SUMMARY ***
Total pot $0.12 | Rake $0 | Jackpot $0 | Bingo $0 | Fortune $0 | Tax $0
Seat 2: Hero folded before Flop (didn't bet)
Seat 3: 589fa805 (button) collected ($0.12)
Seat 4: 78005522 (small blind) folded before Flop
Seat 5: 9d9aaab9 (big blind) folded before Flop
Seat 6: af6259a7 folded before Flop (didn't bet)


Poker Hand #HD1718484647: Hold'em No Limit ($0.02/$0.05) - 2024/04/06 18:12:33
Table 'NLHBlue14' 6-max Seat #2 is the button
Seat 2: Hero ($5.83 in chips)
Seat 3: 589fa805 ($7.12 in chips)
Seat 4: 78005522 ($5 in chips)
Seat 5: 9d9aaab9 ($5 in chips)
Seat 6: af6259a7 ($2.5 in chips)
589fa805: posts small blind $0.02
78005522: posts big blind $0.05
*** HOLE CARDS ***
Dealt to Hero [Kh 6s]
Dealt to 589fa805 
Dealt to 78005522 
Dealt to 9d9aaab9 
Dealt to af6259a7 
9d9aaab9: folds
af6259a7: folds
Hero: folds
589fa805: raises $0.05 to $0.1
78005522: folds
Uncalled bet ($0.05) returned to 589fa805
*** SHOWDOWN ***
589fa805 collected $0.1 from pot
*** SUMMARY ***
Total pot $0.1 | Rake $0 | Jackpot $0 | Bingo $0 | Fortune $0 | Tax $0
Seat 2: Hero (button) folded before Flop (didn't bet)
Seat 3: 589fa805 (small blind) collected ($0.1)
Seat 4: 78005522 (big blind) folded before Flop
Seat 5: 9d9aaab9 folded before Flop (didn't bet)
Seat 6: af6259a7 folded before Flop (didn't bet)


Poker Hand #HD1718484585: Hold'em No Limit ($0.02/$0.05) - 2024/04/06 18:12:08
Table 'NLHBlue14' 6-max Seat #6 is the button
Seat 2: Hero ($5.54 in chips)
Seat 3: 589fa805 ($7.17 in chips)
Seat 4: 78005522 ($5 in chips)
Seat 5: 9d9aaab9 ($5.05 in chips)
Seat 6: af6259a7 ($2.5 in chips)
Hero: posts small blind $0.02
589fa805: posts big blind $0.05
*** HOLE CARDS ***
Dealt to Hero [Tc Th]
Dealt to 589fa805 
Dealt to 78005522 
Dealt to 9d9aaab9 
Dealt to af6259a7 
78005522: folds
9d9aaab9: raises $0.08 to $0.13
af6259a7: calls $0.13
Hero: raises $0.47 to $0.6
589fa805: folds
9d9aaab9: folds
af6259a7: folds
Uncalled bet ($0.47) returned to Hero
*** SHOWDOWN ***
Hero collected $0.42 from pot
*** SUMMARY ***
Total pot $0.44 | Rake $0.02 | Jackpot $0 | Bingo $0 | Fortune $0 | Tax $0
Seat 2: Hero (small blind) collected ($0.42)
Seat 3: 589fa805 (big blind) folded before Flop
Seat 4: 78005522 folded before Flop (didn't bet)
Seat 5: 9d9aaab9 folded before Flop
Seat 6: af6259a7 (button) folded before Flop


Poker Hand #HD1718484556: Hold'em No Limit ($0.02/$0.05) - 2024/04/06 18:11:57
Table 'NLHBlue14' 6-max Seat #5 is the button
Seat 2: Hero ($5.59 in chips)
Seat 3: 589fa805 ($7.1 in chips)
Seat 4: 78005522 ($5 in chips)
Seat 5: 9d9aaab9 ($5.05 in chips)
Seat 6: af6259a7 ($2.5 in chips)
af6259a7: posts small blind $0.02
Hero: posts big blind $0.05
*** HOLE CARDS ***
Dealt to Hero [As 4h]
Dealt to 589fa805 
Dealt to 78005522 
Dealt to 9d9aaab9 
Dealt to af6259a7 
589fa805: raises $0.05 to $0.1
78005522: folds
9d9aaab9: folds
af6259a7: folds
Hero: folds
Uncalled bet ($0.05) returned to 589fa805
*** SHOWDOWN ***
589fa805 collected $0.12 from pot
*** SUMMARY ***
Total pot $0.12 | Rake $0 | Jackpot $0 | Bingo $0 | Fortune $0 | Tax $0
Seat 2: Hero (big blind) folded before Flop
Seat 3: 589fa805 collected ($0.12)
Seat 4: 78005522 folded before Flop (didn't bet)
Seat 5: 9d9aaab9 (button) folded before Flop (didn't bet)
Seat 6: af6259a7 (small blind) folded before Flop


Poker Hand #HD1718484461: Hold'em No Limit ($0.02/$0.05) - 2024/04/06 18:11:16
Table 'NLHBlue14' 6-max Seat #4 is the button
Seat 2: Hero ($5.59 in chips)
Seat 3: 589fa805 ($6.89 in chips)
Seat 4: 78005522 ($5 in chips)
Seat 5: 9d9aaab9 ($5.07 in chips)
Seat 6: af6259a7 ($2.5 in chips)
9d9aaab9: posts small blind $0.02
af6259a7: posts big blind $0.05
*** HOLE CARDS ***
Dealt to Hero [2h Ks]
Dealt to 589fa805 
Dealt to 78005522 
Dealt to 9d9aaab9 
Dealt to af6259a7 
Hero: folds
589fa805: raises $0.05 to $0.1
78005522: calls $0.1
9d9aaab9: folds
af6259a7: calls $0.05
*** FLOP *** [Ts 9s 6d]
af6259a7: checks
589fa805: bets $0.16
78005522: folds
af6259a7: folds
Uncalled bet ($0.16) returned to 589fa805
*** SHOWDOWN ***
589fa805 collected $0.31 from pot
*** SUMMARY ***
Total pot $0.32 | Rake $0.01 | Jackpot $0 | Bingo $0 | Fortune $0 | Tax $0
Board [Ts 9s 6d]
Seat 2: Hero folded before Flop (didn't bet)
Seat 3: 589fa805 won ($0.31)
Seat 4: 78005522 (button) folded on the Flop
Seat 5: 9d9aaab9 (small blind) folded before Flop
Seat 6: af6259a7 (big blind) folded on the Flop


Poker Hand #HD1718484403: Hold'em No Limit ($0.02/$0.05) - 2024/04/06 18:10:49
Table 'NLHBlue14' 6-max Seat #3 is the button
Seat 2: Hero ($5.59 in chips)
Seat 3: 589fa805 ($6.78 in chips)
Seat 4: 78005522 ($5 in chips)
Seat 5: 9d9aaab9 ($5.17 in chips)
Seat 6: 53496a24 ($9.57 in chips)
78005522: posts small blind $0.02
9d9aaab9: posts big blind $0.05
*** HOLE CARDS ***
Dealt to Hero [2c 4d]
Dealt to 589fa805 
Dealt to 78005522 
Dealt to 9d9aaab9 
Dealt to 53496a24 
53496a24: folds
Hero: folds
589fa805: raises $0.05 to $0.1
78005522: folds
9d9aaab9: calls $0.05
*** FLOP *** [Jd 9d Tc]
9d9aaab9: checks
589fa805: bets $0.11
9d9aaab9: folds
Uncalled bet ($0.11) returned to 589fa805
*** SHOWDOWN ***
589fa805 collected $0.21 from pot
*** SUMMARY ***
Total pot $0.22 | Rake $0.01 | Jackpot $0 | Bingo $0 | Fortune $0 | Tax $0
Board [Jd 9d Tc]
Seat 2: Hero folded before Flop (didn't bet)
Seat 3: 589fa805 (button) won ($0.21)
Seat 4: 78005522 (small blind) folded before Flop
Seat 5: 9d9aaab9 (big blind) folded on the Flop
Seat 6: 53496a24 folded before Flop (didn't bet)


Poker Hand #HD1718484336: Hold'em No Limit ($0.02/$0.05) - 2024/04/06 18:10:18
Table 'NLHBlue14' 6-max Seat #2 is the button
Seat 2: Hero ($5.59 in chips)
Seat 3: 589fa805 ($6.91 in chips)
Seat 4: 78005522 ($5 in chips)
Seat 5: 9d9aaab9 ($5 in chips)
Seat 6: 53496a24 ($9.57 in chips)
589fa805: posts small blind $0.02
78005522: posts big blind $0.05
*** HOLE CARDS ***
Dealt to Hero [3h 3d]
Dealt to 589fa805 
Dealt to 78005522 
Dealt to 9d9aaab9 
Dealt to 53496a24 
9d9aaab9: raises $0.08 to $0.13
53496a24: folds
Hero: folds
589fa805: calls $0.11
78005522: folds
*** FLOP *** [8s Ts 8c]
589fa805: checks
9d9aaab9: bets $0.15
589fa805: folds
Uncalled bet ($0.15) returned to 9d9aaab9
*** SHOWDOWN ***
9d9aaab9 collected $0.3 from pot
*** SUMMARY ***
Total pot $0.31 | Rake $0.01 | Jackpot $0 | Bingo $0 | Fortune $0 | Tax $0
Board [8s Ts 8c]
Seat 2: Hero (button) folded before Flop (didn't bet)
Seat 3: 589fa805 (small blind) folded on the Flop
Seat 4: 78005522 (big blind) folded before Flop
Seat 5: 9d9aaab9 won ($0.3)
Seat 6: 53496a24 folded before Flop (didn't bet)


Poker Hand #HD1718484276: Hold'em No Limit ($0.02/$0.05) - 2024/04/06 18:09:48
Table 'NLHBlue14' 6-max Seat #6 is the button
Seat 2: Hero ($5.61 in chips)
Seat 3: 589fa805 ($6.8 in chips)
Seat 4: 78005522 ($5 in chips)
Seat 5: 9d9aaab9 ($5 in chips)
Seat 6: 53496a24 ($9.57 in chips)
Hero: posts small blind $0.02
589fa805: posts big blind $0.05
*** HOLE CARDS ***
Dealt to Hero [2c As]
Dealt to 589fa805 
Dealt to 78005522 
Dealt to 9d9aaab9 
Dealt to 53496a24 
78005522: raises $0.05 to $0.1
9d9aaab9: folds
53496a24: folds
Hero: folds
589fa805: calls $0.05
*** FLOP *** [Qd 4d Td]
589fa805: bets $0.11
78005522: folds
Uncalled bet ($0.11) returned to 589fa805
*** SHOWDOWN ***
589fa805 collected $0.21 from pot
*** SUMMARY ***
Total pot $0.22 | Rake $0.01 | Jackpot $0 | Bingo $0 | Fortune $0 | Tax $0
Board [Qd 4d Td]
Seat 2: Hero (small blind) folded before Flop
Seat 3: 589fa805 (big blind) won ($0.21)
Seat 4: 78005522 folded on the Flop
Seat 5: 9d9aaab9 folded before Flop (didn't bet)
Seat 6: 53496a24 (button) folded before Flop (didn't bet)


Poker Hand #HD1718484109: Hold'em No Limit ($0.02/$0.05) - 2024/04/06 18:08:25
Table 'NLHBlue14' 6-max Seat #5 is the button
Seat 2: Hero ($5.66 in chips)
Seat 3: 589fa805 ($6.8 in chips)
Seat 4: 78005522 ($5 in chips)
Seat 5: 9d9aaab9 ($5 in chips)
Seat 6: 53496a24 ($5.07 in chips)
53496a24: posts small blind $0.02
Hero: posts big blind $0.05
*** HOLE CARDS ***
Dealt to Hero [4c 5s]
Dealt to 589fa805 
Dealt to 78005522 
Dealt to 9d9aaab9 
Dealt to 53496a24 
589fa805: folds
78005522: raises $0.05 to $0.1
9d9aaab9: folds
53496a24: raises $0.3 to $0.4
Hero: folds
78005522: calls $0.3
*** FLOP *** [As Kh 4s]
53496a24: bets $0.24
78005522: calls $0.24
*** TURN *** [As Kh 4s] [9c]
53496a24: bets $1.33
78005522: calls $1.33
*** RIVER *** [As Kh 4s 9c] [Jd]
53496a24: bets $3.1 and is all-in
78005522: calls $3.03 and is all-in
Uncalled bet ($0.07) returned to 53496a24
53496a24: shows [Kd Ah] (Pair of Aces and Pair of Kings)
78005522: shows [Ac Jc] (Pair of Aces and Pair of Jacks)
*** SHOWDOWN ***
53496a24 collected $9.5 from pot
*** SUMMARY ***
Total pot $10.05 | Rake $0.5 | Jackpot $0.05 | Bingo $0 | Fortune $0 | Tax $0
Board [As Kh 4s 9c Jd]
Seat 2: Hero (big blind) folded before Flop
Seat 3: 589fa805 folded before Flop (didn't bet)
Seat 4: 78005522 showed [Ac Jc] and lost with Pair of Aces and Pair of Jacks
Seat 5: 9d9aaab9 (button) folded before Flop (didn't bet)
Seat 6: 53496a24 (small blind) showed [Kd Ah] and won ($9.5) with Pair of Aces and Pair of Kings


Poker Hand #HD1718483987: Hold'em No Limit ($0.02/$0.05) - 2024/04/06 18:07:32
Table 'NLHBlue14' 6-max Seat #4 is the button
Seat 1: 48018483 ($7.8 in chips)
Seat 2: Hero ($5.66 in chips)
Seat 3: 589fa805 ($6.56 in chips)
Seat 4: 78005522 ($5 in chips)
Seat 5: 9d9aaab9 ($5 in chips)
Seat 6: 53496a24 ($5.12 in chips)
9d9aaab9: posts small blind $0.02
53496a24: posts big blind $0.05
*** HOLE CARDS ***
Dealt to 48018483 
Dealt to Hero [Jh 8d]
Dealt to 589fa805 
Dealt to 78005522 
Dealt to 9d9aaab9 
Dealt to 53496a24 
48018483: folds
Hero: folds
589fa805: raises $0.05 to $0.1
78005522: calls $0.1
9d9aaab9: folds
53496a24: folds
*** FLOP *** [9s 9c 4h]
589fa805: checks
78005522: checks
*** TURN *** [9s 9c 4h] [2d]
589fa805: bets $0.09
78005522: calls $0.09
*** RIVER *** [9s 9c 4h 2d] [Qc]
589fa805: bets $0.23
78005522: folds
Uncalled bet ($0.23) returned to 589fa805
*** SHOWDOWN ***
589fa805 collected $0.43 from pot
*** SUMMARY ***
Total pot $0.45 | Rake $0.02 | Jackpot $0 | Bingo $0 | Fortune $0 | Tax $0
Board [9s 9c 4h 2d Qc]
Seat 1: 48018483 folded before Flop (didn't bet)
Seat 2: Hero folded before Flop (didn't bet)
Seat 3: 589fa805 won ($0.43)
Seat 4: 78005522 (button) folded on the River
Seat 5: 9d9aaab9 (small blind) folded before Flop
Seat 6: 53496a24 (big blind) folded before Flop


Poker Hand #HD1718483933: Hold'em No Limit ($0.02/$0.05) - 2024/04/06 18:07:13
Table 'NLHBlue14' 6-max Seat #3 is the button
Seat 1: 48018483 ($7.8 in chips)
Seat 2: Hero ($5.59 in chips)
Seat 3: 589fa805 ($6.56 in chips)
Seat 4: 78005522 ($5 in chips)
Seat 5: 9d9aaab9 ($5 in chips)
Seat 6: 53496a24 ($5.12 in chips)
78005522: posts small blind $0.02
9d9aaab9: posts big blind $0.05
*** HOLE CARDS ***
Dealt to 48018483 
Dealt to Hero [Tc 9h]
Dealt to 589fa805 
Dealt to 78005522 
Dealt to 9d9aaab9 
Dealt to 53496a24 
53496a24: folds
48018483: folds
Hero: raises $0.08 to $0.13
589fa805: folds
78005522: folds
9d9aaab9: folds
Uncalled bet ($0.08) returned to Hero
*** SHOWDOWN ***
Hero collected $0.12 from pot
*** SUMMARY ***
Total pot $0.12 | Rake $0 | Jackpot $0 | Bingo $0 | Fortune $0 | Tax $0
Seat 1: 48018483 folded before Flop (didn't bet)
Seat 2: Hero collected ($0.12)
Seat 3: 589fa805 (button) folded before Flop (didn't bet)
Seat 4: 78005522 (small blind) folded before Flop
Seat 5: 9d9aaab9 (big blind) folded before Flop
Seat 6: 53496a24 folded before Flop (didn't bet)


Poker Hand #HD1718483868: Hold'em No Limit ($0.02/$0.05) - 2024/04/06 18:06:40
Table 'NLHBlue14' 6-max Seat #2 is the button
Seat 1: 48018483 ($7.8 in chips)
Seat 2: Hero ($5.59 in chips)
Seat 3: 589fa805 ($6.47 in chips)
Seat 4: 78005522 ($5.1 in chips)
Seat 5: 9d9aaab9 ($5 in chips)
Seat 6: 53496a24 ($5.12 in chips)
589fa805: posts small blind $0.02
78005522: posts big blind $0.05
*** HOLE CARDS ***
Dealt to 48018483 
Dealt to Hero [7c Js]
Dealt to 589fa805 
Dealt to 78005522 
Dealt to 9d9aaab9 
Dealt to 53496a24 
9d9aaab9: folds
53496a24: folds
48018483: folds
Hero: folds
589fa805: raises $0.05 to $0.1
78005522: calls $0.05
*** FLOP *** [2s 8d Ks]
589fa805: bets $0.1
78005522: folds
Uncalled bet ($0.1) returned to 589fa805
*** SHOWDOWN ***
589fa805 collected $0.19 from pot
*** SUMMARY ***
Total pot $0.2 | Rake $0.01 | Jackpot $0 | Bingo $0 | Fortune $0 | Tax $0
Board [2s 8d Ks]
Seat 1: 48018483 folded before Flop (didn't bet)
Seat 2: Hero (button) folded before Flop (didn't bet)
Seat 3: 589fa805 (small blind) won ($0.19)
Seat 4: 78005522 (big blind) folded on the Flop
Seat 5: 9d9aaab9 folded before Flop (didn't bet)
Seat 6: 53496a24 folded before Flop (didn't bet)


Poker Hand #HD1718483829: Hold'em No Limit ($0.02/$0.05) - 2024/04/06 18:06:23
Table 'NLHBlue14' 6-max Seat #1 is the button
Seat 1: 48018483 ($7.73 in chips)
Seat 2: Hero ($5.61 in chips)
Seat 3: 589fa805 ($6.52 in chips)
Seat 4: 78005522 ($5.1 in chips)
Seat 5: 9d9aaab9 ($5 in chips)
Seat 6: 53496a24 ($5.12 in chips)
Hero: posts small blind $0.02
589fa805: posts big blind $0.05
*** HOLE CARDS ***
Dealt to 48018483 
Dealt to Hero [Ah 9c]
Dealt to 589fa805 
Dealt to 78005522 
Dealt to 9d9aaab9 
Dealt to 53496a24 
78005522: folds
9d9aaab9: folds
53496a24: folds
48018483: raises $0.07 to $0.12
Hero: folds
589fa805: folds
Uncalled bet ($0.07) returned to 48018483
*** SHOWDOWN ***
48018483 collected $0.12 from pot
*** SUMMARY ***
Total pot $0.12 | Rake $0 | Jackpot $0 | Bingo $0 | Fortune $0 | Tax $0
Seat 1: 48018483 (button) collected ($0.12)
Seat 2: Hero (small blind) folded before Flop
Seat 3: 589fa805 (big blind) folded before Flop
Seat 4: 78005522 folded before Flop (didn't bet)
Seat 5: 9d9aaab9 folded before Flop (didn't bet)
Seat 6: 53496a24 folded before Flop (didn't bet)


Poker Hand #HD1718483807: Hold'em No Limit ($0.02/$0.05) - 2024/04/06 18:06:09
Table 'NLHBlue14' 6-max Seat #6 is the button
Seat 1: 48018483 ($7.75 in chips)
Seat 2: Hero ($5.59 in chips)
Seat 3: 589fa805 ($6.52 in chips)
Seat 4: 78005522 ($5.1 in chips)
Seat 5: 9d9aaab9 ($5 in chips)
Seat 6: 53496a24 ($5.12 in chips)
48018483: posts small blind $0.02
Hero: posts big blind $0.05
*** HOLE CARDS ***
Dealt to 48018483 
Dealt to Hero [8s 7c]
Dealt to 589fa805 
Dealt to 78005522 
Dealt to 9d9aaab9 
Dealt to 53496a24 
589fa805: folds
78005522: folds
9d9aaab9: folds
53496a24: folds
48018483: folds
Uncalled bet ($0.03) returned to Hero
*** SHOWDOWN ***
Hero collected $0.04 from pot
*** SUMMARY ***
Total pot $0.04 | Rake $0 | Jackpot $0 | Bingo $0 | Fortune $0 | Tax $0
Seat 1: 48018483 (small blind) folded before Flop
Seat 2: Hero (big blind) collected ($0.04)
Seat 3: 589fa805 folded before Flop (didn't bet)
Seat 4: 78005522 folded before Flop (didn't bet)
Seat 5: 9d9aaab9 folded before Flop (didn't bet)
Seat 6: 53496a24 (button) folded before Flop (didn't bet)


Poker Hand #HD1718483772: Hold'em No Limit ($0.02/$0.05) - 2024/04/06 18:05:56
Table 'NLHBlue14' 6-max Seat #5 is the button
Seat 1: 48018483 ($7.73 in chips)
Seat 2: Hero ($5.59 in chips)
Seat 3: 589fa805 ($6.52 in chips)
Seat 4: 78005522 ($5.1 in chips)
Seat 5: 9d9aaab9 ($5 in chips)
Seat 6: 53496a24 ($5.14 in chips)
53496a24: posts small blind $0.02
48018483: posts big blind $0.05
*** HOLE CARDS ***
Dealt to 48018483 
Dealt to Hero [Js Tc]
Dealt to 589fa805 
Dealt to 78005522 
Dealt to 9d9aaab9 
Dealt to 53496a24 
Hero: folds
589fa805: folds
78005522: folds
9d9aaab9: folds
53496a24: folds
Uncalled bet ($0.03) returned to 48018483
*** SHOWDOWN ***
48018483 collected $0.04 from pot
*** SUMMARY ***
Total pot $0.04 | Rake $0 | Jackpot $0 | Bingo $0 | Fortune $0 | Tax $0
Seat 1: 48018483 (big blind) collected ($0.04)
Seat 2: Hero folded before Flop (didn't bet)
Seat 3: 589fa805 folded before Flop (didn't bet)
Seat 4: 78005522 folded before Flop (didn't bet)
Seat 5: 9d9aaab9 (button) folded before Flop (didn't bet)
Seat 6: 53496a24 (small blind) folded before Flop


Poker Hand #HD1718483621: Hold'em No Limit ($0.02/$0.05) - 2024/04/06 18:04:40
Table 'NLHBlue14' 6-max Seat #4 is the button
Seat 1: 48018483 ($7.73 in chips)
Seat 2: Hero ($5.59 in chips)
Seat 3: 589fa805 ($6.26 in chips)
Seat 4: 78005522 ($5.1 in chips)
Seat 5: 9d9aaab9 ($5 in chips)
Seat 6: 53496a24 ($5.19 in chips)
9d9aaab9: posts small blind $0.02
53496a24: posts big blind $0.05
*** HOLE CARDS ***
Dealt to 48018483 
Dealt to Hero [7d 6s]
Dealt to 589fa805 
Dealt to 78005522 
Dealt to 9d9aaab9 
Dealt to 53496a24 
48018483: folds
Hero: folds
589fa805: raises $0.05 to $0.1
78005522: folds
9d9aaab9: calls $0.08
53496a24: folds
*** FLOP *** [Td 4d 8h]
9d9aaab9: checks
589fa805: bets $0.13
9d9aaab9: calls $0.13
*** TURN *** [Td 4d 8h] [9s]
9d9aaab9: checks
589fa805: checks
*** RIVER *** [Td 4d 8h 9s] [Jh]
9d9aaab9: checks
589fa805: bets $0.26
9d9aaab9: folds
Uncalled bet ($0.26) returned to 589fa805
*** SHOWDOWN ***
589fa805 collected $0.49 from pot
*** SUMMARY ***
Total pot $0.51 | Rake $0.02 | Jackpot $0 | Bingo $0 | Fortune $0 | Tax $0
Board [Td 4d 8h 9s Jh]
Seat 1: 48018483 folded before Flop (didn't bet)
Seat 2: Hero folded before Flop (didn't bet)
Seat 3: 589fa805 won ($0.49)
Seat 4: 78005522 (button) folded before Flop (didn't bet)
Seat 5: 9d9aaab9 (small blind) folded on the River
Seat 6: 53496a24 (big blind) folded before Flop


Poker Hand #HD1718483552: Hold'em No Limit ($0.02/$0.05) - 2024/04/06 18:04:11
Table 'NLHBlue14' 6-max Seat #3 is the button
Seat 1: 48018483 ($7.73 in chips)
Seat 2: Hero ($5.59 in chips)
Seat 3: 589fa805 ($6.31 in chips)
Seat 4: 78005522 ($5 in chips)
Seat 5: 9d9aaab9 ($5 in chips)
Seat 6: 53496a24 ($5.19 in chips)
78005522: posts small blind $0.02
9d9aaab9: posts big blind $0.05
*** HOLE CARDS ***
Dealt to 48018483 
Dealt to Hero [3s 2c]
Dealt to 589fa805 
Dealt to 78005522 
Dealt to 9d9aaab9 
Dealt to 53496a24 
53496a24: folds
48018483: folds
Hero: folds
589fa805: calls $0.05
78005522: raises $0.23 to $0.28
9d9aaab9: folds
589fa805: folds
Uncalled bet ($0.23) returned to 78005522
*** SHOWDOWN ***
78005522 collected $0.15 from pot
*** SUMMARY ***
Total pot $0.15 | Rake $0 | Jackpot $0 | Bingo $0 | Fortune $0 | Tax $0
Seat 1: 48018483 folded before Flop (didn't bet)
Seat 2: Hero folded before Flop (didn't bet)
Seat 3: 589fa805 (button) folded before Flop
Seat 4: 78005522 (small blind) collected ($0.15)
Seat 5: 9d9aaab9 (big blind) folded before Flop
Seat 6: 53496a24 folded before Flop (didn't bet)


Poker Hand #HD1718483522: Hold'em No Limit ($0.02/$0.05) - 2024/04/06 18:03:55
Table 'NLHBlue14' 6-max Seat #2 is the button
Seat 1: 48018483 ($7.73 in chips)
Seat 2: Hero ($5.52 in chips)
Seat 3: 589fa805 ($6.33 in chips)
Seat 4: 78005522 ($5 in chips)
Seat 5: 9d9aaab9 ($5 in chips)
Seat 6: 53496a24 ($5.19 in chips)
589fa805: posts small blind $0.02
78005522: posts big blind $0.05
*** HOLE CARDS ***
Dealt to 48018483 
Dealt to Hero [Ad Js]
Dealt to 589fa805 
Dealt to 78005522 
Dealt to 9d9aaab9 
Dealt to 53496a24 
9d9aaab9: folds
53496a24: folds
48018483: folds
Hero: raises $0.08 to $0.13
589fa805: folds
78005522: folds
Uncalled bet ($0.08) returned to Hero
*** SHOWDOWN ***
Hero collected $0.12 from pot
*** SUMMARY ***
Total pot $0.12 | Rake $0 | Jackpot $0 | Bingo $0 | Fortune $0 | Tax $0
Seat 1: 48018483 folded before Flop (didn't bet)
Seat 2: Hero (button) collected ($0.12)
Seat 3: 589fa805 (small blind) folded before Flop
Seat 4: 78005522 (big blind) folded before Flop
Seat 5: 9d9aaab9 folded before Flop (didn't bet)
Seat 6: 53496a24 folded before Flop (didn't bet)


Poker Hand #HD1718483436: Hold'em No Limit ($0.02/$0.05) - 2024/04/06 18:03:15
Table 'NLHBlue14' 6-max Seat #1 is the button
Seat 1: 48018483 ($7.85 in chips)
Seat 2: Hero ($5 in chips)
Seat 3: 589fa805 ($6.78 in chips)
Seat 4: 78005522 ($5 in chips)
Seat 5: 9d9aaab9 ($5 in chips)
Seat 6: 53496a24 ($5.19 in chips)
Hero: posts small blind $0.02
589fa805: posts big blind $0.05
*** HOLE CARDS ***
Dealt to 48018483 
Dealt to Hero [5d Ad]
Dealt to 589fa805 
Dealt to 78005522 
Dealt to 9d9aaab9 
Dealt to 53496a24 
78005522: folds
9d9aaab9: folds
53496a24: folds
48018483: raises $0.07 to $0.12
Hero: raises $0.33 to $0.45
589fa805: calls $0.4
48018483: folds
*** FLOP *** [Kc 2h Th]
Hero: bets $0.35
589fa805: folds
Uncalled bet ($0.35) returned to Hero
*** SHOWDOWN ***
Hero collected $0.97 from pot
*** SUMMARY ***
Total pot $1.02 | Rake $0.05 | Jackpot $0 | Bingo $0 | Fortune $0 | Tax $0
Board [Kc 2h Th]
Seat 1: 48018483 (button) folded before Flop
Seat 2: Hero (small blind) won ($0.97)
Seat 3: 589fa805 (big blind) folded on the Flop
Seat 4: 78005522 folded before Flop (didn't bet)
Seat 5: 9d9aaab9 folded before Flop (didn't bet)
Seat 6: 53496a24 folded before Flop (didn't bet)


Poker Hand #HD1718483313: Hold'em No Limit ($0.02/$0.05) - 2024/04/06 18:02:09
Table 'NLHBlue14' 6-max Seat #6 is the button
Seat 1: 48018483 ($7.87 in chips)
Seat 2: Hero ($5 in chips)
Seat 3: 589fa805 ($6.49 in chips)
Seat 4: 78005522 ($5 in chips)
Seat 5: 9d9aaab9 ($5 in chips)
Seat 6: 53496a24 ($5.19 in chips)
48018483: posts small blind $0.02
Hero: posts big blind $0.05
*** HOLE CARDS ***
Dealt to 48018483 
Dealt to Hero [5h Qd]
Dealt to 589fa805 
Dealt to 78005522 
Dealt to 9d9aaab9 
Dealt to 53496a24 
589fa805: calls $0.05
78005522: raises $0.05 to $0.1
9d9aaab9: folds
53496a24: folds
48018483: folds
Hero: folds
589fa805: calls $0.05
*** FLOP *** [3s Jd 5d]
589fa805: checks
78005522: checks
*** TURN *** [3s Jd 5d] [7c]
589fa805: bets $0.14
78005522: calls $0.14
*** RIVER *** [3s Jd 5d 7c] [Ts]
589fa805: checks
78005522: checks
589fa805: shows [2c Jc] (Pair of Jacks)
78005522: shows [As 5s] (Pair of Fives)
*** SHOWDOWN ***
589fa805 collected $0.53 from pot
*** SUMMARY ***
Total pot $0.55 | Rake $0.02 | Jackpot $0 | Bingo $0 | Fortune $0 | Tax $0
Board [3s Jd 5d 7c Ts]
Seat 1: 48018483 (small blind) folded before Flop
Seat 2: Hero (big blind) folded before Flop
Seat 3: 589fa805 showed [2c Jc] and won ($0.53) with Pair of Jacks
Seat 4: 78005522 showed [As 5s] and lost with Pair of Fives
Seat 5: 9d9aaab9 folded before Flop (didn't bet)
Seat 6: 53496a24 (button) folded before Flop (didn't bet)


Poker Hand #HD1718483203: Hold'em No Limit ($0.02/$0.05) - 2024/04/06 18:01:09
Table 'NLHBlue14' 6-max Seat #5 is the button
Seat 1: 48018483 ($7.5 in chips)
Seat 2: Hero ($5 in chips)
Seat 3: 589fa805 ($6.49 in chips)
Seat 4: 78005522 ($5 in chips)
Seat 5: 9d9aaab9 ($5 in chips)
Seat 6: 53496a24 ($5.21 in chips)
53496a24: posts small blind $0.02
48018483: posts big blind $0.05
*** HOLE CARDS ***
Dealt to 48018483 
Dealt to Hero [2s 8c]
Dealt to 589fa805 
Dealt to 78005522 
Dealt to 9d9aaab9 
Dealt to 53496a24 
Hero: folds
589fa805: folds
78005522: folds
9d9aaab9: raises $0.08 to $0.13
53496a24: folds
48018483: calls $0.08
*** FLOP *** [Td Qc Jh]
48018483: checks
9d9aaab9: checks
*** TURN *** [Td Qc Jh] [2d]
48018483: bets $0.26
9d9aaab9: calls $0.26
*** RIVER *** [Td Qc Jh 2d] [7c]
48018483: bets $0.72
9d9aaab9: folds
Uncalled bet ($0.72) returned to 48018483
*** SHOWDOWN ***
48018483 collected $0.76 from pot
*** SUMMARY ***
Total pot $0.8 | Rake $0.04 | Jackpot $0 | Bingo $0 | Fortune $0 | Tax $0
Board [Td Qc Jh 2d 7c]
Seat 1: 48018483 (big blind) won ($0.76)
Seat 2: Hero folded before Flop (didn't bet)
Seat 3: 589fa805 folded before Flop (didn't bet)
Seat 4: 78005522 folded before Flop (didn't bet)
Seat 5: 9d9aaab9 (button) folded on the River
Seat 6: 53496a24 (small blind) folded before Flop


Poker Hand #HD1718483182: Hold'em No Limit ($0.02/$0.05) - 2024/04/06 18:00:57
Table 'NLHBlue14' 6-max Seat #4 is the button
Seat 1: 48018483 ($7.43 in chips)
Seat 2: Hero ($5 in chips)
Seat 3: 589fa805 ($6.49 in chips)
Seat 4: 78005522 ($5 in chips)
Seat 5: 9d9aaab9 ($5.02 in chips)
Seat 6: 53496a24 ($5.26 in chips)
9d9aaab9: posts small blind $0.02
53496a24: posts big blind $0.05
*** HOLE CARDS ***
Dealt to 48018483 
Dealt to Hero [7h 8s]
Dealt to 589fa805 
Dealt to 78005522 
Dealt to 9d9aaab9 
Dealt to 53496a24 
48018483: raises $0.07 to $0.12
Hero: folds
589fa805: folds
78005522: folds
9d9aaab9: folds
53496a24: folds
Uncalled bet ($0.07) returned to 48018483
*** SHOWDOWN ***
48018483 collected $0.12 from pot
*** SUMMARY ***
Total pot $0.12 | Rake $0 | Jackpot $0 | Bingo $0 | Fortune $0 | Tax $0
Seat 1: 48018483 collected ($0.12)
Seat 2: Hero folded before Flop (didn't bet)
Seat 3: 589fa805 folded before Flop (didn't bet)
Seat 4: 78005522 (button) folded before Flop (didn't bet)
Seat 5: 9d9aaab9 (small blind) folded before Flop
Seat 6: 53496a24 (big blind) folded before Flop


Poker Hand #HD1718483147: Hold'em No Limit ($0.02/$0.05) - 2024/04/06 18:00:42
Table 'NLHBlue14' 6-max Seat #3 is the button
Seat 1: 48018483 ($7.43 in chips)
Seat 2: Hero ($5 in chips)
Seat 3: 589fa805 ($6.49 in chips)
Seat 4: 78005522 ($5 in chips)
Seat 5: 9d9aaab9 ($5 in chips)
Seat 6: 53496a24 ($5.26 in chips)
78005522: posts small blind $0.02
9d9aaab9: posts big blind $0.05
*** HOLE CARDS ***
Dealt to 48018483 
Dealt to Hero [3c Ts]
Dealt to 589fa805 
Dealt to 78005522 
Dealt to 9d9aaab9 
Dealt to 53496a24 
53496a24: folds
48018483: folds
Hero: folds
589fa805: folds
78005522: folds
Uncalled bet ($0.03) returned to 9d9aaab9
*** SHOWDOWN ***
9d9aaab9 collected $0.04 from pot
*** SUMMARY ***
Total pot $0.04 | Rake $0 | Jackpot $0 | Bingo $0 | Fortune $0 | Tax $0
Seat 1: 48018483 folded before Flop (didn't bet)
Seat 2: Hero folded before Flop (didn't bet)
Seat 3: 589fa805 (button) folded before Flop (didn't bet)
Seat 4: 78005522 (small blind) folded before Flop
Seat 5: 9d9aaab9 (big blind) collected ($0.04)
Seat 6: 53496a24 folded before Flop (didn't bet)


Poker Hand #HD1718483071: Hold'em No Limit ($0.02/$0.05) - 2024/04/06 18:00:07
Table 'NLHBlue14' 6-max Seat #2 is the button
Seat 1: 48018483 ($7.3 in chips)
Seat 2: Hero ($5 in chips)
Seat 3: 589fa805 ($6.51 in chips)
Seat 4: 78005522 ($5.09 in chips)
Seat 6: 53496a24 ($5.26 in chips)
589fa805: posts small blind $0.02
78005522: posts big blind $0.05
*** HOLE CARDS ***
Dealt to 48018483 
Dealt to Hero [4d Th]
Dealt to 589fa805 
Dealt to 78005522 
Dealt to 53496a24 
53496a24: folds
48018483: raises $0.07 to $0.12
Hero: folds
589fa805: folds
78005522: calls $0.07
*** FLOP *** [6s 9s 7d]
78005522: checks
48018483: bets $0.18
78005522: folds
Uncalled bet ($0.18) returned to 48018483
*** SHOWDOWN ***
48018483 collected $0.25 from pot
*** SUMMARY ***
Total pot $0.26 | Rake $0.01 | Jackpot $0 | Bingo $0 | Fortune $0 | Tax $0
Board [6s 9s 7d]
Seat 1: 48018483 won ($0.25)
Seat 2: Hero (button) folded before Flop (didn't bet)
Seat 3: 589fa805 (small blind) folded before Flop
Seat 4: 78005522 (big blind) folded on the Flop
Seat 6: 53496a24 folded before Flop (didn't bet)


Poker Hand #HD1718483056: Hold'em No Limit ($0.02/$0.05) - 2024/04/06 18:00:00
Table 'NLHBlue14' 6-max Seat #1 is the button
Seat 1: 48018483 ($7.3 in chips)
Seat 2: Hero ($5 in chips)
Seat 3: 589fa805 ($6.49 in chips)
Seat 6: 53496a24 ($5.26 in chips)
Hero: posts small blind $0.02
589fa805: posts big blind $0.05
*** HOLE CARDS ***
Dealt to 48018483 
Dealt to Hero [6h Qd]
Dealt to 589fa805 
Dealt to 53496a24 
53496a24: folds
48018483: folds
Hero: folds
Uncalled bet ($0.03) returned to 589fa805
*** SHOWDOWN ***
589fa805 collected $0.04 from pot
*** SUMMARY ***
Total pot $0.04 | Rake $0 | Jackpot $0 | Bingo $0 | Fortune $0 | Tax $0
Seat 1: 48018483 (button) folded before Flop (didn't bet)
Seat 2: Hero (small blind) folded before Flop
Seat 3: 589fa805 (big blind) collected ($0.04)
Seat 6: 53496a24 folded before Flop (didn't bet)


Poker Hand #HD1718482957: Hold'em No Limit ($0.02/$0.05) - 2024/04/06 17:59:08
Table 'NLHBlue14' 6-max Seat #6 is the button
Seat 1: 48018483 ($5.12 in chips)
Seat 2: Hero ($5 in chips)
Seat 3: 589fa805 ($8.91 in chips)
Seat 6: 53496a24 ($5.26 in chips)
48018483: posts small blind $0.02
Hero: posts big blind $0.05
*** HOLE CARDS ***
Dealt to 48018483 
Dealt to Hero [3c 5d]
Dealt to 589fa805 
Dealt to 53496a24 
589fa805: raises $0.05 to $0.1
53496a24: folds
48018483: calls $0.08
Hero: folds
*** FLOP *** [8h 6d Th]
48018483: checks
589fa805: bets $0.09
48018483: raises $0.3 to $0.39
589fa805: calls $0.3
*** TURN *** [8h 6d Th] [Jd]
48018483: checks
589fa805: bets $0.52
48018483: calls $0.52
*** RIVER *** [8h 6d Th Jd] [Ac]
48018483: bets $1.41
589fa805: calls $1.41
48018483: shows [Tc Ah] (Pair of Aces and Pair of Tens)
589fa805: shows [As Kh] (Pair of Aces)
*** SHOWDOWN ***
48018483 collected $4.6 from pot
*** SUMMARY ***
Total pot $4.89 | Rake $0.24 | Jackpot $0.05 | Bingo $0 | Fortune $0 | Tax $0
Board [8h 6d Th Jd Ac]
Seat 1: 48018483 (small blind) showed [Tc Ah] and won ($4.6) with Pair of Aces and Pair of Tens
Seat 2: Hero (big blind) folded before Flop
Seat 3: 589fa805 showed [As Kh] and lost with Pair of Aces
Seat 6: 53496a24 (button) folded before Flop (didn't bet)


