Poker Hand #HD1860585722: Hold'em No Limit ($0.05/$0.1) - 2024/07/17 11:32:04
Table 'NLHRed4' 6-max Seat #5 is the button
Seat 1: ed516c31 ($17.86 in chips)
Seat 2: 70d3092f ($10.81 in chips)
Seat 3: b29dffd9 ($11.33 in chips)
Seat 4: aeefe84e ($10 in chips)
Seat 5: b92f513d ($10 in chips)
Seat 6: Hero ($10.32 in chips)
Hero: posts small blind $0.05
ed516c31: posts big blind $0.1
*** HOLE CARDS ***
Dealt to ed516c31 
Dealt to 70d3092f 
Dealt to b29dffd9 
Dealt to aeefe84e 
Dealt to b92f513d 
Dealt to Hero [8s 5h]
70d3092f: folds
b29dffd9: folds
aeefe84e: folds
b92f513d: folds
Hero: folds
Uncalled bet ($0.05) returned to ed516c31
*** SHOWDOWN ***
ed516c31 collected $0.1 from pot
*** SUMMARY ***
Total pot $0.1 | Rake $0 | Jackpot $0 | Bingo $0 | Fortune $0 | Tax $0
Seat 1: ed516c31 (big blind) collected ($0.1)
Seat 2: 70d3092f folded before Flop (didn't bet)
Seat 3: b29dffd9 folded before Flop (didn't bet)
Seat 4: aeefe84e folded before Flop (didn't bet)
Seat 5: b92f513d (button) folded before Flop (didn't bet)
Seat 6: Hero (small blind) folded before Flop


Poker Hand #HD1860585678: Hold'em No Limit ($0.05/$0.1) - 2024/07/17 11:31:35
Table 'NLHRed4' 6-max Seat #4 is the button
Seat 1: ed516c31 ($17.86 in chips)
Seat 2: 70d3092f ($10.66 in chips)
Seat 3: b29dffd9 ($11.33 in chips)
Seat 4: aeefe84e ($10 in chips)
Seat 5: b92f513d ($10.05 in chips)
Seat 6: Hero ($10.42 in chips)
b92f513d: posts small blind $0.05
Hero: posts big blind $0.1
*** HOLE CARDS ***
Dealt to ed516c31 
Dealt to 70d3092f 
Dealt to b29dffd9 
Dealt to aeefe84e 
Dealt to b92f513d 
Dealt to Hero [5h 4d]
ed516c31: folds
70d3092f: raises $0.1 to $0.2
b29dffd9: folds
aeefe84e: folds
b92f513d: folds
Hero: folds
Uncalled bet ($0.1) returned to 70d3092f
*** SHOWDOWN ***
70d3092f collected $0.25 from pot
*** SUMMARY ***
Total pot $0.25 | Rake $0 | Jackpot $0 | Bingo $0 | Fortune $0 | Tax $0
Seat 1: ed516c31 folded before Flop (didn't bet)
Seat 2: 70d3092f collected ($0.25)
Seat 3: b29dffd9 folded before Flop (didn't bet)
Seat 4: aeefe84e (button) folded before Flop (didn't bet)
Seat 5: b92f513d (small blind) folded before Flop
Seat 6: Hero (big blind) folded before Flop


Poker Hand #HD1860495238: Hold'em No Limit ($0.05/$0.1) - 2024/07/17 11:26:40
Table 'NLHRed4' 6-max Seat #2 is the button
Seat 1: ed516c31 ($15.1 in chips)
Seat 2: 70d3092f ($10.07 in chips)
Seat 3: b29dffd9 ($11.38 in chips)
Seat 4: aeefe84e ($10.25 in chips)
Seat 5: b92f513d ($9.45 in chips)
Seat 6: Hero ($10.42 in chips)
b29dffd9: posts small blind $0.05
aeefe84e: posts big blind $0.1
*** HOLE CARDS ***
Dealt to ed516c31 
Dealt to 70d3092f 
Dealt to b29dffd9 
Dealt to aeefe84e 
Dealt to b92f513d 
Dealt to Hero [5d 4c]
b92f513d: folds
Hero: folds
ed516c31: folds
70d3092f: raises $0.1 to $0.2
b29dffd9: folds
aeefe84e: calls $0.1
*** FLOP *** [5s Tc 2h]
aeefe84e: checks
70d3092f: bets $0.23
aeefe84e: calls $0.23
*** TURN *** [5s Tc 2h] [2c]
aeefe84e: checks
70d3092f: bets $0.69
aeefe84e: folds
Uncalled bet ($0.69) returned to 70d3092f
*** SHOWDOWN ***
70d3092f collected $0.87 from pot
*** SUMMARY ***
Total pot $0.91 | Rake $0.04 | Jackpot $0 | Bingo $0 | Fortune $0 | Tax $0
Board [5s Tc 2h 2c]
Seat 1: ed516c31 folded before Flop (didn't bet)
Seat 2: 70d3092f (button) won ($0.87)
Seat 3: b29dffd9 (small blind) folded before Flop
Seat 4: aeefe84e (big blind) folded on the Turn
Seat 5: b92f513d folded before Flop (didn't bet)
Seat 6: Hero folded before Flop (didn't bet)


Poker Hand #HD1860495206: Hold'em No Limit ($0.05/$0.1) - 2024/07/17 11:26:16
Table 'NLHRed4' 6-max Seat #1 is the button
Seat 1: ed516c31 ($15.1 in chips)
Seat 2: 70d3092f ($10.12 in chips)
Seat 3: b29dffd9 ($11.33 in chips)
Seat 4: aeefe84e ($10.25 in chips)
Seat 5: b92f513d ($9.45 in chips)
Seat 6: Hero ($10.42 in chips)
70d3092f: posts small blind $0.05
b29dffd9: posts big blind $0.1
*** HOLE CARDS ***
Dealt to ed516c31 
Dealt to 70d3092f 
Dealt to b29dffd9 
Dealt to aeefe84e 
Dealt to b92f513d 
Dealt to Hero [4s Jh]
aeefe84e: folds
b92f513d: folds
Hero: folds
ed516c31: folds
70d3092f: folds
Uncalled bet ($0.05) returned to b29dffd9
*** SHOWDOWN ***
b29dffd9 collected $0.1 from pot
*** SUMMARY ***
Total pot $0.1 | Rake $0 | Jackpot $0 | Bingo $0 | Fortune $0 | Tax $0
Seat 1: ed516c31 (button) folded before Flop (didn't bet)
Seat 2: 70d3092f (small blind) folded before Flop
Seat 3: b29dffd9 (big blind) collected ($0.1)
Seat 4: aeefe84e folded before Flop (didn't bet)
Seat 5: b92f513d folded before Flop (didn't bet)
Seat 6: Hero folded before Flop (didn't bet)


Poker Hand #HD1860495147: Hold'em No Limit ($0.05/$0.1) - 2024/07/17 11:25:37
Table 'NLHRed4' 6-max Seat #6 is the button
Seat 1: ed516c31 ($15.15 in chips)
Seat 2: 70d3092f ($10.22 in chips)
Seat 3: b29dffd9 ($11.33 in chips)
Seat 4: aeefe84e ($10.25 in chips)
Seat 5: b92f513d ($9.75 in chips)
Seat 6: Hero ($10 in chips)
ed516c31: posts small blind $0.05
70d3092f: posts big blind $0.1
*** HOLE CARDS ***
Dealt to ed516c31 
Dealt to 70d3092f 
Dealt to b29dffd9 
Dealt to aeefe84e 
Dealt to b92f513d 
Dealt to Hero [Ks Qs]
b29dffd9: folds
aeefe84e: folds
b92f513d: raises $0.2 to $0.3
Hero: raises $0.6 to $0.9
ed516c31: folds
70d3092f: folds
b92f513d: folds
Uncalled bet ($0.6) returned to Hero
*** SHOWDOWN ***
Hero collected $0.72 from pot
*** SUMMARY ***
Total pot $0.75 | Rake $0.03 | Jackpot $0 | Bingo $0 | Fortune $0 | Tax $0
Seat 1: ed516c31 (small blind) folded before Flop
Seat 2: 70d3092f (big blind) folded before Flop
Seat 3: b29dffd9 folded before Flop (didn't bet)
Seat 4: aeefe84e folded before Flop (didn't bet)
Seat 5: b92f513d folded before Flop
Seat 6: Hero (button) collected ($0.72)


Poker Hand #HD1860495065: Hold'em No Limit ($0.05/$0.1) - 2024/07/17 11:24:46
Table 'NLHRed4' 6-max Seat #5 is the button
Seat 1: ed516c31 ($15.01 in chips)
Seat 2: 70d3092f ($10.22 in chips)
Seat 3: b29dffd9 ($11.33 in chips)
Seat 4: aeefe84e ($10.25 in chips)
Seat 5: b92f513d ($9.85 in chips)
Seat 6: Hero ($10 in chips)
Hero: posts small blind $0.05
ed516c31: posts big blind $0.1
*** HOLE CARDS ***
Dealt to ed516c31 
Dealt to 70d3092f 
Dealt to b29dffd9 
Dealt to aeefe84e 
Dealt to b92f513d 
Dealt to Hero [8d 9c]
70d3092f: folds
b29dffd9: folds
aeefe84e: folds
b92f513d: calls $0.1
Hero: folds
ed516c31: checks
*** FLOP *** [2d As 5h]
ed516c31: checks
b92f513d: checks
*** TURN *** [2d As 5h] [5s]
ed516c31: bets $0.2
b92f513d: folds
Uncalled bet ($0.2) returned to ed516c31
*** SHOWDOWN ***
ed516c31 collected $0.24 from pot
*** SUMMARY ***
Total pot $0.25 | Rake $0.01 | Jackpot $0 | Bingo $0 | Fortune $0 | Tax $0
Board [2d As 5h 5s]
Seat 1: ed516c31 (big blind) won ($0.24)
Seat 2: 70d3092f folded before Flop (didn't bet)
Seat 3: b29dffd9 folded before Flop (didn't bet)
Seat 4: aeefe84e folded before Flop (didn't bet)
Seat 5: b92f513d (button) folded on the Turn
Seat 6: Hero (small blind) folded before Flop


Poker Hand #HD1860494975: Hold'em No Limit ($0.05/$0.1) - 2024/07/17 11:23:47
Table 'NLHRed4' 6-max Seat #4 is the button
Seat 1: ed516c31 ($15.01 in chips)
Seat 2: 70d3092f ($10.22 in chips)
Seat 3: b29dffd9 ($11.33 in chips)
Seat 4: aeefe84e ($10.1 in chips)
Seat 5: b92f513d ($9.9 in chips)
Seat 6: Hero ($10 in chips)
b92f513d: posts small blind $0.05
Hero: posts big blind $0.1
*** HOLE CARDS ***
Dealt to ed516c31 
Dealt to 70d3092f 
Dealt to b29dffd9 
Dealt to aeefe84e 
Dealt to b92f513d 
Dealt to Hero [Ts 9c]
ed516c31: folds
70d3092f: folds
b29dffd9: folds
aeefe84e: raises $0.15 to $0.25
b92f513d: folds
Hero: folds
Uncalled bet ($0.15) returned to aeefe84e
*** SHOWDOWN ***
aeefe84e collected $0.25 from pot
*** SUMMARY ***
Total pot $0.25 | Rake $0 | Jackpot $0 | Bingo $0 | Fortune $0 | Tax $0
Seat 1: ed516c31 folded before Flop (didn't bet)
Seat 2: 70d3092f folded before Flop (didn't bet)
Seat 3: b29dffd9 folded before Flop (didn't bet)
Seat 4: aeefe84e (button) collected ($0.25)
Seat 5: b92f513d (small blind) folded before Flop
Seat 6: Hero (big blind) folded before Flop


Poker Hand #HD1860494921: Hold'em No Limit ($0.05/$0.1) - 2024/07/17 11:23:08
Table 'NLHRed4' 6-max Seat #3 is the button
Seat 1: ed516c31 ($15.01 in chips)
Seat 2: 70d3092f ($10.22 in chips)
Seat 3: b29dffd9 ($11.33 in chips)
Seat 4: aeefe84e ($10 in chips)
Seat 5: b92f513d ($10 in chips)
Seat 6: Hero ($10 in chips)
aeefe84e: posts small blind $0.05
b92f513d: posts big blind $0.1
*** HOLE CARDS ***
Dealt to ed516c31 
Dealt to 70d3092f 
Dealt to b29dffd9 
Dealt to aeefe84e 
Dealt to b92f513d 
Dealt to Hero [8h Th]
Hero: folds
ed516c31: folds
70d3092f: folds
b29dffd9: folds
aeefe84e: raises $0.2 to $0.3
b92f513d: folds
Uncalled bet ($0.2) returned to aeefe84e
*** SHOWDOWN ***
aeefe84e collected $0.2 from pot
*** SUMMARY ***
Total pot $0.2 | Rake $0 | Jackpot $0 | Bingo $0 | Fortune $0 | Tax $0
Seat 1: ed516c31 folded before Flop (didn't bet)
Seat 2: 70d3092f folded before Flop (didn't bet)
Seat 3: b29dffd9 (button) folded before Flop (didn't bet)
Seat 4: aeefe84e (small blind) collected ($0.2)
Seat 5: b92f513d (big blind) folded before Flop
Seat 6: Hero folded before Flop (didn't bet)


Poker Hand #HD1860494696: Hold'em No Limit ($0.05/$0.1) - 2024/07/17 11:20:49
Table 'NLHRed4' 6-max Seat #2 is the button
Seat 1: ed516c31 ($16.16 in chips)
Seat 2: 70d3092f ($10.22 in chips)
Seat 3: b29dffd9 ($10.05 in chips)
Seat 4: aeefe84e ($10 in chips)
Seat 6: Hero ($10 in chips)
b29dffd9: posts small blind $0.05
aeefe84e: posts big blind $0.1
*** HOLE CARDS ***
Dealt to ed516c31 
Dealt to 70d3092f 
Dealt to b29dffd9 
Dealt to aeefe84e 
Dealt to Hero [8h Ac]
Hero: folds
ed516c31: raises $0.15 to $0.25
70d3092f: folds
b29dffd9: calls $0.2
aeefe84e: calls $0.15
*** FLOP *** [2h 6s 2d]
b29dffd9: checks
aeefe84e: checks
ed516c31: checks
*** TURN *** [2h 6s 2d] [Kd]
b29dffd9: checks
aeefe84e: checks
ed516c31: bets $0.38
b29dffd9: raises $0.52 to $0.9
aeefe84e: folds
ed516c31: calls $0.52
*** RIVER *** [2h 6s 2d Kd] [4h]
b29dffd9: bets $8.9 and is all-in
ed516c31: folds
Uncalled bet ($8.9) returned to b29dffd9
*** SHOWDOWN ***
b29dffd9 collected $2.43 from pot
*** SUMMARY ***
Total pot $2.55 | Rake $0.12 | Jackpot $0 | Bingo $0 | Fortune $0 | Tax $0
Board [2h 6s 2d Kd 4h]
Seat 1: ed516c31 folded on the River
Seat 2: 70d3092f (button) folded before Flop (didn't bet)
Seat 3: b29dffd9 (small blind) won ($2.43)
Seat 4: aeefe84e (big blind) folded on the Turn
Seat 6: Hero folded before Flop (didn't bet)


Poker Hand #HD1860494663: Hold'em No Limit ($0.05/$0.1) - 2024/07/17 11:20:31
Table 'NLHRed4' 6-max Seat #1 is the button
Seat 1: ed516c31 ($16.01 in chips)
Seat 2: 70d3092f ($10.27 in chips)
Seat 3: b29dffd9 ($10.15 in chips)
Seat 6: Hero ($10 in chips)
70d3092f: posts small blind $0.05
b29dffd9: posts big blind $0.1
*** HOLE CARDS ***
Dealt to ed516c31 
Dealt to 70d3092f 
Dealt to b29dffd9 
Dealt to Hero [8c 7h]
Hero: folds
ed516c31: raises $0.15 to $0.25
70d3092f: folds
b29dffd9: folds
Uncalled bet ($0.15) returned to ed516c31
*** SHOWDOWN ***
ed516c31 collected $0.25 from pot
*** SUMMARY ***
Total pot $0.25 | Rake $0 | Jackpot $0 | Bingo $0 | Fortune $0 | Tax $0
Seat 1: ed516c31 (button) collected ($0.25)
Seat 2: 70d3092f (small blind) folded before Flop
Seat 3: b29dffd9 (big blind) folded before Flop
Seat 6: Hero folded before Flop (didn't bet)


Poker Hand #HD1860494645: Hold'em No Limit ($0.05/$0.1) - 2024/07/17 11:20:19
Table 'NLHRed4' 6-max Seat #6 is the button
Seat 1: ed516c31 ($16.06 in chips)
Seat 2: 70d3092f ($10.37 in chips)
Seat 3: b29dffd9 ($10 in chips)
Seat 6: Hero ($10 in chips)
ed516c31: posts small blind $0.05
70d3092f: posts big blind $0.1
*** HOLE CARDS ***
Dealt to ed516c31 
Dealt to 70d3092f 
Dealt to b29dffd9 
Dealt to Hero [3s Th]
b29dffd9: raises $0.15 to $0.25
Hero: folds
ed516c31: folds
70d3092f: folds
Uncalled bet ($0.15) returned to b29dffd9
*** SHOWDOWN ***
b29dffd9 collected $0.25 from pot
*** SUMMARY ***
Total pot $0.25 | Rake $0 | Jackpot $0 | Bingo $0 | Fortune $0 | Tax $0
Seat 1: ed516c31 (small blind) folded before Flop
Seat 2: 70d3092f (big blind) folded before Flop
Seat 3: b29dffd9 collected ($0.25)
Seat 6: Hero (button) folded before Flop (didn't bet)


Poker Hand #HD1860494568: Hold'em No Limit ($0.05/$0.1) - 2024/07/17 11:19:19
Table 'NLHRed4' 6-max Seat #3 is the button
Seat 1: ed516c31 ($16.41 in chips)
Seat 2: 70d3092f ($10 in chips)
Seat 3: b29dffd9 ($10 in chips)
Seat 6: Hero ($10 in chips)
Hero: posts small blind $0.05
ed516c31: posts big blind $0.1
*** HOLE CARDS ***
Dealt to ed516c31 
Dealt to 70d3092f 
Dealt to b29dffd9 
Dealt to Hero [5s Ah]
70d3092f: raises $0.1 to $0.2
b29dffd9: folds
Hero: folds
ed516c31: calls $0.1
*** FLOP *** [3s Ad 9c]
ed516c31: checks
70d3092f: bets $0.15
ed516c31: calls $0.15
*** TURN *** [3s Ad 9c] [4h]
ed516c31: checks
70d3092f: checks
*** RIVER *** [3s Ad 9c 4h] [Qd]
ed516c31: checks
70d3092f: bets $0.57
ed516c31: folds
Uncalled bet ($0.57) returned to 70d3092f
*** SHOWDOWN ***
70d3092f collected $0.72 from pot
*** SUMMARY ***
Total pot $0.75 | Rake $0.03 | Jackpot $0 | Bingo $0 | Fortune $0 | Tax $0
Board [3s Ad 9c 4h Qd]
Seat 1: ed516c31 (big blind) folded on the River
Seat 2: 70d3092f won ($0.72)
Seat 3: b29dffd9 (button) folded before Flop (didn't bet)
Seat 6: Hero (small blind) folded before Flop


Poker Hand #HD1860494454: Hold'em No Limit ($0.05/$0.1) - 2024/07/17 11:18:09
Table 'NLHRed4' 6-max Seat #2 is the button
Seat 1: ed516c31 ($14.91 in chips)
Seat 2: 70d3092f ($11.31 in chips)
Seat 3: b29dffd9 ($10 in chips)
Seat 6: Hero ($10 in chips)
b29dffd9: posts small blind $0.05
Hero: posts big blind $0.1
*** HOLE CARDS ***
Dealt to ed516c31 
Dealt to 70d3092f 
Dealt to b29dffd9 
Dealt to Hero [9h 9s]
ed516c31: raises $0.15 to $0.25
70d3092f: calls $0.25
b29dffd9: folds
Hero: calls $0.15
*** FLOP *** [Qh Ad Kh]
Hero: checks
ed516c31: bets $0.4
70d3092f: calls $0.4
Hero: folds
*** TURN *** [Qh Ad Kh] [3h]
ed516c31: checks
70d3092f: bets $0.8
ed516c31: calls $0.8
*** RIVER *** [Qh Ad Kh 3h] [5c]
ed516c31: checks
70d3092f: checks
ed516c31: shows [Jc As] (Pair of Aces)
70d3092f: shows [Ks Jh] (Pair of Kings)
*** SHOWDOWN ***
ed516c31 collected $2.95 from pot
*** SUMMARY ***
Total pot $3.2 | Rake $0.15 | Jackpot $0.1 | Bingo $0 | Fortune $0 | Tax $0
Board [Qh Ad Kh 3h 5c]
Seat 1: ed516c31 showed [Jc As] and won ($2.95) with Pair of Aces
Seat 2: 70d3092f (button) showed [Ks Jh] and lost with Pair of Kings
Seat 3: b29dffd9 (small blind) folded before Flop
Seat 6: Hero (big blind) folded on the Flop


Poker Hand #HD1860494377: Hold'em No Limit ($0.05/$0.1) - 2024/07/17 11:17:12
Table 'NLHRed4' 6-max Seat #1 is the button
Seat 1: ed516c31 ($14.91 in chips)
Seat 2: 70d3092f ($10 in chips)
Seat 3: b29dffd9 ($10 in chips)
Seat 5: 6fed135c ($10.83 in chips)
Seat 6: Hero ($10 in chips)
70d3092f: posts small blind $0.05
b29dffd9: posts big blind $0.1
*** HOLE CARDS ***
Dealt to ed516c31 
Dealt to 70d3092f 
Dealt to b29dffd9 
Dealt to 6fed135c 
Dealt to Hero [5h 7s]
6fed135c: raises $0.15 to $0.25
Hero: folds
ed516c31: folds
70d3092f: raises $0.6 to $0.85
b29dffd9: folds
6fed135c: calls $0.6
*** FLOP *** [8c Qd Ah]
70d3092f: checks
6fed135c: checks
*** TURN *** [8c Qd Ah] [6c]
70d3092f: bets $0.6
6fed135c: calls $0.6
*** RIVER *** [8c Qd Ah 6c] [6h]
70d3092f: bets $2.25
6fed135c: folds
Uncalled bet ($2.25) returned to 70d3092f
*** SHOWDOWN ***
70d3092f collected $2.76 from pot
*** SUMMARY ***
Total pot $3 | Rake $0.14 | Jackpot $0.1 | Bingo $0 | Fortune $0 | Tax $0
Board [8c Qd Ah 6c 6h]
Seat 1: ed516c31 (button) folded before Flop (didn't bet)
Seat 2: 70d3092f (small blind) won ($2.76)
Seat 3: b29dffd9 (big blind) folded before Flop
Seat 5: 6fed135c folded on the River
Seat 6: Hero folded before Flop (didn't bet)


Poker Hand #HD1860494343: Hold'em No Limit ($0.05/$0.1) - 2024/07/17 11:16:56
Table 'NLHRed4' 6-max Seat #6 is the button
Seat 1: ed516c31 ($14.96 in chips)
Seat 2: 70d3092f ($10 in chips)
Seat 5: 6fed135c ($10.68 in chips)
Seat 6: Hero ($10 in chips)
ed516c31: posts small blind $0.05
70d3092f: posts big blind $0.1
*** HOLE CARDS ***
Dealt to ed516c31 
Dealt to 70d3092f 
Dealt to 6fed135c 
Dealt to Hero [3c Tc]
6fed135c: raises $0.15 to $0.25
Hero: folds
ed516c31: folds
70d3092f: folds
Uncalled bet ($0.15) returned to 6fed135c
*** SHOWDOWN ***
6fed135c collected $0.25 from pot
*** SUMMARY ***
Total pot $0.25 | Rake $0 | Jackpot $0 | Bingo $0 | Fortune $0 | Tax $0
Seat 1: ed516c31 (small blind) folded before Flop
Seat 2: 70d3092f (big blind) folded before Flop
Seat 5: 6fed135c collected ($0.25)
Seat 6: Hero (button) folded before Flop (didn't bet)


Poker Hand #HD1860494336: Hold'em No Limit ($0.05/$0.1) - 2024/07/17 11:16:50
Table 'NLHRed4' 6-max Seat #5 is the button
Seat 1: ed516c31 ($14.91 in chips)
Seat 5: 6fed135c ($10.68 in chips)
Seat 6: Hero ($10 in chips)
Hero: posts small blind $0.05
ed516c31: posts big blind $0.1
*** HOLE CARDS ***
Dealt to ed516c31 
Dealt to 6fed135c 
Dealt to Hero [2s 6h]
6fed135c: folds
Hero: folds
Uncalled bet ($0.05) returned to ed516c31
*** SHOWDOWN ***
ed516c31 collected $0.1 from pot
*** SUMMARY ***
Total pot $0.1 | Rake $0 | Jackpot $0 | Bingo $0 | Fortune $0 | Tax $0
Seat 1: ed516c31 (big blind) collected ($0.1)
Seat 5: 6fed135c (button) folded before Flop (didn't bet)
Seat 6: Hero (small blind) folded before Flop


Poker Hand #HD1860494313: Hold'em No Limit ($0.05/$0.1) - 2024/07/17 11:16:37
Table 'NLHRed4' 6-max Seat #1 is the button
Seat 1: ed516c31 ($14.76 in chips)
Seat 5: 6fed135c ($10.73 in chips)
Seat 6: Hero ($10 in chips)
6fed135c: posts small blind $0.05
Hero: posts big blind $0.1
*** HOLE CARDS ***
Dealt to ed516c31 
Dealt to 6fed135c 
Dealt to Hero [7c 9s]
ed516c31: raises $0.15 to $0.25
6fed135c: folds
Hero: folds
Uncalled bet ($0.15) returned to ed516c31
*** SHOWDOWN ***
ed516c31 collected $0.25 from pot
*** SUMMARY ***
Total pot $0.25 | Rake $0 | Jackpot $0 | Bingo $0 | Fortune $0 | Tax $0
Seat 1: ed516c31 (button) collected ($0.25)
Seat 5: 6fed135c (small blind) folded before Flop
Seat 6: Hero (big blind) folded before Flop


Poker Hand #HD1860494307: Hold'em No Limit ($0.05/$0.1) - 2024/07/17 11:16:30
Table 'NLHRed4' 6-max Seat #6 is the button
Seat 1: ed516c31 ($14.81 in chips)
Seat 5: 6fed135c ($10.68 in chips)
Seat 6: Hero ($10 in chips)
ed516c31: posts small blind $0.05
6fed135c: posts big blind $0.1
*** HOLE CARDS ***
Dealt to ed516c31 
Dealt to 6fed135c 
Dealt to Hero [9c 7h]
Hero: folds
ed516c31: folds
Uncalled bet ($0.05) returned to 6fed135c
*** SHOWDOWN ***
6fed135c collected $0.1 from pot
*** SUMMARY ***
Total pot $0.1 | Rake $0 | Jackpot $0 | Bingo $0 | Fortune $0 | Tax $0
Seat 1: ed516c31 (small blind) folded before Flop
Seat 5: 6fed135c (big blind) collected ($0.1)
Seat 6: Hero (button) folded before Flop (didn't bet)


Poker Hand #HD1860494261: Hold'em No Limit ($0.05/$0.1) - 2024/07/17 11:16:01
Table 'NLHRed4' 6-max Seat #5 is the button
Seat 1: ed516c31 ($15.06 in chips)
Seat 3: 8afff6f ($10.41 in chips)
Seat 5: 6fed135c ($10.68 in chips)
Seat 6: Hero ($10 in chips)
Hero: posts small blind $0.05
ed516c31: posts big blind $0.1
*** HOLE CARDS ***
Dealt to ed516c31 
Dealt to 8afff6f 
Dealt to 6fed135c 
Dealt to Hero [3h Qc]
8afff6f: raises $0.15 to $0.25
6fed135c: folds
Hero: folds
ed516c31: calls $0.15
*** FLOP *** [6s 4c Ts]
ed516c31: checks
8afff6f: bets $0.37
ed516c31: folds
Uncalled bet ($0.37) returned to 8afff6f
*** SHOWDOWN ***
8afff6f collected $0.53 from pot
*** SUMMARY ***
Total pot $0.55 | Rake $0.02 | Jackpot $0 | Bingo $0 | Fortune $0 | Tax $0
Board [6s 4c Ts]
Seat 1: ed516c31 (big blind) folded on the Flop
Seat 3: 8afff6f won ($0.53)
Seat 5: 6fed135c (button) folded before Flop (didn't bet)
Seat 6: Hero (small blind) folded before Flop


Poker Hand #HD1860494236: Hold'em No Limit ($0.05/$0.1) - 2024/07/17 11:15:45
Table 'NLHRed4' 6-max Seat #4 is the button
Seat 1: ed516c31 ($14.91 in chips)
Seat 3: 8afff6f ($10.41 in chips)
Seat 4: 408cb453 ($13.04 in chips)
Seat 5: 6fed135c ($10.73 in chips)
Seat 6: Hero ($10 in chips)
6fed135c: posts small blind $0.05
Hero: posts big blind $0.1
*** HOLE CARDS ***
Dealt to ed516c31 
Dealt to 8afff6f 
Dealt to 408cb453 
Dealt to 6fed135c 
Dealt to Hero [3s 4c]
ed516c31: raises $0.15 to $0.25
8afff6f: folds
408cb453: folds
6fed135c: folds
Hero: folds
Uncalled bet ($0.15) returned to ed516c31
*** SHOWDOWN ***
ed516c31 collected $0.25 from pot
*** SUMMARY ***
Total pot $0.25 | Rake $0 | Jackpot $0 | Bingo $0 | Fortune $0 | Tax $0
Seat 1: ed516c31 collected ($0.25)
Seat 3: 8afff6f folded before Flop (didn't bet)
Seat 4: 408cb453 (button) folded before Flop (didn't bet)
Seat 5: 6fed135c (small blind) folded before Flop
Seat 6: Hero (big blind) folded before Flop


Poker Hand #HD1860494200: Hold'em No Limit ($0.05/$0.1) - 2024/07/17 11:15:19
Table 'NLHRed4' 6-max Seat #3 is the button
Seat 1: ed516c31 ($14.91 in chips)
Seat 3: 8afff6f ($10.26 in chips)
Seat 4: 408cb453 ($13.09 in chips)
Seat 5: 6fed135c ($10.83 in chips)
Seat 6: Hero ($10 in chips)
408cb453: posts small blind $0.05
6fed135c: posts big blind $0.1
*** HOLE CARDS ***
Dealt to ed516c31 
Dealt to 8afff6f 
Dealt to 408cb453 
Dealt to 6fed135c 
Dealt to Hero [9h 2d]
Hero: folds
ed516c31: folds
8afff6f: raises $0.15 to $0.25
408cb453: folds
6fed135c: folds
Uncalled bet ($0.15) returned to 8afff6f
*** SHOWDOWN ***
8afff6f collected $0.25 from pot
*** SUMMARY ***
Total pot $0.25 | Rake $0 | Jackpot $0 | Bingo $0 | Fortune $0 | Tax $0
Seat 1: ed516c31 folded before Flop (didn't bet)
Seat 3: 8afff6f (button) collected ($0.25)
Seat 4: 408cb453 (small blind) folded before Flop
Seat 5: 6fed135c (big blind) folded before Flop
Seat 6: Hero folded before Flop (didn't bet)


Poker Hand #HD1860494109: Hold'em No Limit ($0.05/$0.1) - 2024/07/17 11:14:17
Table 'NLHRed4' 6-max Seat #1 is the button
Seat 1: ed516c31 ($14.91 in chips)
Seat 2: 1a443c5c ($26.61 in chips)
Seat 3: 8afff6f ($10.51 in chips)
Seat 4: 408cb453 ($13.09 in chips)
Seat 5: 6fed135c ($10.55 in chips)
Seat 6: Hero ($10 in chips)
1a443c5c: posts small blind $0.05
8afff6f: posts big blind $0.1
*** HOLE CARDS ***
Dealt to ed516c31 
Dealt to 1a443c5c 
Dealt to 8afff6f 
Dealt to 408cb453 
Dealt to 6fed135c 
Dealt to Hero [4h 2s]
408cb453: folds
6fed135c: raises $0.15 to $0.25
Hero: folds
ed516c31: folds
1a443c5c: folds
8afff6f: calls $0.15
*** FLOP *** [3d Qs Qc]
8afff6f: checks
6fed135c: checks
*** TURN *** [3d Qs Qc] [4s]
8afff6f: checks
6fed135c: checks
*** RIVER *** [3d Qs Qc 4s] [8h]
8afff6f: checks
6fed135c: checks
8afff6f: shows [6h Kh] (Pair of Queens)
6fed135c: shows [As Td] (Pair of Queens)
*** SHOWDOWN ***
6fed135c collected $0.53 from pot
*** SUMMARY ***
Total pot $0.55 | Rake $0.02 | Jackpot $0 | Bingo $0 | Fortune $0 | Tax $0
Board [3d Qs Qc 4s 8h]
Seat 1: ed516c31 (button) folded before Flop (didn't bet)
Seat 2: 1a443c5c (small blind) folded before Flop
Seat 3: 8afff6f (big blind) showed [6h Kh] and lost with Pair of Queens
Seat 4: 408cb453 folded before Flop (didn't bet)
Seat 5: 6fed135c showed [As Td] and won ($0.53) with Pair of Queens
Seat 6: Hero folded before Flop (didn't bet)


Poker Hand #HD1860494011: Hold'em No Limit ($0.05/$0.1) - 2024/07/17 11:13:13
Table 'NLHRed4' 6-max Seat #6 is the button
Seat 1: ed516c31 ($14.96 in chips)
Seat 2: 1a443c5c ($26.86 in chips)
Seat 3: 8afff6f ($10.51 in chips)
Seat 4: 408cb453 ($13.09 in chips)
Seat 5: 6fed135c ($10.27 in chips)
Seat 6: Hero ($10 in chips)
ed516c31: posts small blind $0.05
1a443c5c: posts big blind $0.1
*** HOLE CARDS ***
Dealt to ed516c31 
Dealt to 1a443c5c 
Dealt to 8afff6f 
Dealt to 408cb453 
Dealt to 6fed135c 
Dealt to Hero [9h As]
8afff6f: folds
408cb453: folds
6fed135c: raises $0.15 to $0.25
Hero: folds
ed516c31: folds
1a443c5c: calls $0.15
*** FLOP *** [Js Jc 2c]
1a443c5c: checks
6fed135c: checks
*** TURN *** [Js Jc 2c] [Kc]
1a443c5c: checks
6fed135c: bets $0.37
1a443c5c: folds
Uncalled bet ($0.37) returned to 6fed135c
*** SHOWDOWN ***
6fed135c collected $0.53 from pot
*** SUMMARY ***
Total pot $0.55 | Rake $0.02 | Jackpot $0 | Bingo $0 | Fortune $0 | Tax $0
Board [Js Jc 2c Kc]
Seat 1: ed516c31 (small blind) folded before Flop
Seat 2: 1a443c5c (big blind) folded on the Turn
Seat 3: 8afff6f folded before Flop (didn't bet)
Seat 4: 408cb453 folded before Flop (didn't bet)
Seat 5: 6fed135c won ($0.53)
Seat 6: Hero (button) folded before Flop (didn't bet)


Poker Hand #HD1860493969: Hold'em No Limit ($0.05/$0.1) - 2024/07/17 11:12:47
Table 'NLHRed4' 6-max Seat #5 is the button
Seat 1: ed516c31 ($15.06 in chips)
Seat 2: 1a443c5c ($26.86 in chips)
Seat 3: 8afff6f ($10.76 in chips)
Seat 4: 408cb453 ($12.72 in chips)
Seat 5: 6fed135c ($10.27 in chips)
Seat 6: Hero ($10 in chips)
Hero: posts small blind $0.05
ed516c31: posts big blind $0.1
*** HOLE CARDS ***
Dealt to ed516c31 
Dealt to 1a443c5c 
Dealt to 8afff6f 
Dealt to 408cb453 
Dealt to 6fed135c 
Dealt to Hero [Ts 3s]
1a443c5c: folds
8afff6f: raises $0.15 to $0.25
408cb453: raises $0.5 to $0.75
6fed135c: folds
Hero: folds
ed516c31: folds
8afff6f: folds
Uncalled bet ($0.5) returned to 408cb453
*** SHOWDOWN ***
408cb453 collected $0.62 from pot
*** SUMMARY ***
Total pot $0.65 | Rake $0.03 | Jackpot $0 | Bingo $0 | Fortune $0 | Tax $0
Seat 1: ed516c31 (big blind) folded before Flop
Seat 2: 1a443c5c folded before Flop (didn't bet)
Seat 3: 8afff6f folded before Flop
Seat 4: 408cb453 collected ($0.62)
Seat 5: 6fed135c (button) folded before Flop (didn't bet)
Seat 6: Hero (small blind) folded before Flop


Poker Hand #HD1860493924: Hold'em No Limit ($0.05/$0.1) - 2024/07/17 11:12:18
Table 'NLHRed4' 6-max Seat #4 is the button
Seat 1: ed516c31 ($15.06 in chips)
Seat 2: 1a443c5c ($26.86 in chips)
Seat 3: 8afff6f ($10.76 in chips)
Seat 4: 408cb453 ($12.72 in chips)
Seat 5: 6fed135c ($10 in chips)
Seat 6: Hero ($10 in chips)
6fed135c: posts small blind $0.05
Hero: posts big blind $0.1
*** HOLE CARDS ***
Dealt to ed516c31 
Dealt to 1a443c5c 
Dealt to 8afff6f 
Dealt to 408cb453 
Dealt to 6fed135c 
Dealt to Hero [Kc 7c]
ed516c31: folds
1a443c5c: folds
8afff6f: folds
408cb453: folds
6fed135c: raises $0.2 to $0.3
Hero: calls $0.2
*** FLOP *** [Ad 3s 6s]
6fed135c: checks
Hero: checks
*** TURN *** [Ad 3s 6s] [2s]
6fed135c: bets $0.45
Hero: folds
Uncalled bet ($0.45) returned to 6fed135c
*** SHOWDOWN ***
6fed135c collected $0.57 from pot
*** SUMMARY ***
Total pot $0.6 | Rake $0.03 | Jackpot $0 | Bingo $0 | Fortune $0 | Tax $0
Board [Ad 3s 6s 2s]
Seat 1: ed516c31 folded before Flop (didn't bet)
Seat 2: 1a443c5c folded before Flop (didn't bet)
Seat 3: 8afff6f folded before Flop (didn't bet)
Seat 4: 408cb453 (button) folded before Flop (didn't bet)
Seat 5: 6fed135c (small blind) won ($0.57)
Seat 6: Hero (big blind) folded on the Turn


Poker Hand #HD1860493894: Hold'em No Limit ($0.05/$0.1) - 2024/07/17 11:12:02
Table 'NLHRed4' 6-max Seat #3 is the button
Seat 1: ed516c31 ($15.06 in chips)
Seat 2: 1a443c5c ($26.71 in chips)
Seat 3: 8afff6f ($10.76 in chips)
Seat 4: 408cb453 ($12.77 in chips)
Seat 5: 6fed135c ($10 in chips)
Seat 6: Hero ($10 in chips)
408cb453: posts small blind $0.05
6fed135c: posts big blind $0.1
*** HOLE CARDS ***
Dealt to ed516c31 
Dealt to 1a443c5c 
Dealt to 8afff6f 
Dealt to 408cb453 
Dealt to 6fed135c 
Dealt to Hero [Kd 2s]
Hero: folds
ed516c31: folds
1a443c5c: raises $0.2 to $0.3
8afff6f: folds
408cb453: folds
6fed135c: folds
Uncalled bet ($0.2) returned to 1a443c5c
*** SHOWDOWN ***
1a443c5c collected $0.25 from pot
*** SUMMARY ***
Total pot $0.25 | Rake $0 | Jackpot $0 | Bingo $0 | Fortune $0 | Tax $0
Seat 1: ed516c31 folded before Flop (didn't bet)
Seat 2: 1a443c5c collected ($0.25)
Seat 3: 8afff6f (button) folded before Flop (didn't bet)
Seat 4: 408cb453 (small blind) folded before Flop
Seat 5: 6fed135c (big blind) folded before Flop
Seat 6: Hero folded before Flop (didn't bet)


Poker Hand #HD1860493867: Hold'em No Limit ($0.05/$0.1) - 2024/07/17 11:11:43
Table 'NLHRed4' 6-max Seat #2 is the button
Seat 1: ed516c31 ($15.06 in chips)
Seat 2: 1a443c5c ($26.71 in chips)
Seat 3: 8afff6f ($10.81 in chips)
Seat 4: 408cb453 ($12.72 in chips)
Seat 5: 6fed135c ($10 in chips)
Seat 6: Hero ($10 in chips)
8afff6f: posts small blind $0.05
408cb453: posts big blind $0.1
*** HOLE CARDS ***
Dealt to ed516c31 
Dealt to 1a443c5c 
Dealt to 8afff6f 
Dealt to 408cb453 
Dealt to 6fed135c 
Dealt to Hero [Td 8h]
6fed135c: folds
Hero: folds
ed516c31: folds
1a443c5c: folds
8afff6f: folds
Uncalled bet ($0.05) returned to 408cb453
*** SHOWDOWN ***
408cb453 collected $0.1 from pot
*** SUMMARY ***
Total pot $0.1 | Rake $0 | Jackpot $0 | Bingo $0 | Fortune $0 | Tax $0
Seat 1: ed516c31 folded before Flop (didn't bet)
Seat 2: 1a443c5c (button) folded before Flop (didn't bet)
Seat 3: 8afff6f (small blind) folded before Flop
Seat 4: 408cb453 (big blind) collected ($0.1)
Seat 5: 6fed135c folded before Flop (didn't bet)
Seat 6: Hero folded before Flop (didn't bet)


Poker Hand #HD1860493806: Hold'em No Limit ($0.05/$0.1) - 2024/07/17 11:10:59
Table 'NLHRed4' 6-max Seat #1 is the button
Seat 1: ed516c31 ($15.06 in chips)
Seat 2: 1a443c5c ($27.61 in chips)
Seat 3: 8afff6f ($10 in chips)
Seat 4: 408cb453 ($12.72 in chips)
Seat 5: 6fed135c ($10 in chips)
Seat 6: Hero ($10 in chips)
1a443c5c: posts small blind $0.05
8afff6f: posts big blind $0.1
*** HOLE CARDS ***
Dealt to ed516c31 
Dealt to 1a443c5c 
Dealt to 8afff6f 
Dealt to 408cb453 
Dealt to 6fed135c 
Dealt to Hero [4h 7h]
408cb453: folds
6fed135c: folds
Hero: folds
ed516c31: folds
1a443c5c: raises $0.2 to $0.3
8afff6f: raises $0.6 to $0.9
1a443c5c: calls $0.6
*** FLOP *** [6c 4c Qh]
1a443c5c: checks
8afff6f: bets $1
1a443c5c: folds
Uncalled bet ($1) returned to 8afff6f
*** SHOWDOWN ***
8afff6f collected $1.71 from pot
*** SUMMARY ***
Total pot $1.8 | Rake $0.09 | Jackpot $0 | Bingo $0 | Fortune $0 | Tax $0
Board [6c 4c Qh]
Seat 1: ed516c31 (button) folded before Flop (didn't bet)
Seat 2: 1a443c5c (small blind) folded on the Flop
Seat 3: 8afff6f (big blind) won ($1.71)
Seat 4: 408cb453 folded before Flop (didn't bet)
Seat 5: 6fed135c folded before Flop (didn't bet)
Seat 6: Hero folded before Flop (didn't bet)


Poker Hand #HD1860493708: Hold'em No Limit ($0.05/$0.1) - 2024/07/17 11:09:51
Table 'NLHRed4' 6-max Seat #6 is the button
Seat 1: ed516c31 ($15.11 in chips)
Seat 2: 1a443c5c ($28.13 in chips)
Seat 3: 8afff6f ($10 in chips)
Seat 4: 408cb453 ($12.72 in chips)
Seat 5: 6fed135c ($10.52 in chips)
Seat 6: Hero ($10 in chips)
ed516c31: posts small blind $0.05
1a443c5c: posts big blind $0.1
*** HOLE CARDS ***
Dealt to ed516c31 
Dealt to 1a443c5c 
Dealt to 8afff6f 
Dealt to 408cb453 
Dealt to 6fed135c 
Dealt to Hero [4c 9d]
8afff6f: folds
408cb453: folds
6fed135c: raises $0.15 to $0.25
Hero: folds
ed516c31: folds
1a443c5c: raises $0.55 to $0.8
6fed135c: raises $1.6 to $2.4
1a443c5c: raises $3.64 to $6.04
6fed135c: raises $4.48 to $10.52 and is all-in
1a443c5c: calls $4.48
6fed135c: shows [Kc Ah]
1a443c5c: shows [Kd Ac]
*** FLOP *** [3d Qs 5h]
*** TURN *** [3d Qs 5h] [4h]
*** RIVER *** [3d Qs 5h 4h] [6h]
*** SHOWDOWN ***
6fed135c collected $9.99 from pot
1a443c5c collected $10 from pot
*** SUMMARY ***
Total pot $21.09 | Rake $1 | Jackpot $0.1 | Bingo $0 | Fortune $0 | Tax $0
Board [3d Qs 5h 4h 6h]
Seat 1: ed516c31 (small blind) folded before Flop
Seat 2: 1a443c5c (big blind) showed [Kd Ac] and won ($10) with Ace-High
Seat 3: 8afff6f folded before Flop (didn't bet)
Seat 4: 408cb453 folded before Flop (didn't bet)
Seat 5: 6fed135c showed [Kc Ah] and won ($9.99) with Ace-High
Seat 6: Hero (button) folded before Flop (didn't bet)


Poker Hand #HD1860493639: Hold'em No Limit ($0.05/$0.1) - 2024/07/17 11:09:06
Table 'NLHRed4' 6-max Seat #5 is the button
Seat 1: ed516c31 ($16.06 in chips)
Seat 2: 1a443c5c ($27.22 in chips)
Seat 3: 8afff6f ($10 in chips)
Seat 4: 408cb453 ($12.72 in chips)
Seat 5: 6fed135c ($10.52 in chips)
Seat 6: Hero ($10 in chips)
Hero: posts small blind $0.05
ed516c31: posts big blind $0.1
*** HOLE CARDS ***
Dealt to ed516c31 
Dealt to 1a443c5c 
Dealt to 8afff6f 
Dealt to 408cb453 
Dealt to 6fed135c 
Dealt to Hero [8c 2h]
1a443c5c: raises $0.2 to $0.3
8afff6f: folds
408cb453: folds
6fed135c: folds
Hero: folds
ed516c31: calls $0.2
*** FLOP *** [6c 6d 9h]
ed516c31: checks
1a443c5c: bets $0.65
ed516c31: calls $0.65
*** TURN *** [6c 6d 9h] [Ah]
ed516c31: checks
1a443c5c: checks
*** RIVER *** [6c 6d 9h Ah] [Qh]
ed516c31: checks
1a443c5c: bets $1.95
ed516c31: folds
Uncalled bet ($1.95) returned to 1a443c5c
*** SHOWDOWN ***
1a443c5c collected $1.86 from pot
*** SUMMARY ***
Total pot $1.95 | Rake $0.09 | Jackpot $0 | Bingo $0 | Fortune $0 | Tax $0
Board [6c 6d 9h Ah Qh]
Seat 1: ed516c31 (big blind) folded on the River
Seat 2: 1a443c5c won ($1.86)
Seat 3: 8afff6f folded before Flop (didn't bet)
Seat 4: 408cb453 folded before Flop (didn't bet)
Seat 5: 6fed135c (button) folded before Flop (didn't bet)
Seat 6: Hero (small blind) folded before Flop


Poker Hand #HD1860493521: Hold'em No Limit ($0.05/$0.1) - 2024/07/17 11:07:55
Table 'NLHRed4' 6-max Seat #4 is the button
Seat 1: ed516c31 ($16.06 in chips)
Seat 2: 1a443c5c ($26.26 in chips)
Seat 3: 8afff6f ($10 in chips)
Seat 4: 408cb453 ($13.62 in chips)
Seat 5: 6fed135c ($10.57 in chips)
Seat 6: Hero ($10 in chips)
6fed135c: posts small blind $0.05
Hero: posts big blind $0.1
*** HOLE CARDS ***
Dealt to ed516c31 
Dealt to 1a443c5c 
Dealt to 8afff6f 
Dealt to 408cb453 
Dealt to 6fed135c 
Dealt to Hero [Td 5c]
ed516c31: folds
1a443c5c: raises $0.2 to $0.3
8afff6f: folds
408cb453: raises $0.6 to $0.9
6fed135c: folds
Hero: folds
1a443c5c: calls $0.6
*** FLOP *** [3c 8d 4c]
1a443c5c: checks
408cb453: checks
*** TURN *** [3c 8d 4c] [5s]
1a443c5c: checks
408cb453: checks
*** RIVER *** [3c 8d 4c 5s] [8h]
1a443c5c: bets $1.95
408cb453: folds
Uncalled bet ($1.95) returned to 1a443c5c
*** SHOWDOWN ***
1a443c5c collected $1.86 from pot
*** SUMMARY ***
Total pot $1.95 | Rake $0.09 | Jackpot $0 | Bingo $0 | Fortune $0 | Tax $0
Board [3c 8d 4c 5s 8h]
Seat 1: ed516c31 folded before Flop (didn't bet)
Seat 2: 1a443c5c won ($1.86)
Seat 3: 8afff6f folded before Flop (didn't bet)
Seat 4: 408cb453 (button) folded on the River
Seat 5: 6fed135c (small blind) folded before Flop
Seat 6: Hero (big blind) folded before Flop


Poker Hand #HD1860493473: Hold'em No Limit ($0.05/$0.1) - 2024/07/17 11:07:24
Table 'NLHRed4' 6-max Seat #3 is the button
Seat 1: ed516c31 ($16.06 in chips)
Seat 2: 1a443c5c ($25.94 in chips)
Seat 3: 8afff6f ($10 in chips)
Seat 4: 408cb453 ($13.67 in chips)
Seat 5: 6fed135c ($10.87 in chips)
Seat 6: Hero ($10 in chips)
408cb453: posts small blind $0.05
6fed135c: posts big blind $0.1
*** HOLE CARDS ***
Dealt to ed516c31 
Dealt to 1a443c5c 
Dealt to 8afff6f 
Dealt to 408cb453 
Dealt to 6fed135c 
Dealt to Hero [5d 5s]
Hero: folds
ed516c31: folds
1a443c5c: raises $0.2 to $0.3
8afff6f: folds
408cb453: folds
6fed135c: calls $0.2
*** FLOP *** [Kd 7d 5c]
6fed135c: checks
1a443c5c: bets $0.65
6fed135c: folds
Uncalled bet ($0.65) returned to 1a443c5c
*** SHOWDOWN ***
1a443c5c collected $0.62 from pot
*** SUMMARY ***
Total pot $0.65 | Rake $0.03 | Jackpot $0 | Bingo $0 | Fortune $0 | Tax $0
Board [Kd 7d 5c]
Seat 1: ed516c31 folded before Flop (didn't bet)
Seat 2: 1a443c5c won ($0.62)
Seat 3: 8afff6f (button) folded before Flop (didn't bet)
Seat 4: 408cb453 (small blind) folded before Flop
Seat 5: 6fed135c (big blind) folded on the Flop
Seat 6: Hero folded before Flop (didn't bet)


Poker Hand #HD1860493449: Hold'em No Limit ($0.05/$0.1) - 2024/07/17 11:07:12
Table 'NLHRed4' 6-max Seat #2 is the button
Seat 1: ed516c31 ($15.91 in chips)
Seat 2: 1a443c5c ($25.94 in chips)
Seat 3: 8afff6f ($10 in chips)
Seat 4: 408cb453 ($13.77 in chips)
Seat 5: 6fed135c ($10.87 in chips)
Seat 6: Hero ($10 in chips)
8afff6f: posts small blind $0.05
408cb453: posts big blind $0.1
*** HOLE CARDS ***
Dealt to ed516c31 
Dealt to 1a443c5c 
Dealt to 8afff6f 
Dealt to 408cb453 
Dealt to 6fed135c 
Dealt to Hero [9d 2h]
6fed135c: folds
Hero: folds
ed516c31: raises $0.15 to $0.25
1a443c5c: folds
8afff6f: folds
408cb453: folds
Uncalled bet ($0.15) returned to ed516c31
*** SHOWDOWN ***
ed516c31 collected $0.25 from pot
*** SUMMARY ***
Total pot $0.25 | Rake $0 | Jackpot $0 | Bingo $0 | Fortune $0 | Tax $0
Seat 1: ed516c31 collected ($0.25)
Seat 2: 1a443c5c (button) folded before Flop (didn't bet)
Seat 3: 8afff6f (small blind) folded before Flop
Seat 4: 408cb453 (big blind) folded before Flop
Seat 5: 6fed135c folded before Flop (didn't bet)
Seat 6: Hero folded before Flop (didn't bet)


Poker Hand #HD1860493371: Hold'em No Limit ($0.05/$0.1) - 2024/07/17 11:06:28
Table 'NLHRed4' 6-max Seat #1 is the button
Seat 1: ed516c31 ($15.91 in chips)
Seat 2: 1a443c5c ($26.39 in chips)
Seat 3: 8afff6f ($10 in chips)
Seat 4: 408cb453 ($13.77 in chips)
Seat 5: 6fed135c ($10.37 in chips)
Seat 6: Hero ($10 in chips)
1a443c5c: posts small blind $0.05
8afff6f: posts big blind $0.1
*** HOLE CARDS ***
Dealt to ed516c31 
Dealt to 1a443c5c 
Dealt to 8afff6f 
Dealt to 408cb453 
Dealt to 6fed135c 
Dealt to Hero [8s Ts]
408cb453: folds
6fed135c: raises $0.15 to $0.25
Hero: folds
ed516c31: folds
1a443c5c: calls $0.2
8afff6f: folds
*** FLOP *** [9d Ks Tc]
1a443c5c: checks
6fed135c: bets $0.2
1a443c5c: calls $0.2
*** TURN *** [9d Ks Tc] [Kh]
1a443c5c: checks
6fed135c: bets $0.66
1a443c5c: folds
Uncalled bet ($0.66) returned to 6fed135c
*** SHOWDOWN ***
6fed135c collected $0.95 from pot
*** SUMMARY ***
Total pot $1 | Rake $0.05 | Jackpot $0 | Bingo $0 | Fortune $0 | Tax $0
Board [9d Ks Tc Kh]
Seat 1: ed516c31 (button) folded before Flop (didn't bet)
Seat 2: 1a443c5c (small blind) folded on the Turn
Seat 3: 8afff6f (big blind) folded before Flop
Seat 4: 408cb453 folded before Flop (didn't bet)
Seat 5: 6fed135c won ($0.95)
Seat 6: Hero folded before Flop (didn't bet)


Poker Hand #HD1860493290: Hold'em No Limit ($0.05/$0.1) - 2024/07/17 11:05:41
Table 'NLHRed4' 6-max Seat #6 is the button
Seat 1: ed516c31 ($11.6 in chips)
Seat 2: 1a443c5c ($26.49 in chips)
Seat 3: 8afff6f ($10 in chips)
Seat 4: 408cb453 ($13.77 in chips)
Seat 5: 6fed135c ($10.37 in chips)
Seat 6: Hero ($10 in chips)
ed516c31: posts small blind $0.05
1a443c5c: posts big blind $0.1
*** HOLE CARDS ***
Dealt to ed516c31 
Dealt to 1a443c5c 
Dealt to 8afff6f 
Dealt to 408cb453 
Dealt to 6fed135c 
Dealt to Hero [Jh 6d]
8afff6f: raises $0.15 to $0.25
408cb453: folds
6fed135c: folds
Hero: folds
ed516c31: raises $0.95 to $1.2
1a443c5c: folds
8afff6f: calls $0.95
*** FLOP *** [3c 2c 5c]
ed516c31: checks
8afff6f: checks
*** TURN *** [3c 2c 5c] [Th]
ed516c31: bets $0.83
8afff6f: raises $2.75 to $3.58
ed516c31: calls $2.75
*** RIVER *** [3c 2c 5c Th] [Jc]
ed516c31: bets $6.38
8afff6f: folds
Uncalled bet ($6.38) returned to ed516c31
*** SHOWDOWN ***
ed516c31 collected $9.09 from pot
*** SUMMARY ***
Total pot $9.66 | Rake $0.47 | Jackpot $0.1 | Bingo $0 | Fortune $0 | Tax $0
Board [3c 2c 5c Th Jc]
Seat 1: ed516c31 (small blind) won ($9.09)
Seat 2: 1a443c5c (big blind) folded before Flop
Seat 3: 8afff6f folded on the River
Seat 4: 408cb453 folded before Flop (didn't bet)
Seat 5: 6fed135c folded before Flop (didn't bet)
Seat 6: Hero (button) folded before Flop (didn't bet)


Poker Hand #HD1860493242: Hold'em No Limit ($0.05/$0.1) - 2024/07/17 11:05:11
Table 'NLHRed4' 6-max Seat #5 is the button
Seat 1: ed516c31 ($11.7 in chips)
Seat 2: 1a443c5c ($26.49 in chips)
Seat 3: 8afff6f ($10 in chips)
Seat 4: 408cb453 ($13.77 in chips)
Seat 5: 6fed135c ($10.22 in chips)
Seat 6: Hero ($10 in chips)
Hero: posts small blind $0.05
ed516c31: posts big blind $0.1
*** HOLE CARDS ***
Dealt to ed516c31 
Dealt to 1a443c5c 
Dealt to 8afff6f 
Dealt to 408cb453 
Dealt to 6fed135c 
Dealt to Hero [6s Ac]
1a443c5c: folds
8afff6f: folds
408cb453: folds
6fed135c: raises $0.15 to $0.25
Hero: folds
ed516c31: folds
Uncalled bet ($0.15) returned to 6fed135c
*** SHOWDOWN ***
6fed135c collected $0.25 from pot
*** SUMMARY ***
Total pot $0.25 | Rake $0 | Jackpot $0 | Bingo $0 | Fortune $0 | Tax $0
Seat 1: ed516c31 (big blind) folded before Flop
Seat 2: 1a443c5c folded before Flop (didn't bet)
Seat 3: 8afff6f folded before Flop (didn't bet)
Seat 4: 408cb453 folded before Flop (didn't bet)
Seat 5: 6fed135c (button) collected ($0.25)
Seat 6: Hero (small blind) folded before Flop


Poker Hand #HD1860493208: Hold'em No Limit ($0.05/$0.1) - 2024/07/17 11:04:54
Table 'NLHRed4' 6-max Seat #4 is the button
Seat 1: ed516c31 ($11.55 in chips)
Seat 2: 1a443c5c ($26.49 in chips)
Seat 3: 8afff6f ($10 in chips)
Seat 4: 408cb453 ($13.77 in chips)
Seat 5: 6fed135c ($10.27 in chips)
Seat 6: Hero ($10 in chips)
6fed135c: posts small blind $0.05
Hero: posts big blind $0.1
*** HOLE CARDS ***
Dealt to ed516c31 
Dealt to 1a443c5c 
Dealt to 8afff6f 
Dealt to 408cb453 
Dealt to 6fed135c 
Dealt to Hero [6d 5d]
ed516c31: raises $0.15 to $0.25
1a443c5c: folds
8afff6f: folds
408cb453: folds
6fed135c: folds
Hero: folds
Uncalled bet ($0.15) returned to ed516c31
*** SHOWDOWN ***
ed516c31 collected $0.25 from pot
*** SUMMARY ***
Total pot $0.25 | Rake $0 | Jackpot $0 | Bingo $0 | Fortune $0 | Tax $0
Seat 1: ed516c31 collected ($0.25)
Seat 2: 1a443c5c folded before Flop (didn't bet)
Seat 3: 8afff6f folded before Flop (didn't bet)
Seat 4: 408cb453 (button) folded before Flop (didn't bet)
Seat 5: 6fed135c (small blind) folded before Flop
Seat 6: Hero (big blind) folded before Flop


Poker Hand #HD1860493168: Hold'em No Limit ($0.05/$0.1) - 2024/07/17 11:04:32
Table 'NLHRed4' 6-max Seat #3 is the button
Seat 1: ed516c31 ($11.55 in chips)
Seat 2: 1a443c5c ($26.49 in chips)
Seat 3: 8afff6f ($10 in chips)
Seat 4: 408cb453 ($14.07 in chips)
Seat 5: 6fed135c ($10 in chips)
Seat 6: Hero ($10 in chips)
408cb453: posts small blind $0.05
6fed135c: posts big blind $0.1
*** HOLE CARDS ***
Dealt to ed516c31 
Dealt to 1a443c5c 
Dealt to 8afff6f 
Dealt to 408cb453 
Dealt to 6fed135c 
Dealt to Hero [3s 5c]
Hero: folds
ed516c31: folds
1a443c5c: folds
8afff6f: folds
408cb453: raises $0.2 to $0.3
6fed135c: raises $0.9 to $1.2
408cb453: folds
Uncalled bet ($0.9) returned to 6fed135c
*** SHOWDOWN ***
6fed135c collected $0.57 from pot
*** SUMMARY ***
Total pot $0.6 | Rake $0.03 | Jackpot $0 | Bingo $0 | Fortune $0 | Tax $0
Seat 1: ed516c31 folded before Flop (didn't bet)
Seat 2: 1a443c5c folded before Flop (didn't bet)
Seat 3: 8afff6f (button) folded before Flop (didn't bet)
Seat 4: 408cb453 (small blind) folded before Flop
Seat 5: 6fed135c (big blind) collected ($0.57)
Seat 6: Hero folded before Flop (didn't bet)


Poker Hand #HD1860493115: Hold'em No Limit ($0.05/$0.1) - 2024/07/17 11:03:56
Table 'NLHRed4' 6-max Seat #2 is the button
Seat 1: ed516c31 ($11.55 in chips)
Seat 2: 1a443c5c ($25.31 in chips)
Seat 3: 8afff6f ($10 in chips)
Seat 4: 408cb453 ($14.17 in chips)
Seat 5: 6fed135c ($10 in chips)
Seat 6: Hero ($10 in chips)
8afff6f: posts small blind $0.05
408cb453: posts big blind $0.1
*** HOLE CARDS ***
Dealt to ed516c31 
Dealt to 1a443c5c 
Dealt to 8afff6f 
Dealt to 408cb453 
Dealt to 6fed135c 
Dealt to Hero [2c 8s]
6fed135c: folds
Hero: folds
ed516c31: folds
1a443c5c: raises $0.2 to $0.3
8afff6f: raises $0.9 to $1.2
408cb453: folds
1a443c5c: calls $0.9
*** FLOP *** [9s Jc 6c]
8afff6f: checks
1a443c5c: bets $1.88
8afff6f: folds
Uncalled bet ($1.88) returned to 1a443c5c
*** SHOWDOWN ***
1a443c5c collected $2.38 from pot
*** SUMMARY ***
Total pot $2.5 | Rake $0.12 | Jackpot $0 | Bingo $0 | Fortune $0 | Tax $0
Board [9s Jc 6c]
Seat 1: ed516c31 folded before Flop (didn't bet)
Seat 2: 1a443c5c (button) won ($2.38)
Seat 3: 8afff6f (small blind) folded on the Flop
Seat 4: 408cb453 (big blind) folded before Flop
Seat 5: 6fed135c folded before Flop (didn't bet)
Seat 6: Hero folded before Flop (didn't bet)


Poker Hand #HD1860493074: Hold'em No Limit ($0.05/$0.1) - 2024/07/17 11:03:30
Table 'NLHRed4' 6-max Seat #1 is the button
Seat 1: ed516c31 ($11.18 in chips)
Seat 2: 1a443c5c ($25.36 in chips)
Seat 3: 8afff6f ($10 in chips)
Seat 4: 408cb453 ($14.17 in chips)
Seat 5: 6fed135c ($10.12 in chips)
Seat 6: Hero ($10 in chips)
1a443c5c: posts small blind $0.05
8afff6f: posts big blind $0.1
*** HOLE CARDS ***
Dealt to ed516c31 
Dealt to 1a443c5c 
Dealt to 8afff6f 
Dealt to 408cb453 
Dealt to 6fed135c 
Dealt to Hero [9c Qd]
408cb453: folds
6fed135c: raises $0.15 to $0.25
Hero: folds
ed516c31: raises $0.5 to $0.75
1a443c5c: folds
8afff6f: folds
6fed135c: folds
Uncalled bet ($0.5) returned to ed516c31
*** SHOWDOWN ***
ed516c31 collected $0.62 from pot
*** SUMMARY ***
Total pot $0.65 | Rake $0.03 | Jackpot $0 | Bingo $0 | Fortune $0 | Tax $0
Seat 1: ed516c31 (button) collected ($0.62)
Seat 2: 1a443c5c (small blind) folded before Flop
Seat 3: 8afff6f (big blind) folded before Flop
Seat 4: 408cb453 folded before Flop (didn't bet)
Seat 5: 6fed135c folded before Flop
Seat 6: Hero folded before Flop (didn't bet)


Poker Hand #HD1860492965: Hold'em No Limit ($0.05/$0.1) - 2024/07/17 11:02:30
Table 'NLHRed4' 6-max Seat #6 is the button
Seat 1: ed516c31 ($11.23 in chips)
Seat 2: 1a443c5c ($29.46 in chips)
Seat 3: 8afff6f ($10 in chips)
Seat 4: 408cb453 ($10.52 in chips)
Seat 5: 6fed135c ($10.12 in chips)
Seat 6: Hero ($10 in chips)
ed516c31: posts small blind $0.05
1a443c5c: posts big blind $0.1
*** HOLE CARDS ***
Dealt to ed516c31 
Dealt to 1a443c5c 
Dealt to 8afff6f 
Dealt to 408cb453 
Dealt to 6fed135c 
Dealt to Hero [7c Th]
8afff6f: folds
408cb453: raises $0.15 to $0.25
6fed135c: folds
Hero: folds
ed516c31: folds
1a443c5c: calls $0.15
*** FLOP *** [4h Td 7h]
1a443c5c: bets $0.55
408cb453: calls $0.55
*** TURN *** [4h Td 7h] [Jh]
1a443c5c: bets $1.65
408cb453: calls $1.65
*** RIVER *** [4h Td 7h Jh] [5s]
1a443c5c: checks
408cb453: bets $1.65
1a443c5c: calls $1.65
408cb453: shows [8c 9c] (Jacks-High Straight)
1a443c5c: shows [Jc Tc] (Pair of Jacks and Pair of Tens)
*** SHOWDOWN ***
408cb453 collected $7.75 from pot
*** SUMMARY ***
Total pot $8.25 | Rake $0.4 | Jackpot $0.1 | Bingo $0 | Fortune $0 | Tax $0
Board [4h Td 7h Jh 5s]
Seat 1: ed516c31 (small blind) folded before Flop
Seat 2: 1a443c5c (big blind) showed [Jc Tc] and lost with Pair of Jacks and Pair of Tens
Seat 3: 8afff6f folded before Flop (didn't bet)
Seat 4: 408cb453 showed [8c 9c] and won ($7.75) with Jacks-High Straight
Seat 5: 6fed135c folded before Flop (didn't bet)
Seat 6: Hero (button) folded before Flop (didn't bet)


Poker Hand #HD1860492855: Hold'em No Limit ($0.05/$0.1) - 2024/07/17 11:01:26
Table 'NLHRed4' 6-max Seat #5 is the button
Seat 1: ed516c31 ($11.33 in chips)
Seat 2: 1a443c5c ($28.01 in chips)
Seat 3: 8afff6f ($10.73 in chips)
Seat 4: 408cb453 ($10.52 in chips)
Seat 5: 6fed135c ($10.12 in chips)
Seat 6: Hero ($10 in chips)
Hero: posts small blind $0.05
ed516c31: posts big blind $0.1
*** HOLE CARDS ***
Dealt to ed516c31 
Dealt to 1a443c5c 
Dealt to 8afff6f 
Dealt to 408cb453 
Dealt to 6fed135c 
Dealt to Hero [Ad 7c]
1a443c5c: raises $0.2 to $0.3
8afff6f: raises $0.6 to $0.9
408cb453: folds
6fed135c: folds
Hero: folds
ed516c31: folds
1a443c5c: calls $0.6
*** FLOP *** [Js Qh 3c]
1a443c5c: checks
8afff6f: bets $0.65
1a443c5c: calls $0.65
*** TURN *** [Js Qh 3c] [Th]
1a443c5c: checks
8afff6f: checks
*** RIVER *** [Js Qh 3c Th] [6d]
1a443c5c: bets $3.25
8afff6f: folds
Uncalled bet ($3.25) returned to 1a443c5c
*** SHOWDOWN ***
1a443c5c collected $3 from pot
*** SUMMARY ***
Total pot $3.25 | Rake $0.15 | Jackpot $0.1 | Bingo $0 | Fortune $0 | Tax $0
Board [Js Qh 3c Th 6d]
Seat 1: ed516c31 (big blind) folded before Flop
Seat 2: 1a443c5c won ($3)
Seat 3: 8afff6f folded on the River
Seat 4: 408cb453 folded before Flop (didn't bet)
Seat 5: 6fed135c (button) folded before Flop (didn't bet)
Seat 6: Hero (small blind) folded before Flop


Poker Hand #HD1860492822: Hold'em No Limit ($0.05/$0.1) - 2024/07/17 11:01:09
Table 'NLHRed4' 6-max Seat #4 is the button
Seat 1: ed516c31 ($11.33 in chips)
Seat 2: 1a443c5c ($28.01 in chips)
Seat 3: 8afff6f ($10.73 in chips)
Seat 4: 408cb453 ($10.37 in chips)
Seat 5: 6fed135c ($10.17 in chips)
Seat 6: Hero ($10 in chips)
6fed135c: posts small blind $0.05
Hero: posts big blind $0.1
*** HOLE CARDS ***
Dealt to ed516c31 
Dealt to 1a443c5c 
Dealt to 8afff6f 
Dealt to 408cb453 
Dealt to 6fed135c 
Dealt to Hero [6s 2h]
ed516c31: folds
1a443c5c: folds
8afff6f: folds
408cb453: raises $0.15 to $0.25
6fed135c: folds
Hero: folds
Uncalled bet ($0.15) returned to 408cb453
*** SHOWDOWN ***
408cb453 collected $0.25 from pot
*** SUMMARY ***
Total pot $0.25 | Rake $0 | Jackpot $0 | Bingo $0 | Fortune $0 | Tax $0
Seat 1: ed516c31 folded before Flop (didn't bet)
Seat 2: 1a443c5c folded before Flop (didn't bet)
Seat 3: 8afff6f folded before Flop (didn't bet)
Seat 4: 408cb453 (button) collected ($0.25)
Seat 5: 6fed135c (small blind) folded before Flop
Seat 6: Hero (big blind) folded before Flop


Poker Hand #HD1860492756: Hold'em No Limit ($0.05/$0.1) - 2024/07/17 11:00:30
Table 'NLHRed4' 6-max Seat #3 is the button
Seat 1: ed516c31 ($11.58 in chips)
Seat 2: 1a443c5c ($28.01 in chips)
Seat 3: 8afff6f ($10.73 in chips)
Seat 4: 408cb453 ($10.05 in chips)
Seat 5: 6fed135c ($10.27 in chips)
Seat 6: Hero ($10 in chips)
408cb453: posts small blind $0.05
6fed135c: posts big blind $0.1
*** HOLE CARDS ***
Dealt to ed516c31 
Dealt to 1a443c5c 
Dealt to 8afff6f 
Dealt to 408cb453 
Dealt to 6fed135c 
Dealt to Hero [Qc 3c]
Hero: folds
ed516c31: raises $0.15 to $0.25
1a443c5c: folds
8afff6f: folds
408cb453: raises $0.95 to $1.2
6fed135c: folds
ed516c31: folds
Uncalled bet ($0.95) returned to 408cb453
*** SHOWDOWN ***
408cb453 collected $0.57 from pot
*** SUMMARY ***
Total pot $0.6 | Rake $0.03 | Jackpot $0 | Bingo $0 | Fortune $0 | Tax $0
Seat 1: ed516c31 folded before Flop
Seat 2: 1a443c5c folded before Flop (didn't bet)
Seat 3: 8afff6f (button) folded before Flop (didn't bet)
Seat 4: 408cb453 (small blind) collected ($0.57)
Seat 5: 6fed135c (big blind) folded before Flop
Seat 6: Hero folded before Flop (didn't bet)


Poker Hand #HD1860492717: Hold'em No Limit ($0.05/$0.1) - 2024/07/17 11:00:09
Table 'NLHRed4' 6-max Seat #2 is the button
Seat 1: ed516c31 ($11.58 in chips)
Seat 2: 1a443c5c ($28.01 in chips)
Seat 3: 8afff6f ($10.78 in chips)
Seat 4: 408cb453 ($10 in chips)
Seat 5: 6fed135c ($10.27 in chips)
Seat 6: Hero ($10 in chips)
8afff6f: posts small blind $0.05
408cb453: posts big blind $0.1
*** HOLE CARDS ***
Dealt to ed516c31 
Dealt to 1a443c5c 
Dealt to 8afff6f 
Dealt to 408cb453 
Dealt to 6fed135c 
Dealt to Hero [Jc 4s]
6fed135c: folds
Hero: folds
ed516c31: folds
1a443c5c: folds
8afff6f: folds
Uncalled bet ($0.05) returned to 408cb453
*** SHOWDOWN ***
408cb453 collected $0.1 from pot
*** SUMMARY ***
Total pot $0.1 | Rake $0 | Jackpot $0 | Bingo $0 | Fortune $0 | Tax $0
Seat 1: ed516c31 folded before Flop (didn't bet)
Seat 2: 1a443c5c (button) folded before Flop (didn't bet)
Seat 3: 8afff6f (small blind) folded before Flop
Seat 4: 408cb453 (big blind) collected ($0.1)
Seat 5: 6fed135c folded before Flop (didn't bet)
Seat 6: Hero folded before Flop (didn't bet)


Poker Hand #HD1860492697: Hold'em No Limit ($0.05/$0.1) - 2024/07/17 10:59:55
Table 'NLHRed4' 6-max Seat #1 is the button
Seat 1: ed516c31 ($11.58 in chips)
Seat 2: 1a443c5c ($28.06 in chips)
Seat 3: 8afff6f ($10.73 in chips)
Seat 5: 6fed135c ($10.27 in chips)
Seat 6: Hero ($10 in chips)
1a443c5c: posts small blind $0.05
8afff6f: posts big blind $0.1
*** HOLE CARDS ***
Dealt to ed516c31 
Dealt to 1a443c5c 
Dealt to 8afff6f 
Dealt to 6fed135c 
Dealt to Hero [Tc 7d]
6fed135c: folds
Hero: folds
ed516c31: folds
1a443c5c: folds
Uncalled bet ($0.05) returned to 8afff6f
*** SHOWDOWN ***
8afff6f collected $0.1 from pot
*** SUMMARY ***
Total pot $0.1 | Rake $0 | Jackpot $0 | Bingo $0 | Fortune $0 | Tax $0
Seat 1: ed516c31 (button) folded before Flop (didn't bet)
Seat 2: 1a443c5c (small blind) folded before Flop
Seat 3: 8afff6f (big blind) collected ($0.1)
Seat 5: 6fed135c folded before Flop (didn't bet)
Seat 6: Hero folded before Flop (didn't bet)


Poker Hand #HD1860492614: Hold'em No Limit ($0.05/$0.1) - 2024/07/17 10:59:08
Table 'NLHRed4' 6-max Seat #6 is the button
Seat 1: ed516c31 ($12.18 in chips)
Seat 2: 1a443c5c ($27.52 in chips)
Seat 3: 8afff6f ($10.73 in chips)
Seat 5: 6fed135c ($10.27 in chips)
Seat 6: Hero ($10 in chips)
ed516c31: posts small blind $0.05
1a443c5c: posts big blind $0.1
*** HOLE CARDS ***
Dealt to ed516c31 
Dealt to 1a443c5c 
Dealt to 8afff6f 
Dealt to 6fed135c 
Dealt to Hero [7d 2s]
8afff6f: folds
6fed135c: folds
Hero: folds
ed516c31: raises $0.2 to $0.3
1a443c5c: calls $0.2
*** FLOP *** [3h Ks 7s]
ed516c31: bets $0.3
1a443c5c: raises $0.4 to $0.7
ed516c31: folds
Uncalled bet ($0.4) returned to 1a443c5c
*** SHOWDOWN ***
1a443c5c collected $1.14 from pot
*** SUMMARY ***
Total pot $1.2 | Rake $0.06 | Jackpot $0 | Bingo $0 | Fortune $0 | Tax $0
Board [3h Ks 7s]
Seat 1: ed516c31 (small blind) folded on the Flop
Seat 2: 1a443c5c (big blind) won ($1.14)
Seat 3: 8afff6f folded before Flop (didn't bet)
Seat 5: 6fed135c folded before Flop (didn't bet)
Seat 6: Hero (button) folded before Flop (didn't bet)


Poker Hand #HD1860492556: Hold'em No Limit ($0.05/$0.1) - 2024/07/17 10:58:36
Table 'NLHRed4' 6-max Seat #5 is the button
Seat 1: ed516c31 ($12.28 in chips)
Seat 2: 1a443c5c ($27.37 in chips)
Seat 3: 8afff6f ($10.73 in chips)
Seat 5: 6fed135c ($10.27 in chips)
Seat 6: Hero ($10 in chips)
Hero: posts small blind $0.05
ed516c31: posts big blind $0.1
*** HOLE CARDS ***
Dealt to ed516c31 
Dealt to 1a443c5c 
Dealt to 8afff6f 
Dealt to 6fed135c 
Dealt to Hero [As 7c]
1a443c5c: raises $0.2 to $0.3
8afff6f: folds
6fed135c: folds
Hero: folds
ed516c31: folds
Uncalled bet ($0.2) returned to 1a443c5c
*** SHOWDOWN ***
1a443c5c collected $0.25 from pot
*** SUMMARY ***
Total pot $0.25 | Rake $0 | Jackpot $0 | Bingo $0 | Fortune $0 | Tax $0
Seat 1: ed516c31 (big blind) folded before Flop
Seat 2: 1a443c5c collected ($0.25)
Seat 3: 8afff6f folded before Flop (didn't bet)
Seat 5: 6fed135c (button) folded before Flop (didn't bet)
Seat 6: Hero (small blind) folded before Flop


Poker Hand #HD1860492399: Hold'em No Limit ($0.05/$0.1) - 2024/07/17 10:57:08
Table 'NLHRed4' 6-max Seat #3 is the button
Seat 1: ed516c31 ($12.28 in chips)
Seat 2: 1a443c5c ($17.8 in chips)
Seat 3: 8afff6f ($10.73 in chips)
Seat 5: 6fed135c ($10.32 in chips)
Seat 6: Hero ($10.62 in chips)
6fed135c: posts small blind $0.05
Hero: posts big blind $0.1
*** HOLE CARDS ***
Dealt to ed516c31 
Dealt to 1a443c5c 
Dealt to 8afff6f 
Dealt to 6fed135c 
Dealt to Hero [Ts Ah]
ed516c31: folds
1a443c5c: raises $0.2 to $0.3
8afff6f: folds
6fed135c: folds
Hero: calls $0.2
*** FLOP *** [Js Qc 3s]
Hero: checks
1a443c5c: bets $0.33
Hero: raises $0.67 to $1
1a443c5c: calls $0.67
*** TURN *** [Js Qc 3s] [5s]
Hero: bets $1.9
1a443c5c: calls $1.9
*** RIVER *** [Js Qc 3s 5s] [8h]
Hero: bets $7.42 and is all-in
1a443c5c: calls $7.42
Hero: shows [Ts Ah] (Ace-High)
1a443c5c: shows [Jc Qs] (Pair of Queens and Pair of Jacks)
*** SHOWDOWN ***
1a443c5c collected $20.19 from pot
*** SUMMARY ***
Total pot $21.29 | Rake $1 | Jackpot $0.1 | Bingo $0 | Fortune $0 | Tax $0
Board [Js Qc 3s 5s 8h]
Seat 1: ed516c31 folded before Flop (didn't bet)
Seat 2: 1a443c5c showed [Jc Qs] and won ($20.19) with Pair of Queens and Pair of Jacks
Seat 3: 8afff6f (button) folded before Flop (didn't bet)
Seat 5: 6fed135c (small blind) folded before Flop
Seat 6: Hero (big blind) showed [Ts Ah] and lost with Ace-High


Poker Hand #HD1860492328: Hold'em No Limit ($0.05/$0.1) - 2024/07/17 10:56:33
Table 'NLHRed4' 6-max Seat #2 is the button
Seat 1: ed516c31 ($12.28 in chips)
Seat 2: 1a443c5c ($18.1 in chips)
Seat 3: 8afff6f ($10.78 in chips)
Seat 5: 6fed135c ($10 in chips)
Seat 6: Hero ($10.62 in chips)
8afff6f: posts small blind $0.05
6fed135c: posts big blind $0.1
*** HOLE CARDS ***
Dealt to ed516c31 
Dealt to 1a443c5c 
Dealt to 8afff6f 
Dealt to 6fed135c 
Dealt to Hero [2s Ks]
Hero: folds
ed516c31: folds
1a443c5c: raises $0.2 to $0.3
8afff6f: folds
6fed135c: raises $1.2 to $1.5
1a443c5c: folds
Uncalled bet ($1.2) returned to 6fed135c
*** SHOWDOWN ***
6fed135c collected $0.62 from pot
*** SUMMARY ***
Total pot $0.65 | Rake $0.03 | Jackpot $0 | Bingo $0 | Fortune $0 | Tax $0
Seat 1: ed516c31 folded before Flop (didn't bet)
Seat 2: 1a443c5c (button) folded before Flop
Seat 3: 8afff6f (small blind) folded before Flop
Seat 5: 6fed135c (big blind) collected ($0.62)
Seat 6: Hero folded before Flop (didn't bet)


Poker Hand #HD1860492268: Hold'em No Limit ($0.05/$0.1) - 2024/07/17 10:55:58
Table 'NLHRed4' 6-max Seat #1 is the button
Seat 1: ed516c31 ($12.28 in chips)
Seat 2: 1a443c5c ($17.78 in chips)
Seat 3: 8afff6f ($10.88 in chips)
Seat 4: f3279969 ($10.99 in chips)
Seat 6: Hero ($10.62 in chips)
1a443c5c: posts small blind $0.05
8afff6f: posts big blind $0.1
*** HOLE CARDS ***
Dealt to ed516c31 
Dealt to 1a443c5c 
Dealt to 8afff6f 
Dealt to f3279969 
Dealt to Hero [2c 4d]
f3279969: raises $0.15 to $0.25
Hero: folds
ed516c31: folds
1a443c5c: calls $0.2
8afff6f: folds
*** FLOP *** [3d 4s Th]
1a443c5c: bets $0.3
f3279969: folds
Uncalled bet ($0.3) returned to 1a443c5c
*** SHOWDOWN ***
1a443c5c collected $0.57 from pot
*** SUMMARY ***
Total pot $0.6 | Rake $0.03 | Jackpot $0 | Bingo $0 | Fortune $0 | Tax $0
Board [3d 4s Th]
Seat 1: ed516c31 (button) folded before Flop (didn't bet)
Seat 2: 1a443c5c (small blind) won ($0.57)
Seat 3: 8afff6f (big blind) folded before Flop
Seat 4: f3279969 folded on the Flop
Seat 6: Hero folded before Flop (didn't bet)


Poker Hand #HD1860492190: Hold'em No Limit ($0.05/$0.1) - 2024/07/17 10:55:14
Table 'NLHRed4' 6-max Seat #6 is the button
Seat 1: ed516c31 ($12.33 in chips)
Seat 2: 1a443c5c ($17.88 in chips)
Seat 3: 8afff6f ($10.88 in chips)
Seat 4: f3279969 ($10.99 in chips)
Seat 6: Hero ($10.47 in chips)
ed516c31: posts small blind $0.05
1a443c5c: posts big blind $0.1
*** HOLE CARDS ***
Dealt to ed516c31 
Dealt to 1a443c5c 
Dealt to 8afff6f 
Dealt to f3279969 
Dealt to Hero [Kd Qs]
8afff6f: folds
f3279969: folds
Hero: raises $0.14 to $0.24
ed516c31: folds
1a443c5c: folds
Uncalled bet ($0.14) returned to Hero
*** SHOWDOWN ***
Hero collected $0.25 from pot
*** SUMMARY ***
Total pot $0.25 | Rake $0 | Jackpot $0 | Bingo $0 | Fortune $0 | Tax $0
Seat 1: ed516c31 (small blind) folded before Flop
Seat 2: 1a443c5c (big blind) folded before Flop
Seat 3: 8afff6f folded before Flop (didn't bet)
Seat 4: f3279969 folded before Flop (didn't bet)
Seat 6: Hero (button) collected ($0.25)


Poker Hand #HD1860492159: Hold'em No Limit ($0.05/$0.1) - 2024/07/17 10:54:55
Table 'NLHRed4' 6-max Seat #4 is the button
Seat 1: ed516c31 ($12.43 in chips)
Seat 2: 1a443c5c ($17.73 in chips)
Seat 3: 8afff6f ($10.88 in chips)
Seat 4: f3279969 ($10.99 in chips)
Seat 6: Hero ($10.52 in chips)
Hero: posts small blind $0.05
ed516c31: posts big blind $0.1
*** HOLE CARDS ***
Dealt to ed516c31 
Dealt to 1a443c5c 
Dealt to 8afff6f 
Dealt to f3279969 
Dealt to Hero [Jd 3c]
1a443c5c: raises $0.2 to $0.3
8afff6f: folds
f3279969: folds
Hero: folds
ed516c31: folds
Uncalled bet ($0.2) returned to 1a443c5c
*** SHOWDOWN ***
1a443c5c collected $0.25 from pot
*** SUMMARY ***
Total pot $0.25 | Rake $0 | Jackpot $0 | Bingo $0 | Fortune $0 | Tax $0
Seat 1: ed516c31 (big blind) folded before Flop
Seat 2: 1a443c5c collected ($0.25)
Seat 3: 8afff6f folded before Flop (didn't bet)
Seat 4: f3279969 (button) folded before Flop (didn't bet)
Seat 6: Hero (small blind) folded before Flop


Poker Hand #HD1860492131: Hold'em No Limit ($0.05/$0.1) - 2024/07/17 10:54:43
Table 'NLHRed4' 6-max Seat #3 is the button
Seat 1: ed516c31 ($12.43 in chips)
Seat 2: 1a443c5c ($17.73 in chips)
Seat 3: 8afff6f ($10.88 in chips)
Seat 4: f3279969 ($11.04 in chips)
Seat 6: Hero ($10.47 in chips)
f3279969: posts small blind $0.05
Hero: posts big blind $0.1
*** HOLE CARDS ***
Dealt to ed516c31 
Dealt to 1a443c5c 
Dealt to 8afff6f 
Dealt to f3279969 
Dealt to Hero [8s 9s]
ed516c31: folds
1a443c5c: folds
8afff6f: folds
f3279969: folds
Uncalled bet ($0.05) returned to Hero
*** SHOWDOWN ***
Hero collected $0.1 from pot
*** SUMMARY ***
Total pot $0.1 | Rake $0 | Jackpot $0 | Bingo $0 | Fortune $0 | Tax $0
Seat 1: ed516c31 folded before Flop (didn't bet)
Seat 2: 1a443c5c folded before Flop (didn't bet)
Seat 3: 8afff6f (button) folded before Flop (didn't bet)
Seat 4: f3279969 (small blind) folded before Flop
Seat 6: Hero (big blind) collected ($0.1)


Poker Hand #HD1860491986: Hold'em No Limit ($0.05/$0.1) - 2024/07/17 10:53:20
Table 'NLHRed4' 6-max Seat #2 is the button
Seat 1: ed516c31 ($12.43 in chips)
Seat 2: 1a443c5c ($17.41 in chips)
Seat 3: 8afff6f ($10.93 in chips)
Seat 4: f3279969 ($11.34 in chips)
Seat 5: dac6f1ef ($11.89 in chips)
Seat 6: Hero ($10.47 in chips)
8afff6f: posts small blind $0.05
f3279969: posts big blind $0.1
*** HOLE CARDS ***
Dealt to ed516c31 
Dealt to 1a443c5c 
Dealt to 8afff6f 
Dealt to f3279969 
Dealt to dac6f1ef 
Dealt to Hero [Ts 2s]
dac6f1ef: folds
Hero: folds
ed516c31: folds
1a443c5c: raises $0.2 to $0.3
8afff6f: folds
f3279969: calls $0.2
*** FLOP *** [8s Jd Tc]
f3279969: checks
1a443c5c: bets $0.65
f3279969: folds
Uncalled bet ($0.65) returned to 1a443c5c
*** SHOWDOWN ***
1a443c5c collected $0.62 from pot
*** SUMMARY ***
Total pot $0.65 | Rake $0.03 | Jackpot $0 | Bingo $0 | Fortune $0 | Tax $0
Board [8s Jd Tc]
Seat 1: ed516c31 folded before Flop (didn't bet)
Seat 2: 1a443c5c (button) won ($0.62)
Seat 3: 8afff6f (small blind) folded before Flop
Seat 4: f3279969 (big blind) folded on the Flop
Seat 5: dac6f1ef folded before Flop (didn't bet)
Seat 6: Hero folded before Flop (didn't bet)


Poker Hand #HD1860491930: Hold'em No Limit ($0.05/$0.1) - 2024/07/17 10:52:47
Table 'NLHRed4' 6-max Seat #1 is the button
Seat 1: ed516c31 ($12.43 in chips)
Seat 2: 1a443c5c ($17.46 in chips)
Seat 3: 8afff6f ($11.03 in chips)
Seat 4: f3279969 ($11.34 in chips)
Seat 5: dac6f1ef ($11.74 in chips)
Seat 6: Hero ($10.47 in chips)
1a443c5c: posts small blind $0.05
8afff6f: posts big blind $0.1
*** HOLE CARDS ***
Dealt to ed516c31 
Dealt to 1a443c5c 
Dealt to 8afff6f 
Dealt to f3279969 
Dealt to dac6f1ef 
Dealt to Hero [3s 4s]
f3279969: folds
dac6f1ef: raises $0.15 to $0.25
Hero: folds
ed516c31: folds
1a443c5c: folds
8afff6f: folds
Uncalled bet ($0.15) returned to dac6f1ef
*** SHOWDOWN ***
dac6f1ef collected $0.25 from pot
*** SUMMARY ***
Total pot $0.25 | Rake $0 | Jackpot $0 | Bingo $0 | Fortune $0 | Tax $0
Seat 1: ed516c31 (button) folded before Flop (didn't bet)
Seat 2: 1a443c5c (small blind) folded before Flop
Seat 3: 8afff6f (big blind) folded before Flop
Seat 4: f3279969 folded before Flop (didn't bet)
Seat 5: dac6f1ef collected ($0.25)
Seat 6: Hero folded before Flop (didn't bet)


Poker Hand #HD1860491885: Hold'em No Limit ($0.05/$0.1) - 2024/07/17 10:52:20
Table 'NLHRed4' 6-max Seat #6 is the button
Seat 1: ed516c31 ($12.48 in chips)
Seat 2: 1a443c5c ($17.56 in chips)
Seat 3: 8afff6f ($11.03 in chips)
Seat 4: f3279969 ($11.34 in chips)
Seat 5: dac6f1ef ($11.74 in chips)
Seat 6: Hero ($10.32 in chips)
ed516c31: posts small blind $0.05
1a443c5c: posts big blind $0.1
*** HOLE CARDS ***
Dealt to ed516c31 
Dealt to 1a443c5c 
Dealt to 8afff6f 
Dealt to f3279969 
Dealt to dac6f1ef 
Dealt to Hero [Qs Kc]
8afff6f: folds
f3279969: folds
dac6f1ef: folds
Hero: raises $0.14 to $0.24
ed516c31: folds
1a443c5c: folds
Uncalled bet ($0.14) returned to Hero
*** SHOWDOWN ***
Hero collected $0.25 from pot
*** SUMMARY ***
Total pot $0.25 | Rake $0 | Jackpot $0 | Bingo $0 | Fortune $0 | Tax $0
Seat 1: ed516c31 (small blind) folded before Flop
Seat 2: 1a443c5c (big blind) folded before Flop
Seat 3: 8afff6f folded before Flop (didn't bet)
Seat 4: f3279969 folded before Flop (didn't bet)
Seat 5: dac6f1ef folded before Flop (didn't bet)
Seat 6: Hero (button) collected ($0.25)


Poker Hand #HD1860491848: Hold'em No Limit ($0.05/$0.1) - 2024/07/17 10:51:58
Table 'NLHRed4' 6-max Seat #5 is the button
Seat 1: ed516c31 ($12.58 in chips)
Seat 2: 1a443c5c ($17.56 in chips)
Seat 3: 8afff6f ($11.03 in chips)
Seat 4: f3279969 ($11.59 in chips)
Seat 5: dac6f1ef ($11.74 in chips)
Seat 6: Hero ($10 in chips)
Hero: posts small blind $0.05
ed516c31: posts big blind $0.1
*** HOLE CARDS ***
Dealt to ed516c31 
Dealt to 1a443c5c 
Dealt to 8afff6f 
Dealt to f3279969 
Dealt to dac6f1ef 
Dealt to Hero [Jh Ac]
1a443c5c: folds
8afff6f: folds
f3279969: raises $0.15 to $0.25
dac6f1ef: folds
Hero: raises $0.85 to $1.1
ed516c31: folds
f3279969: folds
Uncalled bet ($0.85) returned to Hero
*** SHOWDOWN ***
Hero collected $0.57 from pot
*** SUMMARY ***
Total pot $0.6 | Rake $0.03 | Jackpot $0 | Bingo $0 | Fortune $0 | Tax $0
Seat 1: ed516c31 (big blind) folded before Flop
Seat 2: 1a443c5c folded before Flop (didn't bet)
Seat 3: 8afff6f folded before Flop (didn't bet)
Seat 4: f3279969 folded before Flop
Seat 5: dac6f1ef (button) folded before Flop (didn't bet)
Seat 6: Hero (small blind) collected ($0.57)


Poker Hand #HD1860491697: Hold'em No Limit ($0.05/$0.1) - 2024/07/17 10:50:25
Table 'NLHRed4' 6-max Seat #4 is the button
Seat 1: ed516c31 ($12.58 in chips)
Seat 2: 1a443c5c ($19.27 in chips)
Seat 3: 8afff6f ($11.03 in chips)
Seat 4: f3279969 ($10 in chips)
Seat 5: dac6f1ef ($11.79 in chips)
Seat 6: Hero ($10 in chips)
dac6f1ef: posts small blind $0.05
Hero: posts big blind $0.1
*** HOLE CARDS ***
Dealt to ed516c31 
Dealt to 1a443c5c 
Dealt to 8afff6f 
Dealt to f3279969 
Dealt to dac6f1ef 
Dealt to Hero [Jd 3h]
ed516c31: folds
1a443c5c: raises $0.2 to $0.3
8afff6f: folds
f3279969: raises $0.7 to $1
dac6f1ef: folds
Hero: folds
1a443c5c: calls $0.7
*** FLOP *** [Tc 6d Js]
1a443c5c: checks
f3279969: bets $0.71
1a443c5c: calls $0.71
*** TURN *** [Tc 6d Js] [Qc]
1a443c5c: checks
f3279969: bets $8.29 and is all-in
1a443c5c: folds
Uncalled bet ($8.29) returned to f3279969
*** SHOWDOWN ***
f3279969 collected $3.3 from pot
*** SUMMARY ***
Total pot $3.57 | Rake $0.17 | Jackpot $0.1 | Bingo $0 | Fortune $0 | Tax $0
Board [Tc 6d Js Qc]
Seat 1: ed516c31 folded before Flop (didn't bet)
Seat 2: 1a443c5c folded on the Turn
Seat 3: 8afff6f folded before Flop (didn't bet)
Seat 4: f3279969 (button) won ($3.3)
Seat 5: dac6f1ef (small blind) folded before Flop
Seat 6: Hero (big blind) folded before Flop


Poker Hand #HD1860491618: Hold'em No Limit ($0.05/$0.1) - 2024/07/17 10:49:39
Table 'NLHRed4' 6-max Seat #3 is the button
Seat 1: ed516c31 ($12.83 in chips)
Seat 2: 1a443c5c ($19.27 in chips)
Seat 3: 8afff6f ($11.03 in chips)
Seat 4: f3279969 ($10.05 in chips)
Seat 5: dac6f1ef ($11.51 in chips)
Seat 6: Hero ($10 in chips)
f3279969: posts small blind $0.05
dac6f1ef: posts big blind $0.1
*** HOLE CARDS ***
Dealt to ed516c31 
Dealt to 1a443c5c 
Dealt to 8afff6f 
Dealt to f3279969 
Dealt to dac6f1ef 
Dealt to Hero [Tc 5c]
Hero: folds
ed516c31: raises $0.15 to $0.25
1a443c5c: folds
8afff6f: folds
f3279969: folds
dac6f1ef: calls $0.15
*** FLOP *** [3s 4h 2d]
dac6f1ef: checks
ed516c31: checks
*** TURN *** [3s 4h 2d] [Td]
dac6f1ef: bets $0.83
ed516c31: folds
Uncalled bet ($0.83) returned to dac6f1ef
*** SHOWDOWN ***
dac6f1ef collected $0.53 from pot
*** SUMMARY ***
Total pot $0.55 | Rake $0.02 | Jackpot $0 | Bingo $0 | Fortune $0 | Tax $0
Board [3s 4h 2d Td]
Seat 1: ed516c31 folded on the Turn
Seat 2: 1a443c5c folded before Flop (didn't bet)
Seat 3: 8afff6f (button) folded before Flop (didn't bet)
Seat 4: f3279969 (small blind) folded before Flop
Seat 5: dac6f1ef (big blind) won ($0.53)
Seat 6: Hero folded before Flop (didn't bet)


Poker Hand #HD1860491581: Hold'em No Limit ($0.05/$0.1) - 2024/07/17 10:49:18
Table 'NLHRed4' 6-max Seat #2 is the button
Seat 1: ed516c31 ($12.83 in chips)
Seat 2: 1a443c5c ($19.12 in chips)
Seat 3: 8afff6f ($11.08 in chips)
Seat 4: f3279969 ($10.15 in chips)
Seat 5: dac6f1ef ($11.51 in chips)
Seat 6: Hero ($10 in chips)
8afff6f: posts small blind $0.05
f3279969: posts big blind $0.1
*** HOLE CARDS ***
Dealt to ed516c31 
Dealt to 1a443c5c 
Dealt to 8afff6f 
Dealt to f3279969 
Dealt to dac6f1ef 
Dealt to Hero [5c Qh]
dac6f1ef: folds
Hero: folds
ed516c31: folds
1a443c5c: raises $0.2 to $0.3
8afff6f: folds
f3279969: folds
Uncalled bet ($0.2) returned to 1a443c5c
*** SHOWDOWN ***
1a443c5c collected $0.25 from pot
*** SUMMARY ***
Total pot $0.25 | Rake $0 | Jackpot $0 | Bingo $0 | Fortune $0 | Tax $0
Seat 1: ed516c31 folded before Flop (didn't bet)
Seat 2: 1a443c5c (button) collected ($0.25)
Seat 3: 8afff6f (small blind) folded before Flop
Seat 4: f3279969 (big blind) folded before Flop
Seat 5: dac6f1ef folded before Flop (didn't bet)
Seat 6: Hero folded before Flop (didn't bet)


Poker Hand #HD1860491542: Hold'em No Limit ($0.05/$0.1) - 2024/07/17 10:49:00
Table 'NLHRed4' 6-max Seat #1 is the button
Seat 1: ed516c31 ($12.83 in chips)
Seat 2: 1a443c5c ($19.17 in chips)
Seat 3: 8afff6f ($11.03 in chips)
Seat 4: f3279969 ($10.15 in chips)
Seat 5: dac6f1ef ($11.51 in chips)
Seat 6: Hero ($10 in chips)
1a443c5c: posts small blind $0.05
8afff6f: posts big blind $0.1
*** HOLE CARDS ***
Dealt to ed516c31 
Dealt to 1a443c5c 
Dealt to 8afff6f 
Dealt to f3279969 
Dealt to dac6f1ef 
Dealt to Hero [4d Th]
f3279969: folds
dac6f1ef: folds
Hero: folds
ed516c31: folds
1a443c5c: folds
Uncalled bet ($0.05) returned to 8afff6f
*** SHOWDOWN ***
8afff6f collected $0.1 from pot
*** SUMMARY ***
Total pot $0.1 | Rake $0 | Jackpot $0 | Bingo $0 | Fortune $0 | Tax $0
Seat 1: ed516c31 (button) folded before Flop (didn't bet)
Seat 2: 1a443c5c (small blind) folded before Flop
Seat 3: 8afff6f (big blind) collected ($0.1)
Seat 4: f3279969 folded before Flop (didn't bet)
Seat 5: dac6f1ef folded before Flop (didn't bet)
Seat 6: Hero folded before Flop (didn't bet)


Poker Hand #HD1860491495: Hold'em No Limit ($0.05/$0.1) - 2024/07/17 10:48:29
Table 'NLHRed4' 6-max Seat #6 is the button
Seat 1: ed516c31 ($12.88 in chips)
Seat 2: 1a443c5c ($19.27 in chips)
Seat 3: 8afff6f ($11.03 in chips)
Seat 4: f3279969 ($10 in chips)
Seat 5: dac6f1ef ($11.51 in chips)
Seat 6: Hero ($10 in chips)
ed516c31: posts small blind $0.05
1a443c5c: posts big blind $0.1
*** HOLE CARDS ***
Dealt to ed516c31 
Dealt to 1a443c5c 
Dealt to 8afff6f 
Dealt to f3279969 
Dealt to dac6f1ef 
Dealt to Hero [Jh 5c]
8afff6f: folds
f3279969: raises $0.15 to $0.25
dac6f1ef: folds
Hero: folds
ed516c31: folds
1a443c5c: folds
Uncalled bet ($0.15) returned to f3279969
*** SHOWDOWN ***
f3279969 collected $0.25 from pot
*** SUMMARY ***
Total pot $0.25 | Rake $0 | Jackpot $0 | Bingo $0 | Fortune $0 | Tax $0
Seat 1: ed516c31 (small blind) folded before Flop
Seat 2: 1a443c5c (big blind) folded before Flop
Seat 3: 8afff6f folded before Flop (didn't bet)
Seat 4: f3279969 collected ($0.25)
Seat 5: dac6f1ef folded before Flop (didn't bet)
Seat 6: Hero (button) folded before Flop (didn't bet)


Poker Hand #HD1860491465: Hold'em No Limit ($0.05/$0.1) - 2024/07/17 10:48:08
Table 'NLHRed4' 6-max Seat #5 is the button
Seat 1: ed516c31 ($12.98 in chips)
Seat 2: 1a443c5c ($19.12 in chips)
Seat 3: 8afff6f ($11.03 in chips)
Seat 4: f3279969 ($10 in chips)
Seat 5: dac6f1ef ($11.51 in chips)
Seat 6: Hero ($10.05 in chips)
Hero: posts small blind $0.05
ed516c31: posts big blind $0.1
*** HOLE CARDS ***
Dealt to ed516c31 
Dealt to 1a443c5c 
Dealt to 8afff6f 
Dealt to f3279969 
Dealt to dac6f1ef 
Dealt to Hero [Qd Ts]
1a443c5c: raises $0.2 to $0.3
8afff6f: folds
f3279969: folds
dac6f1ef: folds
Hero: folds
ed516c31: folds
Uncalled bet ($0.2) returned to 1a443c5c
*** SHOWDOWN ***
1a443c5c collected $0.25 from pot
*** SUMMARY ***
Total pot $0.25 | Rake $0 | Jackpot $0 | Bingo $0 | Fortune $0 | Tax $0
Seat 1: ed516c31 (big blind) folded before Flop
Seat 2: 1a443c5c collected ($0.25)
Seat 3: 8afff6f folded before Flop (didn't bet)
Seat 4: f3279969 folded before Flop (didn't bet)
Seat 5: dac6f1ef (button) folded before Flop (didn't bet)
Seat 6: Hero (small blind) folded before Flop


Poker Hand #HD1860491447: Hold'em No Limit ($0.05/$0.1) - 2024/07/17 10:47:54
Table 'NLHRed4' 6-max Seat #4 is the button
Seat 1: ed516c31 ($12.98 in chips)
Seat 2: 1a443c5c ($19.12 in chips)
Seat 3: 8afff6f ($11.03 in chips)
Seat 4: f3279969 ($10 in chips)
Seat 5: dac6f1ef ($11.56 in chips)
Seat 6: Hero ($10 in chips)
dac6f1ef: posts small blind $0.05
Hero: posts big blind $0.1
*** HOLE CARDS ***
Dealt to ed516c31 
Dealt to 1a443c5c 
Dealt to 8afff6f 
Dealt to f3279969 
Dealt to dac6f1ef 
Dealt to Hero [4h Ah]
ed516c31: folds
1a443c5c: folds
8afff6f: folds
f3279969: folds
dac6f1ef: folds
Uncalled bet ($0.05) returned to Hero
*** SHOWDOWN ***
Hero collected $0.1 from pot
*** SUMMARY ***
Total pot $0.1 | Rake $0 | Jackpot $0 | Bingo $0 | Fortune $0 | Tax $0
Seat 1: ed516c31 folded before Flop (didn't bet)
Seat 2: 1a443c5c folded before Flop (didn't bet)
Seat 3: 8afff6f folded before Flop (didn't bet)
Seat 4: f3279969 (button) folded before Flop (didn't bet)
Seat 5: dac6f1ef (small blind) folded before Flop
Seat 6: Hero (big blind) collected ($0.1)


Poker Hand #HD1860491405: Hold'em No Limit ($0.05/$0.1) - 2024/07/17 10:47:26
Table 'NLHRed4' 6-max Seat #3 is the button
Seat 1: ed516c31 ($12.98 in chips)
Seat 2: 1a443c5c ($18.97 in chips)
Seat 3: 8afff6f ($11.03 in chips)
Seat 4: f3279969 ($10 in chips)
Seat 5: dac6f1ef ($11.66 in chips)
Seat 6: Hero ($10 in chips)
f3279969: posts small blind $0.05
dac6f1ef: posts big blind $0.1
*** HOLE CARDS ***
Dealt to ed516c31 
Dealt to 1a443c5c 
Dealt to 8afff6f 
Dealt to f3279969 
Dealt to dac6f1ef 
Dealt to Hero [4s 2h]
Hero: folds
ed516c31: folds
1a443c5c: raises $0.2 to $0.3
8afff6f: folds
f3279969: folds
dac6f1ef: folds
Uncalled bet ($0.2) returned to 1a443c5c
*** SHOWDOWN ***
1a443c5c collected $0.25 from pot
*** SUMMARY ***
Total pot $0.25 | Rake $0 | Jackpot $0 | Bingo $0 | Fortune $0 | Tax $0
Seat 1: ed516c31 folded before Flop (didn't bet)
Seat 2: 1a443c5c collected ($0.25)
Seat 3: 8afff6f (button) folded before Flop (didn't bet)
Seat 4: f3279969 (small blind) folded before Flop
Seat 5: dac6f1ef (big blind) folded before Flop
Seat 6: Hero folded before Flop (didn't bet)


Poker Hand #HD1860491344: Hold'em No Limit ($0.05/$0.1) - 2024/07/17 10:46:49
Table 'NLHRed4' 6-max Seat #2 is the button
Seat 1: ed516c31 ($12.98 in chips)
Seat 2: 1a443c5c ($17.81 in chips)
Seat 3: 8afff6f ($11.08 in chips)
Seat 4: f3279969 ($10.89 in chips)
Seat 5: dac6f1ef ($11.66 in chips)
Seat 6: Hero ($10 in chips)
8afff6f: posts small blind $0.05
f3279969: posts big blind $0.1
*** HOLE CARDS ***
Dealt to ed516c31 
Dealt to 1a443c5c 
Dealt to 8afff6f 
Dealt to f3279969 
Dealt to dac6f1ef 
Dealt to Hero [Qs 7d]
dac6f1ef: folds
Hero: folds
ed516c31: folds
1a443c5c: raises $0.2 to $0.3
8afff6f: folds
f3279969: raises $0.93 to $1.23
1a443c5c: calls $0.93
*** FLOP *** [Kh Kd 5d]
f3279969: checks
1a443c5c: bets $2.51
f3279969: folds
Uncalled bet ($2.51) returned to 1a443c5c
*** SHOWDOWN ***
1a443c5c collected $2.39 from pot
*** SUMMARY ***
Total pot $2.51 | Rake $0.12 | Jackpot $0 | Bingo $0 | Fortune $0 | Tax $0
Board [Kh Kd 5d]
Seat 1: ed516c31 folded before Flop (didn't bet)
Seat 2: 1a443c5c (button) won ($2.39)
Seat 3: 8afff6f (small blind) folded before Flop
Seat 4: f3279969 (big blind) folded on the Flop
Seat 5: dac6f1ef folded before Flop (didn't bet)
Seat 6: Hero folded before Flop (didn't bet)


Poker Hand #HD1860491273: Hold'em No Limit ($0.05/$0.1) - 2024/07/17 10:46:10
Table 'NLHRed4' 6-max Seat #1 is the button
Seat 1: ed516c31 ($12.98 in chips)
Seat 2: 1a443c5c ($17.86 in chips)
Seat 3: 8afff6f ($10.81 in chips)
Seat 4: f3279969 ($10.89 in chips)
Seat 5: dac6f1ef ($11.66 in chips)
Seat 6: Hero ($10.13 in chips)
1a443c5c: posts small blind $0.05
8afff6f: posts big blind $0.1
*** HOLE CARDS ***
Dealt to ed516c31 
Dealt to 1a443c5c 
Dealt to 8afff6f 
Dealt to f3279969 
Dealt to dac6f1ef 
Dealt to Hero [Qd 8d]
f3279969: folds
dac6f1ef: folds
Hero: raises $0.14 to $0.24
ed516c31: folds
1a443c5c: folds
8afff6f: calls $0.14
*** FLOP *** [9d 6s Ac]
8afff6f: checks
Hero: checks
*** TURN *** [9d 6s Ac] [9s]
8afff6f: bets $0.4
Hero: folds
Uncalled bet ($0.4) returned to 8afff6f
*** SHOWDOWN ***
8afff6f collected $0.51 from pot
*** SUMMARY ***
Total pot $0.53 | Rake $0.02 | Jackpot $0 | Bingo $0 | Fortune $0 | Tax $0
Board [9d 6s Ac 9s]
Seat 1: ed516c31 (button) folded before Flop (didn't bet)
Seat 2: 1a443c5c (small blind) folded before Flop
Seat 3: 8afff6f (big blind) won ($0.51)
Seat 4: f3279969 folded before Flop (didn't bet)
Seat 5: dac6f1ef folded before Flop (didn't bet)
Seat 6: Hero folded on the Turn


Poker Hand #HD1860491224: Hold'em No Limit ($0.05/$0.1) - 2024/07/17 10:45:38
Table 'NLHRed4' 6-max Seat #6 is the button
Seat 1: ed516c31 ($13.03 in chips)
Seat 2: 1a443c5c ($17.59 in chips)
Seat 3: 8afff6f ($10.81 in chips)
Seat 4: f3279969 ($10.89 in chips)
Seat 5: dac6f1ef ($11.66 in chips)
Seat 6: Hero ($10.37 in chips)
ed516c31: posts small blind $0.05
1a443c5c: posts big blind $0.1
*** HOLE CARDS ***
Dealt to ed516c31 
Dealt to 1a443c5c 
Dealt to 8afff6f 
Dealt to f3279969 
Dealt to dac6f1ef 
Dealt to Hero [9d Jh]
8afff6f: folds
f3279969: folds
dac6f1ef: folds
Hero: raises $0.14 to $0.24
ed516c31: folds
1a443c5c: raises $0.53 to $0.77
Hero: folds
Uncalled bet ($0.53) returned to 1a443c5c
*** SHOWDOWN ***
1a443c5c collected $0.51 from pot
*** SUMMARY ***
Total pot $0.53 | Rake $0.02 | Jackpot $0 | Bingo $0 | Fortune $0 | Tax $0
Seat 1: ed516c31 (small blind) folded before Flop
Seat 2: 1a443c5c (big blind) collected ($0.51)
Seat 3: 8afff6f folded before Flop (didn't bet)
Seat 4: f3279969 folded before Flop (didn't bet)
Seat 5: dac6f1ef folded before Flop (didn't bet)
Seat 6: Hero (button) folded before Flop


Poker Hand #HD1860491186: Hold'em No Limit ($0.05/$0.1) - 2024/07/17 10:45:18
Table 'NLHRed4' 6-max Seat #5 is the button
Seat 1: ed516c31 ($13.13 in chips)
Seat 2: 1a443c5c ($17.59 in chips)
Seat 3: 8afff6f ($10.81 in chips)
Seat 4: f3279969 ($10.89 in chips)
Seat 5: dac6f1ef ($11.66 in chips)
Seat 6: Hero ($10.27 in chips)
Hero: posts small blind $0.05
ed516c31: posts big blind $0.1
*** HOLE CARDS ***
Dealt to ed516c31 
Dealt to 1a443c5c 
Dealt to 8afff6f 
Dealt to f3279969 
Dealt to dac6f1ef 
Dealt to Hero [5c 5h]
1a443c5c: folds
8afff6f: folds
f3279969: folds
dac6f1ef: folds
Hero: raises $0.2 to $0.3
ed516c31: folds
Uncalled bet ($0.2) returned to Hero
*** SHOWDOWN ***
Hero collected $0.2 from pot
*** SUMMARY ***
Total pot $0.2 | Rake $0 | Jackpot $0 | Bingo $0 | Fortune $0 | Tax $0
Seat 1: ed516c31 (big blind) folded before Flop
Seat 2: 1a443c5c folded before Flop (didn't bet)
Seat 3: 8afff6f folded before Flop (didn't bet)
Seat 4: f3279969 folded before Flop (didn't bet)
Seat 5: dac6f1ef (button) folded before Flop (didn't bet)
Seat 6: Hero (small blind) collected ($0.2)


Poker Hand #HD1860491151: Hold'em No Limit ($0.05/$0.1) - 2024/07/17 10:44:56
Table 'NLHRed4' 6-max Seat #4 is the button
Seat 1: ed516c31 ($13.13 in chips)
Seat 2: 1a443c5c ($17.44 in chips)
Seat 3: 8afff6f ($10.81 in chips)
Seat 4: f3279969 ($10.89 in chips)
Seat 5: dac6f1ef ($11.71 in chips)
Seat 6: Hero ($10.37 in chips)
dac6f1ef: posts small blind $0.05
Hero: posts big blind $0.1
*** HOLE CARDS ***
Dealt to ed516c31 
Dealt to 1a443c5c 
Dealt to 8afff6f 
Dealt to f3279969 
Dealt to dac6f1ef 
Dealt to Hero [3s 8s]
ed516c31: folds
1a443c5c: raises $0.2 to $0.3
8afff6f: folds
f3279969: folds
dac6f1ef: folds
Hero: folds
Uncalled bet ($0.2) returned to 1a443c5c
*** SHOWDOWN ***
1a443c5c collected $0.25 from pot
*** SUMMARY ***
Total pot $0.25 | Rake $0 | Jackpot $0 | Bingo $0 | Fortune $0 | Tax $0
Seat 1: ed516c31 folded before Flop (didn't bet)
Seat 2: 1a443c5c collected ($0.25)
Seat 3: 8afff6f folded before Flop (didn't bet)
Seat 4: f3279969 (button) folded before Flop (didn't bet)
Seat 5: dac6f1ef (small blind) folded before Flop
Seat 6: Hero (big blind) folded before Flop


Poker Hand #HD1860491117: Hold'em No Limit ($0.05/$0.1) - 2024/07/17 10:44:40
Table 'NLHRed4' 6-max Seat #3 is the button
Seat 1: ed516c31 ($13.13 in chips)
Seat 2: 1a443c5c ($17.29 in chips)
Seat 3: 8afff6f ($10.81 in chips)
Seat 4: f3279969 ($10.94 in chips)
Seat 5: dac6f1ef ($11.81 in chips)
Seat 6: Hero ($10.37 in chips)
f3279969: posts small blind $0.05
dac6f1ef: posts big blind $0.1
*** HOLE CARDS ***
Dealt to ed516c31 
Dealt to 1a443c5c 
Dealt to 8afff6f 
Dealt to f3279969 
Dealt to dac6f1ef 
Dealt to Hero [Kd 4c]
Hero: folds
ed516c31: folds
1a443c5c: raises $0.2 to $0.3
8afff6f: folds
f3279969: folds
dac6f1ef: folds
Uncalled bet ($0.2) returned to 1a443c5c
*** SHOWDOWN ***
1a443c5c collected $0.25 from pot
*** SUMMARY ***
Total pot $0.25 | Rake $0 | Jackpot $0 | Bingo $0 | Fortune $0 | Tax $0
Seat 1: ed516c31 folded before Flop (didn't bet)
Seat 2: 1a443c5c collected ($0.25)
Seat 3: 8afff6f (button) folded before Flop (didn't bet)
Seat 4: f3279969 (small blind) folded before Flop
Seat 5: dac6f1ef (big blind) folded before Flop
Seat 6: Hero folded before Flop (didn't bet)


Poker Hand #HD1860491075: Hold'em No Limit ($0.05/$0.1) - 2024/07/17 10:44:16
Table 'NLHRed4' 6-max Seat #2 is the button
Seat 1: ed516c31 ($13.13 in chips)
Seat 2: 1a443c5c ($17.14 in chips)
Seat 3: 8afff6f ($10.86 in chips)
Seat 4: f3279969 ($11.04 in chips)
Seat 5: dac6f1ef ($11.81 in chips)
Seat 6: Hero ($10.37 in chips)
8afff6f: posts small blind $0.05
f3279969: posts big blind $0.1
*** HOLE CARDS ***
Dealt to ed516c31 
Dealt to 1a443c5c 
Dealt to 8afff6f 
Dealt to f3279969 
Dealt to dac6f1ef 
Dealt to Hero [7h Ts]
dac6f1ef: folds
Hero: folds
ed516c31: folds
1a443c5c: raises $0.2 to $0.3
8afff6f: folds
f3279969: folds
Uncalled bet ($0.2) returned to 1a443c5c
*** SHOWDOWN ***
1a443c5c collected $0.25 from pot
*** SUMMARY ***
Total pot $0.25 | Rake $0 | Jackpot $0 | Bingo $0 | Fortune $0 | Tax $0
Seat 1: ed516c31 folded before Flop (didn't bet)
Seat 2: 1a443c5c (button) collected ($0.25)
Seat 3: 8afff6f (small blind) folded before Flop
Seat 4: f3279969 (big blind) folded before Flop
Seat 5: dac6f1ef folded before Flop (didn't bet)
Seat 6: Hero folded before Flop (didn't bet)


Poker Hand #HD1860490963: Hold'em No Limit ($0.05/$0.1) - 2024/07/17 10:43:10
Table 'NLHRed4' 6-max Seat #1 is the button
Seat 1: ed516c31 ($13.13 in chips)
Seat 2: 1a443c5c ($17.19 in chips)
Seat 3: 8afff6f ($12.92 in chips)
Seat 4: f3279969 ($11.04 in chips)
Seat 5: dac6f1ef ($10 in chips)
Seat 6: Hero ($10.37 in chips)
1a443c5c: posts small blind $0.05
8afff6f: posts big blind $0.1
*** HOLE CARDS ***
Dealt to ed516c31 
Dealt to 1a443c5c 
Dealt to 8afff6f 
Dealt to f3279969 
Dealt to dac6f1ef 
Dealt to Hero [Qs 9h]
f3279969: folds
dac6f1ef: raises $0.15 to $0.25
Hero: folds
ed516c31: folds
1a443c5c: folds
8afff6f: calls $0.15
*** FLOP *** [2c 2h 9d]
8afff6f: checks
dac6f1ef: bets $0.19
8afff6f: raises $0.62 to $0.81
dac6f1ef: calls $0.62
*** TURN *** [2c 2h 9d] [As]
8afff6f: bets $1
dac6f1ef: calls $1
*** RIVER *** [2c 2h 9d As] [Jh]
8afff6f: checks
dac6f1ef: bets $3.13
8afff6f: folds
Uncalled bet ($3.13) returned to dac6f1ef
dac6f1ef: shows [Jd] (Pair of Jacks and Pair of Twos)
*** SHOWDOWN ***
dac6f1ef collected $3.87 from pot
*** SUMMARY ***
Total pot $4.17 | Rake $0.2 | Jackpot $0.1 | Bingo $0 | Fortune $0 | Tax $0
Board [2c 2h 9d As Jh]
Seat 1: ed516c31 (button) folded before Flop (didn't bet)
Seat 2: 1a443c5c (small blind) folded before Flop
Seat 3: 8afff6f (big blind) folded on the River
Seat 4: f3279969 folded before Flop (didn't bet)
Seat 5: dac6f1ef showed [Jd] and won ($3.87)
Seat 6: Hero folded before Flop (didn't bet)


Poker Hand #HD1860490899: Hold'em No Limit ($0.05/$0.1) - 2024/07/17 10:42:27
Table 'NLHRed4' 6-max Seat #6 is the button
Seat 1: ed516c31 ($13.18 in chips)
Seat 2: 1a443c5c ($17.29 in chips)
Seat 3: 8afff6f ($12.92 in chips)
Seat 4: f3279969 ($11.04 in chips)
Seat 5: dac6f1ef ($10 in chips)
Seat 6: Hero ($10 in chips)
ed516c31: posts small blind $0.05
1a443c5c: posts big blind $0.1
*** HOLE CARDS ***
Dealt to ed516c31 
Dealt to 1a443c5c 
Dealt to 8afff6f 
Dealt to f3279969 
Dealt to dac6f1ef 
Dealt to Hero [9h 9c]
8afff6f: folds
f3279969: folds
dac6f1ef: raises $0.15 to $0.25
Hero: raises $0.65 to $0.9
ed516c31: folds
1a443c5c: folds
dac6f1ef: folds
Uncalled bet ($0.65) returned to Hero
*** SHOWDOWN ***
Hero collected $0.62 from pot
*** SUMMARY ***
Total pot $0.65 | Rake $0.03 | Jackpot $0 | Bingo $0 | Fortune $0 | Tax $0
Seat 1: ed516c31 (small blind) folded before Flop
Seat 2: 1a443c5c (big blind) folded before Flop
Seat 3: 8afff6f folded before Flop (didn't bet)
Seat 4: f3279969 folded before Flop (didn't bet)
Seat 5: dac6f1ef folded before Flop
Seat 6: Hero (button) collected ($0.62)


Poker Hand #HD1860490838: Hold'em No Limit ($0.05/$0.1) - 2024/07/17 10:41:54
Table 'NLHRed4' 6-max Seat #5 is the button
Seat 1: ed516c31 ($13.28 in chips)
Seat 2: 1a443c5c ($17.29 in chips)
Seat 3: 8afff6f ($12.92 in chips)
Seat 4: f3279969 ($10.22 in chips)
Seat 5: dac6f1ef ($10.31 in chips)
Seat 6: Hero ($10 in chips)
Hero: posts small blind $0.05
ed516c31: posts big blind $0.1
*** HOLE CARDS ***
Dealt to ed516c31 
Dealt to 1a443c5c 
Dealt to 8afff6f 
Dealt to f3279969 
Dealt to dac6f1ef 
Dealt to Hero [7h 4d]
1a443c5c: folds
8afff6f: folds
f3279969: raises $0.15 to $0.25
dac6f1ef: raises $0.5 to $0.75
Hero: folds
ed516c31: folds
f3279969: raises $1.24 to $1.99
dac6f1ef: folds
Uncalled bet ($1.24) returned to f3279969
*** SHOWDOWN ***
f3279969 collected $1.57 from pot
*** SUMMARY ***
Total pot $1.65 | Rake $0.08 | Jackpot $0 | Bingo $0 | Fortune $0 | Tax $0
Seat 1: ed516c31 (big blind) folded before Flop
Seat 2: 1a443c5c folded before Flop (didn't bet)
Seat 3: 8afff6f folded before Flop (didn't bet)
Seat 4: f3279969 collected ($1.57)
Seat 5: dac6f1ef (button) folded before Flop
Seat 6: Hero (small blind) folded before Flop


Poker Hand #HD1860490770: Hold'em No Limit ($0.05/$0.1) - 2024/07/17 10:41:18
Table 'NLHRed4' 6-max Seat #4 is the button
Seat 1: ed516c31 ($12.91 in chips)
Seat 2: 1a443c5c ($17.29 in chips)
Seat 3: 8afff6f ($12.92 in chips)
Seat 4: f3279969 ($10.47 in chips)
Seat 5: dac6f1ef ($10.36 in chips)
Seat 6: Hero ($10 in chips)
dac6f1ef: posts small blind $0.05
Hero: posts big blind $0.1
*** HOLE CARDS ***
Dealt to ed516c31 
Dealt to 1a443c5c 
Dealt to 8afff6f 
Dealt to f3279969 
Dealt to dac6f1ef 
Dealt to Hero [9d 3h]
ed516c31: raises $0.15 to $0.25
1a443c5c: folds
8afff6f: folds
f3279969: calls $0.25
dac6f1ef: folds
Hero: folds
*** FLOP *** [3c Qd 7h]
ed516c31: bets $0.22
f3279969: folds
Uncalled bet ($0.22) returned to ed516c31
*** SHOWDOWN ***
ed516c31 collected $0.62 from pot
*** SUMMARY ***
Total pot $0.65 | Rake $0.03 | Jackpot $0 | Bingo $0 | Fortune $0 | Tax $0
Board [3c Qd 7h]
Seat 1: ed516c31 won ($0.62)
Seat 2: 1a443c5c folded before Flop (didn't bet)
Seat 3: 8afff6f folded before Flop (didn't bet)
Seat 4: f3279969 (button) folded on the Flop
Seat 5: dac6f1ef (small blind) folded before Flop
Seat 6: Hero (big blind) folded before Flop


