Poker Hand #HD1782086831: Hold'em No Limit ($0.05/$0.1) - 2024/05/21 16:50:03
Table 'NLHRed36' 6-max Seat #1 is the button
Seat 1: 59246844 ($6.12 in chips)
Seat 2: 25b7c665 ($12.28 in chips)
Seat 3: e845362d ($14.26 in chips)
Seat 4: Hero ($10.15 in chips)
Seat 5: b2a49793 ($10 in chips)
Seat 6: 16a476fd ($10 in chips)
25b7c665: posts small blind $0.05
e845362d: posts big blind $0.1
*** HOLE CARDS ***
Dealt to 59246844 
Dealt to 25b7c665 
Dealt to e845362d 
Dealt to Hero [Tc 7s]
Dealt to b2a49793 
Dealt to 16a476fd 
Hero: folds
b2a49793: folds
16a476fd: folds
59246844: calls $0.1
25b7c665: calls $0.05
e845362d: checks
*** FLOP *** [3d 8d 4c]
25b7c665: checks
e845362d: checks
59246844: bets $0.15
25b7c665: folds
e845362d: calls $0.15
*** TURN *** [3d 8d 4c] [Jd]
e845362d: bets $0.45
59246844: folds
Uncalled bet ($0.45) returned to e845362d
*** SHOWDOWN ***
e845362d collected $0.57 from pot
*** SUMMARY ***
Total pot $0.6 | Rake $0.03 | Jackpot $0 | Bingo $0 | Fortune $0 | Tax $0
Board [3d 8d 4c Jd]
Seat 1: 59246844 (button) folded on the Turn
Seat 2: 25b7c665 (small blind) folded on the Flop
Seat 3: e845362d (big blind) won ($0.57)
Seat 4: Hero folded before Flop (didn't bet)
Seat 5: b2a49793 folded before Flop (didn't bet)
Seat 6: 16a476fd folded before Flop (didn't bet)


Poker Hand #HD1782086764: Hold'em No Limit ($0.05/$0.1) - 2024/05/21 16:49:32
Table 'NLHRed36' 6-max Seat #6 is the button
Seat 1: 59246844 ($6.02 in chips)
Seat 2: 25b7c665 ($12.38 in chips)
Seat 3: e845362d ($14.26 in chips)
Seat 4: Hero ($10.15 in chips)
Seat 5: b2a49793 ($10 in chips)
Seat 6: 16a476fd ($10 in chips)
59246844: posts small blind $0.05
25b7c665: posts big blind $0.1
*** HOLE CARDS ***
Dealt to 59246844 
Dealt to 25b7c665 
Dealt to e845362d 
Dealt to Hero [3h 2d]
Dealt to b2a49793 
Dealt to 16a476fd 
e845362d: folds
Hero: folds
b2a49793: folds
16a476fd: folds
59246844: raises $0.1 to $0.2
25b7c665: folds
Uncalled bet ($0.1) returned to 59246844
*** SHOWDOWN ***
59246844 collected $0.2 from pot
*** SUMMARY ***
Total pot $0.2 | Rake $0 | Jackpot $0 | Bingo $0 | Fortune $0 | Tax $0
Seat 1: 59246844 (small blind) collected ($0.2)
Seat 2: 25b7c665 (big blind) folded before Flop
Seat 3: e845362d folded before Flop (didn't bet)
Seat 4: Hero folded before Flop (didn't bet)
Seat 5: b2a49793 folded before Flop (didn't bet)
Seat 6: 16a476fd (button) folded before Flop (didn't bet)


Poker Hand #HD1782086638: Hold'em No Limit ($0.05/$0.1) - 2024/05/21 16:48:33
Table 'NLHRed36' 6-max Seat #5 is the button
Seat 1: 59246844 ($6.12 in chips)
Seat 2: 25b7c665 ($12.38 in chips)
Seat 3: e845362d ($13.59 in chips)
Seat 4: Hero ($10.15 in chips)
Seat 5: b2a49793 ($10 in chips)
Seat 6: 16a476fd ($10 in chips)
16a476fd: posts small blind $0.05
59246844: posts big blind $0.1
*** HOLE CARDS ***
Dealt to 59246844 
Dealt to 25b7c665 
Dealt to e845362d 
Dealt to Hero [Jd 9c]
Dealt to b2a49793 
Dealt to 16a476fd 
25b7c665: folds
e845362d: raises $0.15 to $0.25
Hero: folds
b2a49793: calls $0.25
16a476fd: folds
59246844: folds
*** FLOP *** [8s Qh 7d]
e845362d: checks
b2a49793: bets $0.33
e845362d: calls $0.33
*** TURN *** [8s Qh 7d] [9h]
e845362d: checks
b2a49793: checks
*** RIVER *** [8s Qh 7d 9h] [Qs]
e845362d: bets $0.9
b2a49793: folds
Uncalled bet ($0.9) returned to e845362d
*** SHOWDOWN ***
e845362d collected $1.25 from pot
*** SUMMARY ***
Total pot $1.31 | Rake $0.06 | Jackpot $0 | Bingo $0 | Fortune $0 | Tax $0
Board [8s Qh 7d 9h Qs]
Seat 1: 59246844 (big blind) folded before Flop
Seat 2: 25b7c665 folded before Flop (didn't bet)
Seat 3: e845362d won ($1.25)
Seat 4: Hero folded before Flop (didn't bet)
Seat 5: b2a49793 (button) folded on the River
Seat 6: 16a476fd (small blind) folded before Flop


Poker Hand #HD1782086597: Hold'em No Limit ($0.05/$0.1) - 2024/05/21 16:48:15
Table 'NLHRed36' 6-max Seat #4 is the button
Seat 1: 59246844 ($6.12 in chips)
Seat 2: 25b7c665 ($12.38 in chips)
Seat 3: e845362d ($13.59 in chips)
Seat 4: Hero ($10 in chips)
Seat 5: b2a49793 ($10 in chips)
Seat 6: 16a476fd ($10.1 in chips)
b2a49793: posts small blind $0.05
16a476fd: posts big blind $0.1
*** HOLE CARDS ***
Dealt to 59246844 
Dealt to 25b7c665 
Dealt to e845362d 
Dealt to Hero [9h Ks]
Dealt to b2a49793 
Dealt to 16a476fd 
59246844: folds
25b7c665: folds
e845362d: folds
Hero: raises $0.14 to $0.24
b2a49793: folds
16a476fd: folds
Uncalled bet ($0.14) returned to Hero
*** SHOWDOWN ***
Hero collected $0.25 from pot
*** SUMMARY ***
Total pot $0.25 | Rake $0 | Jackpot $0 | Bingo $0 | Fortune $0 | Tax $0
Seat 1: 59246844 folded before Flop (didn't bet)
Seat 2: 25b7c665 folded before Flop (didn't bet)
Seat 3: e845362d folded before Flop (didn't bet)
Seat 4: Hero (button) collected ($0.25)
Seat 5: b2a49793 (small blind) folded before Flop
Seat 6: 16a476fd (big blind) folded before Flop


Poker Hand #HD1782086464: Hold'em No Limit ($0.05/$0.1) - 2024/05/21 16:47:09
Table 'NLHRed36' 6-max Seat #3 is the button
Seat 1: 59246844 ($5.62 in chips)
Seat 2: 25b7c665 ($12.77 in chips)
Seat 3: e845362d ($13.59 in chips)
Seat 4: Hero ($10.05 in chips)
Seat 5: b2a49793 ($10 in chips)
Seat 6: 16a476fd ($10.1 in chips)
Hero: posts small blind $0.05
b2a49793: posts big blind $0.1
*** HOLE CARDS ***
Dealt to 59246844 
Dealt to 25b7c665 
Dealt to e845362d 
Dealt to Hero [Tc 5c]
Dealt to b2a49793 
Dealt to 16a476fd 
16a476fd: folds
59246844: raises $0.1 to $0.2
25b7c665: calls $0.2
e845362d: folds
Hero: folds
b2a49793: folds
*** FLOP *** [8c 9h 7c]
59246844: checks
25b7c665: bets $0.19
59246844: calls $0.19
*** TURN *** [8c 9h 7c] [Qs]
59246844: checks
25b7c665: checks
*** RIVER *** [8c 9h 7c Qs] [6h]
59246844: checks
25b7c665: checks
59246844: shows [Td Qd] (Tens-High Straight)
25b7c665: shows [Ad 7d] (Pair of Sevens)
*** SHOWDOWN ***
59246844 collected $0.89 from pot
*** SUMMARY ***
Total pot $0.93 | Rake $0.04 | Jackpot $0 | Bingo $0 | Fortune $0 | Tax $0
Board [8c 9h 7c Qs 6h]
Seat 1: 59246844 showed [Td Qd] and won ($0.89) with Tens-High Straight
Seat 2: 25b7c665 showed [Ad 7d] and lost with Pair of Sevens
Seat 3: e845362d (button) folded before Flop (didn't bet)
Seat 4: Hero (small blind) folded before Flop
Seat 5: b2a49793 (big blind) folded before Flop
Seat 6: 16a476fd folded before Flop (didn't bet)


Poker Hand #HD1782086430: Hold'em No Limit ($0.05/$0.1) - 2024/05/21 16:46:49
Table 'NLHRed36' 6-max Seat #2 is the button
Seat 1: 59246844 ($5.62 in chips)
Seat 2: 25b7c665 ($12.62 in chips)
Seat 3: e845362d ($13.64 in chips)
Seat 4: Hero ($10.15 in chips)
Seat 6: 16a476fd ($10.1 in chips)
e845362d: posts small blind $0.05
Hero: posts big blind $0.1
*** HOLE CARDS ***
Dealt to 59246844 
Dealt to 25b7c665 
Dealt to e845362d 
Dealt to Hero [As 2h]
Dealt to 16a476fd 
16a476fd: folds
59246844: folds
25b7c665: raises $0.1 to $0.2
e845362d: folds
Hero: folds
Uncalled bet ($0.1) returned to 25b7c665
*** SHOWDOWN ***
25b7c665 collected $0.25 from pot
*** SUMMARY ***
Total pot $0.25 | Rake $0 | Jackpot $0 | Bingo $0 | Fortune $0 | Tax $0
Seat 1: 59246844 folded before Flop (didn't bet)
Seat 2: 25b7c665 (button) collected ($0.25)
Seat 3: e845362d (small blind) folded before Flop
Seat 4: Hero (big blind) folded before Flop
Seat 6: 16a476fd folded before Flop (didn't bet)


Poker Hand #HD1782086234: Hold'em No Limit ($0.05/$0.1) - 2024/05/21 16:45:25
Table 'NLHRed36' 6-max Seat #1 is the button
Seat 1: 59246844 ($4.15 in chips)
Seat 2: 25b7c665 ($12.72 in chips)
Seat 3: e845362d ($15.27 in chips)
Seat 4: Hero ($10.15 in chips)
Seat 6: 16a476fd ($10.1 in chips)
25b7c665: posts small blind $0.05
e845362d: posts big blind $0.1
*** HOLE CARDS ***
Dealt to 59246844 
Dealt to 25b7c665 
Dealt to e845362d 
Dealt to Hero [3c 5c]
Dealt to 16a476fd 
Hero: folds
16a476fd: folds
59246844: calls $0.1
25b7c665: calls $0.05
e845362d: checks
*** FLOP *** [9s 4s 8h]
25b7c665: checks
e845362d: bets $0.25
59246844: raises $0.27 to $0.52
25b7c665: folds
e845362d: calls $0.27
*** TURN *** [9s 4s 8h] [Qd]
e845362d: checks
59246844: bets $1.01
e845362d: calls $1.01
*** RIVER *** [9s 4s 8h Qd] [Kc]
e845362d: checks
59246844: bets $2.52 and is all-in
e845362d: folds
Uncalled bet ($2.52) returned to 59246844
*** SHOWDOWN ***
59246844 collected $3.1 from pot
*** SUMMARY ***
Total pot $3.36 | Rake $0.16 | Jackpot $0.1 | Bingo $0 | Fortune $0 | Tax $0
Board [9s 4s 8h Qd Kc]
Seat 1: 59246844 (button) won ($3.1)
Seat 2: 25b7c665 (small blind) folded on the Flop
Seat 3: e845362d (big blind) folded on the River
Seat 4: Hero folded before Flop (didn't bet)
Seat 6: 16a476fd folded before Flop (didn't bet)


Poker Hand #HD1782086189: Hold'em No Limit ($0.05/$0.1) - 2024/05/21 16:45:07
Table 'NLHRed36' 6-max Seat #6 is the button
Seat 1: 59246844 ($4.2 in chips)
Seat 2: 25b7c665 ($12.82 in chips)
Seat 3: e845362d ($15.12 in chips)
Seat 4: Hero ($10.15 in chips)
Seat 6: 16a476fd ($10.1 in chips)
59246844: posts small blind $0.05
25b7c665: posts big blind $0.1
*** HOLE CARDS ***
Dealt to 59246844 
Dealt to 25b7c665 
Dealt to e845362d 
Dealt to Hero [8h 8c]
Dealt to 16a476fd 
e845362d: raises $0.15 to $0.25
Hero: folds
16a476fd: folds
59246844: folds
25b7c665: folds
Uncalled bet ($0.15) returned to e845362d
*** SHOWDOWN ***
e845362d collected $0.25 from pot
*** SUMMARY ***
Total pot $0.25 | Rake $0 | Jackpot $0 | Bingo $0 | Fortune $0 | Tax $0
Seat 1: 59246844 (small blind) folded before Flop
Seat 2: 25b7c665 (big blind) folded before Flop
Seat 3: e845362d collected ($0.25)
Seat 4: Hero folded before Flop (didn't bet)
Seat 6: 16a476fd (button) folded before Flop (didn't bet)


Poker Hand #HD1782086120: Hold'em No Limit ($0.05/$0.1) - 2024/05/21 16:44:42
Table 'NLHRed36' 6-max Seat #4 is the button
Seat 1: 59246844 ($4.3 in chips)
Seat 2: 25b7c665 ($12.82 in chips)
Seat 3: e845362d ($15.12 in chips)
Seat 4: Hero ($10 in chips)
Seat 6: 16a476fd ($10.15 in chips)
16a476fd: posts small blind $0.05
59246844: posts big blind $0.1
*** HOLE CARDS ***
Dealt to 59246844 
Dealt to 25b7c665 
Dealt to e845362d 
Dealt to Hero [7h 5h]
Dealt to 16a476fd 
25b7c665: folds
e845362d: folds
Hero: raises $0.14 to $0.24
16a476fd: folds
59246844: folds
Uncalled bet ($0.14) returned to Hero
*** SHOWDOWN ***
Hero collected $0.25 from pot
*** SUMMARY ***
Total pot $0.25 | Rake $0 | Jackpot $0 | Bingo $0 | Fortune $0 | Tax $0
Seat 1: 59246844 (big blind) folded before Flop
Seat 2: 25b7c665 folded before Flop (didn't bet)
Seat 3: e845362d folded before Flop (didn't bet)
Seat 4: Hero (button) collected ($0.25)
Seat 6: 16a476fd (small blind) folded before Flop


Poker Hand #HD1782086043: Hold'em No Limit ($0.05/$0.1) - 2024/05/21 16:44:04
Table 'NLHRed36' 6-max Seat #3 is the button
Seat 1: 59246844 ($4.4 in chips)
Seat 2: 25b7c665 ($12.82 in chips)
Seat 3: e845362d ($15.12 in chips)
Seat 4: Hero ($10 in chips)
Seat 6: 16a476fd ($10 in chips)
Hero: posts small blind $0.05
16a476fd: posts big blind $0.1
59246844: posts big blind $0.1
*** HOLE CARDS ***
Dealt to 59246844 
Dealt to 25b7c665 
Dealt to e845362d 
Dealt to Hero [9h 6c]
Dealt to 16a476fd 
59246844: checks
25b7c665: folds
e845362d: folds
Hero: folds
16a476fd: raises $0.5 to $0.6
59246844: folds
Uncalled bet ($0.5) returned to 16a476fd
*** SHOWDOWN ***
16a476fd collected $0.25 from pot
*** SUMMARY ***
Total pot $0.25 | Rake $0 | Jackpot $0 | Bingo $0 | Fortune $0 | Tax $0
Seat 1: 59246844 folded before Flop
Seat 2: 25b7c665 folded before Flop (didn't bet)
Seat 3: e845362d (button) folded before Flop (didn't bet)
Seat 4: Hero (small blind) folded before Flop
Seat 6: 16a476fd (big blind) collected ($0.25)


Poker Hand #HD1782085812: Hold'em No Limit ($0.05/$0.1) - 2024/05/21 16:42:23
Table 'NLHRed36' 6-max Seat #2 is the button
Seat 2: 25b7c665 ($10.96 in chips)
Seat 3: e845362d ($15.17 in chips)
Seat 4: Hero ($10.07 in chips)
Seat 5: b34a53da ($10.56 in chips)
Seat 6: 16a476fd ($10 in chips)
e845362d: posts small blind $0.05
Hero: posts big blind $0.1
*** HOLE CARDS ***
Dealt to 25b7c665 
Dealt to e845362d 
Dealt to Hero [3d 8h]
Dealt to b34a53da 
Dealt to 16a476fd 
b34a53da: folds
16a476fd: raises $0.15 to $0.25
25b7c665: raises $0.43 to $0.68
e845362d: folds
Hero: folds
16a476fd: calls $0.43
*** FLOP *** [Td Ks 2h]
16a476fd: checks
25b7c665: bets $0.5
16a476fd: calls $0.5
*** TURN *** [Td Ks 2h] [9d]
16a476fd: checks
25b7c665: bets $0.83
16a476fd: calls $0.83
*** RIVER *** [Td Ks 2h 9d] [5h]
16a476fd: checks
25b7c665: bets $2.78
16a476fd: folds
Uncalled bet ($2.78) returned to 25b7c665
*** SHOWDOWN ***
25b7c665 collected $3.87 from pot
*** SUMMARY ***
Total pot $4.17 | Rake $0.2 | Jackpot $0.1 | Bingo $0 | Fortune $0 | Tax $0
Board [Td Ks 2h 9d 5h]
Seat 2: 25b7c665 (button) won ($3.87)
Seat 3: e845362d (small blind) folded before Flop
Seat 4: Hero (big blind) folded before Flop
Seat 5: b34a53da folded before Flop (didn't bet)
Seat 6: 16a476fd folded on the River


Poker Hand #HD1782085772: Hold'em No Limit ($0.05/$0.1) - 2024/05/21 16:42:03
Table 'NLHRed36' 6-max Seat #1 is the button
Seat 1: b629eb21 ($6.68 in chips)
Seat 2: 25b7c665 ($11.01 in chips)
Seat 3: e845362d ($15.27 in chips)
Seat 4: Hero ($10.07 in chips)
Seat 5: b34a53da ($10.41 in chips)
Seat 6: 16a476fd ($10 in chips)
25b7c665: posts small blind $0.05
e845362d: posts big blind $0.1
*** HOLE CARDS ***
Dealt to b629eb21 
Dealt to 25b7c665 
Dealt to e845362d 
Dealt to Hero [Th 2c]
Dealt to b34a53da 
Dealt to 16a476fd 
Hero: folds
b34a53da: raises $0.15 to $0.25
16a476fd: folds
b629eb21: folds
25b7c665: folds
e845362d: folds
Uncalled bet ($0.15) returned to b34a53da
*** SHOWDOWN ***
b34a53da collected $0.25 from pot
*** SUMMARY ***
Total pot $0.25 | Rake $0 | Jackpot $0 | Bingo $0 | Fortune $0 | Tax $0
Seat 1: b629eb21 (button) folded before Flop (didn't bet)
Seat 2: 25b7c665 (small blind) folded before Flop
Seat 3: e845362d (big blind) folded before Flop
Seat 4: Hero folded before Flop (didn't bet)
Seat 5: b34a53da collected ($0.25)
Seat 6: 16a476fd folded before Flop (didn't bet)


Poker Hand #HD1782085682: Hold'em No Limit ($0.05/$0.1) - 2024/05/21 16:41:28
Table 'NLHRed36' 6-max Seat #6 is the button
Seat 1: b629eb21 ($6.4 in chips)
Seat 2: 25b7c665 ($11.11 in chips)
Seat 3: e845362d ($15.27 in chips)
Seat 4: Hero ($10.27 in chips)
Seat 5: b34a53da ($10.41 in chips)
Seat 6: 16a476fd ($10 in chips)
b629eb21: posts small blind $0.05
25b7c665: posts big blind $0.1
*** HOLE CARDS ***
Dealt to b629eb21 
Dealt to 25b7c665 
Dealt to e845362d 
Dealt to Hero [Tc As]
Dealt to b34a53da 
Dealt to 16a476fd 
e845362d: folds
Hero: raises $0.1 to $0.2
b34a53da: folds
16a476fd: folds
b629eb21: raises $0.38 to $0.58
25b7c665: folds
Hero: folds
Uncalled bet ($0.38) returned to b629eb21
*** SHOWDOWN ***
b629eb21 collected $0.48 from pot
*** SUMMARY ***
Total pot $0.5 | Rake $0.02 | Jackpot $0 | Bingo $0 | Fortune $0 | Tax $0
Seat 1: b629eb21 (small blind) collected ($0.48)
Seat 2: 25b7c665 (big blind) folded before Flop
Seat 3: e845362d folded before Flop (didn't bet)
Seat 4: Hero folded before Flop
Seat 5: b34a53da folded before Flop (didn't bet)
Seat 6: 16a476fd (button) folded before Flop (didn't bet)


Poker Hand #HD1782085652: Hold'em No Limit ($0.05/$0.1) - 2024/05/21 16:41:16
Table 'NLHRed36' 6-max Seat #5 is the button
Seat 1: b629eb21 ($6.35 in chips)
Seat 2: 25b7c665 ($11.11 in chips)
Seat 3: e845362d ($15.27 in chips)
Seat 4: Hero ($10.27 in chips)
Seat 5: b34a53da ($10.41 in chips)
Seat 6: 16a476fd ($10 in chips)
16a476fd: posts small blind $0.05
b629eb21: posts big blind $0.1
*** HOLE CARDS ***
Dealt to b629eb21 
Dealt to 25b7c665 
Dealt to e845362d 
Dealt to Hero [Tc 3s]
Dealt to b34a53da 
Dealt to 16a476fd 
25b7c665: folds
e845362d: folds
Hero: folds
b34a53da: folds
16a476fd: folds
Uncalled bet ($0.05) returned to b629eb21
*** SHOWDOWN ***
b629eb21 collected $0.1 from pot
*** SUMMARY ***
Total pot $0.1 | Rake $0 | Jackpot $0 | Bingo $0 | Fortune $0 | Tax $0
Seat 1: b629eb21 (big blind) collected ($0.1)
Seat 2: 25b7c665 folded before Flop (didn't bet)
Seat 3: e845362d folded before Flop (didn't bet)
Seat 4: Hero folded before Flop (didn't bet)
Seat 5: b34a53da (button) folded before Flop (didn't bet)
Seat 6: 16a476fd (small blind) folded before Flop


Poker Hand #HD1782005626: Hold'em No Limit ($0.05/$0.1) - 2024/05/21 16:41:00
Table 'NLHRed36' 6-max Seat #4 is the button
Seat 2: 25b7c665 ($10.96 in chips)
Seat 3: e845362d ($15.27 in chips)
Seat 4: Hero ($10.27 in chips)
Seat 5: b34a53da ($10.46 in chips)
Seat 6: 16a476fd ($10 in chips)
b34a53da: posts small blind $0.05
16a476fd: posts big blind $0.1
*** HOLE CARDS ***
Dealt to 25b7c665 
Dealt to e845362d 
Dealt to Hero [2d 5s]
Dealt to b34a53da 
Dealt to 16a476fd 
25b7c665: raises $0.1 to $0.2
e845362d: folds
Hero: folds
b34a53da: folds
16a476fd: folds
Uncalled bet ($0.1) returned to 25b7c665
*** SHOWDOWN ***
25b7c665 collected $0.25 from pot
*** SUMMARY ***
Total pot $0.25 | Rake $0 | Jackpot $0 | Bingo $0 | Fortune $0 | Tax $0
Seat 2: 25b7c665 collected ($0.25)
Seat 3: e845362d folded before Flop (didn't bet)
Seat 4: Hero (button) folded before Flop (didn't bet)
Seat 5: b34a53da (small blind) folded before Flop
Seat 6: 16a476fd (big blind) folded before Flop


Poker Hand #HD1782005556: Hold'em No Limit ($0.05/$0.1) - 2024/05/21 16:40:30
Table 'NLHRed36' 6-max Seat #3 is the button
Seat 1: b629eb21 ($5.83 in chips)
Seat 2: 25b7c665 ($10.96 in chips)
Seat 3: e845362d ($15.12 in chips)
Seat 4: Hero ($10.32 in chips)
Seat 5: b34a53da ($10.56 in chips)
Seat 6: 16a476fd ($10 in chips)
Hero: posts small blind $0.05
b34a53da: posts big blind $0.1
*** HOLE CARDS ***
Dealt to b629eb21 
Dealt to 25b7c665 
Dealt to e845362d 
Dealt to Hero [8s Ac]
Dealt to b34a53da 
Dealt to 16a476fd 
16a476fd: folds
b629eb21: folds
25b7c665: folds
e845362d: raises $0.1 to $0.2
Hero: folds
b34a53da: folds
Uncalled bet ($0.1) returned to e845362d
*** SHOWDOWN ***
e845362d collected $0.25 from pot
*** SUMMARY ***
Total pot $0.25 | Rake $0 | Jackpot $0 | Bingo $0 | Fortune $0 | Tax $0
Seat 1: b629eb21 folded before Flop (didn't bet)
Seat 2: 25b7c665 folded before Flop (didn't bet)
Seat 3: e845362d (button) collected ($0.25)
Seat 4: Hero (small blind) folded before Flop
Seat 5: b34a53da (big blind) folded before Flop
Seat 6: 16a476fd folded before Flop (didn't bet)


Poker Hand #HD1782005482: Hold'em No Limit ($0.05/$0.1) - 2024/05/21 16:40:02
Table 'NLHRed36' 6-max Seat #2 is the button
Seat 1: b629eb21 ($5.68 in chips)
Seat 2: 25b7c665 ($10.96 in chips)
Seat 3: e845362d ($15.17 in chips)
Seat 4: Hero ($10.42 in chips)
Seat 5: b34a53da ($10.56 in chips)
Seat 6: 16a476fd ($10 in chips)
e845362d: posts small blind $0.05
Hero: posts big blind $0.1
*** HOLE CARDS ***
Dealt to b629eb21 
Dealt to 25b7c665 
Dealt to e845362d 
Dealt to Hero [9s 4d]
Dealt to b34a53da 
Dealt to 16a476fd 
b34a53da: folds
16a476fd: folds
b629eb21: raises $0.3 to $0.4
25b7c665: folds
e845362d: folds
Hero: folds
Uncalled bet ($0.3) returned to b629eb21
*** SHOWDOWN ***
b629eb21 collected $0.25 from pot
*** SUMMARY ***
Total pot $0.25 | Rake $0 | Jackpot $0 | Bingo $0 | Fortune $0 | Tax $0
Seat 1: b629eb21 collected ($0.25)
Seat 2: 25b7c665 (button) folded before Flop (didn't bet)
Seat 3: e845362d (small blind) folded before Flop
Seat 4: Hero (big blind) folded before Flop
Seat 5: b34a53da folded before Flop (didn't bet)
Seat 6: 16a476fd folded before Flop (didn't bet)


Poker Hand #HD1782005358: Hold'em No Limit ($0.05/$0.1) - 2024/05/21 16:39:03
Table 'NLHRed36' 6-max Seat #1 is the button
Seat 1: b629eb21 ($10.08 in chips)
Seat 2: 25b7c665 ($11.01 in chips)
Seat 3: e845362d ($11.02 in chips)
Seat 4: Hero ($10.42 in chips)
Seat 5: b34a53da ($10.56 in chips)
Seat 6: 16a476fd ($10 in chips)
25b7c665: posts small blind $0.05
e845362d: posts big blind $0.1
*** HOLE CARDS ***
Dealt to b629eb21 
Dealt to 25b7c665 
Dealt to e845362d 
Dealt to Hero [7c Kh]
Dealt to b34a53da 
Dealt to 16a476fd 
Hero: folds
b34a53da: folds
16a476fd: raises $0.15 to $0.25
b629eb21: calls $0.25
25b7c665: folds
e845362d: raises $1.1 to $1.35
16a476fd: folds
b629eb21: calls $1.1
*** FLOP *** [Ks 8d Tc]
e845362d: bets $0.85
b629eb21: calls $0.85
*** TURN *** [Ks 8d Tc] [2h]
e845362d: bets $2.2
b629eb21: calls $2.2
*** RIVER *** [Ks 8d Tc 2h] [As]
e845362d: bets $6.62 and is all-in
b629eb21: folds
Uncalled bet ($6.62) returned to e845362d
*** SHOWDOWN ***
e845362d collected $8.55 from pot
*** SUMMARY ***
Total pot $9.1 | Rake $0.45 | Jackpot $0.1 | Bingo $0 | Fortune $0 | Tax $0
Board [Ks 8d Tc 2h As]
Seat 1: b629eb21 (button) folded on the River
Seat 2: 25b7c665 (small blind) folded before Flop
Seat 3: e845362d (big blind) won ($8.55)
Seat 4: Hero folded before Flop (didn't bet)
Seat 5: b34a53da folded before Flop (didn't bet)
Seat 6: 16a476fd folded before Flop


Poker Hand #HD1782005185: Hold'em No Limit ($0.05/$0.1) - 2024/05/21 16:37:49
Table 'NLHRed36' 6-max Seat #6 is the button
Seat 1: b629eb21 ($11.06 in chips)
Seat 2: 25b7c665 ($9.84 in chips)
Seat 3: e845362d ($11.02 in chips)
Seat 4: Hero ($10.42 in chips)
Seat 5: b34a53da ($10.56 in chips)
Seat 6: 16a476fd ($10 in chips)
b629eb21: posts small blind $0.05
25b7c665: posts big blind $0.1
*** HOLE CARDS ***
Dealt to b629eb21 
Dealt to 25b7c665 
Dealt to e845362d 
Dealt to Hero [5c 2h]
Dealt to b34a53da 
Dealt to 16a476fd 
e845362d: folds
Hero: folds
b34a53da: folds
16a476fd: raises $0.2 to $0.3
b629eb21: calls $0.25
25b7c665: calls $0.2
*** FLOP *** [8h 3c Ad]
b629eb21: checks
25b7c665: checks
16a476fd: checks
*** TURN *** [8h 3c Ad] [Kd]
b629eb21: checks
25b7c665: bets $0.68
16a476fd: folds
b629eb21: calls $0.68
*** RIVER *** [8h 3c Ad Kd] [2s]
b629eb21: checks
25b7c665: bets $1.55
b629eb21: folds
Uncalled bet ($1.55) returned to 25b7c665
*** SHOWDOWN ***
25b7c665 collected $2.15 from pot
*** SUMMARY ***
Total pot $2.26 | Rake $0.11 | Jackpot $0 | Bingo $0 | Fortune $0 | Tax $0
Board [8h 3c Ad Kd 2s]
Seat 1: b629eb21 (small blind) folded on the River
Seat 2: 25b7c665 (big blind) won ($2.15)
Seat 3: e845362d folded before Flop (didn't bet)
Seat 4: Hero folded before Flop (didn't bet)
Seat 5: b34a53da folded before Flop (didn't bet)
Seat 6: 16a476fd (button) folded on the Turn


Poker Hand #HD1782005090: Hold'em No Limit ($0.05/$0.1) - 2024/05/21 16:37:05
Table 'NLHRed36' 6-max Seat #5 is the button
Seat 1: b629eb21 ($11.3 in chips)
Seat 2: 25b7c665 ($9.84 in chips)
Seat 3: e845362d ($11.02 in chips)
Seat 4: Hero ($10.15 in chips)
Seat 5: b34a53da ($10.56 in chips)
Seat 6: 16a476fd ($10.02 in chips)
16a476fd: posts small blind $0.05
b629eb21: posts big blind $0.1
*** HOLE CARDS ***
Dealt to b629eb21 
Dealt to 25b7c665 
Dealt to e845362d 
Dealt to Hero [5s 5c]
Dealt to b34a53da 
Dealt to 16a476fd 
25b7c665: folds
e845362d: folds
Hero: raises $0.14 to $0.24
b34a53da: folds
16a476fd: folds
b629eb21: calls $0.14
*** FLOP *** [Ad 4h As]
b629eb21: checks
Hero: bets $0.18
b629eb21: folds
Uncalled bet ($0.18) returned to Hero
*** SHOWDOWN ***
Hero collected $0.51 from pot
*** SUMMARY ***
Total pot $0.53 | Rake $0.02 | Jackpot $0 | Bingo $0 | Fortune $0 | Tax $0
Board [Ad 4h As]
Seat 1: b629eb21 (big blind) folded on the Flop
Seat 2: 25b7c665 folded before Flop (didn't bet)
Seat 3: e845362d folded before Flop (didn't bet)
Seat 4: Hero won ($0.51)
Seat 5: b34a53da (button) folded before Flop (didn't bet)
Seat 6: 16a476fd (small blind) folded before Flop


Poker Hand #HD1782005017: Hold'em No Limit ($0.05/$0.1) - 2024/05/21 16:36:34
Table 'NLHRed36' 6-max Seat #4 is the button
Seat 1: b629eb21 ($11.3 in chips)
Seat 2: 25b7c665 ($9.84 in chips)
Seat 3: e845362d ($11.02 in chips)
Seat 4: Hero ($10 in chips)
Seat 5: b34a53da ($10.61 in chips)
Seat 6: 16a476fd ($10.12 in chips)
b34a53da: posts small blind $0.05
16a476fd: posts big blind $0.1
*** HOLE CARDS ***
Dealt to b629eb21 
Dealt to 25b7c665 
Dealt to e845362d 
Dealt to Hero [Ac Kd]
Dealt to b34a53da 
Dealt to 16a476fd 
b629eb21: folds
25b7c665: folds
e845362d: folds
Hero: raises $0.14 to $0.24
b34a53da: folds
16a476fd: folds
Uncalled bet ($0.14) returned to Hero
*** SHOWDOWN ***
Hero collected $0.25 from pot
*** SUMMARY ***
Total pot $0.25 | Rake $0 | Jackpot $0 | Bingo $0 | Fortune $0 | Tax $0
Seat 1: b629eb21 folded before Flop (didn't bet)
Seat 2: 25b7c665 folded before Flop (didn't bet)
Seat 3: e845362d folded before Flop (didn't bet)
Seat 4: Hero (button) collected ($0.25)
Seat 5: b34a53da (small blind) folded before Flop
Seat 6: 16a476fd (big blind) folded before Flop


Poker Hand #HD1782004897: Hold'em No Limit ($0.05/$0.1) - 2024/05/21 16:35:39
Table 'NLHRed36' 6-max Seat #3 is the button
Seat 1: b629eb21 ($11.3 in chips)
Seat 2: 25b7c665 ($10.29 in chips)
Seat 3: e845362d ($11.02 in chips)
Seat 4: Hero ($10 in chips)
Seat 5: b34a53da ($10.15 in chips)
Seat 6: 16a476fd ($10.12 in chips)
Hero: posts small blind $0.05
b34a53da: posts big blind $0.1
*** HOLE CARDS ***
Dealt to b629eb21 
Dealt to 25b7c665 
Dealt to e845362d 
Dealt to Hero [6d 5h]
Dealt to b34a53da 
Dealt to 16a476fd 
16a476fd: folds
b629eb21: folds
25b7c665: raises $0.1 to $0.2
e845362d: folds
Hero: folds
b34a53da: calls $0.1
*** FLOP *** [7c 5c 2h]
b34a53da: checks
25b7c665: bets $0.25
b34a53da: calls $0.25
*** TURN *** [7c 5c 2h] [Ah]
b34a53da: checks
25b7c665: checks
*** RIVER *** [7c 5c 2h Ah] [9s]
b34a53da: bets $0.72
25b7c665: folds
Uncalled bet ($0.72) returned to b34a53da
*** SHOWDOWN ***
b34a53da collected $0.91 from pot
*** SUMMARY ***
Total pot $0.95 | Rake $0.04 | Jackpot $0 | Bingo $0 | Fortune $0 | Tax $0
Board [7c 5c 2h Ah 9s]
Seat 1: b629eb21 folded before Flop (didn't bet)
Seat 2: 25b7c665 folded on the River
Seat 3: e845362d (button) folded before Flop (didn't bet)
Seat 4: Hero (small blind) folded before Flop
Seat 5: b34a53da (big blind) won ($0.91)
Seat 6: 16a476fd folded before Flop (didn't bet)


Poker Hand #HD1782004726: Hold'em No Limit ($0.05/$0.1) - 2024/05/21 16:34:19
Table 'NLHRed36' 6-max Seat #2 is the button
Seat 1: b629eb21 ($11.24 in chips)
Seat 2: 25b7c665 ($10.29 in chips)
Seat 3: e845362d ($11.12 in chips)
Seat 4: Hero ($10 in chips)
Seat 5: b34a53da ($10.15 in chips)
Seat 6: 16a476fd ($10 in chips)
e845362d: posts small blind $0.05
Hero: posts big blind $0.1
b629eb21: posts big blind $0.1
b629eb21: posts missed blind $0.05
*** HOLE CARDS ***
Dealt to b629eb21 
Dealt to 25b7c665 
Dealt to e845362d 
Dealt to Hero [3d Qd]
Dealt to b34a53da 
Dealt to 16a476fd 
b34a53da: folds
16a476fd: calls $0.1
b629eb21: checks
25b7c665: folds
e845362d: calls $0.05
Hero: checks
*** FLOP *** [4h 5s Ks]
e845362d: checks
Hero: checks
16a476fd: checks
b629eb21: checks
*** TURN *** [4h 5s Ks] [4d]
e845362d: checks
Hero: checks
16a476fd: checks
b629eb21: checks
*** RIVER *** [4h 5s Ks 4d] [5c]
e845362d: checks
Hero: checks
16a476fd: checks
b629eb21: checks
e845362d: shows [9d 8d] (Pair of Fives and Pair of Fours)
Hero: shows [3d Qd] (Pair of Fives and Pair of Fours)
16a476fd: shows [Ah 8h] (Pair of Fives and Pair of Fours)
b629eb21: shows [Ac Qc] (Pair of Fives and Pair of Fours)
*** SHOWDOWN ***
16a476fd collected $0.22 from pot
b629eb21 collected $0.21 from pot
*** SUMMARY ***
Total pot $0.45 | Rake $0.02 | Jackpot $0 | Bingo $0 | Fortune $0 | Tax $0
Board [4h 5s Ks 4d 5c]
Seat 1: b629eb21 showed [Ac Qc] and won ($0.21) with Pair of Fives and Pair of Fours
Seat 2: 25b7c665 (button) folded before Flop (didn't bet)
Seat 3: e845362d (small blind) showed [9d 8d] and lost with Pair of Fives and Pair of Fours
Seat 4: Hero (big blind) showed [3d Qd] and lost with Pair of Fives and Pair of Fours
Seat 5: b34a53da folded before Flop (didn't bet)
Seat 6: 16a476fd showed [Ah 8h] and won ($0.22) with Pair of Fives and Pair of Fours


Poker Hand #HD1782004695: Hold'em No Limit ($0.05/$0.1) - 2024/05/21 16:34:05
Table 'NLHRed36' 6-max Seat #6 is the button
Seat 2: 25b7c665 ($10.34 in chips)
Seat 3: e845362d ($11.07 in chips)
Seat 4: Hero ($10 in chips)
Seat 5: b34a53da ($10.15 in chips)
Seat 6: 16a476fd ($10 in chips)
25b7c665: posts small blind $0.05
e845362d: posts big blind $0.1
*** HOLE CARDS ***
Dealt to 25b7c665 
Dealt to e845362d 
Dealt to Hero [Ad 8s]
Dealt to b34a53da 
Dealt to 16a476fd 
Hero: folds
b34a53da: folds
16a476fd: folds
25b7c665: folds
Uncalled bet ($0.05) returned to e845362d
*** SHOWDOWN ***
e845362d collected $0.1 from pot
*** SUMMARY ***
Total pot $0.1 | Rake $0 | Jackpot $0 | Bingo $0 | Fortune $0 | Tax $0
Seat 2: 25b7c665 (small blind) folded before Flop
Seat 3: e845362d (big blind) collected ($0.1)
Seat 4: Hero folded before Flop (didn't bet)
Seat 5: b34a53da folded before Flop (didn't bet)
Seat 6: 16a476fd (button) folded before Flop (didn't bet)


Poker Hand #HD1782004611: Hold'em No Limit ($0.05/$0.1) - 2024/05/21 16:33:27
Table 'NLHRed36' 6-max Seat #5 is the button
Seat 2: 25b7c665 ($10.44 in chips)
Seat 3: e845362d ($11.07 in chips)
Seat 4: Hero ($10 in chips)
Seat 5: b34a53da ($10 in chips)
Seat 6: 16a476fd ($10.05 in chips)
16a476fd: posts small blind $0.05
25b7c665: posts big blind $0.1
*** HOLE CARDS ***
Dealt to 25b7c665 
Dealt to e845362d 
Dealt to Hero [2d Ks]
Dealt to b34a53da 
Dealt to 16a476fd 
e845362d: folds
Hero: folds
b34a53da: raises $0.15 to $0.25
16a476fd: folds
25b7c665: folds
Uncalled bet ($0.15) returned to b34a53da
*** SHOWDOWN ***
b34a53da collected $0.25 from pot
*** SUMMARY ***
Total pot $0.25 | Rake $0 | Jackpot $0 | Bingo $0 | Fortune $0 | Tax $0
Seat 2: 25b7c665 (big blind) folded before Flop
Seat 3: e845362d folded before Flop (didn't bet)
Seat 4: Hero folded before Flop (didn't bet)
Seat 5: b34a53da (button) collected ($0.25)
Seat 6: 16a476fd (small blind) folded before Flop


Poker Hand #HD1782004560: Hold'em No Limit ($0.05/$0.1) - 2024/05/21 16:33:05
Table 'NLHRed36' 6-max Seat #4 is the button
Seat 1: b629eb21 ($11.24 in chips)
Seat 2: 25b7c665 ($10.44 in chips)
Seat 3: e845362d ($11.07 in chips)
Seat 4: Hero ($10 in chips)
Seat 5: b34a53da ($10.05 in chips)
Seat 6: 16a476fd ($10 in chips)
b34a53da: posts small blind $0.05
16a476fd: posts big blind $0.1
*** HOLE CARDS ***
Dealt to b629eb21 
Dealt to 25b7c665 
Dealt to e845362d 
Dealt to Hero [7h 9c]
Dealt to b34a53da 
Dealt to 16a476fd 
b629eb21: folds
25b7c665: folds
e845362d: folds
Hero: folds
b34a53da: folds
Uncalled bet ($0.05) returned to 16a476fd
*** SHOWDOWN ***
16a476fd collected $0.1 from pot
*** SUMMARY ***
Total pot $0.1 | Rake $0 | Jackpot $0 | Bingo $0 | Fortune $0 | Tax $0
Seat 1: b629eb21 folded before Flop (didn't bet)
Seat 2: 25b7c665 folded before Flop (didn't bet)
Seat 3: e845362d folded before Flop (didn't bet)
Seat 4: Hero (button) folded before Flop (didn't bet)
Seat 5: b34a53da (small blind) folded before Flop
Seat 6: 16a476fd (big blind) collected ($0.1)


Poker Hand #HD1782004522: Hold'em No Limit ($0.05/$0.1) - 2024/05/21 16:32:51
Table 'NLHRed36' 6-max Seat #3 is the button
Seat 1: b629eb21 ($11.24 in chips)
Seat 2: 25b7c665 ($10.44 in chips)
Seat 3: e845362d ($11.07 in chips)
Seat 4: Hero ($10 in chips)
Seat 5: b34a53da ($10 in chips)
Seat 6: 16a476fd ($10 in chips)
Hero: posts small blind $0.05
b34a53da: posts big blind $0.1
*** HOLE CARDS ***
Dealt to b629eb21 
Dealt to 25b7c665 
Dealt to e845362d 
Dealt to Hero [2d 8c]
Dealt to b34a53da 
Dealt to 16a476fd 
16a476fd: folds
b629eb21: folds
25b7c665: folds
e845362d: folds
Hero: folds
Uncalled bet ($0.05) returned to b34a53da
*** SHOWDOWN ***
b34a53da collected $0.1 from pot
*** SUMMARY ***
Total pot $0.1 | Rake $0 | Jackpot $0 | Bingo $0 | Fortune $0 | Tax $0
Seat 1: b629eb21 folded before Flop (didn't bet)
Seat 2: 25b7c665 folded before Flop (didn't bet)
Seat 3: e845362d (button) folded before Flop (didn't bet)
Seat 4: Hero (small blind) folded before Flop
Seat 5: b34a53da (big blind) collected ($0.1)
Seat 6: 16a476fd folded before Flop (didn't bet)


Poker Hand #HD1782004328: Hold'em No Limit ($0.05/$0.1) - 2024/05/21 16:31:23
Table 'NLHRed36' 6-max Seat #2 is the button
Seat 1: b629eb21 ($9.88 in chips)
Seat 2: 25b7c665 ($10.54 in chips)
Seat 3: e845362d ($11.17 in chips)
Seat 4: Hero ($10.55 in chips)
Seat 5: b34a53da ($10 in chips)
Seat 6: 16a476fd ($10 in chips)
e845362d: posts small blind $0.05
Hero: posts big blind $0.1
*** HOLE CARDS ***
Dealt to b629eb21 
Dealt to 25b7c665 
Dealt to e845362d 
Dealt to Hero [9c 9d]
Dealt to b34a53da 
Dealt to 16a476fd 
b34a53da: folds
16a476fd: folds
b629eb21: calls $0.1
25b7c665: calls $0.1
e845362d: calls $0.05
Hero: raises $0.5 to $0.6
b629eb21: calls $0.5
25b7c665: folds
e845362d: folds
*** FLOP *** [Kh 2d 5s]
Hero: checks
b629eb21: checks
*** TURN *** [Kh 2d 5s] [6s]
Hero: bets $0.7
b629eb21: calls $0.7
*** RIVER *** [Kh 2d 5s 6s] [Td]
Hero: checks
b629eb21: bets $1.4
Hero: folds
Uncalled bet ($1.4) returned to b629eb21
*** SHOWDOWN ***
b629eb21 collected $2.66 from pot
*** SUMMARY ***
Total pot $2.8 | Rake $0.14 | Jackpot $0 | Bingo $0 | Fortune $0 | Tax $0
Board [Kh 2d 5s 6s Td]
Seat 1: b629eb21 won ($2.66)
Seat 2: 25b7c665 (button) folded before Flop
Seat 3: e845362d (small blind) folded before Flop
Seat 4: Hero (big blind) folded on the River
Seat 5: b34a53da folded before Flop (didn't bet)
Seat 6: 16a476fd folded before Flop (didn't bet)


Poker Hand #HD1782004216: Hold'em No Limit ($0.05/$0.1) - 2024/05/21 16:30:35
Table 'NLHRed36' 6-max Seat #1 is the button
Seat 1: b629eb21 ($9.98 in chips)
Seat 2: 25b7c665 ($10.59 in chips)
Seat 3: e845362d ($11.03 in chips)
Seat 4: Hero ($10.55 in chips)
Seat 5: b34a53da ($10 in chips)
Seat 6: 16a476fd ($10 in chips)
25b7c665: posts small blind $0.05
e845362d: posts big blind $0.1
*** HOLE CARDS ***
Dealt to b629eb21 
Dealt to 25b7c665 
Dealt to e845362d 
Dealt to Hero [4c Th]
Dealt to b34a53da 
Dealt to 16a476fd 
Hero: folds
b34a53da: folds
16a476fd: folds
b629eb21: calls $0.1
25b7c665: folds
e845362d: checks
*** FLOP *** [5c 6h 3c]
e845362d: checks
b629eb21: checks
*** TURN *** [5c 6h 3c] [2s]
e845362d: bets $0.3
b629eb21: folds
Uncalled bet ($0.3) returned to e845362d
*** SHOWDOWN ***
e845362d collected $0.24 from pot
*** SUMMARY ***
Total pot $0.25 | Rake $0.01 | Jackpot $0 | Bingo $0 | Fortune $0 | Tax $0
Board [5c 6h 3c 2s]
Seat 1: b629eb21 (button) folded on the Turn
Seat 2: 25b7c665 (small blind) folded before Flop
Seat 3: e845362d (big blind) won ($0.24)
Seat 4: Hero folded before Flop (didn't bet)
Seat 5: b34a53da folded before Flop (didn't bet)
Seat 6: 16a476fd folded before Flop (didn't bet)


Poker Hand #HD1782004097: Hold'em No Limit ($0.05/$0.1) - 2024/05/21 16:29:40
Table 'NLHRed36' 6-max Seat #6 is the button
Seat 1: b629eb21 ($9.06 in chips)
Seat 2: 25b7c665 ($10.69 in chips)
Seat 3: e845362d ($11.03 in chips)
Seat 4: Hero ($10.75 in chips)
Seat 5: b34a53da ($10.13 in chips)
Seat 6: 16a476fd ($10 in chips)
b629eb21: posts small blind $0.05
25b7c665: posts big blind $0.1
*** HOLE CARDS ***
Dealt to b629eb21 
Dealt to 25b7c665 
Dealt to e845362d 
Dealt to Hero [8s Js]
Dealt to b34a53da 
Dealt to 16a476fd 
e845362d: folds
Hero: raises $0.1 to $0.2
b34a53da: raises $0.5 to $0.7
16a476fd: folds
b629eb21: calls $0.65
25b7c665: folds
Hero: folds
*** FLOP *** [9h Tc 2d]
b629eb21: checks
b34a53da: checks
*** TURN *** [9h Tc 2d] [8h]
b629eb21: checks
b34a53da: checks
*** RIVER *** [9h Tc 2d 8h] [6s]
b629eb21: bets $1.7
b34a53da: folds
Uncalled bet ($1.7) returned to b629eb21
*** SHOWDOWN ***
b629eb21 collected $1.62 from pot
*** SUMMARY ***
Total pot $1.7 | Rake $0.08 | Jackpot $0 | Bingo $0 | Fortune $0 | Tax $0
Board [9h Tc 2d 8h 6s]
Seat 1: b629eb21 (small blind) won ($1.62)
Seat 2: 25b7c665 (big blind) folded before Flop
Seat 3: e845362d folded before Flop (didn't bet)
Seat 4: Hero folded before Flop
Seat 5: b34a53da folded on the River
Seat 6: 16a476fd (button) folded before Flop (didn't bet)


Poker Hand #HD1782003971: Hold'em No Limit ($0.05/$0.1) - 2024/05/21 16:28:43
Table 'NLHRed36' 6-max Seat #5 is the button
Seat 1: b629eb21 ($10.15 in chips)
Seat 2: 25b7c665 ($10.69 in chips)
Seat 3: e845362d ($10 in chips)
Seat 4: Hero ($10.75 in chips)
Seat 5: b34a53da ($10.13 in chips)
Seat 6: 16a476fd ($10 in chips)
16a476fd: posts small blind $0.05
b629eb21: posts big blind $0.1
*** HOLE CARDS ***
Dealt to b629eb21 
Dealt to 25b7c665 
Dealt to e845362d 
Dealt to Hero [6c 2s]
Dealt to b34a53da 
Dealt to 16a476fd 
25b7c665: folds
e845362d: raises $0.15 to $0.25
Hero: folds
b34a53da: folds
16a476fd: folds
b629eb21: raises $0.28 to $0.53
e845362d: calls $0.28
*** FLOP *** [Jc Qd 7h]
b629eb21: bets $0.56
e845362d: calls $0.56
*** TURN *** [Jc Qd 7h] [As]
b629eb21: checks
e845362d: bets $1.7
b629eb21: folds
Uncalled bet ($1.7) returned to e845362d
*** SHOWDOWN ***
e845362d collected $2.12 from pot
*** SUMMARY ***
Total pot $2.23 | Rake $0.11 | Jackpot $0 | Bingo $0 | Fortune $0 | Tax $0
Board [Jc Qd 7h As]
Seat 1: b629eb21 (big blind) folded on the Turn
Seat 2: 25b7c665 folded before Flop (didn't bet)
Seat 3: e845362d won ($2.12)
Seat 4: Hero folded before Flop (didn't bet)
Seat 5: b34a53da (button) folded before Flop (didn't bet)
Seat 6: 16a476fd (small blind) folded before Flop


Poker Hand #HD1782003926: Hold'em No Limit ($0.05/$0.1) - 2024/05/21 16:28:26
Table 'NLHRed36' 6-max Seat #4 is the button
Seat 1: b629eb21 ($10 in chips)
Seat 2: 25b7c665 ($10.69 in chips)
Seat 3: e845362d ($10 in chips)
Seat 4: Hero ($10.75 in chips)
Seat 5: b34a53da ($10.18 in chips)
Seat 6: 16a476fd ($10 in chips)
b34a53da: posts small blind $0.05
16a476fd: posts big blind $0.1
*** HOLE CARDS ***
Dealt to b629eb21 
Dealt to 25b7c665 
Dealt to e845362d 
Dealt to Hero [3c 8d]
Dealt to b34a53da 
Dealt to 16a476fd 
b629eb21: raises $0.3 to $0.4
25b7c665: folds
e845362d: folds
Hero: folds
b34a53da: folds
16a476fd: folds
Uncalled bet ($0.3) returned to b629eb21
*** SHOWDOWN ***
b629eb21 collected $0.25 from pot
*** SUMMARY ***
Total pot $0.25 | Rake $0 | Jackpot $0 | Bingo $0 | Fortune $0 | Tax $0
Seat 1: b629eb21 collected ($0.25)
Seat 2: 25b7c665 folded before Flop (didn't bet)
Seat 3: e845362d folded before Flop (didn't bet)
Seat 4: Hero (button) folded before Flop (didn't bet)
Seat 5: b34a53da (small blind) folded before Flop
Seat 6: 16a476fd (big blind) folded before Flop


Poker Hand #HD1782003870: Hold'em No Limit ($0.05/$0.1) - 2024/05/21 16:27:59
Table 'NLHRed36' 6-max Seat #3 is the button
Seat 1: b629eb21 ($6.56 in chips)
Seat 2: 25b7c665 ($10.69 in chips)
Seat 3: e845362d ($10 in chips)
Seat 4: Hero ($10.8 in chips)
Seat 5: b34a53da ($10.28 in chips)
Seat 6: 16a476fd ($10 in chips)
Hero: posts small blind $0.05
b34a53da: posts big blind $0.1
*** HOLE CARDS ***
Dealt to b629eb21 
Dealt to 25b7c665 
Dealt to e845362d 
Dealt to Hero [5h Ac]
Dealt to b34a53da 
Dealt to 16a476fd 
16a476fd: folds
b629eb21: raises $0.2 to $0.3
25b7c665: folds
e845362d: folds
Hero: folds
b34a53da: folds
Uncalled bet ($0.2) returned to b629eb21
*** SHOWDOWN ***
b629eb21 collected $0.25 from pot
*** SUMMARY ***
Total pot $0.25 | Rake $0 | Jackpot $0 | Bingo $0 | Fortune $0 | Tax $0
Seat 1: b629eb21 collected ($0.25)
Seat 2: 25b7c665 folded before Flop (didn't bet)
Seat 3: e845362d (button) folded before Flop (didn't bet)
Seat 4: Hero (small blind) folded before Flop
Seat 5: b34a53da (big blind) folded before Flop
Seat 6: 16a476fd folded before Flop (didn't bet)


Poker Hand #HD1782003720: Hold'em No Limit ($0.05/$0.1) - 2024/05/21 16:26:53
Table 'NLHRed36' 6-max Seat #2 is the button
Seat 1: b629eb21 ($8.88 in chips)
Seat 2: 25b7c665 ($8.55 in chips)
Seat 3: e845362d ($10 in chips)
Seat 4: Hero ($10.9 in chips)
Seat 5: b34a53da ($10.28 in chips)
Seat 6: 16a476fd ($10 in chips)
e845362d: posts small blind $0.05
Hero: posts big blind $0.1
*** HOLE CARDS ***
Dealt to b629eb21 
Dealt to 25b7c665 
Dealt to e845362d 
Dealt to Hero [Kh 7s]
Dealt to b34a53da 
Dealt to 16a476fd 
b34a53da: folds
16a476fd: folds
b629eb21: raises $0.3 to $0.4
25b7c665: calls $0.4
e845362d: folds
Hero: folds
*** FLOP *** [Qc 5d 6h]
b629eb21: checks
25b7c665: checks
*** TURN *** [Qc 5d 6h] [Th]
b629eb21: checks
25b7c665: bets $0.48
b629eb21: calls $0.48
*** RIVER *** [Qc 5d 6h Th] [7c]
b629eb21: bets $1.44
25b7c665: raises $4.79 to $6.23
b629eb21: folds
Uncalled bet ($4.79) returned to 25b7c665
*** SHOWDOWN ***
25b7c665 collected $4.46 from pot
*** SUMMARY ***
Total pot $4.79 | Rake $0.23 | Jackpot $0.1 | Bingo $0 | Fortune $0 | Tax $0
Board [Qc 5d 6h Th 7c]
Seat 1: b629eb21 folded on the River
Seat 2: 25b7c665 (button) won ($4.46)
Seat 3: e845362d (small blind) folded before Flop
Seat 4: Hero (big blind) folded before Flop
Seat 5: b34a53da folded before Flop (didn't bet)
Seat 6: 16a476fd folded before Flop (didn't bet)


Poker Hand #HD1782003648: Hold'em No Limit ($0.05/$0.1) - 2024/05/21 16:26:14
Table 'NLHRed36' 6-max Seat #1 is the button
Seat 1: b629eb21 ($9.46 in chips)
Seat 2: 25b7c665 ($7.93 in chips)
Seat 3: e845362d ($10 in chips)
Seat 4: Hero ($10.9 in chips)
Seat 5: b34a53da ($10.28 in chips)
Seat 6: 16a476fd ($10 in chips)
25b7c665: posts small blind $0.05
e845362d: posts big blind $0.1
*** HOLE CARDS ***
Dealt to b629eb21 
Dealt to 25b7c665 
Dealt to e845362d 
Dealt to Hero [6h 3d]
Dealt to b34a53da 
Dealt to 16a476fd 
Hero: folds
b34a53da: folds
16a476fd: folds
b629eb21: raises $0.1 to $0.2
25b7c665: calls $0.15
e845362d: folds
*** FLOP *** [8d Kc 3h]
25b7c665: checks
b629eb21: bets $0.38
25b7c665: calls $0.38
*** TURN *** [8d Kc 3h] [6c]
25b7c665: checks
b629eb21: checks
*** RIVER *** [8d Kc 3h 6c] [9d]
25b7c665: bets $1.05
b629eb21: folds
Uncalled bet ($1.05) returned to 25b7c665
*** SHOWDOWN ***
25b7c665 collected $1.2 from pot
*** SUMMARY ***
Total pot $1.26 | Rake $0.06 | Jackpot $0 | Bingo $0 | Fortune $0 | Tax $0
Board [8d Kc 3h 6c 9d]
Seat 1: b629eb21 (button) folded on the River
Seat 2: 25b7c665 (small blind) won ($1.2)
Seat 3: e845362d (big blind) folded before Flop
Seat 4: Hero folded before Flop (didn't bet)
Seat 5: b34a53da folded before Flop (didn't bet)
Seat 6: 16a476fd folded before Flop (didn't bet)


Poker Hand #HD1782003475: Hold'em No Limit ($0.05/$0.1) - 2024/05/21 16:24:55
Table 'NLHRed36' 6-max Seat #6 is the button
Seat 1: b629eb21 ($9.51 in chips)
Seat 2: 25b7c665 ($7.43 in chips)
Seat 4: Hero ($11.4 in chips)
Seat 5: b34a53da ($10.28 in chips)
Seat 6: 16a476fd ($10 in chips)
b629eb21: posts small blind $0.05
25b7c665: posts big blind $0.1
*** HOLE CARDS ***
Dealt to b629eb21 
Dealt to 25b7c665 
Dealt to Hero [Kd Ad]
Dealt to b34a53da 
Dealt to 16a476fd 
Hero: raises $0.1 to $0.2
b34a53da: folds
16a476fd: folds
b629eb21: folds
25b7c665: calls $0.1
*** FLOP *** [Th 6d Ah]
25b7c665: checks
Hero: bets $0.3
25b7c665: calls $0.3
*** TURN *** [Th 6d Ah] [Qh]
25b7c665: checks
Hero: checks
*** RIVER *** [Th 6d Ah Qh] [Qc]
25b7c665: bets $1.09
Hero: folds
Uncalled bet ($1.09) returned to 25b7c665
*** SHOWDOWN ***
25b7c665 collected $1 from pot
*** SUMMARY ***
Total pot $1.05 | Rake $0.05 | Jackpot $0 | Bingo $0 | Fortune $0 | Tax $0
Board [Th 6d Ah Qh Qc]
Seat 1: b629eb21 (small blind) folded before Flop
Seat 2: 25b7c665 (big blind) won ($1)
Seat 4: Hero folded on the River
Seat 5: b34a53da folded before Flop (didn't bet)
Seat 6: 16a476fd (button) folded before Flop (didn't bet)


Poker Hand #HD1782003412: Hold'em No Limit ($0.05/$0.1) - 2024/05/21 16:24:28
Table 'NLHRed36' 6-max Seat #5 is the button
Seat 1: b629eb21 ($9.76 in chips)
Seat 3: 71189567 ($16.45 in chips)
Seat 4: Hero ($11.4 in chips)
Seat 5: b34a53da ($10 in chips)
Seat 6: 16a476fd ($10 in chips)
16a476fd: posts small blind $0.05
b629eb21: posts big blind $0.1
*** HOLE CARDS ***
Dealt to b629eb21 
Dealt to 71189567 
Dealt to Hero [5h 8s]
Dealt to b34a53da 
Dealt to 16a476fd 
71189567: folds
Hero: folds
b34a53da: raises $0.15 to $0.25
16a476fd: folds
b629eb21: calls $0.15
*** FLOP *** [Ts Tc Td]
b629eb21: checks
b34a53da: bets $0.19
b629eb21: folds
Uncalled bet ($0.19) returned to b34a53da
*** SHOWDOWN ***
b34a53da collected $0.53 from pot
*** SUMMARY ***
Total pot $0.55 | Rake $0.02 | Jackpot $0 | Bingo $0 | Fortune $0 | Tax $0
Board [Ts Tc Td]
Seat 1: b629eb21 (big blind) folded on the Flop
Seat 3: 71189567 folded before Flop (didn't bet)
Seat 4: Hero folded before Flop (didn't bet)
Seat 5: b34a53da (button) won ($0.53)
Seat 6: 16a476fd (small blind) folded before Flop


Poker Hand #HD1782003352: Hold'em No Limit ($0.05/$0.1) - 2024/05/21 16:23:57
Table 'NLHRed36' 6-max Seat #4 is the button
Seat 1: b629eb21 ($10.14 in chips)
Seat 3: 71189567 ($15.96 in chips)
Seat 4: Hero ($11.4 in chips)
Seat 5: b34a53da ($10 in chips)
Seat 6: 16a476fd ($10 in chips)
b34a53da: posts small blind $0.05
16a476fd: posts big blind $0.1
*** HOLE CARDS ***
Dealt to b629eb21 
Dealt to 71189567 
Dealt to Hero [Ks 2d]
Dealt to b34a53da 
Dealt to 16a476fd 
b629eb21: calls $0.1
71189567: raises $0.28 to $0.38
Hero: folds
b34a53da: folds
16a476fd: folds
b629eb21: calls $0.28
*** FLOP *** [Kc 9c 3s]
b629eb21: checks
71189567: bets $0.72
b629eb21: folds
Uncalled bet ($0.72) returned to 71189567
*** SHOWDOWN ***
71189567 collected $0.87 from pot
*** SUMMARY ***
Total pot $0.91 | Rake $0.04 | Jackpot $0 | Bingo $0 | Fortune $0 | Tax $0
Board [Kc 9c 3s]
Seat 1: b629eb21 folded on the Flop
Seat 3: 71189567 won ($0.87)
Seat 4: Hero (button) folded before Flop (didn't bet)
Seat 5: b34a53da (small blind) folded before Flop
Seat 6: 16a476fd (big blind) folded before Flop


Poker Hand #HD1782003240: Hold'em No Limit ($0.05/$0.1) - 2024/05/21 16:23:09
Table 'NLHRed36' 6-max Seat #3 is the button
Seat 1: b629eb21 ($10 in chips)
Seat 3: 71189567 ($15.96 in chips)
Seat 4: Hero ($11.45 in chips)
Seat 5: b34a53da ($10.04 in chips)
Seat 6: 16a476fd ($10 in chips)
Hero: posts small blind $0.05
b34a53da: posts big blind $0.1
b629eb21: posts big blind $0.1
*** HOLE CARDS ***
Dealt to b629eb21 
Dealt to 71189567 
Dealt to Hero [3c Th]
Dealt to b34a53da 
Dealt to 16a476fd 
16a476fd: folds
b629eb21: checks
71189567: folds
Hero: folds
b34a53da: checks
*** FLOP *** [Ac Td 8s]
b34a53da: checks
b629eb21: checks
*** TURN *** [Ac Td 8s] [Ks]
b34a53da: checks
b629eb21: checks
*** RIVER *** [Ac Td 8s Ks] [Kd]
b34a53da: checks
b629eb21: bets $0.25
b34a53da: folds
Uncalled bet ($0.25) returned to b629eb21
*** SHOWDOWN ***
b629eb21 collected $0.24 from pot
*** SUMMARY ***
Total pot $0.25 | Rake $0.01 | Jackpot $0 | Bingo $0 | Fortune $0 | Tax $0
Board [Ac Td 8s Ks Kd]
Seat 1: b629eb21 won ($0.24)
Seat 3: 71189567 (button) folded before Flop (didn't bet)
Seat 4: Hero (small blind) folded before Flop
Seat 5: b34a53da (big blind) folded on the River
Seat 6: 16a476fd folded before Flop (didn't bet)


Poker Hand #HD1782003194: Hold'em No Limit ($0.05/$0.1) - 2024/05/21 16:22:44
Table 'NLHRed36' 6-max Seat #6 is the button
Seat 3: 71189567 ($15.4 in chips)
Seat 4: Hero ($11.55 in chips)
Seat 5: b34a53da ($10.29 in chips)
Seat 6: 16a476fd ($10 in chips)
71189567: posts small blind $0.05
Hero: posts big blind $0.1
*** HOLE CARDS ***
Dealt to 71189567 
Dealt to Hero [4c 4s]
Dealt to b34a53da 
Dealt to 16a476fd 
b34a53da: raises $0.15 to $0.25
16a476fd: calls $0.25
71189567: raises $1.15 to $1.4
Hero: folds
b34a53da: folds
16a476fd: folds
Uncalled bet ($1.15) returned to 71189567
*** SHOWDOWN ***
71189567 collected $0.81 from pot
*** SUMMARY ***
Total pot $0.85 | Rake $0.04 | Jackpot $0 | Bingo $0 | Fortune $0 | Tax $0
Seat 3: 71189567 (small blind) collected ($0.81)
Seat 4: Hero (big blind) folded before Flop
Seat 5: b34a53da folded before Flop
Seat 6: 16a476fd (button) folded before Flop


Poker Hand #HD1782003151: Hold'em No Limit ($0.05/$0.1) - 2024/05/21 16:22:28
Table 'NLHRed36' 6-max Seat #5 is the button
Seat 3: 71189567 ($15.5 in chips)
Seat 4: Hero ($11.55 in chips)
Seat 5: b34a53da ($10.14 in chips)
Seat 6: 16a476fd ($10.05 in chips)
16a476fd: posts small blind $0.05
71189567: posts big blind $0.1
*** HOLE CARDS ***
Dealt to 71189567 
Dealt to Hero [2d 6s]
Dealt to b34a53da 
Dealt to 16a476fd 
Hero: folds
b34a53da: raises $0.15 to $0.25
16a476fd: folds
71189567: folds
Uncalled bet ($0.15) returned to b34a53da
*** SHOWDOWN ***
b34a53da collected $0.25 from pot
*** SUMMARY ***
Total pot $0.25 | Rake $0 | Jackpot $0 | Bingo $0 | Fortune $0 | Tax $0
Seat 3: 71189567 (big blind) folded before Flop
Seat 4: Hero folded before Flop (didn't bet)
Seat 5: b34a53da (button) collected ($0.25)
Seat 6: 16a476fd (small blind) folded before Flop


Poker Hand #HD1782003113: Hold'em No Limit ($0.05/$0.1) - 2024/05/21 16:22:09
Table 'NLHRed36' 6-max Seat #4 is the button
Seat 1: 403c96dc ($10.85 in chips)
Seat 2: 9dc0b753 ($12.4 in chips)
Seat 3: 71189567 ($15.5 in chips)
Seat 4: Hero ($11.55 in chips)
Seat 5: b34a53da ($10.19 in chips)
Seat 6: 16a476fd ($10 in chips)
b34a53da: posts small blind $0.05
16a476fd: posts big blind $0.1
*** HOLE CARDS ***
Dealt to 403c96dc 
Dealt to 9dc0b753 
Dealt to 71189567 
Dealt to Hero [2c 9c]
Dealt to b34a53da 
Dealt to 16a476fd 
403c96dc: folds
9dc0b753: folds
71189567: folds
Hero: folds
b34a53da: folds
Uncalled bet ($0.05) returned to 16a476fd
*** SHOWDOWN ***
16a476fd collected $0.1 from pot
*** SUMMARY ***
Total pot $0.1 | Rake $0 | Jackpot $0 | Bingo $0 | Fortune $0 | Tax $0
Seat 1: 403c96dc folded before Flop (didn't bet)
Seat 2: 9dc0b753 folded before Flop (didn't bet)
Seat 3: 71189567 folded before Flop (didn't bet)
Seat 4: Hero (button) folded before Flop (didn't bet)
Seat 5: b34a53da (small blind) folded before Flop
Seat 6: 16a476fd (big blind) collected ($0.1)


Poker Hand #HD1782003091: Hold'em No Limit ($0.05/$0.1) - 2024/05/21 16:21:57
Table 'NLHRed36' 6-max Seat #3 is the button
Seat 1: 403c96dc ($10.85 in chips)
Seat 2: 9dc0b753 ($12.25 in chips)
Seat 3: 71189567 ($15.5 in chips)
Seat 4: Hero ($11.6 in chips)
Seat 5: b34a53da ($10.29 in chips)
Hero: posts small blind $0.05
b34a53da: posts big blind $0.1
*** HOLE CARDS ***
Dealt to 403c96dc 
Dealt to 9dc0b753 
Dealt to 71189567 
Dealt to Hero [Td Qh]
Dealt to b34a53da 
403c96dc: folds
9dc0b753: raises $0.15 to $0.25
71189567: folds
Hero: folds
b34a53da: folds
Uncalled bet ($0.15) returned to 9dc0b753
*** SHOWDOWN ***
9dc0b753 collected $0.25 from pot
*** SUMMARY ***
Total pot $0.25 | Rake $0 | Jackpot $0 | Bingo $0 | Fortune $0 | Tax $0
Seat 1: 403c96dc folded before Flop (didn't bet)
Seat 2: 9dc0b753 collected ($0.25)
Seat 3: 71189567 (button) folded before Flop (didn't bet)
Seat 4: Hero (small blind) folded before Flop
Seat 5: b34a53da (big blind) folded before Flop


Poker Hand #HD1782002938: Hold'em No Limit ($0.05/$0.1) - 2024/05/21 16:20:47
Table 'NLHRed36' 6-max Seat #2 is the button
Seat 1: 403c96dc ($10.85 in chips)
Seat 2: 9dc0b753 ($12.25 in chips)
Seat 3: 71189567 ($17.38 in chips)
Seat 4: Hero ($10 in chips)
Seat 5: b34a53da ($10.29 in chips)
71189567: posts small blind $0.05
Hero: posts big blind $0.1
*** HOLE CARDS ***
Dealt to 403c96dc 
Dealt to 9dc0b753 
Dealt to 71189567 
Dealt to Hero [Kd 3d]
Dealt to b34a53da 
b34a53da: folds
403c96dc: folds
9dc0b753: folds
71189567: raises $0.2 to $0.3
Hero: calls $0.2
*** FLOP *** [6h Td 9d]
71189567: bets $0.48
Hero: calls $0.48
*** TURN *** [6h Td 9d] [5d]
71189567: checks
Hero: bets $1.1
71189567: calls $1.1
*** RIVER *** [6h Td 9d 5d] [Js]
71189567: checks
Hero: bets $2.49
71189567: folds
Uncalled bet ($2.49) returned to Hero
*** SHOWDOWN ***
Hero collected $3.48 from pot
*** SUMMARY ***
Total pot $3.76 | Rake $0.18 | Jackpot $0.1 | Bingo $0 | Fortune $0 | Tax $0
Board [6h Td 9d 5d Js]
Seat 1: 403c96dc folded before Flop (didn't bet)
Seat 2: 9dc0b753 (button) folded before Flop (didn't bet)
Seat 3: 71189567 (small blind) folded on the River
Seat 4: Hero (big blind) won ($3.48)
Seat 5: b34a53da folded before Flop (didn't bet)


Poker Hand #HD1782002896: Hold'em No Limit ($0.05/$0.1) - 2024/05/21 16:20:23
Table 'NLHRed36' 6-max Seat #1 is the button
Seat 1: 403c96dc ($10.85 in chips)
Seat 2: 9dc0b753 ($11.97 in chips)
Seat 3: 71189567 ($17.48 in chips)
Seat 4: Hero ($10 in chips)
Seat 5: b34a53da ($10.29 in chips)
9dc0b753: posts small blind $0.05
71189567: posts big blind $0.1
*** HOLE CARDS ***
Dealt to 403c96dc 
Dealt to 9dc0b753 
Dealt to 71189567 
Dealt to Hero [Qc Jc]
Dealt to b34a53da 
Hero: raises $0.1 to $0.2
b34a53da: folds
403c96dc: folds
9dc0b753: raises $0.8 to $1
71189567: folds
Hero: folds
Uncalled bet ($0.8) returned to 9dc0b753
*** SHOWDOWN ***
9dc0b753 collected $0.48 from pot
*** SUMMARY ***
Total pot $0.5 | Rake $0.02 | Jackpot $0 | Bingo $0 | Fortune $0 | Tax $0
Seat 1: 403c96dc (button) folded before Flop (didn't bet)
Seat 2: 9dc0b753 (small blind) collected ($0.48)
Seat 3: 71189567 (big blind) folded before Flop
Seat 4: Hero folded before Flop
Seat 5: b34a53da folded before Flop (didn't bet)


Poker Hand #HD1782002837: Hold'em No Limit ($0.05/$0.1) - 2024/05/21 16:19:56
Table 'NLHRed36' 6-max Seat #5 is the button
Seat 1: 403c96dc ($10.9 in chips)
Seat 2: 9dc0b753 ($11.92 in chips)
Seat 3: 71189567 ($17.48 in chips)
Seat 4: Hero ($10 in chips)
Seat 5: b34a53da ($10.29 in chips)
403c96dc: posts small blind $0.05
9dc0b753: posts big blind $0.1
*** HOLE CARDS ***
Dealt to 403c96dc 
Dealt to 9dc0b753 
Dealt to 71189567 
Dealt to Hero [7h Ad]
Dealt to b34a53da 
71189567: folds
Hero: folds
b34a53da: folds
403c96dc: folds
Uncalled bet ($0.05) returned to 9dc0b753
*** SHOWDOWN ***
9dc0b753 collected $0.1 from pot
*** SUMMARY ***
Total pot $0.1 | Rake $0 | Jackpot $0 | Bingo $0 | Fortune $0 | Tax $0
Seat 1: 403c96dc (small blind) folded before Flop
Seat 2: 9dc0b753 (big blind) collected ($0.1)
Seat 3: 71189567 folded before Flop (didn't bet)
Seat 4: Hero folded before Flop (didn't bet)
Seat 5: b34a53da (button) folded before Flop (didn't bet)


Poker Hand #HD1782002810: Hold'em No Limit ($0.05/$0.1) - 2024/05/21 16:19:43
Table 'NLHRed36' 6-max Seat #4 is the button
Seat 1: 403c96dc ($11 in chips)
Seat 2: 9dc0b753 ($11.92 in chips)
Seat 3: 71189567 ($17.33 in chips)
Seat 4: Hero ($10 in chips)
Seat 5: b34a53da ($10.34 in chips)
b34a53da: posts small blind $0.05
403c96dc: posts big blind $0.1
*** HOLE CARDS ***
Dealt to 403c96dc 
Dealt to 9dc0b753 
Dealt to 71189567 
Dealt to Hero [3s 4s]
Dealt to b34a53da 
9dc0b753: folds
71189567: raises $0.13 to $0.23
Hero: folds
b34a53da: folds
403c96dc: folds
Uncalled bet ($0.13) returned to 71189567
*** SHOWDOWN ***
71189567 collected $0.25 from pot
*** SUMMARY ***
Total pot $0.25 | Rake $0 | Jackpot $0 | Bingo $0 | Fortune $0 | Tax $0
Seat 1: 403c96dc (big blind) folded before Flop
Seat 2: 9dc0b753 folded before Flop (didn't bet)
Seat 3: 71189567 collected ($0.25)
Seat 4: Hero (button) folded before Flop (didn't bet)
Seat 5: b34a53da (small blind) folded before Flop


Poker Hand #HD1782002755: Hold'em No Limit ($0.05/$0.1) - 2024/05/21 16:19:20
Table 'NLHRed36' 6-max Seat #3 is the button
Seat 1: 403c96dc ($11 in chips)
Seat 2: 9dc0b753 ($11.92 in chips)
Seat 3: 71189567 ($17.33 in chips)
Seat 4: Hero ($10 in chips)
Seat 5: b34a53da ($10.07 in chips)
Seat 6: 64b8a21e ($31.23 in chips)
Hero: posts small blind $0.05
b34a53da: posts big blind $0.1
*** HOLE CARDS ***
Dealt to 403c96dc 
Dealt to 9dc0b753 
Dealt to 71189567 
Dealt to Hero [Ad 4d]
Dealt to b34a53da 
Dealt to 64b8a21e 
64b8a21e: folds
403c96dc: folds
9dc0b753: folds
71189567: folds
Hero: raises $0.2 to $0.3
b34a53da: raises $0.6 to $0.9
Hero: folds
Uncalled bet ($0.6) returned to b34a53da
*** SHOWDOWN ***
b34a53da collected $0.57 from pot
*** SUMMARY ***
Total pot $0.6 | Rake $0.03 | Jackpot $0 | Bingo $0 | Fortune $0 | Tax $0
Seat 1: 403c96dc folded before Flop (didn't bet)
Seat 2: 9dc0b753 folded before Flop (didn't bet)
Seat 3: 71189567 (button) folded before Flop (didn't bet)
Seat 4: Hero (small blind) folded before Flop
Seat 5: b34a53da (big blind) collected ($0.57)
Seat 6: 64b8a21e folded before Flop (didn't bet)


Poker Hand #HD1782002724: Hold'em No Limit ($0.05/$0.1) - 2024/05/21 16:19:04
Table 'NLHRed36' 6-max Seat #2 is the button
Seat 1: 403c96dc ($11 in chips)
Seat 2: 9dc0b753 ($11.77 in chips)
Seat 3: 71189567 ($17.38 in chips)
Seat 4: Hero ($10 in chips)
Seat 5: b34a53da ($10.07 in chips)
Seat 6: 64b8a21e ($31.23 in chips)
71189567: posts small blind $0.05
Hero: posts big blind $0.1
*** HOLE CARDS ***
Dealt to 403c96dc 
Dealt to 9dc0b753 
Dealt to 71189567 
Dealt to Hero [6d 5s]
Dealt to b34a53da 
Dealt to 64b8a21e 
b34a53da: folds
64b8a21e: folds
403c96dc: folds
9dc0b753: raises $0.15 to $0.25
71189567: folds
Hero: folds
Uncalled bet ($0.15) returned to 9dc0b753
*** SHOWDOWN ***
9dc0b753 collected $0.25 from pot
*** SUMMARY ***
Total pot $0.25 | Rake $0 | Jackpot $0 | Bingo $0 | Fortune $0 | Tax $0
Seat 1: 403c96dc folded before Flop (didn't bet)
Seat 2: 9dc0b753 (button) collected ($0.25)
Seat 3: 71189567 (small blind) folded before Flop
Seat 4: Hero (big blind) folded before Flop
Seat 5: b34a53da folded before Flop (didn't bet)
Seat 6: 64b8a21e folded before Flop (didn't bet)


Poker Hand #HD1782002679: Hold'em No Limit ($0.05/$0.1) - 2024/05/21 16:18:43
Table 'NLHRed36' 6-max Seat #1 is the button
Seat 1: 403c96dc ($11 in chips)
Seat 2: 9dc0b753 ($11.82 in chips)
Seat 3: 71189567 ($17.48 in chips)
Seat 4: Hero ($10 in chips)
Seat 5: b34a53da ($10.07 in chips)
Seat 6: 64b8a21e ($31.08 in chips)
9dc0b753: posts small blind $0.05
71189567: posts big blind $0.1
*** HOLE CARDS ***
Dealt to 403c96dc 
Dealt to 9dc0b753 
Dealt to 71189567 
Dealt to Hero [Qd 9h]
Dealt to b34a53da 
Dealt to 64b8a21e 
Hero: folds
b34a53da: folds
64b8a21e: raises $0.15 to $0.25
403c96dc: folds
9dc0b753: folds
71189567: folds
Uncalled bet ($0.15) returned to 64b8a21e
*** SHOWDOWN ***
64b8a21e collected $0.25 from pot
*** SUMMARY ***
Total pot $0.25 | Rake $0 | Jackpot $0 | Bingo $0 | Fortune $0 | Tax $0
Seat 1: 403c96dc (button) folded before Flop (didn't bet)
Seat 2: 9dc0b753 (small blind) folded before Flop
Seat 3: 71189567 (big blind) folded before Flop
Seat 4: Hero folded before Flop (didn't bet)
Seat 5: b34a53da folded before Flop (didn't bet)
Seat 6: 64b8a21e collected ($0.25)


Poker Hand #HD1782002513: Hold'em No Limit ($0.05/$0.1) - 2024/05/21 16:17:27
Table 'NLHRed36' 6-max Seat #6 is the button
Seat 1: 403c96dc ($11.05 in chips)
Seat 2: 9dc0b753 ($11.92 in chips)
Seat 3: 71189567 ($17.68 in chips)
Seat 4: Hero ($10 in chips)
Seat 5: b34a53da ($10.07 in chips)
Seat 6: 64b8a21e ($30.75 in chips)
403c96dc: posts small blind $0.05
9dc0b753: posts big blind $0.1
*** HOLE CARDS ***
Dealt to 403c96dc 
Dealt to 9dc0b753 
Dealt to 71189567 
Dealt to Hero [4s 4c]
Dealt to b34a53da 
Dealt to 64b8a21e 
71189567: raises $0.1 to $0.2
Hero: folds
b34a53da: folds
64b8a21e: calls $0.2
403c96dc: folds
9dc0b753: folds
*** FLOP *** [Jd Th Qc]
71189567: checks
64b8a21e: checks
*** TURN *** [Jd Th Qc] [8c]
71189567: checks
64b8a21e: bets $0.42
71189567: folds
Uncalled bet ($0.42) returned to 64b8a21e
*** SHOWDOWN ***
64b8a21e collected $0.53 from pot
*** SUMMARY ***
Total pot $0.55 | Rake $0.02 | Jackpot $0 | Bingo $0 | Fortune $0 | Tax $0
Board [Jd Th Qc 8c]
Seat 1: 403c96dc (small blind) folded before Flop
Seat 2: 9dc0b753 (big blind) folded before Flop
Seat 3: 71189567 folded on the Turn
Seat 4: Hero folded before Flop (didn't bet)
Seat 5: b34a53da folded before Flop (didn't bet)
Seat 6: 64b8a21e (button) won ($0.53)


Poker Hand #HD1782002477: Hold'em No Limit ($0.05/$0.1) - 2024/05/21 16:17:10
Table 'NLHRed36' 6-max Seat #5 is the button
Seat 1: 403c96dc ($11 in chips)
Seat 2: 9dc0b753 ($11.92 in chips)
Seat 3: 71189567 ($17.68 in chips)
Seat 4: Hero ($10 in chips)
Seat 5: b34a53da ($10.07 in chips)
Seat 6: 64b8a21e ($30.8 in chips)
64b8a21e: posts small blind $0.05
403c96dc: posts big blind $0.1
*** HOLE CARDS ***
Dealt to 403c96dc 
Dealt to 9dc0b753 
Dealt to 71189567 
Dealt to Hero [3s 9s]
Dealt to b34a53da 
Dealt to 64b8a21e 
9dc0b753: folds
71189567: folds
Hero: folds
b34a53da: folds
64b8a21e: folds
Uncalled bet ($0.05) returned to 403c96dc
*** SHOWDOWN ***
403c96dc collected $0.1 from pot
*** SUMMARY ***
Total pot $0.1 | Rake $0 | Jackpot $0 | Bingo $0 | Fortune $0 | Tax $0
Seat 1: 403c96dc (big blind) collected ($0.1)
Seat 2: 9dc0b753 folded before Flop (didn't bet)
Seat 3: 71189567 folded before Flop (didn't bet)
Seat 4: Hero folded before Flop (didn't bet)
Seat 5: b34a53da (button) folded before Flop (didn't bet)
Seat 6: 64b8a21e (small blind) folded before Flop


Poker Hand #HD1782002441: Hold'em No Limit ($0.05/$0.1) - 2024/05/21 16:16:52
Table 'NLHRed36' 6-max Seat #4 is the button
Seat 1: 403c96dc ($11 in chips)
Seat 2: 9dc0b753 ($11.92 in chips)
Seat 3: 71189567 ($17.68 in chips)
Seat 4: Hero ($10 in chips)
Seat 5: b34a53da ($10.12 in chips)
Seat 6: 64b8a21e ($30.75 in chips)
b34a53da: posts small blind $0.05
64b8a21e: posts big blind $0.1
*** HOLE CARDS ***
Dealt to 403c96dc 
Dealt to 9dc0b753 
Dealt to 71189567 
Dealt to Hero [6d 2c]
Dealt to b34a53da 
Dealt to 64b8a21e 
403c96dc: folds
9dc0b753: folds
71189567: folds
Hero: folds
b34a53da: folds
Uncalled bet ($0.05) returned to 64b8a21e
*** SHOWDOWN ***
64b8a21e collected $0.1 from pot
*** SUMMARY ***
Total pot $0.1 | Rake $0 | Jackpot $0 | Bingo $0 | Fortune $0 | Tax $0
Seat 1: 403c96dc folded before Flop (didn't bet)
Seat 2: 9dc0b753 folded before Flop (didn't bet)
Seat 3: 71189567 folded before Flop (didn't bet)
Seat 4: Hero (button) folded before Flop (didn't bet)
Seat 5: b34a53da (small blind) folded before Flop
Seat 6: 64b8a21e (big blind) collected ($0.1)


Poker Hand #HD1782002317: Hold'em No Limit ($0.05/$0.1) - 2024/05/21 16:15:53
Table 'NLHRed36' 6-max Seat #3 is the button
Seat 1: 403c96dc ($11 in chips)
Seat 2: 9dc0b753 ($11.92 in chips)
Seat 3: 71189567 ($15.79 in chips)
Seat 4: Hero ($10 in chips)
Seat 5: b34a53da ($10.22 in chips)
Seat 6: 64b8a21e ($32.79 in chips)
Hero: posts small blind $0.05
b34a53da: posts big blind $0.1
*** HOLE CARDS ***
Dealt to 403c96dc 
Dealt to 9dc0b753 
Dealt to 71189567 
Dealt to Hero [Jh Td]
Dealt to b34a53da 
Dealt to 64b8a21e 
64b8a21e: raises $0.15 to $0.25
403c96dc: folds
9dc0b753: folds
71189567: raises $0.52 to $0.77
Hero: folds
b34a53da: folds
64b8a21e: calls $0.52
*** FLOP *** [Ts 9d Kd]
64b8a21e: checks
71189567: checks
*** TURN *** [Ts 9d Kd] [Qh]
64b8a21e: bets $1.27
71189567: raises $1.53 to $2.8
64b8a21e: folds
Uncalled bet ($1.53) returned to 71189567
*** SHOWDOWN ***
71189567 collected $3.93 from pot
*** SUMMARY ***
Total pot $4.23 | Rake $0.2 | Jackpot $0.1 | Bingo $0 | Fortune $0 | Tax $0
Board [Ts 9d Kd Qh]
Seat 1: 403c96dc folded before Flop (didn't bet)
Seat 2: 9dc0b753 folded before Flop (didn't bet)
Seat 3: 71189567 (button) won ($3.93)
Seat 4: Hero (small blind) folded before Flop
Seat 5: b34a53da (big blind) folded before Flop
Seat 6: 64b8a21e folded on the Turn


Poker Hand #HD1782002282: Hold'em No Limit ($0.05/$0.1) - 2024/05/21 16:15:37
Table 'NLHRed36' 6-max Seat #2 is the button
Seat 1: 403c96dc ($10.85 in chips)
Seat 2: 9dc0b753 ($11.92 in chips)
Seat 3: 71189567 ($15.84 in chips)
Seat 4: Hero ($10 in chips)
Seat 5: b34a53da ($10.22 in chips)
Seat 6: 64b8a21e ($32.79 in chips)
71189567: posts small blind $0.05
Hero: posts big blind $0.1
*** HOLE CARDS ***
Dealt to 403c96dc 
Dealt to 9dc0b753 
Dealt to 71189567 
Dealt to Hero [Js 7c]
Dealt to b34a53da 
Dealt to 64b8a21e 
b34a53da: folds
64b8a21e: folds
403c96dc: raises $0.2 to $0.3
9dc0b753: folds
71189567: folds
Hero: folds
Uncalled bet ($0.2) returned to 403c96dc
*** SHOWDOWN ***
403c96dc collected $0.25 from pot
*** SUMMARY ***
Total pot $0.25 | Rake $0 | Jackpot $0 | Bingo $0 | Fortune $0 | Tax $0
Seat 1: 403c96dc collected ($0.25)
Seat 2: 9dc0b753 (button) folded before Flop (didn't bet)
Seat 3: 71189567 (small blind) folded before Flop
Seat 4: Hero (big blind) folded before Flop
Seat 5: b34a53da folded before Flop (didn't bet)
Seat 6: 64b8a21e folded before Flop (didn't bet)


