Poker Hand #HD1755875797: Hold'em No Limit ($0.05/$0.1) - 2024/05/02 19:38:01
Table 'NLHRed40' 6-max Seat #4 is the button
Seat 1: Hero ($10 in chips)
Seat 2: aa8db1ff ($16.26 in chips)
Seat 3: 59ec188f ($10 in chips)
Seat 4: eac66059 ($14.22 in chips)
Seat 5: cfb7a652 ($12.64 in chips)
Seat 6: 58657fda ($10.15 in chips)
cfb7a652: posts small blind $0.05
58657fda: posts big blind $0.1
*** HOLE CARDS ***
Dealt to Hero [7d Jd]
Dealt to aa8db1ff 
Dealt to 59ec188f 
Dealt to eac66059 
Dealt to cfb7a652 
Dealt to 58657fda 
Hero: folds
aa8db1ff: folds
59ec188f: raises $0.13 to $0.23
eac66059: folds
cfb7a652: folds
58657fda: folds
Uncalled bet ($0.13) returned to 59ec188f
*** SHOWDOWN ***
59ec188f collected $0.25 from pot
*** SUMMARY ***
Total pot $0.25 | Rake $0 | Jackpot $0 | Bingo $0 | Fortune $0 | Tax $0
Seat 1: Hero folded before Flop (didn't bet)
Seat 2: aa8db1ff folded before Flop (didn't bet)
Seat 3: 59ec188f collected ($0.25)
Seat 4: eac66059 (button) folded before Flop (didn't bet)
Seat 5: cfb7a652 (small blind) folded before Flop
Seat 6: 58657fda (big blind) folded before Flop


Poker Hand #HD1755795641: Hold'em No Limit ($0.05/$0.1) - 2024/05/02 19:36:49
Table 'NLHRed40' 6-max Seat #3 is the button
Seat 1: Hero ($10 in chips)
Seat 2: aa8db1ff ($16.46 in chips)
Seat 3: 59ec188f ($11.94 in chips)
Seat 4: eac66059 ($14.27 in chips)
Seat 5: cfb7a652 ($10.5 in chips)
Seat 6: 58657fda ($10.15 in chips)
eac66059: posts small blind $0.05
cfb7a652: posts big blind $0.1
*** HOLE CARDS ***
Dealt to Hero [6h Ah]
Dealt to aa8db1ff 
Dealt to 59ec188f 
Dealt to eac66059 
Dealt to cfb7a652 
Dealt to 58657fda 
58657fda: folds
Hero: raises $0.1 to $0.2
aa8db1ff: calls $0.2
59ec188f: raises $0.65 to $0.85
eac66059: folds
cfb7a652: raises $1.15 to $2
Hero: folds
aa8db1ff: folds
59ec188f: calls $1.15
*** FLOP *** [2s Kc Ad]
cfb7a652: bets $1.2
59ec188f: folds
Uncalled bet ($1.2) returned to cfb7a652
*** SHOWDOWN ***
cfb7a652 collected $4.14 from pot
*** SUMMARY ***
Total pot $4.45 | Rake $0.21 | Jackpot $0.1 | Bingo $0 | Fortune $0 | Tax $0
Board [2s Kc Ad]
Seat 1: Hero folded before Flop
Seat 2: aa8db1ff folded before Flop
Seat 3: 59ec188f (button) folded on the Flop
Seat 4: eac66059 (small blind) folded before Flop
Seat 5: cfb7a652 (big blind) won ($4.14)
Seat 6: 58657fda folded before Flop (didn't bet)


Poker Hand #HD1755795612: Hold'em No Limit ($0.05/$0.1) - 2024/05/02 19:36:38
Table 'NLHRed40' 6-max Seat #2 is the button
Seat 1: Hero ($10 in chips)
Seat 2: aa8db1ff ($16.46 in chips)
Seat 3: 59ec188f ($11.99 in chips)
Seat 4: eac66059 ($14.22 in chips)
Seat 6: 58657fda ($10.15 in chips)
59ec188f: posts small blind $0.05
eac66059: posts big blind $0.1
*** HOLE CARDS ***
Dealt to Hero [2h 6h]
Dealt to aa8db1ff 
Dealt to 59ec188f 
Dealt to eac66059 
Dealt to 58657fda 
58657fda: folds
Hero: folds
aa8db1ff: folds
59ec188f: folds
Uncalled bet ($0.05) returned to eac66059
*** SHOWDOWN ***
eac66059 collected $0.1 from pot
*** SUMMARY ***
Total pot $0.1 | Rake $0 | Jackpot $0 | Bingo $0 | Fortune $0 | Tax $0
Seat 1: Hero folded before Flop (didn't bet)
Seat 2: aa8db1ff (button) folded before Flop (didn't bet)
Seat 3: 59ec188f (small blind) folded before Flop
Seat 4: eac66059 (big blind) collected ($0.1)
Seat 6: 58657fda folded before Flop (didn't bet)


Poker Hand #HD1755795579: Hold'em No Limit ($0.05/$0.1) - 2024/05/02 19:36:23
Table 'NLHRed40' 6-max Seat #1 is the button
Seat 1: Hero ($10 in chips)
Seat 2: aa8db1ff ($16.51 in chips)
Seat 3: 59ec188f ($12.09 in chips)
Seat 4: eac66059 ($14.07 in chips)
Seat 6: 58657fda ($10.15 in chips)
aa8db1ff: posts small blind $0.05
59ec188f: posts big blind $0.1
*** HOLE CARDS ***
Dealt to Hero [3d 7h]
Dealt to aa8db1ff 
Dealt to 59ec188f 
Dealt to eac66059 
Dealt to 58657fda 
eac66059: raises $0.1 to $0.2
58657fda: folds
Hero: folds
aa8db1ff: folds
59ec188f: folds
Uncalled bet ($0.1) returned to eac66059
*** SHOWDOWN ***
eac66059 collected $0.25 from pot
*** SUMMARY ***
Total pot $0.25 | Rake $0 | Jackpot $0 | Bingo $0 | Fortune $0 | Tax $0
Seat 1: Hero (button) folded before Flop (didn't bet)
Seat 2: aa8db1ff (small blind) folded before Flop
Seat 3: 59ec188f (big blind) folded before Flop
Seat 4: eac66059 collected ($0.25)
Seat 6: 58657fda folded before Flop (didn't bet)


Poker Hand #HD1755795555: Hold'em No Limit ($0.05/$0.1) - 2024/05/02 19:36:11
Table 'NLHRed40' 6-max Seat #6 is the button
Seat 1: Hero ($10 in chips)
Seat 2: aa8db1ff ($16.61 in chips)
Seat 3: 59ec188f ($12.09 in chips)
Seat 4: eac66059 ($14.07 in chips)
Seat 6: 58657fda ($10 in chips)
Hero: posts small blind $0.05
aa8db1ff: posts big blind $0.1
*** HOLE CARDS ***
Dealt to Hero [7h Jd]
Dealt to aa8db1ff 
Dealt to 59ec188f 
Dealt to eac66059 
Dealt to 58657fda 
59ec188f: folds
eac66059: folds
58657fda: raises $0.15 to $0.25
Hero: folds
aa8db1ff: folds
Uncalled bet ($0.15) returned to 58657fda
*** SHOWDOWN ***
58657fda collected $0.25 from pot
*** SUMMARY ***
Total pot $0.25 | Rake $0 | Jackpot $0 | Bingo $0 | Fortune $0 | Tax $0
Seat 1: Hero (small blind) folded before Flop
Seat 2: aa8db1ff (big blind) folded before Flop
Seat 3: 59ec188f folded before Flop (didn't bet)
Seat 4: eac66059 folded before Flop (didn't bet)
Seat 6: 58657fda (button) collected ($0.25)


Poker Hand #HD1755795524: Hold'em No Limit ($0.05/$0.1) - 2024/05/02 19:35:58
Table 'NLHRed40' 6-max Seat #4 is the button
Seat 1: Hero ($10 in chips)
Seat 2: aa8db1ff ($16.61 in chips)
Seat 3: 59ec188f ($12.09 in chips)
Seat 4: eac66059 ($13.92 in chips)
Seat 6: 58657fda ($10 in chips)
58657fda: posts small blind $0.05
Hero: posts big blind $0.1
*** HOLE CARDS ***
Dealt to Hero [Qc 2d]
Dealt to aa8db1ff 
Dealt to 59ec188f 
Dealt to eac66059 
Dealt to 58657fda 
aa8db1ff: folds
59ec188f: folds
eac66059: raises $0.1 to $0.2
58657fda: folds
Hero: folds
Uncalled bet ($0.1) returned to eac66059
*** SHOWDOWN ***
eac66059 collected $0.25 from pot
*** SUMMARY ***
Total pot $0.25 | Rake $0 | Jackpot $0 | Bingo $0 | Fortune $0 | Tax $0
Seat 1: Hero (big blind) folded before Flop
Seat 2: aa8db1ff folded before Flop (didn't bet)
Seat 3: 59ec188f folded before Flop (didn't bet)
Seat 4: eac66059 (button) collected ($0.25)
Seat 6: 58657fda (small blind) folded before Flop


Poker Hand #HD1755795323: Hold'em No Limit ($0.05/$0.1) - 2024/05/02 19:34:36
Table 'NLHRed40' 6-max Seat #3 is the button
Seat 1: Hero ($11.42 in chips)
Seat 2: aa8db1ff ($16.61 in chips)
Seat 3: 59ec188f ($10 in chips)
Seat 4: eac66059 ($13.97 in chips)
Seat 6: 58657fda ($10 in chips)
eac66059: posts small blind $0.05
58657fda: posts big blind $0.1
*** HOLE CARDS ***
Dealt to Hero [Ah Qh]
Dealt to aa8db1ff 
Dealt to 59ec188f 
Dealt to eac66059 
Dealt to 58657fda 
Hero: raises $0.1 to $0.2
aa8db1ff: folds
59ec188f: raises $0.43 to $0.63
eac66059: folds
58657fda: folds
Hero: calls $0.43
*** FLOP *** [Qs Ts 3d]
Hero: checks
59ec188f: bets $0.7
Hero: calls $0.7
*** TURN *** [Qs Ts 3d] [Kh]
Hero: checks
59ec188f: bets $0.93
Hero: calls $0.93
*** RIVER *** [Qs Ts 3d Kh] [Td]
Hero: checks
59ec188f: bets $2.3
Hero: folds
Uncalled bet ($2.3) returned to 59ec188f
*** SHOWDOWN ***
59ec188f collected $4.35 from pot
*** SUMMARY ***
Total pot $4.67 | Rake $0.22 | Jackpot $0.1 | Bingo $0 | Fortune $0 | Tax $0
Board [Qs Ts 3d Kh Td]
Seat 1: Hero folded on the River
Seat 2: aa8db1ff folded before Flop (didn't bet)
Seat 3: 59ec188f (button) won ($4.35)
Seat 4: eac66059 (small blind) folded before Flop
Seat 6: 58657fda (big blind) folded before Flop


Poker Hand #HD1755795292: Hold'em No Limit ($0.05/$0.1) - 2024/05/02 19:34:22
Table 'NLHRed40' 6-max Seat #2 is the button
Seat 1: Hero ($11.42 in chips)
Seat 2: aa8db1ff ($16.46 in chips)
Seat 3: 59ec188f ($10 in chips)
Seat 4: eac66059 ($14.07 in chips)
Seat 6: 58657fda ($10 in chips)
59ec188f: posts small blind $0.05
eac66059: posts big blind $0.1
*** HOLE CARDS ***
Dealt to Hero [3c 8c]
Dealt to aa8db1ff 
Dealt to 59ec188f 
Dealt to eac66059 
Dealt to 58657fda 
58657fda: folds
Hero: folds
aa8db1ff: raises $0.2 to $0.3
59ec188f: folds
eac66059: folds
Uncalled bet ($0.2) returned to aa8db1ff
*** SHOWDOWN ***
aa8db1ff collected $0.25 from pot
*** SUMMARY ***
Total pot $0.25 | Rake $0 | Jackpot $0 | Bingo $0 | Fortune $0 | Tax $0
Seat 1: Hero folded before Flop (didn't bet)
Seat 2: aa8db1ff (button) collected ($0.25)
Seat 3: 59ec188f (small blind) folded before Flop
Seat 4: eac66059 (big blind) folded before Flop
Seat 6: 58657fda folded before Flop (didn't bet)


Poker Hand #HD1755795234: Hold'em No Limit ($0.05/$0.1) - 2024/05/02 19:33:54
Table 'NLHRed40' 6-max Seat #1 is the button
Seat 1: Hero ($11.05 in chips)
Seat 2: aa8db1ff ($16.51 in chips)
Seat 3: 59ec188f ($10 in chips)
Seat 4: eac66059 ($14.07 in chips)
Seat 5: cfb7a652 ($10.5 in chips)
Seat 6: 58657fda ($10.14 in chips)
aa8db1ff: posts small blind $0.05
59ec188f: posts big blind $0.1
*** HOLE CARDS ***
Dealt to Hero [9c 9s]
Dealt to aa8db1ff 
Dealt to 59ec188f 
Dealt to eac66059 
Dealt to cfb7a652 
Dealt to 58657fda 
eac66059: folds
cfb7a652: folds
58657fda: raises $0.15 to $0.25
Hero: raises $0.55 to $0.8
aa8db1ff: folds
59ec188f: folds
58657fda: folds
Uncalled bet ($0.55) returned to Hero
*** SHOWDOWN ***
Hero collected $0.62 from pot
*** SUMMARY ***
Total pot $0.65 | Rake $0.03 | Jackpot $0 | Bingo $0 | Fortune $0 | Tax $0
Seat 1: Hero (button) collected ($0.62)
Seat 2: aa8db1ff (small blind) folded before Flop
Seat 3: 59ec188f (big blind) folded before Flop
Seat 4: eac66059 folded before Flop (didn't bet)
Seat 5: cfb7a652 folded before Flop (didn't bet)
Seat 6: 58657fda folded before Flop


Poker Hand #HD1755795063: Hold'em No Limit ($0.05/$0.1) - 2024/05/02 19:32:41
Table 'NLHRed40' 6-max Seat #6 is the button
Seat 1: Hero ($11.1 in chips)
Seat 2: aa8db1ff ($17.01 in chips)
Seat 3: 59ec188f ($10 in chips)
Seat 4: eac66059 ($14.07 in chips)
Seat 5: cfb7a652 ($10 in chips)
Seat 6: 58657fda ($10.14 in chips)
Hero: posts small blind $0.05
aa8db1ff: posts big blind $0.1
*** HOLE CARDS ***
Dealt to Hero [Jc 6h]
Dealt to aa8db1ff 
Dealt to 59ec188f 
Dealt to eac66059 
Dealt to cfb7a652 
Dealt to 58657fda 
59ec188f: folds
eac66059: folds
cfb7a652: raises $0.2 to $0.3
58657fda: folds
Hero: folds
aa8db1ff: calls $0.2
*** FLOP *** [4d Tc 5s]
aa8db1ff: checks
cfb7a652: checks
*** TURN *** [4d Tc 5s] [Kc]
aa8db1ff: checks
cfb7a652: bets $0.2
aa8db1ff: calls $0.2
*** RIVER *** [4d Tc 5s Kc] [9h]
aa8db1ff: checks
cfb7a652: checks
aa8db1ff: shows [3c Ac] (Ace-High)
cfb7a652: shows [3d 3h] (Pair of Treys)
*** SHOWDOWN ***
cfb7a652 collected $1 from pot
*** SUMMARY ***
Total pot $1.05 | Rake $0.05 | Jackpot $0 | Bingo $0 | Fortune $0 | Tax $0
Board [4d Tc 5s Kc 9h]
Seat 1: Hero (small blind) folded before Flop
Seat 2: aa8db1ff (big blind) showed [3c Ac] and lost with Ace-High
Seat 3: 59ec188f folded before Flop (didn't bet)
Seat 4: eac66059 folded before Flop (didn't bet)
Seat 5: cfb7a652 showed [3d 3h] and won ($1) with Pair of Treys
Seat 6: 58657fda (button) folded before Flop (didn't bet)


Poker Hand #HD1755795006: Hold'em No Limit ($0.05/$0.1) - 2024/05/02 19:32:18
Table 'NLHRed40' 6-max Seat #5 is the button
Seat 1: Hero ($11.2 in chips)
Seat 2: aa8db1ff ($16.86 in chips)
Seat 3: 59ec188f ($10 in chips)
Seat 4: eac66059 ($14.07 in chips)
Seat 5: cfb7a652 ($10 in chips)
Seat 6: 58657fda ($10.19 in chips)
58657fda: posts small blind $0.05
Hero: posts big blind $0.1
*** HOLE CARDS ***
Dealt to Hero [8c Kc]
Dealt to aa8db1ff 
Dealt to 59ec188f 
Dealt to eac66059 
Dealt to cfb7a652 
Dealt to 58657fda 
aa8db1ff: raises $0.11 to $0.21
59ec188f: folds
eac66059: folds
cfb7a652: folds
58657fda: folds
Hero: folds
Uncalled bet ($0.11) returned to aa8db1ff
*** SHOWDOWN ***
aa8db1ff collected $0.25 from pot
*** SUMMARY ***
Total pot $0.25 | Rake $0 | Jackpot $0 | Bingo $0 | Fortune $0 | Tax $0
Seat 1: Hero (big blind) folded before Flop
Seat 2: aa8db1ff collected ($0.25)
Seat 3: 59ec188f folded before Flop (didn't bet)
Seat 4: eac66059 folded before Flop (didn't bet)
Seat 5: cfb7a652 (button) folded before Flop (didn't bet)
Seat 6: 58657fda (small blind) folded before Flop


Poker Hand #HD1755794975: Hold'em No Limit ($0.05/$0.1) - 2024/05/02 19:32:04
Table 'NLHRed40' 6-max Seat #4 is the button
Seat 1: Hero ($11.2 in chips)
Seat 2: aa8db1ff ($16.86 in chips)
Seat 3: 59ec188f ($10 in chips)
Seat 4: eac66059 ($14.07 in chips)
Seat 5: cfb7a652 ($10.05 in chips)
Seat 6: 58657fda ($10.14 in chips)
cfb7a652: posts small blind $0.05
58657fda: posts big blind $0.1
*** HOLE CARDS ***
Dealt to Hero [As 9c]
Dealt to aa8db1ff 
Dealt to 59ec188f 
Dealt to eac66059 
Dealt to cfb7a652 
Dealt to 58657fda 
Hero: folds
aa8db1ff: folds
59ec188f: folds
eac66059: folds
cfb7a652: folds
Uncalled bet ($0.05) returned to 58657fda
*** SHOWDOWN ***
58657fda collected $0.1 from pot
*** SUMMARY ***
Total pot $0.1 | Rake $0 | Jackpot $0 | Bingo $0 | Fortune $0 | Tax $0
Seat 1: Hero folded before Flop (didn't bet)
Seat 2: aa8db1ff folded before Flop (didn't bet)
Seat 3: 59ec188f folded before Flop (didn't bet)
Seat 4: eac66059 (button) folded before Flop (didn't bet)
Seat 5: cfb7a652 (small blind) folded before Flop
Seat 6: 58657fda (big blind) collected ($0.1)


Poker Hand #HD1755794946: Hold'em No Limit ($0.05/$0.1) - 2024/05/02 19:31:48
Table 'NLHRed40' 6-max Seat #3 is the button
Seat 1: Hero ($11.2 in chips)
Seat 2: aa8db1ff ($16.86 in chips)
Seat 3: 59ec188f ($10 in chips)
Seat 4: eac66059 ($14.12 in chips)
Seat 5: cfb7a652 ($10 in chips)
Seat 6: 58657fda ($10.14 in chips)
eac66059: posts small blind $0.05
cfb7a652: posts big blind $0.1
*** HOLE CARDS ***
Dealt to Hero [Kh 2s]
Dealt to aa8db1ff 
Dealt to 59ec188f 
Dealt to eac66059 
Dealt to cfb7a652 
Dealt to 58657fda 
58657fda: folds
Hero: folds
aa8db1ff: folds
59ec188f: folds
eac66059: folds
Uncalled bet ($0.05) returned to cfb7a652
*** SHOWDOWN ***
cfb7a652 collected $0.1 from pot
*** SUMMARY ***
Total pot $0.1 | Rake $0 | Jackpot $0 | Bingo $0 | Fortune $0 | Tax $0
Seat 1: Hero folded before Flop (didn't bet)
Seat 2: aa8db1ff folded before Flop (didn't bet)
Seat 3: 59ec188f (button) folded before Flop (didn't bet)
Seat 4: eac66059 (small blind) folded before Flop
Seat 5: cfb7a652 (big blind) collected ($0.1)
Seat 6: 58657fda folded before Flop (didn't bet)


Poker Hand #HD1755794902: Hold'em No Limit ($0.05/$0.1) - 2024/05/02 19:31:27
Table 'NLHRed40' 6-max Seat #2 is the button
Seat 1: Hero ($11.2 in chips)
Seat 2: aa8db1ff ($16.86 in chips)
Seat 3: 59ec188f ($10.05 in chips)
Seat 4: eac66059 ($14.07 in chips)
Seat 6: 58657fda ($10.14 in chips)
59ec188f: posts small blind $0.05
eac66059: posts big blind $0.1
*** HOLE CARDS ***
Dealt to Hero [9c Ks]
Dealt to aa8db1ff 
Dealt to 59ec188f 
Dealt to eac66059 
Dealt to 58657fda 
58657fda: folds
Hero: folds
aa8db1ff: folds
59ec188f: folds
Uncalled bet ($0.05) returned to eac66059
*** SHOWDOWN ***
eac66059 collected $0.1 from pot
*** SUMMARY ***
Total pot $0.1 | Rake $0 | Jackpot $0 | Bingo $0 | Fortune $0 | Tax $0
Seat 1: Hero folded before Flop (didn't bet)
Seat 2: aa8db1ff (button) folded before Flop (didn't bet)
Seat 3: 59ec188f (small blind) folded before Flop
Seat 4: eac66059 (big blind) collected ($0.1)
Seat 6: 58657fda folded before Flop (didn't bet)


Poker Hand #HD1755794841: Hold'em No Limit ($0.05/$0.1) - 2024/05/02 19:31:01
Table 'NLHRed40' 6-max Seat #1 is the button
Seat 1: Hero ($11.2 in chips)
Seat 2: aa8db1ff ($16.91 in chips)
Seat 3: 59ec188f ($10.15 in chips)
Seat 4: eac66059 ($14.07 in chips)
Seat 6: 58657fda ($10 in chips)
aa8db1ff: posts small blind $0.05
59ec188f: posts big blind $0.1
58657fda: posts big blind $0.1
*** HOLE CARDS ***
Dealt to Hero [3d Th]
Dealt to aa8db1ff 
Dealt to 59ec188f 
Dealt to eac66059 
Dealt to 58657fda 
eac66059: folds
58657fda: checks
Hero: folds
aa8db1ff: folds
59ec188f: checks
*** FLOP *** [8h Qc Ac]
59ec188f: checks
58657fda: bets $0.19
59ec188f: folds
Uncalled bet ($0.19) returned to 58657fda
*** SHOWDOWN ***
58657fda collected $0.24 from pot
*** SUMMARY ***
Total pot $0.25 | Rake $0.01 | Jackpot $0 | Bingo $0 | Fortune $0 | Tax $0
Board [8h Qc Ac]
Seat 1: Hero (button) folded before Flop (didn't bet)
Seat 2: aa8db1ff (small blind) folded before Flop
Seat 3: 59ec188f (big blind) folded on the Flop
Seat 4: eac66059 folded before Flop (didn't bet)
Seat 6: 58657fda won ($0.24)


Poker Hand #HD1755794815: Hold'em No Limit ($0.05/$0.1) - 2024/05/02 19:30:49
Table 'NLHRed40' 6-max Seat #4 is the button
Seat 1: Hero ($11.25 in chips)
Seat 2: aa8db1ff ($16.86 in chips)
Seat 3: 59ec188f ($10.15 in chips)
Seat 4: eac66059 ($14.07 in chips)
Hero: posts small blind $0.05
aa8db1ff: posts big blind $0.1
*** HOLE CARDS ***
Dealt to Hero [7d 3s]
Dealt to aa8db1ff 
Dealt to 59ec188f 
Dealt to eac66059 
59ec188f: folds
eac66059: folds
Hero: folds
Uncalled bet ($0.05) returned to aa8db1ff
*** SHOWDOWN ***
aa8db1ff collected $0.1 from pot
*** SUMMARY ***
Total pot $0.1 | Rake $0 | Jackpot $0 | Bingo $0 | Fortune $0 | Tax $0
Seat 1: Hero (small blind) folded before Flop
Seat 2: aa8db1ff (big blind) collected ($0.1)
Seat 3: 59ec188f folded before Flop (didn't bet)
Seat 4: eac66059 (button) folded before Flop (didn't bet)


Poker Hand #HD1755794676: Hold'em No Limit ($0.05/$0.1) - 2024/05/02 19:29:45
Table 'NLHRed40' 6-max Seat #3 is the button
Seat 1: Hero ($11.62 in chips)
Seat 2: aa8db1ff ($16.48 in chips)
Seat 3: 59ec188f ($10.15 in chips)
Seat 4: eac66059 ($14.12 in chips)
eac66059: posts small blind $0.05
Hero: posts big blind $0.1
*** HOLE CARDS ***
Dealt to Hero [As Jc]
Dealt to aa8db1ff 
Dealt to 59ec188f 
Dealt to eac66059 
aa8db1ff: raises $0.11 to $0.21
59ec188f: folds
eac66059: folds
Hero: calls $0.11
*** FLOP *** [Qh 3s 4h]
Hero: checks
aa8db1ff: bets $0.16
Hero: calls $0.16
*** TURN *** [Qh 3s 4h] [Kd]
Hero: checks
aa8db1ff: checks
*** RIVER *** [Qh 3s 4h Kd] [8h]
Hero: checks
aa8db1ff: checks
Hero: shows [As Jc] (Ace-High)
aa8db1ff: shows [8s Ad] (Pair of Eights)
*** SHOWDOWN ***
aa8db1ff collected $0.75 from pot
*** SUMMARY ***
Total pot $0.79 | Rake $0.04 | Jackpot $0 | Bingo $0 | Fortune $0 | Tax $0
Board [Qh 3s 4h Kd 8h]
Seat 1: Hero (big blind) showed [As Jc] and lost with Ace-High
Seat 2: aa8db1ff showed [8s Ad] and won ($0.75) with Pair of Eights
Seat 3: 59ec188f (button) folded before Flop (didn't bet)
Seat 4: eac66059 (small blind) folded before Flop


Poker Hand #HD1755794617: Hold'em No Limit ($0.05/$0.1) - 2024/05/02 19:29:18
Table 'NLHRed40' 6-max Seat #2 is the button
Seat 1: Hero ($11.62 in chips)
Seat 2: aa8db1ff ($16.48 in chips)
Seat 3: 59ec188f ($10.2 in chips)
Seat 4: eac66059 ($14.07 in chips)
59ec188f: posts small blind $0.05
eac66059: posts big blind $0.1
*** HOLE CARDS ***
Dealt to Hero [4c 4s]
Dealt to aa8db1ff 
Dealt to 59ec188f 
Dealt to eac66059 
Hero: folds
aa8db1ff: folds
59ec188f: folds
Uncalled bet ($0.05) returned to eac66059
*** SHOWDOWN ***
eac66059 collected $0.1 from pot
*** SUMMARY ***
Total pot $0.1 | Rake $0 | Jackpot $0 | Bingo $0 | Fortune $0 | Tax $0
Seat 1: Hero folded before Flop (didn't bet)
Seat 2: aa8db1ff (button) folded before Flop (didn't bet)
Seat 3: 59ec188f (small blind) folded before Flop
Seat 4: eac66059 (big blind) collected ($0.1)


Poker Hand #HD1755794583: Hold'em No Limit ($0.05/$0.1) - 2024/05/02 19:29:01
Table 'NLHRed40' 6-max Seat #1 is the button
Seat 1: Hero ($11.47 in chips)
Seat 2: aa8db1ff ($16.53 in chips)
Seat 3: 59ec188f ($10.3 in chips)
Seat 4: eac66059 ($14.07 in chips)
aa8db1ff: posts small blind $0.05
59ec188f: posts big blind $0.1
*** HOLE CARDS ***
Dealt to Hero [5d 6d]
Dealt to aa8db1ff 
Dealt to 59ec188f 
Dealt to eac66059 
eac66059: folds
Hero: raises $0.14 to $0.24
aa8db1ff: folds
59ec188f: folds
Uncalled bet ($0.14) returned to Hero
*** SHOWDOWN ***
Hero collected $0.25 from pot
*** SUMMARY ***
Total pot $0.25 | Rake $0 | Jackpot $0 | Bingo $0 | Fortune $0 | Tax $0
Seat 1: Hero (button) collected ($0.25)
Seat 2: aa8db1ff (small blind) folded before Flop
Seat 3: 59ec188f (big blind) folded before Flop
Seat 4: eac66059 folded before Flop (didn't bet)


Poker Hand #HD1755794555: Hold'em No Limit ($0.05/$0.1) - 2024/05/02 19:28:49
Table 'NLHRed40' 6-max Seat #4 is the button
Seat 1: Hero ($11.52 in chips)
Seat 2: aa8db1ff ($16.63 in chips)
Seat 3: 59ec188f ($10.15 in chips)
Seat 4: eac66059 ($14.07 in chips)
Hero: posts small blind $0.05
aa8db1ff: posts big blind $0.1
*** HOLE CARDS ***
Dealt to Hero [2h 3c]
Dealt to aa8db1ff 
Dealt to 59ec188f 
Dealt to eac66059 
59ec188f: raises $0.13 to $0.23
eac66059: folds
Hero: folds
aa8db1ff: folds
Uncalled bet ($0.13) returned to 59ec188f
*** SHOWDOWN ***
59ec188f collected $0.25 from pot
*** SUMMARY ***
Total pot $0.25 | Rake $0 | Jackpot $0 | Bingo $0 | Fortune $0 | Tax $0
Seat 1: Hero (small blind) folded before Flop
Seat 2: aa8db1ff (big blind) folded before Flop
Seat 3: 59ec188f collected ($0.25)
Seat 4: eac66059 (button) folded before Flop (didn't bet)


Poker Hand #HD1755794526: Hold'em No Limit ($0.05/$0.1) - 2024/05/02 19:28:38
Table 'NLHRed40' 6-max Seat #3 is the button
Seat 1: Hero ($11.62 in chips)
Seat 2: aa8db1ff ($16.63 in chips)
Seat 3: 59ec188f ($10 in chips)
Seat 4: eac66059 ($14.12 in chips)
eac66059: posts small blind $0.05
Hero: posts big blind $0.1
*** HOLE CARDS ***
Dealt to Hero [As 4h]
Dealt to aa8db1ff 
Dealt to 59ec188f 
Dealt to eac66059 
aa8db1ff: folds
59ec188f: raises $0.15 to $0.25
eac66059: folds
Hero: folds
Uncalled bet ($0.15) returned to 59ec188f
*** SHOWDOWN ***
59ec188f collected $0.25 from pot
*** SUMMARY ***
Total pot $0.25 | Rake $0 | Jackpot $0 | Bingo $0 | Fortune $0 | Tax $0
Seat 1: Hero (big blind) folded before Flop
Seat 2: aa8db1ff folded before Flop (didn't bet)
Seat 3: 59ec188f (button) collected ($0.25)
Seat 4: eac66059 (small blind) folded before Flop


Poker Hand #HD1755794349: Hold'em No Limit ($0.05/$0.1) - 2024/05/02 19:27:20
Table 'NLHRed40' 6-max Seat #2 is the button
Seat 1: Hero ($11.86 in chips)
Seat 2: aa8db1ff ($14.99 in chips)
Seat 3: 59ec188f ($10.05 in chips)
Seat 4: eac66059 ($15.74 in chips)
59ec188f: posts small blind $0.05
eac66059: posts big blind $0.1
*** HOLE CARDS ***
Dealt to Hero [Ah 8c]
Dealt to aa8db1ff 
Dealt to 59ec188f 
Dealt to eac66059 
Hero: raises $0.14 to $0.24
aa8db1ff: calls $0.24
59ec188f: folds
eac66059: calls $0.14
*** FLOP *** [9c Ks 2h]
eac66059: checks
Hero: checks
aa8db1ff: bets $0.39
eac66059: calls $0.39
Hero: folds
*** TURN *** [9c Ks 2h] [Ad]
eac66059: bets $0.39
aa8db1ff: calls $0.39
*** RIVER *** [9c Ks 2h Ad] [7c]
eac66059: bets $0.6
aa8db1ff: calls $0.6
eac66059: shows [Kc Jh] (Pair of Kings)
aa8db1ff: shows [Kh Qd] (Pair of Kings)
*** SHOWDOWN ***
aa8db1ff collected $3.26 from pot
*** SUMMARY ***
Total pot $3.53 | Rake $0.17 | Jackpot $0.1 | Bingo $0 | Fortune $0 | Tax $0
Board [9c Ks 2h Ad 7c]
Seat 1: Hero folded on the Flop
Seat 2: aa8db1ff (button) showed [Kh Qd] and won ($3.26) with Pair of Kings
Seat 3: 59ec188f (small blind) folded before Flop
Seat 4: eac66059 (big blind) showed [Kc Jh] and lost with Pair of Kings


Poker Hand #HD1755794326: Hold'em No Limit ($0.05/$0.1) - 2024/05/02 19:27:09
Table 'NLHRed40' 6-max Seat #1 is the button
Seat 1: Hero ($11.86 in chips)
Seat 2: aa8db1ff ($15.04 in chips)
Seat 3: 59ec188f ($10 in chips)
Seat 4: eac66059 ($15.74 in chips)
aa8db1ff: posts small blind $0.05
59ec188f: posts big blind $0.1
*** HOLE CARDS ***
Dealt to Hero [3d 4c]
Dealt to aa8db1ff 
Dealt to 59ec188f 
Dealt to eac66059 
eac66059: folds
Hero: folds
aa8db1ff: folds
Uncalled bet ($0.05) returned to 59ec188f
*** SHOWDOWN ***
59ec188f collected $0.1 from pot
*** SUMMARY ***
Total pot $0.1 | Rake $0 | Jackpot $0 | Bingo $0 | Fortune $0 | Tax $0
Seat 1: Hero (button) folded before Flop (didn't bet)
Seat 2: aa8db1ff (small blind) folded before Flop
Seat 3: 59ec188f (big blind) collected ($0.1)
Seat 4: eac66059 folded before Flop (didn't bet)


Poker Hand #HD1755794222: Hold'em No Limit ($0.05/$0.1) - 2024/05/02 19:26:24
Table 'NLHRed40' 6-max Seat #4 is the button
Seat 1: Hero ($11.55 in chips)
Seat 2: aa8db1ff ($15.14 in chips)
Seat 3: 59ec188f ($10 in chips)
Seat 4: eac66059 ($15.74 in chips)
Hero: posts small blind $0.05
aa8db1ff: posts big blind $0.1
*** HOLE CARDS ***
Dealt to Hero [Qh Kh]
Dealt to aa8db1ff 
Dealt to 59ec188f 
Dealt to eac66059 
59ec188f: raises $0.13 to $0.23
eac66059: folds
Hero: raises $0.67 to $0.9
aa8db1ff: folds
59ec188f: folds
Uncalled bet ($0.67) returned to Hero
*** SHOWDOWN ***
Hero collected $0.54 from pot
*** SUMMARY ***
Total pot $0.56 | Rake $0.02 | Jackpot $0 | Bingo $0 | Fortune $0 | Tax $0
Seat 1: Hero (small blind) collected ($0.54)
Seat 2: aa8db1ff (big blind) folded before Flop
Seat 3: 59ec188f folded before Flop
Seat 4: eac66059 (button) folded before Flop (didn't bet)


Poker Hand #HD1755794184: Hold'em No Limit ($0.05/$0.1) - 2024/05/02 19:26:05
Table 'NLHRed40' 6-max Seat #3 is the button
Seat 1: Hero ($11.65 in chips)
Seat 2: aa8db1ff ($14.99 in chips)
Seat 3: 59ec188f ($10 in chips)
Seat 4: eac66059 ($15.79 in chips)
eac66059: posts small blind $0.05
Hero: posts big blind $0.1
*** HOLE CARDS ***
Dealt to Hero [Kd 4c]
Dealt to aa8db1ff 
Dealt to 59ec188f 
Dealt to eac66059 
aa8db1ff: raises $0.11 to $0.21
59ec188f: folds
eac66059: folds
Hero: folds
Uncalled bet ($0.11) returned to aa8db1ff
*** SHOWDOWN ***
aa8db1ff collected $0.25 from pot
*** SUMMARY ***
Total pot $0.25 | Rake $0 | Jackpot $0 | Bingo $0 | Fortune $0 | Tax $0
Seat 1: Hero (big blind) folded before Flop
Seat 2: aa8db1ff collected ($0.25)
Seat 3: 59ec188f (button) folded before Flop (didn't bet)
Seat 4: eac66059 (small blind) folded before Flop


Poker Hand #HD1755794148: Hold'em No Limit ($0.05/$0.1) - 2024/05/02 19:25:49
Table 'NLHRed40' 6-max Seat #2 is the button
Seat 1: Hero ($11.65 in chips)
Seat 2: aa8db1ff ($14.84 in chips)
Seat 3: 59ec188f ($10.05 in chips)
Seat 4: eac66059 ($15.89 in chips)
Seat 6: 4e9e2931 ($11.03 in chips)
59ec188f: posts small blind $0.05
eac66059: posts big blind $0.1
*** HOLE CARDS ***
Dealt to Hero [2s 9d]
Dealt to aa8db1ff 
Dealt to 59ec188f 
Dealt to eac66059 
Dealt to 4e9e2931 
4e9e2931: folds
Hero: folds
aa8db1ff: raises $0.2 to $0.3
59ec188f: folds
eac66059: folds
Uncalled bet ($0.2) returned to aa8db1ff
*** SHOWDOWN ***
aa8db1ff collected $0.25 from pot
*** SUMMARY ***
Total pot $0.25 | Rake $0 | Jackpot $0 | Bingo $0 | Fortune $0 | Tax $0
Seat 1: Hero folded before Flop (didn't bet)
Seat 2: aa8db1ff (button) collected ($0.25)
Seat 3: 59ec188f (small blind) folded before Flop
Seat 4: eac66059 (big blind) folded before Flop
Seat 6: 4e9e2931 folded before Flop (didn't bet)


Poker Hand #HD1755794125: Hold'em No Limit ($0.05/$0.1) - 2024/05/02 19:25:39
Table 'NLHRed40' 6-max Seat #1 is the button
Seat 1: Hero ($11.65 in chips)
Seat 2: aa8db1ff ($14.89 in chips)
Seat 3: 59ec188f ($10 in chips)
Seat 4: eac66059 ($15.89 in chips)
Seat 6: 4e9e2931 ($11.03 in chips)
aa8db1ff: posts small blind $0.05
59ec188f: posts big blind $0.1
*** HOLE CARDS ***
Dealt to Hero [5d Ks]
Dealt to aa8db1ff 
Dealt to 59ec188f 
Dealt to eac66059 
Dealt to 4e9e2931 
eac66059: folds
4e9e2931: folds
Hero: folds
aa8db1ff: folds
Uncalled bet ($0.05) returned to 59ec188f
*** SHOWDOWN ***
59ec188f collected $0.1 from pot
*** SUMMARY ***
Total pot $0.1 | Rake $0 | Jackpot $0 | Bingo $0 | Fortune $0 | Tax $0
Seat 1: Hero (button) folded before Flop (didn't bet)
Seat 2: aa8db1ff (small blind) folded before Flop
Seat 3: 59ec188f (big blind) collected ($0.1)
Seat 4: eac66059 folded before Flop (didn't bet)
Seat 6: 4e9e2931 folded before Flop (didn't bet)


Poker Hand #HD1755794084: Hold'em No Limit ($0.05/$0.1) - 2024/05/02 19:25:20
Table 'NLHRed40' 6-max Seat #6 is the button
Seat 1: Hero ($11.7 in chips)
Seat 2: aa8db1ff ($14.84 in chips)
Seat 3: 59ec188f ($10 in chips)
Seat 4: eac66059 ($15.89 in chips)
Seat 5: 348d4899 ($18.7 in chips)
Seat 6: 4e9e2931 ($11.03 in chips)
Hero: posts small blind $0.05
aa8db1ff: posts big blind $0.1
*** HOLE CARDS ***
Dealt to Hero [9c 4c]
Dealt to aa8db1ff 
Dealt to 59ec188f 
Dealt to eac66059 
Dealt to 348d4899 
Dealt to 4e9e2931 
59ec188f: folds
eac66059: folds
348d4899: folds
4e9e2931: folds
Hero: folds
Uncalled bet ($0.05) returned to aa8db1ff
*** SHOWDOWN ***
aa8db1ff collected $0.1 from pot
*** SUMMARY ***
Total pot $0.1 | Rake $0 | Jackpot $0 | Bingo $0 | Fortune $0 | Tax $0
Seat 1: Hero (small blind) folded before Flop
Seat 2: aa8db1ff (big blind) collected ($0.1)
Seat 3: 59ec188f folded before Flop (didn't bet)
Seat 4: eac66059 folded before Flop (didn't bet)
Seat 5: 348d4899 folded before Flop (didn't bet)
Seat 6: 4e9e2931 (button) folded before Flop (didn't bet)


Poker Hand #HD1755794009: Hold'em No Limit ($0.05/$0.1) - 2024/05/02 19:24:43
Table 'NLHRed40' 6-max Seat #5 is the button
Seat 1: Hero ($11.56 in chips)
Seat 2: aa8db1ff ($14.84 in chips)
Seat 3: 59ec188f ($10 in chips)
Seat 4: eac66059 ($15.89 in chips)
Seat 5: 348d4899 ($18.8 in chips)
Seat 6: 4e9e2931 ($11.08 in chips)
4e9e2931: posts small blind $0.05
Hero: posts big blind $0.1
*** HOLE CARDS ***
Dealt to Hero [5d 6d]
Dealt to aa8db1ff 
Dealt to 59ec188f 
Dealt to eac66059 
Dealt to 348d4899 
Dealt to 4e9e2931 
aa8db1ff: folds
59ec188f: folds
eac66059: folds
348d4899: calls $0.1
4e9e2931: folds
Hero: checks
*** FLOP *** [Ts Kd Th]
Hero: checks
348d4899: checks
*** TURN *** [Ts Kd Th] [9d]
Hero: bets $0.2
348d4899: folds
Uncalled bet ($0.2) returned to Hero
*** SHOWDOWN ***
Hero collected $0.24 from pot
*** SUMMARY ***
Total pot $0.25 | Rake $0.01 | Jackpot $0 | Bingo $0 | Fortune $0 | Tax $0
Board [Ts Kd Th 9d]
Seat 1: Hero (big blind) won ($0.24)
Seat 2: aa8db1ff folded before Flop (didn't bet)
Seat 3: 59ec188f folded before Flop (didn't bet)
Seat 4: eac66059 folded before Flop (didn't bet)
Seat 5: 348d4899 (button) folded on the Turn
Seat 6: 4e9e2931 (small blind) folded before Flop


Poker Hand #HD1755793964: Hold'em No Limit ($0.05/$0.1) - 2024/05/02 19:24:24
Table 'NLHRed40' 6-max Seat #4 is the button
Seat 1: Hero ($11.56 in chips)
Seat 2: aa8db1ff ($14.84 in chips)
Seat 3: 59ec188f ($10 in chips)
Seat 4: eac66059 ($15.89 in chips)
Seat 5: 348d4899 ($18.85 in chips)
Seat 6: 4e9e2931 ($11.03 in chips)
348d4899: posts small blind $0.05
4e9e2931: posts big blind $0.1
*** HOLE CARDS ***
Dealt to Hero [Qh 2c]
Dealt to aa8db1ff 
Dealt to 59ec188f 
Dealt to eac66059 
Dealt to 348d4899 
Dealt to 4e9e2931 
Hero: folds
aa8db1ff: folds
59ec188f: folds
eac66059: folds
348d4899: folds
Uncalled bet ($0.05) returned to 4e9e2931
*** SHOWDOWN ***
4e9e2931 collected $0.1 from pot
*** SUMMARY ***
Total pot $0.1 | Rake $0 | Jackpot $0 | Bingo $0 | Fortune $0 | Tax $0
Seat 1: Hero folded before Flop (didn't bet)
Seat 2: aa8db1ff folded before Flop (didn't bet)
Seat 3: 59ec188f folded before Flop (didn't bet)
Seat 4: eac66059 (button) folded before Flop (didn't bet)
Seat 5: 348d4899 (small blind) folded before Flop
Seat 6: 4e9e2931 (big blind) collected ($0.1)


Poker Hand #HD1755793801: Hold'em No Limit ($0.05/$0.1) - 2024/05/02 19:23:09
Table 'NLHRed40' 6-max Seat #3 is the button
Seat 1: Hero ($11.56 in chips)
Seat 2: aa8db1ff ($13.64 in chips)
Seat 3: 59ec188f ($10 in chips)
Seat 4: eac66059 ($15.94 in chips)
Seat 5: 348d4899 ($19.47 in chips)
Seat 6: 4e9e2931 ($11.65 in chips)
eac66059: posts small blind $0.05
348d4899: posts big blind $0.1
*** HOLE CARDS ***
Dealt to Hero [2d 6c]
Dealt to aa8db1ff 
Dealt to 59ec188f 
Dealt to eac66059 
Dealt to 348d4899 
Dealt to 4e9e2931 
4e9e2931: raises $0.2 to $0.3
Hero: folds
aa8db1ff: calls $0.3
59ec188f: folds
eac66059: folds
348d4899: calls $0.2
*** FLOP *** [5s 5d 4d]
348d4899: checks
4e9e2931: checks
aa8db1ff: bets $0.32
348d4899: calls $0.32
4e9e2931: calls $0.32
*** TURN *** [5s 5d 4d] [8c]
348d4899: checks
4e9e2931: checks
aa8db1ff: checks
*** RIVER *** [5s 5d 4d 8c] [Th]
348d4899: checks
4e9e2931: checks
aa8db1ff: checks
348d4899: shows [6s As] (Pair of Fives)
4e9e2931: shows [3h Ah] (Pair of Fives)
aa8db1ff: shows [3s 3d] (Pair of Fives and Pair of Treys)
*** SHOWDOWN ***
aa8db1ff collected $1.82 from pot
*** SUMMARY ***
Total pot $1.91 | Rake $0.09 | Jackpot $0 | Bingo $0 | Fortune $0 | Tax $0
Board [5s 5d 4d 8c Th]
Seat 1: Hero folded before Flop (didn't bet)
Seat 2: aa8db1ff showed [3s 3d] and won ($1.82) with Pair of Fives and Pair of Treys
Seat 3: 59ec188f (button) folded before Flop (didn't bet)
Seat 4: eac66059 (small blind) folded before Flop
Seat 5: 348d4899 (big blind) showed [6s As] and lost with Pair of Fives
Seat 6: 4e9e2931 showed [3h Ah] and lost with Pair of Fives


Poker Hand #HD1755793705: Hold'em No Limit ($0.05/$0.1) - 2024/05/02 19:22:22
Table 'NLHRed40' 6-max Seat #2 is the button
Seat 1: Hero ($11.56 in chips)
Seat 2: aa8db1ff ($13.64 in chips)
Seat 3: 59ec188f ($10.05 in chips)
Seat 4: eac66059 ($16.04 in chips)
Seat 5: 348d4899 ($19.33 in chips)
Seat 6: 4e9e2931 ($11.65 in chips)
59ec188f: posts small blind $0.05
eac66059: posts big blind $0.1
*** HOLE CARDS ***
Dealt to Hero [8d 7c]
Dealt to aa8db1ff 
Dealt to 59ec188f 
Dealt to eac66059 
Dealt to 348d4899 
Dealt to 4e9e2931 
348d4899: calls $0.1
4e9e2931: folds
Hero: folds
aa8db1ff: folds
59ec188f: folds
eac66059: checks
*** FLOP *** [Kc Ts 6c]
eac66059: checks
348d4899: checks
*** TURN *** [Kc Ts 6c] [Th]
eac66059: checks
348d4899: checks
*** RIVER *** [Kc Ts 6c Th] [Js]
eac66059: checks
348d4899: checks
eac66059: shows [3s Qc] (Pair of Tens)
348d4899: shows [Ac 4s] (Pair of Tens)
*** SHOWDOWN ***
348d4899 collected $0.24 from pot
*** SUMMARY ***
Total pot $0.25 | Rake $0.01 | Jackpot $0 | Bingo $0 | Fortune $0 | Tax $0
Board [Kc Ts 6c Th Js]
Seat 1: Hero folded before Flop (didn't bet)
Seat 2: aa8db1ff (button) folded before Flop (didn't bet)
Seat 3: 59ec188f (small blind) folded before Flop
Seat 4: eac66059 (big blind) showed [3s Qc] and lost with Pair of Tens
Seat 5: 348d4899 showed [Ac 4s] and won ($0.24) with Pair of Tens
Seat 6: 4e9e2931 folded before Flop (didn't bet)


Poker Hand #HD1755793594: Hold'em No Limit ($0.05/$0.1) - 2024/05/02 19:21:34
Table 'NLHRed40' 6-max Seat #1 is the button
Seat 1: Hero ($11.56 in chips)
Seat 2: aa8db1ff ($13.94 in chips)
Seat 3: 59ec188f ($10.15 in chips)
Seat 4: eac66059 ($15.67 in chips)
Seat 5: 348d4899 ($19.33 in chips)
Seat 6: 4e9e2931 ($11.65 in chips)
aa8db1ff: posts small blind $0.05
59ec188f: posts big blind $0.1
*** HOLE CARDS ***
Dealt to Hero [6c Qs]
Dealt to aa8db1ff 
Dealt to 59ec188f 
Dealt to eac66059 
Dealt to 348d4899 
Dealt to 4e9e2931 
eac66059: raises $0.2 to $0.3
348d4899: folds
4e9e2931: folds
Hero: folds
aa8db1ff: calls $0.25
59ec188f: folds
*** FLOP *** [2c 6h 8c]
aa8db1ff: checks
eac66059: bets $0.5
aa8db1ff: folds
Uncalled bet ($0.5) returned to eac66059
*** SHOWDOWN ***
eac66059 collected $0.67 from pot
*** SUMMARY ***
Total pot $0.7 | Rake $0.03 | Jackpot $0 | Bingo $0 | Fortune $0 | Tax $0
Board [2c 6h 8c]
Seat 1: Hero (button) folded before Flop (didn't bet)
Seat 2: aa8db1ff (small blind) folded on the Flop
Seat 3: 59ec188f (big blind) folded before Flop
Seat 4: eac66059 won ($0.67)
Seat 5: 348d4899 folded before Flop (didn't bet)
Seat 6: 4e9e2931 folded before Flop (didn't bet)


Poker Hand #HD1755793532: Hold'em No Limit ($0.05/$0.1) - 2024/05/02 19:21:10
Table 'NLHRed40' 6-max Seat #6 is the button
Seat 1: Hero ($11.61 in chips)
Seat 2: aa8db1ff ($13.89 in chips)
Seat 3: 59ec188f ($10.15 in chips)
Seat 4: eac66059 ($15.67 in chips)
Seat 5: 348d4899 ($19.33 in chips)
Seat 6: 4e9e2931 ($11.65 in chips)
Hero: posts small blind $0.05
aa8db1ff: posts big blind $0.1
*** HOLE CARDS ***
Dealt to Hero [Jd 2s]
Dealt to aa8db1ff 
Dealt to 59ec188f 
Dealt to eac66059 
Dealt to 348d4899 
Dealt to 4e9e2931 
59ec188f: folds
eac66059: folds
348d4899: folds
4e9e2931: folds
Hero: folds
Uncalled bet ($0.05) returned to aa8db1ff
*** SHOWDOWN ***
aa8db1ff collected $0.1 from pot
*** SUMMARY ***
Total pot $0.1 | Rake $0 | Jackpot $0 | Bingo $0 | Fortune $0 | Tax $0
Seat 1: Hero (small blind) folded before Flop
Seat 2: aa8db1ff (big blind) collected ($0.1)
Seat 3: 59ec188f folded before Flop (didn't bet)
Seat 4: eac66059 folded before Flop (didn't bet)
Seat 5: 348d4899 folded before Flop (didn't bet)
Seat 6: 4e9e2931 (button) folded before Flop (didn't bet)


Poker Hand #HD1755793487: Hold'em No Limit ($0.05/$0.1) - 2024/05/02 19:20:48
Table 'NLHRed40' 6-max Seat #5 is the button
Seat 1: Hero ($11.71 in chips)
Seat 2: aa8db1ff ($13.89 in chips)
Seat 3: 59ec188f ($10.15 in chips)
Seat 4: eac66059 ($15.52 in chips)
Seat 5: 348d4899 ($19.33 in chips)
Seat 6: 4e9e2931 ($11.7 in chips)
4e9e2931: posts small blind $0.05
Hero: posts big blind $0.1
*** HOLE CARDS ***
Dealt to Hero [Qd 2c]
Dealt to aa8db1ff 
Dealt to 59ec188f 
Dealt to eac66059 
Dealt to 348d4899 
Dealt to 4e9e2931 
aa8db1ff: folds
59ec188f: folds
eac66059: raises $0.1 to $0.2
348d4899: folds
4e9e2931: folds
Hero: folds
Uncalled bet ($0.1) returned to eac66059
*** SHOWDOWN ***
eac66059 collected $0.25 from pot
*** SUMMARY ***
Total pot $0.25 | Rake $0 | Jackpot $0 | Bingo $0 | Fortune $0 | Tax $0
Seat 1: Hero (big blind) folded before Flop
Seat 2: aa8db1ff folded before Flop (didn't bet)
Seat 3: 59ec188f folded before Flop (didn't bet)
Seat 4: eac66059 collected ($0.25)
Seat 5: 348d4899 (button) folded before Flop (didn't bet)
Seat 6: 4e9e2931 (small blind) folded before Flop


Poker Hand #HD1755793448: Hold'em No Limit ($0.05/$0.1) - 2024/05/02 19:20:29
Table 'NLHRed40' 6-max Seat #4 is the button
Seat 1: Hero ($11.71 in chips)
Seat 2: aa8db1ff ($13.89 in chips)
Seat 3: 59ec188f ($10.15 in chips)
Seat 4: eac66059 ($15.52 in chips)
Seat 5: 348d4899 ($19.38 in chips)
Seat 6: 4e9e2931 ($11.65 in chips)
348d4899: posts small blind $0.05
4e9e2931: posts big blind $0.1
*** HOLE CARDS ***
Dealt to Hero [5h 4c]
Dealt to aa8db1ff 
Dealt to 59ec188f 
Dealt to eac66059 
Dealt to 348d4899 
Dealt to 4e9e2931 
Hero: folds
aa8db1ff: folds
59ec188f: folds
eac66059: folds
348d4899: folds
Uncalled bet ($0.05) returned to 4e9e2931
*** SHOWDOWN ***
4e9e2931 collected $0.1 from pot
*** SUMMARY ***
Total pot $0.1 | Rake $0 | Jackpot $0 | Bingo $0 | Fortune $0 | Tax $0
Seat 1: Hero folded before Flop (didn't bet)
Seat 2: aa8db1ff folded before Flop (didn't bet)
Seat 3: 59ec188f folded before Flop (didn't bet)
Seat 4: eac66059 (button) folded before Flop (didn't bet)
Seat 5: 348d4899 (small blind) folded before Flop
Seat 6: 4e9e2931 (big blind) collected ($0.1)


Poker Hand #HD1755793335: Hold'em No Limit ($0.05/$0.1) - 2024/05/02 19:19:35
Table 'NLHRed40' 6-max Seat #3 is the button
Seat 1: Hero ($11.71 in chips)
Seat 2: aa8db1ff ($12.2 in chips)
Seat 3: 59ec188f ($10.15 in chips)
Seat 4: eac66059 ($15.57 in chips)
Seat 5: 348d4899 ($21.31 in chips)
eac66059: posts small blind $0.05
348d4899: posts big blind $0.1
*** HOLE CARDS ***
Dealt to Hero [2h 2d]
Dealt to aa8db1ff 
Dealt to 59ec188f 
Dealt to eac66059 
Dealt to 348d4899 
Hero: folds
aa8db1ff: raises $0.11 to $0.21
59ec188f: folds
eac66059: folds
348d4899: calls $0.11
*** FLOP *** [8d 8c 7s]
348d4899: checks
aa8db1ff: bets $0.16
348d4899: calls $0.16
*** TURN *** [8d 8c 7s] [4d]
348d4899: checks
aa8db1ff: checks
*** RIVER *** [8d 8c 7s 4d] [9h]
348d4899: bets $0.6
aa8db1ff: raises $0.96 to $1.56
348d4899: calls $0.96
aa8db1ff: shows [Tc Jc] (Jacks-High Straight)
348d4899: shows [Td Ts] (Pair of Tens and Pair of Eights)
*** SHOWDOWN ***
aa8db1ff collected $3.62 from pot
*** SUMMARY ***
Total pot $3.91 | Rake $0.19 | Jackpot $0.1 | Bingo $0 | Fortune $0 | Tax $0
Board [8d 8c 7s 4d 9h]
Seat 1: Hero folded before Flop (didn't bet)
Seat 2: aa8db1ff showed [Tc Jc] and won ($3.62) with Jacks-High Straight
Seat 3: 59ec188f (button) folded before Flop (didn't bet)
Seat 4: eac66059 (small blind) folded before Flop
Seat 5: 348d4899 (big blind) showed [Td Ts] and lost with Pair of Tens and Pair of Eights


Poker Hand #HD1755793235: Hold'em No Limit ($0.05/$0.1) - 2024/05/02 19:18:49
Table 'NLHRed40' 6-max Seat #2 is the button
Seat 1: Hero ($11.35 in chips)
Seat 2: aa8db1ff ($12.2 in chips)
Seat 3: 59ec188f ($10.2 in chips)
Seat 4: eac66059 ($15.91 in chips)
Seat 5: 348d4899 ($21.31 in chips)
59ec188f: posts small blind $0.05
eac66059: posts big blind $0.1
*** HOLE CARDS ***
Dealt to Hero [Jc Qs]
Dealt to aa8db1ff 
Dealt to 59ec188f 
Dealt to eac66059 
Dealt to 348d4899 
348d4899: folds
Hero: raises $0.14 to $0.24
aa8db1ff: folds
59ec188f: folds
eac66059: calls $0.14
*** FLOP *** [Qh Kc 5h]
eac66059: checks
Hero: checks
*** TURN *** [Qh Kc 5h] [8d]
eac66059: bets $0.1
Hero: calls $0.1
*** RIVER *** [Qh Kc 5h 8d] [3c]
eac66059: checks
Hero: checks
eac66059: shows [Td Th] (Pair of Tens)
Hero: shows [Jc Qs] (Pair of Queens)
*** SHOWDOWN ***
Hero collected $0.7 from pot
*** SUMMARY ***
Total pot $0.73 | Rake $0.03 | Jackpot $0 | Bingo $0 | Fortune $0 | Tax $0
Board [Qh Kc 5h 8d 3c]
Seat 1: Hero showed [Jc Qs] and won ($0.7) with Pair of Queens
Seat 2: aa8db1ff (button) folded before Flop (didn't bet)
Seat 3: 59ec188f (small blind) folded before Flop
Seat 4: eac66059 (big blind) showed [Td Th] and lost with Pair of Tens
Seat 5: 348d4899 folded before Flop (didn't bet)


Poker Hand #HD1755793193: Hold'em No Limit ($0.05/$0.1) - 2024/05/02 19:18:34
Table 'NLHRed40' 6-max Seat #1 is the button
Seat 1: Hero ($11.35 in chips)
Seat 2: aa8db1ff ($12.25 in chips)
Seat 3: 59ec188f ($10.15 in chips)
Seat 4: eac66059 ($15.91 in chips)
Seat 5: 348d4899 ($21.31 in chips)
aa8db1ff: posts small blind $0.05
59ec188f: posts big blind $0.1
*** HOLE CARDS ***
Dealt to Hero [8c Kd]
Dealt to aa8db1ff 
Dealt to 59ec188f 
Dealt to eac66059 
Dealt to 348d4899 
eac66059: folds
348d4899: folds
Hero: folds
aa8db1ff: folds
Uncalled bet ($0.05) returned to 59ec188f
*** SHOWDOWN ***
59ec188f collected $0.1 from pot
*** SUMMARY ***
Total pot $0.1 | Rake $0 | Jackpot $0 | Bingo $0 | Fortune $0 | Tax $0
Seat 1: Hero (button) folded before Flop (didn't bet)
Seat 2: aa8db1ff (small blind) folded before Flop
Seat 3: 59ec188f (big blind) collected ($0.1)
Seat 4: eac66059 folded before Flop (didn't bet)
Seat 5: 348d4899 folded before Flop (didn't bet)


Poker Hand #HD1755793097: Hold'em No Limit ($0.05/$0.1) - 2024/05/02 19:17:52
Table 'NLHRed40' 6-max Seat #5 is the button
Seat 1: Hero ($11.08 in chips)
Seat 2: aa8db1ff ($12.55 in chips)
Seat 3: 59ec188f ($10.15 in chips)
Seat 4: eac66059 ($15.91 in chips)
Seat 5: 348d4899 ($21.31 in chips)
Hero: posts small blind $0.05
aa8db1ff: posts big blind $0.1
*** HOLE CARDS ***
Dealt to Hero [Kc Ac]
Dealt to aa8db1ff 
Dealt to 59ec188f 
Dealt to eac66059 
Dealt to 348d4899 
59ec188f: folds
eac66059: folds
348d4899: folds
Hero: raises $0.2 to $0.3
aa8db1ff: calls $0.2
*** FLOP *** [Jh Qh 2d]
Hero: bets $0.2
aa8db1ff: folds
Uncalled bet ($0.2) returned to Hero
*** SHOWDOWN ***
Hero collected $0.57 from pot
*** SUMMARY ***
Total pot $0.6 | Rake $0.03 | Jackpot $0 | Bingo $0 | Fortune $0 | Tax $0
Board [Jh Qh 2d]
Seat 1: Hero (small blind) won ($0.57)
Seat 2: aa8db1ff (big blind) folded on the Flop
Seat 3: 59ec188f folded before Flop (didn't bet)
Seat 4: eac66059 folded before Flop (didn't bet)
Seat 5: 348d4899 (button) folded before Flop (didn't bet)


Poker Hand #HD1755792956: Hold'em No Limit ($0.05/$0.1) - 2024/05/02 19:16:53
Table 'NLHRed40' 6-max Seat #4 is the button
Seat 1: Hero ($11.18 in chips)
Seat 2: aa8db1ff ($11.82 in chips)
Seat 3: 59ec188f ($10.15 in chips)
Seat 4: eac66059 ($15.91 in chips)
Seat 5: 348d4899 ($22.01 in chips)
348d4899: posts small blind $0.05
Hero: posts big blind $0.1
*** HOLE CARDS ***
Dealt to Hero [Kh 9s]
Dealt to aa8db1ff 
Dealt to 59ec188f 
Dealt to eac66059 
Dealt to 348d4899 
aa8db1ff: raises $0.2 to $0.3
59ec188f: folds
eac66059: folds
348d4899: calls $0.25
Hero: folds
*** FLOP *** [Tc 2s 6h]
348d4899: checks
aa8db1ff: bets $0.4
348d4899: calls $0.4
*** TURN *** [Tc 2s 6h] [4d]
348d4899: checks
aa8db1ff: bets $0.93
348d4899: folds
Uncalled bet ($0.93) returned to aa8db1ff
*** SHOWDOWN ***
aa8db1ff collected $1.43 from pot
*** SUMMARY ***
Total pot $1.5 | Rake $0.07 | Jackpot $0 | Bingo $0 | Fortune $0 | Tax $0
Board [Tc 2s 6h 4d]
Seat 1: Hero (big blind) folded before Flop
Seat 2: aa8db1ff won ($1.43)
Seat 3: 59ec188f folded before Flop (didn't bet)
Seat 4: eac66059 (button) folded before Flop (didn't bet)
Seat 5: 348d4899 (small blind) folded on the Turn


Poker Hand #HD1755792921: Hold'em No Limit ($0.05/$0.1) - 2024/05/02 19:16:35
Table 'NLHRed40' 6-max Seat #3 is the button
Seat 1: Hero ($11.18 in chips)
Seat 2: aa8db1ff ($11.82 in chips)
Seat 3: 59ec188f ($10 in chips)
Seat 4: eac66059 ($15.96 in chips)
Seat 5: 348d4899 ($22.11 in chips)
Seat 6: 4e9e2931 ($11.65 in chips)
eac66059: posts small blind $0.05
348d4899: posts big blind $0.1
*** HOLE CARDS ***
Dealt to Hero [2s 8c]
Dealt to aa8db1ff 
Dealt to 59ec188f 
Dealt to eac66059 
Dealt to 348d4899 
Dealt to 4e9e2931 
4e9e2931: folds
Hero: folds
aa8db1ff: folds
59ec188f: raises $0.15 to $0.25
eac66059: folds
348d4899: folds
Uncalled bet ($0.15) returned to 59ec188f
*** SHOWDOWN ***
59ec188f collected $0.25 from pot
*** SUMMARY ***
Total pot $0.25 | Rake $0 | Jackpot $0 | Bingo $0 | Fortune $0 | Tax $0
Seat 1: Hero folded before Flop (didn't bet)
Seat 2: aa8db1ff folded before Flop (didn't bet)
Seat 3: 59ec188f (button) collected ($0.25)
Seat 4: eac66059 (small blind) folded before Flop
Seat 5: 348d4899 (big blind) folded before Flop
Seat 6: 4e9e2931 folded before Flop (didn't bet)


Poker Hand #HD1755792845: Hold'em No Limit ($0.05/$0.1) - 2024/05/02 19:16:07
Table 'NLHRed40' 6-max Seat #2 is the button
Seat 1: Hero ($11.18 in chips)
Seat 2: aa8db1ff ($11.82 in chips)
Seat 3: 59ec188f ($10 in chips)
Seat 4: eac66059 ($15.81 in chips)
Seat 5: 348d4899 ($22.21 in chips)
Seat 6: 4e9e2931 ($11.65 in chips)
59ec188f: posts small blind $0.05
eac66059: posts big blind $0.1
*** HOLE CARDS ***
Dealt to Hero [5d Js]
Dealt to aa8db1ff 
Dealt to 59ec188f 
Dealt to eac66059 
Dealt to 348d4899 
Dealt to 4e9e2931 
348d4899: calls $0.1
4e9e2931: folds
Hero: folds
aa8db1ff: folds
59ec188f: folds
eac66059: raises $0.4 to $0.5
348d4899: folds
Uncalled bet ($0.4) returned to eac66059
*** SHOWDOWN ***
eac66059 collected $0.25 from pot
*** SUMMARY ***
Total pot $0.25 | Rake $0 | Jackpot $0 | Bingo $0 | Fortune $0 | Tax $0
Seat 1: Hero folded before Flop (didn't bet)
Seat 2: aa8db1ff (button) folded before Flop (didn't bet)
Seat 3: 59ec188f (small blind) folded before Flop
Seat 4: eac66059 (big blind) collected ($0.25)
Seat 5: 348d4899 folded before Flop
Seat 6: 4e9e2931 folded before Flop (didn't bet)


Poker Hand #HD1755792758: Hold'em No Limit ($0.05/$0.1) - 2024/05/02 19:15:28
Table 'NLHRed40' 6-max Seat #1 is the button
Seat 1: Hero ($11.18 in chips)
Seat 2: aa8db1ff ($12.12 in chips)
Seat 3: 59ec188f ($10 in chips)
Seat 4: eac66059 ($15.44 in chips)
Seat 6: 4e9e2931 ($11.65 in chips)
aa8db1ff: posts small blind $0.05
59ec188f: posts big blind $0.1
*** HOLE CARDS ***
Dealt to Hero [2s 9h]
Dealt to aa8db1ff 
Dealt to 59ec188f 
Dealt to eac66059 
Dealt to 4e9e2931 
eac66059: raises $0.2 to $0.3
4e9e2931: folds
Hero: folds
aa8db1ff: calls $0.25
59ec188f: folds
*** FLOP *** [Jc 9d Js]
aa8db1ff: checks
eac66059: bets $0.2
aa8db1ff: folds
Uncalled bet ($0.2) returned to eac66059
*** SHOWDOWN ***
eac66059 collected $0.67 from pot
*** SUMMARY ***
Total pot $0.7 | Rake $0.03 | Jackpot $0 | Bingo $0 | Fortune $0 | Tax $0
Board [Jc 9d Js]
Seat 1: Hero (button) folded before Flop (didn't bet)
Seat 2: aa8db1ff (small blind) folded on the Flop
Seat 3: 59ec188f (big blind) folded before Flop
Seat 4: eac66059 won ($0.67)
Seat 6: 4e9e2931 folded before Flop (didn't bet)


Poker Hand #HD1755792721: Hold'em No Limit ($0.05/$0.1) - 2024/05/02 19:15:09
Table 'NLHRed40' 6-max Seat #6 is the button
Seat 1: Hero ($11.23 in chips)
Seat 2: aa8db1ff ($12.07 in chips)
Seat 4: eac66059 ($15.44 in chips)
Seat 5: 348d4899 ($22.21 in chips)
Seat 6: 4e9e2931 ($11.65 in chips)
Hero: posts small blind $0.05
aa8db1ff: posts big blind $0.1
*** HOLE CARDS ***
Dealt to Hero [6s Kc]
Dealt to aa8db1ff 
Dealt to eac66059 
Dealt to 348d4899 
Dealt to 4e9e2931 
eac66059: folds
348d4899: folds
4e9e2931: folds
Hero: folds
Uncalled bet ($0.05) returned to aa8db1ff
*** SHOWDOWN ***
aa8db1ff collected $0.1 from pot
*** SUMMARY ***
Total pot $0.1 | Rake $0 | Jackpot $0 | Bingo $0 | Fortune $0 | Tax $0
Seat 1: Hero (small blind) folded before Flop
Seat 2: aa8db1ff (big blind) collected ($0.1)
Seat 4: eac66059 folded before Flop (didn't bet)
Seat 5: 348d4899 folded before Flop (didn't bet)
Seat 6: 4e9e2931 (button) folded before Flop (didn't bet)


Poker Hand #HD1755792551: Hold'em No Limit ($0.05/$0.1) - 2024/05/02 19:13:57
Table 'NLHRed40' 6-max Seat #5 is the button
Seat 1: Hero ($10 in chips)
Seat 2: aa8db1ff ($13.38 in chips)
Seat 4: eac66059 ($15.44 in chips)
Seat 5: 348d4899 ($22.21 in chips)
Seat 6: 4e9e2931 ($11.7 in chips)
4e9e2931: posts small blind $0.05
Hero: posts big blind $0.1
*** HOLE CARDS ***
Dealt to Hero [Qh Jd]
Dealt to aa8db1ff 
Dealt to eac66059 
Dealt to 348d4899 
Dealt to 4e9e2931 
aa8db1ff: raises $0.15 to $0.25
eac66059: folds
348d4899: folds
4e9e2931: folds
Hero: calls $0.15
*** FLOP *** [4s 6s Qd]
Hero: checks
aa8db1ff: checks
*** TURN *** [4s 6s Qd] [2d]
Hero: bets $0.3
aa8db1ff: calls $0.3
*** RIVER *** [4s 6s Qd 2d] [9c]
Hero: bets $0.76
aa8db1ff: calls $0.76
Hero: shows [Qh Jd] (Pair of Queens)
aa8db1ff: shows [Th Qs] (Pair of Queens)
*** SHOWDOWN ***
Hero collected $2.54 from pot
*** SUMMARY ***
Total pot $2.67 | Rake $0.13 | Jackpot $0 | Bingo $0 | Fortune $0 | Tax $0
Board [4s 6s Qd 2d 9c]
Seat 1: Hero (big blind) showed [Qh Jd] and won ($2.54) with Pair of Queens
Seat 2: aa8db1ff showed [Th Qs] and lost with Pair of Queens
Seat 4: eac66059 folded before Flop (didn't bet)
Seat 5: 348d4899 (button) folded before Flop (didn't bet)
Seat 6: 4e9e2931 (small blind) folded before Flop


