Poker Hand #HD1757041640: Hold'em No Limit ($0.05/$0.1) - 2024/05/03 17:14:18
Table 'NLHRed8' 6-max Seat #5 is the button
Seat 1: e45571b5 ($12.15 in chips)
Seat 2: 38a1338c ($5.43 in chips)
Seat 3: bc3e2fc5 ($12.32 in chips)
Seat 4: Hero ($11.63 in chips)
Seat 5: 61e2760f ($17.78 in chips)
Seat 6: 18d104ed ($10.05 in chips)
18d104ed: posts small blind $0.05
e45571b5: posts big blind $0.1
*** HOLE CARDS ***
Dealt to e45571b5 
Dealt to 38a1338c 
Dealt to bc3e2fc5 
Dealt to Hero [Jd Ah]
Dealt to 61e2760f 
Dealt to 18d104ed 
38a1338c: folds
bc3e2fc5: folds
Hero: raises $0.14 to $0.24
61e2760f: calls $0.24
18d104ed: folds
e45571b5: folds
*** FLOP *** [Ad Th Jc]
Hero: bets $0.3
61e2760f: calls $0.3
*** TURN *** [Ad Th Jc] [4s]
Hero: bets $0.92
61e2760f: raises $1.18 to $2.1
Hero: calls $1.18
*** RIVER *** [Ad Th Jc 4s] [5h]
Hero: checks
61e2760f: checks
Hero: shows [Jd Ah] (Pair of Aces and Pair of Jacks)
61e2760f: shows [4c As] (Pair of Aces and Pair of Fours)
*** SHOWDOWN ***
Hero collected $5.07 from pot
*** SUMMARY ***
Total pot $5.43 | Rake $0.26 | Jackpot $0.1 | Bingo $0 | Fortune $0 | Tax $0
Board [Ad Th Jc 4s 5h]
Seat 1: e45571b5 (big blind) folded before Flop
Seat 2: 38a1338c folded before Flop (didn't bet)
Seat 3: bc3e2fc5 folded before Flop (didn't bet)
Seat 4: Hero showed [Jd Ah] and won ($5.07) with Pair of Aces and Pair of Jacks
Seat 5: 61e2760f (button) showed [4c As] and lost with Pair of Aces and Pair of Fours
Seat 6: 18d104ed (small blind) folded before Flop


Poker Hand #HD1757041611: Hold'em No Limit ($0.05/$0.1) - 2024/05/03 17:14:02
Table 'NLHRed8' 6-max Seat #4 is the button
Seat 1: e45571b5 ($12.15 in chips)
Seat 2: 38a1338c ($5.43 in chips)
Seat 3: bc3e2fc5 ($12.32 in chips)
Seat 4: Hero ($11.63 in chips)
Seat 5: 61e2760f ($17.83 in chips)
Seat 6: 18d104ed ($10 in chips)
61e2760f: posts small blind $0.05
18d104ed: posts big blind $0.1
*** HOLE CARDS ***
Dealt to e45571b5 
Dealt to 38a1338c 
Dealt to bc3e2fc5 
Dealt to Hero [4h 7s]
Dealt to 61e2760f 
Dealt to 18d104ed 
e45571b5: folds
38a1338c: folds
bc3e2fc5: folds
Hero: folds
61e2760f: folds
Uncalled bet ($0.05) returned to 18d104ed
*** SHOWDOWN ***
18d104ed collected $0.1 from pot
*** SUMMARY ***
Total pot $0.1 | Rake $0 | Jackpot $0 | Bingo $0 | Fortune $0 | Tax $0
Seat 1: e45571b5 folded before Flop (didn't bet)
Seat 2: 38a1338c folded before Flop (didn't bet)
Seat 3: bc3e2fc5 folded before Flop (didn't bet)
Seat 4: Hero (button) folded before Flop (didn't bet)
Seat 5: 61e2760f (small blind) folded before Flop
Seat 6: 18d104ed (big blind) collected ($0.1)


Poker Hand #HD1757041580: Hold'em No Limit ($0.05/$0.1) - 2024/05/03 17:13:45
Table 'NLHRed8' 6-max Seat #3 is the button
Seat 1: e45571b5 ($12.15 in chips)
Seat 2: 38a1338c ($5.43 in chips)
Seat 3: bc3e2fc5 ($12.32 in chips)
Seat 4: Hero ($11.68 in chips)
Seat 5: 61e2760f ($17.78 in chips)
Hero: posts small blind $0.05
61e2760f: posts big blind $0.1
*** HOLE CARDS ***
Dealt to e45571b5 
Dealt to 38a1338c 
Dealt to bc3e2fc5 
Dealt to Hero [Kc 9s]
Dealt to 61e2760f 
e45571b5: folds
38a1338c: folds
bc3e2fc5: folds
Hero: folds
Uncalled bet ($0.05) returned to 61e2760f
*** SHOWDOWN ***
61e2760f collected $0.1 from pot
*** SUMMARY ***
Total pot $0.1 | Rake $0 | Jackpot $0 | Bingo $0 | Fortune $0 | Tax $0
Seat 1: e45571b5 folded before Flop (didn't bet)
Seat 2: 38a1338c folded before Flop (didn't bet)
Seat 3: bc3e2fc5 (button) folded before Flop (didn't bet)
Seat 4: Hero (small blind) folded before Flop
Seat 5: 61e2760f (big blind) collected ($0.1)


Poker Hand #HD1757041559: Hold'em No Limit ($0.05/$0.1) - 2024/05/03 17:13:32
Table 'NLHRed8' 6-max Seat #2 is the button
Seat 1: e45571b5 ($12.15 in chips)
Seat 2: 38a1338c ($5.43 in chips)
Seat 3: bc3e2fc5 ($12.37 in chips)
Seat 4: Hero ($11.63 in chips)
Seat 5: 61e2760f ($17.78 in chips)
bc3e2fc5: posts small blind $0.05
Hero: posts big blind $0.1
*** HOLE CARDS ***
Dealt to e45571b5 
Dealt to 38a1338c 
Dealt to bc3e2fc5 
Dealt to Hero [4d 7h]
Dealt to 61e2760f 
61e2760f: folds
e45571b5: folds
38a1338c: folds
bc3e2fc5: folds
Uncalled bet ($0.05) returned to Hero
*** SHOWDOWN ***
Hero collected $0.1 from pot
*** SUMMARY ***
Total pot $0.1 | Rake $0 | Jackpot $0 | Bingo $0 | Fortune $0 | Tax $0
Seat 1: e45571b5 folded before Flop (didn't bet)
Seat 2: 38a1338c (button) folded before Flop (didn't bet)
Seat 3: bc3e2fc5 (small blind) folded before Flop
Seat 4: Hero (big blind) collected ($0.1)
Seat 5: 61e2760f folded before Flop (didn't bet)


Poker Hand #HD1757041500: Hold'em No Limit ($0.05/$0.1) - 2024/05/03 17:12:57
Table 'NLHRed8' 6-max Seat #1 is the button
Seat 1: e45571b5 ($11.82 in chips)
Seat 2: 38a1338c ($5.48 in chips)
Seat 3: bc3e2fc5 ($12.47 in chips)
Seat 4: Hero ($11.63 in chips)
Seat 5: 61e2760f ($17.98 in chips)
38a1338c: posts small blind $0.05
bc3e2fc5: posts big blind $0.1
*** HOLE CARDS ***
Dealt to e45571b5 
Dealt to 38a1338c 
Dealt to bc3e2fc5 
Dealt to Hero [Tc 7s]
Dealt to 61e2760f 
Hero: folds
61e2760f: raises $0.1 to $0.2
e45571b5: raises $0.4 to $0.6
38a1338c: folds
bc3e2fc5: folds
61e2760f: folds
Uncalled bet ($0.4) returned to e45571b5
*** SHOWDOWN ***
e45571b5 collected $0.53 from pot
*** SUMMARY ***
Total pot $0.55 | Rake $0.02 | Jackpot $0 | Bingo $0 | Fortune $0 | Tax $0
Seat 1: e45571b5 (button) collected ($0.53)
Seat 2: 38a1338c (small blind) folded before Flop
Seat 3: bc3e2fc5 (big blind) folded before Flop
Seat 4: Hero folded before Flop (didn't bet)
Seat 5: 61e2760f folded before Flop


Poker Hand #HD1757041473: Hold'em No Limit ($0.05/$0.1) - 2024/05/03 17:12:40
Table 'NLHRed8' 6-max Seat #5 is the button
Seat 1: e45571b5 ($11.87 in chips)
Seat 2: 38a1338c ($5.43 in chips)
Seat 3: bc3e2fc5 ($12.47 in chips)
Seat 4: Hero ($11.63 in chips)
Seat 5: 61e2760f ($17.98 in chips)
e45571b5: posts small blind $0.05
38a1338c: posts big blind $0.1
*** HOLE CARDS ***
Dealt to e45571b5 
Dealt to 38a1338c 
Dealt to bc3e2fc5 
Dealt to Hero [Qc 7d]
Dealt to 61e2760f 
bc3e2fc5: folds
Hero: folds
61e2760f: folds
e45571b5: folds
Uncalled bet ($0.05) returned to 38a1338c
*** SHOWDOWN ***
38a1338c collected $0.1 from pot
*** SUMMARY ***
Total pot $0.1 | Rake $0 | Jackpot $0 | Bingo $0 | Fortune $0 | Tax $0
Seat 1: e45571b5 (small blind) folded before Flop
Seat 2: 38a1338c (big blind) collected ($0.1)
Seat 3: bc3e2fc5 folded before Flop (didn't bet)
Seat 4: Hero folded before Flop (didn't bet)
Seat 5: 61e2760f (button) folded before Flop (didn't bet)


Poker Hand #HD1757041437: Hold'em No Limit ($0.05/$0.1) - 2024/05/03 17:12:21
Table 'NLHRed8' 6-max Seat #4 is the button
Seat 1: e45571b5 ($11.97 in chips)
Seat 2: 38a1338c ($5.43 in chips)
Seat 3: bc3e2fc5 ($12.47 in chips)
Seat 4: Hero ($11.63 in chips)
Seat 5: 61e2760f ($17.88 in chips)
61e2760f: posts small blind $0.05
e45571b5: posts big blind $0.1
*** HOLE CARDS ***
Dealt to e45571b5 
Dealt to 38a1338c 
Dealt to bc3e2fc5 
Dealt to Hero [6s Qc]
Dealt to 61e2760f 
38a1338c: folds
bc3e2fc5: folds
Hero: folds
61e2760f: raises $0.1 to $0.2
e45571b5: folds
Uncalled bet ($0.1) returned to 61e2760f
*** SHOWDOWN ***
61e2760f collected $0.2 from pot
*** SUMMARY ***
Total pot $0.2 | Rake $0 | Jackpot $0 | Bingo $0 | Fortune $0 | Tax $0
Seat 1: e45571b5 (big blind) folded before Flop
Seat 2: 38a1338c folded before Flop (didn't bet)
Seat 3: bc3e2fc5 folded before Flop (didn't bet)
Seat 4: Hero (button) folded before Flop (didn't bet)
Seat 5: 61e2760f (small blind) collected ($0.2)


Poker Hand #HD1757041335: Hold'em No Limit ($0.05/$0.1) - 2024/05/03 17:11:22
Table 'NLHRed8' 6-max Seat #3 is the button
Seat 1: e45571b5 ($10.67 in chips)
Seat 2: 38a1338c ($5.43 in chips)
Seat 3: bc3e2fc5 ($13.75 in chips)
Seat 4: Hero ($11.68 in chips)
Seat 5: 61e2760f ($17.98 in chips)
Seat 6: 97beead6 ($16.05 in chips)
Hero: posts small blind $0.05
61e2760f: posts big blind $0.1
*** HOLE CARDS ***
Dealt to e45571b5 
Dealt to 38a1338c 
Dealt to bc3e2fc5 
Dealt to Hero [3d 9d]
Dealt to 61e2760f 
Dealt to 97beead6 
97beead6: folds
e45571b5: raises $0.15 to $0.25
38a1338c: folds
bc3e2fc5: raises $0.49 to $0.74
Hero: folds
61e2760f: folds
e45571b5: calls $0.49
*** FLOP *** [3c Ts Tc]
e45571b5: checks
bc3e2fc5: checks
*** TURN *** [3c Ts Tc] [7h]
e45571b5: checks
bc3e2fc5: bets $0.54
e45571b5: calls $0.54
*** RIVER *** [3c Ts Tc 7h] [4d]
e45571b5: checks
bc3e2fc5: checks
e45571b5: shows [8h 8s] (Pair of Tens and Pair of Eights)
bc3e2fc5: shows [Qh Kh] (Pair of Tens)
*** SHOWDOWN ***
e45571b5 collected $2.58 from pot
*** SUMMARY ***
Total pot $2.71 | Rake $0.13 | Jackpot $0 | Bingo $0 | Fortune $0 | Tax $0
Board [3c Ts Tc 7h 4d]
Seat 1: e45571b5 showed [8h 8s] and won ($2.58) with Pair of Tens and Pair of Eights
Seat 2: 38a1338c folded before Flop (didn't bet)
Seat 3: bc3e2fc5 (button) showed [Qh Kh] and lost with Pair of Tens
Seat 4: Hero (small blind) folded before Flop
Seat 5: 61e2760f (big blind) folded before Flop
Seat 6: 97beead6 folded before Flop (didn't bet)


Poker Hand #HD1757041259: Hold'em No Limit ($0.05/$0.1) - 2024/05/03 17:10:46
Table 'NLHRed8' 6-max Seat #2 is the button
Seat 1: e45571b5 ($10.67 in chips)
Seat 2: 38a1338c ($5.63 in chips)
Seat 3: bc3e2fc5 ($13.28 in chips)
Seat 4: Hero ($11.78 in chips)
Seat 5: 61e2760f ($18.18 in chips)
Seat 6: 97beead6 ($16.05 in chips)
bc3e2fc5: posts small blind $0.05
Hero: posts big blind $0.1
*** HOLE CARDS ***
Dealt to e45571b5 
Dealt to 38a1338c 
Dealt to bc3e2fc5 
Dealt to Hero [Ks 4d]
Dealt to 61e2760f 
Dealt to 97beead6 
61e2760f: raises $0.1 to $0.2
97beead6: folds
e45571b5: folds
38a1338c: calls $0.2
bc3e2fc5: raises $1.18 to $1.38
Hero: folds
61e2760f: folds
38a1338c: folds
Uncalled bet ($1.18) returned to bc3e2fc5
*** SHOWDOWN ***
bc3e2fc5 collected $0.67 from pot
*** SUMMARY ***
Total pot $0.7 | Rake $0.03 | Jackpot $0 | Bingo $0 | Fortune $0 | Tax $0
Seat 1: e45571b5 folded before Flop (didn't bet)
Seat 2: 38a1338c (button) folded before Flop
Seat 3: bc3e2fc5 (small blind) collected ($0.67)
Seat 4: Hero (big blind) folded before Flop
Seat 5: 61e2760f folded before Flop
Seat 6: 97beead6 folded before Flop (didn't bet)


Poker Hand #HD1757041188: Hold'em No Limit ($0.05/$0.1) - 2024/05/03 17:10:09
Table 'NLHRed8' 6-max Seat #1 is the button
Seat 1: e45571b5 ($10.67 in chips)
Seat 2: 38a1338c ($5.35 in chips)
Seat 3: bc3e2fc5 ($13.38 in chips)
Seat 4: Hero ($11.98 in chips)
Seat 5: 61e2760f ($18.18 in chips)
Seat 6: 97beead6 ($16.05 in chips)
38a1338c: posts small blind $0.05
bc3e2fc5: posts big blind $0.1
*** HOLE CARDS ***
Dealt to e45571b5 
Dealt to 38a1338c 
Dealt to bc3e2fc5 
Dealt to Hero [9c Kc]
Dealt to 61e2760f 
Dealt to 97beead6 
Hero: raises $0.1 to $0.2
61e2760f: folds
97beead6: folds
e45571b5: folds
38a1338c: raises $0.6 to $0.8
bc3e2fc5: folds
Hero: folds
Uncalled bet ($0.6) returned to 38a1338c
*** SHOWDOWN ***
38a1338c collected $0.48 from pot
*** SUMMARY ***
Total pot $0.5 | Rake $0.02 | Jackpot $0 | Bingo $0 | Fortune $0 | Tax $0
Seat 1: e45571b5 (button) folded before Flop (didn't bet)
Seat 2: 38a1338c (small blind) collected ($0.48)
Seat 3: bc3e2fc5 (big blind) folded before Flop
Seat 4: Hero folded before Flop
Seat 5: 61e2760f folded before Flop (didn't bet)
Seat 6: 97beead6 folded before Flop (didn't bet)


Poker Hand #HD1757041117: Hold'em No Limit ($0.05/$0.1) - 2024/05/03 17:09:34
Table 'NLHRed8' 6-max Seat #6 is the button
Seat 1: e45571b5 ($10.72 in chips)
Seat 2: 38a1338c ($5.45 in chips)
Seat 3: bc3e2fc5 ($13.23 in chips)
Seat 4: Hero ($11.98 in chips)
Seat 5: 61e2760f ($18.18 in chips)
Seat 6: 97beead6 ($16.05 in chips)
e45571b5: posts small blind $0.05
38a1338c: posts big blind $0.1
*** HOLE CARDS ***
Dealt to e45571b5 
Dealt to 38a1338c 
Dealt to bc3e2fc5 
Dealt to Hero [4c Qh]
Dealt to 61e2760f 
Dealt to 97beead6 
bc3e2fc5: raises $0.15 to $0.25
Hero: folds
61e2760f: folds
97beead6: folds
e45571b5: folds
38a1338c: folds
Uncalled bet ($0.15) returned to bc3e2fc5
*** SHOWDOWN ***
bc3e2fc5 collected $0.25 from pot
*** SUMMARY ***
Total pot $0.25 | Rake $0 | Jackpot $0 | Bingo $0 | Fortune $0 | Tax $0
Seat 1: e45571b5 (small blind) folded before Flop
Seat 2: 38a1338c (big blind) folded before Flop
Seat 3: bc3e2fc5 collected ($0.25)
Seat 4: Hero folded before Flop (didn't bet)
Seat 5: 61e2760f folded before Flop (didn't bet)
Seat 6: 97beead6 (button) folded before Flop (didn't bet)


Poker Hand #HD1757041086: Hold'em No Limit ($0.05/$0.1) - 2024/05/03 17:09:18
Table 'NLHRed8' 6-max Seat #5 is the button
Seat 1: e45571b5 ($10.67 in chips)
Seat 2: 38a1338c ($5.45 in chips)
Seat 3: bc3e2fc5 ($13.23 in chips)
Seat 4: Hero ($11.98 in chips)
Seat 5: 61e2760f ($18.18 in chips)
Seat 6: 97beead6 ($16.1 in chips)
97beead6: posts small blind $0.05
e45571b5: posts big blind $0.1
*** HOLE CARDS ***
Dealt to e45571b5 
Dealt to 38a1338c 
Dealt to bc3e2fc5 
Dealt to Hero [8s 2h]
Dealt to 61e2760f 
Dealt to 97beead6 
38a1338c: folds
bc3e2fc5: folds
Hero: folds
61e2760f: folds
97beead6: folds
Uncalled bet ($0.05) returned to e45571b5
*** SHOWDOWN ***
e45571b5 collected $0.1 from pot
*** SUMMARY ***
Total pot $0.1 | Rake $0 | Jackpot $0 | Bingo $0 | Fortune $0 | Tax $0
Seat 1: e45571b5 (big blind) collected ($0.1)
Seat 2: 38a1338c folded before Flop (didn't bet)
Seat 3: bc3e2fc5 folded before Flop (didn't bet)
Seat 4: Hero folded before Flop (didn't bet)
Seat 5: 61e2760f (button) folded before Flop (didn't bet)
Seat 6: 97beead6 (small blind) folded before Flop


Poker Hand #HD1757041021: Hold'em No Limit ($0.05/$0.1) - 2024/05/03 17:08:43
Table 'NLHRed8' 6-max Seat #4 is the button
Seat 1: e45571b5 ($10 in chips)
Seat 2: 38a1338c ($5.45 in chips)
Seat 3: bc3e2fc5 ($13.81 in chips)
Seat 4: Hero ($11.98 in chips)
Seat 5: 61e2760f ($18.23 in chips)
Seat 6: 97beead6 ($16.2 in chips)
61e2760f: posts small blind $0.05
97beead6: posts big blind $0.1
*** HOLE CARDS ***
Dealt to e45571b5 
Dealt to 38a1338c 
Dealt to bc3e2fc5 
Dealt to Hero [2s Ah]
Dealt to 61e2760f 
Dealt to 97beead6 
e45571b5: raises $0.15 to $0.25
38a1338c: folds
bc3e2fc5: calls $0.25
Hero: folds
61e2760f: folds
97beead6: folds
*** FLOP *** [4d 3d 5d]
e45571b5: bets $0.33
bc3e2fc5: calls $0.33
*** TURN *** [4d 3d 5d] [As]
e45571b5: bets $1.31
bc3e2fc5: folds
Uncalled bet ($1.31) returned to e45571b5
*** SHOWDOWN ***
e45571b5 collected $1.25 from pot
*** SUMMARY ***
Total pot $1.31 | Rake $0.06 | Jackpot $0 | Bingo $0 | Fortune $0 | Tax $0
Board [4d 3d 5d As]
Seat 1: e45571b5 won ($1.25)
Seat 2: 38a1338c folded before Flop (didn't bet)
Seat 3: bc3e2fc5 folded on the Turn
Seat 4: Hero (button) folded before Flop (didn't bet)
Seat 5: 61e2760f (small blind) folded before Flop
Seat 6: 97beead6 (big blind) folded before Flop


Poker Hand #HD1757040984: Hold'em No Limit ($0.05/$0.1) - 2024/05/03 17:08:22
Table 'NLHRed8' 6-max Seat #3 is the button
Seat 1: e45571b5 ($10 in chips)
Seat 2: 38a1338c ($5.3 in chips)
Seat 3: bc3e2fc5 ($13.81 in chips)
Seat 4: Hero ($12.03 in chips)
Seat 5: 61e2760f ($18.33 in chips)
Seat 6: 97beead6 ($16.2 in chips)
Hero: posts small blind $0.05
61e2760f: posts big blind $0.1
*** HOLE CARDS ***
Dealt to e45571b5 
Dealt to 38a1338c 
Dealt to bc3e2fc5 
Dealt to Hero [8d 6s]
Dealt to 61e2760f 
Dealt to 97beead6 
97beead6: folds
e45571b5: folds
38a1338c: raises $0.15 to $0.25
bc3e2fc5: folds
Hero: folds
61e2760f: folds
Uncalled bet ($0.15) returned to 38a1338c
*** SHOWDOWN ***
38a1338c collected $0.25 from pot
*** SUMMARY ***
Total pot $0.25 | Rake $0 | Jackpot $0 | Bingo $0 | Fortune $0 | Tax $0
Seat 1: e45571b5 folded before Flop (didn't bet)
Seat 2: 38a1338c collected ($0.25)
Seat 3: bc3e2fc5 (button) folded before Flop (didn't bet)
Seat 4: Hero (small blind) folded before Flop
Seat 5: 61e2760f (big blind) folded before Flop
Seat 6: 97beead6 folded before Flop (didn't bet)


Poker Hand #HD1757040953: Hold'em No Limit ($0.05/$0.1) - 2024/05/03 17:08:01
Table 'NLHRed8' 6-max Seat #2 is the button
Seat 1: e45571b5 ($10 in chips)
Seat 2: 38a1338c ($5.3 in chips)
Seat 3: bc3e2fc5 ($13.71 in chips)
Seat 4: Hero ($12.13 in chips)
Seat 5: 61e2760f ($18.33 in chips)
Seat 6: 97beead6 ($16.2 in chips)
bc3e2fc5: posts small blind $0.05
Hero: posts big blind $0.1
*** HOLE CARDS ***
Dealt to e45571b5 
Dealt to 38a1338c 
Dealt to bc3e2fc5 
Dealt to Hero [8s 5s]
Dealt to 61e2760f 
Dealt to 97beead6 
61e2760f: folds
97beead6: folds
e45571b5: folds
38a1338c: folds
bc3e2fc5: raises $0.2 to $0.3
Hero: folds
Uncalled bet ($0.2) returned to bc3e2fc5
*** SHOWDOWN ***
bc3e2fc5 collected $0.2 from pot
*** SUMMARY ***
Total pot $0.2 | Rake $0 | Jackpot $0 | Bingo $0 | Fortune $0 | Tax $0
Seat 1: e45571b5 folded before Flop (didn't bet)
Seat 2: 38a1338c (button) folded before Flop (didn't bet)
Seat 3: bc3e2fc5 (small blind) collected ($0.2)
Seat 4: Hero (big blind) folded before Flop
Seat 5: 61e2760f folded before Flop (didn't bet)
Seat 6: 97beead6 folded before Flop (didn't bet)


Poker Hand #HD1757040921: Hold'em No Limit ($0.05/$0.1) - 2024/05/03 17:07:45
Table 'NLHRed8' 6-max Seat #1 is the button
Seat 1: e45571b5 ($10 in chips)
Seat 2: 38a1338c ($5.35 in chips)
Seat 3: bc3e2fc5 ($13.66 in chips)
Seat 4: Hero ($12.13 in chips)
Seat 5: 61e2760f ($18.33 in chips)
Seat 6: 97beead6 ($16.2 in chips)
38a1338c: posts small blind $0.05
bc3e2fc5: posts big blind $0.1
*** HOLE CARDS ***
Dealt to e45571b5 
Dealt to 38a1338c 
Dealt to bc3e2fc5 
Dealt to Hero [5h 8s]
Dealt to 61e2760f 
Dealt to 97beead6 
Hero: folds
61e2760f: folds
97beead6: folds
e45571b5: folds
38a1338c: folds
Uncalled bet ($0.05) returned to bc3e2fc5
*** SHOWDOWN ***
bc3e2fc5 collected $0.1 from pot
*** SUMMARY ***
Total pot $0.1 | Rake $0 | Jackpot $0 | Bingo $0 | Fortune $0 | Tax $0
Seat 1: e45571b5 (button) folded before Flop (didn't bet)
Seat 2: 38a1338c (small blind) folded before Flop
Seat 3: bc3e2fc5 (big blind) collected ($0.1)
Seat 4: Hero folded before Flop (didn't bet)
Seat 5: 61e2760f folded before Flop (didn't bet)
Seat 6: 97beead6 folded before Flop (didn't bet)


Poker Hand #HD1757040865: Hold'em No Limit ($0.05/$0.1) - 2024/05/03 17:07:20
Table 'NLHRed8' 6-max Seat #6 is the button
Seat 1: e45571b5 ($10 in chips)
Seat 2: 38a1338c ($5.45 in chips)
Seat 3: bc3e2fc5 ($13.66 in chips)
Seat 4: Hero ($12.13 in chips)
Seat 5: 61e2760f ($18.33 in chips)
Seat 6: 97beead6 ($16.05 in chips)
e45571b5: posts small blind $0.05
38a1338c: posts big blind $0.1
*** HOLE CARDS ***
Dealt to e45571b5 
Dealt to 38a1338c 
Dealt to bc3e2fc5 
Dealt to Hero [3d Ts]
Dealt to 61e2760f 
Dealt to 97beead6 
bc3e2fc5: folds
Hero: folds
61e2760f: folds
97beead6: raises $0.13 to $0.23
e45571b5: folds
38a1338c: folds
Uncalled bet ($0.13) returned to 97beead6
*** SHOWDOWN ***
97beead6 collected $0.25 from pot
*** SUMMARY ***
Total pot $0.25 | Rake $0 | Jackpot $0 | Bingo $0 | Fortune $0 | Tax $0
Seat 1: e45571b5 (small blind) folded before Flop
Seat 2: 38a1338c (big blind) folded before Flop
Seat 3: bc3e2fc5 folded before Flop (didn't bet)
Seat 4: Hero folded before Flop (didn't bet)
Seat 5: 61e2760f folded before Flop (didn't bet)
Seat 6: 97beead6 (button) collected ($0.25)


Poker Hand #HD1757040831: Hold'em No Limit ($0.05/$0.1) - 2024/05/03 17:06:57
Table 'NLHRed8' 6-max Seat #5 is the button
Seat 1: e45571b5 ($10.1 in chips)
Seat 2: 38a1338c ($5.45 in chips)
Seat 3: bc3e2fc5 ($13.51 in chips)
Seat 4: Hero ($12.13 in chips)
Seat 5: 61e2760f ($18.33 in chips)
Seat 6: 97beead6 ($16.1 in chips)
97beead6: posts small blind $0.05
e45571b5: posts big blind $0.1
*** HOLE CARDS ***
Dealt to e45571b5 
Dealt to 38a1338c 
Dealt to bc3e2fc5 
Dealt to Hero [9s 2c]
Dealt to 61e2760f 
Dealt to 97beead6 
38a1338c: folds
bc3e2fc5: raises $0.15 to $0.25
Hero: folds
61e2760f: folds
97beead6: folds
e45571b5: folds
Uncalled bet ($0.15) returned to bc3e2fc5
*** SHOWDOWN ***
bc3e2fc5 collected $0.25 from pot
*** SUMMARY ***
Total pot $0.25 | Rake $0 | Jackpot $0 | Bingo $0 | Fortune $0 | Tax $0
Seat 1: e45571b5 (big blind) folded before Flop
Seat 2: 38a1338c folded before Flop (didn't bet)
Seat 3: bc3e2fc5 collected ($0.25)
Seat 4: Hero folded before Flop (didn't bet)
Seat 5: 61e2760f (button) folded before Flop (didn't bet)
Seat 6: 97beead6 (small blind) folded before Flop


Poker Hand #HD1757040708: Hold'em No Limit ($0.05/$0.1) - 2024/05/03 17:05:52
Table 'NLHRed8' 6-max Seat #4 is the button
Seat 1: e45571b5 ($10.1 in chips)
Seat 2: 38a1338c ($4.83 in chips)
Seat 3: bc3e2fc5 ($13.51 in chips)
Seat 4: Hero ($12.13 in chips)
Seat 5: 61e2760f ($18.38 in chips)
Seat 6: 97beead6 ($16.73 in chips)
61e2760f: posts small blind $0.05
97beead6: posts big blind $0.1
*** HOLE CARDS ***
Dealt to e45571b5 
Dealt to 38a1338c 
Dealt to bc3e2fc5 
Dealt to Hero [4c Kc]
Dealt to 61e2760f 
Dealt to 97beead6 
e45571b5: folds
38a1338c: raises $0.15 to $0.25
bc3e2fc5: folds
Hero: folds
61e2760f: folds
97beead6: calls $0.15
*** FLOP *** [2h Qs 6d]
97beead6: bets $0.38
38a1338c: calls $0.38
*** TURN *** [2h Qs 6d] [Ah]
97beead6: checks
38a1338c: checks
*** RIVER *** [2h Qs 6d Ah] [Jc]
97beead6: checks
38a1338c: checks
97beead6: shows [7s 6s] (Pair of Sixes)
38a1338c: shows [Qd Tc] (Pair of Queens)
*** SHOWDOWN ***
38a1338c collected $1.25 from pot
*** SUMMARY ***
Total pot $1.31 | Rake $0.06 | Jackpot $0 | Bingo $0 | Fortune $0 | Tax $0
Board [2h Qs 6d Ah Jc]
Seat 1: e45571b5 folded before Flop (didn't bet)
Seat 2: 38a1338c showed [Qd Tc] and won ($1.25) with Pair of Queens
Seat 3: bc3e2fc5 folded before Flop (didn't bet)
Seat 4: Hero (button) folded before Flop (didn't bet)
Seat 5: 61e2760f (small blind) folded before Flop
Seat 6: 97beead6 (big blind) showed [7s 6s] and lost with Pair of Sixes


Poker Hand #HD1757040654: Hold'em No Limit ($0.05/$0.1) - 2024/05/03 17:05:24
Table 'NLHRed8' 6-max Seat #3 is the button
Seat 1: e45571b5 ($10.1 in chips)
Seat 2: 38a1338c ($4.83 in chips)
Seat 3: bc3e2fc5 ($13.36 in chips)
Seat 4: Hero ($12.18 in chips)
Seat 5: 61e2760f ($18.48 in chips)
Seat 6: 97beead6 ($16.73 in chips)
Hero: posts small blind $0.05
61e2760f: posts big blind $0.1
*** HOLE CARDS ***
Dealt to e45571b5 
Dealt to 38a1338c 
Dealt to bc3e2fc5 
Dealt to Hero [7h Js]
Dealt to 61e2760f 
Dealt to 97beead6 
97beead6: folds
e45571b5: folds
38a1338c: folds
bc3e2fc5: raises $0.15 to $0.25
Hero: folds
61e2760f: folds
Uncalled bet ($0.15) returned to bc3e2fc5
*** SHOWDOWN ***
bc3e2fc5 collected $0.25 from pot
*** SUMMARY ***
Total pot $0.25 | Rake $0 | Jackpot $0 | Bingo $0 | Fortune $0 | Tax $0
Seat 1: e45571b5 folded before Flop (didn't bet)
Seat 2: 38a1338c folded before Flop (didn't bet)
Seat 3: bc3e2fc5 (button) collected ($0.25)
Seat 4: Hero (small blind) folded before Flop
Seat 5: 61e2760f (big blind) folded before Flop
Seat 6: 97beead6 folded before Flop (didn't bet)


Poker Hand #HD1757040613: Hold'em No Limit ($0.05/$0.1) - 2024/05/03 17:05:05
Table 'NLHRed8' 6-max Seat #2 is the button
Seat 1: e45571b5 ($10.1 in chips)
Seat 2: 38a1338c ($4.83 in chips)
Seat 3: bc3e2fc5 ($13.41 in chips)
Seat 4: Hero ($12.13 in chips)
Seat 5: 61e2760f ($18.48 in chips)
Seat 6: 97beead6 ($16.73 in chips)
bc3e2fc5: posts small blind $0.05
Hero: posts big blind $0.1
*** HOLE CARDS ***
Dealt to e45571b5 
Dealt to 38a1338c 
Dealt to bc3e2fc5 
Dealt to Hero [Qs 5s]
Dealt to 61e2760f 
Dealt to 97beead6 
61e2760f: folds
97beead6: folds
e45571b5: folds
38a1338c: folds
bc3e2fc5: folds
Uncalled bet ($0.05) returned to Hero
*** SHOWDOWN ***
Hero collected $0.1 from pot
*** SUMMARY ***
Total pot $0.1 | Rake $0 | Jackpot $0 | Bingo $0 | Fortune $0 | Tax $0
Seat 1: e45571b5 folded before Flop (didn't bet)
Seat 2: 38a1338c (button) folded before Flop (didn't bet)
Seat 3: bc3e2fc5 (small blind) folded before Flop
Seat 4: Hero (big blind) collected ($0.1)
Seat 5: 61e2760f folded before Flop (didn't bet)
Seat 6: 97beead6 folded before Flop (didn't bet)


Poker Hand #HD1757040579: Hold'em No Limit ($0.05/$0.1) - 2024/05/03 17:04:49
Table 'NLHRed8' 6-max Seat #1 is the button
Seat 1: e45571b5 ($10.1 in chips)
Seat 2: 38a1338c ($4.88 in chips)
Seat 3: bc3e2fc5 ($13.36 in chips)
Seat 4: Hero ($12.13 in chips)
Seat 5: 61e2760f ($18.48 in chips)
Seat 6: 97beead6 ($16.73 in chips)
38a1338c: posts small blind $0.05
bc3e2fc5: posts big blind $0.1
*** HOLE CARDS ***
Dealt to e45571b5 
Dealt to 38a1338c 
Dealt to bc3e2fc5 
Dealt to Hero [8h 2c]
Dealt to 61e2760f 
Dealt to 97beead6 
Hero: folds
61e2760f: folds
97beead6: folds
e45571b5: folds
38a1338c: folds
Uncalled bet ($0.05) returned to bc3e2fc5
*** SHOWDOWN ***
bc3e2fc5 collected $0.1 from pot
*** SUMMARY ***
Total pot $0.1 | Rake $0 | Jackpot $0 | Bingo $0 | Fortune $0 | Tax $0
Seat 1: e45571b5 (button) folded before Flop (didn't bet)
Seat 2: 38a1338c (small blind) folded before Flop
Seat 3: bc3e2fc5 (big blind) collected ($0.1)
Seat 4: Hero folded before Flop (didn't bet)
Seat 5: 61e2760f folded before Flop (didn't bet)
Seat 6: 97beead6 folded before Flop (didn't bet)


Poker Hand #HD1757040426: Hold'em No Limit ($0.05/$0.1) - 2024/05/03 17:03:25
Table 'NLHRed8' 6-max Seat #6 is the button
Seat 1: e45571b5 ($10.15 in chips)
Seat 2: 38a1338c ($4.98 in chips)
Seat 3: bc3e2fc5 ($10.23 in chips)
Seat 4: Hero ($12.13 in chips)
Seat 5: 61e2760f ($18.83 in chips)
Seat 6: 97beead6 ($19.78 in chips)
e45571b5: posts small blind $0.05
38a1338c: posts big blind $0.1
*** HOLE CARDS ***
Dealt to e45571b5 
Dealt to 38a1338c 
Dealt to bc3e2fc5 
Dealt to Hero [2s 5c]
Dealt to 61e2760f 
Dealt to 97beead6 
bc3e2fc5: raises $0.25 to $0.35
Hero: folds
61e2760f: calls $0.35
97beead6: raises $1.05 to $1.4
e45571b5: folds
38a1338c: folds
bc3e2fc5: raises $1.65 to $3.05
61e2760f: folds
97beead6: calls $1.65
*** FLOP *** [6h 5s 7s]
bc3e2fc5: bets $0.9
97beead6: folds
Uncalled bet ($0.9) returned to bc3e2fc5
*** SHOWDOWN ***
bc3e2fc5 collected $6.18 from pot
*** SUMMARY ***
Total pot $6.6 | Rake $0.32 | Jackpot $0.1 | Bingo $0 | Fortune $0 | Tax $0
Board [6h 5s 7s]
Seat 1: e45571b5 (small blind) folded before Flop
Seat 2: 38a1338c (big blind) folded before Flop
Seat 3: bc3e2fc5 won ($6.18)
Seat 4: Hero folded before Flop (didn't bet)
Seat 5: 61e2760f folded before Flop
Seat 6: 97beead6 (button) folded on the Flop


Poker Hand #HD1757040381: Hold'em No Limit ($0.05/$0.1) - 2024/05/03 17:02:59
Table 'NLHRed8' 6-max Seat #5 is the button
Seat 1: e45571b5 ($10.1 in chips)
Seat 2: 38a1338c ($4.98 in chips)
Seat 3: bc3e2fc5 ($10.23 in chips)
Seat 4: Hero ($12.13 in chips)
Seat 5: 61e2760f ($18.83 in chips)
Seat 6: 97beead6 ($19.83 in chips)
97beead6: posts small blind $0.05
e45571b5: posts big blind $0.1
*** HOLE CARDS ***
Dealt to e45571b5 
Dealt to 38a1338c 
Dealt to bc3e2fc5 
Dealt to Hero [Th 6c]
Dealt to 61e2760f 
Dealt to 97beead6 
38a1338c: folds
bc3e2fc5: folds
Hero: folds
61e2760f: folds
97beead6: folds
Uncalled bet ($0.05) returned to e45571b5
*** SHOWDOWN ***
e45571b5 collected $0.1 from pot
*** SUMMARY ***
Total pot $0.1 | Rake $0 | Jackpot $0 | Bingo $0 | Fortune $0 | Tax $0
Seat 1: e45571b5 (big blind) collected ($0.1)
Seat 2: 38a1338c folded before Flop (didn't bet)
Seat 3: bc3e2fc5 folded before Flop (didn't bet)
Seat 4: Hero folded before Flop (didn't bet)
Seat 5: 61e2760f (button) folded before Flop (didn't bet)
Seat 6: 97beead6 (small blind) folded before Flop


Poker Hand #HD1757040354: Hold'em No Limit ($0.05/$0.1) - 2024/05/03 17:02:48
Table 'NLHRed8' 6-max Seat #4 is the button
Seat 1: e45571b5 ($10.1 in chips)
Seat 2: 38a1338c ($4.98 in chips)
Seat 3: bc3e2fc5 ($10.23 in chips)
Seat 4: Hero ($12.13 in chips)
Seat 5: 61e2760f ($18.88 in chips)
Seat 6: 97beead6 ($19.78 in chips)
61e2760f: posts small blind $0.05
97beead6: posts big blind $0.1
*** HOLE CARDS ***
Dealt to e45571b5 
Dealt to 38a1338c 
Dealt to bc3e2fc5 
Dealt to Hero [Tc 7h]
Dealt to 61e2760f 
Dealt to 97beead6 
e45571b5: folds
38a1338c: folds
bc3e2fc5: folds
Hero: folds
61e2760f: folds
Uncalled bet ($0.05) returned to 97beead6
*** SHOWDOWN ***
97beead6 collected $0.1 from pot
*** SUMMARY ***
Total pot $0.1 | Rake $0 | Jackpot $0 | Bingo $0 | Fortune $0 | Tax $0
Seat 1: e45571b5 folded before Flop (didn't bet)
Seat 2: 38a1338c folded before Flop (didn't bet)
Seat 3: bc3e2fc5 folded before Flop (didn't bet)
Seat 4: Hero (button) folded before Flop (didn't bet)
Seat 5: 61e2760f (small blind) folded before Flop
Seat 6: 97beead6 (big blind) collected ($0.1)


Poker Hand #HD1757040274: Hold'em No Limit ($0.05/$0.1) - 2024/05/03 17:02:02
Table 'NLHRed8' 6-max Seat #3 is the button
Seat 1: e45571b5 ($10.1 in chips)
Seat 2: 38a1338c ($4.98 in chips)
Seat 3: bc3e2fc5 ($9.95 in chips)
Seat 4: Hero ($12.18 in chips)
Seat 5: 61e2760f ($19.13 in chips)
Seat 6: 97beead6 ($19.78 in chips)
Hero: posts small blind $0.05
61e2760f: posts big blind $0.1
*** HOLE CARDS ***
Dealt to e45571b5 
Dealt to 38a1338c 
Dealt to bc3e2fc5 
Dealt to Hero [Jd 9c]
Dealt to 61e2760f 
Dealt to 97beead6 
97beead6: folds
e45571b5: folds
38a1338c: folds
bc3e2fc5: raises $0.15 to $0.25
Hero: folds
61e2760f: calls $0.15
*** FLOP *** [As Ks 2s]
61e2760f: checks
bc3e2fc5: bets $0.19
61e2760f: folds
Uncalled bet ($0.19) returned to bc3e2fc5
*** SHOWDOWN ***
bc3e2fc5 collected $0.53 from pot
*** SUMMARY ***
Total pot $0.55 | Rake $0.02 | Jackpot $0 | Bingo $0 | Fortune $0 | Tax $0
Board [As Ks 2s]
Seat 1: e45571b5 folded before Flop (didn't bet)
Seat 2: 38a1338c folded before Flop (didn't bet)
Seat 3: bc3e2fc5 (button) won ($0.53)
Seat 4: Hero (small blind) folded before Flop
Seat 5: 61e2760f (big blind) folded on the Flop
Seat 6: 97beead6 folded before Flop (didn't bet)


Poker Hand #HD1757040216: Hold'em No Limit ($0.05/$0.1) - 2024/05/03 17:01:35
Table 'NLHRed8' 6-max Seat #2 is the button
Seat 1: e45571b5 ($10.1 in chips)
Seat 2: 38a1338c ($4.98 in chips)
Seat 3: bc3e2fc5 ($10 in chips)
Seat 4: Hero ($12.28 in chips)
Seat 5: 61e2760f ($18.98 in chips)
Seat 6: 97beead6 ($19.78 in chips)
bc3e2fc5: posts small blind $0.05
Hero: posts big blind $0.1
*** HOLE CARDS ***
Dealt to e45571b5 
Dealt to 38a1338c 
Dealt to bc3e2fc5 
Dealt to Hero [Qc 8h]
Dealt to 61e2760f 
Dealt to 97beead6 
61e2760f: raises $0.1 to $0.2
97beead6: folds
e45571b5: folds
38a1338c: folds
bc3e2fc5: folds
Hero: folds
Uncalled bet ($0.1) returned to 61e2760f
*** SHOWDOWN ***
61e2760f collected $0.25 from pot
*** SUMMARY ***
Total pot $0.25 | Rake $0 | Jackpot $0 | Bingo $0 | Fortune $0 | Tax $0
Seat 1: e45571b5 folded before Flop (didn't bet)
Seat 2: 38a1338c (button) folded before Flop (didn't bet)
Seat 3: bc3e2fc5 (small blind) folded before Flop
Seat 4: Hero (big blind) folded before Flop
Seat 5: 61e2760f collected ($0.25)
Seat 6: 97beead6 folded before Flop (didn't bet)


Poker Hand #HD1757040151: Hold'em No Limit ($0.05/$0.1) - 2024/05/03 17:00:56
Table 'NLHRed8' 6-max Seat #1 is the button
Seat 1: e45571b5 ($10.1 in chips)
Seat 2: 38a1338c ($5.18 in chips)
Seat 3: bc3e2fc5 ($10 in chips)
Seat 4: Hero ($12.28 in chips)
Seat 5: 61e2760f ($18.7 in chips)
Seat 6: 97beead6 ($19.78 in chips)
38a1338c: posts small blind $0.05
bc3e2fc5: posts big blind $0.1
*** HOLE CARDS ***
Dealt to e45571b5 
Dealt to 38a1338c 
Dealt to bc3e2fc5 
Dealt to Hero [8h 9s]
Dealt to 61e2760f 
Dealt to 97beead6 
Hero: folds
61e2760f: raises $0.1 to $0.2
97beead6: folds
e45571b5: folds
38a1338c: calls $0.15
bc3e2fc5: folds
*** FLOP *** [8d Ad 6s]
38a1338c: checks
61e2760f: bets $0.17
38a1338c: folds
Uncalled bet ($0.17) returned to 61e2760f
*** SHOWDOWN ***
61e2760f collected $0.48 from pot
*** SUMMARY ***
Total pot $0.5 | Rake $0.02 | Jackpot $0 | Bingo $0 | Fortune $0 | Tax $0
Board [8d Ad 6s]
Seat 1: e45571b5 (button) folded before Flop (didn't bet)
Seat 2: 38a1338c (small blind) folded on the Flop
Seat 3: bc3e2fc5 (big blind) folded before Flop
Seat 4: Hero folded before Flop (didn't bet)
Seat 5: 61e2760f won ($0.48)
Seat 6: 97beead6 folded before Flop (didn't bet)


Poker Hand #HD1757040119: Hold'em No Limit ($0.05/$0.1) - 2024/05/03 17:00:40
Table 'NLHRed8' 6-max Seat #6 is the button
Seat 1: e45571b5 ($10.15 in chips)
Seat 2: 38a1338c ($5.13 in chips)
Seat 3: bc3e2fc5 ($10 in chips)
Seat 4: Hero ($12.28 in chips)
Seat 5: 61e2760f ($18.7 in chips)
Seat 6: 97beead6 ($19.78 in chips)
e45571b5: posts small blind $0.05
38a1338c: posts big blind $0.1
*** HOLE CARDS ***
Dealt to e45571b5 
Dealt to 38a1338c 
Dealt to bc3e2fc5 
Dealt to Hero [Kd 9c]
Dealt to 61e2760f 
Dealt to 97beead6 
bc3e2fc5: folds
Hero: folds
61e2760f: folds
97beead6: folds
e45571b5: folds
Uncalled bet ($0.05) returned to 38a1338c
*** SHOWDOWN ***
38a1338c collected $0.1 from pot
*** SUMMARY ***
Total pot $0.1 | Rake $0 | Jackpot $0 | Bingo $0 | Fortune $0 | Tax $0
Seat 1: e45571b5 (small blind) folded before Flop
Seat 2: 38a1338c (big blind) collected ($0.1)
Seat 3: bc3e2fc5 folded before Flop (didn't bet)
Seat 4: Hero folded before Flop (didn't bet)
Seat 5: 61e2760f folded before Flop (didn't bet)
Seat 6: 97beead6 (button) folded before Flop (didn't bet)


Poker Hand #HD1757040105: Hold'em No Limit ($0.05/$0.1) - 2024/05/03 17:00:29
Table 'NLHRed8' 6-max Seat #5 is the button
Seat 1: e45571b5 ($10.1 in chips)
Seat 2: 38a1338c ($5.13 in chips)
Seat 3: bc3e2fc5 ($10 in chips)
Seat 4: Hero ($12.28 in chips)
Seat 5: 61e2760f ($18.7 in chips)
Seat 6: 97beead6 ($19.83 in chips)
97beead6: posts small blind $0.05
e45571b5: posts big blind $0.1
*** HOLE CARDS ***
Dealt to e45571b5 
Dealt to 38a1338c 
Dealt to bc3e2fc5 
Dealt to Hero [7h 9s]
Dealt to 61e2760f 
Dealt to 97beead6 
38a1338c: folds
bc3e2fc5: folds
Hero: folds
61e2760f: folds
97beead6: folds
Uncalled bet ($0.05) returned to e45571b5
*** SHOWDOWN ***
e45571b5 collected $0.1 from pot
*** SUMMARY ***
Total pot $0.1 | Rake $0 | Jackpot $0 | Bingo $0 | Fortune $0 | Tax $0
Seat 1: e45571b5 (big blind) collected ($0.1)
Seat 2: 38a1338c folded before Flop (didn't bet)
Seat 3: bc3e2fc5 folded before Flop (didn't bet)
Seat 4: Hero folded before Flop (didn't bet)
Seat 5: 61e2760f (button) folded before Flop (didn't bet)
Seat 6: 97beead6 (small blind) folded before Flop


Poker Hand #HD1757039939: Hold'em No Limit ($0.05/$0.1) - 2024/05/03 16:58:57
Table 'NLHRed8' 6-max Seat #4 is the button
Seat 1: e45571b5 ($10.1 in chips)
Seat 2: 38a1338c ($5.13 in chips)
Seat 3: bc3e2fc5 ($9.95 in chips)
Seat 4: Hero ($12.28 in chips)
Seat 5: 61e2760f ($19.68 in chips)
Seat 6: 97beead6 ($10 in chips)
61e2760f: posts small blind $0.05
97beead6: posts big blind $0.1
*** HOLE CARDS ***
Dealt to e45571b5 
Dealt to 38a1338c 
Dealt to bc3e2fc5 
Dealt to Hero [Kc 5s]
Dealt to 61e2760f 
Dealt to 97beead6 
e45571b5: folds
38a1338c: folds
bc3e2fc5: raises $0.2 to $0.3
Hero: folds
61e2760f: calls $0.25
97beead6: calls $0.2
*** FLOP *** [Jd 9c 8s]
61e2760f: checks
97beead6: checks
bc3e2fc5: bets $0.68
61e2760f: calls $0.68
97beead6: calls $0.68
*** TURN *** [Jd 9c 8s] [6d]
61e2760f: checks
97beead6: checks
bc3e2fc5: bets $2.31
61e2760f: folds
97beead6: calls $2.31
*** RIVER *** [Jd 9c 8s 6d] [Ad]
97beead6: bets $6.71 and is all-in
bc3e2fc5: calls $6.66 and is all-in
Uncalled bet ($0.05) returned to 97beead6
97beead6: shows [Td Kd] (Ace High Flush)
bc3e2fc5: shows [8c 8h] (Three Eights)
*** SHOWDOWN ***
97beead6 collected $19.78 from pot
*** SUMMARY ***
Total pot $20.88 | Rake $1 | Jackpot $0.1 | Bingo $0 | Fortune $0 | Tax $0
Board [Jd 9c 8s 6d Ad]
Seat 1: e45571b5 folded before Flop (didn't bet)
Seat 2: 38a1338c folded before Flop (didn't bet)
Seat 3: bc3e2fc5 showed [8c 8h] and lost with Three Eights
Seat 4: Hero (button) folded before Flop (didn't bet)
Seat 5: 61e2760f (small blind) folded on the Turn
Seat 6: 97beead6 (big blind) showed [Td Kd] and won ($19.78) with Ace High Flush


Poker Hand #HD1757039882: Hold'em No Limit ($0.05/$0.1) - 2024/05/03 16:58:22
Table 'NLHRed8' 6-max Seat #3 is the button
Seat 1: e45571b5 ($10.1 in chips)
Seat 2: 38a1338c ($5.38 in chips)
Seat 3: bc3e2fc5 ($9.95 in chips)
Seat 4: Hero ($11.96 in chips)
Seat 5: 61e2760f ($19.78 in chips)
Hero: posts small blind $0.05
61e2760f: posts big blind $0.1
*** HOLE CARDS ***
Dealt to e45571b5 
Dealt to 38a1338c 
Dealt to bc3e2fc5 
Dealt to Hero [Ad 5d]
Dealt to 61e2760f 
e45571b5: folds
38a1338c: raises $0.15 to $0.25
bc3e2fc5: folds
Hero: raises $0.75 to $1
61e2760f: folds
38a1338c: folds
Uncalled bet ($0.75) returned to Hero
*** SHOWDOWN ***
Hero collected $0.57 from pot
*** SUMMARY ***
Total pot $0.6 | Rake $0.03 | Jackpot $0 | Bingo $0 | Fortune $0 | Tax $0
Seat 1: e45571b5 folded before Flop (didn't bet)
Seat 2: 38a1338c folded before Flop
Seat 3: bc3e2fc5 (button) folded before Flop (didn't bet)
Seat 4: Hero (small blind) collected ($0.57)
Seat 5: 61e2760f (big blind) folded before Flop


Poker Hand #HD1757039813: Hold'em No Limit ($0.05/$0.1) - 2024/05/03 16:57:42
Table 'NLHRed8' 6-max Seat #2 is the button
Seat 1: e45571b5 ($10.1 in chips)
Seat 2: 38a1338c ($5.05 in chips)
Seat 3: bc3e2fc5 ($10 in chips)
Seat 4: Hero ($12.06 in chips)
Seat 5: 61e2760f ($19.98 in chips)
bc3e2fc5: posts small blind $0.05
Hero: posts big blind $0.1
*** HOLE CARDS ***
Dealt to e45571b5 
Dealt to 38a1338c 
Dealt to bc3e2fc5 
Dealt to Hero [4h 3s]
Dealt to 61e2760f 
61e2760f: raises $0.1 to $0.2
e45571b5: folds
38a1338c: calls $0.2
bc3e2fc5: folds
Hero: folds
*** FLOP *** [Ad Qs Ks]
61e2760f: checks
38a1338c: bets $0.35
61e2760f: folds
Uncalled bet ($0.35) returned to 38a1338c
*** SHOWDOWN ***
38a1338c collected $0.53 from pot
*** SUMMARY ***
Total pot $0.55 | Rake $0.02 | Jackpot $0 | Bingo $0 | Fortune $0 | Tax $0
Board [Ad Qs Ks]
Seat 1: e45571b5 folded before Flop (didn't bet)
Seat 2: 38a1338c (button) won ($0.53)
Seat 3: bc3e2fc5 (small blind) folded before Flop
Seat 4: Hero (big blind) folded before Flop
Seat 5: 61e2760f folded on the Flop


Poker Hand #HD1757039608: Hold'em No Limit ($0.05/$0.1) - 2024/05/03 16:55:58
Table 'NLHRed8' 6-max Seat #1 is the button
Seat 1: e45571b5 ($10.1 in chips)
Seat 2: 38a1338c ($5.1 in chips)
Seat 3: bc3e2fc5 ($9.95 in chips)
Seat 4: Hero ($10.3 in chips)
Seat 5: 61e2760f ($21.88 in chips)
38a1338c: posts small blind $0.05
bc3e2fc5: posts big blind $0.1
*** HOLE CARDS ***
Dealt to e45571b5 
Dealt to 38a1338c 
Dealt to bc3e2fc5 
Dealt to Hero [Kc Jh]
Dealt to 61e2760f 
Hero: raises $0.1 to $0.2
61e2760f: calls $0.2
e45571b5: folds
38a1338c: folds
bc3e2fc5: folds
*** FLOP *** [Ks 3c 6c]
Hero: bets $0.2
61e2760f: calls $0.2
*** TURN *** [Ks 3c 6c] [3s]
Hero: bets $0.7
61e2760f: calls $0.7
*** RIVER *** [Ks 3c 6c 3s] [6s]
Hero: bets $0.8
61e2760f: calls $0.8
Hero: shows [Kc Jh] (Pair of Kings and Pair of Sixes)
61e2760f: shows [Qh Qd] (Pair of Queens and Pair of Sixes)
*** SHOWDOWN ***
Hero collected $3.66 from pot
*** SUMMARY ***
Total pot $3.95 | Rake $0.19 | Jackpot $0.1 | Bingo $0 | Fortune $0 | Tax $0
Board [Ks 3c 6c 3s 6s]
Seat 1: e45571b5 (button) folded before Flop (didn't bet)
Seat 2: 38a1338c (small blind) folded before Flop
Seat 3: bc3e2fc5 (big blind) folded before Flop
Seat 4: Hero showed [Kc Jh] and won ($3.66) with Pair of Kings and Pair of Sixes
Seat 5: 61e2760f showed [Qh Qd] and lost with Pair of Queens and Pair of Sixes


Poker Hand #HD1757039510: Hold'em No Limit ($0.05/$0.1) - 2024/05/03 16:55:05
Table 'NLHRed8' 6-max Seat #5 is the button
Seat 1: e45571b5 ($10 in chips)
Seat 2: 38a1338c ($5.2 in chips)
Seat 3: bc3e2fc5 ($9.95 in chips)
Seat 4: Hero ($10.3 in chips)
Seat 5: 61e2760f ($21.88 in chips)
e45571b5: posts small blind $0.05
38a1338c: posts big blind $0.1
*** HOLE CARDS ***
Dealt to e45571b5 
Dealt to 38a1338c 
Dealt to bc3e2fc5 
Dealt to Hero [5h 9c]
Dealt to 61e2760f 
bc3e2fc5: folds
Hero: folds
61e2760f: folds
e45571b5: raises $0.15 to $0.25
38a1338c: folds
Uncalled bet ($0.15) returned to e45571b5
*** SHOWDOWN ***
e45571b5 collected $0.2 from pot
*** SUMMARY ***
Total pot $0.2 | Rake $0 | Jackpot $0 | Bingo $0 | Fortune $0 | Tax $0
Seat 1: e45571b5 (small blind) collected ($0.2)
Seat 2: 38a1338c (big blind) folded before Flop
Seat 3: bc3e2fc5 folded before Flop (didn't bet)
Seat 4: Hero folded before Flop (didn't bet)
Seat 5: 61e2760f (button) folded before Flop (didn't bet)


Poker Hand #HD1757039372: Hold'em No Limit ($0.05/$0.1) - 2024/05/03 16:53:51
Table 'NLHRed8' 6-max Seat #4 is the button
Seat 1: e45571b5 ($10.45 in chips)
Seat 2: 38a1338c ($5.2 in chips)
Seat 3: bc3e2fc5 ($9.95 in chips)
Seat 4: Hero ($10.54 in chips)
Seat 5: 61e2760f ($20.46 in chips)
61e2760f: posts small blind $0.05
e45571b5: posts big blind $0.1
*** HOLE CARDS ***
Dealt to e45571b5 
Dealt to 38a1338c 
Dealt to bc3e2fc5 
Dealt to Hero [Qs Ad]
Dealt to 61e2760f 
38a1338c: folds
bc3e2fc5: folds
Hero: raises $0.14 to $0.24
61e2760f: calls $0.19
e45571b5: calls $0.14
*** FLOP *** [Td 6s 7s]
61e2760f: checks
e45571b5: bets $0.36
Hero: folds
61e2760f: calls $0.36
*** TURN *** [Td 6s 7s] [3h]
61e2760f: checks
e45571b5: bets $0.72
61e2760f: raises $2.16 to $2.88
e45571b5: folds
Uncalled bet ($2.16) returned to 61e2760f
*** SHOWDOWN ***
61e2760f collected $2.74 from pot
*** SUMMARY ***
Total pot $2.88 | Rake $0.14 | Jackpot $0 | Bingo $0 | Fortune $0 | Tax $0
Board [Td 6s 7s 3h]
Seat 1: e45571b5 (big blind) folded on the Turn
Seat 2: 38a1338c folded before Flop (didn't bet)
Seat 3: bc3e2fc5 folded before Flop (didn't bet)
Seat 4: Hero (button) folded on the Flop
Seat 5: 61e2760f (small blind) won ($2.74)


Poker Hand #HD1757039342: Hold'em No Limit ($0.05/$0.1) - 2024/05/03 16:53:37
Table 'NLHRed8' 6-max Seat #3 is the button
Seat 1: e45571b5 ($10.3 in chips)
Seat 2: 38a1338c ($5.2 in chips)
Seat 3: bc3e2fc5 ($9.95 in chips)
Seat 4: Hero ($10.59 in chips)
Seat 5: 61e2760f ($20.56 in chips)
Hero: posts small blind $0.05
61e2760f: posts big blind $0.1
*** HOLE CARDS ***
Dealt to e45571b5 
Dealt to 38a1338c 
Dealt to bc3e2fc5 
Dealt to Hero [Qs 9d]
Dealt to 61e2760f 
e45571b5: raises $0.15 to $0.25
38a1338c: folds
bc3e2fc5: folds
Hero: folds
61e2760f: folds
Uncalled bet ($0.15) returned to e45571b5
*** SHOWDOWN ***
e45571b5 collected $0.25 from pot
*** SUMMARY ***
Total pot $0.25 | Rake $0 | Jackpot $0 | Bingo $0 | Fortune $0 | Tax $0
Seat 1: e45571b5 collected ($0.25)
Seat 2: 38a1338c folded before Flop (didn't bet)
Seat 3: bc3e2fc5 (button) folded before Flop (didn't bet)
Seat 4: Hero (small blind) folded before Flop
Seat 5: 61e2760f (big blind) folded before Flop


Poker Hand #HD1757039300: Hold'em No Limit ($0.05/$0.1) - 2024/05/03 16:53:13
Table 'NLHRed8' 6-max Seat #2 is the button
Seat 1: e45571b5 ($10.15 in chips)
Seat 2: 38a1338c ($5.2 in chips)
Seat 3: bc3e2fc5 ($10 in chips)
Seat 4: Hero ($10.69 in chips)
Seat 5: 61e2760f ($20.56 in chips)
bc3e2fc5: posts small blind $0.05
Hero: posts big blind $0.1
*** HOLE CARDS ***
Dealt to e45571b5 
Dealt to 38a1338c 
Dealt to bc3e2fc5 
Dealt to Hero [7c 6h]
Dealt to 61e2760f 
61e2760f: folds
e45571b5: raises $0.15 to $0.25
38a1338c: folds
bc3e2fc5: folds
Hero: folds
Uncalled bet ($0.15) returned to e45571b5
*** SHOWDOWN ***
e45571b5 collected $0.25 from pot
*** SUMMARY ***
Total pot $0.25 | Rake $0 | Jackpot $0 | Bingo $0 | Fortune $0 | Tax $0
Seat 1: e45571b5 collected ($0.25)
Seat 2: 38a1338c (button) folded before Flop (didn't bet)
Seat 3: bc3e2fc5 (small blind) folded before Flop
Seat 4: Hero (big blind) folded before Flop
Seat 5: 61e2760f folded before Flop (didn't bet)


Poker Hand #HD1757039257: Hold'em No Limit ($0.05/$0.1) - 2024/05/03 16:52:48
Table 'NLHRed8' 6-max Seat #1 is the button
Seat 1: e45571b5 ($10.15 in chips)
Seat 2: 38a1338c ($5.25 in chips)
Seat 3: bc3e2fc5 ($10 in chips)
Seat 4: Hero ($10.54 in chips)
Seat 5: 61e2760f ($20.56 in chips)
38a1338c: posts small blind $0.05
bc3e2fc5: posts big blind $0.1
*** HOLE CARDS ***
Dealt to e45571b5 
Dealt to 38a1338c 
Dealt to bc3e2fc5 
Dealt to Hero [Ad Jc]
Dealt to 61e2760f 
Hero: raises $0.1 to $0.2
61e2760f: folds
e45571b5: folds
38a1338c: folds
bc3e2fc5: folds
Uncalled bet ($0.1) returned to Hero
*** SHOWDOWN ***
Hero collected $0.25 from pot
*** SUMMARY ***
Total pot $0.25 | Rake $0 | Jackpot $0 | Bingo $0 | Fortune $0 | Tax $0
Seat 1: e45571b5 (button) folded before Flop (didn't bet)
Seat 2: 38a1338c (small blind) folded before Flop
Seat 3: bc3e2fc5 (big blind) folded before Flop
Seat 4: Hero collected ($0.25)
Seat 5: 61e2760f folded before Flop (didn't bet)


Poker Hand #HD1757039216: Hold'em No Limit ($0.05/$0.1) - 2024/05/03 16:52:26
Table 'NLHRed8' 6-max Seat #5 is the button
Seat 1: e45571b5 ($10.05 in chips)
Seat 2: 38a1338c ($5.35 in chips)
Seat 3: bc3e2fc5 ($10 in chips)
Seat 4: Hero ($10.54 in chips)
Seat 5: 61e2760f ($20.56 in chips)
e45571b5: posts small blind $0.05
38a1338c: posts big blind $0.1
*** HOLE CARDS ***
Dealt to e45571b5 
Dealt to 38a1338c 
Dealt to bc3e2fc5 
Dealt to Hero [9d Jc]
Dealt to 61e2760f 
bc3e2fc5: folds
Hero: folds
61e2760f: folds
e45571b5: raises $0.15 to $0.25
38a1338c: folds
Uncalled bet ($0.15) returned to e45571b5
*** SHOWDOWN ***
e45571b5 collected $0.2 from pot
*** SUMMARY ***
Total pot $0.2 | Rake $0 | Jackpot $0 | Bingo $0 | Fortune $0 | Tax $0
Seat 1: e45571b5 (small blind) collected ($0.2)
Seat 2: 38a1338c (big blind) folded before Flop
Seat 3: bc3e2fc5 folded before Flop (didn't bet)
Seat 4: Hero folded before Flop (didn't bet)
Seat 5: 61e2760f (button) folded before Flop (didn't bet)


Poker Hand #HD1757039190: Hold'em No Limit ($0.05/$0.1) - 2024/05/03 16:52:08
Table 'NLHRed8' 6-max Seat #4 is the button
Seat 1: e45571b5 ($10 in chips)
Seat 2: 38a1338c ($5.35 in chips)
Seat 3: bc3e2fc5 ($10 in chips)
Seat 4: Hero ($10.54 in chips)
Seat 5: 61e2760f ($20.61 in chips)
61e2760f: posts small blind $0.05
e45571b5: posts big blind $0.1
*** HOLE CARDS ***
Dealt to e45571b5 
Dealt to 38a1338c 
Dealt to bc3e2fc5 
Dealt to Hero [8c 9s]
Dealt to 61e2760f 
38a1338c: folds
bc3e2fc5: folds
Hero: folds
61e2760f: folds
Uncalled bet ($0.05) returned to e45571b5
*** SHOWDOWN ***
e45571b5 collected $0.1 from pot
*** SUMMARY ***
Total pot $0.1 | Rake $0 | Jackpot $0 | Bingo $0 | Fortune $0 | Tax $0
Seat 1: e45571b5 (big blind) collected ($0.1)
Seat 2: 38a1338c folded before Flop (didn't bet)
Seat 3: bc3e2fc5 folded before Flop (didn't bet)
Seat 4: Hero (button) folded before Flop (didn't bet)
Seat 5: 61e2760f (small blind) folded before Flop


Poker Hand #HD1757039118: Hold'em No Limit ($0.05/$0.1) - 2024/05/03 16:51:31
Table 'NLHRed8' 6-max Seat #3 is the button
Seat 1: e45571b5 ($10 in chips)
Seat 2: 38a1338c ($5.35 in chips)
Seat 3: bc3e2fc5 ($10.1 in chips)
Seat 4: Hero ($10.22 in chips)
Seat 5: 61e2760f ($20.71 in chips)
Hero: posts small blind $0.05
61e2760f: posts big blind $0.1
*** HOLE CARDS ***
Dealt to e45571b5 
Dealt to 38a1338c 
Dealt to bc3e2fc5 
Dealt to Hero [Qs As]
Dealt to 61e2760f 
e45571b5: folds
38a1338c: folds
bc3e2fc5: raises $0.15 to $0.25
Hero: raises $0.75 to $1
61e2760f: folds
bc3e2fc5: folds
Uncalled bet ($0.75) returned to Hero
*** SHOWDOWN ***
Hero collected $0.57 from pot
*** SUMMARY ***
Total pot $0.6 | Rake $0.03 | Jackpot $0 | Bingo $0 | Fortune $0 | Tax $0
Seat 1: e45571b5 folded before Flop (didn't bet)
Seat 2: 38a1338c folded before Flop (didn't bet)
Seat 3: bc3e2fc5 (button) folded before Flop
Seat 4: Hero (small blind) collected ($0.57)
Seat 5: 61e2760f (big blind) folded before Flop


Poker Hand #HD1757039075: Hold'em No Limit ($0.05/$0.1) - 2024/05/03 16:51:08
Table 'NLHRed8' 6-max Seat #2 is the button
Seat 1: e45571b5 ($10 in chips)
Seat 2: 38a1338c ($5.35 in chips)
Seat 3: bc3e2fc5 ($10 in chips)
Seat 4: Hero ($10.32 in chips)
Seat 5: 61e2760f ($20.71 in chips)
bc3e2fc5: posts small blind $0.05
Hero: posts big blind $0.1
*** HOLE CARDS ***
Dealt to e45571b5 
Dealt to 38a1338c 
Dealt to bc3e2fc5 
Dealt to Hero [7h Ts]
Dealt to 61e2760f 
61e2760f: folds
e45571b5: folds
38a1338c: folds
bc3e2fc5: raises $0.25 to $0.35
Hero: folds
Uncalled bet ($0.25) returned to bc3e2fc5
*** SHOWDOWN ***
bc3e2fc5 collected $0.2 from pot
*** SUMMARY ***
Total pot $0.2 | Rake $0 | Jackpot $0 | Bingo $0 | Fortune $0 | Tax $0
Seat 1: e45571b5 folded before Flop (didn't bet)
Seat 2: 38a1338c (button) folded before Flop (didn't bet)
Seat 3: bc3e2fc5 (small blind) collected ($0.2)
Seat 4: Hero (big blind) folded before Flop
Seat 5: 61e2760f folded before Flop (didn't bet)


Poker Hand #HD1757039041: Hold'em No Limit ($0.05/$0.1) - 2024/05/03 16:50:46
Table 'NLHRed8' 6-max Seat #1 is the button
Seat 1: e45571b5 ($10 in chips)
Seat 2: 38a1338c ($5.4 in chips)
Seat 3: bc3e2fc5 ($10 in chips)
Seat 4: Hero ($10.32 in chips)
Seat 5: 61e2760f ($20.56 in chips)
38a1338c: posts small blind $0.05
bc3e2fc5: posts big blind $0.1
*** HOLE CARDS ***
Dealt to e45571b5 
Dealt to 38a1338c 
Dealt to bc3e2fc5 
Dealt to Hero [Ad 2c]
Dealt to 61e2760f 
Hero: folds
61e2760f: raises $0.1 to $0.2
e45571b5: folds
38a1338c: folds
bc3e2fc5: folds
Uncalled bet ($0.1) returned to 61e2760f
*** SHOWDOWN ***
61e2760f collected $0.25 from pot
*** SUMMARY ***
Total pot $0.25 | Rake $0 | Jackpot $0 | Bingo $0 | Fortune $0 | Tax $0
Seat 1: e45571b5 (button) folded before Flop (didn't bet)
Seat 2: 38a1338c (small blind) folded before Flop
Seat 3: bc3e2fc5 (big blind) folded before Flop
Seat 4: Hero folded before Flop (didn't bet)
Seat 5: 61e2760f collected ($0.25)


Poker Hand #HD1757039005: Hold'em No Limit ($0.05/$0.1) - 2024/05/03 16:50:29
Table 'NLHRed8' 6-max Seat #5 is the button
Seat 1: e45571b5 ($10.05 in chips)
Seat 2: 38a1338c ($5.35 in chips)
Seat 3: bc3e2fc5 ($10 in chips)
Seat 4: Hero ($10.32 in chips)
Seat 5: 61e2760f ($20.56 in chips)
e45571b5: posts small blind $0.05
38a1338c: posts big blind $0.1
*** HOLE CARDS ***
Dealt to e45571b5 
Dealt to 38a1338c 
Dealt to bc3e2fc5 
Dealt to Hero [Ac 5s]
Dealt to 61e2760f 
bc3e2fc5: folds
Hero: folds
61e2760f: folds
e45571b5: folds
Uncalled bet ($0.05) returned to 38a1338c
*** SHOWDOWN ***
38a1338c collected $0.1 from pot
*** SUMMARY ***
Total pot $0.1 | Rake $0 | Jackpot $0 | Bingo $0 | Fortune $0 | Tax $0
Seat 1: e45571b5 (small blind) folded before Flop
Seat 2: 38a1338c (big blind) collected ($0.1)
Seat 3: bc3e2fc5 folded before Flop (didn't bet)
Seat 4: Hero folded before Flop (didn't bet)
Seat 5: 61e2760f (button) folded before Flop (didn't bet)


Poker Hand #HD1757038985: Hold'em No Limit ($0.05/$0.1) - 2024/05/03 16:50:15
Table 'NLHRed8' 6-max Seat #4 is the button
Seat 1: e45571b5 ($10 in chips)
Seat 2: 38a1338c ($5.35 in chips)
Seat 3: bc3e2fc5 ($10 in chips)
Seat 4: Hero ($10.32 in chips)
Seat 5: 61e2760f ($20.61 in chips)
61e2760f: posts small blind $0.05
e45571b5: posts big blind $0.1
*** HOLE CARDS ***
Dealt to e45571b5 
Dealt to 38a1338c 
Dealt to bc3e2fc5 
Dealt to Hero [7h Qh]
Dealt to 61e2760f 
38a1338c: folds
bc3e2fc5: folds
Hero: folds
61e2760f: folds
Uncalled bet ($0.05) returned to e45571b5
*** SHOWDOWN ***
e45571b5 collected $0.1 from pot
*** SUMMARY ***
Total pot $0.1 | Rake $0 | Jackpot $0 | Bingo $0 | Fortune $0 | Tax $0
Seat 1: e45571b5 (big blind) collected ($0.1)
Seat 2: 38a1338c folded before Flop (didn't bet)
Seat 3: bc3e2fc5 folded before Flop (didn't bet)
Seat 4: Hero (button) folded before Flop (didn't bet)
Seat 5: 61e2760f (small blind) folded before Flop


Poker Hand #HD1757038869: Hold'em No Limit ($0.05/$0.1) - 2024/05/03 16:49:15
Table 'NLHRed8' 6-max Seat #3 is the button
Seat 1: e45571b5 ($10 in chips)
Seat 2: 38a1338c ($5.35 in chips)
Seat 3: bc3e2fc5 ($9.95 in chips)
Seat 4: Hero ($10.37 in chips)
Seat 5: 61e2760f ($19.53 in chips)
Hero: posts small blind $0.05
61e2760f: posts big blind $0.1
*** HOLE CARDS ***
Dealt to e45571b5 
Dealt to 38a1338c 
Dealt to bc3e2fc5 
Dealt to Hero [8d 5d]
Dealt to 61e2760f 
e45571b5: folds
38a1338c: folds
bc3e2fc5: raises $0.15 to $0.25
Hero: folds
61e2760f: calls $0.15
*** FLOP *** [Qs As 3d]
61e2760f: checks
bc3e2fc5: bets $0.19
61e2760f: calls $0.19
*** TURN *** [Qs As 3d] [Qd]
61e2760f: checks
bc3e2fc5: checks
*** RIVER *** [Qs As 3d Qd] [7s]
61e2760f: bets $0.7
bc3e2fc5: calls $0.7
61e2760f: shows [9s 8s] (Ace High Flush)
bc3e2fc5: shows [Ad Ts] (Pair of Aces and Pair of Queens)
*** SHOWDOWN ***
61e2760f collected $2.22 from pot
*** SUMMARY ***
Total pot $2.33 | Rake $0.11 | Jackpot $0 | Bingo $0 | Fortune $0 | Tax $0
Board [Qs As 3d Qd 7s]
Seat 1: e45571b5 folded before Flop (didn't bet)
Seat 2: 38a1338c folded before Flop (didn't bet)
Seat 3: bc3e2fc5 (button) showed [Ad Ts] and lost with Pair of Aces and Pair of Queens
Seat 4: Hero (small blind) folded before Flop
Seat 5: 61e2760f (big blind) showed [9s 8s] and won ($2.22) with Ace High Flush


Poker Hand #HD1757038841: Hold'em No Limit ($0.05/$0.1) - 2024/05/03 16:49:03
Table 'NLHRed8' 6-max Seat #2 is the button
Seat 1: e45571b5 ($10 in chips)
Seat 2: 38a1338c ($5.35 in chips)
Seat 3: bc3e2fc5 ($10 in chips)
Seat 4: Hero ($10.32 in chips)
Seat 5: 61e2760f ($19.53 in chips)
bc3e2fc5: posts small blind $0.05
Hero: posts big blind $0.1
*** HOLE CARDS ***
Dealt to e45571b5 
Dealt to 38a1338c 
Dealt to bc3e2fc5 
Dealt to Hero [Js As]
Dealt to 61e2760f 
61e2760f: folds
e45571b5: folds
38a1338c: folds
bc3e2fc5: folds
Uncalled bet ($0.05) returned to Hero
*** SHOWDOWN ***
Hero collected $0.1 from pot
*** SUMMARY ***
Total pot $0.1 | Rake $0 | Jackpot $0 | Bingo $0 | Fortune $0 | Tax $0
Seat 1: e45571b5 folded before Flop (didn't bet)
Seat 2: 38a1338c (button) folded before Flop (didn't bet)
Seat 3: bc3e2fc5 (small blind) folded before Flop
Seat 4: Hero (big blind) collected ($0.1)
Seat 5: 61e2760f folded before Flop (didn't bet)


Poker Hand #HD1757038681: Hold'em No Limit ($0.05/$0.1) - 2024/05/03 16:47:40
Table 'NLHRed8' 6-max Seat #1 is the button
Seat 1: e45571b5 ($10 in chips)
Seat 2: 38a1338c ($5.4 in chips)
Seat 3: bc3e2fc5 ($10.23 in chips)
Seat 4: Hero ($10.32 in chips)
Seat 5: 61e2760f ($18.37 in chips)
38a1338c: posts small blind $0.05
bc3e2fc5: posts big blind $0.1
*** HOLE CARDS ***
Dealt to e45571b5 
Dealt to 38a1338c 
Dealt to bc3e2fc5 
Dealt to Hero [3d Kh]
Dealt to 61e2760f 
Hero: folds
61e2760f: raises $0.1 to $0.2
e45571b5: folds
38a1338c: folds
bc3e2fc5: calls $0.1
*** FLOP *** [4c 2h Ts]
bc3e2fc5: checks
61e2760f: bets $0.15
bc3e2fc5: calls $0.15
*** TURN *** [4c 2h Ts] [8h]
bc3e2fc5: checks
61e2760f: bets $0.25
bc3e2fc5: calls $0.25
*** RIVER *** [4c 2h Ts 8h] [6h]
bc3e2fc5: bets $0.63
61e2760f: raises $1.47 to $2.1
bc3e2fc5: folds
Uncalled bet ($1.47) returned to 61e2760f
*** SHOWDOWN ***
61e2760f collected $2.39 from pot
*** SUMMARY ***
Total pot $2.51 | Rake $0.12 | Jackpot $0 | Bingo $0 | Fortune $0 | Tax $0
Board [4c 2h Ts 8h 6h]
Seat 1: e45571b5 (button) folded before Flop (didn't bet)
Seat 2: 38a1338c (small blind) folded before Flop
Seat 3: bc3e2fc5 (big blind) folded on the River
Seat 4: Hero folded before Flop (didn't bet)
Seat 5: 61e2760f won ($2.39)


Poker Hand #HD1757038567: Hold'em No Limit ($0.05/$0.1) - 2024/05/03 16:46:29
Table 'NLHRed8' 6-max Seat #5 is the button
Seat 1: e45571b5 ($10 in chips)
Seat 2: 38a1338c ($5.17 in chips)
Seat 3: bc3e2fc5 ($10.23 in chips)
Seat 4: Hero ($10.32 in chips)
Seat 5: 61e2760f ($18.57 in chips)
e45571b5: posts small blind $0.05
38a1338c: posts big blind $0.1
*** HOLE CARDS ***
Dealt to e45571b5 
Dealt to 38a1338c 
Dealt to bc3e2fc5 
Dealt to Hero [Ts 4h]
Dealt to 61e2760f 
bc3e2fc5: folds
Hero: folds
61e2760f: raises $0.1 to $0.2
e45571b5: folds
38a1338c: calls $0.1
*** FLOP *** [4c Jd Qd]
38a1338c: checks
61e2760f: checks
*** TURN *** [4c Jd Qd] [3d]
38a1338c: bets $0.25
61e2760f: folds
Uncalled bet ($0.25) returned to 38a1338c
*** SHOWDOWN ***
38a1338c collected $0.43 from pot
*** SUMMARY ***
Total pot $0.45 | Rake $0.02 | Jackpot $0 | Bingo $0 | Fortune $0 | Tax $0
Board [4c Jd Qd 3d]
Seat 1: e45571b5 (small blind) folded before Flop
Seat 2: 38a1338c (big blind) won ($0.43)
Seat 3: bc3e2fc5 folded before Flop (didn't bet)
Seat 4: Hero folded before Flop (didn't bet)
Seat 5: 61e2760f (button) folded on the Turn


Poker Hand #HD1757038541: Hold'em No Limit ($0.05/$0.1) - 2024/05/03 16:46:17
Table 'NLHRed8' 6-max Seat #4 is the button
Seat 1: e45571b5 ($10 in chips)
Seat 2: 38a1338c ($5.17 in chips)
Seat 3: bc3e2fc5 ($10.23 in chips)
Seat 4: Hero ($10.32 in chips)
Seat 5: 61e2760f ($18.47 in chips)
61e2760f: posts small blind $0.05
e45571b5: posts big blind $0.1
*** HOLE CARDS ***
Dealt to e45571b5 
Dealt to 38a1338c 
Dealt to bc3e2fc5 
Dealt to Hero [Qd 7h]
Dealt to 61e2760f 
38a1338c: folds
bc3e2fc5: folds
Hero: folds
61e2760f: raises $0.1 to $0.2
e45571b5: folds
Uncalled bet ($0.1) returned to 61e2760f
*** SHOWDOWN ***
61e2760f collected $0.2 from pot
*** SUMMARY ***
Total pot $0.2 | Rake $0 | Jackpot $0 | Bingo $0 | Fortune $0 | Tax $0
Seat 1: e45571b5 (big blind) folded before Flop
Seat 2: 38a1338c folded before Flop (didn't bet)
Seat 3: bc3e2fc5 folded before Flop (didn't bet)
Seat 4: Hero (button) folded before Flop (didn't bet)
Seat 5: 61e2760f (small blind) collected ($0.2)


Poker Hand #HD1757038499: Hold'em No Limit ($0.05/$0.1) - 2024/05/03 16:45:53
Table 'NLHRed8' 6-max Seat #3 is the button
Seat 1: e45571b5 ($10 in chips)
Seat 2: 38a1338c ($5.42 in chips)
Seat 3: bc3e2fc5 ($10.23 in chips)
Seat 4: Hero ($10 in chips)
Seat 5: 61e2760f ($18.57 in chips)
Hero: posts small blind $0.05
61e2760f: posts big blind $0.1
*** HOLE CARDS ***
Dealt to e45571b5 
Dealt to 38a1338c 
Dealt to bc3e2fc5 
Dealt to Hero [9d Kd]
Dealt to 61e2760f 
e45571b5: folds
38a1338c: raises $0.15 to $0.25
bc3e2fc5: folds
Hero: raises $0.85 to $1.1
61e2760f: folds
38a1338c: folds
Uncalled bet ($0.85) returned to Hero
*** SHOWDOWN ***
Hero collected $0.57 from pot
*** SUMMARY ***
Total pot $0.6 | Rake $0.03 | Jackpot $0 | Bingo $0 | Fortune $0 | Tax $0
Seat 1: e45571b5 folded before Flop (didn't bet)
Seat 2: 38a1338c folded before Flop
Seat 3: bc3e2fc5 (button) folded before Flop (didn't bet)
Seat 4: Hero (small blind) collected ($0.57)
Seat 5: 61e2760f (big blind) folded before Flop


Poker Hand #HD1757038340: Hold'em No Limit ($0.05/$0.1) - 2024/05/03 16:44:25
Table 'NLHRed8' 6-max Seat #2 is the button
Seat 1: e45571b5 ($10.49 in chips)
Seat 2: 38a1338c ($5.42 in chips)
Seat 3: bc3e2fc5 ($10.28 in chips)
Seat 4: Hero ($10 in chips)
Seat 5: 61e2760f ($12.81 in chips)
bc3e2fc5: posts small blind $0.05
Hero: posts big blind $0.1
*** HOLE CARDS ***
Dealt to e45571b5 
Dealt to 38a1338c 
Dealt to bc3e2fc5 
Dealt to Hero [4s 5s]
Dealt to 61e2760f 
61e2760f: raises $0.1 to $0.2
e45571b5: calls $0.2
38a1338c: folds
bc3e2fc5: folds
Hero: calls $0.1
*** FLOP *** [Qh 4c Td]
Hero: checks
61e2760f: checks
e45571b5: bets $0.33
Hero: folds
61e2760f: calls $0.33
*** TURN *** [Qh 4c Td] [7s]
61e2760f: checks
e45571b5: bets $1.31
61e2760f: calls $1.31
*** RIVER *** [Qh 4c Td 7s] [2s]
61e2760f: checks
e45571b5: bets $4.4
61e2760f: raises $4.4 to $8.8
e45571b5: folds
Uncalled bet ($4.4) returned to 61e2760f
*** SHOWDOWN ***
61e2760f collected $12 from pot
*** SUMMARY ***
Total pot $12.73 | Rake $0.63 | Jackpot $0.1 | Bingo $0 | Fortune $0 | Tax $0
Board [Qh 4c Td 7s 2s]
Seat 1: e45571b5 folded on the River
Seat 2: 38a1338c (button) folded before Flop (didn't bet)
Seat 3: bc3e2fc5 (small blind) folded before Flop
Seat 4: Hero (big blind) folded on the Flop
Seat 5: 61e2760f won ($12)


Poker Hand #HD1757038260: Hold'em No Limit ($0.05/$0.1) - 2024/05/03 16:43:43
Table 'NLHRed8' 6-max Seat #1 is the button
Seat 1: e45571b5 ($10.74 in chips)
Seat 2: 38a1338c ($5.47 in chips)
Seat 3: bc3e2fc5 ($10 in chips)
Seat 4: Hero ($10 in chips)
Seat 5: 61e2760f ($12.81 in chips)
38a1338c: posts small blind $0.05
bc3e2fc5: posts big blind $0.1
*** HOLE CARDS ***
Dealt to e45571b5 
Dealt to 38a1338c 
Dealt to bc3e2fc5 
Dealt to Hero [Kh 2c]
Dealt to 61e2760f 
Hero: folds
61e2760f: folds
e45571b5: raises $0.15 to $0.25
38a1338c: folds
bc3e2fc5: calls $0.15
*** FLOP *** [6s 9c Kd]
bc3e2fc5: bets $0.19
e45571b5: folds
Uncalled bet ($0.19) returned to bc3e2fc5
*** SHOWDOWN ***
bc3e2fc5 collected $0.53 from pot
*** SUMMARY ***
Total pot $0.55 | Rake $0.02 | Jackpot $0 | Bingo $0 | Fortune $0 | Tax $0
Board [6s 9c Kd]
Seat 1: e45571b5 (button) folded on the Flop
Seat 2: 38a1338c (small blind) folded before Flop
Seat 3: bc3e2fc5 (big blind) won ($0.53)
Seat 4: Hero folded before Flop (didn't bet)
Seat 5: 61e2760f folded before Flop (didn't bet)


Poker Hand #HD1757038234: Hold'em No Limit ($0.05/$0.1) - 2024/05/03 16:43:30
Table 'NLHRed8' 6-max Seat #5 is the button
Seat 1: e45571b5 ($10.64 in chips)
Seat 2: 38a1338c ($5.57 in chips)
Seat 3: bc3e2fc5 ($10 in chips)
Seat 4: Hero ($10 in chips)
Seat 5: 61e2760f ($12.81 in chips)
e45571b5: posts small blind $0.05
38a1338c: posts big blind $0.1
*** HOLE CARDS ***
Dealt to e45571b5 
Dealt to 38a1338c 
Dealt to bc3e2fc5 
Dealt to Hero [2h Kc]
Dealt to 61e2760f 
bc3e2fc5: folds
Hero: folds
61e2760f: folds
e45571b5: raises $0.15 to $0.25
38a1338c: folds
Uncalled bet ($0.15) returned to e45571b5
*** SHOWDOWN ***
e45571b5 collected $0.2 from pot
*** SUMMARY ***
Total pot $0.2 | Rake $0 | Jackpot $0 | Bingo $0 | Fortune $0 | Tax $0
Seat 1: e45571b5 (small blind) collected ($0.2)
Seat 2: 38a1338c (big blind) folded before Flop
Seat 3: bc3e2fc5 folded before Flop (didn't bet)
Seat 4: Hero folded before Flop (didn't bet)
Seat 5: 61e2760f (button) folded before Flop (didn't bet)


Poker Hand #HD1757038135: Hold'em No Limit ($0.05/$0.1) - 2024/05/03 16:42:42
Table 'NLHRed8' 6-max Seat #4 is the button
Seat 1: e45571b5 ($10.74 in chips)
Seat 2: 38a1338c ($5.57 in chips)
Seat 3: bc3e2fc5 ($9.95 in chips)
Seat 4: Hero ($10 in chips)
Seat 5: 61e2760f ($12.22 in chips)
61e2760f: posts small blind $0.05
e45571b5: posts big blind $0.1
*** HOLE CARDS ***
Dealt to e45571b5 
Dealt to 38a1338c 
Dealt to bc3e2fc5 
Dealt to Hero [7c Ad]
Dealt to 61e2760f 
38a1338c: folds
bc3e2fc5: raises $0.15 to $0.25
Hero: folds
61e2760f: calls $0.2
e45571b5: folds
*** FLOP *** [Qh 3h 8c]
61e2760f: checks
bc3e2fc5: bets $0.3
61e2760f: raises $0.6 to $0.9
bc3e2fc5: folds
Uncalled bet ($0.6) returned to 61e2760f
*** SHOWDOWN ***
61e2760f collected $1.14 from pot
*** SUMMARY ***
Total pot $1.2 | Rake $0.06 | Jackpot $0 | Bingo $0 | Fortune $0 | Tax $0
Board [Qh 3h 8c]
Seat 1: e45571b5 (big blind) folded before Flop
Seat 2: 38a1338c folded before Flop (didn't bet)
Seat 3: bc3e2fc5 folded on the Flop
Seat 4: Hero (button) folded before Flop (didn't bet)
Seat 5: 61e2760f (small blind) won ($1.14)


Poker Hand #HD1757038116: Hold'em No Limit ($0.05/$0.1) - 2024/05/03 16:42:32
Table 'NLHRed8' 6-max Seat #3 is the button
Seat 1: e45571b5 ($10.74 in chips)
Seat 2: 38a1338c ($5.57 in chips)
Seat 3: bc3e2fc5 ($9.95 in chips)
Seat 4: Hero ($10.05 in chips)
Seat 5: 61e2760f ($12.17 in chips)
Hero: posts small blind $0.05
61e2760f: posts big blind $0.1
*** HOLE CARDS ***
Dealt to e45571b5 
Dealt to 38a1338c 
Dealt to bc3e2fc5 
Dealt to Hero [Ts 4h]
Dealt to 61e2760f 
e45571b5: folds
38a1338c: folds
bc3e2fc5: folds
Hero: folds
Uncalled bet ($0.05) returned to 61e2760f
*** SHOWDOWN ***
61e2760f collected $0.1 from pot
*** SUMMARY ***
Total pot $0.1 | Rake $0 | Jackpot $0 | Bingo $0 | Fortune $0 | Tax $0
Seat 1: e45571b5 folded before Flop (didn't bet)
Seat 2: 38a1338c folded before Flop (didn't bet)
Seat 3: bc3e2fc5 (button) folded before Flop (didn't bet)
Seat 4: Hero (small blind) folded before Flop
Seat 5: 61e2760f (big blind) collected ($0.1)


Poker Hand #HD1757038088: Hold'em No Limit ($0.05/$0.1) - 2024/05/03 16:42:19
Table 'NLHRed8' 6-max Seat #2 is the button
Seat 1: e45571b5 ($10.74 in chips)
Seat 2: 38a1338c ($5.42 in chips)
Seat 3: bc3e2fc5 ($10 in chips)
Seat 4: Hero ($10.15 in chips)
Seat 5: 61e2760f ($12.17 in chips)
bc3e2fc5: posts small blind $0.05
Hero: posts big blind $0.1
*** HOLE CARDS ***
Dealt to e45571b5 
Dealt to 38a1338c 
Dealt to bc3e2fc5 
Dealt to Hero [3d 9s]
Dealt to 61e2760f 
61e2760f: folds
e45571b5: folds
38a1338c: raises $0.15 to $0.25
bc3e2fc5: folds
Hero: folds
Uncalled bet ($0.15) returned to 38a1338c
*** SHOWDOWN ***
38a1338c collected $0.25 from pot
*** SUMMARY ***
Total pot $0.25 | Rake $0 | Jackpot $0 | Bingo $0 | Fortune $0 | Tax $0
Seat 1: e45571b5 folded before Flop (didn't bet)
Seat 2: 38a1338c (button) collected ($0.25)
Seat 3: bc3e2fc5 (small blind) folded before Flop
Seat 4: Hero (big blind) folded before Flop
Seat 5: 61e2760f folded before Flop (didn't bet)


Poker Hand #HD1757038059: Hold'em No Limit ($0.05/$0.1) - 2024/05/03 16:42:00
Table 'NLHRed8' 6-max Seat #1 is the button
Seat 1: e45571b5 ($10.74 in chips)
Seat 2: 38a1338c ($5.47 in chips)
Seat 3: bc3e2fc5 ($9.95 in chips)
Seat 4: Hero ($10.15 in chips)
Seat 5: 61e2760f ($12.17 in chips)
38a1338c: posts small blind $0.05
bc3e2fc5: posts big blind $0.1
*** HOLE CARDS ***
Dealt to e45571b5 
Dealt to 38a1338c 
Dealt to bc3e2fc5 
Dealt to Hero [Ks Th]
Dealt to 61e2760f 
Hero: folds
61e2760f: folds
e45571b5: folds
38a1338c: folds
Uncalled bet ($0.05) returned to bc3e2fc5
*** SHOWDOWN ***
bc3e2fc5 collected $0.1 from pot
*** SUMMARY ***
Total pot $0.1 | Rake $0 | Jackpot $0 | Bingo $0 | Fortune $0 | Tax $0
Seat 1: e45571b5 (button) folded before Flop (didn't bet)
Seat 2: 38a1338c (small blind) folded before Flop
Seat 3: bc3e2fc5 (big blind) collected ($0.1)
Seat 4: Hero folded before Flop (didn't bet)
Seat 5: 61e2760f folded before Flop (didn't bet)


Poker Hand #HD1757037964: Hold'em No Limit ($0.05/$0.1) - 2024/05/03 16:41:11
Table 'NLHRed8' 6-max Seat #5 is the button
Seat 1: e45571b5 ($10.79 in chips)
Seat 2: 38a1338c ($5.97 in chips)
Seat 3: bc3e2fc5 ($9.95 in chips)
Seat 4: Hero ($10.15 in chips)
Seat 5: 61e2760f ($11.67 in chips)
e45571b5: posts small blind $0.05
38a1338c: posts big blind $0.1
*** HOLE CARDS ***
Dealt to e45571b5 
Dealt to 38a1338c 
Dealt to bc3e2fc5 
Dealt to Hero [8d Ac]
Dealt to 61e2760f 
bc3e2fc5: folds
Hero: folds
61e2760f: raises $0.1 to $0.2
e45571b5: folds
38a1338c: calls $0.1
*** FLOP *** [5d Th Jd]
38a1338c: checks
61e2760f: checks
*** TURN *** [5d Th Jd] [9c]
38a1338c: bets $0.3
61e2760f: calls $0.3
*** RIVER *** [5d Th Jd 9c] [8s]
38a1338c: checks
61e2760f: checks
38a1338c: shows [Jc 9s] (Pair of Jacks and Pair of Nines)
61e2760f: shows [8c 8h] (Three Eights)
*** SHOWDOWN ***
61e2760f collected $1 from pot
*** SUMMARY ***
Total pot $1.05 | Rake $0.05 | Jackpot $0 | Bingo $0 | Fortune $0 | Tax $0
Board [5d Th Jd 9c 8s]
Seat 1: e45571b5 (small blind) folded before Flop
Seat 2: 38a1338c (big blind) showed [Jc 9s] and lost with Pair of Jacks and Pair of Nines
Seat 3: bc3e2fc5 folded before Flop (didn't bet)
Seat 4: Hero folded before Flop (didn't bet)
Seat 5: 61e2760f (button) showed [8c 8h] and won ($1) with Three Eights


Poker Hand #HD1757037940: Hold'em No Limit ($0.05/$0.1) - 2024/05/03 16:40:55
Table 'NLHRed8' 6-max Seat #4 is the button
Seat 1: e45571b5 ($10.89 in chips)
Seat 2: 38a1338c ($5.97 in chips)
Seat 3: bc3e2fc5 ($9.95 in chips)
Seat 4: Hero ($10 in chips)
Seat 5: 61e2760f ($11.72 in chips)
61e2760f: posts small blind $0.05
e45571b5: posts big blind $0.1
*** HOLE CARDS ***
Dealt to e45571b5 
Dealt to 38a1338c 
Dealt to bc3e2fc5 
Dealt to Hero [Tc Jd]
Dealt to 61e2760f 
38a1338c: folds
bc3e2fc5: folds
Hero: raises $0.14 to $0.24
61e2760f: folds
e45571b5: folds
Uncalled bet ($0.14) returned to Hero
*** SHOWDOWN ***
Hero collected $0.25 from pot
*** SUMMARY ***
Total pot $0.25 | Rake $0 | Jackpot $0 | Bingo $0 | Fortune $0 | Tax $0
Seat 1: e45571b5 (big blind) folded before Flop
Seat 2: 38a1338c folded before Flop (didn't bet)
Seat 3: bc3e2fc5 folded before Flop (didn't bet)
Seat 4: Hero (button) collected ($0.25)
Seat 5: 61e2760f (small blind) folded before Flop


Poker Hand #HD1757037906: Hold'em No Limit ($0.05/$0.1) - 2024/05/03 16:40:36
Table 'NLHRed8' 6-max Seat #3 is the button
Seat 1: e45571b5 ($10.89 in chips)
Seat 2: 38a1338c ($5.82 in chips)
Seat 3: bc3e2fc5 ($9.95 in chips)
Seat 4: Hero ($10.05 in chips)
Seat 5: 61e2760f ($11.82 in chips)
Hero: posts small blind $0.05
61e2760f: posts big blind $0.1
*** HOLE CARDS ***
Dealt to e45571b5 
Dealt to 38a1338c 
Dealt to bc3e2fc5 
Dealt to Hero [3d 6s]
Dealt to 61e2760f 
e45571b5: folds
38a1338c: raises $0.15 to $0.25
bc3e2fc5: folds
Hero: folds
61e2760f: folds
Uncalled bet ($0.15) returned to 38a1338c
*** SHOWDOWN ***
38a1338c collected $0.25 from pot
*** SUMMARY ***
Total pot $0.25 | Rake $0 | Jackpot $0 | Bingo $0 | Fortune $0 | Tax $0
Seat 1: e45571b5 folded before Flop (didn't bet)
Seat 2: 38a1338c collected ($0.25)
Seat 3: bc3e2fc5 (button) folded before Flop (didn't bet)
Seat 4: Hero (small blind) folded before Flop
Seat 5: 61e2760f (big blind) folded before Flop


Poker Hand #HD1757037870: Hold'em No Limit ($0.05/$0.1) - 2024/05/03 16:40:17
Table 'NLHRed8' 6-max Seat #2 is the button
Seat 1: e45571b5 ($10.89 in chips)
Seat 2: 38a1338c ($5.67 in chips)
Seat 3: bc3e2fc5 ($10 in chips)
Seat 4: Hero ($10.15 in chips)
Seat 5: 61e2760f ($11.82 in chips)
bc3e2fc5: posts small blind $0.05
Hero: posts big blind $0.1
*** HOLE CARDS ***
Dealt to e45571b5 
Dealt to 38a1338c 
Dealt to bc3e2fc5 
Dealt to Hero [5d Ks]
Dealt to 61e2760f 
61e2760f: folds
e45571b5: folds
38a1338c: raises $0.15 to $0.25
bc3e2fc5: folds
Hero: folds
Uncalled bet ($0.15) returned to 38a1338c
*** SHOWDOWN ***
38a1338c collected $0.25 from pot
*** SUMMARY ***
Total pot $0.25 | Rake $0 | Jackpot $0 | Bingo $0 | Fortune $0 | Tax $0
Seat 1: e45571b5 folded before Flop (didn't bet)
Seat 2: 38a1338c (button) collected ($0.25)
Seat 3: bc3e2fc5 (small blind) folded before Flop
Seat 4: Hero (big blind) folded before Flop
Seat 5: 61e2760f folded before Flop (didn't bet)


Poker Hand #HD1757037836: Hold'em No Limit ($0.05/$0.1) - 2024/05/03 16:39:56
Table 'NLHRed8' 6-max Seat #1 is the button
Seat 1: e45571b5 ($10.89 in chips)
Seat 2: 38a1338c ($5.72 in chips)
Seat 3: bc3e2fc5 ($9.95 in chips)
Seat 4: Hero ($10.15 in chips)
Seat 5: 61e2760f ($11.82 in chips)
38a1338c: posts small blind $0.05
bc3e2fc5: posts big blind $0.1
*** HOLE CARDS ***
Dealt to e45571b5 
Dealt to 38a1338c 
Dealt to bc3e2fc5 
Dealt to Hero [8c 8s]
Dealt to 61e2760f 
Hero: folds
61e2760f: folds
e45571b5: folds
38a1338c: folds
Uncalled bet ($0.05) returned to bc3e2fc5
*** SHOWDOWN ***
bc3e2fc5 collected $0.1 from pot
*** SUMMARY ***
Total pot $0.1 | Rake $0 | Jackpot $0 | Bingo $0 | Fortune $0 | Tax $0
Seat 1: e45571b5 (button) folded before Flop (didn't bet)
Seat 2: 38a1338c (small blind) folded before Flop
Seat 3: bc3e2fc5 (big blind) collected ($0.1)
Seat 4: Hero folded before Flop (didn't bet)
Seat 5: 61e2760f folded before Flop (didn't bet)


Poker Hand #HD1757037756: Hold'em No Limit ($0.05/$0.1) - 2024/05/03 16:39:10
Table 'NLHRed8' 6-max Seat #5 is the button
Seat 1: e45571b5 ($10.99 in chips)
Seat 2: 38a1338c ($5.72 in chips)
Seat 3: bc3e2fc5 ($9.95 in chips)
Seat 4: Hero ($10.15 in chips)
Seat 5: 61e2760f ($11.07 in chips)
Seat 6: 64ad608a ($0.72 in chips)
64ad608a: posts small blind $0.05
e45571b5: posts big blind $0.1
*** HOLE CARDS ***
Dealt to e45571b5 
Dealt to 38a1338c 
Dealt to bc3e2fc5 
Dealt to Hero [Tc 5s]
Dealt to 61e2760f 
Dealt to 64ad608a 
38a1338c: folds
bc3e2fc5: folds
Hero: folds
61e2760f: raises $0.1 to $0.2
64ad608a: raises $0.52 to $0.72 and is all-in
e45571b5: folds
61e2760f: calls $0.52
64ad608a: shows [6s 4s]
61e2760f: shows [Ad 9d]
*** FLOP *** [7c 7h 7d]
*** TURN *** [7c 7h 7d] [8h]
*** RIVER *** [7c 7h 7d 8h] [Kd]
*** SHOWDOWN ***
61e2760f collected $1.47 from pot
*** SUMMARY ***
Total pot $1.54 | Rake $0.07 | Jackpot $0 | Bingo $0 | Fortune $0 | Tax $0
Board [7c 7h 7d 8h Kd]
Seat 1: e45571b5 (big blind) folded before Flop
Seat 2: 38a1338c folded before Flop (didn't bet)
Seat 3: bc3e2fc5 folded before Flop (didn't bet)
Seat 4: Hero folded before Flop (didn't bet)
Seat 5: 61e2760f (button) showed [Ad 9d] and won ($1.47) with Three Sevens
Seat 6: 64ad608a (small blind) showed [6s 4s] and lost with Three Sevens


Poker Hand #HD1757037696: Hold'em No Limit ($0.05/$0.1) - 2024/05/03 16:38:40
Table 'NLHRed8' 6-max Seat #4 is the button
Seat 1: e45571b5 ($10.99 in chips)
Seat 2: 38a1338c ($5.72 in chips)
Seat 3: bc3e2fc5 ($9.95 in chips)
Seat 4: Hero ($10.15 in chips)
Seat 5: 61e2760f ($10.89 in chips)
Seat 6: 64ad608a ($0.92 in chips)
61e2760f: posts small blind $0.05
64ad608a: posts big blind $0.1
*** HOLE CARDS ***
Dealt to e45571b5 
Dealt to 38a1338c 
Dealt to bc3e2fc5 
Dealt to Hero [2h 7c]
Dealt to 61e2760f 
Dealt to 64ad608a 
e45571b5: folds
38a1338c: folds
bc3e2fc5: folds
Hero: folds
61e2760f: raises $0.1 to $0.2
64ad608a: calls $0.1
*** FLOP *** [Ac Ks 2c]
61e2760f: bets $0.2
64ad608a: folds
Uncalled bet ($0.2) returned to 61e2760f
*** SHOWDOWN ***
61e2760f collected $0.38 from pot
*** SUMMARY ***
Total pot $0.4 | Rake $0.02 | Jackpot $0 | Bingo $0 | Fortune $0 | Tax $0
Board [Ac Ks 2c]
Seat 1: e45571b5 folded before Flop (didn't bet)
Seat 2: 38a1338c folded before Flop (didn't bet)
Seat 3: bc3e2fc5 folded before Flop (didn't bet)
Seat 4: Hero (button) folded before Flop (didn't bet)
Seat 5: 61e2760f (small blind) won ($0.38)
Seat 6: 64ad608a (big blind) folded on the Flop


Poker Hand #HD1757037658: Hold'em No Limit ($0.05/$0.1) - 2024/05/03 16:38:16
Table 'NLHRed8' 6-max Seat #3 is the button
Seat 1: e45571b5 ($10.99 in chips)
Seat 2: 38a1338c ($5.72 in chips)
Seat 3: bc3e2fc5 ($9.95 in chips)
Seat 4: Hero ($10.05 in chips)
Seat 5: 61e2760f ($10.99 in chips)
Seat 6: 64ad608a ($0.92 in chips)
Hero: posts small blind $0.05
61e2760f: posts big blind $0.1
*** HOLE CARDS ***
Dealt to e45571b5 
Dealt to 38a1338c 
Dealt to bc3e2fc5 
Dealt to Hero [Kd 9s]
Dealt to 61e2760f 
Dealt to 64ad608a 
64ad608a: folds
e45571b5: folds
38a1338c: folds
bc3e2fc5: folds
Hero: raises $0.2 to $0.3
61e2760f: folds
Uncalled bet ($0.2) returned to Hero
*** SHOWDOWN ***
Hero collected $0.2 from pot
*** SUMMARY ***
Total pot $0.2 | Rake $0 | Jackpot $0 | Bingo $0 | Fortune $0 | Tax $0
Seat 1: e45571b5 folded before Flop (didn't bet)
Seat 2: 38a1338c folded before Flop (didn't bet)
Seat 3: bc3e2fc5 (button) folded before Flop (didn't bet)
Seat 4: Hero (small blind) collected ($0.2)
Seat 5: 61e2760f (big blind) folded before Flop
Seat 6: 64ad608a folded before Flop (didn't bet)


Poker Hand #HD1757037503: Hold'em No Limit ($0.05/$0.1) - 2024/05/03 16:36:56
Table 'NLHRed8' 6-max Seat #2 is the button
Seat 1: e45571b5 ($10.99 in chips)
Seat 2: 38a1338c ($5.72 in chips)
Seat 3: bc3e2fc5 ($10 in chips)
Seat 4: Hero ($10.15 in chips)
Seat 5: 61e2760f ($9.76 in chips)
Seat 6: 64ad608a ($2.12 in chips)
bc3e2fc5: posts small blind $0.05
Hero: posts big blind $0.1
*** HOLE CARDS ***
Dealt to e45571b5 
Dealt to 38a1338c 
Dealt to bc3e2fc5 
Dealt to Hero [Tc 6h]
Dealt to 61e2760f 
Dealt to 64ad608a 
61e2760f: raises $0.1 to $0.2
64ad608a: raises $0.19 to $0.39
e45571b5: folds
38a1338c: folds
bc3e2fc5: folds
Hero: folds
61e2760f: calls $0.19
*** FLOP *** [Qd 3s Kh]
61e2760f: checks
64ad608a: bets $0.31
61e2760f: calls $0.31
*** TURN *** [Qd 3s Kh] [7s]
61e2760f: checks
64ad608a: bets $0.3
61e2760f: calls $0.3
*** RIVER *** [Qd 3s Kh 7s] [Ad]
61e2760f: checks
64ad608a: bets $0.2
61e2760f: calls $0.2
64ad608a: shows [Ah 4h] (Pair of Aces)
61e2760f: shows [As Jc] (Pair of Aces)
*** SHOWDOWN ***
61e2760f collected $2.43 from pot
*** SUMMARY ***
Total pot $2.55 | Rake $0.12 | Jackpot $0 | Bingo $0 | Fortune $0 | Tax $0
Board [Qd 3s Kh 7s Ad]
Seat 1: e45571b5 folded before Flop (didn't bet)
Seat 2: 38a1338c (button) folded before Flop (didn't bet)
Seat 3: bc3e2fc5 (small blind) folded before Flop
Seat 4: Hero (big blind) folded before Flop
Seat 5: 61e2760f showed [As Jc] and won ($2.43) with Pair of Aces
Seat 6: 64ad608a showed [Ah 4h] and lost with Pair of Aces


Poker Hand #HD1757037454: Hold'em No Limit ($0.05/$0.1) - 2024/05/03 16:36:35
Table 'NLHRed8' 6-max Seat #1 is the button
Seat 1: e45571b5 ($10.99 in chips)
Seat 2: 38a1338c ($5.77 in chips)
Seat 3: bc3e2fc5 ($10 in chips)
Seat 4: Hero ($10 in chips)
Seat 5: 61e2760f ($9.76 in chips)
Seat 6: 64ad608a ($2.12 in chips)
38a1338c: posts small blind $0.05
bc3e2fc5: posts big blind $0.1
*** HOLE CARDS ***
Dealt to e45571b5 
Dealt to 38a1338c 
Dealt to bc3e2fc5 
Dealt to Hero [Js Kc]
Dealt to 61e2760f 
Dealt to 64ad608a 
Hero: raises $0.1 to $0.2
61e2760f: folds
64ad608a: folds
e45571b5: folds
38a1338c: folds
bc3e2fc5: folds
Uncalled bet ($0.1) returned to Hero
*** SHOWDOWN ***
Hero collected $0.25 from pot
*** SUMMARY ***
Total pot $0.25 | Rake $0 | Jackpot $0 | Bingo $0 | Fortune $0 | Tax $0
Seat 1: e45571b5 (button) folded before Flop (didn't bet)
Seat 2: 38a1338c (small blind) folded before Flop
Seat 3: bc3e2fc5 (big blind) folded before Flop
Seat 4: Hero collected ($0.25)
Seat 5: 61e2760f folded before Flop (didn't bet)
Seat 6: 64ad608a folded before Flop (didn't bet)


Poker Hand #HD1757037424: Hold'em No Limit ($0.05/$0.1) - 2024/05/03 16:36:16
Table 'NLHRed8' 6-max Seat #6 is the button
Seat 1: e45571b5 ($10.89 in chips)
Seat 2: 38a1338c ($5.87 in chips)
Seat 4: Hero ($10 in chips)
Seat 5: 61e2760f ($9.76 in chips)
Seat 6: 64ad608a ($2.12 in chips)
e45571b5: posts small blind $0.05
38a1338c: posts big blind $0.1
*** HOLE CARDS ***
Dealt to e45571b5 
Dealt to 38a1338c 
Dealt to Hero [Jh 3c]
Dealt to 61e2760f 
Dealt to 64ad608a 
Hero: folds
61e2760f: folds
64ad608a: folds
e45571b5: raises $0.15 to $0.25
38a1338c: folds
Uncalled bet ($0.15) returned to e45571b5
*** SHOWDOWN ***
e45571b5 collected $0.2 from pot
*** SUMMARY ***
Total pot $0.2 | Rake $0 | Jackpot $0 | Bingo $0 | Fortune $0 | Tax $0
Seat 1: e45571b5 (small blind) collected ($0.2)
Seat 2: 38a1338c (big blind) folded before Flop
Seat 4: Hero folded before Flop (didn't bet)
Seat 5: 61e2760f folded before Flop (didn't bet)
Seat 6: 64ad608a (button) folded before Flop (didn't bet)


Poker Hand #HD1757037390: Hold'em No Limit ($0.05/$0.1) - 2024/05/03 16:35:57
Table 'NLHRed8' 6-max Seat #5 is the button
Seat 1: e45571b5 ($10.99 in chips)
Seat 4: Hero ($10 in chips)
Seat 5: 61e2760f ($9.76 in chips)
Seat 6: 64ad608a ($2.02 in chips)
64ad608a: posts small blind $0.05
e45571b5: posts big blind $0.1
*** HOLE CARDS ***
Dealt to e45571b5 
Dealt to Hero [Jd 6d]
Dealt to 61e2760f 
Dealt to 64ad608a 
Hero: folds
61e2760f: folds
64ad608a: raises $0.1 to $0.2
e45571b5: folds
Uncalled bet ($0.1) returned to 64ad608a
*** SHOWDOWN ***
64ad608a collected $0.2 from pot
*** SUMMARY ***
Total pot $0.2 | Rake $0 | Jackpot $0 | Bingo $0 | Fortune $0 | Tax $0
Seat 1: e45571b5 (big blind) folded before Flop
Seat 4: Hero folded before Flop (didn't bet)
Seat 5: 61e2760f (button) folded before Flop (didn't bet)
Seat 6: 64ad608a (small blind) collected ($0.2)


Poker Hand #HD1757037334: Hold'em No Limit ($0.05/$0.1) - 2024/05/03 16:35:25
Table 'NLHRed8' 6-max Seat #4 is the button
Seat 1: e45571b5 ($10.99 in chips)
Seat 4: Hero ($10 in chips)
Seat 5: 61e2760f ($9.58 in chips)
Seat 6: 64ad608a ($2.22 in chips)
61e2760f: posts small blind $0.05
64ad608a: posts big blind $0.1
*** HOLE CARDS ***
Dealt to e45571b5 
Dealt to Hero [3c Qh]
Dealt to 61e2760f 
Dealt to 64ad608a 
e45571b5: folds
Hero: folds
61e2760f: raises $0.1 to $0.2
64ad608a: calls $0.1
*** FLOP *** [9c Jc 4d]
61e2760f: checks
64ad608a: checks
*** TURN *** [9c Jc 4d] [3s]
61e2760f: bets $0.2
64ad608a: folds
Uncalled bet ($0.2) returned to 61e2760f
*** SHOWDOWN ***
61e2760f collected $0.38 from pot
*** SUMMARY ***
Total pot $0.4 | Rake $0.02 | Jackpot $0 | Bingo $0 | Fortune $0 | Tax $0
Board [9c Jc 4d 3s]
Seat 1: e45571b5 folded before Flop (didn't bet)
Seat 4: Hero (button) folded before Flop (didn't bet)
Seat 5: 61e2760f (small blind) won ($0.38)
Seat 6: 64ad608a (big blind) folded on the Turn


Poker Hand #HD1757037221: Hold'em No Limit ($0.05/$0.1) - 2024/05/03 16:34:25
Table 'NLHRed8' 6-max Seat #1 is the button
Seat 1: e45571b5 ($10.99 in chips)
Seat 4: Hero ($10 in chips)
Seat 5: 61e2760f ($9.04 in chips)
Seat 6: 64ad608a ($2.22 in chips)
Hero: posts small blind $0.05
61e2760f: posts big blind $0.1
*** HOLE CARDS ***
Dealt to e45571b5 
Dealt to Hero [Ah Td]
Dealt to 61e2760f 
Dealt to 64ad608a 
64ad608a: folds
e45571b5: folds
Hero: raises $0.2 to $0.3
61e2760f: calls $0.2
*** FLOP *** [9d 7d 4h]
Hero: checks
61e2760f: bets $0.3
Hero: calls $0.3
*** TURN *** [9d 7d 4h] [5h]
Hero: checks
61e2760f: bets $0.6
Hero: folds
Uncalled bet ($0.6) returned to 61e2760f
*** SHOWDOWN ***
61e2760f collected $1.14 from pot
*** SUMMARY ***
Total pot $1.2 | Rake $0.06 | Jackpot $0 | Bingo $0 | Fortune $0 | Tax $0
Board [9d 7d 4h 5h]
Seat 1: e45571b5 (button) folded before Flop (didn't bet)
Seat 4: Hero (small blind) folded on the Turn
Seat 5: 61e2760f (big blind) won ($1.14)
Seat 6: 64ad608a folded before Flop (didn't bet)


Poker Hand #HD1757037165: Hold'em No Limit ($0.05/$0.1) - 2024/05/03 16:33:52
Table 'NLHRed8' 6-max Seat #6 is the button
Seat 1: e45571b5 ($11.04 in chips)
Seat 4: Hero ($10.1 in chips)
Seat 5: 61e2760f ($9.04 in chips)
Seat 6: 64ad608a ($1.6 in chips)
e45571b5: posts small blind $0.05
Hero: posts big blind $0.1
*** HOLE CARDS ***
Dealt to e45571b5 
Dealt to Hero [Td Qs]
Dealt to 61e2760f 
Dealt to 64ad608a 
61e2760f: folds
64ad608a: raises $0.2 to $0.3
e45571b5: folds
Hero: calls $0.2
*** FLOP *** [7h 9s 3d]
Hero: checks
64ad608a: bets $0.33
Hero: calls $0.33
*** TURN *** [7h 9s 3d] [5s]
Hero: checks
64ad608a: bets $0.44
Hero: folds
Uncalled bet ($0.44) returned to 64ad608a
*** SHOWDOWN ***
64ad608a collected $1.25 from pot
*** SUMMARY ***
Total pot $1.31 | Rake $0.06 | Jackpot $0 | Bingo $0 | Fortune $0 | Tax $0
Board [7h 9s 3d 5s]
Seat 1: e45571b5 (small blind) folded before Flop
Seat 4: Hero (big blind) folded on the Turn
Seat 5: 61e2760f folded before Flop (didn't bet)
Seat 6: 64ad608a (button) won ($1.25)


Poker Hand #HD1757037108: Hold'em No Limit ($0.05/$0.1) - 2024/05/03 16:33:20
Table 'NLHRed8' 6-max Seat #5 is the button
Seat 1: e45571b5 ($11.14 in chips)
Seat 2: 38a1338c ($5.87 in chips)
Seat 4: Hero ($10.1 in chips)
Seat 5: 61e2760f ($8.76 in chips)
Seat 6: 64ad608a ($1.8 in chips)
64ad608a: posts small blind $0.05
e45571b5: posts big blind $0.1
*** HOLE CARDS ***
Dealt to e45571b5 
Dealt to 38a1338c 
Dealt to Hero [3s Tc]
Dealt to 61e2760f 
Dealt to 64ad608a 
38a1338c: folds
Hero: folds
61e2760f: raises $0.1 to $0.2
64ad608a: calls $0.15
e45571b5: folds
*** FLOP *** [3h 6d 5s]
64ad608a: checks
61e2760f: bets $0.25
64ad608a: folds
Uncalled bet ($0.25) returned to 61e2760f
*** SHOWDOWN ***
61e2760f collected $0.48 from pot
*** SUMMARY ***
Total pot $0.5 | Rake $0.02 | Jackpot $0 | Bingo $0 | Fortune $0 | Tax $0
Board [3h 6d 5s]
Seat 1: e45571b5 (big blind) folded before Flop
Seat 2: 38a1338c folded before Flop (didn't bet)
Seat 4: Hero folded before Flop (didn't bet)
Seat 5: 61e2760f (button) won ($0.48)
Seat 6: 64ad608a (small blind) folded on the Flop


Poker Hand #HD1757037043: Hold'em No Limit ($0.05/$0.1) - 2024/05/03 16:32:42
Table 'NLHRed8' 6-max Seat #4 is the button
Seat 1: e45571b5 ($11.14 in chips)
Seat 2: 38a1338c ($5.87 in chips)
Seat 3: f25ef305 ($15.26 in chips)
Seat 4: Hero ($10.1 in chips)
Seat 5: 61e2760f ($8.58 in chips)
Seat 6: 64ad608a ($2 in chips)
61e2760f: posts small blind $0.05
64ad608a: posts big blind $0.1
*** HOLE CARDS ***
Dealt to e45571b5 
Dealt to 38a1338c 
Dealt to f25ef305 
Dealt to Hero [6c 8s]
Dealt to 61e2760f 
Dealt to 64ad608a 
e45571b5: folds
38a1338c: folds
f25ef305: folds
Hero: folds
61e2760f: raises $0.1 to $0.2
64ad608a: calls $0.1
*** FLOP *** [9c 7h 2h]
61e2760f: checks
64ad608a: checks
*** TURN *** [9c 7h 2h] [9d]
61e2760f: checks
64ad608a: checks
*** RIVER *** [9c 7h 2h 9d] [Td]
61e2760f: bets $0.3
64ad608a: folds
Uncalled bet ($0.3) returned to 61e2760f
*** SHOWDOWN ***
61e2760f collected $0.38 from pot
*** SUMMARY ***
Total pot $0.4 | Rake $0.02 | Jackpot $0 | Bingo $0 | Fortune $0 | Tax $0
Board [9c 7h 2h 9d Td]
Seat 1: e45571b5 folded before Flop (didn't bet)
Seat 2: 38a1338c folded before Flop (didn't bet)
Seat 3: f25ef305 folded before Flop (didn't bet)
Seat 4: Hero (button) folded before Flop (didn't bet)
Seat 5: 61e2760f (small blind) won ($0.38)
Seat 6: 64ad608a (big blind) folded on the River


Poker Hand #HD1757036995: Hold'em No Limit ($0.05/$0.1) - 2024/05/03 16:32:11
Table 'NLHRed8' 6-max Seat #3 is the button
Seat 1: e45571b5 ($11.14 in chips)
Seat 2: 38a1338c ($5.87 in chips)
Seat 3: f25ef305 ($15.26 in chips)
Seat 4: Hero ($10 in chips)
Seat 5: 61e2760f ($8.68 in chips)
Hero: posts small blind $0.05
61e2760f: posts big blind $0.1
*** HOLE CARDS ***
Dealt to e45571b5 
Dealt to 38a1338c 
Dealt to f25ef305 
Dealt to Hero [Tc Th]
Dealt to 61e2760f 
e45571b5: folds
38a1338c: folds
f25ef305: folds
Hero: raises $0.2 to $0.3
61e2760f: folds
Uncalled bet ($0.2) returned to Hero
*** SHOWDOWN ***
Hero collected $0.2 from pot
*** SUMMARY ***
Total pot $0.2 | Rake $0 | Jackpot $0 | Bingo $0 | Fortune $0 | Tax $0
Seat 1: e45571b5 folded before Flop (didn't bet)
Seat 2: 38a1338c folded before Flop (didn't bet)
Seat 3: f25ef305 (button) folded before Flop (didn't bet)
Seat 4: Hero (small blind) collected ($0.2)
Seat 5: 61e2760f (big blind) folded before Flop


Poker Hand #HD1757036939: Hold'em No Limit ($0.05/$0.1) - 2024/05/03 16:31:39
Table 'NLHRed8' 6-max Seat #2 is the button
Seat 1: e45571b5 ($10.99 in chips)
Seat 2: 38a1338c ($5.87 in chips)
Seat 3: f25ef305 ($15.31 in chips)
Seat 4: Hero ($10 in chips)
Seat 5: 61e2760f ($8.68 in chips)
Seat 6: 4e701740 ($1.51 in chips)
f25ef305: posts small blind $0.05
Hero: posts big blind $0.1
*** HOLE CARDS ***
Dealt to e45571b5 
Dealt to 38a1338c 
Dealt to f25ef305 
Dealt to Hero [Qh 2h]
Dealt to 61e2760f 
Dealt to 4e701740 
61e2760f: folds
4e701740: folds
e45571b5: raises $0.15 to $0.25
38a1338c: folds
f25ef305: folds
Hero: folds
Uncalled bet ($0.15) returned to e45571b5
*** SHOWDOWN ***
e45571b5 collected $0.25 from pot
*** SUMMARY ***
Total pot $0.25 | Rake $0 | Jackpot $0 | Bingo $0 | Fortune $0 | Tax $0
Seat 1: e45571b5 collected ($0.25)
Seat 2: 38a1338c (button) folded before Flop (didn't bet)
Seat 3: f25ef305 (small blind) folded before Flop
Seat 4: Hero (big blind) folded before Flop
Seat 5: 61e2760f folded before Flop (didn't bet)
Seat 6: 4e701740 folded before Flop (didn't bet)


Poker Hand #HD1757036772: Hold'em No Limit ($0.05/$0.1) - 2024/05/03 16:30:15
Table 'NLHRed8' 6-max Seat #1 is the button
Seat 1: e45571b5 ($10.52 in chips)
Seat 2: 38a1338c ($6.07 in chips)
Seat 3: f25ef305 ($15.41 in chips)
Seat 4: Hero ($10 in chips)
Seat 5: 61e2760f ($8.68 in chips)
Seat 6: 4e701740 ($1.51 in chips)
38a1338c: posts small blind $0.05
f25ef305: posts big blind $0.1
*** HOLE CARDS ***
Dealt to e45571b5 
Dealt to 38a1338c 
Dealt to f25ef305 
Dealt to Hero [Qc Jh]
Dealt to 61e2760f 
Dealt to 4e701740 
Hero: raises $0.1 to $0.2
61e2760f: folds
4e701740: folds
e45571b5: calls $0.2
38a1338c: calls $0.15
f25ef305: folds
*** FLOP *** [2h 4d Ac]
38a1338c: checks
Hero: checks
e45571b5: bets $0.35
38a1338c: folds
Hero: folds
Uncalled bet ($0.35) returned to e45571b5
*** SHOWDOWN ***
e45571b5 collected $0.67 from pot
*** SUMMARY ***
Total pot $0.7 | Rake $0.03 | Jackpot $0 | Bingo $0 | Fortune $0 | Tax $0
Board [2h 4d Ac]
Seat 1: e45571b5 (button) won ($0.67)
Seat 2: 38a1338c (small blind) folded on the Flop
Seat 3: f25ef305 (big blind) folded before Flop
Seat 4: Hero folded on the Flop
Seat 5: 61e2760f folded before Flop (didn't bet)
Seat 6: 4e701740 folded before Flop (didn't bet)


Poker Hand #HD1757036728: Hold'em No Limit ($0.05/$0.1) - 2024/05/03 16:29:43
Table 'NLHRed8' 6-max Seat #6 is the button
Seat 1: e45571b5 ($10.57 in chips)
Seat 2: 38a1338c ($6.17 in chips)
Seat 3: f25ef305 ($15.41 in chips)
Seat 4: Hero ($10.18 in chips)
Seat 5: 61e2760f ($8.35 in chips)
Seat 6: 4e701740 ($1.51 in chips)
e45571b5: posts small blind $0.05
38a1338c: posts big blind $0.1
*** HOLE CARDS ***
Dealt to e45571b5 
Dealt to 38a1338c 
Dealt to f25ef305 
Dealt to Hero [3d Ad]
Dealt to 61e2760f 
Dealt to 4e701740 
f25ef305: folds
Hero: raises $0.1 to $0.2
61e2760f: raises $0.4 to $0.6
4e701740: folds
e45571b5: folds
38a1338c: folds
Hero: folds
Uncalled bet ($0.4) returned to 61e2760f
*** SHOWDOWN ***
61e2760f collected $0.53 from pot
*** SUMMARY ***
Total pot $0.55 | Rake $0.02 | Jackpot $0 | Bingo $0 | Fortune $0 | Tax $0
Seat 1: e45571b5 (small blind) folded before Flop
Seat 2: 38a1338c (big blind) folded before Flop
Seat 3: f25ef305 folded before Flop (didn't bet)
Seat 4: Hero folded before Flop
Seat 5: 61e2760f collected ($0.53)
Seat 6: 4e701740 (button) folded before Flop (didn't bet)


Poker Hand #HD1757036697: Hold'em No Limit ($0.05/$0.1) - 2024/05/03 16:29:29
Table 'NLHRed8' 6-max Seat #5 is the button
Seat 1: e45571b5 ($10.52 in chips)
Seat 2: 38a1338c ($6.17 in chips)
Seat 3: f25ef305 ($15.41 in chips)
Seat 4: Hero ($10.18 in chips)
Seat 5: 61e2760f ($8.35 in chips)
Seat 6: 4e701740 ($1.56 in chips)
4e701740: posts small blind $0.05
e45571b5: posts big blind $0.1
*** HOLE CARDS ***
Dealt to e45571b5 
Dealt to 38a1338c 
Dealt to f25ef305 
Dealt to Hero [8h 7s]
Dealt to 61e2760f 
Dealt to 4e701740 
38a1338c: folds
f25ef305: folds
Hero: folds
61e2760f: folds
4e701740: folds
Uncalled bet ($0.05) returned to e45571b5
*** SHOWDOWN ***
e45571b5 collected $0.1 from pot
*** SUMMARY ***
Total pot $0.1 | Rake $0 | Jackpot $0 | Bingo $0 | Fortune $0 | Tax $0
Seat 1: e45571b5 (big blind) collected ($0.1)
Seat 2: 38a1338c folded before Flop (didn't bet)
Seat 3: f25ef305 folded before Flop (didn't bet)
Seat 4: Hero folded before Flop (didn't bet)
Seat 5: 61e2760f (button) folded before Flop (didn't bet)
Seat 6: 4e701740 (small blind) folded before Flop


Poker Hand #HD1757036662: Hold'em No Limit ($0.05/$0.1) - 2024/05/03 16:29:13
Table 'NLHRed8' 6-max Seat #4 is the button
Seat 1: e45571b5 ($10.52 in chips)
Seat 2: 38a1338c ($6.17 in chips)
Seat 3: f25ef305 ($15.41 in chips)
Seat 4: Hero ($10.03 in chips)
Seat 5: 61e2760f ($8.4 in chips)
Seat 6: 4e701740 ($1.66 in chips)
61e2760f: posts small blind $0.05
4e701740: posts big blind $0.1
*** HOLE CARDS ***
Dealt to e45571b5 
Dealt to 38a1338c 
Dealt to f25ef305 
Dealt to Hero [9s 9d]
Dealt to 61e2760f 
Dealt to 4e701740 
e45571b5: folds
38a1338c: folds
f25ef305: folds
Hero: raises $0.14 to $0.24
61e2760f: folds
4e701740: folds
Uncalled bet ($0.14) returned to Hero
*** SHOWDOWN ***
Hero collected $0.25 from pot
*** SUMMARY ***
Total pot $0.25 | Rake $0 | Jackpot $0 | Bingo $0 | Fortune $0 | Tax $0
Seat 1: e45571b5 folded before Flop (didn't bet)
Seat 2: 38a1338c folded before Flop (didn't bet)
Seat 3: f25ef305 folded before Flop (didn't bet)
Seat 4: Hero (button) collected ($0.25)
Seat 5: 61e2760f (small blind) folded before Flop
Seat 6: 4e701740 (big blind) folded before Flop


Poker Hand #HD1757036622: Hold'em No Limit ($0.05/$0.1) - 2024/05/03 16:28:52
Table 'NLHRed8' 6-max Seat #3 is the button
Seat 1: e45571b5 ($10.52 in chips)
Seat 2: 38a1338c ($6.17 in chips)
Seat 3: f25ef305 ($15.41 in chips)
Seat 4: Hero ($10.08 in chips)
Seat 5: 61e2760f ($8.5 in chips)
Seat 6: 4e701740 ($1.51 in chips)
Hero: posts small blind $0.05
61e2760f: posts big blind $0.1
*** HOLE CARDS ***
Dealt to e45571b5 
Dealt to 38a1338c 
Dealt to f25ef305 
Dealt to Hero [Jc Qs]
Dealt to 61e2760f 
Dealt to 4e701740 
4e701740: raises $0.2 to $0.3
e45571b5: folds
38a1338c: folds
f25ef305: folds
Hero: folds
61e2760f: folds
Uncalled bet ($0.2) returned to 4e701740
*** SHOWDOWN ***
4e701740 collected $0.25 from pot
*** SUMMARY ***
Total pot $0.25 | Rake $0 | Jackpot $0 | Bingo $0 | Fortune $0 | Tax $0
Seat 1: e45571b5 folded before Flop (didn't bet)
Seat 2: 38a1338c folded before Flop (didn't bet)
Seat 3: f25ef305 (button) folded before Flop (didn't bet)
Seat 4: Hero (small blind) folded before Flop
Seat 5: 61e2760f (big blind) folded before Flop
Seat 6: 4e701740 collected ($0.25)


Poker Hand #HD1757036522: Hold'em No Limit ($0.05/$0.1) - 2024/05/03 16:27:55
Table 'NLHRed8' 6-max Seat #2 is the button
Seat 1: e45571b5 ($10.52 in chips)
Seat 2: 38a1338c ($4.88 in chips)
Seat 3: f25ef305 ($15.46 in chips)
Seat 4: Hero ($10.18 in chips)
Seat 5: 61e2760f ($9.12 in chips)
Seat 6: 4e701740 ($2.13 in chips)
f25ef305: posts small blind $0.05
Hero: posts big blind $0.1
*** HOLE CARDS ***
Dealt to e45571b5 
Dealt to 38a1338c 
Dealt to f25ef305 
Dealt to Hero [6s Kd]
Dealt to 61e2760f 
Dealt to 4e701740 
61e2760f: raises $0.1 to $0.2
4e701740: raises $0.42 to $0.62
e45571b5: folds
38a1338c: calls $0.62
f25ef305: folds
Hero: folds
61e2760f: calls $0.42
*** FLOP *** [7d Jd 8c]
61e2760f: checks
4e701740: checks
38a1338c: bets $1
61e2760f: folds
4e701740: folds
Uncalled bet ($1) returned to 38a1338c
*** SHOWDOWN ***
38a1338c collected $1.91 from pot
*** SUMMARY ***
Total pot $2.01 | Rake $0.1 | Jackpot $0 | Bingo $0 | Fortune $0 | Tax $0
Board [7d Jd 8c]
Seat 1: e45571b5 folded before Flop (didn't bet)
Seat 2: 38a1338c (button) won ($1.91)
Seat 3: f25ef305 (small blind) folded before Flop
Seat 4: Hero (big blind) folded before Flop
Seat 5: 61e2760f folded on the Flop
Seat 6: 4e701740 folded on the Flop


Poker Hand #HD1757036495: Hold'em No Limit ($0.05/$0.1) - 2024/05/03 16:27:38
Table 'NLHRed8' 6-max Seat #1 is the button
Seat 1: e45571b5 ($10.37 in chips)
Seat 2: 38a1338c ($4.93 in chips)
Seat 3: f25ef305 ($15.56 in chips)
Seat 4: Hero ($10.18 in chips)
Seat 5: 61e2760f ($9.12 in chips)
Seat 6: 4e701740 ($2.13 in chips)
38a1338c: posts small blind $0.05
f25ef305: posts big blind $0.1
*** HOLE CARDS ***
Dealt to e45571b5 
Dealt to 38a1338c 
Dealt to f25ef305 
Dealt to Hero [6d Ac]
Dealt to 61e2760f 
Dealt to 4e701740 
Hero: folds
61e2760f: folds
4e701740: folds
e45571b5: raises $0.15 to $0.25
38a1338c: folds
f25ef305: folds
Uncalled bet ($0.15) returned to e45571b5
*** SHOWDOWN ***
e45571b5 collected $0.25 from pot
*** SUMMARY ***
Total pot $0.25 | Rake $0 | Jackpot $0 | Bingo $0 | Fortune $0 | Tax $0
Seat 1: e45571b5 (button) collected ($0.25)
Seat 2: 38a1338c (small blind) folded before Flop
Seat 3: f25ef305 (big blind) folded before Flop
Seat 4: Hero folded before Flop (didn't bet)
Seat 5: 61e2760f folded before Flop (didn't bet)
Seat 6: 4e701740 folded before Flop (didn't bet)


Poker Hand #HD1757036430: Hold'em No Limit ($0.05/$0.1) - 2024/05/03 16:26:58
Table 'NLHRed8' 6-max Seat #6 is the button
Seat 1: e45571b5 ($10.42 in chips)
Seat 2: 38a1338c ($4.79 in chips)
Seat 3: f25ef305 ($15.56 in chips)
Seat 4: Hero ($10.18 in chips)
Seat 5: 61e2760f ($9.22 in chips)
Seat 6: 4e701740 ($2.13 in chips)
e45571b5: posts small blind $0.05
38a1338c: posts big blind $0.1
*** HOLE CARDS ***
Dealt to e45571b5 
Dealt to 38a1338c 
Dealt to f25ef305 
Dealt to Hero [Qs 6c]
Dealt to 61e2760f 
Dealt to 4e701740 
f25ef305: folds
Hero: folds
61e2760f: calls $0.1
4e701740: folds
e45571b5: folds
38a1338c: checks
*** FLOP *** [2h 7s Ah]
38a1338c: checks
61e2760f: checks
*** TURN *** [2h 7s Ah] [8s]
38a1338c: bets $0.25
61e2760f: folds
Uncalled bet ($0.25) returned to 38a1338c
*** SHOWDOWN ***
38a1338c collected $0.24 from pot
*** SUMMARY ***
Total pot $0.25 | Rake $0.01 | Jackpot $0 | Bingo $0 | Fortune $0 | Tax $0
Board [2h 7s Ah 8s]
Seat 1: e45571b5 (small blind) folded before Flop
Seat 2: 38a1338c (big blind) won ($0.24)
Seat 3: f25ef305 folded before Flop (didn't bet)
Seat 4: Hero folded before Flop (didn't bet)
Seat 5: 61e2760f folded on the Turn
Seat 6: 4e701740 (button) folded before Flop (didn't bet)


Poker Hand #HD1757036331: Hold'em No Limit ($0.05/$0.1) - 2024/05/03 16:26:03
Table 'NLHRed8' 6-max Seat #4 is the button
Seat 1: e45571b5 ($10.52 in chips)
Seat 2: 38a1338c ($4.79 in chips)
Seat 3: f25ef305 ($15.41 in chips)
Seat 4: Hero ($10.18 in chips)
Seat 5: 61e2760f ($9.12 in chips)
Seat 6: 4e701740 ($2.28 in chips)
61e2760f: posts small blind $0.05
4e701740: posts big blind $0.1
*** HOLE CARDS ***
Dealt to e45571b5 
Dealt to 38a1338c 
Dealt to f25ef305 
Dealt to Hero [Kh 9d]
Dealt to 61e2760f 
Dealt to 4e701740 
e45571b5: folds
38a1338c: folds
f25ef305: raises $0.14 to $0.24
Hero: folds
61e2760f: folds
4e701740: folds
Uncalled bet ($0.14) returned to f25ef305
*** SHOWDOWN ***
f25ef305 collected $0.25 from pot
*** SUMMARY ***
Total pot $0.25 | Rake $0 | Jackpot $0 | Bingo $0 | Fortune $0 | Tax $0
Seat 1: e45571b5 folded before Flop (didn't bet)
Seat 2: 38a1338c folded before Flop (didn't bet)
Seat 3: f25ef305 collected ($0.25)
Seat 4: Hero (button) folded before Flop (didn't bet)
Seat 5: 61e2760f (small blind) folded before Flop
Seat 6: 4e701740 (big blind) folded before Flop


Poker Hand #HD1757036300: Hold'em No Limit ($0.05/$0.1) - 2024/05/03 16:25:45
Table 'NLHRed8' 6-max Seat #3 is the button
Seat 1: e45571b5 ($10.52 in chips)
Seat 2: 38a1338c ($4.79 in chips)
Seat 3: f25ef305 ($15.41 in chips)
Seat 4: Hero ($10.23 in chips)
Seat 5: 61e2760f ($9.07 in chips)
Seat 6: 4e701740 ($2.28 in chips)
Hero: posts small blind $0.05
61e2760f: posts big blind $0.1
*** HOLE CARDS ***
Dealt to e45571b5 
Dealt to 38a1338c 
Dealt to f25ef305 
Dealt to Hero [Ah 3c]
Dealt to 61e2760f 
Dealt to 4e701740 
4e701740: folds
e45571b5: folds
38a1338c: folds
f25ef305: folds
Hero: folds
Uncalled bet ($0.05) returned to 61e2760f
*** SHOWDOWN ***
61e2760f collected $0.1 from pot
*** SUMMARY ***
Total pot $0.1 | Rake $0 | Jackpot $0 | Bingo $0 | Fortune $0 | Tax $0
Seat 1: e45571b5 folded before Flop (didn't bet)
Seat 2: 38a1338c folded before Flop (didn't bet)
Seat 3: f25ef305 (button) folded before Flop (didn't bet)
Seat 4: Hero (small blind) folded before Flop
Seat 5: 61e2760f (big blind) collected ($0.1)
Seat 6: 4e701740 folded before Flop (didn't bet)


Poker Hand #HD1757036181: Hold'em No Limit ($0.05/$0.1) - 2024/05/03 16:24:39
Table 'NLHRed8' 6-max Seat #2 is the button
Seat 1: e45571b5 ($10.77 in chips)
Seat 2: 38a1338c ($4.79 in chips)
Seat 3: f25ef305 ($11.08 in chips)
Seat 4: Hero ($14.88 in chips)
Seat 5: 61e2760f ($9.07 in chips)
Seat 6: 4e701740 ($2.28 in chips)
f25ef305: posts small blind $0.05
Hero: posts big blind $0.1
*** HOLE CARDS ***
Dealt to e45571b5 
Dealt to 38a1338c 
Dealt to f25ef305 
Dealt to Hero [Qc Qd]
Dealt to 61e2760f 
Dealt to 4e701740 
61e2760f: folds
4e701740: folds
e45571b5: raises $0.15 to $0.25
38a1338c: folds
f25ef305: raises $0.61 to $0.86
Hero: raises $1.64 to $2.5
e45571b5: folds
f25ef305: raises $2.15 to $4.65
Hero: calls $2.15
*** FLOP *** [Kc 6s 4s]
f25ef305: bets $6.43 and is all-in
Hero: folds
Uncalled bet ($6.43) returned to f25ef305
*** SHOWDOWN ***
f25ef305 collected $8.98 from pot
*** SUMMARY ***
Total pot $9.55 | Rake $0.47 | Jackpot $0.1 | Bingo $0 | Fortune $0 | Tax $0
Board [Kc 6s 4s]
Seat 1: e45571b5 folded before Flop
Seat 2: 38a1338c (button) folded before Flop (didn't bet)
Seat 3: f25ef305 (small blind) won ($8.98)
Seat 4: Hero (big blind) folded on the Flop
Seat 5: 61e2760f folded before Flop (didn't bet)
Seat 6: 4e701740 folded before Flop (didn't bet)


Poker Hand #HD1757036138: Hold'em No Limit ($0.05/$0.1) - 2024/05/03 16:24:17
Table 'NLHRed8' 6-max Seat #1 is the button
Seat 1: e45571b5 ($10.77 in chips)
Seat 2: 38a1338c ($4.69 in chips)
Seat 3: f25ef305 ($11.18 in chips)
Seat 4: Hero ($14.88 in chips)
Seat 5: 61e2760f ($9.07 in chips)
Seat 6: 4e701740 ($2.28 in chips)
38a1338c: posts small blind $0.05
f25ef305: posts big blind $0.1
*** HOLE CARDS ***
Dealt to e45571b5 
Dealt to 38a1338c 
Dealt to f25ef305 
Dealt to Hero [Kh 4h]
Dealt to 61e2760f 
Dealt to 4e701740 
Hero: folds
61e2760f: folds
4e701740: folds
e45571b5: folds
38a1338c: raises $0.15 to $0.25
f25ef305: folds
Uncalled bet ($0.15) returned to 38a1338c
*** SHOWDOWN ***
38a1338c collected $0.2 from pot
*** SUMMARY ***
Total pot $0.2 | Rake $0 | Jackpot $0 | Bingo $0 | Fortune $0 | Tax $0
Seat 1: e45571b5 (button) folded before Flop (didn't bet)
Seat 2: 38a1338c (small blind) collected ($0.2)
Seat 3: f25ef305 (big blind) folded before Flop
Seat 4: Hero folded before Flop (didn't bet)
Seat 5: 61e2760f folded before Flop (didn't bet)
Seat 6: 4e701740 folded before Flop (didn't bet)


Poker Hand #HD1757036117: Hold'em No Limit ($0.05/$0.1) - 2024/05/03 16:24:05
Table 'NLHRed8' 6-max Seat #6 is the button
Seat 1: e45571b5 ($10.82 in chips)
Seat 2: 38a1338c ($4.64 in chips)
Seat 3: f25ef305 ($11.18 in chips)
Seat 4: Hero ($14.88 in chips)
Seat 5: 61e2760f ($9.07 in chips)
Seat 6: 4e701740 ($2.28 in chips)
e45571b5: posts small blind $0.05
38a1338c: posts big blind $0.1
*** HOLE CARDS ***
Dealt to e45571b5 
Dealt to 38a1338c 
Dealt to f25ef305 
Dealt to Hero [Ac 6d]
Dealt to 61e2760f 
Dealt to 4e701740 
f25ef305: folds
Hero: folds
61e2760f: folds
4e701740: folds
e45571b5: folds
Uncalled bet ($0.05) returned to 38a1338c
*** SHOWDOWN ***
38a1338c collected $0.1 from pot
*** SUMMARY ***
Total pot $0.1 | Rake $0 | Jackpot $0 | Bingo $0 | Fortune $0 | Tax $0
Seat 1: e45571b5 (small blind) folded before Flop
Seat 2: 38a1338c (big blind) collected ($0.1)
Seat 3: f25ef305 folded before Flop (didn't bet)
Seat 4: Hero folded before Flop (didn't bet)
Seat 5: 61e2760f folded before Flop (didn't bet)
Seat 6: 4e701740 (button) folded before Flop (didn't bet)


Poker Hand #HD1757036071: Hold'em No Limit ($0.05/$0.1) - 2024/05/03 16:23:41
Table 'NLHRed8' 6-max Seat #5 is the button
Seat 1: e45571b5 ($10.92 in chips)
Seat 2: 38a1338c ($4.64 in chips)
Seat 3: f25ef305 ($11.18 in chips)
Seat 4: Hero ($14.73 in chips)
Seat 5: 61e2760f ($9.07 in chips)
Seat 6: 4e701740 ($2.33 in chips)
4e701740: posts small blind $0.05
e45571b5: posts big blind $0.1
*** HOLE CARDS ***
Dealt to e45571b5 
Dealt to 38a1338c 
Dealt to f25ef305 
Dealt to Hero [Qc Qs]
Dealt to 61e2760f 
Dealt to 4e701740 
38a1338c: folds
f25ef305: folds
Hero: raises $0.14 to $0.24
61e2760f: folds
4e701740: folds
e45571b5: folds
Uncalled bet ($0.14) returned to Hero
*** SHOWDOWN ***
Hero collected $0.25 from pot
*** SUMMARY ***
Total pot $0.25 | Rake $0 | Jackpot $0 | Bingo $0 | Fortune $0 | Tax $0
Seat 1: e45571b5 (big blind) folded before Flop
Seat 2: 38a1338c folded before Flop (didn't bet)
Seat 3: f25ef305 folded before Flop (didn't bet)
Seat 4: Hero collected ($0.25)
Seat 5: 61e2760f (button) folded before Flop (didn't bet)
Seat 6: 4e701740 (small blind) folded before Flop


Poker Hand #HD1757036043: Hold'em No Limit ($0.05/$0.1) - 2024/05/03 16:23:21
Table 'NLHRed8' 6-max Seat #4 is the button
Seat 1: e45571b5 ($10.92 in chips)
Seat 2: 38a1338c ($4.49 in chips)
Seat 3: f25ef305 ($11.18 in chips)
Seat 4: Hero ($14.73 in chips)
Seat 5: 61e2760f ($9.12 in chips)
Seat 6: 4e701740 ($2.43 in chips)
61e2760f: posts small blind $0.05
4e701740: posts big blind $0.1
*** HOLE CARDS ***
Dealt to e45571b5 
Dealt to 38a1338c 
Dealt to f25ef305 
Dealt to Hero [8c 8h]
Dealt to 61e2760f 
Dealt to 4e701740 
e45571b5: folds
38a1338c: raises $0.15 to $0.25
f25ef305: folds
Hero: folds
61e2760f: folds
4e701740: folds
Uncalled bet ($0.15) returned to 38a1338c
*** SHOWDOWN ***
38a1338c collected $0.25 from pot
*** SUMMARY ***
Total pot $0.25 | Rake $0 | Jackpot $0 | Bingo $0 | Fortune $0 | Tax $0
Seat 1: e45571b5 folded before Flop (didn't bet)
Seat 2: 38a1338c collected ($0.25)
Seat 3: f25ef305 folded before Flop (didn't bet)
Seat 4: Hero (button) folded before Flop (didn't bet)
Seat 5: 61e2760f (small blind) folded before Flop
Seat 6: 4e701740 (big blind) folded before Flop


Poker Hand #HD1757036004: Hold'em No Limit ($0.05/$0.1) - 2024/05/03 16:22:58
Table 'NLHRed8' 6-max Seat #3 is the button
Seat 1: e45571b5 ($10.92 in chips)
Seat 2: 38a1338c ($4.34 in chips)
Seat 3: f25ef305 ($11.18 in chips)
Seat 4: Hero ($14.78 in chips)
Seat 5: 61e2760f ($9.22 in chips)
Seat 6: 4e701740 ($2.43 in chips)
Hero: posts small blind $0.05
61e2760f: posts big blind $0.1
*** HOLE CARDS ***
Dealt to e45571b5 
Dealt to 38a1338c 
Dealt to f25ef305 
Dealt to Hero [2s 5s]
Dealt to 61e2760f 
Dealt to 4e701740 
4e701740: folds
e45571b5: folds
38a1338c: raises $0.15 to $0.25
f25ef305: folds
Hero: folds
61e2760f: folds
Uncalled bet ($0.15) returned to 38a1338c
*** SHOWDOWN ***
38a1338c collected $0.25 from pot
*** SUMMARY ***
Total pot $0.25 | Rake $0 | Jackpot $0 | Bingo $0 | Fortune $0 | Tax $0
Seat 1: e45571b5 folded before Flop (didn't bet)
Seat 2: 38a1338c collected ($0.25)
Seat 3: f25ef305 (button) folded before Flop (didn't bet)
Seat 4: Hero (small blind) folded before Flop
Seat 5: 61e2760f (big blind) folded before Flop
Seat 6: 4e701740 folded before Flop (didn't bet)


Poker Hand #HD1757035970: Hold'em No Limit ($0.05/$0.1) - 2024/05/03 16:22:38
Table 'NLHRed8' 6-max Seat #2 is the button
Seat 1: e45571b5 ($10.92 in chips)
Seat 2: 38a1338c ($4.34 in chips)
Seat 3: f25ef305 ($11.23 in chips)
Seat 4: Hero ($14.88 in chips)
Seat 5: 61e2760f ($9.07 in chips)
Seat 6: 4e701740 ($2.43 in chips)
f25ef305: posts small blind $0.05
Hero: posts big blind $0.1
*** HOLE CARDS ***
Dealt to e45571b5 
Dealt to 38a1338c 
Dealt to f25ef305 
Dealt to Hero [3d 5s]
Dealt to 61e2760f 
Dealt to 4e701740 
61e2760f: raises $0.1 to $0.2
4e701740: folds
e45571b5: folds
38a1338c: folds
f25ef305: folds
Hero: folds
Uncalled bet ($0.1) returned to 61e2760f
*** SHOWDOWN ***
61e2760f collected $0.25 from pot
*** SUMMARY ***
Total pot $0.25 | Rake $0 | Jackpot $0 | Bingo $0 | Fortune $0 | Tax $0
Seat 1: e45571b5 folded before Flop (didn't bet)
Seat 2: 38a1338c (button) folded before Flop (didn't bet)
Seat 3: f25ef305 (small blind) folded before Flop
Seat 4: Hero (big blind) folded before Flop
Seat 5: 61e2760f collected ($0.25)
Seat 6: 4e701740 folded before Flop (didn't bet)


Poker Hand #HD1757035928: Hold'em No Limit ($0.05/$0.1) - 2024/05/03 16:22:17
Table 'NLHRed8' 6-max Seat #1 is the button
Seat 1: e45571b5 ($10.77 in chips)
Seat 2: 38a1338c ($4.39 in chips)
Seat 3: f25ef305 ($11.33 in chips)
Seat 4: Hero ($14.88 in chips)
Seat 5: 61e2760f ($9.07 in chips)
Seat 6: 4e701740 ($2.43 in chips)
38a1338c: posts small blind $0.05
f25ef305: posts big blind $0.1
*** HOLE CARDS ***
Dealt to e45571b5 
Dealt to 38a1338c 
Dealt to f25ef305 
Dealt to Hero [Qd 5h]
Dealt to 61e2760f 
Dealt to 4e701740 
Hero: folds
61e2760f: folds
4e701740: folds
e45571b5: raises $0.15 to $0.25
38a1338c: folds
f25ef305: folds
Uncalled bet ($0.15) returned to e45571b5
*** SHOWDOWN ***
e45571b5 collected $0.25 from pot
*** SUMMARY ***
Total pot $0.25 | Rake $0 | Jackpot $0 | Bingo $0 | Fortune $0 | Tax $0
Seat 1: e45571b5 (button) collected ($0.25)
Seat 2: 38a1338c (small blind) folded before Flop
Seat 3: f25ef305 (big blind) folded before Flop
Seat 4: Hero folded before Flop (didn't bet)
Seat 5: 61e2760f folded before Flop (didn't bet)
Seat 6: 4e701740 folded before Flop (didn't bet)


Poker Hand #HD1757035889: Hold'em No Limit ($0.05/$0.1) - 2024/05/03 16:21:52
Table 'NLHRed8' 6-max Seat #6 is the button
Seat 1: e45571b5 ($10.67 in chips)
Seat 2: 38a1338c ($4.49 in chips)
Seat 3: f25ef305 ($11.33 in chips)
Seat 4: Hero ($14.88 in chips)
Seat 5: 61e2760f ($9.07 in chips)
Seat 6: 4e701740 ($2.43 in chips)
e45571b5: posts small blind $0.05
38a1338c: posts big blind $0.1
*** HOLE CARDS ***
Dealt to e45571b5 
Dealt to 38a1338c 
Dealt to f25ef305 
Dealt to Hero [4d 9d]
Dealt to 61e2760f 
Dealt to 4e701740 
f25ef305: folds
Hero: folds
61e2760f: folds
4e701740: folds
e45571b5: raises $0.15 to $0.25
38a1338c: folds
Uncalled bet ($0.15) returned to e45571b5
*** SHOWDOWN ***
e45571b5 collected $0.2 from pot
*** SUMMARY ***
Total pot $0.2 | Rake $0 | Jackpot $0 | Bingo $0 | Fortune $0 | Tax $0
Seat 1: e45571b5 (small blind) collected ($0.2)
Seat 2: 38a1338c (big blind) folded before Flop
Seat 3: f25ef305 folded before Flop (didn't bet)
Seat 4: Hero folded before Flop (didn't bet)
Seat 5: 61e2760f folded before Flop (didn't bet)
Seat 6: 4e701740 (button) folded before Flop (didn't bet)


Poker Hand #HD1757035810: Hold'em No Limit ($0.05/$0.1) - 2024/05/03 16:21:12
Table 'NLHRed8' 6-max Seat #5 is the button
Seat 1: e45571b5 ($10.77 in chips)
Seat 2: 38a1338c ($4.34 in chips)
Seat 3: f25ef305 ($11.33 in chips)
Seat 4: Hero ($14.88 in chips)
Seat 5: 61e2760f ($9.07 in chips)
Seat 6: 4e701740 ($2.48 in chips)
4e701740: posts small blind $0.05
e45571b5: posts big blind $0.1
*** HOLE CARDS ***
Dealt to e45571b5 
Dealt to 38a1338c 
Dealt to f25ef305 
Dealt to Hero [Tc 9c]
Dealt to 61e2760f 
Dealt to 4e701740 
38a1338c: raises $0.15 to $0.25
f25ef305: folds
Hero: folds
61e2760f: folds
4e701740: folds
e45571b5: folds
Uncalled bet ($0.15) returned to 38a1338c
*** SHOWDOWN ***
38a1338c collected $0.25 from pot
*** SUMMARY ***
Total pot $0.25 | Rake $0 | Jackpot $0 | Bingo $0 | Fortune $0 | Tax $0
Seat 1: e45571b5 (big blind) folded before Flop
Seat 2: 38a1338c collected ($0.25)
Seat 3: f25ef305 folded before Flop (didn't bet)
Seat 4: Hero folded before Flop (didn't bet)
Seat 5: 61e2760f (button) folded before Flop (didn't bet)
Seat 6: 4e701740 (small blind) folded before Flop


Poker Hand #HD1757035785: Hold'em No Limit ($0.05/$0.1) - 2024/05/03 16:20:57
Table 'NLHRed8' 6-max Seat #4 is the button
Seat 1: e45571b5 ($10.77 in chips)
Seat 2: 38a1338c ($4.34 in chips)
Seat 3: f25ef305 ($11.33 in chips)
Seat 4: Hero ($14.88 in chips)
Seat 5: 61e2760f ($9.12 in chips)
Seat 6: 4e701740 ($2.43 in chips)
61e2760f: posts small blind $0.05
4e701740: posts big blind $0.1
*** HOLE CARDS ***
Dealt to e45571b5 
Dealt to 38a1338c 
Dealt to f25ef305 
Dealt to Hero [2s 9c]
Dealt to 61e2760f 
Dealt to 4e701740 
e45571b5: folds
38a1338c: folds
f25ef305: folds
Hero: folds
61e2760f: folds
Uncalled bet ($0.05) returned to 4e701740
*** SHOWDOWN ***
4e701740 collected $0.1 from pot
*** SUMMARY ***
Total pot $0.1 | Rake $0 | Jackpot $0 | Bingo $0 | Fortune $0 | Tax $0
Seat 1: e45571b5 folded before Flop (didn't bet)
Seat 2: 38a1338c folded before Flop (didn't bet)
Seat 3: f25ef305 folded before Flop (didn't bet)
Seat 4: Hero (button) folded before Flop (didn't bet)
Seat 5: 61e2760f (small blind) folded before Flop
Seat 6: 4e701740 (big blind) collected ($0.1)


Poker Hand #HD1757035663: Hold'em No Limit ($0.05/$0.1) - 2024/05/03 16:19:54
Table 'NLHRed8' 6-max Seat #3 is the button
Seat 1: e45571b5 ($10.77 in chips)
Seat 2: 38a1338c ($4.37 in chips)
Seat 3: f25ef305 ($11.33 in chips)
Seat 4: Hero ($14.93 in chips)
Seat 5: 61e2760f ($9.14 in chips)
Seat 6: 4e701740 ($2.43 in chips)
Hero: posts small blind $0.05
61e2760f: posts big blind $0.1
*** HOLE CARDS ***
Dealt to e45571b5 
Dealt to 38a1338c 
Dealt to f25ef305 
Dealt to Hero [2c 4s]
Dealt to 61e2760f 
Dealt to 4e701740 
4e701740: folds
e45571b5: folds
38a1338c: raises $0.15 to $0.25
f25ef305: folds
Hero: folds
61e2760f: calls $0.15
*** FLOP *** [Jd 4c 8h]
61e2760f: bets $0.28
38a1338c: calls $0.28
*** TURN *** [Jd 4c 8h] [7c]
61e2760f: bets $0.56
38a1338c: calls $0.56
*** RIVER *** [Jd 4c 8h 7c] [Ad]
61e2760f: checks
38a1338c: checks
61e2760f: shows [Jh Qd] (Pair of Jacks)
38a1338c: shows [Qc Js] (Pair of Jacks)
*** SHOWDOWN ***
61e2760f collected $1.07 from pot
38a1338c collected $1.06 from pot
*** SUMMARY ***
Total pot $2.23 | Rake $0.1 | Jackpot $0 | Bingo $0 | Fortune $0 | Tax $0
Board [Jd 4c 8h 7c Ad]
Seat 1: e45571b5 folded before Flop (didn't bet)
Seat 2: 38a1338c showed [Qc Js] and won ($1.06) with Pair of Jacks
Seat 3: f25ef305 (button) folded before Flop (didn't bet)
Seat 4: Hero (small blind) folded before Flop
Seat 5: 61e2760f (big blind) showed [Jh Qd] and won ($1.07) with Pair of Jacks
Seat 6: 4e701740 folded before Flop (didn't bet)


Poker Hand #HD1756945571: Hold'em No Limit ($0.05/$0.1) - 2024/05/03 16:19:00
Table 'NLHRed8' 6-max Seat #2 is the button
Seat 1: e45571b5 ($10.77 in chips)
Seat 2: 38a1338c ($4.37 in chips)
Seat 3: f25ef305 ($11.38 in chips)
Seat 4: Hero ($15.13 in chips)
Seat 5: 61e2760f ($8.91 in chips)
Seat 6: 4e701740 ($2.43 in chips)
f25ef305: posts small blind $0.05
Hero: posts big blind $0.1
*** HOLE CARDS ***
Dealt to e45571b5 
Dealt to 38a1338c 
Dealt to f25ef305 
Dealt to Hero [Qh 6d]
Dealt to 61e2760f 
Dealt to 4e701740 
61e2760f: calls $0.1
4e701740: folds
e45571b5: folds
38a1338c: folds
f25ef305: folds
Hero: checks
*** FLOP *** [9d 9h Jh]
Hero: checks
61e2760f: checks
*** TURN *** [9d 9h Jh] [8c]
Hero: checks
61e2760f: checks
*** RIVER *** [9d 9h Jh 8c] [2s]
Hero: bets $0.1
61e2760f: raises $0.4 to $0.5
Hero: folds
Uncalled bet ($0.4) returned to 61e2760f
*** SHOWDOWN ***
61e2760f collected $0.43 from pot
*** SUMMARY ***
Total pot $0.45 | Rake $0.02 | Jackpot $0 | Bingo $0 | Fortune $0 | Tax $0
Board [9d 9h Jh 8c 2s]
Seat 1: e45571b5 folded before Flop (didn't bet)
Seat 2: 38a1338c (button) folded before Flop (didn't bet)
Seat 3: f25ef305 (small blind) folded before Flop
Seat 4: Hero (big blind) folded on the River
Seat 5: 61e2760f won ($0.43)
Seat 6: 4e701740 folded before Flop (didn't bet)


Poker Hand #HD1756945544: Hold'em No Limit ($0.05/$0.1) - 2024/05/03 16:18:39
Table 'NLHRed8' 6-max Seat #1 is the button
Seat 1: e45571b5 ($10.77 in chips)
Seat 2: 38a1338c ($4.42 in chips)
Seat 3: f25ef305 ($11.48 in chips)
Seat 4: Hero ($15.13 in chips)
Seat 5: 61e2760f ($8.91 in chips)
Seat 6: 4e701740 ($2.28 in chips)
38a1338c: posts small blind $0.05
f25ef305: posts big blind $0.1
*** HOLE CARDS ***
Dealt to e45571b5 
Dealt to 38a1338c 
Dealt to f25ef305 
Dealt to Hero [Tc 2s]
Dealt to 61e2760f 
Dealt to 4e701740 
Hero: folds
61e2760f: folds
4e701740: raises $0.2 to $0.3
e45571b5: folds
38a1338c: folds
f25ef305: folds
Uncalled bet ($0.2) returned to 4e701740
*** SHOWDOWN ***
4e701740 collected $0.25 from pot
*** SUMMARY ***
Total pot $0.25 | Rake $0 | Jackpot $0 | Bingo $0 | Fortune $0 | Tax $0
Seat 1: e45571b5 (button) folded before Flop (didn't bet)
Seat 2: 38a1338c (small blind) folded before Flop
Seat 3: f25ef305 (big blind) folded before Flop
Seat 4: Hero folded before Flop (didn't bet)
Seat 5: 61e2760f folded before Flop (didn't bet)
Seat 6: 4e701740 collected ($0.25)


Poker Hand #HD1756945443: Hold'em No Limit ($0.05/$0.1) - 2024/05/03 16:17:49
Table 'NLHRed8' 6-max Seat #6 is the button
Seat 1: e45571b5 ($10.82 in chips)
Seat 2: 38a1338c ($4.92 in chips)
Seat 3: f25ef305 ($11.48 in chips)
Seat 4: Hero ($15.13 in chips)
Seat 5: 61e2760f ($8.41 in chips)
Seat 6: 4e701740 ($2.28 in chips)
e45571b5: posts small blind $0.05
38a1338c: posts big blind $0.1
*** HOLE CARDS ***
Dealt to e45571b5 
Dealt to 38a1338c 
Dealt to f25ef305 
Dealt to Hero [5s Qs]
Dealt to 61e2760f 
Dealt to 4e701740 
f25ef305: folds
Hero: folds
61e2760f: raises $0.1 to $0.2
4e701740: folds
e45571b5: folds
38a1338c: calls $0.1
*** FLOP *** [3s 3c 9c]
38a1338c: checks
61e2760f: checks
*** TURN *** [3s 3c 9c] [2s]
38a1338c: bets $0.3
61e2760f: calls $0.3
*** RIVER *** [3s 3c 9c 2s] [4h]
38a1338c: checks
61e2760f: checks
38a1338c: shows [8s Ac] (Pair of Treys)
61e2760f: shows [Qh 9h] (Pair of Nines and Pair of Treys)
*** SHOWDOWN ***
61e2760f collected $1 from pot
*** SUMMARY ***
Total pot $1.05 | Rake $0.05 | Jackpot $0 | Bingo $0 | Fortune $0 | Tax $0
Board [3s 3c 9c 2s 4h]
Seat 1: e45571b5 (small blind) folded before Flop
Seat 2: 38a1338c (big blind) showed [8s Ac] and lost with Pair of Treys
Seat 3: f25ef305 folded before Flop (didn't bet)
Seat 4: Hero folded before Flop (didn't bet)
Seat 5: 61e2760f showed [Qh 9h] and won ($1) with Pair of Nines and Pair of Treys
Seat 6: 4e701740 (button) folded before Flop (didn't bet)


Poker Hand #HD1756945379: Hold'em No Limit ($0.05/$0.1) - 2024/05/03 16:17:20
Table 'NLHRed8' 6-max Seat #5 is the button
Seat 1: e45571b5 ($10.92 in chips)
Seat 2: 38a1338c ($4.92 in chips)
Seat 3: f25ef305 ($11.48 in chips)
Seat 4: Hero ($15.13 in chips)
Seat 5: 61e2760f ($8.41 in chips)
Seat 6: 4e701740 ($2.18 in chips)
4e701740: posts small blind $0.05
e45571b5: posts big blind $0.1
*** HOLE CARDS ***
Dealt to e45571b5 
Dealt to 38a1338c 
Dealt to f25ef305 
Dealt to Hero [4s 3c]
Dealt to 61e2760f 
Dealt to 4e701740 
38a1338c: folds
f25ef305: folds
Hero: folds
61e2760f: folds
4e701740: raises $0.2 to $0.3
e45571b5: folds
Uncalled bet ($0.2) returned to 4e701740
*** SHOWDOWN ***
4e701740 collected $0.2 from pot
*** SUMMARY ***
Total pot $0.2 | Rake $0 | Jackpot $0 | Bingo $0 | Fortune $0 | Tax $0
Seat 1: e45571b5 (big blind) folded before Flop
Seat 2: 38a1338c folded before Flop (didn't bet)
Seat 3: f25ef305 folded before Flop (didn't bet)
Seat 4: Hero folded before Flop (didn't bet)
Seat 5: 61e2760f (button) folded before Flop (didn't bet)
Seat 6: 4e701740 (small blind) collected ($0.2)


Poker Hand #HD1756945342: Hold'em No Limit ($0.05/$0.1) - 2024/05/03 16:17:02
Table 'NLHRed8' 6-max Seat #4 is the button
Seat 1: e45571b5 ($10.92 in chips)
Seat 2: 38a1338c ($4.92 in chips)
Seat 3: f25ef305 ($11.48 in chips)
Seat 4: Hero ($15.13 in chips)
Seat 5: 61e2760f ($8.46 in chips)
Seat 6: 4e701740 ($2.13 in chips)
61e2760f: posts small blind $0.05
4e701740: posts big blind $0.1
*** HOLE CARDS ***
Dealt to e45571b5 
Dealt to 38a1338c 
Dealt to f25ef305 
Dealt to Hero [2c 9s]
Dealt to 61e2760f 
Dealt to 4e701740 
e45571b5: folds
38a1338c: folds
f25ef305: folds
Hero: folds
61e2760f: folds
Uncalled bet ($0.05) returned to 4e701740
*** SHOWDOWN ***
4e701740 collected $0.1 from pot
*** SUMMARY ***
Total pot $0.1 | Rake $0 | Jackpot $0 | Bingo $0 | Fortune $0 | Tax $0
Seat 1: e45571b5 folded before Flop (didn't bet)
Seat 2: 38a1338c folded before Flop (didn't bet)
Seat 3: f25ef305 folded before Flop (didn't bet)
Seat 4: Hero (button) folded before Flop (didn't bet)
Seat 5: 61e2760f (small blind) folded before Flop
Seat 6: 4e701740 (big blind) collected ($0.1)


Poker Hand #HD1756945140: Hold'em No Limit ($0.05/$0.1) - 2024/05/03 16:15:16
Table 'NLHRed8' 6-max Seat #3 is the button
Seat 1: e45571b5 ($10.92 in chips)
Seat 2: 38a1338c ($4.92 in chips)
Seat 3: f25ef305 ($10.18 in chips)
Seat 4: Hero ($15.18 in chips)
Seat 5: 61e2760f ($9.85 in chips)
Seat 6: 4e701740 ($2.13 in chips)
Hero: posts small blind $0.05
61e2760f: posts big blind $0.1
*** HOLE CARDS ***
Dealt to e45571b5 
Dealt to 38a1338c 
Dealt to f25ef305 
Dealt to Hero [Ts 4s]
Dealt to 61e2760f 
Dealt to 4e701740 
4e701740: folds
e45571b5: folds
38a1338c: folds
f25ef305: raises $0.2 to $0.3
Hero: folds
61e2760f: calls $0.2
*** FLOP *** [5c 6c 9s]
61e2760f: checks
f25ef305: bets $0.37
61e2760f: calls $0.37
*** TURN *** [5c 6c 9s] [Jc]
61e2760f: checks
f25ef305: bets $0.72
61e2760f: calls $0.72
*** RIVER *** [5c 6c 9s Jc] [Qs]
61e2760f: checks
f25ef305: bets $1.36
61e2760f: folds
Uncalled bet ($1.36) returned to f25ef305
*** SHOWDOWN ***
f25ef305 collected $2.69 from pot
*** SUMMARY ***
Total pot $2.83 | Rake $0.14 | Jackpot $0 | Bingo $0 | Fortune $0 | Tax $0
Board [5c 6c 9s Jc Qs]
Seat 1: e45571b5 folded before Flop (didn't bet)
Seat 2: 38a1338c folded before Flop (didn't bet)
Seat 3: f25ef305 (button) won ($2.69)
Seat 4: Hero (small blind) folded before Flop
Seat 5: 61e2760f (big blind) folded on the River
Seat 6: 4e701740 folded before Flop (didn't bet)


Poker Hand #HD1756945083: Hold'em No Limit ($0.05/$0.1) - 2024/05/03 16:14:47
Table 'NLHRed8' 6-max Seat #2 is the button
Seat 1: e45571b5 ($11.17 in chips)
Seat 2: 38a1338c ($4.55 in chips)
Seat 3: f25ef305 ($10.23 in chips)
Seat 4: Hero ($15.28 in chips)
Seat 5: 61e2760f ($9.85 in chips)
Seat 6: 4e701740 ($2.13 in chips)
f25ef305: posts small blind $0.05
Hero: posts big blind $0.1
*** HOLE CARDS ***
Dealt to e45571b5 
Dealt to 38a1338c 
Dealt to f25ef305 
Dealt to Hero [Qd 8d]
Dealt to 61e2760f 
Dealt to 4e701740 
61e2760f: folds
4e701740: folds
e45571b5: raises $0.15 to $0.25
38a1338c: raises $0.5 to $0.75
f25ef305: folds
Hero: folds
e45571b5: folds
Uncalled bet ($0.5) returned to 38a1338c
*** SHOWDOWN ***
38a1338c collected $0.62 from pot
*** SUMMARY ***
Total pot $0.65 | Rake $0.03 | Jackpot $0 | Bingo $0 | Fortune $0 | Tax $0
Seat 1: e45571b5 folded before Flop
Seat 2: 38a1338c (button) collected ($0.62)
Seat 3: f25ef305 (small blind) folded before Flop
Seat 4: Hero (big blind) folded before Flop
Seat 5: 61e2760f folded before Flop (didn't bet)
Seat 6: 4e701740 folded before Flop (didn't bet)


Poker Hand #HD1756945064: Hold'em No Limit ($0.05/$0.1) - 2024/05/03 16:14:34
Table 'NLHRed8' 6-max Seat #1 is the button
Seat 1: e45571b5 ($11.17 in chips)
Seat 2: 38a1338c ($4.6 in chips)
Seat 3: f25ef305 ($10.18 in chips)
Seat 4: Hero ($15.28 in chips)
Seat 5: 61e2760f ($9.85 in chips)
Seat 6: 4e701740 ($2.13 in chips)
38a1338c: posts small blind $0.05
f25ef305: posts big blind $0.1
*** HOLE CARDS ***
Dealt to e45571b5 
Dealt to 38a1338c 
Dealt to f25ef305 
Dealt to Hero [Th 6s]
Dealt to 61e2760f 
Dealt to 4e701740 
Hero: folds
61e2760f: folds
4e701740: folds
e45571b5: folds
38a1338c: folds
Uncalled bet ($0.05) returned to f25ef305
*** SHOWDOWN ***
f25ef305 collected $0.1 from pot
*** SUMMARY ***
Total pot $0.1 | Rake $0 | Jackpot $0 | Bingo $0 | Fortune $0 | Tax $0
Seat 1: e45571b5 (button) folded before Flop (didn't bet)
Seat 2: 38a1338c (small blind) folded before Flop
Seat 3: f25ef305 (big blind) collected ($0.1)
Seat 4: Hero folded before Flop (didn't bet)
Seat 5: 61e2760f folded before Flop (didn't bet)
Seat 6: 4e701740 folded before Flop (didn't bet)


Poker Hand #HD1756945023: Hold'em No Limit ($0.05/$0.1) - 2024/05/03 16:14:12
Table 'NLHRed8' 6-max Seat #6 is the button
Seat 1: e45571b5 ($11.22 in chips)
Seat 2: 38a1338c ($4.7 in chips)
Seat 3: f25ef305 ($10.18 in chips)
Seat 4: Hero ($15.28 in chips)
Seat 5: 61e2760f ($9.85 in chips)
Seat 6: 4e701740 ($1.98 in chips)
e45571b5: posts small blind $0.05
38a1338c: posts big blind $0.1
*** HOLE CARDS ***
Dealt to e45571b5 
Dealt to 38a1338c 
Dealt to f25ef305 
Dealt to Hero [3h 7d]
Dealt to 61e2760f 
Dealt to 4e701740 
f25ef305: folds
Hero: folds
61e2760f: folds
4e701740: raises $0.2 to $0.3
e45571b5: folds
38a1338c: folds
Uncalled bet ($0.2) returned to 4e701740
*** SHOWDOWN ***
4e701740 collected $0.25 from pot
*** SUMMARY ***
Total pot $0.25 | Rake $0 | Jackpot $0 | Bingo $0 | Fortune $0 | Tax $0
Seat 1: e45571b5 (small blind) folded before Flop
Seat 2: 38a1338c (big blind) folded before Flop
Seat 3: f25ef305 folded before Flop (didn't bet)
Seat 4: Hero folded before Flop (didn't bet)
Seat 5: 61e2760f folded before Flop (didn't bet)
Seat 6: 4e701740 (button) collected ($0.25)


Poker Hand #HD1756944984: Hold'em No Limit ($0.05/$0.1) - 2024/05/03 16:13:50
Table 'NLHRed8' 6-max Seat #5 is the button
Seat 1: e45571b5 ($11.32 in chips)
Seat 2: 38a1338c ($4.55 in chips)
Seat 3: f25ef305 ($10.18 in chips)
Seat 4: Hero ($15.28 in chips)
Seat 5: 61e2760f ($9.85 in chips)
Seat 6: 4e701740 ($2.03 in chips)
4e701740: posts small blind $0.05
e45571b5: posts big blind $0.1
*** HOLE CARDS ***
Dealt to e45571b5 
Dealt to 38a1338c 
Dealt to f25ef305 
Dealt to Hero [2h 3h]
Dealt to 61e2760f 
Dealt to 4e701740 
38a1338c: raises $0.15 to $0.25
f25ef305: folds
Hero: folds
61e2760f: folds
4e701740: folds
e45571b5: folds
Uncalled bet ($0.15) returned to 38a1338c
*** SHOWDOWN ***
38a1338c collected $0.25 from pot
*** SUMMARY ***
Total pot $0.25 | Rake $0 | Jackpot $0 | Bingo $0 | Fortune $0 | Tax $0
Seat 1: e45571b5 (big blind) folded before Flop
Seat 2: 38a1338c collected ($0.25)
Seat 3: f25ef305 folded before Flop (didn't bet)
Seat 4: Hero folded before Flop (didn't bet)
Seat 5: 61e2760f (button) folded before Flop (didn't bet)
Seat 6: 4e701740 (small blind) folded before Flop


Poker Hand #HD1756944945: Hold'em No Limit ($0.05/$0.1) - 2024/05/03 16:13:31
Table 'NLHRed8' 6-max Seat #4 is the button
Seat 1: e45571b5 ($11.32 in chips)
Seat 2: 38a1338c ($4.55 in chips)
Seat 3: f25ef305 ($10.18 in chips)
Seat 4: Hero ($15.28 in chips)
Seat 5: 61e2760f ($9.9 in chips)
Seat 6: 4e701740 ($1.98 in chips)
61e2760f: posts small blind $0.05
4e701740: posts big blind $0.1
*** HOLE CARDS ***
Dealt to e45571b5 
Dealt to 38a1338c 
Dealt to f25ef305 
Dealt to Hero [Qd 5c]
Dealt to 61e2760f 
Dealt to 4e701740 
e45571b5: folds
38a1338c: folds
f25ef305: folds
Hero: folds
61e2760f: folds
Uncalled bet ($0.05) returned to 4e701740
*** SHOWDOWN ***
4e701740 collected $0.1 from pot
*** SUMMARY ***
Total pot $0.1 | Rake $0 | Jackpot $0 | Bingo $0 | Fortune $0 | Tax $0
Seat 1: e45571b5 folded before Flop (didn't bet)
Seat 2: 38a1338c folded before Flop (didn't bet)
Seat 3: f25ef305 folded before Flop (didn't bet)
Seat 4: Hero (button) folded before Flop (didn't bet)
Seat 5: 61e2760f (small blind) folded before Flop
Seat 6: 4e701740 (big blind) collected ($0.1)


Poker Hand #HD1756944877: Hold'em No Limit ($0.05/$0.1) - 2024/05/03 16:12:56
Table 'NLHRed8' 6-max Seat #3 is the button
Seat 1: e45571b5 ($11.32 in chips)
Seat 2: 38a1338c ($4.8 in chips)
Seat 3: f25ef305 ($10.18 in chips)
Seat 4: Hero ($14.96 in chips)
Seat 5: 61e2760f ($10 in chips)
Seat 6: 4e701740 ($1.98 in chips)
Hero: posts small blind $0.05
61e2760f: posts big blind $0.1
*** HOLE CARDS ***
Dealt to e45571b5 
Dealt to 38a1338c 
Dealt to f25ef305 
Dealt to Hero [Kh Ad]
Dealt to 61e2760f 
Dealt to 4e701740 
4e701740: folds
e45571b5: folds
38a1338c: raises $0.15 to $0.25
f25ef305: folds
Hero: raises $0.85 to $1.1
61e2760f: folds
38a1338c: folds
Uncalled bet ($0.85) returned to Hero
*** SHOWDOWN ***
Hero collected $0.57 from pot
*** SUMMARY ***
Total pot $0.6 | Rake $0.03 | Jackpot $0 | Bingo $0 | Fortune $0 | Tax $0
Seat 1: e45571b5 folded before Flop (didn't bet)
Seat 2: 38a1338c folded before Flop
Seat 3: f25ef305 (button) folded before Flop (didn't bet)
Seat 4: Hero (small blind) collected ($0.57)
Seat 5: 61e2760f (big blind) folded before Flop
Seat 6: 4e701740 folded before Flop (didn't bet)


Poker Hand #HD1756944827: Hold'em No Limit ($0.05/$0.1) - 2024/05/03 16:12:25
Table 'NLHRed8' 6-max Seat #2 is the button
Seat 1: e45571b5 ($11.17 in chips)
Seat 2: 38a1338c ($4.8 in chips)
Seat 3: f25ef305 ($10.23 in chips)
Seat 4: Hero ($15.06 in chips)
Seat 6: 4e701740 ($1.98 in chips)
f25ef305: posts small blind $0.05
Hero: posts big blind $0.1
*** HOLE CARDS ***
Dealt to e45571b5 
Dealt to 38a1338c 
Dealt to f25ef305 
Dealt to Hero [2h Jh]
Dealt to 4e701740 
4e701740: folds
e45571b5: raises $0.15 to $0.25
38a1338c: folds
f25ef305: folds
Hero: folds
Uncalled bet ($0.15) returned to e45571b5
*** SHOWDOWN ***
e45571b5 collected $0.25 from pot
*** SUMMARY ***
Total pot $0.25 | Rake $0 | Jackpot $0 | Bingo $0 | Fortune $0 | Tax $0
Seat 1: e45571b5 collected ($0.25)
Seat 2: 38a1338c (button) folded before Flop (didn't bet)
Seat 3: f25ef305 (small blind) folded before Flop
Seat 4: Hero (big blind) folded before Flop
Seat 6: 4e701740 folded before Flop (didn't bet)


Poker Hand #HD1756944775: Hold'em No Limit ($0.05/$0.1) - 2024/05/03 16:11:59
Table 'NLHRed8' 6-max Seat #1 is the button
Seat 1: e45571b5 ($11.17 in chips)
Seat 2: 38a1338c ($5.05 in chips)
Seat 3: f25ef305 ($10 in chips)
Seat 4: Hero ($15.06 in chips)
Seat 6: 4e701740 ($1.98 in chips)
38a1338c: posts small blind $0.05
f25ef305: posts big blind $0.1
*** HOLE CARDS ***
Dealt to e45571b5 
Dealt to 38a1338c 
Dealt to f25ef305 
Dealt to Hero [Qc 6h]
Dealt to 4e701740 
Hero: folds
4e701740: folds
e45571b5: folds
38a1338c: raises $0.15 to $0.25
f25ef305: raises $0.6 to $0.85
38a1338c: folds
Uncalled bet ($0.6) returned to f25ef305
*** SHOWDOWN ***
f25ef305 collected $0.48 from pot
*** SUMMARY ***
Total pot $0.5 | Rake $0.02 | Jackpot $0 | Bingo $0 | Fortune $0 | Tax $0
Seat 1: e45571b5 (button) folded before Flop (didn't bet)
Seat 2: 38a1338c (small blind) folded before Flop
Seat 3: f25ef305 (big blind) collected ($0.48)
Seat 4: Hero folded before Flop (didn't bet)
Seat 6: 4e701740 folded before Flop (didn't bet)


Poker Hand #HD1756944741: Hold'em No Limit ($0.05/$0.1) - 2024/05/03 16:11:40
Table 'NLHRed8' 6-max Seat #6 is the button
Seat 1: e45571b5 ($11.22 in chips)
Seat 2: 38a1338c ($5 in chips)
Seat 3: f25ef305 ($10 in chips)
Seat 4: Hero ($15.06 in chips)
Seat 6: 4e701740 ($1.98 in chips)
e45571b5: posts small blind $0.05
38a1338c: posts big blind $0.1
*** HOLE CARDS ***
Dealt to e45571b5 
Dealt to 38a1338c 
Dealt to f25ef305 
Dealt to Hero [4c 6c]
Dealt to 4e701740 
f25ef305: folds
Hero: folds
4e701740: folds
e45571b5: folds
Uncalled bet ($0.05) returned to 38a1338c
*** SHOWDOWN ***
38a1338c collected $0.1 from pot
*** SUMMARY ***
Total pot $0.1 | Rake $0 | Jackpot $0 | Bingo $0 | Fortune $0 | Tax $0
Seat 1: e45571b5 (small blind) folded before Flop
Seat 2: 38a1338c (big blind) collected ($0.1)
Seat 3: f25ef305 folded before Flop (didn't bet)
Seat 4: Hero folded before Flop (didn't bet)
Seat 6: 4e701740 (button) folded before Flop (didn't bet)


Poker Hand #HD1756944708: Hold'em No Limit ($0.05/$0.1) - 2024/05/03 16:11:27
Table 'NLHRed8' 6-max Seat #4 is the button
Seat 1: e45571b5 ($11.17 in chips)
Seat 3: f25ef305 ($10 in chips)
Seat 4: Hero ($15.06 in chips)
Seat 6: 4e701740 ($2.03 in chips)
4e701740: posts small blind $0.05
e45571b5: posts big blind $0.1
*** HOLE CARDS ***
Dealt to e45571b5 
Dealt to f25ef305 
Dealt to Hero [Ts 5c]
Dealt to 4e701740 
f25ef305: folds
Hero: folds
4e701740: folds
Uncalled bet ($0.05) returned to e45571b5
*** SHOWDOWN ***
e45571b5 collected $0.1 from pot
*** SUMMARY ***
Total pot $0.1 | Rake $0 | Jackpot $0 | Bingo $0 | Fortune $0 | Tax $0
Seat 1: e45571b5 (big blind) collected ($0.1)
Seat 3: f25ef305 folded before Flop (didn't bet)
Seat 4: Hero (button) folded before Flop (didn't bet)
Seat 6: 4e701740 (small blind) folded before Flop


Poker Hand #HD1756944585: Hold'em No Limit ($0.05/$0.1) - 2024/05/03 16:10:16
Table 'NLHRed8' 6-max Seat #3 is the button
Seat 1: e45571b5 ($11.17 in chips)
Seat 3: f25ef305 ($10 in chips)
Seat 4: Hero ($11.08 in chips)
Seat 6: 4e701740 ($2.13 in chips)
Hero: posts small blind $0.05
4e701740: posts big blind $0.1
*** HOLE CARDS ***
Dealt to e45571b5 
Dealt to f25ef305 
Dealt to Hero [As Ah]
Dealt to 4e701740 
e45571b5: folds
f25ef305: raises $0.2 to $0.3
Hero: raises $0.8 to $1.1
4e701740: folds
f25ef305: calls $0.8
*** FLOP *** [5h 4d 3c]
Hero: bets $1.3
f25ef305: calls $1.3
*** TURN *** [5h 4d 3c] [9d]
Hero: bets $2.02
f25ef305: calls $2.02
*** RIVER *** [5h 4d 3c 9d] [Kh]
Hero: checks
f25ef305: checks
Hero: shows [As Ah] (Pair of Aces)
f25ef305: shows [Jd Jh] (Pair of Jacks)
*** SHOWDOWN ***
Hero collected $8.4 from pot
*** SUMMARY ***
Total pot $8.94 | Rake $0.44 | Jackpot $0.1 | Bingo $0 | Fortune $0 | Tax $0
Board [5h 4d 3c 9d Kh]
Seat 1: e45571b5 folded before Flop (didn't bet)
Seat 3: f25ef305 (button) showed [Jd Jh] and lost with Pair of Jacks
Seat 4: Hero (small blind) showed [As Ah] and won ($8.4) with Pair of Aces
Seat 6: 4e701740 (big blind) folded before Flop


Poker Hand #HD1756944489: Hold'em No Limit ($0.05/$0.1) - 2024/05/03 16:09:27
Table 'NLHRed8' 6-max Seat #1 is the button
Seat 1: e45571b5 ($11.61 in chips)
Seat 3: f25ef305 ($10 in chips)
Seat 4: Hero ($10.63 in chips)
Seat 5: 85fa6f3e ($22.88 in chips)
Seat 6: 4e701740 ($2.13 in chips)
f25ef305: posts small blind $0.05
Hero: posts big blind $0.1
*** HOLE CARDS ***
Dealt to e45571b5 
Dealt to f25ef305 
Dealt to Hero [Tc Qs]
Dealt to 85fa6f3e 
Dealt to 4e701740 
85fa6f3e: folds
4e701740: folds
e45571b5: raises $0.15 to $0.25
f25ef305: folds
Hero: calls $0.15
*** FLOP *** [8h Qh As]
Hero: checks
e45571b5: bets $0.19
Hero: calls $0.19
*** TURN *** [8h Qh As] [Js]
Hero: checks
e45571b5: checks
*** RIVER *** [8h Qh As Js] [Ac]
Hero: checks
e45571b5: checks
Hero: shows [Tc Qs] (Pair of Aces and Pair of Queens)
e45571b5: shows [7d 7s] (Pair of Aces and Pair of Sevens)
*** SHOWDOWN ***
Hero collected $0.89 from pot
*** SUMMARY ***
Total pot $0.93 | Rake $0.04 | Jackpot $0 | Bingo $0 | Fortune $0 | Tax $0
Board [8h Qh As Js Ac]
Seat 1: e45571b5 (button) showed [7d 7s] and lost with Pair of Aces and Pair of Sevens
Seat 3: f25ef305 (small blind) folded before Flop
Seat 4: Hero (big blind) showed [Tc Qs] and won ($0.89) with Pair of Aces and Pair of Queens
Seat 5: 85fa6f3e folded before Flop (didn't bet)
Seat 6: 4e701740 folded before Flop (didn't bet)


Poker Hand #HD1756944414: Hold'em No Limit ($0.05/$0.1) - 2024/05/03 16:08:43
Table 'NLHRed8' 6-max Seat #6 is the button
Seat 1: e45571b5 ($11.66 in chips)
Seat 3: f25ef305 ($10 in chips)
Seat 4: Hero ($10.63 in chips)
Seat 5: 85fa6f3e ($22.88 in chips)
Seat 6: 4e701740 ($1.81 in chips)
e45571b5: posts small blind $0.05
f25ef305: posts big blind $0.1
*** HOLE CARDS ***
Dealt to e45571b5 
Dealt to f25ef305 
Dealt to Hero [5c 2c]
Dealt to 85fa6f3e 
Dealt to 4e701740 
Hero: folds
85fa6f3e: folds
4e701740: raises $0.2 to $0.3
e45571b5: folds
f25ef305: calls $0.2
*** FLOP *** [Th Qc Kc]
f25ef305: checks
4e701740: bets $0.65
f25ef305: folds
Uncalled bet ($0.65) returned to 4e701740
*** SHOWDOWN ***
4e701740 collected $0.62 from pot
*** SUMMARY ***
Total pot $0.65 | Rake $0.03 | Jackpot $0 | Bingo $0 | Fortune $0 | Tax $0
Board [Th Qc Kc]
Seat 1: e45571b5 (small blind) folded before Flop
Seat 3: f25ef305 (big blind) folded on the Flop
Seat 4: Hero folded before Flop (didn't bet)
Seat 5: 85fa6f3e folded before Flop (didn't bet)
Seat 6: 4e701740 (button) won ($0.62)


Poker Hand #HD1756944319: Hold'em No Limit ($0.05/$0.1) - 2024/05/03 16:07:54
Table 'NLHRed8' 6-max Seat #5 is the button
Seat 1: e45571b5 ($11.76 in chips)
Seat 2: 6abaa92f ($10 in chips)
Seat 3: f25ef305 ($10 in chips)
Seat 4: Hero ($10.27 in chips)
Seat 5: 85fa6f3e ($23.12 in chips)
Seat 6: 4e701740 ($1.86 in chips)
4e701740: posts small blind $0.05
e45571b5: posts big blind $0.1
*** HOLE CARDS ***
Dealt to e45571b5 
Dealt to 6abaa92f 
Dealt to f25ef305 
Dealt to Hero [Qh Js]
Dealt to 85fa6f3e 
Dealt to 4e701740 
6abaa92f: folds
f25ef305: folds
Hero: raises $0.14 to $0.24
85fa6f3e: calls $0.24
4e701740: folds
e45571b5: folds
*** FLOP *** [2d As 4h]
Hero: checks
85fa6f3e: checks
*** TURN *** [2d As 4h] [8d]
Hero: bets $0.3
85fa6f3e: folds
Uncalled bet ($0.3) returned to Hero
*** SHOWDOWN ***
Hero collected $0.6 from pot
*** SUMMARY ***
Total pot $0.63 | Rake $0.03 | Jackpot $0 | Bingo $0 | Fortune $0 | Tax $0
Board [2d As 4h 8d]
Seat 1: e45571b5 (big blind) folded before Flop
Seat 2: 6abaa92f folded before Flop (didn't bet)
Seat 3: f25ef305 folded before Flop (didn't bet)
Seat 4: Hero won ($0.6)
Seat 5: 85fa6f3e (button) folded on the Turn
Seat 6: 4e701740 (small blind) folded before Flop


Poker Hand #HD1756944242: Hold'em No Limit ($0.05/$0.1) - 2024/05/03 16:07:15
Table 'NLHRed8' 6-max Seat #4 is the button
Seat 1: e45571b5 ($11.76 in chips)
Seat 3: f25ef305 ($10 in chips)
Seat 4: Hero ($10 in chips)
Seat 5: 85fa6f3e ($23.17 in chips)
Seat 6: 4e701740 ($2.1 in chips)
85fa6f3e: posts small blind $0.05
4e701740: posts big blind $0.1
*** HOLE CARDS ***
Dealt to e45571b5 
Dealt to f25ef305 
Dealt to Hero [7s 5s]
Dealt to 85fa6f3e 
Dealt to 4e701740 
e45571b5: folds
f25ef305: folds
Hero: raises $0.14 to $0.24
85fa6f3e: folds
4e701740: calls $0.14
*** FLOP *** [3s 7d 5c]
4e701740: checks
Hero: bets $0.35
4e701740: folds
Uncalled bet ($0.35) returned to Hero
*** SHOWDOWN ***
Hero collected $0.51 from pot
*** SUMMARY ***
Total pot $0.53 | Rake $0.02 | Jackpot $0 | Bingo $0 | Fortune $0 | Tax $0
Board [3s 7d 5c]
Seat 1: e45571b5 folded before Flop (didn't bet)
Seat 3: f25ef305 folded before Flop (didn't bet)
Seat 4: Hero (button) won ($0.51)
Seat 5: 85fa6f3e (small blind) folded before Flop
Seat 6: 4e701740 (big blind) folded on the Flop


Poker Hand #HD1756944096: Hold'em No Limit ($0.05/$0.1) - 2024/05/03 16:06:07
Table 'NLHRed8' 6-max Seat #3 is the button
Seat 1: e45571b5 ($11.76 in chips)
Seat 2: 6abaa92f ($8.83 in chips)
Seat 3: f25ef305 ($10 in chips)
Seat 4: Hero ($10 in chips)
Seat 5: 85fa6f3e ($15.27 in chips)
Seat 6: 4e701740 ($2.1 in chips)
Hero: posts small blind $0.05
85fa6f3e: posts big blind $0.1
*** HOLE CARDS ***
Dealt to e45571b5 
Dealt to 6abaa92f 
Dealt to f25ef305 
Dealt to Hero [9s 8c]
Dealt to 85fa6f3e 
Dealt to 4e701740 
4e701740: folds
e45571b5: folds
6abaa92f: raises $0.1 to $0.2
f25ef305: folds
Hero: folds
85fa6f3e: calls $0.1
*** FLOP *** [Jh 9c Qd]
85fa6f3e: checks
6abaa92f: bets $0.45
85fa6f3e: calls $0.45
*** TURN *** [Jh 9c Qd] [2h]
85fa6f3e: checks
6abaa92f: bets $1.35
85fa6f3e: calls $1.35
*** RIVER *** [Jh 9c Qd 2h] [Tc]
85fa6f3e: checks
6abaa92f: bets $6.83 and is all-in
85fa6f3e: calls $6.83
6abaa92f: shows [8h Qs] (Queens-High Straight)
85fa6f3e: shows [Ks Qc] (Kings-High Straight)
*** SHOWDOWN ***
85fa6f3e collected $16.73 from pot
*** SUMMARY ***
Total pot $17.71 | Rake $0.88 | Jackpot $0.1 | Bingo $0 | Fortune $0 | Tax $0
Board [Jh 9c Qd 2h Tc]
Seat 1: e45571b5 folded before Flop (didn't bet)
Seat 2: 6abaa92f showed [8h Qs] and lost with Queens-High Straight
Seat 3: f25ef305 (button) folded before Flop (didn't bet)
Seat 4: Hero (small blind) folded before Flop
Seat 5: 85fa6f3e (big blind) showed [Ks Qc] and won ($16.73) with Kings-High Straight
Seat 6: 4e701740 folded before Flop (didn't bet)


Poker Hand #HD1756944067: Hold'em No Limit ($0.05/$0.1) - 2024/05/03 16:05:50
Table 'NLHRed8' 6-max Seat #2 is the button
Seat 1: e45571b5 ($11.76 in chips)
Seat 2: 6abaa92f ($8.83 in chips)
Seat 3: f25ef305 ($10 in chips)
Seat 4: Hero ($10 in chips)
Seat 5: 85fa6f3e ($15.12 in chips)
Seat 6: 4e701740 ($2.1 in chips)
f25ef305: posts small blind $0.05
Hero: posts big blind $0.1
*** HOLE CARDS ***
Dealt to e45571b5 
Dealt to 6abaa92f 
Dealt to f25ef305 
Dealt to Hero [8d Qs]
Dealt to 85fa6f3e 
Dealt to 4e701740 
85fa6f3e: raises $0.1 to $0.2
4e701740: folds
e45571b5: folds
6abaa92f: folds
f25ef305: folds
Hero: folds
Uncalled bet ($0.1) returned to 85fa6f3e
*** SHOWDOWN ***
85fa6f3e collected $0.25 from pot
*** SUMMARY ***
Total pot $0.25 | Rake $0 | Jackpot $0 | Bingo $0 | Fortune $0 | Tax $0
Seat 1: e45571b5 folded before Flop (didn't bet)
Seat 2: 6abaa92f (button) folded before Flop (didn't bet)
Seat 3: f25ef305 (small blind) folded before Flop
Seat 4: Hero (big blind) folded before Flop
Seat 5: 85fa6f3e collected ($0.25)
Seat 6: 4e701740 folded before Flop (didn't bet)


Poker Hand #HD1756943963: Hold'em No Limit ($0.05/$0.1) - 2024/05/03 16:04:55
Table 'NLHRed8' 6-max Seat #1 is the button
Seat 1: e45571b5 ($11.76 in chips)
Seat 2: 6abaa92f ($8.27 in chips)
Seat 3: f25ef305 ($10 in chips)
Seat 4: Hero ($10 in chips)
Seat 5: 85fa6f3e ($15.12 in chips)
Seat 6: 4e701740 ($2.4 in chips)
6abaa92f: posts small blind $0.05
f25ef305: posts big blind $0.1
*** HOLE CARDS ***
Dealt to e45571b5 
Dealt to 6abaa92f 
Dealt to f25ef305 
Dealt to Hero [5d 2s]
Dealt to 85fa6f3e 
Dealt to 4e701740 
Hero: folds
85fa6f3e: folds
4e701740: raises $0.2 to $0.3
e45571b5: folds
6abaa92f: calls $0.25
f25ef305: calls $0.2
*** FLOP *** [Jc Ah As]
6abaa92f: bets $0.9
f25ef305: folds
4e701740: folds
Uncalled bet ($0.9) returned to 6abaa92f
*** SHOWDOWN ***
6abaa92f collected $0.86 from pot
*** SUMMARY ***
Total pot $0.9 | Rake $0.04 | Jackpot $0 | Bingo $0 | Fortune $0 | Tax $0
Board [Jc Ah As]
Seat 1: e45571b5 (button) folded before Flop (didn't bet)
Seat 2: 6abaa92f (small blind) won ($0.86)
Seat 3: f25ef305 (big blind) folded on the Flop
Seat 4: Hero folded before Flop (didn't bet)
Seat 5: 85fa6f3e folded before Flop (didn't bet)
Seat 6: 4e701740 folded on the Flop


Poker Hand #HD1756943941: Hold'em No Limit ($0.05/$0.1) - 2024/05/03 16:04:40
Table 'NLHRed8' 6-max Seat #6 is the button
Seat 1: e45571b5 ($11.81 in chips)
Seat 2: 6abaa92f ($8.22 in chips)
Seat 4: Hero ($10 in chips)
Seat 5: 85fa6f3e ($15.12 in chips)
Seat 6: 4e701740 ($2.4 in chips)
e45571b5: posts small blind $0.05
6abaa92f: posts big blind $0.1
*** HOLE CARDS ***
Dealt to e45571b5 
Dealt to 6abaa92f 
Dealt to Hero [Kc 4c]
Dealt to 85fa6f3e 
Dealt to 4e701740 
Hero: folds
85fa6f3e: folds
4e701740: folds
e45571b5: folds
Uncalled bet ($0.05) returned to 6abaa92f
*** SHOWDOWN ***
6abaa92f collected $0.1 from pot
*** SUMMARY ***
Total pot $0.1 | Rake $0 | Jackpot $0 | Bingo $0 | Fortune $0 | Tax $0
Seat 1: e45571b5 (small blind) folded before Flop
Seat 2: 6abaa92f (big blind) collected ($0.1)
Seat 4: Hero folded before Flop (didn't bet)
Seat 5: 85fa6f3e folded before Flop (didn't bet)
Seat 6: 4e701740 (button) folded before Flop (didn't bet)


Poker Hand #HD1756943806: Hold'em No Limit ($0.05/$0.1) - 2024/05/03 16:03:23
Table 'NLHRed8' 6-max Seat #5 is the button
Seat 1: e45571b5 ($10 in chips)
Seat 2: 6abaa92f ($10.12 in chips)
Seat 4: Hero ($10 in chips)
Seat 5: 85fa6f3e ($15.12 in chips)
Seat 6: 4e701740 ($2.6 in chips)
4e701740: posts small blind $0.05
e45571b5: posts big blind $0.1
*** HOLE CARDS ***
Dealt to e45571b5 
Dealt to 6abaa92f 
Dealt to Hero [6d 2h]
Dealt to 85fa6f3e 
Dealt to 4e701740 
6abaa92f: raises $0.1 to $0.2
Hero: folds
85fa6f3e: folds
4e701740: calls $0.15
e45571b5: calls $0.1
*** FLOP *** [8d Jh 9d]
4e701740: checks
e45571b5: bets $0.3
6abaa92f: calls $0.3
4e701740: folds
*** TURN *** [8d Jh 9d] [4c]
e45571b5: bets $1.4
6abaa92f: calls $1.4
*** RIVER *** [8d Jh 9d 4c] [5d]
e45571b5: checks
6abaa92f: checks
e45571b5: shows [Jd Td] (Jack High Flush)
6abaa92f: shows [Ks Kh] (Pair of Kings)
*** SHOWDOWN ***
e45571b5 collected $3.71 from pot
*** SUMMARY ***
Total pot $4 | Rake $0.19 | Jackpot $0.1 | Bingo $0 | Fortune $0 | Tax $0
Board [8d Jh 9d 4c 5d]
Seat 1: e45571b5 (big blind) showed [Jd Td] and won ($3.71) with Jack High Flush
Seat 2: 6abaa92f showed [Ks Kh] and lost with Pair of Kings
Seat 4: Hero folded before Flop (didn't bet)
Seat 5: 85fa6f3e (button) folded before Flop (didn't bet)
Seat 6: 4e701740 (small blind) folded on the Flop


Poker Hand #HD1756943722: Hold'em No Limit ($0.05/$0.1) - 2024/05/03 16:02:32
Table 'NLHRed8' 6-max Seat #4 is the button
Seat 1: e45571b5 ($10 in chips)
Seat 2: 6abaa92f ($10.12 in chips)
Seat 4: Hero ($10.05 in chips)
Seat 5: 85fa6f3e ($13.99 in chips)
Seat 6: 4e701740 ($2.7 in chips)
85fa6f3e: posts small blind $0.05
4e701740: posts big blind $0.1
*** HOLE CARDS ***
Dealt to e45571b5 
Dealt to 6abaa92f 
Dealt to Hero [Ah Jh]
Dealt to 85fa6f3e 
Dealt to 4e701740 
e45571b5: folds
6abaa92f: folds
Hero: raises $0.14 to $0.24
85fa6f3e: raises $0.91 to $1.15
4e701740: folds
Hero: calls $0.91
*** FLOP *** [4s 6h 9d]
85fa6f3e: bets $0.65
Hero: folds
Uncalled bet ($0.65) returned to 85fa6f3e
*** SHOWDOWN ***
85fa6f3e collected $2.28 from pot
*** SUMMARY ***
Total pot $2.4 | Rake $0.12 | Jackpot $0 | Bingo $0 | Fortune $0 | Tax $0
Board [4s 6h 9d]
Seat 1: e45571b5 folded before Flop (didn't bet)
Seat 2: 6abaa92f folded before Flop (didn't bet)
Seat 4: Hero (button) folded on the Flop
Seat 5: 85fa6f3e (small blind) won ($2.28)
Seat 6: 4e701740 (big blind) folded before Flop


Poker Hand #HD1756943622: Hold'em No Limit ($0.05/$0.1) - 2024/05/03 16:01:37
Table 'NLHRed8' 6-max Seat #2 is the button
Seat 1: e45571b5 ($10.1 in chips)
Seat 2: 6abaa92f ($9.55 in chips)
Seat 3: 5e236583 ($10.49 in chips)
Seat 4: Hero ($10.15 in chips)
Seat 5: 85fa6f3e ($13.99 in chips)
Seat 6: 4e701740 ($2.7 in chips)
5e236583: posts small blind $0.05
Hero: posts big blind $0.1
*** HOLE CARDS ***
Dealt to e45571b5 
Dealt to 6abaa92f 
Dealt to 5e236583 
Dealt to Hero [2d 4s]
Dealt to 85fa6f3e 
Dealt to 4e701740 
85fa6f3e: folds
4e701740: folds
e45571b5: raises $0.15 to $0.25
6abaa92f: calls $0.25
5e236583: folds
Hero: folds
*** FLOP *** [Ts 3c 5s]
e45571b5: bets $0.22
6abaa92f: calls $0.22
*** TURN *** [Ts 3c 5s] [3d]
e45571b5: checks
6abaa92f: bets $1.09
e45571b5: folds
Uncalled bet ($1.09) returned to 6abaa92f
*** SHOWDOWN ***
6abaa92f collected $1.04 from pot
*** SUMMARY ***
Total pot $1.09 | Rake $0.05 | Jackpot $0 | Bingo $0 | Fortune $0 | Tax $0
Board [Ts 3c 5s 3d]
Seat 1: e45571b5 folded on the Turn
Seat 2: 6abaa92f (button) won ($1.04)
Seat 3: 5e236583 (small blind) folded before Flop
Seat 4: Hero (big blind) folded before Flop
Seat 5: 85fa6f3e folded before Flop (didn't bet)
Seat 6: 4e701740 folded before Flop (didn't bet)


Poker Hand #HD1756943563: Hold'em No Limit ($0.05/$0.1) - 2024/05/03 16:01:05
Table 'NLHRed8' 6-max Seat #1 is the button
Seat 1: e45571b5 ($10.1 in chips)
Seat 2: 6abaa92f ($9.45 in chips)
Seat 3: 5e236583 ($10.59 in chips)
Seat 4: Hero ($10.15 in chips)
Seat 5: 85fa6f3e ($13.99 in chips)
Seat 6: 4e701740 ($2.7 in chips)
6abaa92f: posts small blind $0.05
5e236583: posts big blind $0.1
*** HOLE CARDS ***
Dealt to e45571b5 
Dealt to 6abaa92f 
Dealt to 5e236583 
Dealt to Hero [7c 2d]
Dealt to 85fa6f3e 
Dealt to 4e701740 
Hero: folds
85fa6f3e: folds
4e701740: folds
e45571b5: folds
6abaa92f: raises $0.1 to $0.2
5e236583: folds
Uncalled bet ($0.1) returned to 6abaa92f
*** SHOWDOWN ***
6abaa92f collected $0.2 from pot
*** SUMMARY ***
Total pot $0.2 | Rake $0 | Jackpot $0 | Bingo $0 | Fortune $0 | Tax $0
Seat 1: e45571b5 (button) folded before Flop (didn't bet)
Seat 2: 6abaa92f (small blind) collected ($0.2)
Seat 3: 5e236583 (big blind) folded before Flop
Seat 4: Hero folded before Flop (didn't bet)
Seat 5: 85fa6f3e folded before Flop (didn't bet)
Seat 6: 4e701740 folded before Flop (didn't bet)


Poker Hand #HD1756943532: Hold'em No Limit ($0.05/$0.1) - 2024/05/03 16:00:47
Table 'NLHRed8' 6-max Seat #6 is the button
Seat 1: e45571b5 ($10 in chips)
Seat 2: 6abaa92f ($9.55 in chips)
Seat 3: 5e236583 ($10.59 in chips)
Seat 4: Hero ($10.15 in chips)
Seat 5: 85fa6f3e ($13.99 in chips)
Seat 6: 4e701740 ($2.7 in chips)
e45571b5: posts small blind $0.05
6abaa92f: posts big blind $0.1
*** HOLE CARDS ***
Dealt to e45571b5 
Dealt to 6abaa92f 
Dealt to 5e236583 
Dealt to Hero [Ts 7s]
Dealt to 85fa6f3e 
Dealt to 4e701740 
5e236583: folds
Hero: folds
85fa6f3e: folds
4e701740: folds
e45571b5: raises $0.15 to $0.25
6abaa92f: folds
Uncalled bet ($0.15) returned to e45571b5
*** SHOWDOWN ***
e45571b5 collected $0.2 from pot
*** SUMMARY ***
Total pot $0.2 | Rake $0 | Jackpot $0 | Bingo $0 | Fortune $0 | Tax $0
Seat 1: e45571b5 (small blind) collected ($0.2)
Seat 2: 6abaa92f (big blind) folded before Flop
Seat 3: 5e236583 folded before Flop (didn't bet)
Seat 4: Hero folded before Flop (didn't bet)
Seat 5: 85fa6f3e folded before Flop (didn't bet)
Seat 6: 4e701740 (button) folded before Flop (didn't bet)


Poker Hand #HD1756943474: Hold'em No Limit ($0.05/$0.1) - 2024/05/03 16:00:18
Table 'NLHRed8' 6-max Seat #5 is the button
Seat 1: e45571b5 ($10.1 in chips)
Seat 2: 6abaa92f ($9.55 in chips)
Seat 3: 5e236583 ($10.59 in chips)
Seat 4: Hero ($10.15 in chips)
Seat 5: 85fa6f3e ($13.84 in chips)
Seat 6: 4e701740 ($2.75 in chips)
4e701740: posts small blind $0.05
e45571b5: posts big blind $0.1
*** HOLE CARDS ***
Dealt to e45571b5 
Dealt to 6abaa92f 
Dealt to 5e236583 
Dealt to Hero [Jd 5s]
Dealt to 85fa6f3e 
Dealt to 4e701740 
6abaa92f: folds
5e236583: folds
Hero: folds
85fa6f3e: raises $0.14 to $0.24
4e701740: folds
e45571b5: folds
Uncalled bet ($0.14) returned to 85fa6f3e
*** SHOWDOWN ***
85fa6f3e collected $0.25 from pot
*** SUMMARY ***
Total pot $0.25 | Rake $0 | Jackpot $0 | Bingo $0 | Fortune $0 | Tax $0
Seat 1: e45571b5 (big blind) folded before Flop
Seat 2: 6abaa92f folded before Flop (didn't bet)
Seat 3: 5e236583 folded before Flop (didn't bet)
Seat 4: Hero folded before Flop (didn't bet)
Seat 5: 85fa6f3e (button) collected ($0.25)
Seat 6: 4e701740 (small blind) folded before Flop


Poker Hand #HD1756943436: Hold'em No Limit ($0.05/$0.1) - 2024/05/03 15:59:56
Table 'NLHRed8' 6-max Seat #4 is the button
Seat 1: e45571b5 ($10.1 in chips)
Seat 2: 6abaa92f ($9.55 in chips)
Seat 3: 5e236583 ($10.59 in chips)
Seat 4: Hero ($10.15 in chips)
Seat 5: 85fa6f3e ($13.74 in chips)
Seat 6: 4e701740 ($2.85 in chips)
85fa6f3e: posts small blind $0.05
4e701740: posts big blind $0.1
*** HOLE CARDS ***
Dealt to e45571b5 
Dealt to 6abaa92f 
Dealt to 5e236583 
Dealt to Hero [5s 4h]
Dealt to 85fa6f3e 
Dealt to 4e701740 
e45571b5: folds
6abaa92f: folds
5e236583: folds
Hero: folds
85fa6f3e: raises $0.19 to $0.29
4e701740: folds
Uncalled bet ($0.19) returned to 85fa6f3e
*** SHOWDOWN ***
85fa6f3e collected $0.2 from pot
*** SUMMARY ***
Total pot $0.2 | Rake $0 | Jackpot $0 | Bingo $0 | Fortune $0 | Tax $0
Seat 1: e45571b5 folded before Flop (didn't bet)
Seat 2: 6abaa92f folded before Flop (didn't bet)
Seat 3: 5e236583 folded before Flop (didn't bet)
Seat 4: Hero (button) folded before Flop (didn't bet)
Seat 5: 85fa6f3e (small blind) collected ($0.2)
Seat 6: 4e701740 (big blind) folded before Flop


Poker Hand #HD1756943397: Hold'em No Limit ($0.05/$0.1) - 2024/05/03 15:59:34
Table 'NLHRed8' 6-max Seat #3 is the button
Seat 1: e45571b5 ($10.1 in chips)
Seat 2: 6abaa92f ($9.55 in chips)
Seat 3: 5e236583 ($10.59 in chips)
Seat 4: Hero ($10.2 in chips)
Seat 5: 85fa6f3e ($13.69 in chips)
Seat 6: 4e701740 ($2.85 in chips)
Hero: posts small blind $0.05
85fa6f3e: posts big blind $0.1
*** HOLE CARDS ***
Dealt to e45571b5 
Dealt to 6abaa92f 
Dealt to 5e236583 
Dealt to Hero [4h 9d]
Dealt to 85fa6f3e 
Dealt to 4e701740 
4e701740: folds
e45571b5: folds
6abaa92f: folds
5e236583: folds
Hero: folds
Uncalled bet ($0.05) returned to 85fa6f3e
*** SHOWDOWN ***
85fa6f3e collected $0.1 from pot
*** SUMMARY ***
Total pot $0.1 | Rake $0 | Jackpot $0 | Bingo $0 | Fortune $0 | Tax $0
Seat 1: e45571b5 folded before Flop (didn't bet)
Seat 2: 6abaa92f folded before Flop (didn't bet)
Seat 3: 5e236583 (button) folded before Flop (didn't bet)
Seat 4: Hero (small blind) folded before Flop
Seat 5: 85fa6f3e (big blind) collected ($0.1)
Seat 6: 4e701740 folded before Flop (didn't bet)


Poker Hand #HD1756943344: Hold'em No Limit ($0.05/$0.1) - 2024/05/03 15:59:07
Table 'NLHRed8' 6-max Seat #2 is the button
Seat 1: e45571b5 ($10.1 in chips)
Seat 2: 6abaa92f ($9.55 in chips)
Seat 3: 5e236583 ($10.64 in chips)
Seat 4: Hero ($10.15 in chips)
Seat 5: 85fa6f3e ($13.69 in chips)
Seat 6: 4e701740 ($2.85 in chips)
5e236583: posts small blind $0.05
Hero: posts big blind $0.1
*** HOLE CARDS ***
Dealt to e45571b5 
Dealt to 6abaa92f 
Dealt to 5e236583 
Dealt to Hero [2h 8d]
Dealt to 85fa6f3e 
Dealt to 4e701740 
85fa6f3e: folds
4e701740: folds
e45571b5: folds
6abaa92f: folds
5e236583: folds
Uncalled bet ($0.05) returned to Hero
*** SHOWDOWN ***
Hero collected $0.1 from pot
*** SUMMARY ***
Total pot $0.1 | Rake $0 | Jackpot $0 | Bingo $0 | Fortune $0 | Tax $0
Seat 1: e45571b5 folded before Flop (didn't bet)
Seat 2: 6abaa92f (button) folded before Flop (didn't bet)
Seat 3: 5e236583 (small blind) folded before Flop
Seat 4: Hero (big blind) collected ($0.1)
Seat 5: 85fa6f3e folded before Flop (didn't bet)
Seat 6: 4e701740 folded before Flop (didn't bet)


Poker Hand #HD1756943253: Hold'em No Limit ($0.05/$0.1) - 2024/05/03 15:58:18
Table 'NLHRed8' 6-max Seat #1 is the button
Seat 1: e45571b5 ($10.1 in chips)
Seat 2: 6abaa92f ($9.6 in chips)
Seat 3: 5e236583 ($10.85 in chips)
Seat 4: Hero ($10.15 in chips)
Seat 5: 85fa6f3e ($13.45 in chips)
Seat 6: 4e701740 ($2.85 in chips)
6abaa92f: posts small blind $0.05
5e236583: posts big blind $0.1
*** HOLE CARDS ***
Dealt to e45571b5 
Dealt to 6abaa92f 
Dealt to 5e236583 
Dealt to Hero [As 7d]
Dealt to 85fa6f3e 
Dealt to 4e701740 
Hero: folds
85fa6f3e: raises $0.11 to $0.21
4e701740: folds
e45571b5: folds
6abaa92f: folds
5e236583: calls $0.11
*** FLOP *** [8d Tc Ad]
5e236583: checks
85fa6f3e: bets $0.36
5e236583: folds
Uncalled bet ($0.36) returned to 85fa6f3e
*** SHOWDOWN ***
85fa6f3e collected $0.45 from pot
*** SUMMARY ***
Total pot $0.47 | Rake $0.02 | Jackpot $0 | Bingo $0 | Fortune $0 | Tax $0
Board [8d Tc Ad]
Seat 1: e45571b5 (button) folded before Flop (didn't bet)
Seat 2: 6abaa92f (small blind) folded before Flop
Seat 3: 5e236583 (big blind) folded on the Flop
Seat 4: Hero folded before Flop (didn't bet)
Seat 5: 85fa6f3e won ($0.45)
Seat 6: 4e701740 folded before Flop (didn't bet)


Poker Hand #HD1756943198: Hold'em No Limit ($0.05/$0.1) - 2024/05/03 15:57:49
Table 'NLHRed8' 6-max Seat #6 is the button
Seat 1: e45571b5 ($10 in chips)
Seat 2: 6abaa92f ($9.7 in chips)
Seat 3: 5e236583 ($10.85 in chips)
Seat 4: Hero ($10.15 in chips)
Seat 5: 85fa6f3e ($13.45 in chips)
Seat 6: 4e701740 ($2.85 in chips)
e45571b5: posts small blind $0.05
6abaa92f: posts big blind $0.1
*** HOLE CARDS ***
Dealt to e45571b5 
Dealt to 6abaa92f 
Dealt to 5e236583 
Dealt to Hero [7h 6d]
Dealt to 85fa6f3e 
Dealt to 4e701740 
5e236583: folds
Hero: folds
85fa6f3e: folds
4e701740: folds
e45571b5: raises $0.2 to $0.3
6abaa92f: folds
Uncalled bet ($0.2) returned to e45571b5
*** SHOWDOWN ***
e45571b5 collected $0.2 from pot
*** SUMMARY ***
Total pot $0.2 | Rake $0 | Jackpot $0 | Bingo $0 | Fortune $0 | Tax $0
Seat 1: e45571b5 (small blind) collected ($0.2)
Seat 2: 6abaa92f (big blind) folded before Flop
Seat 3: 5e236583 folded before Flop (didn't bet)
Seat 4: Hero folded before Flop (didn't bet)
Seat 5: 85fa6f3e folded before Flop (didn't bet)
Seat 6: 4e701740 (button) folded before Flop (didn't bet)


Poker Hand #HD1756943118: Hold'em No Limit ($0.05/$0.1) - 2024/05/03 15:57:06
Table 'NLHRed8' 6-max Seat #5 is the button
Seat 1: e45571b5 ($10 in chips)
Seat 2: 6abaa92f ($10.32 in chips)
Seat 3: 5e236583 ($10.15 in chips)
Seat 4: Hero ($10.15 in chips)
Seat 5: 85fa6f3e ($13.45 in chips)
Seat 6: 4e701740 ($2.9 in chips)
4e701740: posts small blind $0.05
e45571b5: posts big blind $0.1
*** HOLE CARDS ***
Dealt to e45571b5 
Dealt to 6abaa92f 
Dealt to 5e236583 
Dealt to Hero [Tc Th]
Dealt to 85fa6f3e 
Dealt to 4e701740 
6abaa92f: raises $0.1 to $0.2
5e236583: raises $0.42 to $0.62
Hero: folds
85fa6f3e: folds
4e701740: folds
e45571b5: folds
6abaa92f: calls $0.42
*** FLOP *** [7s 6c 7h]
6abaa92f: checks
5e236583: bets $0.7
6abaa92f: folds
Uncalled bet ($0.7) returned to 5e236583
*** SHOWDOWN ***
5e236583 collected $1.32 from pot
*** SUMMARY ***
Total pot $1.39 | Rake $0.07 | Jackpot $0 | Bingo $0 | Fortune $0 | Tax $0
Board [7s 6c 7h]
Seat 1: e45571b5 (big blind) folded before Flop
Seat 2: 6abaa92f folded on the Flop
Seat 3: 5e236583 won ($1.32)
Seat 4: Hero folded before Flop (didn't bet)
Seat 5: 85fa6f3e (button) folded before Flop (didn't bet)
Seat 6: 4e701740 (small blind) folded before Flop


Poker Hand #HD1756943092: Hold'em No Limit ($0.05/$0.1) - 2024/05/03 15:56:49
Table 'NLHRed8' 6-max Seat #4 is the button
Seat 2: 6abaa92f ($10.32 in chips)
Seat 3: 5e236583 ($10.15 in chips)
Seat 4: Hero ($10 in chips)
Seat 5: 85fa6f3e ($13.5 in chips)
Seat 6: 4e701740 ($3 in chips)
85fa6f3e: posts small blind $0.05
4e701740: posts big blind $0.1
*** HOLE CARDS ***
Dealt to 6abaa92f 
Dealt to 5e236583 
Dealt to Hero [9h Jc]
Dealt to 85fa6f3e 
Dealt to 4e701740 
6abaa92f: folds
5e236583: folds
Hero: raises $0.14 to $0.24
85fa6f3e: folds
4e701740: folds
Uncalled bet ($0.14) returned to Hero
*** SHOWDOWN ***
Hero collected $0.25 from pot
*** SUMMARY ***
Total pot $0.25 | Rake $0 | Jackpot $0 | Bingo $0 | Fortune $0 | Tax $0
Seat 2: 6abaa92f folded before Flop (didn't bet)
Seat 3: 5e236583 folded before Flop (didn't bet)
Seat 4: Hero (button) collected ($0.25)
Seat 5: 85fa6f3e (small blind) folded before Flop
Seat 6: 4e701740 (big blind) folded before Flop


Poker Hand #HD1756943065: Hold'em No Limit ($0.05/$0.1) - 2024/05/03 15:56:35
Table 'NLHRed8' 6-max Seat #3 is the button
Seat 2: 6abaa92f ($10.32 in chips)
Seat 3: 5e236583 ($10 in chips)
Seat 4: Hero ($10.05 in chips)
Seat 5: 85fa6f3e ($13.6 in chips)
Seat 6: 4e701740 ($3 in chips)
Hero: posts small blind $0.05
85fa6f3e: posts big blind $0.1
*** HOLE CARDS ***
Dealt to 6abaa92f 
Dealt to 5e236583 
Dealt to Hero [7c 8s]
Dealt to 85fa6f3e 
Dealt to 4e701740 
4e701740: folds
6abaa92f: folds
5e236583: raises $0.15 to $0.25
Hero: folds
85fa6f3e: folds
Uncalled bet ($0.15) returned to 5e236583
*** SHOWDOWN ***
5e236583 collected $0.25 from pot
*** SUMMARY ***
Total pot $0.25 | Rake $0 | Jackpot $0 | Bingo $0 | Fortune $0 | Tax $0
Seat 2: 6abaa92f folded before Flop (didn't bet)
Seat 3: 5e236583 (button) collected ($0.25)
Seat 4: Hero (small blind) folded before Flop
Seat 5: 85fa6f3e (big blind) folded before Flop
Seat 6: 4e701740 folded before Flop (didn't bet)


Poker Hand #HD1756943027: Hold'em No Limit ($0.05/$0.1) - 2024/05/03 15:56:16
Table 'NLHRed8' 6-max Seat #2 is the button
Seat 2: 6abaa92f ($10.32 in chips)
Seat 3: 5e236583 ($10 in chips)
Seat 4: Hero ($10 in chips)
Seat 5: 85fa6f3e ($13.6 in chips)
Seat 6: 4e701740 ($3 in chips)
5e236583: posts small blind $0.05
Hero: posts big blind $0.1
*** HOLE CARDS ***
Dealt to 6abaa92f 
Dealt to 5e236583 
Dealt to Hero [7h 6h]
Dealt to 85fa6f3e 
Dealt to 4e701740 
85fa6f3e: folds
4e701740: folds
6abaa92f: folds
5e236583: folds
Uncalled bet ($0.05) returned to Hero
*** SHOWDOWN ***
Hero collected $0.1 from pot
*** SUMMARY ***
Total pot $0.1 | Rake $0 | Jackpot $0 | Bingo $0 | Fortune $0 | Tax $0
Seat 2: 6abaa92f (button) folded before Flop (didn't bet)
Seat 3: 5e236583 (small blind) folded before Flop
Seat 4: Hero (big blind) collected ($0.1)
Seat 5: 85fa6f3e folded before Flop (didn't bet)
Seat 6: 4e701740 folded before Flop (didn't bet)


