Poker Hand #HD1740246757: Hold'em No Limit ($0.02/$0.05) - 2024/04/21 15:26:20
Table 'NLHBlue10' 6-max Seat #5 is the button
Seat 1: 6a8256ab ($5.09 in chips)
Seat 2: 715c0d5b ($2.94 in chips)
Seat 3: a80231c1 ($5.12 in chips)
Seat 4: d1b5fc42 ($5.02 in chips)
Seat 5: c63719a7 ($8.59 in chips)
Seat 6: Hero ($9.59 in chips)
Hero: posts small blind $0.02
6a8256ab: posts big blind $0.05
*** HOLE CARDS ***
Dealt to 6a8256ab 
Dealt to 715c0d5b 
Dealt to a80231c1 
Dealt to d1b5fc42 
Dealt to c63719a7 
Dealt to Hero [9s Ts]
715c0d5b: folds
a80231c1: folds
d1b5fc42: folds
c63719a7: folds
Hero: raises $0.1 to $0.15
6a8256ab: calls $0.1
*** FLOP *** [2c Qd Ks]
Hero: checks
6a8256ab: checks
*** TURN *** [2c Qd Ks] [9c]
Hero: checks
6a8256ab: bets $0.13
Hero: calls $0.13
*** RIVER *** [2c Qd Ks 9c] [6h]
Hero: checks
6a8256ab: checks
Hero: shows [9s Ts] (Pair of Nines)
6a8256ab: shows [Ac Tc] (Ace-High)
*** SHOWDOWN ***
Hero collected $0.54 from pot
*** SUMMARY ***
Total pot $0.56 | Rake $0.02 | Jackpot $0 | Bingo $0 | Fortune $0 | Tax $0
Board [2c Qd Ks 9c 6h]
Seat 1: 6a8256ab (big blind) showed [Ac Tc] and lost with Ace-High
Seat 2: 715c0d5b folded before Flop (didn't bet)
Seat 3: a80231c1 folded before Flop (didn't bet)
Seat 4: d1b5fc42 folded before Flop (didn't bet)
Seat 5: c63719a7 (button) folded before Flop (didn't bet)
Seat 6: Hero (small blind) showed [9s Ts] and won ($0.54) with Pair of Nines


Poker Hand #HD1740246707: Hold'em No Limit ($0.02/$0.05) - 2024/04/21 15:25:51
Table 'NLHBlue10' 6-max Seat #4 is the button
Seat 1: 6a8256ab ($5.09 in chips)
Seat 2: 715c0d5b ($2.94 in chips)
Seat 3: a80231c1 ($5.12 in chips)
Seat 4: d1b5fc42 ($4.86 in chips)
Seat 5: c63719a7 ($8.71 in chips)
Seat 6: Hero ($9.64 in chips)
c63719a7: posts small blind $0.02
Hero: posts big blind $0.05
*** HOLE CARDS ***
Dealt to 6a8256ab 
Dealt to 715c0d5b 
Dealt to a80231c1 
Dealt to d1b5fc42 
Dealt to c63719a7 
Dealt to Hero [5h 4h]
6a8256ab: folds
715c0d5b: folds
a80231c1: folds
d1b5fc42: raises $0.07 to $0.12
c63719a7: calls $0.1
Hero: folds
*** FLOP *** [Kd 2c Qc]
c63719a7: checks
d1b5fc42: bets $0.15
c63719a7: folds
Uncalled bet ($0.15) returned to d1b5fc42
*** SHOWDOWN ***
d1b5fc42 collected $0.28 from pot
*** SUMMARY ***
Total pot $0.29 | Rake $0.01 | Jackpot $0 | Bingo $0 | Fortune $0 | Tax $0
Board [Kd 2c Qc]
Seat 1: 6a8256ab folded before Flop (didn't bet)
Seat 2: 715c0d5b folded before Flop (didn't bet)
Seat 3: a80231c1 folded before Flop (didn't bet)
Seat 4: d1b5fc42 (button) won ($0.28)
Seat 5: c63719a7 (small blind) folded on the Flop
Seat 6: Hero (big blind) folded before Flop


Poker Hand #HD1740246672: Hold'em No Limit ($0.02/$0.05) - 2024/04/21 15:25:33
Table 'NLHBlue10' 6-max Seat #3 is the button
Seat 1: 6a8256ab ($5.09 in chips)
Seat 2: 715c0d5b ($2.94 in chips)
Seat 3: a80231c1 ($5.05 in chips)
Seat 4: d1b5fc42 ($4.88 in chips)
Seat 5: c63719a7 ($8.76 in chips)
Seat 6: Hero ($9.64 in chips)
d1b5fc42: posts small blind $0.02
c63719a7: posts big blind $0.05
*** HOLE CARDS ***
Dealt to 6a8256ab 
Dealt to 715c0d5b 
Dealt to a80231c1 
Dealt to d1b5fc42 
Dealt to c63719a7 
Dealt to Hero [5d 6s]
Hero: folds
6a8256ab: folds
715c0d5b: folds
a80231c1: raises $0.1 to $0.15
d1b5fc42: folds
c63719a7: folds
Uncalled bet ($0.1) returned to a80231c1
*** SHOWDOWN ***
a80231c1 collected $0.12 from pot
*** SUMMARY ***
Total pot $0.12 | Rake $0 | Jackpot $0 | Bingo $0 | Fortune $0 | Tax $0
Seat 1: 6a8256ab folded before Flop (didn't bet)
Seat 2: 715c0d5b folded before Flop (didn't bet)
Seat 3: a80231c1 (button) collected ($0.12)
Seat 4: d1b5fc42 (small blind) folded before Flop
Seat 5: c63719a7 (big blind) folded before Flop
Seat 6: Hero folded before Flop (didn't bet)


Poker Hand #HD1740246626: Hold'em No Limit ($0.02/$0.05) - 2024/04/21 15:25:07
Table 'NLHBlue10' 6-max Seat #2 is the button
Seat 1: 6a8256ab ($5.09 in chips)
Seat 2: 715c0d5b ($2.94 in chips)
Seat 3: a80231c1 ($5 in chips)
Seat 4: d1b5fc42 ($4.93 in chips)
Seat 5: c63719a7 ($8.76 in chips)
Seat 6: Hero ($9.64 in chips)
a80231c1: posts small blind $0.02
d1b5fc42: posts big blind $0.05
*** HOLE CARDS ***
Dealt to 6a8256ab 
Dealt to 715c0d5b 
Dealt to a80231c1 
Dealt to d1b5fc42 
Dealt to c63719a7 
Dealt to Hero [8s Qd]
c63719a7: folds
Hero: folds
6a8256ab: folds
715c0d5b: folds
a80231c1: raises $0.1 to $0.15
d1b5fc42: folds
Uncalled bet ($0.1) returned to a80231c1
*** SHOWDOWN ***
a80231c1 collected $0.1 from pot
*** SUMMARY ***
Total pot $0.1 | Rake $0 | Jackpot $0 | Bingo $0 | Fortune $0 | Tax $0
Seat 1: 6a8256ab folded before Flop (didn't bet)
Seat 2: 715c0d5b (button) folded before Flop (didn't bet)
Seat 3: a80231c1 (small blind) collected ($0.1)
Seat 4: d1b5fc42 (big blind) folded before Flop
Seat 5: c63719a7 folded before Flop (didn't bet)
Seat 6: Hero folded before Flop (didn't bet)


Poker Hand #HD1740246585: Hold'em No Limit ($0.02/$0.05) - 2024/04/21 15:24:48
Table 'NLHBlue10' 6-max Seat #1 is the button
Seat 1: 6a8256ab ($5.09 in chips)
Seat 2: 715c0d5b ($2.89 in chips)
Seat 3: a80231c1 ($5 in chips)
Seat 4: d1b5fc42 ($4.93 in chips)
Seat 5: c63719a7 ($8.76 in chips)
Seat 6: Hero ($9.64 in chips)
715c0d5b: posts small blind $0.02
a80231c1: posts big blind $0.05
*** HOLE CARDS ***
Dealt to 6a8256ab 
Dealt to 715c0d5b 
Dealt to a80231c1 
Dealt to d1b5fc42 
Dealt to c63719a7 
Dealt to Hero [6c 7s]
d1b5fc42: folds
c63719a7: folds
Hero: folds
6a8256ab: folds
715c0d5b: raises $0.1 to $0.15
a80231c1: folds
Uncalled bet ($0.1) returned to 715c0d5b
*** SHOWDOWN ***
715c0d5b collected $0.1 from pot
*** SUMMARY ***
Total pot $0.1 | Rake $0 | Jackpot $0 | Bingo $0 | Fortune $0 | Tax $0
Seat 1: 6a8256ab (button) folded before Flop (didn't bet)
Seat 2: 715c0d5b (small blind) collected ($0.1)
Seat 3: a80231c1 (big blind) folded before Flop
Seat 4: d1b5fc42 folded before Flop (didn't bet)
Seat 5: c63719a7 folded before Flop (didn't bet)
Seat 6: Hero folded before Flop (didn't bet)


Poker Hand #HD1740246535: Hold'em No Limit ($0.02/$0.05) - 2024/04/21 15:24:18
Table 'NLHBlue10' 6-max Seat #6 is the button
Seat 1: 6a8256ab ($5.11 in chips)
Seat 2: 715c0d5b ($2.94 in chips)
Seat 3: a80231c1 ($5 in chips)
Seat 4: d1b5fc42 ($4.93 in chips)
Seat 5: c63719a7 ($8.76 in chips)
Seat 6: Hero ($9.57 in chips)
6a8256ab: posts small blind $0.02
715c0d5b: posts big blind $0.05
*** HOLE CARDS ***
Dealt to 6a8256ab 
Dealt to 715c0d5b 
Dealt to a80231c1 
Dealt to d1b5fc42 
Dealt to c63719a7 
Dealt to Hero [6h Th]
a80231c1: folds
d1b5fc42: folds
c63719a7: folds
Hero: raises $0.07 to $0.12
6a8256ab: folds
715c0d5b: folds
Uncalled bet ($0.07) returned to Hero
*** SHOWDOWN ***
Hero collected $0.12 from pot
*** SUMMARY ***
Total pot $0.12 | Rake $0 | Jackpot $0 | Bingo $0 | Fortune $0 | Tax $0
Seat 1: 6a8256ab (small blind) folded before Flop
Seat 2: 715c0d5b (big blind) folded before Flop
Seat 3: a80231c1 folded before Flop (didn't bet)
Seat 4: d1b5fc42 folded before Flop (didn't bet)
Seat 5: c63719a7 folded before Flop (didn't bet)
Seat 6: Hero (button) collected ($0.12)


Poker Hand #HD1740246505: Hold'em No Limit ($0.02/$0.05) - 2024/04/21 15:24:02
Table 'NLHBlue10' 6-max Seat #5 is the button
Seat 1: 6a8256ab ($5.16 in chips)
Seat 2: 715c0d5b ($2.94 in chips)
Seat 3: a80231c1 ($5 in chips)
Seat 4: d1b5fc42 ($4.93 in chips)
Seat 5: c63719a7 ($8.76 in chips)
Seat 6: Hero ($9.52 in chips)
Hero: posts small blind $0.02
6a8256ab: posts big blind $0.05
*** HOLE CARDS ***
Dealt to 6a8256ab 
Dealt to 715c0d5b 
Dealt to a80231c1 
Dealt to d1b5fc42 
Dealt to c63719a7 
Dealt to Hero [Td Jd]
715c0d5b: folds
a80231c1: folds
d1b5fc42: folds
c63719a7: folds
Hero: raises $0.1 to $0.15
6a8256ab: folds
Uncalled bet ($0.1) returned to Hero
*** SHOWDOWN ***
Hero collected $0.1 from pot
*** SUMMARY ***
Total pot $0.1 | Rake $0 | Jackpot $0 | Bingo $0 | Fortune $0 | Tax $0
Seat 1: 6a8256ab (big blind) folded before Flop
Seat 2: 715c0d5b folded before Flop (didn't bet)
Seat 3: a80231c1 folded before Flop (didn't bet)
Seat 4: d1b5fc42 folded before Flop (didn't bet)
Seat 5: c63719a7 (button) folded before Flop (didn't bet)
Seat 6: Hero (small blind) collected ($0.1)


Poker Hand #HD1740246476: Hold'em No Limit ($0.02/$0.05) - 2024/04/21 15:23:44
Table 'NLHBlue10' 6-max Seat #4 is the button
Seat 2: 715c0d5b ($2.94 in chips)
Seat 3: a80231c1 ($5 in chips)
Seat 4: d1b5fc42 ($4.93 in chips)
Seat 5: c63719a7 ($8.78 in chips)
Seat 6: Hero ($9.5 in chips)
c63719a7: posts small blind $0.02
Hero: posts big blind $0.05
*** HOLE CARDS ***
Dealt to 715c0d5b 
Dealt to a80231c1 
Dealt to d1b5fc42 
Dealt to c63719a7 
Dealt to Hero [As 7c]
715c0d5b: folds
a80231c1: folds
d1b5fc42: folds
c63719a7: folds
Uncalled bet ($0.03) returned to Hero
*** SHOWDOWN ***
Hero collected $0.04 from pot
*** SUMMARY ***
Total pot $0.04 | Rake $0 | Jackpot $0 | Bingo $0 | Fortune $0 | Tax $0
Seat 2: 715c0d5b folded before Flop (didn't bet)
Seat 3: a80231c1 folded before Flop (didn't bet)
Seat 4: d1b5fc42 (button) folded before Flop (didn't bet)
Seat 5: c63719a7 (small blind) folded before Flop
Seat 6: Hero (big blind) collected ($0.04)


Poker Hand #HD1740246437: Hold'em No Limit ($0.02/$0.05) - 2024/04/21 15:23:23
Table 'NLHBlue10' 6-max Seat #3 is the button
Seat 2: 715c0d5b ($2.94 in chips)
Seat 3: a80231c1 ($5 in chips)
Seat 4: d1b5fc42 ($4.95 in chips)
Seat 5: c63719a7 ($8.83 in chips)
Seat 6: Hero ($9.43 in chips)
d1b5fc42: posts small blind $0.02
c63719a7: posts big blind $0.05
*** HOLE CARDS ***
Dealt to 715c0d5b 
Dealt to a80231c1 
Dealt to d1b5fc42 
Dealt to c63719a7 
Dealt to Hero [9d Ac]
Hero: raises $0.05 to $0.1
715c0d5b: folds
a80231c1: folds
d1b5fc42: folds
c63719a7: folds
Uncalled bet ($0.05) returned to Hero
*** SHOWDOWN ***
Hero collected $0.12 from pot
*** SUMMARY ***
Total pot $0.12 | Rake $0 | Jackpot $0 | Bingo $0 | Fortune $0 | Tax $0
Seat 2: 715c0d5b folded before Flop (didn't bet)
Seat 3: a80231c1 (button) folded before Flop (didn't bet)
Seat 4: d1b5fc42 (small blind) folded before Flop
Seat 5: c63719a7 (big blind) folded before Flop
Seat 6: Hero collected ($0.12)


Poker Hand #HD1740246286: Hold'em No Limit ($0.02/$0.05) - 2024/04/21 15:21:59
Table 'NLHBlue10' 6-max Seat #2 is the button
Seat 2: 715c0d5b ($3.15 in chips)
Seat 3: a80231c1 ($5.01 in chips)
Seat 4: d1b5fc42 ($4.74 in chips)
Seat 5: c63719a7 ($8.83 in chips)
Seat 6: Hero ($9.43 in chips)
a80231c1: posts small blind $0.02
d1b5fc42: posts big blind $0.05
*** HOLE CARDS ***
Dealt to 715c0d5b 
Dealt to a80231c1 
Dealt to d1b5fc42 
Dealt to c63719a7 
Dealt to Hero [2d 2c]
c63719a7: folds
Hero: folds
715c0d5b: raises $0.05 to $0.1
a80231c1: folds
d1b5fc42: calls $0.05
*** FLOP *** [2s 4d 2h]
d1b5fc42: checks
715c0d5b: checks
*** TURN *** [2s 4d 2h] [As]
d1b5fc42: bets $0.11
715c0d5b: calls $0.11
*** RIVER *** [2s 4d 2h As] [3c]
d1b5fc42: bets $0.4
715c0d5b: folds
Uncalled bet ($0.4) returned to d1b5fc42
d1b5fc42: shows [Kh] (Pair of Twos)
*** SHOWDOWN ***
d1b5fc42 collected $0.42 from pot
*** SUMMARY ***
Total pot $0.44 | Rake $0.02 | Jackpot $0 | Bingo $0 | Fortune $0 | Tax $0
Board [2s 4d 2h As 3c]
Seat 2: 715c0d5b (button) folded on the River
Seat 3: a80231c1 (small blind) folded before Flop
Seat 4: d1b5fc42 (big blind) showed [Kh] and won ($0.42)
Seat 5: c63719a7 folded before Flop (didn't bet)
Seat 6: Hero folded before Flop (didn't bet)


Poker Hand #HD1740246227: Hold'em No Limit ($0.02/$0.05) - 2024/04/21 15:21:25
Table 'NLHBlue10' 6-max Seat #6 is the button
Seat 2: 715c0d5b ($3.17 in chips)
Seat 3: a80231c1 ($5 in chips)
Seat 4: d1b5fc42 ($4.74 in chips)
Seat 5: c63719a7 ($8.83 in chips)
Seat 6: Hero ($9.42 in chips)
715c0d5b: posts small blind $0.02
a80231c1: posts big blind $0.05
*** HOLE CARDS ***
Dealt to 715c0d5b 
Dealt to a80231c1 
Dealt to d1b5fc42 
Dealt to c63719a7 
Dealt to Hero [Qd Js]
d1b5fc42: folds
c63719a7: folds
Hero: raises $0.07 to $0.12
715c0d5b: folds
a80231c1: calls $0.07
*** FLOP *** [9d Ac Ah]
a80231c1: checks
Hero: checks
*** TURN *** [9d Ac Ah] [9s]
a80231c1: checks
Hero: checks
*** RIVER *** [9d Ac Ah 9s] [Ks]
a80231c1: checks
Hero: checks
a80231c1: shows [8h Qh] (Pair of Aces and Pair of Nines)
Hero: shows [Qd Js] (Pair of Aces and Pair of Nines)
*** SHOWDOWN ***
a80231c1 collected $0.13 from pot
Hero collected $0.13 from pot
*** SUMMARY ***
Total pot $0.26 | Rake $0 | Jackpot $0 | Bingo $0 | Fortune $0 | Tax $0
Board [9d Ac Ah 9s Ks]
Seat 2: 715c0d5b (small blind) folded before Flop
Seat 3: a80231c1 (big blind) showed [8h Qh] and won ($0.13) with Pair of Aces and Pair of Nines
Seat 4: d1b5fc42 folded before Flop (didn't bet)
Seat 5: c63719a7 folded before Flop (didn't bet)
Seat 6: Hero (button) showed [Qd Js] and won ($0.13) with Pair of Aces and Pair of Nines


Poker Hand #HD1740246205: Hold'em No Limit ($0.02/$0.05) - 2024/04/21 15:21:12
Table 'NLHBlue10' 6-max Seat #5 is the button
Seat 2: 715c0d5b ($3.15 in chips)
Seat 4: d1b5fc42 ($4.74 in chips)
Seat 5: c63719a7 ($8.83 in chips)
Seat 6: Hero ($9.44 in chips)
Hero: posts small blind $0.02
715c0d5b: posts big blind $0.05
*** HOLE CARDS ***
Dealt to 715c0d5b 
Dealt to d1b5fc42 
Dealt to c63719a7 
Dealt to Hero [4c 2h]
d1b5fc42: folds
c63719a7: folds
Hero: folds
Uncalled bet ($0.03) returned to 715c0d5b
*** SHOWDOWN ***
715c0d5b collected $0.04 from pot
*** SUMMARY ***
Total pot $0.04 | Rake $0 | Jackpot $0 | Bingo $0 | Fortune $0 | Tax $0
Seat 2: 715c0d5b (big blind) collected ($0.04)
Seat 4: d1b5fc42 folded before Flop (didn't bet)
Seat 5: c63719a7 (button) folded before Flop (didn't bet)
Seat 6: Hero (small blind) folded before Flop


Poker Hand #HD1740246099: Hold'em No Limit ($0.02/$0.05) - 2024/04/21 15:20:15
Table 'NLHBlue10' 6-max Seat #4 is the button
Seat 1: 6a8256ab ($5.16 in chips)
Seat 2: 715c0d5b ($3.15 in chips)
Seat 4: d1b5fc42 ($4.95 in chips)
Seat 5: c63719a7 ($8.85 in chips)
Seat 6: Hero ($9.23 in chips)
c63719a7: posts small blind $0.02
Hero: posts big blind $0.05
*** HOLE CARDS ***
Dealt to 6a8256ab 
Dealt to 715c0d5b 
Dealt to d1b5fc42 
Dealt to c63719a7 
Dealt to Hero [Qh 9h]
6a8256ab: folds
715c0d5b: folds
d1b5fc42: raises $0.07 to $0.12
c63719a7: folds
Hero: calls $0.07
*** FLOP *** [Kd 2d 9d]
Hero: checks
d1b5fc42: bets $0.09
Hero: calls $0.09
*** TURN *** [Kd 2d 9d] [6h]
Hero: checks
d1b5fc42: checks
*** RIVER *** [Kd 2d 9d 6h] [3d]
Hero: checks
d1b5fc42: checks
Hero: shows [Qh 9h] (Pair of Nines)
d1b5fc42: shows [Ah 5c] (Ace-High)
*** SHOWDOWN ***
Hero collected $0.42 from pot
*** SUMMARY ***
Total pot $0.44 | Rake $0.02 | Jackpot $0 | Bingo $0 | Fortune $0 | Tax $0
Board [Kd 2d 9d 6h 3d]
Seat 1: 6a8256ab folded before Flop (didn't bet)
Seat 2: 715c0d5b folded before Flop (didn't bet)
Seat 4: d1b5fc42 (button) showed [Ah 5c] and lost with Ace-High
Seat 5: c63719a7 (small blind) folded before Flop
Seat 6: Hero (big blind) showed [Qh 9h] and won ($0.42) with Pair of Nines


Poker Hand #HD1740246056: Hold'em No Limit ($0.02/$0.05) - 2024/04/21 15:19:50
Table 'NLHBlue10' 6-max Seat #2 is the button
Seat 1: 6a8256ab ($5.16 in chips)
Seat 2: 715c0d5b ($3.15 in chips)
Seat 4: d1b5fc42 ($4.9 in chips)
Seat 5: c63719a7 ($8.9 in chips)
Seat 6: Hero ($9.23 in chips)
d1b5fc42: posts small blind $0.02
c63719a7: posts big blind $0.05
*** HOLE CARDS ***
Dealt to 6a8256ab 
Dealt to 715c0d5b 
Dealt to d1b5fc42 
Dealt to c63719a7 
Dealt to Hero [Th 8h]
Hero: folds
6a8256ab: folds
715c0d5b: folds
d1b5fc42: raises $0.07 to $0.12
c63719a7: folds
Uncalled bet ($0.07) returned to d1b5fc42
*** SHOWDOWN ***
d1b5fc42 collected $0.1 from pot
*** SUMMARY ***
Total pot $0.1 | Rake $0 | Jackpot $0 | Bingo $0 | Fortune $0 | Tax $0
Seat 1: 6a8256ab folded before Flop (didn't bet)
Seat 2: 715c0d5b (button) folded before Flop (didn't bet)
Seat 4: d1b5fc42 (small blind) collected ($0.1)
Seat 5: c63719a7 (big blind) folded before Flop
Seat 6: Hero folded before Flop (didn't bet)


Poker Hand #HD1740246024: Hold'em No Limit ($0.02/$0.05) - 2024/04/21 15:19:31
Table 'NLHBlue10' 6-max Seat #1 is the button
Seat 1: 6a8256ab ($5.16 in chips)
Seat 2: 715c0d5b ($3.17 in chips)
Seat 4: d1b5fc42 ($4.95 in chips)
Seat 5: c63719a7 ($8.83 in chips)
Seat 6: Hero ($9.23 in chips)
715c0d5b: posts small blind $0.02
d1b5fc42: posts big blind $0.05
*** HOLE CARDS ***
Dealt to 6a8256ab 
Dealt to 715c0d5b 
Dealt to d1b5fc42 
Dealt to c63719a7 
Dealt to Hero [Jh Qs]
c63719a7: raises $0.06 to $0.11
Hero: folds
6a8256ab: folds
715c0d5b: folds
d1b5fc42: folds
Uncalled bet ($0.06) returned to c63719a7
*** SHOWDOWN ***
c63719a7 collected $0.12 from pot
*** SUMMARY ***
Total pot $0.12 | Rake $0 | Jackpot $0 | Bingo $0 | Fortune $0 | Tax $0
Seat 1: 6a8256ab (button) folded before Flop (didn't bet)
Seat 2: 715c0d5b (small blind) folded before Flop
Seat 4: d1b5fc42 (big blind) folded before Flop
Seat 5: c63719a7 collected ($0.12)
Seat 6: Hero folded before Flop (didn't bet)


Poker Hand #HD1740246005: Hold'em No Limit ($0.02/$0.05) - 2024/04/21 15:19:17
Table 'NLHBlue10' 6-max Seat #6 is the button
Seat 1: 6a8256ab ($5.18 in chips)
Seat 2: 715c0d5b ($3.15 in chips)
Seat 4: d1b5fc42 ($4.95 in chips)
Seat 5: c63719a7 ($8.83 in chips)
Seat 6: Hero ($9.23 in chips)
6a8256ab: posts small blind $0.02
715c0d5b: posts big blind $0.05
*** HOLE CARDS ***
Dealt to 6a8256ab 
Dealt to 715c0d5b 
Dealt to d1b5fc42 
Dealt to c63719a7 
Dealt to Hero [2s Jd]
d1b5fc42: folds
c63719a7: folds
Hero: folds
6a8256ab: folds
Uncalled bet ($0.03) returned to 715c0d5b
*** SHOWDOWN ***
715c0d5b collected $0.04 from pot
*** SUMMARY ***
Total pot $0.04 | Rake $0 | Jackpot $0 | Bingo $0 | Fortune $0 | Tax $0
Seat 1: 6a8256ab (small blind) folded before Flop
Seat 2: 715c0d5b (big blind) collected ($0.04)
Seat 4: d1b5fc42 folded before Flop (didn't bet)
Seat 5: c63719a7 folded before Flop (didn't bet)
Seat 6: Hero (button) folded before Flop (didn't bet)


Poker Hand #HD1740245983: Hold'em No Limit ($0.02/$0.05) - 2024/04/21 15:19:06
Table 'NLHBlue10' 6-max Seat #5 is the button
Seat 1: 6a8256ab ($5.23 in chips)
Seat 2: 715c0d5b ($3.15 in chips)
Seat 4: d1b5fc42 ($4.95 in chips)
Seat 5: c63719a7 ($8.76 in chips)
Seat 6: Hero ($9.25 in chips)
Hero: posts small blind $0.02
6a8256ab: posts big blind $0.05
*** HOLE CARDS ***
Dealt to 6a8256ab 
Dealt to 715c0d5b 
Dealt to d1b5fc42 
Dealt to c63719a7 
Dealt to Hero [Jh 3s]
715c0d5b: folds
d1b5fc42: folds
c63719a7: raises $0.07 to $0.12
Hero: folds
6a8256ab: folds
Uncalled bet ($0.07) returned to c63719a7
*** SHOWDOWN ***
c63719a7 collected $0.12 from pot
*** SUMMARY ***
Total pot $0.12 | Rake $0 | Jackpot $0 | Bingo $0 | Fortune $0 | Tax $0
Seat 1: 6a8256ab (big blind) folded before Flop
Seat 2: 715c0d5b folded before Flop (didn't bet)
Seat 4: d1b5fc42 folded before Flop (didn't bet)
Seat 5: c63719a7 (button) collected ($0.12)
Seat 6: Hero (small blind) folded before Flop


Poker Hand #HD1740245918: Hold'em No Limit ($0.02/$0.05) - 2024/04/21 15:18:34
Table 'NLHBlue10' 6-max Seat #4 is the button
Seat 1: 6a8256ab ($5.23 in chips)
Seat 2: 715c0d5b ($3.15 in chips)
Seat 4: d1b5fc42 ($5.07 in chips)
Seat 5: c63719a7 ($8.78 in chips)
Seat 6: Hero ($9.12 in chips)
c63719a7: posts small blind $0.02
Hero: posts big blind $0.05
*** HOLE CARDS ***
Dealt to 6a8256ab 
Dealt to 715c0d5b 
Dealt to d1b5fc42 
Dealt to c63719a7 
Dealt to Hero [Jd Js]
6a8256ab: folds
715c0d5b: folds
d1b5fc42: raises $0.07 to $0.12
c63719a7: folds
Hero: raises $0.23 to $0.35
d1b5fc42: folds
Uncalled bet ($0.23) returned to Hero
*** SHOWDOWN ***
Hero collected $0.25 from pot
*** SUMMARY ***
Total pot $0.26 | Rake $0.01 | Jackpot $0 | Bingo $0 | Fortune $0 | Tax $0
Seat 1: 6a8256ab folded before Flop (didn't bet)
Seat 2: 715c0d5b folded before Flop (didn't bet)
Seat 4: d1b5fc42 (button) folded before Flop
Seat 5: c63719a7 (small blind) folded before Flop
Seat 6: Hero (big blind) collected ($0.25)


Poker Hand #HD1740245808: Hold'em No Limit ($0.02/$0.05) - 2024/04/21 15:17:34
Table 'NLHBlue10' 6-max Seat #2 is the button
Seat 1: 6a8256ab ($5.23 in chips)
Seat 2: 715c0d5b ($3.65 in chips)
Seat 4: d1b5fc42 ($5.09 in chips)
Seat 5: c63719a7 ($8.21 in chips)
Seat 6: Hero ($9.22 in chips)
d1b5fc42: posts small blind $0.02
c63719a7: posts big blind $0.05
*** HOLE CARDS ***
Dealt to 6a8256ab 
Dealt to 715c0d5b 
Dealt to d1b5fc42 
Dealt to c63719a7 
Dealt to Hero [Ks 9s]
Hero: raises $0.05 to $0.1
6a8256ab: folds
715c0d5b: calls $0.1
d1b5fc42: folds
c63719a7: raises $0.4 to $0.5
Hero: folds
715c0d5b: calls $0.4
*** FLOP *** [8h Td 6c]
c63719a7: bets $0.35
715c0d5b: folds
Uncalled bet ($0.35) returned to c63719a7
*** SHOWDOWN ***
c63719a7 collected $1.07 from pot
*** SUMMARY ***
Total pot $1.12 | Rake $0.05 | Jackpot $0 | Bingo $0 | Fortune $0 | Tax $0
Board [8h Td 6c]
Seat 1: 6a8256ab folded before Flop (didn't bet)
Seat 2: 715c0d5b (button) folded on the Flop
Seat 4: d1b5fc42 (small blind) folded before Flop
Seat 5: c63719a7 (big blind) won ($1.07)
Seat 6: Hero folded before Flop


Poker Hand #HD1740245791: Hold'em No Limit ($0.02/$0.05) - 2024/04/21 15:17:20
Table 'NLHBlue10' 6-max Seat #1 is the button
Seat 1: 6a8256ab ($5.23 in chips)
Seat 2: 715c0d5b ($3.67 in chips)
Seat 4: d1b5fc42 ($5.07 in chips)
Seat 5: c63719a7 ($8.21 in chips)
Seat 6: Hero ($9.22 in chips)
715c0d5b: posts small blind $0.02
d1b5fc42: posts big blind $0.05
*** HOLE CARDS ***
Dealt to 6a8256ab 
Dealt to 715c0d5b 
Dealt to d1b5fc42 
Dealt to c63719a7 
Dealt to Hero [2s 5c]
c63719a7: folds
Hero: folds
6a8256ab: folds
715c0d5b: folds
Uncalled bet ($0.03) returned to d1b5fc42
*** SHOWDOWN ***
d1b5fc42 collected $0.04 from pot
*** SUMMARY ***
Total pot $0.04 | Rake $0 | Jackpot $0 | Bingo $0 | Fortune $0 | Tax $0
Seat 1: 6a8256ab (button) folded before Flop (didn't bet)
Seat 2: 715c0d5b (small blind) folded before Flop
Seat 4: d1b5fc42 (big blind) collected ($0.04)
Seat 5: c63719a7 folded before Flop (didn't bet)
Seat 6: Hero folded before Flop (didn't bet)


Poker Hand #HD1740245752: Hold'em No Limit ($0.02/$0.05) - 2024/04/21 15:17:01
Table 'NLHBlue10' 6-max Seat #6 is the button
Seat 1: 6a8256ab ($5.25 in chips)
Seat 2: 715c0d5b ($3.72 in chips)
Seat 4: d1b5fc42 ($5 in chips)
Seat 5: c63719a7 ($8.21 in chips)
Seat 6: Hero ($9.22 in chips)
6a8256ab: posts small blind $0.02
715c0d5b: posts big blind $0.05
*** HOLE CARDS ***
Dealt to 6a8256ab 
Dealt to 715c0d5b 
Dealt to d1b5fc42 
Dealt to c63719a7 
Dealt to Hero [Ts 6h]
d1b5fc42: raises $0.07 to $0.12
c63719a7: folds
Hero: folds
6a8256ab: folds
715c0d5b: folds
Uncalled bet ($0.07) returned to d1b5fc42
*** SHOWDOWN ***
d1b5fc42 collected $0.12 from pot
*** SUMMARY ***
Total pot $0.12 | Rake $0 | Jackpot $0 | Bingo $0 | Fortune $0 | Tax $0
Seat 1: 6a8256ab (small blind) folded before Flop
Seat 2: 715c0d5b (big blind) folded before Flop
Seat 4: d1b5fc42 collected ($0.12)
Seat 5: c63719a7 folded before Flop (didn't bet)
Seat 6: Hero (button) folded before Flop (didn't bet)


Poker Hand #HD1740245702: Hold'em No Limit ($0.02/$0.05) - 2024/04/21 15:16:36
Table 'NLHBlue10' 6-max Seat #5 is the button
Seat 1: 6a8256ab ($5.3 in chips)
Seat 2: 715c0d5b ($3.72 in chips)
Seat 4: d1b5fc42 ($4.93 in chips)
Seat 5: c63719a7 ($8.21 in chips)
Seat 6: Hero ($9.24 in chips)
Hero: posts small blind $0.02
6a8256ab: posts big blind $0.05
*** HOLE CARDS ***
Dealt to 6a8256ab 
Dealt to 715c0d5b 
Dealt to d1b5fc42 
Dealt to c63719a7 
Dealt to Hero [Th Jc]
715c0d5b: folds
d1b5fc42: raises $0.07 to $0.12
c63719a7: folds
Hero: folds
6a8256ab: folds
Uncalled bet ($0.07) returned to d1b5fc42
*** SHOWDOWN ***
d1b5fc42 collected $0.12 from pot
*** SUMMARY ***
Total pot $0.12 | Rake $0 | Jackpot $0 | Bingo $0 | Fortune $0 | Tax $0
Seat 1: 6a8256ab (big blind) folded before Flop
Seat 2: 715c0d5b folded before Flop (didn't bet)
Seat 4: d1b5fc42 collected ($0.12)
Seat 5: c63719a7 (button) folded before Flop (didn't bet)
Seat 6: Hero (small blind) folded before Flop


Poker Hand #HD1740145631: Hold'em No Limit ($0.02/$0.05) - 2024/04/21 15:16:03
Table 'NLHBlue10' 6-max Seat #4 is the button
Seat 1: 6a8256ab ($5.3 in chips)
Seat 2: 715c0d5b ($3.82 in chips)
Seat 4: d1b5fc42 ($4.77 in chips)
Seat 5: c63719a7 ($8.23 in chips)
Seat 6: Hero ($9.29 in chips)
c63719a7: posts small blind $0.02
Hero: posts big blind $0.05
*** HOLE CARDS ***
Dealt to 6a8256ab 
Dealt to 715c0d5b 
Dealt to d1b5fc42 
Dealt to c63719a7 
Dealt to Hero [9s 2s]
6a8256ab: folds
715c0d5b: raises $0.05 to $0.1
d1b5fc42: raises $0.2 to $0.3
c63719a7: folds
Hero: folds
715c0d5b: folds
Uncalled bet ($0.2) returned to d1b5fc42
*** SHOWDOWN ***
d1b5fc42 collected $0.26 from pot
*** SUMMARY ***
Total pot $0.27 | Rake $0.01 | Jackpot $0 | Bingo $0 | Fortune $0 | Tax $0
Seat 1: 6a8256ab folded before Flop (didn't bet)
Seat 2: 715c0d5b folded before Flop
Seat 4: d1b5fc42 (button) collected ($0.26)
Seat 5: c63719a7 (small blind) folded before Flop
Seat 6: Hero (big blind) folded before Flop


Poker Hand #HD1740145538: Hold'em No Limit ($0.02/$0.05) - 2024/04/21 15:15:12
Table 'NLHBlue10' 6-max Seat #2 is the button
Seat 1: 6a8256ab ($5.23 in chips)
Seat 2: 715c0d5b ($3.82 in chips)
Seat 3: bc223019 ($5.02 in chips)
Seat 4: d1b5fc42 ($4.82 in chips)
Seat 5: c63719a7 ($8.23 in chips)
Seat 6: Hero ($9.29 in chips)
bc223019: posts small blind $0.02
d1b5fc42: posts big blind $0.05
*** HOLE CARDS ***
Dealt to 6a8256ab 
Dealt to 715c0d5b 
Dealt to bc223019 
Dealt to d1b5fc42 
Dealt to c63719a7 
Dealt to Hero [Qs 5h]
c63719a7: folds
Hero: folds
6a8256ab: raises $0.06 to $0.11
715c0d5b: folds
bc223019: folds
d1b5fc42: folds
Uncalled bet ($0.06) returned to 6a8256ab
*** SHOWDOWN ***
6a8256ab collected $0.12 from pot
*** SUMMARY ***
Total pot $0.12 | Rake $0 | Jackpot $0 | Bingo $0 | Fortune $0 | Tax $0
Seat 1: 6a8256ab collected ($0.12)
Seat 2: 715c0d5b (button) folded before Flop (didn't bet)
Seat 3: bc223019 (small blind) folded before Flop
Seat 4: d1b5fc42 (big blind) folded before Flop
Seat 5: c63719a7 folded before Flop (didn't bet)
Seat 6: Hero folded before Flop (didn't bet)


Poker Hand #HD1740145504: Hold'em No Limit ($0.02/$0.05) - 2024/04/21 15:14:50
Table 'NLHBlue10' 6-max Seat #1 is the button
Seat 1: 6a8256ab ($5.23 in chips)
Seat 2: 715c0d5b ($3.84 in chips)
Seat 3: bc223019 ($5 in chips)
Seat 4: d1b5fc42 ($4.82 in chips)
Seat 5: c63719a7 ($8.23 in chips)
Seat 6: Hero ($9.29 in chips)
715c0d5b: posts small blind $0.02
bc223019: posts big blind $0.05
*** HOLE CARDS ***
Dealt to 6a8256ab 
Dealt to 715c0d5b 
Dealt to bc223019 
Dealt to d1b5fc42 
Dealt to c63719a7 
Dealt to Hero [2s Ad]
d1b5fc42: folds
c63719a7: folds
Hero: folds
6a8256ab: folds
715c0d5b: folds
Uncalled bet ($0.03) returned to bc223019
*** SHOWDOWN ***
bc223019 collected $0.04 from pot
*** SUMMARY ***
Total pot $0.04 | Rake $0 | Jackpot $0 | Bingo $0 | Fortune $0 | Tax $0
Seat 1: 6a8256ab (button) folded before Flop (didn't bet)
Seat 2: 715c0d5b (small blind) folded before Flop
Seat 3: bc223019 (big blind) collected ($0.04)
Seat 4: d1b5fc42 folded before Flop (didn't bet)
Seat 5: c63719a7 folded before Flop (didn't bet)
Seat 6: Hero folded before Flop (didn't bet)


Poker Hand #HD1740145430: Hold'em No Limit ($0.02/$0.05) - 2024/04/21 15:14:11
Table 'NLHBlue10' 6-max Seat #6 is the button
Seat 1: 6a8256ab ($5.25 in chips)
Seat 2: 715c0d5b ($3.89 in chips)
Seat 4: d1b5fc42 ($5.22 in chips)
Seat 5: c63719a7 ($8.23 in chips)
Seat 6: Hero ($8.86 in chips)
6a8256ab: posts small blind $0.02
715c0d5b: posts big blind $0.05
*** HOLE CARDS ***
Dealt to 6a8256ab 
Dealt to 715c0d5b 
Dealt to d1b5fc42 
Dealt to c63719a7 
Dealt to Hero [As Jc]
d1b5fc42: raises $0.07 to $0.12
c63719a7: folds
Hero: raises $0.28 to $0.4
6a8256ab: folds
715c0d5b: folds
d1b5fc42: calls $0.28
*** FLOP *** [7h Js 9s]
d1b5fc42: checks
Hero: bets $0.39
d1b5fc42: folds
Uncalled bet ($0.39) returned to Hero
*** SHOWDOWN ***
Hero collected $0.83 from pot
*** SUMMARY ***
Total pot $0.87 | Rake $0.04 | Jackpot $0 | Bingo $0 | Fortune $0 | Tax $0
Board [7h Js 9s]
Seat 1: 6a8256ab (small blind) folded before Flop
Seat 2: 715c0d5b (big blind) folded before Flop
Seat 4: d1b5fc42 folded on the Flop
Seat 5: c63719a7 folded before Flop (didn't bet)
Seat 6: Hero (button) won ($0.83)


Poker Hand #HD1740145327: Hold'em No Limit ($0.02/$0.05) - 2024/04/21 15:13:17
Table 'NLHBlue10' 6-max Seat #5 is the button
Seat 1: 6a8256ab ($5.3 in chips)
Seat 2: 715c0d5b ($3.89 in chips)
Seat 4: d1b5fc42 ($4.7 in chips)
Seat 5: c63719a7 ($8.73 in chips)
Seat 6: Hero ($8.88 in chips)
Hero: posts small blind $0.02
6a8256ab: posts big blind $0.05
*** HOLE CARDS ***
Dealt to 6a8256ab 
Dealt to 715c0d5b 
Dealt to d1b5fc42 
Dealt to c63719a7 
Dealt to Hero [Qh Ts]
715c0d5b: folds
d1b5fc42: raises $0.07 to $0.12
c63719a7: calls $0.12
Hero: folds
6a8256ab: folds
*** FLOP *** [4c 3c Qd]
d1b5fc42: bets $0.11
c63719a7: calls $0.11
*** TURN *** [4c 3c Qd] [7d]
d1b5fc42: bets $0.27
c63719a7: calls $0.27
*** RIVER *** [4c 3c Qd 7d] [Td]
d1b5fc42: checks
c63719a7: checks
d1b5fc42: shows [Th Ac] (Pair of Tens)
c63719a7: shows [7c 6c] (Pair of Sevens)
*** SHOWDOWN ***
d1b5fc42 collected $1.02 from pot
*** SUMMARY ***
Total pot $1.07 | Rake $0.05 | Jackpot $0 | Bingo $0 | Fortune $0 | Tax $0
Board [4c 3c Qd 7d Td]
Seat 1: 6a8256ab (big blind) folded before Flop
Seat 2: 715c0d5b folded before Flop (didn't bet)
Seat 4: d1b5fc42 showed [Th Ac] and won ($1.02) with Pair of Tens
Seat 5: c63719a7 (button) showed [7c 6c] and lost with Pair of Sevens
Seat 6: Hero (small blind) folded before Flop


Poker Hand #HD1740145223: Hold'em No Limit ($0.02/$0.05) - 2024/04/21 15:12:18
Table 'NLHBlue10' 6-max Seat #4 is the button
Seat 1: 6a8256ab ($5.3 in chips)
Seat 2: 715c0d5b ($3.89 in chips)
Seat 4: d1b5fc42 ($4.7 in chips)
Seat 5: c63719a7 ($8.01 in chips)
Seat 6: Hero ($9.73 in chips)
c63719a7: posts small blind $0.02
Hero: posts big blind $0.05
*** HOLE CARDS ***
Dealt to 6a8256ab 
Dealt to 715c0d5b 
Dealt to d1b5fc42 
Dealt to c63719a7 
Dealt to Hero [Tc Qd]
6a8256ab: folds
715c0d5b: folds
d1b5fc42: folds
c63719a7: raises $0.1 to $0.15
Hero: calls $0.1
*** FLOP *** [4s 9s Kh]
c63719a7: bets $0.1
Hero: calls $0.1
*** TURN *** [4s 9s Kh] [5c]
c63719a7: checks
Hero: bets $0.35
c63719a7: calls $0.35
*** RIVER *** [4s 9s Kh 5c] [Qh]
c63719a7: bets $0.25
Hero: calls $0.25
c63719a7: shows [7d Kd] (Pair of Kings)
Hero: shows [Tc Qd] (Pair of Queens)
*** SHOWDOWN ***
c63719a7 collected $1.57 from pot
*** SUMMARY ***
Total pot $1.7 | Rake $0.08 | Jackpot $0.05 | Bingo $0 | Fortune $0 | Tax $0
Board [4s 9s Kh 5c Qh]
Seat 1: 6a8256ab folded before Flop (didn't bet)
Seat 2: 715c0d5b folded before Flop (didn't bet)
Seat 4: d1b5fc42 (button) folded before Flop (didn't bet)
Seat 5: c63719a7 (small blind) showed [7d Kd] and won ($1.57) with Pair of Kings
Seat 6: Hero (big blind) showed [Tc Qd] and lost with Pair of Queens


Poker Hand #HD1740145129: Hold'em No Limit ($0.02/$0.05) - 2024/04/21 15:11:25
Table 'NLHBlue10' 6-max Seat #2 is the button
Seat 1: 6a8256ab ($5.3 in chips)
Seat 2: 715c0d5b ($3.66 in chips)
Seat 4: d1b5fc42 ($4.72 in chips)
Seat 5: c63719a7 ($8.24 in chips)
Seat 6: Hero ($9.73 in chips)
d1b5fc42: posts small blind $0.02
c63719a7: posts big blind $0.05
*** HOLE CARDS ***
Dealt to 6a8256ab 
Dealt to 715c0d5b 
Dealt to d1b5fc42 
Dealt to c63719a7 
Dealt to Hero [7s 2h]
Hero: folds
6a8256ab: folds
715c0d5b: raises $0.05 to $0.1
d1b5fc42: folds
c63719a7: calls $0.05
*** FLOP *** [6s As 7h]
c63719a7: checks
715c0d5b: bets $0.08
c63719a7: calls $0.08
*** TURN *** [6s As 7h] [Js]
c63719a7: checks
715c0d5b: checks
*** RIVER *** [6s As 7h Js] [5c]
c63719a7: bets $0.05
715c0d5b: calls $0.05
c63719a7: shows [4h 6h] (Pair of Sixes)
715c0d5b: shows [Jh 9h] (Pair of Jacks)
*** SHOWDOWN ***
715c0d5b collected $0.46 from pot
*** SUMMARY ***
Total pot $0.48 | Rake $0.02 | Jackpot $0 | Bingo $0 | Fortune $0 | Tax $0
Board [6s As 7h Js 5c]
Seat 1: 6a8256ab folded before Flop (didn't bet)
Seat 2: 715c0d5b (button) showed [Jh 9h] and won ($0.46) with Pair of Jacks
Seat 4: d1b5fc42 (small blind) folded before Flop
Seat 5: c63719a7 (big blind) showed [4h 6h] and lost with Pair of Sixes
Seat 6: Hero folded before Flop (didn't bet)


Poker Hand #HD1740145088: Hold'em No Limit ($0.02/$0.05) - 2024/04/21 15:11:02
Table 'NLHBlue10' 6-max Seat #1 is the button
Seat 1: 6a8256ab ($5.3 in chips)
Seat 2: 715c0d5b ($3.61 in chips)
Seat 4: d1b5fc42 ($4.77 in chips)
Seat 5: c63719a7 ($8.24 in chips)
Seat 6: Hero ($9.73 in chips)
715c0d5b: posts small blind $0.02
d1b5fc42: posts big blind $0.05
*** HOLE CARDS ***
Dealt to 6a8256ab 
Dealt to 715c0d5b 
Dealt to d1b5fc42 
Dealt to c63719a7 
Dealt to Hero [5s 4d]
c63719a7: folds
Hero: folds
6a8256ab: folds
715c0d5b: calls $0.03
d1b5fc42: checks
*** FLOP *** [4c 4h Qc]
715c0d5b: bets $0.05
d1b5fc42: folds
Uncalled bet ($0.05) returned to 715c0d5b
*** SHOWDOWN ***
715c0d5b collected $0.1 from pot
*** SUMMARY ***
Total pot $0.1 | Rake $0 | Jackpot $0 | Bingo $0 | Fortune $0 | Tax $0
Board [4c 4h Qc]
Seat 1: 6a8256ab (button) folded before Flop (didn't bet)
Seat 2: 715c0d5b (small blind) won ($0.1)
Seat 4: d1b5fc42 (big blind) folded on the Flop
Seat 5: c63719a7 folded before Flop (didn't bet)
Seat 6: Hero folded before Flop (didn't bet)


Poker Hand #HD1740145060: Hold'em No Limit ($0.02/$0.05) - 2024/04/21 15:10:48
Table 'NLHBlue10' 6-max Seat #6 is the button
Seat 1: 6a8256ab ($5.32 in chips)
Seat 2: 715c0d5b ($3.66 in chips)
Seat 3: 6ae63a6e ($1.93 in chips)
Seat 4: d1b5fc42 ($4.77 in chips)
Seat 5: c63719a7 ($8.17 in chips)
Seat 6: Hero ($9.73 in chips)
6a8256ab: posts small blind $0.02
715c0d5b: posts big blind $0.05
*** HOLE CARDS ***
Dealt to 6a8256ab 
Dealt to 715c0d5b 
Dealt to 6ae63a6e 
Dealt to d1b5fc42 
Dealt to c63719a7 
Dealt to Hero [3s Qd]
6ae63a6e: folds
d1b5fc42: folds
c63719a7: raises $0.07 to $0.12
Hero: folds
6a8256ab: folds
715c0d5b: folds
Uncalled bet ($0.07) returned to c63719a7
*** SHOWDOWN ***
c63719a7 collected $0.12 from pot
*** SUMMARY ***
Total pot $0.12 | Rake $0 | Jackpot $0 | Bingo $0 | Fortune $0 | Tax $0
Seat 1: 6a8256ab (small blind) folded before Flop
Seat 2: 715c0d5b (big blind) folded before Flop
Seat 3: 6ae63a6e folded before Flop (didn't bet)
Seat 4: d1b5fc42 folded before Flop (didn't bet)
Seat 5: c63719a7 collected ($0.12)
Seat 6: Hero (button) folded before Flop (didn't bet)


Poker Hand #HD1740144996: Hold'em No Limit ($0.02/$0.05) - 2024/04/21 15:10:11
Table 'NLHBlue10' 6-max Seat #5 is the button
Seat 1: 6a8256ab ($5.44 in chips)
Seat 2: 715c0d5b ($3.66 in chips)
Seat 3: 6ae63a6e ($1.93 in chips)
Seat 4: d1b5fc42 ($4.64 in chips)
Seat 5: c63719a7 ($8.17 in chips)
Seat 6: Hero ($9.75 in chips)
Hero: posts small blind $0.02
6a8256ab: posts big blind $0.05
*** HOLE CARDS ***
Dealt to 6a8256ab 
Dealt to 715c0d5b 
Dealt to 6ae63a6e 
Dealt to d1b5fc42 
Dealt to c63719a7 
Dealt to Hero [Qc 8s]
715c0d5b: folds
6ae63a6e: folds
d1b5fc42: raises $0.07 to $0.12
c63719a7: folds
Hero: folds
6a8256ab: calls $0.07
*** FLOP *** [4s 2s Ts]
6a8256ab: checks
d1b5fc42: bets $0.13
6a8256ab: folds
Uncalled bet ($0.13) returned to d1b5fc42
*** SHOWDOWN ***
d1b5fc42 collected $0.25 from pot
*** SUMMARY ***
Total pot $0.26 | Rake $0.01 | Jackpot $0 | Bingo $0 | Fortune $0 | Tax $0
Board [4s 2s Ts]
Seat 1: 6a8256ab (big blind) folded on the Flop
Seat 2: 715c0d5b folded before Flop (didn't bet)
Seat 3: 6ae63a6e folded before Flop (didn't bet)
Seat 4: d1b5fc42 won ($0.25)
Seat 5: c63719a7 (button) folded before Flop (didn't bet)
Seat 6: Hero (small blind) folded before Flop


Poker Hand #HD1740144957: Hold'em No Limit ($0.02/$0.05) - 2024/04/21 15:09:55
Table 'NLHBlue10' 6-max Seat #4 is the button
Seat 1: 6a8256ab ($5.44 in chips)
Seat 2: 715c0d5b ($3.66 in chips)
Seat 3: 6ae63a6e ($1.93 in chips)
Seat 4: d1b5fc42 ($4.57 in chips)
Seat 5: c63719a7 ($8.19 in chips)
Seat 6: Hero ($9.8 in chips)
c63719a7: posts small blind $0.02
Hero: posts big blind $0.05
*** HOLE CARDS ***
Dealt to 6a8256ab 
Dealt to 715c0d5b 
Dealt to 6ae63a6e 
Dealt to d1b5fc42 
Dealt to c63719a7 
Dealt to Hero [4c 5s]
6a8256ab: folds
715c0d5b: folds
6ae63a6e: folds
d1b5fc42: raises $0.07 to $0.12
c63719a7: folds
Hero: folds
Uncalled bet ($0.07) returned to d1b5fc42
*** SHOWDOWN ***
d1b5fc42 collected $0.12 from pot
*** SUMMARY ***
Total pot $0.12 | Rake $0 | Jackpot $0 | Bingo $0 | Fortune $0 | Tax $0
Seat 1: 6a8256ab folded before Flop (didn't bet)
Seat 2: 715c0d5b folded before Flop (didn't bet)
Seat 3: 6ae63a6e folded before Flop (didn't bet)
Seat 4: d1b5fc42 (button) collected ($0.12)
Seat 5: c63719a7 (small blind) folded before Flop
Seat 6: Hero (big blind) folded before Flop


Poker Hand #HD1740144833: Hold'em No Limit ($0.02/$0.05) - 2024/04/21 15:08:43
Table 'NLHBlue10' 6-max Seat #3 is the button
Seat 1: 6a8256ab ($5.82 in chips)
Seat 2: 715c0d5b ($3.77 in chips)
Seat 3: 6ae63a6e ($1.93 in chips)
Seat 4: d1b5fc42 ($4.59 in chips)
Seat 5: c63719a7 ($7.72 in chips)
Seat 6: Hero ($9.8 in chips)
d1b5fc42: posts small blind $0.02
c63719a7: posts big blind $0.05
*** HOLE CARDS ***
Dealt to 6a8256ab 
Dealt to 715c0d5b 
Dealt to 6ae63a6e 
Dealt to d1b5fc42 
Dealt to c63719a7 
Dealt to Hero [3h 6h]
Hero: folds
6a8256ab: raises $0.06 to $0.11
715c0d5b: calls $0.11
6ae63a6e: folds
d1b5fc42: folds
c63719a7: calls $0.06
*** FLOP *** [Kh 2h Qs]
c63719a7: checks
6a8256ab: bets $0.27
715c0d5b: folds
c63719a7: calls $0.27
*** TURN *** [Kh 2h Qs] [6c]
c63719a7: checks
6a8256ab: checks
*** RIVER *** [Kh 2h Qs 6c] [5d]
c63719a7: bets $0.2
6a8256ab: folds
Uncalled bet ($0.2) returned to c63719a7
*** SHOWDOWN ***
c63719a7 collected $0.85 from pot
*** SUMMARY ***
Total pot $0.89 | Rake $0.04 | Jackpot $0 | Bingo $0 | Fortune $0 | Tax $0
Board [Kh 2h Qs 6c 5d]
Seat 1: 6a8256ab folded on the River
Seat 2: 715c0d5b folded on the Flop
Seat 3: 6ae63a6e (button) folded before Flop (didn't bet)
Seat 4: d1b5fc42 (small blind) folded before Flop
Seat 5: c63719a7 (big blind) won ($0.85)
Seat 6: Hero folded before Flop (didn't bet)


Poker Hand #HD1740144735: Hold'em No Limit ($0.02/$0.05) - 2024/04/21 15:07:44
Table 'NLHBlue10' 6-max Seat #2 is the button
Seat 1: 6a8256ab ($5.82 in chips)
Seat 2: 715c0d5b ($3.77 in chips)
Seat 3: 6ae63a6e ($1.95 in chips)
Seat 4: d1b5fc42 ($5.1 in chips)
Seat 5: c63719a7 ($7.72 in chips)
Seat 6: Hero ($9.32 in chips)
6ae63a6e: posts small blind $0.02
d1b5fc42: posts big blind $0.05
*** HOLE CARDS ***
Dealt to 6a8256ab 
Dealt to 715c0d5b 
Dealt to 6ae63a6e 
Dealt to d1b5fc42 
Dealt to c63719a7 
Dealt to Hero [9h 8h]
c63719a7: folds
Hero: raises $0.05 to $0.1
6a8256ab: folds
715c0d5b: folds
6ae63a6e: folds
d1b5fc42: calls $0.05
*** FLOP *** [4h Jc 3h]
d1b5fc42: checks
Hero: bets $0.15
d1b5fc42: calls $0.15
*** TURN *** [4h Jc 3h] [Ah]
d1b5fc42: checks
Hero: checks
*** RIVER *** [4h Jc 3h Ah] [5c]
d1b5fc42: bets $0.26
Hero: raises $0.45 to $0.71
d1b5fc42: folds
Uncalled bet ($0.45) returned to Hero
*** SHOWDOWN ***
Hero collected $0.99 from pot
*** SUMMARY ***
Total pot $1.04 | Rake $0.05 | Jackpot $0 | Bingo $0 | Fortune $0 | Tax $0
Board [4h Jc 3h Ah 5c]
Seat 1: 6a8256ab folded before Flop (didn't bet)
Seat 2: 715c0d5b (button) folded before Flop (didn't bet)
Seat 3: 6ae63a6e (small blind) folded before Flop
Seat 4: d1b5fc42 (big blind) folded on the River
Seat 5: c63719a7 folded before Flop (didn't bet)
Seat 6: Hero won ($0.99)


Poker Hand #HD1740144691: Hold'em No Limit ($0.02/$0.05) - 2024/04/21 15:07:21
Table 'NLHBlue10' 6-max Seat #1 is the button
Seat 1: 6a8256ab ($5.75 in chips)
Seat 2: 715c0d5b ($3.79 in chips)
Seat 3: 6ae63a6e ($2 in chips)
Seat 4: d1b5fc42 ($5.1 in chips)
Seat 5: c63719a7 ($7.72 in chips)
Seat 6: Hero ($9.32 in chips)
715c0d5b: posts small blind $0.02
6ae63a6e: posts big blind $0.05
*** HOLE CARDS ***
Dealt to 6a8256ab 
Dealt to 715c0d5b 
Dealt to 6ae63a6e 
Dealt to d1b5fc42 
Dealt to c63719a7 
Dealt to Hero [3h Ts]
d1b5fc42: folds
c63719a7: folds
Hero: folds
6a8256ab: raises $0.06 to $0.11
715c0d5b: folds
6ae63a6e: folds
Uncalled bet ($0.06) returned to 6a8256ab
*** SHOWDOWN ***
6a8256ab collected $0.12 from pot
*** SUMMARY ***
Total pot $0.12 | Rake $0 | Jackpot $0 | Bingo $0 | Fortune $0 | Tax $0
Seat 1: 6a8256ab (button) collected ($0.12)
Seat 2: 715c0d5b (small blind) folded before Flop
Seat 3: 6ae63a6e (big blind) folded before Flop
Seat 4: d1b5fc42 folded before Flop (didn't bet)
Seat 5: c63719a7 folded before Flop (didn't bet)
Seat 6: Hero folded before Flop (didn't bet)


Poker Hand #HD1740144668: Hold'em No Limit ($0.02/$0.05) - 2024/04/21 15:07:08
Table 'NLHBlue10' 6-max Seat #6 is the button
Seat 1: 6a8256ab ($5.77 in chips)
Seat 2: 715c0d5b ($3.84 in chips)
Seat 3: 6ae63a6e ($2 in chips)
Seat 4: d1b5fc42 ($5.1 in chips)
Seat 5: c63719a7 ($7.65 in chips)
Seat 6: Hero ($9.32 in chips)
6a8256ab: posts small blind $0.02
715c0d5b: posts big blind $0.05
*** HOLE CARDS ***
Dealt to 6a8256ab 
Dealt to 715c0d5b 
Dealt to 6ae63a6e 
Dealt to d1b5fc42 
Dealt to c63719a7 
Dealt to Hero [Tc 5c]
6ae63a6e: folds
d1b5fc42: folds
c63719a7: raises $0.07 to $0.12
Hero: folds
6a8256ab: folds
715c0d5b: folds
Uncalled bet ($0.07) returned to c63719a7
*** SHOWDOWN ***
c63719a7 collected $0.12 from pot
*** SUMMARY ***
Total pot $0.12 | Rake $0 | Jackpot $0 | Bingo $0 | Fortune $0 | Tax $0
Seat 1: 6a8256ab (small blind) folded before Flop
Seat 2: 715c0d5b (big blind) folded before Flop
Seat 3: 6ae63a6e folded before Flop (didn't bet)
Seat 4: d1b5fc42 folded before Flop (didn't bet)
Seat 5: c63719a7 collected ($0.12)
Seat 6: Hero (button) folded before Flop (didn't bet)


Poker Hand #HD1740144627: Hold'em No Limit ($0.02/$0.05) - 2024/04/21 15:06:47
Table 'NLHBlue10' 6-max Seat #5 is the button
Seat 1: 6a8256ab ($5.75 in chips)
Seat 2: 715c0d5b ($3.84 in chips)
Seat 3: 6ae63a6e ($2 in chips)
Seat 4: d1b5fc42 ($5.1 in chips)
Seat 5: c63719a7 ($7.65 in chips)
Seat 6: Hero ($9.34 in chips)
Hero: posts small blind $0.02
6a8256ab: posts big blind $0.05
*** HOLE CARDS ***
Dealt to 6a8256ab 
Dealt to 715c0d5b 
Dealt to 6ae63a6e 
Dealt to d1b5fc42 
Dealt to c63719a7 
Dealt to Hero [4d 8s]
715c0d5b: folds
6ae63a6e: folds
d1b5fc42: folds
c63719a7: folds
Hero: folds
Uncalled bet ($0.03) returned to 6a8256ab
*** SHOWDOWN ***
6a8256ab collected $0.04 from pot
*** SUMMARY ***
Total pot $0.04 | Rake $0 | Jackpot $0 | Bingo $0 | Fortune $0 | Tax $0
Seat 1: 6a8256ab (big blind) collected ($0.04)
Seat 2: 715c0d5b folded before Flop (didn't bet)
Seat 3: 6ae63a6e folded before Flop (didn't bet)
Seat 4: d1b5fc42 folded before Flop (didn't bet)
Seat 5: c63719a7 (button) folded before Flop (didn't bet)
Seat 6: Hero (small blind) folded before Flop


Poker Hand #HD1740144562: Hold'em No Limit ($0.02/$0.05) - 2024/04/21 15:06:11
Table 'NLHBlue10' 6-max Seat #4 is the button
Seat 1: 6a8256ab ($5.75 in chips)
Seat 2: 715c0d5b ($3.84 in chips)
Seat 3: 6ae63a6e ($2 in chips)
Seat 4: d1b5fc42 ($5.03 in chips)
Seat 5: c63719a7 ($7.67 in chips)
Seat 6: Hero ($9.39 in chips)
c63719a7: posts small blind $0.02
Hero: posts big blind $0.05
*** HOLE CARDS ***
Dealt to 6a8256ab 
Dealt to 715c0d5b 
Dealt to 6ae63a6e 
Dealt to d1b5fc42 
Dealt to c63719a7 
Dealt to Hero [Jd 6s]
6a8256ab: folds
715c0d5b: folds
6ae63a6e: folds
d1b5fc42: raises $0.07 to $0.12
c63719a7: folds
Hero: folds
Uncalled bet ($0.07) returned to d1b5fc42
*** SHOWDOWN ***
d1b5fc42 collected $0.12 from pot
*** SUMMARY ***
Total pot $0.12 | Rake $0 | Jackpot $0 | Bingo $0 | Fortune $0 | Tax $0
Seat 1: 6a8256ab folded before Flop (didn't bet)
Seat 2: 715c0d5b folded before Flop (didn't bet)
Seat 3: 6ae63a6e folded before Flop (didn't bet)
Seat 4: d1b5fc42 (button) collected ($0.12)
Seat 5: c63719a7 (small blind) folded before Flop
Seat 6: Hero (big blind) folded before Flop


Poker Hand #HD1740144464: Hold'em No Limit ($0.02/$0.05) - 2024/04/21 15:05:17
Table 'NLHBlue10' 6-max Seat #3 is the button
Seat 1: 6a8256ab ($5.75 in chips)
Seat 2: 715c0d5b ($3.94 in chips)
Seat 3: 6ae63a6e ($2 in chips)
Seat 4: d1b5fc42 ($5.05 in chips)
Seat 5: c63719a7 ($7.56 in chips)
Seat 6: Hero ($9.39 in chips)
d1b5fc42: posts small blind $0.02
c63719a7: posts big blind $0.05
*** HOLE CARDS ***
Dealt to 6a8256ab 
Dealt to 715c0d5b 
Dealt to 6ae63a6e 
Dealt to d1b5fc42 
Dealt to c63719a7 
Dealt to Hero [5c Tc]
Hero: folds
6a8256ab: folds
715c0d5b: raises $0.05 to $0.1
6ae63a6e: folds
d1b5fc42: folds
c63719a7: calls $0.05
*** FLOP *** [Js Ks Qs]
c63719a7: checks
715c0d5b: checks
*** TURN *** [Js Ks Qs] [8c]
c63719a7: bets $0.08
715c0d5b: folds
Uncalled bet ($0.08) returned to c63719a7
*** SHOWDOWN ***
c63719a7 collected $0.21 from pot
*** SUMMARY ***
Total pot $0.22 | Rake $0.01 | Jackpot $0 | Bingo $0 | Fortune $0 | Tax $0
Board [Js Ks Qs 8c]
Seat 1: 6a8256ab folded before Flop (didn't bet)
Seat 2: 715c0d5b folded on the Turn
Seat 3: 6ae63a6e (button) folded before Flop (didn't bet)
Seat 4: d1b5fc42 (small blind) folded before Flop
Seat 5: c63719a7 (big blind) won ($0.21)
Seat 6: Hero folded before Flop (didn't bet)


Poker Hand #HD1740144394: Hold'em No Limit ($0.02/$0.05) - 2024/04/21 15:04:38
Table 'NLHBlue10' 6-max Seat #2 is the button
Seat 1: 6a8256ab ($5.75 in chips)
Seat 2: 715c0d5b ($3.87 in chips)
Seat 3: 6ae63a6e ($2.02 in chips)
Seat 4: d1b5fc42 ($5.1 in chips)
Seat 5: c63719a7 ($7.56 in chips)
Seat 6: Hero ($9.39 in chips)
6ae63a6e: posts small blind $0.02
d1b5fc42: posts big blind $0.05
*** HOLE CARDS ***
Dealt to 6a8256ab 
Dealt to 715c0d5b 
Dealt to 6ae63a6e 
Dealt to d1b5fc42 
Dealt to c63719a7 
Dealt to Hero [Ac 4s]
c63719a7: folds
Hero: folds
6a8256ab: folds
715c0d5b: raises $0.05 to $0.1
6ae63a6e: folds
d1b5fc42: folds
Uncalled bet ($0.05) returned to 715c0d5b
*** SHOWDOWN ***
715c0d5b collected $0.12 from pot
*** SUMMARY ***
Total pot $0.12 | Rake $0 | Jackpot $0 | Bingo $0 | Fortune $0 | Tax $0
Seat 1: 6a8256ab folded before Flop (didn't bet)
Seat 2: 715c0d5b (button) collected ($0.12)
Seat 3: 6ae63a6e (small blind) folded before Flop
Seat 4: d1b5fc42 (big blind) folded before Flop
Seat 5: c63719a7 folded before Flop (didn't bet)
Seat 6: Hero folded before Flop (didn't bet)


Poker Hand #HD1740144304: Hold'em No Limit ($0.02/$0.05) - 2024/04/21 15:03:47
Table 'NLHBlue10' 6-max Seat #1 is the button
Seat 1: 6a8256ab ($5.74 in chips)
Seat 2: 715c0d5b ($3.89 in chips)
Seat 3: 6ae63a6e ($2.01 in chips)
Seat 4: d1b5fc42 ($5.1 in chips)
Seat 5: c63719a7 ($7.56 in chips)
Seat 6: Hero ($9.39 in chips)
715c0d5b: posts small blind $0.02
6ae63a6e: posts big blind $0.05
*** HOLE CARDS ***
Dealt to 6a8256ab 
Dealt to 715c0d5b 
Dealt to 6ae63a6e 
Dealt to d1b5fc42 
Dealt to c63719a7 
Dealt to Hero [5h Jc]
d1b5fc42: folds
c63719a7: folds
Hero: folds
6a8256ab: raises $0.06 to $0.11
715c0d5b: folds
6ae63a6e: calls $0.06
*** FLOP *** [3c 3s 3d]
6ae63a6e: checks
6a8256ab: checks
*** TURN *** [3c 3s 3d] [2s]
6ae63a6e: checks
6a8256ab: checks
*** RIVER *** [3c 3s 3d 2s] [2c]
6ae63a6e: checks
6a8256ab: checks
6ae63a6e: shows [9d Qh] (Treys Full over Twos)
6a8256ab: shows [Kd Jh] (Treys Full over Twos)
*** SHOWDOWN ***
6ae63a6e collected $0.12 from pot
6a8256ab collected $0.12 from pot
*** SUMMARY ***
Total pot $0.24 | Rake $0 | Jackpot $0 | Bingo $0 | Fortune $0 | Tax $0
Board [3c 3s 3d 2s 2c]
Seat 1: 6a8256ab (button) showed [Kd Jh] and won ($0.12) with Treys Full over Twos
Seat 2: 715c0d5b (small blind) folded before Flop
Seat 3: 6ae63a6e (big blind) showed [9d Qh] and won ($0.12) with Treys Full over Twos
Seat 4: d1b5fc42 folded before Flop (didn't bet)
Seat 5: c63719a7 folded before Flop (didn't bet)
Seat 6: Hero folded before Flop (didn't bet)


Poker Hand #HD1740144249: Hold'em No Limit ($0.02/$0.05) - 2024/04/21 15:03:17
Table 'NLHBlue10' 6-max Seat #6 is the button
Seat 1: 6a8256ab ($5.69 in chips)
Seat 2: 715c0d5b ($3.94 in chips)
Seat 3: 6ae63a6e ($2.01 in chips)
Seat 4: d1b5fc42 ($5.1 in chips)
Seat 5: c63719a7 ($7.56 in chips)
Seat 6: Hero ($9.39 in chips)
6a8256ab: posts small blind $0.02
715c0d5b: posts big blind $0.05
*** HOLE CARDS ***
Dealt to 6a8256ab 
Dealt to 715c0d5b 
Dealt to 6ae63a6e 
Dealt to d1b5fc42 
Dealt to c63719a7 
Dealt to Hero [4d Td]
6ae63a6e: folds
d1b5fc42: folds
c63719a7: folds
Hero: folds
6a8256ab: raises $0.1 to $0.15
715c0d5b: folds
Uncalled bet ($0.1) returned to 6a8256ab
*** SHOWDOWN ***
6a8256ab collected $0.1 from pot
*** SUMMARY ***
Total pot $0.1 | Rake $0 | Jackpot $0 | Bingo $0 | Fortune $0 | Tax $0
Seat 1: 6a8256ab (small blind) collected ($0.1)
Seat 2: 715c0d5b (big blind) folded before Flop
Seat 3: 6ae63a6e folded before Flop (didn't bet)
Seat 4: d1b5fc42 folded before Flop (didn't bet)
Seat 5: c63719a7 folded before Flop (didn't bet)
Seat 6: Hero (button) folded before Flop (didn't bet)


Poker Hand #HD1740144149: Hold'em No Limit ($0.02/$0.05) - 2024/04/21 15:02:22
Table 'NLHBlue10' 6-max Seat #5 is the button
Seat 1: 6a8256ab ($5.79 in chips)
Seat 2: 715c0d5b ($3.83 in chips)
Seat 3: 6ae63a6e ($2.01 in chips)
Seat 4: d1b5fc42 ($5.1 in chips)
Seat 5: c63719a7 ($7.56 in chips)
Seat 6: Hero ($9.41 in chips)
Hero: posts small blind $0.02
6a8256ab: posts big blind $0.05
*** HOLE CARDS ***
Dealt to 6a8256ab 
Dealt to 715c0d5b 
Dealt to 6ae63a6e 
Dealt to d1b5fc42 
Dealt to c63719a7 
Dealt to Hero [4d 3d]
715c0d5b: raises $0.05 to $0.1
6ae63a6e: folds
d1b5fc42: folds
c63719a7: folds
Hero: folds
6a8256ab: calls $0.05
*** FLOP *** [Ts Kh 2h]
6a8256ab: checks
715c0d5b: bets $0.08
6a8256ab: folds
Uncalled bet ($0.08) returned to 715c0d5b
*** SHOWDOWN ***
715c0d5b collected $0.21 from pot
*** SUMMARY ***
Total pot $0.22 | Rake $0.01 | Jackpot $0 | Bingo $0 | Fortune $0 | Tax $0
Board [Ts Kh 2h]
Seat 1: 6a8256ab (big blind) folded on the Flop
Seat 2: 715c0d5b won ($0.21)
Seat 3: 6ae63a6e folded before Flop (didn't bet)
Seat 4: d1b5fc42 folded before Flop (didn't bet)
Seat 5: c63719a7 (button) folded before Flop (didn't bet)
Seat 6: Hero (small blind) folded before Flop


Poker Hand #HD1740144100: Hold'em No Limit ($0.02/$0.05) - 2024/04/21 15:01:57
Table 'NLHBlue10' 6-max Seat #4 is the button
Seat 1: 6a8256ab ($5.79 in chips)
Seat 2: 715c0d5b ($3.83 in chips)
Seat 3: 6ae63a6e ($2.01 in chips)
Seat 4: d1b5fc42 ($5.03 in chips)
Seat 5: c63719a7 ($7.58 in chips)
Seat 6: Hero ($9.46 in chips)
c63719a7: posts small blind $0.02
Hero: posts big blind $0.05
*** HOLE CARDS ***
Dealt to 6a8256ab 
Dealt to 715c0d5b 
Dealt to 6ae63a6e 
Dealt to d1b5fc42 
Dealt to c63719a7 
Dealt to Hero [3c Qs]
6a8256ab: folds
715c0d5b: folds
6ae63a6e: folds
d1b5fc42: raises $0.07 to $0.12
c63719a7: folds
Hero: folds
Uncalled bet ($0.07) returned to d1b5fc42
*** SHOWDOWN ***
d1b5fc42 collected $0.12 from pot
*** SUMMARY ***
Total pot $0.12 | Rake $0 | Jackpot $0 | Bingo $0 | Fortune $0 | Tax $0
Seat 1: 6a8256ab folded before Flop (didn't bet)
Seat 2: 715c0d5b folded before Flop (didn't bet)
Seat 3: 6ae63a6e folded before Flop (didn't bet)
Seat 4: d1b5fc42 (button) collected ($0.12)
Seat 5: c63719a7 (small blind) folded before Flop
Seat 6: Hero (big blind) folded before Flop


Poker Hand #HD1740144018: Hold'em No Limit ($0.02/$0.05) - 2024/04/21 15:01:12
Table 'NLHBlue10' 6-max Seat #3 is the button
Seat 1: 6a8256ab ($5.79 in chips)
Seat 2: 715c0d5b ($3.93 in chips)
Seat 3: 6ae63a6e ($2.01 in chips)
Seat 4: d1b5fc42 ($4.89 in chips)
Seat 5: c63719a7 ($7.63 in chips)
Seat 6: Hero ($9.46 in chips)
d1b5fc42: posts small blind $0.02
c63719a7: posts big blind $0.05
*** HOLE CARDS ***
Dealt to 6a8256ab 
Dealt to 715c0d5b 
Dealt to 6ae63a6e 
Dealt to d1b5fc42 
Dealt to c63719a7 
Dealt to Hero [Jc Kh]
Hero: folds
6a8256ab: folds
715c0d5b: raises $0.05 to $0.1
6ae63a6e: folds
d1b5fc42: calls $0.08
c63719a7: folds
*** FLOP *** [As 5c Kc]
d1b5fc42: bets $0.13
715c0d5b: folds
Uncalled bet ($0.13) returned to d1b5fc42
*** SHOWDOWN ***
d1b5fc42 collected $0.24 from pot
*** SUMMARY ***
Total pot $0.25 | Rake $0.01 | Jackpot $0 | Bingo $0 | Fortune $0 | Tax $0
Board [As 5c Kc]
Seat 1: 6a8256ab folded before Flop (didn't bet)
Seat 2: 715c0d5b folded on the Flop
Seat 3: 6ae63a6e (button) folded before Flop (didn't bet)
Seat 4: d1b5fc42 (small blind) won ($0.24)
Seat 5: c63719a7 (big blind) folded before Flop
Seat 6: Hero folded before Flop (didn't bet)


Poker Hand #HD1740143917: Hold'em No Limit ($0.02/$0.05) - 2024/04/21 15:00:16
Table 'NLHBlue10' 6-max Seat #2 is the button
Seat 1: 6a8256ab ($5.67 in chips)
Seat 2: 715c0d5b ($3.93 in chips)
Seat 3: 6ae63a6e ($2.03 in chips)
Seat 4: d1b5fc42 ($5 in chips)
Seat 5: c63719a7 ($7.63 in chips)
Seat 6: Hero ($9.46 in chips)
6ae63a6e: posts small blind $0.02
d1b5fc42: posts big blind $0.05
*** HOLE CARDS ***
Dealt to 6a8256ab 
Dealt to 715c0d5b 
Dealt to 6ae63a6e 
Dealt to d1b5fc42 
Dealt to c63719a7 
Dealt to Hero [3c Th]
c63719a7: folds
Hero: folds
6a8256ab: raises $0.06 to $0.11
715c0d5b: folds
6ae63a6e: folds
d1b5fc42: calls $0.06
*** FLOP *** [Qs 7s 5s]
d1b5fc42: checks
6a8256ab: checks
*** TURN *** [Qs 7s 5s] [3d]
d1b5fc42: checks
6a8256ab: checks
*** RIVER *** [Qs 7s 5s 3d] [2d]
d1b5fc42: checks
6a8256ab: checks
d1b5fc42: shows [8h Tc] (Queen-High)
6a8256ab: shows [Jc Qc] (Pair of Queens)
*** SHOWDOWN ***
6a8256ab collected $0.23 from pot
*** SUMMARY ***
Total pot $0.24 | Rake $0.01 | Jackpot $0 | Bingo $0 | Fortune $0 | Tax $0
Board [Qs 7s 5s 3d 2d]
Seat 1: 6a8256ab showed [Jc Qc] and won ($0.23) with Pair of Queens
Seat 2: 715c0d5b (button) folded before Flop (didn't bet)
Seat 3: 6ae63a6e (small blind) folded before Flop
Seat 4: d1b5fc42 (big blind) showed [8h Tc] and lost with Queen-High
Seat 5: c63719a7 folded before Flop (didn't bet)
Seat 6: Hero folded before Flop (didn't bet)


Poker Hand #HD1740143748: Hold'em No Limit ($0.02/$0.05) - 2024/04/21 14:58:35
Table 'NLHBlue10' 6-max Seat #1 is the button
Seat 1: 6a8256ab ($6.06 in chips)
Seat 2: 715c0d5b ($3.53 in chips)
Seat 3: 6ae63a6e ($2.08 in chips)
Seat 4: d1b5fc42 ($5 in chips)
Seat 5: c63719a7 ($7.63 in chips)
Seat 6: Hero ($9.46 in chips)
715c0d5b: posts small blind $0.02
6ae63a6e: posts big blind $0.05
*** HOLE CARDS ***
Dealt to 6a8256ab 
Dealt to 715c0d5b 
Dealt to 6ae63a6e 
Dealt to d1b5fc42 
Dealt to c63719a7 
Dealt to Hero [Ad 4s]
d1b5fc42: folds
c63719a7: folds
Hero: folds
6a8256ab: raises $0.06 to $0.11
715c0d5b: calls $0.09
6ae63a6e: folds
*** FLOP *** [6h 5s 8d]
715c0d5b: checks
6a8256ab: bets $0.07
715c0d5b: raises $0.21 to $0.28
6a8256ab: calls $0.21
*** TURN *** [6h 5s 8d] [Qd]
715c0d5b: bets $0.64
6a8256ab: folds
Uncalled bet ($0.64) returned to 715c0d5b
*** SHOWDOWN ***
715c0d5b collected $0.79 from pot
*** SUMMARY ***
Total pot $0.83 | Rake $0.04 | Jackpot $0 | Bingo $0 | Fortune $0 | Tax $0
Board [6h 5s 8d Qd]
Seat 1: 6a8256ab (button) folded on the Turn
Seat 2: 715c0d5b (small blind) won ($0.79)
Seat 3: 6ae63a6e (big blind) folded before Flop
Seat 4: d1b5fc42 folded before Flop (didn't bet)
Seat 5: c63719a7 folded before Flop (didn't bet)
Seat 6: Hero folded before Flop (didn't bet)


Poker Hand #HD1740143710: Hold'em No Limit ($0.02/$0.05) - 2024/04/21 14:58:16
Table 'NLHBlue10' 6-max Seat #6 is the button
Seat 1: 6a8256ab ($6.08 in chips)
Seat 2: 715c0d5b ($3.58 in chips)
Seat 3: 6ae63a6e ($2.08 in chips)
Seat 5: c63719a7 ($7.56 in chips)
Seat 6: Hero ($9.46 in chips)
6a8256ab: posts small blind $0.02
715c0d5b: posts big blind $0.05
*** HOLE CARDS ***
Dealt to 6a8256ab 
Dealt to 715c0d5b 
Dealt to 6ae63a6e 
Dealt to c63719a7 
Dealt to Hero [4d 3h]
6ae63a6e: folds
c63719a7: raises $0.06 to $0.11
Hero: folds
6a8256ab: folds
715c0d5b: folds
Uncalled bet ($0.06) returned to c63719a7
*** SHOWDOWN ***
c63719a7 collected $0.12 from pot
*** SUMMARY ***
Total pot $0.12 | Rake $0 | Jackpot $0 | Bingo $0 | Fortune $0 | Tax $0
Seat 1: 6a8256ab (small blind) folded before Flop
Seat 2: 715c0d5b (big blind) folded before Flop
Seat 3: 6ae63a6e folded before Flop (didn't bet)
Seat 5: c63719a7 collected ($0.12)
Seat 6: Hero (button) folded before Flop (didn't bet)


Poker Hand #HD1740143498: Hold'em No Limit ($0.02/$0.05) - 2024/04/21 14:56:17
Table 'NLHBlue10' 6-max Seat #5 is the button
Seat 1: 6a8256ab ($6.13 in chips)
Seat 2: 715c0d5b ($3.68 in chips)
Seat 3: 6ae63a6e ($2.08 in chips)
Seat 4: d1b5fc42 ($4.85 in chips)
Seat 5: c63719a7 ($7.56 in chips)
Seat 6: Hero ($5 in chips)
Hero: posts small blind $0.02
6a8256ab: posts big blind $0.05
*** HOLE CARDS ***
Dealt to 6a8256ab 
Dealt to 715c0d5b 
Dealt to 6ae63a6e 
Dealt to d1b5fc42 
Dealt to c63719a7 
Dealt to Hero [Td Kd]
715c0d5b: raises $0.05 to $0.1
6ae63a6e: folds
d1b5fc42: calls $0.1
c63719a7: folds
Hero: raises $0.4 to $0.5
6a8256ab: folds
715c0d5b: folds
d1b5fc42: calls $0.4
*** FLOP *** [8d 7s 9h]
Hero: checks
d1b5fc42: checks
*** TURN *** [8d 7s 9h] [3s]
Hero: bets $0.55
d1b5fc42: calls $0.55
*** RIVER *** [8d 7s 9h 3s] [Jc]
Hero: bets $1.35
d1b5fc42: raises $1.35 to $2.7
Hero: raises $1.25 to $3.95 and is all-in
d1b5fc42: calls $1.1 and is all-in
Uncalled bet ($0.15) returned to Hero
Hero: shows [Td Kd] (Jacks-High Straight)
d1b5fc42: shows [6h Ah] (Ace-High)
*** SHOWDOWN ***
Hero collected $9.31 from pot
*** SUMMARY ***
Total pot $9.85 | Rake $0.49 | Jackpot $0.05 | Bingo $0 | Fortune $0 | Tax $0
Board [8d 7s 9h 3s Jc]
Seat 1: 6a8256ab (big blind) folded before Flop
Seat 2: 715c0d5b folded before Flop
Seat 3: 6ae63a6e folded before Flop (didn't bet)
Seat 4: d1b5fc42 showed [6h Ah] and lost with Ace-High
Seat 5: c63719a7 (button) folded before Flop (didn't bet)
Seat 6: Hero (small blind) showed [Td Kd] and won ($9.31) with Jacks-High Straight


Poker Hand #HD1740143421: Hold'em No Limit ($0.02/$0.05) - 2024/04/21 14:55:33
Table 'NLHBlue10' 6-max Seat #4 is the button
Seat 1: 6a8256ab ($6.13 in chips)
Seat 2: 715c0d5b ($3.68 in chips)
Seat 3: 6ae63a6e ($1 in chips)
Seat 4: d1b5fc42 ($5.85 in chips)
Seat 5: c63719a7 ($7.58 in chips)
Seat 6: Hero ($5 in chips)
c63719a7: posts small blind $0.02
Hero: posts big blind $0.05
*** HOLE CARDS ***
Dealt to 6a8256ab 
Dealt to 715c0d5b 
Dealt to 6ae63a6e 
Dealt to d1b5fc42 
Dealt to c63719a7 
Dealt to Hero [Jd 4h]
6a8256ab: folds
715c0d5b: folds
6ae63a6e: raises $0.05 to $0.1
d1b5fc42: calls $0.1
c63719a7: folds
Hero: folds
*** FLOP *** [5c Qd 9d]
6ae63a6e: bets $0.14
d1b5fc42: raises $0.42 to $0.56
6ae63a6e: raises $0.34 to $0.9 and is all-in
d1b5fc42: calls $0.34
6ae63a6e: shows [Qc Kc] (Pair of Queens)
d1b5fc42: shows [Td 8d] (Queen-High)
*** TURN *** [5c Qd 9d] [3s]
*** RIVER *** [5c Qd 9d 3s] [As]
*** SHOWDOWN ***
6ae63a6e collected $1.92 from pot
*** SUMMARY ***
Total pot $2.07 | Rake $0.1 | Jackpot $0.05 | Bingo $0 | Fortune $0 | Tax $0
Board [5c Qd 9d 3s As]
Seat 1: 6a8256ab folded before Flop (didn't bet)
Seat 2: 715c0d5b folded before Flop (didn't bet)
Seat 3: 6ae63a6e showed [Qc Kc] and won ($1.92) with Pair of Queens
Seat 4: d1b5fc42 (button) showed [Td 8d] and lost with Ace-High
Seat 5: c63719a7 (small blind) folded before Flop
Seat 6: Hero (big blind) folded before Flop


Poker Hand #HD1740143373: Hold'em No Limit ($0.02/$0.05) - 2024/04/21 14:55:08
Table 'NLHBlue10' 6-max Seat #3 is the button
Seat 1: 6a8256ab ($6.13 in chips)
Seat 2: 715c0d5b ($3.68 in chips)
Seat 3: 6ae63a6e ($0.84 in chips)
Seat 4: d1b5fc42 ($5.8 in chips)
Seat 5: c63719a7 ($7.63 in chips)
Seat 6: Hero ($5 in chips)
d1b5fc42: posts small blind $0.02
c63719a7: posts big blind $0.05
*** HOLE CARDS ***
Dealt to 6a8256ab 
Dealt to 715c0d5b 
Dealt to 6ae63a6e 
Dealt to d1b5fc42 
Dealt to c63719a7 
Dealt to Hero [2s 8h]
Hero: folds
6a8256ab: folds
715c0d5b: folds
6ae63a6e: folds
d1b5fc42: raises $0.07 to $0.12
c63719a7: folds
Uncalled bet ($0.07) returned to d1b5fc42
*** SHOWDOWN ***
d1b5fc42 collected $0.1 from pot
*** SUMMARY ***
Total pot $0.1 | Rake $0 | Jackpot $0 | Bingo $0 | Fortune $0 | Tax $0
Seat 1: 6a8256ab folded before Flop (didn't bet)
Seat 2: 715c0d5b folded before Flop (didn't bet)
Seat 3: 6ae63a6e (button) folded before Flop (didn't bet)
Seat 4: d1b5fc42 (small blind) collected ($0.1)
Seat 5: c63719a7 (big blind) folded before Flop
Seat 6: Hero folded before Flop (didn't bet)


Poker Hand #HD1740143330: Hold'em No Limit ($0.02/$0.05) - 2024/04/21 14:54:43
Table 'NLHBlue10' 6-max Seat #2 is the button
Seat 1: 6a8256ab ($6.13 in chips)
Seat 2: 715c0d5b ($3.68 in chips)
Seat 3: 6ae63a6e ($0.89 in chips)
Seat 4: d1b5fc42 ($5.75 in chips)
Seat 5: c63719a7 ($7.63 in chips)
Seat 6: Hero ($5 in chips)
6ae63a6e: posts small blind $0.02
d1b5fc42: posts big blind $0.05
*** HOLE CARDS ***
Dealt to 6a8256ab 
Dealt to 715c0d5b 
Dealt to 6ae63a6e 
Dealt to d1b5fc42 
Dealt to c63719a7 
Dealt to Hero [6d 2d]
c63719a7: folds
Hero: folds
6a8256ab: folds
715c0d5b: folds
6ae63a6e: calls $0.03
d1b5fc42: checks
*** FLOP *** [7s 4h 5s]
6ae63a6e: checks
d1b5fc42: bets $0.08
6ae63a6e: folds
Uncalled bet ($0.08) returned to d1b5fc42
*** SHOWDOWN ***
d1b5fc42 collected $0.1 from pot
*** SUMMARY ***
Total pot $0.1 | Rake $0 | Jackpot $0 | Bingo $0 | Fortune $0 | Tax $0
Board [7s 4h 5s]
Seat 1: 6a8256ab folded before Flop (didn't bet)
Seat 2: 715c0d5b (button) folded before Flop (didn't bet)
Seat 3: 6ae63a6e (small blind) folded on the Flop
Seat 4: d1b5fc42 (big blind) won ($0.1)
Seat 5: c63719a7 folded before Flop (didn't bet)
Seat 6: Hero folded before Flop (didn't bet)


Poker Hand #HD1740143203: Hold'em No Limit ($0.02/$0.05) - 2024/04/21 14:53:31
Table 'NLHBlue10' 6-max Seat #1 is the button
Seat 1: 6a8256ab ($6.01 in chips)
Seat 2: 715c0d5b ($3.7 in chips)
Seat 3: 6ae63a6e ($1 in chips)
Seat 4: d1b5fc42 ($5.75 in chips)
Seat 5: c63719a7 ($7.63 in chips)
Seat 6: Hero ($5 in chips)
715c0d5b: posts small blind $0.02
6ae63a6e: posts big blind $0.05
*** HOLE CARDS ***
Dealt to 6a8256ab 
Dealt to 715c0d5b 
Dealt to 6ae63a6e 
Dealt to d1b5fc42 
Dealt to c63719a7 
Dealt to Hero [4s Js]
d1b5fc42: folds
c63719a7: folds
Hero: folds
6a8256ab: raises $0.06 to $0.11
715c0d5b: folds
6ae63a6e: calls $0.06
*** FLOP *** [Qs As 3h]
6ae63a6e: checks
6a8256ab: checks
*** TURN *** [Qs As 3h] [5s]
6ae63a6e: checks
6a8256ab: checks
*** RIVER *** [Qs As 3h 5s] [Jd]
6ae63a6e: checks
6a8256ab: checks
6ae63a6e: shows [Kh Jc] (Pair of Jacks)
6a8256ab: shows [Ah 6h] (Pair of Aces)
*** SHOWDOWN ***
6a8256ab collected $0.23 from pot
*** SUMMARY ***
Total pot $0.24 | Rake $0.01 | Jackpot $0 | Bingo $0 | Fortune $0 | Tax $0
Board [Qs As 3h 5s Jd]
Seat 1: 6a8256ab (button) showed [Ah 6h] and won ($0.23) with Pair of Aces
Seat 2: 715c0d5b (small blind) folded before Flop
Seat 3: 6ae63a6e (big blind) showed [Kh Jc] and lost with Pair of Jacks
Seat 4: d1b5fc42 folded before Flop (didn't bet)
Seat 5: c63719a7 folded before Flop (didn't bet)
Seat 6: Hero folded before Flop (didn't bet)


Poker Hand #HD1740143128: Hold'em No Limit ($0.02/$0.05) - 2024/04/21 14:52:48
Table 'NLHBlue10' 6-max Seat #6 is the button
Seat 1: 6a8256ab ($6.03 in chips)
Seat 2: 715c0d5b ($3.75 in chips)
Seat 4: d1b5fc42 ($6.05 in chips)
Seat 5: c63719a7 ($6.65 in chips)
Seat 6: Hero ($5.31 in chips)
6a8256ab: posts small blind $0.02
715c0d5b: posts big blind $0.05
*** HOLE CARDS ***
Dealt to 6a8256ab 
Dealt to 715c0d5b 
Dealt to d1b5fc42 
Dealt to c63719a7 
Dealt to Hero [8d 5s]
d1b5fc42: raises $0.07 to $0.12
c63719a7: raises $0.18 to $0.3
Hero: calls $0.3
6a8256ab: folds
715c0d5b: folds
d1b5fc42: calls $0.18
*** FLOP *** [Td Th 6d]
d1b5fc42: checks
c63719a7: checks
Hero: bets $0.45
d1b5fc42: folds
c63719a7: calls $0.45
*** TURN *** [Td Th 6d] [4s]
c63719a7: bets $0.47
Hero: folds
Uncalled bet ($0.47) returned to c63719a7
*** SHOWDOWN ***
c63719a7 collected $1.73 from pot
*** SUMMARY ***
Total pot $1.87 | Rake $0.09 | Jackpot $0.05 | Bingo $0 | Fortune $0 | Tax $0
Board [Td Th 6d 4s]
Seat 1: 6a8256ab (small blind) folded before Flop
Seat 2: 715c0d5b (big blind) folded before Flop
Seat 4: d1b5fc42 folded on the Flop
Seat 5: c63719a7 won ($1.73)
Seat 6: Hero (button) folded on the Turn


Poker Hand #HD1740143065: Hold'em No Limit ($0.02/$0.05) - 2024/04/21 14:52:15
Table 'NLHBlue10' 6-max Seat #5 is the button
Seat 1: 6a8256ab ($6.08 in chips)
Seat 2: 715c0d5b ($3.75 in chips)
Seat 4: d1b5fc42 ($5.98 in chips)
Seat 5: c63719a7 ($6.65 in chips)
Seat 6: Hero ($5.33 in chips)
Hero: posts small blind $0.02
6a8256ab: posts big blind $0.05
*** HOLE CARDS ***
Dealt to 6a8256ab 
Dealt to 715c0d5b 
Dealt to d1b5fc42 
Dealt to c63719a7 
Dealt to Hero [Td Ah]
715c0d5b: folds
d1b5fc42: raises $0.07 to $0.12
c63719a7: folds
Hero: folds
6a8256ab: folds
Uncalled bet ($0.07) returned to d1b5fc42
*** SHOWDOWN ***
d1b5fc42 collected $0.12 from pot
*** SUMMARY ***
Total pot $0.12 | Rake $0 | Jackpot $0 | Bingo $0 | Fortune $0 | Tax $0
Seat 1: 6a8256ab (big blind) folded before Flop
Seat 2: 715c0d5b folded before Flop (didn't bet)
Seat 4: d1b5fc42 collected ($0.12)
Seat 5: c63719a7 (button) folded before Flop (didn't bet)
Seat 6: Hero (small blind) folded before Flop


Poker Hand #HD1740142979: Hold'em No Limit ($0.02/$0.05) - 2024/04/21 14:51:30
Table 'NLHBlue10' 6-max Seat #4 is the button
Seat 1: 6a8256ab ($6.19 in chips)
Seat 2: 715c0d5b ($3.86 in chips)
Seat 4: d1b5fc42 ($6.09 in chips)
Seat 5: c63719a7 ($6.67 in chips)
Seat 6: Hero ($5 in chips)
c63719a7: posts small blind $0.02
Hero: posts big blind $0.05
*** HOLE CARDS ***
Dealt to 6a8256ab 
Dealt to 715c0d5b 
Dealt to d1b5fc42 
Dealt to c63719a7 
Dealt to Hero [Kc Kh]
6a8256ab: raises $0.06 to $0.11
715c0d5b: calls $0.11
d1b5fc42: calls $0.11
c63719a7: folds
Hero: raises $0.59 to $0.7
6a8256ab: folds
715c0d5b: folds
d1b5fc42: folds
Uncalled bet ($0.59) returned to Hero
*** SHOWDOWN ***
Hero collected $0.44 from pot
*** SUMMARY ***
Total pot $0.46 | Rake $0.02 | Jackpot $0 | Bingo $0 | Fortune $0 | Tax $0
Seat 1: 6a8256ab folded before Flop
Seat 2: 715c0d5b folded before Flop
Seat 4: d1b5fc42 (button) folded before Flop
Seat 5: c63719a7 (small blind) folded before Flop
Seat 6: Hero (big blind) collected ($0.44)


Poker Hand #HD1740142863: Hold'em No Limit ($0.02/$0.05) - 2024/04/21 14:50:22
Table 'NLHBlue10' 6-max Seat #2 is the button
Seat 1: 6a8256ab ($5 in chips)
Seat 2: 715c0d5b ($3.86 in chips)
Seat 3: 66dee8be ($1.25 in chips)
Seat 4: d1b5fc42 ($6.2 in chips)
Seat 5: c63719a7 ($6.67 in chips)
Seat 6: Hero ($5 in chips)
66dee8be: posts small blind $0.02
d1b5fc42: posts big blind $0.05
*** HOLE CARDS ***
Dealt to 6a8256ab 
Dealt to 715c0d5b 
Dealt to 66dee8be 
Dealt to d1b5fc42 
Dealt to c63719a7 
Dealt to Hero [Kh 7d]
c63719a7: folds
Hero: folds
6a8256ab: raises $0.06 to $0.11
715c0d5b: folds
66dee8be: calls $0.09
d1b5fc42: calls $0.06
*** FLOP *** [4h Tc Qc]
66dee8be: bets $0.17
d1b5fc42: folds
6a8256ab: raises $1.43 to $1.6
66dee8be: calls $0.97 and is all-in
Uncalled bet ($0.46) returned to 6a8256ab
6a8256ab: shows [4s 4d] (Three Fours)
66dee8be: shows [9c Kc] (King-High)
*** TURN *** [4h Tc Qc] [6s]
*** RIVER *** [4h Tc Qc 6s] [2d]
*** SHOWDOWN ***
6a8256ab collected $2.44 from pot
*** SUMMARY ***
Total pot $2.61 | Rake $0.12 | Jackpot $0.05 | Bingo $0 | Fortune $0 | Tax $0
Board [4h Tc Qc 6s 2d]
Seat 1: 6a8256ab showed [4s 4d] and won ($2.44) with Three Fours
Seat 2: 715c0d5b (button) folded before Flop (didn't bet)
Seat 3: 66dee8be (small blind) showed [9c Kc] and lost with King-High
Seat 4: d1b5fc42 (big blind) folded on the Flop
Seat 5: c63719a7 folded before Flop (didn't bet)
Seat 6: Hero folded before Flop (didn't bet)


Poker Hand #HD1740142773: Hold'em No Limit ($0.02/$0.05) - 2024/04/21 14:49:27
Table 'NLHBlue10' 6-max Seat #1 is the button
Seat 1: 6a8256ab ($5.43 in chips)
Seat 2: 715c0d5b ($3.88 in chips)
Seat 3: 66dee8be ($0.86 in chips)
Seat 4: d1b5fc42 ($6.2 in chips)
Seat 5: c63719a7 ($6.67 in chips)
Seat 6: Hero ($5.05 in chips)
715c0d5b: posts small blind $0.02
66dee8be: posts big blind $0.05
*** HOLE CARDS ***
Dealt to 6a8256ab 
Dealt to 715c0d5b 
Dealt to 66dee8be 
Dealt to d1b5fc42 
Dealt to c63719a7 
Dealt to Hero [Kh Td]
d1b5fc42: folds
c63719a7: folds
Hero: raises $0.07 to $0.12
6a8256ab: raises $0.24 to $0.36
715c0d5b: folds
66dee8be: calls $0.31
Hero: folds
*** FLOP *** [Jh 2s Qs]
66dee8be: bets $0.5 and is all-in
6a8256ab: calls $0.5
66dee8be: shows [Ks Qh] (Pair of Queens)
6a8256ab: shows [Kc Ad] (Ace-High)
66dee8be: Chooses to EV Cashout 
*** TURN *** [Jh 2s Qs] [Jd]
*** RIVER *** [Jh 2s Qs Jd] [7s]
66dee8be: Pays Cashout Risk ($0.47)
*** SHOWDOWN ***
66dee8be collected $1.72 from pot
*** SUMMARY ***
Total pot $1.86 | Rake $0.09 | Jackpot $0.05 | Bingo $0 | Fortune $0 | Tax $0
Board [Jh 2s Qs Jd 7s]
Seat 1: 6a8256ab (button) showed [Kc Ad] and lost with Pair of Jacks
Seat 2: 715c0d5b (small blind) folded before Flop
Seat 3: 66dee8be (big blind) showed [Ks Qh] and won ($1.72) with Pair of Queens and Pair of Jacks, Cashout Risk ($0.47)
Seat 4: d1b5fc42 folded before Flop (didn't bet)
Seat 5: c63719a7 folded before Flop (didn't bet)
Seat 6: Hero folded before Flop


Poker Hand #HD1740142691: Hold'em No Limit ($0.02/$0.05) - 2024/04/21 14:48:39
Table 'NLHBlue10' 6-max Seat #6 is the button
Seat 1: 6a8256ab ($5.45 in chips)
Seat 2: 715c0d5b ($3.93 in chips)
Seat 3: 66dee8be ($0.61 in chips)
Seat 4: d1b5fc42 ($6.4 in chips)
Seat 5: c63719a7 ($6.67 in chips)
Seat 6: Hero ($5.05 in chips)
6a8256ab: posts small blind $0.02
715c0d5b: posts big blind $0.05
*** HOLE CARDS ***
Dealt to 6a8256ab 
Dealt to 715c0d5b 
Dealt to 66dee8be 
Dealt to d1b5fc42 
Dealt to c63719a7 
Dealt to Hero [5h 8c]
66dee8be: calls $0.05
d1b5fc42: raises $0.15 to $0.2
c63719a7: folds
Hero: folds
6a8256ab: folds
715c0d5b: folds
66dee8be: calls $0.15
*** FLOP *** [3h 2h Jd]
66dee8be: checks
d1b5fc42: checks
*** TURN *** [3h 2h Jd] [8h]
66dee8be: bets $0.24
d1b5fc42: folds
Uncalled bet ($0.24) returned to 66dee8be
*** SHOWDOWN ***
66dee8be collected $0.45 from pot
*** SUMMARY ***
Total pot $0.47 | Rake $0.02 | Jackpot $0 | Bingo $0 | Fortune $0 | Tax $0
Board [3h 2h Jd 8h]
Seat 1: 6a8256ab (small blind) folded before Flop
Seat 2: 715c0d5b (big blind) folded before Flop
Seat 3: 66dee8be won ($0.45)
Seat 4: d1b5fc42 folded on the Turn
Seat 5: c63719a7 folded before Flop (didn't bet)
Seat 6: Hero (button) folded before Flop (didn't bet)


Poker Hand #HD1740142616: Hold'em No Limit ($0.02/$0.05) - 2024/04/21 14:47:51
Table 'NLHBlue10' 6-max Seat #5 is the button
Seat 1: 6a8256ab ($5.5 in chips)
Seat 2: 715c0d5b ($3.93 in chips)
Seat 3: 66dee8be ($0.95 in chips)
Seat 4: d1b5fc42 ($6.4 in chips)
Seat 5: c63719a7 ($6.29 in chips)
Seat 6: Hero ($5.07 in chips)
Hero: posts small blind $0.02
6a8256ab: posts big blind $0.05
*** HOLE CARDS ***
Dealt to 6a8256ab 
Dealt to 715c0d5b 
Dealt to 66dee8be 
Dealt to d1b5fc42 
Dealt to c63719a7 
Dealt to Hero [7d 6c]
715c0d5b: folds
66dee8be: calls $0.05
d1b5fc42: folds
c63719a7: raises $0.1 to $0.15
Hero: folds
6a8256ab: folds
66dee8be: calls $0.1
*** FLOP *** [Qc Td Tc]
66dee8be: checks
c63719a7: checks
*** TURN *** [Qc Td Tc] [4h]
66dee8be: checks
c63719a7: checks
*** RIVER *** [Qc Td Tc 4h] [3c]
66dee8be: bets $0.19
c63719a7: raises $5.95 to $6.14 and is all-in
66dee8be: folds
Uncalled bet ($5.95) returned to c63719a7
*** SHOWDOWN ***
c63719a7 collected $0.72 from pot
*** SUMMARY ***
Total pot $0.75 | Rake $0.03 | Jackpot $0 | Bingo $0 | Fortune $0 | Tax $0
Board [Qc Td Tc 4h 3c]
Seat 1: 6a8256ab (big blind) folded before Flop
Seat 2: 715c0d5b folded before Flop (didn't bet)
Seat 3: 66dee8be folded on the River
Seat 4: d1b5fc42 folded before Flop (didn't bet)
Seat 5: c63719a7 (button) won ($0.72)
Seat 6: Hero (small blind) folded before Flop


Poker Hand #HD1740142524: Hold'em No Limit ($0.02/$0.05) - 2024/04/21 14:46:59
Table 'NLHBlue10' 6-max Seat #4 is the button
Seat 1: 6a8256ab ($5.5 in chips)
Seat 2: 715c0d5b ($3.93 in chips)
Seat 3: 66dee8be ($1 in chips)
Seat 4: d1b5fc42 ($6.4 in chips)
Seat 5: c63719a7 ($6.31 in chips)
Seat 6: Hero ($5 in chips)
c63719a7: posts small blind $0.02
Hero: posts big blind $0.05
66dee8be: posts big blind $0.05
*** HOLE CARDS ***
Dealt to 6a8256ab 
Dealt to 715c0d5b 
Dealt to 66dee8be 
Dealt to d1b5fc42 
Dealt to c63719a7 
Dealt to Hero [3h Tc]
6a8256ab: folds
715c0d5b: folds
66dee8be: checks
d1b5fc42: folds
c63719a7: folds
Hero: checks
*** FLOP *** [9h 2d 5s]
Hero: checks
66dee8be: checks
*** TURN *** [9h 2d 5s] [Ts]
Hero: checks
66dee8be: checks
*** RIVER *** [9h 2d 5s Ts] [5c]
Hero: bets $0.1
66dee8be: folds
Uncalled bet ($0.1) returned to Hero
*** SHOWDOWN ***
Hero collected $0.12 from pot
*** SUMMARY ***
Total pot $0.12 | Rake $0 | Jackpot $0 | Bingo $0 | Fortune $0 | Tax $0
Board [9h 2d 5s Ts 5c]
Seat 1: 6a8256ab folded before Flop (didn't bet)
Seat 2: 715c0d5b folded before Flop (didn't bet)
Seat 3: 66dee8be folded on the River
Seat 4: d1b5fc42 (button) folded before Flop (didn't bet)
Seat 5: c63719a7 (small blind) folded before Flop
Seat 6: Hero (big blind) won ($0.12)


Poker Hand #HD1740142454: Hold'em No Limit ($0.02/$0.05) - 2024/04/21 14:46:15
Table 'NLHBlue10' 6-max Seat #2 is the button
Seat 1: 6a8256ab ($5.5 in chips)
Seat 2: 715c0d5b ($3.93 in chips)
Seat 4: d1b5fc42 ($6.31 in chips)
Seat 5: c63719a7 ($6.41 in chips)
Seat 6: Hero ($5 in chips)
d1b5fc42: posts small blind $0.02
c63719a7: posts big blind $0.05
*** HOLE CARDS ***
Dealt to 6a8256ab 
Dealt to 715c0d5b 
Dealt to d1b5fc42 
Dealt to c63719a7 
Dealt to Hero [9s Qc]
Hero: folds
6a8256ab: folds
715c0d5b: folds
d1b5fc42: raises $0.05 to $0.1
c63719a7: calls $0.05
*** FLOP *** [Ad Kc Ah]
d1b5fc42: bets $0.1
c63719a7: folds
Uncalled bet ($0.1) returned to d1b5fc42
*** SHOWDOWN ***
d1b5fc42 collected $0.19 from pot
*** SUMMARY ***
Total pot $0.2 | Rake $0.01 | Jackpot $0 | Bingo $0 | Fortune $0 | Tax $0
Board [Ad Kc Ah]
Seat 1: 6a8256ab folded before Flop (didn't bet)
Seat 2: 715c0d5b (button) folded before Flop (didn't bet)
Seat 4: d1b5fc42 (small blind) won ($0.19)
Seat 5: c63719a7 (big blind) folded on the Flop
Seat 6: Hero folded before Flop (didn't bet)


Poker Hand #HD1740142432: Hold'em No Limit ($0.02/$0.05) - 2024/04/21 14:46:03
Table 'NLHBlue10' 6-max Seat #1 is the button
Seat 1: 6a8256ab ($5.5 in chips)
Seat 2: 715c0d5b ($3.95 in chips)
Seat 4: d1b5fc42 ($6.29 in chips)
Seat 5: c63719a7 ($6.41 in chips)
Seat 6: Hero ($5 in chips)
715c0d5b: posts small blind $0.02
d1b5fc42: posts big blind $0.05
*** HOLE CARDS ***
Dealt to 6a8256ab 
Dealt to 715c0d5b 
Dealt to d1b5fc42 
Dealt to c63719a7 
Dealt to Hero [7d Kh]
c63719a7: folds
Hero: folds
6a8256ab: folds
715c0d5b: folds
Uncalled bet ($0.03) returned to d1b5fc42
*** SHOWDOWN ***
d1b5fc42 collected $0.04 from pot
*** SUMMARY ***
Total pot $0.04 | Rake $0 | Jackpot $0 | Bingo $0 | Fortune $0 | Tax $0
Seat 1: 6a8256ab (button) folded before Flop (didn't bet)
Seat 2: 715c0d5b (small blind) folded before Flop
Seat 4: d1b5fc42 (big blind) collected ($0.04)
Seat 5: c63719a7 folded before Flop (didn't bet)
Seat 6: Hero folded before Flop (didn't bet)


Poker Hand #HD1740142408: Hold'em No Limit ($0.02/$0.05) - 2024/04/21 14:45:49
Table 'NLHBlue10' 6-max Seat #6 is the button
Seat 1: 6a8256ab ($5.52 in chips)
Seat 2: 715c0d5b ($4 in chips)
Seat 3: c5f1915f ($5 in chips)
Seat 4: d1b5fc42 ($6.22 in chips)
Seat 5: c63719a7 ($6.41 in chips)
Seat 6: Hero ($5 in chips)
6a8256ab: posts small blind $0.02
715c0d5b: posts big blind $0.05
*** HOLE CARDS ***
Dealt to 6a8256ab 
Dealt to 715c0d5b 
Dealt to c5f1915f 
Dealt to d1b5fc42 
Dealt to c63719a7 
Dealt to Hero [6h Qh]
c5f1915f: folds
d1b5fc42: raises $0.07 to $0.12
c63719a7: folds
Hero: folds
6a8256ab: folds
715c0d5b: folds
Uncalled bet ($0.07) returned to d1b5fc42
*** SHOWDOWN ***
d1b5fc42 collected $0.12 from pot
*** SUMMARY ***
Total pot $0.12 | Rake $0 | Jackpot $0 | Bingo $0 | Fortune $0 | Tax $0
Seat 1: 6a8256ab (small blind) folded before Flop
Seat 2: 715c0d5b (big blind) folded before Flop
Seat 3: c5f1915f folded before Flop (didn't bet)
Seat 4: d1b5fc42 collected ($0.12)
Seat 5: c63719a7 folded before Flop (didn't bet)
Seat 6: Hero (button) folded before Flop (didn't bet)


Poker Hand #HD1740142330: Hold'em No Limit ($0.02/$0.05) - 2024/04/21 14:44:58
Table 'NLHBlue10' 6-max Seat #5 is the button
Seat 1: 6a8256ab ($5.57 in chips)
Seat 2: 715c0d5b ($4 in chips)
Seat 3: c5f1915f ($5.1 in chips)
Seat 4: d1b5fc42 ($5.98 in chips)
Seat 5: c63719a7 ($6.41 in chips)
Seat 6: Hero ($5 in chips)
Hero: posts small blind $0.02
6a8256ab: posts big blind $0.05
*** HOLE CARDS ***
Dealt to 6a8256ab 
Dealt to 715c0d5b 
Dealt to c5f1915f 
Dealt to d1b5fc42 
Dealt to c63719a7 
Dealt to Hero [8s Qc]
715c0d5b: folds
c5f1915f: raises $0.05 to $0.1
d1b5fc42: calls $0.1
c63719a7: folds
Hero: folds
6a8256ab: folds
*** FLOP *** [3s Jc 2h]
c5f1915f: checks
d1b5fc42: checks
*** TURN *** [3s Jc 2h] [5s]
c5f1915f: bets $0.09
d1b5fc42: raises $0.23 to $0.32
c5f1915f: folds
Uncalled bet ($0.23) returned to d1b5fc42
*** SHOWDOWN ***
d1b5fc42 collected $0.43 from pot
*** SUMMARY ***
Total pot $0.45 | Rake $0.02 | Jackpot $0 | Bingo $0 | Fortune $0 | Tax $0
Board [3s Jc 2h 5s]
Seat 1: 6a8256ab (big blind) folded before Flop
Seat 2: 715c0d5b folded before Flop (didn't bet)
Seat 3: c5f1915f folded on the Turn
Seat 4: d1b5fc42 won ($0.43)
Seat 5: c63719a7 (button) folded before Flop (didn't bet)
Seat 6: Hero (small blind) folded before Flop


Poker Hand #HD1740142293: Hold'em No Limit ($0.02/$0.05) - 2024/04/21 14:44:35
Table 'NLHBlue10' 6-max Seat #4 is the button
Seat 1: 6a8256ab ($5.57 in chips)
Seat 2: 715c0d5b ($4 in chips)
Seat 3: c5f1915f ($5.1 in chips)
Seat 4: d1b5fc42 ($5.98 in chips)
Seat 5: c63719a7 ($6.36 in chips)
Seat 6: Hero ($5.03 in chips)
c63719a7: posts small blind $0.02
Hero: posts big blind $0.05
*** HOLE CARDS ***
Dealt to 6a8256ab 
Dealt to 715c0d5b 
Dealt to c5f1915f 
Dealt to d1b5fc42 
Dealt to c63719a7 
Dealt to Hero [9s Jd]
6a8256ab: folds
715c0d5b: folds
c5f1915f: folds
d1b5fc42: folds
c63719a7: raises $0.1 to $0.15
Hero: folds
Uncalled bet ($0.1) returned to c63719a7
*** SHOWDOWN ***
c63719a7 collected $0.1 from pot
*** SUMMARY ***
Total pot $0.1 | Rake $0 | Jackpot $0 | Bingo $0 | Fortune $0 | Tax $0
Seat 1: 6a8256ab folded before Flop (didn't bet)
Seat 2: 715c0d5b folded before Flop (didn't bet)
Seat 3: c5f1915f folded before Flop (didn't bet)
Seat 4: d1b5fc42 (button) folded before Flop (didn't bet)
Seat 5: c63719a7 (small blind) collected ($0.1)
Seat 6: Hero (big blind) folded before Flop


Poker Hand #HD1740142151: Hold'em No Limit ($0.02/$0.05) - 2024/04/21 14:43:04
Table 'NLHBlue10' 6-max Seat #3 is the button
Seat 1: 6a8256ab ($5.16 in chips)
Seat 2: 715c0d5b ($4 in chips)
Seat 3: c5f1915f ($5.1 in chips)
Seat 4: d1b5fc42 ($6.31 in chips)
Seat 5: c63719a7 ($6.47 in chips)
Seat 6: Hero ($5.03 in chips)
d1b5fc42: posts small blind $0.02
c63719a7: posts big blind $0.05
*** HOLE CARDS ***
Dealt to 6a8256ab 
Dealt to 715c0d5b 
Dealt to c5f1915f 
Dealt to d1b5fc42 
Dealt to c63719a7 
Dealt to Hero [Qs 6h]
Hero: folds
6a8256ab: raises $0.06 to $0.11
715c0d5b: folds
c5f1915f: folds
d1b5fc42: calls $0.09
c63719a7: calls $0.06
*** FLOP *** [5h 4d 9d]
d1b5fc42: checks
c63719a7: checks
6a8256ab: checks
*** TURN *** [5h 4d 9d] [9c]
d1b5fc42: bets $0.09
c63719a7: folds
6a8256ab: calls $0.09
*** RIVER *** [5h 4d 9d 9c] [2s]
d1b5fc42: bets $0.13
6a8256ab: calls $0.13
d1b5fc42: shows [6s 7s] (Pair of Nines)
6a8256ab: shows [Jd Jc] (Pair of Jacks and Pair of Nines)
*** SHOWDOWN ***
6a8256ab collected $0.74 from pot
*** SUMMARY ***
Total pot $0.77 | Rake $0.03 | Jackpot $0 | Bingo $0 | Fortune $0 | Tax $0
Board [5h 4d 9d 9c 2s]
Seat 1: 6a8256ab showed [Jd Jc] and won ($0.74) with Pair of Jacks and Pair of Nines
Seat 2: 715c0d5b folded before Flop (didn't bet)
Seat 3: c5f1915f (button) folded before Flop (didn't bet)
Seat 4: d1b5fc42 (small blind) showed [6s 7s] and lost with Pair of Nines
Seat 5: c63719a7 (big blind) folded on the Turn
Seat 6: Hero folded before Flop (didn't bet)


Poker Hand #HD1740142043: Hold'em No Limit ($0.02/$0.05) - 2024/04/21 14:41:56
Table 'NLHBlue10' 6-max Seat #2 is the button
Seat 1: 6a8256ab ($5.27 in chips)
Seat 2: 715c0d5b ($4.87 in chips)
Seat 3: c5f1915f ($5.12 in chips)
Seat 4: d1b5fc42 ($5.45 in chips)
Seat 5: c63719a7 ($6.47 in chips)
Seat 6: Hero ($5.03 in chips)
c5f1915f: posts small blind $0.02
d1b5fc42: posts big blind $0.05
*** HOLE CARDS ***
Dealt to 6a8256ab 
Dealt to 715c0d5b 
Dealt to c5f1915f 
Dealt to d1b5fc42 
Dealt to c63719a7 
Dealt to Hero [9d Kc]
c63719a7: folds
Hero: folds
6a8256ab: raises $0.06 to $0.11
715c0d5b: raises $0.29 to $0.4
c5f1915f: folds
d1b5fc42: raises $0.47 to $0.87
6a8256ab: folds
715c0d5b: calls $0.47
*** FLOP *** [3d 6h 3s]
d1b5fc42: bets $0.62
715c0d5b: folds
Uncalled bet ($0.62) returned to d1b5fc42
*** SHOWDOWN ***
d1b5fc42 collected $1.73 from pot
*** SUMMARY ***
Total pot $1.87 | Rake $0.09 | Jackpot $0.05 | Bingo $0 | Fortune $0 | Tax $0
Board [3d 6h 3s]
Seat 1: 6a8256ab folded before Flop
Seat 2: 715c0d5b (button) folded on the Flop
Seat 3: c5f1915f (small blind) folded before Flop
Seat 4: d1b5fc42 (big blind) won ($1.73)
Seat 5: c63719a7 folded before Flop (didn't bet)
Seat 6: Hero folded before Flop (didn't bet)


Poker Hand #HD1740141996: Hold'em No Limit ($0.02/$0.05) - 2024/04/21 14:41:28
Table 'NLHBlue10' 6-max Seat #1 is the button
Seat 1: 6a8256ab ($5.1 in chips)
Seat 2: 715c0d5b ($4.89 in chips)
Seat 3: c5f1915f ($5.17 in chips)
Seat 4: d1b5fc42 ($5.45 in chips)
Seat 5: c63719a7 ($6.58 in chips)
Seat 6: Hero ($5.03 in chips)
715c0d5b: posts small blind $0.02
c5f1915f: posts big blind $0.05
*** HOLE CARDS ***
Dealt to 6a8256ab 
Dealt to 715c0d5b 
Dealt to c5f1915f 
Dealt to d1b5fc42 
Dealt to c63719a7 
Dealt to Hero [3c Js]
d1b5fc42: folds
c63719a7: raises $0.06 to $0.11
Hero: folds
6a8256ab: raises $0.23 to $0.34
715c0d5b: folds
c5f1915f: folds
c63719a7: folds
Uncalled bet ($0.23) returned to 6a8256ab
*** SHOWDOWN ***
6a8256ab collected $0.28 from pot
*** SUMMARY ***
Total pot $0.29 | Rake $0.01 | Jackpot $0 | Bingo $0 | Fortune $0 | Tax $0
Seat 1: 6a8256ab (button) collected ($0.28)
Seat 2: 715c0d5b (small blind) folded before Flop
Seat 3: c5f1915f (big blind) folded before Flop
Seat 4: d1b5fc42 folded before Flop (didn't bet)
Seat 5: c63719a7 folded before Flop
Seat 6: Hero folded before Flop (didn't bet)


Poker Hand #HD1740141942: Hold'em No Limit ($0.02/$0.05) - 2024/04/21 14:40:56
Table 'NLHBlue10' 6-max Seat #6 is the button
Seat 1: 6a8256ab ($5 in chips)
Seat 2: 715c0d5b ($5 in chips)
Seat 3: c5f1915f ($5.17 in chips)
Seat 4: d1b5fc42 ($5.45 in chips)
Seat 5: c63719a7 ($6.58 in chips)
Seat 6: Hero ($5.03 in chips)
6a8256ab: posts small blind $0.02
715c0d5b: posts big blind $0.05
*** HOLE CARDS ***
Dealt to 6a8256ab 
Dealt to 715c0d5b 
Dealt to c5f1915f 
Dealt to d1b5fc42 
Dealt to c63719a7 
Dealt to Hero [7s Qh]
c5f1915f: folds
d1b5fc42: folds
c63719a7: folds
Hero: folds
6a8256ab: raises $0.06 to $0.11
715c0d5b: calls $0.06
*** FLOP *** [7c Qc Jc]
6a8256ab: bets $0.06
715c0d5b: folds
Uncalled bet ($0.06) returned to 6a8256ab
*** SHOWDOWN ***
6a8256ab collected $0.21 from pot
*** SUMMARY ***
Total pot $0.22 | Rake $0.01 | Jackpot $0 | Bingo $0 | Fortune $0 | Tax $0
Board [7c Qc Jc]
Seat 1: 6a8256ab (small blind) won ($0.21)
Seat 2: 715c0d5b (big blind) folded on the Flop
Seat 3: c5f1915f folded before Flop (didn't bet)
Seat 4: d1b5fc42 folded before Flop (didn't bet)
Seat 5: c63719a7 folded before Flop (didn't bet)
Seat 6: Hero (button) folded before Flop (didn't bet)


Poker Hand #HD1740141884: Hold'em No Limit ($0.02/$0.05) - 2024/04/21 14:40:20
Table 'NLHBlue10' 6-max Seat #5 is the button
Seat 1: 6a8256ab ($5 in chips)
Seat 2: 2a483dc ($5.34 in chips)
Seat 3: c5f1915f ($5.17 in chips)
Seat 4: d1b5fc42 ($5.38 in chips)
Seat 5: c63719a7 ($6.58 in chips)
Seat 6: Hero ($5.05 in chips)
Hero: posts small blind $0.02
6a8256ab: posts big blind $0.05
*** HOLE CARDS ***
Dealt to 6a8256ab 
Dealt to 2a483dc 
Dealt to c5f1915f 
Dealt to d1b5fc42 
Dealt to c63719a7 
Dealt to Hero [2s 7h]
2a483dc: folds
c5f1915f: folds
d1b5fc42: raises $0.07 to $0.12
c63719a7: folds
Hero: folds
6a8256ab: folds
Uncalled bet ($0.07) returned to d1b5fc42
*** SHOWDOWN ***
d1b5fc42 collected $0.12 from pot
*** SUMMARY ***
Total pot $0.12 | Rake $0 | Jackpot $0 | Bingo $0 | Fortune $0 | Tax $0
Seat 1: 6a8256ab (big blind) folded before Flop
Seat 2: 2a483dc folded before Flop (didn't bet)
Seat 3: c5f1915f folded before Flop (didn't bet)
Seat 4: d1b5fc42 collected ($0.12)
Seat 5: c63719a7 (button) folded before Flop (didn't bet)
Seat 6: Hero (small blind) folded before Flop


Poker Hand #HD1740141828: Hold'em No Limit ($0.02/$0.05) - 2024/04/21 14:39:45
Table 'NLHBlue10' 6-max Seat #4 is the button
Seat 2: 2a483dc ($5.45 in chips)
Seat 3: c5f1915f ($5 in chips)
Seat 4: d1b5fc42 ($5.38 in chips)
Seat 5: c63719a7 ($6.6 in chips)
Seat 6: Hero ($5.1 in chips)
c63719a7: posts small blind $0.02
Hero: posts big blind $0.05
*** HOLE CARDS ***
Dealt to 2a483dc 
Dealt to c5f1915f 
Dealt to d1b5fc42 
Dealt to c63719a7 
Dealt to Hero [2c Qh]
2a483dc: raises $0.06 to $0.11
c5f1915f: raises $0.27 to $0.38
d1b5fc42: folds
c63719a7: folds
Hero: folds
2a483dc: folds
Uncalled bet ($0.27) returned to c5f1915f
*** SHOWDOWN ***
c5f1915f collected $0.28 from pot
*** SUMMARY ***
Total pot $0.29 | Rake $0.01 | Jackpot $0 | Bingo $0 | Fortune $0 | Tax $0
Seat 2: 2a483dc folded before Flop
Seat 3: c5f1915f collected ($0.28)
Seat 4: d1b5fc42 (button) folded before Flop (didn't bet)
Seat 5: c63719a7 (small blind) folded before Flop
Seat 6: Hero (big blind) folded before Flop


Poker Hand #HD1740141691: Hold'em No Limit ($0.02/$0.05) - 2024/04/21 14:38:26
Table 'NLHBlue10' 6-max Seat #3 is the button
Seat 2: 2a483dc ($5.45 in chips)
Seat 3: c5f1915f ($5 in chips)
Seat 4: d1b5fc42 ($5.4 in chips)
Seat 5: c63719a7 ($5 in chips)
Seat 6: Hero ($5.1 in chips)
d1b5fc42: posts small blind $0.02
c63719a7: posts big blind $0.05
*** HOLE CARDS ***
Dealt to 2a483dc 
Dealt to c5f1915f 
Dealt to d1b5fc42 
Dealt to c63719a7 
Dealt to Hero [Ad 8s]
Hero: folds
2a483dc: folds
c5f1915f: raises $0.05 to $0.1
d1b5fc42: folds
c63719a7: raises $0.2 to $0.3
c5f1915f: calls $0.2
*** FLOP *** [Qh 2h Tc]
c63719a7: checks
c5f1915f: bets $0.21
c63719a7: raises $0.39 to $0.6
c5f1915f: calls $0.39
*** TURN *** [Qh 2h Tc] [6d]
c63719a7: bets $0.91
c5f1915f: calls $0.91
*** RIVER *** [Qh 2h Tc 6d] [8d]
c63719a7: bets $3.19 and is all-in
c5f1915f: folds
Uncalled bet ($3.19) returned to c63719a7
*** SHOWDOWN ***
c63719a7 collected $3.41 from pot
*** SUMMARY ***
Total pot $3.64 | Rake $0.18 | Jackpot $0.05 | Bingo $0 | Fortune $0 | Tax $0
Board [Qh 2h Tc 6d 8d]
Seat 2: 2a483dc folded before Flop (didn't bet)
Seat 3: c5f1915f (button) folded on the River
Seat 4: d1b5fc42 (small blind) folded before Flop
Seat 5: c63719a7 (big blind) won ($3.41)
Seat 6: Hero folded before Flop (didn't bet)


Poker Hand #HD1740141657: Hold'em No Limit ($0.02/$0.05) - 2024/04/21 14:38:12
Table 'NLHBlue10' 6-max Seat #2 is the button
Seat 2: 2a483dc ($5.45 in chips)
Seat 3: c5f1915f ($5 in chips)
Seat 4: d1b5fc42 ($5.38 in chips)
Seat 5: c63719a7 ($5 in chips)
Seat 6: Hero ($5.1 in chips)
c5f1915f: posts small blind $0.02
d1b5fc42: posts big blind $0.05
*** HOLE CARDS ***
Dealt to 2a483dc 
Dealt to c5f1915f 
Dealt to d1b5fc42 
Dealt to c63719a7 
Dealt to Hero [6c Kc]
c63719a7: folds
Hero: folds
2a483dc: folds
c5f1915f: folds
Uncalled bet ($0.03) returned to d1b5fc42
*** SHOWDOWN ***
d1b5fc42 collected $0.04 from pot
*** SUMMARY ***
Total pot $0.04 | Rake $0 | Jackpot $0 | Bingo $0 | Fortune $0 | Tax $0
Seat 2: 2a483dc (button) folded before Flop (didn't bet)
Seat 3: c5f1915f (small blind) folded before Flop
Seat 4: d1b5fc42 (big blind) collected ($0.04)
Seat 5: c63719a7 folded before Flop (didn't bet)
Seat 6: Hero folded before Flop (didn't bet)


Poker Hand #HD1740141631: Hold'em No Limit ($0.02/$0.05) - 2024/04/21 14:37:50
Table 'NLHBlue10' 6-max Seat #6 is the button
Seat 2: 2a483dc ($5.47 in chips)
Seat 3: c5f1915f ($5 in chips)
Seat 4: d1b5fc42 ($5.38 in chips)
Seat 5: c63719a7 ($5 in chips)
Seat 6: Hero ($5.03 in chips)
2a483dc: posts small blind $0.02
c5f1915f: posts big blind $0.05
*** HOLE CARDS ***
Dealt to 2a483dc 
Dealt to c5f1915f 
Dealt to d1b5fc42 
Dealt to c63719a7 
Dealt to Hero [Ah Jh]
d1b5fc42: folds
c63719a7: folds
Hero: raises $0.07 to $0.12
2a483dc: folds
c5f1915f: folds
Uncalled bet ($0.07) returned to Hero
*** SHOWDOWN ***
Hero collected $0.12 from pot
*** SUMMARY ***
Total pot $0.12 | Rake $0 | Jackpot $0 | Bingo $0 | Fortune $0 | Tax $0
Seat 2: 2a483dc (small blind) folded before Flop
Seat 3: c5f1915f (big blind) folded before Flop
Seat 4: d1b5fc42 folded before Flop (didn't bet)
Seat 5: c63719a7 folded before Flop (didn't bet)
Seat 6: Hero (button) collected ($0.12)


Poker Hand #HD1740141611: Hold'em No Limit ($0.02/$0.05) - 2024/04/21 14:37:37
Table 'NLHBlue10' 6-max Seat #5 is the button
Seat 2: 2a483dc ($5.52 in chips)
Seat 3: c5f1915f ($5 in chips)
Seat 4: d1b5fc42 ($5.31 in chips)
Seat 5: c63719a7 ($5 in chips)
Seat 6: Hero ($5.05 in chips)
Hero: posts small blind $0.02
2a483dc: posts big blind $0.05
*** HOLE CARDS ***
Dealt to 2a483dc 
Dealt to c5f1915f 
Dealt to d1b5fc42 
Dealt to c63719a7 
Dealt to Hero [8c 3d]
c5f1915f: folds
d1b5fc42: raises $0.07 to $0.12
c63719a7: folds
Hero: folds
2a483dc: folds
Uncalled bet ($0.07) returned to d1b5fc42
*** SHOWDOWN ***
d1b5fc42 collected $0.12 from pot
*** SUMMARY ***
Total pot $0.12 | Rake $0 | Jackpot $0 | Bingo $0 | Fortune $0 | Tax $0
Seat 2: 2a483dc (big blind) folded before Flop
Seat 3: c5f1915f folded before Flop (didn't bet)
Seat 4: d1b5fc42 collected ($0.12)
Seat 5: c63719a7 (button) folded before Flop (didn't bet)
Seat 6: Hero (small blind) folded before Flop


Poker Hand #HD1740141589: Hold'em No Limit ($0.02/$0.05) - 2024/04/21 14:37:21
Table 'NLHBlue10' 6-max Seat #4 is the button
Seat 1: 9484ae56 ($5.17 in chips)
Seat 2: 2a483dc ($5.52 in chips)
Seat 3: c5f1915f ($5 in chips)
Seat 4: d1b5fc42 ($5.24 in chips)
Seat 5: c63719a7 ($5.02 in chips)
Seat 6: Hero ($5.1 in chips)
c63719a7: posts small blind $0.02
Hero: posts big blind $0.05
*** HOLE CARDS ***
Dealt to 9484ae56 
Dealt to 2a483dc 
Dealt to c5f1915f 
Dealt to d1b5fc42 
Dealt to c63719a7 
Dealt to Hero [7h 3c]
9484ae56: folds
2a483dc: folds
c5f1915f: folds
d1b5fc42: raises $0.07 to $0.12
c63719a7: folds
Hero: folds
Uncalled bet ($0.07) returned to d1b5fc42
*** SHOWDOWN ***
d1b5fc42 collected $0.12 from pot
*** SUMMARY ***
Total pot $0.12 | Rake $0 | Jackpot $0 | Bingo $0 | Fortune $0 | Tax $0
Seat 1: 9484ae56 folded before Flop (didn't bet)
Seat 2: 2a483dc folded before Flop (didn't bet)
Seat 3: c5f1915f folded before Flop (didn't bet)
Seat 4: d1b5fc42 (button) collected ($0.12)
Seat 5: c63719a7 (small blind) folded before Flop
Seat 6: Hero (big blind) folded before Flop


Poker Hand #HD1740141551: Hold'em No Limit ($0.02/$0.05) - 2024/04/21 14:36:59
Table 'NLHBlue10' 6-max Seat #3 is the button
Seat 1: 9484ae56 ($5.17 in chips)
Seat 2: 2a483dc ($5.52 in chips)
Seat 3: c5f1915f ($5 in chips)
Seat 4: d1b5fc42 ($5.26 in chips)
Seat 5: c63719a7 ($5 in chips)
Seat 6: Hero ($5.1 in chips)
d1b5fc42: posts small blind $0.02
c63719a7: posts big blind $0.05
*** HOLE CARDS ***
Dealt to 9484ae56 
Dealt to 2a483dc 
Dealt to c5f1915f 
Dealt to d1b5fc42 
Dealt to c63719a7 
Dealt to Hero [6d Qs]
Hero: folds
9484ae56: folds
2a483dc: folds
c5f1915f: folds
d1b5fc42: folds
Uncalled bet ($0.03) returned to c63719a7
*** SHOWDOWN ***
c63719a7 collected $0.04 from pot
*** SUMMARY ***
Total pot $0.04 | Rake $0 | Jackpot $0 | Bingo $0 | Fortune $0 | Tax $0
Seat 1: 9484ae56 folded before Flop (didn't bet)
Seat 2: 2a483dc folded before Flop (didn't bet)
Seat 3: c5f1915f (button) folded before Flop (didn't bet)
Seat 4: d1b5fc42 (small blind) folded before Flop
Seat 5: c63719a7 (big blind) collected ($0.04)
Seat 6: Hero folded before Flop (didn't bet)


Poker Hand #HD1740141499: Hold'em No Limit ($0.02/$0.05) - 2024/04/21 14:36:27
Table 'NLHBlue10' 6-max Seat #2 is the button
Seat 1: 9484ae56 ($5.17 in chips)
Seat 2: 2a483dc ($5.63 in chips)
Seat 3: c5f1915f ($5 in chips)
Seat 4: d1b5fc42 ($5.14 in chips)
Seat 5: ab852a76 ($5.18 in chips)
Seat 6: Hero ($5.1 in chips)
c5f1915f: posts small blind $0.02
d1b5fc42: posts big blind $0.05
*** HOLE CARDS ***
Dealt to 9484ae56 
Dealt to 2a483dc 
Dealt to c5f1915f 
Dealt to d1b5fc42 
Dealt to ab852a76 
Dealt to Hero [4h 4s]
ab852a76: folds
Hero: folds
9484ae56: folds
2a483dc: raises $0.06 to $0.11
c5f1915f: folds
d1b5fc42: raises $0.24 to $0.35
2a483dc: folds
Uncalled bet ($0.24) returned to d1b5fc42
*** SHOWDOWN ***
d1b5fc42 collected $0.23 from pot
*** SUMMARY ***
Total pot $0.24 | Rake $0.01 | Jackpot $0 | Bingo $0 | Fortune $0 | Tax $0
Seat 1: 9484ae56 folded before Flop (didn't bet)
Seat 2: 2a483dc (button) folded before Flop
Seat 3: c5f1915f (small blind) folded before Flop
Seat 4: d1b5fc42 (big blind) collected ($0.23)
Seat 5: ab852a76 folded before Flop (didn't bet)
Seat 6: Hero folded before Flop (didn't bet)


Poker Hand #HD1740141468: Hold'em No Limit ($0.02/$0.05) - 2024/04/21 14:36:04
Table 'NLHBlue10' 6-max Seat #1 is the button
Seat 1: 9484ae56 ($5.17 in chips)
Seat 2: 2a483dc ($5.58 in chips)
Seat 3: c5f1915f ($5 in chips)
Seat 4: d1b5fc42 ($5.14 in chips)
Seat 5: ab852a76 ($5.18 in chips)
Seat 6: Hero ($5.1 in chips)
2a483dc: posts small blind $0.02
c5f1915f: posts big blind $0.05
*** HOLE CARDS ***
Dealt to 9484ae56 
Dealt to 2a483dc 
Dealt to c5f1915f 
Dealt to d1b5fc42 
Dealt to ab852a76 
Dealt to Hero [Js 9d]
d1b5fc42: folds
ab852a76: folds
Hero: folds
9484ae56: folds
2a483dc: raises $0.1 to $0.15
c5f1915f: folds
Uncalled bet ($0.1) returned to 2a483dc
*** SHOWDOWN ***
2a483dc collected $0.1 from pot
*** SUMMARY ***
Total pot $0.1 | Rake $0 | Jackpot $0 | Bingo $0 | Fortune $0 | Tax $0
Seat 1: 9484ae56 (button) folded before Flop (didn't bet)
Seat 2: 2a483dc (small blind) collected ($0.1)
Seat 3: c5f1915f (big blind) folded before Flop
Seat 4: d1b5fc42 folded before Flop (didn't bet)
Seat 5: ab852a76 folded before Flop (didn't bet)
Seat 6: Hero folded before Flop (didn't bet)


Poker Hand #HD1740141420: Hold'em No Limit ($0.02/$0.05) - 2024/04/21 14:35:32
Table 'NLHBlue10' 6-max Seat #6 is the button
Seat 1: 9484ae56 ($5 in chips)
Seat 2: 2a483dc ($5.63 in chips)
Seat 4: d1b5fc42 ($5.14 in chips)
Seat 5: ab852a76 ($5.31 in chips)
Seat 6: Hero ($5.1 in chips)
9484ae56: posts small blind $0.02
2a483dc: posts big blind $0.05
*** HOLE CARDS ***
Dealt to 9484ae56 
Dealt to 2a483dc 
Dealt to d1b5fc42 
Dealt to ab852a76 
Dealt to Hero [6d 8d]
d1b5fc42: folds
ab852a76: raises $0.08 to $0.13
Hero: folds
9484ae56: raises $0.31 to $0.44
2a483dc: folds
ab852a76: folds
Uncalled bet ($0.31) returned to 9484ae56
*** SHOWDOWN ***
9484ae56 collected $0.3 from pot
*** SUMMARY ***
Total pot $0.31 | Rake $0.01 | Jackpot $0 | Bingo $0 | Fortune $0 | Tax $0
Seat 1: 9484ae56 (small blind) collected ($0.3)
Seat 2: 2a483dc (big blind) folded before Flop
Seat 4: d1b5fc42 folded before Flop (didn't bet)
Seat 5: ab852a76 folded before Flop
Seat 6: Hero (button) folded before Flop (didn't bet)


Poker Hand #HD1740141357: Hold'em No Limit ($0.02/$0.05) - 2024/04/21 14:34:51
Table 'NLHBlue10' 6-max Seat #5 is the button
Seat 1: 9484ae56 ($5 in chips)
Seat 2: 2a483dc ($5.56 in chips)
Seat 3: 192bad13 ($3.02 in chips)
Seat 4: d1b5fc42 ($5.14 in chips)
Seat 5: ab852a76 ($5.31 in chips)
Seat 6: Hero ($5.12 in chips)
Hero: posts small blind $0.02
9484ae56: posts big blind $0.05
*** HOLE CARDS ***
Dealt to 9484ae56 
Dealt to 2a483dc 
Dealt to 192bad13 
Dealt to d1b5fc42 
Dealt to ab852a76 
Dealt to Hero [3d Tc]
2a483dc: raises $0.06 to $0.11
192bad13: folds
d1b5fc42: folds
ab852a76: folds
Hero: folds
9484ae56: folds
Uncalled bet ($0.06) returned to 2a483dc
*** SHOWDOWN ***
2a483dc collected $0.12 from pot
*** SUMMARY ***
Total pot $0.12 | Rake $0 | Jackpot $0 | Bingo $0 | Fortune $0 | Tax $0
Seat 1: 9484ae56 (big blind) folded before Flop
Seat 2: 2a483dc collected ($0.12)
Seat 3: 192bad13 folded before Flop (didn't bet)
Seat 4: d1b5fc42 folded before Flop (didn't bet)
Seat 5: ab852a76 (button) folded before Flop (didn't bet)
Seat 6: Hero (small blind) folded before Flop


Poker Hand #HD1740141305: Hold'em No Limit ($0.02/$0.05) - 2024/04/21 14:34:18
Table 'NLHBlue10' 6-max Seat #4 is the button
Seat 1: 9484ae56 ($5 in chips)
Seat 2: 2a483dc ($5.56 in chips)
Seat 3: 192bad13 ($2.95 in chips)
Seat 4: d1b5fc42 ($5.14 in chips)
Seat 5: ab852a76 ($5.33 in chips)
Seat 6: Hero ($5.17 in chips)
ab852a76: posts small blind $0.02
Hero: posts big blind $0.05
*** HOLE CARDS ***
Dealt to 9484ae56 
Dealt to 2a483dc 
Dealt to 192bad13 
Dealt to d1b5fc42 
Dealt to ab852a76 
Dealt to Hero [9d 3c]
9484ae56: folds
2a483dc: folds
192bad13: calls $0.05
d1b5fc42: folds
ab852a76: folds
Hero: checks
*** FLOP *** [7c Ad Js]
Hero: checks
192bad13: bets $0.09
Hero: folds
Uncalled bet ($0.09) returned to 192bad13
*** SHOWDOWN ***
192bad13 collected $0.12 from pot
*** SUMMARY ***
Total pot $0.12 | Rake $0 | Jackpot $0 | Bingo $0 | Fortune $0 | Tax $0
Board [7c Ad Js]
Seat 1: 9484ae56 folded before Flop (didn't bet)
Seat 2: 2a483dc folded before Flop (didn't bet)
Seat 3: 192bad13 won ($0.12)
Seat 4: d1b5fc42 (button) folded before Flop (didn't bet)
Seat 5: ab852a76 (small blind) folded before Flop
Seat 6: Hero (big blind) folded on the Flop


Poker Hand #HD1740141272: Hold'em No Limit ($0.02/$0.05) - 2024/04/21 14:34:03
Table 'NLHBlue10' 6-max Seat #3 is the button
Seat 1: 9484ae56 ($5 in chips)
Seat 2: 2a483dc ($5.49 in chips)
Seat 3: 192bad13 ($2.95 in chips)
Seat 4: d1b5fc42 ($5.16 in chips)
Seat 5: ab852a76 ($5.38 in chips)
Seat 6: Hero ($5.17 in chips)
d1b5fc42: posts small blind $0.02
ab852a76: posts big blind $0.05
*** HOLE CARDS ***
Dealt to 9484ae56 
Dealt to 2a483dc 
Dealt to 192bad13 
Dealt to d1b5fc42 
Dealt to ab852a76 
Dealt to Hero [Ah 8d]
Hero: folds
9484ae56: folds
2a483dc: raises $0.06 to $0.11
192bad13: folds
d1b5fc42: folds
ab852a76: folds
Uncalled bet ($0.06) returned to 2a483dc
*** SHOWDOWN ***
2a483dc collected $0.12 from pot
*** SUMMARY ***
Total pot $0.12 | Rake $0 | Jackpot $0 | Bingo $0 | Fortune $0 | Tax $0
Seat 1: 9484ae56 folded before Flop (didn't bet)
Seat 2: 2a483dc collected ($0.12)
Seat 3: 192bad13 (button) folded before Flop (didn't bet)
Seat 4: d1b5fc42 (small blind) folded before Flop
Seat 5: ab852a76 (big blind) folded before Flop
Seat 6: Hero folded before Flop (didn't bet)


Poker Hand #HD1740141217: Hold'em No Limit ($0.02/$0.05) - 2024/04/21 14:33:26
Table 'NLHBlue10' 6-max Seat #2 is the button
Seat 1: 9484ae56 ($5 in chips)
Seat 2: 2a483dc ($5.49 in chips)
Seat 3: 192bad13 ($2.9 in chips)
Seat 4: d1b5fc42 ($5.21 in chips)
Seat 5: ab852a76 ($5.38 in chips)
Seat 6: Hero ($5.17 in chips)
192bad13: posts small blind $0.02
d1b5fc42: posts big blind $0.05
*** HOLE CARDS ***
Dealt to 9484ae56 
Dealt to 2a483dc 
Dealt to 192bad13 
Dealt to d1b5fc42 
Dealt to ab852a76 
Dealt to Hero [8c 3c]
ab852a76: folds
Hero: folds
9484ae56: folds
2a483dc: folds
192bad13: calls $0.03
d1b5fc42: checks
*** FLOP *** [Qh Ks Kc]
192bad13: checks
d1b5fc42: checks
*** TURN *** [Qh Ks Kc] [5d]
192bad13: bets $0.08
d1b5fc42: folds
Uncalled bet ($0.08) returned to 192bad13
*** SHOWDOWN ***
192bad13 collected $0.1 from pot
*** SUMMARY ***
Total pot $0.1 | Rake $0 | Jackpot $0 | Bingo $0 | Fortune $0 | Tax $0
Board [Qh Ks Kc 5d]
Seat 1: 9484ae56 folded before Flop (didn't bet)
Seat 2: 2a483dc (button) folded before Flop (didn't bet)
Seat 3: 192bad13 (small blind) won ($0.1)
Seat 4: d1b5fc42 (big blind) folded on the Turn
Seat 5: ab852a76 folded before Flop (didn't bet)
Seat 6: Hero folded before Flop (didn't bet)


Poker Hand #HD1740141196: Hold'em No Limit ($0.02/$0.05) - 2024/04/21 14:33:13
Table 'NLHBlue10' 6-max Seat #1 is the button
Seat 1: 9484ae56 ($5 in chips)
Seat 2: 2a483dc ($5.51 in chips)
Seat 3: 192bad13 ($2.95 in chips)
Seat 4: d1b5fc42 ($5.14 in chips)
Seat 5: ab852a76 ($5.38 in chips)
Seat 6: Hero ($5.17 in chips)
2a483dc: posts small blind $0.02
192bad13: posts big blind $0.05
*** HOLE CARDS ***
Dealt to 9484ae56 
Dealt to 2a483dc 
Dealt to 192bad13 
Dealt to d1b5fc42 
Dealt to ab852a76 
Dealt to Hero [8s 5c]
d1b5fc42: raises $0.07 to $0.12
ab852a76: folds
Hero: folds
9484ae56: folds
2a483dc: folds
192bad13: folds
Uncalled bet ($0.07) returned to d1b5fc42
*** SHOWDOWN ***
d1b5fc42 collected $0.12 from pot
*** SUMMARY ***
Total pot $0.12 | Rake $0 | Jackpot $0 | Bingo $0 | Fortune $0 | Tax $0
Seat 1: 9484ae56 (button) folded before Flop (didn't bet)
Seat 2: 2a483dc (small blind) folded before Flop
Seat 3: 192bad13 (big blind) folded before Flop
Seat 4: d1b5fc42 collected ($0.12)
Seat 5: ab852a76 folded before Flop (didn't bet)
Seat 6: Hero folded before Flop (didn't bet)


Poker Hand #HD1740141143: Hold'em No Limit ($0.02/$0.05) - 2024/04/21 14:32:40
Table 'NLHBlue10' 6-max Seat #6 is the button
Seat 1: 9484ae56 ($5 in chips)
Seat 2: 2a483dc ($5.56 in chips)
Seat 3: 192bad13 ($2.88 in chips)
Seat 4: d1b5fc42 ($5.14 in chips)
Seat 5: ab852a76 ($5.38 in chips)
Seat 6: Hero ($5.17 in chips)
9484ae56: posts small blind $0.02
2a483dc: posts big blind $0.05
*** HOLE CARDS ***
Dealt to 9484ae56 
Dealt to 2a483dc 
Dealt to 192bad13 
Dealt to d1b5fc42 
Dealt to ab852a76 
Dealt to Hero [5c 7d]
192bad13: calls $0.05
d1b5fc42: folds
ab852a76: folds
Hero: folds
9484ae56: folds
2a483dc: checks
*** FLOP *** [Ad 6d 9h]
2a483dc: checks
192bad13: bets $0.09
2a483dc: folds
Uncalled bet ($0.09) returned to 192bad13
*** SHOWDOWN ***
192bad13 collected $0.12 from pot
*** SUMMARY ***
Total pot $0.12 | Rake $0 | Jackpot $0 | Bingo $0 | Fortune $0 | Tax $0
Board [Ad 6d 9h]
Seat 1: 9484ae56 (small blind) folded before Flop
Seat 2: 2a483dc (big blind) folded on the Flop
Seat 3: 192bad13 won ($0.12)
Seat 4: d1b5fc42 folded before Flop (didn't bet)
Seat 5: ab852a76 folded before Flop (didn't bet)
Seat 6: Hero (button) folded before Flop (didn't bet)


Poker Hand #HD1740141076: Hold'em No Limit ($0.02/$0.05) - 2024/04/21 14:31:51
Table 'NLHBlue10' 6-max Seat #5 is the button
Seat 1: 9484ae56 ($5 in chips)
Seat 2: 2a483dc ($5.56 in chips)
Seat 3: 192bad13 ($2.88 in chips)
Seat 4: d1b5fc42 ($5.14 in chips)
Seat 5: ab852a76 ($5.51 in chips)
Seat 6: Hero ($5 in chips)
Hero: posts small blind $0.02
9484ae56: posts big blind $0.05
*** HOLE CARDS ***
Dealt to 9484ae56 
Dealt to 2a483dc 
Dealt to 192bad13 
Dealt to d1b5fc42 
Dealt to ab852a76 
Dealt to Hero [Jd Ac]
2a483dc: folds
192bad13: folds
d1b5fc42: folds
ab852a76: raises $0.08 to $0.13
Hero: raises $0.42 to $0.55
9484ae56: folds
ab852a76: folds
Uncalled bet ($0.42) returned to Hero
*** SHOWDOWN ***
Hero collected $0.3 from pot
*** SUMMARY ***
Total pot $0.31 | Rake $0.01 | Jackpot $0 | Bingo $0 | Fortune $0 | Tax $0
Seat 1: 9484ae56 (big blind) folded before Flop
Seat 2: 2a483dc folded before Flop (didn't bet)
Seat 3: 192bad13 folded before Flop (didn't bet)
Seat 4: d1b5fc42 folded before Flop (didn't bet)
Seat 5: ab852a76 (button) folded before Flop
Seat 6: Hero (small blind) collected ($0.3)


Poker Hand #HD1740141047: Hold'em No Limit ($0.02/$0.05) - 2024/04/21 14:31:32
Table 'NLHBlue10' 6-max Seat #4 is the button
Seat 1: 9484ae56 ($5 in chips)
Seat 2: 2a483dc ($5.56 in chips)
Seat 3: 192bad13 ($2.88 in chips)
Seat 4: d1b5fc42 ($5.14 in chips)
Seat 5: ab852a76 ($5.46 in chips)
Seat 6: Hero ($5 in chips)
ab852a76: posts small blind $0.02
Hero: posts big blind $0.05
*** HOLE CARDS ***
Dealt to 9484ae56 
Dealt to 2a483dc 
Dealt to 192bad13 
Dealt to d1b5fc42 
Dealt to ab852a76 
Dealt to Hero [7s Qc]
9484ae56: folds
2a483dc: folds
192bad13: folds
d1b5fc42: folds
ab852a76: raises $0.1 to $0.15
Hero: folds
Uncalled bet ($0.1) returned to ab852a76
*** SHOWDOWN ***
ab852a76 collected $0.1 from pot
*** SUMMARY ***
Total pot $0.1 | Rake $0 | Jackpot $0 | Bingo $0 | Fortune $0 | Tax $0
Seat 1: 9484ae56 folded before Flop (didn't bet)
Seat 2: 2a483dc folded before Flop (didn't bet)
Seat 3: 192bad13 folded before Flop (didn't bet)
Seat 4: d1b5fc42 (button) folded before Flop (didn't bet)
Seat 5: ab852a76 (small blind) collected ($0.1)
Seat 6: Hero (big blind) folded before Flop


Poker Hand #HD1740140967: Hold'em No Limit ($0.02/$0.05) - 2024/04/21 14:30:50
Table 'NLHBlue10' 6-max Seat #3 is the button
Seat 1: 9484ae56 ($5 in chips)
Seat 2: 2a483dc ($5.56 in chips)
Seat 3: 192bad13 ($2.93 in chips)
Seat 4: d1b5fc42 ($5.04 in chips)
Seat 5: ab852a76 ($5.51 in chips)
Seat 6: Hero ($5 in chips)
d1b5fc42: posts small blind $0.02
ab852a76: posts big blind $0.05
*** HOLE CARDS ***
Dealt to 9484ae56 
Dealt to 2a483dc 
Dealt to 192bad13 
Dealt to d1b5fc42 
Dealt to ab852a76 
Dealt to Hero [9h Ks]
Hero: folds
9484ae56: folds
2a483dc: folds
192bad13: calls $0.05
d1b5fc42: raises $0.15 to $0.2
ab852a76: folds
192bad13: folds
Uncalled bet ($0.15) returned to d1b5fc42
*** SHOWDOWN ***
d1b5fc42 collected $0.15 from pot
*** SUMMARY ***
Total pot $0.15 | Rake $0 | Jackpot $0 | Bingo $0 | Fortune $0 | Tax $0
Seat 1: 9484ae56 folded before Flop (didn't bet)
Seat 2: 2a483dc folded before Flop (didn't bet)
Seat 3: 192bad13 (button) folded before Flop
Seat 4: d1b5fc42 (small blind) collected ($0.15)
Seat 5: ab852a76 (big blind) folded before Flop
Seat 6: Hero folded before Flop (didn't bet)


Poker Hand #HD1740140908: Hold'em No Limit ($0.02/$0.05) - 2024/04/21 14:30:16
Table 'NLHBlue10' 6-max Seat #2 is the button
Seat 1: 9484ae56 ($5 in chips)
Seat 2: 2a483dc ($5.56 in chips)
Seat 3: 192bad13 ($2.88 in chips)
Seat 4: d1b5fc42 ($5.09 in chips)
Seat 5: ab852a76 ($5.51 in chips)
Seat 6: Hero ($5 in chips)
192bad13: posts small blind $0.02
d1b5fc42: posts big blind $0.05
*** HOLE CARDS ***
Dealt to 9484ae56 
Dealt to 2a483dc 
Dealt to 192bad13 
Dealt to d1b5fc42 
Dealt to ab852a76 
Dealt to Hero [4c Qh]
ab852a76: folds
Hero: folds
9484ae56: folds
2a483dc: folds
192bad13: raises $0.1 to $0.15
d1b5fc42: folds
Uncalled bet ($0.1) returned to 192bad13
*** SHOWDOWN ***
192bad13 collected $0.1 from pot
*** SUMMARY ***
Total pot $0.1 | Rake $0 | Jackpot $0 | Bingo $0 | Fortune $0 | Tax $0
Seat 1: 9484ae56 folded before Flop (didn't bet)
Seat 2: 2a483dc (button) folded before Flop (didn't bet)
Seat 3: 192bad13 (small blind) collected ($0.1)
Seat 4: d1b5fc42 (big blind) folded before Flop
Seat 5: ab852a76 folded before Flop (didn't bet)
Seat 6: Hero folded before Flop (didn't bet)


Poker Hand #HD1740140858: Hold'em No Limit ($0.02/$0.05) - 2024/04/21 14:29:48
Table 'NLHBlue10' 6-max Seat #1 is the button
Seat 1: 9484ae56 ($5 in chips)
Seat 2: 2a483dc ($5.58 in chips)
Seat 3: 192bad13 ($2.86 in chips)
Seat 4: d1b5fc42 ($5.09 in chips)
Seat 5: ab852a76 ($5.51 in chips)
Seat 6: Hero ($5 in chips)
2a483dc: posts small blind $0.02
192bad13: posts big blind $0.05
*** HOLE CARDS ***
Dealt to 9484ae56 
Dealt to 2a483dc 
Dealt to 192bad13 
Dealt to d1b5fc42 
Dealt to ab852a76 
Dealt to Hero [Kd 6d]
d1b5fc42: folds
ab852a76: folds
Hero: folds
9484ae56: folds
2a483dc: folds
Uncalled bet ($0.03) returned to 192bad13
*** SHOWDOWN ***
192bad13 collected $0.04 from pot
*** SUMMARY ***
Total pot $0.04 | Rake $0 | Jackpot $0 | Bingo $0 | Fortune $0 | Tax $0
Seat 1: 9484ae56 (button) folded before Flop (didn't bet)
Seat 2: 2a483dc (small blind) folded before Flop
Seat 3: 192bad13 (big blind) collected ($0.04)
Seat 4: d1b5fc42 folded before Flop (didn't bet)
Seat 5: ab852a76 folded before Flop (didn't bet)
Seat 6: Hero folded before Flop (didn't bet)


Poker Hand #HD1740140800: Hold'em No Limit ($0.02/$0.05) - 2024/04/21 14:29:14
Table 'NLHBlue10' 6-max Seat #6 is the button
Seat 1: 9484ae56 ($5 in chips)
Seat 2: 2a483dc ($5.63 in chips)
Seat 3: 192bad13 ($3.04 in chips)
Seat 4: d1b5fc42 ($5.09 in chips)
Seat 5: ab852a76 ($5.28 in chips)
Seat 6: Hero ($5 in chips)
9484ae56: posts small blind $0.02
2a483dc: posts big blind $0.05
*** HOLE CARDS ***
Dealt to 9484ae56 
Dealt to 2a483dc 
Dealt to 192bad13 
Dealt to d1b5fc42 
Dealt to ab852a76 
Dealt to Hero [Ad 7h]
192bad13: calls $0.05
d1b5fc42: folds
ab852a76: raises $0.13 to $0.18
Hero: folds
9484ae56: folds
2a483dc: folds
192bad13: calls $0.13
*** FLOP *** [8c Js 2h]
192bad13: checks
ab852a76: bets $0.16
192bad13: folds
Uncalled bet ($0.16) returned to ab852a76
*** SHOWDOWN ***
ab852a76 collected $0.41 from pot
*** SUMMARY ***
Total pot $0.43 | Rake $0.02 | Jackpot $0 | Bingo $0 | Fortune $0 | Tax $0
Board [8c Js 2h]
Seat 1: 9484ae56 (small blind) folded before Flop
Seat 2: 2a483dc (big blind) folded before Flop
Seat 3: 192bad13 folded on the Flop
Seat 4: d1b5fc42 folded before Flop (didn't bet)
Seat 5: ab852a76 won ($0.41)
Seat 6: Hero (button) folded before Flop (didn't bet)


Poker Hand #HD1740140769: Hold'em No Limit ($0.02/$0.05) - 2024/04/21 14:28:59
Table 'NLHBlue10' 6-max Seat #5 is the button
Seat 1: 9484ae56 ($5 in chips)
Seat 2: 2a483dc ($5.63 in chips)
Seat 3: 192bad13 ($2.97 in chips)
Seat 4: d1b5fc42 ($5.09 in chips)
Seat 5: ab852a76 ($5.28 in chips)
Seat 6: Hero ($5 in chips)
Hero: posts small blind $0.02
9484ae56: posts big blind $0.05
*** HOLE CARDS ***
Dealt to 9484ae56 
Dealt to 2a483dc 
Dealt to 192bad13 
Dealt to d1b5fc42 
Dealt to ab852a76 
Dealt to Hero [2d 9d]
2a483dc: folds
192bad13: raises $0.15 to $0.2
d1b5fc42: folds
ab852a76: folds
Hero: folds
9484ae56: folds
Uncalled bet ($0.15) returned to 192bad13
*** SHOWDOWN ***
192bad13 collected $0.12 from pot
*** SUMMARY ***
Total pot $0.12 | Rake $0 | Jackpot $0 | Bingo $0 | Fortune $0 | Tax $0
Seat 1: 9484ae56 (big blind) folded before Flop
Seat 2: 2a483dc folded before Flop (didn't bet)
Seat 3: 192bad13 collected ($0.12)
Seat 4: d1b5fc42 folded before Flop (didn't bet)
Seat 5: ab852a76 (button) folded before Flop (didn't bet)
Seat 6: Hero (small blind) folded before Flop


Poker Hand #HD1740140708: Hold'em No Limit ($0.02/$0.05) - 2024/04/21 14:28:18
Table 'NLHBlue10' 6-max Seat #4 is the button
Seat 2: 2a483dc ($5.63 in chips)
Seat 3: 192bad13 ($2.87 in chips)
Seat 4: d1b5fc42 ($5.09 in chips)
Seat 5: ab852a76 ($5.33 in chips)
Seat 6: Hero ($5 in chips)
ab852a76: posts small blind $0.02
Hero: posts big blind $0.05
192bad13: posts big blind $0.05
192bad13: posts missed blind $0.02
*** HOLE CARDS ***
Dealt to 2a483dc 
Dealt to 192bad13 
Dealt to d1b5fc42 
Dealt to ab852a76 
Dealt to Hero [9h 5d]
2a483dc: folds
192bad13: checks
d1b5fc42: folds
ab852a76: calls $0.03
Hero: checks
*** FLOP *** [4s Qd 8c]
ab852a76: checks
Hero: checks
192bad13: bets $0.17
ab852a76: folds
Hero: folds
Uncalled bet ($0.17) returned to 192bad13
*** SHOWDOWN ***
192bad13 collected $0.17 from pot
*** SUMMARY ***
Total pot $0.17 | Rake $0 | Jackpot $0 | Bingo $0 | Fortune $0 | Tax $0
Board [4s Qd 8c]
Seat 2: 2a483dc folded before Flop (didn't bet)
Seat 3: 192bad13 won ($0.17)
Seat 4: d1b5fc42 (button) folded before Flop (didn't bet)
Seat 5: ab852a76 (small blind) folded on the Flop
Seat 6: Hero (big blind) folded on the Flop


Poker Hand #HD1740140655: Hold'em No Limit ($0.02/$0.05) - 2024/04/21 14:27:44
Table 'NLHBlue10' 6-max Seat #2 is the button
Seat 2: 2a483dc ($5.56 in chips)
Seat 4: d1b5fc42 ($5.11 in chips)
Seat 5: ab852a76 ($5.38 in chips)
Seat 6: Hero ($5 in chips)
d1b5fc42: posts small blind $0.02
ab852a76: posts big blind $0.05
*** HOLE CARDS ***
Dealt to 2a483dc 
Dealt to d1b5fc42 
Dealt to ab852a76 
Dealt to Hero [4s Jh]
Hero: folds
2a483dc: raises $0.06 to $0.11
d1b5fc42: folds
ab852a76: folds
Uncalled bet ($0.06) returned to 2a483dc
*** SHOWDOWN ***
2a483dc collected $0.12 from pot
*** SUMMARY ***
Total pot $0.12 | Rake $0 | Jackpot $0 | Bingo $0 | Fortune $0 | Tax $0
Seat 2: 2a483dc (button) collected ($0.12)
Seat 4: d1b5fc42 (small blind) folded before Flop
Seat 5: ab852a76 (big blind) folded before Flop
Seat 6: Hero folded before Flop (didn't bet)


Poker Hand #HD1740140589: Hold'em No Limit ($0.02/$0.05) - 2024/04/21 14:27:01
Table 'NLHBlue10' 6-max Seat #6 is the button
Seat 2: 2a483dc ($5.58 in chips)
Seat 4: d1b5fc42 ($5 in chips)
Seat 5: ab852a76 ($5.48 in chips)
Seat 6: Hero ($5 in chips)
2a483dc: posts small blind $0.02
d1b5fc42: posts big blind $0.05
*** HOLE CARDS ***
Dealt to 2a483dc 
Dealt to d1b5fc42 
Dealt to ab852a76 
Dealt to Hero [6h 3d]
ab852a76: raises $0.05 to $0.1
Hero: folds
2a483dc: folds
d1b5fc42: calls $0.05
*** FLOP *** [7s Tc 9d]
d1b5fc42: checks
ab852a76: checks
*** TURN *** [7s Tc 9d] [Jc]
d1b5fc42: checks
ab852a76: checks
*** RIVER *** [7s Tc 9d Jc] [3s]
d1b5fc42: bets $0.17
ab852a76: folds
Uncalled bet ($0.17) returned to d1b5fc42
*** SHOWDOWN ***
d1b5fc42 collected $0.21 from pot
*** SUMMARY ***
Total pot $0.22 | Rake $0.01 | Jackpot $0 | Bingo $0 | Fortune $0 | Tax $0
Board [7s Tc 9d Jc 3s]
Seat 2: 2a483dc (small blind) folded before Flop
Seat 4: d1b5fc42 (big blind) won ($0.21)
Seat 5: ab852a76 folded on the River
Seat 6: Hero (button) folded before Flop (didn't bet)


Poker Hand #HD1740140550: Hold'em No Limit ($0.02/$0.05) - 2024/04/21 14:26:39
Table 'NLHBlue10' 6-max Seat #5 is the button
Seat 2: 2a483dc ($5.63 in chips)
Seat 3: 192bad13 ($2.87 in chips)
Seat 5: ab852a76 ($5.41 in chips)
Seat 6: Hero ($5 in chips)
Hero: posts small blind $0.02
2a483dc: posts big blind $0.05
*** HOLE CARDS ***
Dealt to 2a483dc 
Dealt to 192bad13 
Dealt to ab852a76 
Dealt to Hero [3c 7h]
192bad13: folds
ab852a76: raises $0.08 to $0.13
Hero: folds
2a483dc: folds
Uncalled bet ($0.08) returned to ab852a76
*** SHOWDOWN ***
ab852a76 collected $0.12 from pot
*** SUMMARY ***
Total pot $0.12 | Rake $0 | Jackpot $0 | Bingo $0 | Fortune $0 | Tax $0
Seat 2: 2a483dc (big blind) folded before Flop
Seat 3: 192bad13 folded before Flop (didn't bet)
Seat 5: ab852a76 (button) collected ($0.12)
Seat 6: Hero (small blind) folded before Flop


Poker Hand #HD1740140475: Hold'em No Limit ($0.02/$0.05) - 2024/04/21 14:25:45
Table 'NLHBlue10' 6-max Seat #3 is the button
Seat 2: 2a483dc ($5.63 in chips)
Seat 3: 192bad13 ($3.23 in chips)
Seat 5: ab852a76 ($5.03 in chips)
Seat 6: Hero ($5 in chips)
ab852a76: posts small blind $0.02
Hero: posts big blind $0.05
*** HOLE CARDS ***
Dealt to 2a483dc 
Dealt to 192bad13 
Dealt to ab852a76 
Dealt to Hero [Td 3d]
2a483dc: folds
192bad13: calls $0.05
ab852a76: raises $0.15 to $0.2
Hero: folds
192bad13: calls $0.15
*** FLOP *** [Ad 9d 4h]
ab852a76: bets $0.16
192bad13: calls $0.16
*** TURN *** [Ad 9d 4h] [8s]
ab852a76: checks
192bad13: checks
*** RIVER *** [Ad 9d 4h 8s] [6d]
ab852a76: checks
192bad13: checks
ab852a76: shows [Ks Qh] (Ace-High)
192bad13: shows [7c Kd] (Ace-High)
*** SHOWDOWN ***
ab852a76 collected $0.74 from pot
*** SUMMARY ***
Total pot $0.77 | Rake $0.03 | Jackpot $0 | Bingo $0 | Fortune $0 | Tax $0
Board [Ad 9d 4h 8s 6d]
Seat 2: 2a483dc folded before Flop (didn't bet)
Seat 3: 192bad13 (button) showed [7c Kd] and lost with Ace-High
Seat 5: ab852a76 (small blind) showed [Ks Qh] and won ($0.74) with Ace-High
Seat 6: Hero (big blind) folded before Flop


Poker Hand #HD1740140410: Hold'em No Limit ($0.02/$0.05) - 2024/04/21 14:25:04
Table 'NLHBlue10' 6-max Seat #2 is the button
Seat 2: 2a483dc ($5.63 in chips)
Seat 3: 192bad13 ($3 in chips)
Seat 4: 24467102 ($5.1 in chips)
Seat 5: ab852a76 ($5.03 in chips)
Seat 6: Hero ($5 in chips)
192bad13: posts small blind $0.02
24467102: posts big blind $0.05
*** HOLE CARDS ***
Dealt to 2a483dc 
Dealt to 192bad13 
Dealt to 24467102 
Dealt to ab852a76 
Dealt to Hero [3c Td]
ab852a76: folds
Hero: folds
2a483dc: folds
192bad13: raises $0.1 to $0.15
24467102: calls $0.1
*** FLOP *** [Kd 8h Ks]
192bad13: bets $0.1
24467102: calls $0.1
*** TURN *** [Kd 8h Ks] [Jd]
192bad13: bets $0.17
24467102: folds
Uncalled bet ($0.17) returned to 192bad13
192bad13: shows [5c] (Pair of Kings)
*** SHOWDOWN ***
192bad13 collected $0.48 from pot
*** SUMMARY ***
Total pot $0.5 | Rake $0.02 | Jackpot $0 | Bingo $0 | Fortune $0 | Tax $0
Board [Kd 8h Ks Jd]
Seat 2: 2a483dc (button) folded before Flop (didn't bet)
Seat 3: 192bad13 (small blind) showed [5c] and won ($0.48)
Seat 4: 24467102 (big blind) folded on the Turn
Seat 5: ab852a76 folded before Flop (didn't bet)
Seat 6: Hero folded before Flop (didn't bet)


Poker Hand #HD1740140333: Hold'em No Limit ($0.02/$0.05) - 2024/04/21 14:24:16
Table 'NLHBlue10' 6-max Seat #6 is the button
Seat 2: 2a483dc ($5.93 in chips)
Seat 3: 192bad13 ($2.73 in chips)
Seat 5: ab852a76 ($5.03 in chips)
Seat 6: Hero ($5 in chips)
2a483dc: posts small blind $0.02
192bad13: posts big blind $0.05
*** HOLE CARDS ***
Dealt to 2a483dc 
Dealt to 192bad13 
Dealt to ab852a76 
Dealt to Hero [9c 7c]
ab852a76: folds
Hero: folds
2a483dc: raises $0.1 to $0.15
192bad13: calls $0.1
*** FLOP *** [4h 2s 8c]
2a483dc: checks
192bad13: bets $0.15
2a483dc: calls $0.15
*** TURN *** [4h 2s 8c] [5s]
2a483dc: checks
192bad13: bets $0.3
2a483dc: folds
Uncalled bet ($0.3) returned to 192bad13
192bad13: shows [Ad] (Ace-High)
*** SHOWDOWN ***
192bad13 collected $0.57 from pot
*** SUMMARY ***
Total pot $0.6 | Rake $0.03 | Jackpot $0 | Bingo $0 | Fortune $0 | Tax $0
Board [4h 2s 8c 5s]
Seat 2: 2a483dc (small blind) folded on the Turn
Seat 3: 192bad13 (big blind) showed [Ad] and won ($0.57)
Seat 5: ab852a76 folded before Flop (didn't bet)
Seat 6: Hero (button) folded before Flop (didn't bet)


Poker Hand #HD1740140256: Hold'em No Limit ($0.02/$0.05) - 2024/04/21 14:23:22
Table 'NLHBlue10' 6-max Seat #5 is the button
Seat 2: 2a483dc ($5.98 in chips)
Seat 3: 192bad13 ($1.95 in chips)
Seat 5: ab852a76 ($5.03 in chips)
Seat 6: Hero ($5.44 in chips)
Hero: posts small blind $0.02
2a483dc: posts big blind $0.05
*** HOLE CARDS ***
Dealt to 2a483dc 
Dealt to 192bad13 
Dealt to ab852a76 
Dealt to Hero [Ad Kh]
192bad13: raises $0.41 to $0.46
ab852a76: folds
Hero: raises $4.98 to $5.44 and is all-in
2a483dc: folds
192bad13: calls $1.49 and is all-in
Uncalled bet ($3.49) returned to Hero
Hero: shows [Ad Kh]
192bad13: shows [7h 7d]
*** FLOP *** [Js 3c 6s]
192bad13: Chooses to EV Cashout 
*** TURN *** [Js 3c 6s] [3h]
*** RIVER *** [Js 3c 6s 3h] [4d]
192bad13: Pays Cashout Risk ($0.98)
*** SHOWDOWN ***
192bad13 collected $3.71 from pot
*** SUMMARY ***
Total pot $3.95 | Rake $0.19 | Jackpot $0.05 | Bingo $0 | Fortune $0 | Tax $0
Board [Js 3c 6s 3h 4d]
Seat 2: 2a483dc (big blind) folded before Flop
Seat 3: 192bad13 showed [7h 7d] and won ($3.71) with Pair of Sevens and Pair of Treys, Cashout Risk ($0.98)
Seat 5: ab852a76 (button) folded before Flop (didn't bet)
Seat 6: Hero (small blind) showed [Ad Kh] and lost with Pair of Treys


Poker Hand #HD1740140239: Hold'em No Limit ($0.02/$0.05) - 2024/04/21 14:23:10
Table 'NLHBlue10' 6-max Seat #3 is the button
Seat 2: 2a483dc ($5.91 in chips)
Seat 3: 192bad13 ($1.95 in chips)
Seat 5: ab852a76 ($5.05 in chips)
Seat 6: Hero ($5.49 in chips)
ab852a76: posts small blind $0.02
Hero: posts big blind $0.05
*** HOLE CARDS ***
Dealt to 2a483dc 
Dealt to 192bad13 
Dealt to ab852a76 
Dealt to Hero [Qs 6d]
2a483dc: raises $0.06 to $0.11
192bad13: folds
ab852a76: folds
Hero: folds
Uncalled bet ($0.06) returned to 2a483dc
*** SHOWDOWN ***
2a483dc collected $0.12 from pot
*** SUMMARY ***
Total pot $0.12 | Rake $0 | Jackpot $0 | Bingo $0 | Fortune $0 | Tax $0
Seat 2: 2a483dc collected ($0.12)
Seat 3: 192bad13 (button) folded before Flop (didn't bet)
Seat 5: ab852a76 (small blind) folded before Flop
Seat 6: Hero (big blind) folded before Flop


Poker Hand #HD1740139632: Hold'em No Limit ($0.02/$0.05) - 2024/04/21 14:16:48
Table 'NLHBlue10' 6-max Seat #3 is the button
Seat 2: 2a483dc ($5.82 in chips)
Seat 3: 192bad13 ($1.85 in chips)
Seat 4: 24467102 ($5.12 in chips)
Seat 5: 8870eae6 ($13.08 in chips)
Seat 6: Hero ($5.49 in chips)
24467102: posts small blind $0.02
8870eae6: posts big blind $0.05
*** HOLE CARDS ***
Dealt to 2a483dc 
Dealt to 192bad13 
Dealt to 24467102 
Dealt to 8870eae6 
Dealt to Hero [5s Ts]
Hero: folds
2a483dc: folds
192bad13: calls $0.05
24467102: folds
8870eae6: checks
*** FLOP *** [4s 5c Kd]
8870eae6: checks
192bad13: checks
*** TURN *** [4s 5c Kd] [9s]
8870eae6: checks
192bad13: checks
*** RIVER *** [4s 5c Kd 9s] [9h]
8870eae6: checks
192bad13: bets $0.06
8870eae6: folds
Uncalled bet ($0.06) returned to 192bad13
*** SHOWDOWN ***
192bad13 collected $0.12 from pot
*** SUMMARY ***
Total pot $0.12 | Rake $0 | Jackpot $0 | Bingo $0 | Fortune $0 | Tax $0
Board [4s 5c Kd 9s 9h]
Seat 2: 2a483dc folded before Flop (didn't bet)
Seat 3: 192bad13 (button) won ($0.12)
Seat 4: 24467102 (small blind) folded before Flop
Seat 5: 8870eae6 (big blind) folded on the River
Seat 6: Hero folded before Flop (didn't bet)


Poker Hand #HD1740139575: Hold'em No Limit ($0.02/$0.05) - 2024/04/21 14:16:08
Table 'NLHBlue10' 6-max Seat #2 is the button
Seat 2: 2a483dc ($5.82 in chips)
Seat 3: 192bad13 ($1.82 in chips)
Seat 4: 24467102 ($5.17 in chips)
Seat 5: 8870eae6 ($13.08 in chips)
Seat 6: Hero ($5.47 in chips)
192bad13: posts small blind $0.02
24467102: posts big blind $0.05
*** HOLE CARDS ***
Dealt to 2a483dc 
Dealt to 192bad13 
Dealt to 24467102 
Dealt to 8870eae6 
Dealt to Hero [Ah Jd]
8870eae6: folds
Hero: raises $0.05 to $0.1
2a483dc: folds
192bad13: calls $0.08
24467102: folds
*** FLOP *** [5c Ks 5h]
192bad13: checks
Hero: checks
*** TURN *** [5c Ks 5h] [Kc]
192bad13: checks
Hero: checks
*** RIVER *** [5c Ks 5h Kc] [5s]
192bad13: checks
Hero: checks
192bad13: shows [4c As] (Fives Full over Kings)
Hero: shows [Ah Jd] (Fives Full over Kings)
*** SHOWDOWN ***
192bad13 collected $0.13 from pot
Hero collected $0.12 from pot
*** SUMMARY ***
Total pot $0.25 | Rake $0 | Jackpot $0 | Bingo $0 | Fortune $0 | Tax $0
Board [5c Ks 5h Kc 5s]
Seat 2: 2a483dc (button) folded before Flop (didn't bet)
Seat 3: 192bad13 (small blind) showed [4c As] and won ($0.13) with Fives Full over Kings
Seat 4: 24467102 (big blind) folded before Flop
Seat 5: 8870eae6 folded before Flop (didn't bet)
Seat 6: Hero showed [Ah Jd] and won ($0.12) with Fives Full over Kings


Poker Hand #HD1740139500: Hold'em No Limit ($0.02/$0.05) - 2024/04/21 14:15:15
Table 'NLHBlue10' 6-max Seat #6 is the button
Seat 2: 2a483dc ($5.84 in chips)
Seat 3: 192bad13 ($1.36 in chips)
Seat 4: 24467102 ($5.17 in chips)
Seat 5: 8870eae6 ($13.57 in chips)
Seat 6: Hero ($5.47 in chips)
2a483dc: posts small blind $0.02
192bad13: posts big blind $0.05
*** HOLE CARDS ***
Dealt to 2a483dc 
Dealt to 192bad13 
Dealt to 24467102 
Dealt to 8870eae6 
Dealt to Hero [Td 3s]
24467102: folds
8870eae6: raises $0.08 to $0.13
Hero: folds
2a483dc: folds
192bad13: calls $0.08
*** FLOP *** [5s 9s 4h]
192bad13: checks
8870eae6: bets $0.08
192bad13: calls $0.08
*** TURN *** [5s 9s 4h] [Qc]
192bad13: checks
8870eae6: bets $0.28
192bad13: calls $0.28
*** RIVER *** [5s 9s 4h Qc] [8s]
192bad13: checks
8870eae6: checks
192bad13: shows [4d 6c] (Pair of Fours)
8870eae6: shows [Ac 7s] (Ace-High)
*** SHOWDOWN ***
192bad13 collected $0.95 from pot
*** SUMMARY ***
Total pot $1 | Rake $0.05 | Jackpot $0 | Bingo $0 | Fortune $0 | Tax $0
Board [5s 9s 4h Qc 8s]
Seat 2: 2a483dc (small blind) folded before Flop
Seat 3: 192bad13 (big blind) showed [4d 6c] and won ($0.95) with Pair of Fours
Seat 4: 24467102 folded before Flop (didn't bet)
Seat 5: 8870eae6 showed [Ac 7s] and lost with Ace-High
Seat 6: Hero (button) folded before Flop (didn't bet)


Poker Hand #HD1740139482: Hold'em No Limit ($0.02/$0.05) - 2024/04/21 14:15:03
Table 'NLHBlue10' 6-max Seat #5 is the button
Seat 2: 2a483dc ($5.82 in chips)
Seat 3: 192bad13 ($1.36 in chips)
Seat 4: 24467102 ($5.17 in chips)
Seat 5: 8870eae6 ($13.57 in chips)
Seat 6: Hero ($5.49 in chips)
Hero: posts small blind $0.02
2a483dc: posts big blind $0.05
*** HOLE CARDS ***
Dealt to 2a483dc 
Dealt to 192bad13 
Dealt to 24467102 
Dealt to 8870eae6 
Dealt to Hero [4c 2d]
192bad13: folds
24467102: folds
8870eae6: folds
Hero: folds
Uncalled bet ($0.03) returned to 2a483dc
*** SHOWDOWN ***
2a483dc collected $0.04 from pot
*** SUMMARY ***
Total pot $0.04 | Rake $0 | Jackpot $0 | Bingo $0 | Fortune $0 | Tax $0
Seat 2: 2a483dc (big blind) collected ($0.04)
Seat 3: 192bad13 folded before Flop (didn't bet)
Seat 4: 24467102 folded before Flop (didn't bet)
Seat 5: 8870eae6 (button) folded before Flop (didn't bet)
Seat 6: Hero (small blind) folded before Flop


Poker Hand #HD1740139368: Hold'em No Limit ($0.02/$0.05) - 2024/04/21 14:13:49
Table 'NLHBlue10' 6-max Seat #4 is the button
Seat 2: 2a483dc ($6.07 in chips)
Seat 3: 192bad13 ($1.36 in chips)
Seat 4: 24467102 ($5.17 in chips)
Seat 5: 8870eae6 ($13.29 in chips)
Seat 6: Hero ($5.54 in chips)
8870eae6: posts small blind $0.02
Hero: posts big blind $0.05
*** HOLE CARDS ***
Dealt to 2a483dc 
Dealt to 192bad13 
Dealt to 24467102 
Dealt to 8870eae6 
Dealt to Hero [Ts 2d]
2a483dc: raises $0.06 to $0.11
192bad13: folds
24467102: folds
8870eae6: calls $0.09
Hero: folds
*** FLOP *** [4c Jh 6c]
8870eae6: checks
2a483dc: checks
*** TURN *** [4c Jh 6c] [Ks]
8870eae6: checks
2a483dc: bets $0.14
8870eae6: raises $0.15 to $0.29
2a483dc: folds
Uncalled bet ($0.15) returned to 8870eae6
*** SHOWDOWN ***
8870eae6 collected $0.53 from pot
*** SUMMARY ***
Total pot $0.55 | Rake $0.02 | Jackpot $0 | Bingo $0 | Fortune $0 | Tax $0
Board [4c Jh 6c Ks]
Seat 2: 2a483dc folded on the Turn
Seat 3: 192bad13 folded before Flop (didn't bet)
Seat 4: 24467102 (button) folded before Flop (didn't bet)
Seat 5: 8870eae6 (small blind) won ($0.53)
Seat 6: Hero (big blind) folded before Flop


Poker Hand #HD1740139329: Hold'em No Limit ($0.02/$0.05) - 2024/04/21 14:13:23
Table 'NLHBlue10' 6-max Seat #3 is the button
Seat 2: 2a483dc ($6.07 in chips)
Seat 3: 192bad13 ($1.29 in chips)
Seat 4: 24467102 ($5.19 in chips)
Seat 5: 8870eae6 ($13.34 in chips)
Seat 6: Hero ($5.54 in chips)
24467102: posts small blind $0.02
8870eae6: posts big blind $0.05
*** HOLE CARDS ***
Dealt to 2a483dc 
Dealt to 192bad13 
Dealt to 24467102 
Dealt to 8870eae6 
Dealt to Hero [3h 9h]
Hero: folds
2a483dc: folds
192bad13: raises $0.1 to $0.15
24467102: folds
8870eae6: folds
Uncalled bet ($0.1) returned to 192bad13
*** SHOWDOWN ***
192bad13 collected $0.12 from pot
*** SUMMARY ***
Total pot $0.12 | Rake $0 | Jackpot $0 | Bingo $0 | Fortune $0 | Tax $0
Seat 2: 2a483dc folded before Flop (didn't bet)
Seat 3: 192bad13 (button) collected ($0.12)
Seat 4: 24467102 (small blind) folded before Flop
Seat 5: 8870eae6 (big blind) folded before Flop
Seat 6: Hero folded before Flop (didn't bet)


Poker Hand #HD1740139279: Hold'em No Limit ($0.02/$0.05) - 2024/04/21 14:12:52
Table 'NLHBlue10' 6-max Seat #2 is the button
Seat 2: 2a483dc ($6.07 in chips)
Seat 3: 192bad13 ($1.42 in chips)
Seat 4: 24467102 ($5.07 in chips)
Seat 5: 8870eae6 ($13.34 in chips)
Seat 6: Hero ($5.54 in chips)
192bad13: posts small blind $0.02
24467102: posts big blind $0.05
*** HOLE CARDS ***
Dealt to 2a483dc 
Dealt to 192bad13 
Dealt to 24467102 
Dealt to 8870eae6 
Dealt to Hero [7c Qd]
8870eae6: folds
Hero: folds
2a483dc: folds
192bad13: calls $0.03
24467102: raises $0.08 to $0.13
192bad13: calls $0.08
*** FLOP *** [Kc 2d Qh]
192bad13: checks
24467102: bets $0.09
192bad13: folds
Uncalled bet ($0.09) returned to 24467102
*** SHOWDOWN ***
24467102 collected $0.25 from pot
*** SUMMARY ***
Total pot $0.26 | Rake $0.01 | Jackpot $0 | Bingo $0 | Fortune $0 | Tax $0
Board [Kc 2d Qh]
Seat 2: 2a483dc (button) folded before Flop (didn't bet)
Seat 3: 192bad13 (small blind) folded on the Flop
Seat 4: 24467102 (big blind) won ($0.25)
Seat 5: 8870eae6 folded before Flop (didn't bet)
Seat 6: Hero folded before Flop (didn't bet)


Poker Hand #HD1740139215: Hold'em No Limit ($0.02/$0.05) - 2024/04/21 14:12:13
Table 'NLHBlue10' 6-max Seat #1 is the button
Seat 1: a2dd8f84 ($1.54 in chips)
Seat 2: 2a483dc ($6.09 in chips)
Seat 3: 192bad13 ($1.47 in chips)
Seat 5: 8870eae6 ($11.93 in chips)
Seat 6: Hero ($5.54 in chips)
2a483dc: posts small blind $0.02
192bad13: posts big blind $0.05
*** HOLE CARDS ***
Dealt to a2dd8f84 
Dealt to 2a483dc 
Dealt to 192bad13 
Dealt to 8870eae6 
Dealt to Hero [3d 2d]
8870eae6: raises $0.08 to $0.13
Hero: folds
a2dd8f84: raises $0.17 to $0.3
2a483dc: folds
192bad13: folds
8870eae6: raises $11.63 to $11.93 and is all-in
a2dd8f84: calls $1.24 and is all-in
Uncalled bet ($10.39) returned to 8870eae6
8870eae6: shows [Ac Qs]
a2dd8f84: shows [2h Ah]
*** FLOP *** [Ts 2s Qd]
*** TURN *** [Ts 2s Qd] [4d]
*** RIVER *** [Ts 2s Qd 4d] [Tc]
*** SHOWDOWN ***
8870eae6 collected $2.95 from pot
*** SUMMARY ***
Total pot $3.15 | Rake $0.15 | Jackpot $0.05 | Bingo $0 | Fortune $0 | Tax $0
Board [Ts 2s Qd 4d Tc]
Seat 1: a2dd8f84 (button) showed [2h Ah] and lost with Pair of Tens and Pair of Twos
Seat 2: 2a483dc (small blind) folded before Flop
Seat 3: 192bad13 (big blind) folded before Flop
Seat 5: 8870eae6 showed [Ac Qs] and won ($2.95) with Pair of Queens and Pair of Tens
Seat 6: Hero folded before Flop (didn't bet)


Poker Hand #HD1740139168: Hold'em No Limit ($0.02/$0.05) - 2024/04/21 14:11:42
Table 'NLHBlue10' 6-max Seat #6 is the button
Seat 1: a2dd8f84 ($1.69 in chips)
Seat 2: 2a483dc ($6.14 in chips)
Seat 3: 192bad13 ($1.47 in chips)
Seat 5: 8870eae6 ($11.74 in chips)
Seat 6: Hero ($5.54 in chips)
a2dd8f84: posts small blind $0.02
2a483dc: posts big blind $0.05
*** HOLE CARDS ***
Dealt to a2dd8f84 
Dealt to 2a483dc 
Dealt to 192bad13 
Dealt to 8870eae6 
Dealt to Hero [5c Jc]
192bad13: folds
8870eae6: raises $0.1 to $0.15
Hero: folds
a2dd8f84: calls $0.13
2a483dc: folds
*** FLOP *** [Kh 5s Qs]
a2dd8f84: checks
8870eae6: bets $0.12
a2dd8f84: folds
Uncalled bet ($0.12) returned to 8870eae6
*** SHOWDOWN ***
8870eae6 collected $0.34 from pot
*** SUMMARY ***
Total pot $0.35 | Rake $0.01 | Jackpot $0 | Bingo $0 | Fortune $0 | Tax $0
Board [Kh 5s Qs]
Seat 1: a2dd8f84 (small blind) folded on the Flop
Seat 2: 2a483dc (big blind) folded before Flop
Seat 3: 192bad13 folded before Flop (didn't bet)
Seat 5: 8870eae6 won ($0.34)
Seat 6: Hero (button) folded before Flop (didn't bet)


Poker Hand #HD1740139154: Hold'em No Limit ($0.02/$0.05) - 2024/04/21 14:11:33
Table 'NLHBlue10' 6-max Seat #5 is the button
Seat 1: a2dd8f84 ($1.74 in chips)
Seat 2: 2a483dc ($6.07 in chips)
Seat 3: 192bad13 ($1.47 in chips)
Seat 5: 8870eae6 ($11.74 in chips)
Seat 6: Hero ($5.56 in chips)
Hero: posts small blind $0.02
a2dd8f84: posts big blind $0.05
*** HOLE CARDS ***
Dealt to a2dd8f84 
Dealt to 2a483dc 
Dealt to 192bad13 
Dealt to 8870eae6 
Dealt to Hero [9h 8d]
2a483dc: raises $0.06 to $0.11
192bad13: folds
8870eae6: folds
Hero: folds
a2dd8f84: folds
Uncalled bet ($0.06) returned to 2a483dc
*** SHOWDOWN ***
2a483dc collected $0.12 from pot
*** SUMMARY ***
Total pot $0.12 | Rake $0 | Jackpot $0 | Bingo $0 | Fortune $0 | Tax $0
Seat 1: a2dd8f84 (big blind) folded before Flop
Seat 2: 2a483dc collected ($0.12)
Seat 3: 192bad13 folded before Flop (didn't bet)
Seat 5: 8870eae6 (button) folded before Flop (didn't bet)
Seat 6: Hero (small blind) folded before Flop


Poker Hand #HD1740139110: Hold'em No Limit ($0.02/$0.05) - 2024/04/21 14:11:06
Table 'NLHBlue10' 6-max Seat #3 is the button
Seat 1: 9b5943e2 ($5 in chips)
Seat 2: 2a483dc ($6.07 in chips)
Seat 3: 192bad13 ($1.4 in chips)
Seat 5: 8870eae6 ($11.76 in chips)
Seat 6: Hero ($5.61 in chips)
8870eae6: posts small blind $0.02
Hero: posts big blind $0.05
*** HOLE CARDS ***
Dealt to 9b5943e2 
Dealt to 2a483dc 
Dealt to 192bad13 
Dealt to 8870eae6 
Dealt to Hero [5c Ah]
9b5943e2: folds
2a483dc: folds
192bad13: calls $0.05
8870eae6: folds
Hero: checks
*** FLOP *** [Jc 8d Qs]
Hero: checks
192bad13: checks
*** TURN *** [Jc 8d Qs] [9d]
Hero: checks
192bad13: bets $0.09
Hero: folds
Uncalled bet ($0.09) returned to 192bad13
*** SHOWDOWN ***
192bad13 collected $0.12 from pot
*** SUMMARY ***
Total pot $0.12 | Rake $0 | Jackpot $0 | Bingo $0 | Fortune $0 | Tax $0
Board [Jc 8d Qs 9d]
Seat 1: 9b5943e2 folded before Flop (didn't bet)
Seat 2: 2a483dc folded before Flop (didn't bet)
Seat 3: 192bad13 (button) won ($0.12)
Seat 5: 8870eae6 (small blind) folded before Flop
Seat 6: Hero (big blind) folded on the Turn


Poker Hand #HD1740139006: Hold'em No Limit ($0.02/$0.05) - 2024/04/21 14:09:58
Table 'NLHBlue10' 6-max Seat #2 is the button
Seat 1: 9b5943e2 ($5.05 in chips)
Seat 2: 2a483dc ($6.07 in chips)
Seat 3: 192bad13 ($1.5 in chips)
Seat 5: 8870eae6 ($7.16 in chips)
Seat 6: Hero ($5.61 in chips)
192bad13: posts small blind $0.02
8870eae6: posts big blind $0.05
*** HOLE CARDS ***
Dealt to 9b5943e2 
Dealt to 2a483dc 
Dealt to 192bad13 
Dealt to 8870eae6 
Dealt to Hero [Qc 7d]
Hero: folds
9b5943e2: raises $0.05 to $0.1
2a483dc: folds
192bad13: calls $0.08
8870eae6: calls $0.05
*** FLOP *** [3d 7s 8s]
192bad13: checks
8870eae6: checks
9b5943e2: bets $0.3
192bad13: folds
8870eae6: calls $0.3
*** TURN *** [3d 7s 8s] [6h]
8870eae6: checks
9b5943e2: bets $1.15
8870eae6: raises $5.61 to $6.76 and is all-in
9b5943e2: calls $3.5 and is all-in
Uncalled bet ($2.11) returned to 8870eae6
8870eae6: shows [5s 9s] (Nines-High Straight)
9b5943e2: shows [Ts Td] (Pair of Tens)
*** RIVER *** [3d 7s 8s 6h] [2s]
*** SHOWDOWN ***
8870eae6 collected $9.65 from pot
*** SUMMARY ***
Total pot $10.2 | Rake $0.5 | Jackpot $0.05 | Bingo $0 | Fortune $0 | Tax $0
Board [3d 7s 8s 6h 2s]
Seat 1: 9b5943e2 showed [Ts Td] and lost with Pair of Tens
Seat 2: 2a483dc (button) folded before Flop (didn't bet)
Seat 3: 192bad13 (small blind) folded on the Flop
Seat 5: 8870eae6 (big blind) showed [5s 9s] and won ($9.65) with Nine High Flush
Seat 6: Hero folded before Flop (didn't bet)


Poker Hand #HD1740138953: Hold'em No Limit ($0.02/$0.05) - 2024/04/21 14:09:23
Table 'NLHBlue10' 6-max Seat #1 is the button
Seat 1: 9b5943e2 ($5.05 in chips)
Seat 2: 2a483dc ($6.09 in chips)
Seat 3: 192bad13 ($1.55 in chips)
Seat 5: 8870eae6 ($7.09 in chips)
Seat 6: Hero ($5.61 in chips)
2a483dc: posts small blind $0.02
192bad13: posts big blind $0.05
*** HOLE CARDS ***
Dealt to 9b5943e2 
Dealt to 2a483dc 
Dealt to 192bad13 
Dealt to 8870eae6 
Dealt to Hero [8d Jh]
8870eae6: calls $0.05
Hero: folds
9b5943e2: folds
2a483dc: folds
192bad13: checks
*** FLOP *** [Kd Jd As]
192bad13: checks
8870eae6: bets $0.12
192bad13: folds
Uncalled bet ($0.12) returned to 8870eae6
*** SHOWDOWN ***
8870eae6 collected $0.12 from pot
*** SUMMARY ***
Total pot $0.12 | Rake $0 | Jackpot $0 | Bingo $0 | Fortune $0 | Tax $0
Board [Kd Jd As]
Seat 1: 9b5943e2 (button) folded before Flop (didn't bet)
Seat 2: 2a483dc (small blind) folded before Flop
Seat 3: 192bad13 (big blind) folded on the Flop
Seat 5: 8870eae6 won ($0.12)
Seat 6: Hero folded before Flop (didn't bet)


Poker Hand #HD1740138924: Hold'em No Limit ($0.02/$0.05) - 2024/04/21 14:09:02
Table 'NLHBlue10' 6-max Seat #6 is the button
Seat 1: 9b5943e2 ($5.07 in chips)
Seat 2: 2a483dc ($6.07 in chips)
Seat 3: 192bad13 ($1.55 in chips)
Seat 5: 8870eae6 ($7.09 in chips)
Seat 6: Hero ($5.61 in chips)
9b5943e2: posts small blind $0.02
2a483dc: posts big blind $0.05
*** HOLE CARDS ***
Dealt to 9b5943e2 
Dealt to 2a483dc 
Dealt to 192bad13 
Dealt to 8870eae6 
Dealt to Hero [4s 5h]
192bad13: folds
8870eae6: folds
Hero: folds
9b5943e2: folds
Uncalled bet ($0.03) returned to 2a483dc
*** SHOWDOWN ***
2a483dc collected $0.04 from pot
*** SUMMARY ***
Total pot $0.04 | Rake $0 | Jackpot $0 | Bingo $0 | Fortune $0 | Tax $0
Seat 1: 9b5943e2 (small blind) folded before Flop
Seat 2: 2a483dc (big blind) collected ($0.04)
Seat 3: 192bad13 folded before Flop (didn't bet)
Seat 5: 8870eae6 folded before Flop (didn't bet)
Seat 6: Hero (button) folded before Flop (didn't bet)


Poker Hand #HD1740138912: Hold'em No Limit ($0.02/$0.05) - 2024/04/21 14:08:55
Table 'NLHBlue10' 6-max Seat #5 is the button
Seat 1: 9b5943e2 ($5.05 in chips)
Seat 2: 2a483dc ($6.07 in chips)
Seat 3: 192bad13 ($1.55 in chips)
Seat 5: 8870eae6 ($7.09 in chips)
Seat 6: Hero ($5.63 in chips)
Hero: posts small blind $0.02
9b5943e2: posts big blind $0.05
*** HOLE CARDS ***
Dealt to 9b5943e2 
Dealt to 2a483dc 
Dealt to 192bad13 
Dealt to 8870eae6 
Dealt to Hero [4c Kc]
2a483dc: folds
192bad13: folds
8870eae6: folds
Hero: folds
Uncalled bet ($0.03) returned to 9b5943e2
*** SHOWDOWN ***
9b5943e2 collected $0.04 from pot
*** SUMMARY ***
Total pot $0.04 | Rake $0 | Jackpot $0 | Bingo $0 | Fortune $0 | Tax $0
Seat 1: 9b5943e2 (big blind) collected ($0.04)
Seat 2: 2a483dc folded before Flop (didn't bet)
Seat 3: 192bad13 folded before Flop (didn't bet)
Seat 5: 8870eae6 (button) folded before Flop (didn't bet)
Seat 6: Hero (small blind) folded before Flop


Poker Hand #HD1740138884: Hold'em No Limit ($0.02/$0.05) - 2024/04/21 14:08:35
Table 'NLHBlue10' 6-max Seat #3 is the button
Seat 1: 9b5943e2 ($5.05 in chips)
Seat 2: 2a483dc ($6.07 in chips)
Seat 3: 192bad13 ($1.55 in chips)
Seat 5: 8870eae6 ($7.04 in chips)
Seat 6: Hero ($5.68 in chips)
8870eae6: posts small blind $0.02
Hero: posts big blind $0.05
*** HOLE CARDS ***
Dealt to 9b5943e2 
Dealt to 2a483dc 
Dealt to 192bad13 
Dealt to 8870eae6 
Dealt to Hero [5d Kd]
9b5943e2: folds
2a483dc: folds
192bad13: folds
8870eae6: raises $0.1 to $0.15
Hero: folds
Uncalled bet ($0.1) returned to 8870eae6
*** SHOWDOWN ***
8870eae6 collected $0.1 from pot
*** SUMMARY ***
Total pot $0.1 | Rake $0 | Jackpot $0 | Bingo $0 | Fortune $0 | Tax $0
Seat 1: 9b5943e2 folded before Flop (didn't bet)
Seat 2: 2a483dc folded before Flop (didn't bet)
Seat 3: 192bad13 (button) folded before Flop (didn't bet)
Seat 5: 8870eae6 (small blind) collected ($0.1)
Seat 6: Hero (big blind) folded before Flop


Poker Hand #HD1740138862: Hold'em No Limit ($0.02/$0.05) - 2024/04/21 14:08:26
Table 'NLHBlue10' 6-max Seat #2 is the button
Seat 1: 9b5943e2 ($5.05 in chips)
Seat 2: 2a483dc ($6.07 in chips)
Seat 3: 192bad13 ($1.57 in chips)
Seat 5: 8870eae6 ($7.02 in chips)
Seat 6: Hero ($5.68 in chips)
192bad13: posts small blind $0.02
8870eae6: posts big blind $0.05
*** HOLE CARDS ***
Dealt to 9b5943e2 
Dealt to 2a483dc 
Dealt to 192bad13 
Dealt to 8870eae6 
Dealt to Hero [Tc 5c]
Hero: folds
9b5943e2: folds
2a483dc: folds
192bad13: folds
Uncalled bet ($0.03) returned to 8870eae6
*** SHOWDOWN ***
8870eae6 collected $0.04 from pot
*** SUMMARY ***
Total pot $0.04 | Rake $0 | Jackpot $0 | Bingo $0 | Fortune $0 | Tax $0
Seat 1: 9b5943e2 folded before Flop (didn't bet)
Seat 2: 2a483dc (button) folded before Flop (didn't bet)
Seat 3: 192bad13 (small blind) folded before Flop
Seat 5: 8870eae6 (big blind) collected ($0.04)
Seat 6: Hero folded before Flop (didn't bet)


Poker Hand #HD1740138756: Hold'em No Limit ($0.02/$0.05) - 2024/04/21 14:07:18
Table 'NLHBlue10' 6-max Seat #1 is the button
Seat 1: 9b5943e2 ($5.05 in chips)
Seat 2: 2a483dc ($6.92 in chips)
Seat 3: 192bad13 ($0.85 in chips)
Seat 5: 8870eae6 ($7.02 in chips)
Seat 6: Hero ($5.68 in chips)
2a483dc: posts small blind $0.02
192bad13: posts big blind $0.05
*** HOLE CARDS ***
Dealt to 9b5943e2 
Dealt to 2a483dc 
Dealt to 192bad13 
Dealt to 8870eae6 
Dealt to Hero [2s Qc]
8870eae6: folds
Hero: folds
9b5943e2: folds
2a483dc: raises $0.1 to $0.15
192bad13: calls $0.1
*** FLOP *** [5h 2c Qs]
2a483dc: checks
192bad13: checks
*** TURN *** [5h 2c Qs] [9c]
2a483dc: checks
192bad13: checks
*** RIVER *** [5h 2c Qs 9c] [Td]
2a483dc: bets $0.24
192bad13: raises $0.46 to $0.7 and is all-in
2a483dc: calls $0.46
192bad13: shows [Ah Ac] (Pair of Aces)
2a483dc: shows [Qh Jc] (Pair of Queens)
*** SHOWDOWN ***
192bad13 collected $1.57 from pot
*** SUMMARY ***
Total pot $1.7 | Rake $0.08 | Jackpot $0.05 | Bingo $0 | Fortune $0 | Tax $0
Board [5h 2c Qs 9c Td]
Seat 1: 9b5943e2 (button) folded before Flop (didn't bet)
Seat 2: 2a483dc (small blind) showed [Qh Jc] and lost with Pair of Queens
Seat 3: 192bad13 (big blind) showed [Ah Ac] and won ($1.57) with Pair of Aces
Seat 5: 8870eae6 folded before Flop (didn't bet)
Seat 6: Hero folded before Flop (didn't bet)


Poker Hand #HD1740138694: Hold'em No Limit ($0.02/$0.05) - 2024/04/21 14:06:36
Table 'NLHBlue10' 6-max Seat #6 is the button
Seat 1: 9b5943e2 ($5.2 in chips)
Seat 2: 2a483dc ($6.97 in chips)
Seat 3: 192bad13 ($1 in chips)
Seat 5: 8870eae6 ($6.69 in chips)
Seat 6: Hero ($5.68 in chips)
9b5943e2: posts small blind $0.02
2a483dc: posts big blind $0.05
*** HOLE CARDS ***
Dealt to 9b5943e2 
Dealt to 2a483dc 
Dealt to 192bad13 
Dealt to 8870eae6 
Dealt to Hero [Ts 6c]
192bad13: calls $0.05
8870eae6: calls $0.05
Hero: folds
9b5943e2: raises $0.1 to $0.15
2a483dc: folds
192bad13: calls $0.1
8870eae6: raises $0.5 to $0.65
9b5943e2: folds
192bad13: folds
Uncalled bet ($0.5) returned to 8870eae6
*** SHOWDOWN ***
8870eae6 collected $0.48 from pot
*** SUMMARY ***
Total pot $0.5 | Rake $0.02 | Jackpot $0 | Bingo $0 | Fortune $0 | Tax $0
Seat 1: 9b5943e2 (small blind) folded before Flop
Seat 2: 2a483dc (big blind) folded before Flop
Seat 3: 192bad13 folded before Flop
Seat 5: 8870eae6 collected ($0.48)
Seat 6: Hero (button) folded before Flop (didn't bet)


Poker Hand #HD1740138678: Hold'em No Limit ($0.02/$0.05) - 2024/04/21 14:06:26
Table 'NLHBlue10' 6-max Seat #5 is the button
Seat 1: 9b5943e2 ($5.25 in chips)
Seat 2: 2a483dc ($6.97 in chips)
Seat 5: 8870eae6 ($6.62 in chips)
Seat 6: Hero ($5.7 in chips)
Hero: posts small blind $0.02
9b5943e2: posts big blind $0.05
*** HOLE CARDS ***
Dealt to 9b5943e2 
Dealt to 2a483dc 
Dealt to 8870eae6 
Dealt to Hero [2c Qh]
2a483dc: folds
8870eae6: raises $0.1 to $0.15
Hero: folds
9b5943e2: folds
Uncalled bet ($0.1) returned to 8870eae6
*** SHOWDOWN ***
8870eae6 collected $0.12 from pot
*** SUMMARY ***
Total pot $0.12 | Rake $0 | Jackpot $0 | Bingo $0 | Fortune $0 | Tax $0
Seat 1: 9b5943e2 (big blind) folded before Flop
Seat 2: 2a483dc folded before Flop (didn't bet)
Seat 5: 8870eae6 (button) collected ($0.12)
Seat 6: Hero (small blind) folded before Flop


Poker Hand #HD1740138584: Hold'em No Limit ($0.02/$0.05) - 2024/04/21 14:05:17
Table 'NLHBlue10' 6-max Seat #4 is the button
Seat 2: 2a483dc ($6.97 in chips)
Seat 3: 192bad13 ($1.96 in chips)
Seat 4: 24467102 ($5.22 in chips)
Seat 5: 8870eae6 ($4.71 in chips)
Seat 6: Hero ($5.75 in chips)
8870eae6: posts small blind $0.02
Hero: posts big blind $0.05
*** HOLE CARDS ***
Dealt to 2a483dc 
Dealt to 192bad13 
Dealt to 24467102 
Dealt to 8870eae6 
Dealt to Hero [4c Ts]
2a483dc: folds
192bad13: raises $0.1 to $0.15
24467102: calls $0.15
8870eae6: calls $0.13
Hero: folds
*** FLOP *** [3c Ks As]
8870eae6: checks
192bad13: bets $0.17
24467102: folds
8870eae6: calls $0.17
*** TURN *** [3c Ks As] [Tc]
8870eae6: checks
192bad13: bets $0.28
8870eae6: calls $0.28
*** RIVER *** [3c Ks As Tc] [4s]
8870eae6: checks
192bad13: bets $0.26
8870eae6: raises $3.85 to $4.11 and is all-in
192bad13: calls $1.1 and is all-in
Uncalled bet ($2.75) returned to 8870eae6
8870eae6: shows [Js Qs] (Ace High Flush)
192bad13: shows [Ah 6h] (Pair of Aces)
*** SHOWDOWN ***
8870eae6 collected $3.87 from pot
*** SUMMARY ***
Total pot $4.12 | Rake $0.2 | Jackpot $0.05 | Bingo $0 | Fortune $0 | Tax $0
Board [3c Ks As Tc 4s]
Seat 2: 2a483dc folded before Flop (didn't bet)
Seat 3: 192bad13 showed [Ah 6h] and lost with Pair of Aces
Seat 4: 24467102 (button) folded on the Flop
Seat 5: 8870eae6 (small blind) showed [Js Qs] and won ($3.87) with Ace High Flush
Seat 6: Hero (big blind) folded before Flop


Poker Hand #HD1740138526: Hold'em No Limit ($0.02/$0.05) - 2024/04/21 14:04:40
Table 'NLHBlue10' 6-max Seat #3 is the button
Seat 1: 26e86e94 ($8.64 in chips)
Seat 2: 2a483dc ($7.08 in chips)
Seat 3: 192bad13 ($1.96 in chips)
Seat 4: 24467102 ($5.24 in chips)
Seat 5: 8870eae6 ($4.59 in chips)
Seat 6: Hero ($5.75 in chips)
24467102: posts small blind $0.02
8870eae6: posts big blind $0.05
*** HOLE CARDS ***
Dealt to 26e86e94 
Dealt to 2a483dc 
Dealt to 192bad13 
Dealt to 24467102 
Dealt to 8870eae6 
Dealt to Hero [7c Kd]
Hero: folds
26e86e94: folds
2a483dc: raises $0.06 to $0.11
192bad13: folds
24467102: folds
8870eae6: raises $0.24 to $0.35
2a483dc: folds
Uncalled bet ($0.24) returned to 8870eae6
*** SHOWDOWN ***
8870eae6 collected $0.23 from pot
*** SUMMARY ***
Total pot $0.24 | Rake $0.01 | Jackpot $0 | Bingo $0 | Fortune $0 | Tax $0
Seat 1: 26e86e94 folded before Flop (didn't bet)
Seat 2: 2a483dc folded before Flop
Seat 3: 192bad13 (button) folded before Flop (didn't bet)
Seat 4: 24467102 (small blind) folded before Flop
Seat 5: 8870eae6 (big blind) collected ($0.23)
Seat 6: Hero folded before Flop (didn't bet)


Poker Hand #HD1740138501: Hold'em No Limit ($0.02/$0.05) - 2024/04/21 14:04:27
Table 'NLHBlue10' 6-max Seat #2 is the button
Seat 1: 26e86e94 ($8.64 in chips)
Seat 2: 2a483dc ($7.08 in chips)
Seat 3: 192bad13 ($1.91 in chips)
Seat 4: 24467102 ($5.29 in chips)
Seat 5: 8870eae6 ($4.59 in chips)
Seat 6: Hero ($5.75 in chips)
192bad13: posts small blind $0.02
24467102: posts big blind $0.05
*** HOLE CARDS ***
Dealt to 26e86e94 
Dealt to 2a483dc 
Dealt to 192bad13 
Dealt to 24467102 
Dealt to 8870eae6 
Dealt to Hero [7s Qs]
8870eae6: folds
Hero: folds
26e86e94: folds
2a483dc: folds
192bad13: raises $0.1 to $0.15
24467102: folds
Uncalled bet ($0.1) returned to 192bad13
*** SHOWDOWN ***
192bad13 collected $0.1 from pot
*** SUMMARY ***
Total pot $0.1 | Rake $0 | Jackpot $0 | Bingo $0 | Fortune $0 | Tax $0
Seat 1: 26e86e94 folded before Flop (didn't bet)
Seat 2: 2a483dc (button) folded before Flop (didn't bet)
Seat 3: 192bad13 (small blind) collected ($0.1)
Seat 4: 24467102 (big blind) folded before Flop
Seat 5: 8870eae6 folded before Flop (didn't bet)
Seat 6: Hero folded before Flop (didn't bet)


Poker Hand #HD1740138418: Hold'em No Limit ($0.02/$0.05) - 2024/04/21 14:03:34
Table 'NLHBlue10' 6-max Seat #1 is the button
Seat 1: 26e86e94 ($8.64 in chips)
Seat 2: 2a483dc ($7.23 in chips)
Seat 3: 192bad13 ($1.77 in chips)
Seat 4: 24467102 ($5.29 in chips)
Seat 5: 8870eae6 ($4.59 in chips)
Seat 6: Hero ($5.75 in chips)
2a483dc: posts small blind $0.02
192bad13: posts big blind $0.05
*** HOLE CARDS ***
Dealt to 26e86e94 
Dealt to 2a483dc 
Dealt to 192bad13 
Dealt to 24467102 
Dealt to 8870eae6 
Dealt to Hero [Ks 8c]
24467102: folds
8870eae6: folds
Hero: folds
26e86e94: folds
2a483dc: raises $0.1 to $0.15
192bad13: calls $0.1
*** FLOP *** [Jd Kd 3h]
2a483dc: checks
192bad13: bets $0.15
2a483dc: folds
Uncalled bet ($0.15) returned to 192bad13
192bad13: shows [6d]
*** SHOWDOWN ***
192bad13 collected $0.29 from pot
*** SUMMARY ***
Total pot $0.3 | Rake $0.01 | Jackpot $0 | Bingo $0 | Fortune $0 | Tax $0
Board [Jd Kd 3h]
Seat 1: 26e86e94 (button) folded before Flop (didn't bet)
Seat 2: 2a483dc (small blind) folded on the Flop
Seat 3: 192bad13 (big blind) showed [6d] and won ($0.29)
Seat 4: 24467102 folded before Flop (didn't bet)
Seat 5: 8870eae6 folded before Flop (didn't bet)
Seat 6: Hero folded before Flop (didn't bet)


Poker Hand #HD1740138329: Hold'em No Limit ($0.02/$0.05) - 2024/04/21 14:02:43
Table 'NLHBlue10' 6-max Seat #6 is the button
Seat 1: 26e86e94 ($8.66 in chips)
Seat 2: 2a483dc ($7.28 in chips)
Seat 3: 192bad13 ($1.82 in chips)
Seat 4: 24467102 ($5.84 in chips)
Seat 5: 8870eae6 ($4.59 in chips)
Seat 6: Hero ($5.14 in chips)
26e86e94: posts small blind $0.02
2a483dc: posts big blind $0.05
*** HOLE CARDS ***
Dealt to 26e86e94 
Dealt to 2a483dc 
Dealt to 192bad13 
Dealt to 24467102 
Dealt to 8870eae6 
Dealt to Hero [Ad Kc]
192bad13: calls $0.05
24467102: raises $0.12 to $0.17
8870eae6: folds
Hero: raises $0.38 to $0.55
26e86e94: folds
2a483dc: folds
192bad13: folds
24467102: calls $0.38
*** FLOP *** [Th 4d Ah]
24467102: checks
Hero: bets $0.5
24467102: folds
Uncalled bet ($0.5) returned to Hero
*** SHOWDOWN ***
Hero collected $1.16 from pot
*** SUMMARY ***
Total pot $1.22 | Rake $0.06 | Jackpot $0 | Bingo $0 | Fortune $0 | Tax $0
Board [Th 4d Ah]
Seat 1: 26e86e94 (small blind) folded before Flop
Seat 2: 2a483dc (big blind) folded before Flop
Seat 3: 192bad13 folded before Flop
Seat 4: 24467102 folded on the Flop
Seat 5: 8870eae6 folded before Flop (didn't bet)
Seat 6: Hero (button) won ($1.16)


Poker Hand #HD1740138229: Hold'em No Limit ($0.02/$0.05) - 2024/04/21 14:01:43
Table 'NLHBlue10' 6-max Seat #5 is the button
Seat 1: 26e86e94 ($7.74 in chips)
Seat 2: 2a483dc ($7.39 in chips)
Seat 3: 192bad13 ($1.08 in chips)
Seat 4: 24467102 ($5.84 in chips)
Seat 5: 8870eae6 ($4.59 in chips)
Seat 6: Hero ($5.16 in chips)
Hero: posts small blind $0.02
26e86e94: posts big blind $0.05
*** HOLE CARDS ***
Dealt to 26e86e94 
Dealt to 2a483dc 
Dealt to 192bad13 
Dealt to 24467102 
Dealt to 8870eae6 
Dealt to Hero [9c 7s]
2a483dc: raises $0.06 to $0.11
192bad13: raises $0.1 to $0.21
24467102: folds
8870eae6: folds
Hero: folds
26e86e94: raises $0.79 to $1
2a483dc: folds
192bad13: calls $0.79
*** FLOP *** [Kh 9h 3c]
26e86e94: bets $0.6
192bad13: calls $0.08 and is all-in
Uncalled bet ($0.52) returned to 26e86e94
26e86e94: shows [Qs Ad] (Ace-High)
192bad13: shows [Kc Qc] (Pair of Kings)
*** TURN *** [Kh 9h 3c] [Ah]
26e86e94: Chooses to EV Cashout 
*** RIVER *** [Kh 9h 3c Ah] [2c]
192bad13: Receives Cashout ($1.82)
26e86e94: Pays Cashout Risk ($0.13)
*** SHOWDOWN ***
26e86e94 collected $2.13 from pot
*** SUMMARY ***
Total pot $2.29 | Rake $0.11 | Jackpot $0.05 | Bingo $0 | Fortune $0 | Tax $0
Board [Kh 9h 3c Ah 2c]
Seat 1: 26e86e94 (big blind) showed [Qs Ad] and won ($2.13) with Pair of Aces, Cashout Risk ($0.13)
Seat 2: 2a483dc folded before Flop
Seat 3: 192bad13 showed [Kc Qc] and lost with Pair of Kings, EV Cashout ($1.82)
Seat 4: 24467102 folded before Flop (didn't bet)
Seat 5: 8870eae6 (button) folded before Flop (didn't bet)
Seat 6: Hero (small blind) folded before Flop


Poker Hand #HD1740138207: Hold'em No Limit ($0.02/$0.05) - 2024/04/21 14:01:28
Table 'NLHBlue10' 6-max Seat #4 is the button
Seat 2: 2a483dc ($7.39 in chips)
Seat 3: 192bad13 ($1.08 in chips)
Seat 4: 24467102 ($5.84 in chips)
Seat 5: 8870eae6 ($4.54 in chips)
Seat 6: Hero ($5.21 in chips)
8870eae6: posts small blind $0.02
Hero: posts big blind $0.05
*** HOLE CARDS ***
Dealt to 2a483dc 
Dealt to 192bad13 
Dealt to 24467102 
Dealt to 8870eae6 
Dealt to Hero [9c 8d]
2a483dc: folds
192bad13: folds
24467102: folds
8870eae6: raises $0.1 to $0.15
Hero: folds
Uncalled bet ($0.1) returned to 8870eae6
*** SHOWDOWN ***
8870eae6 collected $0.1 from pot
*** SUMMARY ***
Total pot $0.1 | Rake $0 | Jackpot $0 | Bingo $0 | Fortune $0 | Tax $0
Seat 2: 2a483dc folded before Flop (didn't bet)
Seat 3: 192bad13 folded before Flop (didn't bet)
Seat 4: 24467102 (button) folded before Flop (didn't bet)
Seat 5: 8870eae6 (small blind) collected ($0.1)
Seat 6: Hero (big blind) folded before Flop


Poker Hand #HD1740138187: Hold'em No Limit ($0.02/$0.05) - 2024/04/21 14:01:15
Table 'NLHBlue10' 6-max Seat #3 is the button
Seat 2: 2a483dc ($7.39 in chips)
Seat 3: 192bad13 ($1.01 in chips)
Seat 4: 24467102 ($5.86 in chips)
Seat 5: 8870eae6 ($4.59 in chips)
Seat 6: Hero ($5.21 in chips)
24467102: posts small blind $0.02
8870eae6: posts big blind $0.05
*** HOLE CARDS ***
Dealt to 2a483dc 
Dealt to 192bad13 
Dealt to 24467102 
Dealt to 8870eae6 
Dealt to Hero [5d 9c]
Hero: folds
2a483dc: folds
192bad13: raises $0.1 to $0.15
24467102: folds
8870eae6: folds
Uncalled bet ($0.1) returned to 192bad13
*** SHOWDOWN ***
192bad13 collected $0.12 from pot
*** SUMMARY ***
Total pot $0.12 | Rake $0 | Jackpot $0 | Bingo $0 | Fortune $0 | Tax $0
Seat 2: 2a483dc folded before Flop (didn't bet)
Seat 3: 192bad13 (button) collected ($0.12)
Seat 4: 24467102 (small blind) folded before Flop
Seat 5: 8870eae6 (big blind) folded before Flop
Seat 6: Hero folded before Flop (didn't bet)


Poker Hand #HD1740138071: Hold'em No Limit ($0.02/$0.05) - 2024/04/21 14:00:06
Table 'NLHBlue10' 6-max Seat #2 is the button
Seat 2: 2a483dc ($7.24 in chips)
Seat 3: 192bad13 ($1.12 in chips)
Seat 4: 24467102 ($5.91 in chips)
Seat 5: 8870eae6 ($4.59 in chips)
Seat 6: Hero ($5.21 in chips)
192bad13: posts small blind $0.02
24467102: posts big blind $0.05
*** HOLE CARDS ***
Dealt to 2a483dc 
Dealt to 192bad13 
Dealt to 24467102 
Dealt to 8870eae6 
Dealt to Hero [4c 2h]
8870eae6: folds
Hero: folds
2a483dc: raises $0.06 to $0.11
192bad13: calls $0.09
24467102: folds
*** FLOP *** [5c 2c 6d]
192bad13: checks
2a483dc: checks
*** TURN *** [5c 2c 6d] [6c]
192bad13: checks
2a483dc: checks
*** RIVER *** [5c 2c 6d 6c] [As]
192bad13: checks
2a483dc: bets $0.1
192bad13: folds
Uncalled bet ($0.1) returned to 2a483dc
192bad13: shows [3s] (Pair of Sixes)
*** SHOWDOWN ***
2a483dc collected $0.26 from pot
*** SUMMARY ***
Total pot $0.27 | Rake $0.01 | Jackpot $0 | Bingo $0 | Fortune $0 | Tax $0
Board [5c 2c 6d 6c As]
Seat 2: 2a483dc (button) won ($0.26)
Seat 3: 192bad13 (small blind) folded on the River
Seat 4: 24467102 (big blind) folded before Flop
Seat 5: 8870eae6 folded before Flop (didn't bet)
Seat 6: Hero folded before Flop (didn't bet)


Poker Hand #HD1740138016: Hold'em No Limit ($0.02/$0.05) - 2024/04/21 13:59:31
Table 'NLHBlue10' 6-max Seat #6 is the button
Seat 2: 2a483dc ($7.26 in chips)
Seat 3: 192bad13 ($1.33 in chips)
Seat 4: 24467102 ($5.91 in chips)
Seat 5: 8870eae6 ($4.59 in chips)
Seat 6: Hero ($5 in chips)
2a483dc: posts small blind $0.02
192bad13: posts big blind $0.05
*** HOLE CARDS ***
Dealt to 2a483dc 
Dealt to 192bad13 
Dealt to 24467102 
Dealt to 8870eae6 
Dealt to Hero [6s 6c]
24467102: folds
8870eae6: folds
Hero: raises $0.07 to $0.12
2a483dc: folds
192bad13: calls $0.07
*** FLOP *** [2c Kh 4d]
192bad13: checks
Hero: checks
*** TURN *** [2c Kh 4d] [7h]
192bad13: checks
Hero: checks
*** RIVER *** [2c Kh 4d 7h] [Kd]
192bad13: bets $0.09
Hero: calls $0.09
192bad13: shows [4c 6h] (Pair of Kings and Pair of Fours)
Hero: shows [6s 6c] (Pair of Kings and Pair of Sixes)
*** SHOWDOWN ***
Hero collected $0.42 from pot
*** SUMMARY ***
Total pot $0.44 | Rake $0.02 | Jackpot $0 | Bingo $0 | Fortune $0 | Tax $0
Board [2c Kh 4d 7h Kd]
Seat 2: 2a483dc (small blind) folded before Flop
Seat 3: 192bad13 (big blind) showed [4c 6h] and lost with Pair of Kings and Pair of Fours
Seat 4: 24467102 folded before Flop (didn't bet)
Seat 5: 8870eae6 folded before Flop (didn't bet)
Seat 6: Hero (button) showed [6s 6c] and won ($0.42) with Pair of Kings and Pair of Sixes


Poker Hand #HD1740137993: Hold'em No Limit ($0.02/$0.05) - 2024/04/21 13:59:17
Table 'NLHBlue10' 6-max Seat #5 is the button
Seat 2: 2a483dc ($7.31 in chips)
Seat 3: 192bad13 ($1.26 in chips)
Seat 4: 24467102 ($5.91 in chips)
Seat 5: 8870eae6 ($4.59 in chips)
Seat 6: Hero ($5.02 in chips)
Hero: posts small blind $0.02
2a483dc: posts big blind $0.05
*** HOLE CARDS ***
Dealt to 2a483dc 
Dealt to 192bad13 
Dealt to 24467102 
Dealt to 8870eae6 
Dealt to Hero [Th 9s]
192bad13: raises $0.05 to $0.1
24467102: folds
8870eae6: folds
Hero: folds
2a483dc: folds
Uncalled bet ($0.05) returned to 192bad13
*** SHOWDOWN ***
192bad13 collected $0.12 from pot
*** SUMMARY ***
Total pot $0.12 | Rake $0 | Jackpot $0 | Bingo $0 | Fortune $0 | Tax $0
Seat 2: 2a483dc (big blind) folded before Flop
Seat 3: 192bad13 collected ($0.12)
Seat 4: 24467102 folded before Flop (didn't bet)
Seat 5: 8870eae6 (button) folded before Flop (didn't bet)
Seat 6: Hero (small blind) folded before Flop


Poker Hand #HD1740137978: Hold'em No Limit ($0.02/$0.05) - 2024/04/21 13:59:08
Table 'NLHBlue10' 6-max Seat #4 is the button
Seat 2: 2a483dc ($7.31 in chips)
Seat 3: 192bad13 ($1.26 in chips)
Seat 4: 24467102 ($5.91 in chips)
Seat 5: 8870eae6 ($4.61 in chips)
Seat 6: Hero ($5 in chips)
8870eae6: posts small blind $0.02
Hero: posts big blind $0.05
*** HOLE CARDS ***
Dealt to 2a483dc 
Dealt to 192bad13 
Dealt to 24467102 
Dealt to 8870eae6 
Dealt to Hero [Qd Ks]
2a483dc: folds
192bad13: folds
24467102: folds
8870eae6: folds
Uncalled bet ($0.03) returned to Hero
*** SHOWDOWN ***
Hero collected $0.04 from pot
*** SUMMARY ***
Total pot $0.04 | Rake $0 | Jackpot $0 | Bingo $0 | Fortune $0 | Tax $0
Seat 2: 2a483dc folded before Flop (didn't bet)
Seat 3: 192bad13 folded before Flop (didn't bet)
Seat 4: 24467102 (button) folded before Flop (didn't bet)
Seat 5: 8870eae6 (small blind) folded before Flop
Seat 6: Hero (big blind) collected ($0.04)


Poker Hand #HD1740137943: Hold'em No Limit ($0.02/$0.05) - 2024/04/21 13:58:49
Table 'NLHBlue10' 6-max Seat #3 is the button
Seat 2: 2a483dc ($7.31 in chips)
Seat 3: 192bad13 ($1.19 in chips)
Seat 4: 24467102 ($5.93 in chips)
Seat 5: 8870eae6 ($4.66 in chips)
Seat 6: Hero ($5 in chips)
24467102: posts small blind $0.02
8870eae6: posts big blind $0.05
*** HOLE CARDS ***
Dealt to 2a483dc 
Dealt to 192bad13 
Dealt to 24467102 
Dealt to 8870eae6 
Dealt to Hero [5s 2s]
Hero: folds
2a483dc: folds
192bad13: raises $0.1 to $0.15
24467102: folds
8870eae6: folds
Uncalled bet ($0.1) returned to 192bad13
*** SHOWDOWN ***
192bad13 collected $0.12 from pot
*** SUMMARY ***
Total pot $0.12 | Rake $0 | Jackpot $0 | Bingo $0 | Fortune $0 | Tax $0
Seat 2: 2a483dc folded before Flop (didn't bet)
Seat 3: 192bad13 (button) collected ($0.12)
Seat 4: 24467102 (small blind) folded before Flop
Seat 5: 8870eae6 (big blind) folded before Flop
Seat 6: Hero folded before Flop (didn't bet)


Poker Hand #HD1740137769: Hold'em No Limit ($0.02/$0.05) - 2024/04/21 13:57:11
Table 'NLHBlue10' 6-max Seat #2 is the button
Seat 2: 2a483dc ($7.31 in chips)
Seat 3: 192bad13 ($1.21 in chips)
Seat 4: 24467102 ($5.66 in chips)
Seat 5: a86cc329 ($5.25 in chips)
Seat 6: Hero ($5 in chips)
192bad13: posts small blind $0.02
24467102: posts big blind $0.05
*** HOLE CARDS ***
Dealt to 2a483dc 
Dealt to 192bad13 
Dealt to 24467102 
Dealt to a86cc329 
Dealt to Hero [Kd Ts]
a86cc329: folds
Hero: raises $0.07 to $0.12
2a483dc: folds
192bad13: folds
24467102: calls $0.07
*** FLOP *** [6h 2h Th]
24467102: checks
Hero: checks
*** TURN *** [6h 2h Th] [Js]
24467102: checks
Hero: bets $0.15
24467102: calls $0.15
*** RIVER *** [6h 2h Th Js] [As]
24467102: checks
Hero: checks
24467102: shows [Tc Ah] (Pair of Aces and Pair of Tens)
Hero: shows [Kd Ts] (Pair of Tens)
*** SHOWDOWN ***
24467102 collected $0.54 from pot
*** SUMMARY ***
Total pot $0.56 | Rake $0.02 | Jackpot $0 | Bingo $0 | Fortune $0 | Tax $0
Board [6h 2h Th Js As]
Seat 2: 2a483dc (button) folded before Flop (didn't bet)
Seat 3: 192bad13 (small blind) folded before Flop
Seat 4: 24467102 (big blind) showed [Tc Ah] and won ($0.54) with Pair of Aces and Pair of Tens
Seat 5: a86cc329 folded before Flop (didn't bet)
Seat 6: Hero showed [Kd Ts] and lost with Pair of Tens


Poker Hand #HD1740137711: Hold'em No Limit ($0.02/$0.05) - 2024/04/21 13:56:39
Table 'NLHBlue10' 6-max Seat #6 is the button
Seat 2: 2a483dc ($7.33 in chips)
Seat 3: 192bad13 ($1 in chips)
Seat 4: 24467102 ($5.66 in chips)
Seat 5: a86cc329 ($5.25 in chips)
Seat 6: Hero ($5.18 in chips)
2a483dc: posts small blind $0.02
192bad13: posts big blind $0.05
*** HOLE CARDS ***
Dealt to 2a483dc 
Dealt to 192bad13 
Dealt to 24467102 
Dealt to a86cc329 
Dealt to Hero [As Js]
24467102: folds
a86cc329: folds
Hero: raises $0.07 to $0.12
2a483dc: folds
192bad13: raises $0.09 to $0.21
Hero: calls $0.09
*** FLOP *** [4d Kd 5d]
192bad13: bets $0.22
Hero: folds
Uncalled bet ($0.22) returned to 192bad13
*** SHOWDOWN ***
192bad13 collected $0.42 from pot
*** SUMMARY ***
Total pot $0.44 | Rake $0.02 | Jackpot $0 | Bingo $0 | Fortune $0 | Tax $0
Board [4d Kd 5d]
Seat 2: 2a483dc (small blind) folded before Flop
Seat 3: 192bad13 (big blind) won ($0.42)
Seat 4: 24467102 folded before Flop (didn't bet)
Seat 5: a86cc329 folded before Flop (didn't bet)
Seat 6: Hero (button) folded on the Flop


Poker Hand #HD1740137652: Hold'em No Limit ($0.02/$0.05) - 2024/04/21 13:55:59
Table 'NLHBlue10' 6-max Seat #5 is the button
Seat 2: 2a483dc ($7.38 in chips)
Seat 4: 24467102 ($5.78 in chips)
Seat 5: a86cc329 ($5.25 in chips)
Seat 6: Hero ($5.02 in chips)
Hero: posts small blind $0.02
2a483dc: posts big blind $0.05
*** HOLE CARDS ***
Dealt to 2a483dc 
Dealt to 24467102 
Dealt to a86cc329 
Dealt to Hero [Kh Kd]
24467102: raises $0.07 to $0.12
a86cc329: folds
Hero: raises $0.43 to $0.55
2a483dc: folds
24467102: folds
Uncalled bet ($0.43) returned to Hero
*** SHOWDOWN ***
Hero collected $0.28 from pot
*** SUMMARY ***
Total pot $0.29 | Rake $0.01 | Jackpot $0 | Bingo $0 | Fortune $0 | Tax $0
Seat 2: 2a483dc (big blind) folded before Flop
Seat 4: 24467102 folded before Flop
Seat 5: a86cc329 (button) folded before Flop (didn't bet)
Seat 6: Hero (small blind) collected ($0.28)


Poker Hand #HD1740137634: Hold'em No Limit ($0.02/$0.05) - 2024/04/21 13:55:49
Table 'NLHBlue10' 6-max Seat #4 is the button
Seat 2: 2a483dc ($7.38 in chips)
Seat 4: 24467102 ($5.78 in chips)
Seat 5: a86cc329 ($5.27 in chips)
Seat 6: Hero ($5 in chips)
a86cc329: posts small blind $0.02
Hero: posts big blind $0.05
*** HOLE CARDS ***
Dealt to 2a483dc 
Dealt to 24467102 
Dealt to a86cc329 
Dealt to Hero [Jc Kh]
2a483dc: folds
24467102: folds
a86cc329: folds
Uncalled bet ($0.03) returned to Hero
*** SHOWDOWN ***
Hero collected $0.04 from pot
*** SUMMARY ***
Total pot $0.04 | Rake $0 | Jackpot $0 | Bingo $0 | Fortune $0 | Tax $0
Seat 2: 2a483dc folded before Flop (didn't bet)
Seat 4: 24467102 (button) folded before Flop (didn't bet)
Seat 5: a86cc329 (small blind) folded before Flop
Seat 6: Hero (big blind) collected ($0.04)


Poker Hand #HD1740137591: Hold'em No Limit ($0.02/$0.05) - 2024/04/21 13:55:26
Table 'NLHBlue10' 6-max Seat #2 is the button
Seat 1: 26e86e94 ($7.74 in chips)
Seat 2: 2a483dc ($7.38 in chips)
Seat 4: 24467102 ($5.64 in chips)
Seat 5: a86cc329 ($5.42 in chips)
Seat 6: Hero ($5 in chips)
24467102: posts small blind $0.02
a86cc329: posts big blind $0.05
*** HOLE CARDS ***
Dealt to 26e86e94 
Dealt to 2a483dc 
Dealt to 24467102 
Dealt to a86cc329 
Dealt to Hero [2c 8h]
Hero: folds
26e86e94: folds
2a483dc: folds
24467102: raises $0.1 to $0.15
a86cc329: calls $0.1
*** FLOP *** [4h 5d Js]
24467102: bets $0.1
a86cc329: folds
Uncalled bet ($0.1) returned to 24467102
*** SHOWDOWN ***
24467102 collected $0.29 from pot
*** SUMMARY ***
Total pot $0.3 | Rake $0.01 | Jackpot $0 | Bingo $0 | Fortune $0 | Tax $0
Board [4h 5d Js]
Seat 1: 26e86e94 folded before Flop (didn't bet)
Seat 2: 2a483dc (button) folded before Flop (didn't bet)
Seat 4: 24467102 (small blind) won ($0.29)
Seat 5: a86cc329 (big blind) folded on the Flop
Seat 6: Hero folded before Flop (didn't bet)


Poker Hand #HD1740137504: Hold'em No Limit ($0.02/$0.05) - 2024/04/21 13:54:36
Table 'NLHBlue10' 6-max Seat #1 is the button
Seat 1: 26e86e94 ($5.24 in chips)
Seat 2: 2a483dc ($7.4 in chips)
Seat 3: c4d1c48a ($2.8 in chips)
Seat 4: 24467102 ($5.64 in chips)
Seat 5: a86cc329 ($5.42 in chips)
Seat 6: Hero ($5 in chips)
2a483dc: posts small blind $0.02
c4d1c48a: posts big blind $0.05
*** HOLE CARDS ***
Dealt to 26e86e94 
Dealt to 2a483dc 
Dealt to c4d1c48a 
Dealt to 24467102 
Dealt to a86cc329 
Dealt to Hero [2d Kd]
24467102: folds
a86cc329: folds
Hero: folds
26e86e94: raises $0.05 to $0.1
2a483dc: folds
c4d1c48a: calls $0.05
*** FLOP *** [5h 4s Qd]
c4d1c48a: checks
26e86e94: bets $0.11
c4d1c48a: calls $0.11
*** TURN *** [5h 4s Qd] [4h]
c4d1c48a: checks
26e86e94: bets $0.22
c4d1c48a: calls $0.22
*** RIVER *** [5h 4s Qd 4h] [4c]
c4d1c48a: checks
26e86e94: bets $4.81 and is all-in
c4d1c48a: calls $2.37 and is all-in
Uncalled bet ($2.44) returned to 26e86e94
26e86e94: shows [6d 4d] (Four Fours)
c4d1c48a: shows [8h Qs] (Fours Full over Queens)
*** SHOWDOWN ***
26e86e94 collected $5.3 from pot
*** SUMMARY ***
Total pot $5.62 | Rake $0.27 | Jackpot $0.05 | Bingo $0 | Fortune $0 | Tax $0
Board [5h 4s Qd 4h 4c]
Seat 1: 26e86e94 (button) showed [6d 4d] and won ($5.3) with Four Fours
Seat 2: 2a483dc (small blind) folded before Flop
Seat 3: c4d1c48a (big blind) showed [8h Qs] and lost with Fours Full over Queens
Seat 4: 24467102 folded before Flop (didn't bet)
Seat 5: a86cc329 folded before Flop (didn't bet)
Seat 6: Hero folded before Flop (didn't bet)


Poker Hand #HD1740137467: Hold'em No Limit ($0.02/$0.05) - 2024/04/21 13:54:17
Table 'NLHBlue10' 6-max Seat #6 is the button
Seat 1: 26e86e94 ($5.26 in chips)
Seat 2: 2a483dc ($7.38 in chips)
Seat 4: 24467102 ($5.64 in chips)
Seat 5: a86cc329 ($5.42 in chips)
Seat 6: Hero ($5 in chips)
26e86e94: posts small blind $0.02
2a483dc: posts big blind $0.05
*** HOLE CARDS ***
Dealt to 26e86e94 
Dealt to 2a483dc 
Dealt to 24467102 
Dealt to a86cc329 
Dealt to Hero [8s Qd]
24467102: folds
a86cc329: folds
Hero: folds
26e86e94: folds
Uncalled bet ($0.03) returned to 2a483dc
*** SHOWDOWN ***
2a483dc collected $0.04 from pot
*** SUMMARY ***
Total pot $0.04 | Rake $0 | Jackpot $0 | Bingo $0 | Fortune $0 | Tax $0
Seat 1: 26e86e94 (small blind) folded before Flop
Seat 2: 2a483dc (big blind) collected ($0.04)
Seat 4: 24467102 folded before Flop (didn't bet)
Seat 5: a86cc329 folded before Flop (didn't bet)
Seat 6: Hero (button) folded before Flop (didn't bet)


Poker Hand #HD1740137370: Hold'em No Limit ($0.02/$0.05) - 2024/04/21 13:53:17
Table 'NLHBlue10' 6-max Seat #5 is the button
Seat 1: 26e86e94 ($5.12 in chips)
Seat 2: 2a483dc ($7.38 in chips)
Seat 4: 24467102 ($5.64 in chips)
Seat 5: a86cc329 ($5.42 in chips)
Seat 6: Hero ($5.03 in chips)
Hero: posts small blind $0.02
26e86e94: posts big blind $0.05
*** HOLE CARDS ***
Dealt to 26e86e94 
Dealt to 2a483dc 
Dealt to 24467102 
Dealt to a86cc329 
Dealt to Hero [Ad 4s]
2a483dc: folds
24467102: folds
a86cc329: folds
Hero: raises $0.1 to $0.15
26e86e94: calls $0.1
*** FLOP *** [8h 4c 6h]
Hero: checks
26e86e94: checks
*** TURN *** [8h 4c 6h] [7d]
Hero: checks
26e86e94: bets $0.15
Hero: folds
Uncalled bet ($0.15) returned to 26e86e94
*** SHOWDOWN ***
26e86e94 collected $0.29 from pot
*** SUMMARY ***
Total pot $0.3 | Rake $0.01 | Jackpot $0 | Bingo $0 | Fortune $0 | Tax $0
Board [8h 4c 6h 7d]
Seat 1: 26e86e94 (big blind) won ($0.29)
Seat 2: 2a483dc folded before Flop (didn't bet)
Seat 4: 24467102 folded before Flop (didn't bet)
Seat 5: a86cc329 (button) folded before Flop (didn't bet)
Seat 6: Hero (small blind) folded on the Turn


Poker Hand #HD1740137334: Hold'em No Limit ($0.02/$0.05) - 2024/04/21 13:52:52
Table 'NLHBlue10' 6-max Seat #4 is the button
Seat 1: 26e86e94 ($5.12 in chips)
Seat 2: 2a483dc ($7.31 in chips)
Seat 4: 24467102 ($5.64 in chips)
Seat 5: a86cc329 ($5.44 in chips)
Seat 6: Hero ($5.08 in chips)
a86cc329: posts small blind $0.02
Hero: posts big blind $0.05
*** HOLE CARDS ***
Dealt to 26e86e94 
Dealt to 2a483dc 
Dealt to 24467102 
Dealt to a86cc329 
Dealt to Hero [9s 3c]
26e86e94: folds
2a483dc: raises $0.06 to $0.11
24467102: folds
a86cc329: folds
Hero: folds
Uncalled bet ($0.06) returned to 2a483dc
*** SHOWDOWN ***
2a483dc collected $0.12 from pot
*** SUMMARY ***
Total pot $0.12 | Rake $0 | Jackpot $0 | Bingo $0 | Fortune $0 | Tax $0
Seat 1: 26e86e94 folded before Flop (didn't bet)
Seat 2: 2a483dc collected ($0.12)
Seat 4: 24467102 (button) folded before Flop (didn't bet)
Seat 5: a86cc329 (small blind) folded before Flop
Seat 6: Hero (big blind) folded before Flop


Poker Hand #HD1740136978: Hold'em No Limit ($0.02/$0.05) - 2024/04/21 13:49:14
Table 'NLHBlue10' 6-max Seat #4 is the button
Seat 1: 26e86e94 ($5.14 in chips)
Seat 2: 2a483dc ($7.14 in chips)
Seat 3: ac004fa0 ($0.29 in chips)
Seat 4: 24467102 ($5.92 in chips)
Seat 5: a86cc329 ($5.02 in chips)
Seat 6: Hero ($5.13 in chips)
a86cc329: posts small blind $0.02
Hero: posts big blind $0.05
*** HOLE CARDS ***
Dealt to 26e86e94 
Dealt to 2a483dc 
Dealt to ac004fa0 
Dealt to 24467102 
Dealt to a86cc329 
Dealt to Hero [9s Th]
26e86e94: folds
2a483dc: folds
ac004fa0: folds
24467102: raises $0.08 to $0.13
a86cc329: folds
Hero: folds
Uncalled bet ($0.08) returned to 24467102
*** SHOWDOWN ***
24467102 collected $0.12 from pot
*** SUMMARY ***
Total pot $0.12 | Rake $0 | Jackpot $0 | Bingo $0 | Fortune $0 | Tax $0
Seat 1: 26e86e94 folded before Flop (didn't bet)
Seat 2: 2a483dc folded before Flop (didn't bet)
Seat 3: ac004fa0 folded before Flop (didn't bet)
Seat 4: 24467102 (button) collected ($0.12)
Seat 5: a86cc329 (small blind) folded before Flop
Seat 6: Hero (big blind) folded before Flop


Poker Hand #HD1740136949: Hold'em No Limit ($0.02/$0.05) - 2024/04/21 13:49:01
Table 'NLHBlue10' 6-max Seat #3 is the button
Seat 1: 26e86e94 ($5.14 in chips)
Seat 2: 2a483dc ($7.14 in chips)
Seat 3: ac004fa0 ($0.29 in chips)
Seat 4: 24467102 ($5.94 in chips)
Seat 5: a86cc329 ($5 in chips)
Seat 6: Hero ($5.13 in chips)
24467102: posts small blind $0.02
a86cc329: posts big blind $0.05
*** HOLE CARDS ***
Dealt to 26e86e94 
Dealt to 2a483dc 
Dealt to ac004fa0 
Dealt to 24467102 
Dealt to a86cc329 
Dealt to Hero [9d 3s]
Hero: folds
26e86e94: folds
2a483dc: folds
ac004fa0: folds
24467102: folds
Uncalled bet ($0.03) returned to a86cc329
*** SHOWDOWN ***
a86cc329 collected $0.04 from pot
*** SUMMARY ***
Total pot $0.04 | Rake $0 | Jackpot $0 | Bingo $0 | Fortune $0 | Tax $0
Seat 1: 26e86e94 folded before Flop (didn't bet)
Seat 2: 2a483dc folded before Flop (didn't bet)
Seat 3: ac004fa0 (button) folded before Flop (didn't bet)
Seat 4: 24467102 (small blind) folded before Flop
Seat 5: a86cc329 (big blind) collected ($0.04)
Seat 6: Hero folded before Flop (didn't bet)


Poker Hand #HD1740136840: Hold'em No Limit ($0.02/$0.05) - 2024/04/21 13:47:53
Table 'NLHBlue10' 6-max Seat #2 is the button
Seat 1: 26e86e94 ($5.14 in chips)
Seat 2: 2a483dc ($7.14 in chips)
Seat 3: ac004fa0 ($0.45 in chips)
Seat 4: 24467102 ($5.81 in chips)
Seat 5: e8ef47c8 ($3.6 in chips)
Seat 6: Hero ($5.13 in chips)
ac004fa0: posts small blind $0.02
24467102: posts big blind $0.05
*** HOLE CARDS ***
Dealt to 26e86e94 
Dealt to 2a483dc 
Dealt to ac004fa0 
Dealt to 24467102 
Dealt to e8ef47c8 
Dealt to Hero [4s 7d]
e8ef47c8: folds
Hero: folds
26e86e94: folds
2a483dc: folds
ac004fa0: calls $0.03
24467102: checks
*** FLOP *** [4d 6h 9s]
ac004fa0: checks
24467102: bets $0.05
ac004fa0: calls $0.05
*** TURN *** [4d 6h 9s] [3d]
ac004fa0: checks
24467102: bets $0.36
ac004fa0: calls $0.35 and is all-in
Uncalled bet ($0.01) returned to 24467102
24467102: shows [8s 9d] (Pair of Nines)
ac004fa0: shows [Jd Ad] (Ace-High)
*** FIRST RIVER *** [4d 6h 9s 3d] [Qd]
*** SECOND RIVER *** [4d 6h 9s 3d] [5c]
*** THIRD RIVER *** [4d 6h 9s 3d] [7s]
*** FIRST SHOWDOWN ***
ac004fa0 collected $0.29 from pot
*** SECOND SHOWDOWN ***
24467102 collected $0.29 from pot
*** THIRD SHOWDOWN ***
24467102 collected $0.29 from pot
*** SUMMARY ***
Total pot $0.9 | Rake $0.03 | Jackpot $0 | Bingo $0 | Fortune $0 | Tax $0
Hand was run three times
FIRST Board [4d 6h 9s 3d Qd]
SECOND Board [5c]
THIRD Board [7s]
Seat 1: 26e86e94 folded before Flop (didn't bet)
Seat 2: 2a483dc (button) folded before Flop (didn't bet)
Seat 3: ac004fa0 (small blind) showed [Jd Ad] and won ($0.29) with Ace High Flush, and lost, and lost
Seat 4: 24467102 (big blind) showed [8s 9d] and lost with Pair of Nines, and won ($0.29), and won ($0.29)
Seat 5: e8ef47c8 folded before Flop (didn't bet)
Seat 6: Hero folded before Flop (didn't bet)


Poker Hand #HD1740136767: Hold'em No Limit ($0.02/$0.05) - 2024/04/21 13:47:12
Table 'NLHBlue10' 6-max Seat #1 is the button
Seat 1: 26e86e94 ($5.14 in chips)
Seat 2: 2a483dc ($7.16 in chips)
Seat 3: ac004fa0 ($1.19 in chips)
Seat 4: 24467102 ($5.17 in chips)
Seat 5: e8ef47c8 ($3.6 in chips)
Seat 6: Hero ($5.13 in chips)
2a483dc: posts small blind $0.02
ac004fa0: posts big blind $0.05
*** HOLE CARDS ***
Dealt to 26e86e94 
Dealt to 2a483dc 
Dealt to ac004fa0 
Dealt to 24467102 
Dealt to e8ef47c8 
Dealt to Hero [Kh Ts]
24467102: raises $0.05 to $0.1
e8ef47c8: folds
Hero: folds
26e86e94: folds
2a483dc: folds
ac004fa0: calls $0.05
*** FLOP *** [Qc 6s 8d]
ac004fa0: bets $0.08
24467102: calls $0.08
*** TURN *** [Qc 6s 8d] [9c]
ac004fa0: checks
24467102: bets $0.26
ac004fa0: calls $0.26
*** RIVER *** [Qc 6s 8d 9c] [2h]
ac004fa0: bets $0.3
24467102: raises $0.99 to $1.29
ac004fa0: folds
Uncalled bet ($0.99) returned to 24467102
*** SHOWDOWN ***
24467102 collected $1.38 from pot
*** SUMMARY ***
Total pot $1.5 | Rake $0.07 | Jackpot $0.05 | Bingo $0 | Fortune $0 | Tax $0
Board [Qc 6s 8d 9c 2h]
Seat 1: 26e86e94 (button) folded before Flop (didn't bet)
Seat 2: 2a483dc (small blind) folded before Flop
Seat 3: ac004fa0 (big blind) folded on the River
Seat 4: 24467102 won ($1.38)
Seat 5: e8ef47c8 folded before Flop (didn't bet)
Seat 6: Hero folded before Flop (didn't bet)


Poker Hand #HD1740136671: Hold'em No Limit ($0.02/$0.05) - 2024/04/21 13:46:13
Table 'NLHBlue10' 6-max Seat #6 is the button
Seat 1: 26e86e94 ($5.16 in chips)
Seat 2: 2a483dc ($7.28 in chips)
Seat 3: ac004fa0 ($1.19 in chips)
Seat 4: 24467102 ($5.17 in chips)
Seat 5: e8ef47c8 ($3.6 in chips)
Seat 6: Hero ($5 in chips)
26e86e94: posts small blind $0.02
2a483dc: posts big blind $0.05
*** HOLE CARDS ***
Dealt to 26e86e94 
Dealt to 2a483dc 
Dealt to ac004fa0 
Dealt to 24467102 
Dealt to e8ef47c8 
Dealt to Hero [Ac Qd]
ac004fa0: folds
24467102: folds
e8ef47c8: folds
Hero: raises $0.07 to $0.12
26e86e94: folds
2a483dc: calls $0.07
*** FLOP *** [9d Jd Qc]
2a483dc: checks
Hero: bets $0.1
2a483dc: folds
Uncalled bet ($0.1) returned to Hero
*** SHOWDOWN ***
Hero collected $0.25 from pot
*** SUMMARY ***
Total pot $0.26 | Rake $0.01 | Jackpot $0 | Bingo $0 | Fortune $0 | Tax $0
Board [9d Jd Qc]
Seat 1: 26e86e94 (small blind) folded before Flop
Seat 2: 2a483dc (big blind) folded on the Flop
Seat 3: ac004fa0 folded before Flop (didn't bet)
Seat 4: 24467102 folded before Flop (didn't bet)
Seat 5: e8ef47c8 folded before Flop (didn't bet)
Seat 6: Hero (button) won ($0.25)


Poker Hand #HD1740136612: Hold'em No Limit ($0.02/$0.05) - 2024/04/21 13:45:35
Table 'NLHBlue10' 6-max Seat #5 is the button
Seat 1: 26e86e94 ($4.8 in chips)
Seat 2: 2a483dc ($7.28 in chips)
Seat 3: ac004fa0 ($1.56 in chips)
Seat 4: 24467102 ($5.17 in chips)
Seat 5: e8ef47c8 ($3.6 in chips)
Seat 6: Hero ($5 in chips)
Hero: posts small blind $0.02
26e86e94: posts big blind $0.05
*** HOLE CARDS ***
Dealt to 26e86e94 
Dealt to 2a483dc 
Dealt to ac004fa0 
Dealt to 24467102 
Dealt to e8ef47c8 
Dealt to Hero [8s 3h]
2a483dc: folds
ac004fa0: calls $0.05
24467102: folds
e8ef47c8: folds
Hero: folds
26e86e94: raises $0.18 to $0.23
ac004fa0: calls $0.18
*** FLOP *** [3s Js 2h]
26e86e94: checks
ac004fa0: checks
*** TURN *** [3s Js 2h] [As]
26e86e94: bets $0.14
ac004fa0: calls $0.14
*** RIVER *** [3s Js 2h As] [Ts]
26e86e94: bets $4.43 and is all-in
ac004fa0: folds
Uncalled bet ($4.43) returned to 26e86e94
*** SHOWDOWN ***
26e86e94 collected $0.73 from pot
*** SUMMARY ***
Total pot $0.76 | Rake $0.03 | Jackpot $0 | Bingo $0 | Fortune $0 | Tax $0
Board [3s Js 2h As Ts]
Seat 1: 26e86e94 (big blind) won ($0.73)
Seat 2: 2a483dc folded before Flop (didn't bet)
Seat 3: ac004fa0 folded on the River
Seat 4: 24467102 folded before Flop (didn't bet)
Seat 5: e8ef47c8 (button) folded before Flop (didn't bet)
Seat 6: Hero (small blind) folded before Flop


Poker Hand #HD1740136560: Hold'em No Limit ($0.02/$0.05) - 2024/04/21 13:45:09
Table 'NLHBlue10' 6-max Seat #4 is the button
Seat 1: 26e86e94 ($5.08 in chips)
Seat 2: 2a483dc ($7.28 in chips)
Seat 3: ac004fa0 ($1.24 in chips)
Seat 4: 24467102 ($5.17 in chips)
Seat 5: e8ef47c8 ($3.62 in chips)
Seat 6: Hero ($5 in chips)
e8ef47c8: posts small blind $0.02
Hero: posts big blind $0.05
*** HOLE CARDS ***
Dealt to 26e86e94 
Dealt to 2a483dc 
Dealt to ac004fa0 
Dealt to 24467102 
Dealt to e8ef47c8 
Dealt to Hero [3s 6c]
26e86e94: raises $0.07 to $0.12
2a483dc: folds
ac004fa0: calls $0.12
24467102: folds
e8ef47c8: folds
Hero: folds
*** FLOP *** [4h 5s 5h]
26e86e94: bets $0.16
ac004fa0: raises $0.63 to $0.79
26e86e94: folds
Uncalled bet ($0.63) returned to ac004fa0
*** SHOWDOWN ***
ac004fa0 collected $0.6 from pot
*** SUMMARY ***
Total pot $0.63 | Rake $0.03 | Jackpot $0 | Bingo $0 | Fortune $0 | Tax $0
Board [4h 5s 5h]
Seat 1: 26e86e94 folded on the Flop
Seat 2: 2a483dc folded before Flop (didn't bet)
Seat 3: ac004fa0 won ($0.6)
Seat 4: 24467102 (button) folded before Flop (didn't bet)
Seat 5: e8ef47c8 (small blind) folded before Flop
Seat 6: Hero (big blind) folded before Flop


Poker Hand #HD1740136497: Hold'em No Limit ($0.02/$0.05) - 2024/04/21 13:44:28
Table 'NLHBlue10' 6-max Seat #3 is the button
Seat 1: 26e86e94 ($5.08 in chips)
Seat 2: 2a483dc ($7.28 in chips)
Seat 3: ac004fa0 ($1.37 in chips)
Seat 4: 24467102 ($5 in chips)
Seat 5: e8ef47c8 ($3.67 in chips)
Seat 6: Hero ($5 in chips)
24467102: posts small blind $0.02
e8ef47c8: posts big blind $0.05
*** HOLE CARDS ***
Dealt to 26e86e94 
Dealt to 2a483dc 
Dealt to ac004fa0 
Dealt to 24467102 
Dealt to e8ef47c8 
Dealt to Hero [3h 7h]
Hero: folds
26e86e94: folds
2a483dc: folds
ac004fa0: calls $0.05
24467102: calls $0.03
e8ef47c8: checks
*** FLOP *** [8h 6s Jd]
24467102: checks
e8ef47c8: checks
ac004fa0: bets $0.08
24467102: calls $0.08
e8ef47c8: folds
*** TURN *** [8h 6s Jd] [Jh]
24467102: checks
ac004fa0: checks
*** RIVER *** [8h 6s Jd Jh] [9d]
24467102: checks
ac004fa0: checks
24467102: shows [Td 9h] (Pair of Jacks and Pair of Nines)
ac004fa0: shows [Ac 2c] (Pair of Jacks)
*** SHOWDOWN ***
24467102 collected $0.3 from pot
*** SUMMARY ***
Total pot $0.31 | Rake $0.01 | Jackpot $0 | Bingo $0 | Fortune $0 | Tax $0
Board [8h 6s Jd Jh 9d]
Seat 1: 26e86e94 folded before Flop (didn't bet)
Seat 2: 2a483dc folded before Flop (didn't bet)
Seat 3: ac004fa0 (button) showed [Ac 2c] and lost with Pair of Jacks
Seat 4: 24467102 (small blind) showed [Td 9h] and won ($0.3) with Pair of Jacks and Pair of Nines
Seat 5: e8ef47c8 (big blind) folded on the Flop
Seat 6: Hero folded before Flop (didn't bet)


Poker Hand #HD1740136430: Hold'em No Limit ($0.02/$0.05) - 2024/04/21 13:43:47
Table 'NLHBlue10' 6-max Seat #2 is the button
Seat 1: 26e86e94 ($5.08 in chips)
Seat 2: 2a483dc ($7.28 in chips)
Seat 3: ac004fa0 ($0.94 in chips)
Seat 4: 24467102 ($5 in chips)
Seat 5: e8ef47c8 ($4.04 in chips)
Seat 6: Hero ($5 in chips)
ac004fa0: posts small blind $0.02
24467102: posts big blind $0.05
*** HOLE CARDS ***
Dealt to 26e86e94 
Dealt to 2a483dc 
Dealt to ac004fa0 
Dealt to 24467102 
Dealt to e8ef47c8 
Dealt to Hero [4h 9s]
e8ef47c8: raises $0.05 to $0.1
Hero: folds
26e86e94: folds
2a483dc: folds
ac004fa0: calls $0.08
24467102: calls $0.05
*** FLOP *** [6h 7c Kd]
ac004fa0: checks
24467102: checks
e8ef47c8: checks
*** TURN *** [6h 7c Kd] [9h]
ac004fa0: bets $0.1
24467102: folds
e8ef47c8: calls $0.1
*** RIVER *** [6h 7c Kd 9h] [As]
ac004fa0: bets $0.17
e8ef47c8: calls $0.17
ac004fa0: shows [Ts Kc] (Pair of Kings)
e8ef47c8: shows [Qc 9c] (Pair of Nines)
*** SHOWDOWN ***
ac004fa0 collected $0.8 from pot
*** SUMMARY ***
Total pot $0.84 | Rake $0.04 | Jackpot $0 | Bingo $0 | Fortune $0 | Tax $0
Board [6h 7c Kd 9h As]
Seat 1: 26e86e94 folded before Flop (didn't bet)
Seat 2: 2a483dc (button) folded before Flop (didn't bet)
Seat 3: ac004fa0 (small blind) showed [Ts Kc] and won ($0.8) with Pair of Kings
Seat 4: 24467102 (big blind) folded on the Turn
Seat 5: e8ef47c8 showed [Qc 9c] and lost with Pair of Nines
Seat 6: Hero folded before Flop (didn't bet)


Poker Hand #HD1740136381: Hold'em No Limit ($0.02/$0.05) - 2024/04/21 13:43:14
Table 'NLHBlue10' 6-max Seat #1 is the button
Seat 1: 26e86e94 ($5.08 in chips)
Seat 2: 2a483dc ($7.12 in chips)
Seat 3: ac004fa0 ($0.99 in chips)
Seat 5: e8ef47c8 ($4.04 in chips)
Seat 6: Hero ($5.1 in chips)
2a483dc: posts small blind $0.02
ac004fa0: posts big blind $0.05
*** HOLE CARDS ***
Dealt to 26e86e94 
Dealt to 2a483dc 
Dealt to ac004fa0 
Dealt to e8ef47c8 
Dealt to Hero [9s As]
e8ef47c8: folds
Hero: raises $0.07 to $0.12
26e86e94: folds
2a483dc: raises $0.35 to $0.47
ac004fa0: folds
Hero: folds
Uncalled bet ($0.35) returned to 2a483dc
*** SHOWDOWN ***
2a483dc collected $0.28 from pot
*** SUMMARY ***
Total pot $0.29 | Rake $0.01 | Jackpot $0 | Bingo $0 | Fortune $0 | Tax $0
Seat 1: 26e86e94 (button) folded before Flop (didn't bet)
Seat 2: 2a483dc (small blind) collected ($0.28)
Seat 3: ac004fa0 (big blind) folded before Flop
Seat 5: e8ef47c8 folded before Flop (didn't bet)
Seat 6: Hero folded before Flop


Poker Hand #HD1740136291: Hold'em No Limit ($0.02/$0.05) - 2024/04/21 13:42:21
Table 'NLHBlue10' 6-max Seat #6 is the button
Seat 1: 26e86e94 ($5.1 in chips)
Seat 2: 2a483dc ($7.22 in chips)
Seat 3: ac004fa0 ($0.88 in chips)
Seat 5: e8ef47c8 ($4.04 in chips)
Seat 6: Hero ($5.1 in chips)
26e86e94: posts small blind $0.02
2a483dc: posts big blind $0.05
*** HOLE CARDS ***
Dealt to 26e86e94 
Dealt to 2a483dc 
Dealt to ac004fa0 
Dealt to e8ef47c8 
Dealt to Hero [3d 5s]
ac004fa0: raises $0.05 to $0.1
e8ef47c8: folds
Hero: folds
26e86e94: folds
2a483dc: calls $0.05
*** FLOP *** [9s 2d As]
2a483dc: checks
ac004fa0: checks
*** TURN *** [9s 2d As] [5d]
2a483dc: checks
ac004fa0: checks
*** RIVER *** [9s 2d As 5d] [2h]
2a483dc: checks
ac004fa0: bets $0.11
2a483dc: folds
Uncalled bet ($0.11) returned to ac004fa0
*** SHOWDOWN ***
ac004fa0 collected $0.21 from pot
*** SUMMARY ***
Total pot $0.22 | Rake $0.01 | Jackpot $0 | Bingo $0 | Fortune $0 | Tax $0
Board [9s 2d As 5d 2h]
Seat 1: 26e86e94 (small blind) folded before Flop
Seat 2: 2a483dc (big blind) folded on the River
Seat 3: ac004fa0 won ($0.21)
Seat 5: e8ef47c8 folded before Flop (didn't bet)
Seat 6: Hero (button) folded before Flop (didn't bet)


Poker Hand #HD1740136263: Hold'em No Limit ($0.02/$0.05) - 2024/04/21 13:42:04
Table 'NLHBlue10' 6-max Seat #5 is the button
Seat 1: 26e86e94 ($5.15 in chips)
Seat 2: 2a483dc ($7.22 in chips)
Seat 3: ac004fa0 ($0.93 in chips)
Seat 5: e8ef47c8 ($4.04 in chips)
Seat 6: Hero ($5 in chips)
Hero: posts small blind $0.02
26e86e94: posts big blind $0.05
*** HOLE CARDS ***
Dealt to 26e86e94 
Dealt to 2a483dc 
Dealt to ac004fa0 
Dealt to e8ef47c8 
Dealt to Hero [As Kc]
2a483dc: folds
ac004fa0: calls $0.05
e8ef47c8: folds
Hero: raises $0.15 to $0.2
26e86e94: folds
ac004fa0: folds
Uncalled bet ($0.15) returned to Hero
*** SHOWDOWN ***
Hero collected $0.15 from pot
*** SUMMARY ***
Total pot $0.15 | Rake $0 | Jackpot $0 | Bingo $0 | Fortune $0 | Tax $0
Seat 1: 26e86e94 (big blind) folded before Flop
Seat 2: 2a483dc folded before Flop (didn't bet)
Seat 3: ac004fa0 folded before Flop
Seat 5: e8ef47c8 (button) folded before Flop (didn't bet)
Seat 6: Hero (small blind) collected ($0.15)


Poker Hand #HD1740136181: Hold'em No Limit ($0.02/$0.05) - 2024/04/21 13:41:12
Table 'NLHBlue10' 6-max Seat #3 is the button
Seat 1: 26e86e94 ($5.15 in chips)
Seat 2: 2a483dc ($7.22 in chips)
Seat 3: ac004fa0 ($0.81 in chips)
Seat 4: 207dc0a2 ($5.64 in chips)
Seat 5: e8ef47c8 ($4.15 in chips)
Seat 6: Hero ($5 in chips)
207dc0a2: posts small blind $0.02
e8ef47c8: posts big blind $0.05
*** HOLE CARDS ***
Dealt to 26e86e94 
Dealt to 2a483dc 
Dealt to ac004fa0 
Dealt to 207dc0a2 
Dealt to e8ef47c8 
Dealt to Hero [Qh 7s]
Hero: folds
26e86e94: folds
2a483dc: folds
ac004fa0: calls $0.05
207dc0a2: folds
e8ef47c8: checks
*** FLOP *** [3d 5c As]
e8ef47c8: checks
ac004fa0: checks
*** TURN *** [3d 5c As] [Qs]
e8ef47c8: checks
ac004fa0: checks
*** RIVER *** [3d 5c As Qs] [9d]
e8ef47c8: checks
ac004fa0: bets $0.06
e8ef47c8: calls $0.06
ac004fa0: shows [9h 8h] (Pair of Nines)
e8ef47c8: shows [4d 3c] (Pair of Treys)
*** SHOWDOWN ***
ac004fa0 collected $0.23 from pot
*** SUMMARY ***
Total pot $0.24 | Rake $0.01 | Jackpot $0 | Bingo $0 | Fortune $0 | Tax $0
Board [3d 5c As Qs 9d]
Seat 1: 26e86e94 folded before Flop (didn't bet)
Seat 2: 2a483dc folded before Flop (didn't bet)
Seat 3: ac004fa0 (button) showed [9h 8h] and won ($0.23) with Pair of Nines
Seat 4: 207dc0a2 (small blind) folded before Flop
Seat 5: e8ef47c8 (big blind) showed [4d 3c] and lost with Pair of Treys
Seat 6: Hero folded before Flop (didn't bet)


Poker Hand #HD1740136109: Hold'em No Limit ($0.02/$0.05) - 2024/04/21 13:40:37
Table 'NLHBlue10' 6-max Seat #2 is the button
Seat 1: 26e86e94 ($5.15 in chips)
Seat 2: 2a483dc ($7.22 in chips)
Seat 3: ac004fa0 ($1.23 in chips)
Seat 4: 207dc0a2 ($5.69 in chips)
Seat 5: e8ef47c8 ($3.72 in chips)
Seat 6: Hero ($5 in chips)
ac004fa0: posts small blind $0.02
207dc0a2: posts big blind $0.05
*** HOLE CARDS ***
Dealt to 26e86e94 
Dealt to 2a483dc 
Dealt to ac004fa0 
Dealt to 207dc0a2 
Dealt to e8ef47c8 
Dealt to Hero [Js Kd]
e8ef47c8: raises $0.08 to $0.13
Hero: folds
26e86e94: folds
2a483dc: folds
ac004fa0: calls $0.11
207dc0a2: folds
*** FLOP *** [Ad Qd 7s]
ac004fa0: bets $0.11
e8ef47c8: calls $0.11
*** TURN *** [Ad Qd 7s] [2d]
ac004fa0: checks
e8ef47c8: checks
*** RIVER *** [Ad Qd 7s 2d] [7h]
ac004fa0: bets $0.18
e8ef47c8: calls $0.18
ac004fa0: shows [4c 4h] (Pair of Sevens and Pair of Fours)
e8ef47c8: shows [Ac 5c] (Pair of Aces and Pair of Sevens)
*** SHOWDOWN ***
e8ef47c8 collected $0.85 from pot
*** SUMMARY ***
Total pot $0.89 | Rake $0.04 | Jackpot $0 | Bingo $0 | Fortune $0 | Tax $0
Board [Ad Qd 7s 2d 7h]
Seat 1: 26e86e94 folded before Flop (didn't bet)
Seat 2: 2a483dc (button) folded before Flop (didn't bet)
Seat 3: ac004fa0 (small blind) showed [4c 4h] and lost with Pair of Sevens and Pair of Fours
Seat 4: 207dc0a2 (big blind) folded before Flop
Seat 5: e8ef47c8 showed [Ac 5c] and won ($0.85) with Pair of Aces and Pair of Sevens
Seat 6: Hero folded before Flop (didn't bet)


Poker Hand #HD1740135977: Hold'em No Limit ($0.02/$0.05) - 2024/04/21 13:39:21
Table 'NLHBlue10' 6-max Seat #1 is the button
Seat 1: 26e86e94 ($5.15 in chips)
Seat 2: 2a483dc ($7.47 in chips)
Seat 3: ac004fa0 ($1 in chips)
Seat 4: 207dc0a2 ($5.69 in chips)
Seat 5: e8ef47c8 ($3.72 in chips)
Seat 6: Hero ($5 in chips)
2a483dc: posts small blind $0.02
ac004fa0: posts big blind $0.05
*** HOLE CARDS ***
Dealt to 26e86e94 
Dealt to 2a483dc 
Dealt to ac004fa0 
Dealt to 207dc0a2 
Dealt to e8ef47c8 
Dealt to Hero [5c 4d]
207dc0a2: folds
e8ef47c8: folds
Hero: folds
26e86e94: folds
2a483dc: raises $0.1 to $0.15
ac004fa0: calls $0.1
*** FLOP *** [9c 8d 5h]
2a483dc: checks
ac004fa0: bets $0.1
2a483dc: calls $0.1
*** TURN *** [9c 8d 5h] [7s]
2a483dc: checks
ac004fa0: checks
*** RIVER *** [9c 8d 5h 7s] [9s]
2a483dc: checks
ac004fa0: bets $0.17
2a483dc: folds
Uncalled bet ($0.17) returned to ac004fa0
*** SHOWDOWN ***
ac004fa0 collected $0.48 from pot
*** SUMMARY ***
Total pot $0.5 | Rake $0.02 | Jackpot $0 | Bingo $0 | Fortune $0 | Tax $0
Board [9c 8d 5h 7s 9s]
Seat 1: 26e86e94 (button) folded before Flop (didn't bet)
Seat 2: 2a483dc (small blind) folded on the River
Seat 3: ac004fa0 (big blind) won ($0.48)
Seat 4: 207dc0a2 folded before Flop (didn't bet)
Seat 5: e8ef47c8 folded before Flop (didn't bet)
Seat 6: Hero folded before Flop (didn't bet)


Poker Hand #HD1740135962: Hold'em No Limit ($0.02/$0.05) - 2024/04/21 13:39:10
Table 'NLHBlue10' 6-max Seat #6 is the button
Seat 1: 26e86e94 ($5.17 in chips)
Seat 2: 2a483dc ($7.45 in chips)
Seat 4: 207dc0a2 ($5.69 in chips)
Seat 5: e8ef47c8 ($3.72 in chips)
Seat 6: Hero ($5 in chips)
26e86e94: posts small blind $0.02
2a483dc: posts big blind $0.05
*** HOLE CARDS ***
Dealt to 26e86e94 
Dealt to 2a483dc 
Dealt to 207dc0a2 
Dealt to e8ef47c8 
Dealt to Hero [2d 6h]
207dc0a2: folds
e8ef47c8: folds
Hero: folds
26e86e94: folds
Uncalled bet ($0.03) returned to 2a483dc
*** SHOWDOWN ***
2a483dc collected $0.04 from pot
*** SUMMARY ***
Total pot $0.04 | Rake $0 | Jackpot $0 | Bingo $0 | Fortune $0 | Tax $0
Seat 1: 26e86e94 (small blind) folded before Flop
Seat 2: 2a483dc (big blind) collected ($0.04)
Seat 4: 207dc0a2 folded before Flop (didn't bet)
Seat 5: e8ef47c8 folded before Flop (didn't bet)
Seat 6: Hero (button) folded before Flop (didn't bet)


Poker Hand #HD1740135945: Hold'em No Limit ($0.02/$0.05) - 2024/04/21 13:39:00
Table 'NLHBlue10' 6-max Seat #5 is the button
Seat 1: 26e86e94 ($5.15 in chips)
Seat 2: 2a483dc ($7.45 in chips)
Seat 5: e8ef47c8 ($3.72 in chips)
Seat 6: Hero ($5 in chips)
Hero: posts small blind $0.02
26e86e94: posts big blind $0.05
*** HOLE CARDS ***
Dealt to 26e86e94 
Dealt to 2a483dc 
Dealt to e8ef47c8 
Dealt to Hero [Jd 3c]
2a483dc: folds
e8ef47c8: folds
Hero: folds
Uncalled bet ($0.03) returned to 26e86e94
*** SHOWDOWN ***
26e86e94 collected $0.04 from pot
*** SUMMARY ***
Total pot $0.04 | Rake $0 | Jackpot $0 | Bingo $0 | Fortune $0 | Tax $0
Seat 1: 26e86e94 (big blind) collected ($0.04)
Seat 2: 2a483dc folded before Flop (didn't bet)
Seat 5: e8ef47c8 (button) folded before Flop (didn't bet)
Seat 6: Hero (small blind) folded before Flop


Poker Hand #HD1740135909: Hold'em No Limit ($0.02/$0.05) - 2024/04/21 13:38:32
Table 'NLHBlue10' 6-max Seat #4 is the button
Seat 1: 26e86e94 ($5.15 in chips)
Seat 2: 2a483dc ($7.45 in chips)
Seat 4: 207dc0a2 ($5.69 in chips)
Seat 5: e8ef47c8 ($3.67 in chips)
Seat 6: Hero ($5 in chips)
e8ef47c8: posts small blind $0.02
Hero: posts big blind $0.05
*** HOLE CARDS ***
Dealt to 26e86e94 
Dealt to 2a483dc 
Dealt to 207dc0a2 
Dealt to e8ef47c8 
Dealt to Hero [7c Js]
26e86e94: folds
2a483dc: folds
207dc0a2: folds
e8ef47c8: raises $0.08 to $0.13
Hero: folds
Uncalled bet ($0.08) returned to e8ef47c8
*** SHOWDOWN ***
e8ef47c8 collected $0.1 from pot
*** SUMMARY ***
Total pot $0.1 | Rake $0 | Jackpot $0 | Bingo $0 | Fortune $0 | Tax $0
Seat 1: 26e86e94 folded before Flop (didn't bet)
Seat 2: 2a483dc folded before Flop (didn't bet)
Seat 4: 207dc0a2 (button) folded before Flop (didn't bet)
Seat 5: e8ef47c8 (small blind) collected ($0.1)
Seat 6: Hero (big blind) folded before Flop


