Poker Hand #HD1825156893: Hold'em No Limit ($0.05/$0.1) - 2024/06/21 14:30:24
Table 'NLHRed17' 6-max Seat #5 is the button
Seat 2: f2a1575f ($10 in chips)
Seat 3: 8c4455df ($12.65 in chips)
Seat 5: Hero ($10 in chips)
Seat 6: d945f13 ($10 in chips)
d945f13: posts small blind $0.05
f2a1575f: posts big blind $0.1
*** HOLE CARDS ***
Dealt to f2a1575f 
Dealt to 8c4455df 
Dealt to Hero [Qc 9c]
Dealt to d945f13 
8c4455df: folds
Hero: raises $0.14 to $0.24
d945f13: raises $0.73 to $0.97
f2a1575f: folds
Hero: folds
Uncalled bet ($0.73) returned to d945f13
*** SHOWDOWN ***
d945f13 collected $0.56 from pot
*** SUMMARY ***
Total pot $0.58 | Rake $0.02 | Jackpot $0 | Bingo $0 | Fortune $0 | Tax $0
Seat 2: f2a1575f (big blind) folded before Flop
Seat 3: 8c4455df folded before Flop (didn't bet)
Seat 5: Hero (button) folded before Flop
Seat 6: d945f13 (small blind) collected ($0.56)


Poker Hand #HD1825156866: Hold'em No Limit ($0.05/$0.1) - 2024/06/21 14:30:09
Table 'NLHRed17' 6-max Seat #4 is the button
Seat 1: 46906cec ($12.61 in chips)
Seat 3: 8c4455df ($12.5 in chips)
Seat 4: 2180b6f4 ($10.83 in chips)
Seat 5: Hero ($10 in chips)
Seat 6: d945f13 ($10 in chips)
Hero: posts small blind $0.05
d945f13: posts big blind $0.1
*** HOLE CARDS ***
Dealt to 46906cec 
Dealt to 8c4455df 
Dealt to 2180b6f4 
Dealt to Hero [7d 3h]
Dealt to d945f13 
46906cec: folds
8c4455df: raises $0.15 to $0.25
2180b6f4: folds
Hero: folds
d945f13: folds
Uncalled bet ($0.15) returned to 8c4455df
*** SHOWDOWN ***
8c4455df collected $0.25 from pot
*** SUMMARY ***
Total pot $0.25 | Rake $0 | Jackpot $0 | Bingo $0 | Fortune $0 | Tax $0
Seat 1: 46906cec folded before Flop (didn't bet)
Seat 3: 8c4455df collected ($0.25)
Seat 4: 2180b6f4 (button) folded before Flop (didn't bet)
Seat 5: Hero (small blind) folded before Flop
Seat 6: d945f13 (big blind) folded before Flop


Poker Hand #HD1825156846: Hold'em No Limit ($0.05/$0.1) - 2024/06/21 14:29:55
Table 'NLHRed17' 6-max Seat #3 is the button
Seat 1: 46906cec ($12.81 in chips)
Seat 3: 8c4455df ($12.5 in chips)
Seat 4: 2180b6f4 ($10.55 in chips)
Seat 5: Hero ($10 in chips)
Seat 6: d945f13 ($10 in chips)
2180b6f4: posts small blind $0.05
Hero: posts big blind $0.1
*** HOLE CARDS ***
Dealt to 46906cec 
Dealt to 8c4455df 
Dealt to 2180b6f4 
Dealt to Hero [9h 3c]
Dealt to d945f13 
d945f13: folds
46906cec: raises $0.1 to $0.2
8c4455df: folds
2180b6f4: raises $1 to $1.2
Hero: folds
46906cec: folds
Uncalled bet ($1) returned to 2180b6f4
*** SHOWDOWN ***
2180b6f4 collected $0.48 from pot
*** SUMMARY ***
Total pot $0.5 | Rake $0.02 | Jackpot $0 | Bingo $0 | Fortune $0 | Tax $0
Seat 1: 46906cec folded before Flop
Seat 3: 8c4455df (button) folded before Flop (didn't bet)
Seat 4: 2180b6f4 (small blind) collected ($0.48)
Seat 5: Hero (big blind) folded before Flop
Seat 6: d945f13 folded before Flop (didn't bet)


Poker Hand #HD1825156776: Hold'em No Limit ($0.05/$0.1) - 2024/06/21 14:29:10
Table 'NLHRed17' 6-max Seat #1 is the button
Seat 1: 46906cec ($10.85 in chips)
Seat 3: 8c4455df ($12.55 in chips)
Seat 4: 2180b6f4 ($10.65 in chips)
Seat 5: Hero ($10 in chips)
Seat 6: d945f13 ($10.58 in chips)
8c4455df: posts small blind $0.05
2180b6f4: posts big blind $0.1
*** HOLE CARDS ***
Dealt to 46906cec 
Dealt to 8c4455df 
Dealt to 2180b6f4 
Dealt to Hero [3s Js]
Dealt to d945f13 
Hero: folds
d945f13: raises $0.12 to $0.22
46906cec: raises $0.58 to $0.8
8c4455df: folds
2180b6f4: folds
d945f13: raises $1.32 to $2.12
46906cec: raises $8.73 to $10.85 and is all-in
d945f13: folds
Uncalled bet ($8.73) returned to 46906cec
*** SHOWDOWN ***
46906cec collected $4.08 from pot
*** SUMMARY ***
Total pot $4.39 | Rake $0.21 | Jackpot $0.1 | Bingo $0 | Fortune $0 | Tax $0
Seat 1: 46906cec (button) collected ($4.08)
Seat 3: 8c4455df (small blind) folded before Flop
Seat 4: 2180b6f4 (big blind) folded before Flop
Seat 5: Hero folded before Flop (didn't bet)
Seat 6: d945f13 folded before Flop


Poker Hand #HD1825156755: Hold'em No Limit ($0.05/$0.1) - 2024/06/21 14:28:55
Table 'NLHRed17' 6-max Seat #6 is the button
Seat 1: 46906cec ($10.9 in chips)
Seat 3: 8c4455df ($12.5 in chips)
Seat 4: 2180b6f4 ($10.65 in chips)
Seat 5: Hero ($10 in chips)
Seat 6: d945f13 ($10.58 in chips)
46906cec: posts small blind $0.05
8c4455df: posts big blind $0.1
*** HOLE CARDS ***
Dealt to 46906cec 
Dealt to 8c4455df 
Dealt to 2180b6f4 
Dealt to Hero [3s 9c]
Dealt to d945f13 
2180b6f4: folds
Hero: folds
d945f13: folds
46906cec: folds
Uncalled bet ($0.05) returned to 8c4455df
*** SHOWDOWN ***
8c4455df collected $0.1 from pot
*** SUMMARY ***
Total pot $0.1 | Rake $0 | Jackpot $0 | Bingo $0 | Fortune $0 | Tax $0
Seat 1: 46906cec (small blind) folded before Flop
Seat 3: 8c4455df (big blind) collected ($0.1)
Seat 4: 2180b6f4 folded before Flop (didn't bet)
Seat 5: Hero folded before Flop (didn't bet)
Seat 6: d945f13 (button) folded before Flop (didn't bet)


Poker Hand #HD1825156739: Hold'em No Limit ($0.05/$0.1) - 2024/06/21 14:28:44
Table 'NLHRed17' 6-max Seat #5 is the button
Seat 1: 46906cec ($11 in chips)
Seat 3: 8c4455df ($12.5 in chips)
Seat 4: 2180b6f4 ($10.65 in chips)
Seat 5: Hero ($10 in chips)
Seat 6: d945f13 ($10.48 in chips)
d945f13: posts small blind $0.05
46906cec: posts big blind $0.1
*** HOLE CARDS ***
Dealt to 46906cec 
Dealt to 8c4455df 
Dealt to 2180b6f4 
Dealt to Hero [Js 8c]
Dealt to d945f13 
8c4455df: folds
2180b6f4: folds
Hero: folds
d945f13: raises $0.2 to $0.3
46906cec: folds
Uncalled bet ($0.2) returned to d945f13
*** SHOWDOWN ***
d945f13 collected $0.2 from pot
*** SUMMARY ***
Total pot $0.2 | Rake $0 | Jackpot $0 | Bingo $0 | Fortune $0 | Tax $0
Seat 1: 46906cec (big blind) folded before Flop
Seat 3: 8c4455df folded before Flop (didn't bet)
Seat 4: 2180b6f4 folded before Flop (didn't bet)
Seat 5: Hero (button) folded before Flop (didn't bet)
Seat 6: d945f13 (small blind) collected ($0.2)


Poker Hand #HD1825156715: Hold'em No Limit ($0.05/$0.1) - 2024/06/21 14:28:30
Table 'NLHRed17' 6-max Seat #4 is the button
Seat 1: 46906cec ($11 in chips)
Seat 3: 8c4455df ($12.5 in chips)
Seat 4: 2180b6f4 ($10.5 in chips)
Seat 5: Hero ($10 in chips)
Seat 6: d945f13 ($10.58 in chips)
Hero: posts small blind $0.05
d945f13: posts big blind $0.1
*** HOLE CARDS ***
Dealt to 46906cec 
Dealt to 8c4455df 
Dealt to 2180b6f4 
Dealt to Hero [Qc 8s]
Dealt to d945f13 
46906cec: folds
8c4455df: folds
2180b6f4: raises $0.2 to $0.3
Hero: folds
d945f13: folds
Uncalled bet ($0.2) returned to 2180b6f4
*** SHOWDOWN ***
2180b6f4 collected $0.25 from pot
*** SUMMARY ***
Total pot $0.25 | Rake $0 | Jackpot $0 | Bingo $0 | Fortune $0 | Tax $0
Seat 1: 46906cec folded before Flop (didn't bet)
Seat 3: 8c4455df folded before Flop (didn't bet)
Seat 4: 2180b6f4 (button) collected ($0.25)
Seat 5: Hero (small blind) folded before Flop
Seat 6: d945f13 (big blind) folded before Flop


Poker Hand #HD1825156703: Hold'em No Limit ($0.05/$0.1) - 2024/06/21 14:28:19
Table 'NLHRed17' 6-max Seat #3 is the button
Seat 1: 46906cec ($10.85 in chips)
Seat 3: 8c4455df ($12.5 in chips)
Seat 4: 2180b6f4 ($10.55 in chips)
Seat 5: Hero ($10 in chips)
Seat 6: d945f13 ($10.58 in chips)
2180b6f4: posts small blind $0.05
Hero: posts big blind $0.1
*** HOLE CARDS ***
Dealt to 46906cec 
Dealt to 8c4455df 
Dealt to 2180b6f4 
Dealt to Hero [2h 7c]
Dealt to d945f13 
d945f13: folds
46906cec: raises $0.1 to $0.2
8c4455df: folds
2180b6f4: folds
Hero: folds
Uncalled bet ($0.1) returned to 46906cec
*** SHOWDOWN ***
46906cec collected $0.25 from pot
*** SUMMARY ***
Total pot $0.25 | Rake $0 | Jackpot $0 | Bingo $0 | Fortune $0 | Tax $0
Seat 1: 46906cec collected ($0.25)
Seat 3: 8c4455df (button) folded before Flop (didn't bet)
Seat 4: 2180b6f4 (small blind) folded before Flop
Seat 5: Hero (big blind) folded before Flop
Seat 6: d945f13 folded before Flop (didn't bet)


Poker Hand #HD1825156679: Hold'em No Limit ($0.05/$0.1) - 2024/06/21 14:28:06
Table 'NLHRed17' 6-max Seat #1 is the button
Seat 1: 46906cec ($10.85 in chips)
Seat 2: 61aa8c58 ($11.62 in chips)
Seat 3: 8c4455df ($12.6 in chips)
Seat 4: 2180b6f4 ($10.4 in chips)
Seat 5: Hero ($10 in chips)
Seat 6: d945f13 ($10.58 in chips)
61aa8c58: posts small blind $0.05
8c4455df: posts big blind $0.1
*** HOLE CARDS ***
Dealt to 46906cec 
Dealt to 61aa8c58 
Dealt to 8c4455df 
Dealt to 2180b6f4 
Dealt to Hero [Tc Ad]
Dealt to d945f13 
2180b6f4: raises $0.2 to $0.3
Hero: folds
d945f13: folds
46906cec: folds
61aa8c58: folds
8c4455df: folds
Uncalled bet ($0.2) returned to 2180b6f4
*** SHOWDOWN ***
2180b6f4 collected $0.25 from pot
*** SUMMARY ***
Total pot $0.25 | Rake $0 | Jackpot $0 | Bingo $0 | Fortune $0 | Tax $0
Seat 1: 46906cec (button) folded before Flop (didn't bet)
Seat 2: 61aa8c58 (small blind) folded before Flop
Seat 3: 8c4455df (big blind) folded before Flop
Seat 4: 2180b6f4 collected ($0.25)
Seat 5: Hero folded before Flop (didn't bet)
Seat 6: d945f13 folded before Flop (didn't bet)


Poker Hand #HD1825156615: Hold'em No Limit ($0.05/$0.1) - 2024/06/21 14:27:26
Table 'NLHRed17' 6-max Seat #6 is the button
Seat 1: 46906cec ($10.9 in chips)
Seat 2: 61aa8c58 ($10.67 in chips)
Seat 4: 2180b6f4 ($10.4 in chips)
Seat 5: Hero ($10 in chips)
Seat 6: d945f13 ($10.58 in chips)
46906cec: posts small blind $0.05
61aa8c58: posts big blind $0.1
*** HOLE CARDS ***
Dealt to 46906cec 
Dealt to 61aa8c58 
Dealt to 2180b6f4 
Dealt to Hero [8d 8s]
Dealt to d945f13 
2180b6f4: folds
Hero: raises $0.14 to $0.24
d945f13: folds
46906cec: folds
61aa8c58: raises $0.76 to $1
Hero: calls $0.76
*** FLOP *** [Qs Kh 2d]
61aa8c58: bets $0.8
Hero: folds
Uncalled bet ($0.8) returned to 61aa8c58
*** SHOWDOWN ***
61aa8c58 collected $1.95 from pot
*** SUMMARY ***
Total pot $2.05 | Rake $0.1 | Jackpot $0 | Bingo $0 | Fortune $0 | Tax $0
Board [Qs Kh 2d]
Seat 1: 46906cec (small blind) folded before Flop
Seat 2: 61aa8c58 (big blind) won ($1.95)
Seat 4: 2180b6f4 folded before Flop (didn't bet)
Seat 5: Hero folded on the Flop
Seat 6: d945f13 (button) folded before Flop (didn't bet)


Poker Hand #HD1825156599: Hold'em No Limit ($0.05/$0.1) - 2024/06/21 14:27:16
Table 'NLHRed17' 6-max Seat #5 is the button
Seat 1: 46906cec ($11 in chips)
Seat 2: 61aa8c58 ($10.67 in chips)
Seat 4: 2180b6f4 ($10.4 in chips)
Seat 5: Hero ($10 in chips)
Seat 6: d945f13 ($10.48 in chips)
d945f13: posts small blind $0.05
46906cec: posts big blind $0.1
*** HOLE CARDS ***
Dealt to 46906cec 
Dealt to 61aa8c58 
Dealt to 2180b6f4 
Dealt to Hero [5s 6c]
Dealt to d945f13 
61aa8c58: folds
2180b6f4: folds
Hero: folds
d945f13: raises $0.2 to $0.3
46906cec: folds
Uncalled bet ($0.2) returned to d945f13
*** SHOWDOWN ***
d945f13 collected $0.2 from pot
*** SUMMARY ***
Total pot $0.2 | Rake $0 | Jackpot $0 | Bingo $0 | Fortune $0 | Tax $0
Seat 1: 46906cec (big blind) folded before Flop
Seat 2: 61aa8c58 folded before Flop (didn't bet)
Seat 4: 2180b6f4 folded before Flop (didn't bet)
Seat 5: Hero (button) folded before Flop (didn't bet)
Seat 6: d945f13 (small blind) collected ($0.2)


Poker Hand #HD1825156576: Hold'em No Limit ($0.05/$0.1) - 2024/06/21 14:27:04
Table 'NLHRed17' 6-max Seat #4 is the button
Seat 1: 46906cec ($10.85 in chips)
Seat 2: 61aa8c58 ($10.67 in chips)
Seat 4: 2180b6f4 ($10.4 in chips)
Seat 5: Hero ($10 in chips)
Seat 6: d945f13 ($10.58 in chips)
Hero: posts small blind $0.05
d945f13: posts big blind $0.1
*** HOLE CARDS ***
Dealt to 46906cec 
Dealt to 61aa8c58 
Dealt to 2180b6f4 
Dealt to Hero [8d Jd]
Dealt to d945f13 
46906cec: raises $0.1 to $0.2
61aa8c58: folds
2180b6f4: folds
Hero: folds
d945f13: folds
Uncalled bet ($0.1) returned to 46906cec
*** SHOWDOWN ***
46906cec collected $0.25 from pot
*** SUMMARY ***
Total pot $0.25 | Rake $0 | Jackpot $0 | Bingo $0 | Fortune $0 | Tax $0
Seat 1: 46906cec collected ($0.25)
Seat 2: 61aa8c58 folded before Flop (didn't bet)
Seat 4: 2180b6f4 (button) folded before Flop (didn't bet)
Seat 5: Hero (small blind) folded before Flop
Seat 6: d945f13 (big blind) folded before Flop


Poker Hand #HD1825156549: Hold'em No Limit ($0.05/$0.1) - 2024/06/21 14:26:44
Table 'NLHRed17' 6-max Seat #2 is the button
Seat 1: 46906cec ($10.85 in chips)
Seat 2: 61aa8c58 ($10.9 in chips)
Seat 4: 2180b6f4 ($10.09 in chips)
Seat 5: Hero ($10 in chips)
Seat 6: d945f13 ($10.58 in chips)
2180b6f4: posts small blind $0.05
Hero: posts big blind $0.1
*** HOLE CARDS ***
Dealt to 46906cec 
Dealt to 61aa8c58 
Dealt to 2180b6f4 
Dealt to Hero [7d Ks]
Dealt to d945f13 
d945f13: folds
46906cec: folds
61aa8c58: raises $0.13 to $0.23
2180b6f4: raises $0.97 to $1.2
Hero: folds
61aa8c58: folds
Uncalled bet ($0.97) returned to 2180b6f4
*** SHOWDOWN ***
2180b6f4 collected $0.54 from pot
*** SUMMARY ***
Total pot $0.56 | Rake $0.02 | Jackpot $0 | Bingo $0 | Fortune $0 | Tax $0
Seat 1: 46906cec folded before Flop (didn't bet)
Seat 2: 61aa8c58 (button) folded before Flop
Seat 4: 2180b6f4 (small blind) collected ($0.54)
Seat 5: Hero (big blind) folded before Flop
Seat 6: d945f13 folded before Flop (didn't bet)


Poker Hand #HD1825156463: Hold'em No Limit ($0.05/$0.1) - 2024/06/21 14:25:54
Table 'NLHRed17' 6-max Seat #1 is the button
Seat 1: 46906cec ($10.85 in chips)
Seat 2: 61aa8c58 ($11 in chips)
Seat 4: 2180b6f4 ($10 in chips)
Seat 5: Hero ($10 in chips)
Seat 6: d945f13 ($10.58 in chips)
61aa8c58: posts small blind $0.05
2180b6f4: posts big blind $0.1
*** HOLE CARDS ***
Dealt to 46906cec 
Dealt to 61aa8c58 
Dealt to 2180b6f4 
Dealt to Hero [5c Td]
Dealt to d945f13 
Hero: folds
d945f13: folds
46906cec: folds
61aa8c58: calls $0.05
2180b6f4: checks
*** FLOP *** [Qs 6h Qh]
61aa8c58: checks
2180b6f4: checks
*** TURN *** [Qs 6h Qh] [9h]
61aa8c58: checks
2180b6f4: checks
*** RIVER *** [Qs 6h Qh 9h] [9c]
61aa8c58: checks
2180b6f4: bets $0.2
61aa8c58: folds
Uncalled bet ($0.2) returned to 2180b6f4
*** SHOWDOWN ***
2180b6f4 collected $0.19 from pot
*** SUMMARY ***
Total pot $0.2 | Rake $0.01 | Jackpot $0 | Bingo $0 | Fortune $0 | Tax $0
Board [Qs 6h Qh 9h 9c]
Seat 1: 46906cec (button) folded before Flop (didn't bet)
Seat 2: 61aa8c58 (small blind) folded on the River
Seat 4: 2180b6f4 (big blind) won ($0.19)
Seat 5: Hero folded before Flop (didn't bet)
Seat 6: d945f13 folded before Flop (didn't bet)


Poker Hand #HD1825156441: Hold'em No Limit ($0.05/$0.1) - 2024/06/21 14:25:44
Table 'NLHRed17' 6-max Seat #6 is the button
Seat 1: 46906cec ($10.9 in chips)
Seat 2: 61aa8c58 ($10.95 in chips)
Seat 5: Hero ($10 in chips)
Seat 6: d945f13 ($10.58 in chips)
46906cec: posts small blind $0.05
61aa8c58: posts big blind $0.1
*** HOLE CARDS ***
Dealt to 46906cec 
Dealt to 61aa8c58 
Dealt to Hero [7h 4h]
Dealt to d945f13 
Hero: folds
d945f13: folds
46906cec: folds
Uncalled bet ($0.05) returned to 61aa8c58
*** SHOWDOWN ***
61aa8c58 collected $0.1 from pot
*** SUMMARY ***
Total pot $0.1 | Rake $0 | Jackpot $0 | Bingo $0 | Fortune $0 | Tax $0
Seat 1: 46906cec (small blind) folded before Flop
Seat 2: 61aa8c58 (big blind) collected ($0.1)
Seat 5: Hero folded before Flop (didn't bet)
Seat 6: d945f13 (button) folded before Flop (didn't bet)


Poker Hand #HD1825156412: Hold'em No Limit ($0.05/$0.1) - 2024/06/21 14:25:16
Table 'NLHRed17' 6-max Seat #5 is the button
Seat 1: 46906cec ($10.64 in chips)
Seat 2: 61aa8c58 ($11.18 in chips)
Seat 5: Hero ($10 in chips)
Seat 6: d945f13 ($10.63 in chips)
d945f13: posts small blind $0.05
46906cec: posts big blind $0.1
*** HOLE CARDS ***
Dealt to 46906cec 
Dealt to 61aa8c58 
Dealt to Hero [6s Ah]
Dealt to d945f13 
61aa8c58: raises $0.13 to $0.23
Hero: folds
d945f13: folds
46906cec: calls $0.13
*** FLOP *** [Th 9s Kh]
46906cec: bets $0.17
61aa8c58: folds
Uncalled bet ($0.17) returned to 46906cec
*** SHOWDOWN ***
46906cec collected $0.49 from pot
*** SUMMARY ***
Total pot $0.51 | Rake $0.02 | Jackpot $0 | Bingo $0 | Fortune $0 | Tax $0
Board [Th 9s Kh]
Seat 1: 46906cec (big blind) won ($0.49)
Seat 2: 61aa8c58 folded on the Flop
Seat 5: Hero (button) folded before Flop (didn't bet)
Seat 6: d945f13 (small blind) folded before Flop


Poker Hand #HD1825156286: Hold'em No Limit ($0.05/$0.1) - 2024/06/21 14:23:55
Table 'NLHRed17' 6-max Seat #3 is the button
Seat 1: 46906cec ($10.64 in chips)
Seat 2: 61aa8c58 ($11.18 in chips)
Seat 3: 8c4455df ($12.6 in chips)
Seat 5: Hero ($10 in chips)
Seat 6: d945f13 ($10 in chips)
Hero: posts small blind $0.05
d945f13: posts big blind $0.1
*** HOLE CARDS ***
Dealt to 46906cec 
Dealt to 61aa8c58 
Dealt to 8c4455df 
Dealt to Hero [7h 8h]
Dealt to d945f13 
46906cec: folds
61aa8c58: folds
8c4455df: folds
Hero: raises $0.2 to $0.3
d945f13: calls $0.2
*** FLOP *** [Ac Kd 3h]
Hero: checks
d945f13: checks
*** TURN *** [Ac Kd 3h] [2h]
Hero: bets $0.4
d945f13: calls $0.4
*** RIVER *** [Ac Kd 3h 2h] [6s]
Hero: checks
d945f13: checks
Hero: shows [7h 8h] (Ace-High)
d945f13: shows [Tc Ks] (Pair of Kings)
*** SHOWDOWN ***
d945f13 collected $1.33 from pot
*** SUMMARY ***
Total pot $1.4 | Rake $0.07 | Jackpot $0 | Bingo $0 | Fortune $0 | Tax $0
Board [Ac Kd 3h 2h 6s]
Seat 1: 46906cec folded before Flop (didn't bet)
Seat 2: 61aa8c58 folded before Flop (didn't bet)
Seat 3: 8c4455df (button) folded before Flop (didn't bet)
Seat 5: Hero (small blind) showed [7h 8h] and lost with Ace-High
Seat 6: d945f13 (big blind) showed [Tc Ks] and won ($1.33) with Pair of Kings


Poker Hand #HD1825156209: Hold'em No Limit ($0.05/$0.1) - 2024/06/21 14:23:05
Table 'NLHRed17' 6-max Seat #2 is the button
Seat 1: 46906cec ($11.68 in chips)
Seat 2: 61aa8c58 ($10.1 in chips)
Seat 3: 8c4455df ($12.65 in chips)
Seat 5: Hero ($10 in chips)
Seat 6: d945f13 ($10 in chips)
8c4455df: posts small blind $0.05
Hero: posts big blind $0.1
*** HOLE CARDS ***
Dealt to 46906cec 
Dealt to 61aa8c58 
Dealt to 8c4455df 
Dealt to Hero [Th 4d]
Dealt to d945f13 
d945f13: folds
46906cec: raises $0.1 to $0.2
61aa8c58: calls $0.2
8c4455df: folds
Hero: folds
*** FLOP *** [Qh Jh Jc]
46906cec: checks
61aa8c58: bets $0.28
46906cec: calls $0.28
*** TURN *** [Qh Jh Jc] [3c]
46906cec: checks
61aa8c58: bets $0.56
46906cec: calls $0.56
*** RIVER *** [Qh Jh Jc 3c] [6c]
46906cec: checks
61aa8c58: checks
46906cec: shows [Qc Kh] (Pair of Queens and Pair of Jacks)
61aa8c58: shows [Ks Js] (Three Jacks)
*** SHOWDOWN ***
61aa8c58 collected $2.12 from pot
*** SUMMARY ***
Total pot $2.23 | Rake $0.11 | Jackpot $0 | Bingo $0 | Fortune $0 | Tax $0
Board [Qh Jh Jc 3c 6c]
Seat 1: 46906cec showed [Qc Kh] and lost with Pair of Queens and Pair of Jacks
Seat 2: 61aa8c58 (button) showed [Ks Js] and won ($2.12) with Three Jacks
Seat 3: 8c4455df (small blind) folded before Flop
Seat 5: Hero (big blind) folded before Flop
Seat 6: d945f13 folded before Flop (didn't bet)


