Poker Hand #HD1860539770: Hold'em No Limit ($0.05/$0.1) - 2024/07/17 11:02:13
Table 'NLHRed66' 6-max Seat #5 is the button
Seat 3: Hero ($10 in chips)
Seat 5: 776f84a7 ($12.11 in chips)
776f84a7: posts small blind $0.05
Hero: posts big blind $0.1
*** HOLE CARDS ***
Dealt to Hero [Ah 9h]
Dealt to 776f84a7 
776f84a7: raises $0.16 to $0.26
Hero: folds
Uncalled bet ($0.16) returned to 776f84a7
*** SHOWDOWN ***
776f84a7 collected $0.2 from pot
*** SUMMARY ***
Total pot $0.2 | Rake $0 | Jackpot $0 | Bingo $0 | Fortune $0 | Tax $0
Seat 3: Hero (big blind) folded before Flop
Seat 5: 776f84a7 (small blind) collected ($0.2)


Poker Hand #HD1860539760: Hold'em No Limit ($0.05/$0.1) - 2024/07/17 11:02:09
Table 'NLHRed66' 6-max Seat #3 is the button
Seat 3: Hero ($10 in chips)
Seat 5: 776f84a7 ($12.06 in chips)
Hero: posts small blind $0.05
776f84a7: posts big blind $0.1
*** HOLE CARDS ***
Dealt to Hero [6c Jh]
Dealt to 776f84a7 
Hero: folds
Uncalled bet ($0.05) returned to 776f84a7
*** SHOWDOWN ***
776f84a7 collected $0.1 from pot
*** SUMMARY ***
Total pot $0.1 | Rake $0 | Jackpot $0 | Bingo $0 | Fortune $0 | Tax $0
Seat 3: Hero (small blind) folded before Flop
Seat 5: 776f84a7 (big blind) collected ($0.1)


Poker Hand #HD1860539689: Hold'em No Limit ($0.05/$0.1) - 2024/07/17 11:01:27
Table 'NLHRed66' 6-max Seat #1 is the button
Seat 1: 6369b52c ($1.46 in chips)
Seat 3: Hero ($10.15 in chips)
Seat 5: 776f84a7 ($11.43 in chips)
Hero: posts small blind $0.05
776f84a7: posts big blind $0.1
*** HOLE CARDS ***
Dealt to 6369b52c 
Dealt to Hero [Kc 3c]
Dealt to 776f84a7 
6369b52c: folds
Hero: raises $0.2 to $0.3
776f84a7: calls $0.2
*** FLOP *** [9h 6h 4s]
Hero: bets $0.4
776f84a7: calls $0.4
*** TURN *** [9h 6h 4s] [8c]
Hero: checks
776f84a7: bets $0.53
Hero: folds
Uncalled bet ($0.53) returned to 776f84a7
*** SHOWDOWN ***
776f84a7 collected $1.33 from pot
*** SUMMARY ***
Total pot $1.4 | Rake $0.07 | Jackpot $0 | Bingo $0 | Fortune $0 | Tax $0
Board [9h 6h 4s 8c]
Seat 1: 6369b52c (button) folded before Flop (didn't bet)
Seat 3: Hero (small blind) folded on the Turn
Seat 5: 776f84a7 (big blind) won ($1.33)


Poker Hand #HD1860539667: Hold'em No Limit ($0.05/$0.1) - 2024/07/17 11:01:16
Table 'NLHRed66' 6-max Seat #5 is the button
Seat 1: 6369b52c ($1.51 in chips)
Seat 3: Hero ($10.25 in chips)
Seat 5: 776f84a7 ($11.28 in chips)
6369b52c: posts small blind $0.05
Hero: posts big blind $0.1
*** HOLE CARDS ***
Dealt to 6369b52c 
Dealt to Hero [3s 6d]
Dealt to 776f84a7 
776f84a7: raises $0.16 to $0.26
6369b52c: folds
Hero: folds
Uncalled bet ($0.16) returned to 776f84a7
*** SHOWDOWN ***
776f84a7 collected $0.25 from pot
*** SUMMARY ***
Total pot $0.25 | Rake $0 | Jackpot $0 | Bingo $0 | Fortune $0 | Tax $0
Seat 1: 6369b52c (small blind) folded before Flop
Seat 3: Hero (big blind) folded before Flop
Seat 5: 776f84a7 (button) collected ($0.25)


Poker Hand #HD1860539650: Hold'em No Limit ($0.05/$0.1) - 2024/07/17 11:01:07
Table 'NLHRed66' 6-max Seat #3 is the button
Seat 1: 6369b52c ($1.61 in chips)
Seat 3: Hero ($10.1 in chips)
Seat 5: 776f84a7 ($11.33 in chips)
776f84a7: posts small blind $0.05
6369b52c: posts big blind $0.1
*** HOLE CARDS ***
Dealt to 6369b52c 
Dealt to Hero [Th 8h]
Dealt to 776f84a7 
Hero: raises $0.14 to $0.24
776f84a7: folds
6369b52c: folds
Uncalled bet ($0.14) returned to Hero
*** SHOWDOWN ***
Hero collected $0.25 from pot
*** SUMMARY ***
Total pot $0.25 | Rake $0 | Jackpot $0 | Bingo $0 | Fortune $0 | Tax $0
Seat 1: 6369b52c (big blind) folded before Flop
Seat 3: Hero (button) collected ($0.25)
Seat 5: 776f84a7 (small blind) folded before Flop


Poker Hand #HD1860539633: Hold'em No Limit ($0.05/$0.1) - 2024/07/17 11:01:00
Table 'NLHRed66' 6-max Seat #1 is the button
Seat 1: 6369b52c ($1.61 in chips)
Seat 3: Hero ($10.15 in chips)
Seat 5: 776f84a7 ($11.28 in chips)
Hero: posts small blind $0.05
776f84a7: posts big blind $0.1
*** HOLE CARDS ***
Dealt to 6369b52c 
Dealt to Hero [Jc 8d]
Dealt to 776f84a7 
6369b52c: folds
Hero: folds
Uncalled bet ($0.05) returned to 776f84a7
*** SHOWDOWN ***
776f84a7 collected $0.1 from pot
*** SUMMARY ***
Total pot $0.1 | Rake $0 | Jackpot $0 | Bingo $0 | Fortune $0 | Tax $0
Seat 1: 6369b52c (button) folded before Flop (didn't bet)
Seat 3: Hero (small blind) folded before Flop
Seat 5: 776f84a7 (big blind) collected ($0.1)


Poker Hand #HD1860539610: Hold'em No Limit ($0.05/$0.1) - 2024/07/17 11:00:49
Table 'NLHRed66' 6-max Seat #5 is the button
Seat 1: 6369b52c ($1.66 in chips)
Seat 3: Hero ($10.1 in chips)
Seat 4: 921ddaf3 ($10 in chips)
Seat 5: 776f84a7 ($11.28 in chips)
6369b52c: posts small blind $0.05
Hero: posts big blind $0.1
*** HOLE CARDS ***
Dealt to 6369b52c 
Dealt to Hero [8h 5h]
Dealt to 921ddaf3 
Dealt to 776f84a7 
921ddaf3: folds
776f84a7: folds
6369b52c: folds
Uncalled bet ($0.05) returned to Hero
*** SHOWDOWN ***
Hero collected $0.1 from pot
*** SUMMARY ***
Total pot $0.1 | Rake $0 | Jackpot $0 | Bingo $0 | Fortune $0 | Tax $0
Seat 1: 6369b52c (small blind) folded before Flop
Seat 3: Hero (big blind) collected ($0.1)
Seat 4: 921ddaf3 folded before Flop (didn't bet)
Seat 5: 776f84a7 (button) folded before Flop (didn't bet)


Poker Hand #HD1860539522: Hold'em No Limit ($0.05/$0.1) - 2024/07/17 11:00:05
Table 'NLHRed66' 6-max Seat #4 is the button
Seat 1: 6369b52c ($1.38 in chips)
Seat 2: df58aefb ($10.15 in chips)
Seat 3: Hero ($10.1 in chips)
Seat 4: 921ddaf3 ($10 in chips)
Seat 5: 776f84a7 ($11.33 in chips)
776f84a7: posts small blind $0.05
6369b52c: posts big blind $0.1
*** HOLE CARDS ***
Dealt to 6369b52c 
Dealt to df58aefb 
Dealt to Hero [Ad 7c]
Dealt to 921ddaf3 
Dealt to 776f84a7 
df58aefb: folds
Hero: folds
921ddaf3: calls $0.1
776f84a7: folds
6369b52c: checks
*** FLOP *** [As 6c 3h]
6369b52c: checks
921ddaf3: bets $0.15
6369b52c: calls $0.15
*** TURN *** [As 6c 3h] [4d]
6369b52c: bets $0.28
921ddaf3: folds
Uncalled bet ($0.28) returned to 6369b52c
*** SHOWDOWN ***
6369b52c collected $0.53 from pot
*** SUMMARY ***
Total pot $0.55 | Rake $0.02 | Jackpot $0 | Bingo $0 | Fortune $0 | Tax $0
Board [As 6c 3h 4d]
Seat 1: 6369b52c (big blind) won ($0.53)
Seat 2: df58aefb folded before Flop (didn't bet)
Seat 3: Hero folded before Flop (didn't bet)
Seat 4: 921ddaf3 (button) folded on the Turn
Seat 5: 776f84a7 (small blind) folded before Flop


Poker Hand #HD1860539496: Hold'em No Limit ($0.05/$0.1) - 2024/07/17 10:59:50
Table 'NLHRed66' 6-max Seat #3 is the button
Seat 1: 6369b52c ($1.38 in chips)
Seat 2: df58aefb ($10 in chips)
Seat 3: Hero ($10.1 in chips)
Seat 4: 921ddaf3 ($10 in chips)
Seat 5: 776f84a7 ($11.43 in chips)
921ddaf3: posts small blind $0.05
776f84a7: posts big blind $0.1
*** HOLE CARDS ***
Dealt to 6369b52c 
Dealt to df58aefb 
Dealt to Hero [Kc 8h]
Dealt to 921ddaf3 
Dealt to 776f84a7 
6369b52c: folds
df58aefb: raises $0.15 to $0.25
Hero: folds
921ddaf3: folds
776f84a7: folds
Uncalled bet ($0.15) returned to df58aefb
*** SHOWDOWN ***
df58aefb collected $0.25 from pot
*** SUMMARY ***
Total pot $0.25 | Rake $0 | Jackpot $0 | Bingo $0 | Fortune $0 | Tax $0
Seat 1: 6369b52c folded before Flop (didn't bet)
Seat 2: df58aefb collected ($0.25)
Seat 3: Hero (button) folded before Flop (didn't bet)
Seat 4: 921ddaf3 (small blind) folded before Flop
Seat 5: 776f84a7 (big blind) folded before Flop


Poker Hand #HD1860539443: Hold'em No Limit ($0.05/$0.1) - 2024/07/17 10:59:28
Table 'NLHRed66' 6-max Seat #2 is the button
Seat 1: 6369b52c ($1.38 in chips)
Seat 2: df58aefb ($10 in chips)
Seat 3: Hero ($10 in chips)
Seat 4: 921ddaf3 ($10 in chips)
Seat 5: 776f84a7 ($11.43 in chips)
Hero: posts small blind $0.05
921ddaf3: posts big blind $0.1
*** HOLE CARDS ***
Dealt to 6369b52c 
Dealt to df58aefb 
Dealt to Hero [7h 7c]
Dealt to 921ddaf3 
Dealt to 776f84a7 
776f84a7: folds
6369b52c: folds
df58aefb: folds
Hero: raises $0.2 to $0.3
921ddaf3: folds
Uncalled bet ($0.2) returned to Hero
*** SHOWDOWN ***
Hero collected $0.2 from pot
*** SUMMARY ***
Total pot $0.2 | Rake $0 | Jackpot $0 | Bingo $0 | Fortune $0 | Tax $0
Seat 1: 6369b52c folded before Flop (didn't bet)
Seat 2: df58aefb (button) folded before Flop (didn't bet)
Seat 3: Hero (small blind) collected ($0.2)
Seat 4: 921ddaf3 (big blind) folded before Flop
Seat 5: 776f84a7 folded before Flop (didn't bet)


Poker Hand #HD1860539428: Hold'em No Limit ($0.05/$0.1) - 2024/07/17 10:59:18
Table 'NLHRed66' 6-max Seat #1 is the button
Seat 1: 6369b52c ($1.38 in chips)
Seat 2: df58aefb ($10 in chips)
Seat 3: Hero ($10 in chips)
Seat 5: 776f84a7 ($11.28 in chips)
df58aefb: posts small blind $0.05
Hero: posts big blind $0.1
*** HOLE CARDS ***
Dealt to 6369b52c 
Dealt to df58aefb 
Dealt to Hero [Qd 6s]
Dealt to 776f84a7 
776f84a7: raises $0.16 to $0.26
6369b52c: folds
df58aefb: folds
Hero: folds
Uncalled bet ($0.16) returned to 776f84a7
*** SHOWDOWN ***
776f84a7 collected $0.25 from pot
*** SUMMARY ***
Total pot $0.25 | Rake $0 | Jackpot $0 | Bingo $0 | Fortune $0 | Tax $0
Seat 1: 6369b52c (button) folded before Flop (didn't bet)
Seat 2: df58aefb (small blind) folded before Flop
Seat 3: Hero (big blind) folded before Flop
Seat 5: 776f84a7 collected ($0.25)


