Poker Hand #HD1755803839: Hold'em No Limit ($0.05/$0.1) - 2024/05/02 19:37:36
Table 'NLHRed12' 6-max Seat #3 is the button
Seat 1: ad43d23c ($8.92 in chips)
Seat 2: 3eacf202 ($10.15 in chips)
Seat 3: b96a8210 ($10.47 in chips)
Seat 4: Hero ($10.05 in chips)
Seat 5: aece57a6 ($15.02 in chips)
Seat 6: 9b1eac0 ($10.28 in chips)
Hero: posts small blind $0.05
aece57a6: posts big blind $0.1
*** HOLE CARDS ***
Dealt to ad43d23c 
Dealt to 3eacf202 
Dealt to b96a8210 
Dealt to Hero [9d 8d]
Dealt to aece57a6 
Dealt to 9b1eac0 
9b1eac0: folds
ad43d23c: raises $0.11 to $0.21
3eacf202: folds
b96a8210: folds
Hero: folds
aece57a6: folds
Uncalled bet ($0.11) returned to ad43d23c
*** SHOWDOWN ***
ad43d23c collected $0.25 from pot
*** SUMMARY ***
Total pot $0.25 | Rake $0 | Jackpot $0 | Bingo $0 | Fortune $0 | Tax $0
Seat 1: ad43d23c collected ($0.25)
Seat 2: 3eacf202 folded before Flop (didn't bet)
Seat 3: b96a8210 (button) folded before Flop (didn't bet)
Seat 4: Hero (small blind) folded before Flop
Seat 5: aece57a6 (big blind) folded before Flop
Seat 6: 9b1eac0 folded before Flop (didn't bet)


Poker Hand #HD1755803801: Hold'em No Limit ($0.05/$0.1) - 2024/05/02 19:37:13
Table 'NLHRed12' 6-max Seat #2 is the button
Seat 1: ad43d23c ($8.92 in chips)
Seat 2: 3eacf202 ($10 in chips)
Seat 3: b96a8210 ($10.52 in chips)
Seat 4: Hero ($10.15 in chips)
Seat 5: aece57a6 ($15.02 in chips)
Seat 6: 9b1eac0 ($10.28 in chips)
b96a8210: posts small blind $0.05
Hero: posts big blind $0.1
*** HOLE CARDS ***
Dealt to ad43d23c 
Dealt to 3eacf202 
Dealt to b96a8210 
Dealt to Hero [5h 8c]
Dealt to aece57a6 
Dealt to 9b1eac0 
aece57a6: folds
9b1eac0: folds
ad43d23c: folds
3eacf202: raises $0.14 to $0.24
b96a8210: folds
Hero: folds
Uncalled bet ($0.14) returned to 3eacf202
*** SHOWDOWN ***
3eacf202 collected $0.25 from pot
*** SUMMARY ***
Total pot $0.25 | Rake $0 | Jackpot $0 | Bingo $0 | Fortune $0 | Tax $0
Seat 1: ad43d23c folded before Flop (didn't bet)
Seat 2: 3eacf202 (button) collected ($0.25)
Seat 3: b96a8210 (small blind) folded before Flop
Seat 4: Hero (big blind) folded before Flop
Seat 5: aece57a6 folded before Flop (didn't bet)
Seat 6: 9b1eac0 folded before Flop (didn't bet)


Poker Hand #HD1755803762: Hold'em No Limit ($0.05/$0.1) - 2024/05/02 19:36:52
Table 'NLHRed12' 6-max Seat #1 is the button
Seat 1: ad43d23c ($8.92 in chips)
Seat 2: 3eacf202 ($10 in chips)
Seat 3: b96a8210 ($10.62 in chips)
Seat 4: Hero ($10 in chips)
Seat 5: aece57a6 ($15.02 in chips)
Seat 6: 9b1eac0 ($10.28 in chips)
3eacf202: posts small blind $0.05
b96a8210: posts big blind $0.1
*** HOLE CARDS ***
Dealt to ad43d23c 
Dealt to 3eacf202 
Dealt to b96a8210 
Dealt to Hero [Kh Ad]
Dealt to aece57a6 
Dealt to 9b1eac0 
Hero: raises $0.1 to $0.2
aece57a6: folds
9b1eac0: folds
ad43d23c: folds
3eacf202: folds
b96a8210: folds
Uncalled bet ($0.1) returned to Hero
*** SHOWDOWN ***
Hero collected $0.25 from pot
*** SUMMARY ***
Total pot $0.25 | Rake $0 | Jackpot $0 | Bingo $0 | Fortune $0 | Tax $0
Seat 1: ad43d23c (button) folded before Flop (didn't bet)
Seat 2: 3eacf202 (small blind) folded before Flop
Seat 3: b96a8210 (big blind) folded before Flop
Seat 4: Hero collected ($0.25)
Seat 5: aece57a6 folded before Flop (didn't bet)
Seat 6: 9b1eac0 folded before Flop (didn't bet)


Poker Hand #HD1755803667: Hold'em No Limit ($0.05/$0.1) - 2024/05/02 19:35:53
Table 'NLHRed12' 6-max Seat #6 is the button
Seat 1: ad43d23c ($7.81 in chips)
Seat 2: 3eacf202 ($10 in chips)
Seat 3: b96a8210 ($10.62 in chips)
Seat 4: Hero ($10 in chips)
Seat 5: aece57a6 ($15.02 in chips)
Seat 6: 9b1eac0 ($10.28 in chips)
ad43d23c: posts small blind $0.05
3eacf202: posts big blind $0.1
*** HOLE CARDS ***
Dealt to ad43d23c 
Dealt to 3eacf202 
Dealt to b96a8210 
Dealt to Hero [Tc Ac]
Dealt to aece57a6 
Dealt to 9b1eac0 
b96a8210: folds
Hero: raises $0.1 to $0.2
aece57a6: folds
9b1eac0: folds
ad43d23c: raises $0.42 to $0.62
3eacf202: folds
Hero: calls $0.42
*** FLOP *** [9d 2d 9c]
ad43d23c: checks
Hero: bets $0.5
ad43d23c: calls $0.5
*** TURN *** [9d 2d 9c] [Kd]
ad43d23c: checks
Hero: checks
*** RIVER *** [9d 2d 9c Kd] [7c]
ad43d23c: bets $1.76
Hero: folds
Uncalled bet ($1.76) returned to ad43d23c
*** SHOWDOWN ***
ad43d23c collected $2.23 from pot
*** SUMMARY ***
Total pot $2.34 | Rake $0.11 | Jackpot $0 | Bingo $0 | Fortune $0 | Tax $0
Board [9d 2d 9c Kd 7c]
Seat 1: ad43d23c (small blind) won ($2.23)
Seat 2: 3eacf202 (big blind) folded before Flop
Seat 3: b96a8210 folded before Flop (didn't bet)
Seat 4: Hero folded on the River
Seat 5: aece57a6 folded before Flop (didn't bet)
Seat 6: 9b1eac0 (button) folded before Flop (didn't bet)


Poker Hand #HD1755803629: Hold'em No Limit ($0.05/$0.1) - 2024/05/02 19:35:32
Table 'NLHRed12' 6-max Seat #5 is the button
Seat 1: ad43d23c ($7.91 in chips)
Seat 3: b96a8210 ($10.62 in chips)
Seat 4: Hero ($10 in chips)
Seat 5: aece57a6 ($15.02 in chips)
Seat 6: 9b1eac0 ($10.18 in chips)
9b1eac0: posts small blind $0.05
ad43d23c: posts big blind $0.1
*** HOLE CARDS ***
Dealt to ad43d23c 
Dealt to b96a8210 
Dealt to Hero [Kc 2h]
Dealt to aece57a6 
Dealt to 9b1eac0 
b96a8210: folds
Hero: folds
aece57a6: folds
9b1eac0: raises $0.2 to $0.3
ad43d23c: folds
Uncalled bet ($0.2) returned to 9b1eac0
*** SHOWDOWN ***
9b1eac0 collected $0.2 from pot
*** SUMMARY ***
Total pot $0.2 | Rake $0 | Jackpot $0 | Bingo $0 | Fortune $0 | Tax $0
Seat 1: ad43d23c (big blind) folded before Flop
Seat 3: b96a8210 folded before Flop (didn't bet)
Seat 4: Hero folded before Flop (didn't bet)
Seat 5: aece57a6 (button) folded before Flop (didn't bet)
Seat 6: 9b1eac0 (small blind) collected ($0.2)


Poker Hand #HD1755803595: Hold'em No Limit ($0.05/$0.1) - 2024/05/02 19:35:14
Table 'NLHRed12' 6-max Seat #4 is the button
Seat 1: ad43d23c ($7.76 in chips)
Seat 3: b96a8210 ($10.62 in chips)
Seat 4: Hero ($10 in chips)
Seat 5: aece57a6 ($15.07 in chips)
Seat 6: 9b1eac0 ($10.28 in chips)
aece57a6: posts small blind $0.05
9b1eac0: posts big blind $0.1
*** HOLE CARDS ***
Dealt to ad43d23c 
Dealt to b96a8210 
Dealt to Hero [Ts 6c]
Dealt to aece57a6 
Dealt to 9b1eac0 
ad43d23c: raises $0.11 to $0.21
b96a8210: folds
Hero: folds
aece57a6: folds
9b1eac0: folds
Uncalled bet ($0.11) returned to ad43d23c
*** SHOWDOWN ***
ad43d23c collected $0.25 from pot
*** SUMMARY ***
Total pot $0.25 | Rake $0 | Jackpot $0 | Bingo $0 | Fortune $0 | Tax $0
Seat 1: ad43d23c collected ($0.25)
Seat 3: b96a8210 folded before Flop (didn't bet)
Seat 4: Hero (button) folded before Flop (didn't bet)
Seat 5: aece57a6 (small blind) folded before Flop
Seat 6: 9b1eac0 (big blind) folded before Flop


Poker Hand #HD1755803572: Hold'em No Limit ($0.05/$0.1) - 2024/05/02 19:35:02
Table 'NLHRed12' 6-max Seat #3 is the button
Seat 1: ad43d23c ($7.76 in chips)
Seat 3: b96a8210 ($10.47 in chips)
Seat 4: Hero ($10 in chips)
Seat 5: aece57a6 ($15.17 in chips)
Seat 6: 9b1eac0 ($10.28 in chips)
Hero: posts small blind $0.05
aece57a6: posts big blind $0.1
*** HOLE CARDS ***
Dealt to ad43d23c 
Dealt to b96a8210 
Dealt to Hero [9h 3s]
Dealt to aece57a6 
Dealt to 9b1eac0 
9b1eac0: folds
ad43d23c: folds
b96a8210: raises $0.12 to $0.22
Hero: folds
aece57a6: folds
Uncalled bet ($0.12) returned to b96a8210
*** SHOWDOWN ***
b96a8210 collected $0.25 from pot
*** SUMMARY ***
Total pot $0.25 | Rake $0 | Jackpot $0 | Bingo $0 | Fortune $0 | Tax $0
Seat 1: ad43d23c folded before Flop (didn't bet)
Seat 3: b96a8210 (button) collected ($0.25)
Seat 4: Hero (small blind) folded before Flop
Seat 5: aece57a6 (big blind) folded before Flop
Seat 6: 9b1eac0 folded before Flop (didn't bet)


Poker Hand #HD1755803400: Hold'em No Limit ($0.05/$0.1) - 2024/05/02 19:33:27
Table 'NLHRed12' 6-max Seat #1 is the button
Seat 1: ad43d23c ($7.76 in chips)
Seat 2: e042b2b4 ($14.77 in chips)
Seat 3: b96a8210 ($10.57 in chips)
Seat 4: Hero ($10 in chips)
Seat 5: aece57a6 ($13.2 in chips)
Seat 6: 9b1eac0 ($10.28 in chips)
e042b2b4: posts small blind $0.05
b96a8210: posts big blind $0.1
*** HOLE CARDS ***
Dealt to ad43d23c 
Dealt to e042b2b4 
Dealt to b96a8210 
Dealt to Hero [9d 9s]
Dealt to aece57a6 
Dealt to 9b1eac0 
Hero: raises $0.1 to $0.2
aece57a6: raises $0.42 to $0.62
9b1eac0: folds
ad43d23c: folds
e042b2b4: folds
b96a8210: folds
Hero: calls $0.42
*** FLOP *** [8d 9h 7h]
Hero: checks
aece57a6: checks
*** TURN *** [8d 9h 7h] [2c]
Hero: bets $0.66
aece57a6: calls $0.66
*** RIVER *** [8d 9h 7h 2c] [Td]
Hero: bets $0.85
aece57a6: raises $2.45 to $3.3
Hero: folds
Uncalled bet ($2.45) returned to aece57a6
*** SHOWDOWN ***
aece57a6 collected $4.1 from pot
*** SUMMARY ***
Total pot $4.41 | Rake $0.21 | Jackpot $0.1 | Bingo $0 | Fortune $0 | Tax $0
Board [8d 9h 7h 2c Td]
Seat 1: ad43d23c (button) folded before Flop (didn't bet)
Seat 2: e042b2b4 (small blind) folded before Flop
Seat 3: b96a8210 (big blind) folded before Flop
Seat 4: Hero folded on the River
Seat 5: aece57a6 won ($4.1)
Seat 6: 9b1eac0 folded before Flop (didn't bet)


Poker Hand #HD1755803295: Hold'em No Limit ($0.05/$0.1) - 2024/05/02 19:32:36
Table 'NLHRed12' 6-max Seat #6 is the button
Seat 1: ad43d23c ($9.47 in chips)
Seat 2: e042b2b4 ($13.32 in chips)
Seat 3: b96a8210 ($10.57 in chips)
Seat 4: Hero ($10 in chips)
Seat 5: aece57a6 ($13.2 in chips)
Seat 6: 9b1eac0 ($10.28 in chips)
ad43d23c: posts small blind $0.05
e042b2b4: posts big blind $0.1
*** HOLE CARDS ***
Dealt to ad43d23c 
Dealt to e042b2b4 
Dealt to b96a8210 
Dealt to Hero [9d Ah]
Dealt to aece57a6 
Dealt to 9b1eac0 
b96a8210: folds
Hero: folds
aece57a6: folds
9b1eac0: folds
ad43d23c: raises $0.11 to $0.21
e042b2b4: calls $0.11
*** FLOP *** [Js 4s 3h]
ad43d23c: checks
e042b2b4: checks
*** TURN *** [Js 4s 3h] [5c]
ad43d23c: bets $0.5
e042b2b4: calls $0.5
*** RIVER *** [Js 4s 3h 5c] [4c]
ad43d23c: bets $1
e042b2b4: calls $1
ad43d23c: shows [8h 7c] (Pair of Fours)
e042b2b4: shows [5h 8s] (Pair of Fives and Pair of Fours)
*** SHOWDOWN ***
e042b2b4 collected $3.16 from pot
*** SUMMARY ***
Total pot $3.42 | Rake $0.16 | Jackpot $0.1 | Bingo $0 | Fortune $0 | Tax $0
Board [Js 4s 3h 5c 4c]
Seat 1: ad43d23c (small blind) showed [8h 7c] and lost with Pair of Fours
Seat 2: e042b2b4 (big blind) showed [5h 8s] and won ($3.16) with Pair of Fives and Pair of Fours
Seat 3: b96a8210 folded before Flop (didn't bet)
Seat 4: Hero folded before Flop (didn't bet)
Seat 5: aece57a6 folded before Flop (didn't bet)
Seat 6: 9b1eac0 (button) folded before Flop (didn't bet)


Poker Hand #HD1755803248: Hold'em No Limit ($0.05/$0.1) - 2024/05/02 19:32:08
Table 'NLHRed12' 6-max Seat #5 is the button
Seat 1: ad43d23c ($9.57 in chips)
Seat 2: e042b2b4 ($13.32 in chips)
Seat 3: b96a8210 ($10.57 in chips)
Seat 4: Hero ($10 in chips)
Seat 5: aece57a6 ($13.4 in chips)
Seat 6: 9b1eac0 ($10 in chips)
9b1eac0: posts small blind $0.05
ad43d23c: posts big blind $0.1
*** HOLE CARDS ***
Dealt to ad43d23c 
Dealt to e042b2b4 
Dealt to b96a8210 
Dealt to Hero [Jd 3d]
Dealt to aece57a6 
Dealt to 9b1eac0 
e042b2b4: folds
b96a8210: folds
Hero: folds
aece57a6: raises $0.1 to $0.2
9b1eac0: raises $0.4 to $0.6
ad43d23c: folds
aece57a6: folds
Uncalled bet ($0.4) returned to 9b1eac0
*** SHOWDOWN ***
9b1eac0 collected $0.48 from pot
*** SUMMARY ***
Total pot $0.5 | Rake $0.02 | Jackpot $0 | Bingo $0 | Fortune $0 | Tax $0
Seat 1: ad43d23c (big blind) folded before Flop
Seat 2: e042b2b4 folded before Flop (didn't bet)
Seat 3: b96a8210 folded before Flop (didn't bet)
Seat 4: Hero folded before Flop (didn't bet)
Seat 5: aece57a6 (button) folded before Flop
Seat 6: 9b1eac0 (small blind) collected ($0.48)


Poker Hand #HD1755803208: Hold'em No Limit ($0.05/$0.1) - 2024/05/02 19:31:50
Table 'NLHRed12' 6-max Seat #4 is the button
Seat 1: ad43d23c ($9.57 in chips)
Seat 2: e042b2b4 ($13.32 in chips)
Seat 3: b96a8210 ($10.42 in chips)
Seat 4: Hero ($10 in chips)
Seat 5: aece57a6 ($13.45 in chips)
Seat 6: 9b1eac0 ($10 in chips)
aece57a6: posts small blind $0.05
9b1eac0: posts big blind $0.1
*** HOLE CARDS ***
Dealt to ad43d23c 
Dealt to e042b2b4 
Dealt to b96a8210 
Dealt to Hero [Ks 3h]
Dealt to aece57a6 
Dealt to 9b1eac0 
ad43d23c: folds
e042b2b4: folds
b96a8210: raises $0.15 to $0.25
Hero: folds
aece57a6: folds
9b1eac0: folds
Uncalled bet ($0.15) returned to b96a8210
*** SHOWDOWN ***
b96a8210 collected $0.25 from pot
*** SUMMARY ***
Total pot $0.25 | Rake $0 | Jackpot $0 | Bingo $0 | Fortune $0 | Tax $0
Seat 1: ad43d23c folded before Flop (didn't bet)
Seat 2: e042b2b4 folded before Flop (didn't bet)
Seat 3: b96a8210 collected ($0.25)
Seat 4: Hero (button) folded before Flop (didn't bet)
Seat 5: aece57a6 (small blind) folded before Flop
Seat 6: 9b1eac0 (big blind) folded before Flop


Poker Hand #HD1755803162: Hold'em No Limit ($0.05/$0.1) - 2024/05/02 19:31:29
Table 'NLHRed12' 6-max Seat #3 is the button
Seat 1: ad43d23c ($9.57 in chips)
Seat 2: e042b2b4 ($13.62 in chips)
Seat 3: b96a8210 ($10 in chips)
Seat 4: Hero ($10.02 in chips)
Seat 5: aece57a6 ($13.55 in chips)
Seat 6: 9b1eac0 ($10 in chips)
Hero: posts small blind $0.05
aece57a6: posts big blind $0.1
*** HOLE CARDS ***
Dealt to ad43d23c 
Dealt to e042b2b4 
Dealt to b96a8210 
Dealt to Hero [5h Ks]
Dealt to aece57a6 
Dealt to 9b1eac0 
9b1eac0: folds
ad43d23c: folds
e042b2b4: raises $0.2 to $0.3
b96a8210: raises $0.6 to $0.9
Hero: folds
aece57a6: folds
e042b2b4: folds
Uncalled bet ($0.6) returned to b96a8210
*** SHOWDOWN ***
b96a8210 collected $0.72 from pot
*** SUMMARY ***
Total pot $0.75 | Rake $0.03 | Jackpot $0 | Bingo $0 | Fortune $0 | Tax $0
Seat 1: ad43d23c folded before Flop (didn't bet)
Seat 2: e042b2b4 folded before Flop
Seat 3: b96a8210 (button) collected ($0.72)
Seat 4: Hero (small blind) folded before Flop
Seat 5: aece57a6 (big blind) folded before Flop
Seat 6: 9b1eac0 folded before Flop (didn't bet)


Poker Hand #HD1755803091: Hold'em No Limit ($0.05/$0.1) - 2024/05/02 19:30:52
Table 'NLHRed12' 6-max Seat #2 is the button
Seat 1: ad43d23c ($9.57 in chips)
Seat 2: e042b2b4 ($13.04 in chips)
Seat 3: b96a8210 ($10 in chips)
Seat 4: Hero ($10.12 in chips)
Seat 5: aece57a6 ($13.55 in chips)
Seat 6: 9b1eac0 ($10 in chips)
b96a8210: posts small blind $0.05
Hero: posts big blind $0.1
*** HOLE CARDS ***
Dealt to ad43d23c 
Dealt to e042b2b4 
Dealt to b96a8210 
Dealt to Hero [Th Kd]
Dealt to aece57a6 
Dealt to 9b1eac0 
aece57a6: folds
9b1eac0: raises $0.1 to $0.2
ad43d23c: folds
e042b2b4: raises $0.28 to $0.48
b96a8210: folds
Hero: folds
9b1eac0: calls $0.28
*** FLOP *** [Qh Jh Tc]
9b1eac0: checks
e042b2b4: bets $0.56
9b1eac0: folds
Uncalled bet ($0.56) returned to e042b2b4
*** SHOWDOWN ***
e042b2b4 collected $1.06 from pot
*** SUMMARY ***
Total pot $1.11 | Rake $0.05 | Jackpot $0 | Bingo $0 | Fortune $0 | Tax $0
Board [Qh Jh Tc]
Seat 1: ad43d23c folded before Flop (didn't bet)
Seat 2: e042b2b4 (button) won ($1.06)
Seat 3: b96a8210 (small blind) folded before Flop
Seat 4: Hero (big blind) folded before Flop
Seat 5: aece57a6 folded before Flop (didn't bet)
Seat 6: 9b1eac0 folded on the Flop


Poker Hand #HD1755802933: Hold'em No Limit ($0.05/$0.1) - 2024/05/02 19:29:35
Table 'NLHRed12' 6-max Seat #1 is the button
Seat 1: ad43d23c ($9.57 in chips)
Seat 2: e042b2b4 ($12.54 in chips)
Seat 3: b96a8210 ($10 in chips)
Seat 4: Hero ($10.57 in chips)
Seat 5: aece57a6 ($13.55 in chips)
Seat 6: 9b1eac0 ($10 in chips)
e042b2b4: posts small blind $0.05
b96a8210: posts big blind $0.1
*** HOLE CARDS ***
Dealt to ad43d23c 
Dealt to e042b2b4 
Dealt to b96a8210 
Dealt to Hero [Qs Ts]
Dealt to aece57a6 
Dealt to 9b1eac0 
Hero: raises $0.1 to $0.2
aece57a6: folds
9b1eac0: folds
ad43d23c: folds
e042b2b4: calls $0.15
b96a8210: folds
*** FLOP *** [Ah Tc 9h]
e042b2b4: bets $0.25
Hero: calls $0.25
*** TURN *** [Ah Tc 9h] [Jd]
e042b2b4: checks
Hero: checks
*** RIVER *** [Ah Tc 9h Jd] [9s]
e042b2b4: bets $0.5
Hero: folds
Uncalled bet ($0.5) returned to e042b2b4
*** SHOWDOWN ***
e042b2b4 collected $0.95 from pot
*** SUMMARY ***
Total pot $1 | Rake $0.05 | Jackpot $0 | Bingo $0 | Fortune $0 | Tax $0
Board [Ah Tc 9h Jd 9s]
Seat 1: ad43d23c (button) folded before Flop (didn't bet)
Seat 2: e042b2b4 (small blind) won ($0.95)
Seat 3: b96a8210 (big blind) folded before Flop
Seat 4: Hero folded on the River
Seat 5: aece57a6 folded before Flop (didn't bet)
Seat 6: 9b1eac0 folded before Flop (didn't bet)


Poker Hand #HD1755802818: Hold'em No Limit ($0.05/$0.1) - 2024/05/02 19:28:37
Table 'NLHRed12' 6-max Seat #6 is the button
Seat 1: ad43d23c ($9.62 in chips)
Seat 2: e042b2b4 ($12.02 in chips)
Seat 3: b96a8210 ($10.15 in chips)
Seat 4: Hero ($10.57 in chips)
Seat 5: aece57a6 ($13.55 in chips)
Seat 6: 9b1eac0 ($10 in chips)
ad43d23c: posts small blind $0.05
e042b2b4: posts big blind $0.1
*** HOLE CARDS ***
Dealt to ad43d23c 
Dealt to e042b2b4 
Dealt to b96a8210 
Dealt to Hero [9c 7c]
Dealt to aece57a6 
Dealt to 9b1eac0 
b96a8210: raises $0.2 to $0.3
Hero: folds
aece57a6: folds
9b1eac0: folds
ad43d23c: folds
e042b2b4: calls $0.2
*** FLOP *** [9h 3c 9s]
e042b2b4: checks
b96a8210: bets $0.22
e042b2b4: calls $0.22
*** TURN *** [9h 3c 9s] [Qd]
e042b2b4: checks
b96a8210: checks
*** RIVER *** [9h 3c 9s Qd] [8s]
e042b2b4: checks
b96a8210: checks
e042b2b4: shows [3d 2h] (Pair of Nines and Pair of Treys)
b96a8210: shows [Ks Ac] (Pair of Nines)
*** SHOWDOWN ***
e042b2b4 collected $1.04 from pot
*** SUMMARY ***
Total pot $1.09 | Rake $0.05 | Jackpot $0 | Bingo $0 | Fortune $0 | Tax $0
Board [9h 3c 9s Qd 8s]
Seat 1: ad43d23c (small blind) folded before Flop
Seat 2: e042b2b4 (big blind) showed [3d 2h] and won ($1.04) with Pair of Nines and Pair of Treys
Seat 3: b96a8210 showed [Ks Ac] and lost with Pair of Nines
Seat 4: Hero folded before Flop (didn't bet)
Seat 5: aece57a6 folded before Flop (didn't bet)
Seat 6: 9b1eac0 (button) folded before Flop (didn't bet)


Poker Hand #HD1755802759: Hold'em No Limit ($0.05/$0.1) - 2024/05/02 19:28:11
Table 'NLHRed12' 6-max Seat #5 is the button
Seat 1: ad43d23c ($9.72 in chips)
Seat 2: e042b2b4 ($12.02 in chips)
Seat 3: b96a8210 ($10 in chips)
Seat 4: Hero ($10.57 in chips)
Seat 5: aece57a6 ($13.55 in chips)
Seat 6: 9b1eac0 ($10 in chips)
9b1eac0: posts small blind $0.05
ad43d23c: posts big blind $0.1
*** HOLE CARDS ***
Dealt to ad43d23c 
Dealt to e042b2b4 
Dealt to b96a8210 
Dealt to Hero [8h Ks]
Dealt to aece57a6 
Dealt to 9b1eac0 
e042b2b4: folds
b96a8210: raises $0.18 to $0.28
Hero: folds
aece57a6: folds
9b1eac0: folds
ad43d23c: folds
Uncalled bet ($0.18) returned to b96a8210
*** SHOWDOWN ***
b96a8210 collected $0.25 from pot
*** SUMMARY ***
Total pot $0.25 | Rake $0 | Jackpot $0 | Bingo $0 | Fortune $0 | Tax $0
Seat 1: ad43d23c (big blind) folded before Flop
Seat 2: e042b2b4 folded before Flop (didn't bet)
Seat 3: b96a8210 collected ($0.25)
Seat 4: Hero folded before Flop (didn't bet)
Seat 5: aece57a6 (button) folded before Flop (didn't bet)
Seat 6: 9b1eac0 (small blind) folded before Flop


Poker Hand #HD1755802709: Hold'em No Limit ($0.05/$0.1) - 2024/05/02 19:27:49
Table 'NLHRed12' 6-max Seat #4 is the button
Seat 1: ad43d23c ($9.72 in chips)
Seat 2: e042b2b4 ($12.02 in chips)
Seat 3: b96a8210 ($10 in chips)
Seat 4: Hero ($10.42 in chips)
Seat 5: aece57a6 ($13.6 in chips)
Seat 6: 9b1eac0 ($10 in chips)
aece57a6: posts small blind $0.05
9b1eac0: posts big blind $0.1
*** HOLE CARDS ***
Dealt to ad43d23c 
Dealt to e042b2b4 
Dealt to b96a8210 
Dealt to Hero [Qd 9s]
Dealt to aece57a6 
Dealt to 9b1eac0 
ad43d23c: folds
e042b2b4: folds
b96a8210: folds
Hero: raises $0.14 to $0.24
aece57a6: folds
9b1eac0: folds
Uncalled bet ($0.14) returned to Hero
*** SHOWDOWN ***
Hero collected $0.25 from pot
*** SUMMARY ***
Total pot $0.25 | Rake $0 | Jackpot $0 | Bingo $0 | Fortune $0 | Tax $0
Seat 1: ad43d23c folded before Flop (didn't bet)
Seat 2: e042b2b4 folded before Flop (didn't bet)
Seat 3: b96a8210 folded before Flop (didn't bet)
Seat 4: Hero (button) collected ($0.25)
Seat 5: aece57a6 (small blind) folded before Flop
Seat 6: 9b1eac0 (big blind) folded before Flop


Poker Hand #HD1755802671: Hold'em No Limit ($0.05/$0.1) - 2024/05/02 19:27:30
Table 'NLHRed12' 6-max Seat #3 is the button
Seat 1: ad43d23c ($9.72 in chips)
Seat 2: e042b2b4 ($12.02 in chips)
Seat 3: b96a8210 ($10 in chips)
Seat 4: Hero ($10.32 in chips)
Seat 5: aece57a6 ($13.7 in chips)
Seat 6: 9b1eac0 ($10 in chips)
Hero: posts small blind $0.05
aece57a6: posts big blind $0.1
*** HOLE CARDS ***
Dealt to ad43d23c 
Dealt to e042b2b4 
Dealt to b96a8210 
Dealt to Hero [7h Qh]
Dealt to aece57a6 
Dealt to 9b1eac0 
9b1eac0: folds
ad43d23c: folds
e042b2b4: folds
b96a8210: folds
Hero: raises $0.2 to $0.3
aece57a6: folds
Uncalled bet ($0.2) returned to Hero
*** SHOWDOWN ***
Hero collected $0.2 from pot
*** SUMMARY ***
Total pot $0.2 | Rake $0 | Jackpot $0 | Bingo $0 | Fortune $0 | Tax $0
Seat 1: ad43d23c folded before Flop (didn't bet)
Seat 2: e042b2b4 folded before Flop (didn't bet)
Seat 3: b96a8210 (button) folded before Flop (didn't bet)
Seat 4: Hero (small blind) collected ($0.2)
Seat 5: aece57a6 (big blind) folded before Flop
Seat 6: 9b1eac0 folded before Flop (didn't bet)


Poker Hand #HD1755802604: Hold'em No Limit ($0.05/$0.1) - 2024/05/02 19:26:54
Table 'NLHRed12' 6-max Seat #2 is the button
Seat 1: ad43d23c ($9.72 in chips)
Seat 2: e042b2b4 ($12.32 in chips)
Seat 3: b96a8210 ($10 in chips)
Seat 4: Hero ($10 in chips)
Seat 5: aece57a6 ($13.7 in chips)
Seat 6: 9b1eac0 ($10 in chips)
b96a8210: posts small blind $0.05
Hero: posts big blind $0.1
*** HOLE CARDS ***
Dealt to ad43d23c 
Dealt to e042b2b4 
Dealt to b96a8210 
Dealt to Hero [Js Jh]
Dealt to aece57a6 
Dealt to 9b1eac0 
aece57a6: folds
9b1eac0: folds
ad43d23c: folds
e042b2b4: raises $0.2 to $0.3
b96a8210: folds
Hero: raises $0.9 to $1.2
e042b2b4: folds
Uncalled bet ($0.9) returned to Hero
*** SHOWDOWN ***
Hero collected $0.62 from pot
*** SUMMARY ***
Total pot $0.65 | Rake $0.03 | Jackpot $0 | Bingo $0 | Fortune $0 | Tax $0
Seat 1: ad43d23c folded before Flop (didn't bet)
Seat 2: e042b2b4 (button) folded before Flop
Seat 3: b96a8210 (small blind) folded before Flop
Seat 4: Hero (big blind) collected ($0.62)
Seat 5: aece57a6 folded before Flop (didn't bet)
Seat 6: 9b1eac0 folded before Flop (didn't bet)


Poker Hand #HD1755802562: Hold'em No Limit ($0.05/$0.1) - 2024/05/02 19:26:32
Table 'NLHRed12' 6-max Seat #1 is the button
Seat 1: ad43d23c ($4.72 in chips)
Seat 2: e042b2b4 ($12.22 in chips)
Seat 3: b96a8210 ($10 in chips)
Seat 4: Hero ($10 in chips)
Seat 5: aece57a6 ($13.7 in chips)
Seat 6: 9b1eac0 ($10 in chips)
e042b2b4: posts small blind $0.05
b96a8210: posts big blind $0.1
*** HOLE CARDS ***
Dealt to ad43d23c 
Dealt to e042b2b4 
Dealt to b96a8210 
Dealt to Hero [6c Jd]
Dealt to aece57a6 
Dealt to 9b1eac0 
Hero: folds
aece57a6: folds
9b1eac0: folds
ad43d23c: folds
e042b2b4: raises $0.2 to $0.3
b96a8210: folds
Uncalled bet ($0.2) returned to e042b2b4
*** SHOWDOWN ***
e042b2b4 collected $0.2 from pot
*** SUMMARY ***
Total pot $0.2 | Rake $0 | Jackpot $0 | Bingo $0 | Fortune $0 | Tax $0
Seat 1: ad43d23c (button) folded before Flop (didn't bet)
Seat 2: e042b2b4 (small blind) collected ($0.2)
Seat 3: b96a8210 (big blind) folded before Flop
Seat 4: Hero folded before Flop (didn't bet)
Seat 5: aece57a6 folded before Flop (didn't bet)
Seat 6: 9b1eac0 folded before Flop (didn't bet)


Poker Hand #HD1755802518: Hold'em No Limit ($0.05/$0.1) - 2024/05/02 19:26:10
Table 'NLHRed12' 6-max Seat #6 is the button
Seat 1: ad43d23c ($4.77 in chips)
Seat 2: e042b2b4 ($12.17 in chips)
Seat 4: Hero ($10 in chips)
Seat 5: aece57a6 ($13.7 in chips)
Seat 6: 9b1eac0 ($10 in chips)
ad43d23c: posts small blind $0.05
e042b2b4: posts big blind $0.1
*** HOLE CARDS ***
Dealt to ad43d23c 
Dealt to e042b2b4 
Dealt to Hero [Jd Th]
Dealt to aece57a6 
Dealt to 9b1eac0 
Hero: folds
aece57a6: folds
9b1eac0: folds
ad43d23c: folds
Uncalled bet ($0.05) returned to e042b2b4
*** SHOWDOWN ***
e042b2b4 collected $0.1 from pot
*** SUMMARY ***
Total pot $0.1 | Rake $0 | Jackpot $0 | Bingo $0 | Fortune $0 | Tax $0
Seat 1: ad43d23c (small blind) folded before Flop
Seat 2: e042b2b4 (big blind) collected ($0.1)
Seat 4: Hero folded before Flop (didn't bet)
Seat 5: aece57a6 folded before Flop (didn't bet)
Seat 6: 9b1eac0 (button) folded before Flop (didn't bet)


Poker Hand #HD1755802418: Hold'em No Limit ($0.05/$0.1) - 2024/05/02 19:25:24
Table 'NLHRed12' 6-max Seat #5 is the button
Seat 1: ad43d23c ($5.4 in chips)
Seat 2: e042b2b4 ($11.55 in chips)
Seat 4: Hero ($10 in chips)
Seat 5: aece57a6 ($13.7 in chips)
Seat 6: 9b1eac0 ($10 in chips)
9b1eac0: posts small blind $0.05
ad43d23c: posts big blind $0.1
*** HOLE CARDS ***
Dealt to ad43d23c 
Dealt to e042b2b4 
Dealt to Hero [4d 9h]
Dealt to aece57a6 
Dealt to 9b1eac0 
e042b2b4: raises $0.2 to $0.3
Hero: folds
aece57a6: folds
9b1eac0: folds
ad43d23c: calls $0.2
*** FLOP *** [Ac 3h Tc]
ad43d23c: bets $0.33
e042b2b4: calls $0.33
*** TURN *** [Ac 3h Tc] [Ad]
ad43d23c: checks
e042b2b4: bets $0.99
ad43d23c: folds
Uncalled bet ($0.99) returned to e042b2b4
*** SHOWDOWN ***
e042b2b4 collected $1.25 from pot
*** SUMMARY ***
Total pot $1.31 | Rake $0.06 | Jackpot $0 | Bingo $0 | Fortune $0 | Tax $0
Board [Ac 3h Tc Ad]
Seat 1: ad43d23c (big blind) folded on the Turn
Seat 2: e042b2b4 won ($1.25)
Seat 4: Hero folded before Flop (didn't bet)
Seat 5: aece57a6 (button) folded before Flop (didn't bet)
Seat 6: 9b1eac0 (small blind) folded before Flop


Poker Hand #HD1755802395: Hold'em No Limit ($0.05/$0.1) - 2024/05/02 19:25:10
Table 'NLHRed12' 6-max Seat #4 is the button
Seat 1: ad43d23c ($5.4 in chips)
Seat 2: e042b2b4 ($11.4 in chips)
Seat 4: Hero ($10 in chips)
Seat 5: aece57a6 ($13.75 in chips)
Seat 6: 9b1eac0 ($10 in chips)
aece57a6: posts small blind $0.05
9b1eac0: posts big blind $0.1
*** HOLE CARDS ***
Dealt to ad43d23c 
Dealt to e042b2b4 
Dealt to Hero [6d Js]
Dealt to aece57a6 
Dealt to 9b1eac0 
ad43d23c: folds
e042b2b4: raises $0.2 to $0.3
Hero: folds
aece57a6: folds
9b1eac0: folds
Uncalled bet ($0.2) returned to e042b2b4
*** SHOWDOWN ***
e042b2b4 collected $0.25 from pot
*** SUMMARY ***
Total pot $0.25 | Rake $0 | Jackpot $0 | Bingo $0 | Fortune $0 | Tax $0
Seat 1: ad43d23c folded before Flop (didn't bet)
Seat 2: e042b2b4 collected ($0.25)
Seat 4: Hero (button) folded before Flop (didn't bet)
Seat 5: aece57a6 (small blind) folded before Flop
Seat 6: 9b1eac0 (big blind) folded before Flop


Poker Hand #HD1755802310: Hold'em No Limit ($0.05/$0.1) - 2024/05/02 19:24:31
Table 'NLHRed12' 6-max Seat #2 is the button
Seat 1: ad43d23c ($5.61 in chips)
Seat 2: e042b2b4 ($11.4 in chips)
Seat 4: Hero ($10 in chips)
Seat 5: aece57a6 ($13.51 in chips)
Seat 6: 9b1eac0 ($10 in chips)
Hero: posts small blind $0.05
aece57a6: posts big blind $0.1
*** HOLE CARDS ***
Dealt to ad43d23c 
Dealt to e042b2b4 
Dealt to Hero [Ac 3d]
Dealt to aece57a6 
Dealt to 9b1eac0 
9b1eac0: folds
ad43d23c: raises $0.11 to $0.21
e042b2b4: folds
Hero: folds
aece57a6: calls $0.11
*** FLOP *** [7s 3c 3h]
aece57a6: checks
ad43d23c: checks
*** TURN *** [7s 3c 3h] [2h]
aece57a6: bets $0.24
ad43d23c: folds
Uncalled bet ($0.24) returned to aece57a6
*** SHOWDOWN ***
aece57a6 collected $0.45 from pot
*** SUMMARY ***
Total pot $0.47 | Rake $0.02 | Jackpot $0 | Bingo $0 | Fortune $0 | Tax $0
Board [7s 3c 3h 2h]
Seat 1: ad43d23c folded on the Turn
Seat 2: e042b2b4 (button) folded before Flop (didn't bet)
Seat 4: Hero (small blind) folded before Flop
Seat 5: aece57a6 (big blind) won ($0.45)
Seat 6: 9b1eac0 folded before Flop (didn't bet)


Poker Hand #HD1755802280: Hold'em No Limit ($0.05/$0.1) - 2024/05/02 19:24:15
Table 'NLHRed12' 6-max Seat #1 is the button
Seat 1: ad43d23c ($5.61 in chips)
Seat 2: e042b2b4 ($11.3 in chips)
Seat 4: Hero ($10 in chips)
Seat 5: aece57a6 ($13.51 in chips)
Seat 6: 9b1eac0 ($10 in chips)
e042b2b4: posts small blind $0.05
Hero: posts big blind $0.1
*** HOLE CARDS ***
Dealt to ad43d23c 
Dealt to e042b2b4 
Dealt to Hero [2h Qc]
Dealt to aece57a6 
Dealt to 9b1eac0 
aece57a6: folds
9b1eac0: folds
ad43d23c: folds
e042b2b4: raises $0.2 to $0.3
Hero: folds
Uncalled bet ($0.2) returned to e042b2b4
*** SHOWDOWN ***
e042b2b4 collected $0.2 from pot
*** SUMMARY ***
Total pot $0.2 | Rake $0 | Jackpot $0 | Bingo $0 | Fortune $0 | Tax $0
Seat 1: ad43d23c (button) folded before Flop (didn't bet)
Seat 2: e042b2b4 (small blind) collected ($0.2)
Seat 4: Hero (big blind) folded before Flop
Seat 5: aece57a6 folded before Flop (didn't bet)
Seat 6: 9b1eac0 folded before Flop (didn't bet)


Poker Hand #HD1755802244: Hold'em No Limit ($0.05/$0.1) - 2024/05/02 19:23:55
Table 'NLHRed12' 6-max Seat #6 is the button
Seat 1: ad43d23c ($5.51 in chips)
Seat 2: e042b2b4 ($11.4 in chips)
Seat 4: Hero ($10 in chips)
Seat 5: aece57a6 ($13.51 in chips)
Seat 6: 9b1eac0 ($10 in chips)
ad43d23c: posts small blind $0.05
e042b2b4: posts big blind $0.1
*** HOLE CARDS ***
Dealt to ad43d23c 
Dealt to e042b2b4 
Dealt to Hero [Qh 5d]
Dealt to aece57a6 
Dealt to 9b1eac0 
Hero: folds
aece57a6: folds
9b1eac0: folds
ad43d23c: raises $0.2 to $0.3
e042b2b4: folds
Uncalled bet ($0.2) returned to ad43d23c
*** SHOWDOWN ***
ad43d23c collected $0.2 from pot
*** SUMMARY ***
Total pot $0.2 | Rake $0 | Jackpot $0 | Bingo $0 | Fortune $0 | Tax $0
Seat 1: ad43d23c (small blind) collected ($0.2)
Seat 2: e042b2b4 (big blind) folded before Flop
Seat 4: Hero folded before Flop (didn't bet)
Seat 5: aece57a6 folded before Flop (didn't bet)
Seat 6: 9b1eac0 (button) folded before Flop (didn't bet)


Poker Hand #HD1755802218: Hold'em No Limit ($0.05/$0.1) - 2024/05/02 19:23:39
Table 'NLHRed12' 6-max Seat #5 is the button
Seat 1: ad43d23c ($5.61 in chips)
Seat 2: e042b2b4 ($11.25 in chips)
Seat 4: Hero ($10 in chips)
Seat 5: aece57a6 ($13.51 in chips)
Seat 6: 9b1eac0 ($10 in chips)
9b1eac0: posts small blind $0.05
ad43d23c: posts big blind $0.1
*** HOLE CARDS ***
Dealt to ad43d23c 
Dealt to e042b2b4 
Dealt to Hero [Js Qd]
Dealt to aece57a6 
Dealt to 9b1eac0 
e042b2b4: raises $0.2 to $0.3
Hero: folds
aece57a6: folds
9b1eac0: folds
ad43d23c: folds
Uncalled bet ($0.2) returned to e042b2b4
*** SHOWDOWN ***
e042b2b4 collected $0.25 from pot
*** SUMMARY ***
Total pot $0.25 | Rake $0 | Jackpot $0 | Bingo $0 | Fortune $0 | Tax $0
Seat 1: ad43d23c (big blind) folded before Flop
Seat 2: e042b2b4 collected ($0.25)
Seat 4: Hero folded before Flop (didn't bet)
Seat 5: aece57a6 (button) folded before Flop (didn't bet)
Seat 6: 9b1eac0 (small blind) folded before Flop


Poker Hand #HD1755802184: Hold'em No Limit ($0.05/$0.1) - 2024/05/02 19:23:23
Table 'NLHRed12' 6-max Seat #4 is the button
Seat 1: ad43d23c ($5.61 in chips)
Seat 2: e042b2b4 ($11.1 in chips)
Seat 4: Hero ($10 in chips)
Seat 5: aece57a6 ($13.56 in chips)
Seat 6: 9b1eac0 ($10 in chips)
aece57a6: posts small blind $0.05
9b1eac0: posts big blind $0.1
*** HOLE CARDS ***
Dealt to ad43d23c 
Dealt to e042b2b4 
Dealt to Hero [Th Kc]
Dealt to aece57a6 
Dealt to 9b1eac0 
ad43d23c: folds
e042b2b4: raises $0.2 to $0.3
Hero: folds
aece57a6: folds
9b1eac0: folds
Uncalled bet ($0.2) returned to e042b2b4
*** SHOWDOWN ***
e042b2b4 collected $0.25 from pot
*** SUMMARY ***
Total pot $0.25 | Rake $0 | Jackpot $0 | Bingo $0 | Fortune $0 | Tax $0
Seat 1: ad43d23c folded before Flop (didn't bet)
Seat 2: e042b2b4 collected ($0.25)
Seat 4: Hero (button) folded before Flop (didn't bet)
Seat 5: aece57a6 (small blind) folded before Flop
Seat 6: 9b1eac0 (big blind) folded before Flop


Poker Hand #HD1755802160: Hold'em No Limit ($0.05/$0.1) - 2024/05/02 19:23:13
Table 'NLHRed12' 6-max Seat #2 is the button
Seat 1: ad43d23c ($5.61 in chips)
Seat 2: e042b2b4 ($10.95 in chips)
Seat 4: Hero ($10 in chips)
Seat 5: aece57a6 ($13.66 in chips)
Hero: posts small blind $0.05
aece57a6: posts big blind $0.1
*** HOLE CARDS ***
Dealt to ad43d23c 
Dealt to e042b2b4 
Dealt to Hero [Jd Qh]
Dealt to aece57a6 
ad43d23c: folds
e042b2b4: raises $0.2 to $0.3
Hero: folds
aece57a6: folds
Uncalled bet ($0.2) returned to e042b2b4
*** SHOWDOWN ***
e042b2b4 collected $0.25 from pot
*** SUMMARY ***
Total pot $0.25 | Rake $0 | Jackpot $0 | Bingo $0 | Fortune $0 | Tax $0
Seat 1: ad43d23c folded before Flop (didn't bet)
Seat 2: e042b2b4 (button) collected ($0.25)
Seat 4: Hero (small blind) folded before Flop
Seat 5: aece57a6 (big blind) folded before Flop


Poker Hand #HD1755802076: Hold'em No Limit ($0.05/$0.1) - 2024/05/02 19:22:29
Table 'NLHRed12' 6-max Seat #1 is the button
Seat 1: ad43d23c ($5.61 in chips)
Seat 2: e042b2b4 ($10.33 in chips)
Seat 4: Hero ($10 in chips)
Seat 5: aece57a6 ($14.24 in chips)
Seat 6: 450cf4e7 ($12.6 in chips)
e042b2b4: posts small blind $0.05
Hero: posts big blind $0.1
*** HOLE CARDS ***
Dealt to ad43d23c 
Dealt to e042b2b4 
Dealt to Hero [6s 8c]
Dealt to aece57a6 
Dealt to 450cf4e7 
aece57a6: raises $0.1 to $0.2
450cf4e7: folds
ad43d23c: folds
e042b2b4: calls $0.15
Hero: folds
*** FLOP *** [Qh 6h Td]
e042b2b4: checks
aece57a6: bets $0.38
e042b2b4: calls $0.38
*** TURN *** [Qh 6h Td] [Tc]
e042b2b4: checks
aece57a6: checks
*** RIVER *** [Qh 6h Td Tc] [5c]
e042b2b4: bets $1.26
aece57a6: folds
Uncalled bet ($1.26) returned to e042b2b4
*** SHOWDOWN ***
e042b2b4 collected $1.2 from pot
*** SUMMARY ***
Total pot $1.26 | Rake $0.06 | Jackpot $0 | Bingo $0 | Fortune $0 | Tax $0
Board [Qh 6h Td Tc 5c]
Seat 1: ad43d23c (button) folded before Flop (didn't bet)
Seat 2: e042b2b4 (small blind) won ($1.2)
Seat 4: Hero (big blind) folded before Flop
Seat 5: aece57a6 folded on the River
Seat 6: 450cf4e7 folded before Flop (didn't bet)


Poker Hand #HD1755801960: Hold'em No Limit ($0.05/$0.1) - 2024/05/02 19:21:29
Table 'NLHRed12' 6-max Seat #6 is the button
Seat 1: ad43d23c ($9.9 in chips)
Seat 2: e042b2b4 ($10.43 in chips)
Seat 4: Hero ($10 in chips)
Seat 5: aece57a6 ($10.37 in chips)
Seat 6: 450cf4e7 ($12.6 in chips)
ad43d23c: posts small blind $0.05
e042b2b4: posts big blind $0.1
*** HOLE CARDS ***
Dealt to ad43d23c 
Dealt to e042b2b4 
Dealt to Hero [6c Td]
Dealt to aece57a6 
Dealt to 450cf4e7 
Hero: folds
aece57a6: raises $0.1 to $0.2
450cf4e7: folds
ad43d23c: raises $0.42 to $0.62
e042b2b4: folds
aece57a6: calls $0.42
*** FLOP *** [3c Jh 2d]
ad43d23c: bets $0.45
aece57a6: calls $0.45
*** TURN *** [3c Jh 2d] [Ts]
ad43d23c: checks
aece57a6: bets $1.12
ad43d23c: calls $1.12
*** RIVER *** [3c Jh 2d Ts] [5s]
ad43d23c: bets $2.1
aece57a6: calls $2.1
ad43d23c: shows [Kc Jc] (Pair of Jacks)
aece57a6: shows [As Js] (Pair of Jacks)
*** SHOWDOWN ***
aece57a6 collected $8.16 from pot
*** SUMMARY ***
Total pot $8.68 | Rake $0.42 | Jackpot $0.1 | Bingo $0 | Fortune $0 | Tax $0
Board [3c Jh 2d Ts 5s]
Seat 1: ad43d23c (small blind) showed [Kc Jc] and lost with Pair of Jacks
Seat 2: e042b2b4 (big blind) folded before Flop
Seat 4: Hero folded before Flop (didn't bet)
Seat 5: aece57a6 showed [As Js] and won ($8.16) with Pair of Jacks
Seat 6: 450cf4e7 (button) folded before Flop (didn't bet)


Poker Hand #HD1755801935: Hold'em No Limit ($0.05/$0.1) - 2024/05/02 19:21:19
Table 'NLHRed12' 6-max Seat #5 is the button
Seat 1: ad43d23c ($10 in chips)
Seat 2: e042b2b4 ($10.28 in chips)
Seat 4: Hero ($10 in chips)
Seat 5: aece57a6 ($10.37 in chips)
Seat 6: 450cf4e7 ($12.65 in chips)
450cf4e7: posts small blind $0.05
ad43d23c: posts big blind $0.1
*** HOLE CARDS ***
Dealt to ad43d23c 
Dealt to e042b2b4 
Dealt to Hero [Qc 6h]
Dealt to aece57a6 
Dealt to 450cf4e7 
e042b2b4: raises $0.2 to $0.3
Hero: folds
aece57a6: folds
450cf4e7: folds
ad43d23c: folds
Uncalled bet ($0.2) returned to e042b2b4
*** SHOWDOWN ***
e042b2b4 collected $0.25 from pot
*** SUMMARY ***
Total pot $0.25 | Rake $0 | Jackpot $0 | Bingo $0 | Fortune $0 | Tax $0
Seat 1: ad43d23c (big blind) folded before Flop
Seat 2: e042b2b4 collected ($0.25)
Seat 4: Hero folded before Flop (didn't bet)
Seat 5: aece57a6 (button) folded before Flop (didn't bet)
Seat 6: 450cf4e7 (small blind) folded before Flop


Poker Hand #HD1755801881: Hold'em No Limit ($0.05/$0.1) - 2024/05/02 19:20:49
Table 'NLHRed12' 6-max Seat #4 is the button
Seat 1: ad43d23c ($10 in chips)
Seat 2: e042b2b4 ($10.58 in chips)
Seat 4: Hero ($10 in chips)
Seat 5: aece57a6 ($10 in chips)
Seat 6: 450cf4e7 ($12.75 in chips)
aece57a6: posts small blind $0.05
450cf4e7: posts big blind $0.1
*** HOLE CARDS ***
Dealt to ad43d23c 
Dealt to e042b2b4 
Dealt to Hero [Ac Ts]
Dealt to aece57a6 
Dealt to 450cf4e7 
ad43d23c: folds
e042b2b4: raises $0.2 to $0.3
Hero: folds
aece57a6: raises $0.9 to $1.2
450cf4e7: folds
e042b2b4: folds
Uncalled bet ($0.9) returned to aece57a6
*** SHOWDOWN ***
aece57a6 collected $0.67 from pot
*** SUMMARY ***
Total pot $0.7 | Rake $0.03 | Jackpot $0 | Bingo $0 | Fortune $0 | Tax $0
Seat 1: ad43d23c folded before Flop (didn't bet)
Seat 2: e042b2b4 folded before Flop
Seat 4: Hero (button) folded before Flop (didn't bet)
Seat 5: aece57a6 (small blind) collected ($0.67)
Seat 6: 450cf4e7 (big blind) folded before Flop


Poker Hand #HD1755801712: Hold'em No Limit ($0.05/$0.1) - 2024/05/02 19:19:28
Table 'NLHRed12' 6-max Seat #2 is the button
Seat 1: ad43d23c ($10 in chips)
Seat 2: e042b2b4 ($10.68 in chips)
Seat 4: Hero ($10 in chips)
Seat 5: aece57a6 ($10 in chips)
Seat 6: 450cf4e7 ($12.51 in chips)
Hero: posts small blind $0.05
aece57a6: posts big blind $0.1
*** HOLE CARDS ***
Dealt to ad43d23c 
Dealt to e042b2b4 
Dealt to Hero [5s 6d]
Dealt to aece57a6 
Dealt to 450cf4e7 
450cf4e7: calls $0.1
ad43d23c: folds
e042b2b4: calls $0.1
Hero: folds
aece57a6: checks
*** FLOP *** [7c Tc Jd]
aece57a6: checks
450cf4e7: checks
e042b2b4: checks
*** TURN *** [7c Tc Jd] [3s]
aece57a6: checks
450cf4e7: checks
e042b2b4: checks
*** RIVER *** [7c Tc Jd 3s] [Th]
aece57a6: checks
450cf4e7: checks
e042b2b4: checks
aece57a6: shows [9c 4d] (Pair of Tens)
450cf4e7: shows [Ah 3d] (Pair of Tens and Pair of Treys)
e042b2b4: shows [Ks 9s] (Pair of Tens)
*** SHOWDOWN ***
450cf4e7 collected $0.34 from pot
*** SUMMARY ***
Total pot $0.35 | Rake $0.01 | Jackpot $0 | Bingo $0 | Fortune $0 | Tax $0
Board [7c Tc Jd 3s Th]
Seat 1: ad43d23c folded before Flop (didn't bet)
Seat 2: e042b2b4 (button) showed [Ks 9s] and lost with Pair of Tens
Seat 4: Hero (small blind) folded before Flop
Seat 5: aece57a6 (big blind) showed [9c 4d] and lost with Pair of Tens
Seat 6: 450cf4e7 showed [Ah 3d] and won ($0.34) with Pair of Tens and Pair of Treys


Poker Hand #HD1755801568: Hold'em No Limit ($0.05/$0.1) - 2024/05/02 19:18:16
Table 'NLHRed12' 6-max Seat #1 is the button
Seat 1: ad43d23c ($10 in chips)
Seat 2: e042b2b4 ($9.68 in chips)
Seat 3: b96a8210 ($10.04 in chips)
Seat 4: Hero ($10 in chips)
Seat 5: aece57a6 ($10 in chips)
Seat 6: 450cf4e7 ($12.51 in chips)
e042b2b4: posts small blind $0.05
b96a8210: posts big blind $0.1
*** HOLE CARDS ***
Dealt to ad43d23c 
Dealt to e042b2b4 
Dealt to b96a8210 
Dealt to Hero [7d Jd]
Dealt to aece57a6 
Dealt to 450cf4e7 
Hero: folds
aece57a6: raises $0.1 to $0.2
450cf4e7: folds
ad43d23c: folds
e042b2b4: calls $0.15
b96a8210: folds
*** FLOP *** [Ts Ac 6c]
e042b2b4: checks
aece57a6: bets $0.17
e042b2b4: calls $0.17
*** TURN *** [Ts Ac 6c] [2h]
e042b2b4: checks
aece57a6: checks
*** RIVER *** [Ts Ac 6c 2h] [Ks]
e042b2b4: checks
aece57a6: bets $0.63
e042b2b4: calls $0.63
aece57a6: shows [3s 3d] (Pair of Treys)
e042b2b4: shows [Ah 7s] (Pair of Aces)
*** SHOWDOWN ***
e042b2b4 collected $2 from pot
*** SUMMARY ***
Total pot $2.1 | Rake $0.1 | Jackpot $0 | Bingo $0 | Fortune $0 | Tax $0
Board [Ts Ac 6c 2h Ks]
Seat 1: ad43d23c (button) folded before Flop (didn't bet)
Seat 2: e042b2b4 (small blind) showed [Ah 7s] and won ($2) with Pair of Aces
Seat 3: b96a8210 (big blind) folded before Flop
Seat 4: Hero folded before Flop (didn't bet)
Seat 5: aece57a6 showed [3s 3d] and lost with Pair of Treys
Seat 6: 450cf4e7 folded before Flop (didn't bet)


Poker Hand #HD1755801458: Hold'em No Limit ($0.05/$0.1) - 2024/05/02 19:17:28
Table 'NLHRed12' 6-max Seat #6 is the button
Seat 1: ad43d23c ($10.05 in chips)
Seat 2: e042b2b4 ($9.78 in chips)
Seat 3: b96a8210 ($10.04 in chips)
Seat 4: Hero ($10 in chips)
Seat 5: aece57a6 ($10 in chips)
Seat 6: 450cf4e7 ($12.37 in chips)
ad43d23c: posts small blind $0.05
e042b2b4: posts big blind $0.1
*** HOLE CARDS ***
Dealt to ad43d23c 
Dealt to e042b2b4 
Dealt to b96a8210 
Dealt to Hero [Ts Kd]
Dealt to aece57a6 
Dealt to 450cf4e7 
b96a8210: folds
Hero: folds
aece57a6: folds
450cf4e7: calls $0.1
ad43d23c: folds
e042b2b4: checks
*** FLOP *** [3h 4c 6h]
e042b2b4: checks
450cf4e7: checks
*** TURN *** [3h 4c 6h] [3d]
e042b2b4: checks
450cf4e7: bets $0.25
e042b2b4: folds
Uncalled bet ($0.25) returned to 450cf4e7
*** SHOWDOWN ***
450cf4e7 collected $0.24 from pot
*** SUMMARY ***
Total pot $0.25 | Rake $0.01 | Jackpot $0 | Bingo $0 | Fortune $0 | Tax $0
Board [3h 4c 6h 3d]
Seat 1: ad43d23c (small blind) folded before Flop
Seat 2: e042b2b4 (big blind) folded on the Turn
Seat 3: b96a8210 folded before Flop (didn't bet)
Seat 4: Hero folded before Flop (didn't bet)
Seat 5: aece57a6 folded before Flop (didn't bet)
Seat 6: 450cf4e7 (button) won ($0.24)


Poker Hand #HD1755801366: Hold'em No Limit ($0.05/$0.1) - 2024/05/02 19:16:39
Table 'NLHRed12' 6-max Seat #5 is the button
Seat 1: ad43d23c ($10.15 in chips)
Seat 2: e042b2b4 ($9.78 in chips)
Seat 3: b96a8210 ($10.04 in chips)
Seat 4: Hero ($10 in chips)
Seat 5: aece57a6 ($10 in chips)
Seat 6: 450cf4e7 ($10.06 in chips)
450cf4e7: posts small blind $0.05
ad43d23c: posts big blind $0.1
*** HOLE CARDS ***
Dealt to ad43d23c 
Dealt to e042b2b4 
Dealt to b96a8210 
Dealt to Hero [Qd Ah]
Dealt to aece57a6 
Dealt to 450cf4e7 
e042b2b4: folds
b96a8210: folds
Hero: raises $0.14 to $0.24
aece57a6: folds
450cf4e7: calls $0.19
ad43d23c: folds
*** FLOP *** [3h 3s 4h]
450cf4e7: checks
Hero: checks
*** TURN *** [3h 3s 4h] [As]
450cf4e7: bets $0.58
Hero: calls $0.58
*** RIVER *** [3h 3s 4h As] [Ks]
450cf4e7: bets $1.74
Hero: calls $1.74
450cf4e7: shows [Ad Kh] (Pair of Aces and Pair of Kings)
Hero: shows [Qd Ah] (Pair of Aces and Pair of Treys)
*** SHOWDOWN ***
450cf4e7 collected $4.87 from pot
*** SUMMARY ***
Total pot $5.22 | Rake $0.25 | Jackpot $0.1 | Bingo $0 | Fortune $0 | Tax $0
Board [3h 3s 4h As Ks]
Seat 1: ad43d23c (big blind) folded before Flop
Seat 2: e042b2b4 folded before Flop (didn't bet)
Seat 3: b96a8210 folded before Flop (didn't bet)
Seat 4: Hero showed [Qd Ah] and lost with Pair of Aces and Pair of Treys
Seat 5: aece57a6 (button) folded before Flop (didn't bet)
Seat 6: 450cf4e7 (small blind) showed [Ad Kh] and won ($4.87) with Pair of Aces and Pair of Kings


Poker Hand #HD1755801331: Hold'em No Limit ($0.05/$0.1) - 2024/05/02 19:16:23
Table 'NLHRed12' 6-max Seat #4 is the button
Seat 1: ad43d23c ($10.15 in chips)
Seat 2: e042b2b4 ($9.78 in chips)
Seat 3: b96a8210 ($10.04 in chips)
Seat 4: Hero ($10 in chips)
Seat 5: aece57a6 ($10.05 in chips)
Seat 6: 450cf4e7 ($10.01 in chips)
aece57a6: posts small blind $0.05
450cf4e7: posts big blind $0.1
*** HOLE CARDS ***
Dealt to ad43d23c 
Dealt to e042b2b4 
Dealt to b96a8210 
Dealt to Hero [3d 4s]
Dealt to aece57a6 
Dealt to 450cf4e7 
ad43d23c: folds
e042b2b4: folds
b96a8210: folds
Hero: folds
aece57a6: folds
Uncalled bet ($0.05) returned to 450cf4e7
*** SHOWDOWN ***
450cf4e7 collected $0.1 from pot
*** SUMMARY ***
Total pot $0.1 | Rake $0 | Jackpot $0 | Bingo $0 | Fortune $0 | Tax $0
Seat 1: ad43d23c folded before Flop (didn't bet)
Seat 2: e042b2b4 folded before Flop (didn't bet)
Seat 3: b96a8210 folded before Flop (didn't bet)
Seat 4: Hero (button) folded before Flop (didn't bet)
Seat 5: aece57a6 (small blind) folded before Flop
Seat 6: 450cf4e7 (big blind) collected ($0.1)


Poker Hand #HD1755801290: Hold'em No Limit ($0.05/$0.1) - 2024/05/02 19:16:00
Table 'NLHRed12' 6-max Seat #3 is the button
Seat 1: ad43d23c ($10 in chips)
Seat 2: e042b2b4 ($9.78 in chips)
Seat 3: b96a8210 ($10.04 in chips)
Seat 4: Hero ($10 in chips)
Seat 5: aece57a6 ($10.15 in chips)
Seat 6: 450cf4e7 ($10.01 in chips)
Hero: posts small blind $0.05
aece57a6: posts big blind $0.1
ad43d23c: posts big blind $0.1
*** HOLE CARDS ***
Dealt to ad43d23c 
Dealt to e042b2b4 
Dealt to b96a8210 
Dealt to Hero [7s 6h]
Dealt to aece57a6 
Dealt to 450cf4e7 
450cf4e7: folds
ad43d23c: raises $0.2 to $0.3
e042b2b4: folds
b96a8210: folds
Hero: folds
aece57a6: folds
Uncalled bet ($0.2) returned to ad43d23c
*** SHOWDOWN ***
ad43d23c collected $0.25 from pot
*** SUMMARY ***
Total pot $0.25 | Rake $0 | Jackpot $0 | Bingo $0 | Fortune $0 | Tax $0
Seat 1: ad43d23c collected ($0.25)
Seat 2: e042b2b4 folded before Flop (didn't bet)
Seat 3: b96a8210 (button) folded before Flop (didn't bet)
Seat 4: Hero (small blind) folded before Flop
Seat 5: aece57a6 (big blind) folded before Flop
Seat 6: 450cf4e7 folded before Flop (didn't bet)


Poker Hand #HD1755801230: Hold'em No Limit ($0.05/$0.1) - 2024/05/02 19:15:28
Table 'NLHRed12' 6-max Seat #2 is the button
Seat 2: e042b2b4 ($10.13 in chips)
Seat 3: b96a8210 ($10.09 in chips)
Seat 4: Hero ($10 in chips)
Seat 5: aece57a6 ($10.15 in chips)
Seat 6: 450cf4e7 ($9.55 in chips)
b96a8210: posts small blind $0.05
Hero: posts big blind $0.1
*** HOLE CARDS ***
Dealt to e042b2b4 
Dealt to b96a8210 
Dealt to Hero [5c 2c]
Dealt to aece57a6 
Dealt to 450cf4e7 
aece57a6: folds
450cf4e7: raises $0.25 to $0.35
e042b2b4: calls $0.35
b96a8210: folds
Hero: folds
*** FLOP *** [8s 9d Ad]
450cf4e7: bets $0.85
e042b2b4: folds
Uncalled bet ($0.85) returned to 450cf4e7
*** SHOWDOWN ***
450cf4e7 collected $0.81 from pot
*** SUMMARY ***
Total pot $0.85 | Rake $0.04 | Jackpot $0 | Bingo $0 | Fortune $0 | Tax $0
Board [8s 9d Ad]
Seat 2: e042b2b4 (button) folded on the Flop
Seat 3: b96a8210 (small blind) folded before Flop
Seat 4: Hero (big blind) folded before Flop
Seat 5: aece57a6 folded before Flop (didn't bet)
Seat 6: 450cf4e7 won ($0.81)


Poker Hand #HD1755801204: Hold'em No Limit ($0.05/$0.1) - 2024/05/02 19:15:14
Table 'NLHRed12' 6-max Seat #6 is the button
Seat 2: e042b2b4 ($10.18 in chips)
Seat 3: b96a8210 ($10.19 in chips)
Seat 4: Hero ($10 in chips)
Seat 5: aece57a6 ($10 in chips)
Seat 6: 450cf4e7 ($9.55 in chips)
e042b2b4: posts small blind $0.05
b96a8210: posts big blind $0.1
*** HOLE CARDS ***
Dealt to e042b2b4 
Dealt to b96a8210 
Dealt to Hero [Jc 6c]
Dealt to aece57a6 
Dealt to 450cf4e7 
Hero: folds
aece57a6: raises $0.1 to $0.2
450cf4e7: folds
e042b2b4: folds
b96a8210: folds
Uncalled bet ($0.1) returned to aece57a6
*** SHOWDOWN ***
aece57a6 collected $0.25 from pot
*** SUMMARY ***
Total pot $0.25 | Rake $0 | Jackpot $0 | Bingo $0 | Fortune $0 | Tax $0
Seat 2: e042b2b4 (small blind) folded before Flop
Seat 3: b96a8210 (big blind) folded before Flop
Seat 4: Hero folded before Flop (didn't bet)
Seat 5: aece57a6 collected ($0.25)
Seat 6: 450cf4e7 (button) folded before Flop (didn't bet)


Poker Hand #HD1755801185: Hold'em No Limit ($0.05/$0.1) - 2024/05/02 19:15:04
Table 'NLHRed12' 6-max Seat #5 is the button
Seat 2: e042b2b4 ($10.13 in chips)
Seat 3: b96a8210 ($10.19 in chips)
Seat 4: Hero ($10 in chips)
Seat 5: aece57a6 ($10 in chips)
Seat 6: 450cf4e7 ($9.6 in chips)
450cf4e7: posts small blind $0.05
e042b2b4: posts big blind $0.1
*** HOLE CARDS ***
Dealt to e042b2b4 
Dealt to b96a8210 
Dealt to Hero [6h 8c]
Dealt to aece57a6 
Dealt to 450cf4e7 
b96a8210: folds
Hero: folds
aece57a6: folds
450cf4e7: folds
Uncalled bet ($0.05) returned to e042b2b4
*** SHOWDOWN ***
e042b2b4 collected $0.1 from pot
*** SUMMARY ***
Total pot $0.1 | Rake $0 | Jackpot $0 | Bingo $0 | Fortune $0 | Tax $0
Seat 2: e042b2b4 (big blind) collected ($0.1)
Seat 3: b96a8210 folded before Flop (didn't bet)
Seat 4: Hero folded before Flop (didn't bet)
Seat 5: aece57a6 (button) folded before Flop (didn't bet)
Seat 6: 450cf4e7 (small blind) folded before Flop


Poker Hand #HD1755801119: Hold'em No Limit ($0.05/$0.1) - 2024/05/02 19:14:32
Table 'NLHRed12' 6-max Seat #4 is the button
Seat 1: c5ce5545 ($13.09 in chips)
Seat 2: e042b2b4 ($9.81 in chips)
Seat 3: b96a8210 ($10.19 in chips)
Seat 4: Hero ($10 in chips)
Seat 5: aece57a6 ($10.05 in chips)
Seat 6: 450cf4e7 ($9.9 in chips)
aece57a6: posts small blind $0.05
450cf4e7: posts big blind $0.1
*** HOLE CARDS ***
Dealt to c5ce5545 
Dealt to e042b2b4 
Dealt to b96a8210 
Dealt to Hero [5c 7c]
Dealt to aece57a6 
Dealt to 450cf4e7 
c5ce5545: folds
e042b2b4: raises $0.2 to $0.3
b96a8210: folds
Hero: folds
aece57a6: folds
450cf4e7: calls $0.2
*** FLOP *** [As 4d 2d]
450cf4e7: checks
e042b2b4: checks
*** TURN *** [As 4d 2d] [Jh]
450cf4e7: checks
e042b2b4: bets $0.33
450cf4e7: folds
Uncalled bet ($0.33) returned to e042b2b4
*** SHOWDOWN ***
e042b2b4 collected $0.62 from pot
*** SUMMARY ***
Total pot $0.65 | Rake $0.03 | Jackpot $0 | Bingo $0 | Fortune $0 | Tax $0
Board [As 4d 2d Jh]
Seat 1: c5ce5545 folded before Flop (didn't bet)
Seat 2: e042b2b4 won ($0.62)
Seat 3: b96a8210 folded before Flop (didn't bet)
Seat 4: Hero (button) folded before Flop (didn't bet)
Seat 5: aece57a6 (small blind) folded before Flop
Seat 6: 450cf4e7 (big blind) folded on the Turn


Poker Hand #HD1755801041: Hold'em No Limit ($0.05/$0.1) - 2024/05/02 19:13:45
Table 'NLHRed12' 6-max Seat #3 is the button
Seat 1: c5ce5545 ($12.53 in chips)
Seat 2: e042b2b4 ($10.28 in chips)
Seat 3: b96a8210 ($10.19 in chips)
Seat 4: Hero ($10 in chips)
Seat 5: aece57a6 ($10.15 in chips)
Seat 6: 450cf4e7 ($9.9 in chips)
Hero: posts small blind $0.05
aece57a6: posts big blind $0.1
*** HOLE CARDS ***
Dealt to c5ce5545 
Dealt to e042b2b4 
Dealt to b96a8210 
Dealt to Hero [2h Jc]
Dealt to aece57a6 
Dealt to 450cf4e7 
450cf4e7: folds
c5ce5545: raises $0.15 to $0.25
e042b2b4: calls $0.25
b96a8210: folds
Hero: folds
aece57a6: folds
*** FLOP *** [7c 3h 6h]
c5ce5545: bets $0.22
e042b2b4: calls $0.22
*** TURN *** [7c 3h 6h] [Ad]
c5ce5545: bets $0.55
e042b2b4: folds
Uncalled bet ($0.55) returned to c5ce5545
*** SHOWDOWN ***
c5ce5545 collected $1.03 from pot
*** SUMMARY ***
Total pot $1.09 | Rake $0.06 | Jackpot $0 | Bingo $0 | Fortune $0 | Tax $0
Board [7c 3h 6h Ad]
Seat 1: c5ce5545 won ($1.03)
Seat 2: e042b2b4 folded on the Turn
Seat 3: b96a8210 (button) folded before Flop (didn't bet)
Seat 4: Hero (small blind) folded before Flop
Seat 5: aece57a6 (big blind) folded before Flop
Seat 6: 450cf4e7 folded before Flop (didn't bet)


Poker Hand #HD1755800999: Hold'em No Limit ($0.05/$0.1) - 2024/05/02 19:13:18
Table 'NLHRed12' 6-max Seat #2 is the button
Seat 1: c5ce5545 ($12.53 in chips)
Seat 2: e042b2b4 ($10.28 in chips)
Seat 3: b96a8210 ($10 in chips)
Seat 4: Hero ($10 in chips)
Seat 5: aece57a6 ($10.15 in chips)
Seat 6: 450cf4e7 ($10 in chips)
b96a8210: posts small blind $0.05
Hero: posts big blind $0.1
450cf4e7: posts big blind $0.1
*** HOLE CARDS ***
Dealt to c5ce5545 
Dealt to e042b2b4 
Dealt to b96a8210 
Dealt to Hero [4d Kh]
Dealt to aece57a6 
Dealt to 450cf4e7 
aece57a6: folds
450cf4e7: checks
c5ce5545: folds
e042b2b4: folds
b96a8210: raises $0.45 to $0.55
Hero: folds
450cf4e7: folds
Uncalled bet ($0.45) returned to b96a8210
*** SHOWDOWN ***
b96a8210 collected $0.29 from pot
*** SUMMARY ***
Total pot $0.3 | Rake $0.01 | Jackpot $0 | Bingo $0 | Fortune $0 | Tax $0
Seat 1: c5ce5545 folded before Flop (didn't bet)
Seat 2: e042b2b4 (button) folded before Flop (didn't bet)
Seat 3: b96a8210 (small blind) collected ($0.29)
Seat 4: Hero (big blind) folded before Flop
Seat 5: aece57a6 folded before Flop (didn't bet)
Seat 6: 450cf4e7 folded before Flop


