Poker Hand #HD1713708583: Hold'em No Limit ($0.02/$0.05) - 2024/04/03 13:24:27
Table 'NLHBlue24' 6-max Seat #5 is the button
Seat 1: Hero ($7.64 in chips)
Seat 2: f5144c10 ($10.52 in chips)
Seat 3: 12582d48 ($2.5 in chips)
Seat 4: ebf17d21 ($3.17 in chips)
Seat 5: d3caf6c0 ($5 in chips)
Seat 6: 2e9bdb2 ($5.46 in chips)
2e9bdb2: posts small blind $0.02
Hero: posts big blind $0.05
*** HOLE CARDS ***
Dealt to Hero [6s 3s]
Dealt to f5144c10 
Dealt to 12582d48 
Dealt to ebf17d21 
Dealt to d3caf6c0 
Dealt to 2e9bdb2 
f5144c10: folds
12582d48: folds
ebf17d21: folds
d3caf6c0: raises $0.1 to $0.15
2e9bdb2: folds
Hero: folds
Uncalled bet ($0.1) returned to d3caf6c0
*** SHOWDOWN ***
d3caf6c0 collected $0.12 from pot
*** SUMMARY ***
Total pot $0.12 | Rake $0 | Jackpot $0 | Bingo $0 | Fortune $0 | Tax $0
Seat 1: Hero (big blind) folded before Flop
Seat 2: f5144c10 folded before Flop (didn't bet)
Seat 3: 12582d48 folded before Flop (didn't bet)
Seat 4: ebf17d21 folded before Flop (didn't bet)
Seat 5: d3caf6c0 (button) collected ($0.12)
Seat 6: 2e9bdb2 (small blind) folded before Flop


Poker Hand #HD1713708525: Hold'em No Limit ($0.02/$0.05) - 2024/04/03 13:24:04
Table 'NLHBlue24' 6-max Seat #4 is the button
Seat 1: Hero ($7.64 in chips)
Seat 2: f5144c10 ($10.45 in chips)
Seat 3: 12582d48 ($2.5 in chips)
Seat 4: ebf17d21 ($3.17 in chips)
Seat 5: d3caf6c0 ($5 in chips)
Seat 6: 2e9bdb2 ($5.51 in chips)
d3caf6c0: posts small blind $0.02
2e9bdb2: posts big blind $0.05
*** HOLE CARDS ***
Dealt to Hero [Tc Jd]
Dealt to f5144c10 
Dealt to 12582d48 
Dealt to ebf17d21 
Dealt to d3caf6c0 
Dealt to 2e9bdb2 
Hero: folds
f5144c10: raises $0.05 to $0.1
12582d48: folds
ebf17d21: folds
d3caf6c0: folds
2e9bdb2: folds
Uncalled bet ($0.05) returned to f5144c10
*** SHOWDOWN ***
f5144c10 collected $0.12 from pot
*** SUMMARY ***
Total pot $0.12 | Rake $0 | Jackpot $0 | Bingo $0 | Fortune $0 | Tax $0
Seat 1: Hero folded before Flop (didn't bet)
Seat 2: f5144c10 collected ($0.12)
Seat 3: 12582d48 folded before Flop (didn't bet)
Seat 4: ebf17d21 (button) folded before Flop (didn't bet)
Seat 5: d3caf6c0 (small blind) folded before Flop
Seat 6: 2e9bdb2 (big blind) folded before Flop


Poker Hand #HD1713708396: Hold'em No Limit ($0.02/$0.05) - 2024/04/03 13:22:54
Table 'NLHBlue24' 6-max Seat #3 is the button
Seat 1: Hero ($7.64 in chips)
Seat 2: f5144c10 ($10.45 in chips)
Seat 3: 12582d48 ($2.5 in chips)
Seat 4: ebf17d21 ($2.78 in chips)
Seat 5: d3caf6c0 ($5.13 in chips)
Seat 6: 2e9bdb2 ($5.51 in chips)
ebf17d21: posts small blind $0.02
d3caf6c0: posts big blind $0.05
*** HOLE CARDS ***
Dealt to Hero [As 9h]
Dealt to f5144c10 
Dealt to 12582d48 
Dealt to ebf17d21 
Dealt to d3caf6c0 
Dealt to 2e9bdb2 
2e9bdb2: folds
Hero: folds
f5144c10: folds
12582d48: folds
ebf17d21: raises $0.08 to $0.13
d3caf6c0: raises $0.31 to $0.44
ebf17d21: calls $0.31
*** FLOP *** [7c Qs Js]
ebf17d21: checks
d3caf6c0: checks
*** TURN *** [7c Qs Js] [Th]
ebf17d21: checks
d3caf6c0: checks
*** RIVER *** [7c Qs Js Th] [Jd]
ebf17d21: bets $0.66
d3caf6c0: folds
Uncalled bet ($0.66) returned to ebf17d21
*** SHOWDOWN ***
ebf17d21 collected $0.83 from pot
*** SUMMARY ***
Total pot $0.88 | Rake $0.05 | Jackpot $0 | Bingo $0 | Fortune $0 | Tax $0
Board [7c Qs Js Th Jd]
Seat 1: Hero folded before Flop (didn't bet)
Seat 2: f5144c10 folded before Flop (didn't bet)
Seat 3: 12582d48 (button) folded before Flop (didn't bet)
Seat 4: ebf17d21 (small blind) won ($0.83)
Seat 5: d3caf6c0 (big blind) folded on the River
Seat 6: 2e9bdb2 folded before Flop (didn't bet)


Poker Hand #HD1713708327: Hold'em No Limit ($0.02/$0.05) - 2024/04/03 13:22:23
Table 'NLHBlue24' 6-max Seat #2 is the button
Seat 1: Hero ($7.64 in chips)
Seat 2: f5144c10 ($10.26 in chips)
Seat 3: 12582d48 ($2.5 in chips)
Seat 4: ebf17d21 ($2.83 in chips)
Seat 5: d3caf6c0 ($5.13 in chips)
Seat 6: 2e9bdb2 ($5.64 in chips)
12582d48: posts small blind $0.02
ebf17d21: posts big blind $0.05
*** HOLE CARDS ***
Dealt to Hero [6h 7h]
Dealt to f5144c10 
Dealt to 12582d48 
Dealt to ebf17d21 
Dealt to d3caf6c0 
Dealt to 2e9bdb2 
d3caf6c0: folds
2e9bdb2: raises $0.08 to $0.13
Hero: folds
f5144c10: raises $0.23 to $0.36
12582d48: folds
ebf17d21: folds
2e9bdb2: folds
Uncalled bet ($0.23) returned to f5144c10
*** SHOWDOWN ***
f5144c10 collected $0.32 from pot
*** SUMMARY ***
Total pot $0.33 | Rake $0.01 | Jackpot $0 | Bingo $0 | Fortune $0 | Tax $0
Seat 1: Hero folded before Flop (didn't bet)
Seat 2: f5144c10 (button) collected ($0.32)
Seat 3: 12582d48 (small blind) folded before Flop
Seat 4: ebf17d21 (big blind) folded before Flop
Seat 5: d3caf6c0 folded before Flop (didn't bet)
Seat 6: 2e9bdb2 folded before Flop


Poker Hand #HD1713708212: Hold'em No Limit ($0.02/$0.05) - 2024/04/03 13:21:19
Table 'NLHBlue24' 6-max Seat #1 is the button
Seat 1: Hero ($7.47 in chips)
Seat 2: f5144c10 ($10.39 in chips)
Seat 3: 12582d48 ($2.5 in chips)
Seat 4: ebf17d21 ($2.83 in chips)
Seat 5: d3caf6c0 ($5.13 in chips)
Seat 6: 2e9bdb2 ($5.64 in chips)
f5144c10: posts small blind $0.02
12582d48: posts big blind $0.05
*** HOLE CARDS ***
Dealt to Hero [6h 6d]
Dealt to f5144c10 
Dealt to 12582d48 
Dealt to ebf17d21 
Dealt to d3caf6c0 
Dealt to 2e9bdb2 
ebf17d21: folds
d3caf6c0: folds
2e9bdb2: folds
Hero: raises $0.08 to $0.13
f5144c10: calls $0.11
12582d48: folds
*** FLOP *** [Kd 8s 2s]
f5144c10: checks
Hero: checks
*** TURN *** [Kd 8s 2s] [7c]
f5144c10: checks
Hero: checks
*** RIVER *** [Kd 8s 2s 7c] [Tc]
f5144c10: checks
Hero: checks
f5144c10: shows [3d 3h] (Pair of Treys)
Hero: shows [6h 6d] (Pair of Sixes)
*** SHOWDOWN ***
Hero collected $0.3 from pot
*** SUMMARY ***
Total pot $0.31 | Rake $0.01 | Jackpot $0 | Bingo $0 | Fortune $0 | Tax $0
Board [Kd 8s 2s 7c Tc]
Seat 1: Hero (button) showed [6h 6d] and won ($0.3) with Pair of Sixes
Seat 2: f5144c10 (small blind) showed [3d 3h] and lost with Pair of Treys
Seat 3: 12582d48 (big blind) folded before Flop
Seat 4: ebf17d21 folded before Flop (didn't bet)
Seat 5: d3caf6c0 folded before Flop (didn't bet)
Seat 6: 2e9bdb2 folded before Flop (didn't bet)


Poker Hand #HD1713708178: Hold'em No Limit ($0.02/$0.05) - 2024/04/03 13:21:02
Table 'NLHBlue24' 6-max Seat #6 is the button
Seat 1: Hero ($7.42 in chips)
Seat 2: f5144c10 ($10.44 in chips)
Seat 4: ebf17d21 ($2.83 in chips)
Seat 5: d3caf6c0 ($5.13 in chips)
Seat 6: 2e9bdb2 ($5.64 in chips)
Hero: posts small blind $0.02
f5144c10: posts big blind $0.05
*** HOLE CARDS ***
Dealt to Hero [9c 9h]
Dealt to f5144c10 
Dealt to ebf17d21 
Dealt to d3caf6c0 
Dealt to 2e9bdb2 
ebf17d21: folds
d3caf6c0: folds
2e9bdb2: folds
Hero: raises $0.1 to $0.15
f5144c10: folds
Uncalled bet ($0.1) returned to Hero
*** SHOWDOWN ***
Hero collected $0.1 from pot
*** SUMMARY ***
Total pot $0.1 | Rake $0 | Jackpot $0 | Bingo $0 | Fortune $0 | Tax $0
Seat 1: Hero (small blind) collected ($0.1)
Seat 2: f5144c10 (big blind) folded before Flop
Seat 4: ebf17d21 folded before Flop (didn't bet)
Seat 5: d3caf6c0 folded before Flop (didn't bet)
Seat 6: 2e9bdb2 (button) folded before Flop (didn't bet)


Poker Hand #HD1713708148: Hold'em No Limit ($0.02/$0.05) - 2024/04/03 13:20:48
Table 'NLHBlue24' 6-max Seat #5 is the button
Seat 1: Hero ($7.47 in chips)
Seat 2: f5144c10 ($10.37 in chips)
Seat 4: ebf17d21 ($2.83 in chips)
Seat 5: d3caf6c0 ($5.13 in chips)
Seat 6: 2e9bdb2 ($5.66 in chips)
2e9bdb2: posts small blind $0.02
Hero: posts big blind $0.05
*** HOLE CARDS ***
Dealt to Hero [Jc 2s]
Dealt to f5144c10 
Dealt to ebf17d21 
Dealt to d3caf6c0 
Dealt to 2e9bdb2 
f5144c10: raises $0.05 to $0.1
ebf17d21: folds
d3caf6c0: folds
2e9bdb2: folds
Hero: folds
Uncalled bet ($0.05) returned to f5144c10
*** SHOWDOWN ***
f5144c10 collected $0.12 from pot
*** SUMMARY ***
Total pot $0.12 | Rake $0 | Jackpot $0 | Bingo $0 | Fortune $0 | Tax $0
Seat 1: Hero (big blind) folded before Flop
Seat 2: f5144c10 collected ($0.12)
Seat 4: ebf17d21 folded before Flop (didn't bet)
Seat 5: d3caf6c0 (button) folded before Flop (didn't bet)
Seat 6: 2e9bdb2 (small blind) folded before Flop


Poker Hand #HD1713708098: Hold'em No Limit ($0.02/$0.05) - 2024/04/03 13:20:24
Table 'NLHBlue24' 6-max Seat #4 is the button
Seat 1: Hero ($7.4 in chips)
Seat 2: f5144c10 ($10.37 in chips)
Seat 4: ebf17d21 ($2.83 in chips)
Seat 5: d3caf6c0 ($5.15 in chips)
Seat 6: 2e9bdb2 ($5.71 in chips)
d3caf6c0: posts small blind $0.02
2e9bdb2: posts big blind $0.05
*** HOLE CARDS ***
Dealt to Hero [Qd Ac]
Dealt to f5144c10 
Dealt to ebf17d21 
Dealt to d3caf6c0 
Dealt to 2e9bdb2 
Hero: raises $0.05 to $0.1
f5144c10: folds
ebf17d21: folds
d3caf6c0: folds
2e9bdb2: folds
Uncalled bet ($0.05) returned to Hero
*** SHOWDOWN ***
Hero collected $0.12 from pot
*** SUMMARY ***
Total pot $0.12 | Rake $0 | Jackpot $0 | Bingo $0 | Fortune $0 | Tax $0
Seat 1: Hero collected ($0.12)
Seat 2: f5144c10 folded before Flop (didn't bet)
Seat 4: ebf17d21 (button) folded before Flop (didn't bet)
Seat 5: d3caf6c0 (small blind) folded before Flop
Seat 6: 2e9bdb2 (big blind) folded before Flop


Poker Hand #HD1713708079: Hold'em No Limit ($0.02/$0.05) - 2024/04/03 13:20:12
Table 'NLHBlue24' 6-max Seat #2 is the button
Seat 1: Hero ($7.4 in chips)
Seat 2: f5144c10 ($10.37 in chips)
Seat 4: ebf17d21 ($2.85 in chips)
Seat 5: d3caf6c0 ($5.13 in chips)
Seat 6: 2e9bdb2 ($5.71 in chips)
ebf17d21: posts small blind $0.02
d3caf6c0: posts big blind $0.05
*** HOLE CARDS ***
Dealt to Hero [Tc Qh]
Dealt to f5144c10 
Dealt to ebf17d21 
Dealt to d3caf6c0 
Dealt to 2e9bdb2 
2e9bdb2: folds
Hero: folds
f5144c10: folds
ebf17d21: folds
Uncalled bet ($0.03) returned to d3caf6c0
*** SHOWDOWN ***
d3caf6c0 collected $0.04 from pot
*** SUMMARY ***
Total pot $0.04 | Rake $0 | Jackpot $0 | Bingo $0 | Fortune $0 | Tax $0
Seat 1: Hero folded before Flop (didn't bet)
Seat 2: f5144c10 (button) folded before Flop (didn't bet)
Seat 4: ebf17d21 (small blind) folded before Flop
Seat 5: d3caf6c0 (big blind) collected ($0.04)
Seat 6: 2e9bdb2 folded before Flop (didn't bet)


Poker Hand #HD1713708039: Hold'em No Limit ($0.02/$0.05) - 2024/04/03 13:19:52
Table 'NLHBlue24' 6-max Seat #1 is the button
Seat 1: Hero ($7.33 in chips)
Seat 2: f5144c10 ($10.39 in chips)
Seat 4: ebf17d21 ($2.9 in chips)
Seat 5: d3caf6c0 ($5.13 in chips)
Seat 6: 2e9bdb2 ($5.71 in chips)
f5144c10: posts small blind $0.02
ebf17d21: posts big blind $0.05
*** HOLE CARDS ***
Dealt to Hero [Ks Ad]
Dealt to f5144c10 
Dealt to ebf17d21 
Dealt to d3caf6c0 
Dealt to 2e9bdb2 
d3caf6c0: folds
2e9bdb2: folds
Hero: raises $0.08 to $0.13
f5144c10: folds
ebf17d21: folds
Uncalled bet ($0.08) returned to Hero
*** SHOWDOWN ***
Hero collected $0.12 from pot
*** SUMMARY ***
Total pot $0.12 | Rake $0 | Jackpot $0 | Bingo $0 | Fortune $0 | Tax $0
Seat 1: Hero (button) collected ($0.12)
Seat 2: f5144c10 (small blind) folded before Flop
Seat 4: ebf17d21 (big blind) folded before Flop
Seat 5: d3caf6c0 folded before Flop (didn't bet)
Seat 6: 2e9bdb2 folded before Flop (didn't bet)


Poker Hand #HD1713707978: Hold'em No Limit ($0.02/$0.05) - 2024/04/03 13:19:24
Table 'NLHBlue24' 6-max Seat #6 is the button
Seat 1: Hero ($7.35 in chips)
Seat 2: f5144c10 ($10.44 in chips)
Seat 4: ebf17d21 ($2.83 in chips)
Seat 5: d3caf6c0 ($5.13 in chips)
Seat 6: 2e9bdb2 ($5.71 in chips)
Hero: posts small blind $0.02
f5144c10: posts big blind $0.05
*** HOLE CARDS ***
Dealt to Hero [Ks 3d]
Dealt to f5144c10 
Dealt to ebf17d21 
Dealt to d3caf6c0 
Dealt to 2e9bdb2 
ebf17d21: raises $0.08 to $0.13
d3caf6c0: folds
2e9bdb2: folds
Hero: folds
f5144c10: folds
Uncalled bet ($0.08) returned to ebf17d21
*** SHOWDOWN ***
ebf17d21 collected $0.12 from pot
*** SUMMARY ***
Total pot $0.12 | Rake $0 | Jackpot $0 | Bingo $0 | Fortune $0 | Tax $0
Seat 1: Hero (small blind) folded before Flop
Seat 2: f5144c10 (big blind) folded before Flop
Seat 4: ebf17d21 collected ($0.12)
Seat 5: d3caf6c0 folded before Flop (didn't bet)
Seat 6: 2e9bdb2 (button) folded before Flop (didn't bet)


Poker Hand #HD1713707950: Hold'em No Limit ($0.02/$0.05) - 2024/04/03 13:19:09
Table 'NLHBlue24' 6-max Seat #5 is the button
Seat 1: Hero ($7.4 in chips)
Seat 2: f5144c10 ($10.44 in chips)
Seat 4: ebf17d21 ($2.76 in chips)
Seat 5: d3caf6c0 ($5.13 in chips)
Seat 6: 2e9bdb2 ($5.73 in chips)
2e9bdb2: posts small blind $0.02
Hero: posts big blind $0.05
*** HOLE CARDS ***
Dealt to Hero [9h 2s]
Dealt to f5144c10 
Dealt to ebf17d21 
Dealt to d3caf6c0 
Dealt to 2e9bdb2 
f5144c10: folds
ebf17d21: raises $0.08 to $0.13
d3caf6c0: folds
2e9bdb2: folds
Hero: folds
Uncalled bet ($0.08) returned to ebf17d21
*** SHOWDOWN ***
ebf17d21 collected $0.12 from pot
*** SUMMARY ***
Total pot $0.12 | Rake $0 | Jackpot $0 | Bingo $0 | Fortune $0 | Tax $0
Seat 1: Hero (big blind) folded before Flop
Seat 2: f5144c10 folded before Flop (didn't bet)
Seat 4: ebf17d21 collected ($0.12)
Seat 5: d3caf6c0 (button) folded before Flop (didn't bet)
Seat 6: 2e9bdb2 (small blind) folded before Flop


Poker Hand #HD1713707895: Hold'em No Limit ($0.02/$0.05) - 2024/04/03 13:18:41
Table 'NLHBlue24' 6-max Seat #4 is the button
Seat 1: Hero ($7.4 in chips)
Seat 2: f5144c10 ($10.44 in chips)
Seat 4: ebf17d21 ($2.69 in chips)
Seat 5: d3caf6c0 ($5.15 in chips)
Seat 6: 2e9bdb2 ($5.78 in chips)
d3caf6c0: posts small blind $0.02
2e9bdb2: posts big blind $0.05
*** HOLE CARDS ***
Dealt to Hero [Ts 7s]
Dealt to f5144c10 
Dealt to ebf17d21 
Dealt to d3caf6c0 
Dealt to 2e9bdb2 
Hero: folds
f5144c10: folds
ebf17d21: raises $0.08 to $0.13
d3caf6c0: folds
2e9bdb2: folds
Uncalled bet ($0.08) returned to ebf17d21
*** SHOWDOWN ***
ebf17d21 collected $0.12 from pot
*** SUMMARY ***
Total pot $0.12 | Rake $0 | Jackpot $0 | Bingo $0 | Fortune $0 | Tax $0
Seat 1: Hero folded before Flop (didn't bet)
Seat 2: f5144c10 folded before Flop (didn't bet)
Seat 4: ebf17d21 (button) collected ($0.12)
Seat 5: d3caf6c0 (small blind) folded before Flop
Seat 6: 2e9bdb2 (big blind) folded before Flop


Poker Hand #HD1713707855: Hold'em No Limit ($0.02/$0.05) - 2024/04/03 13:18:19
Table 'NLHBlue24' 6-max Seat #2 is the button
Seat 1: Hero ($7.4 in chips)
Seat 2: f5144c10 ($10.44 in chips)
Seat 4: ebf17d21 ($2.64 in chips)
Seat 5: d3caf6c0 ($5.2 in chips)
Seat 6: 2e9bdb2 ($5.78 in chips)
ebf17d21: posts small blind $0.02
d3caf6c0: posts big blind $0.05
*** HOLE CARDS ***
Dealt to Hero [Qh 4c]
Dealt to f5144c10 
Dealt to ebf17d21 
Dealt to d3caf6c0 
Dealt to 2e9bdb2 
2e9bdb2: folds
Hero: folds
f5144c10: folds
ebf17d21: raises $0.08 to $0.13
d3caf6c0: folds
Uncalled bet ($0.08) returned to ebf17d21
*** SHOWDOWN ***
ebf17d21 collected $0.1 from pot
*** SUMMARY ***
Total pot $0.1 | Rake $0 | Jackpot $0 | Bingo $0 | Fortune $0 | Tax $0
Seat 1: Hero folded before Flop (didn't bet)
Seat 2: f5144c10 (button) folded before Flop (didn't bet)
Seat 4: ebf17d21 (small blind) collected ($0.1)
Seat 5: d3caf6c0 (big blind) folded before Flop
Seat 6: 2e9bdb2 folded before Flop (didn't bet)


Poker Hand #HD1713707812: Hold'em No Limit ($0.02/$0.05) - 2024/04/03 13:17:49
Table 'NLHBlue24' 6-max Seat #1 is the button
Seat 1: Hero ($7.33 in chips)
Seat 2: f5144c10 ($10.46 in chips)
Seat 4: ebf17d21 ($2.69 in chips)
Seat 5: d3caf6c0 ($5.2 in chips)
Seat 6: 2e9bdb2 ($5.78 in chips)
f5144c10: posts small blind $0.02
ebf17d21: posts big blind $0.05
*** HOLE CARDS ***
Dealt to Hero [Ts 9c]
Dealt to f5144c10 
Dealt to ebf17d21 
Dealt to d3caf6c0 
Dealt to 2e9bdb2 
d3caf6c0: folds
2e9bdb2: folds
Hero: raises $0.08 to $0.13
f5144c10: folds
ebf17d21: folds
Uncalled bet ($0.08) returned to Hero
*** SHOWDOWN ***
Hero collected $0.12 from pot
*** SUMMARY ***
Total pot $0.12 | Rake $0 | Jackpot $0 | Bingo $0 | Fortune $0 | Tax $0
Seat 1: Hero (button) collected ($0.12)
Seat 2: f5144c10 (small blind) folded before Flop
Seat 4: ebf17d21 (big blind) folded before Flop
Seat 5: d3caf6c0 folded before Flop (didn't bet)
Seat 6: 2e9bdb2 folded before Flop (didn't bet)


Poker Hand #HD1713707720: Hold'em No Limit ($0.02/$0.05) - 2024/04/03 13:17:06
Table 'NLHBlue24' 6-max Seat #6 is the button
Seat 1: Hero ($7.35 in chips)
Seat 2: f5144c10 ($10.35 in chips)
Seat 3: 24abdae9 ($0.95 in chips)
Seat 4: ebf17d21 ($2.69 in chips)
Seat 5: d3caf6c0 ($5.2 in chips)
Seat 6: 2e9bdb2 ($5.78 in chips)
Hero: posts small blind $0.02
f5144c10: posts big blind $0.05
*** HOLE CARDS ***
Dealt to Hero [Tc As]
Dealt to f5144c10 
Dealt to 24abdae9 
Dealt to ebf17d21 
Dealt to d3caf6c0 
Dealt to 2e9bdb2 
24abdae9: raises $0.05 to $0.1
ebf17d21: folds
d3caf6c0: folds
2e9bdb2: folds
Hero: folds
f5144c10: calls $0.05
*** FLOP *** [6h 4s Qc]
f5144c10: bets $0.08
24abdae9: folds
Uncalled bet ($0.08) returned to f5144c10
*** SHOWDOWN ***
f5144c10 collected $0.21 from pot
*** SUMMARY ***
Total pot $0.22 | Rake $0.01 | Jackpot $0 | Bingo $0 | Fortune $0 | Tax $0
Board [6h 4s Qc]
Seat 1: Hero (small blind) folded before Flop
Seat 2: f5144c10 (big blind) won ($0.21)
Seat 3: 24abdae9 folded on the Flop
Seat 4: ebf17d21 folded before Flop (didn't bet)
Seat 5: d3caf6c0 folded before Flop (didn't bet)
Seat 6: 2e9bdb2 (button) folded before Flop (didn't bet)


Poker Hand #HD1713707631: Hold'em No Limit ($0.02/$0.05) - 2024/04/03 13:16:16
Table 'NLHBlue24' 6-max Seat #5 is the button
Seat 1: Hero ($7.4 in chips)
Seat 2: f5144c10 ($10.35 in chips)
Seat 3: 24abdae9 ($0.88 in chips)
Seat 4: ebf17d21 ($2.69 in chips)
Seat 5: d3caf6c0 ($5.2 in chips)
Seat 6: 2e9bdb2 ($5.8 in chips)
2e9bdb2: posts small blind $0.02
Hero: posts big blind $0.05
*** HOLE CARDS ***
Dealt to Hero [8d Jh]
Dealt to f5144c10 
Dealt to 24abdae9 
Dealt to ebf17d21 
Dealt to d3caf6c0 
Dealt to 2e9bdb2 
f5144c10: folds
24abdae9: raises $0.05 to $0.1
ebf17d21: folds
d3caf6c0: folds
2e9bdb2: folds
Hero: folds
Uncalled bet ($0.05) returned to 24abdae9
*** SHOWDOWN ***
24abdae9 collected $0.12 from pot
*** SUMMARY ***
Total pot $0.12 | Rake $0 | Jackpot $0 | Bingo $0 | Fortune $0 | Tax $0
Seat 1: Hero (big blind) folded before Flop
Seat 2: f5144c10 folded before Flop (didn't bet)
Seat 3: 24abdae9 collected ($0.12)
Seat 4: ebf17d21 folded before Flop (didn't bet)
Seat 5: d3caf6c0 (button) folded before Flop (didn't bet)
Seat 6: 2e9bdb2 (small blind) folded before Flop


Poker Hand #HD1713707595: Hold'em No Limit ($0.02/$0.05) - 2024/04/03 13:15:54
Table 'NLHBlue24' 6-max Seat #4 is the button
Seat 1: Hero ($7.4 in chips)
Seat 2: f5144c10 ($10.35 in chips)
Seat 3: 24abdae9 ($0.88 in chips)
Seat 4: ebf17d21 ($2.69 in chips)
Seat 5: d3caf6c0 ($5.15 in chips)
Seat 6: 2e9bdb2 ($5.85 in chips)
d3caf6c0: posts small blind $0.02
2e9bdb2: posts big blind $0.05
*** HOLE CARDS ***
Dealt to Hero [9c 3h]
Dealt to f5144c10 
Dealt to 24abdae9 
Dealt to ebf17d21 
Dealt to d3caf6c0 
Dealt to 2e9bdb2 
Hero: folds
f5144c10: folds
24abdae9: folds
ebf17d21: folds
d3caf6c0: raises $0.1 to $0.15
2e9bdb2: folds
Uncalled bet ($0.1) returned to d3caf6c0
*** SHOWDOWN ***
d3caf6c0 collected $0.1 from pot
*** SUMMARY ***
Total pot $0.1 | Rake $0 | Jackpot $0 | Bingo $0 | Fortune $0 | Tax $0
Seat 1: Hero folded before Flop (didn't bet)
Seat 2: f5144c10 folded before Flop (didn't bet)
Seat 3: 24abdae9 folded before Flop (didn't bet)
Seat 4: ebf17d21 (button) folded before Flop (didn't bet)
Seat 5: d3caf6c0 (small blind) collected ($0.1)
Seat 6: 2e9bdb2 (big blind) folded before Flop


Poker Hand #HD1713707515: Hold'em No Limit ($0.02/$0.05) - 2024/04/03 13:15:13
Table 'NLHBlue24' 6-max Seat #3 is the button
Seat 1: Hero ($7.4 in chips)
Seat 2: f5144c10 ($10.35 in chips)
Seat 3: 24abdae9 ($0.93 in chips)
Seat 4: ebf17d21 ($2.74 in chips)
Seat 5: d3caf6c0 ($5.05 in chips)
Seat 6: 2e9bdb2 ($5.85 in chips)
ebf17d21: posts small blind $0.02
d3caf6c0: posts big blind $0.05
*** HOLE CARDS ***
Dealt to Hero [Ts 7c]
Dealt to f5144c10 
Dealt to 24abdae9 
Dealt to ebf17d21 
Dealt to d3caf6c0 
Dealt to 2e9bdb2 
2e9bdb2: folds
Hero: folds
f5144c10: folds
24abdae9: calls $0.05
ebf17d21: calls $0.03
d3caf6c0: raises $0.3 to $0.35
24abdae9: folds
ebf17d21: folds
Uncalled bet ($0.3) returned to d3caf6c0
*** SHOWDOWN ***
d3caf6c0 collected $0.15 from pot
*** SUMMARY ***
Total pot $0.15 | Rake $0 | Jackpot $0 | Bingo $0 | Fortune $0 | Tax $0
Seat 1: Hero folded before Flop (didn't bet)
Seat 2: f5144c10 folded before Flop (didn't bet)
Seat 3: 24abdae9 (button) folded before Flop
Seat 4: ebf17d21 (small blind) folded before Flop
Seat 5: d3caf6c0 (big blind) collected ($0.15)
Seat 6: 2e9bdb2 folded before Flop (didn't bet)


Poker Hand #HD1713707377: Hold'em No Limit ($0.02/$0.05) - 2024/04/03 13:14:03
Table 'NLHBlue24' 6-max Seat #2 is the button
Seat 1: Hero ($7.4 in chips)
Seat 2: f5144c10 ($9.75 in chips)
Seat 3: 24abdae9 ($1.54 in chips)
Seat 4: ebf17d21 ($2.79 in chips)
Seat 5: d3caf6c0 ($5.05 in chips)
Seat 6: 2e9bdb2 ($5.85 in chips)
24abdae9: posts small blind $0.02
ebf17d21: posts big blind $0.05
*** HOLE CARDS ***
Dealt to Hero [As 5h]
Dealt to f5144c10 
Dealt to 24abdae9 
Dealt to ebf17d21 
Dealt to d3caf6c0 
Dealt to 2e9bdb2 
d3caf6c0: folds
2e9bdb2: folds
Hero: folds
f5144c10: raises $0.05 to $0.1
24abdae9: calls $0.08
ebf17d21: folds
*** FLOP *** [Kc 9s Ad]
24abdae9: checks
f5144c10: bets $0.14
24abdae9: calls $0.14
*** TURN *** [Kc 9s Ad] [Jc]
24abdae9: checks
f5144c10: bets $0.37
24abdae9: calls $0.37
*** RIVER *** [Kc 9s Ad Jc] [2h]
24abdae9: checks
f5144c10: bets $0.74
24abdae9: folds
Uncalled bet ($0.74) returned to f5144c10
*** SHOWDOWN ***
f5144c10 collected $1.21 from pot
*** SUMMARY ***
Total pot $1.27 | Rake $0.06 | Jackpot $0 | Bingo $0 | Fortune $0 | Tax $0
Board [Kc 9s Ad Jc 2h]
Seat 1: Hero folded before Flop (didn't bet)
Seat 2: f5144c10 (button) won ($1.21)
Seat 3: 24abdae9 (small blind) folded on the River
Seat 4: ebf17d21 (big blind) folded before Flop
Seat 5: d3caf6c0 folded before Flop (didn't bet)
Seat 6: 2e9bdb2 folded before Flop (didn't bet)


Poker Hand #HD1713707314: Hold'em No Limit ($0.02/$0.05) - 2024/04/03 13:13:28
Table 'NLHBlue24' 6-max Seat #1 is the button
Seat 1: Hero ($7.4 in chips)
Seat 2: f5144c10 ($9.88 in chips)
Seat 3: 24abdae9 ($1.59 in chips)
Seat 4: ebf17d21 ($2.62 in chips)
Seat 5: d3caf6c0 ($5.05 in chips)
Seat 6: 2e9bdb2 ($5.85 in chips)
f5144c10: posts small blind $0.02
24abdae9: posts big blind $0.05
*** HOLE CARDS ***
Dealt to Hero [9h 2s]
Dealt to f5144c10 
Dealt to 24abdae9 
Dealt to ebf17d21 
Dealt to d3caf6c0 
Dealt to 2e9bdb2 
ebf17d21: raises $0.08 to $0.13
d3caf6c0: folds
2e9bdb2: folds
Hero: folds
f5144c10: calls $0.11
24abdae9: folds
*** FLOP *** [5d 9d 6c]
f5144c10: checks
ebf17d21: bets $0.24
f5144c10: folds
Uncalled bet ($0.24) returned to ebf17d21
*** SHOWDOWN ***
ebf17d21 collected $0.3 from pot
*** SUMMARY ***
Total pot $0.31 | Rake $0.01 | Jackpot $0 | Bingo $0 | Fortune $0 | Tax $0
Board [5d 9d 6c]
Seat 1: Hero (button) folded before Flop (didn't bet)
Seat 2: f5144c10 (small blind) folded on the Flop
Seat 3: 24abdae9 (big blind) folded before Flop
Seat 4: ebf17d21 won ($0.3)
Seat 5: d3caf6c0 folded before Flop (didn't bet)
Seat 6: 2e9bdb2 folded before Flop (didn't bet)


Poker Hand #HD1713707210: Hold'em No Limit ($0.02/$0.05) - 2024/04/03 13:12:29
Table 'NLHBlue24' 6-max Seat #6 is the button
Seat 1: Hero ($7.42 in chips)
Seat 2: f5144c10 ($9.93 in chips)
Seat 3: 24abdae9 ($1.52 in chips)
Seat 4: ebf17d21 ($2.62 in chips)
Seat 5: d3caf6c0 ($5.05 in chips)
Seat 6: 2e9bdb2 ($5.85 in chips)
Hero: posts small blind $0.02
f5144c10: posts big blind $0.05
*** HOLE CARDS ***
Dealt to Hero [8h As]
Dealt to f5144c10 
Dealt to 24abdae9 
Dealt to ebf17d21 
Dealt to d3caf6c0 
Dealt to 2e9bdb2 
24abdae9: calls $0.05
ebf17d21: folds
d3caf6c0: folds
2e9bdb2: folds
Hero: folds
f5144c10: checks
*** FLOP *** [Th Qd 2s]
f5144c10: checks
24abdae9: bets $0.1
f5144c10: folds
Uncalled bet ($0.1) returned to 24abdae9
*** SHOWDOWN ***
24abdae9 collected $0.12 from pot
*** SUMMARY ***
Total pot $0.12 | Rake $0 | Jackpot $0 | Bingo $0 | Fortune $0 | Tax $0
Board [Th Qd 2s]
Seat 1: Hero (small blind) folded before Flop
Seat 2: f5144c10 (big blind) folded on the Flop
Seat 3: 24abdae9 won ($0.12)
Seat 4: ebf17d21 folded before Flop (didn't bet)
Seat 5: d3caf6c0 folded before Flop (didn't bet)
Seat 6: 2e9bdb2 (button) folded before Flop (didn't bet)


Poker Hand #HD1713707121: Hold'em No Limit ($0.02/$0.05) - 2024/04/03 13:11:43
Table 'NLHBlue24' 6-max Seat #5 is the button
Seat 1: Hero ($7.47 in chips)
Seat 2: f5144c10 ($9.93 in chips)
Seat 3: 24abdae9 ($1.52 in chips)
Seat 4: ebf17d21 ($2.67 in chips)
Seat 5: d3caf6c0 ($5.05 in chips)
Seat 6: 2e9bdb2 ($5.75 in chips)
2e9bdb2: posts small blind $0.02
Hero: posts big blind $0.05
*** HOLE CARDS ***
Dealt to Hero [5d 3d]
Dealt to f5144c10 
Dealt to 24abdae9 
Dealt to ebf17d21 
Dealt to d3caf6c0 
Dealt to 2e9bdb2 
f5144c10: folds
24abdae9: folds
ebf17d21: calls $0.05
d3caf6c0: folds
2e9bdb2: raises $0.2 to $0.25
Hero: folds
ebf17d21: folds
Uncalled bet ($0.2) returned to 2e9bdb2
*** SHOWDOWN ***
2e9bdb2 collected $0.15 from pot
*** SUMMARY ***
Total pot $0.15 | Rake $0 | Jackpot $0 | Bingo $0 | Fortune $0 | Tax $0
Seat 1: Hero (big blind) folded before Flop
Seat 2: f5144c10 folded before Flop (didn't bet)
Seat 3: 24abdae9 folded before Flop (didn't bet)
Seat 4: ebf17d21 folded before Flop
Seat 5: d3caf6c0 (button) folded before Flop (didn't bet)
Seat 6: 2e9bdb2 (small blind) collected ($0.15)


Poker Hand #HD1713707067: Hold'em No Limit ($0.02/$0.05) - 2024/04/03 13:11:09
Table 'NLHBlue24' 6-max Seat #4 is the button
Seat 1: Hero ($7.47 in chips)
Seat 2: f5144c10 ($9.93 in chips)
Seat 3: 24abdae9 ($1.52 in chips)
Seat 4: ebf17d21 ($2.67 in chips)
Seat 5: d3caf6c0 ($5 in chips)
Seat 6: 2e9bdb2 ($5.8 in chips)
d3caf6c0: posts small blind $0.02
2e9bdb2: posts big blind $0.05
*** HOLE CARDS ***
Dealt to Hero [4c 8c]
Dealt to f5144c10 
Dealt to 24abdae9 
Dealt to ebf17d21 
Dealt to d3caf6c0 
Dealt to 2e9bdb2 
Hero: folds
f5144c10: folds
24abdae9: folds
ebf17d21: folds
d3caf6c0: raises $0.1 to $0.15
2e9bdb2: folds
Uncalled bet ($0.1) returned to d3caf6c0
*** SHOWDOWN ***
d3caf6c0 collected $0.1 from pot
*** SUMMARY ***
Total pot $0.1 | Rake $0 | Jackpot $0 | Bingo $0 | Fortune $0 | Tax $0
Seat 1: Hero folded before Flop (didn't bet)
Seat 2: f5144c10 folded before Flop (didn't bet)
Seat 3: 24abdae9 folded before Flop (didn't bet)
Seat 4: ebf17d21 (button) folded before Flop (didn't bet)
Seat 5: d3caf6c0 (small blind) collected ($0.1)
Seat 6: 2e9bdb2 (big blind) folded before Flop


Poker Hand #HD1713706811: Hold'em No Limit ($0.02/$0.05) - 2024/04/03 13:08:52
Table 'NLHBlue24' 6-max Seat #3 is the button
Seat 1: Hero ($7.47 in chips)
Seat 2: f5144c10 ($5.38 in chips)
Seat 3: 24abdae9 ($1.52 in chips)
Seat 4: ebf17d21 ($2.77 in chips)
Seat 5: d3caf6c0 ($5 in chips)
Seat 6: 2e9bdb2 ($5.8 in chips)
ebf17d21: posts small blind $0.02
d3caf6c0: posts big blind $0.05
*** HOLE CARDS ***
Dealt to Hero [5c Js]
Dealt to f5144c10 
Dealt to 24abdae9 
Dealt to ebf17d21 
Dealt to d3caf6c0 
Dealt to 2e9bdb2 
2e9bdb2: folds
Hero: folds
f5144c10: raises $0.05 to $0.1
24abdae9: folds
ebf17d21: calls $0.08
d3caf6c0: calls $0.05
*** FLOP *** [Ks 5d 7s]
ebf17d21: checks
d3caf6c0: checks
f5144c10: bets $0.2
ebf17d21: folds
d3caf6c0: calls $0.2
*** TURN *** [Ks 5d 7s] [6d]
d3caf6c0: checks
f5144c10: bets $0.63
d3caf6c0: raises $0.95 to $1.58
f5144c10: calls $0.95
*** RIVER *** [Ks 5d 7s 6d] [3d]
d3caf6c0: bets $0.98
f5144c10: raises $2.52 to $3.5 and is all-in
d3caf6c0: calls $2.14 and is all-in
Uncalled bet ($0.38) returned to f5144c10
f5144c10: shows [Td Kd] (King High Flush)
d3caf6c0: shows [8s 9d] (Nines-High Straight)
*** SHOWDOWN ***
f5144c10 collected $9.55 from pot
*** SUMMARY ***
Total pot $10.1 | Rake $0.5 | Jackpot $0.05 | Bingo $0 | Fortune $0 | Tax $0
Board [Ks 5d 7s 6d 3d]
Seat 1: Hero folded before Flop (didn't bet)
Seat 2: f5144c10 showed [Td Kd] and won ($9.55) with King High Flush
Seat 3: 24abdae9 (button) folded before Flop (didn't bet)
Seat 4: ebf17d21 (small blind) folded on the Flop
Seat 5: d3caf6c0 (big blind) showed [8s 9d] and lost with Nines-High Straight
Seat 6: 2e9bdb2 folded before Flop (didn't bet)


Poker Hand #HD1713706726: Hold'em No Limit ($0.02/$0.05) - 2024/04/03 13:08:09
Table 'NLHBlue24' 6-max Seat #2 is the button
Seat 1: Hero ($7.47 in chips)
Seat 2: f5144c10 ($5.38 in chips)
Seat 3: 24abdae9 ($1.31 in chips)
Seat 4: ebf17d21 ($3 in chips)
Seat 5: d3caf6c0 ($5 in chips)
Seat 6: 2e9bdb2 ($5.8 in chips)
24abdae9: posts small blind $0.02
ebf17d21: posts big blind $0.05
*** HOLE CARDS ***
Dealt to Hero [9s 6s]
Dealt to f5144c10 
Dealt to 24abdae9 
Dealt to ebf17d21 
Dealt to d3caf6c0 
Dealt to 2e9bdb2 
d3caf6c0: folds
2e9bdb2: folds
Hero: folds
f5144c10: folds
24abdae9: calls $0.03
ebf17d21: checks
*** FLOP *** [7s Ah 5d]
24abdae9: bets $0.08
ebf17d21: calls $0.08
*** TURN *** [7s Ah 5d] [Tc]
24abdae9: bets $0.1
ebf17d21: calls $0.1
*** RIVER *** [7s Ah 5d Tc] [Js]
24abdae9: bets $1.08 and is all-in
ebf17d21: folds
Uncalled bet ($1.08) returned to 24abdae9
*** SHOWDOWN ***
24abdae9 collected $0.44 from pot
*** SUMMARY ***
Total pot $0.46 | Rake $0.02 | Jackpot $0 | Bingo $0 | Fortune $0 | Tax $0
Board [7s Ah 5d Tc Js]
Seat 1: Hero folded before Flop (didn't bet)
Seat 2: f5144c10 (button) folded before Flop (didn't bet)
Seat 3: 24abdae9 (small blind) won ($0.44)
Seat 4: ebf17d21 (big blind) folded on the River
Seat 5: d3caf6c0 folded before Flop (didn't bet)
Seat 6: 2e9bdb2 folded before Flop (didn't bet)


Poker Hand #HD1713706657: Hold'em No Limit ($0.02/$0.05) - 2024/04/03 13:07:31
Table 'NLHBlue24' 6-max Seat #1 is the button
Seat 1: Hero ($7.47 in chips)
Seat 2: f5144c10 ($5.4 in chips)
Seat 3: 24abdae9 ($1.15 in chips)
Seat 5: d3caf6c0 ($5 in chips)
Seat 6: 2e9bdb2 ($5.8 in chips)
f5144c10: posts small blind $0.02
24abdae9: posts big blind $0.05
*** HOLE CARDS ***
Dealt to Hero [Qd 2d]
Dealt to f5144c10 
Dealt to 24abdae9 
Dealt to d3caf6c0 
Dealt to 2e9bdb2 
d3caf6c0: raises $0.1 to $0.15
2e9bdb2: folds
Hero: folds
f5144c10: folds
24abdae9: calls $0.1
*** FLOP *** [As Ad 7h]
24abdae9: checks
d3caf6c0: checks
*** TURN *** [As Ad 7h] [2c]
24abdae9: bets $1 and is all-in
d3caf6c0: folds
Uncalled bet ($1) returned to 24abdae9
*** SHOWDOWN ***
24abdae9 collected $0.31 from pot
*** SUMMARY ***
Total pot $0.32 | Rake $0.01 | Jackpot $0 | Bingo $0 | Fortune $0 | Tax $0
Board [As Ad 7h 2c]
Seat 1: Hero (button) folded before Flop (didn't bet)
Seat 2: f5144c10 (small blind) folded before Flop
Seat 3: 24abdae9 (big blind) won ($0.31)
Seat 5: d3caf6c0 folded on the Turn
Seat 6: 2e9bdb2 folded before Flop (didn't bet)


Poker Hand #HD1713706591: Hold'em No Limit ($0.02/$0.05) - 2024/04/03 13:06:53
Table 'NLHBlue24' 6-max Seat #6 is the button
Seat 1: Hero ($7.28 in chips)
Seat 2: f5144c10 ($5.45 in chips)
Seat 3: 24abdae9 ($1.15 in chips)
Seat 5: d3caf6c0 ($5.02 in chips)
Seat 6: 2e9bdb2 ($5.8 in chips)
Hero: posts small blind $0.02
f5144c10: posts big blind $0.05
*** HOLE CARDS ***
Dealt to Hero [Qh Ah]
Dealt to f5144c10 
Dealt to 24abdae9 
Dealt to d3caf6c0 
Dealt to 2e9bdb2 
24abdae9: folds
d3caf6c0: raises $0.1 to $0.15
2e9bdb2: folds
Hero: raises $0.4 to $0.55
f5144c10: folds
d3caf6c0: folds
Uncalled bet ($0.4) returned to Hero
*** SHOWDOWN ***
Hero collected $0.34 from pot
*** SUMMARY ***
Total pot $0.35 | Rake $0.01 | Jackpot $0 | Bingo $0 | Fortune $0 | Tax $0
Seat 1: Hero (small blind) collected ($0.34)
Seat 2: f5144c10 (big blind) folded before Flop
Seat 3: 24abdae9 folded before Flop (didn't bet)
Seat 5: d3caf6c0 folded before Flop
Seat 6: 2e9bdb2 (button) folded before Flop (didn't bet)


Poker Hand #HD1713706422: Hold'em No Limit ($0.02/$0.05) - 2024/04/03 13:05:15
Table 'NLHBlue24' 6-max Seat #5 is the button
Seat 1: Hero ($7 in chips)
Seat 2: f5144c10 ($5.45 in chips)
Seat 3: 24abdae9 ($1.43 in chips)
Seat 5: d3caf6c0 ($5.02 in chips)
Seat 6: 2e9bdb2 ($5.82 in chips)
2e9bdb2: posts small blind $0.02
Hero: posts big blind $0.05
*** HOLE CARDS ***
Dealt to Hero [Ts Qs]
Dealt to f5144c10 
Dealt to 24abdae9 
Dealt to d3caf6c0 
Dealt to 2e9bdb2 
f5144c10: folds
24abdae9: raises $0.05 to $0.1
d3caf6c0: folds
2e9bdb2: folds
Hero: calls $0.05
*** FLOP *** [Js 6s Jd]
Hero: checks
24abdae9: bets $0.18
Hero: raises $1.28 to $1.46
24abdae9: folds
Uncalled bet ($1.28) returned to Hero
*** SHOWDOWN ***
Hero collected $0.56 from pot
*** SUMMARY ***
Total pot $0.58 | Rake $0.02 | Jackpot $0 | Bingo $0 | Fortune $0 | Tax $0
Board [Js 6s Jd]
Seat 1: Hero (big blind) won ($0.56)
Seat 2: f5144c10 folded before Flop (didn't bet)
Seat 3: 24abdae9 folded on the Flop
Seat 5: d3caf6c0 (button) folded before Flop (didn't bet)
Seat 6: 2e9bdb2 (small blind) folded before Flop


Poker Hand #HD1713706294: Hold'em No Limit ($0.02/$0.05) - 2024/04/03 13:04:03
Table 'NLHBlue24' 6-max Seat #3 is the button
Seat 1: Hero ($7 in chips)
Seat 2: f5144c10 ($5.45 in chips)
Seat 3: 24abdae9 ($1 in chips)
Seat 5: d3caf6c0 ($5.04 in chips)
Seat 6: 2e9bdb2 ($6.27 in chips)
d3caf6c0: posts small blind $0.02
2e9bdb2: posts big blind $0.05
*** HOLE CARDS ***
Dealt to Hero [8c 7s]
Dealt to f5144c10 
Dealt to 24abdae9 
Dealt to d3caf6c0 
Dealt to 2e9bdb2 
Hero: folds
f5144c10: folds
24abdae9: raises $0.05 to $0.1
d3caf6c0: folds
2e9bdb2: raises $0.35 to $0.45
24abdae9: calls $0.35
*** FLOP *** [Ad 5d Qh]
2e9bdb2: checks
24abdae9: bets $0.55 and is all-in
2e9bdb2: folds
Uncalled bet ($0.55) returned to 24abdae9
*** SHOWDOWN ***
24abdae9 collected $0.88 from pot
*** SUMMARY ***
Total pot $0.92 | Rake $0.04 | Jackpot $0 | Bingo $0 | Fortune $0 | Tax $0
Board [Ad 5d Qh]
Seat 1: Hero folded before Flop (didn't bet)
Seat 2: f5144c10 folded before Flop (didn't bet)
Seat 3: 24abdae9 (button) won ($0.88)
Seat 5: d3caf6c0 (small blind) folded before Flop
Seat 6: 2e9bdb2 (big blind) folded on the Flop


Poker Hand #HD1713706163: Hold'em No Limit ($0.02/$0.05) - 2024/04/03 13:02:53
Table 'NLHBlue24' 6-max Seat #2 is the button
Seat 1: Hero ($7 in chips)
Seat 2: f5144c10 ($5.34 in chips)
Seat 3: 24abdae9 ($1.02 in chips)
Seat 5: d3caf6c0 ($5.14 in chips)
Seat 6: 2e9bdb2 ($6.27 in chips)
24abdae9: posts small blind $0.02
d3caf6c0: posts big blind $0.05
*** HOLE CARDS ***
Dealt to Hero [2h 7h]
Dealt to f5144c10 
Dealt to 24abdae9 
Dealt to d3caf6c0 
Dealt to 2e9bdb2 
2e9bdb2: folds
Hero: folds
f5144c10: raises $0.05 to $0.1
24abdae9: folds
d3caf6c0: calls $0.05
*** FLOP *** [Ah 3d 4s]
d3caf6c0: checks
f5144c10: bets $0.16
d3caf6c0: folds
Uncalled bet ($0.16) returned to f5144c10
*** SHOWDOWN ***
f5144c10 collected $0.21 from pot
*** SUMMARY ***
Total pot $0.22 | Rake $0.01 | Jackpot $0 | Bingo $0 | Fortune $0 | Tax $0
Board [Ah 3d 4s]
Seat 1: Hero folded before Flop (didn't bet)
Seat 2: f5144c10 (button) won ($0.21)
Seat 3: 24abdae9 (small blind) folded before Flop
Seat 5: d3caf6c0 (big blind) folded on the Flop
Seat 6: 2e9bdb2 folded before Flop (didn't bet)


Poker Hand #HD1713706137: Hold'em No Limit ($0.02/$0.05) - 2024/04/03 13:02:36
Table 'NLHBlue24' 6-max Seat #1 is the button
Seat 1: Hero ($7 in chips)
Seat 2: f5144c10 ($5.36 in chips)
Seat 3: 24abdae9 ($1 in chips)
Seat 5: d3caf6c0 ($5.14 in chips)
Seat 6: 2e9bdb2 ($6.27 in chips)
f5144c10: posts small blind $0.02
24abdae9: posts big blind $0.05
*** HOLE CARDS ***
Dealt to Hero [2h Kc]
Dealt to f5144c10 
Dealt to 24abdae9 
Dealt to d3caf6c0 
Dealt to 2e9bdb2 
d3caf6c0: folds
2e9bdb2: folds
Hero: folds
f5144c10: folds
Uncalled bet ($0.03) returned to 24abdae9
*** SHOWDOWN ***
24abdae9 collected $0.04 from pot
*** SUMMARY ***
Total pot $0.04 | Rake $0 | Jackpot $0 | Bingo $0 | Fortune $0 | Tax $0
Seat 1: Hero (button) folded before Flop (didn't bet)
Seat 2: f5144c10 (small blind) folded before Flop
Seat 3: 24abdae9 (big blind) collected ($0.04)
Seat 5: d3caf6c0 folded before Flop (didn't bet)
Seat 6: 2e9bdb2 folded before Flop (didn't bet)


Poker Hand #HD1713706102: Hold'em No Limit ($0.02/$0.05) - 2024/04/03 13:02:19
Table 'NLHBlue24' 6-max Seat #6 is the button
Seat 1: Hero ($7.02 in chips)
Seat 2: f5144c10 ($5.41 in chips)
Seat 3: 24abdae9 ($0.93 in chips)
Seat 5: d3caf6c0 ($5.14 in chips)
Seat 6: 2e9bdb2 ($6.27 in chips)
Hero: posts small blind $0.02
f5144c10: posts big blind $0.05
*** HOLE CARDS ***
Dealt to Hero [Tc 3s]
Dealt to f5144c10 
Dealt to 24abdae9 
Dealt to d3caf6c0 
Dealt to 2e9bdb2 
24abdae9: raises $0.1 to $0.15
d3caf6c0: folds
2e9bdb2: folds
Hero: folds
f5144c10: folds
Uncalled bet ($0.1) returned to 24abdae9
*** SHOWDOWN ***
24abdae9 collected $0.12 from pot
*** SUMMARY ***
Total pot $0.12 | Rake $0 | Jackpot $0 | Bingo $0 | Fortune $0 | Tax $0
Seat 1: Hero (small blind) folded before Flop
Seat 2: f5144c10 (big blind) folded before Flop
Seat 3: 24abdae9 collected ($0.12)
Seat 5: d3caf6c0 folded before Flop (didn't bet)
Seat 6: 2e9bdb2 (button) folded before Flop (didn't bet)


Poker Hand #HD1713706062: Hold'em No Limit ($0.02/$0.05) - 2024/04/03 13:01:56
Table 'NLHBlue24' 6-max Seat #5 is the button
Seat 1: Hero ($7.07 in chips)
Seat 2: f5144c10 ($5.34 in chips)
Seat 3: 24abdae9 ($0.93 in chips)
Seat 5: d3caf6c0 ($5.14 in chips)
Seat 6: 2e9bdb2 ($6.29 in chips)
2e9bdb2: posts small blind $0.02
Hero: posts big blind $0.05
*** HOLE CARDS ***
Dealt to Hero [As 5h]
Dealt to f5144c10 
Dealt to 24abdae9 
Dealt to d3caf6c0 
Dealt to 2e9bdb2 
f5144c10: raises $0.05 to $0.1
24abdae9: folds
d3caf6c0: folds
2e9bdb2: folds
Hero: folds
Uncalled bet ($0.05) returned to f5144c10
*** SHOWDOWN ***
f5144c10 collected $0.12 from pot
*** SUMMARY ***
Total pot $0.12 | Rake $0 | Jackpot $0 | Bingo $0 | Fortune $0 | Tax $0
Seat 1: Hero (big blind) folded before Flop
Seat 2: f5144c10 collected ($0.12)
Seat 3: 24abdae9 folded before Flop (didn't bet)
Seat 5: d3caf6c0 (button) folded before Flop (didn't bet)
Seat 6: 2e9bdb2 (small blind) folded before Flop


Poker Hand #HD1713706047: Hold'em No Limit ($0.02/$0.05) - 2024/04/03 13:01:46
Table 'NLHBlue24' 6-max Seat #3 is the button
Seat 1: Hero ($7.07 in chips)
Seat 2: f5144c10 ($5.34 in chips)
Seat 3: 24abdae9 ($0.93 in chips)
Seat 5: d3caf6c0 ($5.16 in chips)
Seat 6: 2e9bdb2 ($6.27 in chips)
d3caf6c0: posts small blind $0.02
2e9bdb2: posts big blind $0.05
*** HOLE CARDS ***
Dealt to Hero [2c 4c]
Dealt to f5144c10 
Dealt to 24abdae9 
Dealt to d3caf6c0 
Dealt to 2e9bdb2 
Hero: folds
f5144c10: folds
24abdae9: folds
d3caf6c0: folds
Uncalled bet ($0.03) returned to 2e9bdb2
*** SHOWDOWN ***
2e9bdb2 collected $0.04 from pot
*** SUMMARY ***
Total pot $0.04 | Rake $0 | Jackpot $0 | Bingo $0 | Fortune $0 | Tax $0
Seat 1: Hero folded before Flop (didn't bet)
Seat 2: f5144c10 folded before Flop (didn't bet)
Seat 3: 24abdae9 (button) folded before Flop (didn't bet)
Seat 5: d3caf6c0 (small blind) folded before Flop
Seat 6: 2e9bdb2 (big blind) collected ($0.04)


Poker Hand #HD1713705983: Hold'em No Limit ($0.02/$0.05) - 2024/04/03 13:01:16
Table 'NLHBlue24' 6-max Seat #2 is the button
Seat 1: Hero ($7.07 in chips)
Seat 2: f5144c10 ($5.72 in chips)
Seat 3: 24abdae9 ($0.95 in chips)
Seat 5: d3caf6c0 ($5.21 in chips)
Seat 6: 2e9bdb2 ($5.86 in chips)
24abdae9: posts small blind $0.02
d3caf6c0: posts big blind $0.05
*** HOLE CARDS ***
Dealt to Hero [4s Kh]
Dealt to f5144c10 
Dealt to 24abdae9 
Dealt to d3caf6c0 
Dealt to 2e9bdb2 
2e9bdb2: raises $0.08 to $0.13
Hero: folds
f5144c10: raises $0.25 to $0.38
24abdae9: folds
d3caf6c0: folds
2e9bdb2: raises $0.62 to $1
f5144c10: folds
Uncalled bet ($0.62) returned to 2e9bdb2
*** SHOWDOWN ***
2e9bdb2 collected $0.79 from pot
*** SUMMARY ***
Total pot $0.83 | Rake $0.04 | Jackpot $0 | Bingo $0 | Fortune $0 | Tax $0
Seat 1: Hero folded before Flop (didn't bet)
Seat 2: f5144c10 (button) folded before Flop
Seat 3: 24abdae9 (small blind) folded before Flop
Seat 5: d3caf6c0 (big blind) folded before Flop
Seat 6: 2e9bdb2 collected ($0.79)


Poker Hand #HD1713705937: Hold'em No Limit ($0.02/$0.05) - 2024/04/03 13:00:51
Table 'NLHBlue24' 6-max Seat #1 is the button
Seat 1: Hero ($7 in chips)
Seat 2: f5144c10 ($5.74 in chips)
Seat 3: 24abdae9 ($1 in chips)
Seat 5: d3caf6c0 ($5.21 in chips)
Seat 6: 2e9bdb2 ($5.86 in chips)
f5144c10: posts small blind $0.02
24abdae9: posts big blind $0.05
*** HOLE CARDS ***
Dealt to Hero [Jh Jc]
Dealt to f5144c10 
Dealt to 24abdae9 
Dealt to d3caf6c0 
Dealt to 2e9bdb2 
d3caf6c0: folds
2e9bdb2: folds
Hero: raises $0.08 to $0.13
f5144c10: folds
24abdae9: folds
Uncalled bet ($0.08) returned to Hero
*** SHOWDOWN ***
Hero collected $0.12 from pot
*** SUMMARY ***
Total pot $0.12 | Rake $0 | Jackpot $0 | Bingo $0 | Fortune $0 | Tax $0
Seat 1: Hero (button) collected ($0.12)
Seat 2: f5144c10 (small blind) folded before Flop
Seat 3: 24abdae9 (big blind) folded before Flop
Seat 5: d3caf6c0 folded before Flop (didn't bet)
Seat 6: 2e9bdb2 folded before Flop (didn't bet)


Poker Hand #HD1713705908: Hold'em No Limit ($0.02/$0.05) - 2024/04/03 13:00:37
Table 'NLHBlue24' 6-max Seat #6 is the button
Seat 1: Hero ($7.02 in chips)
Seat 2: f5144c10 ($5.72 in chips)
Seat 5: d3caf6c0 ($5.21 in chips)
Seat 6: 2e9bdb2 ($5.86 in chips)
Hero: posts small blind $0.02
f5144c10: posts big blind $0.05
*** HOLE CARDS ***
Dealt to Hero [9s 2d]
Dealt to f5144c10 
Dealt to d3caf6c0 
Dealt to 2e9bdb2 
d3caf6c0: folds
2e9bdb2: folds
Hero: folds
Uncalled bet ($0.03) returned to f5144c10
*** SHOWDOWN ***
f5144c10 collected $0.04 from pot
*** SUMMARY ***
Total pot $0.04 | Rake $0 | Jackpot $0 | Bingo $0 | Fortune $0 | Tax $0
Seat 1: Hero (small blind) folded before Flop
Seat 2: f5144c10 (big blind) collected ($0.04)
Seat 5: d3caf6c0 folded before Flop (didn't bet)
Seat 6: 2e9bdb2 (button) folded before Flop (didn't bet)


Poker Hand #HD1713705862: Hold'em No Limit ($0.02/$0.05) - 2024/04/03 13:00:11
Table 'NLHBlue24' 6-max Seat #5 is the button
Seat 1: Hero ($7.07 in chips)
Seat 2: f5144c10 ($5.72 in chips)
Seat 5: d3caf6c0 ($5.21 in chips)
Seat 6: 2e9bdb2 ($5.81 in chips)
2e9bdb2: posts small blind $0.02
Hero: posts big blind $0.05
*** HOLE CARDS ***
Dealt to Hero [7h Jd]
Dealt to f5144c10 
Dealt to d3caf6c0 
Dealt to 2e9bdb2 
f5144c10: folds
d3caf6c0: folds
2e9bdb2: raises $0.1 to $0.15
Hero: folds
Uncalled bet ($0.1) returned to 2e9bdb2
*** SHOWDOWN ***
2e9bdb2 collected $0.1 from pot
*** SUMMARY ***
Total pot $0.1 | Rake $0 | Jackpot $0 | Bingo $0 | Fortune $0 | Tax $0
Seat 1: Hero (big blind) folded before Flop
Seat 2: f5144c10 folded before Flop (didn't bet)
Seat 5: d3caf6c0 (button) folded before Flop (didn't bet)
Seat 6: 2e9bdb2 (small blind) collected ($0.1)


Poker Hand #HD1713705814: Hold'em No Limit ($0.02/$0.05) - 2024/04/03 12:59:43
Table 'NLHBlue24' 6-max Seat #2 is the button
Seat 1: Hero ($7.07 in chips)
Seat 2: f5144c10 ($5.65 in chips)
Seat 5: d3caf6c0 ($5.23 in chips)
Seat 6: 2e9bdb2 ($5.86 in chips)
d3caf6c0: posts small blind $0.02
2e9bdb2: posts big blind $0.05
*** HOLE CARDS ***
Dealt to Hero [Ah 7s]
Dealt to f5144c10 
Dealt to d3caf6c0 
Dealt to 2e9bdb2 
Hero: folds
f5144c10: raises $0.05 to $0.1
d3caf6c0: folds
2e9bdb2: folds
Uncalled bet ($0.05) returned to f5144c10
*** SHOWDOWN ***
f5144c10 collected $0.12 from pot
*** SUMMARY ***
Total pot $0.12 | Rake $0 | Jackpot $0 | Bingo $0 | Fortune $0 | Tax $0
Seat 1: Hero folded before Flop (didn't bet)
Seat 2: f5144c10 (button) collected ($0.12)
Seat 5: d3caf6c0 (small blind) folded before Flop
Seat 6: 2e9bdb2 (big blind) folded before Flop


Poker Hand #HD1713705717: Hold'em No Limit ($0.02/$0.05) - 2024/04/03 12:58:54
Table 'NLHBlue24' 6-max Seat #1 is the button
Seat 1: Hero ($7.07 in chips)
Seat 2: f5144c10 ($5.67 in chips)
Seat 5: d3caf6c0 ($5.36 in chips)
Seat 6: 2e9bdb2 ($5.72 in chips)
f5144c10: posts small blind $0.02
d3caf6c0: posts big blind $0.05
*** HOLE CARDS ***
Dealt to Hero [7s 8c]
Dealt to f5144c10 
Dealt to d3caf6c0 
Dealt to 2e9bdb2 
2e9bdb2: raises $0.08 to $0.13
Hero: folds
f5144c10: folds
d3caf6c0: calls $0.08
*** FLOP *** [2d 5d 8h]
d3caf6c0: checks
2e9bdb2: bets $0.21
d3caf6c0: folds
Uncalled bet ($0.21) returned to 2e9bdb2
*** SHOWDOWN ***
2e9bdb2 collected $0.27 from pot
*** SUMMARY ***
Total pot $0.28 | Rake $0.01 | Jackpot $0 | Bingo $0 | Fortune $0 | Tax $0
Board [2d 5d 8h]
Seat 1: Hero (button) folded before Flop (didn't bet)
Seat 2: f5144c10 (small blind) folded before Flop
Seat 5: d3caf6c0 (big blind) folded on the Flop
Seat 6: 2e9bdb2 won ($0.27)


Poker Hand #HD1713705693: Hold'em No Limit ($0.02/$0.05) - 2024/04/03 12:58:41
Table 'NLHBlue24' 6-max Seat #6 is the button
Seat 1: Hero ($7.09 in chips)
Seat 2: f5144c10 ($5.72 in chips)
Seat 5: d3caf6c0 ($5.29 in chips)
Seat 6: 2e9bdb2 ($5.72 in chips)
Hero: posts small blind $0.02
f5144c10: posts big blind $0.05
*** HOLE CARDS ***
Dealt to Hero [7h As]
Dealt to f5144c10 
Dealt to d3caf6c0 
Dealt to 2e9bdb2 
d3caf6c0: raises $0.1 to $0.15
2e9bdb2: folds
Hero: folds
f5144c10: folds
Uncalled bet ($0.1) returned to d3caf6c0
*** SHOWDOWN ***
d3caf6c0 collected $0.12 from pot
*** SUMMARY ***
Total pot $0.12 | Rake $0 | Jackpot $0 | Bingo $0 | Fortune $0 | Tax $0
Seat 1: Hero (small blind) folded before Flop
Seat 2: f5144c10 (big blind) folded before Flop
Seat 5: d3caf6c0 collected ($0.12)
Seat 6: 2e9bdb2 (button) folded before Flop (didn't bet)


Poker Hand #HD1713705656: Hold'em No Limit ($0.02/$0.05) - 2024/04/03 12:58:24
Table 'NLHBlue24' 6-max Seat #5 is the button
Seat 1: Hero ($7.14 in chips)
Seat 2: f5144c10 ($5.72 in chips)
Seat 5: d3caf6c0 ($5.22 in chips)
Seat 6: 2e9bdb2 ($5.74 in chips)
2e9bdb2: posts small blind $0.02
Hero: posts big blind $0.05
*** HOLE CARDS ***
Dealt to Hero [3h Qd]
Dealt to f5144c10 
Dealt to d3caf6c0 
Dealt to 2e9bdb2 
f5144c10: folds
d3caf6c0: raises $0.1 to $0.15
2e9bdb2: folds
Hero: folds
Uncalled bet ($0.1) returned to d3caf6c0
*** SHOWDOWN ***
d3caf6c0 collected $0.12 from pot
*** SUMMARY ***
Total pot $0.12 | Rake $0 | Jackpot $0 | Bingo $0 | Fortune $0 | Tax $0
Seat 1: Hero (big blind) folded before Flop
Seat 2: f5144c10 folded before Flop (didn't bet)
Seat 5: d3caf6c0 (button) collected ($0.12)
Seat 6: 2e9bdb2 (small blind) folded before Flop


Poker Hand #HD1713615633: Hold'em No Limit ($0.02/$0.05) - 2024/04/03 12:58:12
Table 'NLHBlue24' 6-max Seat #2 is the button
Seat 1: Hero ($7.14 in chips)
Seat 2: f5144c10 ($5.72 in chips)
Seat 5: d3caf6c0 ($5.24 in chips)
Seat 6: 2e9bdb2 ($5.72 in chips)
d3caf6c0: posts small blind $0.02
2e9bdb2: posts big blind $0.05
*** HOLE CARDS ***
Dealt to Hero [Qh 6c]
Dealt to f5144c10 
Dealt to d3caf6c0 
Dealt to 2e9bdb2 
Hero: folds
f5144c10: folds
d3caf6c0: folds
Uncalled bet ($0.03) returned to 2e9bdb2
*** SHOWDOWN ***
2e9bdb2 collected $0.04 from pot
*** SUMMARY ***
Total pot $0.04 | Rake $0 | Jackpot $0 | Bingo $0 | Fortune $0 | Tax $0
Seat 1: Hero folded before Flop (didn't bet)
Seat 2: f5144c10 (button) folded before Flop (didn't bet)
Seat 5: d3caf6c0 (small blind) folded before Flop
Seat 6: 2e9bdb2 (big blind) collected ($0.04)


Poker Hand #HD1713615522: Hold'em No Limit ($0.02/$0.05) - 2024/04/03 12:57:10
Table 'NLHBlue24' 6-max Seat #1 is the button
Seat 1: Hero ($6.93 in chips)
Seat 2: f5144c10 ($5.74 in chips)
Seat 4: e679f194 ($4.54 in chips)
Seat 5: d3caf6c0 ($5.39 in chips)
Seat 6: 2e9bdb2 ($5.72 in chips)
f5144c10: posts small blind $0.02
e679f194: posts big blind $0.05
*** HOLE CARDS ***
Dealt to Hero [Ks Ah]
Dealt to f5144c10 
Dealt to e679f194 
Dealt to d3caf6c0 
Dealt to 2e9bdb2 
d3caf6c0: raises $0.1 to $0.15
2e9bdb2: folds
Hero: raises $0.3 to $0.45
f5144c10: folds
e679f194: folds
d3caf6c0: folds
Uncalled bet ($0.3) returned to Hero
*** SHOWDOWN ***
Hero collected $0.36 from pot
*** SUMMARY ***
Total pot $0.37 | Rake $0.01 | Jackpot $0 | Bingo $0 | Fortune $0 | Tax $0
Seat 1: Hero (button) collected ($0.36)
Seat 2: f5144c10 (small blind) folded before Flop
Seat 4: e679f194 (big blind) folded before Flop
Seat 5: d3caf6c0 folded before Flop
Seat 6: 2e9bdb2 folded before Flop (didn't bet)


Poker Hand #HD1713615500: Hold'em No Limit ($0.02/$0.05) - 2024/04/03 12:56:59
Table 'NLHBlue24' 6-max Seat #6 is the button
Seat 1: Hero ($6.95 in chips)
Seat 2: f5144c10 ($5.72 in chips)
Seat 4: e679f194 ($4.54 in chips)
Seat 5: d3caf6c0 ($5.39 in chips)
Seat 6: 2e9bdb2 ($5.72 in chips)
Hero: posts small blind $0.02
f5144c10: posts big blind $0.05
*** HOLE CARDS ***
Dealt to Hero [8d Ks]
Dealt to f5144c10 
Dealt to e679f194 
Dealt to d3caf6c0 
Dealt to 2e9bdb2 
e679f194: folds
d3caf6c0: folds
2e9bdb2: folds
Hero: folds
Uncalled bet ($0.03) returned to f5144c10
*** SHOWDOWN ***
f5144c10 collected $0.04 from pot
*** SUMMARY ***
Total pot $0.04 | Rake $0 | Jackpot $0 | Bingo $0 | Fortune $0 | Tax $0
Seat 1: Hero (small blind) folded before Flop
Seat 2: f5144c10 (big blind) collected ($0.04)
Seat 4: e679f194 folded before Flop (didn't bet)
Seat 5: d3caf6c0 folded before Flop (didn't bet)
Seat 6: 2e9bdb2 (button) folded before Flop (didn't bet)


Poker Hand #HD1713615456: Hold'em No Limit ($0.02/$0.05) - 2024/04/03 12:56:36
Table 'NLHBlue24' 6-max Seat #5 is the button
Seat 1: Hero ($6.93 in chips)
Seat 2: f5144c10 ($5.72 in chips)
Seat 4: e679f194 ($4.54 in chips)
Seat 5: d3caf6c0 ($5.39 in chips)
Seat 6: 2e9bdb2 ($5.74 in chips)
2e9bdb2: posts small blind $0.02
Hero: posts big blind $0.05
*** HOLE CARDS ***
Dealt to Hero [7h Kc]
Dealt to f5144c10 
Dealt to e679f194 
Dealt to d3caf6c0 
Dealt to 2e9bdb2 
f5144c10: folds
e679f194: folds
d3caf6c0: folds
2e9bdb2: folds
Uncalled bet ($0.03) returned to Hero
*** SHOWDOWN ***
Hero collected $0.04 from pot
*** SUMMARY ***
Total pot $0.04 | Rake $0 | Jackpot $0 | Bingo $0 | Fortune $0 | Tax $0
Seat 1: Hero (big blind) collected ($0.04)
Seat 2: f5144c10 folded before Flop (didn't bet)
Seat 4: e679f194 folded before Flop (didn't bet)
Seat 5: d3caf6c0 (button) folded before Flop (didn't bet)
Seat 6: 2e9bdb2 (small blind) folded before Flop


Poker Hand #HD1713615406: Hold'em No Limit ($0.02/$0.05) - 2024/04/03 12:56:12
Table 'NLHBlue24' 6-max Seat #4 is the button
Seat 1: Hero ($6.86 in chips)
Seat 2: f5144c10 ($5.72 in chips)
Seat 4: e679f194 ($4.54 in chips)
Seat 5: d3caf6c0 ($5.41 in chips)
Seat 6: 2e9bdb2 ($5.79 in chips)
d3caf6c0: posts small blind $0.02
2e9bdb2: posts big blind $0.05
*** HOLE CARDS ***
Dealt to Hero [Ts Qs]
Dealt to f5144c10 
Dealt to e679f194 
Dealt to d3caf6c0 
Dealt to 2e9bdb2 
Hero: raises $0.05 to $0.1
f5144c10: folds
e679f194: folds
d3caf6c0: folds
2e9bdb2: folds
Uncalled bet ($0.05) returned to Hero
*** SHOWDOWN ***
Hero collected $0.12 from pot
*** SUMMARY ***
Total pot $0.12 | Rake $0 | Jackpot $0 | Bingo $0 | Fortune $0 | Tax $0
Seat 1: Hero collected ($0.12)
Seat 2: f5144c10 folded before Flop (didn't bet)
Seat 4: e679f194 (button) folded before Flop (didn't bet)
Seat 5: d3caf6c0 (small blind) folded before Flop
Seat 6: 2e9bdb2 (big blind) folded before Flop


Poker Hand #HD1713615271: Hold'em No Limit ($0.02/$0.05) - 2024/04/03 12:54:51
Table 'NLHBlue24' 6-max Seat #3 is the button
Seat 1: Hero ($6.86 in chips)
Seat 2: f5144c10 ($6.15 in chips)
Seat 3: 1db3cb04 ($4.22 in chips)
Seat 4: e679f194 ($4.56 in chips)
Seat 5: d3caf6c0 ($5 in chips)
Seat 6: 2e9bdb2 ($5.79 in chips)
e679f194: posts small blind $0.02
d3caf6c0: posts big blind $0.05
*** HOLE CARDS ***
Dealt to Hero [Jh 7s]
Dealt to f5144c10 
Dealt to 1db3cb04 
Dealt to e679f194 
Dealt to d3caf6c0 
Dealt to 2e9bdb2 
2e9bdb2: folds
Hero: folds
f5144c10: raises $0.05 to $0.1
1db3cb04: folds
e679f194: folds
d3caf6c0: calls $0.05
*** FLOP *** [6s Js 3d]
d3caf6c0: checks
f5144c10: bets $0.08
d3caf6c0: calls $0.08
*** TURN *** [6s Js 3d] [2d]
d3caf6c0: checks
f5144c10: bets $0.25
d3caf6c0: calls $0.25
*** RIVER *** [6s Js 3d 2d] [4s]
d3caf6c0: checks
f5144c10: checks
d3caf6c0: shows [6d 4c] (Pair of Sixes and Pair of Fours)
f5144c10: shows [7d Ad] (Ace-High)
*** SHOWDOWN ***
d3caf6c0 collected $0.84 from pot
*** SUMMARY ***
Total pot $0.88 | Rake $0.04 | Jackpot $0 | Bingo $0 | Fortune $0 | Tax $0
Board [6s Js 3d 2d 4s]
Seat 1: Hero folded before Flop (didn't bet)
Seat 2: f5144c10 showed [7d Ad] and lost with Ace-High
Seat 3: 1db3cb04 (button) folded before Flop (didn't bet)
Seat 4: e679f194 (small blind) folded before Flop
Seat 5: d3caf6c0 (big blind) showed [6d 4c] and won ($0.84) with Pair of Sixes and Pair of Fours
Seat 6: 2e9bdb2 folded before Flop (didn't bet)


Poker Hand #HD1713615187: Hold'em No Limit ($0.02/$0.05) - 2024/04/03 12:54:09
Table 'NLHBlue24' 6-max Seat #2 is the button
Seat 1: Hero ($6.86 in chips)
Seat 2: f5144c10 ($6.15 in chips)
Seat 3: 1db3cb04 ($4.24 in chips)
Seat 4: e679f194 ($4.61 in chips)
Seat 5: d3caf6c0 ($5 in chips)
Seat 6: 2e9bdb2 ($5.72 in chips)
1db3cb04: posts small blind $0.02
e679f194: posts big blind $0.05
*** HOLE CARDS ***
Dealt to Hero [8c Jc]
Dealt to f5144c10 
Dealt to 1db3cb04 
Dealt to e679f194 
Dealt to d3caf6c0 
Dealt to 2e9bdb2 
d3caf6c0: folds
2e9bdb2: raises $0.08 to $0.13
Hero: folds
f5144c10: folds
1db3cb04: folds
e679f194: folds
Uncalled bet ($0.08) returned to 2e9bdb2
*** SHOWDOWN ***
2e9bdb2 collected $0.12 from pot
*** SUMMARY ***
Total pot $0.12 | Rake $0 | Jackpot $0 | Bingo $0 | Fortune $0 | Tax $0
Seat 1: Hero folded before Flop (didn't bet)
Seat 2: f5144c10 (button) folded before Flop (didn't bet)
Seat 3: 1db3cb04 (small blind) folded before Flop
Seat 4: e679f194 (big blind) folded before Flop
Seat 5: d3caf6c0 folded before Flop (didn't bet)
Seat 6: 2e9bdb2 collected ($0.12)


Poker Hand #HD1713615132: Hold'em No Limit ($0.02/$0.05) - 2024/04/03 12:53:40
Table 'NLHBlue24' 6-max Seat #1 is the button
Seat 1: Hero ($6.86 in chips)
Seat 2: f5144c10 ($6.17 in chips)
Seat 3: 1db3cb04 ($4.29 in chips)
Seat 4: e679f194 ($4.54 in chips)
Seat 5: d3caf6c0 ($5 in chips)
Seat 6: 2e9bdb2 ($5.72 in chips)
f5144c10: posts small blind $0.02
1db3cb04: posts big blind $0.05
*** HOLE CARDS ***
Dealt to Hero [2h Kc]
Dealt to f5144c10 
Dealt to 1db3cb04 
Dealt to e679f194 
Dealt to d3caf6c0 
Dealt to 2e9bdb2 
e679f194: raises $0.08 to $0.13
d3caf6c0: folds
2e9bdb2: folds
Hero: folds
f5144c10: folds
1db3cb04: folds
Uncalled bet ($0.08) returned to e679f194
*** SHOWDOWN ***
e679f194 collected $0.12 from pot
*** SUMMARY ***
Total pot $0.12 | Rake $0 | Jackpot $0 | Bingo $0 | Fortune $0 | Tax $0
Seat 1: Hero (button) folded before Flop (didn't bet)
Seat 2: f5144c10 (small blind) folded before Flop
Seat 3: 1db3cb04 (big blind) folded before Flop
Seat 4: e679f194 collected ($0.12)
Seat 5: d3caf6c0 folded before Flop (didn't bet)
Seat 6: 2e9bdb2 folded before Flop (didn't bet)


Poker Hand #HD1713615105: Hold'em No Limit ($0.02/$0.05) - 2024/04/03 12:53:25
Table 'NLHBlue24' 6-max Seat #6 is the button
Seat 1: Hero ($6.88 in chips)
Seat 2: f5144c10 ($6.15 in chips)
Seat 3: 1db3cb04 ($4.29 in chips)
Seat 4: e679f194 ($4.54 in chips)
Seat 5: d3caf6c0 ($5 in chips)
Seat 6: 2e9bdb2 ($5.72 in chips)
Hero: posts small blind $0.02
f5144c10: posts big blind $0.05
*** HOLE CARDS ***
Dealt to Hero [3h Tc]
Dealt to f5144c10 
Dealt to 1db3cb04 
Dealt to e679f194 
Dealt to d3caf6c0 
Dealt to 2e9bdb2 
1db3cb04: folds
e679f194: folds
d3caf6c0: folds
2e9bdb2: folds
Hero: folds
Uncalled bet ($0.03) returned to f5144c10
*** SHOWDOWN ***
f5144c10 collected $0.04 from pot
*** SUMMARY ***
Total pot $0.04 | Rake $0 | Jackpot $0 | Bingo $0 | Fortune $0 | Tax $0
Seat 1: Hero (small blind) folded before Flop
Seat 2: f5144c10 (big blind) collected ($0.04)
Seat 3: 1db3cb04 folded before Flop (didn't bet)
Seat 4: e679f194 folded before Flop (didn't bet)
Seat 5: d3caf6c0 folded before Flop (didn't bet)
Seat 6: 2e9bdb2 (button) folded before Flop (didn't bet)


Poker Hand #HD1713615067: Hold'em No Limit ($0.02/$0.05) - 2024/04/03 12:53:05
Table 'NLHBlue24' 6-max Seat #5 is the button
Seat 1: Hero ($6.93 in chips)
Seat 3: 1db3cb04 ($4.29 in chips)
Seat 4: e679f194 ($4.47 in chips)
Seat 5: d3caf6c0 ($5 in chips)
Seat 6: 2e9bdb2 ($5.74 in chips)
2e9bdb2: posts small blind $0.02
Hero: posts big blind $0.05
*** HOLE CARDS ***
Dealt to Hero [5c Ts]
Dealt to 1db3cb04 
Dealt to e679f194 
Dealt to d3caf6c0 
Dealt to 2e9bdb2 
1db3cb04: folds
e679f194: raises $0.08 to $0.13
d3caf6c0: folds
2e9bdb2: folds
Hero: folds
Uncalled bet ($0.08) returned to e679f194
*** SHOWDOWN ***
e679f194 collected $0.12 from pot
*** SUMMARY ***
Total pot $0.12 | Rake $0 | Jackpot $0 | Bingo $0 | Fortune $0 | Tax $0
Seat 1: Hero (big blind) folded before Flop
Seat 3: 1db3cb04 folded before Flop (didn't bet)
Seat 4: e679f194 collected ($0.12)
Seat 5: d3caf6c0 (button) folded before Flop (didn't bet)
Seat 6: 2e9bdb2 (small blind) folded before Flop


Poker Hand #HD1713615039: Hold'em No Limit ($0.02/$0.05) - 2024/04/03 12:52:49
Table 'NLHBlue24' 6-max Seat #4 is the button
Seat 1: Hero ($6.93 in chips)
Seat 3: 1db3cb04 ($4.29 in chips)
Seat 4: e679f194 ($4.4 in chips)
Seat 5: d3caf6c0 ($5 in chips)
Seat 6: 2e9bdb2 ($5.79 in chips)
d3caf6c0: posts small blind $0.02
2e9bdb2: posts big blind $0.05
*** HOLE CARDS ***
Dealt to Hero [6s Jd]
Dealt to 1db3cb04 
Dealt to e679f194 
Dealt to d3caf6c0 
Dealt to 2e9bdb2 
Hero: folds
1db3cb04: folds
e679f194: raises $0.08 to $0.13
d3caf6c0: folds
2e9bdb2: folds
Uncalled bet ($0.08) returned to e679f194
*** SHOWDOWN ***
e679f194 collected $0.12 from pot
*** SUMMARY ***
Total pot $0.12 | Rake $0 | Jackpot $0 | Bingo $0 | Fortune $0 | Tax $0
Seat 1: Hero folded before Flop (didn't bet)
Seat 3: 1db3cb04 folded before Flop (didn't bet)
Seat 4: e679f194 (button) collected ($0.12)
Seat 5: d3caf6c0 (small blind) folded before Flop
Seat 6: 2e9bdb2 (big blind) folded before Flop


Poker Hand #HD1713614987: Hold'em No Limit ($0.02/$0.05) - 2024/04/03 12:52:20
Table 'NLHBlue24' 6-max Seat #3 is the button
Seat 1: Hero ($6.86 in chips)
Seat 3: 1db3cb04 ($4.29 in chips)
Seat 4: e679f194 ($4.42 in chips)
Seat 5: d3caf6c0 ($5 in chips)
Seat 6: 2e9bdb2 ($5.79 in chips)
e679f194: posts small blind $0.02
d3caf6c0: posts big blind $0.05
*** HOLE CARDS ***
Dealt to Hero [Jh Th]
Dealt to 1db3cb04 
Dealt to e679f194 
Dealt to d3caf6c0 
Dealt to 2e9bdb2 
2e9bdb2: folds
Hero: raises $0.05 to $0.1
1db3cb04: folds
e679f194: folds
d3caf6c0: folds
Uncalled bet ($0.05) returned to Hero
*** SHOWDOWN ***
Hero collected $0.12 from pot
*** SUMMARY ***
Total pot $0.12 | Rake $0 | Jackpot $0 | Bingo $0 | Fortune $0 | Tax $0
Seat 1: Hero collected ($0.12)
Seat 3: 1db3cb04 (button) folded before Flop (didn't bet)
Seat 4: e679f194 (small blind) folded before Flop
Seat 5: d3caf6c0 (big blind) folded before Flop
Seat 6: 2e9bdb2 folded before Flop (didn't bet)


Poker Hand #HD1713614881: Hold'em No Limit ($0.02/$0.05) - 2024/04/03 12:51:25
Table 'NLHBlue24' 6-max Seat #1 is the button
Seat 1: Hero ($6.86 in chips)
Seat 3: 1db3cb04 ($5.15 in chips)
Seat 4: e679f194 ($3.57 in chips)
Seat 5: d3caf6c0 ($5 in chips)
Seat 6: 2e9bdb2 ($5.92 in chips)
1db3cb04: posts small blind $0.02
e679f194: posts big blind $0.05
*** HOLE CARDS ***
Dealt to Hero [6h 2s]
Dealt to 1db3cb04 
Dealt to e679f194 
Dealt to d3caf6c0 
Dealt to 2e9bdb2 
d3caf6c0: folds
2e9bdb2: raises $0.08 to $0.13
Hero: folds
1db3cb04: raises $0.36 to $0.49
e679f194: calls $0.44
2e9bdb2: folds
*** FLOP *** [5c 3d Ad]
1db3cb04: bets $0.37
e679f194: calls $0.37
*** TURN *** [5c 3d Ad] [Tc]
1db3cb04: checks
e679f194: checks
*** RIVER *** [5c 3d Ad Tc] [Td]
1db3cb04: checks
e679f194: bets $0.93
1db3cb04: folds
Uncalled bet ($0.93) returned to e679f194
*** SHOWDOWN ***
e679f194 collected $1.71 from pot
*** SUMMARY ***
Total pot $1.85 | Rake $0.09 | Jackpot $0.05 | Bingo $0 | Fortune $0 | Tax $0
Board [5c 3d Ad Tc Td]
Seat 1: Hero (button) folded before Flop (didn't bet)
Seat 3: 1db3cb04 (small blind) folded on the River
Seat 4: e679f194 (big blind) won ($1.71)
Seat 5: d3caf6c0 folded before Flop (didn't bet)
Seat 6: 2e9bdb2 folded before Flop


Poker Hand #HD1713614855: Hold'em No Limit ($0.02/$0.05) - 2024/04/03 12:51:12
Table 'NLHBlue24' 6-max Seat #6 is the button
Seat 1: Hero ($6.88 in chips)
Seat 3: 1db3cb04 ($5.13 in chips)
Seat 4: e679f194 ($3.57 in chips)
Seat 5: d3caf6c0 ($5 in chips)
Seat 6: 2e9bdb2 ($5.92 in chips)
Hero: posts small blind $0.02
1db3cb04: posts big blind $0.05
*** HOLE CARDS ***
Dealt to Hero [2c Ks]
Dealt to 1db3cb04 
Dealt to e679f194 
Dealt to d3caf6c0 
Dealt to 2e9bdb2 
e679f194: folds
d3caf6c0: folds
2e9bdb2: folds
Hero: folds
Uncalled bet ($0.03) returned to 1db3cb04
*** SHOWDOWN ***
1db3cb04 collected $0.04 from pot
*** SUMMARY ***
Total pot $0.04 | Rake $0 | Jackpot $0 | Bingo $0 | Fortune $0 | Tax $0
Seat 1: Hero (small blind) folded before Flop
Seat 3: 1db3cb04 (big blind) collected ($0.04)
Seat 4: e679f194 folded before Flop (didn't bet)
Seat 5: d3caf6c0 folded before Flop (didn't bet)
Seat 6: 2e9bdb2 (button) folded before Flop (didn't bet)


Poker Hand #HD1713614719: Hold'em No Limit ($0.02/$0.05) - 2024/04/03 12:50:07
Table 'NLHBlue24' 6-max Seat #5 is the button
Seat 1: Hero ($6.93 in chips)
Seat 2: f5144c10 ($5.85 in chips)
Seat 3: 1db3cb04 ($5.13 in chips)
Seat 4: e679f194 ($3.57 in chips)
Seat 5: d3caf6c0 ($5 in chips)
Seat 6: 2e9bdb2 ($5.94 in chips)
2e9bdb2: posts small blind $0.02
Hero: posts big blind $0.05
*** HOLE CARDS ***
Dealt to Hero [5c Kd]
Dealt to f5144c10 
Dealt to 1db3cb04 
Dealt to e679f194 
Dealt to d3caf6c0 
Dealt to 2e9bdb2 
f5144c10: raises $0.05 to $0.1
1db3cb04: folds
e679f194: folds
d3caf6c0: calls $0.1
2e9bdb2: folds
Hero: folds
*** FLOP *** [Tc 5d Qs]
f5144c10: checks
d3caf6c0: checks
*** TURN *** [Tc 5d Qs] [5h]
f5144c10: bets $0.15
d3caf6c0: calls $0.15
*** RIVER *** [Tc 5d Qs 5h] [6d]
f5144c10: bets $0.72
d3caf6c0: folds
Uncalled bet ($0.72) returned to f5144c10
*** SHOWDOWN ***
f5144c10 collected $0.55 from pot
*** SUMMARY ***
Total pot $0.57 | Rake $0.02 | Jackpot $0 | Bingo $0 | Fortune $0 | Tax $0
Board [Tc 5d Qs 5h 6d]
Seat 1: Hero (big blind) folded before Flop
Seat 2: f5144c10 won ($0.55)
Seat 3: 1db3cb04 folded before Flop (didn't bet)
Seat 4: e679f194 folded before Flop (didn't bet)
Seat 5: d3caf6c0 (button) folded on the River
Seat 6: 2e9bdb2 (small blind) folded before Flop


Poker Hand #HD1713614589: Hold'em No Limit ($0.02/$0.05) - 2024/04/03 12:48:57
Table 'NLHBlue24' 6-max Seat #4 is the button
Seat 1: Hero ($7.36 in chips)
Seat 2: f5144c10 ($5.85 in chips)
Seat 3: 1db3cb04 ($5.13 in chips)
Seat 4: e679f194 ($3.57 in chips)
Seat 5: d3caf6c0 ($5 in chips)
Seat 6: 2e9bdb2 ($5.53 in chips)
d3caf6c0: posts small blind $0.02
2e9bdb2: posts big blind $0.05
*** HOLE CARDS ***
Dealt to Hero [8d 8s]
Dealt to f5144c10 
Dealt to 1db3cb04 
Dealt to e679f194 
Dealt to d3caf6c0 
Dealt to 2e9bdb2 
Hero: raises $0.05 to $0.1
f5144c10: folds
1db3cb04: folds
e679f194: folds
d3caf6c0: folds
2e9bdb2: calls $0.05
*** FLOP *** [4s Kd 4d]
2e9bdb2: checks
Hero: checks
*** TURN *** [4s Kd 4d] [3s]
2e9bdb2: bets $0.11
Hero: calls $0.11
*** RIVER *** [4s Kd 4d 3s] [4h]
2e9bdb2: bets $0.22
Hero: calls $0.22
2e9bdb2: shows [Tc Ts] (Fours Full over Tens)
Hero: shows [8d 8s] (Fours Full over Eights)
*** SHOWDOWN ***
2e9bdb2 collected $0.84 from pot
*** SUMMARY ***
Total pot $0.88 | Rake $0.04 | Jackpot $0 | Bingo $0 | Fortune $0 | Tax $0
Board [4s Kd 4d 3s 4h]
Seat 1: Hero showed [8d 8s] and lost with Fours Full over Eights
Seat 2: f5144c10 folded before Flop (didn't bet)
Seat 3: 1db3cb04 folded before Flop (didn't bet)
Seat 4: e679f194 (button) folded before Flop (didn't bet)
Seat 5: d3caf6c0 (small blind) folded before Flop
Seat 6: 2e9bdb2 (big blind) showed [Tc Ts] and won ($0.84) with Fours Full over Tens


Poker Hand #HD1713614477: Hold'em No Limit ($0.02/$0.05) - 2024/04/03 12:48:10
Table 'NLHBlue24' 6-max Seat #3 is the button
Seat 1: Hero ($7.76 in chips)
Seat 2: f5144c10 ($5.85 in chips)
Seat 3: 1db3cb04 ($5.13 in chips)
Seat 4: e679f194 ($3.03 in chips)
Seat 5: d3caf6c0 ($5 in chips)
Seat 6: 2e9bdb2 ($5.66 in chips)
e679f194: posts small blind $0.02
d3caf6c0: posts big blind $0.05
*** HOLE CARDS ***
Dealt to Hero [Ad Jd]
Dealt to f5144c10 
Dealt to 1db3cb04 
Dealt to e679f194 
Dealt to d3caf6c0 
Dealt to 2e9bdb2 
2e9bdb2: raises $0.08 to $0.13
Hero: raises $0.27 to $0.4
f5144c10: folds
1db3cb04: folds
e679f194: raises $0.84 to $1.24
d3caf6c0: folds
2e9bdb2: folds
Hero: folds
Uncalled bet ($0.84) returned to e679f194
*** SHOWDOWN ***
e679f194 collected $0.94 from pot
*** SUMMARY ***
Total pot $0.98 | Rake $0.04 | Jackpot $0 | Bingo $0 | Fortune $0 | Tax $0
Seat 1: Hero folded before Flop
Seat 2: f5144c10 folded before Flop (didn't bet)
Seat 3: 1db3cb04 (button) folded before Flop (didn't bet)
Seat 4: e679f194 (small blind) collected ($0.94)
Seat 5: d3caf6c0 (big blind) folded before Flop
Seat 6: 2e9bdb2 folded before Flop


Poker Hand #HD1713614404: Hold'em No Limit ($0.02/$0.05) - 2024/04/03 12:47:35
Table 'NLHBlue24' 6-max Seat #2 is the button
Seat 1: Hero ($7.76 in chips)
Seat 2: f5144c10 ($5.95 in chips)
Seat 3: 1db3cb04 ($4.99 in chips)
Seat 4: e679f194 ($3.08 in chips)
Seat 5: d3caf6c0 ($5 in chips)
Seat 6: 2e9bdb2 ($5.66 in chips)
1db3cb04: posts small blind $0.02
e679f194: posts big blind $0.05
*** HOLE CARDS ***
Dealt to Hero [Tc 4s]
Dealt to f5144c10 
Dealt to 1db3cb04 
Dealt to e679f194 
Dealt to d3caf6c0 
Dealt to 2e9bdb2 
d3caf6c0: folds
2e9bdb2: folds
Hero: folds
f5144c10: raises $0.05 to $0.1
1db3cb04: calls $0.08
e679f194: folds
*** FLOP *** [8d Qd 2c]
1db3cb04: checks
f5144c10: checks
*** TURN *** [8d Qd 2c] [Ts]
1db3cb04: bets $0.1
f5144c10: folds
Uncalled bet ($0.1) returned to 1db3cb04
*** SHOWDOWN ***
1db3cb04 collected $0.24 from pot
*** SUMMARY ***
Total pot $0.25 | Rake $0.01 | Jackpot $0 | Bingo $0 | Fortune $0 | Tax $0
Board [8d Qd 2c Ts]
Seat 1: Hero folded before Flop (didn't bet)
Seat 2: f5144c10 (button) folded on the Turn
Seat 3: 1db3cb04 (small blind) won ($0.24)
Seat 4: e679f194 (big blind) folded before Flop
Seat 5: d3caf6c0 folded before Flop (didn't bet)
Seat 6: 2e9bdb2 folded before Flop (didn't bet)


Poker Hand #HD1713614362: Hold'em No Limit ($0.02/$0.05) - 2024/04/03 12:47:16
Table 'NLHBlue24' 6-max Seat #1 is the button
Seat 1: Hero ($7.76 in chips)
Seat 2: f5144c10 ($5.97 in chips)
Seat 3: 1db3cb04 ($5.04 in chips)
Seat 4: e679f194 ($3.01 in chips)
Seat 5: d3caf6c0 ($5 in chips)
Seat 6: 2e9bdb2 ($5.66 in chips)
f5144c10: posts small blind $0.02
1db3cb04: posts big blind $0.05
*** HOLE CARDS ***
Dealt to Hero [8h 7s]
Dealt to f5144c10 
Dealt to 1db3cb04 
Dealt to e679f194 
Dealt to d3caf6c0 
Dealt to 2e9bdb2 
e679f194: raises $0.1 to $0.15
d3caf6c0: folds
2e9bdb2: folds
Hero: folds
f5144c10: folds
1db3cb04: folds
Uncalled bet ($0.1) returned to e679f194
*** SHOWDOWN ***
e679f194 collected $0.12 from pot
*** SUMMARY ***
Total pot $0.12 | Rake $0 | Jackpot $0 | Bingo $0 | Fortune $0 | Tax $0
Seat 1: Hero (button) folded before Flop (didn't bet)
Seat 2: f5144c10 (small blind) folded before Flop
Seat 3: 1db3cb04 (big blind) folded before Flop
Seat 4: e679f194 collected ($0.12)
Seat 5: d3caf6c0 folded before Flop (didn't bet)
Seat 6: 2e9bdb2 folded before Flop (didn't bet)


Poker Hand #HD1713614319: Hold'em No Limit ($0.02/$0.05) - 2024/04/03 12:46:51
Table 'NLHBlue24' 6-max Seat #6 is the button
Seat 1: Hero ($7.78 in chips)
Seat 2: f5144c10 ($6.02 in chips)
Seat 3: 1db3cb04 ($5.04 in chips)
Seat 4: e679f194 ($3.01 in chips)
Seat 5: d3caf6c0 ($5 in chips)
Seat 6: 2e9bdb2 ($5.59 in chips)
Hero: posts small blind $0.02
f5144c10: posts big blind $0.05
*** HOLE CARDS ***
Dealt to Hero [8c 4h]
Dealt to f5144c10 
Dealt to 1db3cb04 
Dealt to e679f194 
Dealt to d3caf6c0 
Dealt to 2e9bdb2 
1db3cb04: folds
e679f194: folds
d3caf6c0: folds
2e9bdb2: raises $0.08 to $0.13
Hero: folds
f5144c10: folds
Uncalled bet ($0.08) returned to 2e9bdb2
*** SHOWDOWN ***
2e9bdb2 collected $0.12 from pot
*** SUMMARY ***
Total pot $0.12 | Rake $0 | Jackpot $0 | Bingo $0 | Fortune $0 | Tax $0
Seat 1: Hero (small blind) folded before Flop
Seat 2: f5144c10 (big blind) folded before Flop
Seat 3: 1db3cb04 folded before Flop (didn't bet)
Seat 4: e679f194 folded before Flop (didn't bet)
Seat 5: d3caf6c0 folded before Flop (didn't bet)
Seat 6: 2e9bdb2 (button) collected ($0.12)


Poker Hand #HD1713614233: Hold'em No Limit ($0.02/$0.05) - 2024/04/03 12:46:02
Table 'NLHBlue24' 6-max Seat #5 is the button
Seat 1: Hero ($7.93 in chips)
Seat 2: f5144c10 ($6.02 in chips)
Seat 3: 1db3cb04 ($5.04 in chips)
Seat 4: e679f194 ($2.85 in chips)
Seat 5: d3caf6c0 ($5 in chips)
Seat 6: 2e9bdb2 ($5.61 in chips)
2e9bdb2: posts small blind $0.02
Hero: posts big blind $0.05
*** HOLE CARDS ***
Dealt to Hero [6c 6s]
Dealt to f5144c10 
Dealt to 1db3cb04 
Dealt to e679f194 
Dealt to d3caf6c0 
Dealt to 2e9bdb2 
f5144c10: folds
1db3cb04: folds
e679f194: raises $0.1 to $0.15
d3caf6c0: folds
2e9bdb2: folds
Hero: calls $0.1
*** FLOP *** [8h As 8s]
Hero: checks
e679f194: bets $0.16
Hero: folds
Uncalled bet ($0.16) returned to e679f194
*** SHOWDOWN ***
e679f194 collected $0.31 from pot
*** SUMMARY ***
Total pot $0.32 | Rake $0.01 | Jackpot $0 | Bingo $0 | Fortune $0 | Tax $0
Board [8h As 8s]
Seat 1: Hero (big blind) folded on the Flop
Seat 2: f5144c10 folded before Flop (didn't bet)
Seat 3: 1db3cb04 folded before Flop (didn't bet)
Seat 4: e679f194 won ($0.31)
Seat 5: d3caf6c0 (button) folded before Flop (didn't bet)
Seat 6: 2e9bdb2 (small blind) folded before Flop


Poker Hand #HD1713614177: Hold'em No Limit ($0.02/$0.05) - 2024/04/03 12:45:30
Table 'NLHBlue24' 6-max Seat #4 is the button
Seat 1: Hero ($7.93 in chips)
Seat 2: f5144c10 ($6.02 in chips)
Seat 3: 1db3cb04 ($5.04 in chips)
Seat 4: e679f194 ($2.85 in chips)
Seat 5: d3caf6c0 ($5.02 in chips)
Seat 6: 2e9bdb2 ($5.56 in chips)
d3caf6c0: posts small blind $0.02
2e9bdb2: posts big blind $0.05
*** HOLE CARDS ***
Dealt to Hero [6d 5d]
Dealt to f5144c10 
Dealt to 1db3cb04 
Dealt to e679f194 
Dealt to d3caf6c0 
Dealt to 2e9bdb2 
Hero: folds
f5144c10: folds
1db3cb04: folds
e679f194: folds
d3caf6c0: calls $0.03
2e9bdb2: raises $0.2 to $0.25
d3caf6c0: folds
Uncalled bet ($0.2) returned to 2e9bdb2
*** SHOWDOWN ***
2e9bdb2 collected $0.1 from pot
*** SUMMARY ***
Total pot $0.1 | Rake $0 | Jackpot $0 | Bingo $0 | Fortune $0 | Tax $0
Seat 1: Hero folded before Flop (didn't bet)
Seat 2: f5144c10 folded before Flop (didn't bet)
Seat 3: 1db3cb04 folded before Flop (didn't bet)
Seat 4: e679f194 (button) folded before Flop (didn't bet)
Seat 5: d3caf6c0 (small blind) folded before Flop
Seat 6: 2e9bdb2 (big blind) collected ($0.1)


Poker Hand #HD1713614145: Hold'em No Limit ($0.02/$0.05) - 2024/04/03 12:45:10
Table 'NLHBlue24' 6-max Seat #3 is the button
Seat 1: Hero ($7.93 in chips)
Seat 2: f5144c10 ($6.02 in chips)
Seat 3: 1db3cb04 ($5.04 in chips)
Seat 4: e679f194 ($2.87 in chips)
Seat 5: d3caf6c0 ($5 in chips)
Seat 6: 2e9bdb2 ($5.56 in chips)
e679f194: posts small blind $0.02
d3caf6c0: posts big blind $0.05
*** HOLE CARDS ***
Dealt to Hero [Th 2s]
Dealt to f5144c10 
Dealt to 1db3cb04 
Dealt to e679f194 
Dealt to d3caf6c0 
Dealt to 2e9bdb2 
2e9bdb2: folds
Hero: folds
f5144c10: folds
1db3cb04: folds
e679f194: folds
Uncalled bet ($0.03) returned to d3caf6c0
*** SHOWDOWN ***
d3caf6c0 collected $0.04 from pot
*** SUMMARY ***
Total pot $0.04 | Rake $0 | Jackpot $0 | Bingo $0 | Fortune $0 | Tax $0
Seat 1: Hero folded before Flop (didn't bet)
Seat 2: f5144c10 folded before Flop (didn't bet)
Seat 3: 1db3cb04 (button) folded before Flop (didn't bet)
Seat 4: e679f194 (small blind) folded before Flop
Seat 5: d3caf6c0 (big blind) collected ($0.04)
Seat 6: 2e9bdb2 folded before Flop (didn't bet)


Poker Hand #HD1713614118: Hold'em No Limit ($0.02/$0.05) - 2024/04/03 12:44:53
Table 'NLHBlue24' 6-max Seat #2 is the button
Seat 1: Hero ($7.86 in chips)
Seat 2: f5144c10 ($6.02 in chips)
Seat 3: 1db3cb04 ($5.06 in chips)
Seat 4: e679f194 ($2.92 in chips)
Seat 5: d3caf6c0 ($5 in chips)
Seat 6: 2e9bdb2 ($5.56 in chips)
1db3cb04: posts small blind $0.02
e679f194: posts big blind $0.05
*** HOLE CARDS ***
Dealt to Hero [8h 7h]
Dealt to f5144c10 
Dealt to 1db3cb04 
Dealt to e679f194 
Dealt to d3caf6c0 
Dealt to 2e9bdb2 
d3caf6c0: folds
2e9bdb2: folds
Hero: raises $0.08 to $0.13
f5144c10: folds
1db3cb04: folds
e679f194: folds
Uncalled bet ($0.08) returned to Hero
*** SHOWDOWN ***
Hero collected $0.12 from pot
*** SUMMARY ***
Total pot $0.12 | Rake $0 | Jackpot $0 | Bingo $0 | Fortune $0 | Tax $0
Seat 1: Hero collected ($0.12)
Seat 2: f5144c10 (button) folded before Flop (didn't bet)
Seat 3: 1db3cb04 (small blind) folded before Flop
Seat 4: e679f194 (big blind) folded before Flop
Seat 5: d3caf6c0 folded before Flop (didn't bet)
Seat 6: 2e9bdb2 folded before Flop (didn't bet)


Poker Hand #HD1713614019: Hold'em No Limit ($0.02/$0.05) - 2024/04/03 12:43:59
Table 'NLHBlue24' 6-max Seat #1 is the button
Seat 1: Hero ($7.86 in chips)
Seat 2: f5144c10 ($6.42 in chips)
Seat 3: 1db3cb04 ($4.7 in chips)
Seat 4: e679f194 ($2.92 in chips)
Seat 5: d3caf6c0 ($5 in chips)
Seat 6: 2e9bdb2 ($5.56 in chips)
f5144c10: posts small blind $0.02
1db3cb04: posts big blind $0.05
*** HOLE CARDS ***
Dealt to Hero [4s 3d]
Dealt to f5144c10 
Dealt to 1db3cb04 
Dealt to e679f194 
Dealt to d3caf6c0 
Dealt to 2e9bdb2 
e679f194: folds
d3caf6c0: folds
2e9bdb2: folds
Hero: folds
f5144c10: raises $0.05 to $0.1
1db3cb04: raises $0.3 to $0.4
f5144c10: calls $0.3
*** FLOP *** [9s 9h 8c]
f5144c10: checks
1db3cb04: checks
*** TURN *** [9s 9h 8c] [4c]
f5144c10: checks
1db3cb04: bets $0.8
f5144c10: folds
Uncalled bet ($0.8) returned to 1db3cb04
*** SHOWDOWN ***
1db3cb04 collected $0.76 from pot
*** SUMMARY ***
Total pot $0.8 | Rake $0.04 | Jackpot $0 | Bingo $0 | Fortune $0 | Tax $0
Board [9s 9h 8c 4c]
Seat 1: Hero (button) folded before Flop (didn't bet)
Seat 2: f5144c10 (small blind) folded on the Turn
Seat 3: 1db3cb04 (big blind) won ($0.76)
Seat 4: e679f194 folded before Flop (didn't bet)
Seat 5: d3caf6c0 folded before Flop (didn't bet)
Seat 6: 2e9bdb2 folded before Flop (didn't bet)


Poker Hand #HD1713613876: Hold'em No Limit ($0.02/$0.05) - 2024/04/03 12:42:39
Table 'NLHBlue24' 6-max Seat #6 is the button
Seat 1: Hero ($7.88 in chips)
Seat 2: f5144c10 ($6.47 in chips)
Seat 3: 1db3cb04 ($4.7 in chips)
Seat 4: e679f194 ($2.92 in chips)
Seat 5: d3caf6c0 ($5.04 in chips)
Seat 6: 2e9bdb2 ($5.08 in chips)
Hero: posts small blind $0.02
f5144c10: posts big blind $0.05
*** HOLE CARDS ***
Dealt to Hero [5d 2h]
Dealt to f5144c10 
Dealt to 1db3cb04 
Dealt to e679f194 
Dealt to d3caf6c0 
Dealt to 2e9bdb2 
1db3cb04: folds
e679f194: folds
d3caf6c0: raises $0.1 to $0.15
2e9bdb2: raises $0.3 to $0.45
Hero: folds
f5144c10: folds
d3caf6c0: calls $0.3
*** FLOP *** [Qh 7h 3h]
d3caf6c0: checks
2e9bdb2: checks
*** TURN *** [Qh 7h 3h] [Jc]
d3caf6c0: checks
2e9bdb2: checks
*** RIVER *** [Qh 7h 3h Jc] [Ad]
d3caf6c0: checks
2e9bdb2: checks
d3caf6c0: shows [5s 5h] (Pair of Fives)
2e9bdb2: shows [As 9s] (Pair of Aces)
*** SHOWDOWN ***
2e9bdb2 collected $0.93 from pot
*** SUMMARY ***
Total pot $0.97 | Rake $0.04 | Jackpot $0 | Bingo $0 | Fortune $0 | Tax $0
Board [Qh 7h 3h Jc Ad]
Seat 1: Hero (small blind) folded before Flop
Seat 2: f5144c10 (big blind) folded before Flop
Seat 3: 1db3cb04 folded before Flop (didn't bet)
Seat 4: e679f194 folded before Flop (didn't bet)
Seat 5: d3caf6c0 showed [5s 5h] and lost with Pair of Fives
Seat 6: 2e9bdb2 (button) showed [As 9s] and won ($0.93) with Pair of Aces


Poker Hand #HD1713613813: Hold'em No Limit ($0.02/$0.05) - 2024/04/03 12:42:10
Table 'NLHBlue24' 6-max Seat #5 is the button
Seat 1: Hero ($7.93 in chips)
Seat 2: f5144c10 ($6.47 in chips)
Seat 3: 1db3cb04 ($4.63 in chips)
Seat 4: e679f194 ($2.92 in chips)
Seat 5: d3caf6c0 ($5.04 in chips)
Seat 6: 2e9bdb2 ($5.1 in chips)
2e9bdb2: posts small blind $0.02
Hero: posts big blind $0.05
*** HOLE CARDS ***
Dealt to Hero [7c 8s]
Dealt to f5144c10 
Dealt to 1db3cb04 
Dealt to e679f194 
Dealt to d3caf6c0 
Dealt to 2e9bdb2 
f5144c10: folds
1db3cb04: raises $0.1 to $0.15
e679f194: folds
d3caf6c0: folds
2e9bdb2: folds
Hero: folds
Uncalled bet ($0.1) returned to 1db3cb04
*** SHOWDOWN ***
1db3cb04 collected $0.12 from pot
*** SUMMARY ***
Total pot $0.12 | Rake $0 | Jackpot $0 | Bingo $0 | Fortune $0 | Tax $0
Seat 1: Hero (big blind) folded before Flop
Seat 2: f5144c10 folded before Flop (didn't bet)
Seat 3: 1db3cb04 collected ($0.12)
Seat 4: e679f194 folded before Flop (didn't bet)
Seat 5: d3caf6c0 (button) folded before Flop (didn't bet)
Seat 6: 2e9bdb2 (small blind) folded before Flop


Poker Hand #HD1713613766: Hold'em No Limit ($0.02/$0.05) - 2024/04/03 12:41:39
Table 'NLHBlue24' 6-max Seat #4 is the button
Seat 1: Hero ($7.93 in chips)
Seat 2: f5144c10 ($6.47 in chips)
Seat 3: 1db3cb04 ($4.63 in chips)
Seat 4: e679f194 ($2.85 in chips)
Seat 5: d3caf6c0 ($5.06 in chips)
Seat 6: 2e9bdb2 ($5.15 in chips)
d3caf6c0: posts small blind $0.02
2e9bdb2: posts big blind $0.05
*** HOLE CARDS ***
Dealt to Hero [Ks Tc]
Dealt to f5144c10 
Dealt to 1db3cb04 
Dealt to e679f194 
Dealt to d3caf6c0 
Dealt to 2e9bdb2 
Hero: folds
f5144c10: folds
1db3cb04: folds
e679f194: raises $0.08 to $0.13
d3caf6c0: folds
2e9bdb2: folds
Uncalled bet ($0.08) returned to e679f194
*** SHOWDOWN ***
e679f194 collected $0.12 from pot
*** SUMMARY ***
Total pot $0.12 | Rake $0 | Jackpot $0 | Bingo $0 | Fortune $0 | Tax $0
Seat 1: Hero folded before Flop (didn't bet)
Seat 2: f5144c10 folded before Flop (didn't bet)
Seat 3: 1db3cb04 folded before Flop (didn't bet)
Seat 4: e679f194 (button) collected ($0.12)
Seat 5: d3caf6c0 (small blind) folded before Flop
Seat 6: 2e9bdb2 (big blind) folded before Flop


Poker Hand #HD1713613732: Hold'em No Limit ($0.02/$0.05) - 2024/04/03 12:41:20
Table 'NLHBlue24' 6-max Seat #3 is the button
Seat 1: Hero ($7.93 in chips)
Seat 2: f5144c10 ($6.47 in chips)
Seat 3: 1db3cb04 ($4.63 in chips)
Seat 4: e679f194 ($2.87 in chips)
Seat 5: d3caf6c0 ($5.04 in chips)
Seat 6: 2e9bdb2 ($5.15 in chips)
e679f194: posts small blind $0.02
d3caf6c0: posts big blind $0.05
*** HOLE CARDS ***
Dealt to Hero [Ad 7h]
Dealt to f5144c10 
Dealt to 1db3cb04 
Dealt to e679f194 
Dealt to d3caf6c0 
Dealt to 2e9bdb2 
2e9bdb2: folds
Hero: folds
f5144c10: folds
1db3cb04: folds
e679f194: folds
Uncalled bet ($0.03) returned to d3caf6c0
*** SHOWDOWN ***
d3caf6c0 collected $0.04 from pot
*** SUMMARY ***
Total pot $0.04 | Rake $0 | Jackpot $0 | Bingo $0 | Fortune $0 | Tax $0
Seat 1: Hero folded before Flop (didn't bet)
Seat 2: f5144c10 folded before Flop (didn't bet)
Seat 3: 1db3cb04 (button) folded before Flop (didn't bet)
Seat 4: e679f194 (small blind) folded before Flop
Seat 5: d3caf6c0 (big blind) collected ($0.04)
Seat 6: 2e9bdb2 folded before Flop (didn't bet)


Poker Hand #HD1713613706: Hold'em No Limit ($0.02/$0.05) - 2024/04/03 12:41:06
Table 'NLHBlue24' 6-max Seat #2 is the button
Seat 1: Hero ($7.93 in chips)
Seat 2: f5144c10 ($6.47 in chips)
Seat 3: 1db3cb04 ($4.65 in chips)
Seat 4: e679f194 ($2.85 in chips)
Seat 5: d3caf6c0 ($5.04 in chips)
Seat 6: 2e9bdb2 ($5.15 in chips)
1db3cb04: posts small blind $0.02
e679f194: posts big blind $0.05
*** HOLE CARDS ***
Dealt to Hero [Kh 5c]
Dealt to f5144c10 
Dealt to 1db3cb04 
Dealt to e679f194 
Dealt to d3caf6c0 
Dealt to 2e9bdb2 
d3caf6c0: folds
2e9bdb2: folds
Hero: folds
f5144c10: folds
1db3cb04: folds
Uncalled bet ($0.03) returned to e679f194
*** SHOWDOWN ***
e679f194 collected $0.04 from pot
*** SUMMARY ***
Total pot $0.04 | Rake $0 | Jackpot $0 | Bingo $0 | Fortune $0 | Tax $0
Seat 1: Hero folded before Flop (didn't bet)
Seat 2: f5144c10 (button) folded before Flop (didn't bet)
Seat 3: 1db3cb04 (small blind) folded before Flop
Seat 4: e679f194 (big blind) collected ($0.04)
Seat 5: d3caf6c0 folded before Flop (didn't bet)
Seat 6: 2e9bdb2 folded before Flop (didn't bet)


Poker Hand #HD1713613664: Hold'em No Limit ($0.02/$0.05) - 2024/04/03 12:40:49
Table 'NLHBlue24' 6-max Seat #1 is the button
Seat 1: Hero ($7.93 in chips)
Seat 2: f5144c10 ($6.49 in chips)
Seat 3: 1db3cb04 ($4.63 in chips)
Seat 4: e679f194 ($2.85 in chips)
Seat 5: d3caf6c0 ($5.04 in chips)
Seat 6: 2e9bdb2 ($5.15 in chips)
f5144c10: posts small blind $0.02
1db3cb04: posts big blind $0.05
*** HOLE CARDS ***
Dealt to Hero [7s 6h]
Dealt to f5144c10 
Dealt to 1db3cb04 
Dealt to e679f194 
Dealt to d3caf6c0 
Dealt to 2e9bdb2 
e679f194: folds
d3caf6c0: folds
2e9bdb2: folds
Hero: folds
f5144c10: folds
Uncalled bet ($0.03) returned to 1db3cb04
*** SHOWDOWN ***
1db3cb04 collected $0.04 from pot
*** SUMMARY ***
Total pot $0.04 | Rake $0 | Jackpot $0 | Bingo $0 | Fortune $0 | Tax $0
Seat 1: Hero (button) folded before Flop (didn't bet)
Seat 2: f5144c10 (small blind) folded before Flop
Seat 3: 1db3cb04 (big blind) collected ($0.04)
Seat 4: e679f194 folded before Flop (didn't bet)
Seat 5: d3caf6c0 folded before Flop (didn't bet)
Seat 6: 2e9bdb2 folded before Flop (didn't bet)


Poker Hand #HD1713613620: Hold'em No Limit ($0.02/$0.05) - 2024/04/03 12:40:16
Table 'NLHBlue24' 6-max Seat #6 is the button
Seat 1: Hero ($7.74 in chips)
Seat 2: f5144c10 ($6.54 in chips)
Seat 3: 1db3cb04 ($4.63 in chips)
Seat 4: e679f194 ($2.85 in chips)
Seat 5: d3caf6c0 ($5.19 in chips)
Seat 6: 2e9bdb2 ($5.15 in chips)
Hero: posts small blind $0.02
f5144c10: posts big blind $0.05
*** HOLE CARDS ***
Dealt to Hero [Kc Ah]
Dealt to f5144c10 
Dealt to 1db3cb04 
Dealt to e679f194 
Dealt to d3caf6c0 
Dealt to 2e9bdb2 
1db3cb04: folds
e679f194: folds
d3caf6c0: raises $0.1 to $0.15
2e9bdb2: folds
Hero: raises $0.4 to $0.55
f5144c10: folds
d3caf6c0: folds
Uncalled bet ($0.4) returned to Hero
*** SHOWDOWN ***
Hero collected $0.34 from pot
*** SUMMARY ***
Total pot $0.35 | Rake $0.01 | Jackpot $0 | Bingo $0 | Fortune $0 | Tax $0
Seat 1: Hero (small blind) collected ($0.34)
Seat 2: f5144c10 (big blind) folded before Flop
Seat 3: 1db3cb04 folded before Flop (didn't bet)
Seat 4: e679f194 folded before Flop (didn't bet)
Seat 5: d3caf6c0 folded before Flop
Seat 6: 2e9bdb2 (button) folded before Flop (didn't bet)


Poker Hand #HD1713613550: Hold'em No Limit ($0.02/$0.05) - 2024/04/03 12:39:39
Table 'NLHBlue24' 6-max Seat #5 is the button
Seat 1: Hero ($7.6 in chips)
Seat 2: f5144c10 ($6.54 in chips)
Seat 3: 1db3cb04 ($4.63 in chips)
Seat 4: e679f194 ($2.98 in chips)
Seat 5: d3caf6c0 ($5.19 in chips)
Seat 6: 2e9bdb2 ($5.17 in chips)
2e9bdb2: posts small blind $0.02
Hero: posts big blind $0.05
*** HOLE CARDS ***
Dealt to Hero [Ac Jh]
Dealt to f5144c10 
Dealt to 1db3cb04 
Dealt to e679f194 
Dealt to d3caf6c0 
Dealt to 2e9bdb2 
f5144c10: folds
1db3cb04: folds
e679f194: raises $0.08 to $0.13
d3caf6c0: folds
2e9bdb2: folds
Hero: calls $0.08
*** FLOP *** [Td Qd 4s]
Hero: checks
e679f194: checks
*** TURN *** [Td Qd 4s] [Kc]
Hero: bets $0.1
e679f194: folds
Uncalled bet ($0.1) returned to Hero
*** SHOWDOWN ***
Hero collected $0.27 from pot
*** SUMMARY ***
Total pot $0.28 | Rake $0.01 | Jackpot $0 | Bingo $0 | Fortune $0 | Tax $0
Board [Td Qd 4s Kc]
Seat 1: Hero (big blind) won ($0.27)
Seat 2: f5144c10 folded before Flop (didn't bet)
Seat 3: 1db3cb04 folded before Flop (didn't bet)
Seat 4: e679f194 folded on the Turn
Seat 5: d3caf6c0 (button) folded before Flop (didn't bet)
Seat 6: 2e9bdb2 (small blind) folded before Flop


Poker Hand #HD1713613507: Hold'em No Limit ($0.02/$0.05) - 2024/04/03 12:39:15
Table 'NLHBlue24' 6-max Seat #4 is the button
Seat 1: Hero ($7.6 in chips)
Seat 2: f5144c10 ($6.54 in chips)
Seat 3: 1db3cb04 ($4.63 in chips)
Seat 4: e679f194 ($2.91 in chips)
Seat 5: d3caf6c0 ($5.21 in chips)
Seat 6: 2e9bdb2 ($5.22 in chips)
d3caf6c0: posts small blind $0.02
2e9bdb2: posts big blind $0.05
*** HOLE CARDS ***
Dealt to Hero [9h 6h]
Dealt to f5144c10 
Dealt to 1db3cb04 
Dealt to e679f194 
Dealt to d3caf6c0 
Dealt to 2e9bdb2 
Hero: folds
f5144c10: folds
1db3cb04: folds
e679f194: raises $0.08 to $0.13
d3caf6c0: folds
2e9bdb2: folds
Uncalled bet ($0.08) returned to e679f194
*** SHOWDOWN ***
e679f194 collected $0.12 from pot
*** SUMMARY ***
Total pot $0.12 | Rake $0 | Jackpot $0 | Bingo $0 | Fortune $0 | Tax $0
Seat 1: Hero folded before Flop (didn't bet)
Seat 2: f5144c10 folded before Flop (didn't bet)
Seat 3: 1db3cb04 folded before Flop (didn't bet)
Seat 4: e679f194 (button) collected ($0.12)
Seat 5: d3caf6c0 (small blind) folded before Flop
Seat 6: 2e9bdb2 (big blind) folded before Flop


Poker Hand #HD1713613458: Hold'em No Limit ($0.02/$0.05) - 2024/04/03 12:38:53
Table 'NLHBlue24' 6-max Seat #3 is the button
Seat 1: Hero ($7.6 in chips)
Seat 2: f5144c10 ($6.54 in chips)
Seat 3: 1db3cb04 ($4.63 in chips)
Seat 4: e679f194 ($2.93 in chips)
Seat 5: d3caf6c0 ($5.19 in chips)
Seat 6: 2e9bdb2 ($5.22 in chips)
e679f194: posts small blind $0.02
d3caf6c0: posts big blind $0.05
*** HOLE CARDS ***
Dealt to Hero [Jd 2s]
Dealt to f5144c10 
Dealt to 1db3cb04 
Dealt to e679f194 
Dealt to d3caf6c0 
Dealt to 2e9bdb2 
2e9bdb2: folds
Hero: folds
f5144c10: folds
1db3cb04: folds
e679f194: folds
Uncalled bet ($0.03) returned to d3caf6c0
*** SHOWDOWN ***
d3caf6c0 collected $0.04 from pot
*** SUMMARY ***
Total pot $0.04 | Rake $0 | Jackpot $0 | Bingo $0 | Fortune $0 | Tax $0
Seat 1: Hero folded before Flop (didn't bet)
Seat 2: f5144c10 folded before Flop (didn't bet)
Seat 3: 1db3cb04 (button) folded before Flop (didn't bet)
Seat 4: e679f194 (small blind) folded before Flop
Seat 5: d3caf6c0 (big blind) collected ($0.04)
Seat 6: 2e9bdb2 folded before Flop (didn't bet)


Poker Hand #HD1713613424: Hold'em No Limit ($0.02/$0.05) - 2024/04/03 12:38:36
Table 'NLHBlue24' 6-max Seat #2 is the button
Seat 1: Hero ($7.6 in chips)
Seat 2: f5144c10 ($6.54 in chips)
Seat 3: 1db3cb04 ($4.65 in chips)
Seat 4: e679f194 ($2.98 in chips)
Seat 5: d3caf6c0 ($5.12 in chips)
Seat 6: 2e9bdb2 ($5.22 in chips)
1db3cb04: posts small blind $0.02
e679f194: posts big blind $0.05
*** HOLE CARDS ***
Dealt to Hero [7s Ad]
Dealt to f5144c10 
Dealt to 1db3cb04 
Dealt to e679f194 
Dealt to d3caf6c0 
Dealt to 2e9bdb2 
d3caf6c0: raises $0.1 to $0.15
2e9bdb2: folds
Hero: folds
f5144c10: folds
1db3cb04: folds
e679f194: folds
Uncalled bet ($0.1) returned to d3caf6c0
*** SHOWDOWN ***
d3caf6c0 collected $0.12 from pot
*** SUMMARY ***
Total pot $0.12 | Rake $0 | Jackpot $0 | Bingo $0 | Fortune $0 | Tax $0
Seat 1: Hero folded before Flop (didn't bet)
Seat 2: f5144c10 (button) folded before Flop (didn't bet)
Seat 3: 1db3cb04 (small blind) folded before Flop
Seat 4: e679f194 (big blind) folded before Flop
Seat 5: d3caf6c0 collected ($0.12)
Seat 6: 2e9bdb2 folded before Flop (didn't bet)


Poker Hand #HD1713613388: Hold'em No Limit ($0.02/$0.05) - 2024/04/03 12:38:17
Table 'NLHBlue24' 6-max Seat #1 is the button
Seat 1: Hero ($7.6 in chips)
Seat 2: f5144c10 ($6.56 in chips)
Seat 3: 1db3cb04 ($4.7 in chips)
Seat 4: e679f194 ($2.98 in chips)
Seat 5: d3caf6c0 ($5.12 in chips)
Seat 6: 2e9bdb2 ($5.15 in chips)
f5144c10: posts small blind $0.02
1db3cb04: posts big blind $0.05
*** HOLE CARDS ***
Dealt to Hero [Td 9d]
Dealt to f5144c10 
Dealt to 1db3cb04 
Dealt to e679f194 
Dealt to d3caf6c0 
Dealt to 2e9bdb2 
e679f194: folds
d3caf6c0: folds
2e9bdb2: raises $0.08 to $0.13
Hero: folds
f5144c10: folds
1db3cb04: folds
Uncalled bet ($0.08) returned to 2e9bdb2
*** SHOWDOWN ***
2e9bdb2 collected $0.12 from pot
*** SUMMARY ***
Total pot $0.12 | Rake $0 | Jackpot $0 | Bingo $0 | Fortune $0 | Tax $0
Seat 1: Hero (button) folded before Flop (didn't bet)
Seat 2: f5144c10 (small blind) folded before Flop
Seat 3: 1db3cb04 (big blind) folded before Flop
Seat 4: e679f194 folded before Flop (didn't bet)
Seat 5: d3caf6c0 folded before Flop (didn't bet)
Seat 6: 2e9bdb2 collected ($0.12)


Poker Hand #HD1713613370: Hold'em No Limit ($0.02/$0.05) - 2024/04/03 12:38:06
Table 'NLHBlue24' 6-max Seat #6 is the button
Seat 1: Hero ($7.62 in chips)
Seat 2: f5144c10 ($6.54 in chips)
Seat 3: 1db3cb04 ($4.7 in chips)
Seat 4: e679f194 ($2.98 in chips)
Seat 5: d3caf6c0 ($5.12 in chips)
Seat 6: 2e9bdb2 ($5.15 in chips)
Hero: posts small blind $0.02
f5144c10: posts big blind $0.05
*** HOLE CARDS ***
Dealt to Hero [Ts 7d]
Dealt to f5144c10 
Dealt to 1db3cb04 
Dealt to e679f194 
Dealt to d3caf6c0 
Dealt to 2e9bdb2 
1db3cb04: folds
e679f194: folds
d3caf6c0: folds
2e9bdb2: folds
Hero: folds
Uncalled bet ($0.03) returned to f5144c10
*** SHOWDOWN ***
f5144c10 collected $0.04 from pot
*** SUMMARY ***
Total pot $0.04 | Rake $0 | Jackpot $0 | Bingo $0 | Fortune $0 | Tax $0
Seat 1: Hero (small blind) folded before Flop
Seat 2: f5144c10 (big blind) collected ($0.04)
Seat 3: 1db3cb04 folded before Flop (didn't bet)
Seat 4: e679f194 folded before Flop (didn't bet)
Seat 5: d3caf6c0 folded before Flop (didn't bet)
Seat 6: 2e9bdb2 (button) folded before Flop (didn't bet)


Poker Hand #HD1713613322: Hold'em No Limit ($0.02/$0.05) - 2024/04/03 12:37:40
Table 'NLHBlue24' 6-max Seat #5 is the button
Seat 1: Hero ($7.67 in chips)
Seat 2: f5144c10 ($6.54 in chips)
Seat 3: 1db3cb04 ($4.7 in chips)
Seat 4: e679f194 ($2.98 in chips)
Seat 5: d3caf6c0 ($5.05 in chips)
Seat 6: 2e9bdb2 ($5.17 in chips)
2e9bdb2: posts small blind $0.02
Hero: posts big blind $0.05
*** HOLE CARDS ***
Dealt to Hero [5d 8c]
Dealt to f5144c10 
Dealt to 1db3cb04 
Dealt to e679f194 
Dealt to d3caf6c0 
Dealt to 2e9bdb2 
f5144c10: folds
1db3cb04: folds
e679f194: folds
d3caf6c0: raises $0.1 to $0.15
2e9bdb2: folds
Hero: folds
Uncalled bet ($0.1) returned to d3caf6c0
*** SHOWDOWN ***
d3caf6c0 collected $0.12 from pot
*** SUMMARY ***
Total pot $0.12 | Rake $0 | Jackpot $0 | Bingo $0 | Fortune $0 | Tax $0
Seat 1: Hero (big blind) folded before Flop
Seat 2: f5144c10 folded before Flop (didn't bet)
Seat 3: 1db3cb04 folded before Flop (didn't bet)
Seat 4: e679f194 folded before Flop (didn't bet)
Seat 5: d3caf6c0 (button) collected ($0.12)
Seat 6: 2e9bdb2 (small blind) folded before Flop


Poker Hand #HD1713613274: Hold'em No Limit ($0.02/$0.05) - 2024/04/03 12:37:11
Table 'NLHBlue24' 6-max Seat #4 is the button
Seat 1: Hero ($7.67 in chips)
Seat 2: f5144c10 ($6.54 in chips)
Seat 3: 1db3cb04 ($4.7 in chips)
Seat 4: e679f194 ($2.98 in chips)
Seat 5: d3caf6c0 ($5 in chips)
Seat 6: 2e9bdb2 ($5.22 in chips)
d3caf6c0: posts small blind $0.02
2e9bdb2: posts big blind $0.05
*** HOLE CARDS ***
Dealt to Hero [8c Js]
Dealt to f5144c10 
Dealt to 1db3cb04 
Dealt to e679f194 
Dealt to d3caf6c0 
Dealt to 2e9bdb2 
Hero: folds
f5144c10: folds
1db3cb04: folds
e679f194: folds
d3caf6c0: raises $0.1 to $0.15
2e9bdb2: folds
Uncalled bet ($0.1) returned to d3caf6c0
*** SHOWDOWN ***
d3caf6c0 collected $0.1 from pot
*** SUMMARY ***
Total pot $0.1 | Rake $0 | Jackpot $0 | Bingo $0 | Fortune $0 | Tax $0
Seat 1: Hero folded before Flop (didn't bet)
Seat 2: f5144c10 folded before Flop (didn't bet)
Seat 3: 1db3cb04 folded before Flop (didn't bet)
Seat 4: e679f194 (button) folded before Flop (didn't bet)
Seat 5: d3caf6c0 (small blind) collected ($0.1)
Seat 6: 2e9bdb2 (big blind) folded before Flop


Poker Hand #HD1713613232: Hold'em No Limit ($0.02/$0.05) - 2024/04/03 12:36:53
Table 'NLHBlue24' 6-max Seat #3 is the button
Seat 1: Hero ($7.67 in chips)
Seat 2: f5144c10 ($6.54 in chips)
Seat 3: 1db3cb04 ($4.63 in chips)
Seat 4: e679f194 ($3 in chips)
Seat 5: d3caf6c0 ($5 in chips)
Seat 6: 2e9bdb2 ($5.22 in chips)
e679f194: posts small blind $0.02
d3caf6c0: posts big blind $0.05
*** HOLE CARDS ***
Dealt to Hero [2c 2h]
Dealt to f5144c10 
Dealt to 1db3cb04 
Dealt to e679f194 
Dealt to d3caf6c0 
Dealt to 2e9bdb2 
2e9bdb2: folds
Hero: folds
f5144c10: folds
1db3cb04: raises $0.05 to $0.1
e679f194: folds
d3caf6c0: folds
Uncalled bet ($0.05) returned to 1db3cb04
*** SHOWDOWN ***
1db3cb04 collected $0.12 from pot
*** SUMMARY ***
Total pot $0.12 | Rake $0 | Jackpot $0 | Bingo $0 | Fortune $0 | Tax $0
Seat 1: Hero folded before Flop (didn't bet)
Seat 2: f5144c10 folded before Flop (didn't bet)
Seat 3: 1db3cb04 (button) collected ($0.12)
Seat 4: e679f194 (small blind) folded before Flop
Seat 5: d3caf6c0 (big blind) folded before Flop
Seat 6: 2e9bdb2 folded before Flop (didn't bet)


Poker Hand #HD1713613197: Hold'em No Limit ($0.02/$0.05) - 2024/04/03 12:36:35
Table 'NLHBlue24' 6-max Seat #2 is the button
Seat 1: Hero ($7.67 in chips)
Seat 2: f5144c10 ($6.54 in chips)
Seat 3: 1db3cb04 ($4.65 in chips)
Seat 4: e679f194 ($3.05 in chips)
Seat 5: d3caf6c0 ($5 in chips)
Seat 6: 2e9bdb2 ($5.15 in chips)
1db3cb04: posts small blind $0.02
e679f194: posts big blind $0.05
*** HOLE CARDS ***
Dealt to Hero [2d 3s]
Dealt to f5144c10 
Dealt to 1db3cb04 
Dealt to e679f194 
Dealt to d3caf6c0 
Dealt to 2e9bdb2 
d3caf6c0: folds
2e9bdb2: raises $0.08 to $0.13
Hero: folds
f5144c10: folds
1db3cb04: folds
e679f194: folds
Uncalled bet ($0.08) returned to 2e9bdb2
*** SHOWDOWN ***
2e9bdb2 collected $0.12 from pot
*** SUMMARY ***
Total pot $0.12 | Rake $0 | Jackpot $0 | Bingo $0 | Fortune $0 | Tax $0
Seat 1: Hero folded before Flop (didn't bet)
Seat 2: f5144c10 (button) folded before Flop (didn't bet)
Seat 3: 1db3cb04 (small blind) folded before Flop
Seat 4: e679f194 (big blind) folded before Flop
Seat 5: d3caf6c0 folded before Flop (didn't bet)
Seat 6: 2e9bdb2 collected ($0.12)


Poker Hand #HD1713613073: Hold'em No Limit ($0.02/$0.05) - 2024/04/03 12:35:25
Table 'NLHBlue24' 6-max Seat #1 is the button
Seat 1: Hero ($7.8 in chips)
Seat 2: f5144c10 ($6.12 in chips)
Seat 3: 1db3cb04 ($4.98 in chips)
Seat 4: e679f194 ($3.05 in chips)
Seat 5: d3caf6c0 ($5 in chips)
Seat 6: 2e9bdb2 ($5.15 in chips)
f5144c10: posts small blind $0.02
1db3cb04: posts big blind $0.05
*** HOLE CARDS ***
Dealt to Hero [6c Kc]
Dealt to f5144c10 
Dealt to 1db3cb04 
Dealt to e679f194 
Dealt to d3caf6c0 
Dealt to 2e9bdb2 
e679f194: folds
d3caf6c0: folds
2e9bdb2: folds
Hero: raises $0.08 to $0.13
f5144c10: calls $0.11
1db3cb04: calls $0.08
*** FLOP *** [Th 8c 2h]
f5144c10: checks
1db3cb04: checks
Hero: checks
*** TURN *** [Th 8c 2h] [Qh]
f5144c10: bets $0.2
1db3cb04: calls $0.2
Hero: folds
*** RIVER *** [Th 8c 2h Qh] [6s]
f5144c10: bets $0.5
1db3cb04: folds
Uncalled bet ($0.5) returned to f5144c10
*** SHOWDOWN ***
f5144c10 collected $0.75 from pot
*** SUMMARY ***
Total pot $0.79 | Rake $0.04 | Jackpot $0 | Bingo $0 | Fortune $0 | Tax $0
Board [Th 8c 2h Qh 6s]
Seat 1: Hero (button) folded on the Turn
Seat 2: f5144c10 (small blind) won ($0.75)
Seat 3: 1db3cb04 (big blind) folded on the River
Seat 4: e679f194 folded before Flop (didn't bet)
Seat 5: d3caf6c0 folded before Flop (didn't bet)
Seat 6: 2e9bdb2 folded before Flop (didn't bet)


Poker Hand #HD1713613033: Hold'em No Limit ($0.02/$0.05) - 2024/04/03 12:35:00
Table 'NLHBlue24' 6-max Seat #6 is the button
Seat 1: Hero ($7.82 in chips)
Seat 2: f5144c10 ($6.17 in chips)
Seat 3: 1db3cb04 ($4.98 in chips)
Seat 4: e679f194 ($2.98 in chips)
Seat 5: d3caf6c0 ($5 in chips)
Seat 6: 2e9bdb2 ($5.15 in chips)
Hero: posts small blind $0.02
f5144c10: posts big blind $0.05
*** HOLE CARDS ***
Dealt to Hero [3h Qd]
Dealt to f5144c10 
Dealt to 1db3cb04 
Dealt to e679f194 
Dealt to d3caf6c0 
Dealt to 2e9bdb2 
1db3cb04: folds
e679f194: raises $0.1 to $0.15
d3caf6c0: folds
2e9bdb2: folds
Hero: folds
f5144c10: folds
Uncalled bet ($0.1) returned to e679f194
*** SHOWDOWN ***
e679f194 collected $0.12 from pot
*** SUMMARY ***
Total pot $0.12 | Rake $0 | Jackpot $0 | Bingo $0 | Fortune $0 | Tax $0
Seat 1: Hero (small blind) folded before Flop
Seat 2: f5144c10 (big blind) folded before Flop
Seat 3: 1db3cb04 folded before Flop (didn't bet)
Seat 4: e679f194 collected ($0.12)
Seat 5: d3caf6c0 folded before Flop (didn't bet)
Seat 6: 2e9bdb2 (button) folded before Flop (didn't bet)


Poker Hand #HD1713612923: Hold'em No Limit ($0.02/$0.05) - 2024/04/03 12:33:55
Table 'NLHBlue24' 6-max Seat #5 is the button
Seat 1: Hero ($7.68 in chips)
Seat 2: f5144c10 ($6.17 in chips)
Seat 3: 1db3cb04 ($4.98 in chips)
Seat 4: e679f194 ($3.11 in chips)
Seat 5: d3caf6c0 ($5 in chips)
Seat 6: 2e9bdb2 ($5.17 in chips)
2e9bdb2: posts small blind $0.02
Hero: posts big blind $0.05
*** HOLE CARDS ***
Dealt to Hero [Js Ad]
Dealt to f5144c10 
Dealt to 1db3cb04 
Dealt to e679f194 
Dealt to d3caf6c0 
Dealt to 2e9bdb2 
f5144c10: folds
1db3cb04: folds
e679f194: raises $0.08 to $0.13
d3caf6c0: folds
2e9bdb2: folds
Hero: calls $0.08
*** FLOP *** [3s 6h 5h]
Hero: checks
e679f194: checks
*** TURN *** [3s 6h 5h] [9d]
Hero: checks
e679f194: checks
*** RIVER *** [3s 6h 5h 9d] [2h]
Hero: checks
e679f194: checks
Hero: shows [Js Ad] (Ace-High)
e679f194: shows [Kc Jd] (King-High)
*** SHOWDOWN ***
Hero collected $0.27 from pot
*** SUMMARY ***
Total pot $0.28 | Rake $0.01 | Jackpot $0 | Bingo $0 | Fortune $0 | Tax $0
Board [3s 6h 5h 9d 2h]
Seat 1: Hero (big blind) showed [Js Ad] and won ($0.27) with Ace-High
Seat 2: f5144c10 folded before Flop (didn't bet)
Seat 3: 1db3cb04 folded before Flop (didn't bet)
Seat 4: e679f194 showed [Kc Jd] and lost with King-High
Seat 5: d3caf6c0 (button) folded before Flop (didn't bet)
Seat 6: 2e9bdb2 (small blind) folded before Flop


Poker Hand #HD1713612889: Hold'em No Limit ($0.02/$0.05) - 2024/04/03 12:33:31
Table 'NLHBlue24' 6-max Seat #4 is the button
Seat 1: Hero ($7.68 in chips)
Seat 2: f5144c10 ($6.1 in chips)
Seat 3: 1db3cb04 ($4.98 in chips)
Seat 4: e679f194 ($3.11 in chips)
Seat 5: d3caf6c0 ($5 in chips)
Seat 6: 2e9bdb2 ($5.22 in chips)
d3caf6c0: posts small blind $0.02
2e9bdb2: posts big blind $0.05
*** HOLE CARDS ***
Dealt to Hero [5d Tc]
Dealt to f5144c10 
Dealt to 1db3cb04 
Dealt to e679f194 
Dealt to d3caf6c0 
Dealt to 2e9bdb2 
Hero: folds
f5144c10: raises $0.05 to $0.1
1db3cb04: folds
e679f194: folds
d3caf6c0: folds
2e9bdb2: folds
Uncalled bet ($0.05) returned to f5144c10
*** SHOWDOWN ***
f5144c10 collected $0.12 from pot
*** SUMMARY ***
Total pot $0.12 | Rake $0 | Jackpot $0 | Bingo $0 | Fortune $0 | Tax $0
Seat 1: Hero folded before Flop (didn't bet)
Seat 2: f5144c10 collected ($0.12)
Seat 3: 1db3cb04 folded before Flop (didn't bet)
Seat 4: e679f194 (button) folded before Flop (didn't bet)
Seat 5: d3caf6c0 (small blind) folded before Flop
Seat 6: 2e9bdb2 (big blind) folded before Flop


Poker Hand #HD1713612831: Hold'em No Limit ($0.02/$0.05) - 2024/04/03 12:32:55
Table 'NLHBlue24' 6-max Seat #3 is the button
Seat 1: Hero ($7.78 in chips)
Seat 2: f5144c10 ($5.94 in chips)
Seat 3: 1db3cb04 ($4.98 in chips)
Seat 4: e679f194 ($3.13 in chips)
Seat 5: d3caf6c0 ($5 in chips)
Seat 6: 2e9bdb2 ($5.22 in chips)
e679f194: posts small blind $0.02
d3caf6c0: posts big blind $0.05
*** HOLE CARDS ***
Dealt to Hero [9s As]
Dealt to f5144c10 
Dealt to 1db3cb04 
Dealt to e679f194 
Dealt to d3caf6c0 
Dealt to 2e9bdb2 
2e9bdb2: folds
Hero: raises $0.05 to $0.1
f5144c10: raises $0.2 to $0.3
1db3cb04: folds
e679f194: folds
d3caf6c0: folds
Hero: folds
Uncalled bet ($0.2) returned to f5144c10
*** SHOWDOWN ***
f5144c10 collected $0.26 from pot
*** SUMMARY ***
Total pot $0.27 | Rake $0.01 | Jackpot $0 | Bingo $0 | Fortune $0 | Tax $0
Seat 1: Hero folded before Flop
Seat 2: f5144c10 collected ($0.26)
Seat 3: 1db3cb04 (button) folded before Flop (didn't bet)
Seat 4: e679f194 (small blind) folded before Flop
Seat 5: d3caf6c0 (big blind) folded before Flop
Seat 6: 2e9bdb2 folded before Flop (didn't bet)


Poker Hand #HD1713612666: Hold'em No Limit ($0.02/$0.05) - 2024/04/03 12:31:26
Table 'NLHBlue24' 6-max Seat #2 is the button
Seat 1: Hero ($7.78 in chips)
Seat 2: f5144c10 ($5.73 in chips)
Seat 3: 1db3cb04 ($5 in chips)
Seat 4: e679f194 ($3.18 in chips)
Seat 5: d3caf6c0 ($5 in chips)
Seat 6: 2e9bdb2 ($5.22 in chips)
1db3cb04: posts small blind $0.02
e679f194: posts big blind $0.05
*** HOLE CARDS ***
Dealt to Hero [6c 2c]
Dealt to f5144c10 
Dealt to 1db3cb04 
Dealt to e679f194 
Dealt to d3caf6c0 
Dealt to 2e9bdb2 
d3caf6c0: raises $0.1 to $0.15
2e9bdb2: folds
Hero: folds
f5144c10: calls $0.15
1db3cb04: folds
e679f194: folds
*** FLOP *** [Jd 8c 7h]
d3caf6c0: checks
f5144c10: checks
*** TURN *** [Jd 8c 7h] [Tc]
d3caf6c0: checks
f5144c10: checks
*** RIVER *** [Jd 8c 7h Tc] [Jc]
d3caf6c0: checks
f5144c10: checks
d3caf6c0: shows [Qd Ad] (Pair of Jacks)
f5144c10: shows [4s 4c] (Pair of Jacks and Pair of Fours)
*** SHOWDOWN ***
f5144c10 collected $0.36 from pot
*** SUMMARY ***
Total pot $0.37 | Rake $0.01 | Jackpot $0 | Bingo $0 | Fortune $0 | Tax $0
Board [Jd 8c 7h Tc Jc]
Seat 1: Hero folded before Flop (didn't bet)
Seat 2: f5144c10 (button) showed [4s 4c] and won ($0.36) with Pair of Jacks and Pair of Fours
Seat 3: 1db3cb04 (small blind) folded before Flop
Seat 4: e679f194 (big blind) folded before Flop
Seat 5: d3caf6c0 showed [Qd Ad] and lost with Pair of Jacks
Seat 6: 2e9bdb2 folded before Flop (didn't bet)


Poker Hand #HD1713612627: Hold'em No Limit ($0.02/$0.05) - 2024/04/03 12:31:03
Table 'NLHBlue24' 6-max Seat #1 is the button
Seat 1: Hero ($7.78 in chips)
Seat 2: f5144c10 ($5.75 in chips)
Seat 3: 1db3cb04 ($4.98 in chips)
Seat 4: e679f194 ($3.18 in chips)
Seat 5: d3caf6c0 ($5 in chips)
Seat 6: 2e9bdb2 ($5.22 in chips)
f5144c10: posts small blind $0.02
1db3cb04: posts big blind $0.05
*** HOLE CARDS ***
Dealt to Hero [7s Kc]
Dealt to f5144c10 
Dealt to 1db3cb04 
Dealt to e679f194 
Dealt to d3caf6c0 
Dealt to 2e9bdb2 
e679f194: folds
d3caf6c0: folds
2e9bdb2: folds
Hero: folds
f5144c10: folds
Uncalled bet ($0.03) returned to 1db3cb04
*** SHOWDOWN ***
1db3cb04 collected $0.04 from pot
*** SUMMARY ***
Total pot $0.04 | Rake $0 | Jackpot $0 | Bingo $0 | Fortune $0 | Tax $0
Seat 1: Hero (button) folded before Flop (didn't bet)
Seat 2: f5144c10 (small blind) folded before Flop
Seat 3: 1db3cb04 (big blind) collected ($0.04)
Seat 4: e679f194 folded before Flop (didn't bet)
Seat 5: d3caf6c0 folded before Flop (didn't bet)
Seat 6: 2e9bdb2 folded before Flop (didn't bet)


Poker Hand #HD1713612574: Hold'em No Limit ($0.02/$0.05) - 2024/04/03 12:30:32
Table 'NLHBlue24' 6-max Seat #6 is the button
Seat 1: Hero ($7.73 in chips)
Seat 2: f5144c10 ($5.8 in chips)
Seat 3: 1db3cb04 ($4.98 in chips)
Seat 4: e679f194 ($3.18 in chips)
Seat 5: d3caf6c0 ($5 in chips)
Seat 6: 2e9bdb2 ($5.22 in chips)
Hero: posts small blind $0.02
f5144c10: posts big blind $0.05
*** HOLE CARDS ***
Dealt to Hero [9d Tc]
Dealt to f5144c10 
Dealt to 1db3cb04 
Dealt to e679f194 
Dealt to d3caf6c0 
Dealt to 2e9bdb2 
1db3cb04: folds
e679f194: folds
d3caf6c0: folds
2e9bdb2: folds
Hero: raises $0.1 to $0.15
f5144c10: folds
Uncalled bet ($0.1) returned to Hero
*** SHOWDOWN ***
Hero collected $0.1 from pot
*** SUMMARY ***
Total pot $0.1 | Rake $0 | Jackpot $0 | Bingo $0 | Fortune $0 | Tax $0
Seat 1: Hero (small blind) collected ($0.1)
Seat 2: f5144c10 (big blind) folded before Flop
Seat 3: 1db3cb04 folded before Flop (didn't bet)
Seat 4: e679f194 folded before Flop (didn't bet)
Seat 5: d3caf6c0 folded before Flop (didn't bet)
Seat 6: 2e9bdb2 (button) folded before Flop (didn't bet)


Poker Hand #HD1713612446: Hold'em No Limit ($0.02/$0.05) - 2024/04/03 12:29:08
Table 'NLHBlue24' 6-max Seat #5 is the button
Seat 1: Hero ($7.97 in chips)
Seat 2: f5144c10 ($5.8 in chips)
Seat 3: 1db3cb04 ($4.98 in chips)
Seat 4: e679f194 ($3.18 in chips)
Seat 5: d3caf6c0 ($5 in chips)
Seat 6: 2e9bdb2 ($5 in chips)
2e9bdb2: posts small blind $0.02
Hero: posts big blind $0.05
*** HOLE CARDS ***
Dealt to Hero [6c 7c]
Dealt to f5144c10 
Dealt to 1db3cb04 
Dealt to e679f194 
Dealt to d3caf6c0 
Dealt to 2e9bdb2 
f5144c10: folds
1db3cb04: folds
e679f194: folds
d3caf6c0: folds
2e9bdb2: raises $0.1 to $0.15
Hero: calls $0.1
*** FLOP *** [Qc 7h Qs]
2e9bdb2: bets $0.09
Hero: calls $0.09
*** TURN *** [Qc 7h Qs] [9h]
2e9bdb2: checks
Hero: checks
*** RIVER *** [Qc 7h Qs 9h] [Tc]
2e9bdb2: bets $0.24
Hero: folds
Uncalled bet ($0.24) returned to 2e9bdb2
*** SHOWDOWN ***
2e9bdb2 collected $0.46 from pot
*** SUMMARY ***
Total pot $0.48 | Rake $0.02 | Jackpot $0 | Bingo $0 | Fortune $0 | Tax $0
Board [Qc 7h Qs 9h Tc]
Seat 1: Hero (big blind) folded on the River
Seat 2: f5144c10 folded before Flop (didn't bet)
Seat 3: 1db3cb04 folded before Flop (didn't bet)
Seat 4: e679f194 folded before Flop (didn't bet)
Seat 5: d3caf6c0 (button) folded before Flop (didn't bet)
Seat 6: 2e9bdb2 (small blind) won ($0.46)


Poker Hand #HD1713612418: Hold'em No Limit ($0.02/$0.05) - 2024/04/03 12:28:51
Table 'NLHBlue24' 6-max Seat #4 is the button
Seat 1: Hero ($7.9 in chips)
Seat 2: f5144c10 ($5.8 in chips)
Seat 3: 1db3cb04 ($4.98 in chips)
Seat 4: e679f194 ($3.18 in chips)
Seat 5: d3caf6c0 ($5 in chips)
Seat 6: 2e9bdb2 ($5 in chips)
d3caf6c0: posts small blind $0.02
2e9bdb2: posts big blind $0.05
*** HOLE CARDS ***
Dealt to Hero [Jc Js]
Dealt to f5144c10 
Dealt to 1db3cb04 
Dealt to e679f194 
Dealt to d3caf6c0 
Dealt to 2e9bdb2 
Hero: raises $0.05 to $0.1
f5144c10: folds
1db3cb04: folds
e679f194: folds
d3caf6c0: folds
2e9bdb2: folds
Uncalled bet ($0.05) returned to Hero
*** SHOWDOWN ***
Hero collected $0.12 from pot
*** SUMMARY ***
Total pot $0.12 | Rake $0 | Jackpot $0 | Bingo $0 | Fortune $0 | Tax $0
Seat 1: Hero collected ($0.12)
Seat 2: f5144c10 folded before Flop (didn't bet)
Seat 3: 1db3cb04 folded before Flop (didn't bet)
Seat 4: e679f194 (button) folded before Flop (didn't bet)
Seat 5: d3caf6c0 (small blind) folded before Flop
Seat 6: 2e9bdb2 (big blind) folded before Flop


Poker Hand #HD1713612378: Hold'em No Limit ($0.02/$0.05) - 2024/04/03 12:28:27
Table 'NLHBlue24' 6-max Seat #3 is the button
Seat 1: Hero ($7.9 in chips)
Seat 2: f5144c10 ($5.8 in chips)
Seat 3: 1db3cb04 ($4.91 in chips)
Seat 4: e679f194 ($3.2 in chips)
Seat 5: d3caf6c0 ($5 in chips)
Seat 6: 2e9bdb2 ($5 in chips)
e679f194: posts small blind $0.02
d3caf6c0: posts big blind $0.05
*** HOLE CARDS ***
Dealt to Hero [4c Jh]
Dealt to f5144c10 
Dealt to 1db3cb04 
Dealt to e679f194 
Dealt to d3caf6c0 
Dealt to 2e9bdb2 
2e9bdb2: folds
Hero: folds
f5144c10: folds
1db3cb04: raises $0.05 to $0.1
e679f194: folds
d3caf6c0: folds
Uncalled bet ($0.05) returned to 1db3cb04
*** SHOWDOWN ***
1db3cb04 collected $0.12 from pot
*** SUMMARY ***
Total pot $0.12 | Rake $0 | Jackpot $0 | Bingo $0 | Fortune $0 | Tax $0
Seat 1: Hero folded before Flop (didn't bet)
Seat 2: f5144c10 folded before Flop (didn't bet)
Seat 3: 1db3cb04 (button) collected ($0.12)
Seat 4: e679f194 (small blind) folded before Flop
Seat 5: d3caf6c0 (big blind) folded before Flop
Seat 6: 2e9bdb2 folded before Flop (didn't bet)


Poker Hand #HD1713612350: Hold'em No Limit ($0.02/$0.05) - 2024/04/03 12:28:11
Table 'NLHBlue24' 6-max Seat #2 is the button
Seat 1: Hero ($7.9 in chips)
Seat 2: f5144c10 ($5.73 in chips)
Seat 3: 1db3cb04 ($4.93 in chips)
Seat 4: e679f194 ($3.25 in chips)
Seat 5: d3caf6c0 ($5 in chips)
Seat 6: 2e9bdb2 ($5 in chips)
1db3cb04: posts small blind $0.02
e679f194: posts big blind $0.05
*** HOLE CARDS ***
Dealt to Hero [Js 2h]
Dealt to f5144c10 
Dealt to 1db3cb04 
Dealt to e679f194 
Dealt to d3caf6c0 
Dealt to 2e9bdb2 
d3caf6c0: folds
2e9bdb2: folds
Hero: folds
f5144c10: raises $0.05 to $0.1
1db3cb04: folds
e679f194: folds
Uncalled bet ($0.05) returned to f5144c10
*** SHOWDOWN ***
f5144c10 collected $0.12 from pot
*** SUMMARY ***
Total pot $0.12 | Rake $0 | Jackpot $0 | Bingo $0 | Fortune $0 | Tax $0
Seat 1: Hero folded before Flop (didn't bet)
Seat 2: f5144c10 (button) collected ($0.12)
Seat 3: 1db3cb04 (small blind) folded before Flop
Seat 4: e679f194 (big blind) folded before Flop
Seat 5: d3caf6c0 folded before Flop (didn't bet)
Seat 6: 2e9bdb2 folded before Flop (didn't bet)


Poker Hand #HD1713612316: Hold'em No Limit ($0.02/$0.05) - 2024/04/03 12:27:51
Table 'NLHBlue24' 6-max Seat #1 is the button
Seat 1: Hero ($7.9 in chips)
Seat 2: f5144c10 ($5.75 in chips)
Seat 3: 1db3cb04 ($4.91 in chips)
Seat 4: e679f194 ($3.25 in chips)
Seat 5: d3caf6c0 ($5 in chips)
Seat 6: 2e9bdb2 ($5 in chips)
f5144c10: posts small blind $0.02
1db3cb04: posts big blind $0.05
*** HOLE CARDS ***
Dealt to Hero [Th 8c]
Dealt to f5144c10 
Dealt to 1db3cb04 
Dealt to e679f194 
Dealt to d3caf6c0 
Dealt to 2e9bdb2 
e679f194: folds
d3caf6c0: folds
2e9bdb2: folds
Hero: folds
f5144c10: folds
Uncalled bet ($0.03) returned to 1db3cb04
*** SHOWDOWN ***
1db3cb04 collected $0.04 from pot
*** SUMMARY ***
Total pot $0.04 | Rake $0 | Jackpot $0 | Bingo $0 | Fortune $0 | Tax $0
Seat 1: Hero (button) folded before Flop (didn't bet)
Seat 2: f5144c10 (small blind) folded before Flop
Seat 3: 1db3cb04 (big blind) collected ($0.04)
Seat 4: e679f194 folded before Flop (didn't bet)
Seat 5: d3caf6c0 folded before Flop (didn't bet)
Seat 6: 2e9bdb2 folded before Flop (didn't bet)


Poker Hand #HD1713612280: Hold'em No Limit ($0.02/$0.05) - 2024/04/03 12:27:36
Table 'NLHBlue24' 6-max Seat #6 is the button
Seat 1: Hero ($7.92 in chips)
Seat 2: f5144c10 ($5.8 in chips)
Seat 3: 1db3cb04 ($4.84 in chips)
Seat 4: e679f194 ($3.25 in chips)
Seat 5: d3caf6c0 ($5 in chips)
Seat 6: 2e9bdb2 ($5 in chips)
Hero: posts small blind $0.02
f5144c10: posts big blind $0.05
*** HOLE CARDS ***
Dealt to Hero [3d 5h]
Dealt to f5144c10 
Dealt to 1db3cb04 
Dealt to e679f194 
Dealt to d3caf6c0 
Dealt to 2e9bdb2 
1db3cb04: raises $0.05 to $0.1
e679f194: folds
d3caf6c0: folds
2e9bdb2: folds
Hero: folds
f5144c10: folds
Uncalled bet ($0.05) returned to 1db3cb04
*** SHOWDOWN ***
1db3cb04 collected $0.12 from pot
*** SUMMARY ***
Total pot $0.12 | Rake $0 | Jackpot $0 | Bingo $0 | Fortune $0 | Tax $0
Seat 1: Hero (small blind) folded before Flop
Seat 2: f5144c10 (big blind) folded before Flop
Seat 3: 1db3cb04 collected ($0.12)
Seat 4: e679f194 folded before Flop (didn't bet)
Seat 5: d3caf6c0 folded before Flop (didn't bet)
Seat 6: 2e9bdb2 (button) folded before Flop (didn't bet)


Poker Hand #HD1713612104: Hold'em No Limit ($0.02/$0.05) - 2024/04/03 12:25:53
Table 'NLHBlue24' 6-max Seat #5 is the button
Seat 1: Hero ($5.49 in chips)
Seat 2: f5144c10 ($5.8 in chips)
Seat 3: 1db3cb04 ($4.84 in chips)
Seat 4: e679f194 ($1.6 in chips)
Seat 5: d3caf6c0 ($6.86 in chips)
Seat 6: 2e9bdb2 ($5.02 in chips)
2e9bdb2: posts small blind $0.02
Hero: posts big blind $0.05
*** HOLE CARDS ***
Dealt to Hero [Js Qh]
Dealt to f5144c10 
Dealt to 1db3cb04 
Dealt to e679f194 
Dealt to d3caf6c0 
Dealt to 2e9bdb2 
f5144c10: folds
1db3cb04: folds
e679f194: folds
d3caf6c0: raises $0.1 to $0.15
2e9bdb2: folds
Hero: calls $0.1
*** FLOP *** [Tc 4h Ah]
Hero: checks
d3caf6c0: bets $0.11
Hero: raises $0.24 to $0.35
d3caf6c0: calls $0.24
*** TURN *** [Tc 4h Ah] [Kd]
Hero: bets $0.8
d3caf6c0: calls $0.8
*** RIVER *** [Tc 4h Ah Kd] [3c]
Hero: bets $1.43
d3caf6c0: calls $1.43
Hero: shows [Js Qh] (Aces-High Straight)
d3caf6c0: shows [Qd As] (Pair of Aces)
*** SHOWDOWN ***
Hero collected $5.16 from pot
*** SUMMARY ***
Total pot $5.48 | Rake $0.27 | Jackpot $0.05 | Bingo $0 | Fortune $0 | Tax $0
Board [Tc 4h Ah Kd 3c]
Seat 1: Hero (big blind) showed [Js Qh] and won ($5.16) with Aces-High Straight
Seat 2: f5144c10 folded before Flop (didn't bet)
Seat 3: 1db3cb04 folded before Flop (didn't bet)
Seat 4: e679f194 folded before Flop (didn't bet)
Seat 5: d3caf6c0 (button) showed [Qd As] and lost with Pair of Aces
Seat 6: 2e9bdb2 (small blind) folded before Flop


Poker Hand #HD1713612069: Hold'em No Limit ($0.02/$0.05) - 2024/04/03 12:25:29
Table 'NLHBlue24' 6-max Seat #4 is the button
Seat 1: Hero ($5.49 in chips)
Seat 2: f5144c10 ($5.8 in chips)
Seat 3: 1db3cb04 ($4.84 in chips)
Seat 4: e679f194 ($1.6 in chips)
Seat 5: d3caf6c0 ($6.88 in chips)
Seat 6: 2e9bdb2 ($5 in chips)
d3caf6c0: posts small blind $0.02
2e9bdb2: posts big blind $0.05
*** HOLE CARDS ***
Dealt to Hero [Tc 7s]
Dealt to f5144c10 
Dealt to 1db3cb04 
Dealt to e679f194 
Dealt to d3caf6c0 
Dealt to 2e9bdb2 
Hero: folds
f5144c10: folds
1db3cb04: folds
e679f194: folds
d3caf6c0: folds
Uncalled bet ($0.03) returned to 2e9bdb2
*** SHOWDOWN ***
2e9bdb2 collected $0.04 from pot
*** SUMMARY ***
Total pot $0.04 | Rake $0 | Jackpot $0 | Bingo $0 | Fortune $0 | Tax $0
Seat 1: Hero folded before Flop (didn't bet)
Seat 2: f5144c10 folded before Flop (didn't bet)
Seat 3: 1db3cb04 folded before Flop (didn't bet)
Seat 4: e679f194 (button) folded before Flop (didn't bet)
Seat 5: d3caf6c0 (small blind) folded before Flop
Seat 6: 2e9bdb2 (big blind) collected ($0.04)


Poker Hand #HD1713611936: Hold'em No Limit ($0.02/$0.05) - 2024/04/03 12:24:13
Table 'NLHBlue24' 6-max Seat #3 is the button
Seat 1: Hero ($5.49 in chips)
Seat 2: f5144c10 ($5.69 in chips)
Seat 3: 1db3cb04 ($4.84 in chips)
Seat 4: e679f194 ($1.62 in chips)
Seat 5: d3caf6c0 ($6.98 in chips)
Seat 6: fbc98c34 ($5.18 in chips)
e679f194: posts small blind $0.02
d3caf6c0: posts big blind $0.05
*** HOLE CARDS ***
Dealt to Hero [3s 9c]
Dealt to f5144c10 
Dealt to 1db3cb04 
Dealt to e679f194 
Dealt to d3caf6c0 
Dealt to fbc98c34 
fbc98c34: folds
Hero: folds
f5144c10: raises $0.05 to $0.1
1db3cb04: folds
e679f194: folds
d3caf6c0: calls $0.05
*** FLOP *** [7s 3c 3h]
d3caf6c0: checks
f5144c10: checks
*** TURN *** [7s 3c 3h] [8h]
d3caf6c0: checks
f5144c10: checks
*** RIVER *** [7s 3c 3h 8h] [6h]
d3caf6c0: checks
f5144c10: checks
d3caf6c0: shows [2c Ac] (Pair of Treys)
f5144c10: shows [Td Ad] (Pair of Treys)
*** SHOWDOWN ***
f5144c10 collected $0.21 from pot
*** SUMMARY ***
Total pot $0.22 | Rake $0.01 | Jackpot $0 | Bingo $0 | Fortune $0 | Tax $0
Board [7s 3c 3h 8h 6h]
Seat 1: Hero folded before Flop (didn't bet)
Seat 2: f5144c10 showed [Td Ad] and won ($0.21) with Pair of Treys
Seat 3: 1db3cb04 (button) folded before Flop (didn't bet)
Seat 4: e679f194 (small blind) folded before Flop
Seat 5: d3caf6c0 (big blind) showed [2c Ac] and lost with Pair of Treys
Seat 6: fbc98c34 folded before Flop (didn't bet)


Poker Hand #HD1713611835: Hold'em No Limit ($0.02/$0.05) - 2024/04/03 12:23:01
Table 'NLHBlue24' 6-max Seat #2 is the button
Seat 1: Hero ($5.49 in chips)
Seat 2: f5144c10 ($5.69 in chips)
Seat 3: 1db3cb04 ($4.7 in chips)
Seat 4: e679f194 ($1.67 in chips)
Seat 5: d3caf6c0 ($6.98 in chips)
Seat 6: fbc98c34 ($5.28 in chips)
1db3cb04: posts small blind $0.02
e679f194: posts big blind $0.05
*** HOLE CARDS ***
Dealt to Hero [7d Kc]
Dealt to f5144c10 
Dealt to 1db3cb04 
Dealt to e679f194 
Dealt to d3caf6c0 
Dealt to fbc98c34 
d3caf6c0: folds
fbc98c34: raises $0.05 to $0.1
Hero: folds
f5144c10: folds
1db3cb04: calls $0.08
e679f194: folds
*** FLOP *** [8c 5h Jh]
1db3cb04: checks
fbc98c34: checks
*** TURN *** [8c 5h Jh] [8d]
1db3cb04: checks
fbc98c34: checks
*** RIVER *** [8c 5h Jh 8d] [2h]
1db3cb04: checks
fbc98c34: checks
1db3cb04: shows [6h 6s] (Pair of Eights and Pair of Sixes)
fbc98c34: shows [9c Ac] (Pair of Eights)
*** SHOWDOWN ***
1db3cb04 collected $0.24 from pot
*** SUMMARY ***
Total pot $0.25 | Rake $0.01 | Jackpot $0 | Bingo $0 | Fortune $0 | Tax $0
Board [8c 5h Jh 8d 2h]
Seat 1: Hero folded before Flop (didn't bet)
Seat 2: f5144c10 (button) folded before Flop (didn't bet)
Seat 3: 1db3cb04 (small blind) showed [6h 6s] and won ($0.24) with Pair of Eights and Pair of Sixes
Seat 4: e679f194 (big blind) folded before Flop
Seat 5: d3caf6c0 folded before Flop (didn't bet)
Seat 6: fbc98c34 showed [9c Ac] and lost with Pair of Eights


Poker Hand #HD1713611790: Hold'em No Limit ($0.02/$0.05) - 2024/04/03 12:22:41
Table 'NLHBlue24' 6-max Seat #1 is the button
Seat 1: Hero ($5.49 in chips)
Seat 2: f5144c10 ($5.64 in chips)
Seat 3: 1db3cb04 ($4.75 in chips)
Seat 4: e679f194 ($1.67 in chips)
Seat 5: d3caf6c0 ($6.98 in chips)
Seat 6: fbc98c34 ($5.28 in chips)
f5144c10: posts small blind $0.02
1db3cb04: posts big blind $0.05
*** HOLE CARDS ***
Dealt to Hero [3c Tc]
Dealt to f5144c10 
Dealt to 1db3cb04 
Dealt to e679f194 
Dealt to d3caf6c0 
Dealt to fbc98c34 
e679f194: folds
d3caf6c0: folds
fbc98c34: folds
Hero: folds
f5144c10: raises $0.05 to $0.1
1db3cb04: folds
Uncalled bet ($0.05) returned to f5144c10
*** SHOWDOWN ***
f5144c10 collected $0.1 from pot
*** SUMMARY ***
Total pot $0.1 | Rake $0 | Jackpot $0 | Bingo $0 | Fortune $0 | Tax $0
Seat 1: Hero (button) folded before Flop (didn't bet)
Seat 2: f5144c10 (small blind) collected ($0.1)
Seat 3: 1db3cb04 (big blind) folded before Flop
Seat 4: e679f194 folded before Flop (didn't bet)
Seat 5: d3caf6c0 folded before Flop (didn't bet)
Seat 6: fbc98c34 folded before Flop (didn't bet)


Poker Hand #HD1713611704: Hold'em No Limit ($0.02/$0.05) - 2024/04/03 12:21:53
Table 'NLHBlue24' 6-max Seat #6 is the button
Seat 1: Hero ($5.51 in chips)
Seat 2: f5144c10 ($5.69 in chips)
Seat 3: 1db3cb04 ($4.75 in chips)
Seat 4: e679f194 ($1.8 in chips)
Seat 5: d3caf6c0 ($6.98 in chips)
Seat 6: fbc98c34 ($5.09 in chips)
Hero: posts small blind $0.02
f5144c10: posts big blind $0.05
*** HOLE CARDS ***
Dealt to Hero [9s Tc]
Dealt to f5144c10 
Dealt to 1db3cb04 
Dealt to e679f194 
Dealt to d3caf6c0 
Dealt to fbc98c34 
1db3cb04: folds
e679f194: raises $0.08 to $0.13
d3caf6c0: folds
fbc98c34: raises $0.22 to $0.35
Hero: folds
f5144c10: folds
e679f194: folds
Uncalled bet ($0.22) returned to fbc98c34
*** SHOWDOWN ***
fbc98c34 collected $0.32 from pot
*** SUMMARY ***
Total pot $0.33 | Rake $0.01 | Jackpot $0 | Bingo $0 | Fortune $0 | Tax $0
Seat 1: Hero (small blind) folded before Flop
Seat 2: f5144c10 (big blind) folded before Flop
Seat 3: 1db3cb04 folded before Flop (didn't bet)
Seat 4: e679f194 folded before Flop
Seat 5: d3caf6c0 folded before Flop (didn't bet)
Seat 6: fbc98c34 (button) collected ($0.32)


Poker Hand #HD1713611591: Hold'em No Limit ($0.02/$0.05) - 2024/04/03 12:20:48
Table 'NLHBlue24' 6-max Seat #5 is the button
Seat 1: Hero ($5.56 in chips)
Seat 2: f5144c10 ($5.79 in chips)
Seat 3: 1db3cb04 ($4.75 in chips)
Seat 4: e679f194 ($2.9 in chips)
Seat 5: d3caf6c0 ($5.87 in chips)
Seat 6: fbc98c34 ($5.11 in chips)
fbc98c34: posts small blind $0.02
Hero: posts big blind $0.05
*** HOLE CARDS ***
Dealt to Hero [4s 5h]
Dealt to f5144c10 
Dealt to 1db3cb04 
Dealt to e679f194 
Dealt to d3caf6c0 
Dealt to fbc98c34 
f5144c10: raises $0.05 to $0.1
1db3cb04: folds
e679f194: raises $0.21 to $0.31
d3caf6c0: raises $0.79 to $1.1
fbc98c34: folds
Hero: folds
f5144c10: folds
e679f194: calls $0.79
*** FLOP *** [2h Jh 2s]
e679f194: checks
d3caf6c0: bets $0.79
e679f194: folds
Uncalled bet ($0.79) returned to d3caf6c0
*** SHOWDOWN ***
d3caf6c0 collected $2.21 from pot
*** SUMMARY ***
Total pot $2.37 | Rake $0.11 | Jackpot $0.05 | Bingo $0 | Fortune $0 | Tax $0
Board [2h Jh 2s]
Seat 1: Hero (big blind) folded before Flop
Seat 2: f5144c10 folded before Flop
Seat 3: 1db3cb04 folded before Flop (didn't bet)
Seat 4: e679f194 folded on the Flop
Seat 5: d3caf6c0 (button) won ($2.21)
Seat 6: fbc98c34 (small blind) folded before Flop


Poker Hand #HD1713611478: Hold'em No Limit ($0.02/$0.05) - 2024/04/03 12:19:47
Table 'NLHBlue24' 6-max Seat #4 is the button
Seat 1: Hero ($5.56 in chips)
Seat 2: f5144c10 ($5.79 in chips)
Seat 3: 1db3cb04 ($4.85 in chips)
Seat 4: e679f194 ($2.9 in chips)
Seat 5: d3caf6c0 ($5.89 in chips)
Seat 6: fbc98c34 ($5 in chips)
d3caf6c0: posts small blind $0.02
fbc98c34: posts big blind $0.05
*** HOLE CARDS ***
Dealt to Hero [Qh 6c]
Dealt to f5144c10 
Dealt to 1db3cb04 
Dealt to e679f194 
Dealt to d3caf6c0 
Dealt to fbc98c34 
Hero: folds
f5144c10: folds
1db3cb04: raises $0.05 to $0.1
e679f194: folds
d3caf6c0: folds
fbc98c34: calls $0.05
*** FLOP *** [9s Ac 9c]
fbc98c34: checks
1db3cb04: checks
*** TURN *** [9s Ac 9c] [5h]
fbc98c34: checks
1db3cb04: checks
*** RIVER *** [9s Ac 9c 5h] [4c]
fbc98c34: bets $0.15
1db3cb04: folds
Uncalled bet ($0.15) returned to fbc98c34
*** SHOWDOWN ***
fbc98c34 collected $0.21 from pot
*** SUMMARY ***
Total pot $0.22 | Rake $0.01 | Jackpot $0 | Bingo $0 | Fortune $0 | Tax $0
Board [9s Ac 9c 5h 4c]
Seat 1: Hero folded before Flop (didn't bet)
Seat 2: f5144c10 folded before Flop (didn't bet)
Seat 3: 1db3cb04 folded on the River
Seat 4: e679f194 (button) folded before Flop (didn't bet)
Seat 5: d3caf6c0 (small blind) folded before Flop
Seat 6: fbc98c34 (big blind) won ($0.21)


Poker Hand #HD1713611450: Hold'em No Limit ($0.02/$0.05) - 2024/04/03 12:19:28
Table 'NLHBlue24' 6-max Seat #3 is the button
Seat 1: Hero ($5.49 in chips)
Seat 2: f5144c10 ($5.79 in chips)
Seat 3: 1db3cb04 ($4.85 in chips)
Seat 4: e679f194 ($2.92 in chips)
Seat 5: d3caf6c0 ($5.94 in chips)
e679f194: posts small blind $0.02
d3caf6c0: posts big blind $0.05
*** HOLE CARDS ***
Dealt to Hero [9s Ts]
Dealt to f5144c10 
Dealt to 1db3cb04 
Dealt to e679f194 
Dealt to d3caf6c0 
Hero: raises $0.05 to $0.1
f5144c10: folds
1db3cb04: folds
e679f194: folds
d3caf6c0: folds
Uncalled bet ($0.05) returned to Hero
*** SHOWDOWN ***
Hero collected $0.12 from pot
*** SUMMARY ***
Total pot $0.12 | Rake $0 | Jackpot $0 | Bingo $0 | Fortune $0 | Tax $0
Seat 1: Hero collected ($0.12)
Seat 2: f5144c10 folded before Flop (didn't bet)
Seat 3: 1db3cb04 (button) folded before Flop (didn't bet)
Seat 4: e679f194 (small blind) folded before Flop
Seat 5: d3caf6c0 (big blind) folded before Flop


Poker Hand #HD1713611363: Hold'em No Limit ($0.02/$0.05) - 2024/04/03 12:18:35
Table 'NLHBlue24' 6-max Seat #2 is the button
Seat 1: Hero ($5.07 in chips)
Seat 2: f5144c10 ($5.79 in chips)
Seat 3: 1db3cb04 ($4.98 in chips)
Seat 4: e679f194 ($3.25 in chips)
Seat 5: d3caf6c0 ($5.94 in chips)
1db3cb04: posts small blind $0.02
e679f194: posts big blind $0.05
*** HOLE CARDS ***
Dealt to Hero [Jc Ks]
Dealt to f5144c10 
Dealt to 1db3cb04 
Dealt to e679f194 
Dealt to d3caf6c0 
d3caf6c0: folds
Hero: raises $0.08 to $0.13
f5144c10: folds
1db3cb04: calls $0.11
e679f194: calls $0.08
*** FLOP *** [6s Ts Js]
1db3cb04: checks
e679f194: checks
Hero: bets $0.2
1db3cb04: folds
e679f194: calls $0.2
*** TURN *** [6s Ts Js] [2c]
e679f194: checks
Hero: bets $0.5
e679f194: folds
Uncalled bet ($0.5) returned to Hero
*** SHOWDOWN ***
Hero collected $0.75 from pot
*** SUMMARY ***
Total pot $0.79 | Rake $0.04 | Jackpot $0 | Bingo $0 | Fortune $0 | Tax $0
Board [6s Ts Js 2c]
Seat 1: Hero won ($0.75)
Seat 2: f5144c10 (button) folded before Flop (didn't bet)
Seat 3: 1db3cb04 (small blind) folded on the Flop
Seat 4: e679f194 (big blind) folded on the Turn
Seat 5: d3caf6c0 folded before Flop (didn't bet)


Poker Hand #HD1713611327: Hold'em No Limit ($0.02/$0.05) - 2024/04/03 12:18:10
Table 'NLHBlue24' 6-max Seat #1 is the button
Seat 1: Hero ($5.07 in chips)
Seat 2: f5144c10 ($5.74 in chips)
Seat 3: 1db3cb04 ($5.03 in chips)
Seat 5: d3caf6c0 ($5.94 in chips)
f5144c10: posts small blind $0.02
1db3cb04: posts big blind $0.05
*** HOLE CARDS ***
Dealt to Hero [5s 6d]
Dealt to f5144c10 
Dealt to 1db3cb04 
Dealt to d3caf6c0 
d3caf6c0: folds
Hero: folds
f5144c10: raises $0.05 to $0.1
1db3cb04: folds
Uncalled bet ($0.05) returned to f5144c10
*** SHOWDOWN ***
f5144c10 collected $0.1 from pot
*** SUMMARY ***
Total pot $0.1 | Rake $0 | Jackpot $0 | Bingo $0 | Fortune $0 | Tax $0
Seat 1: Hero (button) folded before Flop (didn't bet)
Seat 2: f5144c10 (small blind) collected ($0.1)
Seat 3: 1db3cb04 (big blind) folded before Flop
Seat 5: d3caf6c0 folded before Flop (didn't bet)


Poker Hand #HD1713611281: Hold'em No Limit ($0.02/$0.05) - 2024/04/03 12:17:47
Table 'NLHBlue24' 6-max Seat #5 is the button
Seat 1: Hero ($5.09 in chips)
Seat 2: f5144c10 ($5.84 in chips)
Seat 3: 1db3cb04 ($4.92 in chips)
Seat 5: d3caf6c0 ($5.94 in chips)
Hero: posts small blind $0.02
f5144c10: posts big blind $0.05
*** HOLE CARDS ***
Dealt to Hero [4s 6s]
Dealt to f5144c10 
Dealt to 1db3cb04 
Dealt to d3caf6c0 
1db3cb04: raises $0.05 to $0.1
d3caf6c0: folds
Hero: folds
f5144c10: calls $0.05
*** FLOP *** [Qc 4h 7c]
f5144c10: checks
1db3cb04: bets $0.11
f5144c10: folds
Uncalled bet ($0.11) returned to 1db3cb04
*** SHOWDOWN ***
1db3cb04 collected $0.21 from pot
*** SUMMARY ***
Total pot $0.22 | Rake $0.01 | Jackpot $0 | Bingo $0 | Fortune $0 | Tax $0
Board [Qc 4h 7c]
Seat 1: Hero (small blind) folded before Flop
Seat 2: f5144c10 (big blind) folded on the Flop
Seat 3: 1db3cb04 won ($0.21)
Seat 5: d3caf6c0 (button) folded before Flop (didn't bet)


Poker Hand #HD1713611259: Hold'em No Limit ($0.02/$0.05) - 2024/04/03 12:17:34
Table 'NLHBlue24' 6-max Seat #3 is the button
Seat 1: Hero ($5.07 in chips)
Seat 2: f5144c10 ($5.84 in chips)
Seat 3: 1db3cb04 ($4.92 in chips)
Seat 5: d3caf6c0 ($5.96 in chips)
d3caf6c0: posts small blind $0.02
Hero: posts big blind $0.05
*** HOLE CARDS ***
Dealt to Hero [4s 2h]
Dealt to f5144c10 
Dealt to 1db3cb04 
Dealt to d3caf6c0 
f5144c10: folds
1db3cb04: folds
d3caf6c0: folds
Uncalled bet ($0.03) returned to Hero
*** SHOWDOWN ***
Hero collected $0.04 from pot
*** SUMMARY ***
Total pot $0.04 | Rake $0 | Jackpot $0 | Bingo $0 | Fortune $0 | Tax $0
Seat 1: Hero (big blind) collected ($0.04)
Seat 2: f5144c10 folded before Flop (didn't bet)
Seat 3: 1db3cb04 (button) folded before Flop (didn't bet)
Seat 5: d3caf6c0 (small blind) folded before Flop


Poker Hand #HD1713611149: Hold'em No Limit ($0.02/$0.05) - 2024/04/03 12:16:25
Table 'NLHBlue24' 6-max Seat #2 is the button
Seat 1: Hero ($5.07 in chips)
Seat 2: f5144c10 ($5.84 in chips)
Seat 3: 1db3cb04 ($5.02 in chips)
Seat 5: d3caf6c0 ($5.87 in chips)
Seat 6: 4dae6363 ($5.12 in chips)
1db3cb04: posts small blind $0.02
d3caf6c0: posts big blind $0.05
*** HOLE CARDS ***
Dealt to Hero [8d 2h]
Dealt to f5144c10 
Dealt to 1db3cb04 
Dealt to d3caf6c0 
Dealt to 4dae6363 
4dae6363: folds
Hero: folds
f5144c10: folds
1db3cb04: raises $0.05 to $0.1
d3caf6c0: calls $0.05
*** FLOP *** [4d Th 5h]
1db3cb04: checks
d3caf6c0: checks
*** TURN *** [4d Th 5h] [5d]
1db3cb04: checks
d3caf6c0: bets $0.25
1db3cb04: folds
Uncalled bet ($0.25) returned to d3caf6c0
*** SHOWDOWN ***
d3caf6c0 collected $0.19 from pot
*** SUMMARY ***
Total pot $0.2 | Rake $0.01 | Jackpot $0 | Bingo $0 | Fortune $0 | Tax $0
Board [4d Th 5h 5d]
Seat 1: Hero folded before Flop (didn't bet)
Seat 2: f5144c10 (button) folded before Flop (didn't bet)
Seat 3: 1db3cb04 (small blind) folded on the Turn
Seat 5: d3caf6c0 (big blind) won ($0.19)
Seat 6: 4dae6363 folded before Flop (didn't bet)


Poker Hand #HD1713611132: Hold'em No Limit ($0.02/$0.05) - 2024/04/03 12:16:16
Table 'NLHBlue24' 6-max Seat #1 is the button
Seat 1: Hero ($5.07 in chips)
Seat 2: f5144c10 ($5.86 in chips)
Seat 3: 1db3cb04 ($5 in chips)
Seat 4: 8eae32a8 ($10.96 in chips)
Seat 5: d3caf6c0 ($5.87 in chips)
Seat 6: 4dae6363 ($5.12 in chips)
f5144c10: posts small blind $0.02
1db3cb04: posts big blind $0.05
*** HOLE CARDS ***
Dealt to Hero [7h 2c]
Dealt to f5144c10 
Dealt to 1db3cb04 
Dealt to 8eae32a8 
Dealt to d3caf6c0 
Dealt to 4dae6363 
8eae32a8: folds
d3caf6c0: folds
4dae6363: folds
Hero: folds
f5144c10: folds
Uncalled bet ($0.03) returned to 1db3cb04
*** SHOWDOWN ***
1db3cb04 collected $0.04 from pot
*** SUMMARY ***
Total pot $0.04 | Rake $0 | Jackpot $0 | Bingo $0 | Fortune $0 | Tax $0
Seat 1: Hero (button) folded before Flop (didn't bet)
Seat 2: f5144c10 (small blind) folded before Flop
Seat 3: 1db3cb04 (big blind) collected ($0.04)
Seat 4: 8eae32a8 folded before Flop (didn't bet)
Seat 5: d3caf6c0 folded before Flop (didn't bet)
Seat 6: 4dae6363 folded before Flop (didn't bet)


Poker Hand #HD1713610941: Hold'em No Limit ($0.02/$0.05) - 2024/04/03 12:14:19
Table 'NLHBlue24' 6-max Seat #6 is the button
Seat 1: Hero ($5.09 in chips)
Seat 2: f5144c10 ($5.32 in chips)
Seat 4: 8eae32a8 ($10.96 in chips)
Seat 5: d3caf6c0 ($5.87 in chips)
Seat 6: 4dae6363 ($5.69 in chips)
Hero: posts small blind $0.02
f5144c10: posts big blind $0.05
*** HOLE CARDS ***
Dealt to Hero [Qc Td]
Dealt to f5144c10 
Dealt to 8eae32a8 
Dealt to d3caf6c0 
Dealt to 4dae6363 
8eae32a8: folds
d3caf6c0: folds
4dae6363: raises $0.08 to $0.13
Hero: folds
f5144c10: calls $0.08
*** FLOP *** [9h 6d Qd]
f5144c10: bets $0.1
4dae6363: calls $0.1
*** TURN *** [9h 6d Qd] [Ts]
f5144c10: bets $0.34
4dae6363: calls $0.34
*** RIVER *** [9h 6d Qd Ts] [9d]
f5144c10: bets $0.58
4dae6363: folds
Uncalled bet ($0.58) returned to f5144c10
*** SHOWDOWN ***
f5144c10 collected $1.11 from pot
*** SUMMARY ***
Total pot $1.16 | Rake $0.05 | Jackpot $0 | Bingo $0 | Fortune $0 | Tax $0
Board [9h 6d Qd Ts 9d]
Seat 1: Hero (small blind) folded before Flop
Seat 2: f5144c10 (big blind) won ($1.11)
Seat 4: 8eae32a8 folded before Flop (didn't bet)
Seat 5: d3caf6c0 folded before Flop (didn't bet)
Seat 6: 4dae6363 (button) folded on the River


Poker Hand #HD1713610900: Hold'em No Limit ($0.02/$0.05) - 2024/04/03 12:13:50
Table 'NLHBlue24' 6-max Seat #5 is the button
Seat 1: Hero ($5.14 in chips)
Seat 2: f5144c10 ($5.42 in chips)
Seat 4: 8eae32a8 ($10.96 in chips)
Seat 5: d3caf6c0 ($5.71 in chips)
Seat 6: 4dae6363 ($5.71 in chips)
4dae6363: posts small blind $0.02
Hero: posts big blind $0.05
*** HOLE CARDS ***
Dealt to Hero [9h 6c]
Dealt to f5144c10 
Dealt to 8eae32a8 
Dealt to d3caf6c0 
Dealt to 4dae6363 
f5144c10: raises $0.05 to $0.1
8eae32a8: folds
d3caf6c0: raises $0.37 to $0.47
4dae6363: folds
Hero: folds
f5144c10: folds
Uncalled bet ($0.37) returned to d3caf6c0
*** SHOWDOWN ***
d3caf6c0 collected $0.26 from pot
*** SUMMARY ***
Total pot $0.27 | Rake $0.01 | Jackpot $0 | Bingo $0 | Fortune $0 | Tax $0
Seat 1: Hero (big blind) folded before Flop
Seat 2: f5144c10 folded before Flop
Seat 4: 8eae32a8 folded before Flop (didn't bet)
Seat 5: d3caf6c0 (button) collected ($0.26)
Seat 6: 4dae6363 (small blind) folded before Flop


Poker Hand #HD1713610845: Hold'em No Limit ($0.02/$0.05) - 2024/04/03 12:13:22
Table 'NLHBlue24' 6-max Seat #4 is the button
Seat 1: Hero ($5.14 in chips)
Seat 2: f5144c10 ($5.42 in chips)
Seat 3: 5a6eda10 ($5 in chips)
Seat 4: 8eae32a8 ($10.96 in chips)
Seat 5: d3caf6c0 ($5.73 in chips)
Seat 6: 4dae6363 ($5.69 in chips)
d3caf6c0: posts small blind $0.02
4dae6363: posts big blind $0.05
*** HOLE CARDS ***
Dealt to Hero [Js 6d]
Dealt to f5144c10 
Dealt to 5a6eda10 
Dealt to 8eae32a8 
Dealt to d3caf6c0 
Dealt to 4dae6363 
Hero: folds
f5144c10: folds
5a6eda10: folds
8eae32a8: folds
d3caf6c0: folds
Uncalled bet ($0.03) returned to 4dae6363
*** SHOWDOWN ***
4dae6363 collected $0.04 from pot
*** SUMMARY ***
Total pot $0.04 | Rake $0 | Jackpot $0 | Bingo $0 | Fortune $0 | Tax $0
Seat 1: Hero folded before Flop (didn't bet)
Seat 2: f5144c10 folded before Flop (didn't bet)
Seat 3: 5a6eda10 folded before Flop (didn't bet)
Seat 4: 8eae32a8 (button) folded before Flop (didn't bet)
Seat 5: d3caf6c0 (small blind) folded before Flop
Seat 6: 4dae6363 (big blind) collected ($0.04)


Poker Hand #HD1713610709: Hold'em No Limit ($0.02/$0.05) - 2024/04/03 12:11:54
Table 'NLHBlue24' 6-max Seat #3 is the button
Seat 1: Hero ($5.14 in chips)
Seat 2: f5144c10 ($5.42 in chips)
Seat 3: 5a6eda10 ($5 in chips)
Seat 4: 8eae32a8 ($9.09 in chips)
Seat 5: d3caf6c0 ($5.78 in chips)
Seat 6: 4dae6363 ($5.69 in chips)
8eae32a8: posts small blind $0.02
d3caf6c0: posts big blind $0.05
*** HOLE CARDS ***
Dealt to Hero [Ts 4s]
Dealt to f5144c10 
Dealt to 5a6eda10 
Dealt to 8eae32a8 
Dealt to d3caf6c0 
Dealt to 4dae6363 
4dae6363: folds
Hero: folds
f5144c10: folds
5a6eda10: raises $0.1 to $0.15
8eae32a8: raises $0.45 to $0.6
d3caf6c0: folds
5a6eda10: calls $0.45
*** FLOP *** [Ad 8s Qs]
8eae32a8: bets $0.42
5a6eda10: calls $0.42
*** TURN *** [Ad 8s Qs] [Kh]
8eae32a8: checks
5a6eda10: bets $1.05
8eae32a8: calls $1.05
*** RIVER *** [Ad 8s Qs Kh] [5h]
8eae32a8: checks
5a6eda10: checks
8eae32a8: shows [As Tc] (Pair of Aces)
5a6eda10: shows [9c 9s] (Pair of Nines)
*** SHOWDOWN ***
8eae32a8 collected $3.94 from pot
*** SUMMARY ***
Total pot $4.19 | Rake $0.2 | Jackpot $0.05 | Bingo $0 | Fortune $0 | Tax $0
Board [Ad 8s Qs Kh 5h]
Seat 1: Hero folded before Flop (didn't bet)
Seat 2: f5144c10 folded before Flop (didn't bet)
Seat 3: 5a6eda10 (button) showed [9c 9s] and lost with Pair of Nines
Seat 4: 8eae32a8 (small blind) showed [As Tc] and won ($3.94) with Pair of Aces
Seat 5: d3caf6c0 (big blind) folded before Flop
Seat 6: 4dae6363 folded before Flop (didn't bet)


Poker Hand #HD1713610607: Hold'em No Limit ($0.02/$0.05) - 2024/04/03 12:10:57
Table 'NLHBlue24' 6-max Seat #2 is the button
Seat 1: Hero ($5.14 in chips)
Seat 2: f5144c10 ($5 in chips)
Seat 3: 5a6eda10 ($5.19 in chips)
Seat 4: 8eae32a8 ($9.14 in chips)
Seat 5: d3caf6c0 ($5.78 in chips)
Seat 6: 4dae6363 ($5.69 in chips)
5a6eda10: posts small blind $0.02
8eae32a8: posts big blind $0.05
*** HOLE CARDS ***
Dealt to Hero [4s Ah]
Dealt to f5144c10 
Dealt to 5a6eda10 
Dealt to 8eae32a8 
Dealt to d3caf6c0 
Dealt to 4dae6363 
d3caf6c0: folds
4dae6363: folds
Hero: folds
f5144c10: raises $0.05 to $0.1
5a6eda10: calls $0.08
8eae32a8: folds
*** FLOP *** [3c 5d Th]
5a6eda10: checks
f5144c10: bets $0.09
5a6eda10: calls $0.09
*** TURN *** [3c 5d Th] [Kd]
5a6eda10: checks
f5144c10: bets $0.22
5a6eda10: calls $0.22
*** RIVER *** [3c 5d Th Kd] [As]
5a6eda10: checks
f5144c10: bets $0.54
5a6eda10: folds
Uncalled bet ($0.54) returned to f5144c10
*** SHOWDOWN ***
f5144c10 collected $0.83 from pot
*** SUMMARY ***
Total pot $0.87 | Rake $0.04 | Jackpot $0 | Bingo $0 | Fortune $0 | Tax $0
Board [3c 5d Th Kd As]
Seat 1: Hero folded before Flop (didn't bet)
Seat 2: f5144c10 (button) won ($0.83)
Seat 3: 5a6eda10 (small blind) folded on the River
Seat 4: 8eae32a8 (big blind) folded before Flop
Seat 5: d3caf6c0 folded before Flop (didn't bet)
Seat 6: 4dae6363 folded before Flop (didn't bet)


Poker Hand #HD1713610517: Hold'em No Limit ($0.02/$0.05) - 2024/04/03 12:10:03
Table 'NLHBlue24' 6-max Seat #1 is the button
Seat 1: Hero ($5.14 in chips)
Seat 2: f5144c10 ($5 in chips)
Seat 3: 5a6eda10 ($7.23 in chips)
Seat 4: 8eae32a8 ($7.33 in chips)
Seat 5: d3caf6c0 ($5.78 in chips)
Seat 6: 4dae6363 ($5.69 in chips)
f5144c10: posts small blind $0.02
5a6eda10: posts big blind $0.05
*** HOLE CARDS ***
Dealt to Hero [Ac Jd]
Dealt to f5144c10 
Dealt to 5a6eda10 
Dealt to 8eae32a8 
Dealt to d3caf6c0 
Dealt to 4dae6363 
8eae32a8: raises $0.12 to $0.17
d3caf6c0: folds
4dae6363: folds
Hero: folds
f5144c10: folds
5a6eda10: calls $0.12
*** FLOP *** [9h 7c 2c]
5a6eda10: checks
8eae32a8: checks
*** TURN *** [9h 7c 2c] [Th]
5a6eda10: bets $0.27
8eae32a8: calls $0.27
*** RIVER *** [9h 7c 2c Th] [Js]
5a6eda10: bets $0.3
8eae32a8: raises $1.3 to $1.6
5a6eda10: calls $1.3
8eae32a8: shows [Qd Kh] (Kings-High Straight)
5a6eda10: shows [3s Jc] (Pair of Jacks)
*** SHOWDOWN ***
8eae32a8 collected $3.85 from pot
*** SUMMARY ***
Total pot $4.1 | Rake $0.2 | Jackpot $0.05 | Bingo $0 | Fortune $0 | Tax $0
Board [9h 7c 2c Th Js]
Seat 1: Hero (button) folded before Flop (didn't bet)
Seat 2: f5144c10 (small blind) folded before Flop
Seat 3: 5a6eda10 (big blind) showed [3s Jc] and lost with Pair of Jacks
Seat 4: 8eae32a8 showed [Qd Kh] and won ($3.85) with Kings-High Straight
Seat 5: d3caf6c0 folded before Flop (didn't bet)
Seat 6: 4dae6363 folded before Flop (didn't bet)


Poker Hand #HD1713610458: Hold'em No Limit ($0.02/$0.05) - 2024/04/03 12:09:24
Table 'NLHBlue24' 6-max Seat #6 is the button
Seat 1: Hero ($5.16 in chips)
Seat 2: f5144c10 ($5 in chips)
Seat 3: 5a6eda10 ($7.63 in chips)
Seat 4: 8eae32a8 ($6.9 in chips)
Seat 5: d3caf6c0 ($5.78 in chips)
Seat 6: 4dae6363 ($5.69 in chips)
Hero: posts small blind $0.02
f5144c10: posts big blind $0.05
*** HOLE CARDS ***
Dealt to Hero [Js 6d]
Dealt to f5144c10 
Dealt to 5a6eda10 
Dealt to 8eae32a8 
Dealt to d3caf6c0 
Dealt to 4dae6363 
5a6eda10: raises $0.05 to $0.1
8eae32a8: raises $0.3 to $0.4
d3caf6c0: folds
4dae6363: folds
Hero: folds
f5144c10: folds
5a6eda10: calls $0.3
*** FLOP *** [Ad 5s 7h]
5a6eda10: checks
8eae32a8: bets $0.29
5a6eda10: folds
Uncalled bet ($0.29) returned to 8eae32a8
*** SHOWDOWN ***
8eae32a8 collected $0.83 from pot
*** SUMMARY ***
Total pot $0.87 | Rake $0.04 | Jackpot $0 | Bingo $0 | Fortune $0 | Tax $0
Board [Ad 5s 7h]
Seat 1: Hero (small blind) folded before Flop
Seat 2: f5144c10 (big blind) folded before Flop
Seat 3: 5a6eda10 folded on the Flop
Seat 4: 8eae32a8 won ($0.83)
Seat 5: d3caf6c0 folded before Flop (didn't bet)
Seat 6: 4dae6363 (button) folded before Flop (didn't bet)


Poker Hand #HD1713610391: Hold'em No Limit ($0.02/$0.05) - 2024/04/03 12:08:49
Table 'NLHBlue24' 6-max Seat #5 is the button
Seat 1: Hero ($5 in chips)
Seat 2: f5144c10 ($5 in chips)
Seat 3: 5a6eda10 ($7.63 in chips)
Seat 4: 8eae32a8 ($7.05 in chips)
Seat 5: d3caf6c0 ($5.78 in chips)
Seat 6: 4dae6363 ($5.71 in chips)
4dae6363: posts small blind $0.02
Hero: posts big blind $0.05
*** HOLE CARDS ***
Dealt to Hero [Ah Ad]
Dealt to f5144c10 
Dealt to 5a6eda10 
Dealt to 8eae32a8 
Dealt to d3caf6c0 
Dealt to 4dae6363 
f5144c10: folds
5a6eda10: folds
8eae32a8: raises $0.1 to $0.15
d3caf6c0: folds
4dae6363: folds
Hero: raises $0.3 to $0.45
8eae32a8: folds
Uncalled bet ($0.3) returned to Hero
*** SHOWDOWN ***
Hero collected $0.31 from pot
*** SUMMARY ***
Total pot $0.32 | Rake $0.01 | Jackpot $0 | Bingo $0 | Fortune $0 | Tax $0
Seat 1: Hero (big blind) collected ($0.31)
Seat 2: f5144c10 folded before Flop (didn't bet)
Seat 3: 5a6eda10 folded before Flop (didn't bet)
Seat 4: 8eae32a8 folded before Flop
Seat 5: d3caf6c0 (button) folded before Flop (didn't bet)
Seat 6: 4dae6363 (small blind) folded before Flop


Poker Hand #HD1713610342: Hold'em No Limit ($0.02/$0.05) - 2024/04/03 12:08:18
Table 'NLHBlue24' 6-max Seat #4 is the button
Seat 1: Hero ($5 in chips)
Seat 2: f5144c10 ($5 in chips)
Seat 3: 5a6eda10 ($7.63 in chips)
Seat 4: 8eae32a8 ($7.05 in chips)
Seat 5: d3caf6c0 ($5.73 in chips)
Seat 6: 4dae6363 ($5.76 in chips)
d3caf6c0: posts small blind $0.02
4dae6363: posts big blind $0.05
*** HOLE CARDS ***
Dealt to Hero [5d 8h]
Dealt to f5144c10 
Dealt to 5a6eda10 
Dealt to 8eae32a8 
Dealt to d3caf6c0 
Dealt to 4dae6363 
Hero: folds
f5144c10: folds
5a6eda10: folds
8eae32a8: folds
d3caf6c0: raises $0.1 to $0.15
4dae6363: folds
Uncalled bet ($0.1) returned to d3caf6c0
*** SHOWDOWN ***
d3caf6c0 collected $0.1 from pot
*** SUMMARY ***
Total pot $0.1 | Rake $0 | Jackpot $0 | Bingo $0 | Fortune $0 | Tax $0
Seat 1: Hero folded before Flop (didn't bet)
Seat 2: f5144c10 folded before Flop (didn't bet)
Seat 3: 5a6eda10 folded before Flop (didn't bet)
Seat 4: 8eae32a8 (button) folded before Flop (didn't bet)
Seat 5: d3caf6c0 (small blind) collected ($0.1)
Seat 6: 4dae6363 (big blind) folded before Flop


Poker Hand #HD1713610205: Hold'em No Limit ($0.02/$0.05) - 2024/04/03 12:06:59
Table 'NLHBlue24' 6-max Seat #3 is the button
Seat 1: Hero ($5 in chips)
Seat 2: f5144c10 ($5.24 in chips)
Seat 3: 5a6eda10 ($7.63 in chips)
Seat 4: 8eae32a8 ($7.07 in chips)
Seat 5: d3caf6c0 ($5.37 in chips)
Seat 6: 4dae6363 ($5.76 in chips)
8eae32a8: posts small blind $0.02
d3caf6c0: posts big blind $0.05
*** HOLE CARDS ***
Dealt to Hero [2s Qd]
Dealt to f5144c10 
Dealt to 5a6eda10 
Dealt to 8eae32a8 
Dealt to d3caf6c0 
Dealt to 4dae6363 
4dae6363: folds
Hero: folds
f5144c10: raises $0.05 to $0.1
5a6eda10: folds
8eae32a8: folds
d3caf6c0: calls $0.05
*** FLOP *** [9d Kc 3c]
d3caf6c0: checks
f5144c10: bets $0.08
d3caf6c0: calls $0.08
*** TURN *** [9d Kc 3c] [Ad]
d3caf6c0: checks
f5144c10: bets $0.19
d3caf6c0: calls $0.19
*** RIVER *** [9d Kc 3c Ad] [4d]
d3caf6c0: checks
f5144c10: checks
d3caf6c0: shows [Kh Td] (Pair of Kings)
f5144c10: shows [9h Th] (Pair of Nines)
*** SHOWDOWN ***
d3caf6c0 collected $0.73 from pot
*** SUMMARY ***
Total pot $0.76 | Rake $0.03 | Jackpot $0 | Bingo $0 | Fortune $0 | Tax $0
Board [9d Kc 3c Ad 4d]
Seat 1: Hero folded before Flop (didn't bet)
Seat 2: f5144c10 showed [9h Th] and lost with Pair of Nines
Seat 3: 5a6eda10 (button) folded before Flop (didn't bet)
Seat 4: 8eae32a8 (small blind) folded before Flop
Seat 5: d3caf6c0 (big blind) showed [Kh Td] and won ($0.73) with Pair of Kings
Seat 6: 4dae6363 folded before Flop (didn't bet)


Poker Hand #HD1713610160: Hold'em No Limit ($0.02/$0.05) - 2024/04/03 12:06:35
Table 'NLHBlue24' 6-max Seat #2 is the button
Seat 1: Hero ($5 in chips)
Seat 2: f5144c10 ($5.24 in chips)
Seat 3: 5a6eda10 ($7.58 in chips)
Seat 4: 8eae32a8 ($7.12 in chips)
Seat 5: d3caf6c0 ($5.37 in chips)
Seat 6: 4dae6363 ($5.76 in chips)
5a6eda10: posts small blind $0.02
8eae32a8: posts big blind $0.05
*** HOLE CARDS ***
Dealt to Hero [Th 2s]
Dealt to f5144c10 
Dealt to 5a6eda10 
Dealt to 8eae32a8 
Dealt to d3caf6c0 
Dealt to 4dae6363 
d3caf6c0: folds
4dae6363: folds
Hero: folds
f5144c10: folds
5a6eda10: raises $0.05 to $0.1
8eae32a8: folds
Uncalled bet ($0.05) returned to 5a6eda10
*** SHOWDOWN ***
5a6eda10 collected $0.1 from pot
*** SUMMARY ***
Total pot $0.1 | Rake $0 | Jackpot $0 | Bingo $0 | Fortune $0 | Tax $0
Seat 1: Hero folded before Flop (didn't bet)
Seat 2: f5144c10 (button) folded before Flop (didn't bet)
Seat 3: 5a6eda10 (small blind) collected ($0.1)
Seat 4: 8eae32a8 (big blind) folded before Flop
Seat 5: d3caf6c0 folded before Flop (didn't bet)
Seat 6: 4dae6363 folded before Flop (didn't bet)


Poker Hand #HD1713610114: Hold'em No Limit ($0.02/$0.05) - 2024/04/03 12:06:04
Table 'NLHBlue24' 6-max Seat #1 is the button
Seat 1: Hero ($5 in chips)
Seat 2: f5144c10 ($5.26 in chips)
Seat 3: 5a6eda10 ($7.73 in chips)
Seat 4: 8eae32a8 ($7.12 in chips)
Seat 5: d3caf6c0 ($5.21 in chips)
Seat 6: 4dae6363 ($5.76 in chips)
f5144c10: posts small blind $0.02
5a6eda10: posts big blind $0.05
*** HOLE CARDS ***
Dealt to Hero [2d Ks]
Dealt to f5144c10 
Dealt to 5a6eda10 
Dealt to 8eae32a8 
Dealt to d3caf6c0 
Dealt to 4dae6363 
8eae32a8: folds
d3caf6c0: raises $0.1 to $0.15
4dae6363: folds
Hero: folds
f5144c10: folds
5a6eda10: calls $0.1
*** FLOP *** [7d 6s 3s]
5a6eda10: checks
d3caf6c0: checks
*** TURN *** [7d 6s 3s] [Ts]
5a6eda10: checks
d3caf6c0: bets $0.29
5a6eda10: folds
Uncalled bet ($0.29) returned to d3caf6c0
*** SHOWDOWN ***
d3caf6c0 collected $0.31 from pot
*** SUMMARY ***
Total pot $0.32 | Rake $0.01 | Jackpot $0 | Bingo $0 | Fortune $0 | Tax $0
Board [7d 6s 3s Ts]
Seat 1: Hero (button) folded before Flop (didn't bet)
Seat 2: f5144c10 (small blind) folded before Flop
Seat 3: 5a6eda10 (big blind) folded on the Turn
Seat 4: 8eae32a8 folded before Flop (didn't bet)
Seat 5: d3caf6c0 won ($0.31)
Seat 6: 4dae6363 folded before Flop (didn't bet)


Poker Hand #HD1713610065: Hold'em No Limit ($0.02/$0.05) - 2024/04/03 12:05:35
Table 'NLHBlue24' 6-max Seat #6 is the button
Seat 1: Hero ($5 in chips)
Seat 2: f5144c10 ($5.31 in chips)
Seat 3: 5a6eda10 ($7.73 in chips)
Seat 4: 8eae32a8 ($7.12 in chips)
Seat 5: d3caf6c0 ($5.21 in chips)
Seat 6: 4dae6363 ($5.69 in chips)
Hero: posts small blind $0.02
f5144c10: posts big blind $0.05
*** HOLE CARDS ***
Dealt to Hero [7s Ad]
Dealt to f5144c10 
Dealt to 5a6eda10 
Dealt to 8eae32a8 
Dealt to d3caf6c0 
Dealt to 4dae6363 
5a6eda10: folds
8eae32a8: folds
d3caf6c0: folds
4dae6363: raises $0.08 to $0.13
Hero: folds
f5144c10: folds
Uncalled bet ($0.08) returned to 4dae6363
*** SHOWDOWN ***
4dae6363 collected $0.12 from pot
*** SUMMARY ***
Total pot $0.12 | Rake $0 | Jackpot $0 | Bingo $0 | Fortune $0 | Tax $0
Seat 1: Hero (small blind) folded before Flop
Seat 2: f5144c10 (big blind) folded before Flop
Seat 3: 5a6eda10 folded before Flop (didn't bet)
Seat 4: 8eae32a8 folded before Flop (didn't bet)
Seat 5: d3caf6c0 folded before Flop (didn't bet)
Seat 6: 4dae6363 (button) collected ($0.12)


Poker Hand #HD1713610006: Hold'em No Limit ($0.02/$0.05) - 2024/04/03 12:05:03
Table 'NLHBlue24' 6-max Seat #5 is the button
Seat 1: Hero ($5 in chips)
Seat 2: f5144c10 ($5.31 in chips)
Seat 3: 5a6eda10 ($7.73 in chips)
Seat 4: 8eae32a8 ($7.27 in chips)
Seat 5: d3caf6c0 ($5 in chips)
Seat 6: 4dae6363 ($5.71 in chips)
4dae6363: posts small blind $0.02
Hero: posts big blind $0.05
*** HOLE CARDS ***
Dealt to Hero [9c 8d]
Dealt to f5144c10 
Dealt to 5a6eda10 
Dealt to 8eae32a8 
Dealt to d3caf6c0 
Dealt to 4dae6363 
f5144c10: folds
5a6eda10: folds
8eae32a8: raises $0.1 to $0.15
d3caf6c0: raises $0.34 to $0.49
4dae6363: folds
Hero: folds
8eae32a8: folds
Uncalled bet ($0.34) returned to d3caf6c0
*** SHOWDOWN ***
d3caf6c0 collected $0.36 from pot
*** SUMMARY ***
Total pot $0.37 | Rake $0.01 | Jackpot $0 | Bingo $0 | Fortune $0 | Tax $0
Seat 1: Hero (big blind) folded before Flop
Seat 2: f5144c10 folded before Flop (didn't bet)
Seat 3: 5a6eda10 folded before Flop (didn't bet)
Seat 4: 8eae32a8 folded before Flop
Seat 5: d3caf6c0 (button) collected ($0.36)
Seat 6: 4dae6363 (small blind) folded before Flop


Poker Hand #HD1713609948: Hold'em No Limit ($0.02/$0.05) - 2024/04/03 12:04:24
Table 'NLHBlue24' 6-max Seat #4 is the button
Seat 1: Hero ($5 in chips)
Seat 2: f5144c10 ($5.31 in chips)
Seat 3: 5a6eda10 ($7.73 in chips)
Seat 4: 8eae32a8 ($7.27 in chips)
Seat 5: d3caf6c0 ($5 in chips)
Seat 6: 4dae6363 ($5.6 in chips)
d3caf6c0: posts small blind $0.02
4dae6363: posts big blind $0.05
*** HOLE CARDS ***
Dealt to Hero [Ah 5h]
Dealt to f5144c10 
Dealt to 5a6eda10 
Dealt to 8eae32a8 
Dealt to d3caf6c0 
Dealt to 4dae6363 
Hero: raises $0.05 to $0.1
f5144c10: folds
5a6eda10: folds
8eae32a8: folds
d3caf6c0: folds
4dae6363: calls $0.05
*** FLOP *** [Kd 5s 4c]
4dae6363: checks
Hero: checks
*** TURN *** [Kd 5s 4c] [Ts]
4dae6363: bets $0.11
Hero: folds
Uncalled bet ($0.11) returned to 4dae6363
*** SHOWDOWN ***
4dae6363 collected $0.21 from pot
*** SUMMARY ***
Total pot $0.22 | Rake $0.01 | Jackpot $0 | Bingo $0 | Fortune $0 | Tax $0
Board [Kd 5s 4c Ts]
Seat 1: Hero folded on the Turn
Seat 2: f5144c10 folded before Flop (didn't bet)
Seat 3: 5a6eda10 folded before Flop (didn't bet)
Seat 4: 8eae32a8 (button) folded before Flop (didn't bet)
Seat 5: d3caf6c0 (small blind) folded before Flop
Seat 6: 4dae6363 (big blind) won ($0.21)


Poker Hand #HD1713609818: Hold'em No Limit ($0.02/$0.05) - 2024/04/03 12:03:07
Table 'NLHBlue24' 6-max Seat #3 is the button
Seat 1: Hero ($5 in chips)
Seat 2: f5144c10 ($5.31 in chips)
Seat 3: 5a6eda10 ($7.86 in chips)
Seat 4: 8eae32a8 ($7.29 in chips)
Seat 5: d3caf6c0 ($5 in chips)
Seat 6: 4dae6363 ($5.34 in chips)
8eae32a8: posts small blind $0.02
d3caf6c0: posts big blind $0.05
*** HOLE CARDS ***
Dealt to Hero [8s 2s]
Dealt to f5144c10 
Dealt to 5a6eda10 
Dealt to 8eae32a8 
Dealt to d3caf6c0 
Dealt to 4dae6363 
4dae6363: raises $0.08 to $0.13
Hero: folds
f5144c10: folds
5a6eda10: calls $0.13
8eae32a8: folds
d3caf6c0: calls $0.08
*** FLOP *** [8d Jh 2d]
d3caf6c0: checks
4dae6363: checks
5a6eda10: checks
*** TURN *** [8d Jh 2d] [9d]
d3caf6c0: checks
4dae6363: bets $0.11
5a6eda10: folds
d3caf6c0: folds
Uncalled bet ($0.11) returned to 4dae6363
*** SHOWDOWN ***
4dae6363 collected $0.39 from pot
*** SUMMARY ***
Total pot $0.41 | Rake $0.02 | Jackpot $0 | Bingo $0 | Fortune $0 | Tax $0
Board [8d Jh 2d 9d]
Seat 1: Hero folded before Flop (didn't bet)
Seat 2: f5144c10 folded before Flop (didn't bet)
Seat 3: 5a6eda10 (button) folded on the Turn
Seat 4: 8eae32a8 (small blind) folded before Flop
Seat 5: d3caf6c0 (big blind) folded on the Turn
Seat 6: 4dae6363 won ($0.39)


Poker Hand #HD1713609731: Hold'em No Limit ($0.02/$0.05) - 2024/04/03 12:02:21
Table 'NLHBlue24' 6-max Seat #2 is the button
Seat 1: Hero ($5 in chips)
Seat 2: f5144c10 ($5.17 in chips)
Seat 3: 5a6eda10 ($7.96 in chips)
Seat 4: 8eae32a8 ($7.34 in chips)
Seat 5: d3caf6c0 ($5 in chips)
Seat 6: 4dae6363 ($5.34 in chips)
5a6eda10: posts small blind $0.02
8eae32a8: posts big blind $0.05
*** HOLE CARDS ***
Dealt to Hero [4h 8d]
Dealt to f5144c10 
Dealt to 5a6eda10 
Dealt to 8eae32a8 
Dealt to d3caf6c0 
Dealt to 4dae6363 
d3caf6c0: folds
4dae6363: folds
Hero: folds
f5144c10: raises $0.05 to $0.1
5a6eda10: calls $0.08
8eae32a8: folds
*** FLOP *** [Kc 2h As]
5a6eda10: checks
f5144c10: checks
*** TURN *** [Kc 2h As] [8s]
5a6eda10: checks
f5144c10: checks
*** RIVER *** [Kc 2h As 8s] [Jc]
5a6eda10: checks
f5144c10: checks
5a6eda10: shows [6h 7c] (Ace-High)
f5144c10: shows [9h Qs] (Ace-High)
*** SHOWDOWN ***
f5144c10 collected $0.24 from pot
*** SUMMARY ***
Total pot $0.25 | Rake $0.01 | Jackpot $0 | Bingo $0 | Fortune $0 | Tax $0
Board [Kc 2h As 8s Jc]
Seat 1: Hero folded before Flop (didn't bet)
Seat 2: f5144c10 (button) showed [9h Qs] and won ($0.24) with Ace-High
Seat 3: 5a6eda10 (small blind) showed [6h 7c] and lost with Ace-High
Seat 4: 8eae32a8 (big blind) folded before Flop
Seat 5: d3caf6c0 folded before Flop (didn't bet)
Seat 6: 4dae6363 folded before Flop (didn't bet)


Poker Hand #HD1713609674: Hold'em No Limit ($0.02/$0.05) - 2024/04/03 12:01:44
Table 'NLHBlue24' 6-max Seat #1 is the button
Seat 1: Hero ($5 in chips)
Seat 2: f5144c10 ($5.19 in chips)
Seat 3: 5a6eda10 ($8.01 in chips)
Seat 4: 8eae32a8 ($7.34 in chips)
Seat 5: d3caf6c0 ($5 in chips)
Seat 6: 4dae6363 ($5.27 in chips)
f5144c10: posts small blind $0.02
5a6eda10: posts big blind $0.05
*** HOLE CARDS ***
Dealt to Hero [Jh Kc]
Dealt to f5144c10 
Dealt to 5a6eda10 
Dealt to 8eae32a8 
Dealt to d3caf6c0 
Dealt to 4dae6363 
8eae32a8: folds
d3caf6c0: folds
4dae6363: raises $0.08 to $0.13
Hero: folds
f5144c10: folds
5a6eda10: folds
Uncalled bet ($0.08) returned to 4dae6363
*** SHOWDOWN ***
4dae6363 collected $0.12 from pot
*** SUMMARY ***
Total pot $0.12 | Rake $0 | Jackpot $0 | Bingo $0 | Fortune $0 | Tax $0
Seat 1: Hero (button) folded before Flop (didn't bet)
Seat 2: f5144c10 (small blind) folded before Flop
Seat 3: 5a6eda10 (big blind) folded before Flop
Seat 4: 8eae32a8 folded before Flop (didn't bet)
Seat 5: d3caf6c0 folded before Flop (didn't bet)
Seat 6: 4dae6363 collected ($0.12)


Poker Hand #HD1713609532: Hold'em No Limit ($0.02/$0.05) - 2024/04/03 12:00:23
Table 'NLHBlue24' 6-max Seat #6 is the button
Seat 1: Hero ($5.02 in chips)
Seat 2: f5144c10 ($5.29 in chips)
Seat 3: 5a6eda10 ($7.9 in chips)
Seat 4: 8eae32a8 ($7.34 in chips)
Seat 5: d3caf6c0 ($5 in chips)
Seat 6: 4dae6363 ($5.27 in chips)
Hero: posts small blind $0.02
f5144c10: posts big blind $0.05
*** HOLE CARDS ***
Dealt to Hero [6c Ah]
Dealt to f5144c10 
Dealt to 5a6eda10 
Dealt to 8eae32a8 
Dealt to d3caf6c0 
Dealt to 4dae6363 
5a6eda10: raises $0.05 to $0.1
8eae32a8: folds
d3caf6c0: folds
4dae6363: folds
Hero: folds
f5144c10: calls $0.05
*** FLOP *** [Ks 3h 4d]
f5144c10: checks
5a6eda10: checks
*** TURN *** [Ks 3h 4d] [4h]
f5144c10: checks
5a6eda10: checks
*** RIVER *** [Ks 3h 4d 4h] [Ad]
f5144c10: checks
5a6eda10: checks
f5144c10: shows [7c 9c] (Pair of Fours)
5a6eda10: shows [Ts Qs] (Pair of Fours)
*** SHOWDOWN ***
5a6eda10 collected $0.21 from pot
*** SUMMARY ***
Total pot $0.22 | Rake $0.01 | Jackpot $0 | Bingo $0 | Fortune $0 | Tax $0
Board [Ks 3h 4d 4h Ad]
Seat 1: Hero (small blind) folded before Flop
Seat 2: f5144c10 (big blind) showed [7c 9c] and lost with Pair of Fours
Seat 3: 5a6eda10 showed [Ts Qs] and won ($0.21) with Pair of Fours
Seat 4: 8eae32a8 folded before Flop (didn't bet)
Seat 5: d3caf6c0 folded before Flop (didn't bet)
Seat 6: 4dae6363 (button) folded before Flop (didn't bet)


Poker Hand #HD1713609517: Hold'em No Limit ($0.02/$0.05) - 2024/04/03 12:00:12
Table 'NLHBlue24' 6-max Seat #5 is the button
Seat 1: Hero ($5 in chips)
Seat 3: 5a6eda10 ($7.9 in chips)
Seat 4: 8eae32a8 ($7.34 in chips)
Seat 5: d3caf6c0 ($5 in chips)
Seat 6: 4dae6363 ($5.29 in chips)
4dae6363: posts small blind $0.02
Hero: posts big blind $0.05
*** HOLE CARDS ***
Dealt to Hero [2h Ad]
Dealt to 5a6eda10 
Dealt to 8eae32a8 
Dealt to d3caf6c0 
Dealt to 4dae6363 
5a6eda10: folds
8eae32a8: folds
d3caf6c0: folds
4dae6363: folds
Uncalled bet ($0.03) returned to Hero
*** SHOWDOWN ***
Hero collected $0.04 from pot
*** SUMMARY ***
Total pot $0.04 | Rake $0 | Jackpot $0 | Bingo $0 | Fortune $0 | Tax $0
Seat 1: Hero (big blind) collected ($0.04)
Seat 3: 5a6eda10 folded before Flop (didn't bet)
Seat 4: 8eae32a8 folded before Flop (didn't bet)
Seat 5: d3caf6c0 (button) folded before Flop (didn't bet)
Seat 6: 4dae6363 (small blind) folded before Flop


