Poker Hand #HD1721402853: Hold'em No Limit ($0.02/$0.05) - 2024/04/08 18:32:19
Table 'NLHBlue13' 6-max Seat #5 is the button
Seat 1: Hero ($8.23 in chips)
Seat 2: 378b5821 ($3.12 in chips)
Seat 4: d760a0fc ($5.75 in chips)
Seat 5: 9c3cc6f ($5.85 in chips)
Seat 6: 8e61e75 ($5 in chips)
8e61e75: posts small blind $0.02
Hero: posts big blind $0.05
*** HOLE CARDS ***
Dealt to Hero [Ah Th]
Dealt to 378b5821 
Dealt to d760a0fc 
Dealt to 9c3cc6f 
Dealt to 8e61e75 
378b5821: raises $0.05 to $0.1
d760a0fc: folds
9c3cc6f: calls $0.1
8e61e75: folds
Hero: raises $0.35 to $0.45
378b5821: folds
9c3cc6f: folds
Uncalled bet ($0.35) returned to Hero
*** SHOWDOWN ***
Hero collected $0.31 from pot
*** SUMMARY ***
Total pot $0.32 | Rake $0.01 | Jackpot $0 | Bingo $0 | Fortune $0 | Tax $0
Seat 1: Hero (big blind) collected ($0.31)
Seat 2: 378b5821 folded before Flop
Seat 4: d760a0fc folded before Flop (didn't bet)
Seat 5: 9c3cc6f (button) folded before Flop
Seat 6: 8e61e75 (small blind) folded before Flop


Poker Hand #HD1721402785: Hold'em No Limit ($0.02/$0.05) - 2024/04/08 18:31:51
Table 'NLHBlue13' 6-max Seat #4 is the button
Seat 1: Hero ($8.23 in chips)
Seat 2: 378b5821 ($3.12 in chips)
Seat 4: d760a0fc ($5.75 in chips)
Seat 5: 9c3cc6f ($5.76 in chips)
Seat 6: 8e61e75 ($5 in chips)
9c3cc6f: posts small blind $0.02
8e61e75: posts big blind $0.05
*** HOLE CARDS ***
Dealt to Hero [9c Qs]
Dealt to 378b5821 
Dealt to d760a0fc 
Dealt to 9c3cc6f 
Dealt to 8e61e75 
Hero: folds
378b5821: folds
d760a0fc: folds
9c3cc6f: calls $0.03
8e61e75: checks
*** FLOP *** [7d Ah 9s]
9c3cc6f: bets $0.05
8e61e75: calls $0.05
*** TURN *** [7d Ah 9s] [9d]
9c3cc6f: bets $0.1
8e61e75: folds
Uncalled bet ($0.1) returned to 9c3cc6f
*** SHOWDOWN ***
9c3cc6f collected $0.19 from pot
*** SUMMARY ***
Total pot $0.2 | Rake $0.01 | Jackpot $0 | Bingo $0 | Fortune $0 | Tax $0
Board [7d Ah 9s 9d]
Seat 1: Hero folded before Flop (didn't bet)
Seat 2: 378b5821 folded before Flop (didn't bet)
Seat 4: d760a0fc (button) folded before Flop (didn't bet)
Seat 5: 9c3cc6f (small blind) won ($0.19)
Seat 6: 8e61e75 (big blind) folded on the Turn


Poker Hand #HD1721402661: Hold'em No Limit ($0.02/$0.05) - 2024/04/08 18:31:06
Table 'NLHBlue13' 6-max Seat #2 is the button
Seat 1: Hero ($8.23 in chips)
Seat 2: 378b5821 ($3.12 in chips)
Seat 4: d760a0fc ($6 in chips)
Seat 5: 9c3cc6f ($5.53 in chips)
Seat 6: 8e61e75 ($5 in chips)
d760a0fc: posts small blind $0.02
9c3cc6f: posts big blind $0.05
*** HOLE CARDS ***
Dealt to Hero [4d 6h]
Dealt to 378b5821 
Dealt to d760a0fc 
Dealt to 9c3cc6f 
Dealt to 8e61e75 
8e61e75: folds
Hero: folds
378b5821: folds
d760a0fc: raises $0.1 to $0.15
9c3cc6f: calls $0.1
*** FLOP *** [8h 9c Ac]
d760a0fc: bets $0.1
9c3cc6f: calls $0.1
*** TURN *** [8h 9c Ac] [Jd]
d760a0fc: checks
9c3cc6f: bets $0.25
d760a0fc: folds
Uncalled bet ($0.25) returned to 9c3cc6f
*** SHOWDOWN ***
9c3cc6f collected $0.48 from pot
*** SUMMARY ***
Total pot $0.5 | Rake $0.02 | Jackpot $0 | Bingo $0 | Fortune $0 | Tax $0
Board [8h 9c Ac Jd]
Seat 1: Hero folded before Flop (didn't bet)
Seat 2: 378b5821 (button) folded before Flop (didn't bet)
Seat 4: d760a0fc (small blind) folded on the Turn
Seat 5: 9c3cc6f (big blind) won ($0.48)
Seat 6: 8e61e75 folded before Flop (didn't bet)


Poker Hand #HD1721402572: Hold'em No Limit ($0.02/$0.05) - 2024/04/08 18:30:34
Table 'NLHBlue13' 6-max Seat #1 is the button
Seat 1: Hero ($8.06 in chips)
Seat 2: 378b5821 ($3.25 in chips)
Seat 4: d760a0fc ($6.05 in chips)
Seat 5: 9c3cc6f ($5.53 in chips)
Seat 6: 8e61e75 ($5 in chips)
378b5821: posts small blind $0.02
d760a0fc: posts big blind $0.05
*** HOLE CARDS ***
Dealt to Hero [Qs Qh]
Dealt to 378b5821 
Dealt to d760a0fc 
Dealt to 9c3cc6f 
Dealt to 8e61e75 
9c3cc6f: folds
8e61e75: folds
Hero: raises $0.08 to $0.13
378b5821: calls $0.11
d760a0fc: folds
*** FLOP *** [5h Kh Jh]
378b5821: checks
Hero: bets $0.15
378b5821: folds
Uncalled bet ($0.15) returned to Hero
*** SHOWDOWN ***
Hero collected $0.3 from pot
*** SUMMARY ***
Total pot $0.31 | Rake $0.01 | Jackpot $0 | Bingo $0 | Fortune $0 | Tax $0
Board [5h Kh Jh]
Seat 1: Hero (button) won ($0.3)
Seat 2: 378b5821 (small blind) folded on the Flop
Seat 4: d760a0fc (big blind) folded before Flop
Seat 5: 9c3cc6f folded before Flop (didn't bet)
Seat 6: 8e61e75 folded before Flop (didn't bet)


Poker Hand #HD1721402496: Hold'em No Limit ($0.02/$0.05) - 2024/04/08 18:30:08
Table 'NLHBlue13' 6-max Seat #6 is the button
Seat 1: Hero ($8.08 in chips)
Seat 2: 378b5821 ($3.46 in chips)
Seat 3: 79e64d08 ($5.12 in chips)
Seat 4: d760a0fc ($6.05 in chips)
Seat 5: 9c3cc6f ($5.32 in chips)
Seat 6: 8e61e75 ($5 in chips)
Hero: posts small blind $0.02
378b5821: posts big blind $0.05
*** HOLE CARDS ***
Dealt to Hero [9h 7h]
Dealt to 378b5821 
Dealt to 79e64d08 
Dealt to d760a0fc 
Dealt to 9c3cc6f 
Dealt to 8e61e75 
79e64d08: folds
d760a0fc: folds
9c3cc6f: raises $0.05 to $0.1
8e61e75: folds
Hero: folds
378b5821: calls $0.05
*** FLOP *** [4s Qd 2s]
378b5821: checks
9c3cc6f: bets $0.11
378b5821: calls $0.11
*** TURN *** [4s Qd 2s] [8h]
378b5821: checks
9c3cc6f: bets $0.33
378b5821: folds
Uncalled bet ($0.33) returned to 9c3cc6f
*** SHOWDOWN ***
9c3cc6f collected $0.42 from pot
*** SUMMARY ***
Total pot $0.44 | Rake $0.02 | Jackpot $0 | Bingo $0 | Fortune $0 | Tax $0
Board [4s Qd 2s 8h]
Seat 1: Hero (small blind) folded before Flop
Seat 2: 378b5821 (big blind) folded on the Turn
Seat 3: 79e64d08 folded before Flop (didn't bet)
Seat 4: d760a0fc folded before Flop (didn't bet)
Seat 5: 9c3cc6f won ($0.42)
Seat 6: 8e61e75 (button) folded before Flop (didn't bet)


Poker Hand #HD1721402402: Hold'em No Limit ($0.02/$0.05) - 2024/04/08 18:29:36
Table 'NLHBlue13' 6-max Seat #5 is the button
Seat 1: Hero ($8.13 in chips)
Seat 2: 378b5821 ($3.46 in chips)
Seat 3: 79e64d08 ($5.05 in chips)
Seat 4: d760a0fc ($6.05 in chips)
Seat 5: 9c3cc6f ($5.32 in chips)
Seat 6: 8e61e75 ($5 in chips)
8e61e75: posts small blind $0.02
Hero: posts big blind $0.05
*** HOLE CARDS ***
Dealt to Hero [5s 7h]
Dealt to 378b5821 
Dealt to 79e64d08 
Dealt to d760a0fc 
Dealt to 9c3cc6f 
Dealt to 8e61e75 
378b5821: folds
79e64d08: raises $0.07 to $0.12
d760a0fc: folds
9c3cc6f: folds
8e61e75: folds
Hero: folds
Uncalled bet ($0.07) returned to 79e64d08
*** SHOWDOWN ***
79e64d08 collected $0.12 from pot
*** SUMMARY ***
Total pot $0.12 | Rake $0 | Jackpot $0 | Bingo $0 | Fortune $0 | Tax $0
Seat 1: Hero (big blind) folded before Flop
Seat 2: 378b5821 folded before Flop (didn't bet)
Seat 3: 79e64d08 collected ($0.12)
Seat 4: d760a0fc folded before Flop (didn't bet)
Seat 5: 9c3cc6f (button) folded before Flop (didn't bet)
Seat 6: 8e61e75 (small blind) folded before Flop


Poker Hand #HD1721402253: Hold'em No Limit ($0.02/$0.05) - 2024/04/08 18:28:42
Table 'NLHBlue13' 6-max Seat #4 is the button
Seat 1: Hero ($8.13 in chips)
Seat 2: 378b5821 ($3.46 in chips)
Seat 3: 79e64d08 ($5.05 in chips)
Seat 4: d760a0fc ($6.17 in chips)
Seat 5: 9c3cc6f ($4.99 in chips)
Seat 6: 8e61e75 ($5 in chips)
9c3cc6f: posts small blind $0.02
8e61e75: posts big blind $0.05
*** HOLE CARDS ***
Dealt to Hero [Ac 9s]
Dealt to 378b5821 
Dealt to 79e64d08 
Dealt to d760a0fc 
Dealt to 9c3cc6f 
Dealt to 8e61e75 
Hero: folds
378b5821: folds
79e64d08: folds
d760a0fc: raises $0.07 to $0.12
9c3cc6f: calls $0.1
8e61e75: calls $0.07
*** FLOP *** [Qs Ah 6d]
9c3cc6f: checks
8e61e75: bets $0.12
d760a0fc: folds
9c3cc6f: calls $0.12
*** TURN *** [Qs Ah 6d] [5h]
9c3cc6f: checks
8e61e75: checks
*** RIVER *** [Qs Ah 6d 5h] [3s]
9c3cc6f: bets $0.3
8e61e75: folds
Uncalled bet ($0.3) returned to 9c3cc6f
*** SHOWDOWN ***
9c3cc6f collected $0.57 from pot
*** SUMMARY ***
Total pot $0.6 | Rake $0.03 | Jackpot $0 | Bingo $0 | Fortune $0 | Tax $0
Board [Qs Ah 6d 5h 3s]
Seat 1: Hero folded before Flop (didn't bet)
Seat 2: 378b5821 folded before Flop (didn't bet)
Seat 3: 79e64d08 folded before Flop (didn't bet)
Seat 4: d760a0fc (button) folded on the Flop
Seat 5: 9c3cc6f (small blind) won ($0.57)
Seat 6: 8e61e75 (big blind) folded on the River


Poker Hand #HD1721402217: Hold'em No Limit ($0.02/$0.05) - 2024/04/08 18:28:26
Table 'NLHBlue13' 6-max Seat #3 is the button
Seat 1: Hero ($8.13 in chips)
Seat 2: 378b5821 ($3.46 in chips)
Seat 3: 79e64d08 ($5.05 in chips)
Seat 4: d760a0fc ($6.19 in chips)
Seat 5: 9c3cc6f ($4.97 in chips)
d760a0fc: posts small blind $0.02
9c3cc6f: posts big blind $0.05
*** HOLE CARDS ***
Dealt to Hero [Td Js]
Dealt to 378b5821 
Dealt to 79e64d08 
Dealt to d760a0fc 
Dealt to 9c3cc6f 
Hero: folds
378b5821: folds
79e64d08: folds
d760a0fc: folds
Uncalled bet ($0.03) returned to 9c3cc6f
*** SHOWDOWN ***
9c3cc6f collected $0.04 from pot
*** SUMMARY ***
Total pot $0.04 | Rake $0 | Jackpot $0 | Bingo $0 | Fortune $0 | Tax $0
Seat 1: Hero folded before Flop (didn't bet)
Seat 2: 378b5821 folded before Flop (didn't bet)
Seat 3: 79e64d08 (button) folded before Flop (didn't bet)
Seat 4: d760a0fc (small blind) folded before Flop
Seat 5: 9c3cc6f (big blind) collected ($0.04)


Poker Hand #HD1721402079: Hold'em No Limit ($0.02/$0.05) - 2024/04/08 18:27:37
Table 'NLHBlue13' 6-max Seat #2 is the button
Seat 1: Hero ($8.13 in chips)
Seat 2: 378b5821 ($3.69 in chips)
Seat 3: 79e64d08 ($5.07 in chips)
Seat 4: d760a0fc ($5.96 in chips)
Seat 5: 9c3cc6f ($4.97 in chips)
79e64d08: posts small blind $0.02
d760a0fc: posts big blind $0.05
*** HOLE CARDS ***
Dealt to Hero [2h 4s]
Dealt to 378b5821 
Dealt to 79e64d08 
Dealt to d760a0fc 
Dealt to 9c3cc6f 
9c3cc6f: folds
Hero: folds
378b5821: raises $0.08 to $0.13
79e64d08: folds
d760a0fc: calls $0.08
*** FLOP *** [3h 8h 5c]
d760a0fc: checks
378b5821: checks
*** TURN *** [3h 8h 5c] [Td]
d760a0fc: bets $0.1
378b5821: calls $0.1
*** RIVER *** [3h 8h 5c Td] [8c]
d760a0fc: bets $0.24
378b5821: folds
Uncalled bet ($0.24) returned to d760a0fc
*** SHOWDOWN ***
d760a0fc collected $0.46 from pot
*** SUMMARY ***
Total pot $0.48 | Rake $0.02 | Jackpot $0 | Bingo $0 | Fortune $0 | Tax $0
Board [3h 8h 5c Td 8c]
Seat 1: Hero folded before Flop (didn't bet)
Seat 2: 378b5821 (button) folded on the River
Seat 3: 79e64d08 (small blind) folded before Flop
Seat 4: d760a0fc (big blind) won ($0.46)
Seat 5: 9c3cc6f folded before Flop (didn't bet)


Poker Hand #HD1721402043: Hold'em No Limit ($0.02/$0.05) - 2024/04/08 18:27:22
Table 'NLHBlue13' 6-max Seat #1 is the button
Seat 1: Hero ($8.13 in chips)
Seat 2: 378b5821 ($3.71 in chips)
Seat 3: 79e64d08 ($5.12 in chips)
Seat 4: d760a0fc ($5.89 in chips)
Seat 5: 9c3cc6f ($4.97 in chips)
378b5821: posts small blind $0.02
79e64d08: posts big blind $0.05
*** HOLE CARDS ***
Dealt to Hero [Kd 4h]
Dealt to 378b5821 
Dealt to 79e64d08 
Dealt to d760a0fc 
Dealt to 9c3cc6f 
d760a0fc: raises $0.07 to $0.12
9c3cc6f: folds
Hero: folds
378b5821: folds
79e64d08: folds
Uncalled bet ($0.07) returned to d760a0fc
*** SHOWDOWN ***
d760a0fc collected $0.12 from pot
*** SUMMARY ***
Total pot $0.12 | Rake $0 | Jackpot $0 | Bingo $0 | Fortune $0 | Tax $0
Seat 1: Hero (button) folded before Flop (didn't bet)
Seat 2: 378b5821 (small blind) folded before Flop
Seat 3: 79e64d08 (big blind) folded before Flop
Seat 4: d760a0fc collected ($0.12)
Seat 5: 9c3cc6f folded before Flop (didn't bet)


Poker Hand #HD1721401964: Hold'em No Limit ($0.02/$0.05) - 2024/04/08 18:26:54
Table 'NLHBlue13' 6-max Seat #5 is the button
Seat 1: Hero ($8.15 in chips)
Seat 2: 378b5821 ($3.76 in chips)
Seat 3: 79e64d08 ($4.94 in chips)
Seat 4: d760a0fc ($5.89 in chips)
Seat 5: 9c3cc6f ($5.09 in chips)
Hero: posts small blind $0.02
378b5821: posts big blind $0.05
*** HOLE CARDS ***
Dealt to Hero [5h Td]
Dealt to 378b5821 
Dealt to 79e64d08 
Dealt to d760a0fc 
Dealt to 9c3cc6f 
79e64d08: raises $0.07 to $0.12
d760a0fc: folds
9c3cc6f: calls $0.12
Hero: folds
378b5821: folds
*** FLOP *** [Qd Kc 4s]
79e64d08: bets $0.12
9c3cc6f: folds
Uncalled bet ($0.12) returned to 79e64d08
*** SHOWDOWN ***
79e64d08 collected $0.3 from pot
*** SUMMARY ***
Total pot $0.31 | Rake $0.01 | Jackpot $0 | Bingo $0 | Fortune $0 | Tax $0
Board [Qd Kc 4s]
Seat 1: Hero (small blind) folded before Flop
Seat 2: 378b5821 (big blind) folded before Flop
Seat 3: 79e64d08 won ($0.3)
Seat 4: d760a0fc folded before Flop (didn't bet)
Seat 5: 9c3cc6f (button) folded on the Flop


Poker Hand #HD1721401788: Hold'em No Limit ($0.02/$0.05) - 2024/04/08 18:25:44
Table 'NLHBlue13' 6-max Seat #4 is the button
Seat 1: Hero ($7.93 in chips)
Seat 2: 378b5821 ($3.76 in chips)
Seat 3: 79e64d08 ($5.16 in chips)
Seat 4: d760a0fc ($5.89 in chips)
Seat 5: 9c3cc6f ($5.11 in chips)
9c3cc6f: posts small blind $0.02
Hero: posts big blind $0.05
*** HOLE CARDS ***
Dealt to Hero [Th Ah]
Dealt to 378b5821 
Dealt to 79e64d08 
Dealt to d760a0fc 
Dealt to 9c3cc6f 
378b5821: folds
79e64d08: raises $0.07 to $0.12
d760a0fc: folds
9c3cc6f: folds
Hero: calls $0.07
*** FLOP *** [Qc 2s Td]
Hero: checks
79e64d08: bets $0.1
Hero: calls $0.1
*** TURN *** [Qc 2s Td] [9c]
Hero: checks
79e64d08: checks
*** RIVER *** [Qc 2s Td 9c] [8c]
Hero: checks
79e64d08: checks
Hero: shows [Th Ah] (Pair of Tens)
79e64d08: shows [6c 6d] (Pair of Sixes)
*** SHOWDOWN ***
Hero collected $0.44 from pot
*** SUMMARY ***
Total pot $0.46 | Rake $0.02 | Jackpot $0 | Bingo $0 | Fortune $0 | Tax $0
Board [Qc 2s Td 9c 8c]
Seat 1: Hero (big blind) showed [Th Ah] and won ($0.44) with Pair of Tens
Seat 2: 378b5821 folded before Flop (didn't bet)
Seat 3: 79e64d08 showed [6c 6d] and lost with Pair of Sixes
Seat 4: d760a0fc (button) folded before Flop (didn't bet)
Seat 5: 9c3cc6f (small blind) folded before Flop


Poker Hand #HD1721401664: Hold'em No Limit ($0.02/$0.05) - 2024/04/08 18:24:53
Table 'NLHBlue13' 6-max Seat #3 is the button
Seat 1: Hero ($7.93 in chips)
Seat 2: 378b5821 ($3.86 in chips)
Seat 3: 79e64d08 ($5.16 in chips)
Seat 4: d760a0fc ($5.91 in chips)
Seat 5: 9c3cc6f ($5 in chips)
d760a0fc: posts small blind $0.02
9c3cc6f: posts big blind $0.05
*** HOLE CARDS ***
Dealt to Hero [9h Jc]
Dealt to 378b5821 
Dealt to 79e64d08 
Dealt to d760a0fc 
Dealt to 9c3cc6f 
Hero: folds
378b5821: raises $0.05 to $0.1
79e64d08: folds
d760a0fc: folds
9c3cc6f: calls $0.05
*** FLOP *** [Kh Tc Js]
9c3cc6f: checks
378b5821: checks
*** TURN *** [Kh Tc Js] [Td]
9c3cc6f: bets $0.11
378b5821: folds
Uncalled bet ($0.11) returned to 9c3cc6f
*** SHOWDOWN ***
9c3cc6f collected $0.21 from pot
*** SUMMARY ***
Total pot $0.22 | Rake $0.01 | Jackpot $0 | Bingo $0 | Fortune $0 | Tax $0
Board [Kh Tc Js Td]
Seat 1: Hero folded before Flop (didn't bet)
Seat 2: 378b5821 folded on the Turn
Seat 3: 79e64d08 (button) folded before Flop (didn't bet)
Seat 4: d760a0fc (small blind) folded before Flop
Seat 5: 9c3cc6f (big blind) won ($0.21)


Poker Hand #HD1721401589: Hold'em No Limit ($0.02/$0.05) - 2024/04/08 18:24:28
Table 'NLHBlue13' 6-max Seat #2 is the button
Seat 1: Hero ($7.93 in chips)
Seat 2: 378b5821 ($3.86 in chips)
Seat 3: 79e64d08 ($5.18 in chips)
Seat 4: d760a0fc ($5.89 in chips)
Seat 5: 9c3cc6f ($5 in chips)
79e64d08: posts small blind $0.02
d760a0fc: posts big blind $0.05
*** HOLE CARDS ***
Dealt to Hero [4d 9c]
Dealt to 378b5821 
Dealt to 79e64d08 
Dealt to d760a0fc 
Dealt to 9c3cc6f 
9c3cc6f: folds
Hero: folds
378b5821: folds
79e64d08: folds
Uncalled bet ($0.03) returned to d760a0fc
*** SHOWDOWN ***
d760a0fc collected $0.04 from pot
*** SUMMARY ***
Total pot $0.04 | Rake $0 | Jackpot $0 | Bingo $0 | Fortune $0 | Tax $0
Seat 1: Hero folded before Flop (didn't bet)
Seat 2: 378b5821 (button) folded before Flop (didn't bet)
Seat 3: 79e64d08 (small blind) folded before Flop
Seat 4: d760a0fc (big blind) collected ($0.04)
Seat 5: 9c3cc6f folded before Flop (didn't bet)


Poker Hand #HD1721401528: Hold'em No Limit ($0.02/$0.05) - 2024/04/08 18:24:03
Table 'NLHBlue13' 6-max Seat #1 is the button
Seat 1: Hero ($7.86 in chips)
Seat 2: 378b5821 ($3.88 in chips)
Seat 3: 79e64d08 ($5.23 in chips)
Seat 4: d760a0fc ($5.89 in chips)
Seat 5: 9c3cc6f ($5 in chips)
378b5821: posts small blind $0.02
79e64d08: posts big blind $0.05
*** HOLE CARDS ***
Dealt to Hero [As 3s]
Dealt to 378b5821 
Dealt to 79e64d08 
Dealt to d760a0fc 
Dealt to 9c3cc6f 
d760a0fc: folds
9c3cc6f: folds
Hero: raises $0.08 to $0.13
378b5821: folds
79e64d08: folds
Uncalled bet ($0.08) returned to Hero
*** SHOWDOWN ***
Hero collected $0.12 from pot
*** SUMMARY ***
Total pot $0.12 | Rake $0 | Jackpot $0 | Bingo $0 | Fortune $0 | Tax $0
Seat 1: Hero (button) collected ($0.12)
Seat 2: 378b5821 (small blind) folded before Flop
Seat 3: 79e64d08 (big blind) folded before Flop
Seat 4: d760a0fc folded before Flop (didn't bet)
Seat 5: 9c3cc6f folded before Flop (didn't bet)


Poker Hand #HD1721401467: Hold'em No Limit ($0.02/$0.05) - 2024/04/08 18:23:41
Table 'NLHBlue13' 6-max Seat #5 is the button
Seat 1: Hero ($7.88 in chips)
Seat 2: 378b5821 ($3.86 in chips)
Seat 3: 79e64d08 ($5.23 in chips)
Seat 4: d760a0fc ($5.89 in chips)
Seat 5: 9c3cc6f ($5 in chips)
Hero: posts small blind $0.02
378b5821: posts big blind $0.05
*** HOLE CARDS ***
Dealt to Hero [5s 8d]
Dealt to 378b5821 
Dealt to 79e64d08 
Dealt to d760a0fc 
Dealt to 9c3cc6f 
79e64d08: folds
d760a0fc: folds
9c3cc6f: folds
Hero: folds
Uncalled bet ($0.03) returned to 378b5821
*** SHOWDOWN ***
378b5821 collected $0.04 from pot
*** SUMMARY ***
Total pot $0.04 | Rake $0 | Jackpot $0 | Bingo $0 | Fortune $0 | Tax $0
Seat 1: Hero (small blind) folded before Flop
Seat 2: 378b5821 (big blind) collected ($0.04)
Seat 3: 79e64d08 folded before Flop (didn't bet)
Seat 4: d760a0fc folded before Flop (didn't bet)
Seat 5: 9c3cc6f (button) folded before Flop (didn't bet)


Poker Hand #HD1721401433: Hold'em No Limit ($0.02/$0.05) - 2024/04/08 18:23:26
Table 'NLHBlue13' 6-max Seat #4 is the button
Seat 1: Hero ($7.93 in chips)
Seat 2: 378b5821 ($3.86 in chips)
Seat 3: 79e64d08 ($5.23 in chips)
Seat 4: d760a0fc ($5.89 in chips)
Seat 5: 9c3cc6f ($4.95 in chips)
9c3cc6f: posts small blind $0.02
Hero: posts big blind $0.05
*** HOLE CARDS ***
Dealt to Hero [3h 6c]
Dealt to 378b5821 
Dealt to 79e64d08 
Dealt to d760a0fc 
Dealt to 9c3cc6f 
378b5821: folds
79e64d08: folds
d760a0fc: folds
9c3cc6f: raises $0.1 to $0.15
Hero: folds
Uncalled bet ($0.1) returned to 9c3cc6f
*** SHOWDOWN ***
9c3cc6f collected $0.1 from pot
*** SUMMARY ***
Total pot $0.1 | Rake $0 | Jackpot $0 | Bingo $0 | Fortune $0 | Tax $0
Seat 1: Hero (big blind) folded before Flop
Seat 2: 378b5821 folded before Flop (didn't bet)
Seat 3: 79e64d08 folded before Flop (didn't bet)
Seat 4: d760a0fc (button) folded before Flop (didn't bet)
Seat 5: 9c3cc6f (small blind) collected ($0.1)


Poker Hand #HD1721401387: Hold'em No Limit ($0.02/$0.05) - 2024/04/08 18:23:09
Table 'NLHBlue13' 6-max Seat #3 is the button
Seat 1: Hero ($7.93 in chips)
Seat 2: 378b5821 ($3.86 in chips)
Seat 3: 79e64d08 ($5.23 in chips)
Seat 4: d760a0fc ($5.84 in chips)
Seat 5: 9c3cc6f ($5 in chips)
d760a0fc: posts small blind $0.02
9c3cc6f: posts big blind $0.05
*** HOLE CARDS ***
Dealt to Hero [Jd 5d]
Dealt to 378b5821 
Dealt to 79e64d08 
Dealt to d760a0fc 
Dealt to 9c3cc6f 
Hero: folds
378b5821: folds
79e64d08: folds
d760a0fc: raises $0.1 to $0.15
9c3cc6f: folds
Uncalled bet ($0.1) returned to d760a0fc
*** SHOWDOWN ***
d760a0fc collected $0.1 from pot
*** SUMMARY ***
Total pot $0.1 | Rake $0 | Jackpot $0 | Bingo $0 | Fortune $0 | Tax $0
Seat 1: Hero folded before Flop (didn't bet)
Seat 2: 378b5821 folded before Flop (didn't bet)
Seat 3: 79e64d08 (button) folded before Flop (didn't bet)
Seat 4: d760a0fc (small blind) collected ($0.1)
Seat 5: 9c3cc6f (big blind) folded before Flop


Poker Hand #HD1721401378: Hold'em No Limit ($0.02/$0.05) - 2024/04/08 18:23:02
Table 'NLHBlue13' 6-max Seat #2 is the button
Seat 1: Hero ($7.93 in chips)
Seat 2: 378b5821 ($3.86 in chips)
Seat 3: 79e64d08 ($5.25 in chips)
Seat 4: d760a0fc ($5.82 in chips)
79e64d08: posts small blind $0.02
d760a0fc: posts big blind $0.05
*** HOLE CARDS ***
Dealt to Hero [6h 5d]
Dealt to 378b5821 
Dealt to 79e64d08 
Dealt to d760a0fc 
Hero: folds
378b5821: folds
79e64d08: folds
Uncalled bet ($0.03) returned to d760a0fc
*** SHOWDOWN ***
d760a0fc collected $0.04 from pot
*** SUMMARY ***
Total pot $0.04 | Rake $0 | Jackpot $0 | Bingo $0 | Fortune $0 | Tax $0
Seat 1: Hero folded before Flop (didn't bet)
Seat 2: 378b5821 (button) folded before Flop (didn't bet)
Seat 3: 79e64d08 (small blind) folded before Flop
Seat 4: d760a0fc (big blind) collected ($0.04)


Poker Hand #HD1721401355: Hold'em No Limit ($0.02/$0.05) - 2024/04/08 18:22:56
Table 'NLHBlue13' 6-max Seat #1 is the button
Seat 1: Hero ($7.93 in chips)
Seat 2: 378b5821 ($3.88 in chips)
Seat 3: 79e64d08 ($5.23 in chips)
Seat 4: d760a0fc ($5.82 in chips)
378b5821: posts small blind $0.02
79e64d08: posts big blind $0.05
*** HOLE CARDS ***
Dealt to Hero [5s 2d]
Dealt to 378b5821 
Dealt to 79e64d08 
Dealt to d760a0fc 
d760a0fc: folds
Hero: folds
378b5821: folds
Uncalled bet ($0.03) returned to 79e64d08
*** SHOWDOWN ***
79e64d08 collected $0.04 from pot
*** SUMMARY ***
Total pot $0.04 | Rake $0 | Jackpot $0 | Bingo $0 | Fortune $0 | Tax $0
Seat 1: Hero (button) folded before Flop (didn't bet)
Seat 2: 378b5821 (small blind) folded before Flop
Seat 3: 79e64d08 (big blind) collected ($0.04)
Seat 4: d760a0fc folded before Flop (didn't bet)


Poker Hand #HD1721401321: Hold'em No Limit ($0.02/$0.05) - 2024/04/08 18:22:44
Table 'NLHBlue13' 6-max Seat #4 is the button
Seat 1: Hero ($7.88 in chips)
Seat 2: 378b5821 ($3.93 in chips)
Seat 3: 79e64d08 ($5.23 in chips)
Seat 4: d760a0fc ($5.82 in chips)
Hero: posts small blind $0.02
378b5821: posts big blind $0.05
*** HOLE CARDS ***
Dealt to Hero [Ad Td]
Dealt to 378b5821 
Dealt to 79e64d08 
Dealt to d760a0fc 
79e64d08: folds
d760a0fc: folds
Hero: raises $0.1 to $0.15
378b5821: folds
Uncalled bet ($0.1) returned to Hero
*** SHOWDOWN ***
Hero collected $0.1 from pot
*** SUMMARY ***
Total pot $0.1 | Rake $0 | Jackpot $0 | Bingo $0 | Fortune $0 | Tax $0
Seat 1: Hero (small blind) collected ($0.1)
Seat 2: 378b5821 (big blind) folded before Flop
Seat 3: 79e64d08 folded before Flop (didn't bet)
Seat 4: d760a0fc (button) folded before Flop (didn't bet)


Poker Hand #HD1721401289: Hold'em No Limit ($0.02/$0.05) - 2024/04/08 18:22:30
Table 'NLHBlue13' 6-max Seat #3 is the button
Seat 1: Hero ($7.93 in chips)
Seat 2: 378b5821 ($3.86 in chips)
Seat 3: 79e64d08 ($5.23 in chips)
Seat 4: d760a0fc ($5.84 in chips)
d760a0fc: posts small blind $0.02
Hero: posts big blind $0.05
*** HOLE CARDS ***
Dealt to Hero [9d Js]
Dealt to 378b5821 
Dealt to 79e64d08 
Dealt to d760a0fc 
378b5821: raises $0.05 to $0.1
79e64d08: folds
d760a0fc: folds
Hero: folds
Uncalled bet ($0.05) returned to 378b5821
*** SHOWDOWN ***
378b5821 collected $0.12 from pot
*** SUMMARY ***
Total pot $0.12 | Rake $0 | Jackpot $0 | Bingo $0 | Fortune $0 | Tax $0
Seat 1: Hero (big blind) folded before Flop
Seat 2: 378b5821 collected ($0.12)
Seat 3: 79e64d08 (button) folded before Flop (didn't bet)
Seat 4: d760a0fc (small blind) folded before Flop


Poker Hand #HD1721401138: Hold'em No Limit ($0.02/$0.05) - 2024/04/08 18:21:29
Table 'NLHBlue13' 6-max Seat #2 is the button
Seat 1: Hero ($7.29 in chips)
Seat 2: 378b5821 ($3.86 in chips)
Seat 3: 79e64d08 ($5.25 in chips)
Seat 4: d760a0fc ($6.52 in chips)
Seat 5: 2ca5838e ($5.49 in chips)
79e64d08: posts small blind $0.02
d760a0fc: posts big blind $0.05
*** HOLE CARDS ***
Dealt to Hero [6c 6h]
Dealt to 378b5821 
Dealt to 79e64d08 
Dealt to d760a0fc 
Dealt to 2ca5838e 
2ca5838e: folds
Hero: raises $0.08 to $0.13
378b5821: folds
79e64d08: folds
d760a0fc: calls $0.08
*** FLOP *** [3h 3c Ts]
d760a0fc: checks
Hero: bets $0.1
d760a0fc: calls $0.1
*** TURN *** [3h 3c Ts] [4d]
d760a0fc: checks
Hero: checks
*** RIVER *** [3h 3c Ts 4d] [6d]
d760a0fc: checks
Hero: bets $0.45
d760a0fc: calls $0.45
Hero: shows [6c 6h] (Sixes Full over Treys)
d760a0fc: shows [Jh As] (Pair of Treys)
*** SHOWDOWN ***
Hero collected $1.32 from pot
*** SUMMARY ***
Total pot $1.38 | Rake $0.06 | Jackpot $0 | Bingo $0 | Fortune $0 | Tax $0
Board [3h 3c Ts 4d 6d]
Seat 1: Hero showed [6c 6h] and won ($1.32) with Sixes Full over Treys
Seat 2: 378b5821 (button) folded before Flop (didn't bet)
Seat 3: 79e64d08 (small blind) folded before Flop
Seat 4: d760a0fc (big blind) showed [Jh As] and lost with Pair of Treys
Seat 5: 2ca5838e folded before Flop (didn't bet)


Poker Hand #HD1721401048: Hold'em No Limit ($0.02/$0.05) - 2024/04/08 18:20:59
Table 'NLHBlue13' 6-max Seat #1 is the button
Seat 1: Hero ($7.29 in chips)
Seat 2: 378b5821 ($3.81 in chips)
Seat 3: 79e64d08 ($5.3 in chips)
Seat 4: d760a0fc ($6.52 in chips)
Seat 5: 2ca5838e ($5.49 in chips)
378b5821: posts small blind $0.02
79e64d08: posts big blind $0.05
*** HOLE CARDS ***
Dealt to Hero [9s 6h]
Dealt to 378b5821 
Dealt to 79e64d08 
Dealt to d760a0fc 
Dealt to 2ca5838e 
d760a0fc: folds
2ca5838e: folds
Hero: folds
378b5821: raises $0.05 to $0.1
79e64d08: folds
Uncalled bet ($0.05) returned to 378b5821
*** SHOWDOWN ***
378b5821 collected $0.1 from pot
*** SUMMARY ***
Total pot $0.1 | Rake $0 | Jackpot $0 | Bingo $0 | Fortune $0 | Tax $0
Seat 1: Hero (button) folded before Flop (didn't bet)
Seat 2: 378b5821 (small blind) collected ($0.1)
Seat 3: 79e64d08 (big blind) folded before Flop
Seat 4: d760a0fc folded before Flop (didn't bet)
Seat 5: 2ca5838e folded before Flop (didn't bet)


Poker Hand #HD1721401000: Hold'em No Limit ($0.02/$0.05) - 2024/04/08 18:20:37
Table 'NLHBlue13' 6-max Seat #5 is the button
Seat 1: Hero ($7.24 in chips)
Seat 2: 378b5821 ($3.86 in chips)
Seat 3: 79e64d08 ($5.3 in chips)
Seat 4: d760a0fc ($6.52 in chips)
Seat 5: 2ca5838e ($5.49 in chips)
Hero: posts small blind $0.02
378b5821: posts big blind $0.05
*** HOLE CARDS ***
Dealt to Hero [Js Th]
Dealt to 378b5821 
Dealt to 79e64d08 
Dealt to d760a0fc 
Dealt to 2ca5838e 
79e64d08: folds
d760a0fc: folds
2ca5838e: folds
Hero: raises $0.1 to $0.15
378b5821: folds
Uncalled bet ($0.1) returned to Hero
*** SHOWDOWN ***
Hero collected $0.1 from pot
*** SUMMARY ***
Total pot $0.1 | Rake $0 | Jackpot $0 | Bingo $0 | Fortune $0 | Tax $0
Seat 1: Hero (small blind) collected ($0.1)
Seat 2: 378b5821 (big blind) folded before Flop
Seat 3: 79e64d08 folded before Flop (didn't bet)
Seat 4: d760a0fc folded before Flop (didn't bet)
Seat 5: 2ca5838e (button) folded before Flop (didn't bet)


Poker Hand #HD1721400947: Hold'em No Limit ($0.02/$0.05) - 2024/04/08 18:20:21
Table 'NLHBlue13' 6-max Seat #4 is the button
Seat 1: Hero ($7.29 in chips)
Seat 2: 378b5821 ($3.86 in chips)
Seat 3: 79e64d08 ($5.42 in chips)
Seat 4: d760a0fc ($6.34 in chips)
Seat 5: 2ca5838e ($5.51 in chips)
2ca5838e: posts small blind $0.02
Hero: posts big blind $0.05
*** HOLE CARDS ***
Dealt to Hero [7h 8d]
Dealt to 378b5821 
Dealt to 79e64d08 
Dealt to d760a0fc 
Dealt to 2ca5838e 
378b5821: folds
79e64d08: raises $0.07 to $0.12
d760a0fc: raises $0.38 to $0.5
2ca5838e: folds
Hero: folds
79e64d08: folds
Uncalled bet ($0.38) returned to d760a0fc
*** SHOWDOWN ***
d760a0fc collected $0.3 from pot
*** SUMMARY ***
Total pot $0.31 | Rake $0.01 | Jackpot $0 | Bingo $0 | Fortune $0 | Tax $0
Seat 1: Hero (big blind) folded before Flop
Seat 2: 378b5821 folded before Flop (didn't bet)
Seat 3: 79e64d08 folded before Flop
Seat 4: d760a0fc (button) collected ($0.3)
Seat 5: 2ca5838e (small blind) folded before Flop


Poker Hand #HD1721400887: Hold'em No Limit ($0.02/$0.05) - 2024/04/08 18:19:58
Table 'NLHBlue13' 6-max Seat #3 is the button
Seat 1: Hero ($7.29 in chips)
Seat 2: 378b5821 ($3.86 in chips)
Seat 3: 79e64d08 ($5.42 in chips)
Seat 4: d760a0fc ($6.36 in chips)
Seat 5: 2ca5838e ($5.49 in chips)
d760a0fc: posts small blind $0.02
2ca5838e: posts big blind $0.05
*** HOLE CARDS ***
Dealt to Hero [9h 4c]
Dealt to 378b5821 
Dealt to 79e64d08 
Dealt to d760a0fc 
Dealt to 2ca5838e 
Hero: folds
378b5821: folds
79e64d08: folds
d760a0fc: folds
Uncalled bet ($0.03) returned to 2ca5838e
*** SHOWDOWN ***
2ca5838e collected $0.04 from pot
*** SUMMARY ***
Total pot $0.04 | Rake $0 | Jackpot $0 | Bingo $0 | Fortune $0 | Tax $0
Seat 1: Hero folded before Flop (didn't bet)
Seat 2: 378b5821 folded before Flop (didn't bet)
Seat 3: 79e64d08 (button) folded before Flop (didn't bet)
Seat 4: d760a0fc (small blind) folded before Flop
Seat 5: 2ca5838e (big blind) collected ($0.04)


Poker Hand #HD1721400809: Hold'em No Limit ($0.02/$0.05) - 2024/04/08 18:19:28
Table 'NLHBlue13' 6-max Seat #2 is the button
Seat 1: Hero ($7.29 in chips)
Seat 2: 378b5821 ($3.86 in chips)
Seat 3: 79e64d08 ($5.44 in chips)
Seat 4: d760a0fc ($6.41 in chips)
Seat 5: 2ca5838e ($5.42 in chips)
79e64d08: posts small blind $0.02
d760a0fc: posts big blind $0.05
*** HOLE CARDS ***
Dealt to Hero [2d 4h]
Dealt to 378b5821 
Dealt to 79e64d08 
Dealt to d760a0fc 
Dealt to 2ca5838e 
2ca5838e: calls $0.05
Hero: folds
378b5821: folds
79e64d08: folds
d760a0fc: checks
*** FLOP *** [Ah Js Tc]
d760a0fc: checks
2ca5838e: bets $0.1
d760a0fc: folds
Uncalled bet ($0.1) returned to 2ca5838e
*** SHOWDOWN ***
2ca5838e collected $0.12 from pot
*** SUMMARY ***
Total pot $0.12 | Rake $0 | Jackpot $0 | Bingo $0 | Fortune $0 | Tax $0
Board [Ah Js Tc]
Seat 1: Hero folded before Flop (didn't bet)
Seat 2: 378b5821 (button) folded before Flop (didn't bet)
Seat 3: 79e64d08 (small blind) folded before Flop
Seat 4: d760a0fc (big blind) folded on the Flop
Seat 5: 2ca5838e won ($0.12)


Poker Hand #HD1721400729: Hold'em No Limit ($0.02/$0.05) - 2024/04/08 18:18:53
Table 'NLHBlue13' 6-max Seat #1 is the button
Seat 1: Hero ($7.74 in chips)
Seat 2: 378b5821 ($3.88 in chips)
Seat 3: 79e64d08 ($5.49 in chips)
Seat 4: d760a0fc ($6.41 in chips)
Seat 5: 2ca5838e ($4.94 in chips)
378b5821: posts small blind $0.02
79e64d08: posts big blind $0.05
*** HOLE CARDS ***
Dealt to Hero [Ah Qh]
Dealt to 378b5821 
Dealt to 79e64d08 
Dealt to d760a0fc 
Dealt to 2ca5838e 
d760a0fc: folds
2ca5838e: raises $0.1 to $0.15
Hero: raises $0.3 to $0.45
378b5821: folds
79e64d08: folds
2ca5838e: raises $4.49 to $4.94 and is all-in
Hero: folds
Uncalled bet ($4.49) returned to 2ca5838e
*** SHOWDOWN ***
2ca5838e collected $0.93 from pot
*** SUMMARY ***
Total pot $0.97 | Rake $0.04 | Jackpot $0 | Bingo $0 | Fortune $0 | Tax $0
Seat 1: Hero (button) folded before Flop
Seat 2: 378b5821 (small blind) folded before Flop
Seat 3: 79e64d08 (big blind) folded before Flop
Seat 4: d760a0fc folded before Flop (didn't bet)
Seat 5: 2ca5838e collected ($0.93)


Poker Hand #HD1721400684: Hold'em No Limit ($0.02/$0.05) - 2024/04/08 18:18:37
Table 'NLHBlue13' 6-max Seat #5 is the button
Seat 1: Hero ($7.76 in chips)
Seat 2: 378b5821 ($3.93 in chips)
Seat 3: 79e64d08 ($5.49 in chips)
Seat 4: d760a0fc ($6.41 in chips)
Seat 5: 2ca5838e ($4.87 in chips)
Hero: posts small blind $0.02
378b5821: posts big blind $0.05
*** HOLE CARDS ***
Dealt to Hero [Ks 4h]
Dealt to 378b5821 
Dealt to 79e64d08 
Dealt to d760a0fc 
Dealt to 2ca5838e 
79e64d08: folds
d760a0fc: folds
2ca5838e: raises $0.1 to $0.15
Hero: folds
378b5821: folds
Uncalled bet ($0.1) returned to 2ca5838e
*** SHOWDOWN ***
2ca5838e collected $0.12 from pot
*** SUMMARY ***
Total pot $0.12 | Rake $0 | Jackpot $0 | Bingo $0 | Fortune $0 | Tax $0
Seat 1: Hero (small blind) folded before Flop
Seat 2: 378b5821 (big blind) folded before Flop
Seat 3: 79e64d08 folded before Flop (didn't bet)
Seat 4: d760a0fc folded before Flop (didn't bet)
Seat 5: 2ca5838e (button) collected ($0.12)


Poker Hand #HD1721400553: Hold'em No Limit ($0.02/$0.05) - 2024/04/08 18:17:48
Table 'NLHBlue13' 6-max Seat #4 is the button
Seat 1: Hero ($7.81 in chips)
Seat 2: 378b5821 ($4.17 in chips)
Seat 3: 79e64d08 ($5.2 in chips)
Seat 4: d760a0fc ($6.41 in chips)
Seat 5: 2ca5838e ($4.89 in chips)
2ca5838e: posts small blind $0.02
Hero: posts big blind $0.05
*** HOLE CARDS ***
Dealt to Hero [Qc 9d]
Dealt to 378b5821 
Dealt to 79e64d08 
Dealt to d760a0fc 
Dealt to 2ca5838e 
378b5821: raises $0.05 to $0.1
79e64d08: calls $0.1
d760a0fc: folds
2ca5838e: folds
Hero: folds
*** FLOP *** [6d 5s Tc]
378b5821: bets $0.14
79e64d08: calls $0.14
*** TURN *** [6d 5s Tc] [Ad]
378b5821: checks
79e64d08: bets $0.36
378b5821: folds
Uncalled bet ($0.36) returned to 79e64d08
*** SHOWDOWN ***
79e64d08 collected $0.53 from pot
*** SUMMARY ***
Total pot $0.55 | Rake $0.02 | Jackpot $0 | Bingo $0 | Fortune $0 | Tax $0
Board [6d 5s Tc Ad]
Seat 1: Hero (big blind) folded before Flop
Seat 2: 378b5821 folded on the Turn
Seat 3: 79e64d08 won ($0.53)
Seat 4: d760a0fc (button) folded before Flop (didn't bet)
Seat 5: 2ca5838e (small blind) folded before Flop


Poker Hand #HD1721400412: Hold'em No Limit ($0.02/$0.05) - 2024/04/08 18:16:53
Table 'NLHBlue13' 6-max Seat #3 is the button
Seat 1: Hero ($7.81 in chips)
Seat 2: 378b5821 ($4.35 in chips)
Seat 3: 79e64d08 ($5.2 in chips)
Seat 4: d760a0fc ($6.43 in chips)
Seat 5: 2ca5838e ($4.7 in chips)
d760a0fc: posts small blind $0.02
2ca5838e: posts big blind $0.05
*** HOLE CARDS ***
Dealt to Hero [9d 5d]
Dealt to 378b5821 
Dealt to 79e64d08 
Dealt to d760a0fc 
Dealt to 2ca5838e 
Hero: folds
378b5821: raises $0.05 to $0.1
79e64d08: folds
d760a0fc: folds
2ca5838e: calls $0.05
*** FLOP *** [8s Ah 4c]
2ca5838e: checks
378b5821: bets $0.08
2ca5838e: calls $0.08
*** TURN *** [8s Ah 4c] [Ts]
2ca5838e: checks
378b5821: checks
*** RIVER *** [8s Ah 4c Ts] [7s]
2ca5838e: checks
378b5821: checks
2ca5838e: shows [3s Ad] (Pair of Aces)
378b5821: shows [Jd Kc] (Ace-High)
*** SHOWDOWN ***
2ca5838e collected $0.37 from pot
*** SUMMARY ***
Total pot $0.38 | Rake $0.01 | Jackpot $0 | Bingo $0 | Fortune $0 | Tax $0
Board [8s Ah 4c Ts 7s]
Seat 1: Hero folded before Flop (didn't bet)
Seat 2: 378b5821 showed [Jd Kc] and lost with Ace-High
Seat 3: 79e64d08 (button) folded before Flop (didn't bet)
Seat 4: d760a0fc (small blind) folded before Flop
Seat 5: 2ca5838e (big blind) showed [3s Ad] and won ($0.37) with Pair of Aces


Poker Hand #HD1721400348: Hold'em No Limit ($0.02/$0.05) - 2024/04/08 18:16:29
Table 'NLHBlue13' 6-max Seat #2 is the button
Seat 1: Hero ($7.81 in chips)
Seat 2: 378b5821 ($4.35 in chips)
Seat 3: 79e64d08 ($5.35 in chips)
Seat 4: d760a0fc ($6.29 in chips)
Seat 5: 2ca5838e ($4.7 in chips)
79e64d08: posts small blind $0.02
d760a0fc: posts big blind $0.05
*** HOLE CARDS ***
Dealt to Hero [8h 5s]
Dealt to 378b5821 
Dealt to 79e64d08 
Dealt to d760a0fc 
Dealt to 2ca5838e 
2ca5838e: folds
Hero: folds
378b5821: folds
79e64d08: raises $0.1 to $0.15
d760a0fc: raises $0.41 to $0.56
79e64d08: folds
Uncalled bet ($0.41) returned to d760a0fc
*** SHOWDOWN ***
d760a0fc collected $0.29 from pot
*** SUMMARY ***
Total pot $0.3 | Rake $0.01 | Jackpot $0 | Bingo $0 | Fortune $0 | Tax $0
Seat 1: Hero folded before Flop (didn't bet)
Seat 2: 378b5821 (button) folded before Flop (didn't bet)
Seat 3: 79e64d08 (small blind) folded before Flop
Seat 4: d760a0fc (big blind) collected ($0.29)
Seat 5: 2ca5838e folded before Flop (didn't bet)


Poker Hand #HD1721400113: Hold'em No Limit ($0.02/$0.05) - 2024/04/08 18:15:01
Table 'NLHBlue13' 6-max Seat #1 is the button
Seat 1: Hero ($7.81 in chips)
Seat 2: 378b5821 ($4.52 in chips)
Seat 3: 79e64d08 ($4.61 in chips)
Seat 4: d760a0fc ($6.29 in chips)
Seat 5: 2ca5838e ($5.34 in chips)
378b5821: posts small blind $0.02
79e64d08: posts big blind $0.05
*** HOLE CARDS ***
Dealt to Hero [6d Kc]
Dealt to 378b5821 
Dealt to 79e64d08 
Dealt to d760a0fc 
Dealt to 2ca5838e 
d760a0fc: folds
2ca5838e: calls $0.05
Hero: folds
378b5821: raises $0.12 to $0.17
79e64d08: calls $0.12
2ca5838e: calls $0.12
*** FLOP *** [Jh 2d 7c]
378b5821: checks
79e64d08: bets $0.16
2ca5838e: raises $0.31 to $0.47
378b5821: folds
79e64d08: calls $0.31
*** TURN *** [Jh 2d 7c] [8s]
79e64d08: checks
2ca5838e: checks
*** RIVER *** [Jh 2d 7c 8s] [4d]
79e64d08: checks
2ca5838e: checks
79e64d08: shows [Js Kd] (Pair of Jacks)
2ca5838e: shows [3s 3c] (Pair of Treys)
*** SHOWDOWN ***
79e64d08 collected $1.38 from pot
*** SUMMARY ***
Total pot $1.45 | Rake $0.07 | Jackpot $0 | Bingo $0 | Fortune $0 | Tax $0
Board [Jh 2d 7c 8s 4d]
Seat 1: Hero (button) folded before Flop (didn't bet)
Seat 2: 378b5821 (small blind) folded on the Flop
Seat 3: 79e64d08 (big blind) showed [Js Kd] and won ($1.38) with Pair of Jacks
Seat 4: d760a0fc folded before Flop (didn't bet)
Seat 5: 2ca5838e showed [3s 3c] and lost with Pair of Treys


Poker Hand #HD1721400079: Hold'em No Limit ($0.02/$0.05) - 2024/04/08 18:14:46
Table 'NLHBlue13' 6-max Seat #5 is the button
Seat 1: Hero ($7.83 in chips)
Seat 2: 378b5821 ($4.5 in chips)
Seat 3: 79e64d08 ($4.61 in chips)
Seat 4: d760a0fc ($6.29 in chips)
Seat 5: 2ca5838e ($5.34 in chips)
Hero: posts small blind $0.02
378b5821: posts big blind $0.05
*** HOLE CARDS ***
Dealt to Hero [6s 9d]
Dealt to 378b5821 
Dealt to 79e64d08 
Dealt to d760a0fc 
Dealt to 2ca5838e 
79e64d08: folds
d760a0fc: folds
2ca5838e: folds
Hero: folds
Uncalled bet ($0.03) returned to 378b5821
*** SHOWDOWN ***
378b5821 collected $0.04 from pot
*** SUMMARY ***
Total pot $0.04 | Rake $0 | Jackpot $0 | Bingo $0 | Fortune $0 | Tax $0
Seat 1: Hero (small blind) folded before Flop
Seat 2: 378b5821 (big blind) collected ($0.04)
Seat 3: 79e64d08 folded before Flop (didn't bet)
Seat 4: d760a0fc folded before Flop (didn't bet)
Seat 5: 2ca5838e (button) folded before Flop (didn't bet)


Poker Hand #HD1721400022: Hold'em No Limit ($0.02/$0.05) - 2024/04/08 18:14:25
Table 'NLHBlue13' 6-max Seat #4 is the button
Seat 1: Hero ($7.88 in chips)
Seat 2: 378b5821 ($4.5 in chips)
Seat 3: 79e64d08 ($4.73 in chips)
Seat 4: d760a0fc ($6.29 in chips)
Seat 5: 2ca5838e ($5.18 in chips)
2ca5838e: posts small blind $0.02
Hero: posts big blind $0.05
*** HOLE CARDS ***
Dealt to Hero [4s Ks]
Dealt to 378b5821 
Dealt to 79e64d08 
Dealt to d760a0fc 
Dealt to 2ca5838e 
378b5821: folds
79e64d08: raises $0.07 to $0.12
d760a0fc: folds
2ca5838e: raises $0.18 to $0.3
Hero: folds
79e64d08: folds
Uncalled bet ($0.18) returned to 2ca5838e
*** SHOWDOWN ***
2ca5838e collected $0.28 from pot
*** SUMMARY ***
Total pot $0.29 | Rake $0.01 | Jackpot $0 | Bingo $0 | Fortune $0 | Tax $0
Seat 1: Hero (big blind) folded before Flop
Seat 2: 378b5821 folded before Flop (didn't bet)
Seat 3: 79e64d08 folded before Flop
Seat 4: d760a0fc (button) folded before Flop (didn't bet)
Seat 5: 2ca5838e (small blind) collected ($0.28)


Poker Hand #HD1721399986: Hold'em No Limit ($0.02/$0.05) - 2024/04/08 18:14:12
Table 'NLHBlue13' 6-max Seat #3 is the button
Seat 1: Hero ($7.88 in chips)
Seat 2: 378b5821 ($4.5 in chips)
Seat 3: 79e64d08 ($4.73 in chips)
Seat 4: d760a0fc ($6.24 in chips)
Seat 5: 2ca5838e ($5.23 in chips)
d760a0fc: posts small blind $0.02
2ca5838e: posts big blind $0.05
*** HOLE CARDS ***
Dealt to Hero [Kh 9s]
Dealt to 378b5821 
Dealt to 79e64d08 
Dealt to d760a0fc 
Dealt to 2ca5838e 
Hero: folds
378b5821: folds
79e64d08: folds
d760a0fc: raises $0.09 to $0.14
2ca5838e: folds
Uncalled bet ($0.09) returned to d760a0fc
*** SHOWDOWN ***
d760a0fc collected $0.1 from pot
*** SUMMARY ***
Total pot $0.1 | Rake $0 | Jackpot $0 | Bingo $0 | Fortune $0 | Tax $0
Seat 1: Hero folded before Flop (didn't bet)
Seat 2: 378b5821 folded before Flop (didn't bet)
Seat 3: 79e64d08 (button) folded before Flop (didn't bet)
Seat 4: d760a0fc (small blind) collected ($0.1)
Seat 5: 2ca5838e (big blind) folded before Flop


Poker Hand #HD1721399936: Hold'em No Limit ($0.02/$0.05) - 2024/04/08 18:13:53
Table 'NLHBlue13' 6-max Seat #2 is the button
Seat 1: Hero ($7.88 in chips)
Seat 2: 378b5821 ($4.5 in chips)
Seat 3: 79e64d08 ($4.75 in chips)
Seat 4: d760a0fc ($6.22 in chips)
Seat 5: 2ca5838e ($5.23 in chips)
79e64d08: posts small blind $0.02
d760a0fc: posts big blind $0.05
*** HOLE CARDS ***
Dealt to Hero [5h Th]
Dealt to 378b5821 
Dealt to 79e64d08 
Dealt to d760a0fc 
Dealt to 2ca5838e 
2ca5838e: folds
Hero: folds
378b5821: folds
79e64d08: folds
Uncalled bet ($0.03) returned to d760a0fc
*** SHOWDOWN ***
d760a0fc collected $0.04 from pot
*** SUMMARY ***
Total pot $0.04 | Rake $0 | Jackpot $0 | Bingo $0 | Fortune $0 | Tax $0
Seat 1: Hero folded before Flop (didn't bet)
Seat 2: 378b5821 (button) folded before Flop (didn't bet)
Seat 3: 79e64d08 (small blind) folded before Flop
Seat 4: d760a0fc (big blind) collected ($0.04)
Seat 5: 2ca5838e folded before Flop (didn't bet)


Poker Hand #HD1721399902: Hold'em No Limit ($0.02/$0.05) - 2024/04/08 18:13:41
Table 'NLHBlue13' 6-max Seat #1 is the button
Seat 1: Hero ($7.88 in chips)
Seat 2: 378b5821 ($4.52 in chips)
Seat 3: 79e64d08 ($4.8 in chips)
Seat 4: d760a0fc ($6.15 in chips)
Seat 5: 2ca5838e ($5.23 in chips)
378b5821: posts small blind $0.02
79e64d08: posts big blind $0.05
*** HOLE CARDS ***
Dealt to Hero [7s 9c]
Dealt to 378b5821 
Dealt to 79e64d08 
Dealt to d760a0fc 
Dealt to 2ca5838e 
d760a0fc: raises $0.1 to $0.15
2ca5838e: folds
Hero: folds
378b5821: folds
79e64d08: folds
Uncalled bet ($0.1) returned to d760a0fc
*** SHOWDOWN ***
d760a0fc collected $0.12 from pot
*** SUMMARY ***
Total pot $0.12 | Rake $0 | Jackpot $0 | Bingo $0 | Fortune $0 | Tax $0
Seat 1: Hero (button) folded before Flop (didn't bet)
Seat 2: 378b5821 (small blind) folded before Flop
Seat 3: 79e64d08 (big blind) folded before Flop
Seat 4: d760a0fc collected ($0.12)
Seat 5: 2ca5838e folded before Flop (didn't bet)


Poker Hand #HD1721399858: Hold'em No Limit ($0.02/$0.05) - 2024/04/08 18:13:24
Table 'NLHBlue13' 6-max Seat #5 is the button
Seat 1: Hero ($7.9 in chips)
Seat 2: 378b5821 ($4.5 in chips)
Seat 3: 79e64d08 ($4.8 in chips)
Seat 4: d760a0fc ($6.15 in chips)
Seat 5: 2ca5838e ($5.23 in chips)
Hero: posts small blind $0.02
378b5821: posts big blind $0.05
*** HOLE CARDS ***
Dealt to Hero [Ks 5c]
Dealt to 378b5821 
Dealt to 79e64d08 
Dealt to d760a0fc 
Dealt to 2ca5838e 
79e64d08: folds
d760a0fc: folds
2ca5838e: folds
Hero: folds
Uncalled bet ($0.03) returned to 378b5821
*** SHOWDOWN ***
378b5821 collected $0.04 from pot
*** SUMMARY ***
Total pot $0.04 | Rake $0 | Jackpot $0 | Bingo $0 | Fortune $0 | Tax $0
Seat 1: Hero (small blind) folded before Flop
Seat 2: 378b5821 (big blind) collected ($0.04)
Seat 3: 79e64d08 folded before Flop (didn't bet)
Seat 4: d760a0fc folded before Flop (didn't bet)
Seat 5: 2ca5838e (button) folded before Flop (didn't bet)


Poker Hand #HD1721399817: Hold'em No Limit ($0.02/$0.05) - 2024/04/08 18:13:07
Table 'NLHBlue13' 6-max Seat #4 is the button
Seat 1: Hero ($7.95 in chips)
Seat 2: 378b5821 ($4.5 in chips)
Seat 3: 79e64d08 ($4.8 in chips)
Seat 4: d760a0fc ($6.15 in chips)
Seat 5: 2ca5838e ($5.18 in chips)
2ca5838e: posts small blind $0.02
Hero: posts big blind $0.05
*** HOLE CARDS ***
Dealt to Hero [3s 6d]
Dealt to 378b5821 
Dealt to 79e64d08 
Dealt to d760a0fc 
Dealt to 2ca5838e 
378b5821: folds
79e64d08: folds
d760a0fc: folds
2ca5838e: calls $0.03
Hero: checks
*** FLOP *** [7s Jd Qh]
2ca5838e: bets $0.05
Hero: folds
Uncalled bet ($0.05) returned to 2ca5838e
*** SHOWDOWN ***
2ca5838e collected $0.1 from pot
*** SUMMARY ***
Total pot $0.1 | Rake $0 | Jackpot $0 | Bingo $0 | Fortune $0 | Tax $0
Board [7s Jd Qh]
Seat 1: Hero (big blind) folded on the Flop
Seat 2: 378b5821 folded before Flop (didn't bet)
Seat 3: 79e64d08 folded before Flop (didn't bet)
Seat 4: d760a0fc (button) folded before Flop (didn't bet)
Seat 5: 2ca5838e (small blind) won ($0.1)


Poker Hand #HD1721399733: Hold'em No Limit ($0.02/$0.05) - 2024/04/08 18:12:40
Table 'NLHBlue13' 6-max Seat #3 is the button
Seat 1: Hero ($7.95 in chips)
Seat 2: 378b5821 ($4.6 in chips)
Seat 3: 79e64d08 ($4.8 in chips)
Seat 4: d760a0fc ($6.17 in chips)
Seat 5: 2ca5838e ($5.07 in chips)
d760a0fc: posts small blind $0.02
2ca5838e: posts big blind $0.05
*** HOLE CARDS ***
Dealt to Hero [6h 6d]
Dealt to 378b5821 
Dealt to 79e64d08 
Dealt to d760a0fc 
Dealt to 2ca5838e 
Hero: folds
378b5821: raises $0.05 to $0.1
79e64d08: folds
d760a0fc: folds
2ca5838e: raises $0.3 to $0.4
378b5821: folds
Uncalled bet ($0.3) returned to 2ca5838e
*** SHOWDOWN ***
2ca5838e collected $0.21 from pot
*** SUMMARY ***
Total pot $0.22 | Rake $0.01 | Jackpot $0 | Bingo $0 | Fortune $0 | Tax $0
Seat 1: Hero folded before Flop (didn't bet)
Seat 2: 378b5821 folded before Flop
Seat 3: 79e64d08 (button) folded before Flop (didn't bet)
Seat 4: d760a0fc (small blind) folded before Flop
Seat 5: 2ca5838e (big blind) collected ($0.21)


Poker Hand #HD1721399606: Hold'em No Limit ($0.02/$0.05) - 2024/04/08 18:11:52
Table 'NLHBlue13' 6-max Seat #2 is the button
Seat 1: Hero ($7.81 in chips)
Seat 2: 378b5821 ($4.6 in chips)
Seat 3: 79e64d08 ($4.82 in chips)
Seat 4: d760a0fc ($6.3 in chips)
Seat 5: 2ca5838e ($5.07 in chips)
79e64d08: posts small blind $0.02
d760a0fc: posts big blind $0.05
*** HOLE CARDS ***
Dealt to Hero [7h 7c]
Dealt to 378b5821 
Dealt to 79e64d08 
Dealt to d760a0fc 
Dealt to 2ca5838e 
2ca5838e: folds
Hero: raises $0.08 to $0.13
378b5821: folds
79e64d08: folds
d760a0fc: calls $0.08
*** FLOP *** [Kc 5s Kd]
d760a0fc: checks
Hero: checks
*** TURN *** [Kc 5s Kd] [Tc]
d760a0fc: checks
Hero: checks
*** RIVER *** [Kc 5s Kd Tc] [3d]
d760a0fc: checks
Hero: checks
d760a0fc: shows [4h Ac] (Pair of Kings)
Hero: shows [7h 7c] (Pair of Kings and Pair of Sevens)
*** SHOWDOWN ***
Hero collected $0.27 from pot
*** SUMMARY ***
Total pot $0.28 | Rake $0.01 | Jackpot $0 | Bingo $0 | Fortune $0 | Tax $0
Board [Kc 5s Kd Tc 3d]
Seat 1: Hero showed [7h 7c] and won ($0.27) with Pair of Kings and Pair of Sevens
Seat 2: 378b5821 (button) folded before Flop (didn't bet)
Seat 3: 79e64d08 (small blind) folded before Flop
Seat 4: d760a0fc (big blind) showed [4h Ac] and lost with Pair of Kings
Seat 5: 2ca5838e folded before Flop (didn't bet)


Poker Hand #HD1721399582: Hold'em No Limit ($0.02/$0.05) - 2024/04/08 18:11:41
Table 'NLHBlue13' 6-max Seat #1 is the button
Seat 1: Hero ($7.81 in chips)
Seat 2: 378b5821 ($4.62 in chips)
Seat 3: 79e64d08 ($4.8 in chips)
Seat 4: d760a0fc ($6.3 in chips)
Seat 5: 2ca5838e ($5.07 in chips)
378b5821: posts small blind $0.02
79e64d08: posts big blind $0.05
*** HOLE CARDS ***
Dealt to Hero [3d Tc]
Dealt to 378b5821 
Dealt to 79e64d08 
Dealt to d760a0fc 
Dealt to 2ca5838e 
d760a0fc: folds
2ca5838e: folds
Hero: folds
378b5821: folds
Uncalled bet ($0.03) returned to 79e64d08
*** SHOWDOWN ***
79e64d08 collected $0.04 from pot
*** SUMMARY ***
Total pot $0.04 | Rake $0 | Jackpot $0 | Bingo $0 | Fortune $0 | Tax $0
Seat 1: Hero (button) folded before Flop (didn't bet)
Seat 2: 378b5821 (small blind) folded before Flop
Seat 3: 79e64d08 (big blind) collected ($0.04)
Seat 4: d760a0fc folded before Flop (didn't bet)
Seat 5: 2ca5838e folded before Flop (didn't bet)


Poker Hand #HD1721399381: Hold'em No Limit ($0.02/$0.05) - 2024/04/08 18:10:22
Table 'NLHBlue13' 6-max Seat #5 is the button
Seat 1: Hero ($7.86 in chips)
Seat 2: 378b5821 ($4.62 in chips)
Seat 3: 79e64d08 ($4.8 in chips)
Seat 4: d760a0fc ($5.07 in chips)
Seat 5: 2ca5838e ($5.07 in chips)
Seat 6: 37ab2064 ($1.36 in chips)
37ab2064: posts small blind $0.02
Hero: posts big blind $0.05
*** HOLE CARDS ***
Dealt to Hero [7h Kh]
Dealt to 378b5821 
Dealt to 79e64d08 
Dealt to d760a0fc 
Dealt to 2ca5838e 
Dealt to 37ab2064 
378b5821: folds
79e64d08: folds
d760a0fc: raises $0.07 to $0.12
2ca5838e: folds
37ab2064: calls $0.1
Hero: folds
*** FLOP *** [7c Tc Qs]
37ab2064: bets $0.18
d760a0fc: calls $0.18
*** TURN *** [7c Tc Qs] [9s]
37ab2064: bets $1.06 and is all-in
d760a0fc: calls $1.06
37ab2064: shows [As Ah] (Pair of Aces)
d760a0fc: shows [Qd Kc] (Pair of Queens)
*** RIVER *** [7c Tc Qs 9s] [Js]
*** SHOWDOWN ***
d760a0fc collected $2.59 from pot
*** SUMMARY ***
Total pot $2.77 | Rake $0.13 | Jackpot $0.05 | Bingo $0 | Fortune $0 | Tax $0
Board [7c Tc Qs 9s Js]
Seat 1: Hero (big blind) folded before Flop
Seat 2: 378b5821 folded before Flop (didn't bet)
Seat 3: 79e64d08 folded before Flop (didn't bet)
Seat 4: d760a0fc showed [Qd Kc] and won ($2.59) with Kings-High Straight
Seat 5: 2ca5838e (button) folded before Flop (didn't bet)
Seat 6: 37ab2064 (small blind) showed [As Ah] and lost with Pair of Aces


Poker Hand #HD1721399315: Hold'em No Limit ($0.02/$0.05) - 2024/04/08 18:09:58
Table 'NLHBlue13' 6-max Seat #4 is the button
Seat 1: Hero ($7.86 in chips)
Seat 2: 378b5821 ($4.62 in chips)
Seat 3: 79e64d08 ($4.8 in chips)
Seat 4: d760a0fc ($5.19 in chips)
Seat 5: 2ca5838e ($4.91 in chips)
Seat 6: 37ab2064 ($1.41 in chips)
2ca5838e: posts small blind $0.02
37ab2064: posts big blind $0.05
*** HOLE CARDS ***
Dealt to Hero [3h 8s]
Dealt to 378b5821 
Dealt to 79e64d08 
Dealt to d760a0fc 
Dealt to 2ca5838e 
Dealt to 37ab2064 
Hero: folds
378b5821: folds
79e64d08: folds
d760a0fc: raises $0.07 to $0.12
2ca5838e: raises $0.32 to $0.44
37ab2064: folds
d760a0fc: folds
Uncalled bet ($0.32) returned to 2ca5838e
*** SHOWDOWN ***
2ca5838e collected $0.28 from pot
*** SUMMARY ***
Total pot $0.29 | Rake $0.01 | Jackpot $0 | Bingo $0 | Fortune $0 | Tax $0
Seat 1: Hero folded before Flop (didn't bet)
Seat 2: 378b5821 folded before Flop (didn't bet)
Seat 3: 79e64d08 folded before Flop (didn't bet)
Seat 4: d760a0fc (button) folded before Flop
Seat 5: 2ca5838e (small blind) collected ($0.28)
Seat 6: 37ab2064 (big blind) folded before Flop


Poker Hand #HD1721399195: Hold'em No Limit ($0.02/$0.05) - 2024/04/08 18:09:13
Table 'NLHBlue13' 6-max Seat #3 is the button
Seat 1: Hero ($7.86 in chips)
Seat 2: 378b5821 ($4.76 in chips)
Seat 3: 79e64d08 ($4.8 in chips)
Seat 4: d760a0fc ($5.21 in chips)
Seat 5: 2ca5838e ($4.96 in chips)
Seat 6: 37ab2064 ($1.21 in chips)
d760a0fc: posts small blind $0.02
2ca5838e: posts big blind $0.05
*** HOLE CARDS ***
Dealt to Hero [7c Kc]
Dealt to 378b5821 
Dealt to 79e64d08 
Dealt to d760a0fc 
Dealt to 2ca5838e 
Dealt to 37ab2064 
37ab2064: calls $0.05
Hero: folds
378b5821: raises $0.09 to $0.14
79e64d08: folds
d760a0fc: folds
2ca5838e: folds
37ab2064: calls $0.09
*** FLOP *** [4c 7d 5c]
37ab2064: bets $0.21
378b5821: folds
Uncalled bet ($0.21) returned to 37ab2064
*** SHOWDOWN ***
37ab2064 collected $0.34 from pot
*** SUMMARY ***
Total pot $0.35 | Rake $0.01 | Jackpot $0 | Bingo $0 | Fortune $0 | Tax $0
Board [4c 7d 5c]
Seat 1: Hero folded before Flop (didn't bet)
Seat 2: 378b5821 folded on the Flop
Seat 3: 79e64d08 (button) folded before Flop (didn't bet)
Seat 4: d760a0fc (small blind) folded before Flop
Seat 5: 2ca5838e (big blind) folded before Flop
Seat 6: 37ab2064 won ($0.34)


Poker Hand #HD1721399118: Hold'em No Limit ($0.02/$0.05) - 2024/04/08 18:08:47
Table 'NLHBlue13' 6-max Seat #2 is the button
Seat 1: Hero ($7.86 in chips)
Seat 2: 378b5821 ($4.76 in chips)
Seat 3: 79e64d08 ($4.82 in chips)
Seat 4: d760a0fc ($5.26 in chips)
Seat 5: 2ca5838e ($4.89 in chips)
Seat 6: 37ab2064 ($1.21 in chips)
79e64d08: posts small blind $0.02
d760a0fc: posts big blind $0.05
*** HOLE CARDS ***
Dealt to Hero [2d Qh]
Dealt to 378b5821 
Dealt to 79e64d08 
Dealt to d760a0fc 
Dealt to 2ca5838e 
Dealt to 37ab2064 
2ca5838e: calls $0.05
37ab2064: folds
Hero: folds
378b5821: folds
79e64d08: folds
d760a0fc: checks
*** FLOP *** [Kh 7s 2s]
d760a0fc: checks
2ca5838e: bets $0.1
d760a0fc: folds
Uncalled bet ($0.1) returned to 2ca5838e
*** SHOWDOWN ***
2ca5838e collected $0.12 from pot
*** SUMMARY ***
Total pot $0.12 | Rake $0 | Jackpot $0 | Bingo $0 | Fortune $0 | Tax $0
Board [Kh 7s 2s]
Seat 1: Hero folded before Flop (didn't bet)
Seat 2: 378b5821 (button) folded before Flop (didn't bet)
Seat 3: 79e64d08 (small blind) folded before Flop
Seat 4: d760a0fc (big blind) folded on the Flop
Seat 5: 2ca5838e won ($0.12)
Seat 6: 37ab2064 folded before Flop (didn't bet)


Poker Hand #HD1721399041: Hold'em No Limit ($0.02/$0.05) - 2024/04/08 18:08:20
Table 'NLHBlue13' 6-max Seat #1 is the button
Seat 1: Hero ($7.86 in chips)
Seat 2: 378b5821 ($4.78 in chips)
Seat 3: 79e64d08 ($4.87 in chips)
Seat 4: d760a0fc ($5.26 in chips)
Seat 5: 2ca5838e ($4.82 in chips)
Seat 6: 37ab2064 ($1.21 in chips)
378b5821: posts small blind $0.02
79e64d08: posts big blind $0.05
*** HOLE CARDS ***
Dealt to Hero [2h Tc]
Dealt to 378b5821 
Dealt to 79e64d08 
Dealt to d760a0fc 
Dealt to 2ca5838e 
Dealt to 37ab2064 
d760a0fc: folds
2ca5838e: calls $0.05
37ab2064: folds
Hero: folds
378b5821: folds
79e64d08: checks
*** FLOP *** [4d Jh Th]
79e64d08: checks
2ca5838e: checks
*** TURN *** [4d Jh Th] [6c]
79e64d08: checks
2ca5838e: bets $0.1
79e64d08: folds
Uncalled bet ($0.1) returned to 2ca5838e
*** SHOWDOWN ***
2ca5838e collected $0.12 from pot
*** SUMMARY ***
Total pot $0.12 | Rake $0 | Jackpot $0 | Bingo $0 | Fortune $0 | Tax $0
Board [4d Jh Th 6c]
Seat 1: Hero (button) folded before Flop (didn't bet)
Seat 2: 378b5821 (small blind) folded before Flop
Seat 3: 79e64d08 (big blind) folded on the Turn
Seat 4: d760a0fc folded before Flop (didn't bet)
Seat 5: 2ca5838e won ($0.12)
Seat 6: 37ab2064 folded before Flop (didn't bet)


Poker Hand #HD1721398928: Hold'em No Limit ($0.02/$0.05) - 2024/04/08 18:07:40
Table 'NLHBlue13' 6-max Seat #6 is the button
Seat 1: Hero ($7.88 in chips)
Seat 2: 378b5821 ($4.83 in chips)
Seat 3: 79e64d08 ($4.87 in chips)
Seat 4: d760a0fc ($5.26 in chips)
Seat 5: 2ca5838e ($4.7 in chips)
Seat 6: 37ab2064 ($1.26 in chips)
Hero: posts small blind $0.02
378b5821: posts big blind $0.05
*** HOLE CARDS ***
Dealt to Hero [9c 4h]
Dealt to 378b5821 
Dealt to 79e64d08 
Dealt to d760a0fc 
Dealt to 2ca5838e 
Dealt to 37ab2064 
79e64d08: folds
d760a0fc: folds
2ca5838e: calls $0.05
37ab2064: calls $0.05
Hero: folds
378b5821: checks
*** FLOP *** [Jd 3d Qh]
378b5821: checks
2ca5838e: checks
37ab2064: checks
*** TURN *** [Jd 3d Qh] [Ah]
378b5821: checks
2ca5838e: checks
37ab2064: checks
*** RIVER *** [Jd 3d Qh Ah] [Qc]
378b5821: checks
2ca5838e: bets $0.1
37ab2064: folds
378b5821: folds
Uncalled bet ($0.1) returned to 2ca5838e
*** SHOWDOWN ***
2ca5838e collected $0.17 from pot
*** SUMMARY ***
Total pot $0.17 | Rake $0 | Jackpot $0 | Bingo $0 | Fortune $0 | Tax $0
Board [Jd 3d Qh Ah Qc]
Seat 1: Hero (small blind) folded before Flop
Seat 2: 378b5821 (big blind) folded on the River
Seat 3: 79e64d08 folded before Flop (didn't bet)
Seat 4: d760a0fc folded before Flop (didn't bet)
Seat 5: 2ca5838e won ($0.17)
Seat 6: 37ab2064 (button) folded on the River


Poker Hand #HD1721398878: Hold'em No Limit ($0.02/$0.05) - 2024/04/08 18:07:19
Table 'NLHBlue13' 6-max Seat #5 is the button
Seat 1: Hero ($7.93 in chips)
Seat 2: 378b5821 ($4.83 in chips)
Seat 3: 79e64d08 ($4.87 in chips)
Seat 4: d760a0fc ($5.19 in chips)
Seat 5: 2ca5838e ($4.7 in chips)
Seat 6: 37ab2064 ($1.28 in chips)
37ab2064: posts small blind $0.02
Hero: posts big blind $0.05
*** HOLE CARDS ***
Dealt to Hero [Ks 4s]
Dealt to 378b5821 
Dealt to 79e64d08 
Dealt to d760a0fc 
Dealt to 2ca5838e 
Dealt to 37ab2064 
378b5821: folds
79e64d08: folds
d760a0fc: raises $0.07 to $0.12
2ca5838e: folds
37ab2064: folds
Hero: folds
Uncalled bet ($0.07) returned to d760a0fc
*** SHOWDOWN ***
d760a0fc collected $0.12 from pot
*** SUMMARY ***
Total pot $0.12 | Rake $0 | Jackpot $0 | Bingo $0 | Fortune $0 | Tax $0
Seat 1: Hero (big blind) folded before Flop
Seat 2: 378b5821 folded before Flop (didn't bet)
Seat 3: 79e64d08 folded before Flop (didn't bet)
Seat 4: d760a0fc collected ($0.12)
Seat 5: 2ca5838e (button) folded before Flop (didn't bet)
Seat 6: 37ab2064 (small blind) folded before Flop


Poker Hand #HD1721398760: Hold'em No Limit ($0.02/$0.05) - 2024/04/08 18:06:37
Table 'NLHBlue13' 6-max Seat #4 is the button
Seat 1: Hero ($7.93 in chips)
Seat 2: 378b5821 ($4.83 in chips)
Seat 3: 79e64d08 ($5.15 in chips)
Seat 4: d760a0fc ($5.19 in chips)
Seat 5: 2ca5838e ($4.72 in chips)
Seat 6: 37ab2064 ($1 in chips)
2ca5838e: posts small blind $0.02
37ab2064: posts big blind $0.05
*** HOLE CARDS ***
Dealt to Hero [2d Th]
Dealt to 378b5821 
Dealt to 79e64d08 
Dealt to d760a0fc 
Dealt to 2ca5838e 
Dealt to 37ab2064 
Hero: folds
378b5821: folds
79e64d08: raises $0.07 to $0.12
d760a0fc: folds
2ca5838e: folds
37ab2064: calls $0.07
*** FLOP *** [8s Ts 8c]
37ab2064: bets $0.16
79e64d08: calls $0.16
*** TURN *** [8s Ts 8c] [Jd]
37ab2064: checks
79e64d08: checks
*** RIVER *** [8s Ts 8c Jd] [Jc]
37ab2064: bets $0.35
79e64d08: folds
Uncalled bet ($0.35) returned to 37ab2064
*** SHOWDOWN ***
37ab2064 collected $0.56 from pot
*** SUMMARY ***
Total pot $0.58 | Rake $0.02 | Jackpot $0 | Bingo $0 | Fortune $0 | Tax $0
Board [8s Ts 8c Jd Jc]
Seat 1: Hero folded before Flop (didn't bet)
Seat 2: 378b5821 folded before Flop (didn't bet)
Seat 3: 79e64d08 folded on the River
Seat 4: d760a0fc (button) folded before Flop (didn't bet)
Seat 5: 2ca5838e (small blind) folded before Flop
Seat 6: 37ab2064 (big blind) won ($0.56)


Poker Hand #HD1721398690: Hold'em No Limit ($0.02/$0.05) - 2024/04/08 18:06:11
Table 'NLHBlue13' 6-max Seat #3 is the button
Seat 1: Hero ($7.93 in chips)
Seat 2: 378b5821 ($4.93 in chips)
Seat 3: 79e64d08 ($5.15 in chips)
Seat 4: d760a0fc ($5.05 in chips)
Seat 5: 2ca5838e ($4.77 in chips)
Seat 6: c71d258c ($5 in chips)
d760a0fc: posts small blind $0.02
2ca5838e: posts big blind $0.05
*** HOLE CARDS ***
Dealt to Hero [7s Tc]
Dealt to 378b5821 
Dealt to 79e64d08 
Dealt to d760a0fc 
Dealt to 2ca5838e 
Dealt to c71d258c 
c71d258c: folds
Hero: folds
378b5821: raises $0.05 to $0.1
79e64d08: folds
d760a0fc: raises $0.5 to $0.6
2ca5838e: folds
378b5821: folds
Uncalled bet ($0.5) returned to d760a0fc
*** SHOWDOWN ***
d760a0fc collected $0.24 from pot
*** SUMMARY ***
Total pot $0.25 | Rake $0.01 | Jackpot $0 | Bingo $0 | Fortune $0 | Tax $0
Seat 1: Hero folded before Flop (didn't bet)
Seat 2: 378b5821 folded before Flop
Seat 3: 79e64d08 (button) folded before Flop (didn't bet)
Seat 4: d760a0fc (small blind) collected ($0.24)
Seat 5: 2ca5838e (big blind) folded before Flop
Seat 6: c71d258c folded before Flop (didn't bet)


Poker Hand #HD1721398627: Hold'em No Limit ($0.02/$0.05) - 2024/04/08 18:05:46
Table 'NLHBlue13' 6-max Seat #2 is the button
Seat 1: Hero ($7.93 in chips)
Seat 2: 378b5821 ($4.93 in chips)
Seat 3: 79e64d08 ($4.98 in chips)
Seat 4: d760a0fc ($5.1 in chips)
Seat 5: 2ca5838e ($4.77 in chips)
Seat 6: c71d258c ($5 in chips)
79e64d08: posts small blind $0.02
d760a0fc: posts big blind $0.05
*** HOLE CARDS ***
Dealt to Hero [3d 7h]
Dealt to 378b5821 
Dealt to 79e64d08 
Dealt to d760a0fc 
Dealt to 2ca5838e 
Dealt to c71d258c 
2ca5838e: folds
c71d258c: raises $0.08 to $0.13
Hero: folds
378b5821: folds
79e64d08: raises $0.39 to $0.52
d760a0fc: folds
c71d258c: folds
Uncalled bet ($0.39) returned to 79e64d08
*** SHOWDOWN ***
79e64d08 collected $0.3 from pot
*** SUMMARY ***
Total pot $0.31 | Rake $0.01 | Jackpot $0 | Bingo $0 | Fortune $0 | Tax $0
Seat 1: Hero folded before Flop (didn't bet)
Seat 2: 378b5821 (button) folded before Flop (didn't bet)
Seat 3: 79e64d08 (small blind) collected ($0.3)
Seat 4: d760a0fc (big blind) folded before Flop
Seat 5: 2ca5838e folded before Flop (didn't bet)
Seat 6: c71d258c folded before Flop


Poker Hand #HD1721398597: Hold'em No Limit ($0.02/$0.05) - 2024/04/08 18:05:36
Table 'NLHBlue13' 6-max Seat #1 is the button
Seat 1: Hero ($7.86 in chips)
Seat 2: 378b5821 ($4.95 in chips)
Seat 3: 79e64d08 ($5.03 in chips)
Seat 4: d760a0fc ($5.1 in chips)
Seat 5: 2ca5838e ($4.77 in chips)
Seat 6: c71d258c ($5 in chips)
378b5821: posts small blind $0.02
79e64d08: posts big blind $0.05
*** HOLE CARDS ***
Dealt to Hero [Qc Ts]
Dealt to 378b5821 
Dealt to 79e64d08 
Dealt to d760a0fc 
Dealt to 2ca5838e 
Dealt to c71d258c 
d760a0fc: folds
2ca5838e: folds
c71d258c: folds
Hero: raises $0.08 to $0.13
378b5821: folds
79e64d08: folds
Uncalled bet ($0.08) returned to Hero
*** SHOWDOWN ***
Hero collected $0.12 from pot
*** SUMMARY ***
Total pot $0.12 | Rake $0 | Jackpot $0 | Bingo $0 | Fortune $0 | Tax $0
Seat 1: Hero (button) collected ($0.12)
Seat 2: 378b5821 (small blind) folded before Flop
Seat 3: 79e64d08 (big blind) folded before Flop
Seat 4: d760a0fc folded before Flop (didn't bet)
Seat 5: 2ca5838e folded before Flop (didn't bet)
Seat 6: c71d258c folded before Flop (didn't bet)


Poker Hand #HD1721398528: Hold'em No Limit ($0.02/$0.05) - 2024/04/08 18:05:06
Table 'NLHBlue13' 6-max Seat #6 is the button
Seat 1: Hero ($7.88 in chips)
Seat 2: 378b5821 ($5 in chips)
Seat 3: 79e64d08 ($5.03 in chips)
Seat 4: d760a0fc ($5.1 in chips)
Seat 5: 2ca5838e ($4.7 in chips)
Seat 6: c71d258c ($5 in chips)
Hero: posts small blind $0.02
378b5821: posts big blind $0.05
*** HOLE CARDS ***
Dealt to Hero [9d 4d]
Dealt to 378b5821 
Dealt to 79e64d08 
Dealt to d760a0fc 
Dealt to 2ca5838e 
Dealt to c71d258c 
79e64d08: folds
d760a0fc: folds
2ca5838e: calls $0.05
c71d258c: folds
Hero: folds
378b5821: checks
*** FLOP *** [5c 2h 4h]
378b5821: checks
2ca5838e: bets $0.05
378b5821: folds
Uncalled bet ($0.05) returned to 2ca5838e
*** SHOWDOWN ***
2ca5838e collected $0.12 from pot
*** SUMMARY ***
Total pot $0.12 | Rake $0 | Jackpot $0 | Bingo $0 | Fortune $0 | Tax $0
Board [5c 2h 4h]
Seat 1: Hero (small blind) folded before Flop
Seat 2: 378b5821 (big blind) folded on the Flop
Seat 3: 79e64d08 folded before Flop (didn't bet)
Seat 4: d760a0fc folded before Flop (didn't bet)
Seat 5: 2ca5838e won ($0.12)
Seat 6: c71d258c (button) folded before Flop (didn't bet)


Poker Hand #HD1721398464: Hold'em No Limit ($0.02/$0.05) - 2024/04/08 18:04:41
Table 'NLHBlue13' 6-max Seat #5 is the button
Seat 1: Hero ($7.86 in chips)
Seat 2: 378b5821 ($5 in chips)
Seat 3: 79e64d08 ($5.03 in chips)
Seat 4: d760a0fc ($5.1 in chips)
Seat 5: 2ca5838e ($4.7 in chips)
Seat 6: c71d258c ($5.02 in chips)
c71d258c: posts small blind $0.02
Hero: posts big blind $0.05
*** HOLE CARDS ***
Dealt to Hero [Qh Kh]
Dealt to 378b5821 
Dealt to 79e64d08 
Dealt to d760a0fc 
Dealt to 2ca5838e 
Dealt to c71d258c 
378b5821: folds
79e64d08: folds
d760a0fc: folds
2ca5838e: folds
c71d258c: folds
Uncalled bet ($0.03) returned to Hero
*** SHOWDOWN ***
Hero collected $0.04 from pot
*** SUMMARY ***
Total pot $0.04 | Rake $0 | Jackpot $0 | Bingo $0 | Fortune $0 | Tax $0
Seat 1: Hero (big blind) collected ($0.04)
Seat 2: 378b5821 folded before Flop (didn't bet)
Seat 3: 79e64d08 folded before Flop (didn't bet)
Seat 4: d760a0fc folded before Flop (didn't bet)
Seat 5: 2ca5838e (button) folded before Flop (didn't bet)
Seat 6: c71d258c (small blind) folded before Flop


Poker Hand #HD1721398423: Hold'em No Limit ($0.02/$0.05) - 2024/04/08 18:04:23
Table 'NLHBlue13' 6-max Seat #4 is the button
Seat 1: Hero ($7.86 in chips)
Seat 2: 378b5821 ($5 in chips)
Seat 3: 79e64d08 ($5.03 in chips)
Seat 4: d760a0fc ($5.1 in chips)
Seat 5: 2ca5838e ($4.72 in chips)
Seat 6: c71d258c ($5 in chips)
2ca5838e: posts small blind $0.02
c71d258c: posts big blind $0.05
*** HOLE CARDS ***
Dealt to Hero [5h 4s]
Dealt to 378b5821 
Dealt to 79e64d08 
Dealt to d760a0fc 
Dealt to 2ca5838e 
Dealt to c71d258c 
Hero: folds
378b5821: folds
79e64d08: folds
d760a0fc: folds
2ca5838e: folds
Uncalled bet ($0.03) returned to c71d258c
*** SHOWDOWN ***
c71d258c collected $0.04 from pot
*** SUMMARY ***
Total pot $0.04 | Rake $0 | Jackpot $0 | Bingo $0 | Fortune $0 | Tax $0
Seat 1: Hero folded before Flop (didn't bet)
Seat 2: 378b5821 folded before Flop (didn't bet)
Seat 3: 79e64d08 folded before Flop (didn't bet)
Seat 4: d760a0fc (button) folded before Flop (didn't bet)
Seat 5: 2ca5838e (small blind) folded before Flop
Seat 6: c71d258c (big blind) collected ($0.04)


Poker Hand #HD1721398389: Hold'em No Limit ($0.02/$0.05) - 2024/04/08 18:04:11
Table 'NLHBlue13' 6-max Seat #3 is the button
Seat 1: Hero ($7.86 in chips)
Seat 2: 378b5821 ($5 in chips)
Seat 3: 79e64d08 ($5.03 in chips)
Seat 4: d760a0fc ($5.05 in chips)
Seat 5: 2ca5838e ($4.77 in chips)
Seat 6: c71d258c ($5 in chips)
d760a0fc: posts small blind $0.02
2ca5838e: posts big blind $0.05
*** HOLE CARDS ***
Dealt to Hero [5h 2c]
Dealt to 378b5821 
Dealt to 79e64d08 
Dealt to d760a0fc 
Dealt to 2ca5838e 
Dealt to c71d258c 
c71d258c: folds
Hero: folds
378b5821: folds
79e64d08: folds
d760a0fc: raises $0.1 to $0.15
2ca5838e: folds
Uncalled bet ($0.1) returned to d760a0fc
*** SHOWDOWN ***
d760a0fc collected $0.1 from pot
*** SUMMARY ***
Total pot $0.1 | Rake $0 | Jackpot $0 | Bingo $0 | Fortune $0 | Tax $0
Seat 1: Hero folded before Flop (didn't bet)
Seat 2: 378b5821 folded before Flop (didn't bet)
Seat 3: 79e64d08 (button) folded before Flop (didn't bet)
Seat 4: d760a0fc (small blind) collected ($0.1)
Seat 5: 2ca5838e (big blind) folded before Flop
Seat 6: c71d258c folded before Flop (didn't bet)


Poker Hand #HD1721398051: Hold'em No Limit ($0.02/$0.05) - 2024/04/08 18:02:00
Table 'NLHBlue13' 6-max Seat #2 is the button
Seat 1: Hero ($5.82 in chips)
Seat 2: 378b5821 ($5 in chips)
Seat 3: 79e64d08 ($5.05 in chips)
Seat 4: d760a0fc ($7.21 in chips)
Seat 5: 2ca5838e ($4.77 in chips)
Seat 6: c71d258c ($5 in chips)
79e64d08: posts small blind $0.02
d760a0fc: posts big blind $0.05
*** HOLE CARDS ***
Dealt to Hero [Kh As]
Dealt to 378b5821 
Dealt to 79e64d08 
Dealt to d760a0fc 
Dealt to 2ca5838e 
Dealt to c71d258c 
2ca5838e: folds
c71d258c: raises $0.08 to $0.13
Hero: raises $0.27 to $0.4
378b5821: folds
79e64d08: folds
d760a0fc: raises $0.64 to $1.04
c71d258c: folds
Hero: calls $0.64
*** FLOP *** [Jd Qc 8h]
d760a0fc: bets $1.12
Hero: raises $3.66 to $4.78 and is all-in
d760a0fc: folds
Uncalled bet ($3.66) returned to Hero
d760a0fc: shows [Ad Ac] (Pair of Aces)
Hero: shows [Kh As] (Ace-High)
*** SHOWDOWN ***
Hero collected $4.2 from pot
*** SUMMARY ***
Total pot $4.47 | Rake $0.22 | Jackpot $0.05 | Bingo $0 | Fortune $0 | Tax $0
Board [Jd Qc 8h]
Seat 1: Hero showed [Kh As] and won ($4.2)
Seat 2: 378b5821 (button) folded before Flop (didn't bet)
Seat 3: 79e64d08 (small blind) folded before Flop
Seat 4: d760a0fc (big blind) folded on the Flop
Seat 5: 2ca5838e folded before Flop (didn't bet)
Seat 6: c71d258c folded before Flop


Poker Hand #HD1721398024: Hold'em No Limit ($0.02/$0.05) - 2024/04/08 18:01:52
Table 'NLHBlue13' 6-max Seat #1 is the button
Seat 1: Hero ($5.82 in chips)
Seat 2: 378b5821 ($5.02 in chips)
Seat 3: 79e64d08 ($5.03 in chips)
Seat 4: d760a0fc ($7.21 in chips)
Seat 5: 2ca5838e ($4.77 in chips)
Seat 6: c71d258c ($5 in chips)
378b5821: posts small blind $0.02
79e64d08: posts big blind $0.05
*** HOLE CARDS ***
Dealt to Hero [8s Jh]
Dealt to 378b5821 
Dealt to 79e64d08 
Dealt to d760a0fc 
Dealt to 2ca5838e 
Dealt to c71d258c 
d760a0fc: folds
2ca5838e: folds
c71d258c: folds
Hero: folds
378b5821: folds
Uncalled bet ($0.03) returned to 79e64d08
*** SHOWDOWN ***
79e64d08 collected $0.04 from pot
*** SUMMARY ***
Total pot $0.04 | Rake $0 | Jackpot $0 | Bingo $0 | Fortune $0 | Tax $0
Seat 1: Hero (button) folded before Flop (didn't bet)
Seat 2: 378b5821 (small blind) folded before Flop
Seat 3: 79e64d08 (big blind) collected ($0.04)
Seat 4: d760a0fc folded before Flop (didn't bet)
Seat 5: 2ca5838e folded before Flop (didn't bet)
Seat 6: c71d258c folded before Flop (didn't bet)


Poker Hand #HD1721397982: Hold'em No Limit ($0.02/$0.05) - 2024/04/08 18:01:34
Table 'NLHBlue13' 6-max Seat #6 is the button
Seat 1: Hero ($5.84 in chips)
Seat 2: 378b5821 ($5 in chips)
Seat 3: 79e64d08 ($5.03 in chips)
Seat 4: d760a0fc ($7.21 in chips)
Seat 5: 2ca5838e ($4.77 in chips)
Seat 6: c71d258c ($5 in chips)
Hero: posts small blind $0.02
378b5821: posts big blind $0.05
*** HOLE CARDS ***
Dealt to Hero [Qh 8s]
Dealt to 378b5821 
Dealt to 79e64d08 
Dealt to d760a0fc 
Dealt to 2ca5838e 
Dealt to c71d258c 
79e64d08: folds
d760a0fc: folds
2ca5838e: folds
c71d258c: folds
Hero: folds
Uncalled bet ($0.03) returned to 378b5821
*** SHOWDOWN ***
378b5821 collected $0.04 from pot
*** SUMMARY ***
Total pot $0.04 | Rake $0 | Jackpot $0 | Bingo $0 | Fortune $0 | Tax $0
Seat 1: Hero (small blind) folded before Flop
Seat 2: 378b5821 (big blind) collected ($0.04)
Seat 3: 79e64d08 folded before Flop (didn't bet)
Seat 4: d760a0fc folded before Flop (didn't bet)
Seat 5: 2ca5838e folded before Flop (didn't bet)
Seat 6: c71d258c (button) folded before Flop (didn't bet)


Poker Hand #HD1721397950: Hold'em No Limit ($0.02/$0.05) - 2024/04/08 18:01:22
Table 'NLHBlue13' 6-max Seat #5 is the button
Seat 1: Hero ($5.82 in chips)
Seat 2: 378b5821 ($5 in chips)
Seat 3: 79e64d08 ($5.03 in chips)
Seat 4: d760a0fc ($7.21 in chips)
Seat 5: 2ca5838e ($4.77 in chips)
Seat 6: c71d258c ($5 in chips)
c71d258c: posts small blind $0.02
Hero: posts big blind $0.05
*** HOLE CARDS ***
Dealt to Hero [As 9d]
Dealt to 378b5821 
Dealt to 79e64d08 
Dealt to d760a0fc 
Dealt to 2ca5838e 
Dealt to c71d258c 
378b5821: folds
79e64d08: folds
d760a0fc: folds
2ca5838e: folds
c71d258c: folds
Uncalled bet ($0.03) returned to Hero
*** SHOWDOWN ***
Hero collected $0.04 from pot
*** SUMMARY ***
Total pot $0.04 | Rake $0 | Jackpot $0 | Bingo $0 | Fortune $0 | Tax $0
Seat 1: Hero (big blind) collected ($0.04)
Seat 2: 378b5821 folded before Flop (didn't bet)
Seat 3: 79e64d08 folded before Flop (didn't bet)
Seat 4: d760a0fc folded before Flop (didn't bet)
Seat 5: 2ca5838e (button) folded before Flop (didn't bet)
Seat 6: c71d258c (small blind) folded before Flop


Poker Hand #HD1721397899: Hold'em No Limit ($0.02/$0.05) - 2024/04/08 18:01:01
Table 'NLHBlue13' 6-max Seat #4 is the button
Seat 1: Hero ($5.75 in chips)
Seat 2: 378b5821 ($5 in chips)
Seat 3: 79e64d08 ($5.03 in chips)
Seat 4: d760a0fc ($7.21 in chips)
Seat 5: 2ca5838e ($4.79 in chips)
Seat 6: c71d258c ($5.05 in chips)
2ca5838e: posts small blind $0.02
c71d258c: posts big blind $0.05
*** HOLE CARDS ***
Dealt to Hero [8h 9h]
Dealt to 378b5821 
Dealt to 79e64d08 
Dealt to d760a0fc 
Dealt to 2ca5838e 
Dealt to c71d258c 
Hero: raises $0.05 to $0.1
378b5821: folds
79e64d08: folds
d760a0fc: folds
2ca5838e: folds
c71d258c: folds
Uncalled bet ($0.05) returned to Hero
*** SHOWDOWN ***
Hero collected $0.12 from pot
*** SUMMARY ***
Total pot $0.12 | Rake $0 | Jackpot $0 | Bingo $0 | Fortune $0 | Tax $0
Seat 1: Hero collected ($0.12)
Seat 2: 378b5821 folded before Flop (didn't bet)
Seat 3: 79e64d08 folded before Flop (didn't bet)
Seat 4: d760a0fc (button) folded before Flop (didn't bet)
Seat 5: 2ca5838e (small blind) folded before Flop
Seat 6: c71d258c (big blind) folded before Flop


Poker Hand #HD1721397744: Hold'em No Limit ($0.02/$0.05) - 2024/04/08 18:00:01
Table 'NLHBlue13' 6-max Seat #3 is the button
Seat 1: Hero ($5.9 in chips)
Seat 2: 378b5821 ($5 in chips)
Seat 3: 79e64d08 ($5.03 in chips)
Seat 4: d760a0fc ($7.23 in chips)
Seat 5: 2ca5838e ($4.63 in chips)
Seat 6: c71d258c ($5.05 in chips)
d760a0fc: posts small blind $0.02
2ca5838e: posts big blind $0.05
*** HOLE CARDS ***
Dealt to Hero [9c 9s]
Dealt to 378b5821 
Dealt to 79e64d08 
Dealt to d760a0fc 
Dealt to 2ca5838e 
Dealt to c71d258c 
c71d258c: folds
Hero: raises $0.05 to $0.1
378b5821: folds
79e64d08: folds
d760a0fc: folds
2ca5838e: calls $0.05
*** FLOP *** [Qh 8h 5d]
2ca5838e: bets $0.05
Hero: calls $0.05
*** TURN *** [Qh 8h 5d] [Ad]
2ca5838e: bets $0.2
Hero: folds
Uncalled bet ($0.2) returned to 2ca5838e
*** SHOWDOWN ***
2ca5838e collected $0.31 from pot
*** SUMMARY ***
Total pot $0.32 | Rake $0.01 | Jackpot $0 | Bingo $0 | Fortune $0 | Tax $0
Board [Qh 8h 5d Ad]
Seat 1: Hero folded on the Turn
Seat 2: 378b5821 folded before Flop (didn't bet)
Seat 3: 79e64d08 (button) folded before Flop (didn't bet)
Seat 4: d760a0fc (small blind) folded before Flop
Seat 5: 2ca5838e (big blind) won ($0.31)
Seat 6: c71d258c folded before Flop (didn't bet)


Poker Hand #HD1721397641: Hold'em No Limit ($0.02/$0.05) - 2024/04/08 17:59:21
Table 'NLHBlue13' 6-max Seat #2 is the button
Seat 1: Hero ($5.9 in chips)
Seat 2: 378b5821 ($5 in chips)
Seat 3: 79e64d08 ($5.18 in chips)
Seat 4: d760a0fc ($7.09 in chips)
Seat 5: 2ca5838e ($4.63 in chips)
Seat 6: c71d258c ($5.05 in chips)
79e64d08: posts small blind $0.02
d760a0fc: posts big blind $0.05
*** HOLE CARDS ***
Dealt to Hero [Kc 2c]
Dealt to 378b5821 
Dealt to 79e64d08 
Dealt to d760a0fc 
Dealt to 2ca5838e 
Dealt to c71d258c 
2ca5838e: folds
c71d258c: folds
Hero: folds
378b5821: folds
79e64d08: raises $0.1 to $0.15
d760a0fc: calls $0.1
*** FLOP *** [7h Ah Th]
79e64d08: checks
d760a0fc: bets $0.1
79e64d08: folds
Uncalled bet ($0.1) returned to d760a0fc
*** SHOWDOWN ***
d760a0fc collected $0.29 from pot
*** SUMMARY ***
Total pot $0.3 | Rake $0.01 | Jackpot $0 | Bingo $0 | Fortune $0 | Tax $0
Board [7h Ah Th]
Seat 1: Hero folded before Flop (didn't bet)
Seat 2: 378b5821 (button) folded before Flop (didn't bet)
Seat 3: 79e64d08 (small blind) folded on the Flop
Seat 4: d760a0fc (big blind) won ($0.29)
Seat 5: 2ca5838e folded before Flop (didn't bet)
Seat 6: c71d258c folded before Flop (didn't bet)


Poker Hand #HD1721397600: Hold'em No Limit ($0.02/$0.05) - 2024/04/08 17:59:04
Table 'NLHBlue13' 6-max Seat #1 is the button
Seat 1: Hero ($5.9 in chips)
Seat 2: 378b5821 ($5.02 in chips)
Seat 3: 79e64d08 ($5.23 in chips)
Seat 4: d760a0fc ($7.02 in chips)
Seat 5: 2ca5838e ($4.63 in chips)
Seat 6: c71d258c ($5.05 in chips)
378b5821: posts small blind $0.02
79e64d08: posts big blind $0.05
*** HOLE CARDS ***
Dealt to Hero [Jc 7c]
Dealt to 378b5821 
Dealt to 79e64d08 
Dealt to d760a0fc 
Dealt to 2ca5838e 
Dealt to c71d258c 
d760a0fc: raises $0.07 to $0.12
2ca5838e: folds
c71d258c: folds
Hero: folds
378b5821: folds
79e64d08: folds
Uncalled bet ($0.07) returned to d760a0fc
*** SHOWDOWN ***
d760a0fc collected $0.12 from pot
*** SUMMARY ***
Total pot $0.12 | Rake $0 | Jackpot $0 | Bingo $0 | Fortune $0 | Tax $0
Seat 1: Hero (button) folded before Flop (didn't bet)
Seat 2: 378b5821 (small blind) folded before Flop
Seat 3: 79e64d08 (big blind) folded before Flop
Seat 4: d760a0fc collected ($0.12)
Seat 5: 2ca5838e folded before Flop (didn't bet)
Seat 6: c71d258c folded before Flop (didn't bet)


Poker Hand #HD1721397573: Hold'em No Limit ($0.02/$0.05) - 2024/04/08 17:58:51
Table 'NLHBlue13' 6-max Seat #6 is the button
Seat 1: Hero ($5.92 in chips)
Seat 2: 378b5821 ($5 in chips)
Seat 3: 79e64d08 ($5.23 in chips)
Seat 4: d760a0fc ($7.02 in chips)
Seat 5: 2ca5838e ($4.63 in chips)
Seat 6: c71d258c ($5.05 in chips)
Hero: posts small blind $0.02
378b5821: posts big blind $0.05
*** HOLE CARDS ***
Dealt to Hero [2s 3c]
Dealt to 378b5821 
Dealt to 79e64d08 
Dealt to d760a0fc 
Dealt to 2ca5838e 
Dealt to c71d258c 
79e64d08: folds
d760a0fc: folds
2ca5838e: folds
c71d258c: folds
Hero: folds
Uncalled bet ($0.03) returned to 378b5821
*** SHOWDOWN ***
378b5821 collected $0.04 from pot
*** SUMMARY ***
Total pot $0.04 | Rake $0 | Jackpot $0 | Bingo $0 | Fortune $0 | Tax $0
Seat 1: Hero (small blind) folded before Flop
Seat 2: 378b5821 (big blind) collected ($0.04)
Seat 3: 79e64d08 folded before Flop (didn't bet)
Seat 4: d760a0fc folded before Flop (didn't bet)
Seat 5: 2ca5838e folded before Flop (didn't bet)
Seat 6: c71d258c (button) folded before Flop (didn't bet)


Poker Hand #HD1721397522: Hold'em No Limit ($0.02/$0.05) - 2024/04/08 17:58:35
Table 'NLHBlue13' 6-max Seat #5 is the button
Seat 1: Hero ($5.97 in chips)
Seat 2: f9f42df3 ($5 in chips)
Seat 3: 79e64d08 ($5.16 in chips)
Seat 4: d760a0fc ($7.02 in chips)
Seat 5: 2ca5838e ($4.63 in chips)
Seat 6: c71d258c ($5.07 in chips)
c71d258c: posts small blind $0.02
Hero: posts big blind $0.05
*** HOLE CARDS ***
Dealt to Hero [6d Jd]
Dealt to f9f42df3 
Dealt to 79e64d08 
Dealt to d760a0fc 
Dealt to 2ca5838e 
Dealt to c71d258c 
f9f42df3: folds
79e64d08: raises $0.07 to $0.12
d760a0fc: folds
2ca5838e: folds
c71d258c: folds
Hero: folds
Uncalled bet ($0.07) returned to 79e64d08
*** SHOWDOWN ***
79e64d08 collected $0.12 from pot
*** SUMMARY ***
Total pot $0.12 | Rake $0 | Jackpot $0 | Bingo $0 | Fortune $0 | Tax $0
Seat 1: Hero (big blind) folded before Flop
Seat 2: f9f42df3 folded before Flop (didn't bet)
Seat 3: 79e64d08 collected ($0.12)
Seat 4: d760a0fc folded before Flop (didn't bet)
Seat 5: 2ca5838e (button) folded before Flop (didn't bet)
Seat 6: c71d258c (small blind) folded before Flop


Poker Hand #HD1721397424: Hold'em No Limit ($0.02/$0.05) - 2024/04/08 17:57:59
Table 'NLHBlue13' 6-max Seat #4 is the button
Seat 1: Hero ($6.07 in chips)
Seat 2: f9f42df3 ($5 in chips)
Seat 3: 79e64d08 ($5 in chips)
Seat 4: d760a0fc ($7.02 in chips)
Seat 5: 2ca5838e ($4.65 in chips)
Seat 6: c71d258c ($5.12 in chips)
2ca5838e: posts small blind $0.02
c71d258c: posts big blind $0.05
*** HOLE CARDS ***
Dealt to Hero [5c 5d]
Dealt to f9f42df3 
Dealt to 79e64d08 
Dealt to d760a0fc 
Dealt to 2ca5838e 
Dealt to c71d258c 
Hero: raises $0.05 to $0.1
f9f42df3: folds
79e64d08: raises $0.22 to $0.32
d760a0fc: folds
2ca5838e: folds
c71d258c: folds
Hero: folds
Uncalled bet ($0.22) returned to 79e64d08
*** SHOWDOWN ***
79e64d08 collected $0.26 from pot
*** SUMMARY ***
Total pot $0.27 | Rake $0.01 | Jackpot $0 | Bingo $0 | Fortune $0 | Tax $0
Seat 1: Hero folded before Flop
Seat 2: f9f42df3 folded before Flop (didn't bet)
Seat 3: 79e64d08 collected ($0.26)
Seat 4: d760a0fc (button) folded before Flop (didn't bet)
Seat 5: 2ca5838e (small blind) folded before Flop
Seat 6: c71d258c (big blind) folded before Flop


Poker Hand #HD1721397292: Hold'em No Limit ($0.02/$0.05) - 2024/04/08 17:57:04
Table 'NLHBlue13' 6-max Seat #3 is the button
Seat 1: Hero ($6.07 in chips)
Seat 2: f9f42df3 ($5.03 in chips)
Seat 3: 79e64d08 ($4.24 in chips)
Seat 4: d760a0fc ($7.04 in chips)
Seat 5: 2ca5838e ($3.69 in chips)
Seat 6: c71d258c ($5.12 in chips)
d760a0fc: posts small blind $0.02
2ca5838e: posts big blind $0.05
*** HOLE CARDS ***
Dealt to Hero [3s 6c]
Dealt to f9f42df3 
Dealt to 79e64d08 
Dealt to d760a0fc 
Dealt to 2ca5838e 
Dealt to c71d258c 
c71d258c: folds
Hero: folds
f9f42df3: raises $0.1 to $0.15
79e64d08: raises $0.29 to $0.44
d760a0fc: folds
2ca5838e: raises $0.49 to $0.93
f9f42df3: folds
79e64d08: calls $0.49
*** FLOP *** [6h 2d Kc]
2ca5838e: bets $0.95
79e64d08: folds
Uncalled bet ($0.95) returned to 2ca5838e
*** SHOWDOWN ***
2ca5838e collected $1.89 from pot
*** SUMMARY ***
Total pot $2.03 | Rake $0.09 | Jackpot $0.05 | Bingo $0 | Fortune $0 | Tax $0
Board [6h 2d Kc]
Seat 1: Hero folded before Flop (didn't bet)
Seat 2: f9f42df3 folded before Flop
Seat 3: 79e64d08 (button) folded on the Flop
Seat 4: d760a0fc (small blind) folded before Flop
Seat 5: 2ca5838e (big blind) won ($1.89)
Seat 6: c71d258c folded before Flop (didn't bet)


Poker Hand #HD1721397239: Hold'em No Limit ($0.02/$0.05) - 2024/04/08 17:56:39
Table 'NLHBlue13' 6-max Seat #2 is the button
Seat 1: Hero ($6.07 in chips)
Seat 2: f9f42df3 ($5.03 in chips)
Seat 3: 79e64d08 ($4.26 in chips)
Seat 4: d760a0fc ($7.02 in chips)
Seat 5: 2ca5838e ($3.69 in chips)
Seat 6: c71d258c ($5.12 in chips)
79e64d08: posts small blind $0.02
d760a0fc: posts big blind $0.05
*** HOLE CARDS ***
Dealt to Hero [4s Qc]
Dealt to f9f42df3 
Dealt to 79e64d08 
Dealt to d760a0fc 
Dealt to 2ca5838e 
Dealt to c71d258c 
2ca5838e: folds
c71d258c: folds
Hero: folds
f9f42df3: folds
79e64d08: folds
Uncalled bet ($0.03) returned to d760a0fc
*** SHOWDOWN ***
d760a0fc collected $0.04 from pot
*** SUMMARY ***
Total pot $0.04 | Rake $0 | Jackpot $0 | Bingo $0 | Fortune $0 | Tax $0
Seat 1: Hero folded before Flop (didn't bet)
Seat 2: f9f42df3 (button) folded before Flop (didn't bet)
Seat 3: 79e64d08 (small blind) folded before Flop
Seat 4: d760a0fc (big blind) collected ($0.04)
Seat 5: 2ca5838e folded before Flop (didn't bet)
Seat 6: c71d258c folded before Flop (didn't bet)


Poker Hand #HD1721397139: Hold'em No Limit ($0.02/$0.05) - 2024/04/08 17:55:57
Table 'NLHBlue13' 6-max Seat #1 is the button
Seat 1: Hero ($6.07 in chips)
Seat 2: f9f42df3 ($5.18 in chips)
Seat 3: 79e64d08 ($4.12 in chips)
Seat 4: d760a0fc ($7.02 in chips)
Seat 5: 2ca5838e ($3.69 in chips)
Seat 6: c71d258c ($5.12 in chips)
f9f42df3: posts small blind $0.02
79e64d08: posts big blind $0.05
*** HOLE CARDS ***
Dealt to Hero [Kd 4d]
Dealt to f9f42df3 
Dealt to 79e64d08 
Dealt to d760a0fc 
Dealt to 2ca5838e 
Dealt to c71d258c 
d760a0fc: folds
2ca5838e: folds
c71d258c: folds
Hero: folds
f9f42df3: raises $0.1 to $0.15
79e64d08: raises $0.42 to $0.57
f9f42df3: folds
Uncalled bet ($0.42) returned to 79e64d08
*** SHOWDOWN ***
79e64d08 collected $0.29 from pot
*** SUMMARY ***
Total pot $0.3 | Rake $0.01 | Jackpot $0 | Bingo $0 | Fortune $0 | Tax $0
Seat 1: Hero (button) folded before Flop (didn't bet)
Seat 2: f9f42df3 (small blind) folded before Flop
Seat 3: 79e64d08 (big blind) collected ($0.29)
Seat 4: d760a0fc folded before Flop (didn't bet)
Seat 5: 2ca5838e folded before Flop (didn't bet)
Seat 6: c71d258c folded before Flop (didn't bet)


Poker Hand #HD1721397047: Hold'em No Limit ($0.02/$0.05) - 2024/04/08 17:55:22
Table 'NLHBlue13' 6-max Seat #6 is the button
Seat 1: Hero ($6.09 in chips)
Seat 2: f9f42df3 ($5.23 in chips)
Seat 3: 79e64d08 ($4.12 in chips)
Seat 4: d760a0fc ($7.02 in chips)
Seat 5: 2ca5838e ($3.74 in chips)
Seat 6: c71d258c ($5 in chips)
Hero: posts small blind $0.02
f9f42df3: posts big blind $0.05
*** HOLE CARDS ***
Dealt to Hero [Qh Jc]
Dealt to f9f42df3 
Dealt to 79e64d08 
Dealt to d760a0fc 
Dealt to 2ca5838e 
Dealt to c71d258c 
79e64d08: folds
d760a0fc: folds
2ca5838e: calls $0.05
c71d258c: raises $0.23 to $0.28
Hero: folds
f9f42df3: folds
2ca5838e: folds
Uncalled bet ($0.23) returned to c71d258c
*** SHOWDOWN ***
c71d258c collected $0.17 from pot
*** SUMMARY ***
Total pot $0.17 | Rake $0 | Jackpot $0 | Bingo $0 | Fortune $0 | Tax $0
Seat 1: Hero (small blind) folded before Flop
Seat 2: f9f42df3 (big blind) folded before Flop
Seat 3: 79e64d08 folded before Flop (didn't bet)
Seat 4: d760a0fc folded before Flop (didn't bet)
Seat 5: 2ca5838e folded before Flop
Seat 6: c71d258c (button) collected ($0.17)


Poker Hand #HD1721396958: Hold'em No Limit ($0.02/$0.05) - 2024/04/08 17:54:49
Table 'NLHBlue13' 6-max Seat #5 is the button
Seat 1: Hero ($6.14 in chips)
Seat 2: f9f42df3 ($5.23 in chips)
Seat 3: 79e64d08 ($4.12 in chips)
Seat 4: d760a0fc ($6.95 in chips)
Seat 5: 2ca5838e ($3.74 in chips)
Seat 6: c71d258c ($5.02 in chips)
c71d258c: posts small blind $0.02
Hero: posts big blind $0.05
*** HOLE CARDS ***
Dealt to Hero [Ac 6s]
Dealt to f9f42df3 
Dealt to 79e64d08 
Dealt to d760a0fc 
Dealt to 2ca5838e 
Dealt to c71d258c 
f9f42df3: folds
79e64d08: folds
d760a0fc: raises $0.08 to $0.13
2ca5838e: folds
c71d258c: folds
Hero: folds
Uncalled bet ($0.08) returned to d760a0fc
*** SHOWDOWN ***
d760a0fc collected $0.12 from pot
*** SUMMARY ***
Total pot $0.12 | Rake $0 | Jackpot $0 | Bingo $0 | Fortune $0 | Tax $0
Seat 1: Hero (big blind) folded before Flop
Seat 2: f9f42df3 folded before Flop (didn't bet)
Seat 3: 79e64d08 folded before Flop (didn't bet)
Seat 4: d760a0fc collected ($0.12)
Seat 5: 2ca5838e (button) folded before Flop (didn't bet)
Seat 6: c71d258c (small blind) folded before Flop


Poker Hand #HD1721396918: Hold'em No Limit ($0.02/$0.05) - 2024/04/08 17:54:33
Table 'NLHBlue13' 6-max Seat #4 is the button
Seat 1: Hero ($6.14 in chips)
Seat 2: f9f42df3 ($5.23 in chips)
Seat 3: 79e64d08 ($4.12 in chips)
Seat 4: d760a0fc ($6.95 in chips)
Seat 5: 2ca5838e ($3.76 in chips)
Seat 6: c71d258c ($5 in chips)
2ca5838e: posts small blind $0.02
c71d258c: posts big blind $0.05
*** HOLE CARDS ***
Dealt to Hero [4h Kc]
Dealt to f9f42df3 
Dealt to 79e64d08 
Dealt to d760a0fc 
Dealt to 2ca5838e 
Dealt to c71d258c 
Hero: folds
f9f42df3: folds
79e64d08: folds
d760a0fc: folds
2ca5838e: folds
Uncalled bet ($0.03) returned to c71d258c
*** SHOWDOWN ***
c71d258c collected $0.04 from pot
*** SUMMARY ***
Total pot $0.04 | Rake $0 | Jackpot $0 | Bingo $0 | Fortune $0 | Tax $0
Seat 1: Hero folded before Flop (didn't bet)
Seat 2: f9f42df3 folded before Flop (didn't bet)
Seat 3: 79e64d08 folded before Flop (didn't bet)
Seat 4: d760a0fc (button) folded before Flop (didn't bet)
Seat 5: 2ca5838e (small blind) folded before Flop
Seat 6: c71d258c (big blind) collected ($0.04)


Poker Hand #HD1721396762: Hold'em No Limit ($0.02/$0.05) - 2024/04/08 17:53:28
Table 'NLHBlue13' 6-max Seat #3 is the button
Seat 1: Hero ($6.34 in chips)
Seat 2: f9f42df3 ($5.23 in chips)
Seat 3: 79e64d08 ($4.12 in chips)
Seat 4: d760a0fc ($6.97 in chips)
Seat 5: 2ca5838e ($3.56 in chips)
Seat 6: 70125db5 ($5.58 in chips)
d760a0fc: posts small blind $0.02
2ca5838e: posts big blind $0.05
*** HOLE CARDS ***
Dealt to Hero [Qh Ah]
Dealt to f9f42df3 
Dealt to 79e64d08 
Dealt to d760a0fc 
Dealt to 2ca5838e 
Dealt to 70125db5 
70125db5: folds
Hero: raises $0.05 to $0.1
f9f42df3: folds
79e64d08: folds
d760a0fc: folds
2ca5838e: calls $0.05
*** FLOP *** [4s 7c 6c]
2ca5838e: bets $0.1
Hero: calls $0.1
*** TURN *** [4s 7c 6c] [8d]
2ca5838e: checks
Hero: checks
*** RIVER *** [4s 7c 6c 8d] [8h]
2ca5838e: bets $0.14
Hero: folds
Uncalled bet ($0.14) returned to 2ca5838e
*** SHOWDOWN ***
2ca5838e collected $0.4 from pot
*** SUMMARY ***
Total pot $0.42 | Rake $0.02 | Jackpot $0 | Bingo $0 | Fortune $0 | Tax $0
Board [4s 7c 6c 8d 8h]
Seat 1: Hero folded on the River
Seat 2: f9f42df3 folded before Flop (didn't bet)
Seat 3: 79e64d08 (button) folded before Flop (didn't bet)
Seat 4: d760a0fc (small blind) folded before Flop
Seat 5: 2ca5838e (big blind) won ($0.4)
Seat 6: 70125db5 folded before Flop (didn't bet)


Poker Hand #HD1721396578: Hold'em No Limit ($0.02/$0.05) - 2024/04/08 17:52:18
Table 'NLHBlue13' 6-max Seat #2 is the button
Seat 1: Hero ($6.34 in chips)
Seat 2: f9f42df3 ($5.23 in chips)
Seat 3: 79e64d08 ($4.75 in chips)
Seat 4: d760a0fc ($6.4 in chips)
Seat 5: 2ca5838e ($3.56 in chips)
Seat 6: 70125db5 ($5.58 in chips)
79e64d08: posts small blind $0.02
d760a0fc: posts big blind $0.05
*** HOLE CARDS ***
Dealt to Hero [Jh 3h]
Dealt to f9f42df3 
Dealt to 79e64d08 
Dealt to d760a0fc 
Dealt to 2ca5838e 
Dealt to 70125db5 
2ca5838e: folds
70125db5: folds
Hero: folds
f9f42df3: folds
79e64d08: raises $0.1 to $0.15
d760a0fc: calls $0.1
*** FLOP *** [Jd 4h 2d]
79e64d08: bets $0.1
d760a0fc: raises $0.38 to $0.48
79e64d08: calls $0.38
*** TURN *** [Jd 4h 2d] [As]
79e64d08: checks
d760a0fc: bets $0.72
79e64d08: folds
Uncalled bet ($0.72) returned to d760a0fc
*** SHOWDOWN ***
d760a0fc collected $1.2 from pot
*** SUMMARY ***
Total pot $1.26 | Rake $0.06 | Jackpot $0 | Bingo $0 | Fortune $0 | Tax $0
Board [Jd 4h 2d As]
Seat 1: Hero folded before Flop (didn't bet)
Seat 2: f9f42df3 (button) folded before Flop (didn't bet)
Seat 3: 79e64d08 (small blind) folded on the Turn
Seat 4: d760a0fc (big blind) won ($1.2)
Seat 5: 2ca5838e folded before Flop (didn't bet)
Seat 6: 70125db5 folded before Flop (didn't bet)


Poker Hand #HD1721396449: Hold'em No Limit ($0.02/$0.05) - 2024/04/08 17:51:29
Table 'NLHBlue13' 6-max Seat #1 is the button
Seat 1: Hero ($6.34 in chips)
Seat 2: f9f42df3 ($5 in chips)
Seat 3: 79e64d08 ($5 in chips)
Seat 4: d760a0fc ($6.4 in chips)
Seat 5: 2ca5838e ($3.56 in chips)
Seat 6: 70125db5 ($5.58 in chips)
f9f42df3: posts small blind $0.02
79e64d08: posts big blind $0.05
*** HOLE CARDS ***
Dealt to Hero [2d Kh]
Dealt to f9f42df3 
Dealt to 79e64d08 
Dealt to d760a0fc 
Dealt to 2ca5838e 
Dealt to 70125db5 
d760a0fc: folds
2ca5838e: folds
70125db5: folds
Hero: folds
f9f42df3: raises $0.1 to $0.15
79e64d08: calls $0.1
*** FLOP *** [Ks 8s 3c]
f9f42df3: bets $0.1
79e64d08: calls $0.1
*** TURN *** [Ks 8s 3c] [3d]
f9f42df3: checks
79e64d08: checks
*** RIVER *** [Ks 8s 3c 3d] [Qh]
f9f42df3: bets $0.38
79e64d08: folds
Uncalled bet ($0.38) returned to f9f42df3
*** SHOWDOWN ***
f9f42df3 collected $0.48 from pot
*** SUMMARY ***
Total pot $0.5 | Rake $0.02 | Jackpot $0 | Bingo $0 | Fortune $0 | Tax $0
Board [Ks 8s 3c 3d Qh]
Seat 1: Hero (button) folded before Flop (didn't bet)
Seat 2: f9f42df3 (small blind) won ($0.48)
Seat 3: 79e64d08 (big blind) folded on the River
Seat 4: d760a0fc folded before Flop (didn't bet)
Seat 5: 2ca5838e folded before Flop (didn't bet)
Seat 6: 70125db5 folded before Flop (didn't bet)


Poker Hand #HD1721396362: Hold'em No Limit ($0.02/$0.05) - 2024/04/08 17:51:01
Table 'NLHBlue13' 6-max Seat #6 is the button
Seat 1: Hero ($6.17 in chips)
Seat 2: f9f42df3 ($5 in chips)
Seat 4: d760a0fc ($6.4 in chips)
Seat 5: 2ca5838e ($3.69 in chips)
Seat 6: 70125db5 ($5.58 in chips)
Hero: posts small blind $0.02
f9f42df3: posts big blind $0.05
*** HOLE CARDS ***
Dealt to Hero [Ah Jc]
Dealt to f9f42df3 
Dealt to d760a0fc 
Dealt to 2ca5838e 
Dealt to 70125db5 
d760a0fc: folds
2ca5838e: raises $0.08 to $0.13
70125db5: folds
Hero: raises $0.37 to $0.5
f9f42df3: folds
2ca5838e: folds
Uncalled bet ($0.37) returned to Hero
*** SHOWDOWN ***
Hero collected $0.3 from pot
*** SUMMARY ***
Total pot $0.31 | Rake $0.01 | Jackpot $0 | Bingo $0 | Fortune $0 | Tax $0
Seat 1: Hero (small blind) collected ($0.3)
Seat 2: f9f42df3 (big blind) folded before Flop
Seat 4: d760a0fc folded before Flop (didn't bet)
Seat 5: 2ca5838e folded before Flop
Seat 6: 70125db5 (button) folded before Flop (didn't bet)


Poker Hand #HD1721396228: Hold'em No Limit ($0.02/$0.05) - 2024/04/08 17:50:08
Table 'NLHBlue13' 6-max Seat #5 is the button
Seat 1: Hero ($6.57 in chips)
Seat 4: d760a0fc ($6.4 in chips)
Seat 5: 2ca5838e ($3.69 in chips)
Seat 6: 70125db5 ($5.22 in chips)
70125db5: posts small blind $0.02
Hero: posts big blind $0.05
*** HOLE CARDS ***
Dealt to Hero [Js Ah]
Dealt to d760a0fc 
Dealt to 2ca5838e 
Dealt to 70125db5 
d760a0fc: folds
2ca5838e: folds
70125db5: raises $0.07 to $0.12
Hero: raises $0.28 to $0.4
70125db5: calls $0.28
*** FLOP *** [4c 8h 2h]
70125db5: checks
Hero: checks
*** TURN *** [4c 8h 2h] [8s]
70125db5: checks
Hero: checks
*** RIVER *** [4c 8h 2h 8s] [5c]
70125db5: checks
Hero: checks
70125db5: shows [Qs Ad] (Pair of Eights)
Hero: shows [Js Ah] (Pair of Eights)
*** SHOWDOWN ***
70125db5 collected $0.76 from pot
*** SUMMARY ***
Total pot $0.8 | Rake $0.04 | Jackpot $0 | Bingo $0 | Fortune $0 | Tax $0
Board [4c 8h 2h 8s 5c]
Seat 1: Hero (big blind) showed [Js Ah] and lost with Pair of Eights
Seat 4: d760a0fc folded before Flop (didn't bet)
Seat 5: 2ca5838e (button) folded before Flop (didn't bet)
Seat 6: 70125db5 (small blind) showed [Qs Ad] and won ($0.76) with Pair of Eights


Poker Hand #HD1721396162: Hold'em No Limit ($0.02/$0.05) - 2024/04/08 17:49:42
Table 'NLHBlue13' 6-max Seat #4 is the button
Seat 1: Hero ($6.57 in chips)
Seat 4: d760a0fc ($6.4 in chips)
Seat 5: 2ca5838e ($3.64 in chips)
Seat 6: 70125db5 ($5.27 in chips)
2ca5838e: posts small blind $0.02
70125db5: posts big blind $0.05
*** HOLE CARDS ***
Dealt to Hero [7s 4c]
Dealt to d760a0fc 
Dealt to 2ca5838e 
Dealt to 70125db5 
Hero: folds
d760a0fc: folds
2ca5838e: calls $0.03
70125db5: checks
*** FLOP *** [2s Jh 8h]
2ca5838e: bets $0.1
70125db5: folds
Uncalled bet ($0.1) returned to 2ca5838e
*** SHOWDOWN ***
2ca5838e collected $0.1 from pot
*** SUMMARY ***
Total pot $0.1 | Rake $0 | Jackpot $0 | Bingo $0 | Fortune $0 | Tax $0
Board [2s Jh 8h]
Seat 1: Hero folded before Flop (didn't bet)
Seat 4: d760a0fc (button) folded before Flop (didn't bet)
Seat 5: 2ca5838e (small blind) won ($0.1)
Seat 6: 70125db5 (big blind) folded on the Flop


Poker Hand #HD1721396106: Hold'em No Limit ($0.02/$0.05) - 2024/04/08 17:49:16
Table 'NLHBlue13' 6-max Seat #1 is the button
Seat 1: Hero ($6.57 in chips)
Seat 4: d760a0fc ($6.24 in chips)
Seat 5: 2ca5838e ($3.69 in chips)
Seat 6: 70125db5 ($5.39 in chips)
d760a0fc: posts small blind $0.02
2ca5838e: posts big blind $0.05
*** HOLE CARDS ***
Dealt to Hero [2d 7c]
Dealt to d760a0fc 
Dealt to 2ca5838e 
Dealt to 70125db5 
70125db5: raises $0.07 to $0.12
Hero: folds
d760a0fc: raises $0.48 to $0.6
2ca5838e: folds
70125db5: folds
Uncalled bet ($0.48) returned to d760a0fc
*** SHOWDOWN ***
d760a0fc collected $0.28 from pot
*** SUMMARY ***
Total pot $0.29 | Rake $0.01 | Jackpot $0 | Bingo $0 | Fortune $0 | Tax $0
Seat 1: Hero (button) folded before Flop (didn't bet)
Seat 4: d760a0fc (small blind) collected ($0.28)
Seat 5: 2ca5838e (big blind) folded before Flop
Seat 6: 70125db5 folded before Flop


Poker Hand #HD1721396008: Hold'em No Limit ($0.02/$0.05) - 2024/04/08 17:48:42
Table 'NLHBlue13' 6-max Seat #6 is the button
Seat 1: Hero ($6.59 in chips)
Seat 4: d760a0fc ($6.34 in chips)
Seat 5: 2ca5838e ($3.69 in chips)
Seat 6: 70125db5 ($5.28 in chips)
Hero: posts small blind $0.02
d760a0fc: posts big blind $0.05
*** HOLE CARDS ***
Dealt to Hero [Qc 2c]
Dealt to d760a0fc 
Dealt to 2ca5838e 
Dealt to 70125db5 
2ca5838e: folds
70125db5: raises $0.05 to $0.1
Hero: folds
d760a0fc: calls $0.05
*** FLOP *** [4s 4c 5d]
d760a0fc: checks
70125db5: bets $0.12
d760a0fc: folds
Uncalled bet ($0.12) returned to 70125db5
*** SHOWDOWN ***
70125db5 collected $0.21 from pot
*** SUMMARY ***
Total pot $0.22 | Rake $0.01 | Jackpot $0 | Bingo $0 | Fortune $0 | Tax $0
Board [4s 4c 5d]
Seat 1: Hero (small blind) folded before Flop
Seat 4: d760a0fc (big blind) folded on the Flop
Seat 5: 2ca5838e folded before Flop (didn't bet)
Seat 6: 70125db5 (button) won ($0.21)


Poker Hand #HD1721395975: Hold'em No Limit ($0.02/$0.05) - 2024/04/08 17:48:30
Table 'NLHBlue13' 6-max Seat #5 is the button
Seat 1: Hero ($6.64 in chips)
Seat 4: d760a0fc ($6.34 in chips)
Seat 5: 2ca5838e ($3.69 in chips)
Seat 6: 70125db5 ($5.23 in chips)
70125db5: posts small blind $0.02
Hero: posts big blind $0.05
*** HOLE CARDS ***
Dealt to Hero [9s Jh]
Dealt to d760a0fc 
Dealt to 2ca5838e 
Dealt to 70125db5 
d760a0fc: folds
2ca5838e: folds
70125db5: raises $0.07 to $0.12
Hero: folds
Uncalled bet ($0.07) returned to 70125db5
*** SHOWDOWN ***
70125db5 collected $0.1 from pot
*** SUMMARY ***
Total pot $0.1 | Rake $0 | Jackpot $0 | Bingo $0 | Fortune $0 | Tax $0
Seat 1: Hero (big blind) folded before Flop
Seat 4: d760a0fc folded before Flop (didn't bet)
Seat 5: 2ca5838e (button) folded before Flop (didn't bet)
Seat 6: 70125db5 (small blind) collected ($0.1)


Poker Hand #HD1721395920: Hold'em No Limit ($0.02/$0.05) - 2024/04/08 17:48:11
Table 'NLHBlue13' 6-max Seat #4 is the button
Seat 1: Hero ($6.64 in chips)
Seat 4: d760a0fc ($6.46 in chips)
Seat 5: 2ca5838e ($3.53 in chips)
Seat 6: 70125db5 ($5.28 in chips)
2ca5838e: posts small blind $0.02
70125db5: posts big blind $0.05
*** HOLE CARDS ***
Dealt to Hero [5c Th]
Dealt to d760a0fc 
Dealt to 2ca5838e 
Dealt to 70125db5 
Hero: folds
d760a0fc: raises $0.07 to $0.12
2ca5838e: raises $0.32 to $0.44
70125db5: folds
d760a0fc: folds
Uncalled bet ($0.32) returned to 2ca5838e
*** SHOWDOWN ***
2ca5838e collected $0.28 from pot
*** SUMMARY ***
Total pot $0.29 | Rake $0.01 | Jackpot $0 | Bingo $0 | Fortune $0 | Tax $0
Seat 1: Hero folded before Flop (didn't bet)
Seat 4: d760a0fc (button) folded before Flop
Seat 5: 2ca5838e (small blind) collected ($0.28)
Seat 6: 70125db5 (big blind) folded before Flop


Poker Hand #HD1721395887: Hold'em No Limit ($0.02/$0.05) - 2024/04/08 17:48:00
Table 'NLHBlue13' 6-max Seat #1 is the button
Seat 1: Hero ($6.64 in chips)
Seat 4: d760a0fc ($6.41 in chips)
Seat 5: 2ca5838e ($3.58 in chips)
Seat 6: 70125db5 ($5.28 in chips)
d760a0fc: posts small blind $0.02
2ca5838e: posts big blind $0.05
*** HOLE CARDS ***
Dealt to Hero [8d 7h]
Dealt to d760a0fc 
Dealt to 2ca5838e 
Dealt to 70125db5 
70125db5: folds
Hero: folds
d760a0fc: raises $0.1 to $0.15
2ca5838e: folds
Uncalled bet ($0.1) returned to d760a0fc
*** SHOWDOWN ***
d760a0fc collected $0.1 from pot
*** SUMMARY ***
Total pot $0.1 | Rake $0 | Jackpot $0 | Bingo $0 | Fortune $0 | Tax $0
Seat 1: Hero (button) folded before Flop (didn't bet)
Seat 4: d760a0fc (small blind) collected ($0.1)
Seat 5: 2ca5838e (big blind) folded before Flop
Seat 6: 70125db5 folded before Flop (didn't bet)


Poker Hand #HD1721395848: Hold'em No Limit ($0.02/$0.05) - 2024/04/08 17:47:46
Table 'NLHBlue13' 6-max Seat #6 is the button
Seat 1: Hero ($6.66 in chips)
Seat 4: d760a0fc ($6.46 in chips)
Seat 5: 2ca5838e ($3.58 in chips)
Seat 6: 70125db5 ($5.21 in chips)
Hero: posts small blind $0.02
d760a0fc: posts big blind $0.05
*** HOLE CARDS ***
Dealt to Hero [Kc 5d]
Dealt to d760a0fc 
Dealt to 2ca5838e 
Dealt to 70125db5 
2ca5838e: folds
70125db5: raises $0.05 to $0.1
Hero: folds
d760a0fc: folds
Uncalled bet ($0.05) returned to 70125db5
*** SHOWDOWN ***
70125db5 collected $0.12 from pot
*** SUMMARY ***
Total pot $0.12 | Rake $0 | Jackpot $0 | Bingo $0 | Fortune $0 | Tax $0
Seat 1: Hero (small blind) folded before Flop
Seat 4: d760a0fc (big blind) folded before Flop
Seat 5: 2ca5838e folded before Flop (didn't bet)
Seat 6: 70125db5 (button) collected ($0.12)


Poker Hand #HD1721395745: Hold'em No Limit ($0.02/$0.05) - 2024/04/08 17:47:10
Table 'NLHBlue13' 6-max Seat #5 is the button
Seat 1: Hero ($6.71 in chips)
Seat 4: d760a0fc ($6.46 in chips)
Seat 5: 2ca5838e ($3.73 in chips)
Seat 6: 70125db5 ($5.02 in chips)
70125db5: posts small blind $0.02
Hero: posts big blind $0.05
*** HOLE CARDS ***
Dealt to Hero [Kd Tc]
Dealt to d760a0fc 
Dealt to 2ca5838e 
Dealt to 70125db5 
d760a0fc: folds
2ca5838e: raises $0.1 to $0.15
70125db5: raises $0.45 to $0.6
Hero: folds
2ca5838e: folds
Uncalled bet ($0.45) returned to 70125db5
*** SHOWDOWN ***
70125db5 collected $0.34 from pot
*** SUMMARY ***
Total pot $0.35 | Rake $0.01 | Jackpot $0 | Bingo $0 | Fortune $0 | Tax $0
Seat 1: Hero (big blind) folded before Flop
Seat 4: d760a0fc folded before Flop (didn't bet)
Seat 5: 2ca5838e (button) folded before Flop
Seat 6: 70125db5 (small blind) collected ($0.34)


Poker Hand #HD1721395727: Hold'em No Limit ($0.02/$0.05) - 2024/04/08 17:47:02
Table 'NLHBlue13' 6-max Seat #4 is the button
Seat 1: Hero ($6.71 in chips)
Seat 4: d760a0fc ($6.46 in chips)
Seat 5: 2ca5838e ($3.75 in chips)
Seat 6: 70125db5 ($5 in chips)
2ca5838e: posts small blind $0.02
70125db5: posts big blind $0.05
*** HOLE CARDS ***
Dealt to Hero [9h Ad]
Dealt to d760a0fc 
Dealt to 2ca5838e 
Dealt to 70125db5 
Hero: folds
d760a0fc: folds
2ca5838e: folds
Uncalled bet ($0.03) returned to 70125db5
*** SHOWDOWN ***
70125db5 collected $0.04 from pot
*** SUMMARY ***
Total pot $0.04 | Rake $0 | Jackpot $0 | Bingo $0 | Fortune $0 | Tax $0
Seat 1: Hero folded before Flop (didn't bet)
Seat 4: d760a0fc (button) folded before Flop (didn't bet)
Seat 5: 2ca5838e (small blind) folded before Flop
Seat 6: 70125db5 (big blind) collected ($0.04)


Poker Hand #HD1721305624: Hold'em No Limit ($0.02/$0.05) - 2024/04/08 17:46:24
Table 'NLHBlue13' 6-max Seat #2 is the button
Seat 1: Hero ($6.91 in chips)
Seat 2: f65ebc68 ($6.57 in chips)
Seat 4: d760a0fc ($6.48 in chips)
Seat 5: 2ca5838e ($3.55 in chips)
d760a0fc: posts small blind $0.02
2ca5838e: posts big blind $0.05
*** HOLE CARDS ***
Dealt to Hero [9s 8s]
Dealt to f65ebc68 
Dealt to d760a0fc 
Dealt to 2ca5838e 
Hero: raises $0.05 to $0.1
f65ebc68: folds
d760a0fc: folds
2ca5838e: calls $0.05
*** FLOP *** [9h 6h 5h]
2ca5838e: checks
Hero: checks
*** TURN *** [9h 6h 5h] [7h]
2ca5838e: checks
Hero: checks
*** RIVER *** [9h 6h 5h 7h] [2d]
2ca5838e: bets $0.1
Hero: calls $0.1
2ca5838e: shows [4h 7s] (Nine High Flush)
Hero: shows [9s 8s] (Nines-High Straight)
*** SHOWDOWN ***
2ca5838e collected $0.4 from pot
*** SUMMARY ***
Total pot $0.42 | Rake $0.02 | Jackpot $0 | Bingo $0 | Fortune $0 | Tax $0
Board [9h 6h 5h 7h 2d]
Seat 1: Hero showed [9s 8s] and lost with Nines-High Straight
Seat 2: f65ebc68 (button) folded before Flop (didn't bet)
Seat 4: d760a0fc (small blind) folded before Flop
Seat 5: 2ca5838e (big blind) showed [4h 7s] and won ($0.4) with Nine High Flush


Poker Hand #HD1721305573: Hold'em No Limit ($0.02/$0.05) - 2024/04/08 17:46:07
Table 'NLHBlue13' 6-max Seat #1 is the button
Seat 1: Hero ($6.91 in chips)
Seat 2: f65ebc68 ($6.59 in chips)
Seat 3: cd2df66 ($1.08 in chips)
Seat 4: d760a0fc ($6.41 in chips)
Seat 5: 2ca5838e ($3.55 in chips)
f65ebc68: posts small blind $0.02
cd2df66: posts big blind $0.05
*** HOLE CARDS ***
Dealt to Hero [8d 9c]
Dealt to f65ebc68 
Dealt to cd2df66 
Dealt to d760a0fc 
Dealt to 2ca5838e 
d760a0fc: raises $0.07 to $0.12
2ca5838e: folds
Hero: folds
f65ebc68: folds
cd2df66: folds
Uncalled bet ($0.07) returned to d760a0fc
*** SHOWDOWN ***
d760a0fc collected $0.12 from pot
*** SUMMARY ***
Total pot $0.12 | Rake $0 | Jackpot $0 | Bingo $0 | Fortune $0 | Tax $0
Seat 1: Hero (button) folded before Flop (didn't bet)
Seat 2: f65ebc68 (small blind) folded before Flop
Seat 3: cd2df66 (big blind) folded before Flop
Seat 4: d760a0fc collected ($0.12)
Seat 5: 2ca5838e folded before Flop (didn't bet)


Poker Hand #HD1721305455: Hold'em No Limit ($0.02/$0.05) - 2024/04/08 17:45:19
Table 'NLHBlue13' 6-max Seat #5 is the button
Seat 1: Hero ($6.93 in chips)
Seat 2: f65ebc68 ($5.27 in chips)
Seat 3: cd2df66 ($2.57 in chips)
Seat 4: d760a0fc ($6.41 in chips)
Seat 5: 2ca5838e ($3.55 in chips)
Hero: posts small blind $0.02
f65ebc68: posts big blind $0.05
*** HOLE CARDS ***
Dealt to Hero [Jd 7h]
Dealt to f65ebc68 
Dealt to cd2df66 
Dealt to d760a0fc 
Dealt to 2ca5838e 
cd2df66: raises $0.06 to $0.11
d760a0fc: folds
2ca5838e: folds
Hero: folds
f65ebc68: raises $0.18 to $0.29
cd2df66: calls $0.18
*** FLOP *** [8h Ad 4s]
f65ebc68: bets $0.3
cd2df66: calls $0.3
*** TURN *** [8h Ad 4s] [Qd]
f65ebc68: bets $0.9
cd2df66: calls $0.9
*** RIVER *** [8h Ad 4s Qd] [4h]
f65ebc68: bets $3.78 and is all-in
cd2df66: folds
Uncalled bet ($3.78) returned to f65ebc68
f65ebc68: shows [Kd] (Pair of Fours)
*** SHOWDOWN ***
f65ebc68 collected $2.81 from pot
*** SUMMARY ***
Total pot $3 | Rake $0.14 | Jackpot $0.05 | Bingo $0 | Fortune $0 | Tax $0
Board [8h Ad 4s Qd 4h]
Seat 1: Hero (small blind) folded before Flop
Seat 2: f65ebc68 (big blind) showed [Kd] and won ($2.81)
Seat 3: cd2df66 folded on the River
Seat 4: d760a0fc folded before Flop (didn't bet)
Seat 5: 2ca5838e (button) folded before Flop (didn't bet)


Poker Hand #HD1721305166: Hold'em No Limit ($0.02/$0.05) - 2024/04/08 17:43:30
Table 'NLHBlue13' 6-max Seat #4 is the button
Seat 1: Hero ($7.22 in chips)
Seat 2: f65ebc68 ($5.27 in chips)
Seat 3: cd2df66 ($2.57 in chips)
Seat 4: d760a0fc ($5.87 in chips)
Seat 5: 2ca5838e ($3.84 in chips)
2ca5838e: posts small blind $0.02
Hero: posts big blind $0.05
*** HOLE CARDS ***
Dealt to Hero [As 7c]
Dealt to f65ebc68 
Dealt to cd2df66 
Dealt to d760a0fc 
Dealt to 2ca5838e 
f65ebc68: folds
cd2df66: folds
d760a0fc: raises $0.08 to $0.13
2ca5838e: calls $0.11
Hero: calls $0.08
*** FLOP *** [8s 9s 6h]
2ca5838e: checks
Hero: checks
d760a0fc: checks
*** TURN *** [8s 9s 6h] [2h]
2ca5838e: checks
Hero: checks
d760a0fc: bets $0.16
2ca5838e: calls $0.16
Hero: calls $0.16
*** RIVER *** [8s 9s 6h 2h] [2d]
2ca5838e: checks
Hero: checks
d760a0fc: checks
2ca5838e: shows [Qh Th] (Pair of Twos)
Hero: shows [As 7c] (Pair of Twos)
d760a0fc: shows [Kc Ah] (Pair of Twos)
*** SHOWDOWN ***
d760a0fc collected $0.83 from pot
*** SUMMARY ***
Total pot $0.87 | Rake $0.04 | Jackpot $0 | Bingo $0 | Fortune $0 | Tax $0
Board [8s 9s 6h 2h 2d]
Seat 1: Hero (big blind) showed [As 7c] and lost with Pair of Twos
Seat 2: f65ebc68 folded before Flop (didn't bet)
Seat 3: cd2df66 folded before Flop (didn't bet)
Seat 4: d760a0fc (button) showed [Kc Ah] and won ($0.83) with Pair of Twos
Seat 5: 2ca5838e (small blind) showed [Qh Th] and lost with Pair of Twos


Poker Hand #HD1721305092: Hold'em No Limit ($0.02/$0.05) - 2024/04/08 17:43:07
Table 'NLHBlue13' 6-max Seat #3 is the button
Seat 1: Hero ($7.22 in chips)
Seat 2: f65ebc68 ($5.16 in chips)
Seat 3: cd2df66 ($2.57 in chips)
Seat 4: d760a0fc ($5.89 in chips)
Seat 5: 2ca5838e ($3.94 in chips)
Seat 6: 5135cfe6 ($5.16 in chips)
d760a0fc: posts small blind $0.02
2ca5838e: posts big blind $0.05
*** HOLE CARDS ***
Dealt to Hero [7s 6s]
Dealt to f65ebc68 
Dealt to cd2df66 
Dealt to d760a0fc 
Dealt to 2ca5838e 
Dealt to 5135cfe6 
5135cfe6: folds
Hero: folds
f65ebc68: raises $0.05 to $0.1
cd2df66: folds
d760a0fc: folds
2ca5838e: calls $0.05
*** FLOP *** [2c 3d Td]
2ca5838e: checks
f65ebc68: bets $0.11
2ca5838e: folds
Uncalled bet ($0.11) returned to f65ebc68
*** SHOWDOWN ***
f65ebc68 collected $0.21 from pot
*** SUMMARY ***
Total pot $0.22 | Rake $0.01 | Jackpot $0 | Bingo $0 | Fortune $0 | Tax $0
Board [2c 3d Td]
Seat 1: Hero folded before Flop (didn't bet)
Seat 2: f65ebc68 won ($0.21)
Seat 3: cd2df66 (button) folded before Flop (didn't bet)
Seat 4: d760a0fc (small blind) folded before Flop
Seat 5: 2ca5838e (big blind) folded on the Flop
Seat 6: 5135cfe6 folded before Flop (didn't bet)


Poker Hand #HD1721305044: Hold'em No Limit ($0.02/$0.05) - 2024/04/08 17:42:49
Table 'NLHBlue13' 6-max Seat #2 is the button
Seat 1: Hero ($7.22 in chips)
Seat 2: f65ebc68 ($5.16 in chips)
Seat 3: cd2df66 ($2.59 in chips)
Seat 4: d760a0fc ($5.94 in chips)
Seat 5: 2ca5838e ($3.87 in chips)
Seat 6: 5135cfe6 ($5.16 in chips)
cd2df66: posts small blind $0.02
d760a0fc: posts big blind $0.05
*** HOLE CARDS ***
Dealt to Hero [4d 2c]
Dealt to f65ebc68 
Dealt to cd2df66 
Dealt to d760a0fc 
Dealt to 2ca5838e 
Dealt to 5135cfe6 
2ca5838e: raises $0.1 to $0.15
5135cfe6: folds
Hero: folds
f65ebc68: folds
cd2df66: folds
d760a0fc: folds
Uncalled bet ($0.1) returned to 2ca5838e
*** SHOWDOWN ***
2ca5838e collected $0.12 from pot
*** SUMMARY ***
Total pot $0.12 | Rake $0 | Jackpot $0 | Bingo $0 | Fortune $0 | Tax $0
Seat 1: Hero folded before Flop (didn't bet)
Seat 2: f65ebc68 (button) folded before Flop (didn't bet)
Seat 3: cd2df66 (small blind) folded before Flop
Seat 4: d760a0fc (big blind) folded before Flop
Seat 5: 2ca5838e collected ($0.12)
Seat 6: 5135cfe6 folded before Flop (didn't bet)


Poker Hand #HD1721304894: Hold'em No Limit ($0.02/$0.05) - 2024/04/08 17:41:54
Table 'NLHBlue13' 6-max Seat #1 is the button
Seat 1: Hero ($7.08 in chips)
Seat 2: f65ebc68 ($5.18 in chips)
Seat 3: cd2df66 ($2.72 in chips)
Seat 4: d760a0fc ($5.94 in chips)
Seat 5: 2ca5838e ($3.87 in chips)
Seat 6: 5135cfe6 ($5.16 in chips)
f65ebc68: posts small blind $0.02
cd2df66: posts big blind $0.05
*** HOLE CARDS ***
Dealt to Hero [9d Kh]
Dealt to f65ebc68 
Dealt to cd2df66 
Dealt to d760a0fc 
Dealt to 2ca5838e 
Dealt to 5135cfe6 
d760a0fc: folds
2ca5838e: folds
5135cfe6: folds
Hero: raises $0.08 to $0.13
f65ebc68: folds
cd2df66: calls $0.08
*** FLOP *** [5c As Kc]
cd2df66: checks
Hero: checks
*** TURN *** [5c As Kc] [Ah]
cd2df66: checks
Hero: checks
*** RIVER *** [5c As Kc Ah] [5s]
cd2df66: checks
Hero: checks
cd2df66: shows [2c 2h] (Pair of Aces and Pair of Fives)
Hero: shows [9d Kh] (Pair of Aces and Pair of Kings)
*** SHOWDOWN ***
Hero collected $0.27 from pot
*** SUMMARY ***
Total pot $0.28 | Rake $0.01 | Jackpot $0 | Bingo $0 | Fortune $0 | Tax $0
Board [5c As Kc Ah 5s]
Seat 1: Hero (button) showed [9d Kh] and won ($0.27) with Pair of Aces and Pair of Kings
Seat 2: f65ebc68 (small blind) folded before Flop
Seat 3: cd2df66 (big blind) showed [2c 2h] and lost with Pair of Aces and Pair of Fives
Seat 4: d760a0fc folded before Flop (didn't bet)
Seat 5: 2ca5838e folded before Flop (didn't bet)
Seat 6: 5135cfe6 folded before Flop (didn't bet)


Poker Hand #HD1721304864: Hold'em No Limit ($0.02/$0.05) - 2024/04/08 17:41:43
Table 'NLHBlue13' 6-max Seat #6 is the button
Seat 1: Hero ($7.03 in chips)
Seat 2: f65ebc68 ($5.23 in chips)
Seat 3: cd2df66 ($2.72 in chips)
Seat 4: d760a0fc ($5.94 in chips)
Seat 5: 2ca5838e ($3.87 in chips)
Seat 6: 5135cfe6 ($5.16 in chips)
Hero: posts small blind $0.02
f65ebc68: posts big blind $0.05
*** HOLE CARDS ***
Dealt to Hero [9s 8s]
Dealt to f65ebc68 
Dealt to cd2df66 
Dealt to d760a0fc 
Dealt to 2ca5838e 
Dealt to 5135cfe6 
cd2df66: folds
d760a0fc: folds
2ca5838e: folds
5135cfe6: folds
Hero: raises $0.1 to $0.15
f65ebc68: folds
Uncalled bet ($0.1) returned to Hero
*** SHOWDOWN ***
Hero collected $0.1 from pot
*** SUMMARY ***
Total pot $0.1 | Rake $0 | Jackpot $0 | Bingo $0 | Fortune $0 | Tax $0
Seat 1: Hero (small blind) collected ($0.1)
Seat 2: f65ebc68 (big blind) folded before Flop
Seat 3: cd2df66 folded before Flop (didn't bet)
Seat 4: d760a0fc folded before Flop (didn't bet)
Seat 5: 2ca5838e folded before Flop (didn't bet)
Seat 6: 5135cfe6 (button) folded before Flop (didn't bet)


Poker Hand #HD1721304781: Hold'em No Limit ($0.02/$0.05) - 2024/04/08 17:41:07
Table 'NLHBlue13' 6-max Seat #5 is the button
Seat 1: Hero ($6.85 in chips)
Seat 2: f65ebc68 ($5.23 in chips)
Seat 3: cd2df66 ($2.72 in chips)
Seat 4: d760a0fc ($5.94 in chips)
Seat 5: 2ca5838e ($3.87 in chips)
Seat 6: 5135cfe6 ($5.36 in chips)
5135cfe6: posts small blind $0.02
Hero: posts big blind $0.05
*** HOLE CARDS ***
Dealt to Hero [4c 4s]
Dealt to f65ebc68 
Dealt to cd2df66 
Dealt to d760a0fc 
Dealt to 2ca5838e 
Dealt to 5135cfe6 
f65ebc68: folds
cd2df66: folds
d760a0fc: folds
2ca5838e: folds
5135cfe6: calls $0.03
Hero: checks
*** FLOP *** [Td 4h Ks]
5135cfe6: checks
Hero: checks
*** TURN *** [Td 4h Ks] [Ac]
5135cfe6: bets $0.05
Hero: raises $0.1 to $0.15
5135cfe6: calls $0.1
*** RIVER *** [Td 4h Ks Ac] [2c]
5135cfe6: checks
Hero: bets $0.55
5135cfe6: folds
Uncalled bet ($0.55) returned to Hero
*** SHOWDOWN ***
Hero collected $0.38 from pot
*** SUMMARY ***
Total pot $0.4 | Rake $0.02 | Jackpot $0 | Bingo $0 | Fortune $0 | Tax $0
Board [Td 4h Ks Ac 2c]
Seat 1: Hero (big blind) won ($0.38)
Seat 2: f65ebc68 folded before Flop (didn't bet)
Seat 3: cd2df66 folded before Flop (didn't bet)
Seat 4: d760a0fc folded before Flop (didn't bet)
Seat 5: 2ca5838e (button) folded before Flop (didn't bet)
Seat 6: 5135cfe6 (small blind) folded on the River


Poker Hand #HD1721304719: Hold'em No Limit ($0.02/$0.05) - 2024/04/08 17:40:43
Table 'NLHBlue13' 6-max Seat #4 is the button
Seat 1: Hero ($6.85 in chips)
Seat 2: f65ebc68 ($5.33 in chips)
Seat 3: cd2df66 ($2.72 in chips)
Seat 4: d760a0fc ($5.78 in chips)
Seat 5: 2ca5838e ($3.89 in chips)
Seat 6: 5135cfe6 ($5.41 in chips)
2ca5838e: posts small blind $0.02
5135cfe6: posts big blind $0.05
*** HOLE CARDS ***
Dealt to Hero [8d 3d]
Dealt to f65ebc68 
Dealt to cd2df66 
Dealt to d760a0fc 
Dealt to 2ca5838e 
Dealt to 5135cfe6 
Hero: folds
f65ebc68: raises $0.05 to $0.1
cd2df66: folds
d760a0fc: raises $0.4 to $0.5
2ca5838e: folds
5135cfe6: folds
f65ebc68: folds
Uncalled bet ($0.4) returned to d760a0fc
*** SHOWDOWN ***
d760a0fc collected $0.26 from pot
*** SUMMARY ***
Total pot $0.27 | Rake $0.01 | Jackpot $0 | Bingo $0 | Fortune $0 | Tax $0
Seat 1: Hero folded before Flop (didn't bet)
Seat 2: f65ebc68 folded before Flop
Seat 3: cd2df66 folded before Flop (didn't bet)
Seat 4: d760a0fc (button) collected ($0.26)
Seat 5: 2ca5838e (small blind) folded before Flop
Seat 6: 5135cfe6 (big blind) folded before Flop


Poker Hand #HD1721304611: Hold'em No Limit ($0.02/$0.05) - 2024/04/08 17:39:59
Table 'NLHBlue13' 6-max Seat #3 is the button
Seat 1: Hero ($6.85 in chips)
Seat 2: f65ebc68 ($5.33 in chips)
Seat 3: cd2df66 ($2.72 in chips)
Seat 4: d760a0fc ($5.8 in chips)
Seat 5: 2ca5838e ($4.4 in chips)
Seat 6: 5135cfe6 ($4.93 in chips)
d760a0fc: posts small blind $0.02
2ca5838e: posts big blind $0.05
*** HOLE CARDS ***
Dealt to Hero [5c Td]
Dealt to f65ebc68 
Dealt to cd2df66 
Dealt to d760a0fc 
Dealt to 2ca5838e 
Dealt to 5135cfe6 
5135cfe6: raises $0.1 to $0.15
Hero: folds
f65ebc68: folds
cd2df66: folds
d760a0fc: folds
2ca5838e: calls $0.1
*** FLOP *** [Tc Kh 9d]
2ca5838e: bets $0.15
5135cfe6: raises $0.21 to $0.36
2ca5838e: calls $0.21
*** TURN *** [Tc Kh 9d] [9c]
2ca5838e: checks
5135cfe6: bets $1.04
2ca5838e: folds
Uncalled bet ($1.04) returned to 5135cfe6
5135cfe6: shows [4c 2c] (Pair of Nines)
*** SHOWDOWN ***
5135cfe6 collected $0.99 from pot
*** SUMMARY ***
Total pot $1.04 | Rake $0.05 | Jackpot $0 | Bingo $0 | Fortune $0 | Tax $0
Board [Tc Kh 9d 9c]
Seat 1: Hero folded before Flop (didn't bet)
Seat 2: f65ebc68 folded before Flop (didn't bet)
Seat 3: cd2df66 (button) folded before Flop (didn't bet)
Seat 4: d760a0fc (small blind) folded before Flop
Seat 5: 2ca5838e (big blind) folded on the Turn
Seat 6: 5135cfe6 showed [4c 2c] and won ($0.99)


Poker Hand #HD1721304534: Hold'em No Limit ($0.02/$0.05) - 2024/04/08 17:39:33
Table 'NLHBlue13' 6-max Seat #2 is the button
Seat 1: Hero ($6.71 in chips)
Seat 2: f65ebc68 ($5.33 in chips)
Seat 3: cd2df66 ($2.74 in chips)
Seat 4: d760a0fc ($5.93 in chips)
Seat 5: 2ca5838e ($4.4 in chips)
Seat 6: 5135cfe6 ($4.93 in chips)
cd2df66: posts small blind $0.02
d760a0fc: posts big blind $0.05
*** HOLE CARDS ***
Dealt to Hero [9d 8d]
Dealt to f65ebc68 
Dealt to cd2df66 
Dealt to d760a0fc 
Dealt to 2ca5838e 
Dealt to 5135cfe6 
2ca5838e: folds
5135cfe6: folds
Hero: raises $0.08 to $0.13
f65ebc68: folds
cd2df66: folds
d760a0fc: calls $0.08
*** FLOP *** [4d 5h Ad]
d760a0fc: checks
Hero: bets $0.15
d760a0fc: folds
Uncalled bet ($0.15) returned to Hero
*** SHOWDOWN ***
Hero collected $0.27 from pot
*** SUMMARY ***
Total pot $0.28 | Rake $0.01 | Jackpot $0 | Bingo $0 | Fortune $0 | Tax $0
Board [4d 5h Ad]
Seat 1: Hero won ($0.27)
Seat 2: f65ebc68 (button) folded before Flop (didn't bet)
Seat 3: cd2df66 (small blind) folded before Flop
Seat 4: d760a0fc (big blind) folded on the Flop
Seat 5: 2ca5838e folded before Flop (didn't bet)
Seat 6: 5135cfe6 folded before Flop (didn't bet)


Poker Hand #HD1721304404: Hold'em No Limit ($0.02/$0.05) - 2024/04/08 17:38:46
Table 'NLHBlue13' 6-max Seat #1 is the button
Seat 1: Hero ($6.71 in chips)
Seat 2: f65ebc68 ($6.07 in chips)
Seat 3: cd2df66 ($2.79 in chips)
Seat 4: d760a0fc ($5.12 in chips)
Seat 5: 2ca5838e ($4.55 in chips)
Seat 6: 5135cfe6 ($4.93 in chips)
f65ebc68: posts small blind $0.02
cd2df66: posts big blind $0.05
*** HOLE CARDS ***
Dealt to Hero [6s 8d]
Dealt to f65ebc68 
Dealt to cd2df66 
Dealt to d760a0fc 
Dealt to 2ca5838e 
Dealt to 5135cfe6 
d760a0fc: raises $0.1 to $0.15
2ca5838e: calls $0.15
5135cfe6: folds
Hero: folds
f65ebc68: calls $0.13
cd2df66: folds
*** FLOP *** [2s 5d 6c]
f65ebc68: checks
d760a0fc: bets $0.17
2ca5838e: folds
f65ebc68: calls $0.17
*** TURN *** [2s 5d 6c] [6d]
f65ebc68: checks
d760a0fc: bets $0.42
f65ebc68: calls $0.42
*** RIVER *** [2s 5d 6c 6d] [Ks]
f65ebc68: checks
d760a0fc: checks
f65ebc68: shows [4c 4d] (Pair of Sixes and Pair of Fours)
d760a0fc: shows [Qh Qd] (Pair of Queens and Pair of Sixes)
*** SHOWDOWN ***
d760a0fc collected $1.55 from pot
*** SUMMARY ***
Total pot $1.68 | Rake $0.08 | Jackpot $0.05 | Bingo $0 | Fortune $0 | Tax $0
Board [2s 5d 6c 6d Ks]
Seat 1: Hero (button) folded before Flop (didn't bet)
Seat 2: f65ebc68 (small blind) showed [4c 4d] and lost with Pair of Sixes and Pair of Fours
Seat 3: cd2df66 (big blind) folded before Flop
Seat 4: d760a0fc showed [Qh Qd] and won ($1.55) with Pair of Queens and Pair of Sixes
Seat 5: 2ca5838e folded on the Flop
Seat 6: 5135cfe6 folded before Flop (didn't bet)


Poker Hand #HD1721304362: Hold'em No Limit ($0.02/$0.05) - 2024/04/08 17:38:31
Table 'NLHBlue13' 6-max Seat #6 is the button
Seat 1: Hero ($6.73 in chips)
Seat 2: f65ebc68 ($6.12 in chips)
Seat 3: cd2df66 ($2.79 in chips)
Seat 4: d760a0fc ($5.05 in chips)
Seat 5: 2ca5838e ($4.55 in chips)
Seat 6: 5135cfe6 ($4.93 in chips)
Hero: posts small blind $0.02
f65ebc68: posts big blind $0.05
*** HOLE CARDS ***
Dealt to Hero [3h 6s]
Dealt to f65ebc68 
Dealt to cd2df66 
Dealt to d760a0fc 
Dealt to 2ca5838e 
Dealt to 5135cfe6 
cd2df66: folds
d760a0fc: raises $0.07 to $0.12
2ca5838e: folds
5135cfe6: folds
Hero: folds
f65ebc68: folds
Uncalled bet ($0.07) returned to d760a0fc
*** SHOWDOWN ***
d760a0fc collected $0.12 from pot
*** SUMMARY ***
Total pot $0.12 | Rake $0 | Jackpot $0 | Bingo $0 | Fortune $0 | Tax $0
Seat 1: Hero (small blind) folded before Flop
Seat 2: f65ebc68 (big blind) folded before Flop
Seat 3: cd2df66 folded before Flop (didn't bet)
Seat 4: d760a0fc collected ($0.12)
Seat 5: 2ca5838e folded before Flop (didn't bet)
Seat 6: 5135cfe6 (button) folded before Flop (didn't bet)


Poker Hand #HD1721304327: Hold'em No Limit ($0.02/$0.05) - 2024/04/08 17:38:20
Table 'NLHBlue13' 6-max Seat #5 is the button
Seat 1: Hero ($6.71 in chips)
Seat 2: f65ebc68 ($6.12 in chips)
Seat 3: cd2df66 ($2.79 in chips)
Seat 4: d760a0fc ($5.05 in chips)
Seat 5: 2ca5838e ($4.55 in chips)
Seat 6: 5135cfe6 ($4.95 in chips)
5135cfe6: posts small blind $0.02
Hero: posts big blind $0.05
*** HOLE CARDS ***
Dealt to Hero [Jh Jd]
Dealt to f65ebc68 
Dealt to cd2df66 
Dealt to d760a0fc 
Dealt to 2ca5838e 
Dealt to 5135cfe6 
f65ebc68: folds
cd2df66: folds
d760a0fc: folds
2ca5838e: folds
5135cfe6: folds
Uncalled bet ($0.03) returned to Hero
*** SHOWDOWN ***
Hero collected $0.04 from pot
*** SUMMARY ***
Total pot $0.04 | Rake $0 | Jackpot $0 | Bingo $0 | Fortune $0 | Tax $0
Seat 1: Hero (big blind) collected ($0.04)
Seat 2: f65ebc68 folded before Flop (didn't bet)
Seat 3: cd2df66 folded before Flop (didn't bet)
Seat 4: d760a0fc folded before Flop (didn't bet)
Seat 5: 2ca5838e (button) folded before Flop (didn't bet)
Seat 6: 5135cfe6 (small blind) folded before Flop


Poker Hand #HD1721304229: Hold'em No Limit ($0.02/$0.05) - 2024/04/08 17:37:37
Table 'NLHBlue13' 6-max Seat #4 is the button
Seat 1: Hero ($6.01 in chips)
Seat 2: f65ebc68 ($6.12 in chips)
Seat 3: cd2df66 ($3.49 in chips)
Seat 4: d760a0fc ($5.05 in chips)
Seat 5: 2ca5838e ($4.57 in chips)
Seat 6: 5135cfe6 ($5 in chips)
2ca5838e: posts small blind $0.02
5135cfe6: posts big blind $0.05
*** HOLE CARDS ***
Dealt to Hero [Ah Ad]
Dealt to f65ebc68 
Dealt to cd2df66 
Dealt to d760a0fc 
Dealt to 2ca5838e 
Dealt to 5135cfe6 
Hero: raises $0.05 to $0.1
f65ebc68: folds
cd2df66: calls $0.1
d760a0fc: folds
2ca5838e: folds
5135cfe6: folds
*** FLOP *** [6s 4h 4c]
Hero: bets $0.15
cd2df66: calls $0.15
*** TURN *** [6s 4h 4c] [5s]
Hero: checks
cd2df66: checks
*** RIVER *** [6s 4h 4c 5s] [Tc]
Hero: bets $0.45
cd2df66: calls $0.45
Hero: shows [Ah Ad] (Pair of Aces and Pair of Fours)
cd2df66: shows [As Qs] (Pair of Fours)
*** SHOWDOWN ***
Hero collected $1.4 from pot
*** SUMMARY ***
Total pot $1.47 | Rake $0.07 | Jackpot $0 | Bingo $0 | Fortune $0 | Tax $0
Board [6s 4h 4c 5s Tc]
Seat 1: Hero showed [Ah Ad] and won ($1.4) with Pair of Aces and Pair of Fours
Seat 2: f65ebc68 folded before Flop (didn't bet)
Seat 3: cd2df66 showed [As Qs] and lost with Pair of Fours
Seat 4: d760a0fc (button) folded before Flop (didn't bet)
Seat 5: 2ca5838e (small blind) folded before Flop
Seat 6: 5135cfe6 (big blind) folded before Flop


Poker Hand #HD1721304192: Hold'em No Limit ($0.02/$0.05) - 2024/04/08 17:37:20
Table 'NLHBlue13' 6-max Seat #3 is the button
Seat 1: Hero ($6.01 in chips)
Seat 2: f65ebc68 ($6.12 in chips)
Seat 3: cd2df66 ($3.49 in chips)
Seat 4: d760a0fc ($5 in chips)
Seat 5: 2ca5838e ($4.62 in chips)
Seat 6: 5135cfe6 ($5 in chips)
d760a0fc: posts small blind $0.02
2ca5838e: posts big blind $0.05
*** HOLE CARDS ***
Dealt to Hero [Js 7s]
Dealt to f65ebc68 
Dealt to cd2df66 
Dealt to d760a0fc 
Dealt to 2ca5838e 
Dealt to 5135cfe6 
5135cfe6: folds
Hero: folds
f65ebc68: folds
cd2df66: folds
d760a0fc: raises $0.1 to $0.15
2ca5838e: folds
Uncalled bet ($0.1) returned to d760a0fc
*** SHOWDOWN ***
d760a0fc collected $0.1 from pot
*** SUMMARY ***
Total pot $0.1 | Rake $0 | Jackpot $0 | Bingo $0 | Fortune $0 | Tax $0
Seat 1: Hero folded before Flop (didn't bet)
Seat 2: f65ebc68 folded before Flop (didn't bet)
Seat 3: cd2df66 (button) folded before Flop (didn't bet)
Seat 4: d760a0fc (small blind) collected ($0.1)
Seat 5: 2ca5838e (big blind) folded before Flop
Seat 6: 5135cfe6 folded before Flop (didn't bet)


Poker Hand #HD1721304031: Hold'em No Limit ($0.02/$0.05) - 2024/04/08 17:36:19
Table 'NLHBlue13' 6-max Seat #2 is the button
Seat 1: Hero ($6.01 in chips)
Seat 2: f65ebc68 ($6.12 in chips)
Seat 3: cd2df66 ($3.51 in chips)
Seat 4: d760a0fc ($5.54 in chips)
Seat 5: 2ca5838e ($3.88 in chips)
Seat 6: 5135cfe6 ($5 in chips)
cd2df66: posts small blind $0.02
d760a0fc: posts big blind $0.05
*** HOLE CARDS ***
Dealt to Hero [Qs 9c]
Dealt to f65ebc68 
Dealt to cd2df66 
Dealt to d760a0fc 
Dealt to 2ca5838e 
Dealt to 5135cfe6 
2ca5838e: raises $0.05 to $0.1
5135cfe6: folds
Hero: folds
f65ebc68: folds
cd2df66: folds
d760a0fc: calls $0.05
*** FLOP *** [Ks Ts Jc]
d760a0fc: checks
2ca5838e: bets $0.15
d760a0fc: calls $0.15
*** TURN *** [Ks Ts Jc] [8s]
d760a0fc: checks
2ca5838e: checks
*** RIVER *** [Ks Ts Jc 8s] [6d]
d760a0fc: bets $0.6
2ca5838e: calls $0.6
d760a0fc: shows [7c As] (Ace-High)
2ca5838e: shows [6c 6h] (Three Sixes)
*** SHOWDOWN ***
2ca5838e collected $1.59 from pot
*** SUMMARY ***
Total pot $1.72 | Rake $0.08 | Jackpot $0.05 | Bingo $0 | Fortune $0 | Tax $0
Board [Ks Ts Jc 8s 6d]
Seat 1: Hero folded before Flop (didn't bet)
Seat 2: f65ebc68 (button) folded before Flop (didn't bet)
Seat 3: cd2df66 (small blind) folded before Flop
Seat 4: d760a0fc (big blind) showed [7c As] and lost with Ace-High
Seat 5: 2ca5838e showed [6c 6h] and won ($1.59) with Three Sixes
Seat 6: 5135cfe6 folded before Flop (didn't bet)


Poker Hand #HD1721303953: Hold'em No Limit ($0.02/$0.05) - 2024/04/08 17:35:53
Table 'NLHBlue13' 6-max Seat #1 is the button
Seat 1: Hero ($5.94 in chips)
Seat 2: f65ebc68 ($6.14 in chips)
Seat 3: cd2df66 ($3.56 in chips)
Seat 4: d760a0fc ($5.54 in chips)
Seat 5: 2ca5838e ($3.88 in chips)
Seat 6: 5135cfe6 ($5 in chips)
f65ebc68: posts small blind $0.02
cd2df66: posts big blind $0.05
*** HOLE CARDS ***
Dealt to Hero [7d 5d]
Dealt to f65ebc68 
Dealt to cd2df66 
Dealt to d760a0fc 
Dealt to 2ca5838e 
Dealt to 5135cfe6 
d760a0fc: folds
2ca5838e: folds
5135cfe6: folds
Hero: raises $0.08 to $0.13
f65ebc68: folds
cd2df66: folds
Uncalled bet ($0.08) returned to Hero
*** SHOWDOWN ***
Hero collected $0.12 from pot
*** SUMMARY ***
Total pot $0.12 | Rake $0 | Jackpot $0 | Bingo $0 | Fortune $0 | Tax $0
Seat 1: Hero (button) collected ($0.12)
Seat 2: f65ebc68 (small blind) folded before Flop
Seat 3: cd2df66 (big blind) folded before Flop
Seat 4: d760a0fc folded before Flop (didn't bet)
Seat 5: 2ca5838e folded before Flop (didn't bet)
Seat 6: 5135cfe6 folded before Flop (didn't bet)


Poker Hand #HD1721303898: Hold'em No Limit ($0.02/$0.05) - 2024/04/08 17:35:34
Table 'NLHBlue13' 6-max Seat #6 is the button
Seat 1: Hero ($5.96 in chips)
Seat 2: f65ebc68 ($6.19 in chips)
Seat 3: cd2df66 ($3.56 in chips)
Seat 4: d760a0fc ($5.54 in chips)
Seat 5: 2ca5838e ($3.81 in chips)
Seat 6: 5135cfe6 ($5 in chips)
Hero: posts small blind $0.02
f65ebc68: posts big blind $0.05
*** HOLE CARDS ***
Dealt to Hero [2h Jc]
Dealt to f65ebc68 
Dealt to cd2df66 
Dealt to d760a0fc 
Dealt to 2ca5838e 
Dealt to 5135cfe6 
cd2df66: folds
d760a0fc: folds
2ca5838e: raises $0.08 to $0.13
5135cfe6: folds
Hero: folds
f65ebc68: folds
Uncalled bet ($0.08) returned to 2ca5838e
*** SHOWDOWN ***
2ca5838e collected $0.12 from pot
*** SUMMARY ***
Total pot $0.12 | Rake $0 | Jackpot $0 | Bingo $0 | Fortune $0 | Tax $0
Seat 1: Hero (small blind) folded before Flop
Seat 2: f65ebc68 (big blind) folded before Flop
Seat 3: cd2df66 folded before Flop (didn't bet)
Seat 4: d760a0fc folded before Flop (didn't bet)
Seat 5: 2ca5838e collected ($0.12)
Seat 6: 5135cfe6 (button) folded before Flop (didn't bet)


Poker Hand #HD1721303723: Hold'em No Limit ($0.02/$0.05) - 2024/04/08 17:34:29
Table 'NLHBlue13' 6-max Seat #5 is the button
Seat 1: Hero ($6.01 in chips)
Seat 2: f65ebc68 ($5 in chips)
Seat 3: cd2df66 ($4.86 in chips)
Seat 4: d760a0fc ($5.54 in chips)
Seat 5: 2ca5838e ($3.81 in chips)
Seat 6: 5135cfe6 ($4.88 in chips)
5135cfe6: posts small blind $0.02
Hero: posts big blind $0.05
*** HOLE CARDS ***
Dealt to Hero [Ad 7c]
Dealt to f65ebc68 
Dealt to cd2df66 
Dealt to d760a0fc 
Dealt to 2ca5838e 
Dealt to 5135cfe6 
f65ebc68: raises $0.05 to $0.1
cd2df66: raises $0.26 to $0.36
d760a0fc: folds
2ca5838e: folds
5135cfe6: folds
Hero: folds
f65ebc68: calls $0.26
*** FLOP *** [9h 6s 9c]
f65ebc68: bets $0.27
cd2df66: calls $0.27
*** TURN *** [9h 6s 9c] [2c]
f65ebc68: bets $0.67
cd2df66: calls $0.67
*** RIVER *** [9h 6s 9c 2c] [4h]
f65ebc68: bets $1.34
cd2df66: folds
Uncalled bet ($1.34) returned to f65ebc68
f65ebc68: shows [Tc Qc] (Pair of Nines)
*** SHOWDOWN ***
f65ebc68 collected $2.49 from pot
*** SUMMARY ***
Total pot $2.67 | Rake $0.13 | Jackpot $0.05 | Bingo $0 | Fortune $0 | Tax $0
Board [9h 6s 9c 2c 4h]
Seat 1: Hero (big blind) folded before Flop
Seat 2: f65ebc68 showed [Tc Qc] and won ($2.49)
Seat 3: cd2df66 folded on the River
Seat 4: d760a0fc folded before Flop (didn't bet)
Seat 5: 2ca5838e (button) folded before Flop (didn't bet)
Seat 6: 5135cfe6 (small blind) folded before Flop


Poker Hand #HD1721303622: Hold'em No Limit ($0.02/$0.05) - 2024/04/08 17:33:47
Table 'NLHBlue13' 6-max Seat #4 is the button
Seat 1: Hero ($6.01 in chips)
Seat 2: f65ebc68 ($5 in chips)
Seat 3: cd2df66 ($4.86 in chips)
Seat 4: d760a0fc ($5.66 in chips)
Seat 5: 2ca5838e ($3.58 in chips)
Seat 6: 5135cfe6 ($5 in chips)
2ca5838e: posts small blind $0.02
5135cfe6: posts big blind $0.05
*** HOLE CARDS ***
Dealt to Hero [Qh Td]
Dealt to f65ebc68 
Dealt to cd2df66 
Dealt to d760a0fc 
Dealt to 2ca5838e 
Dealt to 5135cfe6 
Hero: folds
f65ebc68: folds
cd2df66: folds
d760a0fc: raises $0.07 to $0.12
2ca5838e: calls $0.1
5135cfe6: calls $0.07
*** FLOP *** [Ts Tc As]
2ca5838e: checks
5135cfe6: checks
d760a0fc: checks
*** TURN *** [Ts Tc As] [8d]
2ca5838e: bets $0.2
5135cfe6: folds
d760a0fc: folds
Uncalled bet ($0.2) returned to 2ca5838e
*** SHOWDOWN ***
2ca5838e collected $0.35 from pot
*** SUMMARY ***
Total pot $0.36 | Rake $0.01 | Jackpot $0 | Bingo $0 | Fortune $0 | Tax $0
Board [Ts Tc As 8d]
Seat 1: Hero folded before Flop (didn't bet)
Seat 2: f65ebc68 folded before Flop (didn't bet)
Seat 3: cd2df66 folded before Flop (didn't bet)
Seat 4: d760a0fc (button) folded on the Turn
Seat 5: 2ca5838e (small blind) won ($0.35)
Seat 6: 5135cfe6 (big blind) folded on the Turn


Poker Hand #HD1721303499: Hold'em No Limit ($0.02/$0.05) - 2024/04/08 17:33:02
Table 'NLHBlue13' 6-max Seat #3 is the button
Seat 1: Hero ($6.01 in chips)
Seat 2: f65ebc68 ($5 in chips)
Seat 3: cd2df66 ($4.86 in chips)
Seat 4: d760a0fc ($5.76 in chips)
Seat 5: 2ca5838e ($3.49 in chips)
Seat 6: 5135cfe6 ($5 in chips)
d760a0fc: posts small blind $0.02
2ca5838e: posts big blind $0.05
*** HOLE CARDS ***
Dealt to Hero [Th 2c]
Dealt to f65ebc68 
Dealt to cd2df66 
Dealt to d760a0fc 
Dealt to 2ca5838e 
Dealt to 5135cfe6 
5135cfe6: folds
Hero: folds
f65ebc68: folds
cd2df66: folds
d760a0fc: raises $0.05 to $0.1
2ca5838e: calls $0.05
*** FLOP *** [3c 3s 5c]
d760a0fc: checks
2ca5838e: checks
*** TURN *** [3c 3s 5c] [Kd]
d760a0fc: checks
2ca5838e: bets $0.1
d760a0fc: folds
Uncalled bet ($0.1) returned to 2ca5838e
*** SHOWDOWN ***
2ca5838e collected $0.19 from pot
*** SUMMARY ***
Total pot $0.2 | Rake $0.01 | Jackpot $0 | Bingo $0 | Fortune $0 | Tax $0
Board [3c 3s 5c Kd]
Seat 1: Hero folded before Flop (didn't bet)
Seat 2: f65ebc68 folded before Flop (didn't bet)
Seat 3: cd2df66 (button) folded before Flop (didn't bet)
Seat 4: d760a0fc (small blind) folded on the Turn
Seat 5: 2ca5838e (big blind) won ($0.19)
Seat 6: 5135cfe6 folded before Flop (didn't bet)


Poker Hand #HD1721303394: Hold'em No Limit ($0.02/$0.05) - 2024/04/08 17:32:24
Table 'NLHBlue13' 6-max Seat #2 is the button
Seat 1: Hero ($5.69 in chips)
Seat 2: f65ebc68 ($5.28 in chips)
Seat 3: cd2df66 ($4.88 in chips)
Seat 4: d760a0fc ($5.81 in chips)
Seat 5: 2ca5838e ($3.49 in chips)
Seat 6: 5135cfe6 ($4.59 in chips)
cd2df66: posts small blind $0.02
d760a0fc: posts big blind $0.05
*** HOLE CARDS ***
Dealt to Hero [9s Ad]
Dealt to f65ebc68 
Dealt to cd2df66 
Dealt to d760a0fc 
Dealt to 2ca5838e 
Dealt to 5135cfe6 
2ca5838e: folds
5135cfe6: folds
Hero: raises $0.08 to $0.13
f65ebc68: calls $0.13
cd2df66: folds
d760a0fc: folds
*** FLOP *** [3d 9h 3h]
Hero: bets $0.15
f65ebc68: calls $0.15
*** TURN *** [3d 9h 3h] [7c]
Hero: bets $0.3
f65ebc68: folds
Uncalled bet ($0.3) returned to Hero
*** SHOWDOWN ***
Hero collected $0.6 from pot
*** SUMMARY ***
Total pot $0.63 | Rake $0.03 | Jackpot $0 | Bingo $0 | Fortune $0 | Tax $0
Board [3d 9h 3h 7c]
Seat 1: Hero won ($0.6)
Seat 2: f65ebc68 (button) folded on the Turn
Seat 3: cd2df66 (small blind) folded before Flop
Seat 4: d760a0fc (big blind) folded before Flop
Seat 5: 2ca5838e folded before Flop (didn't bet)
Seat 6: 5135cfe6 folded before Flop (didn't bet)


Poker Hand #HD1721303336: Hold'em No Limit ($0.02/$0.05) - 2024/04/08 17:32:03
Table 'NLHBlue13' 6-max Seat #1 is the button
Seat 1: Hero ($5.69 in chips)
Seat 2: f65ebc68 ($5.23 in chips)
Seat 3: cd2df66 ($4.93 in chips)
Seat 4: d760a0fc ($5.81 in chips)
Seat 5: 2ca5838e ($3.49 in chips)
Seat 6: 5135cfe6 ($4.59 in chips)
f65ebc68: posts small blind $0.02
cd2df66: posts big blind $0.05
*** HOLE CARDS ***
Dealt to Hero [2h 5d]
Dealt to f65ebc68 
Dealt to cd2df66 
Dealt to d760a0fc 
Dealt to 2ca5838e 
Dealt to 5135cfe6 
d760a0fc: folds
2ca5838e: folds
5135cfe6: folds
Hero: folds
f65ebc68: raises $0.05 to $0.1
cd2df66: folds
Uncalled bet ($0.05) returned to f65ebc68
*** SHOWDOWN ***
f65ebc68 collected $0.1 from pot
*** SUMMARY ***
Total pot $0.1 | Rake $0 | Jackpot $0 | Bingo $0 | Fortune $0 | Tax $0
Seat 1: Hero (button) folded before Flop (didn't bet)
Seat 2: f65ebc68 (small blind) collected ($0.1)
Seat 3: cd2df66 (big blind) folded before Flop
Seat 4: d760a0fc folded before Flop (didn't bet)
Seat 5: 2ca5838e folded before Flop (didn't bet)
Seat 6: 5135cfe6 folded before Flop (didn't bet)


Poker Hand #HD1721303297: Hold'em No Limit ($0.02/$0.05) - 2024/04/08 17:31:49
Table 'NLHBlue13' 6-max Seat #6 is the button
Seat 1: Hero ($5.71 in chips)
Seat 2: f65ebc68 ($5.28 in chips)
Seat 3: cd2df66 ($4.93 in chips)
Seat 4: d760a0fc ($5.74 in chips)
Seat 5: 2ca5838e ($3.49 in chips)
Seat 6: 5135cfe6 ($4.59 in chips)
Hero: posts small blind $0.02
f65ebc68: posts big blind $0.05
*** HOLE CARDS ***
Dealt to Hero [7h 8c]
Dealt to f65ebc68 
Dealt to cd2df66 
Dealt to d760a0fc 
Dealt to 2ca5838e 
Dealt to 5135cfe6 
cd2df66: folds
d760a0fc: raises $0.08 to $0.13
2ca5838e: folds
5135cfe6: folds
Hero: folds
f65ebc68: folds
Uncalled bet ($0.08) returned to d760a0fc
*** SHOWDOWN ***
d760a0fc collected $0.12 from pot
*** SUMMARY ***
Total pot $0.12 | Rake $0 | Jackpot $0 | Bingo $0 | Fortune $0 | Tax $0
Seat 1: Hero (small blind) folded before Flop
Seat 2: f65ebc68 (big blind) folded before Flop
Seat 3: cd2df66 folded before Flop (didn't bet)
Seat 4: d760a0fc collected ($0.12)
Seat 5: 2ca5838e folded before Flop (didn't bet)
Seat 6: 5135cfe6 (button) folded before Flop (didn't bet)


Poker Hand #HD1721303222: Hold'em No Limit ($0.02/$0.05) - 2024/04/08 17:31:20
Table 'NLHBlue13' 6-max Seat #5 is the button
Seat 1: Hero ($5.76 in chips)
Seat 2: f65ebc68 ($5.28 in chips)
Seat 3: cd2df66 ($4.93 in chips)
Seat 4: d760a0fc ($5.74 in chips)
Seat 5: 2ca5838e ($3.49 in chips)
Seat 6: 5135cfe6 ($4.54 in chips)
5135cfe6: posts small blind $0.02
Hero: posts big blind $0.05
*** HOLE CARDS ***
Dealt to Hero [3c Kc]
Dealt to f65ebc68 
Dealt to cd2df66 
Dealt to d760a0fc 
Dealt to 2ca5838e 
Dealt to 5135cfe6 
f65ebc68: folds
cd2df66: folds
d760a0fc: folds
2ca5838e: folds
5135cfe6: calls $0.03
Hero: checks
*** FLOP *** [Js Jc 8s]
5135cfe6: checks
Hero: checks
*** TURN *** [Js Jc 8s] [Ah]
5135cfe6: bets $0.05
Hero: folds
Uncalled bet ($0.05) returned to 5135cfe6
*** SHOWDOWN ***
5135cfe6 collected $0.1 from pot
*** SUMMARY ***
Total pot $0.1 | Rake $0 | Jackpot $0 | Bingo $0 | Fortune $0 | Tax $0
Board [Js Jc 8s Ah]
Seat 1: Hero (big blind) folded on the Turn
Seat 2: f65ebc68 folded before Flop (didn't bet)
Seat 3: cd2df66 folded before Flop (didn't bet)
Seat 4: d760a0fc folded before Flop (didn't bet)
Seat 5: 2ca5838e (button) folded before Flop (didn't bet)
Seat 6: 5135cfe6 (small blind) won ($0.1)


Poker Hand #HD1721303104: Hold'em No Limit ($0.02/$0.05) - 2024/04/08 17:30:34
Table 'NLHBlue13' 6-max Seat #4 is the button
Seat 1: Hero ($5.76 in chips)
Seat 2: f65ebc68 ($4.89 in chips)
Seat 3: cd2df66 ($5.29 in chips)
Seat 4: d760a0fc ($5.74 in chips)
Seat 5: 2ca5838e ($3.51 in chips)
Seat 6: 5135cfe6 ($4.59 in chips)
2ca5838e: posts small blind $0.02
5135cfe6: posts big blind $0.05
*** HOLE CARDS ***
Dealt to Hero [8h 4c]
Dealt to f65ebc68 
Dealt to cd2df66 
Dealt to d760a0fc 
Dealt to 2ca5838e 
Dealt to 5135cfe6 
Hero: folds
f65ebc68: raises $0.05 to $0.1
cd2df66: raises $0.26 to $0.36
d760a0fc: folds
2ca5838e: folds
5135cfe6: folds
f65ebc68: calls $0.26
*** FLOP *** [7c Ts Qh]
f65ebc68: bets $0.27
cd2df66: folds
Uncalled bet ($0.27) returned to f65ebc68
*** SHOWDOWN ***
f65ebc68 collected $0.75 from pot
*** SUMMARY ***
Total pot $0.79 | Rake $0.04 | Jackpot $0 | Bingo $0 | Fortune $0 | Tax $0
Board [7c Ts Qh]
Seat 1: Hero folded before Flop (didn't bet)
Seat 2: f65ebc68 won ($0.75)
Seat 3: cd2df66 folded on the Flop
Seat 4: d760a0fc (button) folded before Flop (didn't bet)
Seat 5: 2ca5838e (small blind) folded before Flop
Seat 6: 5135cfe6 (big blind) folded before Flop


Poker Hand #HD1721303051: Hold'em No Limit ($0.02/$0.05) - 2024/04/08 17:30:11
Table 'NLHBlue13' 6-max Seat #3 is the button
Seat 1: Hero ($5.76 in chips)
Seat 2: f65ebc68 ($4.99 in chips)
Seat 3: cd2df66 ($5.29 in chips)
Seat 4: d760a0fc ($5.6 in chips)
Seat 5: 2ca5838e ($3.56 in chips)
Seat 6: 5135cfe6 ($4.59 in chips)
d760a0fc: posts small blind $0.02
2ca5838e: posts big blind $0.05
*** HOLE CARDS ***
Dealt to Hero [6d Qh]
Dealt to f65ebc68 
Dealt to cd2df66 
Dealt to d760a0fc 
Dealt to 2ca5838e 
Dealt to 5135cfe6 
5135cfe6: folds
Hero: folds
f65ebc68: raises $0.05 to $0.1
cd2df66: folds
d760a0fc: raises $0.5 to $0.6
2ca5838e: folds
f65ebc68: folds
Uncalled bet ($0.5) returned to d760a0fc
*** SHOWDOWN ***
d760a0fc collected $0.24 from pot
*** SUMMARY ***
Total pot $0.25 | Rake $0.01 | Jackpot $0 | Bingo $0 | Fortune $0 | Tax $0
Seat 1: Hero folded before Flop (didn't bet)
Seat 2: f65ebc68 folded before Flop
Seat 3: cd2df66 (button) folded before Flop (didn't bet)
Seat 4: d760a0fc (small blind) collected ($0.24)
Seat 5: 2ca5838e (big blind) folded before Flop
Seat 6: 5135cfe6 folded before Flop (didn't bet)


Poker Hand #HD1721303030: Hold'em No Limit ($0.02/$0.05) - 2024/04/08 17:30:03
Table 'NLHBlue13' 6-max Seat #2 is the button
Seat 1: Hero ($5.76 in chips)
Seat 2: f65ebc68 ($4.99 in chips)
Seat 3: cd2df66 ($5.31 in chips)
Seat 4: d760a0fc ($5.58 in chips)
Seat 5: 2ca5838e ($3.56 in chips)
Seat 6: 5135cfe6 ($4.59 in chips)
cd2df66: posts small blind $0.02
d760a0fc: posts big blind $0.05
*** HOLE CARDS ***
Dealt to Hero [Td 6c]
Dealt to f65ebc68 
Dealt to cd2df66 
Dealt to d760a0fc 
Dealt to 2ca5838e 
Dealt to 5135cfe6 
2ca5838e: folds
5135cfe6: folds
Hero: folds
f65ebc68: folds
cd2df66: folds
Uncalled bet ($0.03) returned to d760a0fc
*** SHOWDOWN ***
d760a0fc collected $0.04 from pot
*** SUMMARY ***
Total pot $0.04 | Rake $0 | Jackpot $0 | Bingo $0 | Fortune $0 | Tax $0
Seat 1: Hero folded before Flop (didn't bet)
Seat 2: f65ebc68 (button) folded before Flop (didn't bet)
Seat 3: cd2df66 (small blind) folded before Flop
Seat 4: d760a0fc (big blind) collected ($0.04)
Seat 5: 2ca5838e folded before Flop (didn't bet)
Seat 6: 5135cfe6 folded before Flop (didn't bet)


Poker Hand #HD1721302920: Hold'em No Limit ($0.02/$0.05) - 2024/04/08 17:29:19
Table 'NLHBlue13' 6-max Seat #1 is the button
Seat 1: Hero ($5.76 in chips)
Seat 2: f65ebc68 ($5.01 in chips)
Seat 3: cd2df66 ($5.75 in chips)
Seat 4: d760a0fc ($5.16 in chips)
Seat 5: 2ca5838e ($3.56 in chips)
Seat 6: 5135cfe6 ($4.59 in chips)
f65ebc68: posts small blind $0.02
cd2df66: posts big blind $0.05
*** HOLE CARDS ***
Dealt to Hero [Js 4h]
Dealt to f65ebc68 
Dealt to cd2df66 
Dealt to d760a0fc 
Dealt to 2ca5838e 
Dealt to 5135cfe6 
d760a0fc: raises $0.1 to $0.15
2ca5838e: folds
5135cfe6: folds
Hero: folds
f65ebc68: folds
cd2df66: calls $0.1
*** FLOP *** [2h 2d Kc]
cd2df66: checks
d760a0fc: checks
*** TURN *** [2h 2d Kc] [3c]
cd2df66: bets $0.11
d760a0fc: calls $0.11
*** RIVER *** [2h 2d Kc 3c] [8h]
cd2df66: checks
d760a0fc: bets $0.18
cd2df66: calls $0.18
d760a0fc: shows [Td Kd] (Pair of Kings and Pair of Twos)
cd2df66: shows [3d 5d] (Pair of Treys and Pair of Twos)
*** SHOWDOWN ***
d760a0fc collected $0.86 from pot
*** SUMMARY ***
Total pot $0.9 | Rake $0.04 | Jackpot $0 | Bingo $0 | Fortune $0 | Tax $0
Board [2h 2d Kc 3c 8h]
Seat 1: Hero (button) folded before Flop (didn't bet)
Seat 2: f65ebc68 (small blind) folded before Flop
Seat 3: cd2df66 (big blind) showed [3d 5d] and lost with Pair of Treys and Pair of Twos
Seat 4: d760a0fc showed [Td Kd] and won ($0.86) with Pair of Kings and Pair of Twos
Seat 5: 2ca5838e folded before Flop (didn't bet)
Seat 6: 5135cfe6 folded before Flop (didn't bet)


Poker Hand #HD1721302886: Hold'em No Limit ($0.02/$0.05) - 2024/04/08 17:29:02
Table 'NLHBlue13' 6-max Seat #6 is the button
Seat 1: Hero ($5.78 in chips)
Seat 2: f65ebc68 ($5.06 in chips)
Seat 3: cd2df66 ($5.75 in chips)
Seat 4: d760a0fc ($5.16 in chips)
Seat 5: 2ca5838e ($3.56 in chips)
Seat 6: 5135cfe6 ($4.52 in chips)
Hero: posts small blind $0.02
f65ebc68: posts big blind $0.05
*** HOLE CARDS ***
Dealt to Hero [4d Jh]
Dealt to f65ebc68 
Dealt to cd2df66 
Dealt to d760a0fc 
Dealt to 2ca5838e 
Dealt to 5135cfe6 
cd2df66: folds
d760a0fc: folds
2ca5838e: folds
5135cfe6: raises $0.08 to $0.13
Hero: folds
f65ebc68: folds
Uncalled bet ($0.08) returned to 5135cfe6
*** SHOWDOWN ***
5135cfe6 collected $0.12 from pot
*** SUMMARY ***
Total pot $0.12 | Rake $0 | Jackpot $0 | Bingo $0 | Fortune $0 | Tax $0
Seat 1: Hero (small blind) folded before Flop
Seat 2: f65ebc68 (big blind) folded before Flop
Seat 3: cd2df66 folded before Flop (didn't bet)
Seat 4: d760a0fc folded before Flop (didn't bet)
Seat 5: 2ca5838e folded before Flop (didn't bet)
Seat 6: 5135cfe6 (button) collected ($0.12)


Poker Hand #HD1721302828: Hold'em No Limit ($0.02/$0.05) - 2024/04/08 17:28:41
Table 'NLHBlue13' 6-max Seat #5 is the button
Seat 1: Hero ($5.83 in chips)
Seat 2: f65ebc68 ($5.16 in chips)
Seat 3: cd2df66 ($5.75 in chips)
Seat 4: d760a0fc ($5 in chips)
Seat 5: 2ca5838e ($3.56 in chips)
Seat 6: 5135cfe6 ($4.54 in chips)
5135cfe6: posts small blind $0.02
Hero: posts big blind $0.05
*** HOLE CARDS ***
Dealt to Hero [Kc 2s]
Dealt to f65ebc68 
Dealt to cd2df66 
Dealt to d760a0fc 
Dealt to 2ca5838e 
Dealt to 5135cfe6 
f65ebc68: raises $0.05 to $0.1
cd2df66: folds
d760a0fc: raises $0.4 to $0.5
2ca5838e: folds
5135cfe6: folds
Hero: folds
f65ebc68: folds
Uncalled bet ($0.4) returned to d760a0fc
*** SHOWDOWN ***
d760a0fc collected $0.26 from pot
*** SUMMARY ***
Total pot $0.27 | Rake $0.01 | Jackpot $0 | Bingo $0 | Fortune $0 | Tax $0
Seat 1: Hero (big blind) folded before Flop
Seat 2: f65ebc68 folded before Flop
Seat 3: cd2df66 folded before Flop (didn't bet)
Seat 4: d760a0fc collected ($0.26)
Seat 5: 2ca5838e (button) folded before Flop (didn't bet)
Seat 6: 5135cfe6 (small blind) folded before Flop


Poker Hand #HD1721302801: Hold'em No Limit ($0.02/$0.05) - 2024/04/08 17:28:31
Table 'NLHBlue13' 6-max Seat #4 is the button
Seat 1: Hero ($5.83 in chips)
Seat 2: f65ebc68 ($5.16 in chips)
Seat 3: cd2df66 ($5.75 in chips)
Seat 4: d760a0fc ($5 in chips)
Seat 5: 2ca5838e ($3.58 in chips)
Seat 6: 5135cfe6 ($4.52 in chips)
2ca5838e: posts small blind $0.02
5135cfe6: posts big blind $0.05
*** HOLE CARDS ***
Dealt to Hero [7h 3h]
Dealt to f65ebc68 
Dealt to cd2df66 
Dealt to d760a0fc 
Dealt to 2ca5838e 
Dealt to 5135cfe6 
Hero: folds
f65ebc68: folds
cd2df66: folds
d760a0fc: folds
2ca5838e: folds
Uncalled bet ($0.03) returned to 5135cfe6
*** SHOWDOWN ***
5135cfe6 collected $0.04 from pot
*** SUMMARY ***
Total pot $0.04 | Rake $0 | Jackpot $0 | Bingo $0 | Fortune $0 | Tax $0
Seat 1: Hero folded before Flop (didn't bet)
Seat 2: f65ebc68 folded before Flop (didn't bet)
Seat 3: cd2df66 folded before Flop (didn't bet)
Seat 4: d760a0fc (button) folded before Flop (didn't bet)
Seat 5: 2ca5838e (small blind) folded before Flop
Seat 6: 5135cfe6 (big blind) collected ($0.04)


Poker Hand #HD1721302682: Hold'em No Limit ($0.02/$0.05) - 2024/04/08 17:27:38
Table 'NLHBlue13' 6-max Seat #3 is the button
Seat 1: Hero ($5.83 in chips)
Seat 2: f65ebc68 ($5.16 in chips)
Seat 3: cd2df66 ($4.89 in chips)
Seat 4: d760a0fc ($5.81 in chips)
Seat 5: 2ca5838e ($3.63 in chips)
Seat 6: 5135cfe6 ($4.52 in chips)
d760a0fc: posts small blind $0.02
2ca5838e: posts big blind $0.05
*** HOLE CARDS ***
Dealt to Hero [2s 3h]
Dealt to f65ebc68 
Dealt to cd2df66 
Dealt to d760a0fc 
Dealt to 2ca5838e 
Dealt to 5135cfe6 
5135cfe6: folds
Hero: folds
f65ebc68: folds
cd2df66: raises $0.06 to $0.11
d760a0fc: raises $0.45 to $0.56
2ca5838e: folds
cd2df66: calls $0.45
*** FLOP *** [4h 9d 5s]
d760a0fc: bets $0.39
cd2df66: calls $0.39
*** TURN *** [4h 9d 5s] [7h]
d760a0fc: checks
cd2df66: bets $3.94 and is all-in
d760a0fc: folds
Uncalled bet ($3.94) returned to cd2df66
*** SHOWDOWN ***
cd2df66 collected $1.81 from pot
*** SUMMARY ***
Total pot $1.95 | Rake $0.09 | Jackpot $0.05 | Bingo $0 | Fortune $0 | Tax $0
Board [4h 9d 5s 7h]
Seat 1: Hero folded before Flop (didn't bet)
Seat 2: f65ebc68 folded before Flop (didn't bet)
Seat 3: cd2df66 (button) won ($1.81)
Seat 4: d760a0fc (small blind) folded on the Turn
Seat 5: 2ca5838e (big blind) folded before Flop
Seat 6: 5135cfe6 folded before Flop (didn't bet)


Poker Hand #HD1721302575: Hold'em No Limit ($0.02/$0.05) - 2024/04/08 17:26:59
Table 'NLHBlue13' 6-max Seat #2 is the button
Seat 1: Hero ($5.83 in chips)
Seat 2: f65ebc68 ($5.26 in chips)
Seat 3: cd2df66 ($5.47 in chips)
Seat 4: d760a0fc ($5.86 in chips)
Seat 5: 2ca5838e ($2.96 in chips)
Seat 6: 5135cfe6 ($4.52 in chips)
cd2df66: posts small blind $0.02
d760a0fc: posts big blind $0.05
*** HOLE CARDS ***
Dealt to Hero [8s Ah]
Dealt to f65ebc68 
Dealt to cd2df66 
Dealt to d760a0fc 
Dealt to 2ca5838e 
Dealt to 5135cfe6 
2ca5838e: calls $0.05
5135cfe6: folds
Hero: folds
f65ebc68: raises $0.05 to $0.1
cd2df66: raises $0.26 to $0.36
d760a0fc: folds
2ca5838e: calls $0.31
f65ebc68: folds
*** FLOP *** [4d Ad 4s]
cd2df66: bets $0.22
2ca5838e: raises $0.42 to $0.64
cd2df66: folds
Uncalled bet ($0.42) returned to 2ca5838e
*** SHOWDOWN ***
2ca5838e collected $1.25 from pot
*** SUMMARY ***
Total pot $1.31 | Rake $0.06 | Jackpot $0 | Bingo $0 | Fortune $0 | Tax $0
Board [4d Ad 4s]
Seat 1: Hero folded before Flop (didn't bet)
Seat 2: f65ebc68 (button) folded before Flop
Seat 3: cd2df66 (small blind) folded on the Flop
Seat 4: d760a0fc (big blind) folded before Flop
Seat 5: 2ca5838e won ($1.25)
Seat 6: 5135cfe6 folded before Flop (didn't bet)


Poker Hand #HD1721302555: Hold'em No Limit ($0.02/$0.05) - 2024/04/08 17:26:52
Table 'NLHBlue13' 6-max Seat #1 is the button
Seat 1: Hero ($5.83 in chips)
Seat 2: f65ebc68 ($5.28 in chips)
Seat 3: cd2df66 ($5.45 in chips)
Seat 4: d760a0fc ($5.86 in chips)
Seat 5: 2ca5838e ($2.96 in chips)
Seat 6: 5135cfe6 ($4.52 in chips)
f65ebc68: posts small blind $0.02
cd2df66: posts big blind $0.05
*** HOLE CARDS ***
Dealt to Hero [5s Jh]
Dealt to f65ebc68 
Dealt to cd2df66 
Dealt to d760a0fc 
Dealt to 2ca5838e 
Dealt to 5135cfe6 
d760a0fc: folds
2ca5838e: folds
5135cfe6: folds
Hero: folds
f65ebc68: folds
Uncalled bet ($0.03) returned to cd2df66
*** SHOWDOWN ***
cd2df66 collected $0.04 from pot
*** SUMMARY ***
Total pot $0.04 | Rake $0 | Jackpot $0 | Bingo $0 | Fortune $0 | Tax $0
Seat 1: Hero (button) folded before Flop (didn't bet)
Seat 2: f65ebc68 (small blind) folded before Flop
Seat 3: cd2df66 (big blind) collected ($0.04)
Seat 4: d760a0fc folded before Flop (didn't bet)
Seat 5: 2ca5838e folded before Flop (didn't bet)
Seat 6: 5135cfe6 folded before Flop (didn't bet)


Poker Hand #HD1721302451: Hold'em No Limit ($0.02/$0.05) - 2024/04/08 17:26:10
Table 'NLHBlue13' 6-max Seat #6 is the button
Seat 1: Hero ($5.85 in chips)
Seat 2: f65ebc68 ($5.59 in chips)
Seat 3: cd2df66 ($5.45 in chips)
Seat 4: d760a0fc ($5.86 in chips)
Seat 5: 2ca5838e ($2.66 in chips)
Seat 6: 5135cfe6 ($4.52 in chips)
Hero: posts small blind $0.02
f65ebc68: posts big blind $0.05
*** HOLE CARDS ***
Dealt to Hero [6c 8d]
Dealt to f65ebc68 
Dealt to cd2df66 
Dealt to d760a0fc 
Dealt to 2ca5838e 
Dealt to 5135cfe6 
cd2df66: folds
d760a0fc: folds
2ca5838e: raises $0.05 to $0.1
5135cfe6: folds
Hero: folds
f65ebc68: calls $0.05
*** FLOP *** [3h Js 4s]
f65ebc68: bets $0.08
2ca5838e: raises $0.13 to $0.21
f65ebc68: calls $0.13
*** TURN *** [3h Js 4s] [2c]
f65ebc68: checks
2ca5838e: bets $0.71
f65ebc68: folds
Uncalled bet ($0.71) returned to 2ca5838e
*** SHOWDOWN ***
2ca5838e collected $0.61 from pot
*** SUMMARY ***
Total pot $0.64 | Rake $0.03 | Jackpot $0 | Bingo $0 | Fortune $0 | Tax $0
Board [3h Js 4s 2c]
Seat 1: Hero (small blind) folded before Flop
Seat 2: f65ebc68 (big blind) folded on the Turn
Seat 3: cd2df66 folded before Flop (didn't bet)
Seat 4: d760a0fc folded before Flop (didn't bet)
Seat 5: 2ca5838e won ($0.61)
Seat 6: 5135cfe6 (button) folded before Flop (didn't bet)


Poker Hand #HD1721302352: Hold'em No Limit ($0.02/$0.05) - 2024/04/08 17:25:27
Table 'NLHBlue13' 6-max Seat #5 is the button
Seat 1: Hero ($5.31 in chips)
Seat 2: f65ebc68 ($5.59 in chips)
Seat 3: cd2df66 ($5.45 in chips)
Seat 4: d760a0fc ($5.86 in chips)
Seat 5: 2ca5838e ($2.66 in chips)
Seat 6: 5135cfe6 ($5.12 in chips)
5135cfe6: posts small blind $0.02
Hero: posts big blind $0.05
*** HOLE CARDS ***
Dealt to Hero [Jc 8h]
Dealt to f65ebc68 
Dealt to cd2df66 
Dealt to d760a0fc 
Dealt to 2ca5838e 
Dealt to 5135cfe6 
f65ebc68: folds
cd2df66: folds
d760a0fc: folds
2ca5838e: folds
5135cfe6: calls $0.03
Hero: checks
*** FLOP *** [Kd 7d 9c]
5135cfe6: checks
Hero: checks
*** TURN *** [Kd 7d 9c] [Th]
5135cfe6: bets $0.05
Hero: raises $0.15 to $0.2
5135cfe6: calls $0.15
*** RIVER *** [Kd 7d 9c Th] [As]
5135cfe6: checks
Hero: bets $0.35
5135cfe6: calls $0.35
Hero: shows [Jc 8h] (Jacks-High Straight)
5135cfe6: shows [Qs Qh] (Pair of Queens)
*** SHOWDOWN ***
Hero collected $1.14 from pot
*** SUMMARY ***
Total pot $1.2 | Rake $0.06 | Jackpot $0 | Bingo $0 | Fortune $0 | Tax $0
Board [Kd 7d 9c Th As]
Seat 1: Hero (big blind) showed [Jc 8h] and won ($1.14) with Jacks-High Straight
Seat 2: f65ebc68 folded before Flop (didn't bet)
Seat 3: cd2df66 folded before Flop (didn't bet)
Seat 4: d760a0fc folded before Flop (didn't bet)
Seat 5: 2ca5838e (button) folded before Flop (didn't bet)
Seat 6: 5135cfe6 (small blind) showed [Qs Qh] and lost with Pair of Queens


Poker Hand #HD1721302285: Hold'em No Limit ($0.02/$0.05) - 2024/04/08 17:24:59
Table 'NLHBlue13' 6-max Seat #4 is the button
Seat 1: Hero ($5.31 in chips)
Seat 2: f65ebc68 ($5.59 in chips)
Seat 3: cd2df66 ($5.45 in chips)
Seat 4: d760a0fc ($5.98 in chips)
Seat 5: 2ca5838e ($2.5 in chips)
Seat 6: 5135cfe6 ($5.17 in chips)
2ca5838e: posts small blind $0.02
5135cfe6: posts big blind $0.05
*** HOLE CARDS ***
Dealt to Hero [6h 4h]
Dealt to f65ebc68 
Dealt to cd2df66 
Dealt to d760a0fc 
Dealt to 2ca5838e 
Dealt to 5135cfe6 
Hero: folds
f65ebc68: folds
cd2df66: folds
d760a0fc: raises $0.07 to $0.12
2ca5838e: raises $0.18 to $0.3
5135cfe6: folds
d760a0fc: folds
Uncalled bet ($0.18) returned to 2ca5838e
*** SHOWDOWN ***
2ca5838e collected $0.28 from pot
*** SUMMARY ***
Total pot $0.29 | Rake $0.01 | Jackpot $0 | Bingo $0 | Fortune $0 | Tax $0
Seat 1: Hero folded before Flop (didn't bet)
Seat 2: f65ebc68 folded before Flop (didn't bet)
Seat 3: cd2df66 folded before Flop (didn't bet)
Seat 4: d760a0fc (button) folded before Flop
Seat 5: 2ca5838e (small blind) collected ($0.28)
Seat 6: 5135cfe6 (big blind) folded before Flop


Poker Hand #HD1721302140: Hold'em No Limit ($0.02/$0.05) - 2024/04/08 17:24:02
Table 'NLHBlue13' 6-max Seat #3 is the button
Seat 1: Hero ($5.07 in chips)
Seat 2: f65ebc68 ($5.59 in chips)
Seat 3: cd2df66 ($5.45 in chips)
Seat 4: d760a0fc ($6 in chips)
Seat 5: 2ca5838e ($2.5 in chips)
Seat 6: 5135cfe6 ($5.17 in chips)
d760a0fc: posts small blind $0.02
2ca5838e: posts big blind $0.05
*** HOLE CARDS ***
Dealt to Hero [Qd Jh]
Dealt to f65ebc68 
Dealt to cd2df66 
Dealt to d760a0fc 
Dealt to 2ca5838e 
Dealt to 5135cfe6 
5135cfe6: folds
Hero: raises $0.05 to $0.1
f65ebc68: folds
cd2df66: folds
d760a0fc: folds
2ca5838e: calls $0.05
*** FLOP *** [Td 4d 8s]
2ca5838e: bets $0.14
Hero: calls $0.14
*** TURN *** [Td 4d 8s] [As]
2ca5838e: checks
Hero: bets $0.35
2ca5838e: folds
Uncalled bet ($0.35) returned to Hero
*** SHOWDOWN ***
Hero collected $0.48 from pot
*** SUMMARY ***
Total pot $0.5 | Rake $0.02 | Jackpot $0 | Bingo $0 | Fortune $0 | Tax $0
Board [Td 4d 8s As]
Seat 1: Hero won ($0.48)
Seat 2: f65ebc68 folded before Flop (didn't bet)
Seat 3: cd2df66 (button) folded before Flop (didn't bet)
Seat 4: d760a0fc (small blind) folded before Flop
Seat 5: 2ca5838e (big blind) folded on the Turn
Seat 6: 5135cfe6 folded before Flop (didn't bet)


Poker Hand #HD1721302116: Hold'em No Limit ($0.02/$0.05) - 2024/04/08 17:23:51
Table 'NLHBlue13' 6-max Seat #2 is the button
Seat 1: Hero ($5.07 in chips)
Seat 2: f65ebc68 ($5.59 in chips)
Seat 3: cd2df66 ($5.47 in chips)
Seat 4: d760a0fc ($6.05 in chips)
Seat 6: 5135cfe6 ($5.1 in chips)
cd2df66: posts small blind $0.02
d760a0fc: posts big blind $0.05
*** HOLE CARDS ***
Dealt to Hero [6d Ah]
Dealt to f65ebc68 
Dealt to cd2df66 
Dealt to d760a0fc 
Dealt to 5135cfe6 
5135cfe6: raises $0.05 to $0.1
Hero: folds
f65ebc68: folds
cd2df66: folds
d760a0fc: folds
Uncalled bet ($0.05) returned to 5135cfe6
*** SHOWDOWN ***
5135cfe6 collected $0.12 from pot
*** SUMMARY ***
Total pot $0.12 | Rake $0 | Jackpot $0 | Bingo $0 | Fortune $0 | Tax $0
Seat 1: Hero folded before Flop (didn't bet)
Seat 2: f65ebc68 (button) folded before Flop (didn't bet)
Seat 3: cd2df66 (small blind) folded before Flop
Seat 4: d760a0fc (big blind) folded before Flop
Seat 6: 5135cfe6 collected ($0.12)


Poker Hand #HD1721301989: Hold'em No Limit ($0.02/$0.05) - 2024/04/08 17:22:59
Table 'NLHBlue13' 6-max Seat #1 is the button
Seat 1: Hero ($5.07 in chips)
Seat 2: f65ebc68 ($5.61 in chips)
Seat 3: cd2df66 ($5.31 in chips)
Seat 4: d760a0fc ($6.2 in chips)
Seat 6: 5135cfe6 ($5.1 in chips)
f65ebc68: posts small blind $0.02
cd2df66: posts big blind $0.05
*** HOLE CARDS ***
Dealt to Hero [6c Qc]
Dealt to f65ebc68 
Dealt to cd2df66 
Dealt to d760a0fc 
Dealt to 5135cfe6 
d760a0fc: raises $0.1 to $0.15
5135cfe6: folds
Hero: folds
f65ebc68: folds
cd2df66: calls $0.1
*** FLOP *** [5c 6s 4d]
cd2df66: checks
d760a0fc: checks
*** TURN *** [5c 6s 4d] [6d]
cd2df66: bets $0.16
d760a0fc: folds
Uncalled bet ($0.16) returned to cd2df66
*** SHOWDOWN ***
cd2df66 collected $0.31 from pot
*** SUMMARY ***
Total pot $0.32 | Rake $0.01 | Jackpot $0 | Bingo $0 | Fortune $0 | Tax $0
Board [5c 6s 4d 6d]
Seat 1: Hero (button) folded before Flop (didn't bet)
Seat 2: f65ebc68 (small blind) folded before Flop
Seat 3: cd2df66 (big blind) won ($0.31)
Seat 4: d760a0fc folded on the Turn
Seat 6: 5135cfe6 folded before Flop (didn't bet)


Poker Hand #HD1721301960: Hold'em No Limit ($0.02/$0.05) - 2024/04/08 17:22:47
Table 'NLHBlue13' 6-max Seat #6 is the button
Seat 1: Hero ($5.09 in chips)
Seat 2: f65ebc68 ($5.59 in chips)
Seat 3: cd2df66 ($5.31 in chips)
Seat 4: d760a0fc ($6.2 in chips)
Seat 6: 5135cfe6 ($5.1 in chips)
Hero: posts small blind $0.02
f65ebc68: posts big blind $0.05
*** HOLE CARDS ***
Dealt to Hero [3c 9c]
Dealt to f65ebc68 
Dealt to cd2df66 
Dealt to d760a0fc 
Dealt to 5135cfe6 
cd2df66: folds
d760a0fc: folds
5135cfe6: folds
Hero: folds
Uncalled bet ($0.03) returned to f65ebc68
*** SHOWDOWN ***
f65ebc68 collected $0.04 from pot
*** SUMMARY ***
Total pot $0.04 | Rake $0 | Jackpot $0 | Bingo $0 | Fortune $0 | Tax $0
Seat 1: Hero (small blind) folded before Flop
Seat 2: f65ebc68 (big blind) collected ($0.04)
Seat 3: cd2df66 folded before Flop (didn't bet)
Seat 4: d760a0fc folded before Flop (didn't bet)
Seat 6: 5135cfe6 (button) folded before Flop (didn't bet)


Poker Hand #HD1721301932: Hold'em No Limit ($0.02/$0.05) - 2024/04/08 17:22:36
Table 'NLHBlue13' 6-max Seat #4 is the button
Seat 1: Hero ($5.07 in chips)
Seat 2: f65ebc68 ($5.59 in chips)
Seat 3: cd2df66 ($5.31 in chips)
Seat 4: d760a0fc ($6.2 in chips)
Seat 6: 5135cfe6 ($5.12 in chips)
5135cfe6: posts small blind $0.02
Hero: posts big blind $0.05
*** HOLE CARDS ***
Dealt to Hero [Ad 6d]
Dealt to f65ebc68 
Dealt to cd2df66 
Dealt to d760a0fc 
Dealt to 5135cfe6 
f65ebc68: folds
cd2df66: folds
d760a0fc: folds
5135cfe6: folds
Uncalled bet ($0.03) returned to Hero
*** SHOWDOWN ***
Hero collected $0.04 from pot
*** SUMMARY ***
Total pot $0.04 | Rake $0 | Jackpot $0 | Bingo $0 | Fortune $0 | Tax $0
Seat 1: Hero (big blind) collected ($0.04)
Seat 2: f65ebc68 folded before Flop (didn't bet)
Seat 3: cd2df66 folded before Flop (didn't bet)
Seat 4: d760a0fc (button) folded before Flop (didn't bet)
Seat 6: 5135cfe6 (small blind) folded before Flop


Poker Hand #HD1721301828: Hold'em No Limit ($0.02/$0.05) - 2024/04/08 17:21:55
Table 'NLHBlue13' 6-max Seat #3 is the button
Seat 1: Hero ($5.07 in chips)
Seat 2: f65ebc68 ($5.59 in chips)
Seat 3: cd2df66 ($5.42 in chips)
Seat 4: d760a0fc ($6.22 in chips)
Seat 6: 5135cfe6 ($5 in chips)
d760a0fc: posts small blind $0.02
5135cfe6: posts big blind $0.05
*** HOLE CARDS ***
Dealt to Hero [9h 8d]
Dealt to f65ebc68 
Dealt to cd2df66 
Dealt to d760a0fc 
Dealt to 5135cfe6 
Hero: folds
f65ebc68: folds
cd2df66: raises $0.06 to $0.11
d760a0fc: folds
5135cfe6: calls $0.06
*** FLOP *** [Kd As 6s]
5135cfe6: checks
cd2df66: checks
*** TURN *** [Kd As 6s] [Ts]
5135cfe6: checks
cd2df66: checks
*** RIVER *** [Kd As 6s Ts] [6h]
5135cfe6: bets $0.08
cd2df66: folds
Uncalled bet ($0.08) returned to 5135cfe6
*** SHOWDOWN ***
5135cfe6 collected $0.23 from pot
*** SUMMARY ***
Total pot $0.24 | Rake $0.01 | Jackpot $0 | Bingo $0 | Fortune $0 | Tax $0
Board [Kd As 6s Ts 6h]
Seat 1: Hero folded before Flop (didn't bet)
Seat 2: f65ebc68 folded before Flop (didn't bet)
Seat 3: cd2df66 (button) folded on the River
Seat 4: d760a0fc (small blind) folded before Flop
Seat 6: 5135cfe6 (big blind) won ($0.23)


Poker Hand #HD1721301780: Hold'em No Limit ($0.02/$0.05) - 2024/04/08 17:21:37
Table 'NLHBlue13' 6-max Seat #2 is the button
Seat 1: Hero ($5.07 in chips)
Seat 2: f65ebc68 ($5.69 in chips)
Seat 3: cd2df66 ($5.28 in chips)
Seat 4: d760a0fc ($6.27 in chips)
cd2df66: posts small blind $0.02
d760a0fc: posts big blind $0.05
*** HOLE CARDS ***
Dealt to Hero [9c Th]
Dealt to f65ebc68 
Dealt to cd2df66 
Dealt to d760a0fc 
Hero: folds
f65ebc68: raises $0.05 to $0.1
cd2df66: raises $0.25 to $0.35
d760a0fc: folds
f65ebc68: folds
Uncalled bet ($0.25) returned to cd2df66
*** SHOWDOWN ***
cd2df66 collected $0.24 from pot
*** SUMMARY ***
Total pot $0.25 | Rake $0.01 | Jackpot $0 | Bingo $0 | Fortune $0 | Tax $0
Seat 1: Hero folded before Flop (didn't bet)
Seat 2: f65ebc68 (button) folded before Flop
Seat 3: cd2df66 (small blind) collected ($0.24)
Seat 4: d760a0fc (big blind) folded before Flop


Poker Hand #HD1721301754: Hold'em No Limit ($0.02/$0.05) - 2024/04/08 17:21:25
Table 'NLHBlue13' 6-max Seat #1 is the button
Seat 1: Hero ($5 in chips)
Seat 2: f65ebc68 ($5.71 in chips)
Seat 3: cd2df66 ($5.33 in chips)
Seat 4: d760a0fc ($6.27 in chips)
f65ebc68: posts small blind $0.02
cd2df66: posts big blind $0.05
*** HOLE CARDS ***
Dealt to Hero [Ts Qs]
Dealt to f65ebc68 
Dealt to cd2df66 
Dealt to d760a0fc 
d760a0fc: folds
Hero: raises $0.08 to $0.13
f65ebc68: folds
cd2df66: folds
Uncalled bet ($0.08) returned to Hero
*** SHOWDOWN ***
Hero collected $0.12 from pot
*** SUMMARY ***
Total pot $0.12 | Rake $0 | Jackpot $0 | Bingo $0 | Fortune $0 | Tax $0
Seat 1: Hero (button) collected ($0.12)
Seat 2: f65ebc68 (small blind) folded before Flop
Seat 3: cd2df66 (big blind) folded before Flop
Seat 4: d760a0fc folded before Flop (didn't bet)


Poker Hand #HD1721301731: Hold'em No Limit ($0.02/$0.05) - 2024/04/08 17:21:18
Table 'NLHBlue13' 6-max Seat #4 is the button
Seat 1: Hero ($5 in chips)
Seat 2: f65ebc68 ($5.69 in chips)
Seat 3: cd2df66 ($5.33 in chips)
Seat 4: d760a0fc ($6.27 in chips)
Hero: posts small blind $0.02
f65ebc68: posts big blind $0.05
*** HOLE CARDS ***
Dealt to Hero [7h 3c]
Dealt to f65ebc68 
Dealt to cd2df66 
Dealt to d760a0fc 
cd2df66: folds
d760a0fc: folds
Hero: folds
Uncalled bet ($0.03) returned to f65ebc68
*** SHOWDOWN ***
f65ebc68 collected $0.04 from pot
*** SUMMARY ***
Total pot $0.04 | Rake $0 | Jackpot $0 | Bingo $0 | Fortune $0 | Tax $0
Seat 1: Hero (small blind) folded before Flop
Seat 2: f65ebc68 (big blind) collected ($0.04)
Seat 3: cd2df66 folded before Flop (didn't bet)
Seat 4: d760a0fc (button) folded before Flop (didn't bet)


Poker Hand #HD1721301703: Hold'em No Limit ($0.02/$0.05) - 2024/04/08 17:21:06
Table 'NLHBlue13' 6-max Seat #3 is the button
Seat 1: Hero ($5 in chips)
Seat 2: f65ebc68 ($5.62 in chips)
Seat 3: cd2df66 ($5.33 in chips)
Seat 4: d760a0fc ($6.29 in chips)
Seat 6: 513387f0 ($1.47 in chips)
d760a0fc: posts small blind $0.02
513387f0: posts big blind $0.05
*** HOLE CARDS ***
Dealt to Hero [2c 9h]
Dealt to f65ebc68 
Dealt to cd2df66 
Dealt to d760a0fc 
Dealt to 513387f0 
Hero: folds
f65ebc68: raises $0.05 to $0.1
cd2df66: folds
d760a0fc: folds
513387f0: folds
Uncalled bet ($0.05) returned to f65ebc68
*** SHOWDOWN ***
f65ebc68 collected $0.12 from pot
*** SUMMARY ***
Total pot $0.12 | Rake $0 | Jackpot $0 | Bingo $0 | Fortune $0 | Tax $0
Seat 1: Hero folded before Flop (didn't bet)
Seat 2: f65ebc68 collected ($0.12)
Seat 3: cd2df66 (button) folded before Flop (didn't bet)
Seat 4: d760a0fc (small blind) folded before Flop
Seat 6: 513387f0 (big blind) folded before Flop


Poker Hand #HD1721301676: Hold'em No Limit ($0.02/$0.05) - 2024/04/08 17:20:56
Table 'NLHBlue13' 6-max Seat #2 is the button
Seat 1: Hero ($5 in chips)
Seat 2: f65ebc68 ($5.62 in chips)
Seat 3: cd2df66 ($5.35 in chips)
Seat 4: d760a0fc ($6.27 in chips)
Seat 6: 513387f0 ($1.47 in chips)
cd2df66: posts small blind $0.02
d760a0fc: posts big blind $0.05
*** HOLE CARDS ***
Dealt to Hero [Ah 4s]
Dealt to f65ebc68 
Dealt to cd2df66 
Dealt to d760a0fc 
Dealt to 513387f0 
513387f0: folds
Hero: folds
f65ebc68: folds
cd2df66: folds
Uncalled bet ($0.03) returned to d760a0fc
*** SHOWDOWN ***
d760a0fc collected $0.04 from pot
*** SUMMARY ***
Total pot $0.04 | Rake $0 | Jackpot $0 | Bingo $0 | Fortune $0 | Tax $0
Seat 1: Hero folded before Flop (didn't bet)
Seat 2: f65ebc68 (button) folded before Flop (didn't bet)
Seat 3: cd2df66 (small blind) folded before Flop
Seat 4: d760a0fc (big blind) collected ($0.04)
Seat 6: 513387f0 folded before Flop (didn't bet)


Poker Hand #HD1721301626: Hold'em No Limit ($0.02/$0.05) - 2024/04/08 17:20:38
Table 'NLHBlue13' 6-max Seat #1 is the button
Seat 1: Hero ($5 in chips)
Seat 2: f65ebc68 ($5.64 in chips)
Seat 3: cd2df66 ($5.4 in chips)
Seat 4: d760a0fc ($6.2 in chips)
Seat 6: 513387f0 ($1.47 in chips)
f65ebc68: posts small blind $0.02
cd2df66: posts big blind $0.05
*** HOLE CARDS ***
Dealt to Hero [2s Kh]
Dealt to f65ebc68 
Dealt to cd2df66 
Dealt to d760a0fc 
Dealt to 513387f0 
d760a0fc: raises $0.1 to $0.15
513387f0: folds
Hero: folds
f65ebc68: folds
cd2df66: folds
Uncalled bet ($0.1) returned to d760a0fc
*** SHOWDOWN ***
d760a0fc collected $0.12 from pot
*** SUMMARY ***
Total pot $0.12 | Rake $0 | Jackpot $0 | Bingo $0 | Fortune $0 | Tax $0
Seat 1: Hero (button) folded before Flop (didn't bet)
Seat 2: f65ebc68 (small blind) folded before Flop
Seat 3: cd2df66 (big blind) folded before Flop
Seat 4: d760a0fc collected ($0.12)
Seat 6: 513387f0 folded before Flop (didn't bet)


Poker Hand #HD1721301506: Hold'em No Limit ($0.02/$0.05) - 2024/04/08 17:19:53
Table 'NLHBlue13' 6-max Seat #6 is the button
Seat 1: Hero ($5 in chips)
Seat 2: f65ebc68 ($6.07 in chips)
Seat 3: cd2df66 ($5.4 in chips)
Seat 4: d760a0fc ($5.79 in chips)
Seat 6: 513387f0 ($1.47 in chips)
Hero: posts small blind $0.02
f65ebc68: posts big blind $0.05
*** HOLE CARDS ***
Dealt to Hero [Qc Th]
Dealt to f65ebc68 
Dealt to cd2df66 
Dealt to d760a0fc 
Dealt to 513387f0 
cd2df66: folds
d760a0fc: raises $0.1 to $0.15
513387f0: folds
Hero: folds
f65ebc68: calls $0.1
*** FLOP *** [Ac 7s 2s]
f65ebc68: checks
d760a0fc: bets $0.1
f65ebc68: calls $0.1
*** TURN *** [Ac 7s 2s] [Js]
f65ebc68: bets $0.18
d760a0fc: calls $0.18
*** RIVER *** [Ac 7s 2s Js] [9c]
f65ebc68: checks
d760a0fc: bets $0.3
f65ebc68: folds
Uncalled bet ($0.3) returned to d760a0fc
*** SHOWDOWN ***
d760a0fc collected $0.84 from pot
*** SUMMARY ***
Total pot $0.88 | Rake $0.04 | Jackpot $0 | Bingo $0 | Fortune $0 | Tax $0
Board [Ac 7s 2s Js 9c]
Seat 1: Hero (small blind) folded before Flop
Seat 2: f65ebc68 (big blind) folded on the River
Seat 3: cd2df66 folded before Flop (didn't bet)
Seat 4: d760a0fc won ($0.84)
Seat 6: 513387f0 (button) folded before Flop (didn't bet)


Poker Hand #HD1721301344: Hold'em No Limit ($0.02/$0.05) - 2024/04/08 17:18:46
Table 'NLHBlue13' 6-max Seat #4 is the button
Seat 1: Hero ($5 in chips)
Seat 2: f65ebc68 ($6.17 in chips)
Seat 3: cd2df66 ($5.4 in chips)
Seat 4: d760a0fc ($5.79 in chips)
Seat 5: aa111caf ($5.02 in chips)
Seat 6: 513387f0 ($1.36 in chips)
aa111caf: posts small blind $0.02
513387f0: posts big blind $0.05
*** HOLE CARDS ***
Dealt to Hero [8h Qc]
Dealt to f65ebc68 
Dealt to cd2df66 
Dealt to d760a0fc 
Dealt to aa111caf 
Dealt to 513387f0 
Hero: folds
f65ebc68: raises $0.05 to $0.1
cd2df66: folds
d760a0fc: folds
aa111caf: folds
513387f0: raises $1.26 to $1.36 and is all-in
f65ebc68: folds
Uncalled bet ($1.26) returned to 513387f0
*** SHOWDOWN ***
513387f0 collected $0.21 from pot
*** SUMMARY ***
Total pot $0.22 | Rake $0.01 | Jackpot $0 | Bingo $0 | Fortune $0 | Tax $0
Seat 1: Hero folded before Flop (didn't bet)
Seat 2: f65ebc68 folded before Flop
Seat 3: cd2df66 folded before Flop (didn't bet)
Seat 4: d760a0fc (button) folded before Flop (didn't bet)
Seat 5: aa111caf (small blind) folded before Flop
Seat 6: 513387f0 (big blind) collected ($0.21)


Poker Hand #HD1721301281: Hold'em No Limit ($0.02/$0.05) - 2024/04/08 17:18:27
Table 'NLHBlue13' 6-max Seat #3 is the button
Seat 1: Hero ($5 in chips)
Seat 2: f65ebc68 ($6.17 in chips)
Seat 3: cd2df66 ($5.4 in chips)
Seat 4: d760a0fc ($5.81 in chips)
Seat 5: aa111caf ($5 in chips)
Seat 6: 513387f0 ($1.36 in chips)
d760a0fc: posts small blind $0.02
aa111caf: posts big blind $0.05
*** HOLE CARDS ***
Dealt to Hero [Kd 5d]
Dealt to f65ebc68 
Dealt to cd2df66 
Dealt to d760a0fc 
Dealt to aa111caf 
Dealt to 513387f0 
513387f0: folds
Hero: folds
f65ebc68: folds
cd2df66: folds
d760a0fc: folds
Uncalled bet ($0.03) returned to aa111caf
*** SHOWDOWN ***
aa111caf collected $0.04 from pot
*** SUMMARY ***
Total pot $0.04 | Rake $0 | Jackpot $0 | Bingo $0 | Fortune $0 | Tax $0
Seat 1: Hero folded before Flop (didn't bet)
Seat 2: f65ebc68 folded before Flop (didn't bet)
Seat 3: cd2df66 (button) folded before Flop (didn't bet)
Seat 4: d760a0fc (small blind) folded before Flop
Seat 5: aa111caf (big blind) collected ($0.04)
Seat 6: 513387f0 folded before Flop (didn't bet)


Poker Hand #HD1721301236: Hold'em No Limit ($0.02/$0.05) - 2024/04/08 17:18:05
Table 'NLHBlue13' 6-max Seat #2 is the button
Seat 1: Hero ($5 in chips)
Seat 2: f65ebc68 ($6.17 in chips)
Seat 3: cd2df66 ($5.42 in chips)
Seat 4: d760a0fc ($5.67 in chips)
Seat 6: 513387f0 ($1.36 in chips)
cd2df66: posts small blind $0.02
d760a0fc: posts big blind $0.05
*** HOLE CARDS ***
Dealt to Hero [9c Ac]
Dealt to f65ebc68 
Dealt to cd2df66 
Dealt to d760a0fc 
Dealt to 513387f0 
513387f0: folds
Hero: raises $0.08 to $0.13
f65ebc68: folds
cd2df66: folds
d760a0fc: raises $0.47 to $0.6
Hero: folds
Uncalled bet ($0.47) returned to d760a0fc
*** SHOWDOWN ***
d760a0fc collected $0.27 from pot
*** SUMMARY ***
Total pot $0.28 | Rake $0.01 | Jackpot $0 | Bingo $0 | Fortune $0 | Tax $0
Seat 1: Hero folded before Flop
Seat 2: f65ebc68 (button) folded before Flop (didn't bet)
Seat 3: cd2df66 (small blind) folded before Flop
Seat 4: d760a0fc (big blind) collected ($0.27)
Seat 6: 513387f0 folded before Flop (didn't bet)


Poker Hand #HD1721301215: Hold'em No Limit ($0.02/$0.05) - 2024/04/08 17:17:55
Table 'NLHBlue13' 6-max Seat #1 is the button
Seat 1: Hero ($5 in chips)
Seat 2: f65ebc68 ($6.19 in chips)
Seat 3: cd2df66 ($5.47 in chips)
Seat 4: d760a0fc ($5.67 in chips)
Seat 6: 513387f0 ($1.29 in chips)
f65ebc68: posts small blind $0.02
cd2df66: posts big blind $0.05
*** HOLE CARDS ***
Dealt to Hero [2c 8h]
Dealt to f65ebc68 
Dealt to cd2df66 
Dealt to d760a0fc 
Dealt to 513387f0 
d760a0fc: folds
513387f0: raises $0.05 to $0.1
Hero: folds
f65ebc68: folds
cd2df66: folds
Uncalled bet ($0.05) returned to 513387f0
*** SHOWDOWN ***
513387f0 collected $0.12 from pot
*** SUMMARY ***
Total pot $0.12 | Rake $0 | Jackpot $0 | Bingo $0 | Fortune $0 | Tax $0
Seat 1: Hero (button) folded before Flop (didn't bet)
Seat 2: f65ebc68 (small blind) folded before Flop
Seat 3: cd2df66 (big blind) folded before Flop
Seat 4: d760a0fc folded before Flop (didn't bet)
Seat 6: 513387f0 collected ($0.12)


Poker Hand #HD1721301087: Hold'em No Limit ($0.02/$0.05) - 2024/04/08 17:17:09
Table 'NLHBlue13' 6-max Seat #6 is the button
Seat 1: Hero ($5 in chips)
Seat 2: f65ebc68 ($5.14 in chips)
Seat 3: cd2df66 ($5.47 in chips)
Seat 4: d760a0fc ($5.67 in chips)
Seat 6: 513387f0 ($2.48 in chips)
Hero: posts small blind $0.02
f65ebc68: posts big blind $0.05
*** HOLE CARDS ***
Dealt to Hero [6h 2c]
Dealt to f65ebc68 
Dealt to cd2df66 
Dealt to d760a0fc 
Dealt to 513387f0 
cd2df66: folds
d760a0fc: folds
513387f0: raises $0.06 to $0.11
Hero: folds
f65ebc68: raises $0.18 to $0.29
513387f0: calls $0.18
*** FLOP *** [9s 4s Ad]
f65ebc68: checks
513387f0: checks
*** TURN *** [9s 4s Ad] [4c]
f65ebc68: bets $0.3
513387f0: calls $0.3
*** RIVER *** [9s 4s Ad 4c] [4h]
f65ebc68: bets $0.6
513387f0: calls $0.6
f65ebc68: shows [Kd Kh] (Fours Full over Kings)
513387f0: shows [9c Tc] (Fours Full over Nines)
*** SHOWDOWN ***
f65ebc68 collected $2.24 from pot
*** SUMMARY ***
Total pot $2.4 | Rake $0.11 | Jackpot $0.05 | Bingo $0 | Fortune $0 | Tax $0
Board [9s 4s Ad 4c 4h]
Seat 1: Hero (small blind) folded before Flop
Seat 2: f65ebc68 (big blind) showed [Kd Kh] and won ($2.24) with Fours Full over Kings
Seat 3: cd2df66 folded before Flop (didn't bet)
Seat 4: d760a0fc folded before Flop (didn't bet)
Seat 6: 513387f0 (button) showed [9c Tc] and lost with Fours Full over Nines


Poker Hand #HD1721300989: Hold'em No Limit ($0.02/$0.05) - 2024/04/08 17:16:29
Table 'NLHBlue13' 6-max Seat #4 is the button
Seat 1: Hero ($5 in chips)
Seat 2: f65ebc68 ($5.14 in chips)
Seat 3: cd2df66 ($5.47 in chips)
Seat 4: d760a0fc ($5.54 in chips)
Seat 5: 52d33f5b ($8.99 in chips)
Seat 6: 513387f0 ($2.6 in chips)
52d33f5b: posts small blind $0.02
513387f0: posts big blind $0.05
*** HOLE CARDS ***
Dealt to Hero [7s 6d]
Dealt to f65ebc68 
Dealt to cd2df66 
Dealt to d760a0fc 
Dealt to 52d33f5b 
Dealt to 513387f0 
Hero: folds
f65ebc68: folds
cd2df66: folds
d760a0fc: raises $0.07 to $0.12
52d33f5b: folds
513387f0: calls $0.07
*** FLOP *** [6s 2s Ks]
513387f0: checks
d760a0fc: bets $0.09
513387f0: folds
Uncalled bet ($0.09) returned to d760a0fc
*** SHOWDOWN ***
d760a0fc collected $0.25 from pot
*** SUMMARY ***
Total pot $0.26 | Rake $0.01 | Jackpot $0 | Bingo $0 | Fortune $0 | Tax $0
Board [6s 2s Ks]
Seat 1: Hero folded before Flop (didn't bet)
Seat 2: f65ebc68 folded before Flop (didn't bet)
Seat 3: cd2df66 folded before Flop (didn't bet)
Seat 4: d760a0fc (button) won ($0.25)
Seat 5: 52d33f5b (small blind) folded before Flop
Seat 6: 513387f0 (big blind) folded on the Flop


Poker Hand #HD1721300952: Hold'em No Limit ($0.02/$0.05) - 2024/04/08 17:16:19
Table 'NLHBlue13' 6-max Seat #3 is the button
Seat 1: Hero ($5 in chips)
Seat 2: f65ebc68 ($5.14 in chips)
Seat 3: cd2df66 ($5.47 in chips)
Seat 4: d760a0fc ($5.56 in chips)
Seat 5: 52d33f5b ($8.97 in chips)
Seat 6: 513387f0 ($2.6 in chips)
d760a0fc: posts small blind $0.02
52d33f5b: posts big blind $0.05
*** HOLE CARDS ***
Dealt to Hero [4d 3d]
Dealt to f65ebc68 
Dealt to cd2df66 
Dealt to d760a0fc 
Dealt to 52d33f5b 
Dealt to 513387f0 
513387f0: folds
Hero: folds
f65ebc68: folds
cd2df66: folds
d760a0fc: folds
Uncalled bet ($0.03) returned to 52d33f5b
*** SHOWDOWN ***
52d33f5b collected $0.04 from pot
*** SUMMARY ***
Total pot $0.04 | Rake $0 | Jackpot $0 | Bingo $0 | Fortune $0 | Tax $0
Seat 1: Hero folded before Flop (didn't bet)
Seat 2: f65ebc68 folded before Flop (didn't bet)
Seat 3: cd2df66 (button) folded before Flop (didn't bet)
Seat 4: d760a0fc (small blind) folded before Flop
Seat 5: 52d33f5b (big blind) collected ($0.04)
Seat 6: 513387f0 folded before Flop (didn't bet)


Poker Hand #HD1721300781: Hold'em No Limit ($0.02/$0.05) - 2024/04/08 17:15:16
Table 'NLHBlue13' 6-max Seat #2 is the button
Seat 1: Hero ($5 in chips)
Seat 2: f65ebc68 ($5.14 in chips)
Seat 3: cd2df66 ($5.49 in chips)
Seat 4: d760a0fc ($5.61 in chips)
Seat 5: 52d33f5b ($8.97 in chips)
Seat 6: 513387f0 ($2.05 in chips)
cd2df66: posts small blind $0.02
d760a0fc: posts big blind $0.05
*** HOLE CARDS ***
Dealt to Hero [Kd As]
Dealt to f65ebc68 
Dealt to cd2df66 
Dealt to d760a0fc 
Dealt to 52d33f5b 
Dealt to 513387f0 
52d33f5b: folds
513387f0: raises $0.05 to $0.1
Hero: raises $0.2 to $0.3
f65ebc68: folds
cd2df66: folds
d760a0fc: folds
513387f0: calls $0.2
*** FLOP *** [8s Qh 8c]
513387f0: checks
Hero: checks
*** TURN *** [8s Qh 8c] [4h]
513387f0: bets $0.23
Hero: calls $0.23
*** RIVER *** [8s Qh 8c 4h] [Js]
513387f0: bets $1.52 and is all-in
Hero: folds
Uncalled bet ($1.52) returned to 513387f0
*** SHOWDOWN ***
513387f0 collected $1.08 from pot
*** SUMMARY ***
Total pot $1.13 | Rake $0.05 | Jackpot $0 | Bingo $0 | Fortune $0 | Tax $0
Board [8s Qh 8c 4h Js]
Seat 1: Hero folded on the River
Seat 2: f65ebc68 (button) folded before Flop (didn't bet)
Seat 3: cd2df66 (small blind) folded before Flop
Seat 4: d760a0fc (big blind) folded before Flop
Seat 5: 52d33f5b folded before Flop (didn't bet)
Seat 6: 513387f0 won ($1.08)


Poker Hand #HD1721300626: Hold'em No Limit ($0.02/$0.05) - 2024/04/08 17:14:16
Table 'NLHBlue13' 6-max Seat #1 is the button
Seat 1: Hero ($5 in chips)
Seat 2: f65ebc68 ($5.16 in chips)
Seat 3: cd2df66 ($4.84 in chips)
Seat 4: d760a0fc ($5.61 in chips)
Seat 5: 52d33f5b ($9.07 in chips)
Seat 6: 513387f0 ($2.64 in chips)
f65ebc68: posts small blind $0.02
cd2df66: posts big blind $0.05
*** HOLE CARDS ***
Dealt to Hero [6d Tc]
Dealt to f65ebc68 
Dealt to cd2df66 
Dealt to d760a0fc 
Dealt to 52d33f5b 
Dealt to 513387f0 
d760a0fc: folds
52d33f5b: raises $0.05 to $0.1
513387f0: raises $0.14 to $0.24
Hero: folds
f65ebc68: folds
cd2df66: calls $0.19
52d33f5b: folds
*** FLOP *** [4c 3s 3h]
cd2df66: checks
513387f0: bets $0.1
cd2df66: calls $0.1
*** TURN *** [4c 3s 3h] [Qs]
cd2df66: checks
513387f0: bets $0.25
cd2df66: calls $0.25
*** RIVER *** [4c 3s 3h Qs] [Js]
cd2df66: checks
513387f0: checks
cd2df66: shows [Kd Qc] (Pair of Queens and Pair of Treys)
513387f0: shows [Ts Ac] (Pair of Treys)
*** SHOWDOWN ***
cd2df66 collected $1.24 from pot
*** SUMMARY ***
Total pot $1.3 | Rake $0.06 | Jackpot $0 | Bingo $0 | Fortune $0 | Tax $0
Board [4c 3s 3h Qs Js]
Seat 1: Hero (button) folded before Flop (didn't bet)
Seat 2: f65ebc68 (small blind) folded before Flop
Seat 3: cd2df66 (big blind) showed [Kd Qc] and won ($1.24) with Pair of Queens and Pair of Treys
Seat 4: d760a0fc folded before Flop (didn't bet)
Seat 5: 52d33f5b folded before Flop
Seat 6: 513387f0 showed [Ts Ac] and lost with Pair of Treys


Poker Hand #HD1721300601: Hold'em No Limit ($0.02/$0.05) - 2024/04/08 17:14:07
Table 'NLHBlue13' 6-max Seat #6 is the button
Seat 1: Hero ($5 in chips)
Seat 2: f65ebc68 ($5.14 in chips)
Seat 3: cd2df66 ($4.84 in chips)
Seat 4: d760a0fc ($5.61 in chips)
Seat 5: 52d33f5b ($9.07 in chips)
Seat 6: 513387f0 ($2.64 in chips)
Hero: posts small blind $0.02
f65ebc68: posts big blind $0.05
*** HOLE CARDS ***
Dealt to Hero [9c 7d]
Dealt to f65ebc68 
Dealt to cd2df66 
Dealt to d760a0fc 
Dealt to 52d33f5b 
Dealt to 513387f0 
cd2df66: folds
d760a0fc: folds
52d33f5b: folds
513387f0: folds
Hero: folds
Uncalled bet ($0.03) returned to f65ebc68
*** SHOWDOWN ***
f65ebc68 collected $0.04 from pot
*** SUMMARY ***
Total pot $0.04 | Rake $0 | Jackpot $0 | Bingo $0 | Fortune $0 | Tax $0
Seat 1: Hero (small blind) folded before Flop
Seat 2: f65ebc68 (big blind) collected ($0.04)
Seat 3: cd2df66 folded before Flop (didn't bet)
Seat 4: d760a0fc folded before Flop (didn't bet)
Seat 5: 52d33f5b folded before Flop (didn't bet)
Seat 6: 513387f0 (button) folded before Flop (didn't bet)


Poker Hand #HD1721300581: Hold'em No Limit ($0.02/$0.05) - 2024/04/08 17:13:57
Table 'NLHBlue13' 6-max Seat #5 is the button
Seat 1: Hero ($5 in chips)
Seat 2: f65ebc68 ($5.14 in chips)
Seat 3: cd2df66 ($4.84 in chips)
Seat 4: d760a0fc ($5.61 in chips)
Seat 5: 52d33f5b ($9.07 in chips)
Seat 6: 513387f0 ($2.59 in chips)
513387f0: posts small blind $0.02
Hero: posts big blind $0.05
*** HOLE CARDS ***
Dealt to Hero [9c 5h]
Dealt to f65ebc68 
Dealt to cd2df66 
Dealt to d760a0fc 
Dealt to 52d33f5b 
Dealt to 513387f0 
f65ebc68: folds
cd2df66: folds
d760a0fc: folds
52d33f5b: folds
513387f0: raises $0.06 to $0.11
Hero: folds
Uncalled bet ($0.06) returned to 513387f0
*** SHOWDOWN ***
513387f0 collected $0.1 from pot
*** SUMMARY ***
Total pot $0.1 | Rake $0 | Jackpot $0 | Bingo $0 | Fortune $0 | Tax $0
Seat 1: Hero (big blind) folded before Flop
Seat 2: f65ebc68 folded before Flop (didn't bet)
Seat 3: cd2df66 folded before Flop (didn't bet)
Seat 4: d760a0fc folded before Flop (didn't bet)
Seat 5: 52d33f5b (button) folded before Flop (didn't bet)
Seat 6: 513387f0 (small blind) collected ($0.1)


Poker Hand #HD1721300518: Hold'em No Limit ($0.02/$0.05) - 2024/04/08 17:13:29
Table 'NLHBlue13' 6-max Seat #4 is the button
Seat 1: Hero ($5 in chips)
Seat 2: f65ebc68 ($5.14 in chips)
Seat 3: cd2df66 ($4.84 in chips)
Seat 4: d760a0fc ($5.61 in chips)
Seat 5: 52d33f5b ($9.22 in chips)
Seat 6: 513387f0 ($2.45 in chips)
52d33f5b: posts small blind $0.02
513387f0: posts big blind $0.05
*** HOLE CARDS ***
Dealt to Hero [7d 5d]
Dealt to f65ebc68 
Dealt to cd2df66 
Dealt to d760a0fc 
Dealt to 52d33f5b 
Dealt to 513387f0 
Hero: folds
f65ebc68: folds
cd2df66: folds
d760a0fc: folds
52d33f5b: raises $0.1 to $0.15
513387f0: raises $2.3 to $2.45 and is all-in
52d33f5b: folds
Uncalled bet ($2.3) returned to 513387f0
*** SHOWDOWN ***
513387f0 collected $0.29 from pot
*** SUMMARY ***
Total pot $0.3 | Rake $0.01 | Jackpot $0 | Bingo $0 | Fortune $0 | Tax $0
Seat 1: Hero folded before Flop (didn't bet)
Seat 2: f65ebc68 folded before Flop (didn't bet)
Seat 3: cd2df66 folded before Flop (didn't bet)
Seat 4: d760a0fc (button) folded before Flop (didn't bet)
Seat 5: 52d33f5b (small blind) folded before Flop
Seat 6: 513387f0 (big blind) collected ($0.29)


Poker Hand #HD1721300488: Hold'em No Limit ($0.02/$0.05) - 2024/04/08 17:13:17
Table 'NLHBlue13' 6-max Seat #3 is the button
Seat 1: Hero ($5 in chips)
Seat 2: f65ebc68 ($5.14 in chips)
Seat 3: cd2df66 ($4.84 in chips)
Seat 4: d760a0fc ($5.63 in chips)
Seat 5: 52d33f5b ($9.2 in chips)
Seat 6: 513387f0 ($2.45 in chips)
d760a0fc: posts small blind $0.02
52d33f5b: posts big blind $0.05
*** HOLE CARDS ***
Dealt to Hero [Kd Th]
Dealt to f65ebc68 
Dealt to cd2df66 
Dealt to d760a0fc 
Dealt to 52d33f5b 
Dealt to 513387f0 
513387f0: folds
Hero: folds
f65ebc68: folds
cd2df66: folds
d760a0fc: folds
Uncalled bet ($0.03) returned to 52d33f5b
*** SHOWDOWN ***
52d33f5b collected $0.04 from pot
*** SUMMARY ***
Total pot $0.04 | Rake $0 | Jackpot $0 | Bingo $0 | Fortune $0 | Tax $0
Seat 1: Hero folded before Flop (didn't bet)
Seat 2: f65ebc68 folded before Flop (didn't bet)
Seat 3: cd2df66 (button) folded before Flop (didn't bet)
Seat 4: d760a0fc (small blind) folded before Flop
Seat 5: 52d33f5b (big blind) collected ($0.04)
Seat 6: 513387f0 folded before Flop (didn't bet)


Poker Hand #HD1721300442: Hold'em No Limit ($0.02/$0.05) - 2024/04/08 17:12:59
Table 'NLHBlue13' 6-max Seat #2 is the button
Seat 1: Hero ($5 in chips)
Seat 2: f65ebc68 ($5.14 in chips)
Seat 3: cd2df66 ($4.86 in chips)
Seat 4: d760a0fc ($5.61 in chips)
Seat 5: 52d33f5b ($9.2 in chips)
Seat 6: 513387f0 ($2.45 in chips)
cd2df66: posts small blind $0.02
d760a0fc: posts big blind $0.05
*** HOLE CARDS ***
Dealt to Hero [6d 6s]
Dealt to f65ebc68 
Dealt to cd2df66 
Dealt to d760a0fc 
Dealt to 52d33f5b 
Dealt to 513387f0 
52d33f5b: folds
513387f0: folds
Hero: folds
f65ebc68: folds
cd2df66: folds
Uncalled bet ($0.03) returned to d760a0fc
*** SHOWDOWN ***
d760a0fc collected $0.04 from pot
*** SUMMARY ***
Total pot $0.04 | Rake $0 | Jackpot $0 | Bingo $0 | Fortune $0 | Tax $0
Seat 1: Hero folded before Flop (didn't bet)
Seat 2: f65ebc68 (button) folded before Flop (didn't bet)
Seat 3: cd2df66 (small blind) folded before Flop
Seat 4: d760a0fc (big blind) collected ($0.04)
Seat 5: 52d33f5b folded before Flop (didn't bet)
Seat 6: 513387f0 folded before Flop (didn't bet)


Poker Hand #HD1721300366: Hold'em No Limit ($0.02/$0.05) - 2024/04/08 17:12:31
Table 'NLHBlue13' 6-max Seat #1 is the button
Seat 1: Hero ($5 in chips)
Seat 2: f65ebc68 ($5.16 in chips)
Seat 3: cd2df66 ($4.91 in chips)
Seat 4: d760a0fc ($5.61 in chips)
Seat 5: 52d33f5b ($9.3 in chips)
Seat 6: 513387f0 ($2.29 in chips)
f65ebc68: posts small blind $0.02
cd2df66: posts big blind $0.05
*** HOLE CARDS ***
Dealt to Hero [8c 5h]
Dealt to f65ebc68 
Dealt to cd2df66 
Dealt to d760a0fc 
Dealt to 52d33f5b 
Dealt to 513387f0 
d760a0fc: folds
52d33f5b: raises $0.05 to $0.1
513387f0: raises $0.14 to $0.24
Hero: folds
f65ebc68: folds
cd2df66: folds
52d33f5b: folds
Uncalled bet ($0.14) returned to 513387f0
*** SHOWDOWN ***
513387f0 collected $0.26 from pot
*** SUMMARY ***
Total pot $0.27 | Rake $0.01 | Jackpot $0 | Bingo $0 | Fortune $0 | Tax $0
Seat 1: Hero (button) folded before Flop (didn't bet)
Seat 2: f65ebc68 (small blind) folded before Flop
Seat 3: cd2df66 (big blind) folded before Flop
Seat 4: d760a0fc folded before Flop (didn't bet)
Seat 5: 52d33f5b folded before Flop
Seat 6: 513387f0 collected ($0.26)


Poker Hand #HD1721300308: Hold'em No Limit ($0.02/$0.05) - 2024/04/08 17:12:11
Table 'NLHBlue13' 6-max Seat #6 is the button
Seat 1: Hero ($5 in chips)
Seat 2: f65ebc68 ($5.21 in chips)
Seat 3: cd2df66 ($4.91 in chips)
Seat 4: d760a0fc ($5.61 in chips)
Seat 5: 52d33f5b ($9.23 in chips)
Seat 6: 513387f0 ($2.29 in chips)
Hero: posts small blind $0.02
f65ebc68: posts big blind $0.05
*** HOLE CARDS ***
Dealt to Hero [2d 5d]
Dealt to f65ebc68 
Dealt to cd2df66 
Dealt to d760a0fc 
Dealt to 52d33f5b 
Dealt to 513387f0 
cd2df66: folds
d760a0fc: folds
52d33f5b: raises $0.05 to $0.1
513387f0: folds
Hero: folds
f65ebc68: folds
Uncalled bet ($0.05) returned to 52d33f5b
*** SHOWDOWN ***
52d33f5b collected $0.12 from pot
*** SUMMARY ***
Total pot $0.12 | Rake $0 | Jackpot $0 | Bingo $0 | Fortune $0 | Tax $0
Seat 1: Hero (small blind) folded before Flop
Seat 2: f65ebc68 (big blind) folded before Flop
Seat 3: cd2df66 folded before Flop (didn't bet)
Seat 4: d760a0fc folded before Flop (didn't bet)
Seat 5: 52d33f5b collected ($0.12)
Seat 6: 513387f0 (button) folded before Flop (didn't bet)


Poker Hand #HD1721300280: Hold'em No Limit ($0.02/$0.05) - 2024/04/08 17:11:57
Table 'NLHBlue13' 6-max Seat #5 is the button
Seat 1: Hero ($5 in chips)
Seat 2: f65ebc68 ($5.21 in chips)
Seat 3: cd2df66 ($4.91 in chips)
Seat 4: d760a0fc ($5.61 in chips)
Seat 5: 52d33f5b ($9.23 in chips)
Seat 6: 513387f0 ($2.24 in chips)
513387f0: posts small blind $0.02
Hero: posts big blind $0.05
*** HOLE CARDS ***
Dealt to Hero [3h Qd]
Dealt to f65ebc68 
Dealt to cd2df66 
Dealt to d760a0fc 
Dealt to 52d33f5b 
Dealt to 513387f0 
f65ebc68: folds
cd2df66: folds
d760a0fc: folds
52d33f5b: folds
513387f0: raises $0.06 to $0.11
Hero: folds
Uncalled bet ($0.06) returned to 513387f0
*** SHOWDOWN ***
513387f0 collected $0.1 from pot
*** SUMMARY ***
Total pot $0.1 | Rake $0 | Jackpot $0 | Bingo $0 | Fortune $0 | Tax $0
Seat 1: Hero (big blind) folded before Flop
Seat 2: f65ebc68 folded before Flop (didn't bet)
Seat 3: cd2df66 folded before Flop (didn't bet)
Seat 4: d760a0fc folded before Flop (didn't bet)
Seat 5: 52d33f5b (button) folded before Flop (didn't bet)
Seat 6: 513387f0 (small blind) collected ($0.1)


Poker Hand #HD1721300168: Hold'em No Limit ($0.02/$0.05) - 2024/04/08 17:11:11
Table 'NLHBlue13' 6-max Seat #4 is the button
Seat 1: Hero ($5 in chips)
Seat 2: f65ebc68 ($5.77 in chips)
Seat 3: cd2df66 ($4.34 in chips)
Seat 4: d760a0fc ($5.61 in chips)
Seat 5: 52d33f5b ($9.25 in chips)
Seat 6: 513387f0 ($2.29 in chips)
52d33f5b: posts small blind $0.02
513387f0: posts big blind $0.05
*** HOLE CARDS ***
Dealt to Hero [7c 5s]
Dealt to f65ebc68 
Dealt to cd2df66 
Dealt to d760a0fc 
Dealt to 52d33f5b 
Dealt to 513387f0 
Hero: folds
f65ebc68: raises $0.05 to $0.1
cd2df66: raises $0.26 to $0.36
d760a0fc: folds
52d33f5b: folds
513387f0: folds
f65ebc68: calls $0.26
*** FLOP *** [2s Qc 9d]
f65ebc68: checks
cd2df66: bets $0.2
f65ebc68: calls $0.2
*** TURN *** [2s Qc 9d] [Td]
f65ebc68: checks
cd2df66: bets $0.6
f65ebc68: folds
Uncalled bet ($0.6) returned to cd2df66
*** SHOWDOWN ***
cd2df66 collected $1.13 from pot
*** SUMMARY ***
Total pot $1.19 | Rake $0.06 | Jackpot $0 | Bingo $0 | Fortune $0 | Tax $0
Board [2s Qc 9d Td]
Seat 1: Hero folded before Flop (didn't bet)
Seat 2: f65ebc68 folded on the Turn
Seat 3: cd2df66 won ($1.13)
Seat 4: d760a0fc (button) folded before Flop (didn't bet)
Seat 5: 52d33f5b (small blind) folded before Flop
Seat 6: 513387f0 (big blind) folded before Flop


Poker Hand #HD1721300133: Hold'em No Limit ($0.02/$0.05) - 2024/04/08 17:10:57
Table 'NLHBlue13' 6-max Seat #3 is the button
Seat 1: Hero ($5 in chips)
Seat 2: f65ebc68 ($5.77 in chips)
Seat 3: cd2df66 ($4.34 in chips)
Seat 4: d760a0fc ($5.63 in chips)
Seat 5: 52d33f5b ($9.3 in chips)
Seat 6: 513387f0 ($2.22 in chips)
d760a0fc: posts small blind $0.02
52d33f5b: posts big blind $0.05
*** HOLE CARDS ***
Dealt to Hero [6d 8c]
Dealt to f65ebc68 
Dealt to cd2df66 
Dealt to d760a0fc 
Dealt to 52d33f5b 
Dealt to 513387f0 
513387f0: raises $0.06 to $0.11
Hero: folds
f65ebc68: folds
cd2df66: folds
d760a0fc: folds
52d33f5b: folds
Uncalled bet ($0.06) returned to 513387f0
*** SHOWDOWN ***
513387f0 collected $0.12 from pot
*** SUMMARY ***
Total pot $0.12 | Rake $0 | Jackpot $0 | Bingo $0 | Fortune $0 | Tax $0
Seat 1: Hero folded before Flop (didn't bet)
Seat 2: f65ebc68 folded before Flop (didn't bet)
Seat 3: cd2df66 (button) folded before Flop (didn't bet)
Seat 4: d760a0fc (small blind) folded before Flop
Seat 5: 52d33f5b (big blind) folded before Flop
Seat 6: 513387f0 collected ($0.12)


Poker Hand #HD1721300106: Hold'em No Limit ($0.02/$0.05) - 2024/04/08 17:10:43
Table 'NLHBlue13' 6-max Seat #2 is the button
Seat 1: Hero ($5 in chips)
Seat 2: f65ebc68 ($5.77 in chips)
Seat 3: cd2df66 ($4.36 in chips)
Seat 4: d760a0fc ($5.61 in chips)
Seat 5: 52d33f5b ($9.3 in chips)
Seat 6: 513387f0 ($2.22 in chips)
cd2df66: posts small blind $0.02
d760a0fc: posts big blind $0.05
*** HOLE CARDS ***
Dealt to Hero [9h 7d]
Dealt to f65ebc68 
Dealt to cd2df66 
Dealt to d760a0fc 
Dealt to 52d33f5b 
Dealt to 513387f0 
52d33f5b: folds
513387f0: folds
Hero: folds
f65ebc68: folds
cd2df66: folds
Uncalled bet ($0.03) returned to d760a0fc
*** SHOWDOWN ***
d760a0fc collected $0.04 from pot
*** SUMMARY ***
Total pot $0.04 | Rake $0 | Jackpot $0 | Bingo $0 | Fortune $0 | Tax $0
Seat 1: Hero folded before Flop (didn't bet)
Seat 2: f65ebc68 (button) folded before Flop (didn't bet)
Seat 3: cd2df66 (small blind) folded before Flop
Seat 4: d760a0fc (big blind) collected ($0.04)
Seat 5: 52d33f5b folded before Flop (didn't bet)
Seat 6: 513387f0 folded before Flop (didn't bet)


Poker Hand #HD1721300074: Hold'em No Limit ($0.02/$0.05) - 2024/04/08 17:10:33
Table 'NLHBlue13' 6-max Seat #1 is the button
Seat 1: Hero ($5 in chips)
Seat 2: f65ebc68 ($5.79 in chips)
Seat 3: cd2df66 ($4.34 in chips)
Seat 4: d760a0fc ($5.61 in chips)
Seat 5: 52d33f5b ($9.3 in chips)
Seat 6: 513387f0 ($2.22 in chips)
f65ebc68: posts small blind $0.02
cd2df66: posts big blind $0.05
*** HOLE CARDS ***
Dealt to Hero [Qc 7c]
Dealt to f65ebc68 
Dealt to cd2df66 
Dealt to d760a0fc 
Dealt to 52d33f5b 
Dealt to 513387f0 
d760a0fc: folds
52d33f5b: folds
513387f0: folds
Hero: folds
f65ebc68: folds
Uncalled bet ($0.03) returned to cd2df66
*** SHOWDOWN ***
cd2df66 collected $0.04 from pot
*** SUMMARY ***
Total pot $0.04 | Rake $0 | Jackpot $0 | Bingo $0 | Fortune $0 | Tax $0
Seat 1: Hero (button) folded before Flop (didn't bet)
Seat 2: f65ebc68 (small blind) folded before Flop
Seat 3: cd2df66 (big blind) collected ($0.04)
Seat 4: d760a0fc folded before Flop (didn't bet)
Seat 5: 52d33f5b folded before Flop (didn't bet)
Seat 6: 513387f0 folded before Flop (didn't bet)


Poker Hand #HD1721300040: Hold'em No Limit ($0.02/$0.05) - 2024/04/08 17:10:21
Table 'NLHBlue13' 6-max Seat #6 is the button
Seat 1: Hero ($5 in chips)
Seat 2: f65ebc68 ($5.84 in chips)
Seat 3: cd2df66 ($4.34 in chips)
Seat 4: d760a0fc ($5.61 in chips)
Seat 5: 52d33f5b ($9.3 in chips)
Seat 6: 513387f0 ($2.15 in chips)
Hero: posts small blind $0.02
f65ebc68: posts big blind $0.05
*** HOLE CARDS ***
Dealt to Hero [6h 9d]
Dealt to f65ebc68 
Dealt to cd2df66 
Dealt to d760a0fc 
Dealt to 52d33f5b 
Dealt to 513387f0 
cd2df66: folds
d760a0fc: folds
52d33f5b: folds
513387f0: raises $0.08 to $0.13
Hero: folds
f65ebc68: folds
Uncalled bet ($0.08) returned to 513387f0
*** SHOWDOWN ***
513387f0 collected $0.12 from pot
*** SUMMARY ***
Total pot $0.12 | Rake $0 | Jackpot $0 | Bingo $0 | Fortune $0 | Tax $0
Seat 1: Hero (small blind) folded before Flop
Seat 2: f65ebc68 (big blind) folded before Flop
Seat 3: cd2df66 folded before Flop (didn't bet)
Seat 4: d760a0fc folded before Flop (didn't bet)
Seat 5: 52d33f5b folded before Flop (didn't bet)
Seat 6: 513387f0 (button) collected ($0.12)


Poker Hand #HD1721299983: Hold'em No Limit ($0.02/$0.05) - 2024/04/08 17:09:58
Table 'NLHBlue13' 6-max Seat #5 is the button
Seat 1: Hero ($5 in chips)
Seat 2: f65ebc68 ($5.77 in chips)
Seat 3: cd2df66 ($4.34 in chips)
Seat 4: d760a0fc ($5.61 in chips)
Seat 5: 52d33f5b ($9.3 in chips)
Seat 6: 513387f0 ($2.17 in chips)
513387f0: posts small blind $0.02
Hero: posts big blind $0.05
*** HOLE CARDS ***
Dealt to Hero [6h 7d]
Dealt to f65ebc68 
Dealt to cd2df66 
Dealt to d760a0fc 
Dealt to 52d33f5b 
Dealt to 513387f0 
f65ebc68: raises $0.05 to $0.1
cd2df66: folds
d760a0fc: folds
52d33f5b: folds
513387f0: folds
Hero: folds
Uncalled bet ($0.05) returned to f65ebc68
*** SHOWDOWN ***
f65ebc68 collected $0.12 from pot
*** SUMMARY ***
Total pot $0.12 | Rake $0 | Jackpot $0 | Bingo $0 | Fortune $0 | Tax $0
Seat 1: Hero (big blind) folded before Flop
Seat 2: f65ebc68 collected ($0.12)
Seat 3: cd2df66 folded before Flop (didn't bet)
Seat 4: d760a0fc folded before Flop (didn't bet)
Seat 5: 52d33f5b (button) folded before Flop (didn't bet)
Seat 6: 513387f0 (small blind) folded before Flop


Poker Hand #HD1721299876: Hold'em No Limit ($0.02/$0.05) - 2024/04/08 17:09:21
Table 'NLHBlue13' 6-max Seat #4 is the button
Seat 1: Hero ($5 in chips)
Seat 2: f65ebc68 ($6.27 in chips)
Seat 3: cd2df66 ($4.34 in chips)
Seat 4: d760a0fc ($5.09 in chips)
Seat 5: 52d33f5b ($9.32 in chips)
Seat 6: 513387f0 ($2.22 in chips)
52d33f5b: posts small blind $0.02
513387f0: posts big blind $0.05
*** HOLE CARDS ***
Dealt to Hero [8s 6d]
Dealt to f65ebc68 
Dealt to cd2df66 
Dealt to d760a0fc 
Dealt to 52d33f5b 
Dealt to 513387f0 
Hero: folds
f65ebc68: raises $0.05 to $0.1
cd2df66: folds
d760a0fc: raises $0.4 to $0.5
52d33f5b: folds
513387f0: folds
f65ebc68: calls $0.4
*** FLOP *** [Kh 3s 9d]
f65ebc68: checks
d760a0fc: bets $0.36
f65ebc68: folds
Uncalled bet ($0.36) returned to d760a0fc
*** SHOWDOWN ***
d760a0fc collected $1.02 from pot
*** SUMMARY ***
Total pot $1.07 | Rake $0.05 | Jackpot $0 | Bingo $0 | Fortune $0 | Tax $0
Board [Kh 3s 9d]
Seat 1: Hero folded before Flop (didn't bet)
Seat 2: f65ebc68 folded on the Flop
Seat 3: cd2df66 folded before Flop (didn't bet)
Seat 4: d760a0fc (button) won ($1.02)
Seat 5: 52d33f5b (small blind) folded before Flop
Seat 6: 513387f0 (big blind) folded before Flop


Poker Hand #HD1721299710: Hold'em No Limit ($0.02/$0.05) - 2024/04/08 17:08:09
Table 'NLHBlue13' 6-max Seat #3 is the button
Seat 1: Hero ($5 in chips)
Seat 2: f65ebc68 ($6.27 in chips)
Seat 3: cd2df66 ($4.02 in chips)
Seat 4: d760a0fc ($5.11 in chips)
Seat 5: 52d33f5b ($9.65 in chips)
Seat 6: 513387f0 ($2.22 in chips)
d760a0fc: posts small blind $0.02
52d33f5b: posts big blind $0.05
*** HOLE CARDS ***
Dealt to Hero [9s Jc]
Dealt to f65ebc68 
Dealt to cd2df66 
Dealt to d760a0fc 
Dealt to 52d33f5b 
Dealt to 513387f0 
513387f0: folds
Hero: folds
f65ebc68: folds
cd2df66: raises $0.06 to $0.11
d760a0fc: folds
52d33f5b: calls $0.06
*** FLOP *** [6s 4c 4d]
52d33f5b: bets $0.08
cd2df66: calls $0.08
*** TURN *** [6s 4c 4d] [3h]
52d33f5b: bets $0.14
cd2df66: calls $0.14
*** RIVER *** [6s 4c 4d 3h] [Js]
52d33f5b: checks
cd2df66: bets $0.9
52d33f5b: folds
Uncalled bet ($0.9) returned to cd2df66
*** SHOWDOWN ***
cd2df66 collected $0.65 from pot
*** SUMMARY ***
Total pot $0.68 | Rake $0.03 | Jackpot $0 | Bingo $0 | Fortune $0 | Tax $0
Board [6s 4c 4d 3h Js]
Seat 1: Hero folded before Flop (didn't bet)
Seat 2: f65ebc68 folded before Flop (didn't bet)
Seat 3: cd2df66 (button) won ($0.65)
Seat 4: d760a0fc (small blind) folded before Flop
Seat 5: 52d33f5b (big blind) folded on the River
Seat 6: 513387f0 folded before Flop (didn't bet)


Poker Hand #HD1721299616: Hold'em No Limit ($0.02/$0.05) - 2024/04/08 17:07:27
Table 'NLHBlue13' 6-max Seat #2 is the button
Seat 1: Hero ($5 in chips)
Seat 2: f65ebc68 ($6.99 in chips)
Seat 3: cd2df66 ($3.32 in chips)
Seat 4: d760a0fc ($5.16 in chips)
Seat 5: 52d33f5b ($9.65 in chips)
Seat 6: 513387f0 ($2.22 in chips)
cd2df66: posts small blind $0.02
d760a0fc: posts big blind $0.05
*** HOLE CARDS ***
Dealt to Hero [9h 6c]
Dealt to f65ebc68 
Dealt to cd2df66 
Dealt to d760a0fc 
Dealt to 52d33f5b 
Dealt to 513387f0 
52d33f5b: folds
513387f0: folds
Hero: folds
f65ebc68: raises $0.05 to $0.1
cd2df66: raises $0.3 to $0.4
d760a0fc: folds
f65ebc68: calls $0.3
*** FLOP *** [2c 6d 5c]
cd2df66: bets $0.32
f65ebc68: calls $0.32
*** TURN *** [2c 6d 5c] [9s]
cd2df66: bets $2.6 and is all-in
f65ebc68: folds
Uncalled bet ($2.6) returned to cd2df66
*** SHOWDOWN ***
cd2df66 collected $1.42 from pot
*** SUMMARY ***
Total pot $1.49 | Rake $0.07 | Jackpot $0 | Bingo $0 | Fortune $0 | Tax $0
Board [2c 6d 5c 9s]
Seat 1: Hero folded before Flop (didn't bet)
Seat 2: f65ebc68 (button) folded on the Turn
Seat 3: cd2df66 (small blind) won ($1.42)
Seat 4: d760a0fc (big blind) folded before Flop
Seat 5: 52d33f5b folded before Flop (didn't bet)
Seat 6: 513387f0 folded before Flop (didn't bet)


Poker Hand #HD1721299565: Hold'em No Limit ($0.02/$0.05) - 2024/04/08 17:07:01
Table 'NLHBlue13' 6-max Seat #1 is the button
Seat 1: Hero ($5 in chips)
Seat 2: f65ebc68 ($7.01 in chips)
Seat 3: cd2df66 ($3.47 in chips)
Seat 4: d760a0fc ($5 in chips)
Seat 5: 52d33f5b ($9.65 in chips)
Seat 6: 513387f0 ($2.22 in chips)
f65ebc68: posts small blind $0.02
cd2df66: posts big blind $0.05
*** HOLE CARDS ***
Dealt to Hero [7h 9s]
Dealt to f65ebc68 
Dealt to cd2df66 
Dealt to d760a0fc 
Dealt to 52d33f5b 
Dealt to 513387f0 
d760a0fc: raises $0.1 to $0.15
52d33f5b: folds
513387f0: folds
Hero: folds
f65ebc68: folds
cd2df66: calls $0.1
*** FLOP *** [Ah Jc 5c]
cd2df66: checks
d760a0fc: bets $0.14
cd2df66: folds
Uncalled bet ($0.14) returned to d760a0fc
*** SHOWDOWN ***
d760a0fc collected $0.31 from pot
*** SUMMARY ***
Total pot $0.32 | Rake $0.01 | Jackpot $0 | Bingo $0 | Fortune $0 | Tax $0
Board [Ah Jc 5c]
Seat 1: Hero (button) folded before Flop (didn't bet)
Seat 2: f65ebc68 (small blind) folded before Flop
Seat 3: cd2df66 (big blind) folded on the Flop
Seat 4: d760a0fc won ($0.31)
Seat 5: 52d33f5b folded before Flop (didn't bet)
Seat 6: 513387f0 folded before Flop (didn't bet)


Poker Hand #HD1721299440: Hold'em No Limit ($0.02/$0.05) - 2024/04/08 17:06:11
Table 'NLHBlue13' 6-max Seat #6 is the button
Seat 1: Hero ($5 in chips)
Seat 2: f65ebc68 ($7.22 in chips)
Seat 3: cd2df66 ($3.47 in chips)
Seat 4: d760a0fc ($5 in chips)
Seat 5: 52d33f5b ($9.44 in chips)
Seat 6: 513387f0 ($2.22 in chips)
Hero: posts small blind $0.02
f65ebc68: posts big blind $0.05
*** HOLE CARDS ***
Dealt to Hero [2h Qs]
Dealt to f65ebc68 
Dealt to cd2df66 
Dealt to d760a0fc 
Dealt to 52d33f5b 
Dealt to 513387f0 
cd2df66: folds
d760a0fc: folds
52d33f5b: raises $0.05 to $0.1
513387f0: folds
Hero: folds
f65ebc68: calls $0.05
*** FLOP *** [8s 5c 7d]
f65ebc68: bets $0.11
52d33f5b: calls $0.11
*** TURN *** [8s 5c 7d] [Js]
f65ebc68: checks
52d33f5b: checks
*** RIVER *** [8s 5c 7d Js] [3c]
f65ebc68: checks
52d33f5b: checks
f65ebc68: shows [4d As] (Ace-High)
52d33f5b: shows [Jh Ah] (Pair of Jacks)
*** SHOWDOWN ***
52d33f5b collected $0.42 from pot
*** SUMMARY ***
Total pot $0.44 | Rake $0.02 | Jackpot $0 | Bingo $0 | Fortune $0 | Tax $0
Board [8s 5c 7d Js 3c]
Seat 1: Hero (small blind) folded before Flop
Seat 2: f65ebc68 (big blind) showed [4d As] and lost with Ace-High
Seat 3: cd2df66 folded before Flop (didn't bet)
Seat 4: d760a0fc folded before Flop (didn't bet)
Seat 5: 52d33f5b showed [Jh Ah] and won ($0.42) with Pair of Jacks
Seat 6: 513387f0 (button) folded before Flop (didn't bet)


Poker Hand #HD1721299403: Hold'em No Limit ($0.02/$0.05) - 2024/04/08 17:05:59
Table 'NLHBlue13' 6-max Seat #5 is the button
Seat 1: Hero ($5 in chips)
Seat 2: f65ebc68 ($7.15 in chips)
Seat 3: cd2df66 ($3.47 in chips)
Seat 4: d760a0fc ($5 in chips)
Seat 5: 52d33f5b ($9.44 in chips)
Seat 6: 513387f0 ($2.24 in chips)
513387f0: posts small blind $0.02
Hero: posts big blind $0.05
*** HOLE CARDS ***
Dealt to Hero [2h Kc]
Dealt to f65ebc68 
Dealt to cd2df66 
Dealt to d760a0fc 
Dealt to 52d33f5b 
Dealt to 513387f0 
f65ebc68: raises $0.05 to $0.1
cd2df66: folds
d760a0fc: folds
52d33f5b: folds
513387f0: folds
Hero: folds
Uncalled bet ($0.05) returned to f65ebc68
*** SHOWDOWN ***
f65ebc68 collected $0.12 from pot
*** SUMMARY ***
Total pot $0.12 | Rake $0 | Jackpot $0 | Bingo $0 | Fortune $0 | Tax $0
Seat 1: Hero (big blind) folded before Flop
Seat 2: f65ebc68 collected ($0.12)
Seat 3: cd2df66 folded before Flop (didn't bet)
Seat 4: d760a0fc folded before Flop (didn't bet)
Seat 5: 52d33f5b (button) folded before Flop (didn't bet)
Seat 6: 513387f0 (small blind) folded before Flop


