Poker Hand #HD1789175443: Hold'em No Limit ($0.05/$0.1) - 2024/05/27 02:02:57
Table 'NLHRed36' 6-max Seat #3 is the button
Seat 3: df441842 ($11.88 in chips)
Seat 4: Hero ($21.52 in chips)
df441842: posts small blind $0.05
Hero: posts big blind $0.1
*** HOLE CARDS ***
Dealt to df441842 
Dealt to Hero [Td 7c]
df441842: folds
Uncalled bet ($0.05) returned to Hero
*** SHOWDOWN ***
Hero collected $0.1 from pot
*** SUMMARY ***
Total pot $0.1 | Rake $0 | Jackpot $0 | Bingo $0 | Fortune $0 | Tax $0
Seat 3: df441842 (small blind) folded before Flop
Seat 4: Hero (big blind) collected ($0.1)


Poker Hand #HD1789175438: Hold'em No Limit ($0.05/$0.1) - 2024/05/27 02:02:51
Table 'NLHRed36' 6-max Seat #4 is the button
Seat 3: df441842 ($11.83 in chips)
Seat 4: Hero ($21.57 in chips)
Hero: posts small blind $0.05
df441842: posts big blind $0.1
*** HOLE CARDS ***
Dealt to df441842 
Dealt to Hero [Tc 3d]
Hero: folds
Uncalled bet ($0.05) returned to df441842
*** SHOWDOWN ***
df441842 collected $0.1 from pot
*** SUMMARY ***
Total pot $0.1 | Rake $0 | Jackpot $0 | Bingo $0 | Fortune $0 | Tax $0
Seat 3: df441842 (big blind) collected ($0.1)
Seat 4: Hero (small blind) folded before Flop


Poker Hand #HD1789175427: Hold'em No Limit ($0.05/$0.1) - 2024/05/27 02:02:45
Table 'NLHRed36' 6-max Seat #3 is the button
Seat 3: df441842 ($11.88 in chips)
Seat 4: Hero ($21.52 in chips)
df441842: posts small blind $0.05
Hero: posts big blind $0.1
*** HOLE CARDS ***
Dealt to df441842 
Dealt to Hero [5h 3c]
df441842: folds
Uncalled bet ($0.05) returned to Hero
*** SHOWDOWN ***
Hero collected $0.1 from pot
*** SUMMARY ***
Total pot $0.1 | Rake $0 | Jackpot $0 | Bingo $0 | Fortune $0 | Tax $0
Seat 3: df441842 (small blind) folded before Flop
Seat 4: Hero (big blind) collected ($0.1)


Poker Hand #HD1789175376: Hold'em No Limit ($0.05/$0.1) - 2024/05/27 02:02:23
Table 'NLHRed36' 6-max Seat #2 is the button
Seat 1: 194f4b8c ($15.11 in chips)
Seat 2: e4e0040c ($29.33 in chips)
Seat 3: df441842 ($11.78 in chips)
Seat 4: Hero ($21.62 in chips)
df441842: posts small blind $0.05
Hero: posts big blind $0.1
*** HOLE CARDS ***
Dealt to 194f4b8c 
Dealt to e4e0040c 
Dealt to df441842 
Dealt to Hero [Js 3c]
194f4b8c: folds
e4e0040c: folds
df441842: raises $0.15 to $0.25
Hero: folds
Uncalled bet ($0.15) returned to df441842
*** SHOWDOWN ***
df441842 collected $0.2 from pot
*** SUMMARY ***
Total pot $0.2 | Rake $0 | Jackpot $0 | Bingo $0 | Fortune $0 | Tax $0
Seat 1: 194f4b8c folded before Flop (didn't bet)
Seat 2: e4e0040c (button) folded before Flop (didn't bet)
Seat 3: df441842 (small blind) collected ($0.2)
Seat 4: Hero (big blind) folded before Flop


Poker Hand #HD1789175350: Hold'em No Limit ($0.05/$0.1) - 2024/05/27 02:02:12
Table 'NLHRed36' 6-max Seat #1 is the button
Seat 1: 194f4b8c ($15.11 in chips)
Seat 2: e4e0040c ($29.38 in chips)
Seat 3: df441842 ($11.73 in chips)
Seat 4: Hero ($21.62 in chips)
e4e0040c: posts small blind $0.05
df441842: posts big blind $0.1
*** HOLE CARDS ***
Dealt to 194f4b8c 
Dealt to e4e0040c 
Dealt to df441842 
Dealt to Hero [Ah 3c]
Hero: folds
194f4b8c: folds
e4e0040c: folds
Uncalled bet ($0.05) returned to df441842
*** SHOWDOWN ***
df441842 collected $0.1 from pot
*** SUMMARY ***
Total pot $0.1 | Rake $0 | Jackpot $0 | Bingo $0 | Fortune $0 | Tax $0
Seat 1: 194f4b8c (button) folded before Flop (didn't bet)
Seat 2: e4e0040c (small blind) folded before Flop
Seat 3: df441842 (big blind) collected ($0.1)
Seat 4: Hero folded before Flop (didn't bet)


Poker Hand #HD1789175154: Hold'em No Limit ($0.05/$0.1) - 2024/05/27 02:00:22
Table 'NLHRed36' 6-max Seat #4 is the button
Seat 1: 194f4b8c ($15.11 in chips)
Seat 2: e4e0040c ($14.77 in chips)
Seat 3: df441842 ($11.73 in chips)
Seat 4: Hero ($21.62 in chips)
Seat 5: f8ec0703 ($4.83 in chips)
Seat 6: 22218cfc ($10.87 in chips)
f8ec0703: posts small blind $0.05
22218cfc: posts big blind $0.1
*** HOLE CARDS ***
Dealt to 194f4b8c 
Dealt to e4e0040c 
Dealt to df441842 
Dealt to Hero [4c 2c]
Dealt to f8ec0703 
Dealt to 22218cfc 
194f4b8c: folds
e4e0040c: raises $0.12 to $0.22
df441842: folds
Hero: folds
f8ec0703: calls $0.17
22218cfc: raises $0.66 to $0.88
e4e0040c: calls $0.66
f8ec0703: calls $0.66
*** FLOP *** [6h 2s Kd]
f8ec0703: checks
22218cfc: bets $1.06
e4e0040c: calls $1.06
f8ec0703: raises $2.89 to $3.95 and is all-in
22218cfc: calls $2.89
e4e0040c: raises $9.94 to $13.89 and is all-in
22218cfc: calls $6.04 and is all-in
Uncalled bet ($3.9) returned to e4e0040c
e4e0040c: shows [6c 6s] (Three Sixes)
f8ec0703: shows [Ks 3s] (Pair of Kings)
22218cfc: shows [Ad Kc] (Pair of Kings)
*** TURN *** [6h 2s Kd] [3h]
*** RIVER *** [6h 2s Kd 3h] [5s]
*** SHOWDOWN ***
e4e0040c collected $13.89 from pot
e4e0040c collected $11.59 from pot
*** SUMMARY ***
Total pot $26.57 | Rake $0.99 | Jackpot $0.1 | Bingo $0 | Fortune $0 | Tax $0
Board [6h 2s Kd 3h 5s]
Seat 1: 194f4b8c folded before Flop (didn't bet)
Seat 2: e4e0040c showed [6c 6s] and won ($25.48) with Three Sixes
Seat 3: df441842 folded before Flop (didn't bet)
Seat 4: Hero (button) folded before Flop (didn't bet)
Seat 5: f8ec0703 (small blind) showed [Ks 3s] and lost with Pair of Kings and Pair of Treys
Seat 6: 22218cfc (big blind) showed [Ad Kc] and lost with Pair of Kings


Poker Hand #HD1789175041: Hold'em No Limit ($0.05/$0.1) - 2024/05/27 01:59:27
Table 'NLHRed36' 6-max Seat #3 is the button
Seat 1: 194f4b8c ($15.11 in chips)
Seat 2: e4e0040c ($14.77 in chips)
Seat 3: df441842 ($10 in chips)
Seat 4: Hero ($21.67 in chips)
Seat 5: f8ec0703 ($6.8 in chips)
Seat 6: 22218cfc ($10.87 in chips)
Hero: posts small blind $0.05
f8ec0703: posts big blind $0.1
*** HOLE CARDS ***
Dealt to 194f4b8c 
Dealt to e4e0040c 
Dealt to df441842 
Dealt to Hero [Td 7s]
Dealt to f8ec0703 
Dealt to 22218cfc 
22218cfc: folds
194f4b8c: folds
e4e0040c: folds
df441842: raises $0.15 to $0.25
Hero: folds
f8ec0703: calls $0.15
*** FLOP *** [6c 2s 3c]
f8ec0703: checks
df441842: bets $0.16
f8ec0703: raises $0.36 to $0.52
df441842: calls $0.36
*** TURN *** [6c 2s 3c] [Ac]
f8ec0703: bets $1.2
df441842: raises $8.03 to $9.23 and is all-in
f8ec0703: folds
Uncalled bet ($8.03) returned to df441842
*** SHOWDOWN ***
df441842 collected $3.7 from pot
*** SUMMARY ***
Total pot $3.99 | Rake $0.19 | Jackpot $0.1 | Bingo $0 | Fortune $0 | Tax $0
Board [6c 2s 3c Ac]
Seat 1: 194f4b8c folded before Flop (didn't bet)
Seat 2: e4e0040c folded before Flop (didn't bet)
Seat 3: df441842 (button) won ($3.7)
Seat 4: Hero (small blind) folded before Flop
Seat 5: f8ec0703 (big blind) folded on the Turn
Seat 6: 22218cfc folded before Flop (didn't bet)


Poker Hand #HD1789174753: Hold'em No Limit ($0.05/$0.1) - 2024/05/27 01:56:59
Table 'NLHRed36' 6-max Seat #2 is the button
Seat 1: 194f4b8c ($15.11 in chips)
Seat 2: e4e0040c ($26.13 in chips)
Seat 3: df441842 ($10 in chips)
Seat 4: Hero ($11.36 in chips)
Seat 5: f8ec0703 ($6.8 in chips)
Seat 6: 22218cfc ($10.87 in chips)
df441842: posts small blind $0.05
Hero: posts big blind $0.1
*** HOLE CARDS ***
Dealt to 194f4b8c 
Dealt to e4e0040c 
Dealt to df441842 
Dealt to Hero [Ks Ah]
Dealt to f8ec0703 
Dealt to 22218cfc 
f8ec0703: folds
22218cfc: folds
194f4b8c: folds
e4e0040c: raises $0.15 to $0.25
df441842: folds
Hero: raises $0.85 to $1.1
e4e0040c: calls $0.85
*** FLOP *** [Kd 3h 6h]
Hero: bets $0.9
e4e0040c: calls $0.9
*** TURN *** [Kd 3h 6h] [5s]
Hero: bets $2.7
e4e0040c: calls $2.7
*** RIVER *** [Kd 3h 6h 5s] [6c]
Hero: bets $6.66 and is all-in
e4e0040c: calls $6.66
Hero: shows [Ks Ah] (Pair of Kings and Pair of Sixes)
e4e0040c: shows [9d 9s] (Pair of Nines and Pair of Sixes)
*** SHOWDOWN ***
Hero collected $21.67 from pot
*** SUMMARY ***
Total pot $22.77 | Rake $1 | Jackpot $0.1 | Bingo $0 | Fortune $0 | Tax $0
Board [Kd 3h 6h 5s 6c]
Seat 1: 194f4b8c folded before Flop (didn't bet)
Seat 2: e4e0040c (button) showed [9d 9s] and lost with Pair of Nines and Pair of Sixes
Seat 3: df441842 (small blind) folded before Flop
Seat 4: Hero (big blind) showed [Ks Ah] and won ($21.67) with Pair of Kings and Pair of Sixes
Seat 5: f8ec0703 folded before Flop (didn't bet)
Seat 6: 22218cfc folded before Flop (didn't bet)


Poker Hand #HD1789174696: Hold'em No Limit ($0.05/$0.1) - 2024/05/27 01:56:26
Table 'NLHRed36' 6-max Seat #1 is the button
Seat 1: 194f4b8c ($15.31 in chips)
Seat 2: e4e0040c ($25.85 in chips)
Seat 3: df441842 ($10.07 in chips)
Seat 4: Hero ($11.36 in chips)
Seat 5: f8ec0703 ($6.8 in chips)
Seat 6: 22218cfc ($10.87 in chips)
e4e0040c: posts small blind $0.05
df441842: posts big blind $0.1
*** HOLE CARDS ***
Dealt to 194f4b8c 
Dealt to e4e0040c 
Dealt to df441842 
Dealt to Hero [Tc 9s]
Dealt to f8ec0703 
Dealt to 22218cfc 
Hero: folds
f8ec0703: folds
22218cfc: folds
194f4b8c: raises $0.1 to $0.2
e4e0040c: raises $0.7 to $0.9
df441842: folds
194f4b8c: folds
Uncalled bet ($0.7) returned to e4e0040c
*** SHOWDOWN ***
e4e0040c collected $0.48 from pot
*** SUMMARY ***
Total pot $0.5 | Rake $0.02 | Jackpot $0 | Bingo $0 | Fortune $0 | Tax $0
Seat 1: 194f4b8c (button) folded before Flop
Seat 2: e4e0040c (small blind) collected ($0.48)
Seat 3: df441842 (big blind) folded before Flop
Seat 4: Hero folded before Flop (didn't bet)
Seat 5: f8ec0703 folded before Flop (didn't bet)
Seat 6: 22218cfc folded before Flop (didn't bet)


Poker Hand #HD1789174481: Hold'em No Limit ($0.05/$0.1) - 2024/05/27 01:54:43
Table 'NLHRed36' 6-max Seat #6 is the button
Seat 1: 194f4b8c ($15.36 in chips)
Seat 2: e4e0040c ($26.2 in chips)
Seat 3: df441842 ($10.07 in chips)
Seat 4: Hero ($11.36 in chips)
Seat 5: f8ec0703 ($6.43 in chips)
Seat 6: 22218cfc ($10.87 in chips)
194f4b8c: posts small blind $0.05
e4e0040c: posts big blind $0.1
*** HOLE CARDS ***
Dealt to 194f4b8c 
Dealt to e4e0040c 
Dealt to df441842 
Dealt to Hero [5h 7s]
Dealt to f8ec0703 
Dealt to 22218cfc 
df441842: folds
Hero: folds
f8ec0703: raises $0.1 to $0.2
22218cfc: folds
194f4b8c: folds
e4e0040c: calls $0.1
*** FLOP *** [Ad 6c 2h]
e4e0040c: checks
f8ec0703: checks
*** TURN *** [Ad 6c 2h] [Qc]
e4e0040c: bets $0.15
f8ec0703: calls $0.15
*** RIVER *** [Ad 6c 2h Qc] [9s]
e4e0040c: checks
f8ec0703: checks
e4e0040c: shows [7c Jc] (Ace-High)
f8ec0703: shows [8h 6s] (Pair of Sixes)
*** SHOWDOWN ***
f8ec0703 collected $0.72 from pot
*** SUMMARY ***
Total pot $0.75 | Rake $0.03 | Jackpot $0 | Bingo $0 | Fortune $0 | Tax $0
Board [Ad 6c 2h Qc 9s]
Seat 1: 194f4b8c (small blind) folded before Flop
Seat 2: e4e0040c (big blind) showed [7c Jc] and lost with Ace-High
Seat 3: df441842 folded before Flop (didn't bet)
Seat 4: Hero folded before Flop (didn't bet)
Seat 5: f8ec0703 showed [8h 6s] and won ($0.72) with Pair of Sixes
Seat 6: 22218cfc (button) folded before Flop (didn't bet)


Poker Hand #HD1789174392: Hold'em No Limit ($0.05/$0.1) - 2024/05/27 01:53:51
Table 'NLHRed36' 6-max Seat #5 is the button
Seat 1: 194f4b8c ($15.46 in chips)
Seat 2: e4e0040c ($27.08 in chips)
Seat 3: df441842 ($10.07 in chips)
Seat 4: Hero ($11.36 in chips)
Seat 5: f8ec0703 ($6.43 in chips)
Seat 6: 22218cfc ($10 in chips)
22218cfc: posts small blind $0.05
194f4b8c: posts big blind $0.1
*** HOLE CARDS ***
Dealt to 194f4b8c 
Dealt to e4e0040c 
Dealt to df441842 
Dealt to Hero [Ac 7c]
Dealt to f8ec0703 
Dealt to 22218cfc 
e4e0040c: raises $0.12 to $0.22
df441842: folds
Hero: folds
f8ec0703: folds
22218cfc: raises $0.66 to $0.88
194f4b8c: folds
e4e0040c: calls $0.66
*** FLOP *** [Qc 4h 2d]
22218cfc: bets $0.93
e4e0040c: folds
Uncalled bet ($0.93) returned to 22218cfc
*** SHOWDOWN ***
22218cfc collected $1.75 from pot
*** SUMMARY ***
Total pot $1.86 | Rake $0.11 | Jackpot $0 | Bingo $0 | Fortune $0 | Tax $0
Board [Qc 4h 2d]
Seat 1: 194f4b8c (big blind) folded before Flop
Seat 2: e4e0040c folded on the Flop
Seat 3: df441842 folded before Flop (didn't bet)
Seat 4: Hero folded before Flop (didn't bet)
Seat 5: f8ec0703 (button) folded before Flop (didn't bet)
Seat 6: 22218cfc (small blind) won ($1.75)


Poker Hand #HD1789174276: Hold'em No Limit ($0.05/$0.1) - 2024/05/27 01:52:53
Table 'NLHRed36' 6-max Seat #4 is the button
Seat 1: 194f4b8c ($15.46 in chips)
Seat 2: e4e0040c ($27.08 in chips)
Seat 3: df441842 ($10.29 in chips)
Seat 4: Hero ($11.36 in chips)
Seat 5: f8ec0703 ($6.02 in chips)
Seat 6: 22218cfc ($10 in chips)
f8ec0703: posts small blind $0.05
22218cfc: posts big blind $0.1
*** HOLE CARDS ***
Dealt to 194f4b8c 
Dealt to e4e0040c 
Dealt to df441842 
Dealt to Hero [Qc 3d]
Dealt to f8ec0703 
Dealt to 22218cfc 
194f4b8c: folds
e4e0040c: folds
df441842: raises $0.12 to $0.22
Hero: folds
f8ec0703: calls $0.17
22218cfc: calls $0.12
*** FLOP *** [Qd 6s 9s]
f8ec0703: checks
22218cfc: checks
df441842: checks
*** TURN *** [Qd 6s 9s] [8d]
f8ec0703: bets $0.5
22218cfc: folds
df441842: folds
Uncalled bet ($0.5) returned to f8ec0703
*** SHOWDOWN ***
f8ec0703 collected $0.63 from pot
*** SUMMARY ***
Total pot $0.66 | Rake $0.03 | Jackpot $0 | Bingo $0 | Fortune $0 | Tax $0
Board [Qd 6s 9s 8d]
Seat 1: 194f4b8c folded before Flop (didn't bet)
Seat 2: e4e0040c folded before Flop (didn't bet)
Seat 3: df441842 folded on the Turn
Seat 4: Hero (button) folded before Flop (didn't bet)
Seat 5: f8ec0703 (small blind) won ($0.63)
Seat 6: 22218cfc (big blind) folded on the Turn


Poker Hand #HD1789174229: Hold'em No Limit ($0.05/$0.1) - 2024/05/27 01:52:31
Table 'NLHRed36' 6-max Seat #3 is the button
Seat 1: 194f4b8c ($15.46 in chips)
Seat 2: e4e0040c ($26.93 in chips)
Seat 3: df441842 ($10.29 in chips)
Seat 4: Hero ($11.41 in chips)
Seat 5: f8ec0703 ($6.12 in chips)
Seat 6: 22218cfc ($10 in chips)
Hero: posts small blind $0.05
f8ec0703: posts big blind $0.1
*** HOLE CARDS ***
Dealt to 194f4b8c 
Dealt to e4e0040c 
Dealt to df441842 
Dealt to Hero [4d 5s]
Dealt to f8ec0703 
Dealt to 22218cfc 
22218cfc: folds
194f4b8c: folds
e4e0040c: raises $0.15 to $0.25
df441842: folds
Hero: folds
f8ec0703: folds
Uncalled bet ($0.15) returned to e4e0040c
*** SHOWDOWN ***
e4e0040c collected $0.25 from pot
*** SUMMARY ***
Total pot $0.25 | Rake $0 | Jackpot $0 | Bingo $0 | Fortune $0 | Tax $0
Seat 1: 194f4b8c folded before Flop (didn't bet)
Seat 2: e4e0040c collected ($0.25)
Seat 3: df441842 (button) folded before Flop (didn't bet)
Seat 4: Hero (small blind) folded before Flop
Seat 5: f8ec0703 (big blind) folded before Flop
Seat 6: 22218cfc folded before Flop (didn't bet)


Poker Hand #HD1789174209: Hold'em No Limit ($0.05/$0.1) - 2024/05/27 01:52:19
Table 'NLHRed36' 6-max Seat #2 is the button
Seat 1: 194f4b8c ($15.46 in chips)
Seat 2: e4e0040c ($26.93 in chips)
Seat 3: df441842 ($10.34 in chips)
Seat 4: Hero ($11.36 in chips)
Seat 5: f8ec0703 ($6.12 in chips)
Seat 6: 22218cfc ($10 in chips)
df441842: posts small blind $0.05
Hero: posts big blind $0.1
*** HOLE CARDS ***
Dealt to 194f4b8c 
Dealt to e4e0040c 
Dealt to df441842 
Dealt to Hero [Kd 5h]
Dealt to f8ec0703 
Dealt to 22218cfc 
f8ec0703: folds
22218cfc: folds
194f4b8c: folds
e4e0040c: folds
df441842: folds
Uncalled bet ($0.05) returned to Hero
*** SHOWDOWN ***
Hero collected $0.1 from pot
*** SUMMARY ***
Total pot $0.1 | Rake $0 | Jackpot $0 | Bingo $0 | Fortune $0 | Tax $0
Seat 1: 194f4b8c folded before Flop (didn't bet)
Seat 2: e4e0040c (button) folded before Flop (didn't bet)
Seat 3: df441842 (small blind) folded before Flop
Seat 4: Hero (big blind) collected ($0.1)
Seat 5: f8ec0703 folded before Flop (didn't bet)
Seat 6: 22218cfc folded before Flop (didn't bet)


Poker Hand #HD1789174133: Hold'em No Limit ($0.05/$0.1) - 2024/05/27 01:51:44
Table 'NLHRed36' 6-max Seat #1 is the button
Seat 1: 194f4b8c ($15.46 in chips)
Seat 2: e4e0040c ($26.98 in chips)
Seat 3: df441842 ($10.54 in chips)
Seat 4: Hero ($10.94 in chips)
Seat 5: f8ec0703 ($6.32 in chips)
Seat 6: 22218cfc ($10 in chips)
e4e0040c: posts small blind $0.05
df441842: posts big blind $0.1
*** HOLE CARDS ***
Dealt to 194f4b8c 
Dealt to e4e0040c 
Dealt to df441842 
Dealt to Hero [Ts Td]
Dealt to f8ec0703 
Dealt to 22218cfc 
Hero: raises $0.1 to $0.2
f8ec0703: calls $0.2
22218cfc: folds
194f4b8c: folds
e4e0040c: folds
df441842: calls $0.1
*** FLOP *** [5s 6s 9s]
df441842: checks
Hero: bets $0.3
f8ec0703: folds
df441842: folds
Uncalled bet ($0.3) returned to Hero
*** SHOWDOWN ***
Hero collected $0.62 from pot
*** SUMMARY ***
Total pot $0.65 | Rake $0.03 | Jackpot $0 | Bingo $0 | Fortune $0 | Tax $0
Board [5s 6s 9s]
Seat 1: 194f4b8c (button) folded before Flop (didn't bet)
Seat 2: e4e0040c (small blind) folded before Flop
Seat 3: df441842 (big blind) folded on the Flop
Seat 4: Hero won ($0.62)
Seat 5: f8ec0703 folded on the Flop
Seat 6: 22218cfc folded before Flop (didn't bet)


Poker Hand #HD1789174057: Hold'em No Limit ($0.05/$0.1) - 2024/05/27 01:51:02
Table 'NLHRed36' 6-max Seat #6 is the button
Seat 1: 194f4b8c ($15.51 in chips)
Seat 2: e4e0040c ($27.08 in chips)
Seat 3: df441842 ($10.54 in chips)
Seat 4: Hero ($11.33 in chips)
Seat 5: f8ec0703 ($5.82 in chips)
Seat 6: 22218cfc ($10 in chips)
194f4b8c: posts small blind $0.05
e4e0040c: posts big blind $0.1
*** HOLE CARDS ***
Dealt to 194f4b8c 
Dealt to e4e0040c 
Dealt to df441842 
Dealt to Hero [Ac Th]
Dealt to f8ec0703 
Dealt to 22218cfc 
df441842: folds
Hero: raises $0.1 to $0.2
f8ec0703: calls $0.2
22218cfc: folds
194f4b8c: folds
e4e0040c: folds
*** FLOP *** [4h Qs 2c]
Hero: checks
f8ec0703: bets $0.19
Hero: calls $0.19
*** TURN *** [4h Qs 2c] [6d]
Hero: checks
f8ec0703: bets $0.47
Hero: folds
Uncalled bet ($0.47) returned to f8ec0703
*** SHOWDOWN ***
f8ec0703 collected $0.89 from pot
*** SUMMARY ***
Total pot $0.93 | Rake $0.04 | Jackpot $0 | Bingo $0 | Fortune $0 | Tax $0
Board [4h Qs 2c 6d]
Seat 1: 194f4b8c (small blind) folded before Flop
Seat 2: e4e0040c (big blind) folded before Flop
Seat 3: df441842 folded before Flop (didn't bet)
Seat 4: Hero folded on the Turn
Seat 5: f8ec0703 won ($0.89)
Seat 6: 22218cfc (button) folded before Flop (didn't bet)


Poker Hand #HD1789173947: Hold'em No Limit ($0.05/$0.1) - 2024/05/27 01:49:59
Table 'NLHRed36' 6-max Seat #5 is the button
Seat 1: 194f4b8c ($15.61 in chips)
Seat 2: e4e0040c ($27.78 in chips)
Seat 3: df441842 ($10.54 in chips)
Seat 4: Hero ($10.55 in chips)
Seat 5: f8ec0703 ($5.82 in chips)
Seat 6: 22218cfc ($10.05 in chips)
22218cfc: posts small blind $0.05
194f4b8c: posts big blind $0.1
*** HOLE CARDS ***
Dealt to 194f4b8c 
Dealt to e4e0040c 
Dealt to df441842 
Dealt to Hero [Qc Kd]
Dealt to f8ec0703 
Dealt to 22218cfc 
e4e0040c: raises $0.12 to $0.22
df441842: folds
Hero: raises $0.48 to $0.7
f8ec0703: folds
22218cfc: folds
194f4b8c: folds
e4e0040c: calls $0.48
*** FLOP *** [Td 9s Jc]
e4e0040c: checks
Hero: bets $1.03
e4e0040c: folds
Uncalled bet ($1.03) returned to Hero
*** SHOWDOWN ***
Hero collected $1.48 from pot
*** SUMMARY ***
Total pot $1.55 | Rake $0.07 | Jackpot $0 | Bingo $0 | Fortune $0 | Tax $0
Board [Td 9s Jc]
Seat 1: 194f4b8c (big blind) folded before Flop
Seat 2: e4e0040c folded on the Flop
Seat 3: df441842 folded before Flop (didn't bet)
Seat 4: Hero won ($1.48)
Seat 5: f8ec0703 (button) folded before Flop (didn't bet)
Seat 6: 22218cfc (small blind) folded before Flop


Poker Hand #HD1789173914: Hold'em No Limit ($0.05/$0.1) - 2024/05/27 01:49:40
Table 'NLHRed36' 6-max Seat #4 is the button
Seat 1: 194f4b8c ($15.61 in chips)
Seat 2: e4e0040c ($27.63 in chips)
Seat 3: df441842 ($10.54 in chips)
Seat 4: Hero ($10.55 in chips)
Seat 5: f8ec0703 ($5.87 in chips)
Seat 6: 22218cfc ($10.15 in chips)
f8ec0703: posts small blind $0.05
22218cfc: posts big blind $0.1
*** HOLE CARDS ***
Dealt to 194f4b8c 
Dealt to e4e0040c 
Dealt to df441842 
Dealt to Hero [4d 3d]
Dealt to f8ec0703 
Dealt to 22218cfc 
194f4b8c: folds
e4e0040c: raises $0.12 to $0.22
df441842: folds
Hero: folds
f8ec0703: folds
22218cfc: folds
Uncalled bet ($0.12) returned to e4e0040c
*** SHOWDOWN ***
e4e0040c collected $0.25 from pot
*** SUMMARY ***
Total pot $0.25 | Rake $0 | Jackpot $0 | Bingo $0 | Fortune $0 | Tax $0
Seat 1: 194f4b8c folded before Flop (didn't bet)
Seat 2: e4e0040c collected ($0.25)
Seat 3: df441842 folded before Flop (didn't bet)
Seat 4: Hero (button) folded before Flop (didn't bet)
Seat 5: f8ec0703 (small blind) folded before Flop
Seat 6: 22218cfc (big blind) folded before Flop


Poker Hand #HD1789173853: Hold'em No Limit ($0.05/$0.1) - 2024/05/27 01:49:03
Table 'NLHRed36' 6-max Seat #3 is the button
Seat 1: 194f4b8c ($16.01 in chips)
Seat 2: e4e0040c ($27.63 in chips)
Seat 3: df441842 ($10.54 in chips)
Seat 4: Hero ($10 in chips)
Seat 5: f8ec0703 ($6.07 in chips)
Seat 6: 22218cfc ($10.15 in chips)
Hero: posts small blind $0.05
f8ec0703: posts big blind $0.1
*** HOLE CARDS ***
Dealt to 194f4b8c 
Dealt to e4e0040c 
Dealt to df441842 
Dealt to Hero [Kh Jd]
Dealt to f8ec0703 
Dealt to 22218cfc 
22218cfc: folds
194f4b8c: raises $0.1 to $0.2
e4e0040c: folds
df441842: folds
Hero: calls $0.15
f8ec0703: calls $0.1
*** FLOP *** [8h 5h 3h]
Hero: checks
f8ec0703: checks
194f4b8c: bets $0.2
Hero: raises $0.5 to $0.7
f8ec0703: folds
194f4b8c: folds
Uncalled bet ($0.5) returned to Hero
*** SHOWDOWN ***
Hero collected $0.95 from pot
*** SUMMARY ***
Total pot $1 | Rake $0.05 | Jackpot $0 | Bingo $0 | Fortune $0 | Tax $0
Board [8h 5h 3h]
Seat 1: 194f4b8c folded on the Flop
Seat 2: e4e0040c folded before Flop (didn't bet)
Seat 3: df441842 (button) folded before Flop (didn't bet)
Seat 4: Hero (small blind) won ($0.95)
Seat 5: f8ec0703 (big blind) folded on the Flop
Seat 6: 22218cfc folded before Flop (didn't bet)


Poker Hand #HD1789173823: Hold'em No Limit ($0.05/$0.1) - 2024/05/27 01:48:48
Table 'NLHRed36' 6-max Seat #2 is the button
Seat 1: 194f4b8c ($16.01 in chips)
Seat 2: e4e0040c ($27.63 in chips)
Seat 3: df441842 ($10.59 in chips)
Seat 4: Hero ($10 in chips)
Seat 5: f8ec0703 ($6.07 in chips)
Seat 6: 22218cfc ($10 in chips)
df441842: posts small blind $0.05
Hero: posts big blind $0.1
*** HOLE CARDS ***
Dealt to 194f4b8c 
Dealt to e4e0040c 
Dealt to df441842 
Dealt to Hero [Qd 6h]
Dealt to f8ec0703 
Dealt to 22218cfc 
f8ec0703: folds
22218cfc: raises $0.2 to $0.3
194f4b8c: folds
e4e0040c: folds
df441842: folds
Hero: folds
Uncalled bet ($0.2) returned to 22218cfc
*** SHOWDOWN ***
22218cfc collected $0.25 from pot
*** SUMMARY ***
Total pot $0.25 | Rake $0 | Jackpot $0 | Bingo $0 | Fortune $0 | Tax $0
Seat 1: 194f4b8c folded before Flop (didn't bet)
Seat 2: e4e0040c (button) folded before Flop (didn't bet)
Seat 3: df441842 (small blind) folded before Flop
Seat 4: Hero (big blind) folded before Flop
Seat 5: f8ec0703 folded before Flop (didn't bet)
Seat 6: 22218cfc collected ($0.25)


Poker Hand #HD1789173782: Hold'em No Limit ($0.05/$0.1) - 2024/05/27 01:48:32
Table 'NLHRed36' 6-max Seat #1 is the button
Seat 1: 194f4b8c ($15.86 in chips)
Seat 2: e4e0040c ($27.68 in chips)
Seat 3: df441842 ($10.69 in chips)
Seat 4: Hero ($10 in chips)
Seat 5: f8ec0703 ($6.07 in chips)
Seat 6: 22218cfc ($10 in chips)
e4e0040c: posts small blind $0.05
df441842: posts big blind $0.1
*** HOLE CARDS ***
Dealt to 194f4b8c 
Dealt to e4e0040c 
Dealt to df441842 
Dealt to Hero [3d Tc]
Dealt to f8ec0703 
Dealt to 22218cfc 
Hero: folds
f8ec0703: folds
22218cfc: folds
194f4b8c: raises $0.1 to $0.2
e4e0040c: folds
df441842: folds
Uncalled bet ($0.1) returned to 194f4b8c
*** SHOWDOWN ***
194f4b8c collected $0.25 from pot
*** SUMMARY ***
Total pot $0.25 | Rake $0 | Jackpot $0 | Bingo $0 | Fortune $0 | Tax $0
Seat 1: 194f4b8c (button) collected ($0.25)
Seat 2: e4e0040c (small blind) folded before Flop
Seat 3: df441842 (big blind) folded before Flop
Seat 4: Hero folded before Flop (didn't bet)
Seat 5: f8ec0703 folded before Flop (didn't bet)
Seat 6: 22218cfc folded before Flop (didn't bet)


Poker Hand #HD1789173717: Hold'em No Limit ($0.05/$0.1) - 2024/05/27 01:48:00
Table 'NLHRed36' 6-max Seat #6 is the button
Seat 1: 194f4b8c ($15.54 in chips)
Seat 2: e4e0040c ($27.78 in chips)
Seat 3: df441842 ($10.69 in chips)
Seat 4: Hero ($10 in chips)
Seat 5: f8ec0703 ($6.07 in chips)
Seat 6: 22218cfc ($10 in chips)
194f4b8c: posts small blind $0.05
e4e0040c: posts big blind $0.1
*** HOLE CARDS ***
Dealt to 194f4b8c 
Dealt to e4e0040c 
Dealt to df441842 
Dealt to Hero [Jd 2s]
Dealt to f8ec0703 
Dealt to 22218cfc 
df441842: folds
Hero: folds
f8ec0703: folds
22218cfc: raises $0.14 to $0.24
194f4b8c: raises $0.68 to $0.92
e4e0040c: folds
22218cfc: folds
Uncalled bet ($0.68) returned to 194f4b8c
*** SHOWDOWN ***
194f4b8c collected $0.56 from pot
*** SUMMARY ***
Total pot $0.58 | Rake $0.02 | Jackpot $0 | Bingo $0 | Fortune $0 | Tax $0
Seat 1: 194f4b8c (small blind) collected ($0.56)
Seat 2: e4e0040c (big blind) folded before Flop
Seat 3: df441842 folded before Flop (didn't bet)
Seat 4: Hero folded before Flop (didn't bet)
Seat 5: f8ec0703 folded before Flop (didn't bet)
Seat 6: 22218cfc (button) folded before Flop


Poker Hand #HD1789173646: Hold'em No Limit ($0.05/$0.1) - 2024/05/27 01:47:20
Table 'NLHRed36' 6-max Seat #5 is the button
Seat 1: 194f4b8c ($15.64 in chips)
Seat 2: e4e0040c ($28 in chips)
Seat 3: df441842 ($10.69 in chips)
Seat 4: Hero ($10 in chips)
Seat 5: f8ec0703 ($5.56 in chips)
Seat 6: 22218cfc ($10 in chips)
22218cfc: posts small blind $0.05
194f4b8c: posts big blind $0.1
*** HOLE CARDS ***
Dealt to 194f4b8c 
Dealt to e4e0040c 
Dealt to df441842 
Dealt to Hero [Td Qd]
Dealt to f8ec0703 
Dealt to 22218cfc 
e4e0040c: raises $0.12 to $0.22
df441842: folds
Hero: folds
f8ec0703: calls $0.22
22218cfc: calls $0.17
194f4b8c: folds
*** FLOP *** [6c 5d Jd]
22218cfc: checks
e4e0040c: checks
f8ec0703: bets $0.38
22218cfc: folds
e4e0040c: folds
Uncalled bet ($0.38) returned to f8ec0703
*** SHOWDOWN ***
f8ec0703 collected $0.73 from pot
*** SUMMARY ***
Total pot $0.76 | Rake $0.03 | Jackpot $0 | Bingo $0 | Fortune $0 | Tax $0
Board [6c 5d Jd]
Seat 1: 194f4b8c (big blind) folded before Flop
Seat 2: e4e0040c folded on the Flop
Seat 3: df441842 folded before Flop (didn't bet)
Seat 4: Hero folded before Flop (didn't bet)
Seat 5: f8ec0703 (button) won ($0.73)
Seat 6: 22218cfc (small blind) folded on the Flop


Poker Hand #HD1789173602: Hold'em No Limit ($0.05/$0.1) - 2024/05/27 01:46:53
Table 'NLHRed36' 6-max Seat #4 is the button
Seat 1: 194f4b8c ($15.64 in chips)
Seat 2: e4e0040c ($27.85 in chips)
Seat 3: df441842 ($10.69 in chips)
Seat 4: Hero ($10 in chips)
Seat 5: f8ec0703 ($5.61 in chips)
Seat 6: 22218cfc ($10 in chips)
f8ec0703: posts small blind $0.05
22218cfc: posts big blind $0.1
*** HOLE CARDS ***
Dealt to 194f4b8c 
Dealt to e4e0040c 
Dealt to df441842 
Dealt to Hero [Kh 6h]
Dealt to f8ec0703 
Dealt to 22218cfc 
194f4b8c: folds
e4e0040c: raises $0.12 to $0.22
df441842: folds
Hero: folds
f8ec0703: folds
22218cfc: folds
Uncalled bet ($0.12) returned to e4e0040c
*** SHOWDOWN ***
e4e0040c collected $0.25 from pot
*** SUMMARY ***
Total pot $0.25 | Rake $0 | Jackpot $0 | Bingo $0 | Fortune $0 | Tax $0
Seat 1: 194f4b8c folded before Flop (didn't bet)
Seat 2: e4e0040c collected ($0.25)
Seat 3: df441842 folded before Flop (didn't bet)
Seat 4: Hero (button) folded before Flop (didn't bet)
Seat 5: f8ec0703 (small blind) folded before Flop
Seat 6: 22218cfc (big blind) folded before Flop


Poker Hand #HD1789173461: Hold'em No Limit ($0.05/$0.1) - 2024/05/27 01:45:40
Table 'NLHRed36' 6-max Seat #3 is the button
Seat 1: 194f4b8c ($15.64 in chips)
Seat 2: e4e0040c ($27.85 in chips)
Seat 3: df441842 ($10.69 in chips)
Seat 4: Hero ($10 in chips)
Seat 5: f8ec0703 ($4.24 in chips)
Seat 6: 22218cfc ($10 in chips)
Hero: posts small blind $0.05
f8ec0703: posts big blind $0.1
*** HOLE CARDS ***
Dealt to 194f4b8c 
Dealt to e4e0040c 
Dealt to df441842 
Dealt to Hero [Ac Kd]
Dealt to f8ec0703 
Dealt to 22218cfc 
22218cfc: raises $0.2 to $0.3
194f4b8c: folds
e4e0040c: folds
df441842: folds
Hero: raises $0.9 to $1.2
f8ec0703: calls $1.1
22218cfc: folds
*** FLOP *** [6d 3s 2d]
Hero: checks
f8ec0703: checks
*** TURN *** [6d 3s 2d] [Tc]
Hero: checks
f8ec0703: bets $1.35
Hero: folds
Uncalled bet ($1.35) returned to f8ec0703
*** SHOWDOWN ***
f8ec0703 collected $2.57 from pot
*** SUMMARY ***
Total pot $2.7 | Rake $0.13 | Jackpot $0 | Bingo $0 | Fortune $0 | Tax $0
Board [6d 3s 2d Tc]
Seat 1: 194f4b8c folded before Flop (didn't bet)
Seat 2: e4e0040c folded before Flop (didn't bet)
Seat 3: df441842 (button) folded before Flop (didn't bet)
Seat 4: Hero (small blind) folded on the Turn
Seat 5: f8ec0703 (big blind) won ($2.57)
Seat 6: 22218cfc folded before Flop


Poker Hand #HD1789173363: Hold'em No Limit ($0.05/$0.1) - 2024/05/27 01:44:45
Table 'NLHRed36' 6-max Seat #2 is the button
Seat 1: 194f4b8c ($15.49 in chips)
Seat 2: e4e0040c ($27.85 in chips)
Seat 3: df441842 ($10.74 in chips)
Seat 4: Hero ($10 in chips)
Seat 5: f8ec0703 ($4.24 in chips)
Seat 6: 22218cfc ($10 in chips)
df441842: posts small blind $0.05
Hero: posts big blind $0.1
*** HOLE CARDS ***
Dealt to 194f4b8c 
Dealt to e4e0040c 
Dealt to df441842 
Dealt to Hero [4h 8s]
Dealt to f8ec0703 
Dealt to 22218cfc 
f8ec0703: folds
22218cfc: folds
194f4b8c: raises $0.15 to $0.25
e4e0040c: folds
df441842: folds
Hero: folds
Uncalled bet ($0.15) returned to 194f4b8c
*** SHOWDOWN ***
194f4b8c collected $0.25 from pot
*** SUMMARY ***
Total pot $0.25 | Rake $0 | Jackpot $0 | Bingo $0 | Fortune $0 | Tax $0
Seat 1: 194f4b8c collected ($0.25)
Seat 2: e4e0040c (button) folded before Flop (didn't bet)
Seat 3: df441842 (small blind) folded before Flop
Seat 4: Hero (big blind) folded before Flop
Seat 5: f8ec0703 folded before Flop (didn't bet)
Seat 6: 22218cfc folded before Flop (didn't bet)


Poker Hand #HD1789173333: Hold'em No Limit ($0.05/$0.1) - 2024/05/27 01:44:28
Table 'NLHRed36' 6-max Seat #1 is the button
Seat 1: 194f4b8c ($15.49 in chips)
Seat 2: e4e0040c ($27.9 in chips)
Seat 3: df441842 ($10.84 in chips)
Seat 4: Hero ($10 in chips)
Seat 5: f8ec0703 ($4.09 in chips)
Seat 6: 22218cfc ($10 in chips)
e4e0040c: posts small blind $0.05
df441842: posts big blind $0.1
*** HOLE CARDS ***
Dealt to 194f4b8c 
Dealt to e4e0040c 
Dealt to df441842 
Dealt to Hero [3h 6c]
Dealt to f8ec0703 
Dealt to 22218cfc 
Hero: folds
f8ec0703: raises $0.1 to $0.2
22218cfc: folds
194f4b8c: folds
e4e0040c: folds
df441842: folds
Uncalled bet ($0.1) returned to f8ec0703
*** SHOWDOWN ***
f8ec0703 collected $0.25 from pot
*** SUMMARY ***
Total pot $0.25 | Rake $0 | Jackpot $0 | Bingo $0 | Fortune $0 | Tax $0
Seat 1: 194f4b8c (button) folded before Flop (didn't bet)
Seat 2: e4e0040c (small blind) folded before Flop
Seat 3: df441842 (big blind) folded before Flop
Seat 4: Hero folded before Flop (didn't bet)
Seat 5: f8ec0703 collected ($0.25)
Seat 6: 22218cfc folded before Flop (didn't bet)


Poker Hand #HD1789173307: Hold'em No Limit ($0.05/$0.1) - 2024/05/27 01:44:12
Table 'NLHRed36' 6-max Seat #6 is the button
Seat 1: 194f4b8c ($15.39 in chips)
Seat 2: e4e0040c ($28 in chips)
Seat 3: df441842 ($10.84 in chips)
Seat 4: Hero ($10 in chips)
Seat 5: f8ec0703 ($4.09 in chips)
Seat 6: 22218cfc ($10 in chips)
194f4b8c: posts small blind $0.05
e4e0040c: posts big blind $0.1
*** HOLE CARDS ***
Dealt to 194f4b8c 
Dealt to e4e0040c 
Dealt to df441842 
Dealt to Hero [5d Jh]
Dealt to f8ec0703 
Dealt to 22218cfc 
df441842: folds
Hero: folds
f8ec0703: folds
22218cfc: folds
194f4b8c: raises $0.15 to $0.25
e4e0040c: folds
Uncalled bet ($0.15) returned to 194f4b8c
*** SHOWDOWN ***
194f4b8c collected $0.2 from pot
*** SUMMARY ***
Total pot $0.2 | Rake $0 | Jackpot $0 | Bingo $0 | Fortune $0 | Tax $0
Seat 1: 194f4b8c (small blind) collected ($0.2)
Seat 2: e4e0040c (big blind) folded before Flop
Seat 3: df441842 folded before Flop (didn't bet)
Seat 4: Hero folded before Flop (didn't bet)
Seat 5: f8ec0703 folded before Flop (didn't bet)
Seat 6: 22218cfc (button) folded before Flop (didn't bet)


Poker Hand #HD1789173216: Hold'em No Limit ($0.05/$0.1) - 2024/05/27 01:43:26
Table 'NLHRed36' 6-max Seat #5 is the button
Seat 1: 194f4b8c ($15.07 in chips)
Seat 2: e4e0040c ($28 in chips)
Seat 3: df441842 ($10.84 in chips)
Seat 4: Hero ($10 in chips)
Seat 5: f8ec0703 ($4.39 in chips)
Seat 6: 22218cfc ($10 in chips)
22218cfc: posts small blind $0.05
194f4b8c: posts big blind $0.1
*** HOLE CARDS ***
Dealt to 194f4b8c 
Dealt to e4e0040c 
Dealt to df441842 
Dealt to Hero [4c 5s]
Dealt to f8ec0703 
Dealt to 22218cfc 
e4e0040c: folds
df441842: folds
Hero: folds
f8ec0703: raises $0.2 to $0.3
22218cfc: folds
194f4b8c: calls $0.2
*** FLOP *** [8h Td 3d]
194f4b8c: checks
f8ec0703: checks
*** TURN *** [8h Td 3d] [4s]
194f4b8c: checks
f8ec0703: checks
*** RIVER *** [8h Td 3d 4s] [Tc]
194f4b8c: checks
f8ec0703: checks
194f4b8c: shows [9s As] (Pair of Tens)
f8ec0703: shows [2c Qc] (Pair of Tens)
*** SHOWDOWN ***
194f4b8c collected $0.62 from pot
*** SUMMARY ***
Total pot $0.65 | Rake $0.03 | Jackpot $0 | Bingo $0 | Fortune $0 | Tax $0
Board [8h Td 3d 4s Tc]
Seat 1: 194f4b8c (big blind) showed [9s As] and won ($0.62) with Pair of Tens
Seat 2: e4e0040c folded before Flop (didn't bet)
Seat 3: df441842 folded before Flop (didn't bet)
Seat 4: Hero folded before Flop (didn't bet)
Seat 5: f8ec0703 (button) showed [2c Qc] and lost with Pair of Tens
Seat 6: 22218cfc (small blind) folded before Flop


Poker Hand #HD1789173191: Hold'em No Limit ($0.05/$0.1) - 2024/05/27 01:43:11
Table 'NLHRed36' 6-max Seat #4 is the button
Seat 1: 194f4b8c ($15.07 in chips)
Seat 2: e4e0040c ($27.85 in chips)
Seat 3: df441842 ($10.84 in chips)
Seat 4: Hero ($10 in chips)
Seat 5: f8ec0703 ($4.44 in chips)
Seat 6: 22218cfc ($10 in chips)
f8ec0703: posts small blind $0.05
22218cfc: posts big blind $0.1
*** HOLE CARDS ***
Dealt to 194f4b8c 
Dealt to e4e0040c 
Dealt to df441842 
Dealt to Hero [Ts 3c]
Dealt to f8ec0703 
Dealt to 22218cfc 
194f4b8c: folds
e4e0040c: raises $0.12 to $0.22
df441842: folds
Hero: folds
f8ec0703: folds
22218cfc: folds
Uncalled bet ($0.12) returned to e4e0040c
*** SHOWDOWN ***
e4e0040c collected $0.25 from pot
*** SUMMARY ***
Total pot $0.25 | Rake $0 | Jackpot $0 | Bingo $0 | Fortune $0 | Tax $0
Seat 1: 194f4b8c folded before Flop (didn't bet)
Seat 2: e4e0040c collected ($0.25)
Seat 3: df441842 folded before Flop (didn't bet)
Seat 4: Hero (button) folded before Flop (didn't bet)
Seat 5: f8ec0703 (small blind) folded before Flop
Seat 6: 22218cfc (big blind) folded before Flop


Poker Hand #HD1789173120: Hold'em No Limit ($0.05/$0.1) - 2024/05/27 01:42:30
Table 'NLHRed36' 6-max Seat #3 is the button
Seat 1: 194f4b8c ($15.07 in chips)
Seat 2: e4e0040c ($28.28 in chips)
Seat 3: df441842 ($10.84 in chips)
Seat 4: Hero ($10.05 in chips)
Seat 5: f8ec0703 ($4 in chips)
Seat 6: 22218cfc ($10 in chips)
Hero: posts small blind $0.05
f8ec0703: posts big blind $0.1
*** HOLE CARDS ***
Dealt to 194f4b8c 
Dealt to e4e0040c 
Dealt to df441842 
Dealt to Hero [4c 4s]
Dealt to f8ec0703 
Dealt to 22218cfc 
22218cfc: folds
194f4b8c: folds
e4e0040c: raises $0.15 to $0.25
df441842: folds
Hero: folds
f8ec0703: calls $0.15
*** FLOP *** [Qd 7d Qs]
f8ec0703: checks
e4e0040c: bets $0.18
f8ec0703: raises $3.57 to $3.75 and is all-in
e4e0040c: folds
Uncalled bet ($3.57) returned to f8ec0703
*** SHOWDOWN ***
f8ec0703 collected $0.87 from pot
*** SUMMARY ***
Total pot $0.91 | Rake $0.04 | Jackpot $0 | Bingo $0 | Fortune $0 | Tax $0
Board [Qd 7d Qs]
Seat 1: 194f4b8c folded before Flop (didn't bet)
Seat 2: e4e0040c folded on the Flop
Seat 3: df441842 (button) folded before Flop (didn't bet)
Seat 4: Hero (small blind) folded before Flop
Seat 5: f8ec0703 (big blind) won ($0.87)
Seat 6: 22218cfc folded before Flop (didn't bet)


Poker Hand #HD1789172936: Hold'em No Limit ($0.05/$0.1) - 2024/05/27 01:40:48
Table 'NLHRed36' 6-max Seat #2 is the button
Seat 1: 194f4b8c ($10 in chips)
Seat 2: e4e0040c ($28.28 in chips)
Seat 3: df441842 ($10.89 in chips)
Seat 4: Hero ($10.15 in chips)
Seat 5: f8ec0703 ($9.58 in chips)
Seat 6: 22218cfc ($10 in chips)
df441842: posts small blind $0.05
Hero: posts big blind $0.1
*** HOLE CARDS ***
Dealt to 194f4b8c 
Dealt to e4e0040c 
Dealt to df441842 
Dealt to Hero [5c Ts]
Dealt to f8ec0703 
Dealt to 22218cfc 
f8ec0703: raises $0.1 to $0.2
22218cfc: folds
194f4b8c: calls $0.2
e4e0040c: folds
df441842: folds
Hero: folds
*** FLOP *** [Ac 7c 9s]
f8ec0703: bets $0.28
194f4b8c: raises $0.37 to $0.65
f8ec0703: calls $0.37
*** TURN *** [Ac 7c 9s] [4d]
f8ec0703: checks
194f4b8c: bets $1.03
f8ec0703: calls $1.03
*** RIVER *** [Ac 7c 9s 4d] [2s]
f8ec0703: checks
194f4b8c: bets $3.7
f8ec0703: calls $3.7
194f4b8c: shows [2d Ad] (Pair of Aces and Pair of Twos)
f8ec0703: shows [6s 7s] (Pair of Sevens)
*** SHOWDOWN ***
194f4b8c collected $10.65 from pot
*** SUMMARY ***
Total pot $11.31 | Rake $0.56 | Jackpot $0.1 | Bingo $0 | Fortune $0 | Tax $0
Board [Ac 7c 9s 4d 2s]
Seat 1: 194f4b8c showed [2d Ad] and won ($10.65) with Pair of Aces and Pair of Twos
Seat 2: e4e0040c (button) folded before Flop (didn't bet)
Seat 3: df441842 (small blind) folded before Flop
Seat 4: Hero (big blind) folded before Flop
Seat 5: f8ec0703 showed [6s 7s] and lost with Pair of Sevens
Seat 6: 22218cfc folded before Flop (didn't bet)


Poker Hand #HD1789172904: Hold'em No Limit ($0.05/$0.1) - 2024/05/27 01:40:34
Table 'NLHRed36' 6-max Seat #1 is the button
Seat 1: 194f4b8c ($10 in chips)
Seat 2: e4e0040c ($28.33 in chips)
Seat 3: df441842 ($10.84 in chips)
Seat 4: Hero ($10.15 in chips)
Seat 5: f8ec0703 ($9.58 in chips)
Seat 6: 22218cfc ($10 in chips)
e4e0040c: posts small blind $0.05
df441842: posts big blind $0.1
*** HOLE CARDS ***
Dealt to 194f4b8c 
Dealt to e4e0040c 
Dealt to df441842 
Dealt to Hero [7c Ah]
Dealt to f8ec0703 
Dealt to 22218cfc 
Hero: folds
f8ec0703: folds
22218cfc: folds
194f4b8c: folds
e4e0040c: folds
Uncalled bet ($0.05) returned to df441842
*** SHOWDOWN ***
df441842 collected $0.1 from pot
*** SUMMARY ***
Total pot $0.1 | Rake $0 | Jackpot $0 | Bingo $0 | Fortune $0 | Tax $0
Seat 1: 194f4b8c (button) folded before Flop (didn't bet)
Seat 2: e4e0040c (small blind) folded before Flop
Seat 3: df441842 (big blind) collected ($0.1)
Seat 4: Hero folded before Flop (didn't bet)
Seat 5: f8ec0703 folded before Flop (didn't bet)
Seat 6: 22218cfc folded before Flop (didn't bet)


Poker Hand #HD1789172810: Hold'em No Limit ($0.05/$0.1) - 2024/05/27 01:39:40
Table 'NLHRed36' 6-max Seat #6 is the button
Seat 1: 194f4b8c ($10 in chips)
Seat 2: e4e0040c ($27.27 in chips)
Seat 3: df441842 ($10.84 in chips)
Seat 4: Hero ($10.15 in chips)
Seat 5: f8ec0703 ($10.7 in chips)
Seat 6: 22218cfc ($10 in chips)
194f4b8c: posts small blind $0.05
e4e0040c: posts big blind $0.1
*** HOLE CARDS ***
Dealt to 194f4b8c 
Dealt to e4e0040c 
Dealt to df441842 
Dealt to Hero [3d Ah]
Dealt to f8ec0703 
Dealt to 22218cfc 
df441842: folds
Hero: folds
f8ec0703: raises $0.1 to $0.2
22218cfc: folds
194f4b8c: folds
e4e0040c: calls $0.1
*** FLOP *** [Jd 8d Ac]
e4e0040c: checks
f8ec0703: bets $0.23
e4e0040c: calls $0.23
*** TURN *** [Jd 8d Ac] [Kc]
e4e0040c: checks
f8ec0703: checks
*** RIVER *** [Jd 8d Ac Kc] [Ks]
e4e0040c: checks
f8ec0703: bets $0.69
e4e0040c: calls $0.69
f8ec0703: shows [7h 6d] (Pair of Kings)
e4e0040c: shows [6s As] (Pair of Aces and Pair of Kings)
*** SHOWDOWN ***
e4e0040c collected $2.18 from pot
*** SUMMARY ***
Total pot $2.29 | Rake $0.11 | Jackpot $0 | Bingo $0 | Fortune $0 | Tax $0
Board [Jd 8d Ac Kc Ks]
Seat 1: 194f4b8c (small blind) folded before Flop
Seat 2: e4e0040c (big blind) showed [6s As] and won ($2.18) with Pair of Aces and Pair of Kings
Seat 3: df441842 folded before Flop (didn't bet)
Seat 4: Hero folded before Flop (didn't bet)
Seat 5: f8ec0703 showed [7h 6d] and lost with Pair of Kings
Seat 6: 22218cfc (button) folded before Flop (didn't bet)


Poker Hand #HD1789172765: Hold'em No Limit ($0.05/$0.1) - 2024/05/27 01:39:19
Table 'NLHRed36' 6-max Seat #5 is the button
Seat 1: 194f4b8c ($10 in chips)
Seat 2: e4e0040c ($27.27 in chips)
Seat 3: df441842 ($10.84 in chips)
Seat 4: Hero ($10 in chips)
Seat 5: f8ec0703 ($10.7 in chips)
Seat 6: 22218cfc ($10 in chips)
22218cfc: posts small blind $0.05
194f4b8c: posts big blind $0.1
*** HOLE CARDS ***
Dealt to 194f4b8c 
Dealt to e4e0040c 
Dealt to df441842 
Dealt to Hero [Tc Kd]
Dealt to f8ec0703 
Dealt to 22218cfc 
e4e0040c: folds
df441842: folds
Hero: raises $0.14 to $0.24
f8ec0703: folds
22218cfc: folds
194f4b8c: folds
Uncalled bet ($0.14) returned to Hero
*** SHOWDOWN ***
Hero collected $0.25 from pot
*** SUMMARY ***
Total pot $0.25 | Rake $0 | Jackpot $0 | Bingo $0 | Fortune $0 | Tax $0
Seat 1: 194f4b8c (big blind) folded before Flop
Seat 2: e4e0040c folded before Flop (didn't bet)
Seat 3: df441842 folded before Flop (didn't bet)
Seat 4: Hero collected ($0.25)
Seat 5: f8ec0703 (button) folded before Flop (didn't bet)
Seat 6: 22218cfc (small blind) folded before Flop


Poker Hand #HD1789172617: Hold'em No Limit ($0.05/$0.1) - 2024/05/27 01:37:56
Table 'NLHRed36' 6-max Seat #4 is the button
Seat 1: 194f4b8c ($10 in chips)
Seat 2: e4e0040c ($27.27 in chips)
Seat 3: df441842 ($10.84 in chips)
Seat 4: Hero ($10 in chips)
Seat 5: f8ec0703 ($9.4 in chips)
Seat 6: 22218cfc ($11.21 in chips)
f8ec0703: posts small blind $0.05
22218cfc: posts big blind $0.1
*** HOLE CARDS ***
Dealt to 194f4b8c 
Dealt to e4e0040c 
Dealt to df441842 
Dealt to Hero [4s 3c]
Dealt to f8ec0703 
Dealt to 22218cfc 
194f4b8c: folds
e4e0040c: folds
df441842: folds
Hero: folds
f8ec0703: raises $0.1 to $0.2
22218cfc: calls $0.1
*** FLOP *** [Ac Jd 9d]
f8ec0703: bets $0.2
22218cfc: calls $0.2
*** TURN *** [Ac Jd 9d] [Js]
f8ec0703: bets $0.4
22218cfc: calls $0.4
*** RIVER *** [Ac Jd 9d Js] [8d]
f8ec0703: checks
22218cfc: bets $0.64
f8ec0703: calls $0.64
22218cfc: shows [Jc 5c] (Three Jacks)
f8ec0703: shows [Jh Td] (Three Jacks)
*** SHOWDOWN ***
f8ec0703 collected $2.74 from pot
*** SUMMARY ***
Total pot $2.88 | Rake $0.14 | Jackpot $0 | Bingo $0 | Fortune $0 | Tax $0
Board [Ac Jd 9d Js 8d]
Seat 1: 194f4b8c folded before Flop (didn't bet)
Seat 2: e4e0040c folded before Flop (didn't bet)
Seat 3: df441842 folded before Flop (didn't bet)
Seat 4: Hero (button) folded before Flop (didn't bet)
Seat 5: f8ec0703 (small blind) showed [Jh Td] and won ($2.74) with Three Jacks
Seat 6: 22218cfc (big blind) showed [Jc 5c] and lost with Three Jacks


Poker Hand #HD1789172513: Hold'em No Limit ($0.05/$0.1) - 2024/05/27 01:37:02
Table 'NLHRed36' 6-max Seat #3 is the button
Seat 1: 194f4b8c ($10 in chips)
Seat 2: e4e0040c ($26.42 in chips)
Seat 3: df441842 ($10.84 in chips)
Seat 4: Hero ($10 in chips)
Seat 5: f8ec0703 ($10.29 in chips)
Seat 6: 22218cfc ($11.21 in chips)
Hero: posts small blind $0.05
f8ec0703: posts big blind $0.1
*** HOLE CARDS ***
Dealt to 194f4b8c 
Dealt to e4e0040c 
Dealt to df441842 
Dealt to Hero [6h Jh]
Dealt to f8ec0703 
Dealt to 22218cfc 
22218cfc: folds
194f4b8c: folds
e4e0040c: raises $0.15 to $0.25
df441842: folds
Hero: folds
f8ec0703: calls $0.15
*** FLOP *** [Ah 6c 9h]
f8ec0703: checks
e4e0040c: checks
*** TURN *** [Ah 6c 9h] [Ac]
f8ec0703: bets $0.28
e4e0040c: calls $0.28
*** RIVER *** [Ah 6c 9h Ac] [8c]
f8ec0703: checks
e4e0040c: bets $0.36
f8ec0703: calls $0.36
e4e0040c: shows [Tc Th] (Pair of Aces and Pair of Tens)
f8ec0703: shows [8h 7c] (Pair of Aces and Pair of Eights)
*** SHOWDOWN ***
e4e0040c collected $1.74 from pot
*** SUMMARY ***
Total pot $1.83 | Rake $0.09 | Jackpot $0 | Bingo $0 | Fortune $0 | Tax $0
Board [Ah 6c 9h Ac 8c]
Seat 1: 194f4b8c folded before Flop (didn't bet)
Seat 2: e4e0040c showed [Tc Th] and won ($1.74) with Pair of Aces and Pair of Tens
Seat 3: df441842 (button) folded before Flop (didn't bet)
Seat 4: Hero (small blind) folded before Flop
Seat 5: f8ec0703 (big blind) showed [8h 7c] and lost with Pair of Aces and Pair of Eights
Seat 6: 22218cfc folded before Flop (didn't bet)


Poker Hand #HD1789172468: Hold'em No Limit ($0.05/$0.1) - 2024/05/27 01:36:33
Table 'NLHRed36' 6-max Seat #2 is the button
Seat 1: 194f4b8c ($10 in chips)
Seat 2: e4e0040c ($26.27 in chips)
Seat 3: df441842 ($10.89 in chips)
Seat 4: Hero ($10 in chips)
Seat 5: f8ec0703 ($10.29 in chips)
Seat 6: 22218cfc ($11.21 in chips)
df441842: posts small blind $0.05
Hero: posts big blind $0.1
*** HOLE CARDS ***
Dealt to 194f4b8c 
Dealt to e4e0040c 
Dealt to df441842 
Dealt to Hero [Jc 5s]
Dealt to f8ec0703 
Dealt to 22218cfc 
f8ec0703: folds
22218cfc: folds
194f4b8c: folds
e4e0040c: raises $0.15 to $0.25
df441842: folds
Hero: folds
Uncalled bet ($0.15) returned to e4e0040c
*** SHOWDOWN ***
e4e0040c collected $0.25 from pot
*** SUMMARY ***
Total pot $0.25 | Rake $0 | Jackpot $0 | Bingo $0 | Fortune $0 | Tax $0
Seat 1: 194f4b8c folded before Flop (didn't bet)
Seat 2: e4e0040c (button) collected ($0.25)
Seat 3: df441842 (small blind) folded before Flop
Seat 4: Hero (big blind) folded before Flop
Seat 5: f8ec0703 folded before Flop (didn't bet)
Seat 6: 22218cfc folded before Flop (didn't bet)


Poker Hand #HD1789172418: Hold'em No Limit ($0.05/$0.1) - 2024/05/27 01:36:08
Table 'NLHRed36' 6-max Seat #1 is the button
Seat 1: 194f4b8c ($10 in chips)
Seat 2: e4e0040c ($26.32 in chips)
Seat 3: df441842 ($10.84 in chips)
Seat 4: Hero ($10 in chips)
Seat 5: f8ec0703 ($10.29 in chips)
Seat 6: 22218cfc ($11.21 in chips)
e4e0040c: posts small blind $0.05
df441842: posts big blind $0.1
*** HOLE CARDS ***
Dealt to 194f4b8c 
Dealt to e4e0040c 
Dealt to df441842 
Dealt to Hero [8s 6s]
Dealt to f8ec0703 
Dealt to 22218cfc 
Hero: folds
f8ec0703: folds
22218cfc: folds
194f4b8c: folds
e4e0040c: folds
Uncalled bet ($0.05) returned to df441842
*** SHOWDOWN ***
df441842 collected $0.1 from pot
*** SUMMARY ***
Total pot $0.1 | Rake $0 | Jackpot $0 | Bingo $0 | Fortune $0 | Tax $0
Seat 1: 194f4b8c (button) folded before Flop (didn't bet)
Seat 2: e4e0040c (small blind) folded before Flop
Seat 3: df441842 (big blind) collected ($0.1)
Seat 4: Hero folded before Flop (didn't bet)
Seat 5: f8ec0703 folded before Flop (didn't bet)
Seat 6: 22218cfc folded before Flop (didn't bet)


Poker Hand #HD1789172370: Hold'em No Limit ($0.05/$0.1) - 2024/05/27 01:35:39
Table 'NLHRed36' 6-max Seat #6 is the button
Seat 1: 194f4b8c ($10 in chips)
Seat 2: e4e0040c ($26.42 in chips)
Seat 3: df441842 ($10.69 in chips)
Seat 4: Hero ($10 in chips)
Seat 5: f8ec0703 ($10.29 in chips)
Seat 6: 22218cfc ($11.21 in chips)
194f4b8c: posts small blind $0.05
e4e0040c: posts big blind $0.1
*** HOLE CARDS ***
Dealt to 194f4b8c 
Dealt to e4e0040c 
Dealt to df441842 
Dealt to Hero [5c 4d]
Dealt to f8ec0703 
Dealt to 22218cfc 
df441842: raises $0.12 to $0.22
Hero: folds
f8ec0703: folds
22218cfc: folds
194f4b8c: folds
e4e0040c: folds
Uncalled bet ($0.12) returned to df441842
*** SHOWDOWN ***
df441842 collected $0.25 from pot
*** SUMMARY ***
Total pot $0.25 | Rake $0 | Jackpot $0 | Bingo $0 | Fortune $0 | Tax $0
Seat 1: 194f4b8c (small blind) folded before Flop
Seat 2: e4e0040c (big blind) folded before Flop
Seat 3: df441842 collected ($0.25)
Seat 4: Hero folded before Flop (didn't bet)
Seat 5: f8ec0703 folded before Flop (didn't bet)
Seat 6: 22218cfc (button) folded before Flop (didn't bet)


Poker Hand #HD1789172260: Hold'em No Limit ($0.05/$0.1) - 2024/05/27 01:34:35
Table 'NLHRed36' 6-max Seat #5 is the button
Seat 1: 194f4b8c ($10.07 in chips)
Seat 2: e4e0040c ($26.42 in chips)
Seat 3: df441842 ($10.69 in chips)
Seat 4: Hero ($10 in chips)
Seat 5: f8ec0703 ($11.39 in chips)
Seat 6: 22218cfc ($10.05 in chips)
22218cfc: posts small blind $0.05
194f4b8c: posts big blind $0.1
*** HOLE CARDS ***
Dealt to 194f4b8c 
Dealt to e4e0040c 
Dealt to df441842 
Dealt to Hero [Ah 7s]
Dealt to f8ec0703 
Dealt to 22218cfc 
e4e0040c: folds
df441842: folds
Hero: folds
f8ec0703: raises $0.1 to $0.2
22218cfc: calls $0.15
194f4b8c: calls $0.1
*** FLOP *** [9h Ts 9c]
22218cfc: bets $0.3
194f4b8c: folds
f8ec0703: calls $0.3
*** TURN *** [9h Ts 9c] [Kd]
22218cfc: bets $0.6
f8ec0703: calls $0.6
*** RIVER *** [9h Ts 9c Kd] [3h]
22218cfc: bets $1.68
f8ec0703: folds
Uncalled bet ($1.68) returned to 22218cfc
*** SHOWDOWN ***
22218cfc collected $2.26 from pot
*** SUMMARY ***
Total pot $2.4 | Rake $0.14 | Jackpot $0 | Bingo $0 | Fortune $0 | Tax $0
Board [9h Ts 9c Kd 3h]
Seat 1: 194f4b8c (big blind) folded on the Flop
Seat 2: e4e0040c folded before Flop (didn't bet)
Seat 3: df441842 folded before Flop (didn't bet)
Seat 4: Hero folded before Flop (didn't bet)
Seat 5: f8ec0703 (button) folded on the River
Seat 6: 22218cfc (small blind) won ($2.26)


Poker Hand #HD1789172146: Hold'em No Limit ($0.05/$0.1) - 2024/05/27 01:33:26
Table 'NLHRed36' 6-max Seat #4 is the button
Seat 1: 194f4b8c ($10.07 in chips)
Seat 2: e4e0040c ($26.42 in chips)
Seat 3: df441842 ($10.1 in chips)
Seat 4: Hero ($10 in chips)
Seat 5: f8ec0703 ($11.94 in chips)
Seat 6: 22218cfc ($10.15 in chips)
f8ec0703: posts small blind $0.05
22218cfc: posts big blind $0.1
*** HOLE CARDS ***
Dealt to 194f4b8c 
Dealt to e4e0040c 
Dealt to df441842 
Dealt to Hero [6h Ks]
Dealt to f8ec0703 
Dealt to 22218cfc 
194f4b8c: folds
e4e0040c: folds
df441842: raises $0.15 to $0.25
Hero: folds
f8ec0703: calls $0.2
22218cfc: folds
*** FLOP *** [Jd 9d 6d]
f8ec0703: checks
df441842: checks
*** TURN *** [Jd 9d 6d] [4s]
f8ec0703: checks
df441842: bets $0.3
f8ec0703: calls $0.3
*** RIVER *** [Jd 9d 6d 4s] [Ac]
f8ec0703: checks
df441842: bets $0.6
f8ec0703: folds
Uncalled bet ($0.6) returned to df441842
*** SHOWDOWN ***
df441842 collected $1.14 from pot
*** SUMMARY ***
Total pot $1.2 | Rake $0.06 | Jackpot $0 | Bingo $0 | Fortune $0 | Tax $0
Board [Jd 9d 6d 4s Ac]
Seat 1: 194f4b8c folded before Flop (didn't bet)
Seat 2: e4e0040c folded before Flop (didn't bet)
Seat 3: df441842 won ($1.14)
Seat 4: Hero (button) folded before Flop (didn't bet)
Seat 5: f8ec0703 (small blind) folded on the River
Seat 6: 22218cfc (big blind) folded before Flop


Poker Hand #HD1789172085: Hold'em No Limit ($0.05/$0.1) - 2024/05/27 01:32:49
Table 'NLHRed36' 6-max Seat #3 is the button
Seat 1: 194f4b8c ($10.32 in chips)
Seat 2: e4e0040c ($26.05 in chips)
Seat 3: df441842 ($10.1 in chips)
Seat 4: Hero ($10 in chips)
Seat 5: f8ec0703 ($12.04 in chips)
Seat 6: 22218cfc ($10.15 in chips)
Hero: posts small blind $0.05
f8ec0703: posts big blind $0.1
*** HOLE CARDS ***
Dealt to 194f4b8c 
Dealt to e4e0040c 
Dealt to df441842 
Dealt to Hero [7h Ad]
Dealt to f8ec0703 
Dealt to 22218cfc 
22218cfc: folds
194f4b8c: raises $0.15 to $0.25
e4e0040c: raises $0.5 to $0.75
df441842: folds
Hero: folds
f8ec0703: folds
194f4b8c: folds
Uncalled bet ($0.5) returned to e4e0040c
*** SHOWDOWN ***
e4e0040c collected $0.62 from pot
*** SUMMARY ***
Total pot $0.65 | Rake $0.03 | Jackpot $0 | Bingo $0 | Fortune $0 | Tax $0
Seat 1: 194f4b8c folded before Flop
Seat 2: e4e0040c collected ($0.62)
Seat 3: df441842 (button) folded before Flop (didn't bet)
Seat 4: Hero (small blind) folded before Flop
Seat 5: f8ec0703 (big blind) folded before Flop
Seat 6: 22218cfc folded before Flop (didn't bet)


Poker Hand #HD1789172056: Hold'em No Limit ($0.05/$0.1) - 2024/05/27 01:32:33
Table 'NLHRed36' 6-max Seat #2 is the button
Seat 1: 194f4b8c ($10.32 in chips)
Seat 2: e4e0040c ($26.05 in chips)
Seat 3: df441842 ($10 in chips)
Seat 4: Hero ($10 in chips)
Seat 5: f8ec0703 ($12.04 in chips)
Seat 6: 22218cfc ($10.15 in chips)
df441842: posts small blind $0.05
Hero: posts big blind $0.1
*** HOLE CARDS ***
Dealt to 194f4b8c 
Dealt to e4e0040c 
Dealt to df441842 
Dealt to Hero [3c Kd]
Dealt to f8ec0703 
Dealt to 22218cfc 
f8ec0703: folds
22218cfc: folds
194f4b8c: folds
e4e0040c: folds
df441842: raises $0.15 to $0.25
Hero: folds
Uncalled bet ($0.15) returned to df441842
*** SHOWDOWN ***
df441842 collected $0.2 from pot
*** SUMMARY ***
Total pot $0.2 | Rake $0 | Jackpot $0 | Bingo $0 | Fortune $0 | Tax $0
Seat 1: 194f4b8c folded before Flop (didn't bet)
Seat 2: e4e0040c (button) folded before Flop (didn't bet)
Seat 3: df441842 (small blind) collected ($0.2)
Seat 4: Hero (big blind) folded before Flop
Seat 5: f8ec0703 folded before Flop (didn't bet)
Seat 6: 22218cfc folded before Flop (didn't bet)


Poker Hand #HD1789172003: Hold'em No Limit ($0.05/$0.1) - 2024/05/27 01:32:03
Table 'NLHRed36' 6-max Seat #1 is the button
Seat 1: 194f4b8c ($10.32 in chips)
Seat 2: e4e0040c ($26.1 in chips)
Seat 3: df441842 ($10 in chips)
Seat 4: Hero ($10 in chips)
Seat 5: f8ec0703 ($12.04 in chips)
Seat 6: 22218cfc ($10 in chips)
e4e0040c: posts small blind $0.05
df441842: posts big blind $0.1
*** HOLE CARDS ***
Dealt to 194f4b8c 
Dealt to e4e0040c 
Dealt to df441842 
Dealt to Hero [4h 7h]
Dealt to f8ec0703 
Dealt to 22218cfc 
Hero: folds
f8ec0703: folds
22218cfc: raises $0.14 to $0.24
194f4b8c: folds
e4e0040c: folds
df441842: folds
Uncalled bet ($0.14) returned to 22218cfc
*** SHOWDOWN ***
22218cfc collected $0.25 from pot
*** SUMMARY ***
Total pot $0.25 | Rake $0 | Jackpot $0 | Bingo $0 | Fortune $0 | Tax $0
Seat 1: 194f4b8c (button) folded before Flop (didn't bet)
Seat 2: e4e0040c (small blind) folded before Flop
Seat 3: df441842 (big blind) folded before Flop
Seat 4: Hero folded before Flop (didn't bet)
Seat 5: f8ec0703 folded before Flop (didn't bet)
Seat 6: 22218cfc collected ($0.25)


Poker Hand #HD1789171924: Hold'em No Limit ($0.05/$0.1) - 2024/05/27 01:31:23
Table 'NLHRed36' 6-max Seat #6 is the button
Seat 1: 194f4b8c ($10 in chips)
Seat 2: e4e0040c ($26.2 in chips)
Seat 4: Hero ($10 in chips)
Seat 5: f8ec0703 ($12.04 in chips)
Seat 6: 22218cfc ($10 in chips)
194f4b8c: posts small blind $0.05
e4e0040c: posts big blind $0.1
*** HOLE CARDS ***
Dealt to 194f4b8c 
Dealt to e4e0040c 
Dealt to Hero [9c 5h]
Dealt to f8ec0703 
Dealt to 22218cfc 
Hero: folds
f8ec0703: folds
22218cfc: raises $0.14 to $0.24
194f4b8c: raises $0.58 to $0.82
e4e0040c: folds
22218cfc: folds
Uncalled bet ($0.58) returned to 194f4b8c
*** SHOWDOWN ***
194f4b8c collected $0.56 from pot
*** SUMMARY ***
Total pot $0.58 | Rake $0.02 | Jackpot $0 | Bingo $0 | Fortune $0 | Tax $0
Seat 1: 194f4b8c (small blind) collected ($0.56)
Seat 2: e4e0040c (big blind) folded before Flop
Seat 4: Hero folded before Flop (didn't bet)
Seat 5: f8ec0703 folded before Flop (didn't bet)
Seat 6: 22218cfc (button) folded before Flop


Poker Hand #HD1789171901: Hold'em No Limit ($0.05/$0.1) - 2024/05/27 01:31:09
Table 'NLHRed36' 6-max Seat #5 is the button
Seat 1: 194f4b8c ($10 in chips)
Seat 2: e4e0040c ($26.2 in chips)
Seat 4: Hero ($10 in chips)
Seat 5: f8ec0703 ($11.89 in chips)
Seat 6: 22218cfc ($10 in chips)
22218cfc: posts small blind $0.05
194f4b8c: posts big blind $0.1
*** HOLE CARDS ***
Dealt to 194f4b8c 
Dealt to e4e0040c 
Dealt to Hero [Kc 6s]
Dealt to f8ec0703 
Dealt to 22218cfc 
e4e0040c: folds
Hero: folds
f8ec0703: raises $0.1 to $0.2
22218cfc: folds
194f4b8c: folds
Uncalled bet ($0.1) returned to f8ec0703
*** SHOWDOWN ***
f8ec0703 collected $0.25 from pot
*** SUMMARY ***
Total pot $0.25 | Rake $0 | Jackpot $0 | Bingo $0 | Fortune $0 | Tax $0
Seat 1: 194f4b8c (big blind) folded before Flop
Seat 2: e4e0040c folded before Flop (didn't bet)
Seat 4: Hero folded before Flop (didn't bet)
Seat 5: f8ec0703 (button) collected ($0.25)
Seat 6: 22218cfc (small blind) folded before Flop


Poker Hand #HD1789171784: Hold'em No Limit ($0.05/$0.1) - 2024/05/27 01:30:03
Table 'NLHRed36' 6-max Seat #4 is the button
Seat 1: 194f4b8c ($10 in chips)
Seat 2: e4e0040c ($24.55 in chips)
Seat 4: Hero ($10 in chips)
Seat 5: f8ec0703 ($13.72 in chips)
Seat 6: 22218cfc ($10 in chips)
f8ec0703: posts small blind $0.05
22218cfc: posts big blind $0.1
*** HOLE CARDS ***
Dealt to 194f4b8c 
Dealt to e4e0040c 
Dealt to Hero [2d 4c]
Dealt to f8ec0703 
Dealt to 22218cfc 
194f4b8c: folds
e4e0040c: raises $0.15 to $0.25
Hero: folds
f8ec0703: calls $0.2
22218cfc: folds
*** FLOP *** [8h 9h Jh]
f8ec0703: checks
e4e0040c: checks
*** TURN *** [8h 9h Jh] [Jc]
f8ec0703: bets $0.45
e4e0040c: calls $0.45
*** RIVER *** [8h 9h Jh Jc] [Ks]
f8ec0703: bets $1.13
e4e0040c: calls $1.13
f8ec0703: shows [Td Ah] (Pair of Jacks)
e4e0040c: shows [As Ac] (Pair of Aces and Pair of Jacks)
*** SHOWDOWN ***
e4e0040c collected $3.48 from pot
*** SUMMARY ***
Total pot $3.76 | Rake $0.18 | Jackpot $0.1 | Bingo $0 | Fortune $0 | Tax $0
Board [8h 9h Jh Jc Ks]
Seat 1: 194f4b8c folded before Flop (didn't bet)
Seat 2: e4e0040c showed [As Ac] and won ($3.48) with Pair of Aces and Pair of Jacks
Seat 4: Hero (button) folded before Flop (didn't bet)
Seat 5: f8ec0703 (small blind) showed [Td Ah] and lost with Pair of Jacks
Seat 6: 22218cfc (big blind) folded before Flop


Poker Hand #HD1789171716: Hold'em No Limit ($0.05/$0.1) - 2024/05/27 01:29:26
Table 'NLHRed36' 6-max Seat #2 is the button
Seat 1: 194f4b8c ($10.42 in chips)
Seat 2: e4e0040c ($24.55 in chips)
Seat 4: Hero ($10 in chips)
Seat 5: f8ec0703 ($12.17 in chips)
Hero: posts small blind $0.05
f8ec0703: posts big blind $0.1
*** HOLE CARDS ***
Dealt to 194f4b8c 
Dealt to e4e0040c 
Dealt to Hero [9c Jh]
Dealt to f8ec0703 
194f4b8c: raises $0.1 to $0.2
e4e0040c: folds
Hero: folds
f8ec0703: calls $0.1
*** FLOP *** [4c 2c Kh]
f8ec0703: checks
194f4b8c: bets $0.34
f8ec0703: calls $0.34
*** TURN *** [4c 2c Kh] [5h]
f8ec0703: checks
194f4b8c: checks
*** RIVER *** [4c 2c Kh 5h] [Jc]
f8ec0703: bets $1.23
194f4b8c: calls $1.23
f8ec0703: shows [3c Qc] (Queen High Flush)
194f4b8c: shows [Ks 9s] (Pair of Kings)
*** SHOWDOWN ***
f8ec0703 collected $3.32 from pot
*** SUMMARY ***
Total pot $3.59 | Rake $0.17 | Jackpot $0.1 | Bingo $0 | Fortune $0 | Tax $0
Board [4c 2c Kh 5h Jc]
Seat 1: 194f4b8c showed [Ks 9s] and lost with Pair of Kings
Seat 2: e4e0040c (button) folded before Flop (didn't bet)
Seat 4: Hero (small blind) folded before Flop
Seat 5: f8ec0703 (big blind) showed [3c Qc] and won ($3.32) with Queen High Flush


Poker Hand #HD1789171696: Hold'em No Limit ($0.05/$0.1) - 2024/05/27 01:29:17
Table 'NLHRed36' 6-max Seat #1 is the button
Seat 1: 194f4b8c ($10.42 in chips)
Seat 2: e4e0040c ($24.6 in chips)
Seat 4: Hero ($10 in chips)
Seat 5: f8ec0703 ($12.02 in chips)
e4e0040c: posts small blind $0.05
Hero: posts big blind $0.1
*** HOLE CARDS ***
Dealt to 194f4b8c 
Dealt to e4e0040c 
Dealt to Hero [2c 7d]
Dealt to f8ec0703 
f8ec0703: raises $0.1 to $0.2
194f4b8c: folds
e4e0040c: folds
Hero: folds
Uncalled bet ($0.1) returned to f8ec0703
*** SHOWDOWN ***
f8ec0703 collected $0.25 from pot
*** SUMMARY ***
Total pot $0.25 | Rake $0 | Jackpot $0 | Bingo $0 | Fortune $0 | Tax $0
Seat 1: 194f4b8c (button) folded before Flop (didn't bet)
Seat 2: e4e0040c (small blind) folded before Flop
Seat 4: Hero (big blind) folded before Flop
Seat 5: f8ec0703 collected ($0.25)


