Poker Hand #HD1761186448: Hold'em No Limit ($0.05/$0.1) - 2024/05/06 17:06:30
Table 'NLHRed30' 6-max Seat #6 is the button
Seat 2: dda94576 ($8.24 in chips)
Seat 3: 96845f38 ($10 in chips)
Seat 5: Hero ($10.65 in chips)
Seat 6: 3511cb01 ($14.22 in chips)
dda94576: posts small blind $0.05
96845f38: posts big blind $0.1
*** HOLE CARDS ***
Dealt to dda94576 
Dealt to 96845f38 
Dealt to Hero [9s 5d]
Dealt to 3511cb01 
Hero: folds
3511cb01: folds
dda94576: folds
Uncalled bet ($0.05) returned to 96845f38
*** SHOWDOWN ***
96845f38 collected $0.1 from pot
*** SUMMARY ***
Total pot $0.1 | Rake $0 | Jackpot $0 | Bingo $0 | Fortune $0 | Tax $0
Seat 2: dda94576 (small blind) folded before Flop
Seat 3: 96845f38 (big blind) collected ($0.1)
Seat 5: Hero folded before Flop (didn't bet)
Seat 6: 3511cb01 (button) folded before Flop (didn't bet)


Poker Hand #HD1761186432: Hold'em No Limit ($0.05/$0.1) - 2024/05/06 17:06:23
Table 'NLHRed30' 6-max Seat #5 is the button
Seat 2: dda94576 ($8.19 in chips)
Seat 5: Hero ($10.65 in chips)
Seat 6: 3511cb01 ($14.27 in chips)
3511cb01: posts small blind $0.05
dda94576: posts big blind $0.1
*** HOLE CARDS ***
Dealt to dda94576 
Dealt to Hero [4d Jd]
Dealt to 3511cb01 
Hero: folds
3511cb01: folds
Uncalled bet ($0.05) returned to dda94576
*** SHOWDOWN ***
dda94576 collected $0.1 from pot
*** SUMMARY ***
Total pot $0.1 | Rake $0 | Jackpot $0 | Bingo $0 | Fortune $0 | Tax $0
Seat 2: dda94576 (big blind) collected ($0.1)
Seat 5: Hero (button) folded before Flop (didn't bet)
Seat 6: 3511cb01 (small blind) folded before Flop


Poker Hand #HD1761186361: Hold'em No Limit ($0.05/$0.1) - 2024/05/06 17:05:45
Table 'NLHRed30' 6-max Seat #2 is the button
Seat 1: 374765d9 ($10.3 in chips)
Seat 2: dda94576 ($8.39 in chips)
Seat 5: Hero ($10.7 in chips)
Seat 6: 3511cb01 ($14.04 in chips)
Hero: posts small blind $0.05
3511cb01: posts big blind $0.1
*** HOLE CARDS ***
Dealt to 374765d9 
Dealt to dda94576 
Dealt to Hero [3s 8d]
Dealt to 3511cb01 
374765d9: folds
dda94576: raises $0.1 to $0.2
Hero: folds
3511cb01: raises $0.6 to $0.8
dda94576: folds
Uncalled bet ($0.6) returned to 3511cb01
*** SHOWDOWN ***
3511cb01 collected $0.43 from pot
*** SUMMARY ***
Total pot $0.45 | Rake $0.02 | Jackpot $0 | Bingo $0 | Fortune $0 | Tax $0
Seat 1: 374765d9 folded before Flop (didn't bet)
Seat 2: dda94576 (button) folded before Flop
Seat 5: Hero (small blind) folded before Flop
Seat 6: 3511cb01 (big blind) collected ($0.43)


Poker Hand #HD1761186267: Hold'em No Limit ($0.05/$0.1) - 2024/05/06 17:05:02
Table 'NLHRed30' 6-max Seat #1 is the button
Seat 1: 374765d9 ($10.3 in chips)
Seat 2: dda94576 ($8.3 in chips)
Seat 4: 69be34aa ($14.3 in chips)
Seat 5: Hero ($10.7 in chips)
Seat 6: 3511cb01 ($14.04 in chips)
dda94576: posts small blind $0.05
69be34aa: posts big blind $0.1
*** HOLE CARDS ***
Dealt to 374765d9 
Dealt to dda94576 
Dealt to 69be34aa 
Dealt to Hero [6s Jc]
Dealt to 3511cb01 
Hero: folds
3511cb01: folds
374765d9: folds
dda94576: calls $0.05
69be34aa: checks
*** FLOP *** [6h 3h Tc]
dda94576: bets $0.1
69be34aa: folds
Uncalled bet ($0.1) returned to dda94576
*** SHOWDOWN ***
dda94576 collected $0.19 from pot
*** SUMMARY ***
Total pot $0.2 | Rake $0.01 | Jackpot $0 | Bingo $0 | Fortune $0 | Tax $0
Board [6h 3h Tc]
Seat 1: 374765d9 (button) folded before Flop (didn't bet)
Seat 2: dda94576 (small blind) won ($0.19)
Seat 4: 69be34aa (big blind) folded on the Flop
Seat 5: Hero folded before Flop (didn't bet)
Seat 6: 3511cb01 folded before Flop (didn't bet)


Poker Hand #HD1761186137: Hold'em No Limit ($0.05/$0.1) - 2024/05/06 17:04:00
Table 'NLHRed30' 6-max Seat #6 is the button
Seat 1: 374765d9 ($10.35 in chips)
Seat 2: dda94576 ($6.08 in chips)
Seat 3: bc8cdee1 ($2.51 in chips)
Seat 4: 69be34aa ($14.3 in chips)
Seat 5: Hero ($10.7 in chips)
Seat 6: 3511cb01 ($14.04 in chips)
374765d9: posts small blind $0.05
dda94576: posts big blind $0.1
*** HOLE CARDS ***
Dealt to 374765d9 
Dealt to dda94576 
Dealt to bc8cdee1 
Dealt to 69be34aa 
Dealt to Hero [8h 6s]
Dealt to 3511cb01 
bc8cdee1: calls $0.1
69be34aa: folds
Hero: folds
3511cb01: folds
374765d9: folds
dda94576: checks
*** FLOP *** [5h 2c 4d]
dda94576: bets $0.1
bc8cdee1: calls $0.1
*** TURN *** [5h 2c 4d] [8c]
dda94576: bets $0.2
bc8cdee1: calls $0.2
*** RIVER *** [5h 2c 4d 8c] [Ks]
dda94576: bets $0.43
bc8cdee1: raises $1.68 to $2.11 and is all-in
dda94576: calls $1.68
bc8cdee1: shows [2d 9d] (Pair of Twos)
dda94576: shows [Kc 4h] (Pair of Kings and Pair of Fours)
*** SHOWDOWN ***
dda94576 collected $4.73 from pot
*** SUMMARY ***
Total pot $5.07 | Rake $0.24 | Jackpot $0.1 | Bingo $0 | Fortune $0 | Tax $0
Board [5h 2c 4d 8c Ks]
Seat 1: 374765d9 (small blind) folded before Flop
Seat 2: dda94576 (big blind) showed [Kc 4h] and won ($4.73) with Pair of Kings and Pair of Fours
Seat 3: bc8cdee1 showed [2d 9d] and lost with Pair of Twos
Seat 4: 69be34aa folded before Flop (didn't bet)
Seat 5: Hero folded before Flop (didn't bet)
Seat 6: 3511cb01 (button) folded before Flop (didn't bet)


Poker Hand #HD1761186081: Hold'em No Limit ($0.05/$0.1) - 2024/05/06 17:03:32
Table 'NLHRed30' 6-max Seat #5 is the button
Seat 1: 374765d9 ($10.45 in chips)
Seat 2: dda94576 ($6.08 in chips)
Seat 3: bc8cdee1 ($2.51 in chips)
Seat 4: 69be34aa ($14.3 in chips)
Seat 5: Hero ($10.7 in chips)
Seat 6: 3511cb01 ($13.94 in chips)
3511cb01: posts small blind $0.05
374765d9: posts big blind $0.1
*** HOLE CARDS ***
Dealt to 374765d9 
Dealt to dda94576 
Dealt to bc8cdee1 
Dealt to 69be34aa 
Dealt to Hero [2h 3s]
Dealt to 3511cb01 
dda94576: folds
bc8cdee1: folds
69be34aa: folds
Hero: folds
3511cb01: raises $0.2 to $0.3
374765d9: folds
Uncalled bet ($0.2) returned to 3511cb01
*** SHOWDOWN ***
3511cb01 collected $0.2 from pot
*** SUMMARY ***
Total pot $0.2 | Rake $0 | Jackpot $0 | Bingo $0 | Fortune $0 | Tax $0
Seat 1: 374765d9 (big blind) folded before Flop
Seat 2: dda94576 folded before Flop (didn't bet)
Seat 3: bc8cdee1 folded before Flop (didn't bet)
Seat 4: 69be34aa folded before Flop (didn't bet)
Seat 5: Hero (button) folded before Flop (didn't bet)
Seat 6: 3511cb01 (small blind) collected ($0.2)


Poker Hand #HD1761186035: Hold'em No Limit ($0.05/$0.1) - 2024/05/06 17:03:10
Table 'NLHRed30' 6-max Seat #4 is the button
Seat 1: 374765d9 ($10.45 in chips)
Seat 2: dda94576 ($6.08 in chips)
Seat 3: bc8cdee1 ($2.05 in chips)
Seat 4: 69be34aa ($14.65 in chips)
Seat 5: Hero ($10.75 in chips)
Seat 6: 3511cb01 ($14.04 in chips)
Hero: posts small blind $0.05
3511cb01: posts big blind $0.1
*** HOLE CARDS ***
Dealt to 374765d9 
Dealt to dda94576 
Dealt to bc8cdee1 
Dealt to 69be34aa 
Dealt to Hero [Td Qh]
Dealt to 3511cb01 
374765d9: folds
dda94576: folds
bc8cdee1: raises $0.25 to $0.35
69be34aa: calls $0.35
Hero: folds
3511cb01: folds
*** FLOP *** [Ad Qs 2s]
bc8cdee1: bets $0.85
69be34aa: folds
Uncalled bet ($0.85) returned to bc8cdee1
*** SHOWDOWN ***
bc8cdee1 collected $0.81 from pot
*** SUMMARY ***
Total pot $0.85 | Rake $0.04 | Jackpot $0 | Bingo $0 | Fortune $0 | Tax $0
Board [Ad Qs 2s]
Seat 1: 374765d9 folded before Flop (didn't bet)
Seat 2: dda94576 folded before Flop (didn't bet)
Seat 3: bc8cdee1 won ($0.81)
Seat 4: 69be34aa (button) folded on the Flop
Seat 5: Hero (small blind) folded before Flop
Seat 6: 3511cb01 (big blind) folded before Flop


Poker Hand #HD1761186007: Hold'em No Limit ($0.05/$0.1) - 2024/05/06 17:03:01
Table 'NLHRed30' 6-max Seat #3 is the button
Seat 1: 374765d9 ($10.45 in chips)
Seat 2: dda94576 ($6.08 in chips)
Seat 3: bc8cdee1 ($2.05 in chips)
Seat 4: 69be34aa ($14.7 in chips)
Seat 5: Hero ($10.7 in chips)
Seat 6: 3511cb01 ($14.04 in chips)
69be34aa: posts small blind $0.05
Hero: posts big blind $0.1
*** HOLE CARDS ***
Dealt to 374765d9 
Dealt to dda94576 
Dealt to bc8cdee1 
Dealt to 69be34aa 
Dealt to Hero [7c 9c]
Dealt to 3511cb01 
3511cb01: folds
374765d9: folds
dda94576: folds
bc8cdee1: folds
69be34aa: folds
Uncalled bet ($0.05) returned to Hero
*** SHOWDOWN ***
Hero collected $0.1 from pot
*** SUMMARY ***
Total pot $0.1 | Rake $0 | Jackpot $0 | Bingo $0 | Fortune $0 | Tax $0
Seat 1: 374765d9 folded before Flop (didn't bet)
Seat 2: dda94576 folded before Flop (didn't bet)
Seat 3: bc8cdee1 (button) folded before Flop (didn't bet)
Seat 4: 69be34aa (small blind) folded before Flop
Seat 5: Hero (big blind) collected ($0.1)
Seat 6: 3511cb01 folded before Flop (didn't bet)


Poker Hand #HD1761185922: Hold'em No Limit ($0.05/$0.1) - 2024/05/06 17:02:16
Table 'NLHRed30' 6-max Seat #2 is the button
Seat 1: 374765d9 ($10 in chips)
Seat 2: dda94576 ($6.08 in chips)
Seat 3: bc8cdee1 ($2.1 in chips)
Seat 4: 69be34aa ($15.14 in chips)
Seat 5: Hero ($10.7 in chips)
Seat 6: 3511cb01 ($14.04 in chips)
bc8cdee1: posts small blind $0.05
69be34aa: posts big blind $0.1
*** HOLE CARDS ***
Dealt to 374765d9 
Dealt to dda94576 
Dealt to bc8cdee1 
Dealt to 69be34aa 
Dealt to Hero [Js 6c]
Dealt to 3511cb01 
Hero: folds
3511cb01: folds
374765d9: raises $0.15 to $0.25
dda94576: folds
bc8cdee1: folds
69be34aa: calls $0.15
*** FLOP *** [7d Jh 2s]
69be34aa: checks
374765d9: bets $0.19
69be34aa: calls $0.19
*** TURN *** [7d Jh 2s] [6s]
69be34aa: checks
374765d9: checks
*** RIVER *** [7d Jh 2s 6s] [Kd]
69be34aa: checks
374765d9: checks
69be34aa: shows [Ah 5s] (Ace-High)
374765d9: shows [8d 8s] (Pair of Eights)
*** SHOWDOWN ***
374765d9 collected $0.89 from pot
*** SUMMARY ***
Total pot $0.93 | Rake $0.04 | Jackpot $0 | Bingo $0 | Fortune $0 | Tax $0
Board [7d Jh 2s 6s Kd]
Seat 1: 374765d9 showed [8d 8s] and won ($0.89) with Pair of Eights
Seat 2: dda94576 (button) folded before Flop (didn't bet)
Seat 3: bc8cdee1 (small blind) folded before Flop
Seat 4: 69be34aa (big blind) showed [Ah 5s] and lost with Ace-High
Seat 5: Hero folded before Flop (didn't bet)
Seat 6: 3511cb01 folded before Flop (didn't bet)


Poker Hand #HD1761185820: Hold'em No Limit ($0.05/$0.1) - 2024/05/06 17:01:29
Table 'NLHRed30' 6-max Seat #1 is the button
Seat 1: 374765d9 ($10 in chips)
Seat 2: dda94576 ($6.13 in chips)
Seat 3: bc8cdee1 ($2.3 in chips)
Seat 4: 69be34aa ($15.14 in chips)
Seat 5: Hero ($10.47 in chips)
Seat 6: 3511cb01 ($14.04 in chips)
dda94576: posts small blind $0.05
bc8cdee1: posts big blind $0.1
*** HOLE CARDS ***
Dealt to 374765d9 
Dealt to dda94576 
Dealt to bc8cdee1 
Dealt to 69be34aa 
Dealt to Hero [Th Ad]
Dealt to 3511cb01 
69be34aa: folds
Hero: raises $0.1 to $0.2
3511cb01: folds
374765d9: folds
dda94576: folds
bc8cdee1: calls $0.1
*** FLOP *** [8c 9d Kh]
bc8cdee1: checks
Hero: checks
*** TURN *** [8c 9d Kh] [7c]
bc8cdee1: checks
Hero: bets $0.2
bc8cdee1: folds
Uncalled bet ($0.2) returned to Hero
*** SHOWDOWN ***
Hero collected $0.43 from pot
*** SUMMARY ***
Total pot $0.45 | Rake $0.02 | Jackpot $0 | Bingo $0 | Fortune $0 | Tax $0
Board [8c 9d Kh 7c]
Seat 1: 374765d9 (button) folded before Flop (didn't bet)
Seat 2: dda94576 (small blind) folded before Flop
Seat 3: bc8cdee1 (big blind) folded on the Turn
Seat 4: 69be34aa folded before Flop (didn't bet)
Seat 5: Hero won ($0.43)
Seat 6: 3511cb01 folded before Flop (didn't bet)


Poker Hand #HD1761185803: Hold'em No Limit ($0.05/$0.1) - 2024/05/06 17:01:17
Table 'NLHRed30' 6-max Seat #6 is the button
Seat 1: 374765d9 ($10 in chips)
Seat 2: dda94576 ($6.08 in chips)
Seat 3: bc8cdee1 ($2.3 in chips)
Seat 4: 69be34aa ($15.14 in chips)
Seat 5: Hero ($10.47 in chips)
Seat 6: 3511cb01 ($14.04 in chips)
374765d9: posts small blind $0.05
dda94576: posts big blind $0.1
*** HOLE CARDS ***
Dealt to 374765d9 
Dealt to dda94576 
Dealt to bc8cdee1 
Dealt to 69be34aa 
Dealt to Hero [5c 8s]
Dealt to 3511cb01 
bc8cdee1: folds
69be34aa: folds
Hero: folds
3511cb01: folds
374765d9: folds
Uncalled bet ($0.05) returned to dda94576
*** SHOWDOWN ***
dda94576 collected $0.1 from pot
*** SUMMARY ***
Total pot $0.1 | Rake $0 | Jackpot $0 | Bingo $0 | Fortune $0 | Tax $0
Seat 1: 374765d9 (small blind) folded before Flop
Seat 2: dda94576 (big blind) collected ($0.1)
Seat 3: bc8cdee1 folded before Flop (didn't bet)
Seat 4: 69be34aa folded before Flop (didn't bet)
Seat 5: Hero folded before Flop (didn't bet)
Seat 6: 3511cb01 (button) folded before Flop (didn't bet)


Poker Hand #HD1761185776: Hold'em No Limit ($0.05/$0.1) - 2024/05/06 17:01:04
Table 'NLHRed30' 6-max Seat #5 is the button
Seat 1: 374765d9 ($10.02 in chips)
Seat 2: dda94576 ($6.08 in chips)
Seat 3: bc8cdee1 ($2.15 in chips)
Seat 4: 69be34aa ($15.14 in chips)
Seat 5: Hero ($10.47 in chips)
Seat 6: 3511cb01 ($14.09 in chips)
3511cb01: posts small blind $0.05
374765d9: posts big blind $0.1
*** HOLE CARDS ***
Dealt to 374765d9 
Dealt to dda94576 
Dealt to bc8cdee1 
Dealt to 69be34aa 
Dealt to Hero [6s 8c]
Dealt to 3511cb01 
dda94576: folds
bc8cdee1: raises $0.25 to $0.35
69be34aa: folds
Hero: folds
3511cb01: folds
374765d9: folds
Uncalled bet ($0.25) returned to bc8cdee1
*** SHOWDOWN ***
bc8cdee1 collected $0.25 from pot
*** SUMMARY ***
Total pot $0.25 | Rake $0 | Jackpot $0 | Bingo $0 | Fortune $0 | Tax $0
Seat 1: 374765d9 (big blind) folded before Flop
Seat 2: dda94576 folded before Flop (didn't bet)
Seat 3: bc8cdee1 collected ($0.25)
Seat 4: 69be34aa folded before Flop (didn't bet)
Seat 5: Hero (button) folded before Flop (didn't bet)
Seat 6: 3511cb01 (small blind) folded before Flop


Poker Hand #HD1761185718: Hold'em No Limit ($0.05/$0.1) - 2024/05/06 17:00:37
Table 'NLHRed30' 6-max Seat #4 is the button
Seat 1: 374765d9 ($10.02 in chips)
Seat 2: dda94576 ($6.08 in chips)
Seat 3: bc8cdee1 ($2 in chips)
Seat 4: 69be34aa ($15.14 in chips)
Seat 5: Hero ($10.52 in chips)
Seat 6: 3511cb01 ($14.19 in chips)
Hero: posts small blind $0.05
3511cb01: posts big blind $0.1
bc8cdee1: posts big blind $0.1
*** HOLE CARDS ***
Dealt to 374765d9 
Dealt to dda94576 
Dealt to bc8cdee1 
Dealt to 69be34aa 
Dealt to Hero [4d 5d]
Dealt to 3511cb01 
374765d9: folds
dda94576: folds
bc8cdee1: raises $0.25 to $0.35
69be34aa: folds
Hero: folds
3511cb01: folds
Uncalled bet ($0.25) returned to bc8cdee1
*** SHOWDOWN ***
bc8cdee1 collected $0.25 from pot
*** SUMMARY ***
Total pot $0.25 | Rake $0 | Jackpot $0 | Bingo $0 | Fortune $0 | Tax $0
Seat 1: 374765d9 folded before Flop (didn't bet)
Seat 2: dda94576 folded before Flop (didn't bet)
Seat 3: bc8cdee1 collected ($0.25)
Seat 4: 69be34aa (button) folded before Flop (didn't bet)
Seat 5: Hero (small blind) folded before Flop
Seat 6: 3511cb01 (big blind) folded before Flop


Poker Hand #HD1761085590: Hold'em No Limit ($0.05/$0.1) - 2024/05/06 16:59:38
Table 'NLHRed30' 6-max Seat #2 is the button
Seat 1: 374765d9 ($10.02 in chips)
Seat 2: dda94576 ($6.43 in chips)
Seat 3: 8db2a507 ($5.99 in chips)
Seat 4: 69be34aa ($14.77 in chips)
Seat 5: Hero ($10.52 in chips)
Seat 6: 3511cb01 ($14.19 in chips)
8db2a507: posts small blind $0.05
69be34aa: posts big blind $0.1
*** HOLE CARDS ***
Dealt to 374765d9 
Dealt to dda94576 
Dealt to 8db2a507 
Dealt to 69be34aa 
Dealt to Hero [3h 4h]
Dealt to 3511cb01 
Hero: folds
3511cb01: folds
374765d9: folds
dda94576: raises $0.1 to $0.2
8db2a507: folds
69be34aa: calls $0.1
*** FLOP *** [Th 6d Ts]
69be34aa: checks
dda94576: bets $0.15
69be34aa: raises $0.57 to $0.72
dda94576: folds
Uncalled bet ($0.57) returned to 69be34aa
*** SHOWDOWN ***
69be34aa collected $0.72 from pot
*** SUMMARY ***
Total pot $0.75 | Rake $0.03 | Jackpot $0 | Bingo $0 | Fortune $0 | Tax $0
Board [Th 6d Ts]
Seat 1: 374765d9 folded before Flop (didn't bet)
Seat 2: dda94576 (button) folded on the Flop
Seat 3: 8db2a507 (small blind) folded before Flop
Seat 4: 69be34aa (big blind) won ($0.72)
Seat 5: Hero folded before Flop (didn't bet)
Seat 6: 3511cb01 folded before Flop (didn't bet)


Poker Hand #HD1761085425: Hold'em No Limit ($0.05/$0.1) - 2024/05/06 16:58:17
Table 'NLHRed30' 6-max Seat #1 is the button
Seat 1: 374765d9 ($10.02 in chips)
Seat 2: dda94576 ($4.9 in chips)
Seat 3: 8db2a507 ($7.02 in chips)
Seat 4: 69be34aa ($15.4 in chips)
Seat 5: Hero ($10.52 in chips)
Seat 6: 3511cb01 ($14.19 in chips)
dda94576: posts small blind $0.05
8db2a507: posts big blind $0.1
*** HOLE CARDS ***
Dealt to 374765d9 
Dealt to dda94576 
Dealt to 8db2a507 
Dealt to 69be34aa 
Dealt to Hero [Jc 2c]
Dealt to 3511cb01 
69be34aa: raises $0.15 to $0.25
Hero: folds
3511cb01: folds
374765d9: folds
dda94576: calls $0.2
8db2a507: calls $0.15
*** FLOP *** [6s 2s 3h]
dda94576: checks
8db2a507: bets $0.38
69be34aa: calls $0.38
dda94576: calls $0.38
*** TURN *** [6s 2s 3h] [6c]
dda94576: checks
8db2a507: checks
69be34aa: checks
*** RIVER *** [6s 2s 3h 6c] [3d]
dda94576: bets $0.4
8db2a507: calls $0.4
69be34aa: folds
dda94576: shows [7c 7h] (Pair of Sevens and Pair of Sixes)
8db2a507: shows [4s As] (Pair of Sixes and Pair of Treys)
*** SHOWDOWN ***
dda94576 collected $2.56 from pot
*** SUMMARY ***
Total pot $2.69 | Rake $0.13 | Jackpot $0 | Bingo $0 | Fortune $0 | Tax $0
Board [6s 2s 3h 6c 3d]
Seat 1: 374765d9 (button) folded before Flop (didn't bet)
Seat 2: dda94576 (small blind) showed [7c 7h] and won ($2.56) with Pair of Sevens and Pair of Sixes
Seat 3: 8db2a507 (big blind) showed [4s As] and lost with Pair of Sixes and Pair of Treys
Seat 4: 69be34aa folded on the River
Seat 5: Hero folded before Flop (didn't bet)
Seat 6: 3511cb01 folded before Flop (didn't bet)


Poker Hand #HD1761085390: Hold'em No Limit ($0.05/$0.1) - 2024/05/06 16:58:01
Table 'NLHRed30' 6-max Seat #6 is the button
Seat 1: 374765d9 ($10.07 in chips)
Seat 2: dda94576 ($5 in chips)
Seat 3: 8db2a507 ($6.87 in chips)
Seat 4: 69be34aa ($15.4 in chips)
Seat 5: Hero ($10.52 in chips)
Seat 6: 3511cb01 ($14.19 in chips)
374765d9: posts small blind $0.05
dda94576: posts big blind $0.1
*** HOLE CARDS ***
Dealt to 374765d9 
Dealt to dda94576 
Dealt to 8db2a507 
Dealt to 69be34aa 
Dealt to Hero [3h 7s]
Dealt to 3511cb01 
8db2a507: raises $0.15 to $0.25
69be34aa: folds
Hero: folds
3511cb01: folds
374765d9: folds
dda94576: folds
Uncalled bet ($0.15) returned to 8db2a507
*** SHOWDOWN ***
8db2a507 collected $0.25 from pot
*** SUMMARY ***
Total pot $0.25 | Rake $0 | Jackpot $0 | Bingo $0 | Fortune $0 | Tax $0
Seat 1: 374765d9 (small blind) folded before Flop
Seat 2: dda94576 (big blind) folded before Flop
Seat 3: 8db2a507 collected ($0.25)
Seat 4: 69be34aa folded before Flop (didn't bet)
Seat 5: Hero folded before Flop (didn't bet)
Seat 6: 3511cb01 (button) folded before Flop (didn't bet)


Poker Hand #HD1761085357: Hold'em No Limit ($0.05/$0.1) - 2024/05/06 16:57:45
Table 'NLHRed30' 6-max Seat #5 is the button
Seat 1: 374765d9 ($10.17 in chips)
Seat 3: 8db2a507 ($6.87 in chips)
Seat 4: 69be34aa ($15.4 in chips)
Seat 5: Hero ($10.52 in chips)
Seat 6: 3511cb01 ($14.09 in chips)
3511cb01: posts small blind $0.05
374765d9: posts big blind $0.1
*** HOLE CARDS ***
Dealt to 374765d9 
Dealt to 8db2a507 
Dealt to 69be34aa 
Dealt to Hero [Kd 7s]
Dealt to 3511cb01 
8db2a507: folds
69be34aa: folds
Hero: folds
3511cb01: raises $0.2 to $0.3
374765d9: folds
Uncalled bet ($0.2) returned to 3511cb01
*** SHOWDOWN ***
3511cb01 collected $0.2 from pot
*** SUMMARY ***
Total pot $0.2 | Rake $0 | Jackpot $0 | Bingo $0 | Fortune $0 | Tax $0
Seat 1: 374765d9 (big blind) folded before Flop
Seat 3: 8db2a507 folded before Flop (didn't bet)
Seat 4: 69be34aa folded before Flop (didn't bet)
Seat 5: Hero (button) folded before Flop (didn't bet)
Seat 6: 3511cb01 (small blind) collected ($0.2)


Poker Hand #HD1761085274: Hold'em No Limit ($0.05/$0.1) - 2024/05/06 16:57:03
Table 'NLHRed30' 6-max Seat #4 is the button
Seat 1: 374765d9 ($10.17 in chips)
Seat 3: 8db2a507 ($8.12 in chips)
Seat 4: 69be34aa ($15.4 in chips)
Seat 5: Hero ($10.57 in chips)
Seat 6: 3511cb01 ($12.91 in chips)
Hero: posts small blind $0.05
3511cb01: posts big blind $0.1
8db2a507: posts big blind $0.1
8db2a507: posts missed blind $0.05
*** HOLE CARDS ***
Dealt to 374765d9 
Dealt to 8db2a507 
Dealt to 69be34aa 
Dealt to Hero [8c 2c]
Dealt to 3511cb01 
374765d9: folds
8db2a507: raises $0.1 to $0.2
69be34aa: folds
Hero: folds
3511cb01: calls $0.1
*** FLOP *** [5s 2h 6c]
3511cb01: checks
8db2a507: bets $0.25
3511cb01: calls $0.25
*** TURN *** [5s 2h 6c] [Td]
3511cb01: checks
8db2a507: checks
*** RIVER *** [5s 2h 6c Td] [6h]
3511cb01: bets $0.75
8db2a507: calls $0.75
3511cb01: shows [6s 8d] (Three Sixes)
8db2a507: shows [5h Kh] (Pair of Sixes and Pair of Fives)
*** SHOWDOWN ***
3511cb01 collected $2.38 from pot
*** SUMMARY ***
Total pot $2.5 | Rake $0.12 | Jackpot $0 | Bingo $0 | Fortune $0 | Tax $0
Board [5s 2h 6c Td 6h]
Seat 1: 374765d9 folded before Flop (didn't bet)
Seat 3: 8db2a507 showed [5h Kh] and lost with Pair of Sixes and Pair of Fives
Seat 4: 69be34aa (button) folded before Flop (didn't bet)
Seat 5: Hero (small blind) folded before Flop
Seat 6: 3511cb01 (big blind) showed [6s 8d] and won ($2.38) with Three Sixes


Poker Hand #HD1761085233: Hold'em No Limit ($0.05/$0.1) - 2024/05/06 16:56:47
Table 'NLHRed30' 6-max Seat #1 is the button
Seat 1: 374765d9 ($10.17 in chips)
Seat 4: 69be34aa ($15.45 in chips)
Seat 5: Hero ($10.52 in chips)
Seat 6: 3511cb01 ($12.91 in chips)
69be34aa: posts small blind $0.05
Hero: posts big blind $0.1
*** HOLE CARDS ***
Dealt to 374765d9 
Dealt to 69be34aa 
Dealt to Hero [Jd Td]
Dealt to 3511cb01 
3511cb01: folds
374765d9: folds
69be34aa: folds
Uncalled bet ($0.05) returned to Hero
*** SHOWDOWN ***
Hero collected $0.1 from pot
*** SUMMARY ***
Total pot $0.1 | Rake $0 | Jackpot $0 | Bingo $0 | Fortune $0 | Tax $0
Seat 1: 374765d9 (button) folded before Flop (didn't bet)
Seat 4: 69be34aa (small blind) folded before Flop
Seat 5: Hero (big blind) collected ($0.1)
Seat 6: 3511cb01 folded before Flop (didn't bet)


Poker Hand #HD1761085175: Hold'em No Limit ($0.05/$0.1) - 2024/05/06 16:56:18
Table 'NLHRed30' 6-max Seat #6 is the button
Seat 1: 374765d9 ($10.22 in chips)
Seat 4: 69be34aa ($15.18 in chips)
Seat 5: Hero ($10.76 in chips)
Seat 6: 3511cb01 ($12.91 in chips)
374765d9: posts small blind $0.05
69be34aa: posts big blind $0.1
*** HOLE CARDS ***
Dealt to 374765d9 
Dealt to 69be34aa 
Dealt to Hero [Ad 9c]
Dealt to 3511cb01 
Hero: raises $0.14 to $0.24
3511cb01: folds
374765d9: folds
69be34aa: raises $0.53 to $0.77
Hero: folds
Uncalled bet ($0.53) returned to 69be34aa
*** SHOWDOWN ***
69be34aa collected $0.51 from pot
*** SUMMARY ***
Total pot $0.53 | Rake $0.02 | Jackpot $0 | Bingo $0 | Fortune $0 | Tax $0
Seat 1: 374765d9 (small blind) folded before Flop
Seat 4: 69be34aa (big blind) collected ($0.51)
Seat 5: Hero folded before Flop
Seat 6: 3511cb01 (button) folded before Flop (didn't bet)


Poker Hand #HD1761085143: Hold'em No Limit ($0.05/$0.1) - 2024/05/06 16:56:04
Table 'NLHRed30' 6-max Seat #5 is the button
Seat 1: 374765d9 ($10.17 in chips)
Seat 2: 45f1ba92 ($11.36 in chips)
Seat 4: 69be34aa ($15.18 in chips)
Seat 5: Hero ($10.76 in chips)
Seat 6: 3511cb01 ($12.96 in chips)
3511cb01: posts small blind $0.05
374765d9: posts big blind $0.1
*** HOLE CARDS ***
Dealt to 374765d9 
Dealt to 45f1ba92 
Dealt to 69be34aa 
Dealt to Hero [8c 5d]
Dealt to 3511cb01 
45f1ba92: folds
69be34aa: folds
Hero: folds
3511cb01: folds
Uncalled bet ($0.05) returned to 374765d9
*** SHOWDOWN ***
374765d9 collected $0.1 from pot
*** SUMMARY ***
Total pot $0.1 | Rake $0 | Jackpot $0 | Bingo $0 | Fortune $0 | Tax $0
Seat 1: 374765d9 (big blind) collected ($0.1)
Seat 2: 45f1ba92 folded before Flop (didn't bet)
Seat 4: 69be34aa folded before Flop (didn't bet)
Seat 5: Hero (button) folded before Flop (didn't bet)
Seat 6: 3511cb01 (small blind) folded before Flop


Poker Hand #HD1761085105: Hold'em No Limit ($0.05/$0.1) - 2024/05/06 16:55:46
Table 'NLHRed30' 6-max Seat #4 is the button
Seat 1: 374765d9 ($10.17 in chips)
Seat 2: 45f1ba92 ($11.36 in chips)
Seat 3: 8db2a507 ($8.12 in chips)
Seat 4: 69be34aa ($15.18 in chips)
Seat 5: Hero ($10.81 in chips)
Seat 6: 3511cb01 ($12.91 in chips)
Hero: posts small blind $0.05
3511cb01: posts big blind $0.1
*** HOLE CARDS ***
Dealt to 374765d9 
Dealt to 45f1ba92 
Dealt to 8db2a507 
Dealt to 69be34aa 
Dealt to Hero [Qc 4c]
Dealt to 3511cb01 
374765d9: folds
45f1ba92: folds
8db2a507: folds
69be34aa: folds
Hero: folds
Uncalled bet ($0.05) returned to 3511cb01
*** SHOWDOWN ***
3511cb01 collected $0.1 from pot
*** SUMMARY ***
Total pot $0.1 | Rake $0 | Jackpot $0 | Bingo $0 | Fortune $0 | Tax $0
Seat 1: 374765d9 folded before Flop (didn't bet)
Seat 2: 45f1ba92 folded before Flop (didn't bet)
Seat 3: 8db2a507 folded before Flop (didn't bet)
Seat 4: 69be34aa (button) folded before Flop (didn't bet)
Seat 5: Hero (small blind) folded before Flop
Seat 6: 3511cb01 (big blind) collected ($0.1)


Poker Hand #HD1761084973: Hold'em No Limit ($0.05/$0.1) - 2024/05/06 16:54:42
Table 'NLHRed30' 6-max Seat #3 is the button
Seat 1: 374765d9 ($10.17 in chips)
Seat 2: 45f1ba92 ($11.36 in chips)
Seat 3: 8db2a507 ($8.75 in chips)
Seat 4: 69be34aa ($15.43 in chips)
Seat 5: Hero ($10 in chips)
Seat 6: 3511cb01 ($12.91 in chips)
69be34aa: posts small blind $0.05
Hero: posts big blind $0.1
*** HOLE CARDS ***
Dealt to 374765d9 
Dealt to 45f1ba92 
Dealt to 8db2a507 
Dealt to 69be34aa 
Dealt to Hero [9h Kh]
Dealt to 3511cb01 
3511cb01: folds
374765d9: folds
45f1ba92: folds
8db2a507: calls $0.1
69be34aa: raises $0.15 to $0.25
Hero: calls $0.15
8db2a507: calls $0.15
*** FLOP *** [Ad 9d 5s]
69be34aa: checks
Hero: checks
8db2a507: checks
*** TURN *** [Ad 9d 5s] [4d]
69be34aa: checks
Hero: checks
8db2a507: bets $0.38
69be34aa: folds
Hero: calls $0.38
*** RIVER *** [Ad 9d 5s 4d] [8s]
Hero: checks
8db2a507: checks
Hero: shows [9h Kh] (Pair of Nines)
8db2a507: shows [8d Qh] (Pair of Eights)
*** SHOWDOWN ***
Hero collected $1.44 from pot
*** SUMMARY ***
Total pot $1.51 | Rake $0.07 | Jackpot $0 | Bingo $0 | Fortune $0 | Tax $0
Board [Ad 9d 5s 4d 8s]
Seat 1: 374765d9 folded before Flop (didn't bet)
Seat 2: 45f1ba92 folded before Flop (didn't bet)
Seat 3: 8db2a507 (button) showed [8d Qh] and lost with Pair of Eights
Seat 4: 69be34aa (small blind) folded on the Turn
Seat 5: Hero (big blind) showed [9h Kh] and won ($1.44) with Pair of Nines
Seat 6: 3511cb01 folded before Flop (didn't bet)


Poker Hand #HD1761084915: Hold'em No Limit ($0.05/$0.1) - 2024/05/06 16:54:16
Table 'NLHRed30' 6-max Seat #2 is the button
Seat 1: 374765d9 ($10.17 in chips)
Seat 2: 45f1ba92 ($11.13 in chips)
Seat 3: 8db2a507 ($8.8 in chips)
Seat 4: 69be34aa ($15.63 in chips)
Seat 5: Hero ($10 in chips)
Seat 6: 3511cb01 ($12.91 in chips)
8db2a507: posts small blind $0.05
69be34aa: posts big blind $0.1
*** HOLE CARDS ***
Dealt to 374765d9 
Dealt to 45f1ba92 
Dealt to 8db2a507 
Dealt to 69be34aa 
Dealt to Hero [Qc 3d]
Dealt to 3511cb01 
Hero: folds
3511cb01: folds
374765d9: folds
45f1ba92: raises $0.1 to $0.2
8db2a507: folds
69be34aa: calls $0.1
*** FLOP *** [4d 3c Jd]
69be34aa: checks
45f1ba92: bets $0.23
69be34aa: folds
Uncalled bet ($0.23) returned to 45f1ba92
*** SHOWDOWN ***
45f1ba92 collected $0.43 from pot
*** SUMMARY ***
Total pot $0.45 | Rake $0.02 | Jackpot $0 | Bingo $0 | Fortune $0 | Tax $0
Board [4d 3c Jd]
Seat 1: 374765d9 folded before Flop (didn't bet)
Seat 2: 45f1ba92 (button) won ($0.43)
Seat 3: 8db2a507 (small blind) folded before Flop
Seat 4: 69be34aa (big blind) folded on the Flop
Seat 5: Hero folded before Flop (didn't bet)
Seat 6: 3511cb01 folded before Flop (didn't bet)


Poker Hand #HD1761084769: Hold'em No Limit ($0.05/$0.1) - 2024/05/06 16:53:06
Table 'NLHRed30' 6-max Seat #1 is the button
Seat 1: 374765d9 ($10.17 in chips)
Seat 2: 45f1ba92 ($11.18 in chips)
Seat 3: 8db2a507 ($8.9 in chips)
Seat 4: 69be34aa ($13.72 in chips)
Seat 5: Hero ($11.37 in chips)
Seat 6: 3511cb01 ($12.91 in chips)
45f1ba92: posts small blind $0.05
8db2a507: posts big blind $0.1
*** HOLE CARDS ***
Dealt to 374765d9 
Dealt to 45f1ba92 
Dealt to 8db2a507 
Dealt to 69be34aa 
Dealt to Hero [Jc Qc]
Dealt to 3511cb01 
69be34aa: raises $0.15 to $0.25
Hero: raises $0.55 to $0.8
3511cb01: folds
374765d9: folds
45f1ba92: folds
8db2a507: folds
69be34aa: calls $0.55
*** FLOP *** [Kd 9d Th]
69be34aa: checks
Hero: bets $1.26
69be34aa: calls $1.26
*** TURN *** [Kd 9d Th] [Td]
69be34aa: checks
Hero: checks
*** RIVER *** [Kd 9d Th Td] [3d]
69be34aa: bets $2.14
Hero: folds
Uncalled bet ($2.14) returned to 69be34aa
*** SHOWDOWN ***
69be34aa collected $3.97 from pot
*** SUMMARY ***
Total pot $4.27 | Rake $0.2 | Jackpot $0.1 | Bingo $0 | Fortune $0 | Tax $0
Board [Kd 9d Th Td 3d]
Seat 1: 374765d9 (button) folded before Flop (didn't bet)
Seat 2: 45f1ba92 (small blind) folded before Flop
Seat 3: 8db2a507 (big blind) folded before Flop
Seat 4: 69be34aa won ($3.97)
Seat 5: Hero folded on the River
Seat 6: 3511cb01 folded before Flop (didn't bet)


Poker Hand #HD1761084720: Hold'em No Limit ($0.05/$0.1) - 2024/05/06 16:52:42
Table 'NLHRed30' 6-max Seat #6 is the button
Seat 1: 374765d9 ($10.22 in chips)
Seat 2: 45f1ba92 ($11.28 in chips)
Seat 3: 8db2a507 ($8.75 in chips)
Seat 4: 69be34aa ($13.72 in chips)
Seat 5: Hero ($11.37 in chips)
Seat 6: 3511cb01 ($12.91 in chips)
374765d9: posts small blind $0.05
45f1ba92: posts big blind $0.1
*** HOLE CARDS ***
Dealt to 374765d9 
Dealt to 45f1ba92 
Dealt to 8db2a507 
Dealt to 69be34aa 
Dealt to Hero [Kc 5c]
Dealt to 3511cb01 
8db2a507: raises $0.15 to $0.25
69be34aa: folds
Hero: folds
3511cb01: folds
374765d9: folds
45f1ba92: folds
Uncalled bet ($0.15) returned to 8db2a507
*** SHOWDOWN ***
8db2a507 collected $0.25 from pot
*** SUMMARY ***
Total pot $0.25 | Rake $0 | Jackpot $0 | Bingo $0 | Fortune $0 | Tax $0
Seat 1: 374765d9 (small blind) folded before Flop
Seat 2: 45f1ba92 (big blind) folded before Flop
Seat 3: 8db2a507 collected ($0.25)
Seat 4: 69be34aa folded before Flop (didn't bet)
Seat 5: Hero folded before Flop (didn't bet)
Seat 6: 3511cb01 (button) folded before Flop (didn't bet)


Poker Hand #HD1761084687: Hold'em No Limit ($0.05/$0.1) - 2024/05/06 16:52:25
Table 'NLHRed30' 6-max Seat #5 is the button
Seat 1: 374765d9 ($10.32 in chips)
Seat 3: 8db2a507 ($8.6 in chips)
Seat 4: 69be34aa ($13.72 in chips)
Seat 5: Hero ($11.37 in chips)
Seat 6: 3511cb01 ($12.96 in chips)
3511cb01: posts small blind $0.05
374765d9: posts big blind $0.1
*** HOLE CARDS ***
Dealt to 374765d9 
Dealt to 8db2a507 
Dealt to 69be34aa 
Dealt to Hero [5s 7s]
Dealt to 3511cb01 
8db2a507: raises $0.1 to $0.2
69be34aa: folds
Hero: folds
3511cb01: folds
374765d9: folds
Uncalled bet ($0.1) returned to 8db2a507
*** SHOWDOWN ***
8db2a507 collected $0.25 from pot
*** SUMMARY ***
Total pot $0.25 | Rake $0 | Jackpot $0 | Bingo $0 | Fortune $0 | Tax $0
Seat 1: 374765d9 (big blind) folded before Flop
Seat 3: 8db2a507 collected ($0.25)
Seat 4: 69be34aa folded before Flop (didn't bet)
Seat 5: Hero (button) folded before Flop (didn't bet)
Seat 6: 3511cb01 (small blind) folded before Flop


Poker Hand #HD1761084608: Hold'em No Limit ($0.05/$0.1) - 2024/05/06 16:51:49
Table 'NLHRed30' 6-max Seat #4 is the button
Seat 1: 374765d9 ($10.32 in chips)
Seat 3: 8db2a507 ($9.18 in chips)
Seat 4: 69be34aa ($13.05 in chips)
Seat 5: Hero ($11.42 in chips)
Seat 6: 3511cb01 ($13.06 in chips)
Hero: posts small blind $0.05
3511cb01: posts big blind $0.1
*** HOLE CARDS ***
Dealt to 374765d9 
Dealt to 8db2a507 
Dealt to 69be34aa 
Dealt to Hero [3d 6s]
Dealt to 3511cb01 
374765d9: folds
8db2a507: raises $0.15 to $0.25
69be34aa: calls $0.25
Hero: folds
3511cb01: folds
*** FLOP *** [As Th 7s]
8db2a507: checks
69be34aa: bets $0.33
8db2a507: calls $0.33
*** TURN *** [As Th 7s] [Js]
8db2a507: checks
69be34aa: bets $0.66
8db2a507: folds
Uncalled bet ($0.66) returned to 69be34aa
*** SHOWDOWN ***
69be34aa collected $1.25 from pot
*** SUMMARY ***
Total pot $1.31 | Rake $0.06 | Jackpot $0 | Bingo $0 | Fortune $0 | Tax $0
Board [As Th 7s Js]
Seat 1: 374765d9 folded before Flop (didn't bet)
Seat 3: 8db2a507 folded on the Turn
Seat 4: 69be34aa (button) won ($1.25)
Seat 5: Hero (small blind) folded before Flop
Seat 6: 3511cb01 (big blind) folded before Flop


Poker Hand #HD1761084586: Hold'em No Limit ($0.05/$0.1) - 2024/05/06 16:51:38
Table 'NLHRed30' 6-max Seat #3 is the button
Seat 1: 374765d9 ($10.32 in chips)
Seat 3: 8db2a507 ($9.18 in chips)
Seat 4: 69be34aa ($12.95 in chips)
Seat 5: Hero ($11.52 in chips)
Seat 6: 3511cb01 ($13.06 in chips)
69be34aa: posts small blind $0.05
Hero: posts big blind $0.1
*** HOLE CARDS ***
Dealt to 374765d9 
Dealt to 8db2a507 
Dealt to 69be34aa 
Dealt to Hero [3d Ac]
Dealt to 3511cb01 
3511cb01: folds
374765d9: folds
8db2a507: folds
69be34aa: raises $0.15 to $0.25
Hero: folds
Uncalled bet ($0.15) returned to 69be34aa
*** SHOWDOWN ***
69be34aa collected $0.2 from pot
*** SUMMARY ***
Total pot $0.2 | Rake $0 | Jackpot $0 | Bingo $0 | Fortune $0 | Tax $0
Seat 1: 374765d9 folded before Flop (didn't bet)
Seat 3: 8db2a507 (button) folded before Flop (didn't bet)
Seat 4: 69be34aa (small blind) collected ($0.2)
Seat 5: Hero (big blind) folded before Flop
Seat 6: 3511cb01 folded before Flop (didn't bet)


Poker Hand #HD1761084535: Hold'em No Limit ($0.05/$0.1) - 2024/05/06 16:51:13
Table 'NLHRed30' 6-max Seat #1 is the button
Seat 1: 374765d9 ($10 in chips)
Seat 3: 8db2a507 ($9.43 in chips)
Seat 4: 69be34aa ($13.05 in chips)
Seat 5: Hero ($11.52 in chips)
Seat 6: 3511cb01 ($13.06 in chips)
8db2a507: posts small blind $0.05
69be34aa: posts big blind $0.1
*** HOLE CARDS ***
Dealt to 374765d9 
Dealt to 8db2a507 
Dealt to 69be34aa 
Dealt to Hero [2d 2h]
Dealt to 3511cb01 
Hero: folds
3511cb01: folds
374765d9: raises $0.15 to $0.25
8db2a507: calls $0.2
69be34aa: folds
*** FLOP *** [Kc Qd 3h]
8db2a507: checks
374765d9: bets $0.2
8db2a507: folds
Uncalled bet ($0.2) returned to 374765d9
*** SHOWDOWN ***
374765d9 collected $0.57 from pot
*** SUMMARY ***
Total pot $0.6 | Rake $0.03 | Jackpot $0 | Bingo $0 | Fortune $0 | Tax $0
Board [Kc Qd 3h]
Seat 1: 374765d9 (button) won ($0.57)
Seat 3: 8db2a507 (small blind) folded on the Flop
Seat 4: 69be34aa (big blind) folded before Flop
Seat 5: Hero folded before Flop (didn't bet)
Seat 6: 3511cb01 folded before Flop (didn't bet)


Poker Hand #HD1761084436: Hold'em No Limit ($0.05/$0.1) - 2024/05/06 16:50:31
Table 'NLHRed30' 6-max Seat #6 is the button
Seat 1: 374765d9 ($10.05 in chips)
Seat 3: 8db2a507 ($8.53 in chips)
Seat 4: 69be34aa ($13.05 in chips)
Seat 5: Hero ($11.52 in chips)
Seat 6: 3511cb01 ($13.06 in chips)
374765d9: posts small blind $0.05
8db2a507: posts big blind $0.1
*** HOLE CARDS ***
Dealt to 374765d9 
Dealt to 8db2a507 
Dealt to 69be34aa 
Dealt to Hero [Ac 6h]
Dealt to 3511cb01 
69be34aa: folds
Hero: folds
3511cb01: folds
374765d9: raises $0.15 to $0.25
8db2a507: calls $0.15
*** FLOP *** [Qc 4d Ts]
374765d9: bets $0.25
8db2a507: calls $0.25
*** TURN *** [Qc 4d Ts] [4c]
374765d9: bets $0.5
8db2a507: calls $0.5
*** RIVER *** [Qc 4d Ts 4c] [Kh]
374765d9: checks
8db2a507: checks
374765d9: shows [Jc 5c] (Pair of Fours)
8db2a507: shows [5s Qh] (Pair of Queens and Pair of Fours)
*** SHOWDOWN ***
8db2a507 collected $1.9 from pot
*** SUMMARY ***
Total pot $2 | Rake $0.1 | Jackpot $0 | Bingo $0 | Fortune $0 | Tax $0
Board [Qc 4d Ts 4c Kh]
Seat 1: 374765d9 (small blind) showed [Jc 5c] and lost with Pair of Fours
Seat 3: 8db2a507 (big blind) showed [5s Qh] and won ($1.9) with Pair of Queens and Pair of Fours
Seat 4: 69be34aa folded before Flop (didn't bet)
Seat 5: Hero folded before Flop (didn't bet)
Seat 6: 3511cb01 (button) folded before Flop (didn't bet)


Poker Hand #HD1761084412: Hold'em No Limit ($0.05/$0.1) - 2024/05/06 16:50:19
Table 'NLHRed30' 6-max Seat #5 is the button
Seat 1: 374765d9 ($10 in chips)
Seat 3: 8db2a507 ($8.53 in chips)
Seat 4: 69be34aa ($13.05 in chips)
Seat 5: Hero ($11.52 in chips)
Seat 6: 3511cb01 ($13.11 in chips)
3511cb01: posts small blind $0.05
374765d9: posts big blind $0.1
*** HOLE CARDS ***
Dealt to 374765d9 
Dealt to 8db2a507 
Dealt to 69be34aa 
Dealt to Hero [7c 5h]
Dealt to 3511cb01 
8db2a507: folds
69be34aa: folds
Hero: folds
3511cb01: folds
Uncalled bet ($0.05) returned to 374765d9
*** SHOWDOWN ***
374765d9 collected $0.1 from pot
*** SUMMARY ***
Total pot $0.1 | Rake $0 | Jackpot $0 | Bingo $0 | Fortune $0 | Tax $0
Seat 1: 374765d9 (big blind) collected ($0.1)
Seat 3: 8db2a507 folded before Flop (didn't bet)
Seat 4: 69be34aa folded before Flop (didn't bet)
Seat 5: Hero (button) folded before Flop (didn't bet)
Seat 6: 3511cb01 (small blind) folded before Flop


Poker Hand #HD1761084289: Hold'em No Limit ($0.05/$0.1) - 2024/05/06 16:49:28
Table 'NLHRed30' 6-max Seat #4 is the button
Seat 1: 374765d9 ($10 in chips)
Seat 3: 8db2a507 ($7.41 in chips)
Seat 4: 69be34aa ($13.05 in chips)
Seat 5: Hero ($11.57 in chips)
Seat 6: 3511cb01 ($13.21 in chips)
Hero: posts small blind $0.05
3511cb01: posts big blind $0.1
*** HOLE CARDS ***
Dealt to 374765d9 
Dealt to 8db2a507 
Dealt to 69be34aa 
Dealt to Hero [Qs 5c]
Dealt to 3511cb01 
374765d9: raises $0.15 to $0.25
8db2a507: raises $0.25 to $0.5
69be34aa: folds
Hero: folds
3511cb01: folds
374765d9: calls $0.25
*** FLOP *** [4s 9c Ah]
374765d9: checks
8db2a507: bets $0.58
374765d9: calls $0.58
*** TURN *** [4s 9c Ah] [5h]
374765d9: checks
8db2a507: checks
*** RIVER *** [4s 9c Ah 5h] [Jc]
374765d9: checks
8db2a507: checks
374765d9: shows [9d 8d] (Pair of Nines)
8db2a507: shows [Tc Td] (Pair of Tens)
*** SHOWDOWN ***
8db2a507 collected $2.2 from pot
*** SUMMARY ***
Total pot $2.31 | Rake $0.11 | Jackpot $0 | Bingo $0 | Fortune $0 | Tax $0
Board [4s 9c Ah 5h Jc]
Seat 1: 374765d9 showed [9d 8d] and lost with Pair of Nines
Seat 3: 8db2a507 showed [Tc Td] and won ($2.2) with Pair of Tens
Seat 4: 69be34aa (button) folded before Flop (didn't bet)
Seat 5: Hero (small blind) folded before Flop
Seat 6: 3511cb01 (big blind) folded before Flop


Poker Hand #HD1761084218: Hold'em No Limit ($0.05/$0.1) - 2024/05/06 16:48:57
Table 'NLHRed30' 6-max Seat #3 is the button
Seat 1: 374765d9 ($10 in chips)
Seat 3: 8db2a507 ($7.41 in chips)
Seat 4: 69be34aa ($13.1 in chips)
Seat 5: Hero ($11.52 in chips)
Seat 6: 3511cb01 ($13.21 in chips)
69be34aa: posts small blind $0.05
Hero: posts big blind $0.1
*** HOLE CARDS ***
Dealt to 374765d9 
Dealt to 8db2a507 
Dealt to 69be34aa 
Dealt to Hero [2d 8c]
Dealt to 3511cb01 
3511cb01: folds
374765d9: folds
8db2a507: folds
69be34aa: folds
Uncalled bet ($0.05) returned to Hero
*** SHOWDOWN ***
Hero collected $0.1 from pot
*** SUMMARY ***
Total pot $0.1 | Rake $0 | Jackpot $0 | Bingo $0 | Fortune $0 | Tax $0
Seat 1: 374765d9 folded before Flop (didn't bet)
Seat 3: 8db2a507 (button) folded before Flop (didn't bet)
Seat 4: 69be34aa (small blind) folded before Flop
Seat 5: Hero (big blind) collected ($0.1)
Seat 6: 3511cb01 folded before Flop (didn't bet)


Poker Hand #HD1761084091: Hold'em No Limit ($0.05/$0.1) - 2024/05/06 16:47:56
Table 'NLHRed30' 6-max Seat #1 is the button
Seat 1: 374765d9 ($10 in chips)
Seat 2: 45f1ba92 ($11.33 in chips)
Seat 3: 8db2a507 ($6.95 in chips)
Seat 4: 69be34aa ($13.1 in chips)
Seat 5: Hero ($11.97 in chips)
Seat 6: 3511cb01 ($13.21 in chips)
45f1ba92: posts small blind $0.05
8db2a507: posts big blind $0.1
*** HOLE CARDS ***
Dealt to 374765d9 
Dealt to 45f1ba92 
Dealt to 8db2a507 
Dealt to 69be34aa 
Dealt to Hero [Qc Jh]
Dealt to 3511cb01 
69be34aa: folds
Hero: raises $0.1 to $0.2
3511cb01: folds
374765d9: folds
45f1ba92: folds
8db2a507: raises $0.25 to $0.45
Hero: calls $0.25
*** FLOP *** [Ac 7c 6s]
8db2a507: bets $0.48
Hero: folds
Uncalled bet ($0.48) returned to 8db2a507
*** SHOWDOWN ***
8db2a507 collected $0.91 from pot
*** SUMMARY ***
Total pot $0.95 | Rake $0.04 | Jackpot $0 | Bingo $0 | Fortune $0 | Tax $0
Board [Ac 7c 6s]
Seat 1: 374765d9 (button) folded before Flop (didn't bet)
Seat 2: 45f1ba92 (small blind) folded before Flop
Seat 3: 8db2a507 (big blind) won ($0.91)
Seat 4: 69be34aa folded before Flop (didn't bet)
Seat 5: Hero folded on the Flop
Seat 6: 3511cb01 folded before Flop (didn't bet)


Poker Hand #HD1761083969: Hold'em No Limit ($0.05/$0.1) - 2024/05/06 16:46:54
Table 'NLHRed30' 6-max Seat #6 is the button
Seat 1: 374765d9 ($10 in chips)
Seat 2: 45f1ba92 ($11.43 in chips)
Seat 3: 8db2a507 ($5.18 in chips)
Seat 4: 69be34aa ($13.3 in chips)
Seat 5: Hero ($11.97 in chips)
Seat 6: 3511cb01 ($14.91 in chips)
374765d9: posts small blind $0.05
45f1ba92: posts big blind $0.1
*** HOLE CARDS ***
Dealt to 374765d9 
Dealt to 45f1ba92 
Dealt to 8db2a507 
Dealt to 69be34aa 
Dealt to Hero [8s Ah]
Dealt to 3511cb01 
8db2a507: raises $0.1 to $0.2
69be34aa: calls $0.2
Hero: folds
3511cb01: raises $0.8 to $1
374765d9: folds
45f1ba92: folds
8db2a507: calls $0.8
69be34aa: folds
*** FLOP *** [5d 5c Jd]
8db2a507: checks
3511cb01: bets $0.7
8db2a507: calls $0.7
*** TURN *** [5d 5c Jd] [Td]
8db2a507: checks
3511cb01: checks
*** RIVER *** [5d 5c Jd Td] [9s]
8db2a507: checks
3511cb01: checks
8db2a507: shows [7c Jc] (Pair of Jacks and Pair of Fives)
3511cb01: shows [Kd As] (Pair of Fives)
*** SHOWDOWN ***
8db2a507 collected $3.47 from pot
*** SUMMARY ***
Total pot $3.75 | Rake $0.18 | Jackpot $0.1 | Bingo $0 | Fortune $0 | Tax $0
Board [5d 5c Jd Td 9s]
Seat 1: 374765d9 (small blind) folded before Flop
Seat 2: 45f1ba92 (big blind) folded before Flop
Seat 3: 8db2a507 showed [7c Jc] and won ($3.47) with Pair of Jacks and Pair of Fives
Seat 4: 69be34aa folded before Flop
Seat 5: Hero folded before Flop (didn't bet)
Seat 6: 3511cb01 (button) showed [Kd As] and lost with Pair of Fives


Poker Hand #HD1761083869: Hold'em No Limit ($0.05/$0.1) - 2024/05/06 16:46:10
Table 'NLHRed30' 6-max Seat #5 is the button
Seat 1: 374765d9 ($10.15 in chips)
Seat 2: 45f1ba92 ($11.43 in chips)
Seat 3: 8db2a507 ($4.65 in chips)
Seat 4: 69be34aa ($13.3 in chips)
Seat 5: Hero ($11.97 in chips)
Seat 6: 3511cb01 ($14.96 in chips)
3511cb01: posts small blind $0.05
374765d9: posts big blind $0.1
*** HOLE CARDS ***
Dealt to 374765d9 
Dealt to 45f1ba92 
Dealt to 8db2a507 
Dealt to 69be34aa 
Dealt to Hero [6d Js]
Dealt to 3511cb01 
45f1ba92: folds
8db2a507: raises $0.15 to $0.25
69be34aa: folds
Hero: folds
3511cb01: folds
374765d9: calls $0.15
*** FLOP *** [Td 8d 6s]
374765d9: checks
8db2a507: bets $0.28
374765d9: calls $0.28
*** TURN *** [Td 8d 6s] [4h]
374765d9: checks
8db2a507: bets $1.11
374765d9: folds
Uncalled bet ($1.11) returned to 8db2a507
*** SHOWDOWN ***
8db2a507 collected $1.06 from pot
*** SUMMARY ***
Total pot $1.11 | Rake $0.05 | Jackpot $0 | Bingo $0 | Fortune $0 | Tax $0
Board [Td 8d 6s 4h]
Seat 1: 374765d9 (big blind) folded on the Turn
Seat 2: 45f1ba92 folded before Flop (didn't bet)
Seat 3: 8db2a507 won ($1.06)
Seat 4: 69be34aa folded before Flop (didn't bet)
Seat 5: Hero (button) folded before Flop (didn't bet)
Seat 6: 3511cb01 (small blind) folded before Flop


Poker Hand #HD1761083825: Hold'em No Limit ($0.05/$0.1) - 2024/05/06 16:45:48
Table 'NLHRed30' 6-max Seat #4 is the button
Seat 1: 374765d9 ($10 in chips)
Seat 2: 45f1ba92 ($11.43 in chips)
Seat 3: 8db2a507 ($4.65 in chips)
Seat 4: 69be34aa ($13.3 in chips)
Seat 5: Hero ($12.02 in chips)
Seat 6: 3511cb01 ($15.06 in chips)
Hero: posts small blind $0.05
3511cb01: posts big blind $0.1
*** HOLE CARDS ***
Dealt to 374765d9 
Dealt to 45f1ba92 
Dealt to 8db2a507 
Dealt to 69be34aa 
Dealt to Hero [2d Kd]
Dealt to 3511cb01 
374765d9: raises $0.15 to $0.25
45f1ba92: folds
8db2a507: folds
69be34aa: folds
Hero: folds
3511cb01: folds
Uncalled bet ($0.15) returned to 374765d9
*** SHOWDOWN ***
374765d9 collected $0.25 from pot
*** SUMMARY ***
Total pot $0.25 | Rake $0 | Jackpot $0 | Bingo $0 | Fortune $0 | Tax $0
Seat 1: 374765d9 collected ($0.25)
Seat 2: 45f1ba92 folded before Flop (didn't bet)
Seat 3: 8db2a507 folded before Flop (didn't bet)
Seat 4: 69be34aa (button) folded before Flop (didn't bet)
Seat 5: Hero (small blind) folded before Flop
Seat 6: 3511cb01 (big blind) folded before Flop


Poker Hand #HD1761083778: Hold'em No Limit ($0.05/$0.1) - 2024/05/06 16:45:25
Table 'NLHRed30' 6-max Seat #3 is the button
Seat 1: 374765d9 ($10 in chips)
Seat 2: 45f1ba92 ($11.43 in chips)
Seat 3: 8db2a507 ($4.65 in chips)
Seat 4: 69be34aa ($13.35 in chips)
Seat 5: Hero ($11.97 in chips)
Seat 6: 3511cb01 ($15.06 in chips)
69be34aa: posts small blind $0.05
Hero: posts big blind $0.1
*** HOLE CARDS ***
Dealt to 374765d9 
Dealt to 45f1ba92 
Dealt to 8db2a507 
Dealt to 69be34aa 
Dealt to Hero [3d Qd]
Dealt to 3511cb01 
3511cb01: folds
374765d9: folds
45f1ba92: folds
8db2a507: folds
69be34aa: folds
Uncalled bet ($0.05) returned to Hero
*** SHOWDOWN ***
Hero collected $0.1 from pot
*** SUMMARY ***
Total pot $0.1 | Rake $0 | Jackpot $0 | Bingo $0 | Fortune $0 | Tax $0
Seat 1: 374765d9 folded before Flop (didn't bet)
Seat 2: 45f1ba92 folded before Flop (didn't bet)
Seat 3: 8db2a507 (button) folded before Flop (didn't bet)
Seat 4: 69be34aa (small blind) folded before Flop
Seat 5: Hero (big blind) collected ($0.1)
Seat 6: 3511cb01 folded before Flop (didn't bet)


Poker Hand #HD1761083710: Hold'em No Limit ($0.05/$0.1) - 2024/05/06 16:44:53
Table 'NLHRed30' 6-max Seat #2 is the button
Seat 1: 374765d9 ($10 in chips)
Seat 2: 45f1ba92 ($11.43 in chips)
Seat 3: 8db2a507 ($4.7 in chips)
Seat 4: 69be34aa ($13.12 in chips)
Seat 5: Hero ($12.17 in chips)
Seat 6: 3511cb01 ($15.06 in chips)
8db2a507: posts small blind $0.05
69be34aa: posts big blind $0.1
*** HOLE CARDS ***
Dealt to 374765d9 
Dealt to 45f1ba92 
Dealt to 8db2a507 
Dealt to 69be34aa 
Dealt to Hero [9d Jd]
Dealt to 3511cb01 
Hero: raises $0.1 to $0.2
3511cb01: folds
374765d9: folds
45f1ba92: folds
8db2a507: folds
69be34aa: calls $0.1
*** FLOP *** [6h 5d 3s]
69be34aa: checks
Hero: checks
*** TURN *** [6h 5d 3s] [4h]
69be34aa: bets $0.23
Hero: folds
Uncalled bet ($0.23) returned to 69be34aa
*** SHOWDOWN ***
69be34aa collected $0.43 from pot
*** SUMMARY ***
Total pot $0.45 | Rake $0.02 | Jackpot $0 | Bingo $0 | Fortune $0 | Tax $0
Board [6h 5d 3s 4h]
Seat 1: 374765d9 folded before Flop (didn't bet)
Seat 2: 45f1ba92 (button) folded before Flop (didn't bet)
Seat 3: 8db2a507 (small blind) folded before Flop
Seat 4: 69be34aa (big blind) won ($0.43)
Seat 5: Hero folded on the Turn
Seat 6: 3511cb01 folded before Flop (didn't bet)


Poker Hand #HD1761083596: Hold'em No Limit ($0.05/$0.1) - 2024/05/06 16:43:59
Table 'NLHRed30' 6-max Seat #1 is the button
Seat 1: 374765d9 ($10 in chips)
Seat 2: 45f1ba92 ($11.48 in chips)
Seat 3: 8db2a507 ($5.23 in chips)
Seat 4: 69be34aa ($12.59 in chips)
Seat 5: Hero ($12.17 in chips)
Seat 6: 3511cb01 ($15.06 in chips)
45f1ba92: posts small blind $0.05
8db2a507: posts big blind $0.1
*** HOLE CARDS ***
Dealt to 374765d9 
Dealt to 45f1ba92 
Dealt to 8db2a507 
Dealt to 69be34aa 
Dealt to Hero [8h 3d]
Dealt to 3511cb01 
69be34aa: raises $0.15 to $0.25
Hero: folds
3511cb01: folds
374765d9: folds
45f1ba92: folds
8db2a507: calls $0.15
*** FLOP *** [2c Tc 9h]
8db2a507: checks
69be34aa: checks
*** TURN *** [2c Tc 9h] [Jh]
8db2a507: bets $0.28
69be34aa: calls $0.28
*** RIVER *** [2c Tc 9h Jh] [Kh]
8db2a507: checks
69be34aa: checks
8db2a507: shows [7h 7d] (Pair of Sevens)
69be34aa: shows [Ad Jc] (Pair of Jacks)
*** SHOWDOWN ***
69be34aa collected $1.06 from pot
*** SUMMARY ***
Total pot $1.11 | Rake $0.05 | Jackpot $0 | Bingo $0 | Fortune $0 | Tax $0
Board [2c Tc 9h Jh Kh]
Seat 1: 374765d9 (button) folded before Flop (didn't bet)
Seat 2: 45f1ba92 (small blind) folded before Flop
Seat 3: 8db2a507 (big blind) showed [7h 7d] and lost with Pair of Sevens
Seat 4: 69be34aa showed [Ad Jc] and won ($1.06) with Pair of Jacks
Seat 5: Hero folded before Flop (didn't bet)
Seat 6: 3511cb01 folded before Flop (didn't bet)


Poker Hand #HD1761083545: Hold'em No Limit ($0.05/$0.1) - 2024/05/06 16:43:36
Table 'NLHRed30' 6-max Seat #6 is the button
Seat 1: 374765d9 ($10 in chips)
Seat 2: 45f1ba92 ($11.58 in chips)
Seat 3: 8db2a507 ($5.23 in chips)
Seat 4: 69be34aa ($12.59 in chips)
Seat 5: Hero ($12.17 in chips)
Seat 6: 3511cb01 ($14.91 in chips)
374765d9: posts small blind $0.05
45f1ba92: posts big blind $0.1
*** HOLE CARDS ***
Dealt to 374765d9 
Dealt to 45f1ba92 
Dealt to 8db2a507 
Dealt to 69be34aa 
Dealt to Hero [Td 6c]
Dealt to 3511cb01 
8db2a507: folds
69be34aa: folds
Hero: folds
3511cb01: raises $0.15 to $0.25
374765d9: folds
45f1ba92: folds
Uncalled bet ($0.15) returned to 3511cb01
*** SHOWDOWN ***
3511cb01 collected $0.25 from pot
*** SUMMARY ***
Total pot $0.25 | Rake $0 | Jackpot $0 | Bingo $0 | Fortune $0 | Tax $0
Seat 1: 374765d9 (small blind) folded before Flop
Seat 2: 45f1ba92 (big blind) folded before Flop
Seat 3: 8db2a507 folded before Flop (didn't bet)
Seat 4: 69be34aa folded before Flop (didn't bet)
Seat 5: Hero folded before Flop (didn't bet)
Seat 6: 3511cb01 (button) collected ($0.25)


Poker Hand #HD1761083465: Hold'em No Limit ($0.05/$0.1) - 2024/05/06 16:43:00
Table 'NLHRed30' 6-max Seat #5 is the button
Seat 1: 374765d9 ($10 in chips)
Seat 2: 45f1ba92 ($11.58 in chips)
Seat 3: 8db2a507 ($5 in chips)
Seat 4: 69be34aa ($12.59 in chips)
Seat 5: Hero ($12.17 in chips)
Seat 6: 3511cb01 ($14.96 in chips)
3511cb01: posts small blind $0.05
374765d9: posts big blind $0.1
8db2a507: posts big blind $0.1
*** HOLE CARDS ***
Dealt to 374765d9 
Dealt to 45f1ba92 
Dealt to 8db2a507 
Dealt to 69be34aa 
Dealt to Hero [4s Jd]
Dealt to 3511cb01 
45f1ba92: folds
8db2a507: raises $0.1 to $0.2
69be34aa: folds
Hero: folds
3511cb01: folds
374765d9: calls $0.1
*** FLOP *** [5h 9s 9h]
374765d9: checks
8db2a507: checks
*** TURN *** [5h 9s 9h] [Kd]
374765d9: checks
8db2a507: bets $0.23
374765d9: folds
Uncalled bet ($0.23) returned to 8db2a507
*** SHOWDOWN ***
8db2a507 collected $0.43 from pot
*** SUMMARY ***
Total pot $0.45 | Rake $0.02 | Jackpot $0 | Bingo $0 | Fortune $0 | Tax $0
Board [5h 9s 9h Kd]
Seat 1: 374765d9 (big blind) folded on the Turn
Seat 2: 45f1ba92 folded before Flop (didn't bet)
Seat 3: 8db2a507 won ($0.43)
Seat 4: 69be34aa folded before Flop (didn't bet)
Seat 5: Hero (button) folded before Flop (didn't bet)
Seat 6: 3511cb01 (small blind) folded before Flop


Poker Hand #HD1761083439: Hold'em No Limit ($0.05/$0.1) - 2024/05/06 16:42:47
Table 'NLHRed30' 6-max Seat #4 is the button
Seat 2: 45f1ba92 ($11.43 in chips)
Seat 4: 69be34aa ($12.59 in chips)
Seat 5: Hero ($12.22 in chips)
Seat 6: 3511cb01 ($15.06 in chips)
Hero: posts small blind $0.05
3511cb01: posts big blind $0.1
*** HOLE CARDS ***
Dealt to 45f1ba92 
Dealt to 69be34aa 
Dealt to Hero [7c Jd]
Dealt to 3511cb01 
45f1ba92: raises $0.15 to $0.25
69be34aa: folds
Hero: folds
3511cb01: folds
Uncalled bet ($0.15) returned to 45f1ba92
*** SHOWDOWN ***
45f1ba92 collected $0.25 from pot
*** SUMMARY ***
Total pot $0.25 | Rake $0 | Jackpot $0 | Bingo $0 | Fortune $0 | Tax $0
Seat 2: 45f1ba92 collected ($0.25)
Seat 4: 69be34aa (button) folded before Flop (didn't bet)
Seat 5: Hero (small blind) folded before Flop
Seat 6: 3511cb01 (big blind) folded before Flop


Poker Hand #HD1761083384: Hold'em No Limit ($0.05/$0.1) - 2024/05/06 16:42:22
Table 'NLHRed30' 6-max Seat #3 is the button
Seat 2: 45f1ba92 ($11.43 in chips)
Seat 3: 63d8a8ee ($18.87 in chips)
Seat 4: 69be34aa ($12.64 in chips)
Seat 5: Hero ($12.32 in chips)
Seat 6: 3511cb01 ($14.91 in chips)
69be34aa: posts small blind $0.05
Hero: posts big blind $0.1
*** HOLE CARDS ***
Dealt to 45f1ba92 
Dealt to 63d8a8ee 
Dealt to 69be34aa 
Dealt to Hero [5h Kc]
Dealt to 3511cb01 
3511cb01: raises $0.15 to $0.25
45f1ba92: folds
63d8a8ee: folds
69be34aa: folds
Hero: folds
Uncalled bet ($0.15) returned to 3511cb01
*** SHOWDOWN ***
3511cb01 collected $0.25 from pot
*** SUMMARY ***
Total pot $0.25 | Rake $0 | Jackpot $0 | Bingo $0 | Fortune $0 | Tax $0
Seat 2: 45f1ba92 folded before Flop (didn't bet)
Seat 3: 63d8a8ee (button) folded before Flop (didn't bet)
Seat 4: 69be34aa (small blind) folded before Flop
Seat 5: Hero (big blind) folded before Flop
Seat 6: 3511cb01 collected ($0.25)


Poker Hand #HD1761083267: Hold'em No Limit ($0.05/$0.1) - 2024/05/06 16:41:21
Table 'NLHRed30' 6-max Seat #2 is the button
Seat 2: 45f1ba92 ($11.43 in chips)
Seat 3: 63d8a8ee ($19.07 in chips)
Seat 4: 69be34aa ($12.27 in chips)
Seat 5: Hero ($12.52 in chips)
Seat 6: 3511cb01 ($14.91 in chips)
63d8a8ee: posts small blind $0.05
69be34aa: posts big blind $0.1
*** HOLE CARDS ***
Dealt to 45f1ba92 
Dealt to 63d8a8ee 
Dealt to 69be34aa 
Dealt to Hero [Kh Ad]
Dealt to 3511cb01 
Hero: raises $0.1 to $0.2
3511cb01: folds
45f1ba92: folds
63d8a8ee: calls $0.15
69be34aa: calls $0.1
*** FLOP *** [7d 2d Qs]
63d8a8ee: checks
69be34aa: checks
Hero: checks
*** TURN *** [7d 2d Qs] [6c]
63d8a8ee: checks
69be34aa: bets $0.3
Hero: folds
63d8a8ee: folds
Uncalled bet ($0.3) returned to 69be34aa
*** SHOWDOWN ***
69be34aa collected $0.57 from pot
*** SUMMARY ***
Total pot $0.6 | Rake $0.03 | Jackpot $0 | Bingo $0 | Fortune $0 | Tax $0
Board [7d 2d Qs 6c]
Seat 2: 45f1ba92 (button) folded before Flop (didn't bet)
Seat 3: 63d8a8ee (small blind) folded on the Turn
Seat 4: 69be34aa (big blind) won ($0.57)
Seat 5: Hero folded on the Turn
Seat 6: 3511cb01 folded before Flop (didn't bet)


Poker Hand #HD1761083103: Hold'em No Limit ($0.05/$0.1) - 2024/05/06 16:40:00
Table 'NLHRed30' 6-max Seat #6 is the button
Seat 1: 70aa1c09 ($5.95 in chips)
Seat 2: 45f1ba92 ($11.53 in chips)
Seat 3: 63d8a8ee ($13.71 in chips)
Seat 4: 69be34aa ($12.27 in chips)
Seat 5: Hero ($12.52 in chips)
Seat 6: 3511cb01 ($14.91 in chips)
70aa1c09: posts small blind $0.05
45f1ba92: posts big blind $0.1
*** HOLE CARDS ***
Dealt to 70aa1c09 
Dealt to 45f1ba92 
Dealt to 63d8a8ee 
Dealt to 69be34aa 
Dealt to Hero [Jc 8h]
Dealt to 3511cb01 
63d8a8ee: raises $0.2 to $0.3
69be34aa: folds
Hero: folds
3511cb01: folds
70aa1c09: calls $0.25
45f1ba92: folds
*** FLOP *** [Ks 9s 5c]
70aa1c09: checks
63d8a8ee: bets $0.24
70aa1c09: calls $0.24
*** TURN *** [Ks 9s 5c] [Qs]
70aa1c09: checks
63d8a8ee: bets $0.59
70aa1c09: raises $0.78 to $1.37
63d8a8ee: calls $0.78
*** RIVER *** [Ks 9s 5c Qs] [4c]
70aa1c09: bets $4.04 and is all-in
63d8a8ee: calls $4.04
70aa1c09: shows [Jd Td] (Kings-High Straight)
63d8a8ee: shows [As 8s] (Ace High Flush)
*** SHOWDOWN ***
63d8a8ee collected $11.31 from pot
*** SUMMARY ***
Total pot $12 | Rake $0.59 | Jackpot $0.1 | Bingo $0 | Fortune $0 | Tax $0
Board [Ks 9s 5c Qs 4c]
Seat 1: 70aa1c09 (small blind) showed [Jd Td] and lost with Kings-High Straight
Seat 2: 45f1ba92 (big blind) folded before Flop
Seat 3: 63d8a8ee showed [As 8s] and won ($11.31) with Ace High Flush
Seat 4: 69be34aa folded before Flop (didn't bet)
Seat 5: Hero folded before Flop (didn't bet)
Seat 6: 3511cb01 (button) folded before Flop (didn't bet)


Poker Hand #HD1761083065: Hold'em No Limit ($0.05/$0.1) - 2024/05/06 16:39:41
Table 'NLHRed30' 6-max Seat #5 is the button
Seat 1: 70aa1c09 ($6.05 in chips)
Seat 2: 45f1ba92 ($11.53 in chips)
Seat 3: 63d8a8ee ($13.56 in chips)
Seat 4: 69be34aa ($12.27 in chips)
Seat 5: Hero ($12.52 in chips)
Seat 6: 3511cb01 ($14.96 in chips)
3511cb01: posts small blind $0.05
70aa1c09: posts big blind $0.1
*** HOLE CARDS ***
Dealt to 70aa1c09 
Dealt to 45f1ba92 
Dealt to 63d8a8ee 
Dealt to 69be34aa 
Dealt to Hero [Kd 2s]
Dealt to 3511cb01 
45f1ba92: folds
63d8a8ee: raises $0.2 to $0.3
69be34aa: folds
Hero: folds
3511cb01: folds
70aa1c09: folds
Uncalled bet ($0.2) returned to 63d8a8ee
*** SHOWDOWN ***
63d8a8ee collected $0.25 from pot
*** SUMMARY ***
Total pot $0.25 | Rake $0 | Jackpot $0 | Bingo $0 | Fortune $0 | Tax $0
Seat 1: 70aa1c09 (big blind) folded before Flop
Seat 2: 45f1ba92 folded before Flop (didn't bet)
Seat 3: 63d8a8ee collected ($0.25)
Seat 4: 69be34aa folded before Flop (didn't bet)
Seat 5: Hero (button) folded before Flop (didn't bet)
Seat 6: 3511cb01 (small blind) folded before Flop


Poker Hand #HD1761083001: Hold'em No Limit ($0.05/$0.1) - 2024/05/06 16:39:04
Table 'NLHRed30' 6-max Seat #4 is the button
Seat 1: 70aa1c09 ($6.05 in chips)
Seat 2: 45f1ba92 ($11.53 in chips)
Seat 3: 63d8a8ee ($13.41 in chips)
Seat 4: 69be34aa ($12.27 in chips)
Seat 5: Hero ($12.57 in chips)
Seat 6: 3511cb01 ($15.06 in chips)
Hero: posts small blind $0.05
3511cb01: posts big blind $0.1
*** HOLE CARDS ***
Dealt to 70aa1c09 
Dealt to 45f1ba92 
Dealt to 63d8a8ee 
Dealt to 69be34aa 
Dealt to Hero [Kh 4h]
Dealt to 3511cb01 
70aa1c09: folds
45f1ba92: folds
63d8a8ee: raises $0.2 to $0.3
69be34aa: folds
Hero: folds
3511cb01: folds
Uncalled bet ($0.2) returned to 63d8a8ee
*** SHOWDOWN ***
63d8a8ee collected $0.25 from pot
*** SUMMARY ***
Total pot $0.25 | Rake $0 | Jackpot $0 | Bingo $0 | Fortune $0 | Tax $0
Seat 1: 70aa1c09 folded before Flop (didn't bet)
Seat 2: 45f1ba92 folded before Flop (didn't bet)
Seat 3: 63d8a8ee collected ($0.25)
Seat 4: 69be34aa (button) folded before Flop (didn't bet)
Seat 5: Hero (small blind) folded before Flop
Seat 6: 3511cb01 (big blind) folded before Flop


Poker Hand #HD1761082958: Hold'em No Limit ($0.05/$0.1) - 2024/05/06 16:38:43
Table 'NLHRed30' 6-max Seat #3 is the button
Seat 1: 70aa1c09 ($6.05 in chips)
Seat 2: 45f1ba92 ($11.53 in chips)
Seat 3: 63d8a8ee ($13.41 in chips)
Seat 4: 69be34aa ($12.32 in chips)
Seat 5: Hero ($12.52 in chips)
Seat 6: 3511cb01 ($15.06 in chips)
69be34aa: posts small blind $0.05
Hero: posts big blind $0.1
*** HOLE CARDS ***
Dealt to 70aa1c09 
Dealt to 45f1ba92 
Dealt to 63d8a8ee 
Dealt to 69be34aa 
Dealt to Hero [Jh Ac]
Dealt to 3511cb01 
3511cb01: folds
70aa1c09: folds
45f1ba92: folds
63d8a8ee: folds
69be34aa: folds
Uncalled bet ($0.05) returned to Hero
*** SHOWDOWN ***
Hero collected $0.1 from pot
*** SUMMARY ***
Total pot $0.1 | Rake $0 | Jackpot $0 | Bingo $0 | Fortune $0 | Tax $0
Seat 1: 70aa1c09 folded before Flop (didn't bet)
Seat 2: 45f1ba92 folded before Flop (didn't bet)
Seat 3: 63d8a8ee (button) folded before Flop (didn't bet)
Seat 4: 69be34aa (small blind) folded before Flop
Seat 5: Hero (big blind) collected ($0.1)
Seat 6: 3511cb01 folded before Flop (didn't bet)


Poker Hand #HD1761082885: Hold'em No Limit ($0.05/$0.1) - 2024/05/06 16:38:11
Table 'NLHRed30' 6-max Seat #2 is the button
Seat 1: 70aa1c09 ($6.05 in chips)
Seat 2: 45f1ba92 ($11.53 in chips)
Seat 3: 63d8a8ee ($15.66 in chips)
Seat 4: 69be34aa ($10.39 in chips)
Seat 5: Hero ($12.52 in chips)
Seat 6: 3511cb01 ($15.06 in chips)
63d8a8ee: posts small blind $0.05
69be34aa: posts big blind $0.1
*** HOLE CARDS ***
Dealt to 70aa1c09 
Dealt to 45f1ba92 
Dealt to 63d8a8ee 
Dealt to 69be34aa 
Dealt to Hero [5s 2c]
Dealt to 3511cb01 
Hero: folds
3511cb01: folds
70aa1c09: folds
45f1ba92: folds
63d8a8ee: raises $0.2 to $0.3
69be34aa: raises $0.6 to $0.9
63d8a8ee: calls $0.6
*** FLOP *** [4s 8h 4d]
63d8a8ee: bets $1.35
69be34aa: raises $2.25 to $3.6
63d8a8ee: folds
Uncalled bet ($2.25) returned to 69be34aa
*** SHOWDOWN ***
69be34aa collected $4.18 from pot
*** SUMMARY ***
Total pot $4.5 | Rake $0.22 | Jackpot $0.1 | Bingo $0 | Fortune $0 | Tax $0
Board [4s 8h 4d]
Seat 1: 70aa1c09 folded before Flop (didn't bet)
Seat 2: 45f1ba92 (button) folded before Flop (didn't bet)
Seat 3: 63d8a8ee (small blind) folded on the Flop
Seat 4: 69be34aa (big blind) won ($4.18)
Seat 5: Hero folded before Flop (didn't bet)
Seat 6: 3511cb01 folded before Flop (didn't bet)


Poker Hand #HD1761082862: Hold'em No Limit ($0.05/$0.1) - 2024/05/06 16:37:56
Table 'NLHRed30' 6-max Seat #1 is the button
Seat 1: 70aa1c09 ($6.05 in chips)
Seat 2: 45f1ba92 ($11.58 in chips)
Seat 3: 63d8a8ee ($15.61 in chips)
Seat 4: 69be34aa ($10.39 in chips)
Seat 5: Hero ($12.52 in chips)
Seat 6: 3511cb01 ($15.06 in chips)
45f1ba92: posts small blind $0.05
63d8a8ee: posts big blind $0.1
*** HOLE CARDS ***
Dealt to 70aa1c09 
Dealt to 45f1ba92 
Dealt to 63d8a8ee 
Dealt to 69be34aa 
Dealt to Hero [Tc Qs]
Dealt to 3511cb01 
69be34aa: folds
Hero: folds
3511cb01: folds
70aa1c09: folds
45f1ba92: folds
Uncalled bet ($0.05) returned to 63d8a8ee
*** SHOWDOWN ***
63d8a8ee collected $0.1 from pot
*** SUMMARY ***
Total pot $0.1 | Rake $0 | Jackpot $0 | Bingo $0 | Fortune $0 | Tax $0
Seat 1: 70aa1c09 (button) folded before Flop (didn't bet)
Seat 2: 45f1ba92 (small blind) folded before Flop
Seat 3: 63d8a8ee (big blind) collected ($0.1)
Seat 4: 69be34aa folded before Flop (didn't bet)
Seat 5: Hero folded before Flop (didn't bet)
Seat 6: 3511cb01 folded before Flop (didn't bet)


Poker Hand #HD1761082841: Hold'em No Limit ($0.05/$0.1) - 2024/05/06 16:37:45
Table 'NLHRed30' 6-max Seat #6 is the button
Seat 1: 70aa1c09 ($6.1 in chips)
Seat 2: 45f1ba92 ($11.53 in chips)
Seat 3: 63d8a8ee ($15.61 in chips)
Seat 4: 69be34aa ($10.39 in chips)
Seat 5: Hero ($12.52 in chips)
Seat 6: 3511cb01 ($15.06 in chips)
70aa1c09: posts small blind $0.05
45f1ba92: posts big blind $0.1
*** HOLE CARDS ***
Dealt to 70aa1c09 
Dealt to 45f1ba92 
Dealt to 63d8a8ee 
Dealt to 69be34aa 
Dealt to Hero [8d 4s]
Dealt to 3511cb01 
63d8a8ee: folds
69be34aa: folds
Hero: folds
3511cb01: folds
70aa1c09: folds
Uncalled bet ($0.05) returned to 45f1ba92
*** SHOWDOWN ***
45f1ba92 collected $0.1 from pot
*** SUMMARY ***
Total pot $0.1 | Rake $0 | Jackpot $0 | Bingo $0 | Fortune $0 | Tax $0
Seat 1: 70aa1c09 (small blind) folded before Flop
Seat 2: 45f1ba92 (big blind) collected ($0.1)
Seat 3: 63d8a8ee folded before Flop (didn't bet)
Seat 4: 69be34aa folded before Flop (didn't bet)
Seat 5: Hero folded before Flop (didn't bet)
Seat 6: 3511cb01 (button) folded before Flop (didn't bet)


Poker Hand #HD1761082809: Hold'em No Limit ($0.05/$0.1) - 2024/05/06 16:37:28
Table 'NLHRed30' 6-max Seat #5 is the button
Seat 1: 70aa1c09 ($6.2 in chips)
Seat 2: 45f1ba92 ($11.53 in chips)
Seat 3: 63d8a8ee ($15.46 in chips)
Seat 4: 69be34aa ($10.39 in chips)
Seat 5: Hero ($12.52 in chips)
Seat 6: 3511cb01 ($15.11 in chips)
3511cb01: posts small blind $0.05
70aa1c09: posts big blind $0.1
*** HOLE CARDS ***
Dealt to 70aa1c09 
Dealt to 45f1ba92 
Dealt to 63d8a8ee 
Dealt to 69be34aa 
Dealt to Hero [9h 4h]
Dealt to 3511cb01 
45f1ba92: folds
63d8a8ee: raises $0.2 to $0.3
69be34aa: folds
Hero: folds
3511cb01: folds
70aa1c09: folds
Uncalled bet ($0.2) returned to 63d8a8ee
*** SHOWDOWN ***
63d8a8ee collected $0.25 from pot
*** SUMMARY ***
Total pot $0.25 | Rake $0 | Jackpot $0 | Bingo $0 | Fortune $0 | Tax $0
Seat 1: 70aa1c09 (big blind) folded before Flop
Seat 2: 45f1ba92 folded before Flop (didn't bet)
Seat 3: 63d8a8ee collected ($0.25)
Seat 4: 69be34aa folded before Flop (didn't bet)
Seat 5: Hero (button) folded before Flop (didn't bet)
Seat 6: 3511cb01 (small blind) folded before Flop


Poker Hand #HD1761082767: Hold'em No Limit ($0.05/$0.1) - 2024/05/06 16:37:12
Table 'NLHRed30' 6-max Seat #4 is the button
Seat 1: 70aa1c09 ($6.2 in chips)
Seat 2: 45f1ba92 ($11.53 in chips)
Seat 3: 63d8a8ee ($15.31 in chips)
Seat 4: 69be34aa ($10.39 in chips)
Seat 5: Hero ($12.57 in chips)
Seat 6: 3511cb01 ($15.21 in chips)
Hero: posts small blind $0.05
3511cb01: posts big blind $0.1
*** HOLE CARDS ***
Dealt to 70aa1c09 
Dealt to 45f1ba92 
Dealt to 63d8a8ee 
Dealt to 69be34aa 
Dealt to Hero [2s Qh]
Dealt to 3511cb01 
70aa1c09: folds
45f1ba92: folds
63d8a8ee: raises $0.2 to $0.3
69be34aa: folds
Hero: folds
3511cb01: folds
Uncalled bet ($0.2) returned to 63d8a8ee
*** SHOWDOWN ***
63d8a8ee collected $0.25 from pot
*** SUMMARY ***
Total pot $0.25 | Rake $0 | Jackpot $0 | Bingo $0 | Fortune $0 | Tax $0
Seat 1: 70aa1c09 folded before Flop (didn't bet)
Seat 2: 45f1ba92 folded before Flop (didn't bet)
Seat 3: 63d8a8ee collected ($0.25)
Seat 4: 69be34aa (button) folded before Flop (didn't bet)
Seat 5: Hero (small blind) folded before Flop
Seat 6: 3511cb01 (big blind) folded before Flop


Poker Hand #HD1761082674: Hold'em No Limit ($0.05/$0.1) - 2024/05/06 16:36:25
Table 'NLHRed30' 6-max Seat #3 is the button
Seat 1: 70aa1c09 ($6.2 in chips)
Seat 2: 45f1ba92 ($11.53 in chips)
Seat 3: 63d8a8ee ($15.16 in chips)
Seat 4: 69be34aa ($10.44 in chips)
Seat 5: Hero ($12.67 in chips)
Seat 6: 3511cb01 ($15.21 in chips)
69be34aa: posts small blind $0.05
Hero: posts big blind $0.1
*** HOLE CARDS ***
Dealt to 70aa1c09 
Dealt to 45f1ba92 
Dealt to 63d8a8ee 
Dealt to 69be34aa 
Dealt to Hero [5d 2h]
Dealt to 3511cb01 
3511cb01: folds
70aa1c09: folds
45f1ba92: folds
63d8a8ee: raises $0.2 to $0.3
69be34aa: folds
Hero: folds
Uncalled bet ($0.2) returned to 63d8a8ee
*** SHOWDOWN ***
63d8a8ee collected $0.25 from pot
*** SUMMARY ***
Total pot $0.25 | Rake $0 | Jackpot $0 | Bingo $0 | Fortune $0 | Tax $0
Seat 1: 70aa1c09 folded before Flop (didn't bet)
Seat 2: 45f1ba92 folded before Flop (didn't bet)
Seat 3: 63d8a8ee (button) collected ($0.25)
Seat 4: 69be34aa (small blind) folded before Flop
Seat 5: Hero (big blind) folded before Flop
Seat 6: 3511cb01 folded before Flop (didn't bet)


Poker Hand #HD1761082613: Hold'em No Limit ($0.05/$0.1) - 2024/05/06 16:36:01
Table 'NLHRed30' 6-max Seat #2 is the button
Seat 1: 70aa1c09 ($6.2 in chips)
Seat 2: 45f1ba92 ($11.53 in chips)
Seat 3: 63d8a8ee ($15.21 in chips)
Seat 4: 69be34aa ($10.39 in chips)
Seat 5: Hero ($12.67 in chips)
Seat 6: 3511cb01 ($15.21 in chips)
63d8a8ee: posts small blind $0.05
69be34aa: posts big blind $0.1
*** HOLE CARDS ***
Dealt to 70aa1c09 
Dealt to 45f1ba92 
Dealt to 63d8a8ee 
Dealt to 69be34aa 
Dealt to Hero [9h 3s]
Dealt to 3511cb01 
Hero: folds
3511cb01: folds
70aa1c09: folds
45f1ba92: folds
63d8a8ee: folds
Uncalled bet ($0.05) returned to 69be34aa
*** SHOWDOWN ***
69be34aa collected $0.1 from pot
*** SUMMARY ***
Total pot $0.1 | Rake $0 | Jackpot $0 | Bingo $0 | Fortune $0 | Tax $0
Seat 1: 70aa1c09 folded before Flop (didn't bet)
Seat 2: 45f1ba92 (button) folded before Flop (didn't bet)
Seat 3: 63d8a8ee (small blind) folded before Flop
Seat 4: 69be34aa (big blind) collected ($0.1)
Seat 5: Hero folded before Flop (didn't bet)
Seat 6: 3511cb01 folded before Flop (didn't bet)


Poker Hand #HD1761082498: Hold'em No Limit ($0.05/$0.1) - 2024/05/06 16:35:06
Table 'NLHRed30' 6-max Seat #1 is the button
Seat 1: 70aa1c09 ($5.76 in chips)
Seat 2: 45f1ba92 ($11.58 in chips)
Seat 3: 63d8a8ee ($15.64 in chips)
Seat 4: 69be34aa ($10.39 in chips)
Seat 5: Hero ($12.67 in chips)
Seat 6: 3511cb01 ($15.21 in chips)
45f1ba92: posts small blind $0.05
63d8a8ee: posts big blind $0.1
*** HOLE CARDS ***
Dealt to 70aa1c09 
Dealt to 45f1ba92 
Dealt to 63d8a8ee 
Dealt to 69be34aa 
Dealt to Hero [3h Td]
Dealt to 3511cb01 
69be34aa: folds
Hero: folds
3511cb01: folds
70aa1c09: raises $0.1 to $0.2
45f1ba92: folds
63d8a8ee: calls $0.1
*** FLOP *** [4h 7h Jh]
63d8a8ee: bets $0.23
70aa1c09: calls $0.23
*** TURN *** [4h 7h Jh] [2c]
63d8a8ee: checks
70aa1c09: bets $0.91
63d8a8ee: folds
Uncalled bet ($0.91) returned to 70aa1c09
*** SHOWDOWN ***
70aa1c09 collected $0.87 from pot
*** SUMMARY ***
Total pot $0.91 | Rake $0.04 | Jackpot $0 | Bingo $0 | Fortune $0 | Tax $0
Board [4h 7h Jh 2c]
Seat 1: 70aa1c09 (button) won ($0.87)
Seat 2: 45f1ba92 (small blind) folded before Flop
Seat 3: 63d8a8ee (big blind) folded on the Turn
Seat 4: 69be34aa folded before Flop (didn't bet)
Seat 5: Hero folded before Flop (didn't bet)
Seat 6: 3511cb01 folded before Flop (didn't bet)


Poker Hand #HD1761082439: Hold'em No Limit ($0.05/$0.1) - 2024/05/06 16:34:43
Table 'NLHRed30' 6-max Seat #6 is the button
Seat 1: 70aa1c09 ($5.81 in chips)
Seat 2: 45f1ba92 ($11.68 in chips)
Seat 3: 63d8a8ee ($15.64 in chips)
Seat 4: 69be34aa ($10.39 in chips)
Seat 5: Hero ($12.91 in chips)
Seat 6: 3511cb01 ($14.85 in chips)
70aa1c09: posts small blind $0.05
45f1ba92: posts big blind $0.1
*** HOLE CARDS ***
Dealt to 70aa1c09 
Dealt to 45f1ba92 
Dealt to 63d8a8ee 
Dealt to 69be34aa 
Dealt to Hero [Th 8h]
Dealt to 3511cb01 
63d8a8ee: folds
69be34aa: folds
Hero: raises $0.14 to $0.24
3511cb01: raises $0.56 to $0.8
70aa1c09: folds
45f1ba92: folds
Hero: folds
Uncalled bet ($0.56) returned to 3511cb01
*** SHOWDOWN ***
3511cb01 collected $0.6 from pot
*** SUMMARY ***
Total pot $0.63 | Rake $0.03 | Jackpot $0 | Bingo $0 | Fortune $0 | Tax $0
Seat 1: 70aa1c09 (small blind) folded before Flop
Seat 2: 45f1ba92 (big blind) folded before Flop
Seat 3: 63d8a8ee folded before Flop (didn't bet)
Seat 4: 69be34aa folded before Flop (didn't bet)
Seat 5: Hero folded before Flop
Seat 6: 3511cb01 (button) collected ($0.6)


Poker Hand #HD1761082412: Hold'em No Limit ($0.05/$0.1) - 2024/05/06 16:34:25
Table 'NLHRed30' 6-max Seat #5 is the button
Seat 1: 70aa1c09 ($5.91 in chips)
Seat 2: 45f1ba92 ($11.68 in chips)
Seat 3: 63d8a8ee ($15.64 in chips)
Seat 4: 69be34aa ($10.24 in chips)
Seat 5: Hero ($12.91 in chips)
Seat 6: 3511cb01 ($14.9 in chips)
3511cb01: posts small blind $0.05
70aa1c09: posts big blind $0.1
*** HOLE CARDS ***
Dealt to 70aa1c09 
Dealt to 45f1ba92 
Dealt to 63d8a8ee 
Dealt to 69be34aa 
Dealt to Hero [9h 8h]
Dealt to 3511cb01 
45f1ba92: folds
63d8a8ee: folds
69be34aa: raises $0.15 to $0.25
Hero: folds
3511cb01: folds
70aa1c09: folds
Uncalled bet ($0.15) returned to 69be34aa
*** SHOWDOWN ***
69be34aa collected $0.25 from pot
*** SUMMARY ***
Total pot $0.25 | Rake $0 | Jackpot $0 | Bingo $0 | Fortune $0 | Tax $0
Seat 1: 70aa1c09 (big blind) folded before Flop
Seat 2: 45f1ba92 folded before Flop (didn't bet)
Seat 3: 63d8a8ee folded before Flop (didn't bet)
Seat 4: 69be34aa collected ($0.25)
Seat 5: Hero (button) folded before Flop (didn't bet)
Seat 6: 3511cb01 (small blind) folded before Flop


Poker Hand #HD1761082349: Hold'em No Limit ($0.05/$0.1) - 2024/05/06 16:33:53
Table 'NLHRed30' 6-max Seat #4 is the button
Seat 1: 70aa1c09 ($5.91 in chips)
Seat 2: 45f1ba92 ($11.31 in chips)
Seat 3: 63d8a8ee ($15.64 in chips)
Seat 4: 69be34aa ($10.49 in chips)
Seat 5: Hero ($12.96 in chips)
Seat 6: 3511cb01 ($15 in chips)
Hero: posts small blind $0.05
3511cb01: posts big blind $0.1
*** HOLE CARDS ***
Dealt to 70aa1c09 
Dealt to 45f1ba92 
Dealt to 63d8a8ee 
Dealt to 69be34aa 
Dealt to Hero [Qh 9s]
Dealt to 3511cb01 
70aa1c09: folds
45f1ba92: raises $0.15 to $0.25
63d8a8ee: folds
69be34aa: calls $0.25
Hero: folds
3511cb01: folds
*** FLOP *** [Td 8c 6d]
45f1ba92: bets $0.33
69be34aa: folds
Uncalled bet ($0.33) returned to 45f1ba92
*** SHOWDOWN ***
45f1ba92 collected $0.62 from pot
*** SUMMARY ***
Total pot $0.65 | Rake $0.03 | Jackpot $0 | Bingo $0 | Fortune $0 | Tax $0
Board [Td 8c 6d]
Seat 1: 70aa1c09 folded before Flop (didn't bet)
Seat 2: 45f1ba92 won ($0.62)
Seat 3: 63d8a8ee folded before Flop (didn't bet)
Seat 4: 69be34aa (button) folded on the Flop
Seat 5: Hero (small blind) folded before Flop
Seat 6: 3511cb01 (big blind) folded before Flop


Poker Hand #HD1761082180: Hold'em No Limit ($0.05/$0.1) - 2024/05/06 16:32:29
Table 'NLHRed30' 6-max Seat #3 is the button
Seat 1: 70aa1c09 ($7.69 in chips)
Seat 2: 45f1ba92 ($11.31 in chips)
Seat 3: 63d8a8ee ($13.99 in chips)
Seat 4: 69be34aa ($10.54 in chips)
Seat 5: Hero ($13.06 in chips)
Seat 6: 3511cb01 ($15 in chips)
69be34aa: posts small blind $0.05
Hero: posts big blind $0.1
*** HOLE CARDS ***
Dealt to 70aa1c09 
Dealt to 45f1ba92 
Dealt to 63d8a8ee 
Dealt to 69be34aa 
Dealt to Hero [2h 6d]
Dealt to 3511cb01 
3511cb01: folds
70aa1c09: raises $0.1 to $0.2
45f1ba92: folds
63d8a8ee: raises $0.28 to $0.48
69be34aa: folds
Hero: folds
70aa1c09: calls $0.28
*** FLOP *** [2s Qh Qc]
70aa1c09: checks
63d8a8ee: checks
*** TURN *** [2s Qh Qc] [6s]
70aa1c09: checks
63d8a8ee: bets $0.37
70aa1c09: raises $0.93 to $1.3
63d8a8ee: raises $2.79 to $4.09
70aa1c09: folds
Uncalled bet ($2.79) returned to 63d8a8ee
*** SHOWDOWN ***
63d8a8ee collected $3.43 from pot
*** SUMMARY ***
Total pot $3.71 | Rake $0.18 | Jackpot $0.1 | Bingo $0 | Fortune $0 | Tax $0
Board [2s Qh Qc 6s]
Seat 1: 70aa1c09 folded on the Turn
Seat 2: 45f1ba92 folded before Flop (didn't bet)
Seat 3: 63d8a8ee (button) won ($3.43)
Seat 4: 69be34aa (small blind) folded before Flop
Seat 5: Hero (big blind) folded before Flop
Seat 6: 3511cb01 folded before Flop (didn't bet)


Poker Hand #HD1761082108: Hold'em No Limit ($0.05/$0.1) - 2024/05/06 16:31:58
Table 'NLHRed30' 6-max Seat #2 is the button
Seat 1: 70aa1c09 ($7.69 in chips)
Seat 2: 45f1ba92 ($11.31 in chips)
Seat 3: 63d8a8ee ($14.59 in chips)
Seat 4: 69be34aa ($10 in chips)
Seat 5: Hero ($13.06 in chips)
Seat 6: 3511cb01 ($15 in chips)
63d8a8ee: posts small blind $0.05
69be34aa: posts big blind $0.1
*** HOLE CARDS ***
Dealt to 70aa1c09 
Dealt to 45f1ba92 
Dealt to 63d8a8ee 
Dealt to 69be34aa 
Dealt to Hero [8c 5h]
Dealt to 3511cb01 
Hero: folds
3511cb01: folds
70aa1c09: folds
45f1ba92: folds
63d8a8ee: raises $0.2 to $0.3
69be34aa: calls $0.2
*** FLOP *** [Jd 7d 8d]
63d8a8ee: bets $0.3
69be34aa: raises $0.9 to $1.2
63d8a8ee: folds
Uncalled bet ($0.9) returned to 69be34aa
*** SHOWDOWN ***
69be34aa collected $1.14 from pot
*** SUMMARY ***
Total pot $1.2 | Rake $0.06 | Jackpot $0 | Bingo $0 | Fortune $0 | Tax $0
Board [Jd 7d 8d]
Seat 1: 70aa1c09 folded before Flop (didn't bet)
Seat 2: 45f1ba92 (button) folded before Flop (didn't bet)
Seat 3: 63d8a8ee (small blind) folded on the Flop
Seat 4: 69be34aa (big blind) won ($1.14)
Seat 5: Hero folded before Flop (didn't bet)
Seat 6: 3511cb01 folded before Flop (didn't bet)


Poker Hand #HD1761082022: Hold'em No Limit ($0.05/$0.1) - 2024/05/06 16:31:16
Table 'NLHRed30' 6-max Seat #1 is the button
Seat 1: 70aa1c09 ($7.69 in chips)
Seat 2: 45f1ba92 ($11.36 in chips)
Seat 3: 63d8a8ee ($12.14 in chips)
Seat 4: 69be34aa ($8.02 in chips)
Seat 5: Hero ($13.06 in chips)
Seat 6: 3511cb01 ($15 in chips)
45f1ba92: posts small blind $0.05
63d8a8ee: posts big blind $0.1
*** HOLE CARDS ***
Dealt to 70aa1c09 
Dealt to 45f1ba92 
Dealt to 63d8a8ee 
Dealt to 69be34aa 
Dealt to Hero [3c 2c]
Dealt to 3511cb01 
69be34aa: raises $0.15 to $0.25
Hero: folds
3511cb01: folds
70aa1c09: folds
45f1ba92: folds
63d8a8ee: calls $0.15
*** FLOP *** [6h 4c 4s]
63d8a8ee: bets $0.28
69be34aa: calls $0.28
*** TURN *** [6h 4c 4s] [Ah]
63d8a8ee: bets $0.56
69be34aa: calls $0.56
*** RIVER *** [6h 4c 4s Ah] [2h]
63d8a8ee: bets $1.68
69be34aa: calls $1.68
63d8a8ee: shows [Th 9h] (Ace High Flush)
69be34aa: shows [Js As] (Pair of Aces and Pair of Fours)
*** SHOWDOWN ***
63d8a8ee collected $5.22 from pot
*** SUMMARY ***
Total pot $5.59 | Rake $0.27 | Jackpot $0.1 | Bingo $0 | Fortune $0 | Tax $0
Board [6h 4c 4s Ah 2h]
Seat 1: 70aa1c09 (button) folded before Flop (didn't bet)
Seat 2: 45f1ba92 (small blind) folded before Flop
Seat 3: 63d8a8ee (big blind) showed [Th 9h] and won ($5.22) with Ace High Flush
Seat 4: 69be34aa showed [Js As] and lost with Pair of Aces and Pair of Fours
Seat 5: Hero folded before Flop (didn't bet)
Seat 6: 3511cb01 folded before Flop (didn't bet)


Poker Hand #HD1761081834: Hold'em No Limit ($0.05/$0.1) - 2024/05/06 16:29:35
Table 'NLHRed30' 6-max Seat #6 is the button
Seat 1: 70aa1c09 ($7.74 in chips)
Seat 2: 45f1ba92 ($11.66 in chips)
Seat 3: 63d8a8ee ($9.9 in chips)
Seat 4: 69be34aa ($10.24 in chips)
Seat 5: Hero ($13.06 in chips)
Seat 6: 3511cb01 ($15 in chips)
70aa1c09: posts small blind $0.05
45f1ba92: posts big blind $0.1
*** HOLE CARDS ***
Dealt to 70aa1c09 
Dealt to 45f1ba92 
Dealt to 63d8a8ee 
Dealt to 69be34aa 
Dealt to Hero [Qh 6s]
Dealt to 3511cb01 
63d8a8ee: raises $0.2 to $0.3
69be34aa: calls $0.3
Hero: folds
3511cb01: folds
70aa1c09: folds
45f1ba92: calls $0.2
*** FLOP *** [3h 2d Kh]
45f1ba92: checks
63d8a8ee: bets $0.48
69be34aa: calls $0.48
45f1ba92: folds
*** TURN *** [3h 2d Kh] [Tc]
63d8a8ee: bets $1.44
69be34aa: calls $1.44
*** RIVER *** [3h 2d Kh Tc] [Td]
63d8a8ee: bets $4.79
69be34aa: folds
Uncalled bet ($4.79) returned to 63d8a8ee
*** SHOWDOWN ***
63d8a8ee collected $4.46 from pot
*** SUMMARY ***
Total pot $4.79 | Rake $0.23 | Jackpot $0.1 | Bingo $0 | Fortune $0 | Tax $0
Board [3h 2d Kh Tc Td]
Seat 1: 70aa1c09 (small blind) folded before Flop
Seat 2: 45f1ba92 (big blind) folded on the Flop
Seat 3: 63d8a8ee won ($4.46)
Seat 4: 69be34aa folded on the River
Seat 5: Hero folded before Flop (didn't bet)
Seat 6: 3511cb01 (button) folded before Flop (didn't bet)


Poker Hand #HD1761081804: Hold'em No Limit ($0.05/$0.1) - 2024/05/06 16:29:13
Table 'NLHRed30' 6-max Seat #5 is the button
Seat 1: 70aa1c09 ($7.84 in chips)
Seat 2: 45f1ba92 ($11.42 in chips)
Seat 3: 63d8a8ee ($10 in chips)
Seat 4: 69be34aa ($10.24 in chips)
Seat 5: Hero ($13.06 in chips)
Seat 6: 3511cb01 ($15.05 in chips)
3511cb01: posts small blind $0.05
70aa1c09: posts big blind $0.1
63d8a8ee: posts big blind $0.1
*** HOLE CARDS ***
Dealt to 70aa1c09 
Dealt to 45f1ba92 
Dealt to 63d8a8ee 
Dealt to 69be34aa 
Dealt to Hero [Js 6h]
Dealt to 3511cb01 
45f1ba92: raises $0.25 to $0.35
63d8a8ee: folds
69be34aa: folds
Hero: folds
3511cb01: folds
70aa1c09: folds
Uncalled bet ($0.25) returned to 45f1ba92
*** SHOWDOWN ***
45f1ba92 collected $0.34 from pot
*** SUMMARY ***
Total pot $0.35 | Rake $0.01 | Jackpot $0 | Bingo $0 | Fortune $0 | Tax $0
Seat 1: 70aa1c09 (big blind) folded before Flop
Seat 2: 45f1ba92 collected ($0.34)
Seat 3: 63d8a8ee folded before Flop
Seat 4: 69be34aa folded before Flop (didn't bet)
Seat 5: Hero (button) folded before Flop (didn't bet)
Seat 6: 3511cb01 (small blind) folded before Flop


Poker Hand #HD1761081737: Hold'em No Limit ($0.05/$0.1) - 2024/05/06 16:28:39
Table 'NLHRed30' 6-max Seat #4 is the button
Seat 1: 70aa1c09 ($7.84 in chips)
Seat 2: 45f1ba92 ($11.42 in chips)
Seat 4: 69be34aa ($10.09 in chips)
Seat 5: Hero ($13.11 in chips)
Seat 6: 3511cb01 ($15.15 in chips)
Hero: posts small blind $0.05
3511cb01: posts big blind $0.1
*** HOLE CARDS ***
Dealt to 70aa1c09 
Dealt to 45f1ba92 
Dealt to 69be34aa 
Dealt to Hero [8d Ad]
Dealt to 3511cb01 
70aa1c09: folds
45f1ba92: folds
69be34aa: raises $0.15 to $0.25
Hero: folds
3511cb01: folds
Uncalled bet ($0.15) returned to 69be34aa
*** SHOWDOWN ***
69be34aa collected $0.25 from pot
*** SUMMARY ***
Total pot $0.25 | Rake $0 | Jackpot $0 | Bingo $0 | Fortune $0 | Tax $0
Seat 1: 70aa1c09 folded before Flop (didn't bet)
Seat 2: 45f1ba92 folded before Flop (didn't bet)
Seat 4: 69be34aa (button) collected ($0.25)
Seat 5: Hero (small blind) folded before Flop
Seat 6: 3511cb01 (big blind) folded before Flop


Poker Hand #HD1761081689: Hold'em No Limit ($0.05/$0.1) - 2024/05/06 16:28:18
Table 'NLHRed30' 6-max Seat #2 is the button
Seat 1: 70aa1c09 ($7.84 in chips)
Seat 2: 45f1ba92 ($11.42 in chips)
Seat 4: 69be34aa ($9.99 in chips)
Seat 5: Hero ($13.21 in chips)
Seat 6: 3511cb01 ($15.15 in chips)
69be34aa: posts small blind $0.05
Hero: posts big blind $0.1
*** HOLE CARDS ***
Dealt to 70aa1c09 
Dealt to 45f1ba92 
Dealt to 69be34aa 
Dealt to Hero [2c 3h]
Dealt to 3511cb01 
3511cb01: folds
70aa1c09: folds
45f1ba92: folds
69be34aa: raises $0.15 to $0.25
Hero: folds
Uncalled bet ($0.15) returned to 69be34aa
*** SHOWDOWN ***
69be34aa collected $0.2 from pot
*** SUMMARY ***
Total pot $0.2 | Rake $0 | Jackpot $0 | Bingo $0 | Fortune $0 | Tax $0
Seat 1: 70aa1c09 folded before Flop (didn't bet)
Seat 2: 45f1ba92 (button) folded before Flop (didn't bet)
Seat 4: 69be34aa (small blind) collected ($0.2)
Seat 5: Hero (big blind) folded before Flop
Seat 6: 3511cb01 folded before Flop (didn't bet)


Poker Hand #HD1761081668: Hold'em No Limit ($0.05/$0.1) - 2024/05/06 16:28:07
Table 'NLHRed30' 6-max Seat #1 is the button
Seat 1: 70aa1c09 ($7.84 in chips)
Seat 2: 45f1ba92 ($11.47 in chips)
Seat 4: 69be34aa ($10.09 in chips)
Seat 5: Hero ($13.06 in chips)
Seat 6: 3511cb01 ($15.15 in chips)
45f1ba92: posts small blind $0.05
69be34aa: posts big blind $0.1
*** HOLE CARDS ***
Dealt to 70aa1c09 
Dealt to 45f1ba92 
Dealt to 69be34aa 
Dealt to Hero [As Td]
Dealt to 3511cb01 
Hero: raises $0.14 to $0.24
3511cb01: folds
70aa1c09: folds
45f1ba92: folds
69be34aa: folds
Uncalled bet ($0.14) returned to Hero
*** SHOWDOWN ***
Hero collected $0.25 from pot
*** SUMMARY ***
Total pot $0.25 | Rake $0 | Jackpot $0 | Bingo $0 | Fortune $0 | Tax $0
Seat 1: 70aa1c09 (button) folded before Flop (didn't bet)
Seat 2: 45f1ba92 (small blind) folded before Flop
Seat 4: 69be34aa (big blind) folded before Flop
Seat 5: Hero collected ($0.25)
Seat 6: 3511cb01 folded before Flop (didn't bet)


Poker Hand #HD1761081614: Hold'em No Limit ($0.05/$0.1) - 2024/05/06 16:27:38
Table 'NLHRed30' 6-max Seat #6 is the button
Seat 1: 70aa1c09 ($7.89 in chips)
Seat 2: 45f1ba92 ($11.57 in chips)
Seat 4: 69be34aa ($9.94 in chips)
Seat 5: Hero ($13.06 in chips)
Seat 6: 3511cb01 ($15.15 in chips)
70aa1c09: posts small blind $0.05
45f1ba92: posts big blind $0.1
*** HOLE CARDS ***
Dealt to 70aa1c09 
Dealt to 45f1ba92 
Dealt to 69be34aa 
Dealt to Hero [7c Ah]
Dealt to 3511cb01 
69be34aa: raises $0.15 to $0.25
Hero: folds
3511cb01: folds
70aa1c09: folds
45f1ba92: folds
Uncalled bet ($0.15) returned to 69be34aa
*** SHOWDOWN ***
69be34aa collected $0.25 from pot
*** SUMMARY ***
Total pot $0.25 | Rake $0 | Jackpot $0 | Bingo $0 | Fortune $0 | Tax $0
Seat 1: 70aa1c09 (small blind) folded before Flop
Seat 2: 45f1ba92 (big blind) folded before Flop
Seat 4: 69be34aa collected ($0.25)
Seat 5: Hero folded before Flop (didn't bet)
Seat 6: 3511cb01 (button) folded before Flop (didn't bet)


Poker Hand #HD1761081415: Hold'em No Limit ($0.05/$0.1) - 2024/05/06 16:25:48
Table 'NLHRed30' 6-max Seat #5 is the button
Seat 1: 70aa1c09 ($7.99 in chips)
Seat 2: 45f1ba92 ($11.57 in chips)
Seat 3: 8f90779b ($2.35 in chips)
Seat 4: 69be34aa ($10.24 in chips)
Seat 5: Hero ($10.6 in chips)
Seat 6: 3511cb01 ($15.2 in chips)
3511cb01: posts small blind $0.05
70aa1c09: posts big blind $0.1
*** HOLE CARDS ***
Dealt to 70aa1c09 
Dealt to 45f1ba92 
Dealt to 8f90779b 
Dealt to 69be34aa 
Dealt to Hero [Jc As]
Dealt to 3511cb01 
45f1ba92: folds
8f90779b: calls $0.1
69be34aa: raises $0.2 to $0.3
Hero: raises $0.7 to $1
3511cb01: folds
70aa1c09: folds
8f90779b: calls $0.9
69be34aa: folds
*** FLOP *** [4s Jd 5d]
8f90779b: bets $0.81
Hero: calls $0.81
*** TURN *** [4s Jd 5d] [7s]
8f90779b: bets $0.54 and is all-in
Hero: calls $0.54
8f90779b: shows [Js 9s] (Pair of Jacks)
Hero: shows [Jc As] (Pair of Jacks)
*** FIRST RIVER *** [4s Jd 5d 7s] [4d]
*** SECOND RIVER *** [4s Jd 5d 7s] [Ac]
*** FIRST SHOWDOWN ***
Hero collected $2.41 from pot
*** SECOND SHOWDOWN ***
Hero collected $2.4 from pot
*** SUMMARY ***
Total pot $5.15 | Rake $0.24 | Jackpot $0.1 | Bingo $0 | Fortune $0 | Tax $0
Hand was run two times
FIRST Board [4s Jd 5d 7s 4d]
SECOND Board [Ac]
Seat 1: 70aa1c09 (big blind) folded before Flop
Seat 2: 45f1ba92 folded before Flop (didn't bet)
Seat 3: 8f90779b showed [Js 9s] and lost with Pair of Jacks and Pair of Fours, and lost
Seat 4: 69be34aa folded before Flop
Seat 5: Hero (button) showed [Jc As] and won ($2.41) with Pair of Jacks and Pair of Fours, and won ($2.4)
Seat 6: 3511cb01 (small blind) folded before Flop


Poker Hand #HD1761081352: Hold'em No Limit ($0.05/$0.1) - 2024/05/06 16:25:16
Table 'NLHRed30' 6-max Seat #4 is the button
Seat 1: 70aa1c09 ($8.44 in chips)
Seat 2: 45f1ba92 ($11.57 in chips)
Seat 3: 8f90779b ($2.4 in chips)
Seat 4: 69be34aa ($10.24 in chips)
Seat 5: Hero ($10.05 in chips)
Seat 6: 3511cb01 ($15.3 in chips)
Hero: posts small blind $0.05
3511cb01: posts big blind $0.1
8f90779b: posts missed blind $0.05
*** HOLE CARDS ***
Dealt to 70aa1c09 
Dealt to 45f1ba92 
Dealt to 8f90779b 
Dealt to 69be34aa 
Dealt to Hero [Qc Kc]
Dealt to 3511cb01 
70aa1c09: calls $0.1
45f1ba92: folds
8f90779b: folds
69be34aa: folds
Hero: raises $0.35 to $0.45
3511cb01: folds
70aa1c09: calls $0.35
*** FLOP *** [7h 9s Ks]
Hero: bets $0.5
70aa1c09: folds
Uncalled bet ($0.5) returned to Hero
*** SHOWDOWN ***
Hero collected $1 from pot
*** SUMMARY ***
Total pot $1.05 | Rake $0.05 | Jackpot $0 | Bingo $0 | Fortune $0 | Tax $0
Board [7h 9s Ks]
Seat 1: 70aa1c09 folded on the Flop
Seat 2: 45f1ba92 folded before Flop (didn't bet)
Seat 3: 8f90779b folded before Flop
Seat 4: 69be34aa (button) folded before Flop (didn't bet)
Seat 5: Hero (small blind) won ($1)
Seat 6: 3511cb01 (big blind) folded before Flop


Poker Hand #HD1761081303: Hold'em No Limit ($0.05/$0.1) - 2024/05/06 16:24:54
Table 'NLHRed30' 6-max Seat #2 is the button
Seat 1: 70aa1c09 ($8.44 in chips)
Seat 2: 45f1ba92 ($11.57 in chips)
Seat 4: 69be34aa ($10.29 in chips)
Seat 5: Hero ($10 in chips)
69be34aa: posts small blind $0.05
Hero: posts big blind $0.1
*** HOLE CARDS ***
Dealt to 70aa1c09 
Dealt to 45f1ba92 
Dealt to 69be34aa 
Dealt to Hero [Td 4c]
70aa1c09: folds
45f1ba92: folds
69be34aa: folds
Uncalled bet ($0.05) returned to Hero
*** SHOWDOWN ***
Hero collected $0.1 from pot
*** SUMMARY ***
Total pot $0.1 | Rake $0 | Jackpot $0 | Bingo $0 | Fortune $0 | Tax $0
Seat 1: 70aa1c09 folded before Flop (didn't bet)
Seat 2: 45f1ba92 (button) folded before Flop (didn't bet)
Seat 4: 69be34aa (small blind) folded before Flop
Seat 5: Hero (big blind) collected ($0.1)


Poker Hand #HD1761081227: Hold'em No Limit ($0.05/$0.1) - 2024/05/06 16:24:16
Table 'NLHRed30' 6-max Seat #1 is the button
Seat 1: 70aa1c09 ($8.44 in chips)
Seat 2: 45f1ba92 ($11.47 in chips)
Seat 3: 8f90779b ($2.5 in chips)
Seat 4: 69be34aa ($10.29 in chips)
Seat 5: Hero ($10 in chips)
45f1ba92: posts small blind $0.05
8f90779b: posts big blind $0.1
*** HOLE CARDS ***
Dealt to 70aa1c09 
Dealt to 45f1ba92 
Dealt to 8f90779b 
Dealt to 69be34aa 
Dealt to Hero [8d 2c]
69be34aa: folds
Hero: folds
70aa1c09: folds
45f1ba92: raises $0.2 to $0.3
8f90779b: folds
Uncalled bet ($0.2) returned to 45f1ba92
*** SHOWDOWN ***
45f1ba92 collected $0.2 from pot
*** SUMMARY ***
Total pot $0.2 | Rake $0 | Jackpot $0 | Bingo $0 | Fortune $0 | Tax $0
Seat 1: 70aa1c09 (button) folded before Flop (didn't bet)
Seat 2: 45f1ba92 (small blind) collected ($0.2)
Seat 3: 8f90779b (big blind) folded before Flop
Seat 4: 69be34aa folded before Flop (didn't bet)
Seat 5: Hero folded before Flop (didn't bet)


Poker Hand #HD1761081210: Hold'em No Limit ($0.05/$0.1) - 2024/05/06 16:24:03
Table 'NLHRed30' 6-max Seat #5 is the button
Seat 1: 70aa1c09 ($8.49 in chips)
Seat 2: 45f1ba92 ($11.42 in chips)
Seat 4: 69be34aa ($10.29 in chips)
Seat 5: Hero ($10 in chips)
70aa1c09: posts small blind $0.05
45f1ba92: posts big blind $0.1
*** HOLE CARDS ***
Dealt to 70aa1c09 
Dealt to 45f1ba92 
Dealt to 69be34aa 
Dealt to Hero [3c Kd]
69be34aa: folds
Hero: folds
70aa1c09: folds
Uncalled bet ($0.05) returned to 45f1ba92
*** SHOWDOWN ***
45f1ba92 collected $0.1 from pot
*** SUMMARY ***
Total pot $0.1 | Rake $0 | Jackpot $0 | Bingo $0 | Fortune $0 | Tax $0
Seat 1: 70aa1c09 (small blind) folded before Flop
Seat 2: 45f1ba92 (big blind) collected ($0.1)
Seat 4: 69be34aa folded before Flop (didn't bet)
Seat 5: Hero (button) folded before Flop (didn't bet)


Poker Hand #HD1761081148: Hold'em No Limit ($0.05/$0.1) - 2024/05/06 16:23:37
Table 'NLHRed30' 6-max Seat #4 is the button
Seat 1: 70aa1c09 ($8.21 in chips)
Seat 2: 45f1ba92 ($11.42 in chips)
Seat 4: 69be34aa ($10.54 in chips)
Seat 5: Hero ($10 in chips)
Hero: posts small blind $0.05
70aa1c09: posts big blind $0.1
*** HOLE CARDS ***
Dealt to 70aa1c09 
Dealt to 45f1ba92 
Dealt to 69be34aa 
Dealt to Hero [6d 8s]
45f1ba92: folds
69be34aa: raises $0.15 to $0.25
Hero: folds
70aa1c09: raises $0.42 to $0.67
69be34aa: folds
Uncalled bet ($0.42) returned to 70aa1c09
*** SHOWDOWN ***
70aa1c09 collected $0.53 from pot
*** SUMMARY ***
Total pot $0.55 | Rake $0.02 | Jackpot $0 | Bingo $0 | Fortune $0 | Tax $0
Seat 1: 70aa1c09 (big blind) collected ($0.53)
Seat 2: 45f1ba92 folded before Flop (didn't bet)
Seat 4: 69be34aa (button) folded before Flop
Seat 5: Hero (small blind) folded before Flop


Poker Hand #HD1761081039: Hold'em No Limit ($0.05/$0.1) - 2024/05/06 16:22:38
Table 'NLHRed30' 6-max Seat #2 is the button
Seat 1: 70aa1c09 ($8.21 in chips)
Seat 2: 45f1ba92 ($11.62 in chips)
Seat 4: 69be34aa ($9.9 in chips)
Seat 5: Hero ($10.1 in chips)
Seat 6: 3511cb01 ($15.3 in chips)
69be34aa: posts small blind $0.05
Hero: posts big blind $0.1
*** HOLE CARDS ***
Dealt to 70aa1c09 
Dealt to 45f1ba92 
Dealt to 69be34aa 
Dealt to Hero [8c Tc]
Dealt to 3511cb01 
3511cb01: folds
70aa1c09: folds
45f1ba92: raises $0.1 to $0.2
69be34aa: calls $0.15
Hero: calls $0.1
*** FLOP *** [5h 8d 7d]
69be34aa: checks
Hero: checks
45f1ba92: checks
*** TURN *** [5h 8d 7d] [9c]
69be34aa: bets $0.3
Hero: calls $0.3
45f1ba92: folds
*** RIVER *** [5h 8d 7d 9c] [Kc]
69be34aa: bets $0.9
Hero: folds
Uncalled bet ($0.9) returned to 69be34aa
*** SHOWDOWN ***
69be34aa collected $1.14 from pot
*** SUMMARY ***
Total pot $1.2 | Rake $0.06 | Jackpot $0 | Bingo $0 | Fortune $0 | Tax $0
Board [5h 8d 7d 9c Kc]
Seat 1: 70aa1c09 folded before Flop (didn't bet)
Seat 2: 45f1ba92 (button) folded on the Turn
Seat 4: 69be34aa (small blind) won ($1.14)
Seat 5: Hero (big blind) folded on the River
Seat 6: 3511cb01 folded before Flop (didn't bet)


Poker Hand #HD1761081002: Hold'em No Limit ($0.05/$0.1) - 2024/05/06 16:22:16
Table 'NLHRed30' 6-max Seat #1 is the button
Seat 1: 70aa1c09 ($8.21 in chips)
Seat 2: 45f1ba92 ($11.52 in chips)
Seat 4: 69be34aa ($10 in chips)
Seat 5: Hero ($10.1 in chips)
Seat 6: 3511cb01 ($15.3 in chips)
45f1ba92: posts small blind $0.05
69be34aa: posts big blind $0.1
*** HOLE CARDS ***
Dealt to 70aa1c09 
Dealt to 45f1ba92 
Dealt to 69be34aa 
Dealt to Hero [3d Qh]
Dealt to 3511cb01 
Hero: folds
3511cb01: folds
70aa1c09: folds
45f1ba92: raises $0.2 to $0.3
69be34aa: folds
Uncalled bet ($0.2) returned to 45f1ba92
*** SHOWDOWN ***
45f1ba92 collected $0.2 from pot
*** SUMMARY ***
Total pot $0.2 | Rake $0 | Jackpot $0 | Bingo $0 | Fortune $0 | Tax $0
Seat 1: 70aa1c09 (button) folded before Flop (didn't bet)
Seat 2: 45f1ba92 (small blind) collected ($0.2)
Seat 4: 69be34aa (big blind) folded before Flop
Seat 5: Hero folded before Flop (didn't bet)
Seat 6: 3511cb01 folded before Flop (didn't bet)


Poker Hand #HD1761080830: Hold'em No Limit ($0.05/$0.1) - 2024/05/06 16:20:42
Table 'NLHRed30' 6-max Seat #6 is the button
Seat 1: 70aa1c09 ($8.26 in chips)
Seat 2: 45f1ba92 ($10.88 in chips)
Seat 3: 8c0baa96 ($14.82 in chips)
Seat 4: 69be34aa ($10 in chips)
Seat 5: Hero ($10.1 in chips)
Seat 6: 3511cb01 ($15.95 in chips)
70aa1c09: posts small blind $0.05
45f1ba92: posts big blind $0.1
*** HOLE CARDS ***
Dealt to 70aa1c09 
Dealt to 45f1ba92 
Dealt to 8c0baa96 
Dealt to 69be34aa 
Dealt to Hero [6c 3h]
Dealt to 3511cb01 
8c0baa96: folds
69be34aa: folds
Hero: folds
3511cb01: raises $0.15 to $0.25
70aa1c09: folds
45f1ba92: calls $0.15
*** FLOP *** [2d As Js]
45f1ba92: checks
3511cb01: bets $0.4
45f1ba92: calls $0.4
*** TURN *** [2d As Js] [5c]
45f1ba92: checks
3511cb01: checks
*** RIVER *** [2d As Js 5c] [8s]
45f1ba92: checks
3511cb01: checks
45f1ba92: shows [Jc Td] (Pair of Jacks)
3511cb01: shows [7h Th] (Ace-High)
*** SHOWDOWN ***
45f1ba92 collected $1.29 from pot
*** SUMMARY ***
Total pot $1.35 | Rake $0.06 | Jackpot $0 | Bingo $0 | Fortune $0 | Tax $0
Board [2d As Js 5c 8s]
Seat 1: 70aa1c09 (small blind) folded before Flop
Seat 2: 45f1ba92 (big blind) showed [Jc Td] and won ($1.29) with Pair of Jacks
Seat 3: 8c0baa96 folded before Flop (didn't bet)
Seat 4: 69be34aa folded before Flop (didn't bet)
Seat 5: Hero folded before Flop (didn't bet)
Seat 6: 3511cb01 (button) showed [7h Th] and lost with Ace-High


Poker Hand #HD1761080696: Hold'em No Limit ($0.05/$0.1) - 2024/05/06 16:19:26
Table 'NLHRed30' 6-max Seat #5 is the button
Seat 1: 70aa1c09 ($8.51 in chips)
Seat 2: 45f1ba92 ($10.6 in chips)
Seat 3: 8c0baa96 ($14.82 in chips)
Seat 4: 69be34aa ($10 in chips)
Seat 5: Hero ($10.1 in chips)
Seat 6: 3511cb01 ($16 in chips)
3511cb01: posts small blind $0.05
70aa1c09: posts big blind $0.1
*** HOLE CARDS ***
Dealt to 70aa1c09 
Dealt to 45f1ba92 
Dealt to 8c0baa96 
Dealt to 69be34aa 
Dealt to Hero [9d Tc]
Dealt to 3511cb01 
45f1ba92: raises $0.15 to $0.25
8c0baa96: folds
69be34aa: folds
Hero: folds
3511cb01: folds
70aa1c09: calls $0.15
*** FLOP *** [2h Ts 7h]
70aa1c09: checks
45f1ba92: checks
*** TURN *** [2h Ts 7h] [Td]
70aa1c09: checks
45f1ba92: bets $0.28
70aa1c09: folds
Uncalled bet ($0.28) returned to 45f1ba92
*** SHOWDOWN ***
45f1ba92 collected $0.53 from pot
*** SUMMARY ***
Total pot $0.55 | Rake $0.02 | Jackpot $0 | Bingo $0 | Fortune $0 | Tax $0
Board [2h Ts 7h Td]
Seat 1: 70aa1c09 (big blind) folded on the Turn
Seat 2: 45f1ba92 won ($0.53)
Seat 3: 8c0baa96 folded before Flop (didn't bet)
Seat 4: 69be34aa folded before Flop (didn't bet)
Seat 5: Hero (button) folded before Flop (didn't bet)
Seat 6: 3511cb01 (small blind) folded before Flop


Poker Hand #HD1761080646: Hold'em No Limit ($0.05/$0.1) - 2024/05/06 16:19:04
Table 'NLHRed30' 6-max Seat #4 is the button
Seat 1: 70aa1c09 ($8.51 in chips)
Seat 2: 45f1ba92 ($10.6 in chips)
Seat 3: 8c0baa96 ($14.82 in chips)
Seat 4: 69be34aa ($10 in chips)
Seat 5: Hero ($10 in chips)
Seat 6: 3511cb01 ($16.1 in chips)
Hero: posts small blind $0.05
3511cb01: posts big blind $0.1
*** HOLE CARDS ***
Dealt to 70aa1c09 
Dealt to 45f1ba92 
Dealt to 8c0baa96 
Dealt to 69be34aa 
Dealt to Hero [6s 6d]
Dealt to 3511cb01 
70aa1c09: folds
45f1ba92: folds
8c0baa96: folds
69be34aa: folds
Hero: raises $0.2 to $0.3
3511cb01: folds
Uncalled bet ($0.2) returned to Hero
*** SHOWDOWN ***
Hero collected $0.2 from pot
*** SUMMARY ***
Total pot $0.2 | Rake $0 | Jackpot $0 | Bingo $0 | Fortune $0 | Tax $0
Seat 1: 70aa1c09 folded before Flop (didn't bet)
Seat 2: 45f1ba92 folded before Flop (didn't bet)
Seat 3: 8c0baa96 folded before Flop (didn't bet)
Seat 4: 69be34aa (button) folded before Flop (didn't bet)
Seat 5: Hero (small blind) collected ($0.2)
Seat 6: 3511cb01 (big blind) folded before Flop


Poker Hand #HD1761080623: Hold'em No Limit ($0.05/$0.1) - 2024/05/06 16:18:50
Table 'NLHRed30' 6-max Seat #3 is the button
Seat 1: 70aa1c09 ($8.51 in chips)
Seat 2: 45f1ba92 ($10.6 in chips)
Seat 3: 8c0baa96 ($14.82 in chips)
Seat 4: 69be34aa ($9.9 in chips)
Seat 5: Hero ($10 in chips)
Seat 6: 3511cb01 ($16.1 in chips)
69be34aa: posts small blind $0.05
Hero: posts big blind $0.1
*** HOLE CARDS ***
Dealt to 70aa1c09 
Dealt to 45f1ba92 
Dealt to 8c0baa96 
Dealt to 69be34aa 
Dealt to Hero [8s 2h]
Dealt to 3511cb01 
3511cb01: folds
70aa1c09: folds
45f1ba92: folds
8c0baa96: folds
69be34aa: raises $0.15 to $0.25
Hero: folds
Uncalled bet ($0.15) returned to 69be34aa
*** SHOWDOWN ***
69be34aa collected $0.2 from pot
*** SUMMARY ***
Total pot $0.2 | Rake $0 | Jackpot $0 | Bingo $0 | Fortune $0 | Tax $0
Seat 1: 70aa1c09 folded before Flop (didn't bet)
Seat 2: 45f1ba92 folded before Flop (didn't bet)
Seat 3: 8c0baa96 (button) folded before Flop (didn't bet)
Seat 4: 69be34aa (small blind) collected ($0.2)
Seat 5: Hero (big blind) folded before Flop
Seat 6: 3511cb01 folded before Flop (didn't bet)


Poker Hand #HD1761080443: Hold'em No Limit ($0.05/$0.1) - 2024/05/06 16:17:14
Table 'NLHRed30' 6-max Seat #6 is the button
Seat 1: 70aa1c09 ($8.41 in chips)
Seat 2: 45f1ba92 ($10.38 in chips)
Seat 3: 8c0baa96 ($8.12 in chips)
Seat 5: Hero ($10.48 in chips)
Seat 6: 3511cb01 ($16.35 in chips)
70aa1c09: posts small blind $0.05
45f1ba92: posts big blind $0.1
*** HOLE CARDS ***
Dealt to 70aa1c09 
Dealt to 45f1ba92 
Dealt to 8c0baa96 
Dealt to Hero [Qd Qs]
Dealt to 3511cb01 
8c0baa96: raises $0.15 to $0.25
Hero: raises $0.75 to $1
3511cb01: folds
70aa1c09: folds
45f1ba92: folds
8c0baa96: raises $7.12 to $8.12 and is all-in
Hero: calls $7.12
8c0baa96: shows [Ks Ac]
Hero: shows [Qd Qs]
*** FLOP *** [3d 3s Kc]
*** TURN *** [3d 3s Kc] [4d]
8c0baa96: Chooses to EV Cashout 
*** RIVER *** [3d 3s Kc 4d] [2d]
8c0baa96: Pays Cashout Risk ($0.51)
*** SHOWDOWN ***
8c0baa96 collected $15.48 from pot
*** SUMMARY ***
Total pot $16.39 | Rake $0.81 | Jackpot $0.1 | Bingo $0 | Fortune $0 | Tax $0
Board [3d 3s Kc 4d 2d]
Seat 1: 70aa1c09 (small blind) folded before Flop
Seat 2: 45f1ba92 (big blind) folded before Flop
Seat 3: 8c0baa96 showed [Ks Ac] and won ($15.48) with Pair of Kings and Pair of Treys, Cashout Risk ($0.51)
Seat 5: Hero showed [Qd Qs] and lost with Pair of Queens and Pair of Treys
Seat 6: 3511cb01 (button) folded before Flop (didn't bet)


Poker Hand #HD1761080413: Hold'em No Limit ($0.05/$0.1) - 2024/05/06 16:16:59
Table 'NLHRed30' 6-max Seat #5 is the button
Seat 1: 70aa1c09 ($8.51 in chips)
Seat 2: 45f1ba92 ($10.38 in chips)
Seat 3: 8c0baa96 ($8.12 in chips)
Seat 5: Hero ($10.33 in chips)
Seat 6: 3511cb01 ($16.4 in chips)
3511cb01: posts small blind $0.05
70aa1c09: posts big blind $0.1
*** HOLE CARDS ***
Dealt to 70aa1c09 
Dealt to 45f1ba92 
Dealt to 8c0baa96 
Dealt to Hero [4h Ad]
Dealt to 3511cb01 
45f1ba92: folds
8c0baa96: folds
Hero: raises $0.14 to $0.24
3511cb01: folds
70aa1c09: folds
Uncalled bet ($0.14) returned to Hero
*** SHOWDOWN ***
Hero collected $0.25 from pot
*** SUMMARY ***
Total pot $0.25 | Rake $0 | Jackpot $0 | Bingo $0 | Fortune $0 | Tax $0
Seat 1: 70aa1c09 (big blind) folded before Flop
Seat 2: 45f1ba92 folded before Flop (didn't bet)
Seat 3: 8c0baa96 folded before Flop (didn't bet)
Seat 5: Hero (button) collected ($0.25)
Seat 6: 3511cb01 (small blind) folded before Flop


Poker Hand #HD1761080381: Hold'em No Limit ($0.05/$0.1) - 2024/05/06 16:16:42
Table 'NLHRed30' 6-max Seat #3 is the button
Seat 1: 70aa1c09 ($8.51 in chips)
Seat 2: 45f1ba92 ($10.23 in chips)
Seat 3: 8c0baa96 ($8.12 in chips)
Seat 5: Hero ($10.38 in chips)
Seat 6: 3511cb01 ($16.5 in chips)
Hero: posts small blind $0.05
3511cb01: posts big blind $0.1
*** HOLE CARDS ***
Dealt to 70aa1c09 
Dealt to 45f1ba92 
Dealt to 8c0baa96 
Dealt to Hero [Tc 7h]
Dealt to 3511cb01 
70aa1c09: folds
45f1ba92: raises $0.15 to $0.25
8c0baa96: folds
Hero: folds
3511cb01: folds
Uncalled bet ($0.15) returned to 45f1ba92
*** SHOWDOWN ***
45f1ba92 collected $0.25 from pot
*** SUMMARY ***
Total pot $0.25 | Rake $0 | Jackpot $0 | Bingo $0 | Fortune $0 | Tax $0
Seat 1: 70aa1c09 folded before Flop (didn't bet)
Seat 2: 45f1ba92 collected ($0.25)
Seat 3: 8c0baa96 (button) folded before Flop (didn't bet)
Seat 5: Hero (small blind) folded before Flop
Seat 6: 3511cb01 (big blind) folded before Flop


Poker Hand #HD1761080323: Hold'em No Limit ($0.05/$0.1) - 2024/05/06 16:16:11
Table 'NLHRed30' 6-max Seat #2 is the button
Seat 1: 70aa1c09 ($8.76 in chips)
Seat 2: 45f1ba92 ($10.23 in chips)
Seat 3: 8c0baa96 ($7.8 in chips)
Seat 4: 6580ae6c ($10.4 in chips)
Seat 5: Hero ($10.38 in chips)
Seat 6: 3511cb01 ($16.5 in chips)
8c0baa96: posts small blind $0.05
6580ae6c: posts big blind $0.1
*** HOLE CARDS ***
Dealt to 70aa1c09 
Dealt to 45f1ba92 
Dealt to 8c0baa96 
Dealt to 6580ae6c 
Dealt to Hero [8c 7h]
Dealt to 3511cb01 
Hero: folds
3511cb01: folds
70aa1c09: raises $0.15 to $0.25
45f1ba92: folds
8c0baa96: raises $0.6 to $0.85
6580ae6c: folds
70aa1c09: folds
Uncalled bet ($0.6) returned to 8c0baa96
*** SHOWDOWN ***
8c0baa96 collected $0.57 from pot
*** SUMMARY ***
Total pot $0.6 | Rake $0.03 | Jackpot $0 | Bingo $0 | Fortune $0 | Tax $0
Seat 1: 70aa1c09 folded before Flop
Seat 2: 45f1ba92 (button) folded before Flop (didn't bet)
Seat 3: 8c0baa96 (small blind) collected ($0.57)
Seat 4: 6580ae6c (big blind) folded before Flop
Seat 5: Hero folded before Flop (didn't bet)
Seat 6: 3511cb01 folded before Flop (didn't bet)


Poker Hand #HD1761080248: Hold'em No Limit ($0.05/$0.1) - 2024/05/06 16:15:33
Table 'NLHRed30' 6-max Seat #1 is the button
Seat 1: 70aa1c09 ($8.76 in chips)
Seat 2: 45f1ba92 ($10.28 in chips)
Seat 3: 8c0baa96 ($8 in chips)
Seat 4: 6580ae6c ($10.4 in chips)
Seat 5: Hero ($10.15 in chips)
Seat 6: 3511cb01 ($16.5 in chips)
45f1ba92: posts small blind $0.05
8c0baa96: posts big blind $0.1
*** HOLE CARDS ***
Dealt to 70aa1c09 
Dealt to 45f1ba92 
Dealt to 8c0baa96 
Dealt to 6580ae6c 
Dealt to Hero [Ad Qd]
Dealt to 3511cb01 
6580ae6c: folds
Hero: raises $0.1 to $0.2
3511cb01: folds
70aa1c09: folds
45f1ba92: folds
8c0baa96: calls $0.1
*** FLOP *** [As 4s 8s]
8c0baa96: checks
Hero: bets $0.25
8c0baa96: folds
Uncalled bet ($0.25) returned to Hero
*** SHOWDOWN ***
Hero collected $0.43 from pot
*** SUMMARY ***
Total pot $0.45 | Rake $0.02 | Jackpot $0 | Bingo $0 | Fortune $0 | Tax $0
Board [As 4s 8s]
Seat 1: 70aa1c09 (button) folded before Flop (didn't bet)
Seat 2: 45f1ba92 (small blind) folded before Flop
Seat 3: 8c0baa96 (big blind) folded on the Flop
Seat 4: 6580ae6c folded before Flop (didn't bet)
Seat 5: Hero won ($0.43)
Seat 6: 3511cb01 folded before Flop (didn't bet)


Poker Hand #HD1761080214: Hold'em No Limit ($0.05/$0.1) - 2024/05/06 16:15:14
Table 'NLHRed30' 6-max Seat #6 is the button
Seat 1: 70aa1c09 ($8.81 in chips)
Seat 2: 45f1ba92 ($10.38 in chips)
Seat 3: 8c0baa96 ($8 in chips)
Seat 4: 6580ae6c ($10.4 in chips)
Seat 5: Hero ($10.15 in chips)
Seat 6: 3511cb01 ($16.35 in chips)
70aa1c09: posts small blind $0.05
45f1ba92: posts big blind $0.1
*** HOLE CARDS ***
Dealt to 70aa1c09 
Dealt to 45f1ba92 
Dealt to 8c0baa96 
Dealt to 6580ae6c 
Dealt to Hero [Qh 4s]
Dealt to 3511cb01 
8c0baa96: folds
6580ae6c: folds
Hero: folds
3511cb01: raises $0.15 to $0.25
70aa1c09: folds
45f1ba92: folds
Uncalled bet ($0.15) returned to 3511cb01
*** SHOWDOWN ***
3511cb01 collected $0.25 from pot
*** SUMMARY ***
Total pot $0.25 | Rake $0 | Jackpot $0 | Bingo $0 | Fortune $0 | Tax $0
Seat 1: 70aa1c09 (small blind) folded before Flop
Seat 2: 45f1ba92 (big blind) folded before Flop
Seat 3: 8c0baa96 folded before Flop (didn't bet)
Seat 4: 6580ae6c folded before Flop (didn't bet)
Seat 5: Hero folded before Flop (didn't bet)
Seat 6: 3511cb01 (button) collected ($0.25)


Poker Hand #HD1761080180: Hold'em No Limit ($0.05/$0.1) - 2024/05/06 16:14:56
Table 'NLHRed30' 6-max Seat #5 is the button
Seat 1: 70aa1c09 ($8.91 in chips)
Seat 2: 45f1ba92 ($10.38 in chips)
Seat 3: 8c0baa96 ($8 in chips)
Seat 4: 6580ae6c ($10.25 in chips)
Seat 5: Hero ($10.15 in chips)
Seat 6: 3511cb01 ($16.4 in chips)
3511cb01: posts small blind $0.05
70aa1c09: posts big blind $0.1
*** HOLE CARDS ***
Dealt to 70aa1c09 
Dealt to 45f1ba92 
Dealt to 8c0baa96 
Dealt to 6580ae6c 
Dealt to Hero [Jd 6c]
Dealt to 3511cb01 
45f1ba92: folds
8c0baa96: folds
6580ae6c: raises $0.14 to $0.24
Hero: folds
3511cb01: folds
70aa1c09: folds
Uncalled bet ($0.14) returned to 6580ae6c
*** SHOWDOWN ***
6580ae6c collected $0.25 from pot
*** SUMMARY ***
Total pot $0.25 | Rake $0 | Jackpot $0 | Bingo $0 | Fortune $0 | Tax $0
Seat 1: 70aa1c09 (big blind) folded before Flop
Seat 2: 45f1ba92 folded before Flop (didn't bet)
Seat 3: 8c0baa96 folded before Flop (didn't bet)
Seat 4: 6580ae6c collected ($0.25)
Seat 5: Hero (button) folded before Flop (didn't bet)
Seat 6: 3511cb01 (small blind) folded before Flop


Poker Hand #HD1761080123: Hold'em No Limit ($0.05/$0.1) - 2024/05/06 16:14:25
Table 'NLHRed30' 6-max Seat #4 is the button
Seat 1: 70aa1c09 ($8.91 in chips)
Seat 2: 45f1ba92 ($10.23 in chips)
Seat 3: 8c0baa96 ($8 in chips)
Seat 4: 6580ae6c ($10.25 in chips)
Seat 5: Hero ($10.2 in chips)
Seat 6: 3511cb01 ($16.5 in chips)
Hero: posts small blind $0.05
3511cb01: posts big blind $0.1
*** HOLE CARDS ***
Dealt to 70aa1c09 
Dealt to 45f1ba92 
Dealt to 8c0baa96 
Dealt to 6580ae6c 
Dealt to Hero [Ks 2s]
Dealt to 3511cb01 
70aa1c09: folds
45f1ba92: raises $0.15 to $0.25
8c0baa96: folds
6580ae6c: folds
Hero: folds
3511cb01: folds
Uncalled bet ($0.15) returned to 45f1ba92
*** SHOWDOWN ***
45f1ba92 collected $0.25 from pot
*** SUMMARY ***
Total pot $0.25 | Rake $0 | Jackpot $0 | Bingo $0 | Fortune $0 | Tax $0
Seat 1: 70aa1c09 folded before Flop (didn't bet)
Seat 2: 45f1ba92 collected ($0.25)
Seat 3: 8c0baa96 folded before Flop (didn't bet)
Seat 4: 6580ae6c (button) folded before Flop (didn't bet)
Seat 5: Hero (small blind) folded before Flop
Seat 6: 3511cb01 (big blind) folded before Flop


Poker Hand #HD1761080093: Hold'em No Limit ($0.05/$0.1) - 2024/05/06 16:14:12
Table 'NLHRed30' 6-max Seat #3 is the button
Seat 1: 70aa1c09 ($8.91 in chips)
Seat 2: 45f1ba92 ($10.23 in chips)
Seat 3: 8c0baa96 ($8 in chips)
Seat 4: 6580ae6c ($10.3 in chips)
Seat 5: Hero ($10.15 in chips)
Seat 6: 3511cb01 ($16.5 in chips)
6580ae6c: posts small blind $0.05
Hero: posts big blind $0.1
*** HOLE CARDS ***
Dealt to 70aa1c09 
Dealt to 45f1ba92 
Dealt to 8c0baa96 
Dealt to 6580ae6c 
Dealt to Hero [9h 2c]
Dealt to 3511cb01 
3511cb01: folds
70aa1c09: folds
45f1ba92: folds
8c0baa96: folds
6580ae6c: folds
Uncalled bet ($0.05) returned to Hero
*** SHOWDOWN ***
Hero collected $0.1 from pot
*** SUMMARY ***
Total pot $0.1 | Rake $0 | Jackpot $0 | Bingo $0 | Fortune $0 | Tax $0
Seat 1: 70aa1c09 folded before Flop (didn't bet)
Seat 2: 45f1ba92 folded before Flop (didn't bet)
Seat 3: 8c0baa96 (button) folded before Flop (didn't bet)
Seat 4: 6580ae6c (small blind) folded before Flop
Seat 5: Hero (big blind) collected ($0.1)
Seat 6: 3511cb01 folded before Flop (didn't bet)


Poker Hand #HD1761080061: Hold'em No Limit ($0.05/$0.1) - 2024/05/06 16:13:56
Table 'NLHRed30' 6-max Seat #2 is the button
Seat 1: 70aa1c09 ($8.91 in chips)
Seat 2: 45f1ba92 ($10.23 in chips)
Seat 3: 8c0baa96 ($7.9 in chips)
Seat 4: 6580ae6c ($10.4 in chips)
Seat 5: Hero ($10.15 in chips)
Seat 6: 3511cb01 ($16.5 in chips)
8c0baa96: posts small blind $0.05
6580ae6c: posts big blind $0.1
*** HOLE CARDS ***
Dealt to 70aa1c09 
Dealt to 45f1ba92 
Dealt to 8c0baa96 
Dealt to 6580ae6c 
Dealt to Hero [Ah 4s]
Dealt to 3511cb01 
Hero: folds
3511cb01: folds
70aa1c09: folds
45f1ba92: folds
8c0baa96: raises $0.2 to $0.3
6580ae6c: folds
Uncalled bet ($0.2) returned to 8c0baa96
*** SHOWDOWN ***
8c0baa96 collected $0.2 from pot
*** SUMMARY ***
Total pot $0.2 | Rake $0 | Jackpot $0 | Bingo $0 | Fortune $0 | Tax $0
Seat 1: 70aa1c09 folded before Flop (didn't bet)
Seat 2: 45f1ba92 (button) folded before Flop (didn't bet)
Seat 3: 8c0baa96 (small blind) collected ($0.2)
Seat 4: 6580ae6c (big blind) folded before Flop
Seat 5: Hero folded before Flop (didn't bet)
Seat 6: 3511cb01 folded before Flop (didn't bet)


Poker Hand #HD1761080027: Hold'em No Limit ($0.05/$0.1) - 2024/05/06 16:13:35
Table 'NLHRed30' 6-max Seat #1 is the button
Seat 1: 70aa1c09 ($8.91 in chips)
Seat 2: 45f1ba92 ($10.28 in chips)
Seat 3: 8c0baa96 ($8 in chips)
Seat 4: 6580ae6c ($10.25 in chips)
Seat 5: Hero ($10.15 in chips)
Seat 6: 3511cb01 ($16.5 in chips)
45f1ba92: posts small blind $0.05
8c0baa96: posts big blind $0.1
*** HOLE CARDS ***
Dealt to 70aa1c09 
Dealt to 45f1ba92 
Dealt to 8c0baa96 
Dealt to 6580ae6c 
Dealt to Hero [7c 5d]
Dealt to 3511cb01 
6580ae6c: raises $0.14 to $0.24
Hero: folds
3511cb01: folds
70aa1c09: folds
45f1ba92: folds
8c0baa96: folds
Uncalled bet ($0.14) returned to 6580ae6c
*** SHOWDOWN ***
6580ae6c collected $0.25 from pot
*** SUMMARY ***
Total pot $0.25 | Rake $0 | Jackpot $0 | Bingo $0 | Fortune $0 | Tax $0
Seat 1: 70aa1c09 (button) folded before Flop (didn't bet)
Seat 2: 45f1ba92 (small blind) folded before Flop
Seat 3: 8c0baa96 (big blind) folded before Flop
Seat 4: 6580ae6c collected ($0.25)
Seat 5: Hero folded before Flop (didn't bet)
Seat 6: 3511cb01 folded before Flop (didn't bet)


Poker Hand #HD1761079971: Hold'em No Limit ($0.05/$0.1) - 2024/05/06 16:13:06
Table 'NLHRed30' 6-max Seat #6 is the button
Seat 1: 70aa1c09 ($9.11 in chips)
Seat 2: 45f1ba92 ($10.1 in chips)
Seat 4: 6580ae6c ($10.25 in chips)
Seat 5: Hero ($10.15 in chips)
Seat 6: 3511cb01 ($16.5 in chips)
70aa1c09: posts small blind $0.05
45f1ba92: posts big blind $0.1
*** HOLE CARDS ***
Dealt to 70aa1c09 
Dealt to 45f1ba92 
Dealt to 6580ae6c 
Dealt to Hero [3c Qh]
Dealt to 3511cb01 
6580ae6c: folds
Hero: folds
3511cb01: folds
70aa1c09: raises $0.1 to $0.2
45f1ba92: raises $0.5 to $0.7
70aa1c09: folds
Uncalled bet ($0.5) returned to 45f1ba92
*** SHOWDOWN ***
45f1ba92 collected $0.38 from pot
*** SUMMARY ***
Total pot $0.4 | Rake $0.02 | Jackpot $0 | Bingo $0 | Fortune $0 | Tax $0
Seat 1: 70aa1c09 (small blind) folded before Flop
Seat 2: 45f1ba92 (big blind) collected ($0.38)
Seat 4: 6580ae6c folded before Flop (didn't bet)
Seat 5: Hero folded before Flop (didn't bet)
Seat 6: 3511cb01 (button) folded before Flop (didn't bet)


Poker Hand #HD1761079928: Hold'em No Limit ($0.05/$0.1) - 2024/05/06 16:12:45
Table 'NLHRed30' 6-max Seat #5 is the button
Seat 1: 70aa1c09 ($9.21 in chips)
Seat 2: 45f1ba92 ($10.1 in chips)
Seat 4: 6580ae6c ($10.25 in chips)
Seat 5: Hero ($10 in chips)
Seat 6: 3511cb01 ($16.55 in chips)
3511cb01: posts small blind $0.05
70aa1c09: posts big blind $0.1
*** HOLE CARDS ***
Dealt to 70aa1c09 
Dealt to 45f1ba92 
Dealt to 6580ae6c 
Dealt to Hero [5s As]
Dealt to 3511cb01 
45f1ba92: folds
6580ae6c: folds
Hero: raises $0.14 to $0.24
3511cb01: folds
70aa1c09: folds
Uncalled bet ($0.14) returned to Hero
*** SHOWDOWN ***
Hero collected $0.25 from pot
*** SUMMARY ***
Total pot $0.25 | Rake $0 | Jackpot $0 | Bingo $0 | Fortune $0 | Tax $0
Seat 1: 70aa1c09 (big blind) folded before Flop
Seat 2: 45f1ba92 folded before Flop (didn't bet)
Seat 4: 6580ae6c folded before Flop (didn't bet)
Seat 5: Hero (button) collected ($0.25)
Seat 6: 3511cb01 (small blind) folded before Flop


Poker Hand #HD1761079898: Hold'em No Limit ($0.05/$0.1) - 2024/05/06 16:12:23
Table 'NLHRed30' 6-max Seat #4 is the button
Seat 1: 70aa1c09 ($9.21 in chips)
Seat 2: 45f1ba92 ($10.1 in chips)
Seat 4: 6580ae6c ($10.1 in chips)
Seat 5: Hero ($10 in chips)
Seat 6: 3511cb01 ($16.65 in chips)
Hero: posts small blind $0.05
3511cb01: posts big blind $0.1
*** HOLE CARDS ***
Dealt to 70aa1c09 
Dealt to 45f1ba92 
Dealt to 6580ae6c 
Dealt to Hero [3c 2h]
Dealt to 3511cb01 
70aa1c09: folds
45f1ba92: folds
6580ae6c: raises $0.14 to $0.24
Hero: folds
3511cb01: folds
Uncalled bet ($0.14) returned to 6580ae6c
*** SHOWDOWN ***
6580ae6c collected $0.25 from pot
*** SUMMARY ***
Total pot $0.25 | Rake $0 | Jackpot $0 | Bingo $0 | Fortune $0 | Tax $0
Seat 1: 70aa1c09 folded before Flop (didn't bet)
Seat 2: 45f1ba92 folded before Flop (didn't bet)
Seat 4: 6580ae6c (button) collected ($0.25)
Seat 5: Hero (small blind) folded before Flop
Seat 6: 3511cb01 (big blind) folded before Flop


Poker Hand #HD1761079844: Hold'em No Limit ($0.05/$0.1) - 2024/05/06 16:11:56
Table 'NLHRed30' 6-max Seat #2 is the button
Seat 1: 70aa1c09 ($9.21 in chips)
Seat 2: 45f1ba92 ($10.1 in chips)
Seat 4: 6580ae6c ($10 in chips)
Seat 5: Hero ($10 in chips)
Seat 6: 3511cb01 ($16.65 in chips)
6580ae6c: posts small blind $0.05
Hero: posts big blind $0.1
*** HOLE CARDS ***
Dealt to 70aa1c09 
Dealt to 45f1ba92 
Dealt to 6580ae6c 
Dealt to Hero [6d 7s]
Dealt to 3511cb01 
3511cb01: folds
70aa1c09: folds
45f1ba92: folds
6580ae6c: raises $0.14 to $0.24
Hero: folds
Uncalled bet ($0.14) returned to 6580ae6c
*** SHOWDOWN ***
6580ae6c collected $0.2 from pot
*** SUMMARY ***
Total pot $0.2 | Rake $0 | Jackpot $0 | Bingo $0 | Fortune $0 | Tax $0
Seat 1: 70aa1c09 folded before Flop (didn't bet)
Seat 2: 45f1ba92 (button) folded before Flop (didn't bet)
Seat 4: 6580ae6c (small blind) collected ($0.2)
Seat 5: Hero (big blind) folded before Flop
Seat 6: 3511cb01 folded before Flop (didn't bet)


