Poker Hand #HD1750284708: Hold'em No Limit ($0.02/$0.05) - 2024/04/28 18:26:04
Table 'NLHBlue16' 6-max Seat #6 is the button
Seat 1: 5d9e97e7 ($5.33 in chips)
Seat 2: 8cf9c815 ($5.52 in chips)
Seat 3: d4589fe4 ($5.16 in chips)
Seat 4: Hero ($5.58 in chips)
Seat 5: 2d5187d3 ($5 in chips)
Seat 6: d4d21af8 ($5.66 in chips)
5d9e97e7: posts small blind $0.02
8cf9c815: posts big blind $0.05
*** HOLE CARDS ***
Dealt to 5d9e97e7 
Dealt to 8cf9c815 
Dealt to d4589fe4 
Dealt to Hero [Jc Qh]
Dealt to 2d5187d3 
Dealt to d4d21af8 
d4589fe4: folds
Hero: raises $0.05 to $0.1
2d5187d3: folds
d4d21af8: calls $0.1
5d9e97e7: folds
8cf9c815: calls $0.05
*** FLOP *** [2s 4h 3c]
8cf9c815: bets $0.11
Hero: folds
d4d21af8: folds
Uncalled bet ($0.11) returned to 8cf9c815
*** SHOWDOWN ***
8cf9c815 collected $0.31 from pot
*** SUMMARY ***
Total pot $0.32 | Rake $0.01 | Jackpot $0 | Bingo $0 | Fortune $0 | Tax $0
Board [2s 4h 3c]
Seat 1: 5d9e97e7 (small blind) folded before Flop
Seat 2: 8cf9c815 (big blind) won ($0.31)
Seat 3: d4589fe4 folded before Flop (didn't bet)
Seat 4: Hero folded on the Flop
Seat 5: 2d5187d3 folded before Flop (didn't bet)
Seat 6: d4d21af8 (button) folded on the Flop


Poker Hand #HD1750284560: Hold'em No Limit ($0.02/$0.05) - 2024/04/28 18:24:48
Table 'NLHBlue16' 6-max Seat #5 is the button
Seat 1: 5d9e97e7 ($5 in chips)
Seat 2: 8cf9c815 ($5.52 in chips)
Seat 3: d4589fe4 ($5.5 in chips)
Seat 4: Hero ($5.58 in chips)
Seat 5: 2d5187d3 ($5 in chips)
Seat 6: d4d21af8 ($5.68 in chips)
d4d21af8: posts small blind $0.02
5d9e97e7: posts big blind $0.05
*** HOLE CARDS ***
Dealt to 5d9e97e7 
Dealt to 8cf9c815 
Dealt to d4589fe4 
Dealt to Hero [Ts 4h]
Dealt to 2d5187d3 
Dealt to d4d21af8 
8cf9c815: folds
d4589fe4: raises $0.08 to $0.13
Hero: folds
2d5187d3: folds
d4d21af8: folds
5d9e97e7: raises $0.21 to $0.34
d4589fe4: calls $0.21
*** FLOP *** [6s Jd Ah]
5d9e97e7: checks
d4589fe4: checks
*** TURN *** [6s Jd Ah] [9c]
5d9e97e7: bets $0.35
d4589fe4: folds
Uncalled bet ($0.35) returned to 5d9e97e7
*** SHOWDOWN ***
5d9e97e7 collected $0.67 from pot
*** SUMMARY ***
Total pot $0.7 | Rake $0.03 | Jackpot $0 | Bingo $0 | Fortune $0 | Tax $0
Board [6s Jd Ah 9c]
Seat 1: 5d9e97e7 (big blind) won ($0.67)
Seat 2: 8cf9c815 folded before Flop (didn't bet)
Seat 3: d4589fe4 folded on the Turn
Seat 4: Hero folded before Flop (didn't bet)
Seat 5: 2d5187d3 (button) folded before Flop (didn't bet)
Seat 6: d4d21af8 (small blind) folded before Flop


Poker Hand #HD1750284505: Hold'em No Limit ($0.02/$0.05) - 2024/04/28 18:24:23
Table 'NLHBlue16' 6-max Seat #4 is the button
Seat 2: 8cf9c815 ($5.52 in chips)
Seat 3: d4589fe4 ($5.63 in chips)
Seat 4: Hero ($5.39 in chips)
Seat 5: 2d5187d3 ($5 in chips)
Seat 6: d4d21af8 ($5.73 in chips)
2d5187d3: posts small blind $0.02
d4d21af8: posts big blind $0.05
*** HOLE CARDS ***
Dealt to 8cf9c815 
Dealt to d4589fe4 
Dealt to Hero [As Ks]
Dealt to 2d5187d3 
Dealt to d4d21af8 
8cf9c815: folds
d4589fe4: raises $0.08 to $0.13
Hero: raises $0.32 to $0.45
2d5187d3: folds
d4d21af8: folds
d4589fe4: folds
Uncalled bet ($0.32) returned to Hero
*** SHOWDOWN ***
Hero collected $0.32 from pot
*** SUMMARY ***
Total pot $0.33 | Rake $0.01 | Jackpot $0 | Bingo $0 | Fortune $0 | Tax $0
Seat 2: 8cf9c815 folded before Flop (didn't bet)
Seat 3: d4589fe4 folded before Flop
Seat 4: Hero (button) collected ($0.32)
Seat 5: 2d5187d3 (small blind) folded before Flop
Seat 6: d4d21af8 (big blind) folded before Flop


Poker Hand #HD1750284344: Hold'em No Limit ($0.02/$0.05) - 2024/04/28 18:23:05
Table 'NLHBlue16' 6-max Seat #3 is the button
Seat 1: 4f7554d4 ($4.45 in chips)
Seat 2: 8cf9c815 ($5.03 in chips)
Seat 3: d4589fe4 ($5.63 in chips)
Seat 4: Hero ($5.41 in chips)
Seat 5: 2d5187d3 ($5 in chips)
Seat 6: d4d21af8 ($5.83 in chips)
Hero: posts small blind $0.02
2d5187d3: posts big blind $0.05
*** HOLE CARDS ***
Dealt to 4f7554d4 
Dealt to 8cf9c815 
Dealt to d4589fe4 
Dealt to Hero [Jh 7s]
Dealt to 2d5187d3 
Dealt to d4d21af8 
d4d21af8: raises $0.05 to $0.1
4f7554d4: calls $0.1
8cf9c815: calls $0.1
d4589fe4: folds
Hero: folds
2d5187d3: calls $0.05
*** FLOP *** [Jc 3c Ks]
2d5187d3: checks
d4d21af8: checks
4f7554d4: checks
8cf9c815: bets $0.21
2d5187d3: calls $0.21
d4d21af8: folds
4f7554d4: folds
*** TURN *** [Jc 3c Ks] [6s]
2d5187d3: checks
8cf9c815: checks
*** RIVER *** [Jc 3c Ks 6s] [7h]
2d5187d3: checks
8cf9c815: bets $0.42
2d5187d3: folds
Uncalled bet ($0.42) returned to 8cf9c815
*** SHOWDOWN ***
8cf9c815 collected $0.8 from pot
*** SUMMARY ***
Total pot $0.84 | Rake $0.04 | Jackpot $0 | Bingo $0 | Fortune $0 | Tax $0
Board [Jc 3c Ks 6s 7h]
Seat 1: 4f7554d4 folded on the Flop
Seat 2: 8cf9c815 won ($0.8)
Seat 3: d4589fe4 (button) folded before Flop (didn't bet)
Seat 4: Hero (small blind) folded before Flop
Seat 5: 2d5187d3 (big blind) folded on the River
Seat 6: d4d21af8 folded on the Flop


Poker Hand #HD1750284197: Hold'em No Limit ($0.02/$0.05) - 2024/04/28 18:21:58
Table 'NLHBlue16' 6-max Seat #2 is the button
Seat 1: 4f7554d4 ($4.55 in chips)
Seat 2: 8cf9c815 ($5.03 in chips)
Seat 3: d4589fe4 ($5.73 in chips)
Seat 4: Hero ($5.51 in chips)
Seat 6: d4d21af8 ($5.55 in chips)
d4589fe4: posts small blind $0.02
Hero: posts big blind $0.05
*** HOLE CARDS ***
Dealt to 4f7554d4 
Dealt to 8cf9c815 
Dealt to d4589fe4 
Dealt to Hero [7d 7c]
Dealt to d4d21af8 
d4d21af8: raises $0.05 to $0.1
4f7554d4: calls $0.1
8cf9c815: folds
d4589fe4: calls $0.08
Hero: calls $0.05
*** FLOP *** [4d 8h Th]
d4589fe4: checks
Hero: checks
d4d21af8: bets $0.3
4f7554d4: folds
d4589fe4: folds
Hero: folds
Uncalled bet ($0.3) returned to d4d21af8
*** SHOWDOWN ***
d4d21af8 collected $0.38 from pot
*** SUMMARY ***
Total pot $0.4 | Rake $0.02 | Jackpot $0 | Bingo $0 | Fortune $0 | Tax $0
Board [4d 8h Th]
Seat 1: 4f7554d4 folded on the Flop
Seat 2: 8cf9c815 (button) folded before Flop (didn't bet)
Seat 3: d4589fe4 (small blind) folded on the Flop
Seat 4: Hero (big blind) folded on the Flop
Seat 6: d4d21af8 won ($0.38)


Poker Hand #HD1750284136: Hold'em No Limit ($0.02/$0.05) - 2024/04/28 18:21:24
Table 'NLHBlue16' 6-max Seat #1 is the button
Seat 1: 4f7554d4 ($4.55 in chips)
Seat 2: 8cf9c815 ($5.05 in chips)
Seat 3: d4589fe4 ($5.78 in chips)
Seat 4: Hero ($5.61 in chips)
Seat 6: d4d21af8 ($5.39 in chips)
8cf9c815: posts small blind $0.02
d4589fe4: posts big blind $0.05
*** HOLE CARDS ***
Dealt to 4f7554d4 
Dealt to 8cf9c815 
Dealt to d4589fe4 
Dealt to Hero [6c Ac]
Dealt to d4d21af8 
Hero: raises $0.05 to $0.1
d4d21af8: raises $0.21 to $0.31
4f7554d4: folds
8cf9c815: folds
d4589fe4: folds
Hero: folds
Uncalled bet ($0.21) returned to d4d21af8
*** SHOWDOWN ***
d4d21af8 collected $0.26 from pot
*** SUMMARY ***
Total pot $0.27 | Rake $0.01 | Jackpot $0 | Bingo $0 | Fortune $0 | Tax $0
Seat 1: 4f7554d4 (button) folded before Flop (didn't bet)
Seat 2: 8cf9c815 (small blind) folded before Flop
Seat 3: d4589fe4 (big blind) folded before Flop
Seat 4: Hero folded before Flop
Seat 6: d4d21af8 collected ($0.26)


Poker Hand #HD1750284071: Hold'em No Limit ($0.02/$0.05) - 2024/04/28 18:20:57
Table 'NLHBlue16' 6-max Seat #6 is the button
Seat 1: 4f7554d4 ($4.6 in chips)
Seat 2: 8cf9c815 ($5 in chips)
Seat 3: d4589fe4 ($5.78 in chips)
Seat 4: Hero ($5.61 in chips)
Seat 6: d4d21af8 ($5.39 in chips)
4f7554d4: posts small blind $0.02
8cf9c815: posts big blind $0.05
*** HOLE CARDS ***
Dealt to 4f7554d4 
Dealt to 8cf9c815 
Dealt to d4589fe4 
Dealt to Hero [Qc 8s]
Dealt to d4d21af8 
d4589fe4: folds
Hero: folds
d4d21af8: folds
4f7554d4: calls $0.03
8cf9c815: checks
*** FLOP *** [4s 7c 6d]
4f7554d4: checks
8cf9c815: bets $0.13
4f7554d4: folds
Uncalled bet ($0.13) returned to 8cf9c815
*** SHOWDOWN ***
8cf9c815 collected $0.1 from pot
*** SUMMARY ***
Total pot $0.1 | Rake $0 | Jackpot $0 | Bingo $0 | Fortune $0 | Tax $0
Board [4s 7c 6d]
Seat 1: 4f7554d4 (small blind) folded on the Flop
Seat 2: 8cf9c815 (big blind) won ($0.1)
Seat 3: d4589fe4 folded before Flop (didn't bet)
Seat 4: Hero folded before Flop (didn't bet)
Seat 6: d4d21af8 (button) folded before Flop (didn't bet)


Poker Hand #HD1750284042: Hold'em No Limit ($0.02/$0.05) - 2024/04/28 18:20:43
Table 'NLHBlue16' 6-max Seat #4 is the button
Seat 1: 4f7554d4 ($4.65 in chips)
Seat 2: 8cf9c815 ($5 in chips)
Seat 3: d4589fe4 ($5.71 in chips)
Seat 4: Hero ($5.61 in chips)
Seat 6: d4d21af8 ($5.41 in chips)
d4d21af8: posts small blind $0.02
4f7554d4: posts big blind $0.05
*** HOLE CARDS ***
Dealt to 4f7554d4 
Dealt to 8cf9c815 
Dealt to d4589fe4 
Dealt to Hero [9s Qh]
Dealt to d4d21af8 
8cf9c815: folds
d4589fe4: raises $0.08 to $0.13
Hero: folds
d4d21af8: folds
4f7554d4: folds
Uncalled bet ($0.08) returned to d4589fe4
*** SHOWDOWN ***
d4589fe4 collected $0.12 from pot
*** SUMMARY ***
Total pot $0.12 | Rake $0 | Jackpot $0 | Bingo $0 | Fortune $0 | Tax $0
Seat 1: 4f7554d4 (big blind) folded before Flop
Seat 2: 8cf9c815 folded before Flop (didn't bet)
Seat 3: d4589fe4 collected ($0.12)
Seat 4: Hero (button) folded before Flop (didn't bet)
Seat 6: d4d21af8 (small blind) folded before Flop


Poker Hand #HD1750283884: Hold'em No Limit ($0.02/$0.05) - 2024/04/28 18:19:28
Table 'NLHBlue16' 6-max Seat #3 is the button
Seat 1: 4f7554d4 ($4.85 in chips)
Seat 2: 8cf9c815 ($5 in chips)
Seat 3: d4589fe4 ($5.46 in chips)
Seat 4: Hero ($5.63 in chips)
Seat 6: d4d21af8 ($5.46 in chips)
Hero: posts small blind $0.02
d4d21af8: posts big blind $0.05
*** HOLE CARDS ***
Dealt to 4f7554d4 
Dealt to 8cf9c815 
Dealt to d4589fe4 
Dealt to Hero [7c Jh]
Dealt to d4d21af8 
4f7554d4: calls $0.05
8cf9c815: folds
d4589fe4: raises $0.15 to $0.2
Hero: folds
d4d21af8: folds
4f7554d4: calls $0.15
*** FLOP *** [Jd 6s Th]
4f7554d4: checks
d4589fe4: checks
*** TURN *** [Jd 6s Th] [Ah]
4f7554d4: checks
d4589fe4: bets $0.36
4f7554d4: folds
Uncalled bet ($0.36) returned to d4589fe4
*** SHOWDOWN ***
d4589fe4 collected $0.45 from pot
*** SUMMARY ***
Total pot $0.47 | Rake $0.02 | Jackpot $0 | Bingo $0 | Fortune $0 | Tax $0
Board [Jd 6s Th Ah]
Seat 1: 4f7554d4 folded on the Turn
Seat 2: 8cf9c815 folded before Flop (didn't bet)
Seat 3: d4589fe4 (button) won ($0.45)
Seat 4: Hero (small blind) folded before Flop
Seat 6: d4d21af8 (big blind) folded before Flop


Poker Hand #HD1750283845: Hold'em No Limit ($0.02/$0.05) - 2024/04/28 18:19:09
Table 'NLHBlue16' 6-max Seat #2 is the button
Seat 1: 4f7554d4 ($4.85 in chips)
Seat 2: 8cf9c815 ($4.93 in chips)
Seat 3: d4589fe4 ($5.48 in chips)
Seat 4: Hero ($5.68 in chips)
Seat 5: e74ea8b3 ($5.55 in chips)
Seat 6: d4d21af8 ($5.46 in chips)
d4589fe4: posts small blind $0.02
Hero: posts big blind $0.05
*** HOLE CARDS ***
Dealt to 4f7554d4 
Dealt to 8cf9c815 
Dealt to d4589fe4 
Dealt to Hero [3d Jd]
Dealt to e74ea8b3 
Dealt to d4d21af8 
e74ea8b3: folds
d4d21af8: folds
4f7554d4: folds
8cf9c815: raises $0.08 to $0.13
d4589fe4: folds
Hero: folds
Uncalled bet ($0.08) returned to 8cf9c815
*** SHOWDOWN ***
8cf9c815 collected $0.12 from pot
*** SUMMARY ***
Total pot $0.12 | Rake $0 | Jackpot $0 | Bingo $0 | Fortune $0 | Tax $0
Seat 1: 4f7554d4 folded before Flop (didn't bet)
Seat 2: 8cf9c815 (button) collected ($0.12)
Seat 3: d4589fe4 (small blind) folded before Flop
Seat 4: Hero (big blind) folded before Flop
Seat 5: e74ea8b3 folded before Flop (didn't bet)
Seat 6: d4d21af8 folded before Flop (didn't bet)


Poker Hand #HD1750283738: Hold'em No Limit ($0.02/$0.05) - 2024/04/28 18:18:13
Table 'NLHBlue16' 6-max Seat #1 is the button
Seat 1: 4f7554d4 ($4.95 in chips)
Seat 2: 8cf9c815 ($4.95 in chips)
Seat 3: d4589fe4 ($5.53 in chips)
Seat 4: Hero ($5.68 in chips)
Seat 5: e74ea8b3 ($5.05 in chips)
Seat 6: d4d21af8 ($5.84 in chips)
8cf9c815: posts small blind $0.02
d4589fe4: posts big blind $0.05
*** HOLE CARDS ***
Dealt to 4f7554d4 
Dealt to 8cf9c815 
Dealt to d4589fe4 
Dealt to Hero [6h Kd]
Dealt to e74ea8b3 
Dealt to d4d21af8 
Hero: folds
e74ea8b3: raises $0.05 to $0.1
d4d21af8: calls $0.1
4f7554d4: calls $0.1
8cf9c815: folds
d4589fe4: folds
*** FLOP *** [5s Td 3c]
e74ea8b3: checks
d4d21af8: bets $0.28
4f7554d4: folds
e74ea8b3: calls $0.28
*** TURN *** [5s Td 3c] [Js]
e74ea8b3: checks
d4d21af8: checks
*** RIVER *** [5s Td 3c Js] [Ah]
e74ea8b3: checks
d4d21af8: checks
e74ea8b3: shows [Ac Kh] (Pair of Aces)
d4d21af8: shows [8s 7s] (Ace-High)
*** SHOWDOWN ***
e74ea8b3 collected $0.88 from pot
*** SUMMARY ***
Total pot $0.93 | Rake $0.05 | Jackpot $0 | Bingo $0 | Fortune $0 | Tax $0
Board [5s Td 3c Js Ah]
Seat 1: 4f7554d4 (button) folded on the Flop
Seat 2: 8cf9c815 (small blind) folded before Flop
Seat 3: d4589fe4 (big blind) folded before Flop
Seat 4: Hero folded before Flop (didn't bet)
Seat 5: e74ea8b3 showed [Ac Kh] and won ($0.88) with Pair of Aces
Seat 6: d4d21af8 showed [8s 7s] and lost with Ace-High


Poker Hand #HD1750283612: Hold'em No Limit ($0.02/$0.05) - 2024/04/28 18:17:16
Table 'NLHBlue16' 6-max Seat #6 is the button
Seat 1: 4f7554d4 ($4.78 in chips)
Seat 2: 8cf9c815 ($5 in chips)
Seat 3: d4589fe4 ($5.66 in chips)
Seat 4: Hero ($5.68 in chips)
Seat 5: e74ea8b3 ($5.05 in chips)
Seat 6: d4d21af8 ($5.84 in chips)
4f7554d4: posts small blind $0.02
8cf9c815: posts big blind $0.05
*** HOLE CARDS ***
Dealt to 4f7554d4 
Dealt to 8cf9c815 
Dealt to d4589fe4 
Dealt to Hero [6c Qd]
Dealt to e74ea8b3 
Dealt to d4d21af8 
d4589fe4: raises $0.08 to $0.13
Hero: folds
e74ea8b3: folds
d4d21af8: folds
4f7554d4: calls $0.11
8cf9c815: folds
*** FLOP *** [5d Kc 9c]
4f7554d4: checks
d4589fe4: checks
*** TURN *** [5d Kc 9c] [Qh]
4f7554d4: checks
d4589fe4: checks
*** RIVER *** [5d Kc 9c Qh] [4c]
4f7554d4: checks
d4589fe4: checks
4f7554d4: shows [Ah Jh] (Ace-High)
d4589fe4: shows [As 7s] (Ace-High)
*** SHOWDOWN ***
4f7554d4 collected $0.3 from pot
*** SUMMARY ***
Total pot $0.31 | Rake $0.01 | Jackpot $0 | Bingo $0 | Fortune $0 | Tax $0
Board [5d Kc 9c Qh 4c]
Seat 1: 4f7554d4 (small blind) showed [Ah Jh] and won ($0.3) with Ace-High
Seat 2: 8cf9c815 (big blind) folded before Flop
Seat 3: d4589fe4 showed [As 7s] and lost with Ace-High
Seat 4: Hero folded before Flop (didn't bet)
Seat 5: e74ea8b3 folded before Flop (didn't bet)
Seat 6: d4d21af8 (button) folded before Flop (didn't bet)


Poker Hand #HD1750283569: Hold'em No Limit ($0.02/$0.05) - 2024/04/28 18:16:53
Table 'NLHBlue16' 6-max Seat #5 is the button
Seat 1: 4f7554d4 ($4.83 in chips)
Seat 3: d4589fe4 ($5.59 in chips)
Seat 4: Hero ($5.68 in chips)
Seat 5: e74ea8b3 ($5.05 in chips)
Seat 6: d4d21af8 ($5.86 in chips)
d4d21af8: posts small blind $0.02
4f7554d4: posts big blind $0.05
*** HOLE CARDS ***
Dealt to 4f7554d4 
Dealt to d4589fe4 
Dealt to Hero [2s 8h]
Dealt to e74ea8b3 
Dealt to d4d21af8 
d4589fe4: raises $0.08 to $0.13
Hero: folds
e74ea8b3: folds
d4d21af8: folds
4f7554d4: folds
Uncalled bet ($0.08) returned to d4589fe4
*** SHOWDOWN ***
d4589fe4 collected $0.12 from pot
*** SUMMARY ***
Total pot $0.12 | Rake $0 | Jackpot $0 | Bingo $0 | Fortune $0 | Tax $0
Seat 1: 4f7554d4 (big blind) folded before Flop
Seat 3: d4589fe4 collected ($0.12)
Seat 4: Hero folded before Flop (didn't bet)
Seat 5: e74ea8b3 (button) folded before Flop (didn't bet)
Seat 6: d4d21af8 (small blind) folded before Flop


Poker Hand #HD1750283521: Hold'em No Limit ($0.02/$0.05) - 2024/04/28 18:16:32
Table 'NLHBlue16' 6-max Seat #4 is the button
Seat 1: 4f7554d4 ($4.83 in chips)
Seat 3: d4589fe4 ($5.59 in chips)
Seat 4: Hero ($5.68 in chips)
Seat 5: e74ea8b3 ($4.53 in chips)
Seat 6: d4d21af8 ($5.91 in chips)
e74ea8b3: posts small blind $0.02
d4d21af8: posts big blind $0.05
*** HOLE CARDS ***
Dealt to 4f7554d4 
Dealt to d4589fe4 
Dealt to Hero [4c 2d]
Dealt to e74ea8b3 
Dealt to d4d21af8 
4f7554d4: folds
d4589fe4: folds
Hero: folds
e74ea8b3: raises $0.1 to $0.15
d4d21af8: folds
Uncalled bet ($0.1) returned to e74ea8b3
*** SHOWDOWN ***
e74ea8b3 collected $0.1 from pot
*** SUMMARY ***
Total pot $0.1 | Rake $0 | Jackpot $0 | Bingo $0 | Fortune $0 | Tax $0
Seat 1: 4f7554d4 folded before Flop (didn't bet)
Seat 3: d4589fe4 folded before Flop (didn't bet)
Seat 4: Hero (button) folded before Flop (didn't bet)
Seat 5: e74ea8b3 (small blind) collected ($0.1)
Seat 6: d4d21af8 (big blind) folded before Flop


Poker Hand #HD1750283483: Hold'em No Limit ($0.02/$0.05) - 2024/04/28 18:16:14
Table 'NLHBlue16' 6-max Seat #3 is the button
Seat 1: 4f7554d4 ($4.83 in chips)
Seat 3: d4589fe4 ($5.59 in chips)
Seat 4: Hero ($5.7 in chips)
Seat 5: e74ea8b3 ($4.58 in chips)
Seat 6: d4d21af8 ($5.84 in chips)
Hero: posts small blind $0.02
e74ea8b3: posts big blind $0.05
*** HOLE CARDS ***
Dealt to 4f7554d4 
Dealt to d4589fe4 
Dealt to Hero [Ts 6c]
Dealt to e74ea8b3 
Dealt to d4d21af8 
d4d21af8: raises $0.05 to $0.1
4f7554d4: folds
d4589fe4: folds
Hero: folds
e74ea8b3: folds
Uncalled bet ($0.05) returned to d4d21af8
*** SHOWDOWN ***
d4d21af8 collected $0.12 from pot
*** SUMMARY ***
Total pot $0.12 | Rake $0 | Jackpot $0 | Bingo $0 | Fortune $0 | Tax $0
Seat 1: 4f7554d4 folded before Flop (didn't bet)
Seat 3: d4589fe4 (button) folded before Flop (didn't bet)
Seat 4: Hero (small blind) folded before Flop
Seat 5: e74ea8b3 (big blind) folded before Flop
Seat 6: d4d21af8 collected ($0.12)


Poker Hand #HD1750283346: Hold'em No Limit ($0.02/$0.05) - 2024/04/28 18:15:12
Table 'NLHBlue16' 6-max Seat #1 is the button
Seat 1: 4f7554d4 ($4.83 in chips)
Seat 3: d4589fe4 ($5.07 in chips)
Seat 4: Hero ($5.75 in chips)
Seat 5: e74ea8b3 ($5.1 in chips)
Seat 6: d4d21af8 ($5.84 in chips)
d4589fe4: posts small blind $0.02
Hero: posts big blind $0.05
*** HOLE CARDS ***
Dealt to 4f7554d4 
Dealt to d4589fe4 
Dealt to Hero [Kc Td]
Dealt to e74ea8b3 
Dealt to d4d21af8 
e74ea8b3: raises $0.05 to $0.1
d4d21af8: folds
4f7554d4: folds
d4589fe4: raises $0.42 to $0.52
Hero: folds
e74ea8b3: calls $0.42
*** FLOP *** [Ah Qs 5c]
d4589fe4: checks
e74ea8b3: checks
*** TURN *** [Ah Qs 5c] [7h]
d4589fe4: bets $0.36
e74ea8b3: folds
Uncalled bet ($0.36) returned to d4589fe4
*** SHOWDOWN ***
d4589fe4 collected $1.04 from pot
*** SUMMARY ***
Total pot $1.09 | Rake $0.05 | Jackpot $0 | Bingo $0 | Fortune $0 | Tax $0
Board [Ah Qs 5c 7h]
Seat 1: 4f7554d4 (button) folded before Flop (didn't bet)
Seat 3: d4589fe4 (small blind) won ($1.04)
Seat 4: Hero (big blind) folded before Flop
Seat 5: e74ea8b3 folded on the Turn
Seat 6: d4d21af8 folded before Flop (didn't bet)


Poker Hand #HD1750283176: Hold'em No Limit ($0.02/$0.05) - 2024/04/28 18:13:51
Table 'NLHBlue16' 6-max Seat #6 is the button
Seat 1: 4f7554d4 ($5.02 in chips)
Seat 2: ed148a08 ($5.51 in chips)
Seat 3: d4589fe4 ($5.07 in chips)
Seat 4: Hero ($5.75 in chips)
Seat 5: e74ea8b3 ($5.1 in chips)
Seat 6: d4d21af8 ($5.62 in chips)
4f7554d4: posts small blind $0.02
ed148a08: posts big blind $0.05
*** HOLE CARDS ***
Dealt to 4f7554d4 
Dealt to ed148a08 
Dealt to d4589fe4 
Dealt to Hero [4s Kc]
Dealt to e74ea8b3 
Dealt to d4d21af8 
d4589fe4: folds
Hero: folds
e74ea8b3: folds
d4d21af8: raises $0.05 to $0.1
4f7554d4: calls $0.08
ed148a08: folds
*** FLOP *** [As Ah 7h]
4f7554d4: bets $0.09
d4d21af8: calls $0.09
*** TURN *** [As Ah 7h] [Jd]
4f7554d4: checks
d4d21af8: bets $0.33
4f7554d4: folds
Uncalled bet ($0.33) returned to d4d21af8
*** SHOWDOWN ***
d4d21af8 collected $0.41 from pot
*** SUMMARY ***
Total pot $0.43 | Rake $0.02 | Jackpot $0 | Bingo $0 | Fortune $0 | Tax $0
Board [As Ah 7h Jd]
Seat 1: 4f7554d4 (small blind) folded on the Turn
Seat 2: ed148a08 (big blind) folded before Flop
Seat 3: d4589fe4 folded before Flop (didn't bet)
Seat 4: Hero folded before Flop (didn't bet)
Seat 5: e74ea8b3 folded before Flop (didn't bet)
Seat 6: d4d21af8 (button) won ($0.41)


Poker Hand #HD1750283123: Hold'em No Limit ($0.02/$0.05) - 2024/04/28 18:13:25
Table 'NLHBlue16' 6-max Seat #5 is the button
Seat 1: 4f7554d4 ($5 in chips)
Seat 2: ed148a08 ($5.51 in chips)
Seat 3: d4589fe4 ($5.07 in chips)
Seat 4: Hero ($5.75 in chips)
Seat 5: e74ea8b3 ($5.1 in chips)
Seat 6: d4d21af8 ($5.64 in chips)
d4d21af8: posts small blind $0.02
4f7554d4: posts big blind $0.05
*** HOLE CARDS ***
Dealt to 4f7554d4 
Dealt to ed148a08 
Dealt to d4589fe4 
Dealt to Hero [Ah 8d]
Dealt to e74ea8b3 
Dealt to d4d21af8 
ed148a08: folds
d4589fe4: folds
Hero: folds
e74ea8b3: folds
d4d21af8: folds
Uncalled bet ($0.03) returned to 4f7554d4
*** SHOWDOWN ***
4f7554d4 collected $0.04 from pot
*** SUMMARY ***
Total pot $0.04 | Rake $0 | Jackpot $0 | Bingo $0 | Fortune $0 | Tax $0
Seat 1: 4f7554d4 (big blind) collected ($0.04)
Seat 2: ed148a08 folded before Flop (didn't bet)
Seat 3: d4589fe4 folded before Flop (didn't bet)
Seat 4: Hero folded before Flop (didn't bet)
Seat 5: e74ea8b3 (button) folded before Flop (didn't bet)
Seat 6: d4d21af8 (small blind) folded before Flop


Poker Hand #HD1750283077: Hold'em No Limit ($0.02/$0.05) - 2024/04/28 18:13:03
Table 'NLHBlue16' 6-max Seat #4 is the button
Seat 2: ed148a08 ($5.51 in chips)
Seat 3: d4589fe4 ($5.07 in chips)
Seat 4: Hero ($5.68 in chips)
Seat 5: e74ea8b3 ($5.12 in chips)
Seat 6: d4d21af8 ($5.69 in chips)
e74ea8b3: posts small blind $0.02
d4d21af8: posts big blind $0.05
*** HOLE CARDS ***
Dealt to ed148a08 
Dealt to d4589fe4 
Dealt to Hero [Jd Ad]
Dealt to e74ea8b3 
Dealt to d4d21af8 
ed148a08: folds
d4589fe4: folds
Hero: raises $0.07 to $0.12
e74ea8b3: folds
d4d21af8: folds
Uncalled bet ($0.07) returned to Hero
*** SHOWDOWN ***
Hero collected $0.12 from pot
*** SUMMARY ***
Total pot $0.12 | Rake $0 | Jackpot $0 | Bingo $0 | Fortune $0 | Tax $0
Seat 2: ed148a08 folded before Flop (didn't bet)
Seat 3: d4589fe4 folded before Flop (didn't bet)
Seat 4: Hero (button) collected ($0.12)
Seat 5: e74ea8b3 (small blind) folded before Flop
Seat 6: d4d21af8 (big blind) folded before Flop


Poker Hand #HD1750283005: Hold'em No Limit ($0.02/$0.05) - 2024/04/28 18:12:33
Table 'NLHBlue16' 6-max Seat #3 is the button
Seat 2: ed148a08 ($5.51 in chips)
Seat 3: d4589fe4 ($5 in chips)
Seat 4: Hero ($5.7 in chips)
Seat 5: e74ea8b3 ($5.17 in chips)
Seat 6: d4d21af8 ($5.69 in chips)
Hero: posts small blind $0.02
e74ea8b3: posts big blind $0.05
*** HOLE CARDS ***
Dealt to ed148a08 
Dealt to d4589fe4 
Dealt to Hero [Ks 4h]
Dealt to e74ea8b3 
Dealt to d4d21af8 
d4d21af8: folds
ed148a08: folds
d4589fe4: raises $0.08 to $0.13
Hero: folds
e74ea8b3: folds
Uncalled bet ($0.08) returned to d4589fe4
*** SHOWDOWN ***
d4589fe4 collected $0.12 from pot
*** SUMMARY ***
Total pot $0.12 | Rake $0 | Jackpot $0 | Bingo $0 | Fortune $0 | Tax $0
Seat 2: ed148a08 folded before Flop (didn't bet)
Seat 3: d4589fe4 (button) collected ($0.12)
Seat 4: Hero (small blind) folded before Flop
Seat 5: e74ea8b3 (big blind) folded before Flop
Seat 6: d4d21af8 folded before Flop (didn't bet)


Poker Hand #HD1750282876: Hold'em No Limit ($0.02/$0.05) - 2024/04/28 18:11:32
Table 'NLHBlue16' 6-max Seat #2 is the button
Seat 1: d3dbb224 ($0.67 in chips)
Seat 2: ed148a08 ($5 in chips)
Seat 3: d4589fe4 ($5 in chips)
Seat 4: Hero ($5.75 in chips)
Seat 5: e74ea8b3 ($5.17 in chips)
Seat 6: d4d21af8 ($5.69 in chips)
d4589fe4: posts small blind $0.02
Hero: posts big blind $0.05
*** HOLE CARDS ***
Dealt to d3dbb224 
Dealt to ed148a08 
Dealt to d4589fe4 
Dealt to Hero [Tc Js]
Dealt to e74ea8b3 
Dealt to d4d21af8 
e74ea8b3: folds
d4d21af8: folds
d3dbb224: calls $0.05
ed148a08: raises $0.1 to $0.15
d4589fe4: folds
Hero: folds
d3dbb224: calls $0.1
*** FLOP *** [7d 6c 8s]
d3dbb224: checks
ed148a08: bets $4.85 and is all-in
d3dbb224: calls $0.52 and is all-in
Uncalled bet ($4.33) returned to ed148a08
ed148a08: shows [6h 8h] (Pair of Eights and Pair of Sixes)
d3dbb224: shows [3c 3h] (Pair of Treys)
ed148a08: Chooses to EV Cashout 
*** TURN *** [7d 6c 8s] [Qd]
*** RIVER *** [7d 6c 8s Qd] [Ac]
ed148a08: Pays Cashout Risk ($0.16)
*** SHOWDOWN ***
ed148a08 collected $1.34 from pot
*** SUMMARY ***
Total pot $1.41 | Rake $0.07 | Jackpot $0 | Bingo $0 | Fortune $0 | Tax $0
Board [7d 6c 8s Qd Ac]
Seat 1: d3dbb224 showed [3c 3h] and lost with Pair of Treys
Seat 2: ed148a08 (button) showed [6h 8h] and won ($1.34) with Pair of Eights and Pair of Sixes, Cashout Risk ($0.16)
Seat 3: d4589fe4 (small blind) folded before Flop
Seat 4: Hero (big blind) folded before Flop
Seat 5: e74ea8b3 folded before Flop (didn't bet)
Seat 6: d4d21af8 folded before Flop (didn't bet)


Poker Hand #HD1750282796: Hold'em No Limit ($0.02/$0.05) - 2024/04/28 18:10:53
Table 'NLHBlue16' 6-max Seat #1 is the button
Seat 1: d3dbb224 ($0.51 in chips)
Seat 2: ed148a08 ($5 in chips)
Seat 3: d4589fe4 ($5 in chips)
Seat 4: Hero ($5.75 in chips)
Seat 5: e74ea8b3 ($5.27 in chips)
Seat 6: d4d21af8 ($5.69 in chips)
ed148a08: posts small blind $0.02
d4589fe4: posts big blind $0.05
*** HOLE CARDS ***
Dealt to d3dbb224 
Dealt to ed148a08 
Dealt to d4589fe4 
Dealt to Hero [3h 9s]
Dealt to e74ea8b3 
Dealt to d4d21af8 
Hero: folds
e74ea8b3: raises $0.05 to $0.1
d4d21af8: folds
d3dbb224: calls $0.1
ed148a08: folds
d4589fe4: folds
*** FLOP *** [Td 2c 8s]
e74ea8b3: checks
d3dbb224: bets $0.27
e74ea8b3: folds
Uncalled bet ($0.27) returned to d3dbb224
*** SHOWDOWN ***
d3dbb224 collected $0.26 from pot
*** SUMMARY ***
Total pot $0.27 | Rake $0.01 | Jackpot $0 | Bingo $0 | Fortune $0 | Tax $0
Board [Td 2c 8s]
Seat 1: d3dbb224 (button) won ($0.26)
Seat 2: ed148a08 (small blind) folded before Flop
Seat 3: d4589fe4 (big blind) folded before Flop
Seat 4: Hero folded before Flop (didn't bet)
Seat 5: e74ea8b3 folded on the Flop
Seat 6: d4d21af8 folded before Flop (didn't bet)


Poker Hand #HD1750282778: Hold'em No Limit ($0.02/$0.05) - 2024/04/28 18:10:42
Table 'NLHBlue16' 6-max Seat #6 is the button
Seat 1: d3dbb224 ($0.53 in chips)
Seat 2: ed148a08 ($5 in chips)
Seat 4: Hero ($5.75 in chips)
Seat 6: d4d21af8 ($5.62 in chips)
d3dbb224: posts small blind $0.02
ed148a08: posts big blind $0.05
*** HOLE CARDS ***
Dealt to d3dbb224 
Dealt to ed148a08 
Dealt to Hero [4h 6d]
Dealt to d4d21af8 
Hero: folds
d4d21af8: raises $0.05 to $0.1
d3dbb224: folds
ed148a08: folds
Uncalled bet ($0.05) returned to d4d21af8
*** SHOWDOWN ***
d4d21af8 collected $0.12 from pot
*** SUMMARY ***
Total pot $0.12 | Rake $0 | Jackpot $0 | Bingo $0 | Fortune $0 | Tax $0
Seat 1: d3dbb224 (small blind) folded before Flop
Seat 2: ed148a08 (big blind) folded before Flop
Seat 4: Hero folded before Flop (didn't bet)
Seat 6: d4d21af8 (button) collected ($0.12)


Poker Hand #HD1750282633: Hold'em No Limit ($0.02/$0.05) - 2024/04/28 18:09:31
Table 'NLHBlue16' 6-max Seat #5 is the button
Seat 1: d3dbb224 ($0.65 in chips)
Seat 2: ed148a08 ($5 in chips)
Seat 4: Hero ($5.87 in chips)
Seat 5: e74ea8b3 ($5.27 in chips)
Seat 6: d4d21af8 ($5.39 in chips)
d4d21af8: posts small blind $0.02
d3dbb224: posts big blind $0.05
*** HOLE CARDS ***
Dealt to d3dbb224 
Dealt to ed148a08 
Dealt to Hero [5s As]
Dealt to e74ea8b3 
Dealt to d4d21af8 
ed148a08: folds
Hero: raises $0.07 to $0.12
e74ea8b3: folds
d4d21af8: calls $0.1
d3dbb224: calls $0.07
*** FLOP *** [7d 4s 5d]
d4d21af8: checks
d3dbb224: checks
Hero: checks
*** TURN *** [7d 4s 5d] [Tc]
d4d21af8: bets $0.27
d3dbb224: folds
Hero: folds
Uncalled bet ($0.27) returned to d4d21af8
*** SHOWDOWN ***
d4d21af8 collected $0.35 from pot
*** SUMMARY ***
Total pot $0.36 | Rake $0.01 | Jackpot $0 | Bingo $0 | Fortune $0 | Tax $0
Board [7d 4s 5d Tc]
Seat 1: d3dbb224 (big blind) folded on the Turn
Seat 2: ed148a08 folded before Flop (didn't bet)
Seat 4: Hero folded on the Turn
Seat 5: e74ea8b3 (button) folded before Flop (didn't bet)
Seat 6: d4d21af8 (small blind) won ($0.35)


Poker Hand #HD1750282609: Hold'em No Limit ($0.02/$0.05) - 2024/04/28 18:09:17
Table 'NLHBlue16' 6-max Seat #4 is the button
Seat 1: d3dbb224 ($0.65 in chips)
Seat 2: ed148a08 ($5 in chips)
Seat 4: Hero ($5.87 in chips)
Seat 5: e74ea8b3 ($5.29 in chips)
Seat 6: d4d21af8 ($5.37 in chips)
e74ea8b3: posts small blind $0.02
d4d21af8: posts big blind $0.05
*** HOLE CARDS ***
Dealt to d3dbb224 
Dealt to ed148a08 
Dealt to Hero [3d 8h]
Dealt to e74ea8b3 
Dealt to d4d21af8 
d3dbb224: folds
ed148a08: folds
Hero: folds
e74ea8b3: folds
Uncalled bet ($0.03) returned to d4d21af8
*** SHOWDOWN ***
d4d21af8 collected $0.04 from pot
*** SUMMARY ***
Total pot $0.04 | Rake $0 | Jackpot $0 | Bingo $0 | Fortune $0 | Tax $0
Seat 1: d3dbb224 folded before Flop (didn't bet)
Seat 2: ed148a08 folded before Flop (didn't bet)
Seat 4: Hero (button) folded before Flop (didn't bet)
Seat 5: e74ea8b3 (small blind) folded before Flop
Seat 6: d4d21af8 (big blind) collected ($0.04)


Poker Hand #HD1750282566: Hold'em No Limit ($0.02/$0.05) - 2024/04/28 18:08:54
Table 'NLHBlue16' 6-max Seat #2 is the button
Seat 1: d3dbb224 ($0.7 in chips)
Seat 2: ed148a08 ($5 in chips)
Seat 4: Hero ($5.77 in chips)
Seat 5: e74ea8b3 ($5.34 in chips)
Seat 6: d4d21af8 ($5.37 in chips)
Hero: posts small blind $0.02
e74ea8b3: posts big blind $0.05
*** HOLE CARDS ***
Dealt to d3dbb224 
Dealt to ed148a08 
Dealt to Hero [5d Ad]
Dealt to e74ea8b3 
Dealt to d4d21af8 
d4d21af8: folds
d3dbb224: calls $0.05
ed148a08: folds
Hero: raises $0.2 to $0.25
e74ea8b3: folds
d3dbb224: folds
Uncalled bet ($0.2) returned to Hero
*** SHOWDOWN ***
Hero collected $0.15 from pot
*** SUMMARY ***
Total pot $0.15 | Rake $0 | Jackpot $0 | Bingo $0 | Fortune $0 | Tax $0
Seat 1: d3dbb224 folded before Flop
Seat 2: ed148a08 (button) folded before Flop (didn't bet)
Seat 4: Hero (small blind) collected ($0.15)
Seat 5: e74ea8b3 (big blind) folded before Flop
Seat 6: d4d21af8 folded before Flop (didn't bet)


Poker Hand #HD1750282484: Hold'em No Limit ($0.02/$0.05) - 2024/04/28 18:08:18
Table 'NLHBlue16' 6-max Seat #1 is the button
Seat 1: d3dbb224 ($0.75 in chips)
Seat 2: ed148a08 ($5.02 in chips)
Seat 4: Hero ($5.7 in chips)
Seat 5: e74ea8b3 ($5.34 in chips)
Seat 6: d4d21af8 ($5.37 in chips)
ed148a08: posts small blind $0.02
Hero: posts big blind $0.05
*** HOLE CARDS ***
Dealt to d3dbb224 
Dealt to ed148a08 
Dealt to Hero [Tc 3c]
Dealt to e74ea8b3 
Dealt to d4d21af8 
e74ea8b3: folds
d4d21af8: folds
d3dbb224: calls $0.05
ed148a08: folds
Hero: checks
*** FLOP *** [Kh 7d 8s]
Hero: checks
d3dbb224: checks
*** TURN *** [Kh 7d 8s] [Ks]
Hero: checks
d3dbb224: checks
*** RIVER *** [Kh 7d 8s Ks] [9c]
Hero: bets $0.08
d3dbb224: folds
Uncalled bet ($0.08) returned to Hero
*** SHOWDOWN ***
Hero collected $0.12 from pot
*** SUMMARY ***
Total pot $0.12 | Rake $0 | Jackpot $0 | Bingo $0 | Fortune $0 | Tax $0
Board [Kh 7d 8s Ks 9c]
Seat 1: d3dbb224 (button) folded on the River
Seat 2: ed148a08 (small blind) folded before Flop
Seat 4: Hero (big blind) won ($0.12)
Seat 5: e74ea8b3 folded before Flop (didn't bet)
Seat 6: d4d21af8 folded before Flop (didn't bet)


Poker Hand #HD1750282449: Hold'em No Limit ($0.02/$0.05) - 2024/04/28 18:08:00
Table 'NLHBlue16' 6-max Seat #6 is the button
Seat 1: d3dbb224 ($0.77 in chips)
Seat 2: ed148a08 ($5.07 in chips)
Seat 3: 7bc03606 ($5.53 in chips)
Seat 4: Hero ($5.7 in chips)
Seat 5: e74ea8b3 ($5.34 in chips)
Seat 6: d4d21af8 ($5.3 in chips)
d3dbb224: posts small blind $0.02
ed148a08: posts big blind $0.05
*** HOLE CARDS ***
Dealt to d3dbb224 
Dealt to ed148a08 
Dealt to 7bc03606 
Dealt to Hero [Jh 4s]
Dealt to e74ea8b3 
Dealt to d4d21af8 
7bc03606: folds
Hero: folds
e74ea8b3: folds
d4d21af8: raises $0.05 to $0.1
d3dbb224: folds
ed148a08: folds
Uncalled bet ($0.05) returned to d4d21af8
*** SHOWDOWN ***
d4d21af8 collected $0.12 from pot
*** SUMMARY ***
Total pot $0.12 | Rake $0 | Jackpot $0 | Bingo $0 | Fortune $0 | Tax $0
Seat 1: d3dbb224 (small blind) folded before Flop
Seat 2: ed148a08 (big blind) folded before Flop
Seat 3: 7bc03606 folded before Flop (didn't bet)
Seat 4: Hero folded before Flop (didn't bet)
Seat 5: e74ea8b3 folded before Flop (didn't bet)
Seat 6: d4d21af8 (button) collected ($0.12)


Poker Hand #HD1750282359: Hold'em No Limit ($0.02/$0.05) - 2024/04/28 18:07:19
Table 'NLHBlue16' 6-max Seat #5 is the button
Seat 1: d3dbb224 ($0.9 in chips)
Seat 2: ed148a08 ($5.07 in chips)
Seat 4: Hero ($5.7 in chips)
Seat 5: e74ea8b3 ($5.2 in chips)
Seat 6: d4d21af8 ($5.32 in chips)
d4d21af8: posts small blind $0.02
d3dbb224: posts big blind $0.05
*** HOLE CARDS ***
Dealt to d3dbb224 
Dealt to ed148a08 
Dealt to Hero [7d 5d]
Dealt to e74ea8b3 
Dealt to d4d21af8 
ed148a08: folds
Hero: folds
e74ea8b3: raises $0.08 to $0.13
d4d21af8: folds
d3dbb224: calls $0.08
*** FLOP *** [Ac 5c 8c]
d3dbb224: checks
e74ea8b3: checks
*** TURN *** [Ac 5c 8c] [6h]
d3dbb224: checks
e74ea8b3: checks
*** RIVER *** [Ac 5c 8c 6h] [Ah]
d3dbb224: checks
e74ea8b3: bets $0.16
d3dbb224: folds
Uncalled bet ($0.16) returned to e74ea8b3
*** SHOWDOWN ***
e74ea8b3 collected $0.27 from pot
*** SUMMARY ***
Total pot $0.28 | Rake $0.01 | Jackpot $0 | Bingo $0 | Fortune $0 | Tax $0
Board [Ac 5c 8c 6h Ah]
Seat 1: d3dbb224 (big blind) folded on the River
Seat 2: ed148a08 folded before Flop (didn't bet)
Seat 4: Hero folded before Flop (didn't bet)
Seat 5: e74ea8b3 (button) won ($0.27)
Seat 6: d4d21af8 (small blind) folded before Flop


Poker Hand #HD1750282174: Hold'em No Limit ($0.02/$0.05) - 2024/04/28 18:05:52
Table 'NLHBlue16' 6-max Seat #4 is the button
Seat 1: d3dbb224 ($0.95 in chips)
Seat 2: ed148a08 ($5.07 in chips)
Seat 3: 7bc03606 ($5.64 in chips)
Seat 4: Hero ($5.7 in chips)
Seat 5: e74ea8b3 ($5.22 in chips)
Seat 6: d4d21af8 ($5.15 in chips)
e74ea8b3: posts small blind $0.02
d4d21af8: posts big blind $0.05
*** HOLE CARDS ***
Dealt to d3dbb224 
Dealt to ed148a08 
Dealt to 7bc03606 
Dealt to Hero [4s 8c]
Dealt to e74ea8b3 
Dealt to d4d21af8 
d3dbb224: calls $0.05
ed148a08: folds
7bc03606: raises $0.06 to $0.11
Hero: folds
e74ea8b3: folds
d4d21af8: raises $0.21 to $0.32
d3dbb224: folds
7bc03606: folds
Uncalled bet ($0.21) returned to d4d21af8
*** SHOWDOWN ***
d4d21af8 collected $0.28 from pot
*** SUMMARY ***
Total pot $0.29 | Rake $0.01 | Jackpot $0 | Bingo $0 | Fortune $0 | Tax $0
Seat 1: d3dbb224 folded before Flop
Seat 2: ed148a08 folded before Flop (didn't bet)
Seat 3: 7bc03606 folded before Flop
Seat 4: Hero (button) folded before Flop (didn't bet)
Seat 5: e74ea8b3 (small blind) folded before Flop
Seat 6: d4d21af8 (big blind) collected ($0.28)


Poker Hand #HD1750282131: Hold'em No Limit ($0.02/$0.05) - 2024/04/28 18:05:27
Table 'NLHBlue16' 6-max Seat #3 is the button
Seat 1: d3dbb224 ($0.95 in chips)
Seat 2: ed148a08 ($5 in chips)
Seat 3: 7bc03606 ($5.64 in chips)
Seat 4: Hero ($5.72 in chips)
Seat 5: e74ea8b3 ($5.27 in chips)
Seat 6: d4d21af8 ($5.15 in chips)
Hero: posts small blind $0.02
e74ea8b3: posts big blind $0.05
*** HOLE CARDS ***
Dealt to d3dbb224 
Dealt to ed148a08 
Dealt to 7bc03606 
Dealt to Hero [Td 2d]
Dealt to e74ea8b3 
Dealt to d4d21af8 
d4d21af8: folds
d3dbb224: folds
ed148a08: raises $0.08 to $0.13
7bc03606: folds
Hero: folds
e74ea8b3: folds
Uncalled bet ($0.08) returned to ed148a08
*** SHOWDOWN ***
ed148a08 collected $0.12 from pot
*** SUMMARY ***
Total pot $0.12 | Rake $0 | Jackpot $0 | Bingo $0 | Fortune $0 | Tax $0
Seat 1: d3dbb224 folded before Flop (didn't bet)
Seat 2: ed148a08 collected ($0.12)
Seat 3: 7bc03606 (button) folded before Flop (didn't bet)
Seat 4: Hero (small blind) folded before Flop
Seat 5: e74ea8b3 (big blind) folded before Flop
Seat 6: d4d21af8 folded before Flop (didn't bet)


Poker Hand #HD1750282053: Hold'em No Limit ($0.02/$0.05) - 2024/04/28 18:04:51
Table 'NLHBlue16' 6-max Seat #2 is the button
Seat 1: d3dbb224 ($1 in chips)
Seat 2: ed148a08 ($5 in chips)
Seat 3: 7bc03606 ($5.66 in chips)
Seat 4: Hero ($5.77 in chips)
Seat 5: e74ea8b3 ($5.16 in chips)
Seat 6: d4d21af8 ($5.15 in chips)
7bc03606: posts small blind $0.02
Hero: posts big blind $0.05
d3dbb224: posts big blind $0.05
*** HOLE CARDS ***
Dealt to d3dbb224 
Dealt to ed148a08 
Dealt to 7bc03606 
Dealt to Hero [3s 9h]
Dealt to e74ea8b3 
Dealt to d4d21af8 
e74ea8b3: raises $0.08 to $0.13
d4d21af8: folds
d3dbb224: folds
ed148a08: folds
7bc03606: folds
Hero: folds
Uncalled bet ($0.08) returned to e74ea8b3
*** SHOWDOWN ***
e74ea8b3 collected $0.16 from pot
*** SUMMARY ***
Total pot $0.17 | Rake $0.01 | Jackpot $0 | Bingo $0 | Fortune $0 | Tax $0
Seat 1: d3dbb224 folded before Flop
Seat 2: ed148a08 (button) folded before Flop (didn't bet)
Seat 3: 7bc03606 (small blind) folded before Flop
Seat 4: Hero (big blind) folded before Flop
Seat 5: e74ea8b3 collected ($0.16)
Seat 6: d4d21af8 folded before Flop (didn't bet)


Poker Hand #HD1750282012: Hold'em No Limit ($0.02/$0.05) - 2024/04/28 18:04:28
Table 'NLHBlue16' 6-max Seat #6 is the button
Seat 2: ed148a08 ($5 in chips)
Seat 3: 7bc03606 ($5.64 in chips)
Seat 4: Hero ($5.77 in chips)
Seat 5: e74ea8b3 ($5.16 in chips)
Seat 6: d4d21af8 ($5.15 in chips)
ed148a08: posts small blind $0.02
7bc03606: posts big blind $0.05
*** HOLE CARDS ***
Dealt to ed148a08 
Dealt to 7bc03606 
Dealt to Hero [Ks 4d]
Dealt to e74ea8b3 
Dealt to d4d21af8 
Hero: folds
e74ea8b3: folds
d4d21af8: folds
ed148a08: folds
Uncalled bet ($0.03) returned to 7bc03606
*** SHOWDOWN ***
7bc03606 collected $0.04 from pot
*** SUMMARY ***
Total pot $0.04 | Rake $0 | Jackpot $0 | Bingo $0 | Fortune $0 | Tax $0
Seat 2: ed148a08 (small blind) folded before Flop
Seat 3: 7bc03606 (big blind) collected ($0.04)
Seat 4: Hero folded before Flop (didn't bet)
Seat 5: e74ea8b3 folded before Flop (didn't bet)
Seat 6: d4d21af8 (button) folded before Flop (didn't bet)


Poker Hand #HD1750281960: Hold'em No Limit ($0.02/$0.05) - 2024/04/28 18:04:01
Table 'NLHBlue16' 6-max Seat #5 is the button
Seat 2: ed148a08 ($5 in chips)
Seat 3: 7bc03606 ($5.64 in chips)
Seat 4: Hero ($5.77 in chips)
Seat 5: e74ea8b3 ($5.09 in chips)
Seat 6: d4d21af8 ($5.17 in chips)
d4d21af8: posts small blind $0.02
ed148a08: posts big blind $0.05
*** HOLE CARDS ***
Dealt to ed148a08 
Dealt to 7bc03606 
Dealt to Hero [Ts 8h]
Dealt to e74ea8b3 
Dealt to d4d21af8 
7bc03606: folds
Hero: folds
e74ea8b3: raises $0.08 to $0.13
d4d21af8: folds
ed148a08: folds
Uncalled bet ($0.08) returned to e74ea8b3
*** SHOWDOWN ***
e74ea8b3 collected $0.12 from pot
*** SUMMARY ***
Total pot $0.12 | Rake $0 | Jackpot $0 | Bingo $0 | Fortune $0 | Tax $0
Seat 2: ed148a08 (big blind) folded before Flop
Seat 3: 7bc03606 folded before Flop (didn't bet)
Seat 4: Hero folded before Flop (didn't bet)
Seat 5: e74ea8b3 (button) collected ($0.12)
Seat 6: d4d21af8 (small blind) folded before Flop


Poker Hand #HD1750281903: Hold'em No Limit ($0.02/$0.05) - 2024/04/28 18:03:37
Table 'NLHBlue16' 6-max Seat #4 is the button
Seat 2: ed148a08 ($5 in chips)
Seat 3: 7bc03606 ($5.57 in chips)
Seat 4: Hero ($5.77 in chips)
Seat 5: e74ea8b3 ($5.11 in chips)
Seat 6: d4d21af8 ($5.22 in chips)
e74ea8b3: posts small blind $0.02
d4d21af8: posts big blind $0.05
*** HOLE CARDS ***
Dealt to ed148a08 
Dealt to 7bc03606 
Dealt to Hero [Jd 6s]
Dealt to e74ea8b3 
Dealt to d4d21af8 
ed148a08: folds
7bc03606: raises $0.08 to $0.13
Hero: folds
e74ea8b3: folds
d4d21af8: folds
Uncalled bet ($0.08) returned to 7bc03606
*** SHOWDOWN ***
7bc03606 collected $0.12 from pot
*** SUMMARY ***
Total pot $0.12 | Rake $0 | Jackpot $0 | Bingo $0 | Fortune $0 | Tax $0
Seat 2: ed148a08 folded before Flop (didn't bet)
Seat 3: 7bc03606 collected ($0.12)
Seat 4: Hero (button) folded before Flop (didn't bet)
Seat 5: e74ea8b3 (small blind) folded before Flop
Seat 6: d4d21af8 (big blind) folded before Flop


Poker Hand #HD1750281821: Hold'em No Limit ($0.02/$0.05) - 2024/04/28 18:02:53
Table 'NLHBlue16' 6-max Seat #3 is the button
Seat 1: 715e1b0c ($5.8 in chips)
Seat 2: ed148a08 ($5 in chips)
Seat 3: 7bc03606 ($5.57 in chips)
Seat 4: Hero ($5.79 in chips)
Seat 5: e74ea8b3 ($5 in chips)
Seat 6: d4d21af8 ($5.32 in chips)
Hero: posts small blind $0.02
e74ea8b3: posts big blind $0.05
*** HOLE CARDS ***
Dealt to 715e1b0c 
Dealt to ed148a08 
Dealt to 7bc03606 
Dealt to Hero [2d 3h]
Dealt to e74ea8b3 
Dealt to d4d21af8 
d4d21af8: raises $0.05 to $0.1
715e1b0c: folds
ed148a08: folds
7bc03606: folds
Hero: folds
e74ea8b3: calls $0.05
*** FLOP *** [Kh Kc 9d]
e74ea8b3: checks
d4d21af8: checks
*** TURN *** [Kh Kc 9d] [5d]
e74ea8b3: bets $0.09
d4d21af8: folds
Uncalled bet ($0.09) returned to e74ea8b3
*** SHOWDOWN ***
e74ea8b3 collected $0.21 from pot
*** SUMMARY ***
Total pot $0.22 | Rake $0.01 | Jackpot $0 | Bingo $0 | Fortune $0 | Tax $0
Board [Kh Kc 9d 5d]
Seat 1: 715e1b0c folded before Flop (didn't bet)
Seat 2: ed148a08 folded before Flop (didn't bet)
Seat 3: 7bc03606 (button) folded before Flop (didn't bet)
Seat 4: Hero (small blind) folded before Flop
Seat 5: e74ea8b3 (big blind) won ($0.21)
Seat 6: d4d21af8 folded on the Turn


Poker Hand #HD1750281781: Hold'em No Limit ($0.02/$0.05) - 2024/04/28 18:02:35
Table 'NLHBlue16' 6-max Seat #2 is the button
Seat 1: 715e1b0c ($5.73 in chips)
Seat 2: ed148a08 ($5 in chips)
Seat 3: 7bc03606 ($5.59 in chips)
Seat 4: Hero ($5.84 in chips)
Seat 6: d4d21af8 ($5.32 in chips)
7bc03606: posts small blind $0.02
Hero: posts big blind $0.05
*** HOLE CARDS ***
Dealt to 715e1b0c 
Dealt to ed148a08 
Dealt to 7bc03606 
Dealt to Hero [9h 8c]
Dealt to d4d21af8 
d4d21af8: folds
715e1b0c: raises $0.1 to $0.15
ed148a08: folds
7bc03606: folds
Hero: folds
Uncalled bet ($0.1) returned to 715e1b0c
*** SHOWDOWN ***
715e1b0c collected $0.12 from pot
*** SUMMARY ***
Total pot $0.12 | Rake $0 | Jackpot $0 | Bingo $0 | Fortune $0 | Tax $0
Seat 1: 715e1b0c collected ($0.12)
Seat 2: ed148a08 (button) folded before Flop (didn't bet)
Seat 3: 7bc03606 (small blind) folded before Flop
Seat 4: Hero (big blind) folded before Flop
Seat 6: d4d21af8 folded before Flop (didn't bet)


Poker Hand #HD1750281745: Hold'em No Limit ($0.02/$0.05) - 2024/04/28 18:02:20
Table 'NLHBlue16' 6-max Seat #1 is the button
Seat 1: 715e1b0c ($5.66 in chips)
Seat 2: ed148a08 ($5.02 in chips)
Seat 3: 7bc03606 ($5.64 in chips)
Seat 4: Hero ($5.84 in chips)
Seat 6: d4d21af8 ($5.32 in chips)
ed148a08: posts small blind $0.02
7bc03606: posts big blind $0.05
*** HOLE CARDS ***
Dealt to 715e1b0c 
Dealt to ed148a08 
Dealt to 7bc03606 
Dealt to Hero [2c 4d]
Dealt to d4d21af8 
Hero: folds
d4d21af8: folds
715e1b0c: raises $0.1 to $0.15
ed148a08: folds
7bc03606: folds
Uncalled bet ($0.1) returned to 715e1b0c
*** SHOWDOWN ***
715e1b0c collected $0.12 from pot
*** SUMMARY ***
Total pot $0.12 | Rake $0 | Jackpot $0 | Bingo $0 | Fortune $0 | Tax $0
Seat 1: 715e1b0c (button) collected ($0.12)
Seat 2: ed148a08 (small blind) folded before Flop
Seat 3: 7bc03606 (big blind) folded before Flop
Seat 4: Hero folded before Flop (didn't bet)
Seat 6: d4d21af8 folded before Flop (didn't bet)


Poker Hand #HD1750281687: Hold'em No Limit ($0.02/$0.05) - 2024/04/28 18:01:51
Table 'NLHBlue16' 6-max Seat #6 is the button
Seat 1: 715e1b0c ($5.52 in chips)
Seat 2: ed148a08 ($5.07 in chips)
Seat 3: 7bc03606 ($5.64 in chips)
Seat 4: Hero ($5.94 in chips)
Seat 6: d4d21af8 ($5.32 in chips)
715e1b0c: posts small blind $0.02
ed148a08: posts big blind $0.05
*** HOLE CARDS ***
Dealt to 715e1b0c 
Dealt to ed148a08 
Dealt to 7bc03606 
Dealt to Hero [9h Jh]
Dealt to d4d21af8 
7bc03606: folds
Hero: raises $0.05 to $0.1
d4d21af8: folds
715e1b0c: raises $0.2 to $0.3
ed148a08: folds
Hero: folds
Uncalled bet ($0.2) returned to 715e1b0c
*** SHOWDOWN ***
715e1b0c collected $0.24 from pot
*** SUMMARY ***
Total pot $0.25 | Rake $0.01 | Jackpot $0 | Bingo $0 | Fortune $0 | Tax $0
Seat 1: 715e1b0c (small blind) collected ($0.24)
Seat 2: ed148a08 (big blind) folded before Flop
Seat 3: 7bc03606 folded before Flop (didn't bet)
Seat 4: Hero folded before Flop
Seat 6: d4d21af8 (button) folded before Flop (didn't bet)


Poker Hand #HD1750281551: Hold'em No Limit ($0.02/$0.05) - 2024/04/28 18:00:46
Table 'NLHBlue16' 6-max Seat #4 is the button
Seat 1: 715e1b0c ($5.39 in chips)
Seat 2: ed148a08 ($5.07 in chips)
Seat 3: 7bc03606 ($5.64 in chips)
Seat 4: Hero ($6.06 in chips)
Seat 6: d4d21af8 ($5.34 in chips)
d4d21af8: posts small blind $0.02
715e1b0c: posts big blind $0.05
*** HOLE CARDS ***
Dealt to 715e1b0c 
Dealt to ed148a08 
Dealt to 7bc03606 
Dealt to Hero [Qd Th]
Dealt to d4d21af8 
ed148a08: folds
7bc03606: folds
Hero: raises $0.07 to $0.12
d4d21af8: folds
715e1b0c: calls $0.07
*** FLOP *** [4c Kh 7c]
715e1b0c: checks
Hero: checks
*** TURN *** [4c Kh 7c] [5h]
715e1b0c: checks
Hero: checks
*** RIVER *** [4c Kh 7c 5h] [Jh]
715e1b0c: checks
Hero: checks
715e1b0c: shows [9h Jc] (Pair of Jacks)
Hero: shows [Qd Th] (King-High)
*** SHOWDOWN ***
715e1b0c collected $0.25 from pot
*** SUMMARY ***
Total pot $0.26 | Rake $0.01 | Jackpot $0 | Bingo $0 | Fortune $0 | Tax $0
Board [4c Kh 7c 5h Jh]
Seat 1: 715e1b0c (big blind) showed [9h Jc] and won ($0.25) with Pair of Jacks
Seat 2: ed148a08 folded before Flop (didn't bet)
Seat 3: 7bc03606 folded before Flop (didn't bet)
Seat 4: Hero (button) showed [Qd Th] and lost with King-High
Seat 6: d4d21af8 (small blind) folded before Flop


Poker Hand #HD1750281516: Hold'em No Limit ($0.02/$0.05) - 2024/04/28 18:00:23
Table 'NLHBlue16' 6-max Seat #3 is the button
Seat 1: 715e1b0c ($5.39 in chips)
Seat 2: ed148a08 ($5 in chips)
Seat 3: 7bc03606 ($5.64 in chips)
Seat 4: Hero ($6.08 in chips)
Seat 6: d4d21af8 ($5.39 in chips)
Hero: posts small blind $0.02
d4d21af8: posts big blind $0.05
*** HOLE CARDS ***
Dealt to 715e1b0c 
Dealt to ed148a08 
Dealt to 7bc03606 
Dealt to Hero [9s 2d]
Dealt to d4d21af8 
715e1b0c: folds
ed148a08: raises $0.08 to $0.13
7bc03606: folds
Hero: folds
d4d21af8: folds
Uncalled bet ($0.08) returned to ed148a08
*** SHOWDOWN ***
ed148a08 collected $0.12 from pot
*** SUMMARY ***
Total pot $0.12 | Rake $0 | Jackpot $0 | Bingo $0 | Fortune $0 | Tax $0
Seat 1: 715e1b0c folded before Flop (didn't bet)
Seat 2: ed148a08 collected ($0.12)
Seat 3: 7bc03606 (button) folded before Flop (didn't bet)
Seat 4: Hero (small blind) folded before Flop
Seat 6: d4d21af8 (big blind) folded before Flop


Poker Hand #HD1750281459: Hold'em No Limit ($0.02/$0.05) - 2024/04/28 17:59:59
Table 'NLHBlue16' 6-max Seat #2 is the button
Seat 1: 715e1b0c ($5.39 in chips)
Seat 2: ed148a08 ($5 in chips)
Seat 3: 7bc03606 ($5.66 in chips)
Seat 4: Hero ($6.13 in chips)
Seat 6: d4d21af8 ($5.32 in chips)
7bc03606: posts small blind $0.02
Hero: posts big blind $0.05
*** HOLE CARDS ***
Dealt to 715e1b0c 
Dealt to ed148a08 
Dealt to 7bc03606 
Dealt to Hero [5c 4s]
Dealt to d4d21af8 
d4d21af8: raises $0.05 to $0.1
715e1b0c: folds
ed148a08: folds
7bc03606: folds
Hero: folds
Uncalled bet ($0.05) returned to d4d21af8
*** SHOWDOWN ***
d4d21af8 collected $0.12 from pot
*** SUMMARY ***
Total pot $0.12 | Rake $0 | Jackpot $0 | Bingo $0 | Fortune $0 | Tax $0
Seat 1: 715e1b0c folded before Flop (didn't bet)
Seat 2: ed148a08 (button) folded before Flop (didn't bet)
Seat 3: 7bc03606 (small blind) folded before Flop
Seat 4: Hero (big blind) folded before Flop
Seat 6: d4d21af8 collected ($0.12)


Poker Hand #HD1750281417: Hold'em No Limit ($0.02/$0.05) - 2024/04/28 17:59:42
Table 'NLHBlue16' 6-max Seat #1 is the button
Seat 1: 715e1b0c ($5.39 in chips)
Seat 2: ed148a08 ($5 in chips)
Seat 3: 7bc03606 ($5.71 in chips)
Seat 4: Hero ($6.06 in chips)
Seat 6: d4d21af8 ($5.32 in chips)
ed148a08: posts small blind $0.02
7bc03606: posts big blind $0.05
*** HOLE CARDS ***
Dealt to 715e1b0c 
Dealt to ed148a08 
Dealt to 7bc03606 
Dealt to Hero [Kh Jd]
Dealt to d4d21af8 
Hero: raises $0.05 to $0.1
d4d21af8: folds
715e1b0c: folds
ed148a08: folds
7bc03606: folds
Uncalled bet ($0.05) returned to Hero
*** SHOWDOWN ***
Hero collected $0.12 from pot
*** SUMMARY ***
Total pot $0.12 | Rake $0 | Jackpot $0 | Bingo $0 | Fortune $0 | Tax $0
Seat 1: 715e1b0c (button) folded before Flop (didn't bet)
Seat 2: ed148a08 (small blind) folded before Flop
Seat 3: 7bc03606 (big blind) folded before Flop
Seat 4: Hero collected ($0.12)
Seat 6: d4d21af8 folded before Flop (didn't bet)


Poker Hand #HD1750281292: Hold'em No Limit ($0.02/$0.05) - 2024/04/28 17:58:40
Table 'NLHBlue16' 6-max Seat #6 is the button
Seat 1: 715e1b0c ($5.11 in chips)
Seat 2: ed148a08 ($5.16 in chips)
Seat 3: 7bc03606 ($5.71 in chips)
Seat 4: Hero ($6.06 in chips)
Seat 6: d4d21af8 ($5.32 in chips)
715e1b0c: posts small blind $0.02
ed148a08: posts big blind $0.05
*** HOLE CARDS ***
Dealt to 715e1b0c 
Dealt to ed148a08 
Dealt to 7bc03606 
Dealt to Hero [9s Kc]
Dealt to d4d21af8 
7bc03606: folds
Hero: folds
d4d21af8: folds
715e1b0c: raises $0.1 to $0.15
ed148a08: calls $0.1
*** FLOP *** [Th 4d Qd]
715e1b0c: bets $0.16
ed148a08: calls $0.16
*** TURN *** [Th 4d Qd] [Ac]
715e1b0c: checks
ed148a08: checks
*** RIVER *** [Th 4d Qd Ac] [2c]
715e1b0c: bets $0.33
ed148a08: folds
Uncalled bet ($0.33) returned to 715e1b0c
*** SHOWDOWN ***
715e1b0c collected $0.59 from pot
*** SUMMARY ***
Total pot $0.62 | Rake $0.03 | Jackpot $0 | Bingo $0 | Fortune $0 | Tax $0
Board [Th 4d Qd Ac 2c]
Seat 1: 715e1b0c (small blind) won ($0.59)
Seat 2: ed148a08 (big blind) folded on the River
Seat 3: 7bc03606 folded before Flop (didn't bet)
Seat 4: Hero folded before Flop (didn't bet)
Seat 6: d4d21af8 (button) folded before Flop (didn't bet)


Poker Hand #HD1750281181: Hold'em No Limit ($0.02/$0.05) - 2024/04/28 17:57:45
Table 'NLHBlue16' 6-max Seat #4 is the button
Seat 1: 715e1b0c ($5.16 in chips)
Seat 2: ed148a08 ($5.16 in chips)
Seat 3: 7bc03606 ($5.71 in chips)
Seat 4: Hero ($6.06 in chips)
Seat 6: d4d21af8 ($5.27 in chips)
d4d21af8: posts small blind $0.02
715e1b0c: posts big blind $0.05
*** HOLE CARDS ***
Dealt to 715e1b0c 
Dealt to ed148a08 
Dealt to 7bc03606 
Dealt to Hero [Kh Ts]
Dealt to d4d21af8 
ed148a08: folds
7bc03606: folds
Hero: folds
d4d21af8: calls $0.03
715e1b0c: checks
*** FLOP *** [6s 9d 3d]
d4d21af8: checks
715e1b0c: checks
*** TURN *** [6s 9d 3d] [Th]
d4d21af8: checks
715e1b0c: checks
*** RIVER *** [6s 9d 3d Th] [7d]
d4d21af8: bets $0.08
715e1b0c: folds
Uncalled bet ($0.08) returned to d4d21af8
*** SHOWDOWN ***
d4d21af8 collected $0.1 from pot
*** SUMMARY ***
Total pot $0.1 | Rake $0 | Jackpot $0 | Bingo $0 | Fortune $0 | Tax $0
Board [6s 9d 3d Th 7d]
Seat 1: 715e1b0c (big blind) folded on the River
Seat 2: ed148a08 folded before Flop (didn't bet)
Seat 3: 7bc03606 folded before Flop (didn't bet)
Seat 4: Hero (button) folded before Flop (didn't bet)
Seat 6: d4d21af8 (small blind) won ($0.1)


Poker Hand #HD1750281150: Hold'em No Limit ($0.02/$0.05) - 2024/04/28 17:57:30
Table 'NLHBlue16' 6-max Seat #3 is the button
Seat 1: 715e1b0c ($5.16 in chips)
Seat 2: ed148a08 ($5.16 in chips)
Seat 3: 7bc03606 ($5.71 in chips)
Seat 4: Hero ($6.08 in chips)
Seat 6: d4d21af8 ($5.25 in chips)
Hero: posts small blind $0.02
d4d21af8: posts big blind $0.05
*** HOLE CARDS ***
Dealt to 715e1b0c 
Dealt to ed148a08 
Dealt to 7bc03606 
Dealt to Hero [Ks 2h]
Dealt to d4d21af8 
715e1b0c: folds
ed148a08: folds
7bc03606: folds
Hero: folds
Uncalled bet ($0.03) returned to d4d21af8
*** SHOWDOWN ***
d4d21af8 collected $0.04 from pot
*** SUMMARY ***
Total pot $0.04 | Rake $0 | Jackpot $0 | Bingo $0 | Fortune $0 | Tax $0
Seat 1: 715e1b0c folded before Flop (didn't bet)
Seat 2: ed148a08 folded before Flop (didn't bet)
Seat 3: 7bc03606 (button) folded before Flop (didn't bet)
Seat 4: Hero (small blind) folded before Flop
Seat 6: d4d21af8 (big blind) collected ($0.04)


Poker Hand #HD1750281121: Hold'em No Limit ($0.02/$0.05) - 2024/04/28 17:57:15
Table 'NLHBlue16' 6-max Seat #2 is the button
Seat 1: 715e1b0c ($5.16 in chips)
Seat 2: ed148a08 ($5.16 in chips)
Seat 3: 7bc03606 ($5.73 in chips)
Seat 4: Hero ($6.13 in chips)
Seat 6: d4d21af8 ($5.18 in chips)
7bc03606: posts small blind $0.02
Hero: posts big blind $0.05
*** HOLE CARDS ***
Dealt to 715e1b0c 
Dealt to ed148a08 
Dealt to 7bc03606 
Dealt to Hero [5s Ah]
Dealt to d4d21af8 
d4d21af8: raises $0.05 to $0.1
715e1b0c: folds
ed148a08: folds
7bc03606: folds
Hero: folds
Uncalled bet ($0.05) returned to d4d21af8
*** SHOWDOWN ***
d4d21af8 collected $0.12 from pot
*** SUMMARY ***
Total pot $0.12 | Rake $0 | Jackpot $0 | Bingo $0 | Fortune $0 | Tax $0
Seat 1: 715e1b0c folded before Flop (didn't bet)
Seat 2: ed148a08 (button) folded before Flop (didn't bet)
Seat 3: 7bc03606 (small blind) folded before Flop
Seat 4: Hero (big blind) folded before Flop
Seat 6: d4d21af8 collected ($0.12)


Poker Hand #HD1750280997: Hold'em No Limit ($0.02/$0.05) - 2024/04/28 17:56:26
Table 'NLHBlue16' 6-max Seat #1 is the button
Seat 1: 715e1b0c ($5 in chips)
Seat 2: ed148a08 ($5.18 in chips)
Seat 3: 7bc03606 ($5.88 in chips)
Seat 4: Hero ($6.13 in chips)
Seat 6: d4d21af8 ($5.18 in chips)
ed148a08: posts small blind $0.02
7bc03606: posts big blind $0.05
*** HOLE CARDS ***
Dealt to 715e1b0c 
Dealt to ed148a08 
Dealt to 7bc03606 
Dealt to Hero [Ac 3s]
Dealt to d4d21af8 
Hero: folds
d4d21af8: folds
715e1b0c: raises $0.1 to $0.15
ed148a08: folds
7bc03606: calls $0.1
*** FLOP *** [5d Th 4c]
7bc03606: checks
715e1b0c: checks
*** TURN *** [5d Th 4c] [3d]
7bc03606: checks
715e1b0c: bets $0.17
7bc03606: folds
Uncalled bet ($0.17) returned to 715e1b0c
*** SHOWDOWN ***
715e1b0c collected $0.31 from pot
*** SUMMARY ***
Total pot $0.32 | Rake $0.01 | Jackpot $0 | Bingo $0 | Fortune $0 | Tax $0
Board [5d Th 4c 3d]
Seat 1: 715e1b0c (button) won ($0.31)
Seat 2: ed148a08 (small blind) folded before Flop
Seat 3: 7bc03606 (big blind) folded on the Turn
Seat 4: Hero folded before Flop (didn't bet)
Seat 6: d4d21af8 folded before Flop (didn't bet)


Poker Hand #HD1750280869: Hold'em No Limit ($0.02/$0.05) - 2024/04/28 17:55:24
Table 'NLHBlue16' 6-max Seat #6 is the button
Seat 1: 715e1b0c ($5 in chips)
Seat 2: ed148a08 ($5.43 in chips)
Seat 3: 7bc03606 ($5.88 in chips)
Seat 4: Hero ($6.13 in chips)
Seat 5: e74ea8b3 ($5 in chips)
Seat 6: d4d21af8 ($4.93 in chips)
715e1b0c: posts small blind $0.02
ed148a08: posts big blind $0.05
*** HOLE CARDS ***
Dealt to 715e1b0c 
Dealt to ed148a08 
Dealt to 7bc03606 
Dealt to Hero [7h Th]
Dealt to e74ea8b3 
Dealt to d4d21af8 
7bc03606: folds
Hero: folds
e74ea8b3: folds
d4d21af8: raises $0.05 to $0.1
715e1b0c: folds
ed148a08: calls $0.05
*** FLOP *** [Jh Qh Qd]
ed148a08: checks
d4d21af8: checks
*** TURN *** [Jh Qh Qd] [7c]
ed148a08: bets $0.15
d4d21af8: calls $0.15
*** RIVER *** [Jh Qh Qd 7c] [6s]
ed148a08: checks
d4d21af8: checks
ed148a08: shows [8h 9h] (Pair of Queens)
d4d21af8: shows [9s Ac] (Pair of Queens)
*** SHOWDOWN ***
d4d21af8 collected $0.5 from pot
*** SUMMARY ***
Total pot $0.52 | Rake $0.02 | Jackpot $0 | Bingo $0 | Fortune $0 | Tax $0
Board [Jh Qh Qd 7c 6s]
Seat 1: 715e1b0c (small blind) folded before Flop
Seat 2: ed148a08 (big blind) showed [8h 9h] and lost with Pair of Queens
Seat 3: 7bc03606 folded before Flop (didn't bet)
Seat 4: Hero folded before Flop (didn't bet)
Seat 5: e74ea8b3 folded before Flop (didn't bet)
Seat 6: d4d21af8 (button) showed [9s Ac] and won ($0.5) with Pair of Queens


Poker Hand #HD1750280697: Hold'em No Limit ($0.02/$0.05) - 2024/04/28 17:53:54
Table 'NLHBlue16' 6-max Seat #5 is the button
Seat 1: 715e1b0c ($5.07 in chips)
Seat 2: ed148a08 ($5.43 in chips)
Seat 3: 7bc03606 ($5.88 in chips)
Seat 4: Hero ($5.32 in chips)
Seat 5: e74ea8b3 ($5.12 in chips)
Seat 6: d4d21af8 ($4.95 in chips)
d4d21af8: posts small blind $0.02
715e1b0c: posts big blind $0.05
*** HOLE CARDS ***
Dealt to 715e1b0c 
Dealt to ed148a08 
Dealt to 7bc03606 
Dealt to Hero [Qh Qs]
Dealt to e74ea8b3 
Dealt to d4d21af8 
ed148a08: folds
7bc03606: folds
Hero: raises $0.07 to $0.12
e74ea8b3: calls $0.12
d4d21af8: folds
715e1b0c: calls $0.07
*** FLOP *** [Jd 2h 5h]
715e1b0c: checks
Hero: bets $0.18
e74ea8b3: calls $0.18
715e1b0c: folds
*** TURN *** [Jd 2h 5h] [4s]
Hero: bets $0.5
e74ea8b3: calls $0.5
*** RIVER *** [Jd 2h 5h 4s] [Ah]
Hero: bets $0.58
e74ea8b3: folds
Uncalled bet ($0.58) returned to Hero
*** SHOWDOWN ***
Hero collected $1.61 from pot
*** SUMMARY ***
Total pot $1.74 | Rake $0.08 | Jackpot $0.05 | Bingo $0 | Fortune $0 | Tax $0
Board [Jd 2h 5h 4s Ah]
Seat 1: 715e1b0c (big blind) folded on the Flop
Seat 2: ed148a08 folded before Flop (didn't bet)
Seat 3: 7bc03606 folded before Flop (didn't bet)
Seat 4: Hero won ($1.61)
Seat 5: e74ea8b3 (button) folded on the River
Seat 6: d4d21af8 (small blind) folded before Flop


Poker Hand #HD1750280607: Hold'em No Limit ($0.02/$0.05) - 2024/04/28 17:53:18
Table 'NLHBlue16' 6-max Seat #4 is the button
Seat 1: 715e1b0c ($5.07 in chips)
Seat 2: ed148a08 ($5.43 in chips)
Seat 3: 7bc03606 ($5.88 in chips)
Seat 4: Hero ($5.32 in chips)
Seat 5: e74ea8b3 ($5.07 in chips)
Seat 6: d4d21af8 ($5 in chips)
e74ea8b3: posts small blind $0.02
d4d21af8: posts big blind $0.05
*** HOLE CARDS ***
Dealt to 715e1b0c 
Dealt to ed148a08 
Dealt to 7bc03606 
Dealt to Hero [6c 9s]
Dealt to e74ea8b3 
Dealt to d4d21af8 
715e1b0c: folds
ed148a08: folds
7bc03606: folds
Hero: folds
e74ea8b3: raises $0.1 to $0.15
d4d21af8: folds
Uncalled bet ($0.1) returned to e74ea8b3
*** SHOWDOWN ***
e74ea8b3 collected $0.1 from pot
*** SUMMARY ***
Total pot $0.1 | Rake $0 | Jackpot $0 | Bingo $0 | Fortune $0 | Tax $0
Seat 1: 715e1b0c folded before Flop (didn't bet)
Seat 2: ed148a08 folded before Flop (didn't bet)
Seat 3: 7bc03606 folded before Flop (didn't bet)
Seat 4: Hero (button) folded before Flop (didn't bet)
Seat 5: e74ea8b3 (small blind) collected ($0.1)
Seat 6: d4d21af8 (big blind) folded before Flop


Poker Hand #HD1750280573: Hold'em No Limit ($0.02/$0.05) - 2024/04/28 17:53:00
Table 'NLHBlue16' 6-max Seat #3 is the button
Seat 1: 715e1b0c ($5.07 in chips)
Seat 2: ed148a08 ($5.36 in chips)
Seat 3: 7bc03606 ($5.88 in chips)
Seat 4: Hero ($5.34 in chips)
Seat 5: e74ea8b3 ($5.12 in chips)
Hero: posts small blind $0.02
e74ea8b3: posts big blind $0.05
*** HOLE CARDS ***
Dealt to 715e1b0c 
Dealt to ed148a08 
Dealt to 7bc03606 
Dealt to Hero [6d 8s]
Dealt to e74ea8b3 
715e1b0c: folds
ed148a08: raises $0.08 to $0.13
7bc03606: folds
Hero: folds
e74ea8b3: folds
Uncalled bet ($0.08) returned to ed148a08
*** SHOWDOWN ***
ed148a08 collected $0.12 from pot
*** SUMMARY ***
Total pot $0.12 | Rake $0 | Jackpot $0 | Bingo $0 | Fortune $0 | Tax $0
Seat 1: 715e1b0c folded before Flop (didn't bet)
Seat 2: ed148a08 collected ($0.12)
Seat 3: 7bc03606 (button) folded before Flop (didn't bet)
Seat 4: Hero (small blind) folded before Flop
Seat 5: e74ea8b3 (big blind) folded before Flop


Poker Hand #HD1750280535: Hold'em No Limit ($0.02/$0.05) - 2024/04/28 17:52:47
Table 'NLHBlue16' 6-max Seat #2 is the button
Seat 1: 715e1b0c ($5 in chips)
Seat 2: ed148a08 ($5.36 in chips)
Seat 3: 7bc03606 ($5.9 in chips)
Seat 4: Hero ($5.39 in chips)
Seat 5: e74ea8b3 ($5.12 in chips)
7bc03606: posts small blind $0.02
Hero: posts big blind $0.05
*** HOLE CARDS ***
Dealt to 715e1b0c 
Dealt to ed148a08 
Dealt to 7bc03606 
Dealt to Hero [7s Th]
Dealt to e74ea8b3 
e74ea8b3: folds
715e1b0c: raises $0.1 to $0.15
ed148a08: folds
7bc03606: folds
Hero: folds
Uncalled bet ($0.1) returned to 715e1b0c
*** SHOWDOWN ***
715e1b0c collected $0.12 from pot
*** SUMMARY ***
Total pot $0.12 | Rake $0 | Jackpot $0 | Bingo $0 | Fortune $0 | Tax $0
Seat 1: 715e1b0c collected ($0.12)
Seat 2: ed148a08 (button) folded before Flop (didn't bet)
Seat 3: 7bc03606 (small blind) folded before Flop
Seat 4: Hero (big blind) folded before Flop
Seat 5: e74ea8b3 folded before Flop (didn't bet)


Poker Hand #HD1750280497: Hold'em No Limit ($0.02/$0.05) - 2024/04/28 17:52:30
Table 'NLHBlue16' 6-max Seat #1 is the button
Seat 1: 715e1b0c ($5 in chips)
Seat 2: ed148a08 ($5.38 in chips)
Seat 3: 7bc03606 ($5.95 in chips)
Seat 4: Hero ($5.39 in chips)
Seat 5: e74ea8b3 ($5.05 in chips)
ed148a08: posts small blind $0.02
7bc03606: posts big blind $0.05
*** HOLE CARDS ***
Dealt to 715e1b0c 
Dealt to ed148a08 
Dealt to 7bc03606 
Dealt to Hero [8c 9d]
Dealt to e74ea8b3 
Hero: folds
e74ea8b3: raises $0.05 to $0.1
715e1b0c: folds
ed148a08: folds
7bc03606: folds
Uncalled bet ($0.05) returned to e74ea8b3
*** SHOWDOWN ***
e74ea8b3 collected $0.12 from pot
*** SUMMARY ***
Total pot $0.12 | Rake $0 | Jackpot $0 | Bingo $0 | Fortune $0 | Tax $0
Seat 1: 715e1b0c (button) folded before Flop (didn't bet)
Seat 2: ed148a08 (small blind) folded before Flop
Seat 3: 7bc03606 (big blind) folded before Flop
Seat 4: Hero folded before Flop (didn't bet)
Seat 5: e74ea8b3 collected ($0.12)


Poker Hand #HD1750280427: Hold'em No Limit ($0.02/$0.05) - 2024/04/28 17:51:55
Table 'NLHBlue16' 6-max Seat #5 is the button
Seat 1: 715e1b0c ($5 in chips)
Seat 2: ed148a08 ($5.24 in chips)
Seat 3: 7bc03606 ($5.95 in chips)
Seat 4: Hero ($5.39 in chips)
Seat 5: e74ea8b3 ($5.05 in chips)
715e1b0c: posts small blind $0.02
ed148a08: posts big blind $0.05
*** HOLE CARDS ***
Dealt to 715e1b0c 
Dealt to ed148a08 
Dealt to 7bc03606 
Dealt to Hero [9c 6d]
Dealt to e74ea8b3 
7bc03606: folds
Hero: folds
e74ea8b3: folds
715e1b0c: raises $0.1 to $0.15
ed148a08: raises $0.3 to $0.45
715e1b0c: folds
Uncalled bet ($0.3) returned to ed148a08
*** SHOWDOWN ***
ed148a08 collected $0.29 from pot
*** SUMMARY ***
Total pot $0.3 | Rake $0.01 | Jackpot $0 | Bingo $0 | Fortune $0 | Tax $0
Seat 1: 715e1b0c (small blind) folded before Flop
Seat 2: ed148a08 (big blind) collected ($0.29)
Seat 3: 7bc03606 folded before Flop (didn't bet)
Seat 4: Hero folded before Flop (didn't bet)
Seat 5: e74ea8b3 (button) folded before Flop (didn't bet)


Poker Hand #HD1750280254: Hold'em No Limit ($0.02/$0.05) - 2024/04/28 17:50:39
Table 'NLHBlue16' 6-max Seat #4 is the button
Seat 1: 715e1b0c ($5.07 in chips)
Seat 2: ed148a08 ($5.24 in chips)
Seat 3: 7bc03606 ($5.67 in chips)
Seat 4: Hero ($5.39 in chips)
Seat 5: e74ea8b3 ($5.07 in chips)
e74ea8b3: posts small blind $0.02
715e1b0c: posts big blind $0.05
*** HOLE CARDS ***
Dealt to 715e1b0c 
Dealt to ed148a08 
Dealt to 7bc03606 
Dealt to Hero [9d 8d]
Dealt to e74ea8b3 
ed148a08: folds
7bc03606: raises $0.08 to $0.13
Hero: folds
e74ea8b3: folds
715e1b0c: calls $0.08
*** FLOP *** [4h Jh Qd]
715e1b0c: checks
7bc03606: checks
*** TURN *** [4h Jh Qd] [8s]
715e1b0c: bets $0.15
7bc03606: calls $0.15
*** RIVER *** [4h Jh Qd 8s] [As]
715e1b0c: checks
7bc03606: bets $0.29
715e1b0c: folds
Uncalled bet ($0.29) returned to 7bc03606
*** SHOWDOWN ***
7bc03606 collected $0.56 from pot
*** SUMMARY ***
Total pot $0.58 | Rake $0.02 | Jackpot $0 | Bingo $0 | Fortune $0 | Tax $0
Board [4h Jh Qd 8s As]
Seat 1: 715e1b0c (big blind) folded on the River
Seat 2: ed148a08 folded before Flop (didn't bet)
Seat 3: 7bc03606 won ($0.56)
Seat 4: Hero (button) folded before Flop (didn't bet)
Seat 5: e74ea8b3 (small blind) folded before Flop


Poker Hand #HD1750280222: Hold'em No Limit ($0.02/$0.05) - 2024/04/28 17:50:23
Table 'NLHBlue16' 6-max Seat #3 is the button
Seat 1: 715e1b0c ($5 in chips)
Seat 2: ed148a08 ($5.24 in chips)
Seat 3: 7bc03606 ($5.67 in chips)
Seat 4: Hero ($5.41 in chips)
Seat 5: e74ea8b3 ($5.12 in chips)
Seat 6: d5d47f7e ($7.71 in chips)
Hero: posts small blind $0.02
e74ea8b3: posts big blind $0.05
*** HOLE CARDS ***
Dealt to 715e1b0c 
Dealt to ed148a08 
Dealt to 7bc03606 
Dealt to Hero [9d Kc]
Dealt to e74ea8b3 
Dealt to d5d47f7e 
d5d47f7e: folds
715e1b0c: raises $0.1 to $0.15
ed148a08: folds
7bc03606: folds
Hero: folds
e74ea8b3: folds
Uncalled bet ($0.1) returned to 715e1b0c
*** SHOWDOWN ***
715e1b0c collected $0.12 from pot
*** SUMMARY ***
Total pot $0.12 | Rake $0 | Jackpot $0 | Bingo $0 | Fortune $0 | Tax $0
Seat 1: 715e1b0c collected ($0.12)
Seat 2: ed148a08 folded before Flop (didn't bet)
Seat 3: 7bc03606 (button) folded before Flop (didn't bet)
Seat 4: Hero (small blind) folded before Flop
Seat 5: e74ea8b3 (big blind) folded before Flop
Seat 6: d5d47f7e folded before Flop (didn't bet)


Poker Hand #HD1750280121: Hold'em No Limit ($0.02/$0.05) - 2024/04/28 17:49:33
Table 'NLHBlue16' 6-max Seat #2 is the button
Seat 1: 715e1b0c ($5 in chips)
Seat 2: ed148a08 ($5.24 in chips)
Seat 3: 7bc03606 ($5.55 in chips)
Seat 4: Hero ($5.54 in chips)
Seat 5: e74ea8b3 ($5.12 in chips)
Seat 6: d5d47f7e ($7.71 in chips)
7bc03606: posts small blind $0.02
Hero: posts big blind $0.05
*** HOLE CARDS ***
Dealt to 715e1b0c 
Dealt to ed148a08 
Dealt to 7bc03606 
Dealt to Hero [Ts Kd]
Dealt to e74ea8b3 
Dealt to d5d47f7e 
e74ea8b3: folds
d5d47f7e: folds
715e1b0c: folds
ed148a08: folds
7bc03606: raises $0.08 to $0.13
Hero: calls $0.08
*** FLOP *** [3d 3s 4h]
7bc03606: checks
Hero: checks
*** TURN *** [3d 3s 4h] [9c]
7bc03606: checks
Hero: checks
*** RIVER *** [3d 3s 4h 9c] [7h]
7bc03606: checks
Hero: checks
7bc03606: shows [Qh Kh] (Pair of Treys)
Hero: shows [Ts Kd] (Pair of Treys)
*** SHOWDOWN ***
7bc03606 collected $0.25 from pot
*** SUMMARY ***
Total pot $0.26 | Rake $0.01 | Jackpot $0 | Bingo $0 | Fortune $0 | Tax $0
Board [3d 3s 4h 9c 7h]
Seat 1: 715e1b0c folded before Flop (didn't bet)
Seat 2: ed148a08 (button) folded before Flop (didn't bet)
Seat 3: 7bc03606 (small blind) showed [Qh Kh] and won ($0.25) with Pair of Treys
Seat 4: Hero (big blind) showed [Ts Kd] and lost with Pair of Treys
Seat 5: e74ea8b3 folded before Flop (didn't bet)
Seat 6: d5d47f7e folded before Flop (didn't bet)


Poker Hand #HD1750279901: Hold'em No Limit ($0.02/$0.05) - 2024/04/28 17:47:43
Table 'NLHBlue16' 6-max Seat #1 is the button
Seat 1: 715e1b0c ($5 in chips)
Seat 2: ed148a08 ($5.89 in chips)
Seat 3: 7bc03606 ($4.96 in chips)
Seat 4: Hero ($5.54 in chips)
Seat 5: e74ea8b3 ($5.12 in chips)
Seat 6: d5d47f7e ($7.71 in chips)
ed148a08: posts small blind $0.02
7bc03606: posts big blind $0.05
*** HOLE CARDS ***
Dealt to 715e1b0c 
Dealt to ed148a08 
Dealt to 7bc03606 
Dealt to Hero [3s 7d]
Dealt to e74ea8b3 
Dealt to d5d47f7e 
Hero: folds
e74ea8b3: folds
d5d47f7e: folds
715e1b0c: folds
ed148a08: raises $0.1 to $0.15
7bc03606: calls $0.1
*** FLOP *** [Qh 8h 3c]
ed148a08: checks
7bc03606: bets $0.15
ed148a08: raises $0.35 to $0.5
7bc03606: calls $0.35
*** TURN *** [Qh 8h 3c] [4d]
ed148a08: checks
7bc03606: checks
*** RIVER *** [Qh 8h 3c 4d] [Ks]
ed148a08: checks
7bc03606: checks
ed148a08: shows [5h 9h] (King-High)
7bc03606: shows [Qs Tc] (Pair of Queens)
*** SHOWDOWN ***
7bc03606 collected $1.24 from pot
*** SUMMARY ***
Total pot $1.3 | Rake $0.06 | Jackpot $0 | Bingo $0 | Fortune $0 | Tax $0
Board [Qh 8h 3c 4d Ks]
Seat 1: 715e1b0c (button) folded before Flop (didn't bet)
Seat 2: ed148a08 (small blind) showed [5h 9h] and lost with King-High
Seat 3: 7bc03606 (big blind) showed [Qs Tc] and won ($1.24) with Pair of Queens
Seat 4: Hero folded before Flop (didn't bet)
Seat 5: e74ea8b3 folded before Flop (didn't bet)
Seat 6: d5d47f7e folded before Flop (didn't bet)


Poker Hand #HD1750279825: Hold'em No Limit ($0.02/$0.05) - 2024/04/28 17:47:01
Table 'NLHBlue16' 6-max Seat #6 is the button
Seat 1: 715e1b0c ($5 in chips)
Seat 2: ed148a08 ($5.75 in chips)
Seat 3: 7bc03606 ($4.96 in chips)
Seat 4: Hero ($5.54 in chips)
Seat 5: e74ea8b3 ($5.12 in chips)
Seat 6: d5d47f7e ($7.71 in chips)
715e1b0c: posts small blind $0.02
ed148a08: posts big blind $0.05
*** HOLE CARDS ***
Dealt to 715e1b0c 
Dealt to ed148a08 
Dealt to 7bc03606 
Dealt to Hero [2h Qs]
Dealt to e74ea8b3 
Dealt to d5d47f7e 
7bc03606: folds
Hero: folds
e74ea8b3: folds
d5d47f7e: folds
715e1b0c: raises $0.1 to $0.15
ed148a08: raises $0.35 to $0.5
715e1b0c: folds
Uncalled bet ($0.35) returned to ed148a08
*** SHOWDOWN ***
ed148a08 collected $0.29 from pot
*** SUMMARY ***
Total pot $0.3 | Rake $0.01 | Jackpot $0 | Bingo $0 | Fortune $0 | Tax $0
Seat 1: 715e1b0c (small blind) folded before Flop
Seat 2: ed148a08 (big blind) collected ($0.29)
Seat 3: 7bc03606 folded before Flop (didn't bet)
Seat 4: Hero folded before Flop (didn't bet)
Seat 5: e74ea8b3 folded before Flop (didn't bet)
Seat 6: d5d47f7e (button) folded before Flop (didn't bet)


Poker Hand #HD1750279713: Hold'em No Limit ($0.02/$0.05) - 2024/04/28 17:45:54
Table 'NLHBlue16' 6-max Seat #5 is the button
Seat 1: 715e1b0c ($5.07 in chips)
Seat 2: ed148a08 ($5.86 in chips)
Seat 3: 7bc03606 ($4.96 in chips)
Seat 4: Hero ($5.54 in chips)
Seat 5: e74ea8b3 ($5.12 in chips)
Seat 6: d5d47f7e ($6.9 in chips)
d5d47f7e: posts small blind $0.02
715e1b0c: posts big blind $0.05
*** HOLE CARDS ***
Dealt to 715e1b0c 
Dealt to ed148a08 
Dealt to 7bc03606 
Dealt to Hero [7h Qd]
Dealt to e74ea8b3 
Dealt to d5d47f7e 
ed148a08: raises $0.06 to $0.11
7bc03606: folds
Hero: folds
e74ea8b3: folds
d5d47f7e: calls $0.09
715e1b0c: calls $0.06
*** FLOP *** [2d 8h 9s]
d5d47f7e: checks
715e1b0c: bets $0.26
ed148a08: folds
d5d47f7e: calls $0.26
*** TURN *** [2d 8h 9s] [4h]
d5d47f7e: checks
715e1b0c: bets $0.46
d5d47f7e: calls $0.46
*** RIVER *** [2d 8h 9s 4h] [As]
d5d47f7e: checks
715e1b0c: checks
d5d47f7e: shows [Tc Ts] (Pair of Tens)
715e1b0c: shows [Td Jh] (Ace-High)
*** SHOWDOWN ***
d5d47f7e collected $1.64 from pot
*** SUMMARY ***
Total pot $1.77 | Rake $0.08 | Jackpot $0.05 | Bingo $0 | Fortune $0 | Tax $0
Board [2d 8h 9s 4h As]
Seat 1: 715e1b0c (big blind) showed [Td Jh] and lost with Ace-High
Seat 2: ed148a08 folded on the Flop
Seat 3: 7bc03606 folded before Flop (didn't bet)
Seat 4: Hero folded before Flop (didn't bet)
Seat 5: e74ea8b3 (button) folded before Flop (didn't bet)
Seat 6: d5d47f7e (small blind) showed [Tc Ts] and won ($1.64) with Pair of Tens


Poker Hand #HD1750279675: Hold'em No Limit ($0.02/$0.05) - 2024/04/28 17:45:36
Table 'NLHBlue16' 6-max Seat #4 is the button
Seat 1: 715e1b0c ($5 in chips)
Seat 2: ed148a08 ($5.86 in chips)
Seat 3: 7bc03606 ($4.96 in chips)
Seat 4: Hero ($5.54 in chips)
Seat 5: e74ea8b3 ($5.14 in chips)
Seat 6: d5d47f7e ($6.95 in chips)
e74ea8b3: posts small blind $0.02
d5d47f7e: posts big blind $0.05
*** HOLE CARDS ***
Dealt to 715e1b0c 
Dealt to ed148a08 
Dealt to 7bc03606 
Dealt to Hero [5c Ks]
Dealt to e74ea8b3 
Dealt to d5d47f7e 
715e1b0c: raises $0.1 to $0.15
ed148a08: folds
7bc03606: folds
Hero: folds
e74ea8b3: folds
d5d47f7e: folds
Uncalled bet ($0.1) returned to 715e1b0c
*** SHOWDOWN ***
715e1b0c collected $0.12 from pot
*** SUMMARY ***
Total pot $0.12 | Rake $0 | Jackpot $0 | Bingo $0 | Fortune $0 | Tax $0
Seat 1: 715e1b0c collected ($0.12)
Seat 2: ed148a08 folded before Flop (didn't bet)
Seat 3: 7bc03606 folded before Flop (didn't bet)
Seat 4: Hero (button) folded before Flop (didn't bet)
Seat 5: e74ea8b3 (small blind) folded before Flop
Seat 6: d5d47f7e (big blind) folded before Flop


Poker Hand #HD1750279635: Hold'em No Limit ($0.02/$0.05) - 2024/04/28 17:45:16
Table 'NLHBlue16' 6-max Seat #3 is the button
Seat 1: 715e1b0c ($5 in chips)
Seat 2: ed148a08 ($5.86 in chips)
Seat 3: 7bc03606 ($4.96 in chips)
Seat 4: Hero ($5.69 in chips)
Seat 5: e74ea8b3 ($5 in chips)
Seat 6: d5d47f7e ($6.95 in chips)
Hero: posts small blind $0.02
e74ea8b3: posts big blind $0.05
*** HOLE CARDS ***
Dealt to 715e1b0c 
Dealt to ed148a08 
Dealt to 7bc03606 
Dealt to Hero [7s Qs]
Dealt to e74ea8b3 
Dealt to d5d47f7e 
d5d47f7e: folds
715e1b0c: folds
ed148a08: folds
7bc03606: folds
Hero: raises $0.1 to $0.15
e74ea8b3: raises $0.31 to $0.46
Hero: folds
Uncalled bet ($0.31) returned to e74ea8b3
*** SHOWDOWN ***
e74ea8b3 collected $0.29 from pot
*** SUMMARY ***
Total pot $0.3 | Rake $0.01 | Jackpot $0 | Bingo $0 | Fortune $0 | Tax $0
Seat 1: 715e1b0c folded before Flop (didn't bet)
Seat 2: ed148a08 folded before Flop (didn't bet)
Seat 3: 7bc03606 (button) folded before Flop (didn't bet)
Seat 4: Hero (small blind) folded before Flop
Seat 5: e74ea8b3 (big blind) collected ($0.29)
Seat 6: d5d47f7e folded before Flop (didn't bet)


Poker Hand #HD1750279526: Hold'em No Limit ($0.02/$0.05) - 2024/04/28 17:44:26
Table 'NLHBlue16' 6-max Seat #2 is the button
Seat 1: 715e1b0c ($5.07 in chips)
Seat 2: ed148a08 ($5.38 in chips)
Seat 3: 7bc03606 ($4.98 in chips)
Seat 4: Hero ($5.74 in chips)
Seat 5: e74ea8b3 ($5 in chips)
Seat 6: d5d47f7e ($6.95 in chips)
7bc03606: posts small blind $0.02
Hero: posts big blind $0.05
*** HOLE CARDS ***
Dealt to 715e1b0c 
Dealt to ed148a08 
Dealt to 7bc03606 
Dealt to Hero [4d Qs]
Dealt to e74ea8b3 
Dealt to d5d47f7e 
e74ea8b3: folds
d5d47f7e: folds
715e1b0c: raises $0.1 to $0.15
ed148a08: raises $0.3 to $0.45
7bc03606: folds
Hero: folds
715e1b0c: calls $0.3
*** FLOP *** [5d 4c 5h]
715e1b0c: checks
ed148a08: bets $0.33
715e1b0c: folds
Uncalled bet ($0.33) returned to ed148a08
*** SHOWDOWN ***
ed148a08 collected $0.93 from pot
*** SUMMARY ***
Total pot $0.97 | Rake $0.04 | Jackpot $0 | Bingo $0 | Fortune $0 | Tax $0
Board [5d 4c 5h]
Seat 1: 715e1b0c folded on the Flop
Seat 2: ed148a08 (button) won ($0.93)
Seat 3: 7bc03606 (small blind) folded before Flop
Seat 4: Hero (big blind) folded before Flop
Seat 5: e74ea8b3 folded before Flop (didn't bet)
Seat 6: d5d47f7e folded before Flop (didn't bet)


Poker Hand #HD1750279450: Hold'em No Limit ($0.02/$0.05) - 2024/04/28 17:43:48
Table 'NLHBlue16' 6-max Seat #1 is the button
Seat 1: 715e1b0c ($5 in chips)
Seat 2: ed148a08 ($5.4 in chips)
Seat 3: 7bc03606 ($5.03 in chips)
Seat 4: Hero ($5.74 in chips)
Seat 5: e74ea8b3 ($5 in chips)
Seat 6: d5d47f7e ($6.95 in chips)
ed148a08: posts small blind $0.02
7bc03606: posts big blind $0.05
*** HOLE CARDS ***
Dealt to 715e1b0c 
Dealt to ed148a08 
Dealt to 7bc03606 
Dealt to Hero [5s Ac]
Dealt to e74ea8b3 
Dealt to d5d47f7e 
Hero: folds
e74ea8b3: folds
d5d47f7e: folds
715e1b0c: raises $0.1 to $0.15
ed148a08: folds
7bc03606: folds
Uncalled bet ($0.1) returned to 715e1b0c
*** SHOWDOWN ***
715e1b0c collected $0.12 from pot
*** SUMMARY ***
Total pot $0.12 | Rake $0 | Jackpot $0 | Bingo $0 | Fortune $0 | Tax $0
Seat 1: 715e1b0c (button) collected ($0.12)
Seat 2: ed148a08 (small blind) folded before Flop
Seat 3: 7bc03606 (big blind) folded before Flop
Seat 4: Hero folded before Flop (didn't bet)
Seat 5: e74ea8b3 folded before Flop (didn't bet)
Seat 6: d5d47f7e folded before Flop (didn't bet)


Poker Hand #HD1750279351: Hold'em No Limit ($0.02/$0.05) - 2024/04/28 17:42:58
Table 'NLHBlue16' 6-max Seat #6 is the button
Seat 1: 715e1b0c ($5.14 in chips)
Seat 2: ed148a08 ($5 in chips)
Seat 3: 7bc03606 ($5.03 in chips)
Seat 4: Hero ($5.74 in chips)
Seat 5: e74ea8b3 ($5 in chips)
Seat 6: d5d47f7e ($6.95 in chips)
715e1b0c: posts small blind $0.02
ed148a08: posts big blind $0.05
*** HOLE CARDS ***
Dealt to 715e1b0c 
Dealt to ed148a08 
Dealt to 7bc03606 
Dealt to Hero [5s 2d]
Dealt to e74ea8b3 
Dealt to d5d47f7e 
7bc03606: folds
Hero: folds
e74ea8b3: raises $0.06 to $0.11
d5d47f7e: folds
715e1b0c: raises $0.21 to $0.32
ed148a08: raises $0.56 to $0.88
e74ea8b3: folds
715e1b0c: folds
Uncalled bet ($0.56) returned to ed148a08
*** SHOWDOWN ***
ed148a08 collected $0.72 from pot
*** SUMMARY ***
Total pot $0.75 | Rake $0.03 | Jackpot $0 | Bingo $0 | Fortune $0 | Tax $0
Seat 1: 715e1b0c (small blind) folded before Flop
Seat 2: ed148a08 (big blind) collected ($0.72)
Seat 3: 7bc03606 folded before Flop (didn't bet)
Seat 4: Hero folded before Flop (didn't bet)
Seat 5: e74ea8b3 folded before Flop
Seat 6: d5d47f7e (button) folded before Flop (didn't bet)


Poker Hand #HD1750279263: Hold'em No Limit ($0.02/$0.05) - 2024/04/28 17:42:13
Table 'NLHBlue16' 6-max Seat #5 is the button
Seat 1: 715e1b0c ($5 in chips)
Seat 3: 7bc03606 ($5.16 in chips)
Seat 4: Hero ($5.74 in chips)
Seat 5: e74ea8b3 ($5 in chips)
Seat 6: d5d47f7e ($6.97 in chips)
d5d47f7e: posts small blind $0.02
715e1b0c: posts big blind $0.05
*** HOLE CARDS ***
Dealt to 715e1b0c 
Dealt to 7bc03606 
Dealt to Hero [5c 9d]
Dealt to e74ea8b3 
Dealt to d5d47f7e 
7bc03606: raises $0.08 to $0.13
Hero: folds
e74ea8b3: folds
d5d47f7e: folds
715e1b0c: calls $0.08
*** FLOP *** [3d 3h 5h]
715e1b0c: checks
7bc03606: checks
*** TURN *** [3d 3h 5h] [2d]
715e1b0c: bets $0.15
7bc03606: folds
Uncalled bet ($0.15) returned to 715e1b0c
*** SHOWDOWN ***
715e1b0c collected $0.27 from pot
*** SUMMARY ***
Total pot $0.28 | Rake $0.01 | Jackpot $0 | Bingo $0 | Fortune $0 | Tax $0
Board [3d 3h 5h 2d]
Seat 1: 715e1b0c (big blind) won ($0.27)
Seat 3: 7bc03606 folded on the Turn
Seat 4: Hero folded before Flop (didn't bet)
Seat 5: e74ea8b3 (button) folded before Flop (didn't bet)
Seat 6: d5d47f7e (small blind) folded before Flop


Poker Hand #HD1750279199: Hold'em No Limit ($0.02/$0.05) - 2024/04/28 17:41:44
Table 'NLHBlue16' 6-max Seat #4 is the button
Seat 1: 715e1b0c ($5 in chips)
Seat 3: 7bc03606 ($5.09 in chips)
Seat 4: Hero ($5.74 in chips)
Seat 5: e74ea8b3 ($5 in chips)
Seat 6: d5d47f7e ($7.02 in chips)
e74ea8b3: posts small blind $0.02
d5d47f7e: posts big blind $0.05
*** HOLE CARDS ***
Dealt to 715e1b0c 
Dealt to 7bc03606 
Dealt to Hero [6d 2s]
Dealt to e74ea8b3 
Dealt to d5d47f7e 
715e1b0c: folds
7bc03606: raises $0.08 to $0.13
Hero: folds
e74ea8b3: folds
d5d47f7e: folds
Uncalled bet ($0.08) returned to 7bc03606
*** SHOWDOWN ***
7bc03606 collected $0.12 from pot
*** SUMMARY ***
Total pot $0.12 | Rake $0 | Jackpot $0 | Bingo $0 | Fortune $0 | Tax $0
Seat 1: 715e1b0c folded before Flop (didn't bet)
Seat 3: 7bc03606 collected ($0.12)
Seat 4: Hero (button) folded before Flop (didn't bet)
Seat 5: e74ea8b3 (small blind) folded before Flop
Seat 6: d5d47f7e (big blind) folded before Flop


Poker Hand #HD1750278927: Hold'em No Limit ($0.02/$0.05) - 2024/04/28 17:39:17
Table 'NLHBlue16' 6-max Seat #3 is the button
Seat 1: 715e1b0c ($5 in chips)
Seat 2: 7b4cfb0c ($5.87 in chips)
Seat 3: 7bc03606 ($5.09 in chips)
Seat 4: Hero ($7.19 in chips)
Seat 5: e74ea8b3 ($5 in chips)
Seat 6: d5d47f7e ($5.66 in chips)
Hero: posts small blind $0.02
e74ea8b3: posts big blind $0.05
*** HOLE CARDS ***
Dealt to 715e1b0c 
Dealt to 7b4cfb0c 
Dealt to 7bc03606 
Dealt to Hero [Jc Jh]
Dealt to e74ea8b3 
Dealt to d5d47f7e 
d5d47f7e: raises $0.05 to $0.1
715e1b0c: folds
7b4cfb0c: folds
7bc03606: folds
Hero: calls $0.08
e74ea8b3: calls $0.05
*** FLOP *** [7h 2c 3d]
Hero: checks
e74ea8b3: checks
d5d47f7e: bets $0.1
Hero: raises $0.2 to $0.3
e74ea8b3: folds
d5d47f7e: calls $0.2
*** TURN *** [7h 2c 3d] [7s]
Hero: checks
d5d47f7e: bets $0.3
Hero: calls $0.3
*** RIVER *** [7h 2c 3d 7s] [8s]
Hero: checks
d5d47f7e: bets $0.75
Hero: calls $0.75
d5d47f7e: shows [3c 3h] (Treys Full over Sevens)
Hero: shows [Jc Jh] (Pair of Jacks and Pair of Sevens)
*** SHOWDOWN ***
d5d47f7e collected $2.81 from pot
*** SUMMARY ***
Total pot $3 | Rake $0.14 | Jackpot $0.05 | Bingo $0 | Fortune $0 | Tax $0
Board [7h 2c 3d 7s 8s]
Seat 1: 715e1b0c folded before Flop (didn't bet)
Seat 2: 7b4cfb0c folded before Flop (didn't bet)
Seat 3: 7bc03606 (button) folded before Flop (didn't bet)
Seat 4: Hero (small blind) showed [Jc Jh] and lost with Pair of Jacks and Pair of Sevens
Seat 5: e74ea8b3 (big blind) folded on the Flop
Seat 6: d5d47f7e showed [3c 3h] and won ($2.81) with Treys Full over Sevens


Poker Hand #HD1750278869: Hold'em No Limit ($0.02/$0.05) - 2024/04/28 17:38:53
Table 'NLHBlue16' 6-max Seat #2 is the button
Seat 1: 715e1b0c ($5 in chips)
Seat 2: 7b4cfb0c ($5.87 in chips)
Seat 3: 7bc03606 ($5.04 in chips)
Seat 4: Hero ($7.24 in chips)
Seat 5: e74ea8b3 ($5 in chips)
Seat 6: d5d47f7e ($5.66 in chips)
7bc03606: posts small blind $0.02
Hero: posts big blind $0.05
*** HOLE CARDS ***
Dealt to 715e1b0c 
Dealt to 7b4cfb0c 
Dealt to 7bc03606 
Dealt to Hero [Qh 5h]
Dealt to e74ea8b3 
Dealt to d5d47f7e 
e74ea8b3: folds
d5d47f7e: folds
715e1b0c: folds
7b4cfb0c: folds
7bc03606: raises $0.08 to $0.13
Hero: folds
Uncalled bet ($0.08) returned to 7bc03606
*** SHOWDOWN ***
7bc03606 collected $0.1 from pot
*** SUMMARY ***
Total pot $0.1 | Rake $0 | Jackpot $0 | Bingo $0 | Fortune $0 | Tax $0
Seat 1: 715e1b0c folded before Flop (didn't bet)
Seat 2: 7b4cfb0c (button) folded before Flop (didn't bet)
Seat 3: 7bc03606 (small blind) collected ($0.1)
Seat 4: Hero (big blind) folded before Flop
Seat 5: e74ea8b3 folded before Flop (didn't bet)
Seat 6: d5d47f7e folded before Flop (didn't bet)


Poker Hand #HD1750278763: Hold'em No Limit ($0.02/$0.05) - 2024/04/28 17:38:00
Table 'NLHBlue16' 6-max Seat #1 is the button
Seat 1: 715e1b0c ($5 in chips)
Seat 2: 7b4cfb0c ($5.89 in chips)
Seat 3: 7bc03606 ($5.09 in chips)
Seat 4: Hero ($6.89 in chips)
Seat 5: e74ea8b3 ($5 in chips)
Seat 6: d5d47f7e ($5.66 in chips)
7b4cfb0c: posts small blind $0.02
7bc03606: posts big blind $0.05
*** HOLE CARDS ***
Dealt to 715e1b0c 
Dealt to 7b4cfb0c 
Dealt to 7bc03606 
Dealt to Hero [Js Jd]
Dealt to e74ea8b3 
Dealt to d5d47f7e 
Hero: raises $0.05 to $0.1
e74ea8b3: folds
d5d47f7e: folds
715e1b0c: raises $0.21 to $0.31
7b4cfb0c: folds
7bc03606: folds
Hero: calls $0.21
*** FLOP *** [Ts 9s Qc]
Hero: checks
715e1b0c: checks
*** TURN *** [Ts 9s Qc] [Kh]
Hero: bets $0.89
715e1b0c: folds
Uncalled bet ($0.89) returned to Hero
*** SHOWDOWN ***
Hero collected $0.66 from pot
*** SUMMARY ***
Total pot $0.69 | Rake $0.03 | Jackpot $0 | Bingo $0 | Fortune $0 | Tax $0
Board [Ts 9s Qc Kh]
Seat 1: 715e1b0c (button) folded on the Turn
Seat 2: 7b4cfb0c (small blind) folded before Flop
Seat 3: 7bc03606 (big blind) folded before Flop
Seat 4: Hero won ($0.66)
Seat 5: e74ea8b3 folded before Flop (didn't bet)
Seat 6: d5d47f7e folded before Flop (didn't bet)


Poker Hand #HD1750278646: Hold'em No Limit ($0.02/$0.05) - 2024/04/28 17:37:02
Table 'NLHBlue16' 6-max Seat #6 is the button
Seat 1: 715e1b0c ($5 in chips)
Seat 2: 7b4cfb0c ($5.9 in chips)
Seat 3: 7bc03606 ($5.09 in chips)
Seat 4: Hero ($6.89 in chips)
Seat 5: e74ea8b3 ($5 in chips)
Seat 6: d5d47f7e ($5.66 in chips)
715e1b0c: posts small blind $0.02
7b4cfb0c: posts big blind $0.05
*** HOLE CARDS ***
Dealt to 715e1b0c 
Dealt to 7b4cfb0c 
Dealt to 7bc03606 
Dealt to Hero [Jd 8d]
Dealt to e74ea8b3 
Dealt to d5d47f7e 
7bc03606: folds
Hero: folds
e74ea8b3: folds
d5d47f7e: folds
715e1b0c: raises $0.1 to $0.15
7b4cfb0c: calls $0.1
*** FLOP *** [5h 5d 6d]
715e1b0c: bets $0.16
7b4cfb0c: calls $0.16
*** TURN *** [5h 5d 6d] [6h]
715e1b0c: checks
7b4cfb0c: checks
*** RIVER *** [5h 5d 6d 6h] [5s]
715e1b0c: checks
7b4cfb0c: checks
715e1b0c: shows [2d 2c] (Fives Full over Sixes)
7b4cfb0c: shows [Kc Qh] (Fives Full over Sixes)
*** SHOWDOWN ***
715e1b0c collected $0.3 from pot
7b4cfb0c collected $0.3 from pot
*** SUMMARY ***
Total pot $0.62 | Rake $0.02 | Jackpot $0 | Bingo $0 | Fortune $0 | Tax $0
Board [5h 5d 6d 6h 5s]
Seat 1: 715e1b0c (small blind) showed [2d 2c] and won ($0.3) with Fives Full over Sixes
Seat 2: 7b4cfb0c (big blind) showed [Kc Qh] and won ($0.3) with Fives Full over Sixes
Seat 3: 7bc03606 folded before Flop (didn't bet)
Seat 4: Hero folded before Flop (didn't bet)
Seat 5: e74ea8b3 folded before Flop (didn't bet)
Seat 6: d5d47f7e (button) folded before Flop (didn't bet)


Poker Hand #HD1750278605: Hold'em No Limit ($0.02/$0.05) - 2024/04/28 17:36:43
Table 'NLHBlue16' 6-max Seat #5 is the button
Seat 1: 715e1b0c ($5 in chips)
Seat 2: 7b4cfb0c ($5.83 in chips)
Seat 3: 7bc03606 ($5.09 in chips)
Seat 4: Hero ($6.89 in chips)
Seat 5: e74ea8b3 ($5 in chips)
Seat 6: d5d47f7e ($5.68 in chips)
d5d47f7e: posts small blind $0.02
715e1b0c: posts big blind $0.05
*** HOLE CARDS ***
Dealt to 715e1b0c 
Dealt to 7b4cfb0c 
Dealt to 7bc03606 
Dealt to Hero [Td Jh]
Dealt to e74ea8b3 
Dealt to d5d47f7e 
7b4cfb0c: raises $0.11 to $0.16
7bc03606: folds
Hero: folds
e74ea8b3: folds
d5d47f7e: folds
715e1b0c: folds
Uncalled bet ($0.11) returned to 7b4cfb0c
*** SHOWDOWN ***
7b4cfb0c collected $0.12 from pot
*** SUMMARY ***
Total pot $0.12 | Rake $0 | Jackpot $0 | Bingo $0 | Fortune $0 | Tax $0
Seat 1: 715e1b0c (big blind) folded before Flop
Seat 2: 7b4cfb0c collected ($0.12)
Seat 3: 7bc03606 folded before Flop (didn't bet)
Seat 4: Hero folded before Flop (didn't bet)
Seat 5: e74ea8b3 (button) folded before Flop (didn't bet)
Seat 6: d5d47f7e (small blind) folded before Flop


Poker Hand #HD1750278516: Hold'em No Limit ($0.02/$0.05) - 2024/04/28 17:35:59
Table 'NLHBlue16' 6-max Seat #4 is the button
Seat 2: 7b4cfb0c ($5.83 in chips)
Seat 3: 7bc03606 ($5.09 in chips)
Seat 4: Hero ($7.01 in chips)
Seat 5: e74ea8b3 ($5 in chips)
Seat 6: d5d47f7e ($5.55 in chips)
e74ea8b3: posts small blind $0.02
d5d47f7e: posts big blind $0.05
*** HOLE CARDS ***
Dealt to 7b4cfb0c 
Dealt to 7bc03606 
Dealt to Hero [8h Th]
Dealt to e74ea8b3 
Dealt to d5d47f7e 
7b4cfb0c: folds
7bc03606: folds
Hero: raises $0.07 to $0.12
e74ea8b3: folds
d5d47f7e: raises $0.48 to $0.6
Hero: folds
Uncalled bet ($0.48) returned to d5d47f7e
*** SHOWDOWN ***
d5d47f7e collected $0.25 from pot
*** SUMMARY ***
Total pot $0.26 | Rake $0.01 | Jackpot $0 | Bingo $0 | Fortune $0 | Tax $0
Seat 2: 7b4cfb0c folded before Flop (didn't bet)
Seat 3: 7bc03606 folded before Flop (didn't bet)
Seat 4: Hero (button) folded before Flop
Seat 5: e74ea8b3 (small blind) folded before Flop
Seat 6: d5d47f7e (big blind) collected ($0.25)


Poker Hand #HD1750278451: Hold'em No Limit ($0.02/$0.05) - 2024/04/28 17:35:28
Table 'NLHBlue16' 6-max Seat #3 is the button
Seat 2: 7b4cfb0c ($5.83 in chips)
Seat 3: 7bc03606 ($4.95 in chips)
Seat 4: Hero ($7.03 in chips)
Seat 5: e74ea8b3 ($5 in chips)
Seat 6: d5d47f7e ($5.55 in chips)
Hero: posts small blind $0.02
e74ea8b3: posts big blind $0.05
*** HOLE CARDS ***
Dealt to 7b4cfb0c 
Dealt to 7bc03606 
Dealt to Hero [5h 2h]
Dealt to e74ea8b3 
Dealt to d5d47f7e 
d5d47f7e: folds
7b4cfb0c: folds
7bc03606: raises $0.08 to $0.13
Hero: folds
e74ea8b3: calls $0.08
*** FLOP *** [Qc Jc 5d]
e74ea8b3: checks
7bc03606: bets $0.14
e74ea8b3: folds
Uncalled bet ($0.14) returned to 7bc03606
*** SHOWDOWN ***
7bc03606 collected $0.27 from pot
*** SUMMARY ***
Total pot $0.28 | Rake $0.01 | Jackpot $0 | Bingo $0 | Fortune $0 | Tax $0
Board [Qc Jc 5d]
Seat 2: 7b4cfb0c folded before Flop (didn't bet)
Seat 3: 7bc03606 (button) won ($0.27)
Seat 4: Hero (small blind) folded before Flop
Seat 5: e74ea8b3 (big blind) folded on the Flop
Seat 6: d5d47f7e folded before Flop (didn't bet)


Poker Hand #HD1750278405: Hold'em No Limit ($0.02/$0.05) - 2024/04/28 17:35:06
Table 'NLHBlue16' 6-max Seat #2 is the button
Seat 2: 7b4cfb0c ($5.76 in chips)
Seat 3: 7bc03606 ($4.97 in chips)
Seat 4: Hero ($7.08 in chips)
Seat 5: e74ea8b3 ($5 in chips)
Seat 6: d5d47f7e ($5.55 in chips)
7bc03606: posts small blind $0.02
Hero: posts big blind $0.05
*** HOLE CARDS ***
Dealt to 7b4cfb0c 
Dealt to 7bc03606 
Dealt to Hero [Qh 4c]
Dealt to e74ea8b3 
Dealt to d5d47f7e 
e74ea8b3: folds
d5d47f7e: folds
7b4cfb0c: raises $0.11 to $0.16
7bc03606: folds
Hero: folds
Uncalled bet ($0.11) returned to 7b4cfb0c
*** SHOWDOWN ***
7b4cfb0c collected $0.12 from pot
*** SUMMARY ***
Total pot $0.12 | Rake $0 | Jackpot $0 | Bingo $0 | Fortune $0 | Tax $0
Seat 2: 7b4cfb0c (button) collected ($0.12)
Seat 3: 7bc03606 (small blind) folded before Flop
Seat 4: Hero (big blind) folded before Flop
Seat 5: e74ea8b3 folded before Flop (didn't bet)
Seat 6: d5d47f7e folded before Flop (didn't bet)


Poker Hand #HD1750278351: Hold'em No Limit ($0.02/$0.05) - 2024/04/28 17:34:42
Table 'NLHBlue16' 6-max Seat #6 is the button
Seat 2: 7b4cfb0c ($5.78 in chips)
Seat 3: 7bc03606 ($5.02 in chips)
Seat 4: Hero ($7.08 in chips)
Seat 5: e74ea8b3 ($5 in chips)
Seat 6: d5d47f7e ($5.48 in chips)
7b4cfb0c: posts small blind $0.02
7bc03606: posts big blind $0.05
*** HOLE CARDS ***
Dealt to 7b4cfb0c 
Dealt to 7bc03606 
Dealt to Hero [4h 2h]
Dealt to e74ea8b3 
Dealt to d5d47f7e 
Hero: folds
e74ea8b3: folds
d5d47f7e: raises $0.15 to $0.2
7b4cfb0c: folds
7bc03606: folds
Uncalled bet ($0.15) returned to d5d47f7e
*** SHOWDOWN ***
d5d47f7e collected $0.12 from pot
*** SUMMARY ***
Total pot $0.12 | Rake $0 | Jackpot $0 | Bingo $0 | Fortune $0 | Tax $0
Seat 2: 7b4cfb0c (small blind) folded before Flop
Seat 3: 7bc03606 (big blind) folded before Flop
Seat 4: Hero folded before Flop (didn't bet)
Seat 5: e74ea8b3 folded before Flop (didn't bet)
Seat 6: d5d47f7e (button) collected ($0.12)


Poker Hand #HD1750278279: Hold'em No Limit ($0.02/$0.05) - 2024/04/28 17:34:03
Table 'NLHBlue16' 6-max Seat #5 is the button
Seat 2: 7b4cfb0c ($5.83 in chips)
Seat 3: 7bc03606 ($5.07 in chips)
Seat 4: Hero ($7.08 in chips)
Seat 5: e74ea8b3 ($5 in chips)
Seat 6: d5d47f7e ($5.17 in chips)
d5d47f7e: posts small blind $0.02
7b4cfb0c: posts big blind $0.05
*** HOLE CARDS ***
Dealt to 7b4cfb0c 
Dealt to 7bc03606 
Dealt to Hero [8s Jc]
Dealt to e74ea8b3 
Dealt to d5d47f7e 
7bc03606: calls $0.05
Hero: folds
e74ea8b3: raises $0.18 to $0.23
d5d47f7e: raises $0.77 to $1
7b4cfb0c: folds
7bc03606: folds
e74ea8b3: folds
Uncalled bet ($0.77) returned to d5d47f7e
*** SHOWDOWN ***
d5d47f7e collected $0.54 from pot
*** SUMMARY ***
Total pot $0.56 | Rake $0.02 | Jackpot $0 | Bingo $0 | Fortune $0 | Tax $0
Seat 2: 7b4cfb0c (big blind) folded before Flop
Seat 3: 7bc03606 folded before Flop
Seat 4: Hero folded before Flop (didn't bet)
Seat 5: e74ea8b3 (button) folded before Flop
Seat 6: d5d47f7e (small blind) collected ($0.54)


Poker Hand #HD1750278215: Hold'em No Limit ($0.02/$0.05) - 2024/04/28 17:33:22
Table 'NLHBlue16' 6-max Seat #4 is the button
Seat 1: 6aed7dcd ($6.94 in chips)
Seat 2: 7b4cfb0c ($5.99 in chips)
Seat 3: 7bc03606 ($5.07 in chips)
Seat 4: Hero ($7.08 in chips)
Seat 5: e74ea8b3 ($5 in chips)
Seat 6: d5d47f7e ($5 in chips)
e74ea8b3: posts small blind $0.02
d5d47f7e: posts big blind $0.05
*** HOLE CARDS ***
Dealt to 6aed7dcd 
Dealt to 7b4cfb0c 
Dealt to 7bc03606 
Dealt to Hero [9c 4h]
Dealt to e74ea8b3 
Dealt to d5d47f7e 
6aed7dcd: folds
7b4cfb0c: raises $0.11 to $0.16
7bc03606: folds
Hero: folds
e74ea8b3: folds
d5d47f7e: raises $0.34 to $0.5
7b4cfb0c: folds
Uncalled bet ($0.34) returned to d5d47f7e
*** SHOWDOWN ***
d5d47f7e collected $0.33 from pot
*** SUMMARY ***
Total pot $0.34 | Rake $0.01 | Jackpot $0 | Bingo $0 | Fortune $0 | Tax $0
Seat 1: 6aed7dcd folded before Flop (didn't bet)
Seat 2: 7b4cfb0c folded before Flop
Seat 3: 7bc03606 folded before Flop (didn't bet)
Seat 4: Hero (button) folded before Flop (didn't bet)
Seat 5: e74ea8b3 (small blind) folded before Flop
Seat 6: d5d47f7e (big blind) collected ($0.33)


Poker Hand #HD1750278082: Hold'em No Limit ($0.02/$0.05) - 2024/04/28 17:32:11
Table 'NLHBlue16' 6-max Seat #3 is the button
Seat 1: 6aed7dcd ($6.94 in chips)
Seat 2: 7b4cfb0c ($6.15 in chips)
Seat 3: 7bc03606 ($4.86 in chips)
Seat 4: Hero ($7.1 in chips)
Seat 5: e74ea8b3 ($5 in chips)
Seat 6: d5d47f7e ($5 in chips)
Hero: posts small blind $0.02
e74ea8b3: posts big blind $0.05
*** HOLE CARDS ***
Dealt to 6aed7dcd 
Dealt to 7b4cfb0c 
Dealt to 7bc03606 
Dealt to Hero [Js 4c]
Dealt to e74ea8b3 
Dealt to d5d47f7e 
d5d47f7e: folds
6aed7dcd: folds
7b4cfb0c: raises $0.11 to $0.16
7bc03606: calls $0.16
Hero: folds
e74ea8b3: folds
*** FLOP *** [Jd 2s 3s]
7b4cfb0c: checks
7bc03606: bets $0.13
7b4cfb0c: folds
Uncalled bet ($0.13) returned to 7bc03606
*** SHOWDOWN ***
7bc03606 collected $0.37 from pot
*** SUMMARY ***
Total pot $0.39 | Rake $0.02 | Jackpot $0 | Bingo $0 | Fortune $0 | Tax $0
Board [Jd 2s 3s]
Seat 1: 6aed7dcd folded before Flop (didn't bet)
Seat 2: 7b4cfb0c folded on the Flop
Seat 3: 7bc03606 (button) won ($0.37)
Seat 4: Hero (small blind) folded before Flop
Seat 5: e74ea8b3 (big blind) folded before Flop
Seat 6: d5d47f7e folded before Flop (didn't bet)


Poker Hand #HD1750278051: Hold'em No Limit ($0.02/$0.05) - 2024/04/28 17:31:58
Table 'NLHBlue16' 6-max Seat #2 is the button
Seat 1: 6aed7dcd ($6.94 in chips)
Seat 2: 7b4cfb0c ($6.15 in chips)
Seat 3: 7bc03606 ($4.88 in chips)
Seat 4: Hero ($7.08 in chips)
Seat 6: d5d47f7e ($5 in chips)
7bc03606: posts small blind $0.02
Hero: posts big blind $0.05
*** HOLE CARDS ***
Dealt to 6aed7dcd 
Dealt to 7b4cfb0c 
Dealt to 7bc03606 
Dealt to Hero [3h 5c]
Dealt to d5d47f7e 
d5d47f7e: folds
6aed7dcd: folds
7b4cfb0c: folds
7bc03606: folds
Uncalled bet ($0.03) returned to Hero
*** SHOWDOWN ***
Hero collected $0.04 from pot
*** SUMMARY ***
Total pot $0.04 | Rake $0 | Jackpot $0 | Bingo $0 | Fortune $0 | Tax $0
Seat 1: 6aed7dcd folded before Flop (didn't bet)
Seat 2: 7b4cfb0c (button) folded before Flop (didn't bet)
Seat 3: 7bc03606 (small blind) folded before Flop
Seat 4: Hero (big blind) collected ($0.04)
Seat 6: d5d47f7e folded before Flop (didn't bet)


Poker Hand #HD1750277925: Hold'em No Limit ($0.02/$0.05) - 2024/04/28 17:30:52
Table 'NLHBlue16' 6-max Seat #1 is the button
Seat 1: 6aed7dcd ($6.94 in chips)
Seat 2: 7b4cfb0c ($6.1 in chips)
Seat 3: 7bc03606 ($4.93 in chips)
Seat 4: Hero ($7.08 in chips)
Seat 6: d5d47f7e ($5 in chips)
7b4cfb0c: posts small blind $0.02
7bc03606: posts big blind $0.05
*** HOLE CARDS ***
Dealt to 6aed7dcd 
Dealt to 7b4cfb0c 
Dealt to 7bc03606 
Dealt to Hero [Kc 8h]
Dealt to d5d47f7e 
Hero: folds
d5d47f7e: folds
6aed7dcd: folds
7b4cfb0c: calls $0.03
7bc03606: checks
*** FLOP *** [Js Kh 9s]
7b4cfb0c: checks
7bc03606: checks
*** TURN *** [Js Kh 9s] [7d]
7b4cfb0c: checks
7bc03606: checks
*** RIVER *** [Js Kh 9s 7d] [As]
7b4cfb0c: checks
7bc03606: checks
7b4cfb0c: shows [9d 6c] (Pair of Nines)
7bc03606: shows [6d 2d] (Ace-High)
*** SHOWDOWN ***
7b4cfb0c collected $0.1 from pot
*** SUMMARY ***
Total pot $0.1 | Rake $0 | Jackpot $0 | Bingo $0 | Fortune $0 | Tax $0
Board [Js Kh 9s 7d As]
Seat 1: 6aed7dcd (button) folded before Flop (didn't bet)
Seat 2: 7b4cfb0c (small blind) showed [9d 6c] and won ($0.1) with Pair of Nines
Seat 3: 7bc03606 (big blind) showed [6d 2d] and lost with Ace-High
Seat 4: Hero folded before Flop (didn't bet)
Seat 6: d5d47f7e folded before Flop (didn't bet)


Poker Hand #HD1750277898: Hold'em No Limit ($0.02/$0.05) - 2024/04/28 17:30:37
Table 'NLHBlue16' 6-max Seat #6 is the button
Seat 1: 6aed7dcd ($6.96 in chips)
Seat 2: 7b4cfb0c ($6.08 in chips)
Seat 3: 7bc03606 ($4.93 in chips)
Seat 4: Hero ($7.08 in chips)
Seat 5: b39a68e6 ($4.59 in chips)
Seat 6: d5d47f7e ($5 in chips)
6aed7dcd: posts small blind $0.02
7b4cfb0c: posts big blind $0.05
*** HOLE CARDS ***
Dealt to 6aed7dcd 
Dealt to 7b4cfb0c 
Dealt to 7bc03606 
Dealt to Hero [3s Js]
Dealt to b39a68e6 
Dealt to d5d47f7e 
7bc03606: folds
Hero: folds
b39a68e6: folds
d5d47f7e: folds
6aed7dcd: folds
Uncalled bet ($0.03) returned to 7b4cfb0c
*** SHOWDOWN ***
7b4cfb0c collected $0.04 from pot
*** SUMMARY ***
Total pot $0.04 | Rake $0 | Jackpot $0 | Bingo $0 | Fortune $0 | Tax $0
Seat 1: 6aed7dcd (small blind) folded before Flop
Seat 2: 7b4cfb0c (big blind) collected ($0.04)
Seat 3: 7bc03606 folded before Flop (didn't bet)
Seat 4: Hero folded before Flop (didn't bet)
Seat 5: b39a68e6 folded before Flop (didn't bet)
Seat 6: d5d47f7e (button) folded before Flop (didn't bet)


Poker Hand #HD1750277869: Hold'em No Limit ($0.02/$0.05) - 2024/04/28 17:30:22
Table 'NLHBlue16' 6-max Seat #5 is the button
Seat 1: 6aed7dcd ($7.01 in chips)
Seat 2: 7b4cfb0c ($6.08 in chips)
Seat 3: 7bc03606 ($4.93 in chips)
Seat 4: Hero ($7.08 in chips)
Seat 5: b39a68e6 ($4.52 in chips)
Seat 6: d5d47f7e ($5.02 in chips)
d5d47f7e: posts small blind $0.02
6aed7dcd: posts big blind $0.05
*** HOLE CARDS ***
Dealt to 6aed7dcd 
Dealt to 7b4cfb0c 
Dealt to 7bc03606 
Dealt to Hero [Qd 5s]
Dealt to b39a68e6 
Dealt to d5d47f7e 
7b4cfb0c: folds
7bc03606: folds
Hero: folds
b39a68e6: raises $0.05 to $0.1
d5d47f7e: folds
6aed7dcd: folds
Uncalled bet ($0.05) returned to b39a68e6
*** SHOWDOWN ***
b39a68e6 collected $0.12 from pot
*** SUMMARY ***
Total pot $0.12 | Rake $0 | Jackpot $0 | Bingo $0 | Fortune $0 | Tax $0
Seat 1: 6aed7dcd (big blind) folded before Flop
Seat 2: 7b4cfb0c folded before Flop (didn't bet)
Seat 3: 7bc03606 folded before Flop (didn't bet)
Seat 4: Hero folded before Flop (didn't bet)
Seat 5: b39a68e6 (button) collected ($0.12)
Seat 6: d5d47f7e (small blind) folded before Flop


Poker Hand #HD1750277813: Hold'em No Limit ($0.02/$0.05) - 2024/04/28 17:29:57
Table 'NLHBlue16' 6-max Seat #4 is the button
Seat 1: 6aed7dcd ($7.01 in chips)
Seat 2: 7b4cfb0c ($6.08 in chips)
Seat 3: 7bc03606 ($4.93 in chips)
Seat 4: Hero ($7.08 in chips)
Seat 5: b39a68e6 ($4.54 in chips)
Seat 6: d5d47f7e ($5 in chips)
b39a68e6: posts small blind $0.02
d5d47f7e: posts big blind $0.05
*** HOLE CARDS ***
Dealt to 6aed7dcd 
Dealt to 7b4cfb0c 
Dealt to 7bc03606 
Dealt to Hero [Td 5d]
Dealt to b39a68e6 
Dealt to d5d47f7e 
6aed7dcd: folds
7b4cfb0c: folds
7bc03606: folds
Hero: folds
b39a68e6: folds
Uncalled bet ($0.03) returned to d5d47f7e
*** SHOWDOWN ***
d5d47f7e collected $0.04 from pot
*** SUMMARY ***
Total pot $0.04 | Rake $0 | Jackpot $0 | Bingo $0 | Fortune $0 | Tax $0
Seat 1: 6aed7dcd folded before Flop (didn't bet)
Seat 2: 7b4cfb0c folded before Flop (didn't bet)
Seat 3: 7bc03606 folded before Flop (didn't bet)
Seat 4: Hero (button) folded before Flop (didn't bet)
Seat 5: b39a68e6 (small blind) folded before Flop
Seat 6: d5d47f7e (big blind) collected ($0.04)


Poker Hand #HD1750277770: Hold'em No Limit ($0.02/$0.05) - 2024/04/28 17:29:35
Table 'NLHBlue16' 6-max Seat #3 is the button
Seat 1: 6aed7dcd ($6.85 in chips)
Seat 2: 7b4cfb0c ($6.08 in chips)
Seat 3: 7bc03606 ($4.93 in chips)
Seat 4: Hero ($7.1 in chips)
Seat 5: b39a68e6 ($4.59 in chips)
Seat 6: d5d47f7e ($5 in chips)
Hero: posts small blind $0.02
b39a68e6: posts big blind $0.05
*** HOLE CARDS ***
Dealt to 6aed7dcd 
Dealt to 7b4cfb0c 
Dealt to 7bc03606 
Dealt to Hero [6s 8s]
Dealt to b39a68e6 
Dealt to d5d47f7e 
d5d47f7e: raises $0.05 to $0.1
6aed7dcd: raises $0.32 to $0.42
7b4cfb0c: folds
7bc03606: folds
Hero: folds
b39a68e6: folds
d5d47f7e: folds
Uncalled bet ($0.32) returned to 6aed7dcd
*** SHOWDOWN ***
6aed7dcd collected $0.26 from pot
*** SUMMARY ***
Total pot $0.27 | Rake $0.01 | Jackpot $0 | Bingo $0 | Fortune $0 | Tax $0
Seat 1: 6aed7dcd collected ($0.26)
Seat 2: 7b4cfb0c folded before Flop (didn't bet)
Seat 3: 7bc03606 (button) folded before Flop (didn't bet)
Seat 4: Hero (small blind) folded before Flop
Seat 5: b39a68e6 (big blind) folded before Flop
Seat 6: d5d47f7e folded before Flop


Poker Hand #HD1750277731: Hold'em No Limit ($0.02/$0.05) - 2024/04/28 17:29:15
Table 'NLHBlue16' 6-max Seat #2 is the button
Seat 1: 6aed7dcd ($6.85 in chips)
Seat 2: 7b4cfb0c ($6.08 in chips)
Seat 3: 7bc03606 ($4.95 in chips)
Seat 4: Hero ($7.08 in chips)
Seat 5: b39a68e6 ($4.59 in chips)
Seat 6: d5d47f7e ($5 in chips)
7bc03606: posts small blind $0.02
Hero: posts big blind $0.05
*** HOLE CARDS ***
Dealt to 6aed7dcd 
Dealt to 7b4cfb0c 
Dealt to 7bc03606 
Dealt to Hero [7c 3h]
Dealt to b39a68e6 
Dealt to d5d47f7e 
b39a68e6: folds
d5d47f7e: folds
6aed7dcd: folds
7b4cfb0c: folds
7bc03606: folds
Uncalled bet ($0.03) returned to Hero
*** SHOWDOWN ***
Hero collected $0.04 from pot
*** SUMMARY ***
Total pot $0.04 | Rake $0 | Jackpot $0 | Bingo $0 | Fortune $0 | Tax $0
Seat 1: 6aed7dcd folded before Flop (didn't bet)
Seat 2: 7b4cfb0c (button) folded before Flop (didn't bet)
Seat 3: 7bc03606 (small blind) folded before Flop
Seat 4: Hero (big blind) collected ($0.04)
Seat 5: b39a68e6 folded before Flop (didn't bet)
Seat 6: d5d47f7e folded before Flop (didn't bet)


Poker Hand #HD1750277606: Hold'em No Limit ($0.02/$0.05) - 2024/04/28 17:28:07
Table 'NLHBlue16' 6-max Seat #1 is the button
Seat 1: 6aed7dcd ($6.85 in chips)
Seat 2: 7b4cfb0c ($5.64 in chips)
Seat 3: 7bc03606 ($5 in chips)
Seat 4: Hero ($7.08 in chips)
Seat 5: b39a68e6 ($4.59 in chips)
Seat 6: d5d47f7e ($5 in chips)
7b4cfb0c: posts small blind $0.02
7bc03606: posts big blind $0.05
*** HOLE CARDS ***
Dealt to 6aed7dcd 
Dealt to 7b4cfb0c 
Dealt to 7bc03606 
Dealt to Hero [Ts 8c]
Dealt to b39a68e6 
Dealt to d5d47f7e 
Hero: folds
b39a68e6: folds
d5d47f7e: raises $0.15 to $0.2
6aed7dcd: folds
7b4cfb0c: calls $0.18
7bc03606: folds
*** FLOP *** [9h Kc 6h]
7b4cfb0c: checks
d5d47f7e: checks
*** TURN *** [9h Kc 6h] [9c]
7b4cfb0c: checks
d5d47f7e: bets $0.23
7b4cfb0c: calls $0.23
*** RIVER *** [9h Kc 6h 9c] [5h]
7b4cfb0c: checks
d5d47f7e: checks
7b4cfb0c: shows [Jh Jd] (Pair of Jacks and Pair of Nines)
d5d47f7e: shows [Tc Th] (Pair of Tens and Pair of Nines)
*** SHOWDOWN ***
7b4cfb0c collected $0.87 from pot
*** SUMMARY ***
Total pot $0.91 | Rake $0.04 | Jackpot $0 | Bingo $0 | Fortune $0 | Tax $0
Board [9h Kc 6h 9c 5h]
Seat 1: 6aed7dcd (button) folded before Flop (didn't bet)
Seat 2: 7b4cfb0c (small blind) showed [Jh Jd] and won ($0.87) with Pair of Jacks and Pair of Nines
Seat 3: 7bc03606 (big blind) folded before Flop
Seat 4: Hero folded before Flop (didn't bet)
Seat 5: b39a68e6 folded before Flop (didn't bet)
Seat 6: d5d47f7e showed [Tc Th] and lost with Pair of Tens and Pair of Nines


Poker Hand #HD1750277496: Hold'em No Limit ($0.02/$0.05) - 2024/04/28 17:27:13
Table 'NLHBlue16' 6-max Seat #6 is the button
Seat 1: 6aed7dcd ($6.87 in chips)
Seat 2: 7b4cfb0c ($5.69 in chips)
Seat 3: 838ed8f8 ($5.61 in chips)
Seat 4: Hero ($7.39 in chips)
Seat 5: b39a68e6 ($4.24 in chips)
Seat 6: d5d47f7e ($5 in chips)
6aed7dcd: posts small blind $0.02
7b4cfb0c: posts big blind $0.05
*** HOLE CARDS ***
Dealt to 6aed7dcd 
Dealt to 7b4cfb0c 
Dealt to 838ed8f8 
Dealt to Hero [9s 9d]
Dealt to b39a68e6 
Dealt to d5d47f7e 
838ed8f8: folds
Hero: raises $0.05 to $0.1
b39a68e6: raises $0.21 to $0.31
d5d47f7e: folds
6aed7dcd: folds
7b4cfb0c: folds
Hero: calls $0.21
*** FLOP *** [7h Ts 3s]
Hero: checks
b39a68e6: bets $0.35
Hero: folds
Uncalled bet ($0.35) returned to b39a68e6
*** SHOWDOWN ***
b39a68e6 collected $0.66 from pot
*** SUMMARY ***
Total pot $0.69 | Rake $0.03 | Jackpot $0 | Bingo $0 | Fortune $0 | Tax $0
Board [7h Ts 3s]
Seat 1: 6aed7dcd (small blind) folded before Flop
Seat 2: 7b4cfb0c (big blind) folded before Flop
Seat 3: 838ed8f8 folded before Flop (didn't bet)
Seat 4: Hero folded on the Flop
Seat 5: b39a68e6 won ($0.66)
Seat 6: d5d47f7e (button) folded before Flop (didn't bet)


Poker Hand #HD1750277480: Hold'em No Limit ($0.02/$0.05) - 2024/04/28 17:26:58
Table 'NLHBlue16' 6-max Seat #5 is the button
Seat 1: 6aed7dcd ($6.92 in chips)
Seat 2: 7b4cfb0c ($5.69 in chips)
Seat 3: 838ed8f8 ($5.54 in chips)
Seat 4: Hero ($7.39 in chips)
Seat 5: b39a68e6 ($4.24 in chips)
Seat 6: d5d47f7e ($5 in chips)
d5d47f7e: posts small blind $0.02
6aed7dcd: posts big blind $0.05
*** HOLE CARDS ***
Dealt to 6aed7dcd 
Dealt to 7b4cfb0c 
Dealt to 838ed8f8 
Dealt to Hero [2d 5s]
Dealt to b39a68e6 
Dealt to d5d47f7e 
7b4cfb0c: folds
838ed8f8: raises $0.05 to $0.1
Hero: folds
b39a68e6: folds
d5d47f7e: folds
6aed7dcd: folds
Uncalled bet ($0.05) returned to 838ed8f8
*** SHOWDOWN ***
838ed8f8 collected $0.12 from pot
*** SUMMARY ***
Total pot $0.12 | Rake $0 | Jackpot $0 | Bingo $0 | Fortune $0 | Tax $0
Seat 1: 6aed7dcd (big blind) folded before Flop
Seat 2: 7b4cfb0c folded before Flop (didn't bet)
Seat 3: 838ed8f8 collected ($0.12)
Seat 4: Hero folded before Flop (didn't bet)
Seat 5: b39a68e6 (button) folded before Flop (didn't bet)
Seat 6: d5d47f7e (small blind) folded before Flop


Poker Hand #HD1750277373: Hold'em No Limit ($0.02/$0.05) - 2024/04/28 17:26:06
Table 'NLHBlue16' 6-max Seat #4 is the button
Seat 1: 6aed7dcd ($6.48 in chips)
Seat 2: 7b4cfb0c ($5.69 in chips)
Seat 3: 838ed8f8 ($5.54 in chips)
Seat 4: Hero ($7.39 in chips)
Seat 5: b39a68e6 ($4.67 in chips)
Seat 6: d5d47f7e ($5 in chips)
b39a68e6: posts small blind $0.02
d5d47f7e: posts big blind $0.05
*** HOLE CARDS ***
Dealt to 6aed7dcd 
Dealt to 7b4cfb0c 
Dealt to 838ed8f8 
Dealt to Hero [6c Jh]
Dealt to b39a68e6 
Dealt to d5d47f7e 
6aed7dcd: raises $0.05 to $0.1
7b4cfb0c: folds
838ed8f8: folds
Hero: folds
b39a68e6: calls $0.08
d5d47f7e: folds
*** FLOP *** [4c 2h 3d]
b39a68e6: checks
6aed7dcd: bets $0.1
b39a68e6: calls $0.1
*** TURN *** [4c 2h 3d] [Ts]
b39a68e6: checks
6aed7dcd: checks
*** RIVER *** [4c 2h 3d Ts] [2d]
b39a68e6: bets $0.23
6aed7dcd: calls $0.23
b39a68e6: shows [7d 6d] (Pair of Twos)
6aed7dcd: shows [9s As] (Pair of Twos)
*** SHOWDOWN ***
6aed7dcd collected $0.87 from pot
*** SUMMARY ***
Total pot $0.91 | Rake $0.04 | Jackpot $0 | Bingo $0 | Fortune $0 | Tax $0
Board [4c 2h 3d Ts 2d]
Seat 1: 6aed7dcd showed [9s As] and won ($0.87) with Pair of Twos
Seat 2: 7b4cfb0c folded before Flop (didn't bet)
Seat 3: 838ed8f8 folded before Flop (didn't bet)
Seat 4: Hero (button) folded before Flop (didn't bet)
Seat 5: b39a68e6 (small blind) showed [7d 6d] and lost with Pair of Twos
Seat 6: d5d47f7e (big blind) folded before Flop


Poker Hand #HD1750277352: Hold'em No Limit ($0.02/$0.05) - 2024/04/28 17:25:55
Table 'NLHBlue16' 6-max Seat #3 is the button
Seat 1: 6aed7dcd ($6.48 in chips)
Seat 2: 7b4cfb0c ($5.69 in chips)
Seat 3: 838ed8f8 ($5.54 in chips)
Seat 4: Hero ($7.41 in chips)
Seat 5: b39a68e6 ($4.65 in chips)
Seat 6: d5d47f7e ($5 in chips)
Hero: posts small blind $0.02
b39a68e6: posts big blind $0.05
*** HOLE CARDS ***
Dealt to 6aed7dcd 
Dealt to 7b4cfb0c 
Dealt to 838ed8f8 
Dealt to Hero [Kh 4d]
Dealt to b39a68e6 
Dealt to d5d47f7e 
d5d47f7e: folds
6aed7dcd: folds
7b4cfb0c: folds
838ed8f8: folds
Hero: folds
Uncalled bet ($0.03) returned to b39a68e6
*** SHOWDOWN ***
b39a68e6 collected $0.04 from pot
*** SUMMARY ***
Total pot $0.04 | Rake $0 | Jackpot $0 | Bingo $0 | Fortune $0 | Tax $0
Seat 1: 6aed7dcd folded before Flop (didn't bet)
Seat 2: 7b4cfb0c folded before Flop (didn't bet)
Seat 3: 838ed8f8 (button) folded before Flop (didn't bet)
Seat 4: Hero (small blind) folded before Flop
Seat 5: b39a68e6 (big blind) collected ($0.04)
Seat 6: d5d47f7e folded before Flop (didn't bet)


Poker Hand #HD1750277305: Hold'em No Limit ($0.02/$0.05) - 2024/04/28 17:25:26
Table 'NLHBlue16' 6-max Seat #2 is the button
Seat 1: 6aed7dcd ($6.48 in chips)
Seat 2: 7b4cfb0c ($5.69 in chips)
Seat 3: 838ed8f8 ($5.56 in chips)
Seat 4: Hero ($7.39 in chips)
Seat 5: b39a68e6 ($4.65 in chips)
Seat 6: d5d47f7e ($5 in chips)
838ed8f8: posts small blind $0.02
Hero: posts big blind $0.05
*** HOLE CARDS ***
Dealt to 6aed7dcd 
Dealt to 7b4cfb0c 
Dealt to 838ed8f8 
Dealt to Hero [9d 8c]
Dealt to b39a68e6 
Dealt to d5d47f7e 
b39a68e6: folds
d5d47f7e: folds
6aed7dcd: folds
7b4cfb0c: folds
838ed8f8: folds
Uncalled bet ($0.03) returned to Hero
*** SHOWDOWN ***
Hero collected $0.04 from pot
*** SUMMARY ***
Total pot $0.04 | Rake $0 | Jackpot $0 | Bingo $0 | Fortune $0 | Tax $0
Seat 1: 6aed7dcd folded before Flop (didn't bet)
Seat 2: 7b4cfb0c (button) folded before Flop (didn't bet)
Seat 3: 838ed8f8 (small blind) folded before Flop
Seat 4: Hero (big blind) collected ($0.04)
Seat 5: b39a68e6 folded before Flop (didn't bet)
Seat 6: d5d47f7e folded before Flop (didn't bet)


Poker Hand #HD1750277215: Hold'em No Limit ($0.02/$0.05) - 2024/04/28 17:24:44
Table 'NLHBlue16' 6-max Seat #1 is the button
Seat 1: 6aed7dcd ($6.37 in chips)
Seat 2: 7b4cfb0c ($5.71 in chips)
Seat 3: 838ed8f8 ($5.66 in chips)
Seat 4: Hero ($7.39 in chips)
Seat 5: b39a68e6 ($4.65 in chips)
Seat 6: d5d47f7e ($5 in chips)
7b4cfb0c: posts small blind $0.02
838ed8f8: posts big blind $0.05
*** HOLE CARDS ***
Dealt to 6aed7dcd 
Dealt to 7b4cfb0c 
Dealt to 838ed8f8 
Dealt to Hero [7d 4s]
Dealt to b39a68e6 
Dealt to d5d47f7e 
Hero: folds
b39a68e6: folds
d5d47f7e: folds
6aed7dcd: raises $0.05 to $0.1
7b4cfb0c: folds
838ed8f8: calls $0.05
*** FLOP *** [Jc Th 6h]
838ed8f8: checks
6aed7dcd: bets $0.1
838ed8f8: folds
Uncalled bet ($0.1) returned to 6aed7dcd
*** SHOWDOWN ***
6aed7dcd collected $0.21 from pot
*** SUMMARY ***
Total pot $0.22 | Rake $0.01 | Jackpot $0 | Bingo $0 | Fortune $0 | Tax $0
Board [Jc Th 6h]
Seat 1: 6aed7dcd (button) won ($0.21)
Seat 2: 7b4cfb0c (small blind) folded before Flop
Seat 3: 838ed8f8 (big blind) folded on the Flop
Seat 4: Hero folded before Flop (didn't bet)
Seat 5: b39a68e6 folded before Flop (didn't bet)
Seat 6: d5d47f7e folded before Flop (didn't bet)


Poker Hand #HD1750277170: Hold'em No Limit ($0.02/$0.05) - 2024/04/28 17:24:22
Table 'NLHBlue16' 6-max Seat #6 is the button
Seat 1: 6aed7dcd ($6.39 in chips)
Seat 2: 7b4cfb0c ($5.76 in chips)
Seat 3: 838ed8f8 ($5.59 in chips)
Seat 4: Hero ($7.39 in chips)
Seat 5: b39a68e6 ($4.65 in chips)
Seat 6: d5d47f7e ($5 in chips)
6aed7dcd: posts small blind $0.02
7b4cfb0c: posts big blind $0.05
*** HOLE CARDS ***
Dealt to 6aed7dcd 
Dealt to 7b4cfb0c 
Dealt to 838ed8f8 
Dealt to Hero [3d Kd]
Dealt to b39a68e6 
Dealt to d5d47f7e 
838ed8f8: raises $0.05 to $0.1
Hero: folds
b39a68e6: folds
d5d47f7e: folds
6aed7dcd: folds
7b4cfb0c: folds
Uncalled bet ($0.05) returned to 838ed8f8
*** SHOWDOWN ***
838ed8f8 collected $0.12 from pot
*** SUMMARY ***
Total pot $0.12 | Rake $0 | Jackpot $0 | Bingo $0 | Fortune $0 | Tax $0
Seat 1: 6aed7dcd (small blind) folded before Flop
Seat 2: 7b4cfb0c (big blind) folded before Flop
Seat 3: 838ed8f8 collected ($0.12)
Seat 4: Hero folded before Flop (didn't bet)
Seat 5: b39a68e6 folded before Flop (didn't bet)
Seat 6: d5d47f7e (button) folded before Flop (didn't bet)


Poker Hand #HD1750277140: Hold'em No Limit ($0.02/$0.05) - 2024/04/28 17:24:09
Table 'NLHBlue16' 6-max Seat #5 is the button
Seat 1: 6aed7dcd ($6.37 in chips)
Seat 2: 7b4cfb0c ($5.76 in chips)
Seat 3: 838ed8f8 ($5.59 in chips)
Seat 4: Hero ($7.39 in chips)
Seat 5: b39a68e6 ($4.65 in chips)
Seat 6: d5d47f7e ($5 in chips)
d5d47f7e: posts small blind $0.02
6aed7dcd: posts big blind $0.05
*** HOLE CARDS ***
Dealt to 6aed7dcd 
Dealt to 7b4cfb0c 
Dealt to 838ed8f8 
Dealt to Hero [2c 3h]
Dealt to b39a68e6 
Dealt to d5d47f7e 
7b4cfb0c: folds
838ed8f8: folds
Hero: folds
b39a68e6: folds
d5d47f7e: folds
Uncalled bet ($0.03) returned to 6aed7dcd
*** SHOWDOWN ***
6aed7dcd collected $0.04 from pot
*** SUMMARY ***
Total pot $0.04 | Rake $0 | Jackpot $0 | Bingo $0 | Fortune $0 | Tax $0
Seat 1: 6aed7dcd (big blind) collected ($0.04)
Seat 2: 7b4cfb0c folded before Flop (didn't bet)
Seat 3: 838ed8f8 folded before Flop (didn't bet)
Seat 4: Hero folded before Flop (didn't bet)
Seat 5: b39a68e6 (button) folded before Flop (didn't bet)
Seat 6: d5d47f7e (small blind) folded before Flop


Poker Hand #HD1750277048: Hold'em No Limit ($0.02/$0.05) - 2024/04/28 17:23:19
Table 'NLHBlue16' 6-max Seat #4 is the button
Seat 1: 6aed7dcd ($6.37 in chips)
Seat 2: 7b4cfb0c ($5.92 in chips)
Seat 3: 838ed8f8 ($5.59 in chips)
Seat 4: Hero ($7.39 in chips)
Seat 5: b39a68e6 ($4.45 in chips)
Seat 6: d5d47f7e ($5 in chips)
b39a68e6: posts small blind $0.02
d5d47f7e: posts big blind $0.05
*** HOLE CARDS ***
Dealt to 6aed7dcd 
Dealt to 7b4cfb0c 
Dealt to 838ed8f8 
Dealt to Hero [Qc Ts]
Dealt to b39a68e6 
Dealt to d5d47f7e 
6aed7dcd: folds
7b4cfb0c: raises $0.11 to $0.16
838ed8f8: folds
Hero: folds
b39a68e6: raises $0.49 to $0.65
d5d47f7e: folds
7b4cfb0c: folds
Uncalled bet ($0.49) returned to b39a68e6
*** SHOWDOWN ***
b39a68e6 collected $0.36 from pot
*** SUMMARY ***
Total pot $0.37 | Rake $0.01 | Jackpot $0 | Bingo $0 | Fortune $0 | Tax $0
Seat 1: 6aed7dcd folded before Flop (didn't bet)
Seat 2: 7b4cfb0c folded before Flop
Seat 3: 838ed8f8 folded before Flop (didn't bet)
Seat 4: Hero (button) folded before Flop (didn't bet)
Seat 5: b39a68e6 (small blind) collected ($0.36)
Seat 6: d5d47f7e (big blind) folded before Flop


Poker Hand #HD1750276938: Hold'em No Limit ($0.02/$0.05) - 2024/04/28 17:22:23
Table 'NLHBlue16' 6-max Seat #3 is the button
Seat 1: 6aed7dcd ($6.57 in chips)
Seat 2: 7b4cfb0c ($5.92 in chips)
Seat 3: 838ed8f8 ($5.59 in chips)
Seat 4: Hero ($7.41 in chips)
Seat 5: b39a68e6 ($4.25 in chips)
Seat 6: d5d47f7e ($5 in chips)
Hero: posts small blind $0.02
b39a68e6: posts big blind $0.05
*** HOLE CARDS ***
Dealt to 6aed7dcd 
Dealt to 7b4cfb0c 
Dealt to 838ed8f8 
Dealt to Hero [9c Ac]
Dealt to b39a68e6 
Dealt to d5d47f7e 
d5d47f7e: folds
6aed7dcd: raises $0.05 to $0.1
7b4cfb0c: folds
838ed8f8: folds
Hero: folds
b39a68e6: calls $0.05
*** FLOP *** [4s 3c 6s]
b39a68e6: checks
6aed7dcd: checks
*** TURN *** [4s 3c 6s] [Jd]
b39a68e6: checks
6aed7dcd: bets $0.1
b39a68e6: calls $0.1
*** RIVER *** [4s 3c 6s Jd] [7s]
b39a68e6: bets $0.32
6aed7dcd: folds
Uncalled bet ($0.32) returned to b39a68e6
*** SHOWDOWN ***
b39a68e6 collected $0.4 from pot
*** SUMMARY ***
Total pot $0.42 | Rake $0.02 | Jackpot $0 | Bingo $0 | Fortune $0 | Tax $0
Board [4s 3c 6s Jd 7s]
Seat 1: 6aed7dcd folded on the River
Seat 2: 7b4cfb0c folded before Flop (didn't bet)
Seat 3: 838ed8f8 (button) folded before Flop (didn't bet)
Seat 4: Hero (small blind) folded before Flop
Seat 5: b39a68e6 (big blind) won ($0.4)
Seat 6: d5d47f7e folded before Flop (didn't bet)


Poker Hand #HD1750276821: Hold'em No Limit ($0.02/$0.05) - 2024/04/28 17:21:23
Table 'NLHBlue16' 6-max Seat #2 is the button
Seat 1: 6aed7dcd ($6.57 in chips)
Seat 2: 7b4cfb0c ($5.92 in chips)
Seat 3: 838ed8f8 ($4.75 in chips)
Seat 4: Hero ($7.46 in chips)
Seat 5: b39a68e6 ($4.35 in chips)
Seat 6: d5d47f7e ($5.44 in chips)
838ed8f8: posts small blind $0.02
Hero: posts big blind $0.05
*** HOLE CARDS ***
Dealt to 6aed7dcd 
Dealt to 7b4cfb0c 
Dealt to 838ed8f8 
Dealt to Hero [9h Js]
Dealt to b39a68e6 
Dealt to d5d47f7e 
b39a68e6: raises $0.05 to $0.1
d5d47f7e: raises $0.27 to $0.37
6aed7dcd: folds
7b4cfb0c: folds
838ed8f8: raises $0.45 to $0.82
Hero: folds
b39a68e6: folds
d5d47f7e: calls $0.45
*** FLOP *** [Qd 6h 3c]
838ed8f8: bets $0.5
d5d47f7e: folds
Uncalled bet ($0.5) returned to 838ed8f8
*** SHOWDOWN ***
838ed8f8 collected $1.66 from pot
*** SUMMARY ***
Total pot $1.79 | Rake $0.08 | Jackpot $0.05 | Bingo $0 | Fortune $0 | Tax $0
Board [Qd 6h 3c]
Seat 1: 6aed7dcd folded before Flop (didn't bet)
Seat 2: 7b4cfb0c (button) folded before Flop (didn't bet)
Seat 3: 838ed8f8 (small blind) won ($1.66)
Seat 4: Hero (big blind) folded before Flop
Seat 5: b39a68e6 folded before Flop
Seat 6: d5d47f7e folded on the Flop


Poker Hand #HD1750276790: Hold'em No Limit ($0.02/$0.05) - 2024/04/28 17:21:06
Table 'NLHBlue16' 6-max Seat #1 is the button
Seat 1: 6aed7dcd ($6.57 in chips)
Seat 2: 7b4cfb0c ($5.94 in chips)
Seat 3: 838ed8f8 ($4.8 in chips)
Seat 4: Hero ($7.46 in chips)
Seat 5: b39a68e6 ($4.28 in chips)
Seat 6: d5d47f7e ($5.44 in chips)
7b4cfb0c: posts small blind $0.02
838ed8f8: posts big blind $0.05
*** HOLE CARDS ***
Dealt to 6aed7dcd 
Dealt to 7b4cfb0c 
Dealt to 838ed8f8 
Dealt to Hero [3s Qs]
Dealt to b39a68e6 
Dealt to d5d47f7e 
Hero: folds
b39a68e6: raises $0.05 to $0.1
d5d47f7e: folds
6aed7dcd: folds
7b4cfb0c: folds
838ed8f8: folds
Uncalled bet ($0.05) returned to b39a68e6
*** SHOWDOWN ***
b39a68e6 collected $0.12 from pot
*** SUMMARY ***
Total pot $0.12 | Rake $0 | Jackpot $0 | Bingo $0 | Fortune $0 | Tax $0
Seat 1: 6aed7dcd (button) folded before Flop (didn't bet)
Seat 2: 7b4cfb0c (small blind) folded before Flop
Seat 3: 838ed8f8 (big blind) folded before Flop
Seat 4: Hero folded before Flop (didn't bet)
Seat 5: b39a68e6 collected ($0.12)
Seat 6: d5d47f7e folded before Flop (didn't bet)


Poker Hand #HD1750276709: Hold'em No Limit ($0.02/$0.05) - 2024/04/28 17:20:27
Table 'NLHBlue16' 6-max Seat #6 is the button
Seat 1: 6aed7dcd ($6.48 in chips)
Seat 2: 7b4cfb0c ($6.04 in chips)
Seat 3: 838ed8f8 ($4.8 in chips)
Seat 4: Hero ($7.46 in chips)
Seat 5: b39a68e6 ($4.28 in chips)
Seat 6: d5d47f7e ($5.44 in chips)
6aed7dcd: posts small blind $0.02
7b4cfb0c: posts big blind $0.05
*** HOLE CARDS ***
Dealt to 6aed7dcd 
Dealt to 7b4cfb0c 
Dealt to 838ed8f8 
Dealt to Hero [Jc Ts]
Dealt to b39a68e6 
Dealt to d5d47f7e 
838ed8f8: folds
Hero: folds
b39a68e6: folds
d5d47f7e: folds
6aed7dcd: raises $0.05 to $0.1
7b4cfb0c: calls $0.05
*** FLOP *** [6s As Qc]
6aed7dcd: bets $0.1
7b4cfb0c: folds
Uncalled bet ($0.1) returned to 6aed7dcd
*** SHOWDOWN ***
6aed7dcd collected $0.19 from pot
*** SUMMARY ***
Total pot $0.2 | Rake $0.01 | Jackpot $0 | Bingo $0 | Fortune $0 | Tax $0
Board [6s As Qc]
Seat 1: 6aed7dcd (small blind) won ($0.19)
Seat 2: 7b4cfb0c (big blind) folded on the Flop
Seat 3: 838ed8f8 folded before Flop (didn't bet)
Seat 4: Hero folded before Flop (didn't bet)
Seat 5: b39a68e6 folded before Flop (didn't bet)
Seat 6: d5d47f7e (button) folded before Flop (didn't bet)


Poker Hand #HD1750276666: Hold'em No Limit ($0.02/$0.05) - 2024/04/28 17:20:03
Table 'NLHBlue16' 6-max Seat #5 is the button
Seat 1: 6aed7dcd ($6.53 in chips)
Seat 2: 7b4cfb0c ($6.04 in chips)
Seat 3: 838ed8f8 ($4.8 in chips)
Seat 4: Hero ($7.39 in chips)
Seat 5: b39a68e6 ($4.28 in chips)
Seat 6: d5d47f7e ($5.46 in chips)
d5d47f7e: posts small blind $0.02
6aed7dcd: posts big blind $0.05
*** HOLE CARDS ***
Dealt to 6aed7dcd 
Dealt to 7b4cfb0c 
Dealt to 838ed8f8 
Dealt to Hero [Tc Ad]
Dealt to b39a68e6 
Dealt to d5d47f7e 
7b4cfb0c: folds
838ed8f8: folds
Hero: raises $0.07 to $0.12
b39a68e6: folds
d5d47f7e: folds
6aed7dcd: folds
Uncalled bet ($0.07) returned to Hero
*** SHOWDOWN ***
Hero collected $0.12 from pot
*** SUMMARY ***
Total pot $0.12 | Rake $0 | Jackpot $0 | Bingo $0 | Fortune $0 | Tax $0
Seat 1: 6aed7dcd (big blind) folded before Flop
Seat 2: 7b4cfb0c folded before Flop (didn't bet)
Seat 3: 838ed8f8 folded before Flop (didn't bet)
Seat 4: Hero collected ($0.12)
Seat 5: b39a68e6 (button) folded before Flop (didn't bet)
Seat 6: d5d47f7e (small blind) folded before Flop


Poker Hand #HD1750276590: Hold'em No Limit ($0.02/$0.05) - 2024/04/28 17:19:20
Table 'NLHBlue16' 6-max Seat #4 is the button
Seat 1: 6aed7dcd ($6.53 in chips)
Seat 2: 7b4cfb0c ($6.04 in chips)
Seat 3: 838ed8f8 ($4.9 in chips)
Seat 4: Hero ($7.39 in chips)
Seat 5: b39a68e6 ($4.68 in chips)
Seat 6: d5d47f7e ($5 in chips)
b39a68e6: posts small blind $0.02
d5d47f7e: posts big blind $0.05
*** HOLE CARDS ***
Dealt to 6aed7dcd 
Dealt to 7b4cfb0c 
Dealt to 838ed8f8 
Dealt to Hero [3d 2s]
Dealt to b39a68e6 
Dealt to d5d47f7e 
6aed7dcd: folds
7b4cfb0c: folds
838ed8f8: raises $0.05 to $0.1
Hero: folds
b39a68e6: raises $0.3 to $0.4
d5d47f7e: raises $0.6 to $1
838ed8f8: folds
b39a68e6: folds
Uncalled bet ($0.6) returned to d5d47f7e
*** SHOWDOWN ***
d5d47f7e collected $0.86 from pot
*** SUMMARY ***
Total pot $0.9 | Rake $0.04 | Jackpot $0 | Bingo $0 | Fortune $0 | Tax $0
Seat 1: 6aed7dcd folded before Flop (didn't bet)
Seat 2: 7b4cfb0c folded before Flop (didn't bet)
Seat 3: 838ed8f8 folded before Flop
Seat 4: Hero (button) folded before Flop (didn't bet)
Seat 5: b39a68e6 (small blind) folded before Flop
Seat 6: d5d47f7e (big blind) collected ($0.86)


Poker Hand #HD1750276572: Hold'em No Limit ($0.02/$0.05) - 2024/04/28 17:19:08
Table 'NLHBlue16' 6-max Seat #3 is the button
Seat 1: 6aed7dcd ($6.53 in chips)
Seat 2: 7b4cfb0c ($6.04 in chips)
Seat 3: 838ed8f8 ($4.83 in chips)
Seat 4: Hero ($7.41 in chips)
Seat 5: b39a68e6 ($4.73 in chips)
Hero: posts small blind $0.02
b39a68e6: posts big blind $0.05
*** HOLE CARDS ***
Dealt to 6aed7dcd 
Dealt to 7b4cfb0c 
Dealt to 838ed8f8 
Dealt to Hero [8c 2c]
Dealt to b39a68e6 
6aed7dcd: folds
7b4cfb0c: folds
838ed8f8: raises $0.05 to $0.1
Hero: folds
b39a68e6: folds
Uncalled bet ($0.05) returned to 838ed8f8
*** SHOWDOWN ***
838ed8f8 collected $0.12 from pot
*** SUMMARY ***
Total pot $0.12 | Rake $0 | Jackpot $0 | Bingo $0 | Fortune $0 | Tax $0
Seat 1: 6aed7dcd folded before Flop (didn't bet)
Seat 2: 7b4cfb0c folded before Flop (didn't bet)
Seat 3: 838ed8f8 (button) collected ($0.12)
Seat 4: Hero (small blind) folded before Flop
Seat 5: b39a68e6 (big blind) folded before Flop


Poker Hand #HD1750276478: Hold'em No Limit ($0.02/$0.05) - 2024/04/28 17:18:21
Table 'NLHBlue16' 6-max Seat #2 is the button
Seat 1: 6aed7dcd ($6.42 in chips)
Seat 2: 7b4cfb0c ($6.04 in chips)
Seat 3: 838ed8f8 ($4.85 in chips)
Seat 4: Hero ($7.51 in chips)
Seat 5: b39a68e6 ($4.73 in chips)
838ed8f8: posts small blind $0.02
Hero: posts big blind $0.05
*** HOLE CARDS ***
Dealt to 6aed7dcd 
Dealt to 7b4cfb0c 
Dealt to 838ed8f8 
Dealt to Hero [9c Ad]
Dealt to b39a68e6 
b39a68e6: folds
6aed7dcd: raises $0.05 to $0.1
7b4cfb0c: folds
838ed8f8: folds
Hero: calls $0.05
*** FLOP *** [7c 8d Ks]
Hero: checks
6aed7dcd: bets $0.15
Hero: folds
Uncalled bet ($0.15) returned to 6aed7dcd
*** SHOWDOWN ***
6aed7dcd collected $0.21 from pot
*** SUMMARY ***
Total pot $0.22 | Rake $0.01 | Jackpot $0 | Bingo $0 | Fortune $0 | Tax $0
Board [7c 8d Ks]
Seat 1: 6aed7dcd won ($0.21)
Seat 2: 7b4cfb0c (button) folded before Flop (didn't bet)
Seat 3: 838ed8f8 (small blind) folded before Flop
Seat 4: Hero (big blind) folded on the Flop
Seat 5: b39a68e6 folded before Flop (didn't bet)


Poker Hand #HD1750276428: Hold'em No Limit ($0.02/$0.05) - 2024/04/28 17:17:53
Table 'NLHBlue16' 6-max Seat #1 is the button
Seat 1: 6aed7dcd ($6.42 in chips)
Seat 2: 7b4cfb0c ($6.06 in chips)
Seat 3: 838ed8f8 ($4.95 in chips)
Seat 4: Hero ($7.51 in chips)
Seat 5: b39a68e6 ($4.62 in chips)
7b4cfb0c: posts small blind $0.02
838ed8f8: posts big blind $0.05
*** HOLE CARDS ***
Dealt to 6aed7dcd 
Dealt to 7b4cfb0c 
Dealt to 838ed8f8 
Dealt to Hero [8h 9c]
Dealt to b39a68e6 
Hero: folds
b39a68e6: raises $0.05 to $0.1
6aed7dcd: folds
7b4cfb0c: folds
838ed8f8: calls $0.05
*** FLOP *** [2h 9d Kh]
838ed8f8: checks
b39a68e6: bets $0.11
838ed8f8: folds
Uncalled bet ($0.11) returned to b39a68e6
*** SHOWDOWN ***
b39a68e6 collected $0.21 from pot
*** SUMMARY ***
Total pot $0.22 | Rake $0.01 | Jackpot $0 | Bingo $0 | Fortune $0 | Tax $0
Board [2h 9d Kh]
Seat 1: 6aed7dcd (button) folded before Flop (didn't bet)
Seat 2: 7b4cfb0c (small blind) folded before Flop
Seat 3: 838ed8f8 (big blind) folded on the Flop
Seat 4: Hero folded before Flop (didn't bet)
Seat 5: b39a68e6 won ($0.21)


Poker Hand #HD1750276392: Hold'em No Limit ($0.02/$0.05) - 2024/04/28 17:17:37
Table 'NLHBlue16' 6-max Seat #5 is the button
Seat 1: 6aed7dcd ($6.44 in chips)
Seat 2: 7b4cfb0c ($6.11 in chips)
Seat 3: 838ed8f8 ($4.95 in chips)
Seat 4: Hero ($7.44 in chips)
Seat 5: b39a68e6 ($4.62 in chips)
6aed7dcd: posts small blind $0.02
7b4cfb0c: posts big blind $0.05
*** HOLE CARDS ***
Dealt to 6aed7dcd 
Dealt to 7b4cfb0c 
Dealt to 838ed8f8 
Dealt to Hero [8c Jc]
Dealt to b39a68e6 
838ed8f8: folds
Hero: raises $0.07 to $0.12
b39a68e6: folds
6aed7dcd: folds
7b4cfb0c: folds
Uncalled bet ($0.07) returned to Hero
*** SHOWDOWN ***
Hero collected $0.12 from pot
*** SUMMARY ***
Total pot $0.12 | Rake $0 | Jackpot $0 | Bingo $0 | Fortune $0 | Tax $0
Seat 1: 6aed7dcd (small blind) folded before Flop
Seat 2: 7b4cfb0c (big blind) folded before Flop
Seat 3: 838ed8f8 folded before Flop (didn't bet)
Seat 4: Hero collected ($0.12)
Seat 5: b39a68e6 (button) folded before Flop (didn't bet)


Poker Hand #HD1750276333: Hold'em No Limit ($0.02/$0.05) - 2024/04/28 17:17:08
Table 'NLHBlue16' 6-max Seat #4 is the button
Seat 1: 6aed7dcd ($6.33 in chips)
Seat 2: 7b4cfb0c ($6.11 in chips)
Seat 3: 838ed8f8 ($5.05 in chips)
Seat 4: Hero ($7.44 in chips)
Seat 5: b39a68e6 ($4.64 in chips)
b39a68e6: posts small blind $0.02
6aed7dcd: posts big blind $0.05
*** HOLE CARDS ***
Dealt to 6aed7dcd 
Dealt to 7b4cfb0c 
Dealt to 838ed8f8 
Dealt to Hero [Ts 2h]
Dealt to b39a68e6 
7b4cfb0c: folds
838ed8f8: raises $0.05 to $0.1
Hero: folds
b39a68e6: folds
6aed7dcd: raises $0.37 to $0.47
838ed8f8: folds
Uncalled bet ($0.37) returned to 6aed7dcd
*** SHOWDOWN ***
6aed7dcd collected $0.21 from pot
*** SUMMARY ***
Total pot $0.22 | Rake $0.01 | Jackpot $0 | Bingo $0 | Fortune $0 | Tax $0
Seat 1: 6aed7dcd (big blind) collected ($0.21)
Seat 2: 7b4cfb0c folded before Flop (didn't bet)
Seat 3: 838ed8f8 folded before Flop
Seat 4: Hero (button) folded before Flop (didn't bet)
Seat 5: b39a68e6 (small blind) folded before Flop


Poker Hand #HD1750276289: Hold'em No Limit ($0.02/$0.05) - 2024/04/28 17:16:48
Table 'NLHBlue16' 6-max Seat #3 is the button
Seat 1: 6aed7dcd ($6.33 in chips)
Seat 2: 7b4cfb0c ($6.11 in chips)
Seat 3: 838ed8f8 ($5.05 in chips)
Seat 4: Hero ($7.46 in chips)
Seat 5: b39a68e6 ($4.62 in chips)
Hero: posts small blind $0.02
b39a68e6: posts big blind $0.05
*** HOLE CARDS ***
Dealt to 6aed7dcd 
Dealt to 7b4cfb0c 
Dealt to 838ed8f8 
Dealt to Hero [4s Jc]
Dealt to b39a68e6 
6aed7dcd: folds
7b4cfb0c: folds
838ed8f8: folds
Hero: folds
Uncalled bet ($0.03) returned to b39a68e6
*** SHOWDOWN ***
b39a68e6 collected $0.04 from pot
*** SUMMARY ***
Total pot $0.04 | Rake $0 | Jackpot $0 | Bingo $0 | Fortune $0 | Tax $0
Seat 1: 6aed7dcd folded before Flop (didn't bet)
Seat 2: 7b4cfb0c folded before Flop (didn't bet)
Seat 3: 838ed8f8 (button) folded before Flop (didn't bet)
Seat 4: Hero (small blind) folded before Flop
Seat 5: b39a68e6 (big blind) collected ($0.04)


Poker Hand #HD1750276260: Hold'em No Limit ($0.02/$0.05) - 2024/04/28 17:16:36
Table 'NLHBlue16' 6-max Seat #2 is the button
Seat 1: 6aed7dcd ($6.33 in chips)
Seat 2: 7b4cfb0c ($6.04 in chips)
Seat 3: 838ed8f8 ($5.07 in chips)
Seat 4: Hero ($7.51 in chips)
Seat 5: b39a68e6 ($4.62 in chips)
838ed8f8: posts small blind $0.02
Hero: posts big blind $0.05
*** HOLE CARDS ***
Dealt to 6aed7dcd 
Dealt to 7b4cfb0c 
Dealt to 838ed8f8 
Dealt to Hero [6c Th]
Dealt to b39a68e6 
b39a68e6: folds
6aed7dcd: folds
7b4cfb0c: raises $0.11 to $0.16
838ed8f8: folds
Hero: folds
Uncalled bet ($0.11) returned to 7b4cfb0c
*** SHOWDOWN ***
7b4cfb0c collected $0.12 from pot
*** SUMMARY ***
Total pot $0.12 | Rake $0 | Jackpot $0 | Bingo $0 | Fortune $0 | Tax $0
Seat 1: 6aed7dcd folded before Flop (didn't bet)
Seat 2: 7b4cfb0c (button) collected ($0.12)
Seat 3: 838ed8f8 (small blind) folded before Flop
Seat 4: Hero (big blind) folded before Flop
Seat 5: b39a68e6 folded before Flop (didn't bet)


Poker Hand #HD1750276175: Hold'em No Limit ($0.02/$0.05) - 2024/04/28 17:15:51
Table 'NLHBlue16' 6-max Seat #1 is the button
Seat 1: 6aed7dcd ($6.33 in chips)
Seat 2: 7b4cfb0c ($6.14 in chips)
Seat 3: 838ed8f8 ($4.98 in chips)
Seat 4: Hero ($7.51 in chips)
Seat 5: b39a68e6 ($4.62 in chips)
7b4cfb0c: posts small blind $0.02
838ed8f8: posts big blind $0.05
*** HOLE CARDS ***
Dealt to 6aed7dcd 
Dealt to 7b4cfb0c 
Dealt to 838ed8f8 
Dealt to Hero [4h 3d]
Dealt to b39a68e6 
Hero: folds
b39a68e6: folds
6aed7dcd: folds
7b4cfb0c: calls $0.03
838ed8f8: checks
*** FLOP *** [3s 8s 7c]
7b4cfb0c: bets $0.05
838ed8f8: calls $0.05
*** TURN *** [3s 8s 7c] [Kh]
7b4cfb0c: checks
838ed8f8: checks
*** RIVER *** [3s 8s 7c Kh] [8d]
7b4cfb0c: checks
838ed8f8: bets $0.6
7b4cfb0c: folds
Uncalled bet ($0.6) returned to 838ed8f8
*** SHOWDOWN ***
838ed8f8 collected $0.19 from pot
*** SUMMARY ***
Total pot $0.2 | Rake $0.01 | Jackpot $0 | Bingo $0 | Fortune $0 | Tax $0
Board [3s 8s 7c Kh 8d]
Seat 1: 6aed7dcd (button) folded before Flop (didn't bet)
Seat 2: 7b4cfb0c (small blind) folded on the River
Seat 3: 838ed8f8 (big blind) won ($0.19)
Seat 4: Hero folded before Flop (didn't bet)
Seat 5: b39a68e6 folded before Flop (didn't bet)


Poker Hand #HD1750276029: Hold'em No Limit ($0.02/$0.05) - 2024/04/28 17:14:29
Table 'NLHBlue16' 6-max Seat #6 is the button
Seat 2: 7b4cfb0c ($6.47 in chips)
Seat 4: Hero ($7.11 in chips)
Seat 5: b39a68e6 ($4.72 in chips)
Seat 6: 4e175d97 ($5 in chips)
7b4cfb0c: posts small blind $0.02
Hero: posts big blind $0.05
*** HOLE CARDS ***
Dealt to 7b4cfb0c 
Dealt to Hero [Qs Jd]
Dealt to b39a68e6 
Dealt to 4e175d97 
b39a68e6: raises $0.05 to $0.1
4e175d97: folds
7b4cfb0c: calls $0.08
Hero: calls $0.05
*** FLOP *** [5s Qh 6h]
7b4cfb0c: checks
Hero: checks
b39a68e6: checks
*** TURN *** [5s Qh 6h] [9c]
7b4cfb0c: bets $0.23
Hero: calls $0.23
b39a68e6: folds
*** RIVER *** [5s Qh 6h 9c] [6d]
7b4cfb0c: checks
Hero: bets $0.46
7b4cfb0c: folds
Uncalled bet ($0.46) returned to Hero
*** SHOWDOWN ***
Hero collected $0.73 from pot
*** SUMMARY ***
Total pot $0.76 | Rake $0.03 | Jackpot $0 | Bingo $0 | Fortune $0 | Tax $0
Board [5s Qh 6h 9c 6d]
Seat 2: 7b4cfb0c (small blind) folded on the River
Seat 4: Hero (big blind) won ($0.73)
Seat 5: b39a68e6 folded on the Turn
Seat 6: 4e175d97 (button) folded before Flop (didn't bet)


Poker Hand #HD1750275983: Hold'em No Limit ($0.02/$0.05) - 2024/04/28 17:14:07
Table 'NLHBlue16' 6-max Seat #5 is the button
Seat 2: 7b4cfb0c ($6.52 in chips)
Seat 4: Hero ($7.11 in chips)
Seat 5: b39a68e6 ($4.65 in chips)
Seat 6: 4e175d97 ($5 in chips)
4e175d97: posts small blind $0.02
7b4cfb0c: posts big blind $0.05
*** HOLE CARDS ***
Dealt to 7b4cfb0c 
Dealt to Hero [Tc 4c]
Dealt to b39a68e6 
Dealt to 4e175d97 
Hero: folds
b39a68e6: raises $0.05 to $0.1
4e175d97: folds
7b4cfb0c: folds
Uncalled bet ($0.05) returned to b39a68e6
*** SHOWDOWN ***
b39a68e6 collected $0.12 from pot
*** SUMMARY ***
Total pot $0.12 | Rake $0 | Jackpot $0 | Bingo $0 | Fortune $0 | Tax $0
Seat 2: 7b4cfb0c (big blind) folded before Flop
Seat 4: Hero folded before Flop (didn't bet)
Seat 5: b39a68e6 (button) collected ($0.12)
Seat 6: 4e175d97 (small blind) folded before Flop


Poker Hand #HD1750275960: Hold'em No Limit ($0.02/$0.05) - 2024/04/28 17:13:55
Table 'NLHBlue16' 6-max Seat #4 is the button
Seat 2: 7b4cfb0c ($6.52 in chips)
Seat 4: Hero ($7.11 in chips)
Seat 5: b39a68e6 ($4.6 in chips)
Seat 6: 4e175d97 ($5.03 in chips)
b39a68e6: posts small blind $0.02
4e175d97: posts big blind $0.05
*** HOLE CARDS ***
Dealt to 7b4cfb0c 
Dealt to Hero [Qh 4d]
Dealt to b39a68e6 
Dealt to 4e175d97 
7b4cfb0c: folds
Hero: folds
b39a68e6: raises $0.1 to $0.15
4e175d97: folds
Uncalled bet ($0.1) returned to b39a68e6
*** SHOWDOWN ***
b39a68e6 collected $0.1 from pot
*** SUMMARY ***
Total pot $0.1 | Rake $0 | Jackpot $0 | Bingo $0 | Fortune $0 | Tax $0
Seat 2: 7b4cfb0c folded before Flop (didn't bet)
Seat 4: Hero (button) folded before Flop (didn't bet)
Seat 5: b39a68e6 (small blind) collected ($0.1)
Seat 6: 4e175d97 (big blind) folded before Flop


Poker Hand #HD1750275927: Hold'em No Limit ($0.02/$0.05) - 2024/04/28 17:13:31
Table 'NLHBlue16' 6-max Seat #2 is the button
Seat 2: 7b4cfb0c ($6.45 in chips)
Seat 4: Hero ($7.13 in chips)
Seat 5: b39a68e6 ($4.65 in chips)
Seat 6: 4e175d97 ($5.03 in chips)
Hero: posts small blind $0.02
b39a68e6: posts big blind $0.05
*** HOLE CARDS ***
Dealt to 7b4cfb0c 
Dealt to Hero [9d Qs]
Dealt to b39a68e6 
Dealt to 4e175d97 
4e175d97: folds
7b4cfb0c: raises $0.11 to $0.16
Hero: folds
b39a68e6: folds
Uncalled bet ($0.11) returned to 7b4cfb0c
*** SHOWDOWN ***
7b4cfb0c collected $0.12 from pot
*** SUMMARY ***
Total pot $0.12 | Rake $0 | Jackpot $0 | Bingo $0 | Fortune $0 | Tax $0
Seat 2: 7b4cfb0c (button) collected ($0.12)
Seat 4: Hero (small blind) folded before Flop
Seat 5: b39a68e6 (big blind) folded before Flop
Seat 6: 4e175d97 folded before Flop (didn't bet)


Poker Hand #HD1750275901: Hold'em No Limit ($0.02/$0.05) - 2024/04/28 17:13:19
Table 'NLHBlue16' 6-max Seat #6 is the button
Seat 2: 7b4cfb0c ($6.47 in chips)
Seat 4: Hero ($7.11 in chips)
Seat 5: b39a68e6 ($4.65 in chips)
Seat 6: 4e175d97 ($5.03 in chips)
7b4cfb0c: posts small blind $0.02
Hero: posts big blind $0.05
*** HOLE CARDS ***
Dealt to 7b4cfb0c 
Dealt to Hero [4d Ks]
Dealt to b39a68e6 
Dealt to 4e175d97 
b39a68e6: folds
4e175d97: folds
7b4cfb0c: folds
Uncalled bet ($0.03) returned to Hero
*** SHOWDOWN ***
Hero collected $0.04 from pot
*** SUMMARY ***
Total pot $0.04 | Rake $0 | Jackpot $0 | Bingo $0 | Fortune $0 | Tax $0
Seat 2: 7b4cfb0c (small blind) folded before Flop
Seat 4: Hero (big blind) collected ($0.04)
Seat 5: b39a68e6 folded before Flop (didn't bet)
Seat 6: 4e175d97 (button) folded before Flop (didn't bet)


Poker Hand #HD1750275829: Hold'em No Limit ($0.02/$0.05) - 2024/04/28 17:12:38
Table 'NLHBlue16' 6-max Seat #5 is the button
Seat 2: 7b4cfb0c ($6.52 in chips)
Seat 4: Hero ($6.72 in chips)
Seat 5: b39a68e6 ($5 in chips)
Seat 6: 4e175d97 ($5.05 in chips)
4e175d97: posts small blind $0.02
7b4cfb0c: posts big blind $0.05
*** HOLE CARDS ***
Dealt to 7b4cfb0c 
Dealt to Hero [Jd Jc]
Dealt to b39a68e6 
Dealt to 4e175d97 
Hero: raises $0.07 to $0.12
b39a68e6: raises $0.23 to $0.35
4e175d97: folds
7b4cfb0c: folds
Hero: raises $0.61 to $0.96
b39a68e6: folds
Uncalled bet ($0.61) returned to Hero
*** SHOWDOWN ***
Hero collected $0.74 from pot
*** SUMMARY ***
Total pot $0.77 | Rake $0.03 | Jackpot $0 | Bingo $0 | Fortune $0 | Tax $0
Seat 2: 7b4cfb0c (big blind) folded before Flop
Seat 4: Hero collected ($0.74)
Seat 5: b39a68e6 (button) folded before Flop
Seat 6: 4e175d97 (small blind) folded before Flop


Poker Hand #HD1750275808: Hold'em No Limit ($0.02/$0.05) - 2024/04/28 17:12:22
Table 'NLHBlue16' 6-max Seat #4 is the button
Seat 2: 7b4cfb0c ($6.45 in chips)
Seat 4: Hero ($6.72 in chips)
Seat 5: b39a68e6 ($5.02 in chips)
Seat 6: 4e175d97 ($5.1 in chips)
b39a68e6: posts small blind $0.02
4e175d97: posts big blind $0.05
*** HOLE CARDS ***
Dealt to 7b4cfb0c 
Dealt to Hero [3c 2d]
Dealt to b39a68e6 
Dealt to 4e175d97 
7b4cfb0c: raises $0.11 to $0.16
Hero: folds
b39a68e6: folds
4e175d97: folds
Uncalled bet ($0.11) returned to 7b4cfb0c
*** SHOWDOWN ***
7b4cfb0c collected $0.12 from pot
*** SUMMARY ***
Total pot $0.12 | Rake $0 | Jackpot $0 | Bingo $0 | Fortune $0 | Tax $0
Seat 2: 7b4cfb0c collected ($0.12)
Seat 4: Hero (button) folded before Flop (didn't bet)
Seat 5: b39a68e6 (small blind) folded before Flop
Seat 6: 4e175d97 (big blind) folded before Flop


Poker Hand #HD1750275777: Hold'em No Limit ($0.02/$0.05) - 2024/04/28 17:12:05
Table 'NLHBlue16' 6-max Seat #3 is the button
Seat 2: 7b4cfb0c ($6.45 in chips)
Seat 3: 259dda68 ($14.63 in chips)
Seat 4: Hero ($6.74 in chips)
Seat 5: b39a68e6 ($5 in chips)
Seat 6: 4e175d97 ($5.1 in chips)
Hero: posts small blind $0.02
b39a68e6: posts big blind $0.05
*** HOLE CARDS ***
Dealt to 7b4cfb0c 
Dealt to 259dda68 
Dealt to Hero [2s 9d]
Dealt to b39a68e6 
Dealt to 4e175d97 
4e175d97: folds
7b4cfb0c: folds
259dda68: folds
Hero: folds
Uncalled bet ($0.03) returned to b39a68e6
*** SHOWDOWN ***
b39a68e6 collected $0.04 from pot
*** SUMMARY ***
Total pot $0.04 | Rake $0 | Jackpot $0 | Bingo $0 | Fortune $0 | Tax $0
Seat 2: 7b4cfb0c folded before Flop (didn't bet)
Seat 3: 259dda68 (button) folded before Flop (didn't bet)
Seat 4: Hero (small blind) folded before Flop
Seat 5: b39a68e6 (big blind) collected ($0.04)
Seat 6: 4e175d97 folded before Flop (didn't bet)


Poker Hand #HD1750275762: Hold'em No Limit ($0.02/$0.05) - 2024/04/28 17:11:57
Table 'NLHBlue16' 6-max Seat #2 is the button
Seat 2: 7b4cfb0c ($6.45 in chips)
Seat 3: 259dda68 ($14.65 in chips)
Seat 4: Hero ($6.72 in chips)
Seat 6: 4e175d97 ($5.1 in chips)
259dda68: posts small blind $0.02
Hero: posts big blind $0.05
*** HOLE CARDS ***
Dealt to 7b4cfb0c 
Dealt to 259dda68 
Dealt to Hero [Jc 9c]
Dealt to 4e175d97 
4e175d97: folds
7b4cfb0c: folds
259dda68: folds
Uncalled bet ($0.03) returned to Hero
*** SHOWDOWN ***
Hero collected $0.04 from pot
*** SUMMARY ***
Total pot $0.04 | Rake $0 | Jackpot $0 | Bingo $0 | Fortune $0 | Tax $0
Seat 2: 7b4cfb0c (button) folded before Flop (didn't bet)
Seat 3: 259dda68 (small blind) folded before Flop
Seat 4: Hero (big blind) collected ($0.04)
Seat 6: 4e175d97 folded before Flop (didn't bet)


Poker Hand #HD1750275742: Hold'em No Limit ($0.02/$0.05) - 2024/04/28 17:11:43
Table 'NLHBlue16' 6-max Seat #6 is the button
Seat 2: 7b4cfb0c ($6.47 in chips)
Seat 3: 259dda68 ($14.7 in chips)
Seat 4: Hero ($6.72 in chips)
Seat 6: 4e175d97 ($5.03 in chips)
7b4cfb0c: posts small blind $0.02
259dda68: posts big blind $0.05
*** HOLE CARDS ***
Dealt to 7b4cfb0c 
Dealt to 259dda68 
Dealt to Hero [Kh Ts]
Dealt to 4e175d97 
Hero: folds
4e175d97: raises $0.08 to $0.13
7b4cfb0c: folds
259dda68: folds
Uncalled bet ($0.08) returned to 4e175d97
*** SHOWDOWN ***
4e175d97 collected $0.12 from pot
*** SUMMARY ***
Total pot $0.12 | Rake $0 | Jackpot $0 | Bingo $0 | Fortune $0 | Tax $0
Seat 2: 7b4cfb0c (small blind) folded before Flop
Seat 3: 259dda68 (big blind) folded before Flop
Seat 4: Hero folded before Flop (didn't bet)
Seat 6: 4e175d97 (button) collected ($0.12)


Poker Hand #HD1750275712: Hold'em No Limit ($0.02/$0.05) - 2024/04/28 17:11:24
Table 'NLHBlue16' 6-max Seat #5 is the button
Seat 2: 7b4cfb0c ($6.45 in chips)
Seat 3: 259dda68 ($14.7 in chips)
Seat 4: Hero ($6.72 in chips)
Seat 5: 64955952 ($4.47 in chips)
Seat 6: 4e175d97 ($5.05 in chips)
4e175d97: posts small blind $0.02
7b4cfb0c: posts big blind $0.05
*** HOLE CARDS ***
Dealt to 7b4cfb0c 
Dealt to 259dda68 
Dealt to Hero [Jh 9s]
Dealt to 64955952 
Dealt to 4e175d97 
259dda68: folds
Hero: folds
64955952: folds
4e175d97: folds
Uncalled bet ($0.03) returned to 7b4cfb0c
*** SHOWDOWN ***
7b4cfb0c collected $0.04 from pot
*** SUMMARY ***
Total pot $0.04 | Rake $0 | Jackpot $0 | Bingo $0 | Fortune $0 | Tax $0
Seat 2: 7b4cfb0c (big blind) collected ($0.04)
Seat 3: 259dda68 folded before Flop (didn't bet)
Seat 4: Hero folded before Flop (didn't bet)
Seat 5: 64955952 (button) folded before Flop (didn't bet)
Seat 6: 4e175d97 (small blind) folded before Flop


Poker Hand #HD1750275660: Hold'em No Limit ($0.02/$0.05) - 2024/04/28 17:10:57
Table 'NLHBlue16' 6-max Seat #4 is the button
Seat 2: 7b4cfb0c ($6.38 in chips)
Seat 3: 259dda68 ($14.7 in chips)
Seat 4: Hero ($6.72 in chips)
Seat 5: 64955952 ($4.49 in chips)
Seat 6: 4e175d97 ($5.1 in chips)
64955952: posts small blind $0.02
4e175d97: posts big blind $0.05
*** HOLE CARDS ***
Dealt to 7b4cfb0c 
Dealt to 259dda68 
Dealt to Hero [Ad Jh]
Dealt to 64955952 
Dealt to 4e175d97 
7b4cfb0c: raises $0.11 to $0.16
259dda68: folds
Hero: folds
64955952: folds
4e175d97: folds
Uncalled bet ($0.11) returned to 7b4cfb0c
*** SHOWDOWN ***
7b4cfb0c collected $0.12 from pot
*** SUMMARY ***
Total pot $0.12 | Rake $0 | Jackpot $0 | Bingo $0 | Fortune $0 | Tax $0
Seat 2: 7b4cfb0c collected ($0.12)
Seat 3: 259dda68 folded before Flop (didn't bet)
Seat 4: Hero (button) folded before Flop (didn't bet)
Seat 5: 64955952 (small blind) folded before Flop
Seat 6: 4e175d97 (big blind) folded before Flop


Poker Hand #HD1750165524: Hold'em No Limit ($0.02/$0.05) - 2024/04/28 17:09:40
Table 'NLHBlue16' 6-max Seat #3 is the button
Seat 1: d6a27282 ($5.25 in chips)
Seat 2: 7b4cfb0c ($6.38 in chips)
Seat 3: 259dda68 ($9.93 in chips)
Seat 4: Hero ($6.74 in chips)
Seat 5: 64955952 ($4.54 in chips)
Seat 6: 4e175d97 ($5.1 in chips)
Hero: posts small blind $0.02
64955952: posts big blind $0.05
*** HOLE CARDS ***
Dealt to d6a27282 
Dealt to 7b4cfb0c 
Dealt to 259dda68 
Dealt to Hero [5c Kd]
Dealt to 64955952 
Dealt to 4e175d97 
4e175d97: folds
d6a27282: raises $0.05 to $0.1
7b4cfb0c: folds
259dda68: raises $0.3 to $0.4
Hero: folds
64955952: folds
d6a27282: raises $0.85 to $1.25
259dda68: calls $0.85
*** FLOP *** [Th Qd Td]
d6a27282: bets $1.29
259dda68: calls $1.29
*** TURN *** [Th Qd Td] [2c]
d6a27282: bets $2.71 and is all-in
259dda68: calls $2.71
d6a27282: shows [Ad Ac] (Pair of Aces and Pair of Tens)
259dda68: shows [Ts Tc] (Four Tens)
*** RIVER *** [Th Qd Td 2c] [As]
*** SHOWDOWN ***
259dda68 collected $10.02 from pot
*** SUMMARY ***
Total pot $10.57 | Rake $0.5 | Jackpot $0.05 | Bingo $0 | Fortune $0 | Tax $0
Board [Th Qd Td 2c As]
Seat 1: d6a27282 showed [Ad Ac] and lost with Aces Full over Tens
Seat 2: 7b4cfb0c folded before Flop (didn't bet) with Pair of Tens and Pair of Twos
Seat 3: 259dda68 (button) showed [Ts Tc] and won ($10.02) with Four Tens
Seat 4: Hero (small blind) folded before Flop with Pair of Tens
Seat 5: 64955952 (big blind) folded before Flop with Pair of Tens
Seat 6: 4e175d97 folded before Flop (didn't bet) with Pair of Tens


Poker Hand #HD1750165496: Hold'em No Limit ($0.02/$0.05) - 2024/04/28 17:09:27
Table 'NLHBlue16' 6-max Seat #2 is the button
Seat 1: d6a27282 ($5.25 in chips)
Seat 2: 7b4cfb0c ($6.38 in chips)
Seat 3: 259dda68 ($9.95 in chips)
Seat 4: Hero ($6.72 in chips)
Seat 5: 64955952 ($4.54 in chips)
Seat 6: 4e175d97 ($5.1 in chips)
259dda68: posts small blind $0.02
Hero: posts big blind $0.05
*** HOLE CARDS ***
Dealt to d6a27282 
Dealt to 7b4cfb0c 
Dealt to 259dda68 
Dealt to Hero [5d Qc]
Dealt to 64955952 
Dealt to 4e175d97 
64955952: folds
4e175d97: folds
d6a27282: folds
7b4cfb0c: folds
259dda68: folds
Uncalled bet ($0.03) returned to Hero
*** SHOWDOWN ***
Hero collected $0.04 from pot
*** SUMMARY ***
Total pot $0.04 | Rake $0 | Jackpot $0 | Bingo $0 | Fortune $0 | Tax $0
Seat 1: d6a27282 folded before Flop (didn't bet)
Seat 2: 7b4cfb0c (button) folded before Flop (didn't bet)
Seat 3: 259dda68 (small blind) folded before Flop
Seat 4: Hero (big blind) collected ($0.04)
Seat 5: 64955952 folded before Flop (didn't bet)
Seat 6: 4e175d97 folded before Flop (didn't bet)


Poker Hand #HD1750165471: Hold'em No Limit ($0.02/$0.05) - 2024/04/28 17:09:15
Table 'NLHBlue16' 6-max Seat #1 is the button
Seat 1: d6a27282 ($5.25 in chips)
Seat 2: 7b4cfb0c ($6.4 in chips)
Seat 3: 259dda68 ($9.93 in chips)
Seat 4: Hero ($6.72 in chips)
Seat 5: 64955952 ($4.54 in chips)
Seat 6: 4e175d97 ($5.1 in chips)
7b4cfb0c: posts small blind $0.02
259dda68: posts big blind $0.05
*** HOLE CARDS ***
Dealt to d6a27282 
Dealt to 7b4cfb0c 
Dealt to 259dda68 
Dealt to Hero [9s 2s]
Dealt to 64955952 
Dealt to 4e175d97 
Hero: folds
64955952: folds
4e175d97: folds
d6a27282: folds
7b4cfb0c: folds
Uncalled bet ($0.03) returned to 259dda68
*** SHOWDOWN ***
259dda68 collected $0.04 from pot
*** SUMMARY ***
Total pot $0.04 | Rake $0 | Jackpot $0 | Bingo $0 | Fortune $0 | Tax $0
Seat 1: d6a27282 (button) folded before Flop (didn't bet)
Seat 2: 7b4cfb0c (small blind) folded before Flop
Seat 3: 259dda68 (big blind) collected ($0.04)
Seat 4: Hero folded before Flop (didn't bet)
Seat 5: 64955952 folded before Flop (didn't bet)
Seat 6: 4e175d97 folded before Flop (didn't bet)


Poker Hand #HD1750165421: Hold'em No Limit ($0.02/$0.05) - 2024/04/28 17:08:50
Table 'NLHBlue16' 6-max Seat #6 is the button
Seat 1: d6a27282 ($5.27 in chips)
Seat 2: 7b4cfb0c ($6.45 in chips)
Seat 3: 259dda68 ($9.93 in chips)
Seat 4: Hero ($6.72 in chips)
Seat 5: 64955952 ($4.47 in chips)
Seat 6: 4e175d97 ($5.1 in chips)
d6a27282: posts small blind $0.02
7b4cfb0c: posts big blind $0.05
*** HOLE CARDS ***
Dealt to d6a27282 
Dealt to 7b4cfb0c 
Dealt to 259dda68 
Dealt to Hero [Th Js]
Dealt to 64955952 
Dealt to 4e175d97 
259dda68: folds
Hero: folds
64955952: raises $0.1 to $0.15
4e175d97: folds
d6a27282: folds
7b4cfb0c: folds
Uncalled bet ($0.1) returned to 64955952
*** SHOWDOWN ***
64955952 collected $0.12 from pot
*** SUMMARY ***
Total pot $0.12 | Rake $0 | Jackpot $0 | Bingo $0 | Fortune $0 | Tax $0
Seat 1: d6a27282 (small blind) folded before Flop
Seat 2: 7b4cfb0c (big blind) folded before Flop
Seat 3: 259dda68 folded before Flop (didn't bet)
Seat 4: Hero folded before Flop (didn't bet)
Seat 5: 64955952 collected ($0.12)
Seat 6: 4e175d97 (button) folded before Flop (didn't bet)


Poker Hand #HD1750165334: Hold'em No Limit ($0.02/$0.05) - 2024/04/28 17:08:01
Table 'NLHBlue16' 6-max Seat #5 is the button
Seat 1: d6a27282 ($5.32 in chips)
Seat 2: 7b4cfb0c ($6.45 in chips)
Seat 3: 259dda68 ($9.93 in chips)
Seat 4: Hero ($6.27 in chips)
Seat 5: 64955952 ($4.89 in chips)
Seat 6: 4e175d97 ($5.12 in chips)
4e175d97: posts small blind $0.02
d6a27282: posts big blind $0.05
*** HOLE CARDS ***
Dealt to d6a27282 
Dealt to 7b4cfb0c 
Dealt to 259dda68 
Dealt to Hero [Ah Qh]
Dealt to 64955952 
Dealt to 4e175d97 
7b4cfb0c: folds
259dda68: folds
Hero: raises $0.07 to $0.12
64955952: raises $0.3 to $0.42
4e175d97: folds
d6a27282: folds
Hero: raises $0.71 to $1.13
64955952: folds
Uncalled bet ($0.71) returned to Hero
*** SHOWDOWN ***
Hero collected $0.87 from pot
*** SUMMARY ***
Total pot $0.91 | Rake $0.04 | Jackpot $0 | Bingo $0 | Fortune $0 | Tax $0
Seat 1: d6a27282 (big blind) folded before Flop
Seat 2: 7b4cfb0c folded before Flop (didn't bet)
Seat 3: 259dda68 folded before Flop (didn't bet)
Seat 4: Hero collected ($0.87)
Seat 5: 64955952 (button) folded before Flop
Seat 6: 4e175d97 (small blind) folded before Flop


Poker Hand #HD1750165282: Hold'em No Limit ($0.02/$0.05) - 2024/04/28 17:07:30
Table 'NLHBlue16' 6-max Seat #4 is the button
Seat 1: d6a27282 ($5.32 in chips)
Seat 2: 7b4cfb0c ($6.45 in chips)
Seat 3: 259dda68 ($9.86 in chips)
Seat 4: Hero ($6.27 in chips)
Seat 5: 64955952 ($4.91 in chips)
Seat 6: 4e175d97 ($5.17 in chips)
64955952: posts small blind $0.02
4e175d97: posts big blind $0.05
*** HOLE CARDS ***
Dealt to d6a27282 
Dealt to 7b4cfb0c 
Dealt to 259dda68 
Dealt to Hero [2d Ks]
Dealt to 64955952 
Dealt to 4e175d97 
d6a27282: folds
7b4cfb0c: folds
259dda68: raises $0.06 to $0.11
Hero: folds
64955952: folds
4e175d97: folds
Uncalled bet ($0.06) returned to 259dda68
*** SHOWDOWN ***
259dda68 collected $0.12 from pot
*** SUMMARY ***
Total pot $0.12 | Rake $0 | Jackpot $0 | Bingo $0 | Fortune $0 | Tax $0
Seat 1: d6a27282 folded before Flop (didn't bet)
Seat 2: 7b4cfb0c folded before Flop (didn't bet)
Seat 3: 259dda68 collected ($0.12)
Seat 4: Hero (button) folded before Flop (didn't bet)
Seat 5: 64955952 (small blind) folded before Flop
Seat 6: 4e175d97 (big blind) folded before Flop


Poker Hand #HD1750165233: Hold'em No Limit ($0.02/$0.05) - 2024/04/28 17:07:04
Table 'NLHBlue16' 6-max Seat #3 is the button
Seat 1: d6a27282 ($5.32 in chips)
Seat 2: 7b4cfb0c ($6.45 in chips)
Seat 3: 259dda68 ($9.79 in chips)
Seat 4: Hero ($6.29 in chips)
Seat 5: 64955952 ($4.96 in chips)
Seat 6: 4e175d97 ($5.17 in chips)
Hero: posts small blind $0.02
64955952: posts big blind $0.05
*** HOLE CARDS ***
Dealt to d6a27282 
Dealt to 7b4cfb0c 
Dealt to 259dda68 
Dealt to Hero [Tc 7s]
Dealt to 64955952 
Dealt to 4e175d97 
4e175d97: folds
d6a27282: folds
7b4cfb0c: folds
259dda68: raises $0.06 to $0.11
Hero: folds
64955952: folds
Uncalled bet ($0.06) returned to 259dda68
*** SHOWDOWN ***
259dda68 collected $0.12 from pot
*** SUMMARY ***
Total pot $0.12 | Rake $0 | Jackpot $0 | Bingo $0 | Fortune $0 | Tax $0
Seat 1: d6a27282 folded before Flop (didn't bet)
Seat 2: 7b4cfb0c folded before Flop (didn't bet)
Seat 3: 259dda68 (button) collected ($0.12)
Seat 4: Hero (small blind) folded before Flop
Seat 5: 64955952 (big blind) folded before Flop
Seat 6: 4e175d97 folded before Flop (didn't bet)


Poker Hand #HD1750165189: Hold'em No Limit ($0.02/$0.05) - 2024/04/28 17:06:42
Table 'NLHBlue16' 6-max Seat #2 is the button
Seat 1: d6a27282 ($5.32 in chips)
Seat 2: 7b4cfb0c ($6.38 in chips)
Seat 3: 259dda68 ($9.81 in chips)
Seat 4: Hero ($6.34 in chips)
Seat 5: 64955952 ($4.96 in chips)
Seat 6: 4e175d97 ($5.17 in chips)
259dda68: posts small blind $0.02
Hero: posts big blind $0.05
*** HOLE CARDS ***
Dealt to d6a27282 
Dealt to 7b4cfb0c 
Dealt to 259dda68 
Dealt to Hero [4d As]
Dealt to 64955952 
Dealt to 4e175d97 
64955952: folds
4e175d97: folds
d6a27282: folds
7b4cfb0c: raises $0.11 to $0.16
259dda68: folds
Hero: folds
Uncalled bet ($0.11) returned to 7b4cfb0c
*** SHOWDOWN ***
7b4cfb0c collected $0.12 from pot
*** SUMMARY ***
Total pot $0.12 | Rake $0 | Jackpot $0 | Bingo $0 | Fortune $0 | Tax $0
Seat 1: d6a27282 folded before Flop (didn't bet)
Seat 2: 7b4cfb0c (button) collected ($0.12)
Seat 3: 259dda68 (small blind) folded before Flop
Seat 4: Hero (big blind) folded before Flop
Seat 5: 64955952 folded before Flop (didn't bet)
Seat 6: 4e175d97 folded before Flop (didn't bet)


Poker Hand #HD1750165150: Hold'em No Limit ($0.02/$0.05) - 2024/04/28 17:06:24
Table 'NLHBlue16' 6-max Seat #1 is the button
Seat 1: d6a27282 ($5.32 in chips)
Seat 2: 7b4cfb0c ($6.4 in chips)
Seat 3: 259dda68 ($9.86 in chips)
Seat 4: Hero ($6.34 in chips)
Seat 5: 64955952 ($4.89 in chips)
Seat 6: 4e175d97 ($5.17 in chips)
7b4cfb0c: posts small blind $0.02
259dda68: posts big blind $0.05
*** HOLE CARDS ***
Dealt to d6a27282 
Dealt to 7b4cfb0c 
Dealt to 259dda68 
Dealt to Hero [4h 5c]
Dealt to 64955952 
Dealt to 4e175d97 
Hero: folds
64955952: raises $0.1 to $0.15
4e175d97: folds
d6a27282: folds
7b4cfb0c: folds
259dda68: folds
Uncalled bet ($0.1) returned to 64955952
*** SHOWDOWN ***
64955952 collected $0.12 from pot
*** SUMMARY ***
Total pot $0.12 | Rake $0 | Jackpot $0 | Bingo $0 | Fortune $0 | Tax $0
Seat 1: d6a27282 (button) folded before Flop (didn't bet)
Seat 2: 7b4cfb0c (small blind) folded before Flop
Seat 3: 259dda68 (big blind) folded before Flop
Seat 4: Hero folded before Flop (didn't bet)
Seat 5: 64955952 collected ($0.12)
Seat 6: 4e175d97 folded before Flop (didn't bet)


Poker Hand #HD1750165078: Hold'em No Limit ($0.02/$0.05) - 2024/04/28 17:05:44
Table 'NLHBlue16' 6-max Seat #6 is the button
Seat 1: d6a27282 ($5.34 in chips)
Seat 2: 7b4cfb0c ($6.51 in chips)
Seat 3: 259dda68 ($9.74 in chips)
Seat 4: Hero ($6.34 in chips)
Seat 5: 64955952 ($4.89 in chips)
Seat 6: 4e175d97 ($5.17 in chips)
d6a27282: posts small blind $0.02
7b4cfb0c: posts big blind $0.05
*** HOLE CARDS ***
Dealt to d6a27282 
Dealt to 7b4cfb0c 
Dealt to 259dda68 
Dealt to Hero [As 9s]
Dealt to 64955952 
Dealt to 4e175d97 
259dda68: raises $0.06 to $0.11
Hero: folds
64955952: folds
4e175d97: folds
d6a27282: folds
7b4cfb0c: calls $0.06
*** FLOP *** [3d 8h Tc]
7b4cfb0c: checks
259dda68: bets $0.08
7b4cfb0c: folds
Uncalled bet ($0.08) returned to 259dda68
*** SHOWDOWN ***
259dda68 collected $0.23 from pot
*** SUMMARY ***
Total pot $0.24 | Rake $0.01 | Jackpot $0 | Bingo $0 | Fortune $0 | Tax $0
Board [3d 8h Tc]
Seat 1: d6a27282 (small blind) folded before Flop
Seat 2: 7b4cfb0c (big blind) folded on the Flop
Seat 3: 259dda68 won ($0.23)
Seat 4: Hero folded before Flop (didn't bet)
Seat 5: 64955952 folded before Flop (didn't bet)
Seat 6: 4e175d97 (button) folded before Flop (didn't bet)


Poker Hand #HD1750165022: Hold'em No Limit ($0.02/$0.05) - 2024/04/28 17:05:09
Table 'NLHBlue16' 6-max Seat #5 is the button
Seat 1: d6a27282 ($5.39 in chips)
Seat 2: 7b4cfb0c ($6.51 in chips)
Seat 3: 259dda68 ($9.74 in chips)
Seat 4: Hero ($6.34 in chips)
Seat 5: 64955952 ($5.02 in chips)
Seat 6: 4e175d97 ($5 in chips)
4e175d97: posts small blind $0.02
d6a27282: posts big blind $0.05
*** HOLE CARDS ***
Dealt to d6a27282 
Dealt to 7b4cfb0c 
Dealt to 259dda68 
Dealt to Hero [6c 3h]
Dealt to 64955952 
Dealt to 4e175d97 
7b4cfb0c: folds
259dda68: folds
Hero: folds
64955952: raises $0.08 to $0.13
4e175d97: raises $0.42 to $0.55
d6a27282: folds
64955952: folds
Uncalled bet ($0.42) returned to 4e175d97
*** SHOWDOWN ***
4e175d97 collected $0.3 from pot
*** SUMMARY ***
Total pot $0.31 | Rake $0.01 | Jackpot $0 | Bingo $0 | Fortune $0 | Tax $0
Seat 1: d6a27282 (big blind) folded before Flop
Seat 2: 7b4cfb0c folded before Flop (didn't bet)
Seat 3: 259dda68 folded before Flop (didn't bet)
Seat 4: Hero folded before Flop (didn't bet)
Seat 5: 64955952 (button) folded before Flop
Seat 6: 4e175d97 (small blind) collected ($0.3)


Poker Hand #HD1750164994: Hold'em No Limit ($0.02/$0.05) - 2024/04/28 17:04:57
Table 'NLHBlue16' 6-max Seat #4 is the button
Seat 1: d6a27282 ($5.39 in chips)
Seat 2: 7b4cfb0c ($6.44 in chips)
Seat 3: 259dda68 ($9.74 in chips)
Seat 4: Hero ($6.34 in chips)
Seat 5: 64955952 ($5.04 in chips)
Seat 6: 4e175d97 ($5 in chips)
64955952: posts small blind $0.02
4e175d97: posts big blind $0.05
*** HOLE CARDS ***
Dealt to d6a27282 
Dealt to 7b4cfb0c 
Dealt to 259dda68 
Dealt to Hero [6s 7d]
Dealt to 64955952 
Dealt to 4e175d97 
d6a27282: folds
7b4cfb0c: raises $0.11 to $0.16
259dda68: folds
Hero: folds
64955952: folds
4e175d97: folds
Uncalled bet ($0.11) returned to 7b4cfb0c
*** SHOWDOWN ***
7b4cfb0c collected $0.12 from pot
*** SUMMARY ***
Total pot $0.12 | Rake $0 | Jackpot $0 | Bingo $0 | Fortune $0 | Tax $0
Seat 1: d6a27282 folded before Flop (didn't bet)
Seat 2: 7b4cfb0c collected ($0.12)
Seat 3: 259dda68 folded before Flop (didn't bet)
Seat 4: Hero (button) folded before Flop (didn't bet)
Seat 5: 64955952 (small blind) folded before Flop
Seat 6: 4e175d97 (big blind) folded before Flop


Poker Hand #HD1750164965: Hold'em No Limit ($0.02/$0.05) - 2024/04/28 17:04:43
Table 'NLHBlue16' 6-max Seat #3 is the button
Seat 1: d6a27282 ($5.32 in chips)
Seat 2: 7b4cfb0c ($6.44 in chips)
Seat 3: 259dda68 ($9.74 in chips)
Seat 4: Hero ($6.36 in chips)
Seat 5: 64955952 ($5.09 in chips)
Seat 6: 4e175d97 ($5 in chips)
Hero: posts small blind $0.02
64955952: posts big blind $0.05
*** HOLE CARDS ***
Dealt to d6a27282 
Dealt to 7b4cfb0c 
Dealt to 259dda68 
Dealt to Hero [5d Td]
Dealt to 64955952 
Dealt to 4e175d97 
4e175d97: folds
d6a27282: raises $0.05 to $0.1
7b4cfb0c: folds
259dda68: folds
Hero: folds
64955952: folds
Uncalled bet ($0.05) returned to d6a27282
*** SHOWDOWN ***
d6a27282 collected $0.12 from pot
*** SUMMARY ***
Total pot $0.12 | Rake $0 | Jackpot $0 | Bingo $0 | Fortune $0 | Tax $0
Seat 1: d6a27282 collected ($0.12)
Seat 2: 7b4cfb0c folded before Flop (didn't bet)
Seat 3: 259dda68 (button) folded before Flop (didn't bet)
Seat 4: Hero (small blind) folded before Flop
Seat 5: 64955952 (big blind) folded before Flop
Seat 6: 4e175d97 folded before Flop (didn't bet)


Poker Hand #HD1750164938: Hold'em No Limit ($0.02/$0.05) - 2024/04/28 17:04:27
Table 'NLHBlue16' 6-max Seat #2 is the button
Seat 1: d6a27282 ($5.32 in chips)
Seat 2: 7b4cfb0c ($6.44 in chips)
Seat 3: 259dda68 ($9.76 in chips)
Seat 4: Hero ($6.41 in chips)
Seat 5: 64955952 ($5.02 in chips)
Seat 6: 4e175d97 ($5 in chips)
259dda68: posts small blind $0.02
Hero: posts big blind $0.05
*** HOLE CARDS ***
Dealt to d6a27282 
Dealt to 7b4cfb0c 
Dealt to 259dda68 
Dealt to Hero [Ts 9d]
Dealt to 64955952 
Dealt to 4e175d97 
64955952: raises $0.1 to $0.15
4e175d97: folds
d6a27282: folds
7b4cfb0c: folds
259dda68: folds
Hero: folds
Uncalled bet ($0.1) returned to 64955952
*** SHOWDOWN ***
64955952 collected $0.12 from pot
*** SUMMARY ***
Total pot $0.12 | Rake $0 | Jackpot $0 | Bingo $0 | Fortune $0 | Tax $0
Seat 1: d6a27282 folded before Flop (didn't bet)
Seat 2: 7b4cfb0c (button) folded before Flop (didn't bet)
Seat 3: 259dda68 (small blind) folded before Flop
Seat 4: Hero (big blind) folded before Flop
Seat 5: 64955952 collected ($0.12)
Seat 6: 4e175d97 folded before Flop (didn't bet)


Poker Hand #HD1750164852: Hold'em No Limit ($0.02/$0.05) - 2024/04/28 17:03:36
Table 'NLHBlue16' 6-max Seat #1 is the button
Seat 1: d6a27282 ($5.32 in chips)
Seat 2: 7b4cfb0c ($6.7 in chips)
Seat 3: 259dda68 ($9.52 in chips)
Seat 4: Hero ($6.41 in chips)
Seat 5: 64955952 ($5.02 in chips)
Seat 6: 4e175d97 ($5 in chips)
7b4cfb0c: posts small blind $0.02
259dda68: posts big blind $0.05
*** HOLE CARDS ***
Dealt to d6a27282 
Dealt to 7b4cfb0c 
Dealt to 259dda68 
Dealt to Hero [2h 3d]
Dealt to 64955952 
Dealt to 4e175d97 
Hero: folds
64955952: folds
4e175d97: folds
d6a27282: folds
7b4cfb0c: raises $0.11 to $0.16
259dda68: calls $0.11
*** FLOP *** [9c 2c Td]
7b4cfb0c: checks
259dda68: bets $0.1
7b4cfb0c: calls $0.1
*** TURN *** [9c 2c Td] [Ts]
7b4cfb0c: checks
259dda68: bets $0.78
7b4cfb0c: folds
Uncalled bet ($0.78) returned to 259dda68
*** SHOWDOWN ***
259dda68 collected $0.5 from pot
*** SUMMARY ***
Total pot $0.52 | Rake $0.02 | Jackpot $0 | Bingo $0 | Fortune $0 | Tax $0
Board [9c 2c Td Ts]
Seat 1: d6a27282 (button) folded before Flop (didn't bet)
Seat 2: 7b4cfb0c (small blind) folded on the Turn
Seat 3: 259dda68 (big blind) won ($0.5)
Seat 4: Hero folded before Flop (didn't bet)
Seat 5: 64955952 folded before Flop (didn't bet)
Seat 6: 4e175d97 folded before Flop (didn't bet)


Poker Hand #HD1750164825: Hold'em No Limit ($0.02/$0.05) - 2024/04/28 17:03:19
Table 'NLHBlue16' 6-max Seat #6 is the button
Seat 1: d6a27282 ($5.34 in chips)
Seat 2: 7b4cfb0c ($6.75 in chips)
Seat 3: 259dda68 ($9.45 in chips)
Seat 4: Hero ($6.41 in chips)
Seat 5: 64955952 ($5.02 in chips)
Seat 6: 4e175d97 ($5 in chips)
d6a27282: posts small blind $0.02
7b4cfb0c: posts big blind $0.05
*** HOLE CARDS ***
Dealt to d6a27282 
Dealt to 7b4cfb0c 
Dealt to 259dda68 
Dealt to Hero [Kh Th]
Dealt to 64955952 
Dealt to 4e175d97 
259dda68: raises $0.06 to $0.11
Hero: folds
64955952: folds
4e175d97: folds
d6a27282: folds
7b4cfb0c: folds
Uncalled bet ($0.06) returned to 259dda68
*** SHOWDOWN ***
259dda68 collected $0.12 from pot
*** SUMMARY ***
Total pot $0.12 | Rake $0 | Jackpot $0 | Bingo $0 | Fortune $0 | Tax $0
Seat 1: d6a27282 (small blind) folded before Flop
Seat 2: 7b4cfb0c (big blind) folded before Flop
Seat 3: 259dda68 collected ($0.12)
Seat 4: Hero folded before Flop (didn't bet)
Seat 5: 64955952 folded before Flop (didn't bet)
Seat 6: 4e175d97 (button) folded before Flop (didn't bet)


Poker Hand #HD1750164654: Hold'em No Limit ($0.02/$0.05) - 2024/04/28 17:01:47
Table 'NLHBlue16' 6-max Seat #5 is the button
Seat 1: d6a27282 ($4.48 in chips)
Seat 2: 7b4cfb0c ($6.75 in chips)
Seat 3: 259dda68 ($9.45 in chips)
Seat 4: Hero ($6.41 in chips)
Seat 5: 64955952 ($5.02 in chips)
Seat 6: 4e175d97 ($5 in chips)
4e175d97: posts small blind $0.02
d6a27282: posts big blind $0.05
*** HOLE CARDS ***
Dealt to d6a27282 
Dealt to 7b4cfb0c 
Dealt to 259dda68 
Dealt to Hero [3h 2h]
Dealt to 64955952 
Dealt to 4e175d97 
7b4cfb0c: folds
259dda68: folds
Hero: folds
64955952: folds
4e175d97: raises $0.1 to $0.15
d6a27282: raises $0.1 to $0.25
4e175d97: calls $0.1
*** FLOP *** [3d Jd 9c]
4e175d97: checks
d6a27282: bets $0.25
4e175d97: calls $0.25
*** TURN *** [3d Jd 9c] [7s]
4e175d97: checks
d6a27282: bets $0.5
4e175d97: calls $0.5
*** RIVER *** [3d Jd 9c 7s] [Ah]
4e175d97: checks
d6a27282: checks
4e175d97: shows [Kd Tc] (Ace-High)
d6a27282: shows [Qd Js] (Pair of Jacks)
*** SHOWDOWN ***
d6a27282 collected $1.86 from pot
*** SUMMARY ***
Total pot $2 | Rake $0.09 | Jackpot $0.05 | Bingo $0 | Fortune $0 | Tax $0
Board [3d Jd 9c 7s Ah]
Seat 1: d6a27282 (big blind) showed [Qd Js] and won ($1.86) with Pair of Jacks
Seat 2: 7b4cfb0c folded before Flop (didn't bet)
Seat 3: 259dda68 folded before Flop (didn't bet)
Seat 4: Hero folded before Flop (didn't bet)
Seat 5: 64955952 (button) folded before Flop (didn't bet)
Seat 6: 4e175d97 (small blind) showed [Kd Tc] and lost with Ace-High


Poker Hand #HD1750164624: Hold'em No Limit ($0.02/$0.05) - 2024/04/28 17:01:30
Table 'NLHBlue16' 6-max Seat #4 is the button
Seat 1: d6a27282 ($4.48 in chips)
Seat 2: 7b4cfb0c ($6.68 in chips)
Seat 3: 259dda68 ($9.45 in chips)
Seat 4: Hero ($6.41 in chips)
Seat 5: 64955952 ($5.04 in chips)
Seat 6: 4e175d97 ($5 in chips)
64955952: posts small blind $0.02
4e175d97: posts big blind $0.05
*** HOLE CARDS ***
Dealt to d6a27282 
Dealt to 7b4cfb0c 
Dealt to 259dda68 
Dealt to Hero [Qs Td]
Dealt to 64955952 
Dealt to 4e175d97 
d6a27282: folds
7b4cfb0c: raises $0.11 to $0.16
259dda68: folds
Hero: folds
64955952: folds
4e175d97: folds
Uncalled bet ($0.11) returned to 7b4cfb0c
*** SHOWDOWN ***
7b4cfb0c collected $0.12 from pot
*** SUMMARY ***
Total pot $0.12 | Rake $0 | Jackpot $0 | Bingo $0 | Fortune $0 | Tax $0
Seat 1: d6a27282 folded before Flop (didn't bet)
Seat 2: 7b4cfb0c collected ($0.12)
Seat 3: 259dda68 folded before Flop (didn't bet)
Seat 4: Hero (button) folded before Flop (didn't bet)
Seat 5: 64955952 (small blind) folded before Flop
Seat 6: 4e175d97 (big blind) folded before Flop


Poker Hand #HD1750164572: Hold'em No Limit ($0.02/$0.05) - 2024/04/28 17:00:57
Table 'NLHBlue16' 6-max Seat #3 is the button
Seat 1: d6a27282 ($4.48 in chips)
Seat 2: 7b4cfb0c ($6.84 in chips)
Seat 3: 259dda68 ($9.45 in chips)
Seat 4: Hero ($6.43 in chips)
Seat 5: 64955952 ($4.87 in chips)
Seat 6: 4e175d97 ($5 in chips)
Hero: posts small blind $0.02
64955952: posts big blind $0.05
*** HOLE CARDS ***
Dealt to d6a27282 
Dealt to 7b4cfb0c 
Dealt to 259dda68 
Dealt to Hero [Jd 9c]
Dealt to 64955952 
Dealt to 4e175d97 
4e175d97: folds
d6a27282: folds
7b4cfb0c: raises $0.11 to $0.16
259dda68: folds
Hero: folds
64955952: raises $0.46 to $0.62
7b4cfb0c: folds
Uncalled bet ($0.46) returned to 64955952
*** SHOWDOWN ***
64955952 collected $0.33 from pot
*** SUMMARY ***
Total pot $0.34 | Rake $0.01 | Jackpot $0 | Bingo $0 | Fortune $0 | Tax $0
Seat 1: d6a27282 folded before Flop (didn't bet)
Seat 2: 7b4cfb0c folded before Flop
Seat 3: 259dda68 (button) folded before Flop (didn't bet)
Seat 4: Hero (small blind) folded before Flop
Seat 5: 64955952 (big blind) collected ($0.33)
Seat 6: 4e175d97 folded before Flop (didn't bet)


Poker Hand #HD1750164528: Hold'em No Limit ($0.02/$0.05) - 2024/04/28 17:00:38
Table 'NLHBlue16' 6-max Seat #2 is the button
Seat 1: d6a27282 ($4.48 in chips)
Seat 2: 7b4cfb0c ($6.77 in chips)
Seat 3: 259dda68 ($9.47 in chips)
Seat 4: Hero ($6.48 in chips)
Seat 5: 64955952 ($4.87 in chips)
Seat 6: 4e175d97 ($5 in chips)
259dda68: posts small blind $0.02
Hero: posts big blind $0.05
*** HOLE CARDS ***
Dealt to d6a27282 
Dealt to 7b4cfb0c 
Dealt to 259dda68 
Dealt to Hero [3s 4d]
Dealt to 64955952 
Dealt to 4e175d97 
64955952: folds
4e175d97: folds
d6a27282: folds
7b4cfb0c: raises $0.11 to $0.16
259dda68: folds
Hero: folds
Uncalled bet ($0.11) returned to 7b4cfb0c
*** SHOWDOWN ***
7b4cfb0c collected $0.12 from pot
*** SUMMARY ***
Total pot $0.12 | Rake $0 | Jackpot $0 | Bingo $0 | Fortune $0 | Tax $0
Seat 1: d6a27282 folded before Flop (didn't bet)
Seat 2: 7b4cfb0c (button) collected ($0.12)
Seat 3: 259dda68 (small blind) folded before Flop
Seat 4: Hero (big blind) folded before Flop
Seat 5: 64955952 folded before Flop (didn't bet)
Seat 6: 4e175d97 folded before Flop (didn't bet)


Poker Hand #HD1750164453: Hold'em No Limit ($0.02/$0.05) - 2024/04/28 16:59:55
Table 'NLHBlue16' 6-max Seat #1 is the button
Seat 1: d6a27282 ($4.48 in chips)
Seat 2: 7b4cfb0c ($6.6 in chips)
Seat 3: 259dda68 ($9.52 in chips)
Seat 4: Hero ($6.48 in chips)
Seat 5: 64955952 ($4.87 in chips)
Seat 6: 4e175d97 ($5 in chips)
7b4cfb0c: posts small blind $0.02
259dda68: posts big blind $0.05
*** HOLE CARDS ***
Dealt to d6a27282 
Dealt to 7b4cfb0c 
Dealt to 259dda68 
Dealt to Hero [Ts Kh]
Dealt to 64955952 
Dealt to 4e175d97 
Hero: folds
64955952: folds
4e175d97: raises $0.08 to $0.13
d6a27282: folds
7b4cfb0c: calls $0.11
259dda68: folds
*** FLOP *** [9d Ac Kc]
7b4cfb0c: checks
4e175d97: checks
*** TURN *** [9d Ac Kc] [6h]
7b4cfb0c: bets $0.24
4e175d97: folds
Uncalled bet ($0.24) returned to 7b4cfb0c
*** SHOWDOWN ***
7b4cfb0c collected $0.3 from pot
*** SUMMARY ***
Total pot $0.31 | Rake $0.01 | Jackpot $0 | Bingo $0 | Fortune $0 | Tax $0
Board [9d Ac Kc 6h]
Seat 1: d6a27282 (button) folded before Flop (didn't bet)
Seat 2: 7b4cfb0c (small blind) won ($0.3)
Seat 3: 259dda68 (big blind) folded before Flop
Seat 4: Hero folded before Flop (didn't bet)
Seat 5: 64955952 folded before Flop (didn't bet)
Seat 6: 4e175d97 folded on the Turn


Poker Hand #HD1750164275: Hold'em No Limit ($0.02/$0.05) - 2024/04/28 16:58:19
Table 'NLHBlue16' 6-max Seat #6 is the button
Seat 1: d6a27282 ($5.88 in chips)
Seat 2: 7b4cfb0c ($6.65 in chips)
Seat 3: 259dda68 ($9.52 in chips)
Seat 4: Hero ($5.12 in chips)
Seat 5: 64955952 ($4.87 in chips)
Seat 6: 4e175d97 ($5.07 in chips)
d6a27282: posts small blind $0.02
7b4cfb0c: posts big blind $0.05
*** HOLE CARDS ***
Dealt to d6a27282 
Dealt to 7b4cfb0c 
Dealt to 259dda68 
Dealt to Hero [As Kc]
Dealt to 64955952 
Dealt to 4e175d97 
259dda68: folds
Hero: raises $0.05 to $0.1
64955952: folds
4e175d97: calls $0.1
d6a27282: raises $0.35 to $0.45
7b4cfb0c: folds
Hero: raises $0.95 to $1.4
4e175d97: folds
d6a27282: calls $0.95
*** FLOP *** [7d Ad 4h]
d6a27282: checks
Hero: bets $0.59
d6a27282: folds
Uncalled bet ($0.59) returned to Hero
*** SHOWDOWN ***
Hero collected $2.76 from pot
*** SUMMARY ***
Total pot $2.95 | Rake $0.14 | Jackpot $0.05 | Bingo $0 | Fortune $0 | Tax $0
Board [7d Ad 4h]
Seat 1: d6a27282 (small blind) folded on the Flop
Seat 2: 7b4cfb0c (big blind) folded before Flop
Seat 3: 259dda68 folded before Flop (didn't bet)
Seat 4: Hero won ($2.76)
Seat 5: 64955952 folded before Flop (didn't bet)
Seat 6: 4e175d97 (button) folded before Flop


Poker Hand #HD1750164170: Hold'em No Limit ($0.02/$0.05) - 2024/04/28 16:57:20
Table 'NLHBlue16' 6-max Seat #5 is the button
Seat 1: d6a27282 ($5.74 in chips)
Seat 2: 7b4cfb0c ($6.65 in chips)
Seat 3: 259dda68 ($9.52 in chips)
Seat 4: Hero ($5.12 in chips)
Seat 5: 64955952 ($5 in chips)
Seat 6: 4e175d97 ($5.09 in chips)
4e175d97: posts small blind $0.02
d6a27282: posts big blind $0.05
*** HOLE CARDS ***
Dealt to d6a27282 
Dealt to 7b4cfb0c 
Dealt to 259dda68 
Dealt to Hero [Th 3d]
Dealt to 64955952 
Dealt to 4e175d97 
7b4cfb0c: folds
259dda68: folds
Hero: folds
64955952: raises $0.08 to $0.13
4e175d97: folds
d6a27282: calls $0.08
*** FLOP *** [8s 5h 6h]
d6a27282: checks
64955952: checks
*** TURN *** [8s 5h 6h] [Jd]
d6a27282: checks
64955952: checks
*** RIVER *** [8s 5h 6h Jd] [8c]
d6a27282: bets $0.1
64955952: folds
Uncalled bet ($0.1) returned to d6a27282
*** SHOWDOWN ***
d6a27282 collected $0.27 from pot
*** SUMMARY ***
Total pot $0.28 | Rake $0.01 | Jackpot $0 | Bingo $0 | Fortune $0 | Tax $0
Board [8s 5h 6h Jd 8c]
Seat 1: d6a27282 (big blind) won ($0.27)
Seat 2: 7b4cfb0c folded before Flop (didn't bet)
Seat 3: 259dda68 folded before Flop (didn't bet)
Seat 4: Hero folded before Flop (didn't bet)
Seat 5: 64955952 (button) folded on the River
Seat 6: 4e175d97 (small blind) folded before Flop


Poker Hand #HD1750164107: Hold'em No Limit ($0.02/$0.05) - 2024/04/28 16:56:46
Table 'NLHBlue16' 6-max Seat #4 is the button
Seat 1: d6a27282 ($5.74 in chips)
Seat 2: 7b4cfb0c ($6.65 in chips)
Seat 3: 259dda68 ($9.52 in chips)
Seat 4: Hero ($5.05 in chips)
Seat 5: 64955952 ($5.02 in chips)
Seat 6: 4e175d97 ($5.14 in chips)
64955952: posts small blind $0.02
4e175d97: posts big blind $0.05
*** HOLE CARDS ***
Dealt to d6a27282 
Dealt to 7b4cfb0c 
Dealt to 259dda68 
Dealt to Hero [Ts Tc]
Dealt to 64955952 
Dealt to 4e175d97 
d6a27282: folds
7b4cfb0c: folds
259dda68: folds
Hero: raises $0.07 to $0.12
64955952: folds
4e175d97: folds
Uncalled bet ($0.07) returned to Hero
*** SHOWDOWN ***
Hero collected $0.12 from pot
*** SUMMARY ***
Total pot $0.12 | Rake $0 | Jackpot $0 | Bingo $0 | Fortune $0 | Tax $0
Seat 1: d6a27282 folded before Flop (didn't bet)
Seat 2: 7b4cfb0c folded before Flop (didn't bet)
Seat 3: 259dda68 folded before Flop (didn't bet)
Seat 4: Hero (button) collected ($0.12)
Seat 5: 64955952 (small blind) folded before Flop
Seat 6: 4e175d97 (big blind) folded before Flop


Poker Hand #HD1750164071: Hold'em No Limit ($0.02/$0.05) - 2024/04/28 16:56:26
Table 'NLHBlue16' 6-max Seat #3 is the button
Seat 1: d6a27282 ($5.74 in chips)
Seat 2: 7b4cfb0c ($6.65 in chips)
Seat 3: 259dda68 ($9.52 in chips)
Seat 4: Hero ($5.07 in chips)
Seat 5: 64955952 ($5 in chips)
Seat 6: 4e175d97 ($5.14 in chips)
Hero: posts small blind $0.02
64955952: posts big blind $0.05
*** HOLE CARDS ***
Dealt to d6a27282 
Dealt to 7b4cfb0c 
Dealt to 259dda68 
Dealt to Hero [6s 8h]
Dealt to 64955952 
Dealt to 4e175d97 
4e175d97: folds
d6a27282: folds
7b4cfb0c: folds
259dda68: folds
Hero: folds
Uncalled bet ($0.03) returned to 64955952
*** SHOWDOWN ***
64955952 collected $0.04 from pot
*** SUMMARY ***
Total pot $0.04 | Rake $0 | Jackpot $0 | Bingo $0 | Fortune $0 | Tax $0
Seat 1: d6a27282 folded before Flop (didn't bet)
Seat 2: 7b4cfb0c folded before Flop (didn't bet)
Seat 3: 259dda68 (button) folded before Flop (didn't bet)
Seat 4: Hero (small blind) folded before Flop
Seat 5: 64955952 (big blind) collected ($0.04)
Seat 6: 4e175d97 folded before Flop (didn't bet)


Poker Hand #HD1750164052: Hold'em No Limit ($0.02/$0.05) - 2024/04/28 16:56:14
Table 'NLHBlue16' 6-max Seat #2 is the button
Seat 1: d6a27282 ($5.74 in chips)
Seat 2: 7b4cfb0c ($6.65 in chips)
Seat 3: 259dda68 ($9.54 in chips)
Seat 4: Hero ($5.05 in chips)
Seat 6: 4e175d97 ($5.14 in chips)
259dda68: posts small blind $0.02
Hero: posts big blind $0.05
*** HOLE CARDS ***
Dealt to d6a27282 
Dealt to 7b4cfb0c 
Dealt to 259dda68 
Dealt to Hero [6d 8h]
Dealt to 4e175d97 
4e175d97: folds
d6a27282: folds
7b4cfb0c: folds
259dda68: folds
Uncalled bet ($0.03) returned to Hero
*** SHOWDOWN ***
Hero collected $0.04 from pot
*** SUMMARY ***
Total pot $0.04 | Rake $0 | Jackpot $0 | Bingo $0 | Fortune $0 | Tax $0
Seat 1: d6a27282 folded before Flop (didn't bet)
Seat 2: 7b4cfb0c (button) folded before Flop (didn't bet)
Seat 3: 259dda68 (small blind) folded before Flop
Seat 4: Hero (big blind) collected ($0.04)
Seat 6: 4e175d97 folded before Flop (didn't bet)


Poker Hand #HD1750163959: Hold'em No Limit ($0.02/$0.05) - 2024/04/28 16:55:27
Table 'NLHBlue16' 6-max Seat #1 is the button
Seat 1: d6a27282 ($5.74 in chips)
Seat 2: 7b4cfb0c ($6.53 in chips)
Seat 3: 259dda68 ($9.67 in chips)
Seat 4: Hero ($5.05 in chips)
Seat 6: 4e175d97 ($5.14 in chips)
7b4cfb0c: posts small blind $0.02
259dda68: posts big blind $0.05
*** HOLE CARDS ***
Dealt to d6a27282 
Dealt to 7b4cfb0c 
Dealt to 259dda68 
Dealt to Hero [9s Qh]
Dealt to 4e175d97 
Hero: folds
4e175d97: folds
d6a27282: folds
7b4cfb0c: calls $0.03
259dda68: checks
*** FLOP *** [4s 6h 2c]
7b4cfb0c: checks
259dda68: checks
*** TURN *** [4s 6h 2c] [7h]
7b4cfb0c: bets $0.08
259dda68: calls $0.08
*** RIVER *** [4s 6h 2c 7h] [Kh]
7b4cfb0c: bets $0.2
259dda68: folds
Uncalled bet ($0.2) returned to 7b4cfb0c
*** SHOWDOWN ***
7b4cfb0c collected $0.25 from pot
*** SUMMARY ***
Total pot $0.26 | Rake $0.01 | Jackpot $0 | Bingo $0 | Fortune $0 | Tax $0
Board [4s 6h 2c 7h Kh]
Seat 1: d6a27282 (button) folded before Flop (didn't bet)
Seat 2: 7b4cfb0c (small blind) won ($0.25)
Seat 3: 259dda68 (big blind) folded on the River
Seat 4: Hero folded before Flop (didn't bet)
Seat 6: 4e175d97 folded before Flop (didn't bet)


Poker Hand #HD1750163930: Hold'em No Limit ($0.02/$0.05) - 2024/04/28 16:55:12
Table 'NLHBlue16' 6-max Seat #6 is the button
Seat 1: d6a27282 ($5.76 in chips)
Seat 2: 7b4cfb0c ($6.58 in chips)
Seat 3: 259dda68 ($9.6 in chips)
Seat 4: Hero ($5.05 in chips)
Seat 6: 4e175d97 ($5.14 in chips)
d6a27282: posts small blind $0.02
7b4cfb0c: posts big blind $0.05
*** HOLE CARDS ***
Dealt to d6a27282 
Dealt to 7b4cfb0c 
Dealt to 259dda68 
Dealt to Hero [8s 7s]
Dealt to 4e175d97 
259dda68: raises $0.06 to $0.11
Hero: folds
4e175d97: folds
d6a27282: folds
7b4cfb0c: folds
Uncalled bet ($0.06) returned to 259dda68
*** SHOWDOWN ***
259dda68 collected $0.12 from pot
*** SUMMARY ***
Total pot $0.12 | Rake $0 | Jackpot $0 | Bingo $0 | Fortune $0 | Tax $0
Seat 1: d6a27282 (small blind) folded before Flop
Seat 2: 7b4cfb0c (big blind) folded before Flop
Seat 3: 259dda68 collected ($0.12)
Seat 4: Hero folded before Flop (didn't bet)
Seat 6: 4e175d97 (button) folded before Flop (didn't bet)


Poker Hand #HD1750163876: Hold'em No Limit ($0.02/$0.05) - 2024/04/28 16:54:40
Table 'NLHBlue16' 6-max Seat #4 is the button
Seat 1: d6a27282 ($5.91 in chips)
Seat 2: 7b4cfb0c ($6.58 in chips)
Seat 3: 259dda68 ($9.6 in chips)
Seat 4: Hero ($5.05 in chips)
Seat 6: 4e175d97 ($5 in chips)
4e175d97: posts small blind $0.02
d6a27282: posts big blind $0.05
*** HOLE CARDS ***
Dealt to d6a27282 
Dealt to 7b4cfb0c 
Dealt to 259dda68 
Dealt to Hero [4d 6c]
Dealt to 4e175d97 
7b4cfb0c: folds
259dda68: folds
Hero: folds
4e175d97: raises $0.1 to $0.15
d6a27282: calls $0.1
*** FLOP *** [4c As 2h]
4e175d97: checks
d6a27282: checks
*** TURN *** [4c As 2h] [Ah]
4e175d97: bets $0.1
d6a27282: folds
Uncalled bet ($0.1) returned to 4e175d97
*** SHOWDOWN ***
4e175d97 collected $0.29 from pot
*** SUMMARY ***
Total pot $0.3 | Rake $0.01 | Jackpot $0 | Bingo $0 | Fortune $0 | Tax $0
Board [4c As 2h Ah]
Seat 1: d6a27282 (big blind) folded on the Turn
Seat 2: 7b4cfb0c folded before Flop (didn't bet)
Seat 3: 259dda68 folded before Flop (didn't bet)
Seat 4: Hero (button) folded before Flop (didn't bet)
Seat 6: 4e175d97 (small blind) won ($0.29)


Poker Hand #HD1750163855: Hold'em No Limit ($0.02/$0.05) - 2024/04/28 16:54:22
Table 'NLHBlue16' 6-max Seat #3 is the button
Seat 2: 7b4cfb0c ($6.58 in chips)
Seat 3: 259dda68 ($9.6 in chips)
Seat 4: Hero ($5 in chips)
Seat 6: 4e175d97 ($5 in chips)
Hero: posts small blind $0.02
4e175d97: posts big blind $0.05
*** HOLE CARDS ***
Dealt to 7b4cfb0c 
Dealt to 259dda68 
Dealt to Hero [4d Ad]
Dealt to 4e175d97 
7b4cfb0c: folds
259dda68: folds
Hero: raises $0.1 to $0.15
4e175d97: folds
Uncalled bet ($0.1) returned to Hero
*** SHOWDOWN ***
Hero collected $0.1 from pot
*** SUMMARY ***
Total pot $0.1 | Rake $0 | Jackpot $0 | Bingo $0 | Fortune $0 | Tax $0
Seat 2: 7b4cfb0c folded before Flop (didn't bet)
Seat 3: 259dda68 (button) folded before Flop (didn't bet)
Seat 4: Hero (small blind) collected ($0.1)
Seat 6: 4e175d97 (big blind) folded before Flop


Poker Hand #HD1750163730: Hold'em No Limit ($0.02/$0.05) - 2024/04/28 16:53:15
Table 'NLHBlue16' 6-max Seat #2 is the button
Seat 2: 7b4cfb0c ($4.64 in chips)
Seat 3: 259dda68 ($9.62 in chips)
Seat 4: Hero ($5 in chips)
Seat 5: 68270e9e ($4.25 in chips)
Seat 6: 4e175d97 ($5 in chips)
259dda68: posts small blind $0.02
Hero: posts big blind $0.05
*** HOLE CARDS ***
Dealt to 7b4cfb0c 
Dealt to 259dda68 
Dealt to Hero [Kc Th]
Dealt to 68270e9e 
Dealt to 4e175d97 
68270e9e: raises $0.1 to $0.15
4e175d97: folds
7b4cfb0c: calls $0.15
259dda68: folds
Hero: calls $0.1
*** FLOP *** [Qc Ks Tc]
Hero: checks
68270e9e: bets $0.24
7b4cfb0c: calls $0.24
Hero: raises $0.59 to $0.83
68270e9e: folds
7b4cfb0c: calls $0.59
*** TURN *** [Qc Ks Tc] [Ad]
Hero: checks
7b4cfb0c: bets $0.79
Hero: calls $0.79
*** RIVER *** [Qc Ks Tc Ad] [6c]
Hero: checks
7b4cfb0c: checks
Hero: shows [Kc Th] (Pair of Kings and Pair of Tens)
7b4cfb0c: shows [Qh Kd] (Pair of Kings and Pair of Queens)
*** SHOWDOWN ***
7b4cfb0c collected $3.71 from pot
*** SUMMARY ***
Total pot $3.95 | Rake $0.19 | Jackpot $0.05 | Bingo $0 | Fortune $0 | Tax $0
Board [Qc Ks Tc Ad 6c]
Seat 2: 7b4cfb0c (button) showed [Qh Kd] and won ($3.71) with Pair of Kings and Pair of Queens
Seat 3: 259dda68 (small blind) folded before Flop
Seat 4: Hero (big blind) showed [Kc Th] and lost with Pair of Kings and Pair of Tens
Seat 5: 68270e9e folded on the Flop
Seat 6: 4e175d97 folded before Flop (didn't bet)


Poker Hand #HD1750163701: Hold'em No Limit ($0.02/$0.05) - 2024/04/28 16:53:00
Table 'NLHBlue16' 6-max Seat #6 is the button
Seat 2: 7b4cfb0c ($4.66 in chips)
Seat 3: 259dda68 ($9.6 in chips)
Seat 4: Hero ($5 in chips)
Seat 5: 68270e9e ($4.25 in chips)
Seat 6: 4e175d97 ($5 in chips)
7b4cfb0c: posts small blind $0.02
259dda68: posts big blind $0.05
*** HOLE CARDS ***
Dealt to 7b4cfb0c 
Dealt to 259dda68 
Dealt to Hero [Ks 2h]
Dealt to 68270e9e 
Dealt to 4e175d97 
Hero: folds
68270e9e: folds
4e175d97: folds
7b4cfb0c: folds
Uncalled bet ($0.03) returned to 259dda68
*** SHOWDOWN ***
259dda68 collected $0.04 from pot
*** SUMMARY ***
Total pot $0.04 | Rake $0 | Jackpot $0 | Bingo $0 | Fortune $0 | Tax $0
Seat 2: 7b4cfb0c (small blind) folded before Flop
Seat 3: 259dda68 (big blind) collected ($0.04)
Seat 4: Hero folded before Flop (didn't bet)
Seat 5: 68270e9e folded before Flop (didn't bet)
Seat 6: 4e175d97 (button) folded before Flop (didn't bet)


Poker Hand #HD1750163649: Hold'em No Limit ($0.02/$0.05) - 2024/04/28 16:52:28
Table 'NLHBlue16' 6-max Seat #5 is the button
Seat 1: d6a27282 ($5.96 in chips)
Seat 2: 7b4cfb0c ($4.59 in chips)
Seat 3: 259dda68 ($9.6 in chips)
Seat 4: Hero ($5 in chips)
Seat 5: 68270e9e ($4.25 in chips)
Seat 6: 4e175d97 ($5 in chips)
4e175d97: posts small blind $0.02
d6a27282: posts big blind $0.05
*** HOLE CARDS ***
Dealt to d6a27282 
Dealt to 7b4cfb0c 
Dealt to 259dda68 
Dealt to Hero [7d 8h]
Dealt to 68270e9e 
Dealt to 4e175d97 
7b4cfb0c: raises $0.11 to $0.16
259dda68: folds
Hero: folds
68270e9e: folds
4e175d97: folds
d6a27282: folds
Uncalled bet ($0.11) returned to 7b4cfb0c
*** SHOWDOWN ***
7b4cfb0c collected $0.12 from pot
*** SUMMARY ***
Total pot $0.12 | Rake $0 | Jackpot $0 | Bingo $0 | Fortune $0 | Tax $0
Seat 1: d6a27282 (big blind) folded before Flop
Seat 2: 7b4cfb0c collected ($0.12)
Seat 3: 259dda68 folded before Flop (didn't bet)
Seat 4: Hero folded before Flop (didn't bet)
Seat 5: 68270e9e (button) folded before Flop (didn't bet)
Seat 6: 4e175d97 (small blind) folded before Flop


Poker Hand #HD1750163607: Hold'em No Limit ($0.02/$0.05) - 2024/04/28 16:52:07
Table 'NLHBlue16' 6-max Seat #4 is the button
Seat 1: d6a27282 ($5.96 in chips)
Seat 2: 7b4cfb0c ($4.59 in chips)
Seat 3: 259dda68 ($9.53 in chips)
Seat 4: Hero ($5 in chips)
Seat 5: 68270e9e ($4.27 in chips)
Seat 6: 4e175d97 ($5 in chips)
68270e9e: posts small blind $0.02
4e175d97: posts big blind $0.05
*** HOLE CARDS ***
Dealt to d6a27282 
Dealt to 7b4cfb0c 
Dealt to 259dda68 
Dealt to Hero [6d 9h]
Dealt to 68270e9e 
Dealt to 4e175d97 
d6a27282: folds
7b4cfb0c: folds
259dda68: raises $0.06 to $0.11
Hero: folds
68270e9e: folds
4e175d97: folds
Uncalled bet ($0.06) returned to 259dda68
*** SHOWDOWN ***
259dda68 collected $0.12 from pot
*** SUMMARY ***
Total pot $0.12 | Rake $0 | Jackpot $0 | Bingo $0 | Fortune $0 | Tax $0
Seat 1: d6a27282 folded before Flop (didn't bet)
Seat 2: 7b4cfb0c folded before Flop (didn't bet)
Seat 3: 259dda68 collected ($0.12)
Seat 4: Hero (button) folded before Flop (didn't bet)
Seat 5: 68270e9e (small blind) folded before Flop
Seat 6: 4e175d97 (big blind) folded before Flop


Poker Hand #HD1750163519: Hold'em No Limit ($0.02/$0.05) - 2024/04/28 16:51:14
Table 'NLHBlue16' 6-max Seat #3 is the button
Seat 1: d6a27282 ($4.9 in chips)
Seat 2: 7b4cfb0c ($4.59 in chips)
Seat 3: 259dda68 ($9.53 in chips)
Seat 4: Hero ($5 in chips)
Seat 5: 68270e9e ($4.32 in chips)
Seat 6: 4e175d97 ($5.07 in chips)
Hero: posts small blind $0.02
68270e9e: posts big blind $0.05
*** HOLE CARDS ***
Dealt to d6a27282 
Dealt to 7b4cfb0c 
Dealt to 259dda68 
Dealt to Hero [3c 6s]
Dealt to 68270e9e 
Dealt to 4e175d97 
4e175d97: raises $0.08 to $0.13
d6a27282: raises $0.37 to $0.5
7b4cfb0c: folds
259dda68: folds
Hero: folds
68270e9e: folds
4e175d97: raises $0.65 to $1.15
d6a27282: raises $3.75 to $4.9 and is all-in
4e175d97: folds
Uncalled bet ($3.75) returned to d6a27282
*** SHOWDOWN ***
d6a27282 collected $2.21 from pot
*** SUMMARY ***
Total pot $2.37 | Rake $0.11 | Jackpot $0.05 | Bingo $0 | Fortune $0 | Tax $0
Seat 1: d6a27282 collected ($2.21)
Seat 2: 7b4cfb0c folded before Flop (didn't bet)
Seat 3: 259dda68 (button) folded before Flop (didn't bet)
Seat 4: Hero (small blind) folded before Flop
Seat 5: 68270e9e (big blind) folded before Flop
Seat 6: 4e175d97 folded before Flop


Poker Hand #HD1750163471: Hold'em No Limit ($0.02/$0.05) - 2024/04/28 16:50:46
Table 'NLHBlue16' 6-max Seat #2 is the button
Seat 1: d6a27282 ($4.74 in chips)
Seat 2: 7b4cfb0c ($4.69 in chips)
Seat 3: 259dda68 ($9.55 in chips)
Seat 4: Hero ($5 in chips)
Seat 5: 68270e9e ($4.32 in chips)
Seat 6: 4e175d97 ($5.07 in chips)
259dda68: posts small blind $0.02
Hero: posts big blind $0.05
*** HOLE CARDS ***
Dealt to d6a27282 
Dealt to 7b4cfb0c 
Dealt to 259dda68 
Dealt to Hero [3d 5h]
Dealt to 68270e9e 
Dealt to 4e175d97 
68270e9e: folds
4e175d97: folds
d6a27282: raises $0.05 to $0.1
7b4cfb0c: calls $0.1
259dda68: folds
Hero: folds
*** FLOP *** [Td 2d Ks]
d6a27282: bets $0.21
7b4cfb0c: folds
Uncalled bet ($0.21) returned to d6a27282
*** SHOWDOWN ***
d6a27282 collected $0.26 from pot
*** SUMMARY ***
Total pot $0.27 | Rake $0.01 | Jackpot $0 | Bingo $0 | Fortune $0 | Tax $0
Board [Td 2d Ks]
Seat 1: d6a27282 won ($0.26)
Seat 2: 7b4cfb0c (button) folded on the Flop
Seat 3: 259dda68 (small blind) folded before Flop
Seat 4: Hero (big blind) folded before Flop
Seat 5: 68270e9e folded before Flop (didn't bet)
Seat 6: 4e175d97 folded before Flop (didn't bet)


Poker Hand #HD1750163453: Hold'em No Limit ($0.02/$0.05) - 2024/04/28 16:50:33
Table 'NLHBlue16' 6-max Seat #1 is the button
Seat 1: d6a27282 ($4.74 in chips)
Seat 2: 7b4cfb0c ($4.71 in chips)
Seat 3: 259dda68 ($9.6 in chips)
Seat 4: Hero ($5 in chips)
Seat 5: 68270e9e ($4.25 in chips)
Seat 6: 4e175d97 ($5.07 in chips)
7b4cfb0c: posts small blind $0.02
259dda68: posts big blind $0.05
*** HOLE CARDS ***
Dealt to d6a27282 
Dealt to 7b4cfb0c 
Dealt to 259dda68 
Dealt to Hero [2c 8s]
Dealt to 68270e9e 
Dealt to 4e175d97 
Hero: folds
68270e9e: raises $0.1 to $0.15
4e175d97: folds
d6a27282: folds
7b4cfb0c: folds
259dda68: folds
Uncalled bet ($0.1) returned to 68270e9e
*** SHOWDOWN ***
68270e9e collected $0.12 from pot
*** SUMMARY ***
Total pot $0.12 | Rake $0 | Jackpot $0 | Bingo $0 | Fortune $0 | Tax $0
Seat 1: d6a27282 (button) folded before Flop (didn't bet)
Seat 2: 7b4cfb0c (small blind) folded before Flop
Seat 3: 259dda68 (big blind) folded before Flop
Seat 4: Hero folded before Flop (didn't bet)
Seat 5: 68270e9e collected ($0.12)
Seat 6: 4e175d97 folded before Flop (didn't bet)


Poker Hand #HD1750163368: Hold'em No Limit ($0.02/$0.05) - 2024/04/28 16:49:42
Table 'NLHBlue16' 6-max Seat #6 is the button
Seat 1: d6a27282 ($4.76 in chips)
Seat 2: 7b4cfb0c ($4.9 in chips)
Seat 3: 259dda68 ($9.41 in chips)
Seat 4: Hero ($5 in chips)
Seat 5: 68270e9e ($4.25 in chips)
Seat 6: 4e175d97 ($5.07 in chips)
d6a27282: posts small blind $0.02
7b4cfb0c: posts big blind $0.05
*** HOLE CARDS ***
Dealt to d6a27282 
Dealt to 7b4cfb0c 
Dealt to 259dda68 
Dealt to Hero [Qc Jd]
Dealt to 68270e9e 
Dealt to 4e175d97 
259dda68: raises $0.06 to $0.11
Hero: folds
68270e9e: folds
4e175d97: folds
d6a27282: folds
7b4cfb0c: calls $0.06
*** FLOP *** [Js 5h 8d]
7b4cfb0c: checks
259dda68: bets $0.08
7b4cfb0c: calls $0.08
*** TURN *** [Js 5h 8d] [Ad]
7b4cfb0c: checks
259dda68: bets $0.6
7b4cfb0c: folds
Uncalled bet ($0.6) returned to 259dda68
*** SHOWDOWN ***
259dda68 collected $0.38 from pot
*** SUMMARY ***
Total pot $0.4 | Rake $0.02 | Jackpot $0 | Bingo $0 | Fortune $0 | Tax $0
Board [Js 5h 8d Ad]
Seat 1: d6a27282 (small blind) folded before Flop
Seat 2: 7b4cfb0c (big blind) folded on the Turn
Seat 3: 259dda68 won ($0.38)
Seat 4: Hero folded before Flop (didn't bet)
Seat 5: 68270e9e folded before Flop (didn't bet)
Seat 6: 4e175d97 (button) folded before Flop (didn't bet)


Poker Hand #HD1750163335: Hold'em No Limit ($0.02/$0.05) - 2024/04/28 16:49:27
Table 'NLHBlue16' 6-max Seat #5 is the button
Seat 1: d6a27282 ($4.81 in chips)
Seat 2: 7b4cfb0c ($4.9 in chips)
Seat 3: 259dda68 ($9.41 in chips)
Seat 4: Hero ($5 in chips)
Seat 5: 68270e9e ($4.18 in chips)
Seat 6: 4e175d97 ($5.09 in chips)
4e175d97: posts small blind $0.02
d6a27282: posts big blind $0.05
*** HOLE CARDS ***
Dealt to d6a27282 
Dealt to 7b4cfb0c 
Dealt to 259dda68 
Dealt to Hero [2h 4h]
Dealt to 68270e9e 
Dealt to 4e175d97 
7b4cfb0c: folds
259dda68: folds
Hero: folds
68270e9e: raises $0.1 to $0.15
4e175d97: folds
d6a27282: folds
Uncalled bet ($0.1) returned to 68270e9e
*** SHOWDOWN ***
68270e9e collected $0.12 from pot
*** SUMMARY ***
Total pot $0.12 | Rake $0 | Jackpot $0 | Bingo $0 | Fortune $0 | Tax $0
Seat 1: d6a27282 (big blind) folded before Flop
Seat 2: 7b4cfb0c folded before Flop (didn't bet)
Seat 3: 259dda68 folded before Flop (didn't bet)
Seat 4: Hero folded before Flop (didn't bet)
Seat 5: 68270e9e (button) collected ($0.12)
Seat 6: 4e175d97 (small blind) folded before Flop


Poker Hand #HD1750163311: Hold'em No Limit ($0.02/$0.05) - 2024/04/28 16:49:12
Table 'NLHBlue16' 6-max Seat #4 is the button
Seat 1: d6a27282 ($4.81 in chips)
Seat 2: 7b4cfb0c ($4.83 in chips)
Seat 3: 259dda68 ($9.41 in chips)
Seat 4: Hero ($5 in chips)
Seat 5: 68270e9e ($4.2 in chips)
Seat 6: 4e175d97 ($5.14 in chips)
68270e9e: posts small blind $0.02
4e175d97: posts big blind $0.05
*** HOLE CARDS ***
Dealt to d6a27282 
Dealt to 7b4cfb0c 
Dealt to 259dda68 
Dealt to Hero [7c 3s]
Dealt to 68270e9e 
Dealt to 4e175d97 
d6a27282: folds
7b4cfb0c: raises $0.11 to $0.16
259dda68: folds
Hero: folds
68270e9e: folds
4e175d97: folds
Uncalled bet ($0.11) returned to 7b4cfb0c
*** SHOWDOWN ***
7b4cfb0c collected $0.12 from pot
*** SUMMARY ***
Total pot $0.12 | Rake $0 | Jackpot $0 | Bingo $0 | Fortune $0 | Tax $0
Seat 1: d6a27282 folded before Flop (didn't bet)
Seat 2: 7b4cfb0c collected ($0.12)
Seat 3: 259dda68 folded before Flop (didn't bet)
Seat 4: Hero (button) folded before Flop (didn't bet)
Seat 5: 68270e9e (small blind) folded before Flop
Seat 6: 4e175d97 (big blind) folded before Flop


Poker Hand #HD1750163242: Hold'em No Limit ($0.02/$0.05) - 2024/04/28 16:48:34
Table 'NLHBlue16' 6-max Seat #3 is the button
Seat 1: d6a27282 ($4.81 in chips)
Seat 2: 7b4cfb0c ($4.83 in chips)
Seat 3: 259dda68 ($9.41 in chips)
Seat 4: Hero ($5 in chips)
Seat 5: 68270e9e ($4.33 in chips)
Seat 6: 4e175d97 ($5 in chips)
Hero: posts small blind $0.02
68270e9e: posts big blind $0.05
*** HOLE CARDS ***
Dealt to d6a27282 
Dealt to 7b4cfb0c 
Dealt to 259dda68 
Dealt to Hero [5d 4d]
Dealt to 68270e9e 
Dealt to 4e175d97 
4e175d97: raises $0.08 to $0.13
d6a27282: folds
7b4cfb0c: folds
259dda68: folds
Hero: folds
68270e9e: calls $0.08
*** FLOP *** [9c 6d Kd]
68270e9e: checks
4e175d97: checks
*** TURN *** [9c 6d Kd] [Qh]
68270e9e: checks
4e175d97: checks
*** RIVER *** [9c 6d Kd Qh] [2s]
68270e9e: checks
4e175d97: checks
68270e9e: shows [8d Ac] (Ace-High)
4e175d97: shows [6h Ah] (Pair of Sixes)
*** SHOWDOWN ***
4e175d97 collected $0.27 from pot
*** SUMMARY ***
Total pot $0.28 | Rake $0.01 | Jackpot $0 | Bingo $0 | Fortune $0 | Tax $0
Board [9c 6d Kd Qh 2s]
Seat 1: d6a27282 folded before Flop (didn't bet)
Seat 2: 7b4cfb0c folded before Flop (didn't bet)
Seat 3: 259dda68 (button) folded before Flop (didn't bet)
Seat 4: Hero (small blind) folded before Flop
Seat 5: 68270e9e (big blind) showed [8d Ac] and lost with Ace-High
Seat 6: 4e175d97 showed [6h Ah] and won ($0.27) with Pair of Sixes


Poker Hand #HD1750163176: Hold'em No Limit ($0.02/$0.05) - 2024/04/28 16:47:55
Table 'NLHBlue16' 6-max Seat #2 is the button
Seat 1: d6a27282 ($4.29 in chips)
Seat 2: 7b4cfb0c ($4.83 in chips)
Seat 3: 259dda68 ($9.43 in chips)
Seat 4: Hero ($5 in chips)
Seat 5: 68270e9e ($4.83 in chips)
Seat 6: 4e175d97 ($5 in chips)
259dda68: posts small blind $0.02
Hero: posts big blind $0.05
*** HOLE CARDS ***
Dealt to d6a27282 
Dealt to 7b4cfb0c 
Dealt to 259dda68 
Dealt to Hero [8c Qd]
Dealt to 68270e9e 
Dealt to 4e175d97 
68270e9e: raises $0.1 to $0.15
4e175d97: folds
d6a27282: raises $0.35 to $0.5
7b4cfb0c: folds
259dda68: folds
Hero: folds
68270e9e: calls $0.35
*** FLOP *** [4c Kd Qh]
68270e9e: checks
d6a27282: bets $0.36
68270e9e: folds
Uncalled bet ($0.36) returned to d6a27282
*** SHOWDOWN ***
d6a27282 collected $1.02 from pot
*** SUMMARY ***
Total pot $1.07 | Rake $0.05 | Jackpot $0 | Bingo $0 | Fortune $0 | Tax $0
Board [4c Kd Qh]
Seat 1: d6a27282 won ($1.02)
Seat 2: 7b4cfb0c (button) folded before Flop (didn't bet)
Seat 3: 259dda68 (small blind) folded before Flop
Seat 4: Hero (big blind) folded before Flop
Seat 5: 68270e9e folded on the Flop
Seat 6: 4e175d97 folded before Flop (didn't bet)


