Poker Hand #HD1770863691: Hold'em No Limit ($0.05/$0.1) - 2024/05/13 16:41:58
Table 'NLHRed11' 6-max Seat #6 is the button
Seat 1: Hero ($11.29 in chips)
Seat 2: 6cccf51c ($3.84 in chips)
Seat 3: 6a635b32 ($10.32 in chips)
Seat 4: 838a7b1b ($9.61 in chips)
Seat 5: dfa0184e ($10 in chips)
Seat 6: 1a832aa1 ($14.46 in chips)
Hero: posts small blind $0.05
6cccf51c: posts big blind $0.1
*** HOLE CARDS ***
Dealt to Hero [Ad 8d]
Dealt to 6cccf51c 
Dealt to 6a635b32 
Dealt to 838a7b1b 
Dealt to dfa0184e 
Dealt to 1a832aa1 
6a635b32: folds
838a7b1b: folds
dfa0184e: folds
1a832aa1: raises $0.15 to $0.25
Hero: raises $0.85 to $1.1
6cccf51c: folds
1a832aa1: calls $0.85
*** FLOP *** [Th Tc 4h]
Hero: checks
1a832aa1: bets $0.8
Hero: folds
Uncalled bet ($0.8) returned to 1a832aa1
*** SHOWDOWN ***
1a832aa1 collected $2.19 from pot
*** SUMMARY ***
Total pot $2.3 | Rake $0.11 | Jackpot $0 | Bingo $0 | Fortune $0 | Tax $0
Board [Th Tc 4h]
Seat 1: Hero (small blind) folded on the Flop
Seat 2: 6cccf51c (big blind) folded before Flop
Seat 3: 6a635b32 folded before Flop (didn't bet)
Seat 4: 838a7b1b folded before Flop (didn't bet)
Seat 5: dfa0184e folded before Flop (didn't bet)
Seat 6: 1a832aa1 (button) won ($2.19)


Poker Hand #HD1770863596: Hold'em No Limit ($0.05/$0.1) - 2024/05/13 16:41:16
Table 'NLHRed11' 6-max Seat #5 is the button
Seat 1: Hero ($11.39 in chips)
Seat 2: 6cccf51c ($3.84 in chips)
Seat 3: 6a635b32 ($10 in chips)
Seat 4: 838a7b1b ($9.61 in chips)
Seat 5: dfa0184e ($10 in chips)
Seat 6: 1a832aa1 ($14.71 in chips)
1a832aa1: posts small blind $0.05
Hero: posts big blind $0.1
*** HOLE CARDS ***
Dealt to Hero [5s 4c]
Dealt to 6cccf51c 
Dealt to 6a635b32 
Dealt to 838a7b1b 
Dealt to dfa0184e 
Dealt to 1a832aa1 
6cccf51c: folds
6a635b32: raises $0.15 to $0.25
838a7b1b: folds
dfa0184e: folds
1a832aa1: calls $0.2
Hero: folds
*** FLOP *** [6c 8h Jh]
1a832aa1: checks
6a635b32: bets $0.3
1a832aa1: folds
Uncalled bet ($0.3) returned to 6a635b32
*** SHOWDOWN ***
6a635b32 collected $0.57 from pot
*** SUMMARY ***
Total pot $0.6 | Rake $0.03 | Jackpot $0 | Bingo $0 | Fortune $0 | Tax $0
Board [6c 8h Jh]
Seat 1: Hero (big blind) folded before Flop
Seat 2: 6cccf51c folded before Flop (didn't bet)
Seat 3: 6a635b32 won ($0.57)
Seat 4: 838a7b1b folded before Flop (didn't bet)
Seat 5: dfa0184e (button) folded before Flop (didn't bet)
Seat 6: 1a832aa1 (small blind) folded on the Flop


Poker Hand #HD1770863567: Hold'em No Limit ($0.05/$0.1) - 2024/05/13 16:41:02
Table 'NLHRed11' 6-max Seat #4 is the button
Seat 1: Hero ($11.39 in chips)
Seat 2: 6cccf51c ($3.84 in chips)
Seat 3: 6a635b32 ($10 in chips)
Seat 4: 838a7b1b ($9.46 in chips)
Seat 5: dfa0184e ($10 in chips)
Seat 6: 1a832aa1 ($14.81 in chips)
dfa0184e: posts small blind $0.05
1a832aa1: posts big blind $0.1
*** HOLE CARDS ***
Dealt to Hero [6s 3c]
Dealt to 6cccf51c 
Dealt to 6a635b32 
Dealt to 838a7b1b 
Dealt to dfa0184e 
Dealt to 1a832aa1 
Hero: folds
6cccf51c: folds
6a635b32: folds
838a7b1b: raises $0.15 to $0.25
dfa0184e: folds
1a832aa1: folds
Uncalled bet ($0.15) returned to 838a7b1b
*** SHOWDOWN ***
838a7b1b collected $0.25 from pot
*** SUMMARY ***
Total pot $0.25 | Rake $0 | Jackpot $0 | Bingo $0 | Fortune $0 | Tax $0
Seat 1: Hero folded before Flop (didn't bet)
Seat 2: 6cccf51c folded before Flop (didn't bet)
Seat 3: 6a635b32 folded before Flop (didn't bet)
Seat 4: 838a7b1b (button) collected ($0.25)
Seat 5: dfa0184e (small blind) folded before Flop
Seat 6: 1a832aa1 (big blind) folded before Flop


Poker Hand #HD1770863407: Hold'em No Limit ($0.05/$0.1) - 2024/05/13 16:39:44
Table 'NLHRed11' 6-max Seat #3 is the button
Seat 1: Hero ($10 in chips)
Seat 2: 6cccf51c ($4.04 in chips)
Seat 3: 6a635b32 ($10 in chips)
Seat 4: 838a7b1b ($10.68 in chips)
Seat 5: dfa0184e ($10 in chips)
Seat 6: 1a832aa1 ($14.81 in chips)
838a7b1b: posts small blind $0.05
dfa0184e: posts big blind $0.1
*** HOLE CARDS ***
Dealt to Hero [Ks As]
Dealt to 6cccf51c 
Dealt to 6a635b32 
Dealt to 838a7b1b 
Dealt to dfa0184e 
Dealt to 1a832aa1 
1a832aa1: folds
Hero: raises $0.1 to $0.2
6cccf51c: calls $0.2
6a635b32: folds
838a7b1b: calls $0.15
dfa0184e: folds
*** FLOP *** [8d Ah 3d]
838a7b1b: checks
Hero: bets $0.24
6cccf51c: folds
838a7b1b: calls $0.24
*** TURN *** [8d Ah 3d] [4h]
838a7b1b: checks
Hero: bets $0.78
838a7b1b: calls $0.78
*** RIVER *** [8d Ah 3d 4h] [5s]
838a7b1b: checks
Hero: checks
838a7b1b: shows [Kd 9d] (Ace-High)
Hero: shows [Ks As] (Pair of Aces)
*** SHOWDOWN ***
Hero collected $2.61 from pot
*** SUMMARY ***
Total pot $2.74 | Rake $0.13 | Jackpot $0 | Bingo $0 | Fortune $0 | Tax $0
Board [8d Ah 3d 4h 5s]
Seat 1: Hero showed [Ks As] and won ($2.61) with Pair of Aces
Seat 2: 6cccf51c folded on the Flop
Seat 3: 6a635b32 (button) folded before Flop (didn't bet)
Seat 4: 838a7b1b (small blind) showed [Kd 9d] and lost with Ace-High
Seat 5: dfa0184e (big blind) folded before Flop
Seat 6: 1a832aa1 folded before Flop (didn't bet)


Poker Hand #HD1770863366: Hold'em No Limit ($0.05/$0.1) - 2024/05/13 16:39:23
Table 'NLHRed11' 6-max Seat #2 is the button
Seat 1: Hero ($10 in chips)
Seat 2: 6cccf51c ($4.04 in chips)
Seat 3: 6a635b32 ($10 in chips)
Seat 4: 838a7b1b ($10.63 in chips)
Seat 5: dfa0184e ($10 in chips)
Seat 6: 1a832aa1 ($14.81 in chips)
6a635b32: posts small blind $0.05
838a7b1b: posts big blind $0.1
*** HOLE CARDS ***
Dealt to Hero [9c Qh]
Dealt to 6cccf51c 
Dealt to 6a635b32 
Dealt to 838a7b1b 
Dealt to dfa0184e 
Dealt to 1a832aa1 
dfa0184e: folds
1a832aa1: folds
Hero: folds
6cccf51c: folds
6a635b32: folds
Uncalled bet ($0.05) returned to 838a7b1b
*** SHOWDOWN ***
838a7b1b collected $0.1 from pot
*** SUMMARY ***
Total pot $0.1 | Rake $0 | Jackpot $0 | Bingo $0 | Fortune $0 | Tax $0
Seat 1: Hero folded before Flop (didn't bet)
Seat 2: 6cccf51c (button) folded before Flop (didn't bet)
Seat 3: 6a635b32 (small blind) folded before Flop
Seat 4: 838a7b1b (big blind) collected ($0.1)
Seat 5: dfa0184e folded before Flop (didn't bet)
Seat 6: 1a832aa1 folded before Flop (didn't bet)


Poker Hand #HD1770863266: Hold'em No Limit ($0.05/$0.1) - 2024/05/13 16:38:38
Table 'NLHRed11' 6-max Seat #1 is the button
Seat 1: Hero ($10 in chips)
Seat 2: 6cccf51c ($3.86 in chips)
Seat 3: 6a635b32 ($10 in chips)
Seat 4: 838a7b1b ($10.63 in chips)
Seat 5: dfa0184e ($10 in chips)
Seat 6: 1a832aa1 ($14.81 in chips)
6cccf51c: posts small blind $0.05
6a635b32: posts big blind $0.1
*** HOLE CARDS ***
Dealt to Hero [3h 9c]
Dealt to 6cccf51c 
Dealt to 6a635b32 
Dealt to 838a7b1b 
Dealt to dfa0184e 
Dealt to 1a832aa1 
838a7b1b: folds
dfa0184e: folds
1a832aa1: folds
Hero: folds
6cccf51c: calls $0.05
6a635b32: checks
*** FLOP *** [Ah 6h 4c]
6cccf51c: bets $0.1
6a635b32: calls $0.1
*** TURN *** [Ah 6h 4c] [7h]
6cccf51c: checks
6a635b32: checks
*** RIVER *** [Ah 6h 4c 7h] [Qh]
6cccf51c: checks
6a635b32: checks
6cccf51c: shows [Kc 6c] (Pair of Sixes)
6a635b32: shows [4s 8s] (Pair of Fours)
*** SHOWDOWN ***
6cccf51c collected $0.38 from pot
*** SUMMARY ***
Total pot $0.4 | Rake $0.02 | Jackpot $0 | Bingo $0 | Fortune $0 | Tax $0
Board [Ah 6h 4c 7h Qh]
Seat 1: Hero (button) folded before Flop (didn't bet)
Seat 2: 6cccf51c (small blind) showed [Kc 6c] and won ($0.38) with Pair of Sixes
Seat 3: 6a635b32 (big blind) showed [4s 8s] and lost with Pair of Fours
Seat 4: 838a7b1b folded before Flop (didn't bet)
Seat 5: dfa0184e folded before Flop (didn't bet)
Seat 6: 1a832aa1 folded before Flop (didn't bet)


Poker Hand #HD1770863226: Hold'em No Limit ($0.05/$0.1) - 2024/05/13 16:38:22
Table 'NLHRed11' 6-max Seat #6 is the button
Seat 1: Hero ($10.05 in chips)
Seat 2: 6cccf51c ($3.81 in chips)
Seat 3: 6a635b32 ($10 in chips)
Seat 4: 838a7b1b ($10.63 in chips)
Seat 5: dfa0184e ($10 in chips)
Seat 6: 1a832aa1 ($14.81 in chips)
Hero: posts small blind $0.05
6cccf51c: posts big blind $0.1
*** HOLE CARDS ***
Dealt to Hero [Jd 3h]
Dealt to 6cccf51c 
Dealt to 6a635b32 
Dealt to 838a7b1b 
Dealt to dfa0184e 
Dealt to 1a832aa1 
6a635b32: folds
838a7b1b: folds
dfa0184e: folds
1a832aa1: folds
Hero: folds
Uncalled bet ($0.05) returned to 6cccf51c
*** SHOWDOWN ***
6cccf51c collected $0.1 from pot
*** SUMMARY ***
Total pot $0.1 | Rake $0 | Jackpot $0 | Bingo $0 | Fortune $0 | Tax $0
Seat 1: Hero (small blind) folded before Flop
Seat 2: 6cccf51c (big blind) collected ($0.1)
Seat 3: 6a635b32 folded before Flop (didn't bet)
Seat 4: 838a7b1b folded before Flop (didn't bet)
Seat 5: dfa0184e folded before Flop (didn't bet)
Seat 6: 1a832aa1 (button) folded before Flop (didn't bet)


Poker Hand #HD1770863185: Hold'em No Limit ($0.05/$0.1) - 2024/05/13 16:38:01
Table 'NLHRed11' 6-max Seat #5 is the button
Seat 1: Hero ($10 in chips)
Seat 2: 6cccf51c ($3.81 in chips)
Seat 3: 6a635b32 ($10 in chips)
Seat 4: 838a7b1b ($10.63 in chips)
Seat 5: dfa0184e ($10 in chips)
Seat 6: 1a832aa1 ($14.86 in chips)
1a832aa1: posts small blind $0.05
Hero: posts big blind $0.1
*** HOLE CARDS ***
Dealt to Hero [Ks 5d]
Dealt to 6cccf51c 
Dealt to 6a635b32 
Dealt to 838a7b1b 
Dealt to dfa0184e 
Dealt to 1a832aa1 
6cccf51c: folds
6a635b32: folds
838a7b1b: folds
dfa0184e: folds
1a832aa1: folds
Uncalled bet ($0.05) returned to Hero
*** SHOWDOWN ***
Hero collected $0.1 from pot
*** SUMMARY ***
Total pot $0.1 | Rake $0 | Jackpot $0 | Bingo $0 | Fortune $0 | Tax $0
Seat 1: Hero (big blind) collected ($0.1)
Seat 2: 6cccf51c folded before Flop (didn't bet)
Seat 3: 6a635b32 folded before Flop (didn't bet)
Seat 4: 838a7b1b folded before Flop (didn't bet)
Seat 5: dfa0184e (button) folded before Flop (didn't bet)
Seat 6: 1a832aa1 (small blind) folded before Flop


Poker Hand #HD1770863093: Hold'em No Limit ($0.05/$0.1) - 2024/05/13 16:37:09
Table 'NLHRed11' 6-max Seat #4 is the button
Seat 1: Hero ($10 in chips)
Seat 2: 6cccf51c ($3.81 in chips)
Seat 3: 6a635b32 ($10 in chips)
Seat 4: 838a7b1b ($11.78 in chips)
Seat 5: dfa0184e ($10.05 in chips)
Seat 6: 1a832aa1 ($13.77 in chips)
dfa0184e: posts small blind $0.05
1a832aa1: posts big blind $0.1
*** HOLE CARDS ***
Dealt to Hero [2h 9h]
Dealt to 6cccf51c 
Dealt to 6a635b32 
Dealt to 838a7b1b 
Dealt to dfa0184e 
Dealt to 1a832aa1 
Hero: folds
6cccf51c: folds
6a635b32: folds
838a7b1b: raises $0.15 to $0.25
dfa0184e: folds
1a832aa1: calls $0.15
*** FLOP *** [As 4s Js]
1a832aa1: checks
838a7b1b: bets $0.3
1a832aa1: calls $0.3
*** TURN *** [As 4s Js] [6d]
1a832aa1: checks
838a7b1b: bets $0.6
1a832aa1: calls $0.6
*** RIVER *** [As 4s Js 6d] [7s]
1a832aa1: bets $1.8
838a7b1b: folds
Uncalled bet ($1.8) returned to 1a832aa1
*** SHOWDOWN ***
1a832aa1 collected $2.24 from pot
*** SUMMARY ***
Total pot $2.35 | Rake $0.11 | Jackpot $0 | Bingo $0 | Fortune $0 | Tax $0
Board [As 4s Js 6d 7s]
Seat 1: Hero folded before Flop (didn't bet)
Seat 2: 6cccf51c folded before Flop (didn't bet)
Seat 3: 6a635b32 folded before Flop (didn't bet)
Seat 4: 838a7b1b (button) folded on the River
Seat 5: dfa0184e (small blind) folded before Flop
Seat 6: 1a832aa1 (big blind) won ($2.24)


Poker Hand #HD1770863070: Hold'em No Limit ($0.05/$0.1) - 2024/05/13 16:36:55
Table 'NLHRed11' 6-max Seat #3 is the button
Seat 1: Hero ($10 in chips)
Seat 2: 6cccf51c ($3.81 in chips)
Seat 3: 6a635b32 ($10 in chips)
Seat 4: 838a7b1b ($11.83 in chips)
Seat 5: dfa0184e ($10 in chips)
Seat 6: 1a832aa1 ($13.77 in chips)
838a7b1b: posts small blind $0.05
dfa0184e: posts big blind $0.1
*** HOLE CARDS ***
Dealt to Hero [Ac 9s]
Dealt to 6cccf51c 
Dealt to 6a635b32 
Dealt to 838a7b1b 
Dealt to dfa0184e 
Dealt to 1a832aa1 
1a832aa1: folds
Hero: folds
6cccf51c: folds
6a635b32: folds
838a7b1b: folds
Uncalled bet ($0.05) returned to dfa0184e
*** SHOWDOWN ***
dfa0184e collected $0.1 from pot
*** SUMMARY ***
Total pot $0.1 | Rake $0 | Jackpot $0 | Bingo $0 | Fortune $0 | Tax $0
Seat 1: Hero folded before Flop (didn't bet)
Seat 2: 6cccf51c folded before Flop (didn't bet)
Seat 3: 6a635b32 (button) folded before Flop (didn't bet)
Seat 4: 838a7b1b (small blind) folded before Flop
Seat 5: dfa0184e (big blind) collected ($0.1)
Seat 6: 1a832aa1 folded before Flop (didn't bet)


Poker Hand #HD1770863028: Hold'em No Limit ($0.05/$0.1) - 2024/05/13 16:36:37
Table 'NLHRed11' 6-max Seat #2 is the button
Seat 1: Hero ($10 in chips)
Seat 2: 6cccf51c ($3.66 in chips)
Seat 3: 6a635b32 ($10 in chips)
Seat 4: 838a7b1b ($11.93 in chips)
Seat 5: dfa0184e ($10 in chips)
Seat 6: 1a832aa1 ($13.77 in chips)
6a635b32: posts small blind $0.05
838a7b1b: posts big blind $0.1
*** HOLE CARDS ***
Dealt to Hero [3c 2c]
Dealt to 6cccf51c 
Dealt to 6a635b32 
Dealt to 838a7b1b 
Dealt to dfa0184e 
Dealt to 1a832aa1 
dfa0184e: folds
1a832aa1: folds
Hero: folds
6cccf51c: raises $0.1 to $0.2
6a635b32: folds
838a7b1b: folds
Uncalled bet ($0.1) returned to 6cccf51c
*** SHOWDOWN ***
6cccf51c collected $0.25 from pot
*** SUMMARY ***
Total pot $0.25 | Rake $0 | Jackpot $0 | Bingo $0 | Fortune $0 | Tax $0
Seat 1: Hero folded before Flop (didn't bet)
Seat 2: 6cccf51c (button) collected ($0.25)
Seat 3: 6a635b32 (small blind) folded before Flop
Seat 4: 838a7b1b (big blind) folded before Flop
Seat 5: dfa0184e folded before Flop (didn't bet)
Seat 6: 1a832aa1 folded before Flop (didn't bet)


Poker Hand #HD1770862911: Hold'em No Limit ($0.05/$0.1) - 2024/05/13 16:35:38
Table 'NLHRed11' 6-max Seat #1 is the button
Seat 1: Hero ($10.24 in chips)
Seat 2: 6cccf51c ($3.34 in chips)
Seat 3: 6a635b32 ($10 in chips)
Seat 4: 838a7b1b ($11.93 in chips)
Seat 5: dfa0184e ($10 in chips)
Seat 6: 1a832aa1 ($13.77 in chips)
6cccf51c: posts small blind $0.05
6a635b32: posts big blind $0.1
*** HOLE CARDS ***
Dealt to Hero [Jc 9s]
Dealt to 6cccf51c 
Dealt to 6a635b32 
Dealt to 838a7b1b 
Dealt to dfa0184e 
Dealt to 1a832aa1 
838a7b1b: folds
dfa0184e: folds
1a832aa1: folds
Hero: raises $0.14 to $0.24
6cccf51c: calls $0.19
6a635b32: folds
*** FLOP *** [4s 2d Qd]
6cccf51c: checks
Hero: checks
*** TURN *** [4s 2d Qd] [As]
6cccf51c: checks
Hero: checks
*** RIVER *** [4s 2d Qd As] [7d]
6cccf51c: checks
Hero: checks
6cccf51c: shows [6h 2h] (Pair of Twos)
Hero: shows [Jc 9s] (Ace-High)
*** SHOWDOWN ***
6cccf51c collected $0.56 from pot
*** SUMMARY ***
Total pot $0.58 | Rake $0.02 | Jackpot $0 | Bingo $0 | Fortune $0 | Tax $0
Board [4s 2d Qd As 7d]
Seat 1: Hero (button) showed [Jc 9s] and lost with Ace-High
Seat 2: 6cccf51c (small blind) showed [6h 2h] and won ($0.56) with Pair of Twos
Seat 3: 6a635b32 (big blind) folded before Flop
Seat 4: 838a7b1b folded before Flop (didn't bet)
Seat 5: dfa0184e folded before Flop (didn't bet)
Seat 6: 1a832aa1 folded before Flop (didn't bet)


Poker Hand #HD1770862811: Hold'em No Limit ($0.05/$0.1) - 2024/05/13 16:34:52
Table 'NLHRed11' 6-max Seat #6 is the button
Seat 1: Hero ($10.84 in chips)
Seat 2: 6cccf51c ($2.8 in chips)
Seat 3: 6a635b32 ($10 in chips)
Seat 4: 838a7b1b ($11.93 in chips)
Seat 5: dfa0184e ($10 in chips)
Seat 6: 1a832aa1 ($13.77 in chips)
Hero: posts small blind $0.05
6cccf51c: posts big blind $0.1
*** HOLE CARDS ***
Dealt to Hero [9d Qh]
Dealt to 6cccf51c 
Dealt to 6a635b32 
Dealt to 838a7b1b 
Dealt to dfa0184e 
Dealt to 1a832aa1 
6a635b32: folds
838a7b1b: folds
dfa0184e: folds
1a832aa1: folds
Hero: raises $0.2 to $0.3
6cccf51c: calls $0.2
*** FLOP *** [Ah 5s Ad]
Hero: checks
6cccf51c: checks
*** TURN *** [Ah 5s Ad] [2s]
Hero: checks
6cccf51c: checks
*** RIVER *** [Ah 5s Ad 2s] [Ks]
Hero: checks
6cccf51c: bets $0.3
Hero: calls $0.3
6cccf51c: shows [Kc Kh] (Kings Full over Aces)
Hero: shows [9d Qh] (Pair of Aces)
*** SHOWDOWN ***
6cccf51c collected $1.14 from pot
*** SUMMARY ***
Total pot $1.2 | Rake $0.06 | Jackpot $0 | Bingo $0 | Fortune $0 | Tax $0
Board [Ah 5s Ad 2s Ks]
Seat 1: Hero (small blind) showed [9d Qh] and lost with Pair of Aces
Seat 2: 6cccf51c (big blind) showed [Kc Kh] and won ($1.14) with Kings Full over Aces
Seat 3: 6a635b32 folded before Flop (didn't bet)
Seat 4: 838a7b1b folded before Flop (didn't bet)
Seat 5: dfa0184e folded before Flop (didn't bet)
Seat 6: 1a832aa1 (button) folded before Flop (didn't bet)


Poker Hand #HD1770862772: Hold'em No Limit ($0.05/$0.1) - 2024/05/13 16:34:30
Table 'NLHRed11' 6-max Seat #5 is the button
Seat 1: Hero ($10.94 in chips)
Seat 2: 6cccf51c ($2.65 in chips)
Seat 3: 6a635b32 ($10 in chips)
Seat 4: 838a7b1b ($11.93 in chips)
Seat 5: dfa0184e ($10 in chips)
Seat 6: 1a832aa1 ($13.82 in chips)
1a832aa1: posts small blind $0.05
Hero: posts big blind $0.1
*** HOLE CARDS ***
Dealt to Hero [2s Qs]
Dealt to 6cccf51c 
Dealt to 6a635b32 
Dealt to 838a7b1b 
Dealt to dfa0184e 
Dealt to 1a832aa1 
6cccf51c: raises $0.2 to $0.3
6a635b32: folds
838a7b1b: folds
dfa0184e: folds
1a832aa1: folds
Hero: folds
Uncalled bet ($0.2) returned to 6cccf51c
*** SHOWDOWN ***
6cccf51c collected $0.25 from pot
*** SUMMARY ***
Total pot $0.25 | Rake $0 | Jackpot $0 | Bingo $0 | Fortune $0 | Tax $0
Seat 1: Hero (big blind) folded before Flop
Seat 2: 6cccf51c collected ($0.25)
Seat 3: 6a635b32 folded before Flop (didn't bet)
Seat 4: 838a7b1b folded before Flop (didn't bet)
Seat 5: dfa0184e (button) folded before Flop (didn't bet)
Seat 6: 1a832aa1 (small blind) folded before Flop


Poker Hand #HD1770862664: Hold'em No Limit ($0.05/$0.1) - 2024/05/13 16:33:44
Table 'NLHRed11' 6-max Seat #4 is the button
Seat 1: Hero ($10.94 in chips)
Seat 2: 6cccf51c ($3 in chips)
Seat 3: 6a635b32 ($10 in chips)
Seat 4: 838a7b1b ($11.47 in chips)
Seat 5: dfa0184e ($10 in chips)
Seat 6: 1a832aa1 ($13.92 in chips)
dfa0184e: posts small blind $0.05
1a832aa1: posts big blind $0.1
*** HOLE CARDS ***
Dealt to Hero [9s Ac]
Dealt to 6cccf51c 
Dealt to 6a635b32 
Dealt to 838a7b1b 
Dealt to dfa0184e 
Dealt to 1a832aa1 
Hero: folds
6cccf51c: calls $0.1
6a635b32: folds
838a7b1b: raises $0.25 to $0.35
dfa0184e: folds
1a832aa1: folds
6cccf51c: calls $0.25
*** FLOP *** [6h 5c 7h]
6cccf51c: checks
838a7b1b: checks
*** TURN *** [6h 5c 7h] [Kc]
6cccf51c: checks
838a7b1b: bets $0.45
6cccf51c: folds
Uncalled bet ($0.45) returned to 838a7b1b
*** SHOWDOWN ***
838a7b1b collected $0.81 from pot
*** SUMMARY ***
Total pot $0.85 | Rake $0.04 | Jackpot $0 | Bingo $0 | Fortune $0 | Tax $0
Board [6h 5c 7h Kc]
Seat 1: Hero folded before Flop (didn't bet)
Seat 2: 6cccf51c folded on the Turn
Seat 3: 6a635b32 folded before Flop (didn't bet)
Seat 4: 838a7b1b (button) won ($0.81)
Seat 5: dfa0184e (small blind) folded before Flop
Seat 6: 1a832aa1 (big blind) folded before Flop


Poker Hand #HD1770862526: Hold'em No Limit ($0.05/$0.1) - 2024/05/13 16:32:36
Table 'NLHRed11' 6-max Seat #3 is the button
Seat 1: Hero ($10.94 in chips)
Seat 2: 6cccf51c ($3.25 in chips)
Seat 3: 6a635b32 ($10 in chips)
Seat 4: 838a7b1b ($11.72 in chips)
Seat 5: dfa0184e ($13.04 in chips)
Seat 6: 1a832aa1 ($10.28 in chips)
838a7b1b: posts small blind $0.05
dfa0184e: posts big blind $0.1
*** HOLE CARDS ***
Dealt to Hero [4d 6c]
Dealt to 6cccf51c 
Dealt to 6a635b32 
Dealt to 838a7b1b 
Dealt to dfa0184e 
Dealt to 1a832aa1 
1a832aa1: raises $0.15 to $0.25
Hero: folds
6cccf51c: calls $0.25
6a635b32: calls $0.25
838a7b1b: calls $0.2
dfa0184e: calls $0.15
*** FLOP *** [Jc 2s 3c]
838a7b1b: checks
dfa0184e: checks
1a832aa1: bets $1.6
6cccf51c: folds
6a635b32: folds
838a7b1b: folds
dfa0184e: calls $1.6
*** TURN *** [Jc 2s 3c] [As]
dfa0184e: checks
1a832aa1: bets $1.5
dfa0184e: calls $1.5
*** RIVER *** [Jc 2s 3c As] [Th]
dfa0184e: checks
1a832aa1: checks
dfa0184e: shows [7c 4c] (Ace-High)
1a832aa1: shows [Qs Qh] (Pair of Queens)
*** SHOWDOWN ***
1a832aa1 collected $6.99 from pot
*** SUMMARY ***
Total pot $7.45 | Rake $0.36 | Jackpot $0.1 | Bingo $0 | Fortune $0 | Tax $0
Board [Jc 2s 3c As Th]
Seat 1: Hero folded before Flop (didn't bet)
Seat 2: 6cccf51c folded on the Flop
Seat 3: 6a635b32 (button) folded on the Flop
Seat 4: 838a7b1b (small blind) folded on the Flop
Seat 5: dfa0184e (big blind) showed [7c 4c] and lost with Ace-High
Seat 6: 1a832aa1 showed [Qs Qh] and won ($6.99) with Pair of Queens


Poker Hand #HD1770862476: Hold'em No Limit ($0.05/$0.1) - 2024/05/13 16:32:13
Table 'NLHRed11' 6-max Seat #2 is the button
Seat 1: Hero ($10.94 in chips)
Seat 2: 6cccf51c ($3.1 in chips)
Seat 3: 6a635b32 ($10 in chips)
Seat 4: 838a7b1b ($11.82 in chips)
Seat 5: dfa0184e ($13.04 in chips)
Seat 6: 1a832aa1 ($10.28 in chips)
6a635b32: posts small blind $0.05
838a7b1b: posts big blind $0.1
*** HOLE CARDS ***
Dealt to Hero [4d 7c]
Dealt to 6cccf51c 
Dealt to 6a635b32 
Dealt to 838a7b1b 
Dealt to dfa0184e 
Dealt to 1a832aa1 
dfa0184e: folds
1a832aa1: folds
Hero: folds
6cccf51c: raises $0.2 to $0.3
6a635b32: folds
838a7b1b: folds
Uncalled bet ($0.2) returned to 6cccf51c
*** SHOWDOWN ***
6cccf51c collected $0.25 from pot
*** SUMMARY ***
Total pot $0.25 | Rake $0 | Jackpot $0 | Bingo $0 | Fortune $0 | Tax $0
Seat 1: Hero folded before Flop (didn't bet)
Seat 2: 6cccf51c (button) collected ($0.25)
Seat 3: 6a635b32 (small blind) folded before Flop
Seat 4: 838a7b1b (big blind) folded before Flop
Seat 5: dfa0184e folded before Flop (didn't bet)
Seat 6: 1a832aa1 folded before Flop (didn't bet)


Poker Hand #HD1770862390: Hold'em No Limit ($0.05/$0.1) - 2024/05/13 16:31:22
Table 'NLHRed11' 6-max Seat #1 is the button
Seat 1: Hero ($10.94 in chips)
Seat 2: 6cccf51c ($3.15 in chips)
Seat 3: 6a635b32 ($10.15 in chips)
Seat 4: 838a7b1b ($11.82 in chips)
Seat 5: dfa0184e ($13.04 in chips)
Seat 6: 1a832aa1 ($10 in chips)
6cccf51c: posts small blind $0.05
6a635b32: posts big blind $0.1
*** HOLE CARDS ***
Dealt to Hero [2h Jc]
Dealt to 6cccf51c 
Dealt to 6a635b32 
Dealt to 838a7b1b 
Dealt to dfa0184e 
Dealt to 1a832aa1 
838a7b1b: folds
dfa0184e: folds
1a832aa1: raises $0.15 to $0.25
Hero: folds
6cccf51c: folds
6a635b32: calls $0.15
*** FLOP *** [9s 6c Kh]
6a635b32: checks
1a832aa1: bets $0.45
6a635b32: folds
Uncalled bet ($0.45) returned to 1a832aa1
*** SHOWDOWN ***
1a832aa1 collected $0.53 from pot
*** SUMMARY ***
Total pot $0.55 | Rake $0.02 | Jackpot $0 | Bingo $0 | Fortune $0 | Tax $0
Board [9s 6c Kh]
Seat 1: Hero (button) folded before Flop (didn't bet)
Seat 2: 6cccf51c (small blind) folded before Flop
Seat 3: 6a635b32 (big blind) folded on the Flop
Seat 4: 838a7b1b folded before Flop (didn't bet)
Seat 5: dfa0184e folded before Flop (didn't bet)
Seat 6: 1a832aa1 won ($0.53)


Poker Hand #HD1770862163: Hold'em No Limit ($0.05/$0.1) - 2024/05/13 16:29:35
Table 'NLHRed11' 6-max Seat #6 is the button
Seat 1: Hero ($10.99 in chips)
Seat 2: 6cccf51c ($3.33 in chips)
Seat 3: 6a635b32 ($10.15 in chips)
Seat 4: 838a7b1b ($11.82 in chips)
Seat 5: dfa0184e ($13.23 in chips)
Seat 6: 1a832aa1 ($10 in chips)
Hero: posts small blind $0.05
6cccf51c: posts big blind $0.1
*** HOLE CARDS ***
Dealt to Hero [3s Kd]
Dealt to 6cccf51c 
Dealt to 6a635b32 
Dealt to 838a7b1b 
Dealt to dfa0184e 
Dealt to 1a832aa1 
6a635b32: folds
838a7b1b: folds
dfa0184e: raises $0.15 to $0.25
1a832aa1: folds
Hero: folds
6cccf51c: calls $0.15
*** FLOP *** [5c 5h Td]
6cccf51c: checks
dfa0184e: bets $0.2
6cccf51c: calls $0.2
*** TURN *** [5c 5h Td] [Qs]
6cccf51c: checks
dfa0184e: bets $0.75
6cccf51c: calls $0.75
*** RIVER *** [5c 5h Td Qs] [Ks]
6cccf51c: checks
dfa0184e: bets $2.2
6cccf51c: calls $2.13 and is all-in
Uncalled bet ($0.07) returned to dfa0184e
dfa0184e: shows [5s 6s] (Three Fives)
6cccf51c: shows [5d Jd] (Three Fives)
*** SHOWDOWN ***
6cccf51c collected $3.15 from pot
dfa0184e collected $3.14 from pot
*** SUMMARY ***
Total pot $6.71 | Rake $0.32 | Jackpot $0.1 | Bingo $0 | Fortune $0 | Tax $0
Board [5c 5h Td Qs Ks]
Seat 1: Hero (small blind) folded before Flop
Seat 2: 6cccf51c (big blind) showed [5d Jd] and won ($3.15) with Three Fives
Seat 3: 6a635b32 folded before Flop (didn't bet)
Seat 4: 838a7b1b folded before Flop (didn't bet)
Seat 5: dfa0184e showed [5s 6s] and won ($3.14) with Three Fives
Seat 6: 1a832aa1 (button) folded before Flop (didn't bet)


Poker Hand #HD1770862061: Hold'em No Limit ($0.05/$0.1) - 2024/05/13 16:28:47
Table 'NLHRed11' 6-max Seat #5 is the button
Seat 1: Hero ($10.47 in chips)
Seat 2: 6cccf51c ($3.85 in chips)
Seat 3: 6a635b32 ($10.15 in chips)
Seat 4: 838a7b1b ($11.82 in chips)
Seat 5: dfa0184e ($13.23 in chips)
Seat 6: 1a832aa1 ($10 in chips)
1a832aa1: posts small blind $0.05
Hero: posts big blind $0.1
*** HOLE CARDS ***
Dealt to Hero [2s As]
Dealt to 6cccf51c 
Dealt to 6a635b32 
Dealt to 838a7b1b 
Dealt to dfa0184e 
Dealt to 1a832aa1 
6cccf51c: raises $0.2 to $0.3
6a635b32: folds
838a7b1b: folds
dfa0184e: folds
1a832aa1: folds
Hero: calls $0.2
*** FLOP *** [Kd 6h Ac]
Hero: checks
6cccf51c: checks
*** TURN *** [Kd 6h Ac] [Jd]
Hero: bets $0.22
6cccf51c: calls $0.22
*** RIVER *** [Kd 6h Ac Jd] [Jc]
Hero: checks
6cccf51c: checks
Hero: shows [2s As] (Pair of Aces and Pair of Jacks)
6cccf51c: shows [Qs 8s] (Pair of Jacks)
*** SHOWDOWN ***
Hero collected $1.04 from pot
*** SUMMARY ***
Total pot $1.09 | Rake $0.05 | Jackpot $0 | Bingo $0 | Fortune $0 | Tax $0
Board [Kd 6h Ac Jd Jc]
Seat 1: Hero (big blind) showed [2s As] and won ($1.04) with Pair of Aces and Pair of Jacks
Seat 2: 6cccf51c showed [Qs 8s] and lost with Pair of Jacks
Seat 3: 6a635b32 folded before Flop (didn't bet)
Seat 4: 838a7b1b folded before Flop (didn't bet)
Seat 5: dfa0184e (button) folded before Flop (didn't bet)
Seat 6: 1a832aa1 (small blind) folded before Flop


Poker Hand #HD1770862005: Hold'em No Limit ($0.05/$0.1) - 2024/05/13 16:28:19
Table 'NLHRed11' 6-max Seat #4 is the button
Seat 1: Hero ($10.47 in chips)
Seat 2: 6cccf51c ($3.85 in chips)
Seat 3: 6a635b32 ($10 in chips)
Seat 4: 838a7b1b ($11.82 in chips)
Seat 5: dfa0184e ($13.28 in chips)
Seat 6: 1a832aa1 ($10 in chips)
dfa0184e: posts small blind $0.05
1a832aa1: posts big blind $0.1
6a635b32: posts big blind $0.1
*** HOLE CARDS ***
Dealt to Hero [3d Qs]
Dealt to 6cccf51c 
Dealt to 6a635b32 
Dealt to 838a7b1b 
Dealt to dfa0184e 
Dealt to 1a832aa1 
Hero: folds
6cccf51c: folds
6a635b32: raises $0.1 to $0.2
838a7b1b: folds
dfa0184e: folds
1a832aa1: folds
Uncalled bet ($0.1) returned to 6a635b32
*** SHOWDOWN ***
6a635b32 collected $0.25 from pot
*** SUMMARY ***
Total pot $0.25 | Rake $0 | Jackpot $0 | Bingo $0 | Fortune $0 | Tax $0
Seat 1: Hero folded before Flop (didn't bet)
Seat 2: 6cccf51c folded before Flop (didn't bet)
Seat 3: 6a635b32 collected ($0.25)
Seat 4: 838a7b1b (button) folded before Flop (didn't bet)
Seat 5: dfa0184e (small blind) folded before Flop
Seat 6: 1a832aa1 (big blind) folded before Flop


Poker Hand #HD1770861966: Hold'em No Limit ($0.05/$0.1) - 2024/05/13 16:28:04
Table 'NLHRed11' 6-max Seat #2 is the button
Seat 1: Hero ($10.47 in chips)
Seat 2: 6cccf51c ($3.85 in chips)
Seat 4: 838a7b1b ($11.87 in chips)
Seat 5: dfa0184e ($13.23 in chips)
Seat 6: 1a832aa1 ($10 in chips)
838a7b1b: posts small blind $0.05
dfa0184e: posts big blind $0.1
*** HOLE CARDS ***
Dealt to Hero [Qd 8s]
Dealt to 6cccf51c 
Dealt to 838a7b1b 
Dealt to dfa0184e 
Dealt to 1a832aa1 
1a832aa1: folds
Hero: folds
6cccf51c: folds
838a7b1b: folds
Uncalled bet ($0.05) returned to dfa0184e
*** SHOWDOWN ***
dfa0184e collected $0.1 from pot
*** SUMMARY ***
Total pot $0.1 | Rake $0 | Jackpot $0 | Bingo $0 | Fortune $0 | Tax $0
Seat 1: Hero folded before Flop (didn't bet)
Seat 2: 6cccf51c (button) folded before Flop (didn't bet)
Seat 4: 838a7b1b (small blind) folded before Flop
Seat 5: dfa0184e (big blind) collected ($0.1)
Seat 6: 1a832aa1 folded before Flop (didn't bet)


Poker Hand #HD1770861884: Hold'em No Limit ($0.05/$0.1) - 2024/05/13 16:27:23
Table 'NLHRed11' 6-max Seat #1 is the button
Seat 1: Hero ($10.1 in chips)
Seat 2: 6cccf51c ($3.9 in chips)
Seat 4: 838a7b1b ($11.97 in chips)
Seat 5: dfa0184e ($13.48 in chips)
Seat 6: 1a832aa1 ($10 in chips)
6cccf51c: posts small blind $0.05
838a7b1b: posts big blind $0.1
*** HOLE CARDS ***
Dealt to Hero [Th Kh]
Dealt to 6cccf51c 
Dealt to 838a7b1b 
Dealt to dfa0184e 
Dealt to 1a832aa1 
dfa0184e: raises $0.15 to $0.25
1a832aa1: folds
Hero: calls $0.25
6cccf51c: folds
838a7b1b: folds
*** FLOP *** [Td Kd 5d]
dfa0184e: checks
Hero: bets $0.4
dfa0184e: folds
Uncalled bet ($0.4) returned to Hero
*** SHOWDOWN ***
Hero collected $0.62 from pot
*** SUMMARY ***
Total pot $0.65 | Rake $0.03 | Jackpot $0 | Bingo $0 | Fortune $0 | Tax $0
Board [Td Kd 5d]
Seat 1: Hero (button) won ($0.62)
Seat 2: 6cccf51c (small blind) folded before Flop
Seat 4: 838a7b1b (big blind) folded before Flop
Seat 5: dfa0184e folded on the Flop
Seat 6: 1a832aa1 folded before Flop (didn't bet)


Poker Hand #HD1770861814: Hold'em No Limit ($0.05/$0.1) - 2024/05/13 16:26:52
Table 'NLHRed11' 6-max Seat #6 is the button
Seat 1: Hero ($10 in chips)
Seat 2: 6cccf51c ($4 in chips)
Seat 3: 84ed9c1 ($12.33 in chips)
Seat 4: 838a7b1b ($11.97 in chips)
Seat 5: dfa0184e ($13.48 in chips)
Seat 6: 1a832aa1 ($9.37 in chips)
Hero: posts small blind $0.05
6cccf51c: posts big blind $0.1
*** HOLE CARDS ***
Dealt to Hero [As Jh]
Dealt to 6cccf51c 
Dealt to 84ed9c1 
Dealt to 838a7b1b 
Dealt to dfa0184e 
Dealt to 1a832aa1 
84ed9c1: folds
838a7b1b: folds
dfa0184e: folds
1a832aa1: folds
Hero: raises $0.2 to $0.3
6cccf51c: folds
Uncalled bet ($0.2) returned to Hero
*** SHOWDOWN ***
Hero collected $0.2 from pot
*** SUMMARY ***
Total pot $0.2 | Rake $0 | Jackpot $0 | Bingo $0 | Fortune $0 | Tax $0
Seat 1: Hero (small blind) collected ($0.2)
Seat 2: 6cccf51c (big blind) folded before Flop
Seat 3: 84ed9c1 folded before Flop (didn't bet)
Seat 4: 838a7b1b folded before Flop (didn't bet)
Seat 5: dfa0184e folded before Flop (didn't bet)
Seat 6: 1a832aa1 (button) folded before Flop (didn't bet)


Poker Hand #HD1770861655: Hold'em No Limit ($0.05/$0.1) - 2024/05/13 16:25:38
Table 'NLHRed11' 6-max Seat #5 is the button
Seat 1: Hero ($10 in chips)
Seat 3: 84ed9c1 ($12.33 in chips)
Seat 4: 838a7b1b ($10.84 in chips)
Seat 5: dfa0184e ($13.48 in chips)
Seat 6: 1a832aa1 ($10.52 in chips)
1a832aa1: posts small blind $0.05
Hero: posts big blind $0.1
*** HOLE CARDS ***
Dealt to Hero [9h 6s]
Dealt to 84ed9c1 
Dealt to 838a7b1b 
Dealt to dfa0184e 
Dealt to 1a832aa1 
84ed9c1: folds
838a7b1b: raises $0.15 to $0.25
dfa0184e: folds
1a832aa1: calls $0.2
Hero: folds
*** FLOP *** [Kd 9c 9d]
1a832aa1: checks
838a7b1b: bets $0.35
1a832aa1: calls $0.35
*** TURN *** [Kd 9c 9d] [Qc]
1a832aa1: checks
838a7b1b: checks
*** RIVER *** [Kd 9c 9d Qc] [6d]
1a832aa1: checks
838a7b1b: bets $0.55
1a832aa1: calls $0.55
838a7b1b: shows [Ah Ks] (Pair of Kings and Pair of Nines)
1a832aa1: shows [7s 7d] (Pair of Nines and Pair of Sevens)
*** SHOWDOWN ***
838a7b1b collected $2.28 from pot
*** SUMMARY ***
Total pot $2.4 | Rake $0.12 | Jackpot $0 | Bingo $0 | Fortune $0 | Tax $0
Board [Kd 9c 9d Qc 6d]
Seat 1: Hero (big blind) folded before Flop
Seat 3: 84ed9c1 folded before Flop (didn't bet)
Seat 4: 838a7b1b showed [Ah Ks] and won ($2.28) with Pair of Kings and Pair of Nines
Seat 5: dfa0184e (button) folded before Flop (didn't bet)
Seat 6: 1a832aa1 (small blind) showed [7s 7d] and lost with Pair of Nines and Pair of Sevens


Poker Hand #HD1770861596: Hold'em No Limit ($0.05/$0.1) - 2024/05/13 16:25:13
Table 'NLHRed11' 6-max Seat #4 is the button
Seat 1: Hero ($10 in chips)
Seat 3: 84ed9c1 ($12.33 in chips)
Seat 4: 838a7b1b ($10.51 in chips)
Seat 5: dfa0184e ($13.53 in chips)
Seat 6: 1a832aa1 ($10.62 in chips)
dfa0184e: posts small blind $0.05
1a832aa1: posts big blind $0.1
*** HOLE CARDS ***
Dealt to Hero [Kh Jc]
Dealt to 84ed9c1 
Dealt to 838a7b1b 
Dealt to dfa0184e 
Dealt to 1a832aa1 
Hero: raises $0.1 to $0.2
84ed9c1: folds
838a7b1b: raises $0.6 to $0.8
dfa0184e: folds
1a832aa1: folds
Hero: folds
Uncalled bet ($0.6) returned to 838a7b1b
*** SHOWDOWN ***
838a7b1b collected $0.53 from pot
*** SUMMARY ***
Total pot $0.55 | Rake $0.02 | Jackpot $0 | Bingo $0 | Fortune $0 | Tax $0
Seat 1: Hero folded before Flop
Seat 3: 84ed9c1 folded before Flop (didn't bet)
Seat 4: 838a7b1b (button) collected ($0.53)
Seat 5: dfa0184e (small blind) folded before Flop
Seat 6: 1a832aa1 (big blind) folded before Flop


Poker Hand #HD1770861568: Hold'em No Limit ($0.05/$0.1) - 2024/05/13 16:25:03
Table 'NLHRed11' 6-max Seat #3 is the button
Seat 1: Hero ($10 in chips)
Seat 3: 84ed9c1 ($12.33 in chips)
Seat 4: 838a7b1b ($10.56 in chips)
Seat 5: dfa0184e ($13.48 in chips)
Seat 6: 1a832aa1 ($10.62 in chips)
838a7b1b: posts small blind $0.05
dfa0184e: posts big blind $0.1
*** HOLE CARDS ***
Dealt to Hero [3s Js]
Dealt to 84ed9c1 
Dealt to 838a7b1b 
Dealt to dfa0184e 
Dealt to 1a832aa1 
1a832aa1: folds
Hero: folds
84ed9c1: folds
838a7b1b: folds
Uncalled bet ($0.05) returned to dfa0184e
*** SHOWDOWN ***
dfa0184e collected $0.1 from pot
*** SUMMARY ***
Total pot $0.1 | Rake $0 | Jackpot $0 | Bingo $0 | Fortune $0 | Tax $0
Seat 1: Hero folded before Flop (didn't bet)
Seat 3: 84ed9c1 (button) folded before Flop (didn't bet)
Seat 4: 838a7b1b (small blind) folded before Flop
Seat 5: dfa0184e (big blind) collected ($0.1)
Seat 6: 1a832aa1 folded before Flop (didn't bet)


Poker Hand #HD1770861491: Hold'em No Limit ($0.05/$0.1) - 2024/05/13 16:24:26
Table 'NLHRed11' 6-max Seat #1 is the button
Seat 1: Hero ($10 in chips)
Seat 3: 84ed9c1 ($12.83 in chips)
Seat 4: 838a7b1b ($10.11 in chips)
Seat 5: dfa0184e ($13.48 in chips)
Seat 6: 1a832aa1 ($10.62 in chips)
84ed9c1: posts small blind $0.05
838a7b1b: posts big blind $0.1
*** HOLE CARDS ***
Dealt to Hero [6s 3c]
Dealt to 84ed9c1 
Dealt to 838a7b1b 
Dealt to dfa0184e 
Dealt to 1a832aa1 
dfa0184e: folds
1a832aa1: folds
Hero: folds
84ed9c1: raises $0.15 to $0.25
838a7b1b: calls $0.15
*** FLOP *** [7c Ts Ac]
84ed9c1: bets $0.25
838a7b1b: calls $0.25
*** TURN *** [7c Ts Ac] [4h]
84ed9c1: checks
838a7b1b: bets $0.6
84ed9c1: folds
Uncalled bet ($0.6) returned to 838a7b1b
*** SHOWDOWN ***
838a7b1b collected $0.95 from pot
*** SUMMARY ***
Total pot $1 | Rake $0.05 | Jackpot $0 | Bingo $0 | Fortune $0 | Tax $0
Board [7c Ts Ac 4h]
Seat 1: Hero (button) folded before Flop (didn't bet)
Seat 3: 84ed9c1 (small blind) folded on the Turn
Seat 4: 838a7b1b (big blind) won ($0.95)
Seat 5: dfa0184e folded before Flop (didn't bet)
Seat 6: 1a832aa1 folded before Flop (didn't bet)


Poker Hand #HD1770861315: Hold'em No Limit ($0.05/$0.1) - 2024/05/13 16:23:02
Table 'NLHRed11' 6-max Seat #6 is the button
Seat 1: Hero ($10.22 in chips)
Seat 3: 84ed9c1 ($10.97 in chips)
Seat 4: 838a7b1b ($10.36 in chips)
Seat 5: dfa0184e ($13.48 in chips)
Seat 6: 1a832aa1 ($10.62 in chips)
Hero: posts small blind $0.05
84ed9c1: posts big blind $0.1
*** HOLE CARDS ***
Dealt to Hero [Ks As]
Dealt to 84ed9c1 
Dealt to 838a7b1b 
Dealt to dfa0184e 
Dealt to 1a832aa1 
838a7b1b: raises $0.15 to $0.25
dfa0184e: folds
1a832aa1: folds
Hero: raises $0.85 to $1.1
84ed9c1: calls $1
838a7b1b: folds
*** FLOP *** [Jd Qs 6h]
Hero: bets $0.8
84ed9c1: calls $0.8
*** TURN *** [Jd Qs 6h] [2c]
Hero: checks
84ed9c1: bets $1.54
Hero: folds
Uncalled bet ($1.54) returned to 84ed9c1
*** SHOWDOWN ***
84ed9c1 collected $3.76 from pot
*** SUMMARY ***
Total pot $4.05 | Rake $0.19 | Jackpot $0.1 | Bingo $0 | Fortune $0 | Tax $0
Board [Jd Qs 6h 2c]
Seat 1: Hero (small blind) folded on the Turn
Seat 3: 84ed9c1 (big blind) won ($3.76)
Seat 4: 838a7b1b folded before Flop
Seat 5: dfa0184e folded before Flop (didn't bet)
Seat 6: 1a832aa1 (button) folded before Flop (didn't bet)


Poker Hand #HD1770861289: Hold'em No Limit ($0.05/$0.1) - 2024/05/13 16:22:48
Table 'NLHRed11' 6-max Seat #5 is the button
Seat 1: Hero ($10.17 in chips)
Seat 3: 84ed9c1 ($10.97 in chips)
Seat 4: 838a7b1b ($10.36 in chips)
Seat 5: dfa0184e ($13.48 in chips)
Seat 6: 1a832aa1 ($10.67 in chips)
1a832aa1: posts small blind $0.05
Hero: posts big blind $0.1
*** HOLE CARDS ***
Dealt to Hero [Ks Jc]
Dealt to 84ed9c1 
Dealt to 838a7b1b 
Dealt to dfa0184e 
Dealt to 1a832aa1 
84ed9c1: folds
838a7b1b: folds
dfa0184e: folds
1a832aa1: folds
Uncalled bet ($0.05) returned to Hero
*** SHOWDOWN ***
Hero collected $0.1 from pot
*** SUMMARY ***
Total pot $0.1 | Rake $0 | Jackpot $0 | Bingo $0 | Fortune $0 | Tax $0
Seat 1: Hero (big blind) collected ($0.1)
Seat 3: 84ed9c1 folded before Flop (didn't bet)
Seat 4: 838a7b1b folded before Flop (didn't bet)
Seat 5: dfa0184e (button) folded before Flop (didn't bet)
Seat 6: 1a832aa1 (small blind) folded before Flop


Poker Hand #HD1770861266: Hold'em No Limit ($0.05/$0.1) - 2024/05/13 16:22:39
Table 'NLHRed11' 6-max Seat #4 is the button
Seat 1: Hero ($10.17 in chips)
Seat 3: 84ed9c1 ($10.97 in chips)
Seat 4: 838a7b1b ($10.36 in chips)
Seat 5: dfa0184e ($13.53 in chips)
Seat 6: 1a832aa1 ($10.62 in chips)
dfa0184e: posts small blind $0.05
1a832aa1: posts big blind $0.1
*** HOLE CARDS ***
Dealt to Hero [8c 6s]
Dealt to 84ed9c1 
Dealt to 838a7b1b 
Dealt to dfa0184e 
Dealt to 1a832aa1 
Hero: folds
84ed9c1: folds
838a7b1b: folds
dfa0184e: folds
Uncalled bet ($0.05) returned to 1a832aa1
*** SHOWDOWN ***
1a832aa1 collected $0.1 from pot
*** SUMMARY ***
Total pot $0.1 | Rake $0 | Jackpot $0 | Bingo $0 | Fortune $0 | Tax $0
Seat 1: Hero folded before Flop (didn't bet)
Seat 3: 84ed9c1 folded before Flop (didn't bet)
Seat 4: 838a7b1b (button) folded before Flop (didn't bet)
Seat 5: dfa0184e (small blind) folded before Flop
Seat 6: 1a832aa1 (big blind) collected ($0.1)


Poker Hand #HD1770861247: Hold'em No Limit ($0.05/$0.1) - 2024/05/13 16:22:28
Table 'NLHRed11' 6-max Seat #3 is the button
Seat 1: Hero ($10.17 in chips)
Seat 3: 84ed9c1 ($10.97 in chips)
Seat 4: 838a7b1b ($10.41 in chips)
Seat 5: dfa0184e ($13.48 in chips)
Seat 6: 1a832aa1 ($10.62 in chips)
838a7b1b: posts small blind $0.05
dfa0184e: posts big blind $0.1
*** HOLE CARDS ***
Dealt to Hero [8h Jd]
Dealt to 84ed9c1 
Dealt to 838a7b1b 
Dealt to dfa0184e 
Dealt to 1a832aa1 
1a832aa1: folds
Hero: folds
84ed9c1: folds
838a7b1b: folds
Uncalled bet ($0.05) returned to dfa0184e
*** SHOWDOWN ***
dfa0184e collected $0.1 from pot
*** SUMMARY ***
Total pot $0.1 | Rake $0 | Jackpot $0 | Bingo $0 | Fortune $0 | Tax $0
Seat 1: Hero folded before Flop (didn't bet)
Seat 3: 84ed9c1 (button) folded before Flop (didn't bet)
Seat 4: 838a7b1b (small blind) folded before Flop
Seat 5: dfa0184e (big blind) collected ($0.1)
Seat 6: 1a832aa1 folded before Flop (didn't bet)


Poker Hand #HD1770861225: Hold'em No Limit ($0.05/$0.1) - 2024/05/13 16:22:19
Table 'NLHRed11' 6-max Seat #1 is the button
Seat 1: Hero ($10.17 in chips)
Seat 3: 84ed9c1 ($11.02 in chips)
Seat 4: 838a7b1b ($10.36 in chips)
Seat 5: dfa0184e ($13.48 in chips)
Seat 6: 1a832aa1 ($10.62 in chips)
84ed9c1: posts small blind $0.05
838a7b1b: posts big blind $0.1
*** HOLE CARDS ***
Dealt to Hero [5h Jc]
Dealt to 84ed9c1 
Dealt to 838a7b1b 
Dealt to dfa0184e 
Dealt to 1a832aa1 
dfa0184e: folds
1a832aa1: folds
Hero: folds
84ed9c1: folds
Uncalled bet ($0.05) returned to 838a7b1b
*** SHOWDOWN ***
838a7b1b collected $0.1 from pot
*** SUMMARY ***
Total pot $0.1 | Rake $0 | Jackpot $0 | Bingo $0 | Fortune $0 | Tax $0
Seat 1: Hero (button) folded before Flop (didn't bet)
Seat 3: 84ed9c1 (small blind) folded before Flop
Seat 4: 838a7b1b (big blind) collected ($0.1)
Seat 5: dfa0184e folded before Flop (didn't bet)
Seat 6: 1a832aa1 folded before Flop (didn't bet)


Poker Hand #HD1770861190: Hold'em No Limit ($0.05/$0.1) - 2024/05/13 16:22:04
Table 'NLHRed11' 6-max Seat #6 is the button
Seat 1: Hero ($10.22 in chips)
Seat 2: 6de076f2 ($9.1 in chips)
Seat 3: 84ed9c1 ($10.87 in chips)
Seat 4: 838a7b1b ($10.36 in chips)
Seat 5: dfa0184e ($13.48 in chips)
Seat 6: 1a832aa1 ($10.62 in chips)
Hero: posts small blind $0.05
6de076f2: posts big blind $0.1
*** HOLE CARDS ***
Dealt to Hero [4d Jd]
Dealt to 6de076f2 
Dealt to 84ed9c1 
Dealt to 838a7b1b 
Dealt to dfa0184e 
Dealt to 1a832aa1 
84ed9c1: raises $0.15 to $0.25
838a7b1b: folds
dfa0184e: folds
1a832aa1: folds
Hero: folds
6de076f2: folds
Uncalled bet ($0.15) returned to 84ed9c1
*** SHOWDOWN ***
84ed9c1 collected $0.25 from pot
*** SUMMARY ***
Total pot $0.25 | Rake $0 | Jackpot $0 | Bingo $0 | Fortune $0 | Tax $0
Seat 1: Hero (small blind) folded before Flop
Seat 2: 6de076f2 (big blind) folded before Flop
Seat 3: 84ed9c1 collected ($0.25)
Seat 4: 838a7b1b folded before Flop (didn't bet)
Seat 5: dfa0184e folded before Flop (didn't bet)
Seat 6: 1a832aa1 (button) folded before Flop (didn't bet)


Poker Hand #HD1770861095: Hold'em No Limit ($0.05/$0.1) - 2024/05/13 16:21:21
Table 'NLHRed11' 6-max Seat #5 is the button
Seat 1: Hero ($10.32 in chips)
Seat 2: 6de076f2 ($9.9 in chips)
Seat 3: 84ed9c1 ($10 in chips)
Seat 4: 838a7b1b ($10.36 in chips)
Seat 5: dfa0184e ($13.48 in chips)
Seat 6: 1a832aa1 ($10.67 in chips)
1a832aa1: posts small blind $0.05
Hero: posts big blind $0.1
*** HOLE CARDS ***
Dealt to Hero [2s Qc]
Dealt to 6de076f2 
Dealt to 84ed9c1 
Dealt to 838a7b1b 
Dealt to dfa0184e 
Dealt to 1a832aa1 
6de076f2: raises $0.1 to $0.2
84ed9c1: raises $0.3 to $0.5
838a7b1b: folds
dfa0184e: folds
1a832aa1: folds
Hero: folds
6de076f2: calls $0.3
*** FLOP *** [9c 8c 7d]
6de076f2: checks
84ed9c1: checks
*** TURN *** [9c 8c 7d] [7c]
6de076f2: checks
84ed9c1: bets $0.3
6de076f2: calls $0.3
*** RIVER *** [9c 8c 7d 7c] [5d]
6de076f2: checks
84ed9c1: checks
6de076f2: shows [Jd Ks] (Pair of Sevens)
84ed9c1: shows [Jh Ac] (Pair of Sevens)
*** SHOWDOWN ***
84ed9c1 collected $1.67 from pot
*** SUMMARY ***
Total pot $1.75 | Rake $0.08 | Jackpot $0 | Bingo $0 | Fortune $0 | Tax $0
Board [9c 8c 7d 7c 5d]
Seat 1: Hero (big blind) folded before Flop
Seat 2: 6de076f2 showed [Jd Ks] and lost with Pair of Sevens
Seat 3: 84ed9c1 showed [Jh Ac] and won ($1.67) with Pair of Sevens
Seat 4: 838a7b1b folded before Flop (didn't bet)
Seat 5: dfa0184e (button) folded before Flop (didn't bet)
Seat 6: 1a832aa1 (small blind) folded before Flop


Poker Hand #HD1770861078: Hold'em No Limit ($0.05/$0.1) - 2024/05/13 16:21:11
Table 'NLHRed11' 6-max Seat #4 is the button
Seat 1: Hero ($10.32 in chips)
Seat 2: 6de076f2 ($9.9 in chips)
Seat 3: 84ed9c1 ($10 in chips)
Seat 4: 838a7b1b ($10.36 in chips)
Seat 5: dfa0184e ($13.53 in chips)
Seat 6: 1a832aa1 ($10.62 in chips)
dfa0184e: posts small blind $0.05
1a832aa1: posts big blind $0.1
*** HOLE CARDS ***
Dealt to Hero [Jh 6s]
Dealt to 6de076f2 
Dealt to 84ed9c1 
Dealt to 838a7b1b 
Dealt to dfa0184e 
Dealt to 1a832aa1 
Hero: folds
6de076f2: folds
84ed9c1: folds
838a7b1b: folds
dfa0184e: folds
Uncalled bet ($0.05) returned to 1a832aa1
*** SHOWDOWN ***
1a832aa1 collected $0.1 from pot
*** SUMMARY ***
Total pot $0.1 | Rake $0 | Jackpot $0 | Bingo $0 | Fortune $0 | Tax $0
Seat 1: Hero folded before Flop (didn't bet)
Seat 2: 6de076f2 folded before Flop (didn't bet)
Seat 3: 84ed9c1 folded before Flop (didn't bet)
Seat 4: 838a7b1b (button) folded before Flop (didn't bet)
Seat 5: dfa0184e (small blind) folded before Flop
Seat 6: 1a832aa1 (big blind) collected ($0.1)


Poker Hand #HD1770860893: Hold'em No Limit ($0.05/$0.1) - 2024/05/13 16:19:48
Table 'NLHRed11' 6-max Seat #3 is the button
Seat 1: Hero ($10.32 in chips)
Seat 2: 6de076f2 ($10 in chips)
Seat 3: 84ed9c1 ($10 in chips)
Seat 4: 838a7b1b ($10.41 in chips)
Seat 5: dfa0184e ($13.39 in chips)
Seat 6: 1a832aa1 ($10.62 in chips)
838a7b1b: posts small blind $0.05
dfa0184e: posts big blind $0.1
6de076f2: posts big blind $0.1
*** HOLE CARDS ***
Dealt to Hero [Ac 2h]
Dealt to 6de076f2 
Dealt to 84ed9c1 
Dealt to 838a7b1b 
Dealt to dfa0184e 
Dealt to 1a832aa1 
1a832aa1: folds
Hero: folds
6de076f2: checks
84ed9c1: folds
838a7b1b: folds
dfa0184e: checks
*** FLOP *** [Tc 9h 9s]
dfa0184e: checks
6de076f2: checks
*** TURN *** [Tc 9h 9s] [3d]
dfa0184e: checks
6de076f2: checks
*** RIVER *** [Tc 9h 9s 3d] [Qd]
dfa0184e: checks
6de076f2: checks
dfa0184e: shows [As 5c] (Pair of Nines)
6de076f2: shows [7s 4d] (Pair of Nines)
*** SHOWDOWN ***
dfa0184e collected $0.24 from pot
*** SUMMARY ***
Total pot $0.25 | Rake $0.01 | Jackpot $0 | Bingo $0 | Fortune $0 | Tax $0
Board [Tc 9h 9s 3d Qd]
Seat 1: Hero folded before Flop (didn't bet)
Seat 2: 6de076f2 showed [7s 4d] and lost with Pair of Nines
Seat 3: 84ed9c1 (button) folded before Flop (didn't bet)
Seat 4: 838a7b1b (small blind) folded before Flop
Seat 5: dfa0184e (big blind) showed [As 5c] and won ($0.24) with Pair of Nines
Seat 6: 1a832aa1 folded before Flop (didn't bet)


Poker Hand #HD1770860755: Hold'em No Limit ($0.05/$0.1) - 2024/05/13 16:18:41
Table 'NLHRed11' 6-max Seat #1 is the button
Seat 1: Hero ($10 in chips)
Seat 3: 84ed9c1 ($10.05 in chips)
Seat 4: 838a7b1b ($10.51 in chips)
Seat 5: dfa0184e ($13.39 in chips)
Seat 6: 1a832aa1 ($10.62 in chips)
84ed9c1: posts small blind $0.05
838a7b1b: posts big blind $0.1
*** HOLE CARDS ***
Dealt to Hero [7c 7h]
Dealt to 84ed9c1 
Dealt to 838a7b1b 
Dealt to dfa0184e 
Dealt to 1a832aa1 
dfa0184e: folds
1a832aa1: folds
Hero: raises $0.14 to $0.24
84ed9c1: calls $0.19
838a7b1b: folds
*** FLOP *** [6c 7s Kc]
84ed9c1: checks
Hero: bets $0.3
84ed9c1: folds
Uncalled bet ($0.3) returned to Hero
*** SHOWDOWN ***
Hero collected $0.56 from pot
*** SUMMARY ***
Total pot $0.58 | Rake $0.02 | Jackpot $0 | Bingo $0 | Fortune $0 | Tax $0
Board [6c 7s Kc]
Seat 1: Hero (button) won ($0.56)
Seat 3: 84ed9c1 (small blind) folded on the Flop
Seat 4: 838a7b1b (big blind) folded before Flop
Seat 5: dfa0184e folded before Flop (didn't bet)
Seat 6: 1a832aa1 folded before Flop (didn't bet)


Poker Hand #HD1770860739: Hold'em No Limit ($0.05/$0.1) - 2024/05/13 16:18:30
Table 'NLHRed11' 6-max Seat #6 is the button
Seat 1: Hero ($10 in chips)
Seat 3: 84ed9c1 ($10 in chips)
Seat 4: 838a7b1b ($10.51 in chips)
Seat 5: dfa0184e ($13.39 in chips)
Seat 6: 1a832aa1 ($10.62 in chips)
Hero: posts small blind $0.05
84ed9c1: posts big blind $0.1
*** HOLE CARDS ***
Dealt to Hero [Th Qs]
Dealt to 84ed9c1 
Dealt to 838a7b1b 
Dealt to dfa0184e 
Dealt to 1a832aa1 
838a7b1b: folds
dfa0184e: folds
1a832aa1: folds
Hero: folds
Uncalled bet ($0.05) returned to 84ed9c1
*** SHOWDOWN ***
84ed9c1 collected $0.1 from pot
*** SUMMARY ***
Total pot $0.1 | Rake $0 | Jackpot $0 | Bingo $0 | Fortune $0 | Tax $0
Seat 1: Hero (small blind) folded before Flop
Seat 3: 84ed9c1 (big blind) collected ($0.1)
Seat 4: 838a7b1b folded before Flop (didn't bet)
Seat 5: dfa0184e folded before Flop (didn't bet)
Seat 6: 1a832aa1 (button) folded before Flop (didn't bet)


Poker Hand #HD1770860709: Hold'em No Limit ($0.05/$0.1) - 2024/05/13 16:18:19
Table 'NLHRed11' 6-max Seat #5 is the button
Seat 1: Hero ($10 in chips)
Seat 4: 838a7b1b ($10.51 in chips)
Seat 5: dfa0184e ($13.24 in chips)
Seat 6: 1a832aa1 ($10.67 in chips)
1a832aa1: posts small blind $0.05
Hero: posts big blind $0.1
*** HOLE CARDS ***
Dealt to Hero [2h Th]
Dealt to 838a7b1b 
Dealt to dfa0184e 
Dealt to 1a832aa1 
838a7b1b: folds
dfa0184e: raises $0.15 to $0.25
1a832aa1: folds
Hero: folds
Uncalled bet ($0.15) returned to dfa0184e
*** SHOWDOWN ***
dfa0184e collected $0.25 from pot
*** SUMMARY ***
Total pot $0.25 | Rake $0 | Jackpot $0 | Bingo $0 | Fortune $0 | Tax $0
Seat 1: Hero (big blind) folded before Flop
Seat 4: 838a7b1b folded before Flop (didn't bet)
Seat 5: dfa0184e (button) collected ($0.25)
Seat 6: 1a832aa1 (small blind) folded before Flop


