Poker Hand #HD1744935824: Hold'em No Limit ($0.02/$0.05) - 2024/04/24 19:06:06
Table 'NLHBlue3' 6-max Seat #4 is the button
Seat 1: Hero ($5.02 in chips)
Seat 2: b5506fde ($3.24 in chips)
Seat 3: 544cdd8d ($5.11 in chips)
Seat 4: 169050b1 ($5.41 in chips)
Seat 5: 52ff43e8 ($5.73 in chips)
Seat 6: c09acb5a ($5.68 in chips)
52ff43e8: posts small blind $0.02
c09acb5a: posts big blind $0.05
*** HOLE CARDS ***
Dealt to Hero [4d 3d]
Dealt to b5506fde 
Dealt to 544cdd8d 
Dealt to 169050b1 
Dealt to 52ff43e8 
Dealt to c09acb5a 
Hero: folds
b5506fde: calls $0.05
544cdd8d: folds
169050b1: folds
52ff43e8: folds
c09acb5a: checks
*** FLOP *** [5h Qc 6d]
c09acb5a: checks
b5506fde: checks
*** TURN *** [5h Qc 6d] [5c]
c09acb5a: checks
b5506fde: checks
*** RIVER *** [5h Qc 6d 5c] [5s]
c09acb5a: checks
b5506fde: bets $0.35
c09acb5a: folds
Uncalled bet ($0.35) returned to b5506fde
*** SHOWDOWN ***
b5506fde collected $0.12 from pot
*** SUMMARY ***
Total pot $0.12 | Rake $0 | Jackpot $0 | Bingo $0 | Fortune $0 | Tax $0
Board [5h Qc 6d 5c 5s]
Seat 1: Hero folded before Flop (didn't bet)
Seat 2: b5506fde won ($0.12)
Seat 3: 544cdd8d folded before Flop (didn't bet)
Seat 4: 169050b1 (button) folded before Flop (didn't bet)
Seat 5: 52ff43e8 (small blind) folded before Flop
Seat 6: c09acb5a (big blind) folded on the River


Poker Hand #HD1744935787: Hold'em No Limit ($0.02/$0.05) - 2024/04/24 19:05:44
Table 'NLHBlue3' 6-max Seat #3 is the button
Seat 1: Hero ($5.02 in chips)
Seat 2: b5506fde ($3.17 in chips)
Seat 3: 544cdd8d ($5.11 in chips)
Seat 4: 169050b1 ($5.43 in chips)
Seat 5: 52ff43e8 ($5.78 in chips)
Seat 6: c09acb5a ($5.68 in chips)
169050b1: posts small blind $0.02
52ff43e8: posts big blind $0.05
*** HOLE CARDS ***
Dealt to Hero [5h 6s]
Dealt to b5506fde 
Dealt to 544cdd8d 
Dealt to 169050b1 
Dealt to 52ff43e8 
Dealt to c09acb5a 
c09acb5a: folds
Hero: folds
b5506fde: raises $0.05 to $0.1
544cdd8d: folds
169050b1: folds
52ff43e8: folds
Uncalled bet ($0.05) returned to b5506fde
*** SHOWDOWN ***
b5506fde collected $0.12 from pot
*** SUMMARY ***
Total pot $0.12 | Rake $0 | Jackpot $0 | Bingo $0 | Fortune $0 | Tax $0
Seat 1: Hero folded before Flop (didn't bet)
Seat 2: b5506fde collected ($0.12)
Seat 3: 544cdd8d (button) folded before Flop (didn't bet)
Seat 4: 169050b1 (small blind) folded before Flop
Seat 5: 52ff43e8 (big blind) folded before Flop
Seat 6: c09acb5a folded before Flop (didn't bet)


Poker Hand #HD1744935747: Hold'em No Limit ($0.02/$0.05) - 2024/04/24 19:05:25
Table 'NLHBlue3' 6-max Seat #2 is the button
Seat 1: Hero ($5.02 in chips)
Seat 2: b5506fde ($3.1 in chips)
Seat 3: 544cdd8d ($5.13 in chips)
Seat 4: 169050b1 ($5.48 in chips)
Seat 5: 52ff43e8 ($5.78 in chips)
Seat 6: c09acb5a ($5.68 in chips)
544cdd8d: posts small blind $0.02
169050b1: posts big blind $0.05
*** HOLE CARDS ***
Dealt to Hero [Qs 2d]
Dealt to b5506fde 
Dealt to 544cdd8d 
Dealt to 169050b1 
Dealt to 52ff43e8 
Dealt to c09acb5a 
52ff43e8: folds
c09acb5a: folds
Hero: folds
b5506fde: raises $0.05 to $0.1
544cdd8d: folds
169050b1: folds
Uncalled bet ($0.05) returned to b5506fde
*** SHOWDOWN ***
b5506fde collected $0.12 from pot
*** SUMMARY ***
Total pot $0.12 | Rake $0 | Jackpot $0 | Bingo $0 | Fortune $0 | Tax $0
Seat 1: Hero folded before Flop (didn't bet)
Seat 2: b5506fde (button) collected ($0.12)
Seat 3: 544cdd8d (small blind) folded before Flop
Seat 4: 169050b1 (big blind) folded before Flop
Seat 5: 52ff43e8 folded before Flop (didn't bet)
Seat 6: c09acb5a folded before Flop (didn't bet)


Poker Hand #HD1744845499: Hold'em No Limit ($0.02/$0.05) - 2024/04/24 19:03:48
Table 'NLHBlue3' 6-max Seat #1 is the button
Seat 1: Hero ($5.34 in chips)
Seat 2: b5506fde ($3.25 in chips)
Seat 3: 544cdd8d ($5.18 in chips)
Seat 4: 169050b1 ($5 in chips)
Seat 5: 52ff43e8 ($5.78 in chips)
Seat 6: c09acb5a ($5.68 in chips)
b5506fde: posts small blind $0.02
544cdd8d: posts big blind $0.05
*** HOLE CARDS ***
Dealt to Hero [Kc Qc]
Dealt to b5506fde 
Dealt to 544cdd8d 
Dealt to 169050b1 
Dealt to 52ff43e8 
Dealt to c09acb5a 
169050b1: raises $0.1 to $0.15
52ff43e8: folds
c09acb5a: folds
Hero: calls $0.15
b5506fde: calls $0.13
544cdd8d: folds
*** FLOP *** [5h 9c 6s]
b5506fde: checks
169050b1: checks
Hero: checks
*** TURN *** [5h 9c 6s] [7h]
b5506fde: checks
169050b1: checks
Hero: bets $0.17
b5506fde: folds
169050b1: calls $0.17
*** RIVER *** [5h 9c 6s 7h] [2h]
169050b1: bets $1.34
Hero: folds
Uncalled bet ($1.34) returned to 169050b1
*** SHOWDOWN ***
169050b1 collected $0.8 from pot
*** SUMMARY ***
Total pot $0.84 | Rake $0.04 | Jackpot $0 | Bingo $0 | Fortune $0 | Tax $0
Board [5h 9c 6s 7h 2h]
Seat 1: Hero (button) folded on the River
Seat 2: b5506fde (small blind) folded on the Turn
Seat 3: 544cdd8d (big blind) folded before Flop
Seat 4: 169050b1 won ($0.8)
Seat 5: 52ff43e8 folded before Flop (didn't bet)
Seat 6: c09acb5a folded before Flop (didn't bet)


Poker Hand #HD1744845466: Hold'em No Limit ($0.02/$0.05) - 2024/04/24 19:03:29
Table 'NLHBlue3' 6-max Seat #6 is the button
Seat 1: Hero ($5.36 in chips)
Seat 2: b5506fde ($3.23 in chips)
Seat 3: 544cdd8d ($5.18 in chips)
Seat 4: 169050b1 ($5 in chips)
Seat 5: 52ff43e8 ($5.78 in chips)
Seat 6: c09acb5a ($5.68 in chips)
Hero: posts small blind $0.02
b5506fde: posts big blind $0.05
*** HOLE CARDS ***
Dealt to Hero [Jc 2d]
Dealt to b5506fde 
Dealt to 544cdd8d 
Dealt to 169050b1 
Dealt to 52ff43e8 
Dealt to c09acb5a 
544cdd8d: folds
169050b1: folds
52ff43e8: folds
c09acb5a: folds
Hero: folds
Uncalled bet ($0.03) returned to b5506fde
*** SHOWDOWN ***
b5506fde collected $0.04 from pot
*** SUMMARY ***
Total pot $0.04 | Rake $0 | Jackpot $0 | Bingo $0 | Fortune $0 | Tax $0
Seat 1: Hero (small blind) folded before Flop
Seat 2: b5506fde (big blind) collected ($0.04)
Seat 3: 544cdd8d folded before Flop (didn't bet)
Seat 4: 169050b1 folded before Flop (didn't bet)
Seat 5: 52ff43e8 folded before Flop (didn't bet)
Seat 6: c09acb5a (button) folded before Flop (didn't bet)


Poker Hand #HD1744845296: Hold'em No Limit ($0.02/$0.05) - 2024/04/24 19:02:26
Table 'NLHBlue3' 6-max Seat #5 is the button
Seat 1: Hero ($5.41 in chips)
Seat 2: b5506fde ($3.28 in chips)
Seat 3: 544cdd8d ($5.18 in chips)
Seat 4: 169050b1 ($5 in chips)
Seat 5: 52ff43e8 ($6.48 in chips)
Seat 6: c09acb5a ($5 in chips)
c09acb5a: posts small blind $0.02
Hero: posts big blind $0.05
*** HOLE CARDS ***
Dealt to Hero [Ac 8d]
Dealt to b5506fde 
Dealt to 544cdd8d 
Dealt to 169050b1 
Dealt to 52ff43e8 
Dealt to c09acb5a 
b5506fde: calls $0.05
544cdd8d: folds
169050b1: folds
52ff43e8: raises $0.17 to $0.22
c09acb5a: raises $0.48 to $0.7
Hero: folds
b5506fde: folds
52ff43e8: calls $0.48
*** FLOP *** [Qc As 8h]
c09acb5a: bets $0.55
52ff43e8: folds
Uncalled bet ($0.55) returned to c09acb5a
*** SHOWDOWN ***
c09acb5a collected $1.38 from pot
*** SUMMARY ***
Total pot $1.5 | Rake $0.07 | Jackpot $0.05 | Bingo $0 | Fortune $0 | Tax $0
Board [Qc As 8h]
Seat 1: Hero (big blind) folded before Flop
Seat 2: b5506fde folded before Flop
Seat 3: 544cdd8d folded before Flop (didn't bet)
Seat 4: 169050b1 folded before Flop (didn't bet)
Seat 5: 52ff43e8 (button) folded on the Flop
Seat 6: c09acb5a (small blind) won ($1.38)


Poker Hand #HD1744845246: Hold'em No Limit ($0.02/$0.05) - 2024/04/24 19:02:02
Table 'NLHBlue3' 6-max Seat #4 is the button
Seat 1: Hero ($5.41 in chips)
Seat 2: b5506fde ($3.21 in chips)
Seat 3: 544cdd8d ($5.18 in chips)
Seat 4: 169050b1 ($5 in chips)
Seat 5: 52ff43e8 ($6.5 in chips)
Seat 6: c09acb5a ($5 in chips)
52ff43e8: posts small blind $0.02
c09acb5a: posts big blind $0.05
*** HOLE CARDS ***
Dealt to Hero [2s Jh]
Dealt to b5506fde 
Dealt to 544cdd8d 
Dealt to 169050b1 
Dealt to 52ff43e8 
Dealt to c09acb5a 
Hero: folds
b5506fde: raises $0.05 to $0.1
544cdd8d: folds
169050b1: folds
52ff43e8: folds
c09acb5a: folds
Uncalled bet ($0.05) returned to b5506fde
*** SHOWDOWN ***
b5506fde collected $0.12 from pot
*** SUMMARY ***
Total pot $0.12 | Rake $0 | Jackpot $0 | Bingo $0 | Fortune $0 | Tax $0
Seat 1: Hero folded before Flop (didn't bet)
Seat 2: b5506fde collected ($0.12)
Seat 3: 544cdd8d folded before Flop (didn't bet)
Seat 4: 169050b1 (button) folded before Flop (didn't bet)
Seat 5: 52ff43e8 (small blind) folded before Flop
Seat 6: c09acb5a (big blind) folded before Flop


Poker Hand #HD1744845112: Hold'em No Limit ($0.02/$0.05) - 2024/04/24 19:01:03
Table 'NLHBlue3' 6-max Seat #3 is the button
Seat 1: Hero ($5.41 in chips)
Seat 2: b5506fde ($3.31 in chips)
Seat 3: 544cdd8d ($5.18 in chips)
Seat 4: 169050b1 ($5 in chips)
Seat 5: 52ff43e8 ($6.39 in chips)
Seat 6: c09acb5a ($5 in chips)
169050b1: posts small blind $0.02
52ff43e8: posts big blind $0.05
*** HOLE CARDS ***
Dealt to Hero [Qh 4s]
Dealt to b5506fde 
Dealt to 544cdd8d 
Dealt to 169050b1 
Dealt to 52ff43e8 
Dealt to c09acb5a 
c09acb5a: folds
Hero: folds
b5506fde: raises $0.05 to $0.1
544cdd8d: folds
169050b1: folds
52ff43e8: calls $0.05
*** FLOP *** [5h 6s Th]
52ff43e8: checks
b5506fde: checks
*** TURN *** [5h 6s Th] [4h]
52ff43e8: checks
b5506fde: checks
*** RIVER *** [5h 6s Th 4h] [9d]
52ff43e8: bets $0.17
b5506fde: folds
Uncalled bet ($0.17) returned to 52ff43e8
*** SHOWDOWN ***
52ff43e8 collected $0.21 from pot
*** SUMMARY ***
Total pot $0.22 | Rake $0.01 | Jackpot $0 | Bingo $0 | Fortune $0 | Tax $0
Board [5h 6s Th 4h 9d]
Seat 1: Hero folded before Flop (didn't bet)
Seat 2: b5506fde folded on the River
Seat 3: 544cdd8d (button) folded before Flop (didn't bet)
Seat 4: 169050b1 (small blind) folded before Flop
Seat 5: 52ff43e8 (big blind) won ($0.21)
Seat 6: c09acb5a folded before Flop (didn't bet)


Poker Hand #HD1744845075: Hold'em No Limit ($0.02/$0.05) - 2024/04/24 19:00:49
Table 'NLHBlue3' 6-max Seat #2 is the button
Seat 1: Hero ($5.41 in chips)
Seat 2: b5506fde ($3.24 in chips)
Seat 3: 544cdd8d ($5.2 in chips)
Seat 4: 169050b1 ($5 in chips)
Seat 5: 52ff43e8 ($6.39 in chips)
Seat 6: c09acb5a ($5 in chips)
544cdd8d: posts small blind $0.02
169050b1: posts big blind $0.05
*** HOLE CARDS ***
Dealt to Hero [Qh 2s]
Dealt to b5506fde 
Dealt to 544cdd8d 
Dealt to 169050b1 
Dealt to 52ff43e8 
Dealt to c09acb5a 
52ff43e8: folds
c09acb5a: folds
Hero: folds
b5506fde: raises $0.05 to $0.1
544cdd8d: folds
169050b1: folds
Uncalled bet ($0.05) returned to b5506fde
*** SHOWDOWN ***
b5506fde collected $0.12 from pot
*** SUMMARY ***
Total pot $0.12 | Rake $0 | Jackpot $0 | Bingo $0 | Fortune $0 | Tax $0
Seat 1: Hero folded before Flop (didn't bet)
Seat 2: b5506fde (button) collected ($0.12)
Seat 3: 544cdd8d (small blind) folded before Flop
Seat 4: 169050b1 (big blind) folded before Flop
Seat 5: 52ff43e8 folded before Flop (didn't bet)
Seat 6: c09acb5a folded before Flop (didn't bet)


Poker Hand #HD1744844971: Hold'em No Limit ($0.02/$0.05) - 2024/04/24 19:00:04
Table 'NLHBlue3' 6-max Seat #1 is the button
Seat 1: Hero ($5.16 in chips)
Seat 2: b5506fde ($3.46 in chips)
Seat 3: 544cdd8d ($5.25 in chips)
Seat 4: 169050b1 ($5 in chips)
Seat 5: 52ff43e8 ($6.39 in chips)
Seat 6: c09acb5a ($5 in chips)
b5506fde: posts small blind $0.02
544cdd8d: posts big blind $0.05
*** HOLE CARDS ***
Dealt to Hero [9h 7h]
Dealt to b5506fde 
Dealt to 544cdd8d 
Dealt to 169050b1 
Dealt to 52ff43e8 
Dealt to c09acb5a 
169050b1: folds
52ff43e8: folds
c09acb5a: folds
Hero: raises $0.07 to $0.12
b5506fde: calls $0.1
544cdd8d: folds
*** FLOP *** [4d Jc 8c]
b5506fde: checks
Hero: bets $0.1
b5506fde: calls $0.1
*** TURN *** [4d Jc 8c] [Kc]
b5506fde: checks
Hero: checks
*** RIVER *** [4d Jc 8c Kc] [Ts]
b5506fde: checks
Hero: bets $0.33
b5506fde: folds
Uncalled bet ($0.33) returned to Hero
*** SHOWDOWN ***
Hero collected $0.47 from pot
*** SUMMARY ***
Total pot $0.49 | Rake $0.02 | Jackpot $0 | Bingo $0 | Fortune $0 | Tax $0
Board [4d Jc 8c Kc Ts]
Seat 1: Hero (button) won ($0.47)
Seat 2: b5506fde (small blind) folded on the River
Seat 3: 544cdd8d (big blind) folded before Flop
Seat 4: 169050b1 folded before Flop (didn't bet)
Seat 5: 52ff43e8 folded before Flop (didn't bet)
Seat 6: c09acb5a folded before Flop (didn't bet)


Poker Hand #HD1744844948: Hold'em No Limit ($0.02/$0.05) - 2024/04/24 18:59:53
Table 'NLHBlue3' 6-max Seat #6 is the button
Seat 1: Hero ($5.18 in chips)
Seat 2: b5506fde ($3.44 in chips)
Seat 3: 544cdd8d ($5.25 in chips)
Seat 4: 169050b1 ($5 in chips)
Seat 5: 52ff43e8 ($6.39 in chips)
Seat 6: c09acb5a ($5 in chips)
Hero: posts small blind $0.02
b5506fde: posts big blind $0.05
*** HOLE CARDS ***
Dealt to Hero [Qh 6c]
Dealt to b5506fde 
Dealt to 544cdd8d 
Dealt to 169050b1 
Dealt to 52ff43e8 
Dealt to c09acb5a 
544cdd8d: folds
169050b1: folds
52ff43e8: folds
c09acb5a: folds
Hero: folds
Uncalled bet ($0.03) returned to b5506fde
*** SHOWDOWN ***
b5506fde collected $0.04 from pot
*** SUMMARY ***
Total pot $0.04 | Rake $0 | Jackpot $0 | Bingo $0 | Fortune $0 | Tax $0
Seat 1: Hero (small blind) folded before Flop
Seat 2: b5506fde (big blind) collected ($0.04)
Seat 3: 544cdd8d folded before Flop (didn't bet)
Seat 4: 169050b1 folded before Flop (didn't bet)
Seat 5: 52ff43e8 folded before Flop (didn't bet)
Seat 6: c09acb5a (button) folded before Flop (didn't bet)


Poker Hand #HD1744844858: Hold'em No Limit ($0.02/$0.05) - 2024/04/24 18:59:15
Table 'NLHBlue3' 6-max Seat #5 is the button
Seat 1: Hero ($5.23 in chips)
Seat 2: b5506fde ($3.37 in chips)
Seat 3: 544cdd8d ($5.25 in chips)
Seat 4: 169050b1 ($5 in chips)
Seat 5: 52ff43e8 ($6.39 in chips)
Seat 6: c09acb5a ($5 in chips)
c09acb5a: posts small blind $0.02
Hero: posts big blind $0.05
*** HOLE CARDS ***
Dealt to Hero [9s Kh]
Dealt to b5506fde 
Dealt to 544cdd8d 
Dealt to 169050b1 
Dealt to 52ff43e8 
Dealt to c09acb5a 
b5506fde: calls $0.05
544cdd8d: folds
169050b1: folds
52ff43e8: folds
c09acb5a: folds
Hero: checks
*** FLOP *** [8h 3s Qd]
Hero: checks
b5506fde: checks
*** TURN *** [8h 3s Qd] [8d]
Hero: checks
b5506fde: checks
*** RIVER *** [8h 3s Qd 8d] [6d]
Hero: checks
b5506fde: checks
Hero: shows [9s Kh] (Pair of Eights)
b5506fde: shows [5s 6c] (Pair of Eights and Pair of Sixes)
*** SHOWDOWN ***
b5506fde collected $0.12 from pot
*** SUMMARY ***
Total pot $0.12 | Rake $0 | Jackpot $0 | Bingo $0 | Fortune $0 | Tax $0
Board [8h 3s Qd 8d 6d]
Seat 1: Hero (big blind) showed [9s Kh] and lost with Pair of Eights
Seat 2: b5506fde showed [5s 6c] and won ($0.12) with Pair of Eights and Pair of Sixes
Seat 3: 544cdd8d folded before Flop (didn't bet)
Seat 4: 169050b1 folded before Flop (didn't bet)
Seat 5: 52ff43e8 (button) folded before Flop (didn't bet)
Seat 6: c09acb5a (small blind) folded before Flop


Poker Hand #HD1744844762: Hold'em No Limit ($0.02/$0.05) - 2024/04/24 18:58:37
Table 'NLHBlue3' 6-max Seat #4 is the button
Seat 1: Hero ($5.23 in chips)
Seat 2: b5506fde ($3.3 in chips)
Seat 3: 544cdd8d ($5.25 in chips)
Seat 4: 169050b1 ($5 in chips)
Seat 5: 52ff43e8 ($6.41 in chips)
Seat 6: c09acb5a ($5 in chips)
52ff43e8: posts small blind $0.02
c09acb5a: posts big blind $0.05
*** HOLE CARDS ***
Dealt to Hero [Jd 7c]
Dealt to b5506fde 
Dealt to 544cdd8d 
Dealt to 169050b1 
Dealt to 52ff43e8 
Dealt to c09acb5a 
Hero: folds
b5506fde: calls $0.05
544cdd8d: folds
169050b1: folds
52ff43e8: folds
c09acb5a: checks
*** FLOP *** [3d Ks 6s]
c09acb5a: checks
b5506fde: checks
*** TURN *** [3d Ks 6s] [9h]
c09acb5a: checks
b5506fde: checks
*** RIVER *** [3d Ks 6s 9h] [Qc]
c09acb5a: checks
b5506fde: checks
c09acb5a: shows [8c 2d] (King-High)
b5506fde: shows [6h 2h] (Pair of Sixes)
*** SHOWDOWN ***
b5506fde collected $0.12 from pot
*** SUMMARY ***
Total pot $0.12 | Rake $0 | Jackpot $0 | Bingo $0 | Fortune $0 | Tax $0
Board [3d Ks 6s 9h Qc]
Seat 1: Hero folded before Flop (didn't bet)
Seat 2: b5506fde showed [6h 2h] and won ($0.12) with Pair of Sixes
Seat 3: 544cdd8d folded before Flop (didn't bet)
Seat 4: 169050b1 (button) folded before Flop (didn't bet)
Seat 5: 52ff43e8 (small blind) folded before Flop
Seat 6: c09acb5a (big blind) showed [8c 2d] and lost with King-High


Poker Hand #HD1744844659: Hold'em No Limit ($0.02/$0.05) - 2024/04/24 18:57:48
Table 'NLHBlue3' 6-max Seat #3 is the button
Seat 1: Hero ($5.23 in chips)
Seat 2: b5506fde ($3.35 in chips)
Seat 3: 544cdd8d ($5.25 in chips)
Seat 4: 169050b1 ($5 in chips)
Seat 5: 52ff43e8 ($6.34 in chips)
Seat 6: c09acb5a ($5 in chips)
169050b1: posts small blind $0.02
52ff43e8: posts big blind $0.05
*** HOLE CARDS ***
Dealt to Hero [9h Tc]
Dealt to b5506fde 
Dealt to 544cdd8d 
Dealt to 169050b1 
Dealt to 52ff43e8 
Dealt to c09acb5a 
c09acb5a: folds
Hero: folds
b5506fde: calls $0.05
544cdd8d: folds
169050b1: folds
52ff43e8: checks
*** FLOP *** [7c 4h 4d]
52ff43e8: checks
b5506fde: checks
*** TURN *** [7c 4h 4d] [4s]
52ff43e8: checks
b5506fde: checks
*** RIVER *** [7c 4h 4d 4s] [Kc]
52ff43e8: checks
b5506fde: checks
52ff43e8: shows [3d Qh] (Three Fours)
b5506fde: shows [Jh 5s] (Three Fours)
*** SHOWDOWN ***
52ff43e8 collected $0.12 from pot
*** SUMMARY ***
Total pot $0.12 | Rake $0 | Jackpot $0 | Bingo $0 | Fortune $0 | Tax $0
Board [7c 4h 4d 4s Kc]
Seat 1: Hero folded before Flop (didn't bet)
Seat 2: b5506fde showed [Jh 5s] and lost with Three Fours
Seat 3: 544cdd8d (button) folded before Flop (didn't bet)
Seat 4: 169050b1 (small blind) folded before Flop
Seat 5: 52ff43e8 (big blind) showed [3d Qh] and won ($0.12) with Three Fours
Seat 6: c09acb5a folded before Flop (didn't bet)


Poker Hand #HD1744844626: Hold'em No Limit ($0.02/$0.05) - 2024/04/24 18:57:38
Table 'NLHBlue3' 6-max Seat #2 is the button
Seat 1: Hero ($5.23 in chips)
Seat 2: b5506fde ($3.28 in chips)
Seat 3: 544cdd8d ($5.27 in chips)
Seat 4: 169050b1 ($5 in chips)
Seat 5: 52ff43e8 ($6.34 in chips)
Seat 6: c09acb5a ($5 in chips)
544cdd8d: posts small blind $0.02
169050b1: posts big blind $0.05
*** HOLE CARDS ***
Dealt to Hero [2s 7s]
Dealt to b5506fde 
Dealt to 544cdd8d 
Dealt to 169050b1 
Dealt to 52ff43e8 
Dealt to c09acb5a 
52ff43e8: folds
c09acb5a: folds
Hero: folds
b5506fde: raises $0.05 to $0.1
544cdd8d: folds
169050b1: folds
Uncalled bet ($0.05) returned to b5506fde
*** SHOWDOWN ***
b5506fde collected $0.12 from pot
*** SUMMARY ***
Total pot $0.12 | Rake $0 | Jackpot $0 | Bingo $0 | Fortune $0 | Tax $0
Seat 1: Hero folded before Flop (didn't bet)
Seat 2: b5506fde (button) collected ($0.12)
Seat 3: 544cdd8d (small blind) folded before Flop
Seat 4: 169050b1 (big blind) folded before Flop
Seat 5: 52ff43e8 folded before Flop (didn't bet)
Seat 6: c09acb5a folded before Flop (didn't bet)


Poker Hand #HD1744844555: Hold'em No Limit ($0.02/$0.05) - 2024/04/24 18:57:08
Table 'NLHBlue3' 6-max Seat #1 is the button
Seat 1: Hero ($5.23 in chips)
Seat 2: b5506fde ($3.38 in chips)
Seat 3: 544cdd8d ($5.18 in chips)
Seat 5: 52ff43e8 ($6.34 in chips)
Seat 6: c09acb5a ($5 in chips)
b5506fde: posts small blind $0.02
544cdd8d: posts big blind $0.05
*** HOLE CARDS ***
Dealt to Hero [Kh 8s]
Dealt to b5506fde 
Dealt to 544cdd8d 
Dealt to 52ff43e8 
Dealt to c09acb5a 
52ff43e8: folds
c09acb5a: folds
Hero: folds
b5506fde: calls $0.03
544cdd8d: checks
*** FLOP *** [3h 2s 6c]
b5506fde: checks
544cdd8d: checks
*** TURN *** [3h 2s 6c] [3c]
b5506fde: bets $0.05
544cdd8d: calls $0.05
*** RIVER *** [3h 2s 6c 3c] [Td]
b5506fde: checks
544cdd8d: checks
b5506fde: shows [4d 8h] (Pair of Treys)
544cdd8d: shows [As 5s] (Pair of Treys)
*** SHOWDOWN ***
544cdd8d collected $0.19 from pot
*** SUMMARY ***
Total pot $0.2 | Rake $0.01 | Jackpot $0 | Bingo $0 | Fortune $0 | Tax $0
Board [3h 2s 6c 3c Td]
Seat 1: Hero (button) folded before Flop (didn't bet)
Seat 2: b5506fde (small blind) showed [4d 8h] and lost with Pair of Treys
Seat 3: 544cdd8d (big blind) showed [As 5s] and won ($0.19) with Pair of Treys
Seat 5: 52ff43e8 folded before Flop (didn't bet)
Seat 6: c09acb5a folded before Flop (didn't bet)


Poker Hand #HD1744844532: Hold'em No Limit ($0.02/$0.05) - 2024/04/24 18:56:58
Table 'NLHBlue3' 6-max Seat #6 is the button
Seat 1: Hero ($5.25 in chips)
Seat 2: b5506fde ($3.36 in chips)
Seat 3: 544cdd8d ($5.18 in chips)
Seat 5: 52ff43e8 ($6.34 in chips)
Seat 6: c09acb5a ($5 in chips)
Hero: posts small blind $0.02
b5506fde: posts big blind $0.05
*** HOLE CARDS ***
Dealt to Hero [5c 4h]
Dealt to b5506fde 
Dealt to 544cdd8d 
Dealt to 52ff43e8 
Dealt to c09acb5a 
544cdd8d: folds
52ff43e8: folds
c09acb5a: folds
Hero: folds
Uncalled bet ($0.03) returned to b5506fde
*** SHOWDOWN ***
b5506fde collected $0.04 from pot
*** SUMMARY ***
Total pot $0.04 | Rake $0 | Jackpot $0 | Bingo $0 | Fortune $0 | Tax $0
Seat 1: Hero (small blind) folded before Flop
Seat 2: b5506fde (big blind) collected ($0.04)
Seat 3: 544cdd8d folded before Flop (didn't bet)
Seat 5: 52ff43e8 folded before Flop (didn't bet)
Seat 6: c09acb5a (button) folded before Flop (didn't bet)


Poker Hand #HD1744844455: Hold'em No Limit ($0.02/$0.05) - 2024/04/24 18:56:27
Table 'NLHBlue3' 6-max Seat #5 is the button
Seat 1: Hero ($5.3 in chips)
Seat 2: b5506fde ($3.77 in chips)
Seat 3: 544cdd8d ($4.74 in chips)
Seat 5: 52ff43e8 ($6.34 in chips)
Seat 6: c09acb5a ($5 in chips)
c09acb5a: posts small blind $0.02
Hero: posts big blind $0.05
*** HOLE CARDS ***
Dealt to Hero [9c 9h]
Dealt to b5506fde 
Dealt to 544cdd8d 
Dealt to 52ff43e8 
Dealt to c09acb5a 
b5506fde: raises $0.05 to $0.1
544cdd8d: raises $0.31 to $0.41
52ff43e8: folds
c09acb5a: folds
Hero: folds
b5506fde: calls $0.31
*** FLOP *** [5s Jh Jc]
b5506fde: checks
544cdd8d: bets $0.35
b5506fde: folds
Uncalled bet ($0.35) returned to 544cdd8d
*** SHOWDOWN ***
544cdd8d collected $0.85 from pot
*** SUMMARY ***
Total pot $0.89 | Rake $0.04 | Jackpot $0 | Bingo $0 | Fortune $0 | Tax $0
Board [5s Jh Jc]
Seat 1: Hero (big blind) folded before Flop
Seat 2: b5506fde folded on the Flop
Seat 3: 544cdd8d won ($0.85)
Seat 5: 52ff43e8 (button) folded before Flop (didn't bet)
Seat 6: c09acb5a (small blind) folded before Flop


Poker Hand #HD1744844428: Hold'em No Limit ($0.02/$0.05) - 2024/04/24 18:56:16
Table 'NLHBlue3' 6-max Seat #3 is the button
Seat 1: Hero ($5.3 in chips)
Seat 2: b5506fde ($3.7 in chips)
Seat 3: 544cdd8d ($4.74 in chips)
Seat 5: 52ff43e8 ($6.36 in chips)
Seat 6: c09acb5a ($5 in chips)
52ff43e8: posts small blind $0.02
c09acb5a: posts big blind $0.05
*** HOLE CARDS ***
Dealt to Hero [3c 7s]
Dealt to b5506fde 
Dealt to 544cdd8d 
Dealt to 52ff43e8 
Dealt to c09acb5a 
Hero: folds
b5506fde: raises $0.05 to $0.1
544cdd8d: folds
52ff43e8: folds
c09acb5a: folds
Uncalled bet ($0.05) returned to b5506fde
*** SHOWDOWN ***
b5506fde collected $0.12 from pot
*** SUMMARY ***
Total pot $0.12 | Rake $0 | Jackpot $0 | Bingo $0 | Fortune $0 | Tax $0
Seat 1: Hero folded before Flop (didn't bet)
Seat 2: b5506fde collected ($0.12)
Seat 3: 544cdd8d (button) folded before Flop (didn't bet)
Seat 5: 52ff43e8 (small blind) folded before Flop
Seat 6: c09acb5a (big blind) folded before Flop


Poker Hand #HD1744844318: Hold'em No Limit ($0.02/$0.05) - 2024/04/24 18:55:31
Table 'NLHBlue3' 6-max Seat #2 is the button
Seat 1: Hero ($5.05 in chips)
Seat 2: b5506fde ($3.82 in chips)
Seat 3: 544cdd8d ($4.76 in chips)
Seat 5: 52ff43e8 ($6.48 in chips)
Seat 6: c09acb5a ($5 in chips)
544cdd8d: posts small blind $0.02
52ff43e8: posts big blind $0.05
*** HOLE CARDS ***
Dealt to Hero [Qh Qc]
Dealt to b5506fde 
Dealt to 544cdd8d 
Dealt to 52ff43e8 
Dealt to c09acb5a 
c09acb5a: folds
Hero: raises $0.07 to $0.12
b5506fde: calls $0.12
544cdd8d: folds
52ff43e8: calls $0.07
*** FLOP *** [Kd 7s 9d]
52ff43e8: checks
Hero: checks
b5506fde: checks
*** TURN *** [Kd 7s 9d] [Kh]
52ff43e8: checks
Hero: bets $0.13
b5506fde: folds
52ff43e8: folds
Uncalled bet ($0.13) returned to Hero
*** SHOWDOWN ***
Hero collected $0.37 from pot
*** SUMMARY ***
Total pot $0.38 | Rake $0.01 | Jackpot $0 | Bingo $0 | Fortune $0 | Tax $0
Board [Kd 7s 9d Kh]
Seat 1: Hero won ($0.37)
Seat 2: b5506fde (button) folded on the Turn
Seat 3: 544cdd8d (small blind) folded before Flop
Seat 5: 52ff43e8 (big blind) folded on the Turn
Seat 6: c09acb5a folded before Flop (didn't bet)


Poker Hand #HD1744844255: Hold'em No Limit ($0.02/$0.05) - 2024/04/24 18:55:03
Table 'NLHBlue3' 6-max Seat #1 is the button
Seat 1: Hero ($5.05 in chips)
Seat 2: b5506fde ($3.95 in chips)
Seat 3: 544cdd8d ($4.81 in chips)
Seat 4: b2b72edb ($16.63 in chips)
Seat 5: 52ff43e8 ($6.48 in chips)
Seat 6: c09acb5a ($5 in chips)
b5506fde: posts small blind $0.02
544cdd8d: posts big blind $0.05
*** HOLE CARDS ***
Dealt to Hero [5c 2h]
Dealt to b5506fde 
Dealt to 544cdd8d 
Dealt to b2b72edb 
Dealt to 52ff43e8 
Dealt to c09acb5a 
b2b72edb: raises $0.08 to $0.13
52ff43e8: folds
c09acb5a: folds
Hero: folds
b5506fde: calls $0.11
544cdd8d: folds
*** FLOP *** [Kc 9c Qc]
b5506fde: checks
b2b72edb: bets $0.1
b5506fde: folds
Uncalled bet ($0.1) returned to b2b72edb
*** SHOWDOWN ***
b2b72edb collected $0.3 from pot
*** SUMMARY ***
Total pot $0.31 | Rake $0.01 | Jackpot $0 | Bingo $0 | Fortune $0 | Tax $0
Board [Kc 9c Qc]
Seat 1: Hero (button) folded before Flop (didn't bet)
Seat 2: b5506fde (small blind) folded on the Flop
Seat 3: 544cdd8d (big blind) folded before Flop
Seat 4: b2b72edb won ($0.3)
Seat 5: 52ff43e8 folded before Flop (didn't bet)
Seat 6: c09acb5a folded before Flop (didn't bet)


Poker Hand #HD1744844143: Hold'em No Limit ($0.02/$0.05) - 2024/04/24 18:54:20
Table 'NLHBlue3' 6-max Seat #6 is the button
Seat 1: Hero ($5.07 in chips)
Seat 2: b5506fde ($3.8 in chips)
Seat 3: 544cdd8d ($4.81 in chips)
Seat 4: b2b72edb ($16.63 in chips)
Seat 5: 52ff43e8 ($6.63 in chips)
Seat 6: c09acb5a ($5 in chips)
Hero: posts small blind $0.02
b5506fde: posts big blind $0.05
*** HOLE CARDS ***
Dealt to Hero [2h 5h]
Dealt to b5506fde 
Dealt to 544cdd8d 
Dealt to b2b72edb 
Dealt to 52ff43e8 
Dealt to c09acb5a 
544cdd8d: folds
b2b72edb: folds
52ff43e8: raises $0.1 to $0.15
c09acb5a: folds
Hero: folds
b5506fde: raises $0.3 to $0.45
52ff43e8: folds
Uncalled bet ($0.3) returned to b5506fde
*** SHOWDOWN ***
b5506fde collected $0.3 from pot
*** SUMMARY ***
Total pot $0.32 | Rake $0.02 | Jackpot $0 | Bingo $0 | Fortune $0 | Tax $0
Seat 1: Hero (small blind) folded before Flop
Seat 2: b5506fde (big blind) collected ($0.3)
Seat 3: 544cdd8d folded before Flop (didn't bet)
Seat 4: b2b72edb folded before Flop (didn't bet)
Seat 5: 52ff43e8 folded before Flop
Seat 6: c09acb5a (button) folded before Flop (didn't bet)


Poker Hand #HD1744844064: Hold'em No Limit ($0.02/$0.05) - 2024/04/24 18:53:48
Table 'NLHBlue3' 6-max Seat #5 is the button
Seat 1: Hero ($5 in chips)
Seat 2: b5506fde ($3.85 in chips)
Seat 3: 544cdd8d ($4.81 in chips)
Seat 4: b2b72edb ($16.63 in chips)
Seat 5: 52ff43e8 ($6.63 in chips)
Seat 6: c09acb5a ($5 in chips)
c09acb5a: posts small blind $0.02
Hero: posts big blind $0.05
*** HOLE CARDS ***
Dealt to Hero [Qh 8c]
Dealt to b5506fde 
Dealt to 544cdd8d 
Dealt to b2b72edb 
Dealt to 52ff43e8 
Dealt to c09acb5a 
b5506fde: calls $0.05
544cdd8d: folds
b2b72edb: folds
52ff43e8: folds
c09acb5a: folds
Hero: checks
*** FLOP *** [8d 5c Qc]
Hero: checks
b5506fde: checks
*** TURN *** [8d 5c Qc] [3h]
Hero: checks
b5506fde: checks
*** RIVER *** [8d 5c Qc 3h] [Qd]
Hero: bets $0.08
b5506fde: folds
Uncalled bet ($0.08) returned to Hero
*** SHOWDOWN ***
Hero collected $0.12 from pot
*** SUMMARY ***
Total pot $0.12 | Rake $0 | Jackpot $0 | Bingo $0 | Fortune $0 | Tax $0
Board [8d 5c Qc 3h Qd]
Seat 1: Hero (big blind) won ($0.12)
Seat 2: b5506fde folded on the River
Seat 3: 544cdd8d folded before Flop (didn't bet)
Seat 4: b2b72edb folded before Flop (didn't bet)
Seat 5: 52ff43e8 (button) folded before Flop (didn't bet)
Seat 6: c09acb5a (small blind) folded before Flop


Poker Hand #HD1744843882: Hold'em No Limit ($0.02/$0.05) - 2024/04/24 18:52:41
Table 'NLHBlue3' 6-max Seat #4 is the button
Seat 1: Hero ($5.16 in chips)
Seat 2: b5506fde ($3.85 in chips)
Seat 3: 544cdd8d ($4.81 in chips)
Seat 4: b2b72edb ($15.01 in chips)
Seat 5: 52ff43e8 ($6.65 in chips)
Seat 6: c09acb5a ($5 in chips)
52ff43e8: posts small blind $0.02
c09acb5a: posts big blind $0.05
*** HOLE CARDS ***
Dealt to Hero [Ks Ac]
Dealt to b5506fde 
Dealt to 544cdd8d 
Dealt to b2b72edb 
Dealt to 52ff43e8 
Dealt to c09acb5a 
Hero: raises $0.05 to $0.1
b5506fde: folds
544cdd8d: folds
b2b72edb: raises $0.25 to $0.35
52ff43e8: folds
c09acb5a: folds
Hero: raises $0.7 to $1.05
b2b72edb: calls $0.7
*** FLOP *** [7h 7d 4d]
Hero: bets $0.72
b2b72edb: calls $0.72
*** TURN *** [7h 7d 4d] [Jd]
Hero: checks
b2b72edb: bets $1.2
Hero: folds
Uncalled bet ($1.2) returned to b2b72edb
*** SHOWDOWN ***
b2b72edb collected $3.39 from pot
*** SUMMARY ***
Total pot $3.61 | Rake $0.17 | Jackpot $0.05 | Bingo $0 | Fortune $0 | Tax $0
Board [7h 7d 4d Jd]
Seat 1: Hero folded on the Turn
Seat 2: b5506fde folded before Flop (didn't bet)
Seat 3: 544cdd8d folded before Flop (didn't bet)
Seat 4: b2b72edb (button) won ($3.39)
Seat 5: 52ff43e8 (small blind) folded before Flop
Seat 6: c09acb5a (big blind) folded before Flop


Poker Hand #HD1744843739: Hold'em No Limit ($0.02/$0.05) - 2024/04/24 18:51:41
Table 'NLHBlue3' 6-max Seat #3 is the button
Seat 1: Hero ($5.16 in chips)
Seat 2: b5506fde ($3.74 in chips)
Seat 3: 544cdd8d ($4.81 in chips)
Seat 4: b2b72edb ($15.03 in chips)
Seat 5: 52ff43e8 ($6.75 in chips)
b2b72edb: posts small blind $0.02
52ff43e8: posts big blind $0.05
*** HOLE CARDS ***
Dealt to Hero [Qh 7s]
Dealt to b5506fde 
Dealt to 544cdd8d 
Dealt to b2b72edb 
Dealt to 52ff43e8 
Hero: folds
b5506fde: raises $0.05 to $0.1
544cdd8d: folds
b2b72edb: folds
52ff43e8: calls $0.05
*** FLOP *** [5d Tc Ts]
52ff43e8: checks
b5506fde: checks
*** TURN *** [5d Tc Ts] [2s]
52ff43e8: checks
b5506fde: checks
*** RIVER *** [5d Tc Ts 2s] [4c]
52ff43e8: checks
b5506fde: checks
52ff43e8: shows [8d Qd] (Pair of Tens)
b5506fde: shows [Ad 9h] (Pair of Tens)
*** SHOWDOWN ***
b5506fde collected $0.21 from pot
*** SUMMARY ***
Total pot $0.22 | Rake $0.01 | Jackpot $0 | Bingo $0 | Fortune $0 | Tax $0
Board [5d Tc Ts 2s 4c]
Seat 1: Hero folded before Flop (didn't bet)
Seat 2: b5506fde showed [Ad 9h] and won ($0.21) with Pair of Tens
Seat 3: 544cdd8d (button) folded before Flop (didn't bet)
Seat 4: b2b72edb (small blind) folded before Flop
Seat 5: 52ff43e8 (big blind) showed [8d Qd] and lost with Pair of Tens


Poker Hand #HD1744843664: Hold'em No Limit ($0.02/$0.05) - 2024/04/24 18:51:09
Table 'NLHBlue3' 6-max Seat #2 is the button
Seat 1: Hero ($5.16 in chips)
Seat 2: b5506fde ($3.89 in chips)
Seat 3: 544cdd8d ($4.83 in chips)
Seat 4: b2b72edb ($15.18 in chips)
Seat 5: 52ff43e8 ($6.45 in chips)
544cdd8d: posts small blind $0.02
b2b72edb: posts big blind $0.05
*** HOLE CARDS ***
Dealt to Hero [3h 2s]
Dealt to b5506fde 
Dealt to 544cdd8d 
Dealt to b2b72edb 
Dealt to 52ff43e8 
52ff43e8: raises $0.1 to $0.15
Hero: folds
b5506fde: calls $0.15
544cdd8d: folds
b2b72edb: calls $0.1
*** FLOP *** [5h Kd 3s]
b2b72edb: checks
52ff43e8: bets $0.16
b5506fde: folds
b2b72edb: folds
Uncalled bet ($0.16) returned to 52ff43e8
*** SHOWDOWN ***
52ff43e8 collected $0.45 from pot
*** SUMMARY ***
Total pot $0.47 | Rake $0.02 | Jackpot $0 | Bingo $0 | Fortune $0 | Tax $0
Board [5h Kd 3s]
Seat 1: Hero folded before Flop (didn't bet)
Seat 2: b5506fde (button) folded on the Flop
Seat 3: 544cdd8d (small blind) folded before Flop
Seat 4: b2b72edb (big blind) folded on the Flop
Seat 5: 52ff43e8 won ($0.45)


Poker Hand #HD1744843574: Hold'em No Limit ($0.02/$0.05) - 2024/04/24 18:50:29
Table 'NLHBlue3' 6-max Seat #1 is the button
Seat 1: Hero ($5 in chips)
Seat 2: b5506fde ($4.01 in chips)
Seat 3: 544cdd8d ($4.88 in chips)
Seat 4: b2b72edb ($15.18 in chips)
Seat 5: 52ff43e8 ($6.45 in chips)
b5506fde: posts small blind $0.02
544cdd8d: posts big blind $0.05
*** HOLE CARDS ***
Dealt to Hero [9h 9c]
Dealt to b5506fde 
Dealt to 544cdd8d 
Dealt to b2b72edb 
Dealt to 52ff43e8 
b2b72edb: folds
52ff43e8: folds
Hero: raises $0.07 to $0.12
b5506fde: calls $0.1
544cdd8d: folds
*** FLOP *** [Qd 8s 4c]
b5506fde: checks
Hero: checks
*** TURN *** [Qd 8s 4c] [3s]
b5506fde: checks
Hero: checks
*** RIVER *** [Qd 8s 4c 3s] [Ac]
b5506fde: checks
Hero: checks
b5506fde: shows [9s 6d] (Ace-High)
Hero: shows [9h 9c] (Pair of Nines)
*** SHOWDOWN ***
Hero collected $0.28 from pot
*** SUMMARY ***
Total pot $0.29 | Rake $0.01 | Jackpot $0 | Bingo $0 | Fortune $0 | Tax $0
Board [Qd 8s 4c 3s Ac]
Seat 1: Hero (button) showed [9h 9c] and won ($0.28) with Pair of Nines
Seat 2: b5506fde (small blind) showed [9s 6d] and lost with Ace-High
Seat 3: 544cdd8d (big blind) folded before Flop
Seat 4: b2b72edb folded before Flop (didn't bet)
Seat 5: 52ff43e8 folded before Flop (didn't bet)


Poker Hand #HD1744843532: Hold'em No Limit ($0.02/$0.05) - 2024/04/24 18:50:14
Table 'NLHBlue3' 6-max Seat #5 is the button
Seat 1: Hero ($5 in chips)
Seat 2: b5506fde ($3.99 in chips)
Seat 3: 544cdd8d ($4.88 in chips)
Seat 4: b2b72edb ($15.18 in chips)
Seat 5: 52ff43e8 ($6.45 in chips)
Hero: posts small blind $0.02
b5506fde: posts big blind $0.05
*** HOLE CARDS ***
Dealt to Hero [7d Qh]
Dealt to b5506fde 
Dealt to 544cdd8d 
Dealt to b2b72edb 
Dealt to 52ff43e8 
544cdd8d: folds
b2b72edb: folds
52ff43e8: folds
Hero: folds
Uncalled bet ($0.03) returned to b5506fde
*** SHOWDOWN ***
b5506fde collected $0.04 from pot
*** SUMMARY ***
Total pot $0.04 | Rake $0 | Jackpot $0 | Bingo $0 | Fortune $0 | Tax $0
Seat 1: Hero (small blind) folded before Flop
Seat 2: b5506fde (big blind) collected ($0.04)
Seat 3: 544cdd8d folded before Flop (didn't bet)
Seat 4: b2b72edb folded before Flop (didn't bet)
Seat 5: 52ff43e8 (button) folded before Flop (didn't bet)


Poker Hand #HD1744843404: Hold'em No Limit ($0.02/$0.05) - 2024/04/24 18:49:21
Table 'NLHBlue3' 6-max Seat #4 is the button
Seat 1: Hero ($5 in chips)
Seat 2: b5506fde ($4.09 in chips)
Seat 3: 544cdd8d ($4.88 in chips)
Seat 4: b2b72edb ($15.18 in chips)
Seat 5: 52ff43e8 ($6.31 in chips)
Seat 6: 441fd9c7 ($12.16 in chips)
52ff43e8: posts small blind $0.02
441fd9c7: posts big blind $0.05
*** HOLE CARDS ***
Dealt to Hero [4d Kd]
Dealt to b5506fde 
Dealt to 544cdd8d 
Dealt to b2b72edb 
Dealt to 52ff43e8 
Dealt to 441fd9c7 
Hero: folds
b5506fde: raises $0.05 to $0.1
544cdd8d: folds
b2b72edb: folds
52ff43e8: calls $0.08
441fd9c7: folds
*** FLOP *** [Jh 7s Kh]
52ff43e8: checks
b5506fde: checks
*** TURN *** [Jh 7s Kh] [2c]
52ff43e8: checks
b5506fde: checks
*** RIVER *** [Jh 7s Kh 2c] [As]
52ff43e8: checks
b5506fde: checks
52ff43e8: shows [5d Ad] (Pair of Aces)
b5506fde: shows [5c 9d] (Ace-High)
*** SHOWDOWN ***
52ff43e8 collected $0.24 from pot
*** SUMMARY ***
Total pot $0.25 | Rake $0.01 | Jackpot $0 | Bingo $0 | Fortune $0 | Tax $0
Board [Jh 7s Kh 2c As]
Seat 1: Hero folded before Flop (didn't bet)
Seat 2: b5506fde showed [5c 9d] and lost with Ace-High
Seat 3: 544cdd8d folded before Flop (didn't bet)
Seat 4: b2b72edb (button) folded before Flop (didn't bet)
Seat 5: 52ff43e8 (small blind) showed [5d Ad] and won ($0.24) with Pair of Aces
Seat 6: 441fd9c7 (big blind) folded before Flop


Poker Hand #HD1744843224: Hold'em No Limit ($0.02/$0.05) - 2024/04/24 18:48:13
Table 'NLHBlue3' 6-max Seat #3 is the button
Seat 1: Hero ($5 in chips)
Seat 2: b5506fde ($1.94 in chips)
Seat 3: 544cdd8d ($4.88 in chips)
Seat 4: b2b72edb ($15.2 in chips)
Seat 5: 52ff43e8 ($6.81 in chips)
Seat 6: 441fd9c7 ($12.16 in chips)
b2b72edb: posts small blind $0.02
52ff43e8: posts big blind $0.05
*** HOLE CARDS ***
Dealt to Hero [Ah Ac]
Dealt to b5506fde 
Dealt to 544cdd8d 
Dealt to b2b72edb 
Dealt to 52ff43e8 
Dealt to 441fd9c7 
441fd9c7: folds
Hero: raises $0.05 to $0.1
b5506fde: calls $0.1
544cdd8d: folds
b2b72edb: folds
52ff43e8: raises $0.4 to $0.5
Hero: raises $4.5 to $5 and is all-in
b5506fde: calls $1.84 and is all-in
52ff43e8: folds
Uncalled bet ($3.06) returned to Hero
Hero: shows [Ah Ac]
b5506fde: shows [6c 6s]
*** FLOP *** [Kh 7c 6d]
*** TURN *** [Kh 7c 6d] [8c]
*** RIVER *** [Kh 7c 6d 8c] [3d]
*** SHOWDOWN ***
b5506fde collected $4.09 from pot
*** SUMMARY ***
Total pot $4.4 | Rake $0.26 | Jackpot $0.05 | Bingo $0 | Fortune $0 | Tax $0
Board [Kh 7c 6d 8c 3d]
Seat 1: Hero showed [Ah Ac] and lost with Pair of Aces
Seat 2: b5506fde showed [6c 6s] and won ($4.09) with Three Sixes
Seat 3: 544cdd8d (button) folded before Flop (didn't bet)
Seat 4: b2b72edb (small blind) folded before Flop
Seat 5: 52ff43e8 (big blind) folded before Flop
Seat 6: 441fd9c7 folded before Flop (didn't bet)


Poker Hand #HD1744843144: Hold'em No Limit ($0.02/$0.05) - 2024/04/24 18:47:41
Table 'NLHBlue3' 6-max Seat #2 is the button
Seat 1: Hero ($5 in chips)
Seat 2: b5506fde ($1.99 in chips)
Seat 3: 544cdd8d ($4.9 in chips)
Seat 4: b2b72edb ($15.13 in chips)
Seat 5: 52ff43e8 ($6.81 in chips)
Seat 6: 441fd9c7 ($12.16 in chips)
544cdd8d: posts small blind $0.02
b2b72edb: posts big blind $0.05
*** HOLE CARDS ***
Dealt to Hero [3h 5d]
Dealt to b5506fde 
Dealt to 544cdd8d 
Dealt to b2b72edb 
Dealt to 52ff43e8 
Dealt to 441fd9c7 
52ff43e8: folds
441fd9c7: folds
Hero: folds
b5506fde: calls $0.05
544cdd8d: folds
b2b72edb: checks
*** FLOP *** [Ts Th Tc]
b2b72edb: checks
b5506fde: checks
*** TURN *** [Ts Th Tc] [4c]
b2b72edb: checks
b5506fde: checks
*** RIVER *** [Ts Th Tc 4c] [7h]
b2b72edb: checks
b5506fde: checks
b2b72edb: shows [2c Ac] (Three Tens)
b5506fde: shows [9c Kh] (Three Tens)
*** SHOWDOWN ***
b2b72edb collected $0.12 from pot
*** SUMMARY ***
Total pot $0.12 | Rake $0 | Jackpot $0 | Bingo $0 | Fortune $0 | Tax $0
Board [Ts Th Tc 4c 7h]
Seat 1: Hero folded before Flop (didn't bet)
Seat 2: b5506fde (button) showed [9c Kh] and lost with Three Tens
Seat 3: 544cdd8d (small blind) folded before Flop
Seat 4: b2b72edb (big blind) showed [2c Ac] and won ($0.12) with Three Tens
Seat 5: 52ff43e8 folded before Flop (didn't bet)
Seat 6: 441fd9c7 folded before Flop (didn't bet)


Poker Hand #HD1744843059: Hold'em No Limit ($0.02/$0.05) - 2024/04/24 18:47:07
Table 'NLHBlue3' 6-max Seat #1 is the button
Seat 1: Hero ($5 in chips)
Seat 2: b5506fde ($1.8 in chips)
Seat 3: 544cdd8d ($5 in chips)
Seat 4: b2b72edb ($15.13 in chips)
Seat 5: 52ff43e8 ($6.81 in chips)
Seat 6: 441fd9c7 ($12.26 in chips)
b5506fde: posts small blind $0.02
544cdd8d: posts big blind $0.05
*** HOLE CARDS ***
Dealt to Hero [3d Tc]
Dealt to b5506fde 
Dealt to 544cdd8d 
Dealt to b2b72edb 
Dealt to 52ff43e8 
Dealt to 441fd9c7 
b2b72edb: folds
52ff43e8: folds
441fd9c7: raises $0.05 to $0.1
Hero: folds
b5506fde: calls $0.08
544cdd8d: calls $0.05
*** FLOP *** [Kc 5s 6c]
b5506fde: checks
544cdd8d: checks
441fd9c7: checks
*** TURN *** [Kc 5s 6c] [Ts]
b5506fde: bets $0.15
544cdd8d: folds
441fd9c7: folds
Uncalled bet ($0.15) returned to b5506fde
*** SHOWDOWN ***
b5506fde collected $0.29 from pot
*** SUMMARY ***
Total pot $0.3 | Rake $0.01 | Jackpot $0 | Bingo $0 | Fortune $0 | Tax $0
Board [Kc 5s 6c Ts]
Seat 1: Hero (button) folded before Flop (didn't bet)
Seat 2: b5506fde (small blind) won ($0.29)
Seat 3: 544cdd8d (big blind) folded on the Turn
Seat 4: b2b72edb folded before Flop (didn't bet)
Seat 5: 52ff43e8 folded before Flop (didn't bet)
Seat 6: 441fd9c7 folded on the Turn


Poker Hand #HD1744842932: Hold'em No Limit ($0.02/$0.05) - 2024/04/24 18:46:22
Table 'NLHBlue3' 6-max Seat #6 is the button
Seat 1: Hero ($5 in chips)
Seat 2: b5506fde ($2.75 in chips)
Seat 3: 544cdd8d ($5 in chips)
Seat 4: b2b72edb ($14.3 in chips)
Seat 5: 52ff43e8 ($6.81 in chips)
Seat 6: 441fd9c7 ($12.26 in chips)
Hero: posts small blind $0.02
b5506fde: posts big blind $0.05
*** HOLE CARDS ***
Dealt to Hero [2c Th]
Dealt to b5506fde 
Dealt to 544cdd8d 
Dealt to b2b72edb 
Dealt to 52ff43e8 
Dealt to 441fd9c7 
544cdd8d: folds
b2b72edb: raises $0.08 to $0.13
52ff43e8: folds
441fd9c7: folds
Hero: folds
b5506fde: calls $0.08
*** FLOP *** [3c 6d 4d]
b5506fde: checks
b2b72edb: bets $0.1
b5506fde: calls $0.1
*** TURN *** [3c 6d 4d] [As]
b5506fde: bets $0.24
b2b72edb: calls $0.24
*** RIVER *** [3c 6d 4d As] [Ad]
b5506fde: bets $0.48
b2b72edb: calls $0.48
b5506fde: shows [2d 5h] (Sixes-High Straight)
b2b72edb: shows [8d 9d] (Ace High Flush)
*** SHOWDOWN ***
b2b72edb collected $1.78 from pot
*** SUMMARY ***
Total pot $1.92 | Rake $0.09 | Jackpot $0.05 | Bingo $0 | Fortune $0 | Tax $0
Board [3c 6d 4d As Ad]
Seat 1: Hero (small blind) folded before Flop
Seat 2: b5506fde (big blind) showed [2d 5h] and lost with Sixes-High Straight
Seat 3: 544cdd8d folded before Flop (didn't bet)
Seat 4: b2b72edb showed [8d 9d] and won ($1.78) with Ace High Flush
Seat 5: 52ff43e8 folded before Flop (didn't bet)
Seat 6: 441fd9c7 (button) folded before Flop (didn't bet)


Poker Hand #HD1744842893: Hold'em No Limit ($0.02/$0.05) - 2024/04/24 18:46:05
Table 'NLHBlue3' 6-max Seat #5 is the button
Seat 1: Hero ($5 in chips)
Seat 2: b5506fde ($2.75 in chips)
Seat 3: 544cdd8d ($4.93 in chips)
Seat 4: b2b72edb ($14.3 in chips)
Seat 5: 52ff43e8 ($6.81 in chips)
Seat 6: 441fd9c7 ($12.28 in chips)
441fd9c7: posts small blind $0.02
Hero: posts big blind $0.05
*** HOLE CARDS ***
Dealt to Hero [Jc 6s]
Dealt to b5506fde 
Dealt to 544cdd8d 
Dealt to b2b72edb 
Dealt to 52ff43e8 
Dealt to 441fd9c7 
b5506fde: folds
544cdd8d: raises $0.08 to $0.13
b2b72edb: folds
52ff43e8: folds
441fd9c7: folds
Hero: folds
Uncalled bet ($0.08) returned to 544cdd8d
*** SHOWDOWN ***
544cdd8d collected $0.12 from pot
*** SUMMARY ***
Total pot $0.12 | Rake $0 | Jackpot $0 | Bingo $0 | Fortune $0 | Tax $0
Seat 1: Hero (big blind) folded before Flop
Seat 2: b5506fde folded before Flop (didn't bet)
Seat 3: 544cdd8d collected ($0.12)
Seat 4: b2b72edb folded before Flop (didn't bet)
Seat 5: 52ff43e8 (button) folded before Flop (didn't bet)
Seat 6: 441fd9c7 (small blind) folded before Flop


Poker Hand #HD1744842800: Hold'em No Limit ($0.02/$0.05) - 2024/04/24 18:45:34
Table 'NLHBlue3' 6-max Seat #4 is the button
Seat 1: Hero ($5 in chips)
Seat 2: b5506fde ($2.85 in chips)
Seat 3: 544cdd8d ($4.93 in chips)
Seat 4: b2b72edb ($14.3 in chips)
Seat 5: 52ff43e8 ($6.83 in chips)
Seat 6: 441fd9c7 ($12.17 in chips)
52ff43e8: posts small blind $0.02
441fd9c7: posts big blind $0.05
*** HOLE CARDS ***
Dealt to Hero [8c Kc]
Dealt to b5506fde 
Dealt to 544cdd8d 
Dealt to b2b72edb 
Dealt to 52ff43e8 
Dealt to 441fd9c7 
Hero: folds
b5506fde: raises $0.05 to $0.1
544cdd8d: folds
b2b72edb: folds
52ff43e8: folds
441fd9c7: calls $0.05
*** FLOP *** [9d Jd Ah]
441fd9c7: checks
b5506fde: checks
*** TURN *** [9d Jd Ah] [3s]
441fd9c7: checks
b5506fde: checks
*** RIVER *** [9d Jd Ah 3s] [2d]
441fd9c7: checks
b5506fde: checks
441fd9c7: shows [Qh Kd] (Ace-High)
b5506fde: shows [Tc Ks] (Ace-High)
*** SHOWDOWN ***
441fd9c7 collected $0.21 from pot
*** SUMMARY ***
Total pot $0.22 | Rake $0.01 | Jackpot $0 | Bingo $0 | Fortune $0 | Tax $0
Board [9d Jd Ah 3s 2d]
Seat 1: Hero folded before Flop (didn't bet)
Seat 2: b5506fde showed [Tc Ks] and lost with Ace-High
Seat 3: 544cdd8d folded before Flop (didn't bet)
Seat 4: b2b72edb (button) folded before Flop (didn't bet)
Seat 5: 52ff43e8 (small blind) folded before Flop
Seat 6: 441fd9c7 (big blind) showed [Qh Kd] and won ($0.21) with Ace-High


Poker Hand #HD1744842695: Hold'em No Limit ($0.02/$0.05) - 2024/04/24 18:44:55
Table 'NLHBlue3' 6-max Seat #3 is the button
Seat 1: Hero ($5 in chips)
Seat 2: b5506fde ($2.85 in chips)
Seat 3: 544cdd8d ($5.06 in chips)
Seat 4: b2b72edb ($14.32 in chips)
Seat 5: 52ff43e8 ($6.69 in chips)
Seat 6: 441fd9c7 ($12.17 in chips)
b2b72edb: posts small blind $0.02
52ff43e8: posts big blind $0.05
*** HOLE CARDS ***
Dealt to Hero [Kc 2h]
Dealt to b5506fde 
Dealt to 544cdd8d 
Dealt to b2b72edb 
Dealt to 52ff43e8 
Dealt to 441fd9c7 
441fd9c7: folds
Hero: folds
b5506fde: folds
544cdd8d: raises $0.08 to $0.13
b2b72edb: folds
52ff43e8: raises $0.32 to $0.45
544cdd8d: folds
Uncalled bet ($0.32) returned to 52ff43e8
*** SHOWDOWN ***
52ff43e8 collected $0.27 from pot
*** SUMMARY ***
Total pot $0.28 | Rake $0.01 | Jackpot $0 | Bingo $0 | Fortune $0 | Tax $0
Seat 1: Hero folded before Flop (didn't bet)
Seat 2: b5506fde folded before Flop (didn't bet)
Seat 3: 544cdd8d (button) folded before Flop
Seat 4: b2b72edb (small blind) folded before Flop
Seat 5: 52ff43e8 (big blind) collected ($0.27)
Seat 6: 441fd9c7 folded before Flop (didn't bet)


Poker Hand #HD1744842624: Hold'em No Limit ($0.02/$0.05) - 2024/04/24 18:44:25
Table 'NLHBlue3' 6-max Seat #2 is the button
Seat 1: Hero ($5.08 in chips)
Seat 2: b5506fde ($2.67 in chips)
Seat 3: 544cdd8d ($5.08 in chips)
Seat 4: b2b72edb ($14.37 in chips)
Seat 5: 52ff43e8 ($6.69 in chips)
Seat 6: 441fd9c7 ($12.17 in chips)
544cdd8d: posts small blind $0.02
b2b72edb: posts big blind $0.05
*** HOLE CARDS ***
Dealt to Hero [Qd Ad]
Dealt to b5506fde 
Dealt to 544cdd8d 
Dealt to b2b72edb 
Dealt to 52ff43e8 
Dealt to 441fd9c7 
52ff43e8: folds
441fd9c7: folds
Hero: raises $0.07 to $0.12
b5506fde: calls $0.12
544cdd8d: folds
b2b72edb: folds
*** FLOP *** [8h 2c 5s]
Hero: checks
b5506fde: checks
*** TURN *** [8h 2c 5s] [9s]
Hero: checks
b5506fde: bets $0.15
Hero: folds
Uncalled bet ($0.15) returned to b5506fde
*** SHOWDOWN ***
b5506fde collected $0.3 from pot
*** SUMMARY ***
Total pot $0.31 | Rake $0.01 | Jackpot $0 | Bingo $0 | Fortune $0 | Tax $0
Board [8h 2c 5s 9s]
Seat 1: Hero folded on the Turn
Seat 2: b5506fde (button) won ($0.3)
Seat 3: 544cdd8d (small blind) folded before Flop
Seat 4: b2b72edb (big blind) folded before Flop
Seat 5: 52ff43e8 folded before Flop (didn't bet)
Seat 6: 441fd9c7 folded before Flop (didn't bet)


Poker Hand #HD1744842529: Hold'em No Limit ($0.02/$0.05) - 2024/04/24 18:43:50
Table 'NLHBlue3' 6-max Seat #1 is the button
Seat 1: Hero ($5.08 in chips)
Seat 2: b5506fde ($2.77 in chips)
Seat 3: 544cdd8d ($4.99 in chips)
Seat 4: b2b72edb ($14.37 in chips)
Seat 5: 52ff43e8 ($6.69 in chips)
Seat 6: 441fd9c7 ($12.17 in chips)
b5506fde: posts small blind $0.02
544cdd8d: posts big blind $0.05
*** HOLE CARDS ***
Dealt to Hero [8s Th]
Dealt to b5506fde 
Dealt to 544cdd8d 
Dealt to b2b72edb 
Dealt to 52ff43e8 
Dealt to 441fd9c7 
b2b72edb: folds
52ff43e8: folds
441fd9c7: folds
Hero: folds
b5506fde: calls $0.03
544cdd8d: checks
*** FLOP *** [7h 6c 8d]
b5506fde: checks
544cdd8d: bets $0.05
b5506fde: calls $0.05
*** TURN *** [7h 6c 8d] [3c]
b5506fde: checks
544cdd8d: checks
*** RIVER *** [7h 6c 8d 3c] [Qc]
b5506fde: checks
544cdd8d: checks
b5506fde: shows [4h 2s] (Queen-High)
544cdd8d: shows [3h 5d] (Pair of Treys)
*** SHOWDOWN ***
544cdd8d collected $0.19 from pot
*** SUMMARY ***
Total pot $0.2 | Rake $0.01 | Jackpot $0 | Bingo $0 | Fortune $0 | Tax $0
Board [7h 6c 8d 3c Qc]
Seat 1: Hero (button) folded before Flop (didn't bet)
Seat 2: b5506fde (small blind) showed [4h 2s] and lost with Queen-High
Seat 3: 544cdd8d (big blind) showed [3h 5d] and won ($0.19) with Pair of Treys
Seat 4: b2b72edb folded before Flop (didn't bet)
Seat 5: 52ff43e8 folded before Flop (didn't bet)
Seat 6: 441fd9c7 folded before Flop (didn't bet)


Poker Hand #HD1744842461: Hold'em No Limit ($0.02/$0.05) - 2024/04/24 18:43:22
Table 'NLHBlue3' 6-max Seat #6 is the button
Seat 1: Hero ($5.1 in chips)
Seat 2: b5506fde ($2.9 in chips)
Seat 3: 544cdd8d ($4.99 in chips)
Seat 4: b2b72edb ($14.23 in chips)
Seat 5: 52ff43e8 ($6.69 in chips)
Seat 6: 441fd9c7 ($12.17 in chips)
Hero: posts small blind $0.02
b5506fde: posts big blind $0.05
*** HOLE CARDS ***
Dealt to Hero [2h 5c]
Dealt to b5506fde 
Dealt to 544cdd8d 
Dealt to b2b72edb 
Dealt to 52ff43e8 
Dealt to 441fd9c7 
544cdd8d: folds
b2b72edb: raises $0.08 to $0.13
52ff43e8: folds
441fd9c7: folds
Hero: folds
b5506fde: calls $0.08
*** FLOP *** [4s 8h 8c]
b5506fde: checks
b2b72edb: bets $0.1
b5506fde: folds
Uncalled bet ($0.1) returned to b2b72edb
*** SHOWDOWN ***
b2b72edb collected $0.27 from pot
*** SUMMARY ***
Total pot $0.28 | Rake $0.01 | Jackpot $0 | Bingo $0 | Fortune $0 | Tax $0
Board [4s 8h 8c]
Seat 1: Hero (small blind) folded before Flop
Seat 2: b5506fde (big blind) folded on the Flop
Seat 3: 544cdd8d folded before Flop (didn't bet)
Seat 4: b2b72edb won ($0.27)
Seat 5: 52ff43e8 folded before Flop (didn't bet)
Seat 6: 441fd9c7 (button) folded before Flop (didn't bet)


Poker Hand #HD1744842347: Hold'em No Limit ($0.02/$0.05) - 2024/04/24 18:42:37
Table 'NLHBlue3' 6-max Seat #5 is the button
Seat 1: Hero ($5 in chips)
Seat 2: b5506fde ($2.95 in chips)
Seat 3: 544cdd8d ($4.99 in chips)
Seat 4: b2b72edb ($14.23 in chips)
Seat 5: 52ff43e8 ($6.69 in chips)
Seat 6: 441fd9c7 ($12.22 in chips)
441fd9c7: posts small blind $0.02
Hero: posts big blind $0.05
*** HOLE CARDS ***
Dealt to Hero [8s Td]
Dealt to b5506fde 
Dealt to 544cdd8d 
Dealt to b2b72edb 
Dealt to 52ff43e8 
Dealt to 441fd9c7 
b5506fde: calls $0.05
544cdd8d: folds
b2b72edb: folds
52ff43e8: folds
441fd9c7: calls $0.03
Hero: checks
*** FLOP *** [Qd 5d 7c]
441fd9c7: checks
Hero: checks
b5506fde: checks
*** TURN *** [Qd 5d 7c] [2c]
441fd9c7: checks
Hero: checks
b5506fde: checks
*** RIVER *** [Qd 5d 7c 2c] [Th]
441fd9c7: checks
Hero: checks
b5506fde: checks
441fd9c7: shows [Js 2s] (Pair of Twos)
Hero: shows [8s Td] (Pair of Tens)
b5506fde: shows [6s 9h] (Queen-High)
*** SHOWDOWN ***
Hero collected $0.15 from pot
*** SUMMARY ***
Total pot $0.15 | Rake $0 | Jackpot $0 | Bingo $0 | Fortune $0 | Tax $0
Board [Qd 5d 7c 2c Th]
Seat 1: Hero (big blind) showed [8s Td] and won ($0.15) with Pair of Tens
Seat 2: b5506fde showed [6s 9h] and lost with Queen-High
Seat 3: 544cdd8d folded before Flop (didn't bet)
Seat 4: b2b72edb folded before Flop (didn't bet)
Seat 5: 52ff43e8 (button) folded before Flop (didn't bet)
Seat 6: 441fd9c7 (small blind) showed [Js 2s] and lost with Pair of Twos


