Poker Hand #HD1773432338: Hold'em No Limit ($0.05/$0.1) - 2024/05/15 11:05:34
Table 'NLHRed5' 6-max Seat #1 is the button
Seat 1: Hero ($10 in chips)
Seat 2: 89acb831 ($13.38 in chips)
Seat 3: ce7b3708 ($3.65 in chips)
Seat 5: 396e6765 ($10 in chips)
Seat 6: 18939301 ($8.58 in chips)
89acb831: posts small blind $0.05
ce7b3708: posts big blind $0.1
*** HOLE CARDS ***
Dealt to Hero [Ks 7h]
Dealt to 89acb831 
Dealt to ce7b3708 
Dealt to 396e6765 
Dealt to 18939301 
396e6765: raises $0.15 to $0.25
18939301: folds
Hero: folds
89acb831: folds
ce7b3708: folds
Uncalled bet ($0.15) returned to 396e6765
*** SHOWDOWN ***
396e6765 collected $0.25 from pot
*** SUMMARY ***
Total pot $0.25 | Rake $0 | Jackpot $0 | Bingo $0 | Fortune $0 | Tax $0
Seat 1: Hero (button) folded before Flop (didn't bet)
Seat 2: 89acb831 (small blind) folded before Flop
Seat 3: ce7b3708 (big blind) folded before Flop
Seat 5: 396e6765 collected ($0.25)
Seat 6: 18939301 folded before Flop (didn't bet)


Poker Hand #HD1773432307: Hold'em No Limit ($0.05/$0.1) - 2024/05/15 11:05:15
Table 'NLHRed5' 6-max Seat #6 is the button
Seat 1: Hero ($10 in chips)
Seat 2: 89acb831 ($13.33 in chips)
Seat 3: ce7b3708 ($3.65 in chips)
Seat 5: 396e6765 ($10 in chips)
Seat 6: 18939301 ($8.58 in chips)
Hero: posts small blind $0.05
89acb831: posts big blind $0.1
*** HOLE CARDS ***
Dealt to Hero [Qc 5h]
Dealt to 89acb831 
Dealt to ce7b3708 
Dealt to 396e6765 
Dealt to 18939301 
ce7b3708: folds
396e6765: folds
18939301: folds
Hero: folds
Uncalled bet ($0.05) returned to 89acb831
*** SHOWDOWN ***
89acb831 collected $0.1 from pot
*** SUMMARY ***
Total pot $0.1 | Rake $0 | Jackpot $0 | Bingo $0 | Fortune $0 | Tax $0
Seat 1: Hero (small blind) folded before Flop
Seat 2: 89acb831 (big blind) collected ($0.1)
Seat 3: ce7b3708 folded before Flop (didn't bet)
Seat 5: 396e6765 folded before Flop (didn't bet)
Seat 6: 18939301 (button) folded before Flop (didn't bet)


Poker Hand #HD1773432285: Hold'em No Limit ($0.05/$0.1) - 2024/05/15 11:04:59
Table 'NLHRed5' 6-max Seat #5 is the button
Seat 1: Hero ($10 in chips)
Seat 2: 89acb831 ($13.33 in chips)
Seat 3: ce7b3708 ($3.65 in chips)
Seat 5: 396e6765 ($10 in chips)
Seat 6: 18939301 ($8.48 in chips)
18939301: posts small blind $0.05
Hero: posts big blind $0.1
*** HOLE CARDS ***
Dealt to Hero [Qh 6d]
Dealt to 89acb831 
Dealt to ce7b3708 
Dealt to 396e6765 
Dealt to 18939301 
89acb831: folds
ce7b3708: folds
396e6765: folds
18939301: raises $0.2 to $0.3
Hero: folds
Uncalled bet ($0.2) returned to 18939301
*** SHOWDOWN ***
18939301 collected $0.2 from pot
*** SUMMARY ***
Total pot $0.2 | Rake $0 | Jackpot $0 | Bingo $0 | Fortune $0 | Tax $0
Seat 1: Hero (big blind) folded before Flop
Seat 2: 89acb831 folded before Flop (didn't bet)
Seat 3: ce7b3708 folded before Flop (didn't bet)
Seat 5: 396e6765 (button) folded before Flop (didn't bet)
Seat 6: 18939301 (small blind) collected ($0.2)


Poker Hand #HD1773432247: Hold'em No Limit ($0.05/$0.1) - 2024/05/15 11:04:28
Table 'NLHRed5' 6-max Seat #4 is the button
Seat 1: Hero ($10 in chips)
Seat 2: 89acb831 ($13.33 in chips)
Seat 3: ce7b3708 ($3.85 in chips)
Seat 4: 6bf17eea ($9.5 in chips)
Seat 5: 396e6765 ($10 in chips)
Seat 6: 18939301 ($8.25 in chips)
396e6765: posts small blind $0.05
18939301: posts big blind $0.1
*** HOLE CARDS ***
Dealt to Hero [6h 5h]
Dealt to 89acb831 
Dealt to ce7b3708 
Dealt to 6bf17eea 
Dealt to 396e6765 
Dealt to 18939301 
Hero: folds
89acb831: folds
ce7b3708: raises $0.1 to $0.2
6bf17eea: folds
396e6765: folds
18939301: raises $0.7 to $0.9
ce7b3708: folds
Uncalled bet ($0.7) returned to 18939301
*** SHOWDOWN ***
18939301 collected $0.43 from pot
*** SUMMARY ***
Total pot $0.45 | Rake $0.02 | Jackpot $0 | Bingo $0 | Fortune $0 | Tax $0
Seat 1: Hero folded before Flop (didn't bet)
Seat 2: 89acb831 folded before Flop (didn't bet)
Seat 3: ce7b3708 folded before Flop
Seat 4: 6bf17eea (button) folded before Flop (didn't bet)
Seat 5: 396e6765 (small blind) folded before Flop
Seat 6: 18939301 (big blind) collected ($0.43)


Poker Hand #HD1773432155: Hold'em No Limit ($0.05/$0.1) - 2024/05/15 11:03:29
Table 'NLHRed5' 6-max Seat #3 is the button
Seat 1: Hero ($10 in chips)
Seat 2: 89acb831 ($13.33 in chips)
Seat 3: ce7b3708 ($3.62 in chips)
Seat 4: 6bf17eea ($9.55 in chips)
Seat 5: 396e6765 ($10 in chips)
Seat 6: 18939301 ($8.25 in chips)
6bf17eea: posts small blind $0.05
396e6765: posts big blind $0.1
*** HOLE CARDS ***
Dealt to Hero [8d Ac]
Dealt to 89acb831 
Dealt to ce7b3708 
Dealt to 6bf17eea 
Dealt to 396e6765 
Dealt to 18939301 
18939301: folds
Hero: folds
89acb831: folds
ce7b3708: raises $0.1 to $0.2
6bf17eea: folds
396e6765: calls $0.1
*** FLOP *** [2h 6d Td]
396e6765: checks
ce7b3708: checks
*** TURN *** [2h 6d Td] [2s]
396e6765: checks
ce7b3708: bets $0.3
396e6765: folds
Uncalled bet ($0.3) returned to ce7b3708
*** SHOWDOWN ***
ce7b3708 collected $0.43 from pot
*** SUMMARY ***
Total pot $0.45 | Rake $0.02 | Jackpot $0 | Bingo $0 | Fortune $0 | Tax $0
Board [2h 6d Td 2s]
Seat 1: Hero folded before Flop (didn't bet)
Seat 2: 89acb831 folded before Flop (didn't bet)
Seat 3: ce7b3708 (button) won ($0.43)
Seat 4: 6bf17eea (small blind) folded before Flop
Seat 5: 396e6765 (big blind) folded on the Turn
Seat 6: 18939301 folded before Flop (didn't bet)


Poker Hand #HD1773432049: Hold'em No Limit ($0.05/$0.1) - 2024/05/15 11:02:31
Table 'NLHRed5' 6-max Seat #2 is the button
Seat 1: Hero ($10 in chips)
Seat 2: 89acb831 ($13.33 in chips)
Seat 3: ce7b3708 ($2.9 in chips)
Seat 4: 6bf17eea ($10.35 in chips)
Seat 6: 18939301 ($8.25 in chips)
ce7b3708: posts small blind $0.05
6bf17eea: posts big blind $0.1
*** HOLE CARDS ***
Dealt to Hero [3h Ac]
Dealt to 89acb831 
Dealt to ce7b3708 
Dealt to 6bf17eea 
Dealt to 18939301 
18939301: folds
Hero: folds
89acb831: folds
ce7b3708: raises $0.1 to $0.2
6bf17eea: calls $0.1
*** FLOP *** [Ad Tc 7c]
ce7b3708: bets $0.3
6bf17eea: calls $0.3
*** TURN *** [Ad Tc 7c] [2s]
ce7b3708: bets $0.3
6bf17eea: calls $0.3
*** RIVER *** [Ad Tc 7c 2s] [3c]
ce7b3708: bets $2.1 and is all-in
6bf17eea: folds
Uncalled bet ($2.1) returned to ce7b3708
*** SHOWDOWN ***
ce7b3708 collected $1.52 from pot
*** SUMMARY ***
Total pot $1.6 | Rake $0.08 | Jackpot $0 | Bingo $0 | Fortune $0 | Tax $0
Board [Ad Tc 7c 2s 3c]
Seat 1: Hero folded before Flop (didn't bet)
Seat 2: 89acb831 (button) folded before Flop (didn't bet)
Seat 3: ce7b3708 (small blind) won ($1.52)
Seat 4: 6bf17eea (big blind) folded on the River
Seat 6: 18939301 folded before Flop (didn't bet)


Poker Hand #HD1773431998: Hold'em No Limit ($0.05/$0.1) - 2024/05/15 11:02:01
Table 'NLHRed5' 6-max Seat #1 is the button
Seat 1: Hero ($10 in chips)
Seat 2: 89acb831 ($13.23 in chips)
Seat 3: ce7b3708 ($3 in chips)
Seat 4: 6bf17eea ($10.35 in chips)
Seat 6: 18939301 ($8.25 in chips)
89acb831: posts small blind $0.05
ce7b3708: posts big blind $0.1
*** HOLE CARDS ***
Dealt to Hero [5h Tc]
Dealt to 89acb831 
Dealt to ce7b3708 
Dealt to 6bf17eea 
Dealt to 18939301 
6bf17eea: folds
18939301: folds
Hero: folds
89acb831: raises $0.2 to $0.3
ce7b3708: folds
Uncalled bet ($0.2) returned to 89acb831
*** SHOWDOWN ***
89acb831 collected $0.2 from pot
*** SUMMARY ***
Total pot $0.2 | Rake $0 | Jackpot $0 | Bingo $0 | Fortune $0 | Tax $0
Seat 1: Hero (button) folded before Flop (didn't bet)
Seat 2: 89acb831 (small blind) collected ($0.2)
Seat 3: ce7b3708 (big blind) folded before Flop
Seat 4: 6bf17eea folded before Flop (didn't bet)
Seat 6: 18939301 folded before Flop (didn't bet)


Poker Hand #HD1773431981: Hold'em No Limit ($0.05/$0.1) - 2024/05/15 11:01:49
Table 'NLHRed5' 6-max Seat #6 is the button
Seat 1: Hero ($10 in chips)
Seat 2: 89acb831 ($13.18 in chips)
Seat 4: 6bf17eea ($10.35 in chips)
Seat 6: 18939301 ($8.25 in chips)
Hero: posts small blind $0.05
89acb831: posts big blind $0.1
*** HOLE CARDS ***
Dealt to Hero [Th 2h]
Dealt to 89acb831 
Dealt to 6bf17eea 
Dealt to 18939301 
6bf17eea: folds
18939301: folds
Hero: folds
Uncalled bet ($0.05) returned to 89acb831
*** SHOWDOWN ***
89acb831 collected $0.1 from pot
*** SUMMARY ***
Total pot $0.1 | Rake $0 | Jackpot $0 | Bingo $0 | Fortune $0 | Tax $0
Seat 1: Hero (small blind) folded before Flop
Seat 2: 89acb831 (big blind) collected ($0.1)
Seat 4: 6bf17eea folded before Flop (didn't bet)
Seat 6: 18939301 (button) folded before Flop (didn't bet)


Poker Hand #HD1773431943: Hold'em No Limit ($0.05/$0.1) - 2024/05/15 11:01:27
Table 'NLHRed5' 6-max Seat #4 is the button
Seat 1: Hero ($10 in chips)
Seat 2: 89acb831 ($13.03 in chips)
Seat 4: 6bf17eea ($10.35 in chips)
Seat 6: 18939301 ($8.3 in chips)
18939301: posts small blind $0.05
Hero: posts big blind $0.1
*** HOLE CARDS ***
Dealt to Hero [Jh 4c]
Dealt to 89acb831 
Dealt to 6bf17eea 
Dealt to 18939301 
89acb831: raises $0.15 to $0.25
6bf17eea: folds
18939301: folds
Hero: folds
Uncalled bet ($0.15) returned to 89acb831
*** SHOWDOWN ***
89acb831 collected $0.25 from pot
*** SUMMARY ***
Total pot $0.25 | Rake $0 | Jackpot $0 | Bingo $0 | Fortune $0 | Tax $0
Seat 1: Hero (big blind) folded before Flop
Seat 2: 89acb831 collected ($0.25)
Seat 4: 6bf17eea (button) folded before Flop (didn't bet)
Seat 6: 18939301 (small blind) folded before Flop


