Poker Hand #HD1713727054: Hold'em No Limit ($0.02/$0.05) - 2024/04/03 13:25:02
Table 'NLHBlue8' 6-max Seat #1 is the button
Seat 1: 9d6fdd36 ($6.91 in chips)
Seat 2: Hero ($6.59 in chips)
Seat 3: 277da5c5 ($5.71 in chips)
Seat 4: c773bcf8 ($5.44 in chips)
Seat 5: ded7115f ($4.28 in chips)
Seat 6: 8e467432 ($1.32 in chips)
Hero: posts small blind $0.02
277da5c5: posts big blind $0.05
*** HOLE CARDS ***
Dealt to 9d6fdd36 
Dealt to Hero [Ac 9h]
Dealt to 277da5c5 
Dealt to c773bcf8 
Dealt to ded7115f 
Dealt to 8e467432 
c773bcf8: folds
ded7115f: raises $0.05 to $0.1
8e467432: folds
9d6fdd36: folds
Hero: folds
277da5c5: folds
Uncalled bet ($0.05) returned to ded7115f
*** SHOWDOWN ***
ded7115f collected $0.12 from pot
*** SUMMARY ***
Total pot $0.12 | Rake $0 | Jackpot $0 | Bingo $0 | Fortune $0 | Tax $0
Seat 1: 9d6fdd36 (button) folded before Flop (didn't bet)
Seat 2: Hero (small blind) folded before Flop
Seat 3: 277da5c5 (big blind) folded before Flop
Seat 4: c773bcf8 folded before Flop (didn't bet)
Seat 5: ded7115f collected ($0.12)
Seat 6: 8e467432 folded before Flop (didn't bet)


Poker Hand #HD1713726875: Hold'em No Limit ($0.02/$0.05) - 2024/04/03 13:23:23
Table 'NLHBlue8' 6-max Seat #6 is the button
Seat 1: 9d6fdd36 ($6.93 in chips)
Seat 2: Hero ($6.74 in chips)
Seat 3: 277da5c5 ($5.71 in chips)
Seat 4: c773bcf8 ($5 in chips)
Seat 5: ded7115f ($4.28 in chips)
Seat 6: 8e467432 ($1.63 in chips)
9d6fdd36: posts small blind $0.02
Hero: posts big blind $0.05
*** HOLE CARDS ***
Dealt to 9d6fdd36 
Dealt to Hero [6d As]
Dealt to 277da5c5 
Dealt to c773bcf8 
Dealt to ded7115f 
Dealt to 8e467432 
277da5c5: folds
c773bcf8: raises $0.05 to $0.1
ded7115f: folds
8e467432: calls $0.1
9d6fdd36: folds
Hero: calls $0.05
*** FLOP *** [Jd 3d Kd]
Hero: checks
c773bcf8: bets $0.05
8e467432: calls $0.05
Hero: calls $0.05
*** TURN *** [Jd 3d Kd] [6h]
Hero: checks
c773bcf8: bets $0.16
8e467432: calls $0.16
Hero: folds
*** RIVER *** [Jd 3d Kd 6h] [Tc]
c773bcf8: bets $0.27
8e467432: folds
Uncalled bet ($0.27) returned to c773bcf8
*** SHOWDOWN ***
c773bcf8 collected $0.75 from pot
*** SUMMARY ***
Total pot $0.79 | Rake $0.04 | Jackpot $0 | Bingo $0 | Fortune $0 | Tax $0
Board [Jd 3d Kd 6h Tc]
Seat 1: 9d6fdd36 (small blind) folded before Flop
Seat 2: Hero (big blind) folded on the Turn
Seat 3: 277da5c5 folded before Flop (didn't bet)
Seat 4: c773bcf8 won ($0.75)
Seat 5: ded7115f folded before Flop (didn't bet)
Seat 6: 8e467432 (button) folded on the River


Poker Hand #HD1713726758: Hold'em No Limit ($0.02/$0.05) - 2024/04/03 13:22:20
Table 'NLHBlue8' 6-max Seat #5 is the button
Seat 1: 9d6fdd36 ($5.74 in chips)
Seat 2: Hero ($8.09 in chips)
Seat 3: 277da5c5 ($5.71 in chips)
Seat 4: c773bcf8 ($5 in chips)
Seat 5: ded7115f ($4.28 in chips)
Seat 6: 8e467432 ($1.65 in chips)
8e467432: posts small blind $0.02
9d6fdd36: posts big blind $0.05
*** HOLE CARDS ***
Dealt to 9d6fdd36 
Dealt to Hero [Ks Ac]
Dealt to 277da5c5 
Dealt to c773bcf8 
Dealt to ded7115f 
Dealt to 8e467432 
Hero: raises $0.05 to $0.1
277da5c5: folds
c773bcf8: folds
ded7115f: folds
8e467432: folds
9d6fdd36: raises $0.5 to $0.6
Hero: raises $0.75 to $1.35
9d6fdd36: raises $4.39 to $5.74 and is all-in
Hero: folds
Uncalled bet ($4.39) returned to 9d6fdd36
*** SHOWDOWN ***
9d6fdd36 collected $2.54 from pot
*** SUMMARY ***
Total pot $2.72 | Rake $0.13 | Jackpot $0.05 | Bingo $0 | Fortune $0 | Tax $0
Seat 1: 9d6fdd36 (big blind) collected ($2.54)
Seat 2: Hero folded before Flop
Seat 3: 277da5c5 folded before Flop (didn't bet)
Seat 4: c773bcf8 folded before Flop (didn't bet)
Seat 5: ded7115f (button) folded before Flop (didn't bet)
Seat 6: 8e467432 (small blind) folded before Flop


Poker Hand #HD1713726598: Hold'em No Limit ($0.02/$0.05) - 2024/04/03 13:20:58
Table 'NLHBlue8' 6-max Seat #4 is the button
Seat 1: 9d6fdd36 ($5.74 in chips)
Seat 2: Hero ($8.09 in chips)
Seat 3: 277da5c5 ($5.71 in chips)
Seat 4: c773bcf8 ($5 in chips)
Seat 5: ded7115f ($5.26 in chips)
Seat 6: 8e467432 ($0.98 in chips)
ded7115f: posts small blind $0.02
8e467432: posts big blind $0.05
*** HOLE CARDS ***
Dealt to 9d6fdd36 
Dealt to Hero [As 5h]
Dealt to 277da5c5 
Dealt to c773bcf8 
Dealt to ded7115f 
Dealt to 8e467432 
9d6fdd36: folds
Hero: folds
277da5c5: folds
c773bcf8: folds
ded7115f: raises $0.07 to $0.12
8e467432: calls $0.07
*** FLOP *** [3h 5c 7h]
ded7115f: bets $0.08
8e467432: calls $0.08
*** TURN *** [3h 5c 7h] [9d]
ded7115f: bets $0.5
8e467432: raises $0.28 to $0.78 and is all-in
ded7115f: calls $0.28
8e467432: shows [8h 6s] (Nines-High Straight)
ded7115f: shows [Th Jd] (Jack-High)
8e467432: Chooses to EV Cashout 
*** RIVER *** [3h 5c 7h 9d] [7c]
8e467432: Pays Cashout Risk ($0.15)
*** SHOWDOWN ***
8e467432 collected $1.8 from pot
*** SUMMARY ***
Total pot $1.96 | Rake $0.11 | Jackpot $0.05 | Bingo $0 | Fortune $0 | Tax $0
Board [3h 5c 7h 9d 7c]
Seat 1: 9d6fdd36 folded before Flop (didn't bet)
Seat 2: Hero folded before Flop (didn't bet)
Seat 3: 277da5c5 folded before Flop (didn't bet)
Seat 4: c773bcf8 (button) folded before Flop (didn't bet)
Seat 5: ded7115f (small blind) showed [Th Jd] and lost with Pair of Sevens
Seat 6: 8e467432 (big blind) showed [8h 6s] and won ($1.8) with Nines-High Straight, Cashout Risk ($0.15)


Poker Hand #HD1713726456: Hold'em No Limit ($0.02/$0.05) - 2024/04/03 13:19:39
Table 'NLHBlue8' 6-max Seat #3 is the button
Seat 1: 9d6fdd36 ($5.74 in chips)
Seat 2: Hero ($8.09 in chips)
Seat 3: 277da5c5 ($5.71 in chips)
Seat 4: c773bcf8 ($5 in chips)
Seat 5: ded7115f ($5.36 in chips)
Seat 6: 8e467432 ($0.87 in chips)
c773bcf8: posts small blind $0.02
ded7115f: posts big blind $0.05
*** HOLE CARDS ***
Dealt to 9d6fdd36 
Dealt to Hero [4s Jh]
Dealt to 277da5c5 
Dealt to c773bcf8 
Dealt to ded7115f 
Dealt to 8e467432 
8e467432: raises $0.05 to $0.1
9d6fdd36: folds
Hero: folds
277da5c5: folds
c773bcf8: folds
ded7115f: calls $0.05
*** FLOP *** [8c Tc Th]
ded7115f: checks
8e467432: bets $0.17
ded7115f: folds
Uncalled bet ($0.17) returned to 8e467432
*** SHOWDOWN ***
8e467432 collected $0.21 from pot
*** SUMMARY ***
Total pot $0.22 | Rake $0.01 | Jackpot $0 | Bingo $0 | Fortune $0 | Tax $0
Board [8c Tc Th]
Seat 1: 9d6fdd36 folded before Flop (didn't bet)
Seat 2: Hero folded before Flop (didn't bet)
Seat 3: 277da5c5 (button) folded before Flop (didn't bet)
Seat 4: c773bcf8 (small blind) folded before Flop
Seat 5: ded7115f (big blind) folded on the Flop
Seat 6: 8e467432 won ($0.21)


Poker Hand #HD1713726344: Hold'em No Limit ($0.02/$0.05) - 2024/04/03 13:18:45
Table 'NLHBlue8' 6-max Seat #2 is the button
Seat 1: 9d6fdd36 ($5.74 in chips)
Seat 2: Hero ($8.09 in chips)
Seat 3: 277da5c5 ($5.73 in chips)
Seat 4: c773bcf8 ($5 in chips)
Seat 5: ded7115f ($5.08 in chips)
Seat 6: 8e467432 ($1.1 in chips)
277da5c5: posts small blind $0.02
c773bcf8: posts big blind $0.05
*** HOLE CARDS ***
Dealt to 9d6fdd36 
Dealt to Hero [2h 4s]
Dealt to 277da5c5 
Dealt to c773bcf8 
Dealt to ded7115f 
Dealt to 8e467432 
ded7115f: raises $0.07 to $0.12
8e467432: calls $0.12
9d6fdd36: folds
Hero: folds
277da5c5: folds
c773bcf8: folds
*** FLOP *** [6h 7s Qc]
ded7115f: checks
8e467432: checks
*** TURN *** [6h 7s Qc] [Kc]
ded7115f: bets $0.11
8e467432: calls $0.11
*** RIVER *** [6h 7s Qc Kc] [5h]
ded7115f: bets $0.3
8e467432: folds
Uncalled bet ($0.3) returned to ded7115f
*** SHOWDOWN ***
ded7115f collected $0.51 from pot
*** SUMMARY ***
Total pot $0.53 | Rake $0.02 | Jackpot $0 | Bingo $0 | Fortune $0 | Tax $0
Board [6h 7s Qc Kc 5h]
Seat 1: 9d6fdd36 folded before Flop (didn't bet)
Seat 2: Hero (button) folded before Flop (didn't bet)
Seat 3: 277da5c5 (small blind) folded before Flop
Seat 4: c773bcf8 (big blind) folded before Flop
Seat 5: ded7115f won ($0.51)
Seat 6: 8e467432 folded on the River


Poker Hand #HD1713726311: Hold'em No Limit ($0.02/$0.05) - 2024/04/03 13:18:28
Table 'NLHBlue8' 6-max Seat #1 is the button
Seat 1: 9d6fdd36 ($5.74 in chips)
Seat 2: Hero ($8.11 in chips)
Seat 3: 277da5c5 ($5.71 in chips)
Seat 4: c773bcf8 ($5 in chips)
Seat 5: ded7115f ($5.08 in chips)
Seat 6: 8e467432 ($1.1 in chips)
Hero: posts small blind $0.02
277da5c5: posts big blind $0.05
*** HOLE CARDS ***
Dealt to 9d6fdd36 
Dealt to Hero [8d Qc]
Dealt to 277da5c5 
Dealt to c773bcf8 
Dealt to ded7115f 
Dealt to 8e467432 
c773bcf8: folds
ded7115f: folds
8e467432: folds
9d6fdd36: folds
Hero: folds
Uncalled bet ($0.03) returned to 277da5c5
*** SHOWDOWN ***
277da5c5 collected $0.04 from pot
*** SUMMARY ***
Total pot $0.04 | Rake $0 | Jackpot $0 | Bingo $0 | Fortune $0 | Tax $0
Seat 1: 9d6fdd36 (button) folded before Flop (didn't bet)
Seat 2: Hero (small blind) folded before Flop
Seat 3: 277da5c5 (big blind) collected ($0.04)
Seat 4: c773bcf8 folded before Flop (didn't bet)
Seat 5: ded7115f folded before Flop (didn't bet)
Seat 6: 8e467432 folded before Flop (didn't bet)


Poker Hand #HD1713726241: Hold'em No Limit ($0.02/$0.05) - 2024/04/03 13:17:48
Table 'NLHBlue8' 6-max Seat #6 is the button
Seat 1: 9d6fdd36 ($5.76 in chips)
Seat 2: Hero ($8.16 in chips)
Seat 3: 277da5c5 ($5.71 in chips)
Seat 4: c773bcf8 ($5 in chips)
Seat 5: ded7115f ($5.01 in chips)
Seat 6: 8e467432 ($1.1 in chips)
9d6fdd36: posts small blind $0.02
Hero: posts big blind $0.05
*** HOLE CARDS ***
Dealt to 9d6fdd36 
Dealt to Hero [Jc 5d]
Dealt to 277da5c5 
Dealt to c773bcf8 
Dealt to ded7115f 
Dealt to 8e467432 
277da5c5: folds
c773bcf8: folds
ded7115f: raises $0.07 to $0.12
8e467432: folds
9d6fdd36: folds
Hero: folds
Uncalled bet ($0.07) returned to ded7115f
*** SHOWDOWN ***
ded7115f collected $0.12 from pot
*** SUMMARY ***
Total pot $0.12 | Rake $0 | Jackpot $0 | Bingo $0 | Fortune $0 | Tax $0
Seat 1: 9d6fdd36 (small blind) folded before Flop
Seat 2: Hero (big blind) folded before Flop
Seat 3: 277da5c5 folded before Flop (didn't bet)
Seat 4: c773bcf8 folded before Flop (didn't bet)
Seat 5: ded7115f collected ($0.12)
Seat 6: 8e467432 (button) folded before Flop (didn't bet)


Poker Hand #HD1713726158: Hold'em No Limit ($0.02/$0.05) - 2024/04/03 13:17:03
Table 'NLHBlue8' 6-max Seat #5 is the button
Seat 1: 9d6fdd36 ($5.65 in chips)
Seat 2: Hero ($8.26 in chips)
Seat 3: 277da5c5 ($5.71 in chips)
Seat 4: c773bcf8 ($5 in chips)
Seat 5: ded7115f ($5.01 in chips)
Seat 6: 8e467432 ($1.12 in chips)
8e467432: posts small blind $0.02
9d6fdd36: posts big blind $0.05
*** HOLE CARDS ***
Dealt to 9d6fdd36 
Dealt to Hero [Jc Ad]
Dealt to 277da5c5 
Dealt to c773bcf8 
Dealt to ded7115f 
Dealt to 8e467432 
Hero: raises $0.05 to $0.1
277da5c5: folds
c773bcf8: folds
ded7115f: folds
8e467432: folds
9d6fdd36: calls $0.05
*** FLOP *** [Qd 2c 6h]
9d6fdd36: checks
Hero: checks
*** TURN *** [Qd 2c 6h] [Kd]
9d6fdd36: bets $0.28
Hero: folds
Uncalled bet ($0.28) returned to 9d6fdd36
*** SHOWDOWN ***
9d6fdd36 collected $0.21 from pot
*** SUMMARY ***
Total pot $0.22 | Rake $0.01 | Jackpot $0 | Bingo $0 | Fortune $0 | Tax $0
Board [Qd 2c 6h Kd]
Seat 1: 9d6fdd36 (big blind) won ($0.21)
Seat 2: Hero folded on the Turn
Seat 3: 277da5c5 folded before Flop (didn't bet)
Seat 4: c773bcf8 folded before Flop (didn't bet)
Seat 5: ded7115f (button) folded before Flop (didn't bet)
Seat 6: 8e467432 (small blind) folded before Flop


Poker Hand #HD1713726089: Hold'em No Limit ($0.02/$0.05) - 2024/04/03 13:16:29
Table 'NLHBlue8' 6-max Seat #4 is the button
Seat 1: 9d6fdd36 ($5.65 in chips)
Seat 2: Hero ($8.26 in chips)
Seat 3: 277da5c5 ($5.58 in chips)
Seat 4: c773bcf8 ($5 in chips)
Seat 5: ded7115f ($5.03 in chips)
Seat 6: 8e467432 ($1.24 in chips)
ded7115f: posts small blind $0.02
8e467432: posts big blind $0.05
*** HOLE CARDS ***
Dealt to 9d6fdd36 
Dealt to Hero [7c Kd]
Dealt to 277da5c5 
Dealt to c773bcf8 
Dealt to ded7115f 
Dealt to 8e467432 
9d6fdd36: folds
Hero: folds
277da5c5: raises $0.07 to $0.12
c773bcf8: folds
ded7115f: folds
8e467432: calls $0.07
*** FLOP *** [3d 4h 9c]
8e467432: checks
277da5c5: bets $0.13
8e467432: folds
Uncalled bet ($0.13) returned to 277da5c5
*** SHOWDOWN ***
277da5c5 collected $0.25 from pot
*** SUMMARY ***
Total pot $0.26 | Rake $0.01 | Jackpot $0 | Bingo $0 | Fortune $0 | Tax $0
Board [3d 4h 9c]
Seat 1: 9d6fdd36 folded before Flop (didn't bet)
Seat 2: Hero folded before Flop (didn't bet)
Seat 3: 277da5c5 won ($0.25)
Seat 4: c773bcf8 (button) folded before Flop (didn't bet)
Seat 5: ded7115f (small blind) folded before Flop
Seat 6: 8e467432 (big blind) folded on the Flop


Poker Hand #HD1713726046: Hold'em No Limit ($0.02/$0.05) - 2024/04/03 13:16:05
Table 'NLHBlue8' 6-max Seat #3 is the button
Seat 1: 9d6fdd36 ($5.65 in chips)
Seat 2: Hero ($8.26 in chips)
Seat 3: 277da5c5 ($5.51 in chips)
Seat 4: c773bcf8 ($5 in chips)
Seat 5: ded7115f ($5.08 in chips)
Seat 6: 8e467432 ($1.24 in chips)
c773bcf8: posts small blind $0.02
ded7115f: posts big blind $0.05
*** HOLE CARDS ***
Dealt to 9d6fdd36 
Dealt to Hero [6d Qh]
Dealt to 277da5c5 
Dealt to c773bcf8 
Dealt to ded7115f 
Dealt to 8e467432 
8e467432: folds
9d6fdd36: folds
Hero: folds
277da5c5: raises $0.06 to $0.11
c773bcf8: folds
ded7115f: folds
Uncalled bet ($0.06) returned to 277da5c5
*** SHOWDOWN ***
277da5c5 collected $0.12 from pot
*** SUMMARY ***
Total pot $0.12 | Rake $0 | Jackpot $0 | Bingo $0 | Fortune $0 | Tax $0
Seat 1: 9d6fdd36 folded before Flop (didn't bet)
Seat 2: Hero folded before Flop (didn't bet)
Seat 3: 277da5c5 (button) collected ($0.12)
Seat 4: c773bcf8 (small blind) folded before Flop
Seat 5: ded7115f (big blind) folded before Flop
Seat 6: 8e467432 folded before Flop (didn't bet)


Poker Hand #HD1713726000: Hold'em No Limit ($0.02/$0.05) - 2024/04/03 13:15:41
Table 'NLHBlue8' 6-max Seat #2 is the button
Seat 1: 9d6fdd36 ($5.65 in chips)
Seat 2: Hero ($8.19 in chips)
Seat 3: 277da5c5 ($5.53 in chips)
Seat 4: c773bcf8 ($5 in chips)
Seat 5: ded7115f ($5.08 in chips)
Seat 6: 8e467432 ($1.24 in chips)
277da5c5: posts small blind $0.02
c773bcf8: posts big blind $0.05
*** HOLE CARDS ***
Dealt to 9d6fdd36 
Dealt to Hero [6c 8c]
Dealt to 277da5c5 
Dealt to c773bcf8 
Dealt to ded7115f 
Dealt to 8e467432 
ded7115f: folds
8e467432: folds
9d6fdd36: folds
Hero: raises $0.08 to $0.13
277da5c5: folds
c773bcf8: folds
Uncalled bet ($0.08) returned to Hero
*** SHOWDOWN ***
Hero collected $0.12 from pot
*** SUMMARY ***
Total pot $0.12 | Rake $0 | Jackpot $0 | Bingo $0 | Fortune $0 | Tax $0
Seat 1: 9d6fdd36 folded before Flop (didn't bet)
Seat 2: Hero (button) collected ($0.12)
Seat 3: 277da5c5 (small blind) folded before Flop
Seat 4: c773bcf8 (big blind) folded before Flop
Seat 5: ded7115f folded before Flop (didn't bet)
Seat 6: 8e467432 folded before Flop (didn't bet)


Poker Hand #HD1713725898: Hold'em No Limit ($0.02/$0.05) - 2024/04/03 13:14:46
Table 'NLHBlue8' 6-max Seat #1 is the button
Seat 1: 9d6fdd36 ($5.32 in chips)
Seat 2: Hero ($8.21 in chips)
Seat 3: 277da5c5 ($5.87 in chips)
Seat 4: c773bcf8 ($5 in chips)
Seat 5: ded7115f ($5.08 in chips)
Hero: posts small blind $0.02
277da5c5: posts big blind $0.05
*** HOLE CARDS ***
Dealt to 9d6fdd36 
Dealt to Hero [9s 5h]
Dealt to 277da5c5 
Dealt to c773bcf8 
Dealt to ded7115f 
c773bcf8: folds
ded7115f: folds
9d6fdd36: raises $0.08 to $0.13
Hero: folds
277da5c5: calls $0.08
*** FLOP *** [5s 6h 2d]
277da5c5: checks
9d6fdd36: checks
*** TURN *** [5s 6h 2d] [3h]
277da5c5: bets $0.21
9d6fdd36: calls $0.21
*** RIVER *** [5s 6h 2d 3h] [Jd]
277da5c5: checks
9d6fdd36: checks
277da5c5: shows [Qc 6c] (Pair of Sixes)
9d6fdd36: shows [As Ad] (Pair of Aces)
*** SHOWDOWN ***
9d6fdd36 collected $0.67 from pot
*** SUMMARY ***
Total pot $0.7 | Rake $0.03 | Jackpot $0 | Bingo $0 | Fortune $0 | Tax $0
Board [5s 6h 2d 3h Jd]
Seat 1: 9d6fdd36 (button) showed [As Ad] and won ($0.67) with Pair of Aces
Seat 2: Hero (small blind) folded before Flop
Seat 3: 277da5c5 (big blind) showed [Qc 6c] and lost with Pair of Sixes
Seat 4: c773bcf8 folded before Flop (didn't bet)
Seat 5: ded7115f folded before Flop (didn't bet)


Poker Hand #HD1713725859: Hold'em No Limit ($0.02/$0.05) - 2024/04/03 13:14:24
Table 'NLHBlue8' 6-max Seat #5 is the button
Seat 1: 9d6fdd36 ($5.3 in chips)
Seat 2: Hero ($8.21 in chips)
Seat 4: c773bcf8 ($5 in chips)
Seat 5: ded7115f ($5.08 in chips)
Seat 6: 8e467432 ($1.26 in chips)
8e467432: posts small blind $0.02
9d6fdd36: posts big blind $0.05
*** HOLE CARDS ***
Dealt to 9d6fdd36 
Dealt to Hero [Ah 7d]
Dealt to c773bcf8 
Dealt to ded7115f 
Dealt to 8e467432 
Hero: folds
c773bcf8: folds
ded7115f: folds
8e467432: folds
Uncalled bet ($0.03) returned to 9d6fdd36
*** SHOWDOWN ***
9d6fdd36 collected $0.04 from pot
*** SUMMARY ***
Total pot $0.04 | Rake $0 | Jackpot $0 | Bingo $0 | Fortune $0 | Tax $0
Seat 1: 9d6fdd36 (big blind) collected ($0.04)
Seat 2: Hero folded before Flop (didn't bet)
Seat 4: c773bcf8 folded before Flop (didn't bet)
Seat 5: ded7115f (button) folded before Flop (didn't bet)
Seat 6: 8e467432 (small blind) folded before Flop


Poker Hand #HD1713725723: Hold'em No Limit ($0.02/$0.05) - 2024/04/03 13:13:16
Table 'NLHBlue8' 6-max Seat #4 is the button
Seat 1: 9d6fdd36 ($5.3 in chips)
Seat 2: Hero ($8.21 in chips)
Seat 4: c773bcf8 ($5.11 in chips)
Seat 5: ded7115f ($4.85 in chips)
Seat 6: 8e467432 ($1.31 in chips)
ded7115f: posts small blind $0.02
8e467432: posts big blind $0.05
*** HOLE CARDS ***
Dealt to 9d6fdd36 
Dealt to Hero [8s Kd]
Dealt to c773bcf8 
Dealt to ded7115f 
Dealt to 8e467432 
9d6fdd36: folds
Hero: folds
c773bcf8: raises $0.09 to $0.14
ded7115f: calls $0.12
8e467432: folds
*** FLOP *** [7s 9s 3c]
ded7115f: checks
c773bcf8: bets $0.06
ded7115f: calls $0.06
*** TURN *** [7s 9s 3c] [Js]
ded7115f: bets $0.2
c773bcf8: folds
Uncalled bet ($0.2) returned to ded7115f
*** SHOWDOWN ***
ded7115f collected $0.43 from pot
*** SUMMARY ***
Total pot $0.45 | Rake $0.02 | Jackpot $0 | Bingo $0 | Fortune $0 | Tax $0
Board [7s 9s 3c Js]
Seat 1: 9d6fdd36 folded before Flop (didn't bet)
Seat 2: Hero folded before Flop (didn't bet)
Seat 4: c773bcf8 (button) folded on the Turn
Seat 5: ded7115f (small blind) won ($0.43)
Seat 6: 8e467432 (big blind) folded before Flop


Poker Hand #HD1713625631: Hold'em No Limit ($0.02/$0.05) - 2024/04/03 13:12:33
Table 'NLHBlue8' 6-max Seat #2 is the button
Seat 1: 9d6fdd36 ($5.3 in chips)
Seat 2: Hero ($8.56 in chips)
Seat 4: c773bcf8 ($5.13 in chips)
Seat 5: ded7115f ($4.9 in chips)
Seat 6: 8e467432 ($0.93 in chips)
c773bcf8: posts small blind $0.02
ded7115f: posts big blind $0.05
*** HOLE CARDS ***
Dealt to 9d6fdd36 
Dealt to Hero [Ad Qh]
Dealt to c773bcf8 
Dealt to ded7115f 
Dealt to 8e467432 
8e467432: raises $0.05 to $0.1
9d6fdd36: folds
Hero: raises $0.25 to $0.35
c773bcf8: folds
ded7115f: folds
8e467432: calls $0.25
*** FLOP *** [Jd 5d 6c]
8e467432: checks
Hero: checks
*** TURN *** [Jd 5d 6c] [Jh]
8e467432: bets $0.58 and is all-in
Hero: folds
Uncalled bet ($0.58) returned to 8e467432
*** SHOWDOWN ***
8e467432 collected $0.73 from pot
*** SUMMARY ***
Total pot $0.77 | Rake $0.04 | Jackpot $0 | Bingo $0 | Fortune $0 | Tax $0
Board [Jd 5d 6c Jh]
Seat 1: 9d6fdd36 folded before Flop (didn't bet)
Seat 2: Hero (button) folded on the Turn
Seat 4: c773bcf8 (small blind) folded before Flop
Seat 5: ded7115f (big blind) folded before Flop
Seat 6: 8e467432 won ($0.73)


Poker Hand #HD1713625574: Hold'em No Limit ($0.02/$0.05) - 2024/04/03 13:11:54
Table 'NLHBlue8' 6-max Seat #1 is the button
Seat 1: 9d6fdd36 ($5.14 in chips)
Seat 2: Hero ($8.58 in chips)
Seat 4: c773bcf8 ($5.18 in chips)
Seat 5: ded7115f ($5 in chips)
Seat 6: 8e467432 ($0.93 in chips)
Hero: posts small blind $0.02
c773bcf8: posts big blind $0.05
ded7115f: posts big blind $0.05
*** HOLE CARDS ***
Dealt to 9d6fdd36 
Dealt to Hero [2s Qs]
Dealt to c773bcf8 
Dealt to ded7115f 
Dealt to 8e467432 
ded7115f: raises $0.05 to $0.1
8e467432: folds
9d6fdd36: raises $0.26 to $0.36
Hero: folds
c773bcf8: folds
ded7115f: folds
Uncalled bet ($0.26) returned to 9d6fdd36
*** SHOWDOWN ***
9d6fdd36 collected $0.26 from pot
*** SUMMARY ***
Total pot $0.27 | Rake $0.01 | Jackpot $0 | Bingo $0 | Fortune $0 | Tax $0
Seat 1: 9d6fdd36 (button) collected ($0.26)
Seat 2: Hero (small blind) folded before Flop
Seat 4: c773bcf8 (big blind) folded before Flop
Seat 5: ded7115f folded before Flop
Seat 6: 8e467432 folded before Flop (didn't bet)


Poker Hand #HD1713625515: Hold'em No Limit ($0.02/$0.05) - 2024/04/03 13:11:23
Table 'NLHBlue8' 6-max Seat #6 is the button
Seat 1: 9d6fdd36 ($5.16 in chips)
Seat 2: Hero ($8.56 in chips)
Seat 3: 277da5c5 ($5.87 in chips)
Seat 4: c773bcf8 ($5.18 in chips)
Seat 6: 8e467432 ($0.93 in chips)
9d6fdd36: posts small blind $0.02
Hero: posts big blind $0.05
*** HOLE CARDS ***
Dealt to 9d6fdd36 
Dealt to Hero [6h 6d]
Dealt to 277da5c5 
Dealt to c773bcf8 
Dealt to 8e467432 
277da5c5: folds
c773bcf8: folds
8e467432: folds
9d6fdd36: folds
Uncalled bet ($0.03) returned to Hero
*** SHOWDOWN ***
Hero collected $0.04 from pot
*** SUMMARY ***
Total pot $0.04 | Rake $0 | Jackpot $0 | Bingo $0 | Fortune $0 | Tax $0
Seat 1: 9d6fdd36 (small blind) folded before Flop
Seat 2: Hero (big blind) collected ($0.04)
Seat 3: 277da5c5 folded before Flop (didn't bet)
Seat 4: c773bcf8 folded before Flop (didn't bet)
Seat 6: 8e467432 (button) folded before Flop (didn't bet)


Poker Hand #HD1713625444: Hold'em No Limit ($0.02/$0.05) - 2024/04/03 13:10:46
Table 'NLHBlue8' 6-max Seat #4 is the button
Seat 1: 9d6fdd36 ($5 in chips)
Seat 2: Hero ($8.56 in chips)
Seat 3: 277da5c5 ($5.87 in chips)
Seat 4: c773bcf8 ($5.33 in chips)
Seat 6: 8e467432 ($0.95 in chips)
8e467432: posts small blind $0.02
9d6fdd36: posts big blind $0.05
*** HOLE CARDS ***
Dealt to 9d6fdd36 
Dealt to Hero [4d 6d]
Dealt to 277da5c5 
Dealt to c773bcf8 
Dealt to 8e467432 
Hero: folds
277da5c5: folds
c773bcf8: raises $0.1 to $0.15
8e467432: folds
9d6fdd36: raises $0.51 to $0.66
c773bcf8: folds
Uncalled bet ($0.51) returned to 9d6fdd36
*** SHOWDOWN ***
9d6fdd36 collected $0.31 from pot
*** SUMMARY ***
Total pot $0.32 | Rake $0.01 | Jackpot $0 | Bingo $0 | Fortune $0 | Tax $0
Seat 1: 9d6fdd36 (big blind) collected ($0.31)
Seat 2: Hero folded before Flop (didn't bet)
Seat 3: 277da5c5 folded before Flop (didn't bet)
Seat 4: c773bcf8 (button) folded before Flop
Seat 6: 8e467432 (small blind) folded before Flop


Poker Hand #HD1713625391: Hold'em No Limit ($0.02/$0.05) - 2024/04/03 13:10:20
Table 'NLHBlue8' 6-max Seat #3 is the button
Seat 1: 9d6fdd36 ($5 in chips)
Seat 2: Hero ($8.56 in chips)
Seat 3: 277da5c5 ($5.98 in chips)
Seat 4: c773bcf8 ($5.35 in chips)
Seat 6: 8e467432 ($0.83 in chips)
c773bcf8: posts small blind $0.02
8e467432: posts big blind $0.05
*** HOLE CARDS ***
Dealt to 9d6fdd36 
Dealt to Hero [Jc 6h]
Dealt to 277da5c5 
Dealt to c773bcf8 
Dealt to 8e467432 
9d6fdd36: folds
Hero: folds
277da5c5: raises $0.06 to $0.11
c773bcf8: folds
8e467432: raises $0.24 to $0.35
277da5c5: folds
Uncalled bet ($0.24) returned to 8e467432
*** SHOWDOWN ***
8e467432 collected $0.23 from pot
*** SUMMARY ***
Total pot $0.24 | Rake $0.01 | Jackpot $0 | Bingo $0 | Fortune $0 | Tax $0
Seat 1: 9d6fdd36 folded before Flop (didn't bet)
Seat 2: Hero folded before Flop (didn't bet)
Seat 3: 277da5c5 (button) folded before Flop
Seat 4: c773bcf8 (small blind) folded before Flop
Seat 6: 8e467432 (big blind) collected ($0.23)


Poker Hand #HD1713625307: Hold'em No Limit ($0.02/$0.05) - 2024/04/03 13:09:37
Table 'NLHBlue8' 6-max Seat #2 is the button
Seat 1: 9d6fdd36 ($5 in chips)
Seat 2: Hero ($8.69 in chips)
Seat 3: 277da5c5 ($5.81 in chips)
Seat 4: c773bcf8 ($5.4 in chips)
Seat 6: 8e467432 ($0.83 in chips)
277da5c5: posts small blind $0.02
c773bcf8: posts big blind $0.05
*** HOLE CARDS ***
Dealt to 9d6fdd36 
Dealt to Hero [7s 9s]
Dealt to 277da5c5 
Dealt to c773bcf8 
Dealt to 8e467432 
8e467432: folds
9d6fdd36: folds
Hero: raises $0.08 to $0.13
277da5c5: raises $0.42 to $0.55
c773bcf8: folds
Hero: folds
Uncalled bet ($0.42) returned to 277da5c5
*** SHOWDOWN ***
277da5c5 collected $0.3 from pot
*** SUMMARY ***
Total pot $0.31 | Rake $0.01 | Jackpot $0 | Bingo $0 | Fortune $0 | Tax $0
Seat 1: 9d6fdd36 folded before Flop (didn't bet)
Seat 2: Hero (button) folded before Flop
Seat 3: 277da5c5 (small blind) collected ($0.3)
Seat 4: c773bcf8 (big blind) folded before Flop
Seat 6: 8e467432 folded before Flop (didn't bet)


Poker Hand #HD1713625167: Hold'em No Limit ($0.02/$0.05) - 2024/04/03 13:08:30
Table 'NLHBlue8' 6-max Seat #1 is the button
Seat 1: 9d6fdd36 ($5 in chips)
Seat 2: Hero ($8.71 in chips)
Seat 3: 277da5c5 ($5.64 in chips)
Seat 4: c773bcf8 ($5.56 in chips)
Seat 6: 8e467432 ($0.83 in chips)
Hero: posts small blind $0.02
277da5c5: posts big blind $0.05
*** HOLE CARDS ***
Dealt to 9d6fdd36 
Dealt to Hero [Kd 5d]
Dealt to 277da5c5 
Dealt to c773bcf8 
Dealt to 8e467432 
c773bcf8: raises $0.05 to $0.1
8e467432: folds
9d6fdd36: folds
Hero: folds
277da5c5: calls $0.05
*** FLOP *** [3s 5s 6c]
277da5c5: checks
c773bcf8: checks
*** TURN *** [3s 5s 6c] [Kh]
277da5c5: checks
c773bcf8: bets $0.06
277da5c5: calls $0.06
*** RIVER *** [3s 5s 6c Kh] [7d]
277da5c5: checks
c773bcf8: checks
277da5c5: shows [9d 9s] (Pair of Nines)
c773bcf8: shows [As Qd] (Ace-High)
*** SHOWDOWN ***
277da5c5 collected $0.33 from pot
*** SUMMARY ***
Total pot $0.34 | Rake $0.01 | Jackpot $0 | Bingo $0 | Fortune $0 | Tax $0
Board [3s 5s 6c Kh 7d]
Seat 1: 9d6fdd36 (button) folded before Flop (didn't bet)
Seat 2: Hero (small blind) folded before Flop
Seat 3: 277da5c5 (big blind) showed [9d 9s] and won ($0.33) with Pair of Nines
Seat 4: c773bcf8 showed [As Qd] and lost with Ace-High
Seat 6: 8e467432 folded before Flop (didn't bet)


Poker Hand #HD1713625066: Hold'em No Limit ($0.02/$0.05) - 2024/04/03 13:07:29
Table 'NLHBlue8' 6-max Seat #6 is the button
Seat 1: 9d6fdd36 ($5 in chips)
Seat 2: Hero ($8.76 in chips)
Seat 3: 277da5c5 ($5.64 in chips)
Seat 4: c773bcf8 ($5.49 in chips)
Seat 6: 8e467432 ($0.83 in chips)
9d6fdd36: posts small blind $0.02
Hero: posts big blind $0.05
c773bcf8: posts big blind $0.05
c773bcf8: posts missed blind $0.02
*** HOLE CARDS ***
Dealt to 9d6fdd36 
Dealt to Hero [2c Jd]
Dealt to 277da5c5 
Dealt to c773bcf8 
Dealt to 8e467432 
277da5c5: folds
c773bcf8: checks
8e467432: folds
9d6fdd36: folds
Hero: checks
*** FLOP *** [9c 2s Qh]
Hero: checks
c773bcf8: checks
*** TURN *** [9c 2s Qh] [9d]
Hero: checks
c773bcf8: checks
*** RIVER *** [9c 2s Qh 9d] [6h]
Hero: checks
c773bcf8: bets $0.25
Hero: folds
Uncalled bet ($0.25) returned to c773bcf8
*** SHOWDOWN ***
c773bcf8 collected $0.14 from pot
*** SUMMARY ***
Total pot $0.14 | Rake $0 | Jackpot $0 | Bingo $0 | Fortune $0 | Tax $0
Board [9c 2s Qh 9d 6h]
Seat 1: 9d6fdd36 (small blind) folded before Flop
Seat 2: Hero (big blind) folded on the River
Seat 3: 277da5c5 folded before Flop (didn't bet)
Seat 4: c773bcf8 won ($0.14)
Seat 6: 8e467432 (button) folded before Flop (didn't bet)


Poker Hand #HD1713624950: Hold'em No Limit ($0.02/$0.05) - 2024/04/03 13:06:34
Table 'NLHBlue8' 6-max Seat #3 is the button
Seat 1: 9d6fdd36 ($5 in chips)
Seat 2: Hero ($8.76 in chips)
Seat 3: 277da5c5 ($5.45 in chips)
Seat 6: 8e467432 ($0.85 in chips)
8e467432: posts small blind $0.02
9d6fdd36: posts big blind $0.05
*** HOLE CARDS ***
Dealt to 9d6fdd36 
Dealt to Hero [2h Jd]
Dealt to 277da5c5 
Dealt to 8e467432 
Hero: folds
277da5c5: raises $0.06 to $0.11
8e467432: folds
9d6fdd36: calls $0.06
*** FLOP *** [5s 4s 9h]
9d6fdd36: checks
277da5c5: bets $0.08
9d6fdd36: calls $0.08
*** TURN *** [5s 4s 9h] [Td]
9d6fdd36: checks
277da5c5: checks
*** RIVER *** [5s 4s 9h Td] [Jc]
9d6fdd36: checks
277da5c5: checks
9d6fdd36: shows [6h Ad] (Ace-High)
277da5c5: shows [Kc Ac] (Ace-High)
*** SHOWDOWN ***
277da5c5 collected $0.38 from pot
*** SUMMARY ***
Total pot $0.4 | Rake $0.02 | Jackpot $0 | Bingo $0 | Fortune $0 | Tax $0
Board [5s 4s 9h Td Jc]
Seat 1: 9d6fdd36 (big blind) showed [6h Ad] and lost with Ace-High
Seat 2: Hero folded before Flop (didn't bet)
Seat 3: 277da5c5 (button) showed [Kc Ac] and won ($0.38) with Ace-High
Seat 6: 8e467432 (small blind) folded before Flop


Poker Hand #HD1713624892: Hold'em No Limit ($0.02/$0.05) - 2024/04/03 13:06:05
Table 'NLHBlue8' 6-max Seat #2 is the button
Seat 2: Hero ($8.76 in chips)
Seat 3: 277da5c5 ($5.33 in chips)
Seat 6: 8e467432 ($0.98 in chips)
277da5c5: posts small blind $0.02
8e467432: posts big blind $0.05
*** HOLE CARDS ***
Dealt to Hero [9s 5h]
Dealt to 277da5c5 
Dealt to 8e467432 
Hero: folds
277da5c5: raises $0.08 to $0.13
8e467432: calls $0.08
*** FLOP *** [4h Kd 5d]
277da5c5: bets $0.13
8e467432: folds
Uncalled bet ($0.13) returned to 277da5c5
*** SHOWDOWN ***
277da5c5 collected $0.25 from pot
*** SUMMARY ***
Total pot $0.26 | Rake $0.01 | Jackpot $0 | Bingo $0 | Fortune $0 | Tax $0
Board [4h Kd 5d]
Seat 2: Hero (button) folded before Flop (didn't bet)
Seat 3: 277da5c5 (small blind) won ($0.25)
Seat 6: 8e467432 (big blind) folded on the Flop


Poker Hand #HD1713624883: Hold'em No Limit ($0.02/$0.05) - 2024/04/03 13:05:58
Table 'NLHBlue8' 6-max Seat #6 is the button
Seat 2: Hero ($8.78 in chips)
Seat 3: 277da5c5 ($5.31 in chips)
Seat 6: 8e467432 ($0.98 in chips)
Hero: posts small blind $0.02
277da5c5: posts big blind $0.05
*** HOLE CARDS ***
Dealt to Hero [Js 7h]
Dealt to 277da5c5 
Dealt to 8e467432 
8e467432: folds
Hero: folds
Uncalled bet ($0.03) returned to 277da5c5
*** SHOWDOWN ***
277da5c5 collected $0.04 from pot
*** SUMMARY ***
Total pot $0.04 | Rake $0 | Jackpot $0 | Bingo $0 | Fortune $0 | Tax $0
Seat 2: Hero (small blind) folded before Flop
Seat 3: 277da5c5 (big blind) collected ($0.04)
Seat 6: 8e467432 (button) folded before Flop (didn't bet)


Poker Hand #HD1713624870: Hold'em No Limit ($0.02/$0.05) - 2024/04/03 13:05:53
Table 'NLHBlue8' 6-max Seat #2 is the button
Seat 2: Hero ($8.8 in chips)
Seat 6: 8e467432 ($0.96 in chips)
Hero: posts small blind $0.02
8e467432: posts big blind $0.05
*** HOLE CARDS ***
Dealt to Hero [Ah 4d]
Dealt to 8e467432 
Hero: folds
Uncalled bet ($0.03) returned to 8e467432
*** SHOWDOWN ***
8e467432 collected $0.04 from pot
*** SUMMARY ***
Total pot $0.04 | Rake $0 | Jackpot $0 | Bingo $0 | Fortune $0 | Tax $0
Seat 2: Hero (small blind) folded before Flop
Seat 6: 8e467432 (big blind) collected ($0.04)


Poker Hand #HD1713624841: Hold'em No Limit ($0.02/$0.05) - 2024/04/03 13:05:40
Table 'NLHBlue8' 6-max Seat #6 is the button
Seat 2: Hero ($8.85 in chips)
Seat 6: 8e467432 ($0.91 in chips)
8e467432: posts small blind $0.02
Hero: posts big blind $0.05
*** HOLE CARDS ***
Dealt to Hero [6s 7c]
Dealt to 8e467432 
8e467432: raises $0.05 to $0.1
Hero: folds
Uncalled bet ($0.05) returned to 8e467432
*** SHOWDOWN ***
8e467432 collected $0.1 from pot
*** SUMMARY ***
Total pot $0.1 | Rake $0 | Jackpot $0 | Bingo $0 | Fortune $0 | Tax $0
Seat 2: Hero (big blind) folded before Flop
Seat 6: 8e467432 (small blind) collected ($0.1)


Poker Hand #HD1713624807: Hold'em No Limit ($0.02/$0.05) - 2024/04/03 13:05:23
Table 'NLHBlue8' 6-max Seat #2 is the button
Seat 2: Hero ($8.85 in chips)
Seat 3: 277da5c5 ($5.33 in chips)
Seat 6: 8e467432 ($0.89 in chips)
277da5c5: posts small blind $0.02
8e467432: posts big blind $0.05
*** HOLE CARDS ***
Dealt to Hero [6c Js]
Dealt to 277da5c5 
Dealt to 8e467432 
Hero: folds
277da5c5: folds
Uncalled bet ($0.03) returned to 8e467432
*** SHOWDOWN ***
8e467432 collected $0.04 from pot
*** SUMMARY ***
Total pot $0.04 | Rake $0 | Jackpot $0 | Bingo $0 | Fortune $0 | Tax $0
Seat 2: Hero (button) folded before Flop (didn't bet)
Seat 3: 277da5c5 (small blind) folded before Flop
Seat 6: 8e467432 (big blind) collected ($0.04)


Poker Hand #HD1713624731: Hold'em No Limit ($0.02/$0.05) - 2024/04/03 13:04:40
Table 'NLHBlue8' 6-max Seat #6 is the button
Seat 2: Hero ($9.15 in chips)
Seat 3: 277da5c5 ($5.06 in chips)
Seat 4: c773bcf8 ($5.49 in chips)
Seat 6: 8e467432 ($0.89 in chips)
Hero: posts small blind $0.02
277da5c5: posts big blind $0.05
*** HOLE CARDS ***
Dealt to Hero [Jh Ah]
Dealt to 277da5c5 
Dealt to c773bcf8 
Dealt to 8e467432 
c773bcf8: folds
8e467432: folds
Hero: raises $0.1 to $0.15
277da5c5: calls $0.1
*** FLOP *** [6c 8s 9s]
Hero: checks
277da5c5: checks
*** TURN *** [6c 8s 9s] [7s]
Hero: checks
277da5c5: bets $0.15
Hero: calls $0.15
*** RIVER *** [6c 8s 9s 7s] [Ac]
Hero: checks
277da5c5: bets $0.4
Hero: folds
Uncalled bet ($0.4) returned to 277da5c5
*** SHOWDOWN ***
277da5c5 collected $0.57 from pot
*** SUMMARY ***
Total pot $0.6 | Rake $0.03 | Jackpot $0 | Bingo $0 | Fortune $0 | Tax $0
Board [6c 8s 9s 7s Ac]
Seat 2: Hero (small blind) folded on the River
Seat 3: 277da5c5 (big blind) won ($0.57)
Seat 4: c773bcf8 folded before Flop (didn't bet)
Seat 6: 8e467432 (button) folded before Flop (didn't bet)


Poker Hand #HD1713624631: Hold'em No Limit ($0.02/$0.05) - 2024/04/03 13:03:50
Table 'NLHBlue8' 6-max Seat #5 is the button
Seat 2: Hero ($8.91 in chips)
Seat 3: 277da5c5 ($5.19 in chips)
Seat 4: c773bcf8 ($5.49 in chips)
Seat 5: b9ab62a ($6.32 in chips)
Seat 6: 8e467432 ($1.02 in chips)
8e467432: posts small blind $0.02
Hero: posts big blind $0.05
*** HOLE CARDS ***
Dealt to Hero [6s 7s]
Dealt to 277da5c5 
Dealt to c773bcf8 
Dealt to b9ab62a 
Dealt to 8e467432 
277da5c5: raises $0.08 to $0.13
c773bcf8: folds
b9ab62a: folds
8e467432: calls $0.11
Hero: calls $0.08
*** FLOP *** [3c Qs 2s]
8e467432: checks
Hero: bets $0.15
277da5c5: folds
8e467432: folds
Uncalled bet ($0.15) returned to Hero
*** SHOWDOWN ***
Hero collected $0.37 from pot
*** SUMMARY ***
Total pot $0.39 | Rake $0.02 | Jackpot $0 | Bingo $0 | Fortune $0 | Tax $0
Board [3c Qs 2s]
Seat 2: Hero (big blind) won ($0.37)
Seat 3: 277da5c5 folded on the Flop
Seat 4: c773bcf8 folded before Flop (didn't bet)
Seat 5: b9ab62a (button) folded before Flop (didn't bet)
Seat 6: 8e467432 (small blind) folded on the Flop


Poker Hand #HD1713624520: Hold'em No Limit ($0.02/$0.05) - 2024/04/03 13:02:51
Table 'NLHBlue8' 6-max Seat #4 is the button
Seat 2: Hero ($8.91 in chips)
Seat 3: 277da5c5 ($6.1 in chips)
Seat 4: c773bcf8 ($5.49 in chips)
Seat 5: b9ab62a ($5.5 in chips)
Seat 6: 8e467432 ($1.07 in chips)
b9ab62a: posts small blind $0.02
8e467432: posts big blind $0.05
*** HOLE CARDS ***
Dealt to Hero [Th 6c]
Dealt to 277da5c5 
Dealt to c773bcf8 
Dealt to b9ab62a 
Dealt to 8e467432 
Hero: folds
277da5c5: raises $0.08 to $0.13
c773bcf8: folds
b9ab62a: raises $0.31 to $0.44
8e467432: folds
277da5c5: calls $0.31
*** FLOP *** [8c 2s 4d]
b9ab62a: bets $0.47
277da5c5: calls $0.47
*** TURN *** [8c 2s 4d] [Js]
b9ab62a: checks
277da5c5: checks
*** RIVER *** [8c 2s 4d Js] [7s]
b9ab62a: checks
277da5c5: checks
b9ab62a: shows [Kd Jd] (Pair of Jacks)
277da5c5: shows [3h 3d] (Pair of Treys)
*** SHOWDOWN ***
b9ab62a collected $1.73 from pot
*** SUMMARY ***
Total pot $1.87 | Rake $0.09 | Jackpot $0.05 | Bingo $0 | Fortune $0 | Tax $0
Board [8c 2s 4d Js 7s]
Seat 2: Hero folded before Flop (didn't bet)
Seat 3: 277da5c5 showed [3h 3d] and lost with Pair of Treys
Seat 4: c773bcf8 (button) folded before Flop (didn't bet)
Seat 5: b9ab62a (small blind) showed [Kd Jd] and won ($1.73) with Pair of Jacks
Seat 6: 8e467432 (big blind) folded before Flop


Poker Hand #HD1713624501: Hold'em No Limit ($0.02/$0.05) - 2024/04/03 13:02:36
Table 'NLHBlue8' 6-max Seat #3 is the button
Seat 2: Hero ($8.91 in chips)
Seat 3: 277da5c5 ($6.1 in chips)
Seat 4: c773bcf8 ($5.51 in chips)
Seat 5: b9ab62a ($5.48 in chips)
c773bcf8: posts small blind $0.02
b9ab62a: posts big blind $0.05
*** HOLE CARDS ***
Dealt to Hero [2h Ks]
Dealt to 277da5c5 
Dealt to c773bcf8 
Dealt to b9ab62a 
Hero: folds
277da5c5: folds
c773bcf8: folds
Uncalled bet ($0.03) returned to b9ab62a
*** SHOWDOWN ***
b9ab62a collected $0.04 from pot
*** SUMMARY ***
Total pot $0.04 | Rake $0 | Jackpot $0 | Bingo $0 | Fortune $0 | Tax $0
Seat 2: Hero folded before Flop (didn't bet)
Seat 3: 277da5c5 (button) folded before Flop (didn't bet)
Seat 4: c773bcf8 (small blind) folded before Flop
Seat 5: b9ab62a (big blind) collected ($0.04)


Poker Hand #HD1713624471: Hold'em No Limit ($0.02/$0.05) - 2024/04/03 13:02:22
Table 'NLHBlue8' 6-max Seat #2 is the button
Seat 1: 3d21a81a ($7.92 in chips)
Seat 2: Hero ($8.91 in chips)
Seat 3: 277da5c5 ($6.12 in chips)
Seat 4: c773bcf8 ($5.49 in chips)
Seat 5: b9ab62a ($5.48 in chips)
277da5c5: posts small blind $0.02
c773bcf8: posts big blind $0.05
*** HOLE CARDS ***
Dealt to 3d21a81a 
Dealt to Hero [Ts Jc]
Dealt to 277da5c5 
Dealt to c773bcf8 
Dealt to b9ab62a 
b9ab62a: folds
3d21a81a: folds
Hero: folds
277da5c5: folds
Uncalled bet ($0.03) returned to c773bcf8
*** SHOWDOWN ***
c773bcf8 collected $0.04 from pot
*** SUMMARY ***
Total pot $0.04 | Rake $0 | Jackpot $0 | Bingo $0 | Fortune $0 | Tax $0
Seat 1: 3d21a81a folded before Flop (didn't bet)
Seat 2: Hero (button) folded before Flop (didn't bet)
Seat 3: 277da5c5 (small blind) folded before Flop
Seat 4: c773bcf8 (big blind) collected ($0.04)
Seat 5: b9ab62a folded before Flop (didn't bet)


Poker Hand #HD1713624448: Hold'em No Limit ($0.02/$0.05) - 2024/04/03 13:02:07
Table 'NLHBlue8' 6-max Seat #1 is the button
Seat 1: 3d21a81a ($7.92 in chips)
Seat 2: Hero ($8.93 in chips)
Seat 3: 277da5c5 ($6.17 in chips)
Seat 4: c773bcf8 ($5.42 in chips)
Seat 5: b9ab62a ($5.48 in chips)
Hero: posts small blind $0.02
277da5c5: posts big blind $0.05
*** HOLE CARDS ***
Dealt to 3d21a81a 
Dealt to Hero [Qd Jh]
Dealt to 277da5c5 
Dealt to c773bcf8 
Dealt to b9ab62a 
c773bcf8: raises $0.05 to $0.1
b9ab62a: folds
3d21a81a: folds
Hero: folds
277da5c5: folds
Uncalled bet ($0.05) returned to c773bcf8
*** SHOWDOWN ***
c773bcf8 collected $0.12 from pot
*** SUMMARY ***
Total pot $0.12 | Rake $0 | Jackpot $0 | Bingo $0 | Fortune $0 | Tax $0
Seat 1: 3d21a81a (button) folded before Flop (didn't bet)
Seat 2: Hero (small blind) folded before Flop
Seat 3: 277da5c5 (big blind) folded before Flop
Seat 4: c773bcf8 collected ($0.12)
Seat 5: b9ab62a folded before Flop (didn't bet)


Poker Hand #HD1713624395: Hold'em No Limit ($0.02/$0.05) - 2024/04/03 13:01:44
Table 'NLHBlue8' 6-max Seat #5 is the button
Seat 1: 3d21a81a ($7.87 in chips)
Seat 2: Hero ($8.98 in chips)
Seat 3: 277da5c5 ($6.17 in chips)
Seat 4: c773bcf8 ($5.42 in chips)
Seat 5: b9ab62a ($5.48 in chips)
3d21a81a: posts small blind $0.02
Hero: posts big blind $0.05
*** HOLE CARDS ***
Dealt to 3d21a81a 
Dealt to Hero [Ad 6s]
Dealt to 277da5c5 
Dealt to c773bcf8 
Dealt to b9ab62a 
277da5c5: folds
c773bcf8: folds
b9ab62a: folds
3d21a81a: raises $0.1 to $0.15
Hero: folds
Uncalled bet ($0.1) returned to 3d21a81a
*** SHOWDOWN ***
3d21a81a collected $0.1 from pot
*** SUMMARY ***
Total pot $0.1 | Rake $0 | Jackpot $0 | Bingo $0 | Fortune $0 | Tax $0
Seat 1: 3d21a81a (small blind) collected ($0.1)
Seat 2: Hero (big blind) folded before Flop
Seat 3: 277da5c5 folded before Flop (didn't bet)
Seat 4: c773bcf8 folded before Flop (didn't bet)
Seat 5: b9ab62a (button) folded before Flop (didn't bet)


Poker Hand #HD1713624176: Hold'em No Limit ($0.02/$0.05) - 2024/04/03 12:59:52
Table 'NLHBlue8' 6-max Seat #4 is the button
Seat 1: 3d21a81a ($7.87 in chips)
Seat 2: Hero ($9.08 in chips)
Seat 3: 277da5c5 ($5.2 in chips)
Seat 4: c773bcf8 ($5.42 in chips)
Seat 5: b9ab62a ($5.5 in chips)
Seat 6: 8e467432 ($1 in chips)
b9ab62a: posts small blind $0.02
8e467432: posts big blind $0.05
*** HOLE CARDS ***
Dealt to 3d21a81a 
Dealt to Hero [9c 9d]
Dealt to 277da5c5 
Dealt to c773bcf8 
Dealt to b9ab62a 
Dealt to 8e467432 
3d21a81a: folds
Hero: raises $0.05 to $0.1
277da5c5: calls $0.1
c773bcf8: folds
b9ab62a: folds
8e467432: calls $0.05
*** FLOP *** [3s 7c Jd]
8e467432: checks
Hero: checks
277da5c5: checks
*** TURN *** [3s 7c Jd] [2s]
8e467432: bets $0.24
Hero: folds
277da5c5: calls $0.24
*** RIVER *** [3s 7c Jd 2s] [3d]
8e467432: bets $0.4
277da5c5: raises $1.6 to $2
8e467432: calls $0.26 and is all-in
Uncalled bet ($1.34) returned to 277da5c5
277da5c5: shows [2h 2d] (Twos Full over Treys)
8e467432: shows [Jc 6c] (Pair of Jacks and Pair of Treys)
*** SHOWDOWN ***
277da5c5 collected $1.97 from pot
*** SUMMARY ***
Total pot $2.12 | Rake $0.1 | Jackpot $0.05 | Bingo $0 | Fortune $0 | Tax $0
Board [3s 7c Jd 2s 3d]
Seat 1: 3d21a81a folded before Flop (didn't bet)
Seat 2: Hero folded on the Turn
Seat 3: 277da5c5 showed [2h 2d] and won ($1.97) with Twos Full over Treys
Seat 4: c773bcf8 (button) folded before Flop (didn't bet)
Seat 5: b9ab62a (small blind) folded before Flop
Seat 6: 8e467432 (big blind) showed [Jc 6c] and lost with Pair of Jacks and Pair of Treys


Poker Hand #HD1713624108: Hold'em No Limit ($0.02/$0.05) - 2024/04/03 12:59:13
Table 'NLHBlue8' 6-max Seat #3 is the button
Seat 1: 3d21a81a ($7.87 in chips)
Seat 2: Hero ($9.08 in chips)
Seat 3: 277da5c5 ($5.31 in chips)
Seat 4: c773bcf8 ($5.44 in chips)
Seat 5: b9ab62a ($5.38 in chips)
c773bcf8: posts small blind $0.02
b9ab62a: posts big blind $0.05
*** HOLE CARDS ***
Dealt to 3d21a81a 
Dealt to Hero [5c 6d]
Dealt to 277da5c5 
Dealt to c773bcf8 
Dealt to b9ab62a 
3d21a81a: folds
Hero: folds
277da5c5: raises $0.06 to $0.11
c773bcf8: folds
b9ab62a: raises $0.24 to $0.35
277da5c5: folds
Uncalled bet ($0.24) returned to b9ab62a
*** SHOWDOWN ***
b9ab62a collected $0.23 from pot
*** SUMMARY ***
Total pot $0.24 | Rake $0.01 | Jackpot $0 | Bingo $0 | Fortune $0 | Tax $0
Seat 1: 3d21a81a folded before Flop (didn't bet)
Seat 2: Hero folded before Flop (didn't bet)
Seat 3: 277da5c5 (button) folded before Flop
Seat 4: c773bcf8 (small blind) folded before Flop
Seat 5: b9ab62a (big blind) collected ($0.23)


Poker Hand #HD1713624044: Hold'em No Limit ($0.02/$0.05) - 2024/04/03 12:58:41
Table 'NLHBlue8' 6-max Seat #2 is the button
Seat 1: 3d21a81a ($7.87 in chips)
Seat 2: Hero ($9.21 in chips)
Seat 3: 277da5c5 ($5.33 in chips)
Seat 4: c773bcf8 ($5.3 in chips)
Seat 5: b9ab62a ($5.38 in chips)
277da5c5: posts small blind $0.02
c773bcf8: posts big blind $0.05
*** HOLE CARDS ***
Dealt to 3d21a81a 
Dealt to Hero [4d Kd]
Dealt to 277da5c5 
Dealt to c773bcf8 
Dealt to b9ab62a 
b9ab62a: folds
3d21a81a: folds
Hero: raises $0.08 to $0.13
277da5c5: folds
c773bcf8: calls $0.08
*** FLOP *** [7c Jh 3s]
c773bcf8: checks
Hero: checks
*** TURN *** [7c Jh 3s] [3c]
c773bcf8: bets $0.1
Hero: folds
Uncalled bet ($0.1) returned to c773bcf8
*** SHOWDOWN ***
c773bcf8 collected $0.27 from pot
*** SUMMARY ***
Total pot $0.28 | Rake $0.01 | Jackpot $0 | Bingo $0 | Fortune $0 | Tax $0
Board [7c Jh 3s 3c]
Seat 1: 3d21a81a folded before Flop (didn't bet)
Seat 2: Hero (button) folded on the Turn
Seat 3: 277da5c5 (small blind) folded before Flop
Seat 4: c773bcf8 (big blind) won ($0.27)
Seat 5: b9ab62a folded before Flop (didn't bet)


Poker Hand #HD1713624000: Hold'em No Limit ($0.02/$0.05) - 2024/04/03 12:58:15
Table 'NLHBlue8' 6-max Seat #1 is the button
Seat 1: 3d21a81a ($7.87 in chips)
Seat 2: Hero ($9.23 in chips)
Seat 3: 277da5c5 ($5.38 in chips)
Seat 4: c773bcf8 ($5.3 in chips)
Seat 5: b9ab62a ($5.31 in chips)
Hero: posts small blind $0.02
277da5c5: posts big blind $0.05
*** HOLE CARDS ***
Dealt to 3d21a81a 
Dealt to Hero [Ad 4d]
Dealt to 277da5c5 
Dealt to c773bcf8 
Dealt to b9ab62a 
c773bcf8: folds
b9ab62a: raises $0.05 to $0.1
3d21a81a: folds
Hero: folds
277da5c5: folds
Uncalled bet ($0.05) returned to b9ab62a
*** SHOWDOWN ***
b9ab62a collected $0.12 from pot
*** SUMMARY ***
Total pot $0.12 | Rake $0 | Jackpot $0 | Bingo $0 | Fortune $0 | Tax $0
Seat 1: 3d21a81a (button) folded before Flop (didn't bet)
Seat 2: Hero (small blind) folded before Flop
Seat 3: 277da5c5 (big blind) folded before Flop
Seat 4: c773bcf8 folded before Flop (didn't bet)
Seat 5: b9ab62a collected ($0.12)


Poker Hand #HD1713623924: Hold'em No Limit ($0.02/$0.05) - 2024/04/03 12:57:37
Table 'NLHBlue8' 6-max Seat #5 is the button
Seat 1: 3d21a81a ($8 in chips)
Seat 2: Hero ($9.23 in chips)
Seat 3: 277da5c5 ($5.24 in chips)
Seat 4: c773bcf8 ($5.3 in chips)
Seat 5: b9ab62a ($5.31 in chips)
Seat 6: 431160c1 ($5.09 in chips)
431160c1: posts small blind $0.02
3d21a81a: posts big blind $0.05
*** HOLE CARDS ***
Dealt to 3d21a81a 
Dealt to Hero [2c 8c]
Dealt to 277da5c5 
Dealt to c773bcf8 
Dealt to b9ab62a 
Dealt to 431160c1 
Hero: folds
277da5c5: raises $0.08 to $0.13
c773bcf8: folds
b9ab62a: folds
431160c1: folds
3d21a81a: calls $0.08
*** FLOP *** [2d Kc 6h]
3d21a81a: checks
277da5c5: bets $0.1
3d21a81a: folds
Uncalled bet ($0.1) returned to 277da5c5
*** SHOWDOWN ***
277da5c5 collected $0.27 from pot
*** SUMMARY ***
Total pot $0.28 | Rake $0.01 | Jackpot $0 | Bingo $0 | Fortune $0 | Tax $0
Board [2d Kc 6h]
Seat 1: 3d21a81a (big blind) folded on the Flop
Seat 2: Hero folded before Flop (didn't bet)
Seat 3: 277da5c5 won ($0.27)
Seat 4: c773bcf8 folded before Flop (didn't bet)
Seat 5: b9ab62a (button) folded before Flop (didn't bet)
Seat 6: 431160c1 (small blind) folded before Flop


Poker Hand #HD1713623865: Hold'em No Limit ($0.02/$0.05) - 2024/04/03 12:57:07
Table 'NLHBlue8' 6-max Seat #4 is the button
Seat 1: 3d21a81a ($8 in chips)
Seat 2: Hero ($9.23 in chips)
Seat 3: 277da5c5 ($5.17 in chips)
Seat 4: c773bcf8 ($5.3 in chips)
Seat 5: b9ab62a ($5.33 in chips)
Seat 6: 431160c1 ($5.14 in chips)
b9ab62a: posts small blind $0.02
431160c1: posts big blind $0.05
*** HOLE CARDS ***
Dealt to 3d21a81a 
Dealt to Hero [7d 4d]
Dealt to 277da5c5 
Dealt to c773bcf8 
Dealt to b9ab62a 
Dealt to 431160c1 
3d21a81a: folds
Hero: folds
277da5c5: raises $0.08 to $0.13
c773bcf8: folds
b9ab62a: folds
431160c1: folds
Uncalled bet ($0.08) returned to 277da5c5
*** SHOWDOWN ***
277da5c5 collected $0.12 from pot
*** SUMMARY ***
Total pot $0.12 | Rake $0 | Jackpot $0 | Bingo $0 | Fortune $0 | Tax $0
Seat 1: 3d21a81a folded before Flop (didn't bet)
Seat 2: Hero folded before Flop (didn't bet)
Seat 3: 277da5c5 collected ($0.12)
Seat 4: c773bcf8 (button) folded before Flop (didn't bet)
Seat 5: b9ab62a (small blind) folded before Flop
Seat 6: 431160c1 (big blind) folded before Flop


Poker Hand #HD1713623814: Hold'em No Limit ($0.02/$0.05) - 2024/04/03 12:56:36
Table 'NLHBlue8' 6-max Seat #3 is the button
Seat 1: 3d21a81a ($8 in chips)
Seat 2: Hero ($9.23 in chips)
Seat 3: 277da5c5 ($5.17 in chips)
Seat 4: c773bcf8 ($5.45 in chips)
Seat 5: b9ab62a ($5.19 in chips)
Seat 6: 431160c1 ($5.14 in chips)
c773bcf8: posts small blind $0.02
b9ab62a: posts big blind $0.05
*** HOLE CARDS ***
Dealt to 3d21a81a 
Dealt to Hero [Th 4c]
Dealt to 277da5c5 
Dealt to c773bcf8 
Dealt to b9ab62a 
Dealt to 431160c1 
431160c1: folds
3d21a81a: folds
Hero: folds
277da5c5: folds
c773bcf8: raises $0.1 to $0.15
b9ab62a: raises $0.3 to $0.45
c773bcf8: folds
Uncalled bet ($0.3) returned to b9ab62a
*** SHOWDOWN ***
b9ab62a collected $0.29 from pot
*** SUMMARY ***
Total pot $0.3 | Rake $0.01 | Jackpot $0 | Bingo $0 | Fortune $0 | Tax $0
Seat 1: 3d21a81a folded before Flop (didn't bet)
Seat 2: Hero folded before Flop (didn't bet)
Seat 3: 277da5c5 (button) folded before Flop (didn't bet)
Seat 4: c773bcf8 (small blind) folded before Flop
Seat 5: b9ab62a (big blind) collected ($0.29)
Seat 6: 431160c1 folded before Flop (didn't bet)


Poker Hand #HD1713623777: Hold'em No Limit ($0.02/$0.05) - 2024/04/03 12:56:17
Table 'NLHBlue8' 6-max Seat #2 is the button
Seat 1: 3d21a81a ($8 in chips)
Seat 2: Hero ($9.36 in chips)
Seat 3: 277da5c5 ($5 in chips)
Seat 4: c773bcf8 ($5.5 in chips)
Seat 5: b9ab62a ($5.19 in chips)
Seat 6: 431160c1 ($5.14 in chips)
277da5c5: posts small blind $0.02
c773bcf8: posts big blind $0.05
*** HOLE CARDS ***
Dealt to 3d21a81a 
Dealt to Hero [Ac 9d]
Dealt to 277da5c5 
Dealt to c773bcf8 
Dealt to b9ab62a 
Dealt to 431160c1 
b9ab62a: folds
431160c1: folds
3d21a81a: folds
Hero: raises $0.08 to $0.13
277da5c5: raises $0.42 to $0.55
c773bcf8: folds
Hero: folds
Uncalled bet ($0.42) returned to 277da5c5
*** SHOWDOWN ***
277da5c5 collected $0.3 from pot
*** SUMMARY ***
Total pot $0.31 | Rake $0.01 | Jackpot $0 | Bingo $0 | Fortune $0 | Tax $0
Seat 1: 3d21a81a folded before Flop (didn't bet)
Seat 2: Hero (button) folded before Flop
Seat 3: 277da5c5 (small blind) collected ($0.3)
Seat 4: c773bcf8 (big blind) folded before Flop
Seat 5: b9ab62a folded before Flop (didn't bet)
Seat 6: 431160c1 folded before Flop (didn't bet)


Poker Hand #HD1713623740: Hold'em No Limit ($0.02/$0.05) - 2024/04/03 12:55:58
Table 'NLHBlue8' 6-max Seat #1 is the button
Seat 1: 3d21a81a ($8 in chips)
Seat 2: Hero ($9.38 in chips)
Seat 3: 277da5c5 ($5 in chips)
Seat 4: c773bcf8 ($5.5 in chips)
Seat 5: b9ab62a ($5.19 in chips)
Seat 6: 431160c1 ($5.07 in chips)
Hero: posts small blind $0.02
277da5c5: posts big blind $0.05
*** HOLE CARDS ***
Dealt to 3d21a81a 
Dealt to Hero [Js 8d]
Dealt to 277da5c5 
Dealt to c773bcf8 
Dealt to b9ab62a 
Dealt to 431160c1 
c773bcf8: folds
b9ab62a: folds
431160c1: raises $0.08 to $0.13
3d21a81a: folds
Hero: folds
277da5c5: folds
Uncalled bet ($0.08) returned to 431160c1
*** SHOWDOWN ***
431160c1 collected $0.12 from pot
*** SUMMARY ***
Total pot $0.12 | Rake $0 | Jackpot $0 | Bingo $0 | Fortune $0 | Tax $0
Seat 1: 3d21a81a (button) folded before Flop (didn't bet)
Seat 2: Hero (small blind) folded before Flop
Seat 3: 277da5c5 (big blind) folded before Flop
Seat 4: c773bcf8 folded before Flop (didn't bet)
Seat 5: b9ab62a folded before Flop (didn't bet)
Seat 6: 431160c1 collected ($0.12)


Poker Hand #HD1713623700: Hold'em No Limit ($0.02/$0.05) - 2024/04/03 12:55:40
Table 'NLHBlue8' 6-max Seat #6 is the button
Seat 1: 3d21a81a ($8.02 in chips)
Seat 2: Hero ($9.43 in chips)
Seat 4: c773bcf8 ($5.5 in chips)
Seat 5: b9ab62a ($5.19 in chips)
Seat 6: 431160c1 ($5 in chips)
3d21a81a: posts small blind $0.02
Hero: posts big blind $0.05
*** HOLE CARDS ***
Dealt to 3d21a81a 
Dealt to Hero [6c 8h]
Dealt to c773bcf8 
Dealt to b9ab62a 
Dealt to 431160c1 
c773bcf8: folds
b9ab62a: folds
431160c1: raises $0.08 to $0.13
3d21a81a: folds
Hero: folds
Uncalled bet ($0.08) returned to 431160c1
*** SHOWDOWN ***
431160c1 collected $0.12 from pot
*** SUMMARY ***
Total pot $0.12 | Rake $0 | Jackpot $0 | Bingo $0 | Fortune $0 | Tax $0
Seat 1: 3d21a81a (small blind) folded before Flop
Seat 2: Hero (big blind) folded before Flop
Seat 4: c773bcf8 folded before Flop (didn't bet)
Seat 5: b9ab62a folded before Flop (didn't bet)
Seat 6: 431160c1 (button) collected ($0.12)


Poker Hand #HD1713623663: Hold'em No Limit ($0.02/$0.05) - 2024/04/03 12:55:19
Table 'NLHBlue8' 6-max Seat #5 is the button
Seat 1: 3d21a81a ($8.07 in chips)
Seat 2: Hero ($9.43 in chips)
Seat 4: c773bcf8 ($5.5 in chips)
Seat 5: b9ab62a ($5.12 in chips)
Seat 6: 431160c1 ($5.02 in chips)
431160c1: posts small blind $0.02
3d21a81a: posts big blind $0.05
*** HOLE CARDS ***
Dealt to 3d21a81a 
Dealt to Hero [5c 4d]
Dealt to c773bcf8 
Dealt to b9ab62a 
Dealt to 431160c1 
Hero: folds
c773bcf8: folds
b9ab62a: raises $0.08 to $0.13
431160c1: folds
3d21a81a: folds
Uncalled bet ($0.08) returned to b9ab62a
*** SHOWDOWN ***
b9ab62a collected $0.12 from pot
*** SUMMARY ***
Total pot $0.12 | Rake $0 | Jackpot $0 | Bingo $0 | Fortune $0 | Tax $0
Seat 1: 3d21a81a (big blind) folded before Flop
Seat 2: Hero folded before Flop (didn't bet)
Seat 4: c773bcf8 folded before Flop (didn't bet)
Seat 5: b9ab62a (button) collected ($0.12)
Seat 6: 431160c1 (small blind) folded before Flop


Poker Hand #HD1713623635: Hold'em No Limit ($0.02/$0.05) - 2024/04/03 12:55:05
Table 'NLHBlue8' 6-max Seat #4 is the button
Seat 1: 3d21a81a ($8.07 in chips)
Seat 2: Hero ($9.36 in chips)
Seat 4: c773bcf8 ($5.5 in chips)
Seat 5: b9ab62a ($5.14 in chips)
Seat 6: 431160c1 ($5.07 in chips)
b9ab62a: posts small blind $0.02
431160c1: posts big blind $0.05
*** HOLE CARDS ***
Dealt to 3d21a81a 
Dealt to Hero [Jh Kc]
Dealt to c773bcf8 
Dealt to b9ab62a 
Dealt to 431160c1 
3d21a81a: folds
Hero: raises $0.05 to $0.1
c773bcf8: folds
b9ab62a: folds
431160c1: folds
Uncalled bet ($0.05) returned to Hero
*** SHOWDOWN ***
Hero collected $0.12 from pot
*** SUMMARY ***
Total pot $0.12 | Rake $0 | Jackpot $0 | Bingo $0 | Fortune $0 | Tax $0
Seat 1: 3d21a81a folded before Flop (didn't bet)
Seat 2: Hero collected ($0.12)
Seat 4: c773bcf8 (button) folded before Flop (didn't bet)
Seat 5: b9ab62a (small blind) folded before Flop
Seat 6: 431160c1 (big blind) folded before Flop


Poker Hand #HD1713623580: Hold'em No Limit ($0.02/$0.05) - 2024/04/03 12:54:37
Table 'NLHBlue8' 6-max Seat #2 is the button
Seat 1: 3d21a81a ($8.07 in chips)
Seat 2: Hero ($9.49 in chips)
Seat 4: c773bcf8 ($5.52 in chips)
Seat 5: b9ab62a ($5 in chips)
Seat 6: 431160c1 ($5.07 in chips)
c773bcf8: posts small blind $0.02
b9ab62a: posts big blind $0.05
*** HOLE CARDS ***
Dealt to 3d21a81a 
Dealt to Hero [Th 8h]
Dealt to c773bcf8 
Dealt to b9ab62a 
Dealt to 431160c1 
431160c1: folds
3d21a81a: folds
Hero: raises $0.08 to $0.13
c773bcf8: folds
b9ab62a: raises $0.35 to $0.48
Hero: folds
Uncalled bet ($0.35) returned to b9ab62a
*** SHOWDOWN ***
b9ab62a collected $0.27 from pot
*** SUMMARY ***
Total pot $0.28 | Rake $0.01 | Jackpot $0 | Bingo $0 | Fortune $0 | Tax $0
Seat 1: 3d21a81a folded before Flop (didn't bet)
Seat 2: Hero (button) folded before Flop
Seat 4: c773bcf8 (small blind) folded before Flop
Seat 5: b9ab62a (big blind) collected ($0.27)
Seat 6: 431160c1 folded before Flop (didn't bet)


Poker Hand #HD1713623549: Hold'em No Limit ($0.02/$0.05) - 2024/04/03 12:54:21
Table 'NLHBlue8' 6-max Seat #1 is the button
Seat 1: 3d21a81a ($8.07 in chips)
Seat 2: Hero ($9.51 in chips)
Seat 4: c773bcf8 ($5.5 in chips)
Seat 5: b9ab62a ($5 in chips)
Seat 6: 431160c1 ($5.07 in chips)
Hero: posts small blind $0.02
c773bcf8: posts big blind $0.05
*** HOLE CARDS ***
Dealt to 3d21a81a 
Dealt to Hero [7h 7d]
Dealt to c773bcf8 
Dealt to b9ab62a 
Dealt to 431160c1 
b9ab62a: folds
431160c1: folds
3d21a81a: folds
Hero: folds
Uncalled bet ($0.03) returned to c773bcf8
*** SHOWDOWN ***
c773bcf8 collected $0.04 from pot
*** SUMMARY ***
Total pot $0.04 | Rake $0 | Jackpot $0 | Bingo $0 | Fortune $0 | Tax $0
Seat 1: 3d21a81a (button) folded before Flop (didn't bet)
Seat 2: Hero (small blind) folded before Flop
Seat 4: c773bcf8 (big blind) collected ($0.04)
Seat 5: b9ab62a folded before Flop (didn't bet)
Seat 6: 431160c1 folded before Flop (didn't bet)


Poker Hand #HD1713623514: Hold'em No Limit ($0.02/$0.05) - 2024/04/03 12:54:03
Table 'NLHBlue8' 6-max Seat #6 is the button
Seat 1: 3d21a81a ($8.09 in chips)
Seat 2: Hero ($9.56 in chips)
Seat 3: 73fe58b9 ($5.34 in chips)
Seat 4: c773bcf8 ($5.5 in chips)
Seat 5: b9ab62a ($5 in chips)
Seat 6: 431160c1 ($5 in chips)
3d21a81a: posts small blind $0.02
Hero: posts big blind $0.05
*** HOLE CARDS ***
Dealt to 3d21a81a 
Dealt to Hero [5c Ah]
Dealt to 73fe58b9 
Dealt to c773bcf8 
Dealt to b9ab62a 
Dealt to 431160c1 
73fe58b9: folds
c773bcf8: folds
b9ab62a: folds
431160c1: raises $0.1 to $0.15
3d21a81a: folds
Hero: folds
Uncalled bet ($0.1) returned to 431160c1
*** SHOWDOWN ***
431160c1 collected $0.12 from pot
*** SUMMARY ***
Total pot $0.12 | Rake $0 | Jackpot $0 | Bingo $0 | Fortune $0 | Tax $0
Seat 1: 3d21a81a (small blind) folded before Flop
Seat 2: Hero (big blind) folded before Flop
Seat 3: 73fe58b9 folded before Flop (didn't bet)
Seat 4: c773bcf8 folded before Flop (didn't bet)
Seat 5: b9ab62a folded before Flop (didn't bet)
Seat 6: 431160c1 (button) collected ($0.12)


Poker Hand #HD1713623479: Hold'em No Limit ($0.02/$0.05) - 2024/04/03 12:53:43
Table 'NLHBlue8' 6-max Seat #5 is the button
Seat 1: 3d21a81a ($8.14 in chips)
Seat 2: Hero ($9.56 in chips)
Seat 3: 73fe58b9 ($5.34 in chips)
Seat 4: c773bcf8 ($5.5 in chips)
Seat 5: b9ab62a ($5 in chips)
Seat 6: 431160c1 ($4.95 in chips)
431160c1: posts small blind $0.02
3d21a81a: posts big blind $0.05
*** HOLE CARDS ***
Dealt to 3d21a81a 
Dealt to Hero [4d 8h]
Dealt to 73fe58b9 
Dealt to c773bcf8 
Dealt to b9ab62a 
Dealt to 431160c1 
Hero: folds
73fe58b9: folds
c773bcf8: folds
b9ab62a: folds
431160c1: raises $0.1 to $0.15
3d21a81a: folds
Uncalled bet ($0.1) returned to 431160c1
*** SHOWDOWN ***
431160c1 collected $0.1 from pot
*** SUMMARY ***
Total pot $0.1 | Rake $0 | Jackpot $0 | Bingo $0 | Fortune $0 | Tax $0
Seat 1: 3d21a81a (big blind) folded before Flop
Seat 2: Hero folded before Flop (didn't bet)
Seat 3: 73fe58b9 folded before Flop (didn't bet)
Seat 4: c773bcf8 folded before Flop (didn't bet)
Seat 5: b9ab62a (button) folded before Flop (didn't bet)
Seat 6: 431160c1 (small blind) collected ($0.1)


Poker Hand #HD1713623453: Hold'em No Limit ($0.02/$0.05) - 2024/04/03 12:53:28
Table 'NLHBlue8' 6-max Seat #4 is the button
Seat 1: 3d21a81a ($8.14 in chips)
Seat 2: Hero ($9.56 in chips)
Seat 3: 73fe58b9 ($5.27 in chips)
Seat 4: c773bcf8 ($5.5 in chips)
Seat 5: b9ab62a ($5 in chips)
Seat 6: 431160c1 ($5 in chips)
b9ab62a: posts small blind $0.02
431160c1: posts big blind $0.05
*** HOLE CARDS ***
Dealt to 3d21a81a 
Dealt to Hero [8h 6h]
Dealt to 73fe58b9 
Dealt to c773bcf8 
Dealt to b9ab62a 
Dealt to 431160c1 
3d21a81a: folds
Hero: folds
73fe58b9: raises $0.07 to $0.12
c773bcf8: folds
b9ab62a: folds
431160c1: folds
Uncalled bet ($0.07) returned to 73fe58b9
*** SHOWDOWN ***
73fe58b9 collected $0.12 from pot
*** SUMMARY ***
Total pot $0.12 | Rake $0 | Jackpot $0 | Bingo $0 | Fortune $0 | Tax $0
Seat 1: 3d21a81a folded before Flop (didn't bet)
Seat 2: Hero folded before Flop (didn't bet)
Seat 3: 73fe58b9 collected ($0.12)
Seat 4: c773bcf8 (button) folded before Flop (didn't bet)
Seat 5: b9ab62a (small blind) folded before Flop
Seat 6: 431160c1 (big blind) folded before Flop


Poker Hand #HD1713623406: Hold'em No Limit ($0.02/$0.05) - 2024/04/03 12:52:59
Table 'NLHBlue8' 6-max Seat #3 is the button
Seat 1: 3d21a81a ($8.14 in chips)
Seat 2: Hero ($9.56 in chips)
Seat 3: 73fe58b9 ($5.27 in chips)
Seat 4: c773bcf8 ($5.45 in chips)
Seat 5: b9ab62a ($5 in chips)
Seat 6: 248e34c7 ($7.62 in chips)
c773bcf8: posts small blind $0.02
b9ab62a: posts big blind $0.05
*** HOLE CARDS ***
Dealt to 3d21a81a 
Dealt to Hero [Kd 2d]
Dealt to 73fe58b9 
Dealt to c773bcf8 
Dealt to b9ab62a 
Dealt to 248e34c7 
248e34c7: folds
3d21a81a: folds
Hero: folds
73fe58b9: folds
c773bcf8: raises $0.1 to $0.15
b9ab62a: folds
Uncalled bet ($0.1) returned to c773bcf8
*** SHOWDOWN ***
c773bcf8 collected $0.1 from pot
*** SUMMARY ***
Total pot $0.1 | Rake $0 | Jackpot $0 | Bingo $0 | Fortune $0 | Tax $0
Seat 1: 3d21a81a folded before Flop (didn't bet)
Seat 2: Hero folded before Flop (didn't bet)
Seat 3: 73fe58b9 (button) folded before Flop (didn't bet)
Seat 4: c773bcf8 (small blind) collected ($0.1)
Seat 5: b9ab62a (big blind) folded before Flop
Seat 6: 248e34c7 folded before Flop (didn't bet)


Poker Hand #HD1713623259: Hold'em No Limit ($0.02/$0.05) - 2024/04/03 12:51:50
Table 'NLHBlue8' 6-max Seat #2 is the button
Seat 1: 3d21a81a ($8.14 in chips)
Seat 2: Hero ($9.56 in chips)
Seat 3: 73fe58b9 ($5.29 in chips)
Seat 4: c773bcf8 ($5 in chips)
Seat 5: b9ab62a ($5 in chips)
Seat 6: 248e34c7 ($7.62 in chips)
73fe58b9: posts small blind $0.02
c773bcf8: posts big blind $0.05
*** HOLE CARDS ***
Dealt to 3d21a81a 
Dealt to Hero [Td 9c]
Dealt to 73fe58b9 
Dealt to c773bcf8 
Dealt to b9ab62a 
Dealt to 248e34c7 
b9ab62a: raises $0.05 to $0.1
248e34c7: folds
3d21a81a: folds
Hero: folds
73fe58b9: folds
c773bcf8: calls $0.05
*** FLOP *** [3d 8h Kh]
c773bcf8: checks
b9ab62a: bets $0.08
c773bcf8: calls $0.08
*** TURN *** [3d 8h Kh] [5s]
c773bcf8: checks
b9ab62a: bets $0.29
c773bcf8: calls $0.29
*** RIVER *** [3d 8h Kh 5s] [9s]
c773bcf8: bets $0.64
b9ab62a: folds
Uncalled bet ($0.64) returned to c773bcf8
*** SHOWDOWN ***
c773bcf8 collected $0.92 from pot
*** SUMMARY ***
Total pot $0.96 | Rake $0.04 | Jackpot $0 | Bingo $0 | Fortune $0 | Tax $0
Board [3d 8h Kh 5s 9s]
Seat 1: 3d21a81a folded before Flop (didn't bet)
Seat 2: Hero (button) folded before Flop (didn't bet)
Seat 3: 73fe58b9 (small blind) folded before Flop
Seat 4: c773bcf8 (big blind) won ($0.92)
Seat 5: b9ab62a folded on the River
Seat 6: 248e34c7 folded before Flop (didn't bet)


Poker Hand #HD1713623207: Hold'em No Limit ($0.02/$0.05) - 2024/04/03 12:51:23
Table 'NLHBlue8' 6-max Seat #1 is the button
Seat 1: 3d21a81a ($8.14 in chips)
Seat 2: Hero ($9.58 in chips)
Seat 3: 73fe58b9 ($5.44 in chips)
Seat 4: c773bcf8 ($5 in chips)
Seat 5: b9ab62a ($5 in chips)
Seat 6: 248e34c7 ($7.46 in chips)
Hero: posts small blind $0.02
73fe58b9: posts big blind $0.05
*** HOLE CARDS ***
Dealt to 3d21a81a 
Dealt to Hero [8d 3s]
Dealt to 73fe58b9 
Dealt to c773bcf8 
Dealt to b9ab62a 
Dealt to 248e34c7 
c773bcf8: folds
b9ab62a: folds
248e34c7: raises $0.1 to $0.15
3d21a81a: folds
Hero: folds
73fe58b9: calls $0.1
*** FLOP *** [Th Jc Qh]
73fe58b9: checks
248e34c7: bets $0.17
73fe58b9: folds
Uncalled bet ($0.17) returned to 248e34c7
248e34c7: shows [Ac Kc] (Aces-High Straight)
*** SHOWDOWN ***
248e34c7 collected $0.31 from pot
*** SUMMARY ***
Total pot $0.32 | Rake $0.01 | Jackpot $0 | Bingo $0 | Fortune $0 | Tax $0
Board [Th Jc Qh]
Seat 1: 3d21a81a (button) folded before Flop (didn't bet)
Seat 2: Hero (small blind) folded before Flop
Seat 3: 73fe58b9 (big blind) folded on the Flop
Seat 4: c773bcf8 folded before Flop (didn't bet)
Seat 5: b9ab62a folded before Flop (didn't bet)
Seat 6: 248e34c7 showed [Ac Kc] and won ($0.31)


Poker Hand #HD1713623122: Hold'em No Limit ($0.02/$0.05) - 2024/04/03 12:50:33
Table 'NLHBlue8' 6-max Seat #6 is the button
Seat 1: 3d21a81a ($8.16 in chips)
Seat 2: Hero ($9.47 in chips)
Seat 3: 73fe58b9 ($5.44 in chips)
Seat 4: c773bcf8 ($5 in chips)
Seat 5: b9ab62a ($5 in chips)
Seat 6: 248e34c7 ($7.46 in chips)
3d21a81a: posts small blind $0.02
Hero: posts big blind $0.05
*** HOLE CARDS ***
Dealt to 3d21a81a 
Dealt to Hero [As 5d]
Dealt to 73fe58b9 
Dealt to c773bcf8 
Dealt to b9ab62a 
Dealt to 248e34c7 
73fe58b9: folds
c773bcf8: raises $0.05 to $0.1
b9ab62a: folds
248e34c7: folds
3d21a81a: folds
Hero: calls $0.05
*** FLOP *** [3d 4c 7d]
Hero: checks
c773bcf8: checks
*** TURN *** [3d 4c 7d] [Ks]
Hero: bets $0.08
c773bcf8: folds
Uncalled bet ($0.08) returned to Hero
*** SHOWDOWN ***
Hero collected $0.21 from pot
*** SUMMARY ***
Total pot $0.22 | Rake $0.01 | Jackpot $0 | Bingo $0 | Fortune $0 | Tax $0
Board [3d 4c 7d Ks]
Seat 1: 3d21a81a (small blind) folded before Flop
Seat 2: Hero (big blind) won ($0.21)
Seat 3: 73fe58b9 folded before Flop (didn't bet)
Seat 4: c773bcf8 folded on the Turn
Seat 5: b9ab62a folded before Flop (didn't bet)
Seat 6: 248e34c7 (button) folded before Flop (didn't bet)


Poker Hand #HD1713622884: Hold'em No Limit ($0.02/$0.05) - 2024/04/03 12:48:27
Table 'NLHBlue8' 6-max Seat #5 is the button
Seat 1: 3d21a81a ($8.21 in chips)
Seat 2: Hero ($9.51 in chips)
Seat 3: 73fe58b9 ($5.44 in chips)
Seat 4: c773bcf8 ($5 in chips)
Seat 5: b9ab62a ($5 in chips)
Seat 6: 248e34c7 ($7.48 in chips)
248e34c7: posts small blind $0.02
3d21a81a: posts big blind $0.05
*** HOLE CARDS ***
Dealt to 3d21a81a 
Dealt to Hero [Js Ks]
Dealt to 73fe58b9 
Dealt to c773bcf8 
Dealt to b9ab62a 
Dealt to 248e34c7 
Hero: raises $0.05 to $0.1
73fe58b9: folds
c773bcf8: raises $0.25 to $0.35
b9ab62a: folds
248e34c7: folds
3d21a81a: folds
Hero: calls $0.25
*** FLOP *** [Ad Tc 6c]
Hero: checks
c773bcf8: bets $0.21
Hero: raises $0.49 to $0.7
c773bcf8: calls $0.49
*** TURN *** [Ad Tc 6c] [6s]
Hero: checks
c773bcf8: checks
*** RIVER *** [Ad Tc 6c 6s] [Ts]
Hero: checks
c773bcf8: checks
Hero: shows [Js Ks] (Pair of Tens and Pair of Sixes)
c773bcf8: shows [Kc Qc] (Pair of Tens and Pair of Sixes)
*** SHOWDOWN ***
Hero collected $1.01 from pot
c773bcf8 collected $1.01 from pot
*** SUMMARY ***
Total pot $2.17 | Rake $0.1 | Jackpot $0.05 | Bingo $0 | Fortune $0 | Tax $0
Board [Ad Tc 6c 6s Ts]
Seat 1: 3d21a81a (big blind) folded before Flop
Seat 2: Hero showed [Js Ks] and won ($1.01) with Pair of Tens and Pair of Sixes
Seat 3: 73fe58b9 folded before Flop (didn't bet)
Seat 4: c773bcf8 showed [Kc Qc] and won ($1.01) with Pair of Tens and Pair of Sixes
Seat 5: b9ab62a (button) folded before Flop (didn't bet)
Seat 6: 248e34c7 (small blind) folded before Flop


Poker Hand #HD1713622793: Hold'em No Limit ($0.02/$0.05) - 2024/04/03 12:47:40
Table 'NLHBlue8' 6-max Seat #4 is the button
Seat 1: 3d21a81a ($7.97 in chips)
Seat 2: Hero ($9.51 in chips)
Seat 3: 73fe58b9 ($5.44 in chips)
Seat 4: c773bcf8 ($5 in chips)
Seat 5: b9ab62a ($5 in chips)
Seat 6: 248e34c7 ($7.72 in chips)
b9ab62a: posts small blind $0.02
248e34c7: posts big blind $0.05
*** HOLE CARDS ***
Dealt to 3d21a81a 
Dealt to Hero [4c 3s]
Dealt to 73fe58b9 
Dealt to c773bcf8 
Dealt to b9ab62a 
Dealt to 248e34c7 
3d21a81a: raises $0.06 to $0.11
Hero: folds
73fe58b9: folds
c773bcf8: folds
b9ab62a: folds
248e34c7: calls $0.06
*** FLOP *** [6d Qd 7h]
248e34c7: checks
3d21a81a: checks
*** TURN *** [6d Qd 7h] [5c]
248e34c7: checks
3d21a81a: checks
*** RIVER *** [6d Qd 7h 5c] [Ad]
248e34c7: bets $0.13
3d21a81a: calls $0.13
248e34c7: shows [3d 2h] (Ace-High)
3d21a81a: shows [Td Th] (Pair of Tens)
*** SHOWDOWN ***
3d21a81a collected $0.48 from pot
*** SUMMARY ***
Total pot $0.5 | Rake $0.02 | Jackpot $0 | Bingo $0 | Fortune $0 | Tax $0
Board [6d Qd 7h 5c Ad]
Seat 1: 3d21a81a showed [Td Th] and won ($0.48) with Pair of Tens
Seat 2: Hero folded before Flop (didn't bet)
Seat 3: 73fe58b9 folded before Flop (didn't bet)
Seat 4: c773bcf8 (button) folded before Flop (didn't bet)
Seat 5: b9ab62a (small blind) folded before Flop
Seat 6: 248e34c7 (big blind) showed [3d 2h] and lost with Ace-High


Poker Hand #HD1713622721: Hold'em No Limit ($0.02/$0.05) - 2024/04/03 12:47:04
Table 'NLHBlue8' 6-max Seat #3 is the button
Seat 1: 3d21a81a ($7.45 in chips)
Seat 2: Hero ($9.51 in chips)
Seat 3: 73fe58b9 ($5.44 in chips)
Seat 4: c773bcf8 ($5 in chips)
Seat 5: b9ab62a ($5 in chips)
Seat 6: 248e34c7 ($8.22 in chips)
c773bcf8: posts small blind $0.02
b9ab62a: posts big blind $0.05
*** HOLE CARDS ***
Dealt to 3d21a81a 
Dealt to Hero [4s Qs]
Dealt to 73fe58b9 
Dealt to c773bcf8 
Dealt to b9ab62a 
Dealt to 248e34c7 
248e34c7: raises $0.1 to $0.15
3d21a81a: raises $0.35 to $0.5
Hero: folds
73fe58b9: folds
c773bcf8: folds
b9ab62a: folds
248e34c7: calls $0.35
*** FLOP *** [9h 6h As]
248e34c7: checks
3d21a81a: checks
*** TURN *** [9h 6h As] [Ah]
248e34c7: checks
3d21a81a: bets $0.7
248e34c7: folds
Uncalled bet ($0.7) returned to 3d21a81a
*** SHOWDOWN ***
3d21a81a collected $1.02 from pot
*** SUMMARY ***
Total pot $1.07 | Rake $0.05 | Jackpot $0 | Bingo $0 | Fortune $0 | Tax $0
Board [9h 6h As Ah]
Seat 1: 3d21a81a won ($1.02)
Seat 2: Hero folded before Flop (didn't bet)
Seat 3: 73fe58b9 (button) folded before Flop (didn't bet)
Seat 4: c773bcf8 (small blind) folded before Flop
Seat 5: b9ab62a (big blind) folded before Flop
Seat 6: 248e34c7 folded on the Turn


Poker Hand #HD1713622630: Hold'em No Limit ($0.02/$0.05) - 2024/04/03 12:46:20
Table 'NLHBlue8' 6-max Seat #2 is the button
Seat 1: 3d21a81a ($7.45 in chips)
Seat 2: Hero ($9.51 in chips)
Seat 3: 73fe58b9 ($5.02 in chips)
Seat 4: c773bcf8 ($5.03 in chips)
Seat 5: b9ab62a ($5 in chips)
Seat 6: 248e34c7 ($8.37 in chips)
73fe58b9: posts small blind $0.02
c773bcf8: posts big blind $0.05
*** HOLE CARDS ***
Dealt to 3d21a81a 
Dealt to Hero [4s Kc]
Dealt to 73fe58b9 
Dealt to c773bcf8 
Dealt to b9ab62a 
Dealt to 248e34c7 
b9ab62a: folds
248e34c7: raises $0.1 to $0.15
3d21a81a: folds
Hero: folds
73fe58b9: calls $0.13
c773bcf8: calls $0.1
*** FLOP *** [Qc Qd 5c]
73fe58b9: checks
c773bcf8: bets $0.15
248e34c7: folds
73fe58b9: calls $0.15
*** TURN *** [Qc Qd 5c] [6s]
73fe58b9: checks
c773bcf8: checks
*** RIVER *** [Qc Qd 5c 6s] [7d]
73fe58b9: bets $4.72 and is all-in
c773bcf8: folds
Uncalled bet ($4.72) returned to 73fe58b9
*** SHOWDOWN ***
73fe58b9 collected $0.72 from pot
*** SUMMARY ***
Total pot $0.75 | Rake $0.03 | Jackpot $0 | Bingo $0 | Fortune $0 | Tax $0
Board [Qc Qd 5c 6s 7d]
Seat 1: 3d21a81a folded before Flop (didn't bet)
Seat 2: Hero (button) folded before Flop (didn't bet)
Seat 3: 73fe58b9 (small blind) won ($0.72)
Seat 4: c773bcf8 (big blind) folded on the River
Seat 5: b9ab62a folded before Flop (didn't bet)
Seat 6: 248e34c7 folded on the Flop


Poker Hand #HD1713622612: Hold'em No Limit ($0.02/$0.05) - 2024/04/03 12:46:09
Table 'NLHBlue8' 6-max Seat #1 is the button
Seat 1: 3d21a81a ($7.45 in chips)
Seat 2: Hero ($9.53 in chips)
Seat 3: 73fe58b9 ($5 in chips)
Seat 4: c773bcf8 ($5.03 in chips)
Seat 5: b9ab62a ($5 in chips)
Seat 6: 248e34c7 ($8.37 in chips)
Hero: posts small blind $0.02
73fe58b9: posts big blind $0.05
*** HOLE CARDS ***
Dealt to 3d21a81a 
Dealt to Hero [6s Kc]
Dealt to 73fe58b9 
Dealt to c773bcf8 
Dealt to b9ab62a 
Dealt to 248e34c7 
c773bcf8: folds
b9ab62a: folds
248e34c7: folds
3d21a81a: folds
Hero: folds
Uncalled bet ($0.03) returned to 73fe58b9
*** SHOWDOWN ***
73fe58b9 collected $0.04 from pot
*** SUMMARY ***
Total pot $0.04 | Rake $0 | Jackpot $0 | Bingo $0 | Fortune $0 | Tax $0
Seat 1: 3d21a81a (button) folded before Flop (didn't bet)
Seat 2: Hero (small blind) folded before Flop
Seat 3: 73fe58b9 (big blind) collected ($0.04)
Seat 4: c773bcf8 folded before Flop (didn't bet)
Seat 5: b9ab62a folded before Flop (didn't bet)
Seat 6: 248e34c7 folded before Flop (didn't bet)


Poker Hand #HD1713622482: Hold'em No Limit ($0.02/$0.05) - 2024/04/03 12:45:02
Table 'NLHBlue8' 6-max Seat #6 is the button
Seat 1: 3d21a81a ($6.9 in chips)
Seat 2: Hero ($9.58 in chips)
Seat 3: 73fe58b9 ($5 in chips)
Seat 4: c773bcf8 ($5.48 in chips)
Seat 5: b9ab62a ($5 in chips)
Seat 6: 248e34c7 ($8.47 in chips)
3d21a81a: posts small blind $0.02
Hero: posts big blind $0.05
*** HOLE CARDS ***
Dealt to 3d21a81a 
Dealt to Hero [9h 5s]
Dealt to 73fe58b9 
Dealt to c773bcf8 
Dealt to b9ab62a 
Dealt to 248e34c7 
73fe58b9: folds
c773bcf8: raises $0.05 to $0.1
b9ab62a: folds
248e34c7: calls $0.1
3d21a81a: raises $0.35 to $0.45
Hero: folds
c773bcf8: calls $0.35
248e34c7: folds
*** FLOP *** [Kh Ad Ts]
3d21a81a: bets $0.45
c773bcf8: folds
Uncalled bet ($0.45) returned to 3d21a81a
*** SHOWDOWN ***
3d21a81a collected $1 from pot
*** SUMMARY ***
Total pot $1.05 | Rake $0.05 | Jackpot $0 | Bingo $0 | Fortune $0 | Tax $0
Board [Kh Ad Ts]
Seat 1: 3d21a81a (small blind) won ($1)
Seat 2: Hero (big blind) folded before Flop
Seat 3: 73fe58b9 folded before Flop (didn't bet)
Seat 4: c773bcf8 folded on the Flop
Seat 5: b9ab62a folded before Flop (didn't bet)
Seat 6: 248e34c7 (button) folded before Flop


Poker Hand #HD1713622421: Hold'em No Limit ($0.02/$0.05) - 2024/04/03 12:44:21
Table 'NLHBlue8' 6-max Seat #5 is the button
Seat 1: 3d21a81a ($7.71 in chips)
Seat 2: Hero ($9.58 in chips)
Seat 3: 73fe58b9 ($5 in chips)
Seat 4: c773bcf8 ($5.48 in chips)
Seat 5: b9ab62a ($5 in chips)
Seat 6: 248e34c7 ($7.78 in chips)
248e34c7: posts small blind $0.02
3d21a81a: posts big blind $0.05
*** HOLE CARDS ***
Dealt to 3d21a81a 
Dealt to Hero [6d Js]
Dealt to 73fe58b9 
Dealt to c773bcf8 
Dealt to b9ab62a 
Dealt to 248e34c7 
Hero: folds
73fe58b9: folds
c773bcf8: folds
b9ab62a: folds
248e34c7: raises $0.1 to $0.15
3d21a81a: calls $0.1
*** FLOP *** [3h Jc Qh]
248e34c7: bets $0.16
3d21a81a: calls $0.16
*** TURN *** [3h Jc Qh] [9d]
248e34c7: bets $0.5
3d21a81a: calls $0.5
*** RIVER *** [3h Jc Qh 9d] [Qs]
248e34c7: bets $1.62
3d21a81a: folds
Uncalled bet ($1.62) returned to 248e34c7
248e34c7: shows [Qd Ks] (Three Queens)
*** SHOWDOWN ***
248e34c7 collected $1.5 from pot
*** SUMMARY ***
Total pot $1.62 | Rake $0.07 | Jackpot $0.05 | Bingo $0 | Fortune $0 | Tax $0
Board [3h Jc Qh 9d Qs]
Seat 1: 3d21a81a (big blind) folded on the River
Seat 2: Hero folded before Flop (didn't bet)
Seat 3: 73fe58b9 folded before Flop (didn't bet)
Seat 4: c773bcf8 folded before Flop (didn't bet)
Seat 5: b9ab62a (button) folded before Flop (didn't bet)
Seat 6: 248e34c7 (small blind) showed [Qd Ks] and won ($1.5)


Poker Hand #HD1713622395: Hold'em No Limit ($0.02/$0.05) - 2024/04/03 12:44:07
Table 'NLHBlue8' 6-max Seat #4 is the button
Seat 1: 3d21a81a ($7.71 in chips)
Seat 2: Hero ($9.58 in chips)
Seat 3: 73fe58b9 ($4.77 in chips)
Seat 4: c773bcf8 ($5.48 in chips)
Seat 5: b9ab62a ($5 in chips)
Seat 6: 248e34c7 ($7.76 in chips)
b9ab62a: posts small blind $0.02
248e34c7: posts big blind $0.05
*** HOLE CARDS ***
Dealt to 3d21a81a 
Dealt to Hero [Th 3c]
Dealt to 73fe58b9 
Dealt to c773bcf8 
Dealt to b9ab62a 
Dealt to 248e34c7 
3d21a81a: folds
Hero: folds
73fe58b9: folds
c773bcf8: folds
b9ab62a: folds
Uncalled bet ($0.03) returned to 248e34c7
*** SHOWDOWN ***
248e34c7 collected $0.04 from pot
*** SUMMARY ***
Total pot $0.04 | Rake $0 | Jackpot $0 | Bingo $0 | Fortune $0 | Tax $0
Seat 1: 3d21a81a folded before Flop (didn't bet)
Seat 2: Hero folded before Flop (didn't bet)
Seat 3: 73fe58b9 folded before Flop (didn't bet)
Seat 4: c773bcf8 (button) folded before Flop (didn't bet)
Seat 5: b9ab62a (small blind) folded before Flop
Seat 6: 248e34c7 (big blind) collected ($0.04)


Poker Hand #HD1713622366: Hold'em No Limit ($0.02/$0.05) - 2024/04/03 12:43:53
Table 'NLHBlue8' 6-max Seat #3 is the button
Seat 1: 3d21a81a ($7.71 in chips)
Seat 2: Hero ($9.58 in chips)
Seat 3: 73fe58b9 ($4.77 in chips)
Seat 4: c773bcf8 ($5.43 in chips)
Seat 5: b9ab62a ($5 in chips)
Seat 6: 248e34c7 ($7.76 in chips)
c773bcf8: posts small blind $0.02
b9ab62a: posts big blind $0.05
*** HOLE CARDS ***
Dealt to 3d21a81a 
Dealt to Hero [3h 2s]
Dealt to 73fe58b9 
Dealt to c773bcf8 
Dealt to b9ab62a 
Dealt to 248e34c7 
248e34c7: folds
3d21a81a: folds
Hero: folds
73fe58b9: folds
c773bcf8: raises $0.09 to $0.14
b9ab62a: folds
Uncalled bet ($0.09) returned to c773bcf8
*** SHOWDOWN ***
c773bcf8 collected $0.1 from pot
*** SUMMARY ***
Total pot $0.1 | Rake $0 | Jackpot $0 | Bingo $0 | Fortune $0 | Tax $0
Seat 1: 3d21a81a folded before Flop (didn't bet)
Seat 2: Hero folded before Flop (didn't bet)
Seat 3: 73fe58b9 (button) folded before Flop (didn't bet)
Seat 4: c773bcf8 (small blind) collected ($0.1)
Seat 5: b9ab62a (big blind) folded before Flop
Seat 6: 248e34c7 folded before Flop (didn't bet)


Poker Hand #HD1713622348: Hold'em No Limit ($0.02/$0.05) - 2024/04/03 12:43:41
Table 'NLHBlue8' 6-max Seat #2 is the button
Seat 1: 3d21a81a ($7.71 in chips)
Seat 2: Hero ($9.58 in chips)
Seat 3: 73fe58b9 ($4.79 in chips)
Seat 4: c773bcf8 ($5.41 in chips)
Seat 5: b9ab62a ($5 in chips)
Seat 6: 248e34c7 ($7.76 in chips)
73fe58b9: posts small blind $0.02
c773bcf8: posts big blind $0.05
*** HOLE CARDS ***
Dealt to 3d21a81a 
Dealt to Hero [8c Qd]
Dealt to 73fe58b9 
Dealt to c773bcf8 
Dealt to b9ab62a 
Dealt to 248e34c7 
b9ab62a: folds
248e34c7: folds
3d21a81a: folds
Hero: folds
73fe58b9: folds
Uncalled bet ($0.03) returned to c773bcf8
*** SHOWDOWN ***
c773bcf8 collected $0.04 from pot
*** SUMMARY ***
Total pot $0.04 | Rake $0 | Jackpot $0 | Bingo $0 | Fortune $0 | Tax $0
Seat 1: 3d21a81a folded before Flop (didn't bet)
Seat 2: Hero (button) folded before Flop (didn't bet)
Seat 3: 73fe58b9 (small blind) folded before Flop
Seat 4: c773bcf8 (big blind) collected ($0.04)
Seat 5: b9ab62a folded before Flop (didn't bet)
Seat 6: 248e34c7 folded before Flop (didn't bet)


Poker Hand #HD1713622331: Hold'em No Limit ($0.02/$0.05) - 2024/04/03 12:43:31
Table 'NLHBlue8' 6-max Seat #1 is the button
Seat 1: 3d21a81a ($7.71 in chips)
Seat 2: Hero ($9.6 in chips)
Seat 3: 73fe58b9 ($4.77 in chips)
Seat 4: c773bcf8 ($5.41 in chips)
Seat 5: b9ab62a ($5 in chips)
Seat 6: 248e34c7 ($7.76 in chips)
Hero: posts small blind $0.02
73fe58b9: posts big blind $0.05
*** HOLE CARDS ***
Dealt to 3d21a81a 
Dealt to Hero [Th 6d]
Dealt to 73fe58b9 
Dealt to c773bcf8 
Dealt to b9ab62a 
Dealt to 248e34c7 
c773bcf8: folds
b9ab62a: folds
248e34c7: folds
3d21a81a: folds
Hero: folds
Uncalled bet ($0.03) returned to 73fe58b9
*** SHOWDOWN ***
73fe58b9 collected $0.04 from pot
*** SUMMARY ***
Total pot $0.04 | Rake $0 | Jackpot $0 | Bingo $0 | Fortune $0 | Tax $0
Seat 1: 3d21a81a (button) folded before Flop (didn't bet)
Seat 2: Hero (small blind) folded before Flop
Seat 3: 73fe58b9 (big blind) collected ($0.04)
Seat 4: c773bcf8 folded before Flop (didn't bet)
Seat 5: b9ab62a folded before Flop (didn't bet)
Seat 6: 248e34c7 folded before Flop (didn't bet)


Poker Hand #HD1713622136: Hold'em No Limit ($0.02/$0.05) - 2024/04/03 12:41:45
Table 'NLHBlue8' 6-max Seat #6 is the button
Seat 1: 3d21a81a ($7.73 in chips)
Seat 2: Hero ($6.91 in chips)
Seat 4: c773bcf8 ($5.41 in chips)
Seat 5: b9ab62a ($5.4 in chips)
Seat 6: 248e34c7 ($7.89 in chips)
3d21a81a: posts small blind $0.02
Hero: posts big blind $0.05
*** HOLE CARDS ***
Dealt to 3d21a81a 
Dealt to Hero [Qd Ad]
Dealt to c773bcf8 
Dealt to b9ab62a 
Dealt to 248e34c7 
c773bcf8: folds
b9ab62a: raises $0.08 to $0.13
248e34c7: calls $0.13
3d21a81a: folds
Hero: raises $0.52 to $0.65
b9ab62a: raises $0.75 to $1.4
248e34c7: folds
Hero: calls $0.75
*** FLOP *** [7h 3d Jd]
Hero: checks
b9ab62a: bets $1.48
Hero: raises $4.03 to $5.51 and is all-in
b9ab62a: folds
Uncalled bet ($4.03) returned to Hero
*** SHOWDOWN ***
Hero collected $5.57 from pot
*** SUMMARY ***
Total pot $5.91 | Rake $0.29 | Jackpot $0.05 | Bingo $0 | Fortune $0 | Tax $0
Board [7h 3d Jd]
Seat 1: 3d21a81a (small blind) folded before Flop
Seat 2: Hero (big blind) won ($5.57)
Seat 4: c773bcf8 folded before Flop (didn't bet)
Seat 5: b9ab62a folded on the Flop
Seat 6: 248e34c7 (button) folded before Flop


Poker Hand #HD1713622056: Hold'em No Limit ($0.02/$0.05) - 2024/04/03 12:41:04
Table 'NLHBlue8' 6-max Seat #5 is the button
Seat 1: 3d21a81a ($7.78 in chips)
Seat 2: Hero ($6.91 in chips)
Seat 4: c773bcf8 ($5.78 in chips)
Seat 5: b9ab62a ($5 in chips)
Seat 6: 248e34c7 ($7.91 in chips)
248e34c7: posts small blind $0.02
3d21a81a: posts big blind $0.05
*** HOLE CARDS ***
Dealt to 3d21a81a 
Dealt to Hero [3h 5c]
Dealt to c773bcf8 
Dealt to b9ab62a 
Dealt to 248e34c7 
Hero: folds
c773bcf8: raises $0.05 to $0.1
b9ab62a: raises $0.27 to $0.37
248e34c7: folds
3d21a81a: folds
c773bcf8: calls $0.27
*** FLOP *** [6d 5d 5s]
c773bcf8: checks
b9ab62a: bets $0.27
c773bcf8: folds
Uncalled bet ($0.27) returned to b9ab62a
*** SHOWDOWN ***
b9ab62a collected $0.77 from pot
*** SUMMARY ***
Total pot $0.81 | Rake $0.04 | Jackpot $0 | Bingo $0 | Fortune $0 | Tax $0
Board [6d 5d 5s]
Seat 1: 3d21a81a (big blind) folded before Flop
Seat 2: Hero folded before Flop (didn't bet)
Seat 4: c773bcf8 folded on the Flop
Seat 5: b9ab62a (button) won ($0.77)
Seat 6: 248e34c7 (small blind) folded before Flop


Poker Hand #HD1713622027: Hold'em No Limit ($0.02/$0.05) - 2024/04/03 12:40:49
Table 'NLHBlue8' 6-max Seat #4 is the button
Seat 1: 3d21a81a ($7.78 in chips)
Seat 2: Hero ($6.91 in chips)
Seat 4: c773bcf8 ($5.78 in chips)
Seat 5: b9ab62a ($5 in chips)
Seat 6: 248e34c7 ($7.89 in chips)
b9ab62a: posts small blind $0.02
248e34c7: posts big blind $0.05
*** HOLE CARDS ***
Dealt to 3d21a81a 
Dealt to Hero [5c 4c]
Dealt to c773bcf8 
Dealt to b9ab62a 
Dealt to 248e34c7 
3d21a81a: folds
Hero: folds
c773bcf8: folds
b9ab62a: folds
Uncalled bet ($0.03) returned to 248e34c7
*** SHOWDOWN ***
248e34c7 collected $0.04 from pot
*** SUMMARY ***
Total pot $0.04 | Rake $0 | Jackpot $0 | Bingo $0 | Fortune $0 | Tax $0
Seat 1: 3d21a81a folded before Flop (didn't bet)
Seat 2: Hero folded before Flop (didn't bet)
Seat 4: c773bcf8 (button) folded before Flop (didn't bet)
Seat 5: b9ab62a (small blind) folded before Flop
Seat 6: 248e34c7 (big blind) collected ($0.04)


Poker Hand #HD1713621983: Hold'em No Limit ($0.02/$0.05) - 2024/04/03 12:40:27
Table 'NLHBlue8' 6-max Seat #2 is the button
Seat 1: 3d21a81a ($7.78 in chips)
Seat 2: Hero ($6.91 in chips)
Seat 4: c773bcf8 ($5.73 in chips)
Seat 5: b9ab62a ($5 in chips)
Seat 6: 248e34c7 ($7.89 in chips)
c773bcf8: posts small blind $0.02
b9ab62a: posts big blind $0.05
*** HOLE CARDS ***
Dealt to 3d21a81a 
Dealt to Hero [8s Jc]
Dealt to c773bcf8 
Dealt to b9ab62a 
Dealt to 248e34c7 
248e34c7: folds
3d21a81a: folds
Hero: folds
c773bcf8: raises $0.1 to $0.15
b9ab62a: folds
Uncalled bet ($0.1) returned to c773bcf8
*** SHOWDOWN ***
c773bcf8 collected $0.1 from pot
*** SUMMARY ***
Total pot $0.1 | Rake $0 | Jackpot $0 | Bingo $0 | Fortune $0 | Tax $0
Seat 1: 3d21a81a folded before Flop (didn't bet)
Seat 2: Hero (button) folded before Flop (didn't bet)
Seat 4: c773bcf8 (small blind) collected ($0.1)
Seat 5: b9ab62a (big blind) folded before Flop
Seat 6: 248e34c7 folded before Flop (didn't bet)


Poker Hand #HD1713621880: Hold'em No Limit ($0.02/$0.05) - 2024/04/03 12:39:27
Table 'NLHBlue8' 6-max Seat #1 is the button
Seat 1: 3d21a81a ($7.22 in chips)
Seat 2: Hero ($6.93 in chips)
Seat 4: c773bcf8 ($6.11 in chips)
Seat 5: b9ab62a ($5 in chips)
Seat 6: 248e34c7 ($7.99 in chips)
Hero: posts small blind $0.02
c773bcf8: posts big blind $0.05
*** HOLE CARDS ***
Dealt to 3d21a81a 
Dealt to Hero [Th 9d]
Dealt to c773bcf8 
Dealt to b9ab62a 
Dealt to 248e34c7 
b9ab62a: raises $0.05 to $0.1
248e34c7: calls $0.1
3d21a81a: calls $0.1
Hero: folds
c773bcf8: calls $0.05
*** FLOP *** [Ad Qd Tc]
c773bcf8: checks
b9ab62a: checks
248e34c7: checks
3d21a81a: bets $0.28
c773bcf8: calls $0.28
b9ab62a: folds
248e34c7: folds
*** TURN *** [Ad Qd Tc] [9c]
c773bcf8: checks
3d21a81a: checks
*** RIVER *** [Ad Qd Tc 9c] [Qs]
c773bcf8: checks
3d21a81a: bets $0.64
c773bcf8: folds
Uncalled bet ($0.64) returned to 3d21a81a
*** SHOWDOWN ***
3d21a81a collected $0.94 from pot
*** SUMMARY ***
Total pot $0.98 | Rake $0.04 | Jackpot $0 | Bingo $0 | Fortune $0 | Tax $0
Board [Ad Qd Tc 9c Qs]
Seat 1: 3d21a81a (button) won ($0.94)
Seat 2: Hero (small blind) folded before Flop
Seat 4: c773bcf8 (big blind) folded on the River
Seat 5: b9ab62a folded on the Flop
Seat 6: 248e34c7 folded on the Flop


Poker Hand #HD1713621731: Hold'em No Limit ($0.02/$0.05) - 2024/04/03 12:38:05
Table 'NLHBlue8' 6-max Seat #6 is the button
Seat 1: 3d21a81a ($7.24 in chips)
Seat 2: Hero ($6.98 in chips)
Seat 3: 8f6c38b ($5.88 in chips)
Seat 4: c773bcf8 ($6.11 in chips)
Seat 5: b9ab62a ($5.59 in chips)
Seat 6: 248e34c7 ($6.09 in chips)
3d21a81a: posts small blind $0.02
Hero: posts big blind $0.05
*** HOLE CARDS ***
Dealt to 3d21a81a 
Dealt to Hero [7d Ks]
Dealt to 8f6c38b 
Dealt to c773bcf8 
Dealt to b9ab62a 
Dealt to 248e34c7 
8f6c38b: folds
c773bcf8: folds
b9ab62a: raises $0.08 to $0.13
248e34c7: calls $0.13
3d21a81a: folds
Hero: folds
*** FLOP *** [6h 8d Th]
b9ab62a: checks
248e34c7: bets $0.18
b9ab62a: calls $0.18
*** TURN *** [6h 8d Th] [Kd]
b9ab62a: checks
248e34c7: bets $0.36
b9ab62a: calls $0.36
*** RIVER *** [6h 8d Th Kd] [Tc]
b9ab62a: checks
248e34c7: bets $1.41
b9ab62a: calls $1.41
248e34c7: shows [Ts Ac] (Three Tens)
b9ab62a: shows [4h Kh] (Pair of Kings and Pair of Tens)
*** SHOWDOWN ***
248e34c7 collected $3.98 from pot
*** SUMMARY ***
Total pot $4.23 | Rake $0.2 | Jackpot $0.05 | Bingo $0 | Fortune $0 | Tax $0
Board [6h 8d Th Kd Tc]
Seat 1: 3d21a81a (small blind) folded before Flop
Seat 2: Hero (big blind) folded before Flop
Seat 3: 8f6c38b folded before Flop (didn't bet)
Seat 4: c773bcf8 folded before Flop (didn't bet)
Seat 5: b9ab62a showed [4h Kh] and lost with Pair of Kings and Pair of Tens
Seat 6: 248e34c7 (button) showed [Ts Ac] and won ($3.98) with Three Tens


Poker Hand #HD1713621631: Hold'em No Limit ($0.02/$0.05) - 2024/04/03 12:37:13
Table 'NLHBlue8' 6-max Seat #5 is the button
Seat 1: 3d21a81a ($6.91 in chips)
Seat 2: Hero ($6.98 in chips)
Seat 3: 8f6c38b ($5.88 in chips)
Seat 4: c773bcf8 ($6.11 in chips)
Seat 5: b9ab62a ($5.72 in chips)
Seat 6: 248e34c7 ($6.32 in chips)
248e34c7: posts small blind $0.02
3d21a81a: posts big blind $0.05
*** HOLE CARDS ***
Dealt to 3d21a81a 
Dealt to Hero [5h As]
Dealt to 8f6c38b 
Dealt to c773bcf8 
Dealt to b9ab62a 
Dealt to 248e34c7 
Hero: folds
8f6c38b: folds
c773bcf8: folds
b9ab62a: raises $0.08 to $0.13
248e34c7: calls $0.11
3d21a81a: calls $0.08
*** FLOP *** [Ac 7h 9c]
248e34c7: checks
3d21a81a: bets $0.1
b9ab62a: folds
248e34c7: calls $0.1
*** TURN *** [Ac 7h 9c] [2s]
248e34c7: checks
3d21a81a: bets $0.35
248e34c7: folds
Uncalled bet ($0.35) returned to 3d21a81a
*** SHOWDOWN ***
3d21a81a collected $0.56 from pot
*** SUMMARY ***
Total pot $0.59 | Rake $0.03 | Jackpot $0 | Bingo $0 | Fortune $0 | Tax $0
Board [Ac 7h 9c 2s]
Seat 1: 3d21a81a (big blind) won ($0.56)
Seat 2: Hero folded before Flop (didn't bet)
Seat 3: 8f6c38b folded before Flop (didn't bet)
Seat 4: c773bcf8 folded before Flop (didn't bet)
Seat 5: b9ab62a (button) folded on the Flop
Seat 6: 248e34c7 (small blind) folded on the Turn


Poker Hand #HD1713621540: Hold'em No Limit ($0.02/$0.05) - 2024/04/03 12:36:25
Table 'NLHBlue8' 6-max Seat #4 is the button
Seat 1: 3d21a81a ($6.91 in chips)
Seat 2: Hero ($6.87 in chips)
Seat 3: 8f6c38b ($5.88 in chips)
Seat 4: c773bcf8 ($6.11 in chips)
Seat 5: b9ab62a ($5.74 in chips)
Seat 6: 248e34c7 ($6.42 in chips)
b9ab62a: posts small blind $0.02
248e34c7: posts big blind $0.05
*** HOLE CARDS ***
Dealt to 3d21a81a 
Dealt to Hero [Ad Jd]
Dealt to 8f6c38b 
Dealt to c773bcf8 
Dealt to b9ab62a 
Dealt to 248e34c7 
3d21a81a: folds
Hero: raises $0.05 to $0.1
8f6c38b: folds
c773bcf8: folds
b9ab62a: folds
248e34c7: calls $0.05
*** FLOP *** [4c Jh Qs]
248e34c7: checks
Hero: checks
*** TURN *** [4c Jh Qs] [Qh]
248e34c7: checks
Hero: bets $0.1
248e34c7: folds
Uncalled bet ($0.1) returned to Hero
*** SHOWDOWN ***
Hero collected $0.21 from pot
*** SUMMARY ***
Total pot $0.22 | Rake $0.01 | Jackpot $0 | Bingo $0 | Fortune $0 | Tax $0
Board [4c Jh Qs Qh]
Seat 1: 3d21a81a folded before Flop (didn't bet)
Seat 2: Hero won ($0.21)
Seat 3: 8f6c38b folded before Flop (didn't bet)
Seat 4: c773bcf8 (button) folded before Flop (didn't bet)
Seat 5: b9ab62a (small blind) folded before Flop
Seat 6: 248e34c7 (big blind) folded on the Turn


Poker Hand #HD1713621480: Hold'em No Limit ($0.02/$0.05) - 2024/04/03 12:35:55
Table 'NLHBlue8' 6-max Seat #3 is the button
Seat 1: 3d21a81a ($6.91 in chips)
Seat 2: Hero ($7 in chips)
Seat 3: 8f6c38b ($5.69 in chips)
Seat 4: c773bcf8 ($6.13 in chips)
Seat 5: b9ab62a ($5.79 in chips)
Seat 6: 248e34c7 ($6.42 in chips)
c773bcf8: posts small blind $0.02
b9ab62a: posts big blind $0.05
*** HOLE CARDS ***
Dealt to 3d21a81a 
Dealt to Hero [Qd Jh]
Dealt to 8f6c38b 
Dealt to c773bcf8 
Dealt to b9ab62a 
Dealt to 248e34c7 
248e34c7: folds
3d21a81a: folds
Hero: raises $0.08 to $0.13
8f6c38b: raises $0.32 to $0.45
c773bcf8: folds
b9ab62a: folds
Hero: folds
Uncalled bet ($0.32) returned to 8f6c38b
*** SHOWDOWN ***
8f6c38b collected $0.32 from pot
*** SUMMARY ***
Total pot $0.33 | Rake $0.01 | Jackpot $0 | Bingo $0 | Fortune $0 | Tax $0
Seat 1: 3d21a81a folded before Flop (didn't bet)
Seat 2: Hero folded before Flop
Seat 3: 8f6c38b (button) collected ($0.32)
Seat 4: c773bcf8 (small blind) folded before Flop
Seat 5: b9ab62a (big blind) folded before Flop
Seat 6: 248e34c7 folded before Flop (didn't bet)


Poker Hand #HD1713621401: Hold'em No Limit ($0.02/$0.05) - 2024/04/03 12:35:12
Table 'NLHBlue8' 6-max Seat #2 is the button
Seat 1: 3d21a81a ($6.91 in chips)
Seat 2: Hero ($7.45 in chips)
Seat 3: 8f6c38b ($5.71 in chips)
Seat 4: c773bcf8 ($5.56 in chips)
Seat 5: b9ab62a ($5.79 in chips)
Seat 6: 248e34c7 ($6.57 in chips)
8f6c38b: posts small blind $0.02
c773bcf8: posts big blind $0.05
*** HOLE CARDS ***
Dealt to 3d21a81a 
Dealt to Hero [Ks Js]
Dealt to 8f6c38b 
Dealt to c773bcf8 
Dealt to b9ab62a 
Dealt to 248e34c7 
b9ab62a: folds
248e34c7: raises $0.1 to $0.15
3d21a81a: folds
Hero: raises $0.3 to $0.45
8f6c38b: folds
c773bcf8: raises $0.56 to $1.01
248e34c7: folds
Hero: folds
Uncalled bet ($0.56) returned to c773bcf8
*** SHOWDOWN ***
c773bcf8 collected $1.02 from pot
*** SUMMARY ***
Total pot $1.07 | Rake $0.05 | Jackpot $0 | Bingo $0 | Fortune $0 | Tax $0
Seat 1: 3d21a81a folded before Flop (didn't bet)
Seat 2: Hero (button) folded before Flop
Seat 3: 8f6c38b (small blind) folded before Flop
Seat 4: c773bcf8 (big blind) collected ($1.02)
Seat 5: b9ab62a folded before Flop (didn't bet)
Seat 6: 248e34c7 folded before Flop


Poker Hand #HD1713621366: Hold'em No Limit ($0.02/$0.05) - 2024/04/03 12:34:51
Table 'NLHBlue8' 6-max Seat #1 is the button
Seat 1: 3d21a81a ($6.91 in chips)
Seat 2: Hero ($7.47 in chips)
Seat 3: 8f6c38b ($5.69 in chips)
Seat 4: c773bcf8 ($5.56 in chips)
Seat 5: b9ab62a ($5.79 in chips)
Seat 6: 248e34c7 ($6.57 in chips)
Hero: posts small blind $0.02
8f6c38b: posts big blind $0.05
*** HOLE CARDS ***
Dealt to 3d21a81a 
Dealt to Hero [7h 9s]
Dealt to 8f6c38b 
Dealt to c773bcf8 
Dealt to b9ab62a 
Dealt to 248e34c7 
c773bcf8: folds
b9ab62a: folds
248e34c7: folds
3d21a81a: folds
Hero: folds
Uncalled bet ($0.03) returned to 8f6c38b
*** SHOWDOWN ***
8f6c38b collected $0.04 from pot
*** SUMMARY ***
Total pot $0.04 | Rake $0 | Jackpot $0 | Bingo $0 | Fortune $0 | Tax $0
Seat 1: 3d21a81a (button) folded before Flop (didn't bet)
Seat 2: Hero (small blind) folded before Flop
Seat 3: 8f6c38b (big blind) collected ($0.04)
Seat 4: c773bcf8 folded before Flop (didn't bet)
Seat 5: b9ab62a folded before Flop (didn't bet)
Seat 6: 248e34c7 folded before Flop (didn't bet)


Poker Hand #HD1713621333: Hold'em No Limit ($0.02/$0.05) - 2024/04/03 12:34:36
Table 'NLHBlue8' 6-max Seat #6 is the button
Seat 1: 3d21a81a ($6.93 in chips)
Seat 2: Hero ($7.45 in chips)
Seat 3: 8f6c38b ($5.69 in chips)
Seat 4: c773bcf8 ($5.56 in chips)
Seat 5: b9ab62a ($5.79 in chips)
Seat 6: 248e34c7 ($6.57 in chips)
3d21a81a: posts small blind $0.02
Hero: posts big blind $0.05
*** HOLE CARDS ***
Dealt to 3d21a81a 
Dealt to Hero [Qd As]
Dealt to 8f6c38b 
Dealt to c773bcf8 
Dealt to b9ab62a 
Dealt to 248e34c7 
8f6c38b: folds
c773bcf8: folds
b9ab62a: folds
248e34c7: folds
3d21a81a: folds
Uncalled bet ($0.03) returned to Hero
*** SHOWDOWN ***
Hero collected $0.04 from pot
*** SUMMARY ***
Total pot $0.04 | Rake $0 | Jackpot $0 | Bingo $0 | Fortune $0 | Tax $0
Seat 1: 3d21a81a (small blind) folded before Flop
Seat 2: Hero (big blind) collected ($0.04)
Seat 3: 8f6c38b folded before Flop (didn't bet)
Seat 4: c773bcf8 folded before Flop (didn't bet)
Seat 5: b9ab62a folded before Flop (didn't bet)
Seat 6: 248e34c7 (button) folded before Flop (didn't bet)


Poker Hand #HD1713621259: Hold'em No Limit ($0.02/$0.05) - 2024/04/03 12:34:00
Table 'NLHBlue8' 6-max Seat #5 is the button
Seat 1: 3d21a81a ($6.98 in chips)
Seat 2: Hero ($7.45 in chips)
Seat 3: 8f6c38b ($5.69 in chips)
Seat 4: c773bcf8 ($5.66 in chips)
Seat 5: b9ab62a ($5.63 in chips)
Seat 6: 248e34c7 ($6.59 in chips)
248e34c7: posts small blind $0.02
3d21a81a: posts big blind $0.05
*** HOLE CARDS ***
Dealt to 3d21a81a 
Dealt to Hero [8d Qd]
Dealt to 8f6c38b 
Dealt to c773bcf8 
Dealt to b9ab62a 
Dealt to 248e34c7 
Hero: folds
8f6c38b: folds
c773bcf8: raises $0.05 to $0.1
b9ab62a: raises $0.21 to $0.31
248e34c7: folds
3d21a81a: folds
c773bcf8: folds
Uncalled bet ($0.21) returned to b9ab62a
*** SHOWDOWN ***
b9ab62a collected $0.26 from pot
*** SUMMARY ***
Total pot $0.27 | Rake $0.01 | Jackpot $0 | Bingo $0 | Fortune $0 | Tax $0
Seat 1: 3d21a81a (big blind) folded before Flop
Seat 2: Hero folded before Flop (didn't bet)
Seat 3: 8f6c38b folded before Flop (didn't bet)
Seat 4: c773bcf8 folded before Flop
Seat 5: b9ab62a (button) collected ($0.26)
Seat 6: 248e34c7 (small blind) folded before Flop


Poker Hand #HD1713621205: Hold'em No Limit ($0.02/$0.05) - 2024/04/03 12:33:34
Table 'NLHBlue8' 6-max Seat #4 is the button
Seat 1: 3d21a81a ($6.98 in chips)
Seat 2: Hero ($7.55 in chips)
Seat 3: 8f6c38b ($5.69 in chips)
Seat 4: c773bcf8 ($5.66 in chips)
Seat 5: b9ab62a ($5.49 in chips)
Seat 6: 248e34c7 ($6.64 in chips)
b9ab62a: posts small blind $0.02
248e34c7: posts big blind $0.05
*** HOLE CARDS ***
Dealt to 3d21a81a 
Dealt to Hero [As Th]
Dealt to 8f6c38b 
Dealt to c773bcf8 
Dealt to b9ab62a 
Dealt to 248e34c7 
3d21a81a: folds
Hero: raises $0.05 to $0.1
8f6c38b: folds
c773bcf8: folds
b9ab62a: raises $0.25 to $0.35
248e34c7: folds
Hero: folds
Uncalled bet ($0.25) returned to b9ab62a
*** SHOWDOWN ***
b9ab62a collected $0.24 from pot
*** SUMMARY ***
Total pot $0.25 | Rake $0.01 | Jackpot $0 | Bingo $0 | Fortune $0 | Tax $0
Seat 1: 3d21a81a folded before Flop (didn't bet)
Seat 2: Hero folded before Flop
Seat 3: 8f6c38b folded before Flop (didn't bet)
Seat 4: c773bcf8 (button) folded before Flop (didn't bet)
Seat 5: b9ab62a (small blind) collected ($0.24)
Seat 6: 248e34c7 (big blind) folded before Flop


Poker Hand #HD1713621125: Hold'em No Limit ($0.02/$0.05) - 2024/04/03 12:32:51
Table 'NLHBlue8' 6-max Seat #3 is the button
Seat 1: 3d21a81a ($6.5 in chips)
Seat 2: Hero ($7.55 in chips)
Seat 3: 8f6c38b ($6.14 in chips)
Seat 4: c773bcf8 ($5.68 in chips)
Seat 5: b9ab62a ($5.54 in chips)
Seat 6: 248e34c7 ($6.64 in chips)
c773bcf8: posts small blind $0.02
b9ab62a: posts big blind $0.05
*** HOLE CARDS ***
Dealt to 3d21a81a 
Dealt to Hero [5h Ts]
Dealt to 8f6c38b 
Dealt to c773bcf8 
Dealt to b9ab62a 
Dealt to 248e34c7 
248e34c7: folds
3d21a81a: raises $0.06 to $0.11
Hero: folds
8f6c38b: raises $0.34 to $0.45
c773bcf8: folds
b9ab62a: folds
3d21a81a: raises $0.65 to $1.1
8f6c38b: folds
Uncalled bet ($0.65) returned to 3d21a81a
*** SHOWDOWN ***
3d21a81a collected $0.93 from pot
*** SUMMARY ***
Total pot $0.97 | Rake $0.04 | Jackpot $0 | Bingo $0 | Fortune $0 | Tax $0
Seat 1: 3d21a81a collected ($0.93)
Seat 2: Hero folded before Flop (didn't bet)
Seat 3: 8f6c38b (button) folded before Flop
Seat 4: c773bcf8 (small blind) folded before Flop
Seat 5: b9ab62a (big blind) folded before Flop
Seat 6: 248e34c7 folded before Flop (didn't bet)


Poker Hand #HD1713621096: Hold'em No Limit ($0.02/$0.05) - 2024/04/03 12:32:33
Table 'NLHBlue8' 6-max Seat #2 is the button
Seat 1: 3d21a81a ($6.5 in chips)
Seat 2: Hero ($7.55 in chips)
Seat 3: 8f6c38b ($6.16 in chips)
Seat 4: c773bcf8 ($5.66 in chips)
Seat 5: b9ab62a ($5.54 in chips)
Seat 6: 248e34c7 ($6.64 in chips)
8f6c38b: posts small blind $0.02
c773bcf8: posts big blind $0.05
*** HOLE CARDS ***
Dealt to 3d21a81a 
Dealt to Hero [9c 5d]
Dealt to 8f6c38b 
Dealt to c773bcf8 
Dealt to b9ab62a 
Dealt to 248e34c7 
b9ab62a: folds
248e34c7: folds
3d21a81a: folds
Hero: folds
8f6c38b: folds
Uncalled bet ($0.03) returned to c773bcf8
*** SHOWDOWN ***
c773bcf8 collected $0.04 from pot
*** SUMMARY ***
Total pot $0.04 | Rake $0 | Jackpot $0 | Bingo $0 | Fortune $0 | Tax $0
Seat 1: 3d21a81a folded before Flop (didn't bet)
Seat 2: Hero (button) folded before Flop (didn't bet)
Seat 3: 8f6c38b (small blind) folded before Flop
Seat 4: c773bcf8 (big blind) collected ($0.04)
Seat 5: b9ab62a folded before Flop (didn't bet)
Seat 6: 248e34c7 folded before Flop (didn't bet)


Poker Hand #HD1713621043: Hold'em No Limit ($0.02/$0.05) - 2024/04/03 12:32:01
Table 'NLHBlue8' 6-max Seat #1 is the button
Seat 1: 3d21a81a ($6.5 in chips)
Seat 2: Hero ($7.41 in chips)
Seat 3: 8f6c38b ($6.31 in chips)
Seat 4: c773bcf8 ($5.66 in chips)
Seat 5: b9ab62a ($5.54 in chips)
Seat 6: 248e34c7 ($6.64 in chips)
Hero: posts small blind $0.02
8f6c38b: posts big blind $0.05
*** HOLE CARDS ***
Dealt to 3d21a81a 
Dealt to Hero [Jc 9c]
Dealt to 8f6c38b 
Dealt to c773bcf8 
Dealt to b9ab62a 
Dealt to 248e34c7 
c773bcf8: folds
b9ab62a: folds
248e34c7: folds
3d21a81a: folds
Hero: raises $0.1 to $0.15
8f6c38b: calls $0.1
*** FLOP *** [8d Tc Js]
Hero: bets $0.15
8f6c38b: folds
Uncalled bet ($0.15) returned to Hero
*** SHOWDOWN ***
Hero collected $0.29 from pot
*** SUMMARY ***
Total pot $0.3 | Rake $0.01 | Jackpot $0 | Bingo $0 | Fortune $0 | Tax $0
Board [8d Tc Js]
Seat 1: 3d21a81a (button) folded before Flop (didn't bet)
Seat 2: Hero (small blind) won ($0.29)
Seat 3: 8f6c38b (big blind) folded on the Flop
Seat 4: c773bcf8 folded before Flop (didn't bet)
Seat 5: b9ab62a folded before Flop (didn't bet)
Seat 6: 248e34c7 folded before Flop (didn't bet)


Poker Hand #HD1713620958: Hold'em No Limit ($0.02/$0.05) - 2024/04/03 12:31:15
Table 'NLHBlue8' 6-max Seat #6 is the button
Seat 1: 3d21a81a ($6.51 in chips)
Seat 2: Hero ($7.42 in chips)
Seat 3: 8f6c38b ($6.31 in chips)
Seat 4: c773bcf8 ($5.66 in chips)
Seat 5: b9ab62a ($5.54 in chips)
Seat 6: 248e34c7 ($6.64 in chips)
3d21a81a: posts small blind $0.02
Hero: posts big blind $0.05
*** HOLE CARDS ***
Dealt to 3d21a81a 
Dealt to Hero [5d As]
Dealt to 8f6c38b 
Dealt to c773bcf8 
Dealt to b9ab62a 
Dealt to 248e34c7 
8f6c38b: folds
c773bcf8: folds
b9ab62a: folds
248e34c7: folds
3d21a81a: raises $0.1 to $0.15
Hero: calls $0.1
*** FLOP *** [8s Kd Ad]
3d21a81a: checks
Hero: bets $0.1
3d21a81a: calls $0.1
*** TURN *** [8s Kd Ad] [9h]
3d21a81a: checks
Hero: checks
*** RIVER *** [8s Kd Ad 9h] [Qd]
3d21a81a: checks
Hero: checks
3d21a81a: shows [4d Ah] (Pair of Aces)
Hero: shows [5d As] (Pair of Aces)
*** SHOWDOWN ***
3d21a81a collected $0.24 from pot
Hero collected $0.24 from pot
*** SUMMARY ***
Total pot $0.5 | Rake $0.02 | Jackpot $0 | Bingo $0 | Fortune $0 | Tax $0
Board [8s Kd Ad 9h Qd]
Seat 1: 3d21a81a (small blind) showed [4d Ah] and won ($0.24) with Pair of Aces
Seat 2: Hero (big blind) showed [5d As] and won ($0.24) with Pair of Aces
Seat 3: 8f6c38b folded before Flop (didn't bet)
Seat 4: c773bcf8 folded before Flop (didn't bet)
Seat 5: b9ab62a folded before Flop (didn't bet)
Seat 6: 248e34c7 (button) folded before Flop (didn't bet)


Poker Hand #HD1713620931: Hold'em No Limit ($0.02/$0.05) - 2024/04/03 12:30:58
Table 'NLHBlue8' 6-max Seat #5 is the button
Seat 1: 3d21a81a ($6.56 in chips)
Seat 2: Hero ($7.42 in chips)
Seat 3: 8f6c38b ($6.31 in chips)
Seat 4: c773bcf8 ($5.59 in chips)
Seat 5: b9ab62a ($5.54 in chips)
Seat 6: 248e34c7 ($6.66 in chips)
248e34c7: posts small blind $0.02
3d21a81a: posts big blind $0.05
*** HOLE CARDS ***
Dealt to 3d21a81a 
Dealt to Hero [Js 3h]
Dealt to 8f6c38b 
Dealt to c773bcf8 
Dealt to b9ab62a 
Dealt to 248e34c7 
Hero: folds
8f6c38b: folds
c773bcf8: raises $0.05 to $0.1
b9ab62a: folds
248e34c7: folds
3d21a81a: folds
Uncalled bet ($0.05) returned to c773bcf8
*** SHOWDOWN ***
c773bcf8 collected $0.12 from pot
*** SUMMARY ***
Total pot $0.12 | Rake $0 | Jackpot $0 | Bingo $0 | Fortune $0 | Tax $0
Seat 1: 3d21a81a (big blind) folded before Flop
Seat 2: Hero folded before Flop (didn't bet)
Seat 3: 8f6c38b folded before Flop (didn't bet)
Seat 4: c773bcf8 collected ($0.12)
Seat 5: b9ab62a (button) folded before Flop (didn't bet)
Seat 6: 248e34c7 (small blind) folded before Flop


Poker Hand #HD1713620848: Hold'em No Limit ($0.02/$0.05) - 2024/04/03 12:30:15
Table 'NLHBlue8' 6-max Seat #4 is the button
Seat 1: 3d21a81a ($6.56 in chips)
Seat 2: Hero ($7.42 in chips)
Seat 3: 8f6c38b ($6.17 in chips)
Seat 4: c773bcf8 ($5.59 in chips)
Seat 5: b9ab62a ($5.56 in chips)
Seat 6: 248e34c7 ($6.79 in chips)
b9ab62a: posts small blind $0.02
248e34c7: posts big blind $0.05
*** HOLE CARDS ***
Dealt to 3d21a81a 
Dealt to Hero [Jc 7c]
Dealt to 8f6c38b 
Dealt to c773bcf8 
Dealt to b9ab62a 
Dealt to 248e34c7 
3d21a81a: folds
Hero: folds
8f6c38b: raises $0.08 to $0.13
c773bcf8: folds
b9ab62a: folds
248e34c7: calls $0.08
*** FLOP *** [5d Jd Jh]
248e34c7: checks
8f6c38b: bets $0.16
248e34c7: folds
Uncalled bet ($0.16) returned to 8f6c38b
*** SHOWDOWN ***
8f6c38b collected $0.27 from pot
*** SUMMARY ***
Total pot $0.28 | Rake $0.01 | Jackpot $0 | Bingo $0 | Fortune $0 | Tax $0
Board [5d Jd Jh]
Seat 1: 3d21a81a folded before Flop (didn't bet)
Seat 2: Hero folded before Flop (didn't bet)
Seat 3: 8f6c38b won ($0.27)
Seat 4: c773bcf8 (button) folded before Flop (didn't bet)
Seat 5: b9ab62a (small blind) folded before Flop
Seat 6: 248e34c7 (big blind) folded on the Flop


Poker Hand #HD1713620733: Hold'em No Limit ($0.02/$0.05) - 2024/04/03 12:29:14
Table 'NLHBlue8' 6-max Seat #3 is the button
Seat 1: 3d21a81a ($6.56 in chips)
Seat 2: Hero ($7.42 in chips)
Seat 3: 8f6c38b ($7.08 in chips)
Seat 4: c773bcf8 ($5.61 in chips)
Seat 5: b9ab62a ($5.61 in chips)
Seat 6: 248e34c7 ($5.95 in chips)
c773bcf8: posts small blind $0.02
b9ab62a: posts big blind $0.05
*** HOLE CARDS ***
Dealt to 3d21a81a 
Dealt to Hero [7c 2h]
Dealt to 8f6c38b 
Dealt to c773bcf8 
Dealt to b9ab62a 
Dealt to 248e34c7 
248e34c7: raises $0.1 to $0.15
3d21a81a: folds
Hero: folds
8f6c38b: raises $0.4 to $0.55
c773bcf8: folds
b9ab62a: folds
248e34c7: calls $0.4
*** FLOP *** [Td Qs 6s]
248e34c7: checks
8f6c38b: bets $0.36
248e34c7: calls $0.36
*** TURN *** [Td Qs 6s] [Ts]
248e34c7: checks
8f6c38b: checks
*** RIVER *** [Td Qs 6s Ts] [8h]
248e34c7: bets $1.52
8f6c38b: folds
Uncalled bet ($1.52) returned to 248e34c7
248e34c7: shows [4s 4c] (Pair of Tens and Pair of Fours)
*** SHOWDOWN ***
248e34c7 collected $1.75 from pot
*** SUMMARY ***
Total pot $1.89 | Rake $0.09 | Jackpot $0.05 | Bingo $0 | Fortune $0 | Tax $0
Board [Td Qs 6s Ts 8h]
Seat 1: 3d21a81a folded before Flop (didn't bet)
Seat 2: Hero folded before Flop (didn't bet)
Seat 3: 8f6c38b (button) folded on the River
Seat 4: c773bcf8 (small blind) folded before Flop
Seat 5: b9ab62a (big blind) folded before Flop
Seat 6: 248e34c7 showed [4s 4c] and won ($1.75)


Poker Hand #HD1713620602: Hold'em No Limit ($0.02/$0.05) - 2024/04/03 12:28:10
Table 'NLHBlue8' 6-max Seat #2 is the button
Seat 1: 3d21a81a ($6.67 in chips)
Seat 2: Hero ($7.42 in chips)
Seat 3: 8f6c38b ($7.1 in chips)
Seat 4: c773bcf8 ($5.49 in chips)
Seat 5: b9ab62a ($5.61 in chips)
Seat 6: 248e34c7 ($5.95 in chips)
8f6c38b: posts small blind $0.02
c773bcf8: posts big blind $0.05
*** HOLE CARDS ***
Dealt to 3d21a81a 
Dealt to Hero [5d 3d]
Dealt to 8f6c38b 
Dealt to c773bcf8 
Dealt to b9ab62a 
Dealt to 248e34c7 
b9ab62a: folds
248e34c7: folds
3d21a81a: raises $0.06 to $0.11
Hero: folds
8f6c38b: folds
c773bcf8: calls $0.06
*** FLOP *** [6c Jc Ks]
c773bcf8: checks
3d21a81a: checks
*** TURN *** [6c Jc Ks] [Qh]
c773bcf8: checks
3d21a81a: checks
*** RIVER *** [6c Jc Ks Qh] [Jh]
c773bcf8: bets $0.32
3d21a81a: folds
Uncalled bet ($0.32) returned to c773bcf8
*** SHOWDOWN ***
c773bcf8 collected $0.23 from pot
*** SUMMARY ***
Total pot $0.24 | Rake $0.01 | Jackpot $0 | Bingo $0 | Fortune $0 | Tax $0
Board [6c Jc Ks Qh Jh]
Seat 1: 3d21a81a folded on the River
Seat 2: Hero (button) folded before Flop (didn't bet)
Seat 3: 8f6c38b (small blind) folded before Flop
Seat 4: c773bcf8 (big blind) won ($0.23)
Seat 5: b9ab62a folded before Flop (didn't bet)
Seat 6: 248e34c7 folded before Flop (didn't bet)


Poker Hand #HD1713620528: Hold'em No Limit ($0.02/$0.05) - 2024/04/03 12:27:25
Table 'NLHBlue8' 6-max Seat #1 is the button
Seat 1: 3d21a81a ($6.67 in chips)
Seat 2: Hero ($8.02 in chips)
Seat 3: 8f6c38b ($7.15 in chips)
Seat 4: c773bcf8 ($5.49 in chips)
Seat 5: b9ab62a ($5.61 in chips)
Seat 6: 248e34c7 ($5.36 in chips)
Hero: posts small blind $0.02
8f6c38b: posts big blind $0.05
*** HOLE CARDS ***
Dealt to 3d21a81a 
Dealt to Hero [Jd Ad]
Dealt to 8f6c38b 
Dealt to c773bcf8 
Dealt to b9ab62a 
Dealt to 248e34c7 
c773bcf8: folds
b9ab62a: folds
248e34c7: raises $0.1 to $0.15
3d21a81a: folds
Hero: raises $0.45 to $0.6
8f6c38b: folds
248e34c7: raises $1 to $1.6
Hero: folds
Uncalled bet ($1) returned to 248e34c7
*** SHOWDOWN ***
248e34c7 collected $1.19 from pot
*** SUMMARY ***
Total pot $1.25 | Rake $0.06 | Jackpot $0 | Bingo $0 | Fortune $0 | Tax $0
Seat 1: 3d21a81a (button) folded before Flop (didn't bet)
Seat 2: Hero (small blind) folded before Flop
Seat 3: 8f6c38b (big blind) folded before Flop
Seat 4: c773bcf8 folded before Flop (didn't bet)
Seat 5: b9ab62a folded before Flop (didn't bet)
Seat 6: 248e34c7 collected ($1.19)


Poker Hand #HD1713620478: Hold'em No Limit ($0.02/$0.05) - 2024/04/03 12:27:02
Table 'NLHBlue8' 6-max Seat #6 is the button
Seat 1: 3d21a81a ($6.69 in chips)
Seat 2: Hero ($8.07 in chips)
Seat 3: 8f6c38b ($7.15 in chips)
Seat 4: c773bcf8 ($5.49 in chips)
Seat 5: b9ab62a ($5.61 in chips)
Seat 6: 248e34c7 ($5.29 in chips)
3d21a81a: posts small blind $0.02
Hero: posts big blind $0.05
*** HOLE CARDS ***
Dealt to 3d21a81a 
Dealt to Hero [3c 9s]
Dealt to 8f6c38b 
Dealt to c773bcf8 
Dealt to b9ab62a 
Dealt to 248e34c7 
8f6c38b: folds
c773bcf8: folds
b9ab62a: folds
248e34c7: raises $0.1 to $0.15
3d21a81a: folds
Hero: folds
Uncalled bet ($0.1) returned to 248e34c7
*** SHOWDOWN ***
248e34c7 collected $0.12 from pot
*** SUMMARY ***
Total pot $0.12 | Rake $0 | Jackpot $0 | Bingo $0 | Fortune $0 | Tax $0
Seat 1: 3d21a81a (small blind) folded before Flop
Seat 2: Hero (big blind) folded before Flop
Seat 3: 8f6c38b folded before Flop (didn't bet)
Seat 4: c773bcf8 folded before Flop (didn't bet)
Seat 5: b9ab62a folded before Flop (didn't bet)
Seat 6: 248e34c7 (button) collected ($0.12)


Poker Hand #HD1713620403: Hold'em No Limit ($0.02/$0.05) - 2024/04/03 12:26:19
Table 'NLHBlue8' 6-max Seat #5 is the button
Seat 1: 3d21a81a ($6.74 in chips)
Seat 2: Hero ($8.07 in chips)
Seat 3: 8f6c38b ($7.15 in chips)
Seat 4: c773bcf8 ($5.59 in chips)
Seat 5: b9ab62a ($5.37 in chips)
Seat 6: 248e34c7 ($5.39 in chips)
248e34c7: posts small blind $0.02
3d21a81a: posts big blind $0.05
*** HOLE CARDS ***
Dealt to 3d21a81a 
Dealt to Hero [Js 2c]
Dealt to 8f6c38b 
Dealt to c773bcf8 
Dealt to b9ab62a 
Dealt to 248e34c7 
Hero: folds
8f6c38b: folds
c773bcf8: raises $0.05 to $0.1
b9ab62a: calls $0.1
248e34c7: calls $0.08
3d21a81a: folds
*** FLOP *** [Ts 4d 3c]
248e34c7: checks
c773bcf8: checks
b9ab62a: bets $0.18
248e34c7: folds
c773bcf8: folds
Uncalled bet ($0.18) returned to b9ab62a
*** SHOWDOWN ***
b9ab62a collected $0.34 from pot
*** SUMMARY ***
Total pot $0.35 | Rake $0.01 | Jackpot $0 | Bingo $0 | Fortune $0 | Tax $0
Board [Ts 4d 3c]
Seat 1: 3d21a81a (big blind) folded before Flop
Seat 2: Hero folded before Flop (didn't bet)
Seat 3: 8f6c38b folded before Flop (didn't bet)
Seat 4: c773bcf8 folded on the Flop
Seat 5: b9ab62a (button) won ($0.34)
Seat 6: 248e34c7 (small blind) folded on the Flop


Poker Hand #HD1713620379: Hold'em No Limit ($0.02/$0.05) - 2024/04/03 12:26:05
Table 'NLHBlue8' 6-max Seat #4 is the button
Seat 1: 3d21a81a ($6.74 in chips)
Seat 2: Hero ($8.07 in chips)
Seat 3: 8f6c38b ($7.15 in chips)
Seat 4: c773bcf8 ($5.59 in chips)
Seat 5: b9ab62a ($5.39 in chips)
Seat 6: 248e34c7 ($5.37 in chips)
b9ab62a: posts small blind $0.02
248e34c7: posts big blind $0.05
*** HOLE CARDS ***
Dealt to 3d21a81a 
Dealt to Hero [Ad 4h]
Dealt to 8f6c38b 
Dealt to c773bcf8 
Dealt to b9ab62a 
Dealt to 248e34c7 
3d21a81a: folds
Hero: folds
8f6c38b: folds
c773bcf8: folds
b9ab62a: folds
Uncalled bet ($0.03) returned to 248e34c7
*** SHOWDOWN ***
248e34c7 collected $0.04 from pot
*** SUMMARY ***
Total pot $0.04 | Rake $0 | Jackpot $0 | Bingo $0 | Fortune $0 | Tax $0
Seat 1: 3d21a81a folded before Flop (didn't bet)
Seat 2: Hero folded before Flop (didn't bet)
Seat 3: 8f6c38b folded before Flop (didn't bet)
Seat 4: c773bcf8 (button) folded before Flop (didn't bet)
Seat 5: b9ab62a (small blind) folded before Flop
Seat 6: 248e34c7 (big blind) collected ($0.04)


Poker Hand #HD1713620312: Hold'em No Limit ($0.02/$0.05) - 2024/04/03 12:25:31
Table 'NLHBlue8' 6-max Seat #3 is the button
Seat 1: 3d21a81a ($6.74 in chips)
Seat 2: Hero ($8.07 in chips)
Seat 3: 8f6c38b ($7.15 in chips)
Seat 4: c773bcf8 ($5.54 in chips)
Seat 5: b9ab62a ($5.44 in chips)
Seat 6: 248e34c7 ($5.37 in chips)
c773bcf8: posts small blind $0.02
b9ab62a: posts big blind $0.05
*** HOLE CARDS ***
Dealt to 3d21a81a 
Dealt to Hero [As 7c]
Dealt to 8f6c38b 
Dealt to c773bcf8 
Dealt to b9ab62a 
Dealt to 248e34c7 
248e34c7: folds
3d21a81a: folds
Hero: folds
8f6c38b: folds
c773bcf8: raises $0.1 to $0.15
b9ab62a: folds
Uncalled bet ($0.1) returned to c773bcf8
*** SHOWDOWN ***
c773bcf8 collected $0.1 from pot
*** SUMMARY ***
Total pot $0.1 | Rake $0 | Jackpot $0 | Bingo $0 | Fortune $0 | Tax $0
Seat 1: 3d21a81a folded before Flop (didn't bet)
Seat 2: Hero folded before Flop (didn't bet)
Seat 3: 8f6c38b (button) folded before Flop (didn't bet)
Seat 4: c773bcf8 (small blind) collected ($0.1)
Seat 5: b9ab62a (big blind) folded before Flop
Seat 6: 248e34c7 folded before Flop (didn't bet)


Poker Hand #HD1713620291: Hold'em No Limit ($0.02/$0.05) - 2024/04/03 12:25:19
Table 'NLHBlue8' 6-max Seat #2 is the button
Seat 1: 3d21a81a ($6.74 in chips)
Seat 2: Hero ($8.07 in chips)
Seat 3: 8f6c38b ($7.17 in chips)
Seat 4: c773bcf8 ($5.52 in chips)
Seat 5: b9ab62a ($5.44 in chips)
Seat 6: 248e34c7 ($5.37 in chips)
8f6c38b: posts small blind $0.02
c773bcf8: posts big blind $0.05
*** HOLE CARDS ***
Dealt to 3d21a81a 
Dealt to Hero [6c 5h]
Dealt to 8f6c38b 
Dealt to c773bcf8 
Dealt to b9ab62a 
Dealt to 248e34c7 
b9ab62a: folds
248e34c7: folds
3d21a81a: folds
Hero: folds
8f6c38b: folds
Uncalled bet ($0.03) returned to c773bcf8
*** SHOWDOWN ***
c773bcf8 collected $0.04 from pot
*** SUMMARY ***
Total pot $0.04 | Rake $0 | Jackpot $0 | Bingo $0 | Fortune $0 | Tax $0
Seat 1: 3d21a81a folded before Flop (didn't bet)
Seat 2: Hero (button) folded before Flop (didn't bet)
Seat 3: 8f6c38b (small blind) folded before Flop
Seat 4: c773bcf8 (big blind) collected ($0.04)
Seat 5: b9ab62a folded before Flop (didn't bet)
Seat 6: 248e34c7 folded before Flop (didn't bet)


Poker Hand #HD1713620216: Hold'em No Limit ($0.02/$0.05) - 2024/04/03 12:24:45
Table 'NLHBlue8' 6-max Seat #1 is the button
Seat 1: 3d21a81a ($6.74 in chips)
Seat 2: Hero ($8.09 in chips)
Seat 3: 8f6c38b ($7.01 in chips)
Seat 4: c773bcf8 ($5.52 in chips)
Seat 5: b9ab62a ($5.44 in chips)
Seat 6: 248e34c7 ($5.52 in chips)
Hero: posts small blind $0.02
8f6c38b: posts big blind $0.05
*** HOLE CARDS ***
Dealt to 3d21a81a 
Dealt to Hero [4s 6h]
Dealt to 8f6c38b 
Dealt to c773bcf8 
Dealt to b9ab62a 
Dealt to 248e34c7 
c773bcf8: folds
b9ab62a: folds
248e34c7: raises $0.1 to $0.15
3d21a81a: folds
Hero: folds
8f6c38b: calls $0.1
*** FLOP *** [2d 7d 4h]
8f6c38b: checks
248e34c7: checks
*** TURN *** [2d 7d 4h] [3s]
8f6c38b: bets $0.18
248e34c7: folds
Uncalled bet ($0.18) returned to 8f6c38b
*** SHOWDOWN ***
8f6c38b collected $0.31 from pot
*** SUMMARY ***
Total pot $0.32 | Rake $0.01 | Jackpot $0 | Bingo $0 | Fortune $0 | Tax $0
Board [2d 7d 4h 3s]
Seat 1: 3d21a81a (button) folded before Flop (didn't bet)
Seat 2: Hero (small blind) folded before Flop
Seat 3: 8f6c38b (big blind) won ($0.31)
Seat 4: c773bcf8 folded before Flop (didn't bet)
Seat 5: b9ab62a folded before Flop (didn't bet)
Seat 6: 248e34c7 folded on the Turn


Poker Hand #HD1713620140: Hold'em No Limit ($0.02/$0.05) - 2024/04/03 12:24:02
Table 'NLHBlue8' 6-max Seat #6 is the button
Seat 1: 3d21a81a ($6.76 in chips)
Seat 2: Hero ($8.22 in chips)
Seat 3: 8f6c38b ($7.01 in chips)
Seat 4: c773bcf8 ($5.52 in chips)
Seat 5: b9ab62a ($5.57 in chips)
Seat 6: 248e34c7 ($5.26 in chips)
3d21a81a: posts small blind $0.02
Hero: posts big blind $0.05
*** HOLE CARDS ***
Dealt to 3d21a81a 
Dealt to Hero [3d 4d]
Dealt to 8f6c38b 
Dealt to c773bcf8 
Dealt to b9ab62a 
Dealt to 248e34c7 
8f6c38b: folds
c773bcf8: folds
b9ab62a: raises $0.08 to $0.13
248e34c7: calls $0.13
3d21a81a: folds
Hero: calls $0.08
*** FLOP *** [2h Ad 8s]
Hero: checks
b9ab62a: checks
248e34c7: bets $0.22
Hero: folds
b9ab62a: folds
Uncalled bet ($0.22) returned to 248e34c7
248e34c7: shows [8h]
*** SHOWDOWN ***
248e34c7 collected $0.39 from pot
*** SUMMARY ***
Total pot $0.41 | Rake $0.02 | Jackpot $0 | Bingo $0 | Fortune $0 | Tax $0
Board [2h Ad 8s]
Seat 1: 3d21a81a (small blind) folded before Flop
Seat 2: Hero (big blind) folded on the Flop
Seat 3: 8f6c38b folded before Flop (didn't bet)
Seat 4: c773bcf8 folded before Flop (didn't bet)
Seat 5: b9ab62a folded on the Flop
Seat 6: 248e34c7 (button) showed [8h] and won ($0.39)


Poker Hand #HD1713620113: Hold'em No Limit ($0.02/$0.05) - 2024/04/03 12:23:48
Table 'NLHBlue8' 6-max Seat #5 is the button
Seat 1: 3d21a81a ($6.81 in chips)
Seat 2: Hero ($8.22 in chips)
Seat 3: 8f6c38b ($7.01 in chips)
Seat 4: c773bcf8 ($5.52 in chips)
Seat 5: b9ab62a ($5.57 in chips)
Seat 6: 248e34c7 ($5.21 in chips)
248e34c7: posts small blind $0.02
3d21a81a: posts big blind $0.05
*** HOLE CARDS ***
Dealt to 3d21a81a 
Dealt to Hero [3h 5c]
Dealt to 8f6c38b 
Dealt to c773bcf8 
Dealt to b9ab62a 
Dealt to 248e34c7 
Hero: folds
8f6c38b: folds
c773bcf8: folds
b9ab62a: folds
248e34c7: raises $0.1 to $0.15
3d21a81a: folds
Uncalled bet ($0.1) returned to 248e34c7
*** SHOWDOWN ***
248e34c7 collected $0.1 from pot
*** SUMMARY ***
Total pot $0.1 | Rake $0 | Jackpot $0 | Bingo $0 | Fortune $0 | Tax $0
Seat 1: 3d21a81a (big blind) folded before Flop
Seat 2: Hero folded before Flop (didn't bet)
Seat 3: 8f6c38b folded before Flop (didn't bet)
Seat 4: c773bcf8 folded before Flop (didn't bet)
Seat 5: b9ab62a (button) folded before Flop (didn't bet)
Seat 6: 248e34c7 (small blind) collected ($0.1)


Poker Hand #HD1713619986: Hold'em No Limit ($0.02/$0.05) - 2024/04/03 12:22:38
Table 'NLHBlue8' 6-max Seat #4 is the button
Seat 1: 3d21a81a ($6.81 in chips)
Seat 2: Hero ($8.22 in chips)
Seat 3: 8f6c38b ($7.28 in chips)
Seat 4: c773bcf8 ($5 in chips)
Seat 5: b9ab62a ($5.59 in chips)
Seat 6: 248e34c7 ($5.48 in chips)
b9ab62a: posts small blind $0.02
248e34c7: posts big blind $0.05
*** HOLE CARDS ***
Dealt to 3d21a81a 
Dealt to Hero [Kc 4d]
Dealt to 8f6c38b 
Dealt to c773bcf8 
Dealt to b9ab62a 
Dealt to 248e34c7 
3d21a81a: folds
Hero: folds
8f6c38b: raises $0.08 to $0.13
c773bcf8: calls $0.13
b9ab62a: folds
248e34c7: calls $0.08
*** FLOP *** [Jc 2h 3c]
248e34c7: checks
8f6c38b: checks
c773bcf8: bets $0.14
248e34c7: calls $0.14
8f6c38b: calls $0.14
*** TURN *** [Jc 2h 3c] [Jh]
248e34c7: checks
8f6c38b: checks
c773bcf8: bets $0.55
248e34c7: folds
8f6c38b: folds
Uncalled bet ($0.55) returned to c773bcf8
*** SHOWDOWN ***
c773bcf8 collected $0.79 from pot
*** SUMMARY ***
Total pot $0.83 | Rake $0.04 | Jackpot $0 | Bingo $0 | Fortune $0 | Tax $0
Board [Jc 2h 3c Jh]
Seat 1: 3d21a81a folded before Flop (didn't bet)
Seat 2: Hero folded before Flop (didn't bet)
Seat 3: 8f6c38b folded on the Turn
Seat 4: c773bcf8 (button) won ($0.79)
Seat 5: b9ab62a (small blind) folded before Flop
Seat 6: 248e34c7 (big blind) folded on the Turn


Poker Hand #HD1713619926: Hold'em No Limit ($0.02/$0.05) - 2024/04/03 12:22:04
Table 'NLHBlue8' 6-max Seat #3 is the button
Seat 1: 3d21a81a ($7.26 in chips)
Seat 2: Hero ($8.22 in chips)
Seat 3: 8f6c38b ($7.28 in chips)
Seat 4: c773bcf8 ($5 in chips)
Seat 5: b9ab62a ($5.64 in chips)
Seat 6: 248e34c7 ($5 in chips)
c773bcf8: posts small blind $0.02
b9ab62a: posts big blind $0.05
*** HOLE CARDS ***
Dealt to 3d21a81a 
Dealt to Hero [Td Kd]
Dealt to 8f6c38b 
Dealt to c773bcf8 
Dealt to b9ab62a 
Dealt to 248e34c7 
248e34c7: raises $0.1 to $0.15
3d21a81a: raises $0.3 to $0.45
Hero: folds
8f6c38b: folds
c773bcf8: folds
b9ab62a: folds
248e34c7: calls $0.3
*** FLOP *** [Ts 3c 3s]
248e34c7: checks
3d21a81a: checks
*** TURN *** [Ts 3c 3s] [Ac]
248e34c7: bets $0.51
3d21a81a: folds
Uncalled bet ($0.51) returned to 248e34c7
248e34c7: shows [Tc] (Pair of Tens and Pair of Treys)
*** SHOWDOWN ***
248e34c7 collected $0.93 from pot
*** SUMMARY ***
Total pot $0.97 | Rake $0.04 | Jackpot $0 | Bingo $0 | Fortune $0 | Tax $0
Board [Ts 3c 3s Ac]
Seat 1: 3d21a81a folded on the Turn
Seat 2: Hero folded before Flop (didn't bet)
Seat 3: 8f6c38b (button) folded before Flop (didn't bet)
Seat 4: c773bcf8 (small blind) folded before Flop
Seat 5: b9ab62a (big blind) folded before Flop
Seat 6: 248e34c7 showed [Tc] and won ($0.93)


Poker Hand #HD1713619791: Hold'em No Limit ($0.02/$0.05) - 2024/04/03 12:20:48
Table 'NLHBlue8' 6-max Seat #2 is the button
Seat 1: 3d21a81a ($7.26 in chips)
Seat 2: Hero ($7.56 in chips)
Seat 3: 8f6c38b ($7.3 in chips)
Seat 4: c773bcf8 ($5.16 in chips)
Seat 5: b9ab62a ($5.64 in chips)
Seat 6: 248e34c7 ($5 in chips)
8f6c38b: posts small blind $0.02
c773bcf8: posts big blind $0.05
*** HOLE CARDS ***
Dealt to 3d21a81a 
Dealt to Hero [9s Ad]
Dealt to 8f6c38b 
Dealt to c773bcf8 
Dealt to b9ab62a 
Dealt to 248e34c7 
b9ab62a: folds
248e34c7: folds
3d21a81a: folds
Hero: raises $0.08 to $0.13
8f6c38b: folds
c773bcf8: calls $0.08
*** FLOP *** [3h 6s 5c]
c773bcf8: checks
Hero: checks
*** TURN *** [3h 6s 5c] [9h]
c773bcf8: bets $0.19
Hero: calls $0.19
*** RIVER *** [3h 6s 5c 9h] [3d]
c773bcf8: bets $0.44
Hero: calls $0.44
c773bcf8: shows [Kc Jh] (Pair of Treys)
Hero: shows [9s Ad] (Pair of Nines and Pair of Treys)
*** SHOWDOWN ***
Hero collected $1.42 from pot
*** SUMMARY ***
Total pot $1.54 | Rake $0.07 | Jackpot $0.05 | Bingo $0 | Fortune $0 | Tax $0
Board [3h 6s 5c 9h 3d]
Seat 1: 3d21a81a folded before Flop (didn't bet)
Seat 2: Hero (button) showed [9s Ad] and won ($1.42) with Pair of Nines and Pair of Treys
Seat 3: 8f6c38b (small blind) folded before Flop
Seat 4: c773bcf8 (big blind) showed [Kc Jh] and lost with Pair of Treys
Seat 5: b9ab62a folded before Flop (didn't bet)
Seat 6: 248e34c7 folded before Flop (didn't bet)


Poker Hand #HD1713619754: Hold'em No Limit ($0.02/$0.05) - 2024/04/03 12:20:32
Table 'NLHBlue8' 6-max Seat #1 is the button
Seat 1: 3d21a81a ($7.26 in chips)
Seat 2: Hero ($7.51 in chips)
Seat 3: 8f6c38b ($7.35 in chips)
Seat 4: c773bcf8 ($5.16 in chips)
Seat 5: b9ab62a ($5.64 in chips)
Seat 6: 248e34c7 ($5 in chips)
Hero: posts small blind $0.02
8f6c38b: posts big blind $0.05
*** HOLE CARDS ***
Dealt to 3d21a81a 
Dealt to Hero [Jd Qs]
Dealt to 8f6c38b 
Dealt to c773bcf8 
Dealt to b9ab62a 
Dealt to 248e34c7 
c773bcf8: folds
b9ab62a: folds
248e34c7: folds
3d21a81a: folds
Hero: raises $0.1 to $0.15
8f6c38b: folds
Uncalled bet ($0.1) returned to Hero
*** SHOWDOWN ***
Hero collected $0.1 from pot
*** SUMMARY ***
Total pot $0.1 | Rake $0 | Jackpot $0 | Bingo $0 | Fortune $0 | Tax $0
Seat 1: 3d21a81a (button) folded before Flop (didn't bet)
Seat 2: Hero (small blind) collected ($0.1)
Seat 3: 8f6c38b (big blind) folded before Flop
Seat 4: c773bcf8 folded before Flop (didn't bet)
Seat 5: b9ab62a folded before Flop (didn't bet)
Seat 6: 248e34c7 folded before Flop (didn't bet)


Poker Hand #HD1713619601: Hold'em No Limit ($0.02/$0.05) - 2024/04/03 12:19:08
Table 'NLHBlue8' 6-max Seat #6 is the button
Seat 1: 3d21a81a ($7.28 in chips)
Seat 2: Hero ($5.82 in chips)
Seat 3: 8f6c38b ($7.35 in chips)
Seat 4: c773bcf8 ($5.16 in chips)
Seat 5: b9ab62a ($5.64 in chips)
Seat 6: 248e34c7 ($6.06 in chips)
3d21a81a: posts small blind $0.02
Hero: posts big blind $0.05
*** HOLE CARDS ***
Dealt to 3d21a81a 
Dealt to Hero [Kc Kh]
Dealt to 8f6c38b 
Dealt to c773bcf8 
Dealt to b9ab62a 
Dealt to 248e34c7 
8f6c38b: folds
c773bcf8: folds
b9ab62a: folds
248e34c7: raises $0.1 to $0.15
3d21a81a: folds
Hero: raises $0.35 to $0.5
248e34c7: calls $0.35
*** FLOP *** [Qc Js Kd]
Hero: bets $0.4
248e34c7: calls $0.4
*** TURN *** [Qc Js Kd] [3d]
Hero: bets $1
248e34c7: calls $1
*** RIVER *** [Qc Js Kd 3d] [5s]
Hero: bets $3.92 and is all-in
248e34c7: folds
Uncalled bet ($3.92) returned to Hero
248e34c7: shows [Td] (King-High)
*** SHOWDOWN ***
Hero collected $3.59 from pot
*** SUMMARY ***
Total pot $3.82 | Rake $0.18 | Jackpot $0.05 | Bingo $0 | Fortune $0 | Tax $0
Board [Qc Js Kd 3d 5s]
Seat 1: 3d21a81a (small blind) folded before Flop
Seat 2: Hero (big blind) won ($3.59)
Seat 3: 8f6c38b folded before Flop (didn't bet)
Seat 4: c773bcf8 folded before Flop (didn't bet)
Seat 5: b9ab62a folded before Flop (didn't bet)
Seat 6: 248e34c7 (button) folded on the River


Poker Hand #HD1713619469: Hold'em No Limit ($0.02/$0.05) - 2024/04/03 12:17:56
Table 'NLHBlue8' 6-max Seat #5 is the button
Seat 1: 3d21a81a ($7.32 in chips)
Seat 2: Hero ($5.82 in chips)
Seat 3: 8f6c38b ($7.35 in chips)
Seat 4: c773bcf8 ($5.16 in chips)
Seat 5: b9ab62a ($5.68 in chips)
Seat 6: 248e34c7 ($6.19 in chips)
248e34c7: posts small blind $0.02
3d21a81a: posts big blind $0.05
*** HOLE CARDS ***
Dealt to 3d21a81a 
Dealt to Hero [Td 7h]
Dealt to 8f6c38b 
Dealt to c773bcf8 
Dealt to b9ab62a 
Dealt to 248e34c7 
Hero: folds
8f6c38b: folds
c773bcf8: folds
b9ab62a: raises $0.08 to $0.13
248e34c7: calls $0.11
3d21a81a: raises $0.47 to $0.6
b9ab62a: calls $0.47
248e34c7: folds
*** FLOP *** [3h 5d Tc]
3d21a81a: bets $0.45
b9ab62a: calls $0.45
*** TURN *** [3h 5d Tc] [Kd]
3d21a81a: bets $0.65
b9ab62a: calls $0.65
*** RIVER *** [3h 5d Tc Kd] [Ts]
3d21a81a: checks
b9ab62a: checks
3d21a81a: shows [Ac Kh] (Pair of Kings and Pair of Tens)
b9ab62a: shows [Ah Ks] (Pair of Kings and Pair of Tens)
*** SHOWDOWN ***
3d21a81a collected $1.66 from pot
b9ab62a collected $1.66 from pot
*** SUMMARY ***
Total pot $3.53 | Rake $0.16 | Jackpot $0.05 | Bingo $0 | Fortune $0 | Tax $0
Board [3h 5d Tc Kd Ts]
Seat 1: 3d21a81a (big blind) showed [Ac Kh] and won ($1.66) with Pair of Kings and Pair of Tens
Seat 2: Hero folded before Flop (didn't bet)
Seat 3: 8f6c38b folded before Flop (didn't bet)
Seat 4: c773bcf8 folded before Flop (didn't bet)
Seat 5: b9ab62a (button) showed [Ah Ks] and won ($1.66) with Pair of Kings and Pair of Tens
Seat 6: 248e34c7 (small blind) folded before Flop


Poker Hand #HD1713619424: Hold'em No Limit ($0.02/$0.05) - 2024/04/03 12:17:29
Table 'NLHBlue8' 6-max Seat #4 is the button
Seat 1: 3d21a81a ($7.32 in chips)
Seat 2: Hero ($5.82 in chips)
Seat 3: 8f6c38b ($7.35 in chips)
Seat 4: c773bcf8 ($5.16 in chips)
Seat 5: b9ab62a ($5.7 in chips)
Seat 6: 248e34c7 ($6.17 in chips)
b9ab62a: posts small blind $0.02
248e34c7: posts big blind $0.05
*** HOLE CARDS ***
Dealt to 3d21a81a 
Dealt to Hero [7h Kd]
Dealt to 8f6c38b 
Dealt to c773bcf8 
Dealt to b9ab62a 
Dealt to 248e34c7 
3d21a81a: folds
Hero: folds
8f6c38b: folds
c773bcf8: folds
b9ab62a: folds
Uncalled bet ($0.03) returned to 248e34c7
*** SHOWDOWN ***
248e34c7 collected $0.04 from pot
*** SUMMARY ***
Total pot $0.04 | Rake $0 | Jackpot $0 | Bingo $0 | Fortune $0 | Tax $0
Seat 1: 3d21a81a folded before Flop (didn't bet)
Seat 2: Hero folded before Flop (didn't bet)
Seat 3: 8f6c38b folded before Flop (didn't bet)
Seat 4: c773bcf8 (button) folded before Flop (didn't bet)
Seat 5: b9ab62a (small blind) folded before Flop
Seat 6: 248e34c7 (big blind) collected ($0.04)


Poker Hand #HD1713619392: Hold'em No Limit ($0.02/$0.05) - 2024/04/03 12:17:12
Table 'NLHBlue8' 6-max Seat #3 is the button
Seat 1: 3d21a81a ($7.32 in chips)
Seat 2: Hero ($5.82 in chips)
Seat 3: 8f6c38b ($7.35 in chips)
Seat 4: c773bcf8 ($5.18 in chips)
Seat 5: b9ab62a ($5.68 in chips)
Seat 6: 248e34c7 ($6.17 in chips)
c773bcf8: posts small blind $0.02
b9ab62a: posts big blind $0.05
*** HOLE CARDS ***
Dealt to 3d21a81a 
Dealt to Hero [6h 5h]
Dealt to 8f6c38b 
Dealt to c773bcf8 
Dealt to b9ab62a 
Dealt to 248e34c7 
248e34c7: folds
3d21a81a: folds
Hero: folds
8f6c38b: folds
c773bcf8: folds
Uncalled bet ($0.03) returned to b9ab62a
*** SHOWDOWN ***
b9ab62a collected $0.04 from pot
*** SUMMARY ***
Total pot $0.04 | Rake $0 | Jackpot $0 | Bingo $0 | Fortune $0 | Tax $0
Seat 1: 3d21a81a folded before Flop (didn't bet)
Seat 2: Hero folded before Flop (didn't bet)
Seat 3: 8f6c38b (button) folded before Flop (didn't bet)
Seat 4: c773bcf8 (small blind) folded before Flop
Seat 5: b9ab62a (big blind) collected ($0.04)
Seat 6: 248e34c7 folded before Flop (didn't bet)


Poker Hand #HD1713619371: Hold'em No Limit ($0.02/$0.05) - 2024/04/03 12:17:00
Table 'NLHBlue8' 6-max Seat #2 is the button
Seat 1: 3d21a81a ($7.32 in chips)
Seat 2: Hero ($5.82 in chips)
Seat 3: 8f6c38b ($7.37 in chips)
Seat 4: c773bcf8 ($5.16 in chips)
Seat 5: b9ab62a ($5.68 in chips)
Seat 6: 248e34c7 ($6.17 in chips)
8f6c38b: posts small blind $0.02
c773bcf8: posts big blind $0.05
*** HOLE CARDS ***
Dealt to 3d21a81a 
Dealt to Hero [8c 9s]
Dealt to 8f6c38b 
Dealt to c773bcf8 
Dealt to b9ab62a 
Dealt to 248e34c7 
b9ab62a: folds
248e34c7: folds
3d21a81a: folds
Hero: folds
8f6c38b: folds
Uncalled bet ($0.03) returned to c773bcf8
*** SHOWDOWN ***
c773bcf8 collected $0.04 from pot
*** SUMMARY ***
Total pot $0.04 | Rake $0 | Jackpot $0 | Bingo $0 | Fortune $0 | Tax $0
Seat 1: 3d21a81a folded before Flop (didn't bet)
Seat 2: Hero (button) folded before Flop (didn't bet)
Seat 3: 8f6c38b (small blind) folded before Flop
Seat 4: c773bcf8 (big blind) collected ($0.04)
Seat 5: b9ab62a folded before Flop (didn't bet)
Seat 6: 248e34c7 folded before Flop (didn't bet)


Poker Hand #HD1713619195: Hold'em No Limit ($0.02/$0.05) - 2024/04/03 12:15:29
Table 'NLHBlue8' 6-max Seat #1 is the button
Seat 1: 3d21a81a ($6.94 in chips)
Seat 2: Hero ($5.84 in chips)
Seat 3: 8f6c38b ($7.77 in chips)
Seat 4: c773bcf8 ($5.16 in chips)
Seat 5: b9ab62a ($5.68 in chips)
Seat 6: 248e34c7 ($6.17 in chips)
Hero: posts small blind $0.02
8f6c38b: posts big blind $0.05
*** HOLE CARDS ***
Dealt to 3d21a81a 
Dealt to Hero [Ac 8c]
Dealt to 8f6c38b 
Dealt to c773bcf8 
Dealt to b9ab62a 
Dealt to 248e34c7 
c773bcf8: folds
b9ab62a: folds
248e34c7: folds
3d21a81a: raises $0.1 to $0.15
Hero: folds
8f6c38b: calls $0.1
*** FLOP *** [6d Th 9c]
8f6c38b: checks
3d21a81a: bets $0.1
8f6c38b: calls $0.1
*** TURN *** [6d Th 9c] [9s]
8f6c38b: checks
3d21a81a: checks
*** RIVER *** [6d Th 9c 9s] [Jh]
8f6c38b: checks
3d21a81a: bets $0.15
8f6c38b: calls $0.15
3d21a81a: shows [Tc Ts] (Tens Full over Nines)
8f6c38b: shows [Td Ks] (Pair of Tens and Pair of Nines)
*** SHOWDOWN ***
3d21a81a collected $0.78 from pot
*** SUMMARY ***
Total pot $0.82 | Rake $0.04 | Jackpot $0 | Bingo $0 | Fortune $0 | Tax $0
Board [6d Th 9c 9s Jh]
Seat 1: 3d21a81a (button) showed [Tc Ts] and won ($0.78) with Tens Full over Nines
Seat 2: Hero (small blind) folded before Flop
Seat 3: 8f6c38b (big blind) showed [Td Ks] and lost with Pair of Tens and Pair of Nines
Seat 4: c773bcf8 folded before Flop (didn't bet)
Seat 5: b9ab62a folded before Flop (didn't bet)
Seat 6: 248e34c7 folded before Flop (didn't bet)


Poker Hand #HD1713619177: Hold'em No Limit ($0.02/$0.05) - 2024/04/03 12:15:19
Table 'NLHBlue8' 6-max Seat #6 is the button
Seat 1: 3d21a81a ($6.96 in chips)
Seat 2: Hero ($5.82 in chips)
Seat 3: 8f6c38b ($7.77 in chips)
Seat 4: c773bcf8 ($5.16 in chips)
Seat 5: b9ab62a ($5.68 in chips)
Seat 6: 248e34c7 ($6.17 in chips)
3d21a81a: posts small blind $0.02
Hero: posts big blind $0.05
*** HOLE CARDS ***
Dealt to 3d21a81a 
Dealt to Hero [Kc 3c]
Dealt to 8f6c38b 
Dealt to c773bcf8 
Dealt to b9ab62a 
Dealt to 248e34c7 
8f6c38b: folds
c773bcf8: folds
b9ab62a: folds
248e34c7: folds
3d21a81a: folds
Uncalled bet ($0.03) returned to Hero
*** SHOWDOWN ***
Hero collected $0.04 from pot
*** SUMMARY ***
Total pot $0.04 | Rake $0 | Jackpot $0 | Bingo $0 | Fortune $0 | Tax $0
Seat 1: 3d21a81a (small blind) folded before Flop
Seat 2: Hero (big blind) collected ($0.04)
Seat 3: 8f6c38b folded before Flop (didn't bet)
Seat 4: c773bcf8 folded before Flop (didn't bet)
Seat 5: b9ab62a folded before Flop (didn't bet)
Seat 6: 248e34c7 (button) folded before Flop (didn't bet)


Poker Hand #HD1713619064: Hold'em No Limit ($0.02/$0.05) - 2024/04/03 12:14:15
Table 'NLHBlue8' 6-max Seat #5 is the button
Seat 1: 3d21a81a ($7.01 in chips)
Seat 2: Hero ($5 in chips)
Seat 3: 8f6c38b ($7.77 in chips)
Seat 4: c773bcf8 ($5.16 in chips)
Seat 5: b9ab62a ($6.57 in chips)
Seat 6: 248e34c7 ($6.19 in chips)
248e34c7: posts small blind $0.02
3d21a81a: posts big blind $0.05
*** HOLE CARDS ***
Dealt to 3d21a81a 
Dealt to Hero [8h 8s]
Dealt to 8f6c38b 
Dealt to c773bcf8 
Dealt to b9ab62a 
Dealt to 248e34c7 
Hero: raises $0.05 to $0.1
8f6c38b: folds
c773bcf8: folds
b9ab62a: raises $0.27 to $0.37
248e34c7: folds
3d21a81a: folds
Hero: calls $0.27
*** FLOP *** [8c 8d 5h]
Hero: checks
b9ab62a: bets $0.27
Hero: calls $0.27
*** TURN *** [8c 8d 5h] [6d]
Hero: checks
b9ab62a: checks
*** RIVER *** [8c 8d 5h 6d] [5d]
Hero: bets $0.25
b9ab62a: calls $0.25
Hero: shows [8h 8s] (Four Eights)
b9ab62a: shows [Ad Qh] (Pair of Eights and Pair of Fives)
*** SHOWDOWN ***
Hero collected $1.71 from pot
*** SUMMARY ***
Total pot $1.85 | Rake $0.09 | Jackpot $0.05 | Bingo $0 | Fortune $0 | Tax $0
Board [8c 8d 5h 6d 5d]
Seat 1: 3d21a81a (big blind) folded before Flop
Seat 2: Hero showed [8h 8s] and won ($1.71) with Four Eights
Seat 3: 8f6c38b folded before Flop (didn't bet)
Seat 4: c773bcf8 folded before Flop (didn't bet)
Seat 5: b9ab62a (button) showed [Ad Qh] and lost with Pair of Eights and Pair of Fives
Seat 6: 248e34c7 (small blind) folded before Flop


Poker Hand #HD1713619004: Hold'em No Limit ($0.02/$0.05) - 2024/04/03 12:13:41
Table 'NLHBlue8' 6-max Seat #4 is the button
Seat 1: 3d21a81a ($6.89 in chips)
Seat 2: Hero ($5 in chips)
Seat 3: 8f6c38b ($7.77 in chips)
Seat 4: c773bcf8 ($5.16 in chips)
Seat 5: b9ab62a ($6.59 in chips)
Seat 6: 248e34c7 ($6.3 in chips)
b9ab62a: posts small blind $0.02
248e34c7: posts big blind $0.05
*** HOLE CARDS ***
Dealt to 3d21a81a 
Dealt to Hero [9s 2s]
Dealt to 8f6c38b 
Dealt to c773bcf8 
Dealt to b9ab62a 
Dealt to 248e34c7 
3d21a81a: raises $0.06 to $0.11
Hero: folds
8f6c38b: folds
c773bcf8: folds
b9ab62a: folds
248e34c7: calls $0.06
*** FLOP *** [6c 8h Ts]
248e34c7: checks
3d21a81a: checks
*** TURN *** [6c 8h Ts] [Ad]
248e34c7: checks
3d21a81a: bets $0.1
248e34c7: folds
Uncalled bet ($0.1) returned to 3d21a81a
*** SHOWDOWN ***
3d21a81a collected $0.23 from pot
*** SUMMARY ***
Total pot $0.24 | Rake $0.01 | Jackpot $0 | Bingo $0 | Fortune $0 | Tax $0
Board [6c 8h Ts Ad]
Seat 1: 3d21a81a won ($0.23)
Seat 2: Hero folded before Flop (didn't bet)
Seat 3: 8f6c38b folded before Flop (didn't bet)
Seat 4: c773bcf8 (button) folded before Flop (didn't bet)
Seat 5: b9ab62a (small blind) folded before Flop
Seat 6: 248e34c7 (big blind) folded on the Turn


Poker Hand #HD1713618971: Hold'em No Limit ($0.02/$0.05) - 2024/04/03 12:13:24
Table 'NLHBlue8' 6-max Seat #3 is the button
Seat 1: 3d21a81a ($6.89 in chips)
Seat 2: Hero ($5 in chips)
Seat 3: 8f6c38b ($7.77 in chips)
Seat 4: c773bcf8 ($5.18 in chips)
Seat 5: b9ab62a ($6.64 in chips)
Seat 6: 248e34c7 ($6.23 in chips)
c773bcf8: posts small blind $0.02
b9ab62a: posts big blind $0.05
*** HOLE CARDS ***
Dealt to 3d21a81a 
Dealt to Hero [8h 6h]
Dealt to 8f6c38b 
Dealt to c773bcf8 
Dealt to b9ab62a 
Dealt to 248e34c7 
248e34c7: raises $0.1 to $0.15
3d21a81a: folds
Hero: folds
8f6c38b: folds
c773bcf8: folds
b9ab62a: folds
Uncalled bet ($0.1) returned to 248e34c7
*** SHOWDOWN ***
248e34c7 collected $0.12 from pot
*** SUMMARY ***
Total pot $0.12 | Rake $0 | Jackpot $0 | Bingo $0 | Fortune $0 | Tax $0
Seat 1: 3d21a81a folded before Flop (didn't bet)
Seat 2: Hero folded before Flop (didn't bet)
Seat 3: 8f6c38b (button) folded before Flop (didn't bet)
Seat 4: c773bcf8 (small blind) folded before Flop
Seat 5: b9ab62a (big blind) folded before Flop
Seat 6: 248e34c7 collected ($0.12)


Poker Hand #HD1713618938: Hold'em No Limit ($0.02/$0.05) - 2024/04/03 12:13:04
Table 'NLHBlue8' 6-max Seat #2 is the button
Seat 1: 3d21a81a ($6.89 in chips)
Seat 2: Hero ($5 in chips)
Seat 3: 8f6c38b ($7.72 in chips)
Seat 4: c773bcf8 ($5.23 in chips)
Seat 6: 248e34c7 ($6.23 in chips)
8f6c38b: posts small blind $0.02
c773bcf8: posts big blind $0.05
*** HOLE CARDS ***
Dealt to 3d21a81a 
Dealt to Hero [Jc 9d]
Dealt to 8f6c38b 
Dealt to c773bcf8 
Dealt to 248e34c7 
248e34c7: folds
3d21a81a: folds
Hero: folds
8f6c38b: raises $0.1 to $0.15
c773bcf8: folds
Uncalled bet ($0.1) returned to 8f6c38b
*** SHOWDOWN ***
8f6c38b collected $0.1 from pot
*** SUMMARY ***
Total pot $0.1 | Rake $0 | Jackpot $0 | Bingo $0 | Fortune $0 | Tax $0
Seat 1: 3d21a81a folded before Flop (didn't bet)
Seat 2: Hero (button) folded before Flop (didn't bet)
Seat 3: 8f6c38b (small blind) collected ($0.1)
Seat 4: c773bcf8 (big blind) folded before Flop
Seat 6: 248e34c7 folded before Flop (didn't bet)


Poker Hand #HD1713618920: Hold'em No Limit ($0.02/$0.05) - 2024/04/03 12:12:56
Table 'NLHBlue8' 6-max Seat #1 is the button
Seat 1: 3d21a81a ($6.89 in chips)
Seat 2: Hero ($5 in chips)
Seat 3: 8f6c38b ($7.7 in chips)
Seat 4: c773bcf8 ($5.23 in chips)
Seat 6: 248e34c7 ($6.23 in chips)
Hero: posts small blind $0.02
8f6c38b: posts big blind $0.05
*** HOLE CARDS ***
Dealt to 3d21a81a 
Dealt to Hero [8s 7d]
Dealt to 8f6c38b 
Dealt to c773bcf8 
Dealt to 248e34c7 
c773bcf8: folds
248e34c7: folds
3d21a81a: folds
Hero: folds
Uncalled bet ($0.03) returned to 8f6c38b
*** SHOWDOWN ***
8f6c38b collected $0.04 from pot
*** SUMMARY ***
Total pot $0.04 | Rake $0 | Jackpot $0 | Bingo $0 | Fortune $0 | Tax $0
Seat 1: 3d21a81a (button) folded before Flop (didn't bet)
Seat 2: Hero (small blind) folded before Flop
Seat 3: 8f6c38b (big blind) collected ($0.04)
Seat 4: c773bcf8 folded before Flop (didn't bet)
Seat 6: 248e34c7 folded before Flop (didn't bet)


Poker Hand #HD1713618868: Hold'em No Limit ($0.02/$0.05) - 2024/04/03 12:12:25
Table 'NLHBlue8' 6-max Seat #6 is the button
Seat 1: 3d21a81a ($6.91 in chips)
Seat 2: Hero ($5 in chips)
Seat 3: 8f6c38b ($7.7 in chips)
Seat 4: c773bcf8 ($5.07 in chips)
Seat 6: 248e34c7 ($6.33 in chips)
3d21a81a: posts small blind $0.02
Hero: posts big blind $0.05
*** HOLE CARDS ***
Dealt to 3d21a81a 
Dealt to Hero [Jd 8h]
Dealt to 8f6c38b 
Dealt to c773bcf8 
Dealt to 248e34c7 
8f6c38b: folds
c773bcf8: raises $0.05 to $0.1
248e34c7: calls $0.1
3d21a81a: folds
Hero: folds
*** FLOP *** [Ac 2c 7s]
c773bcf8: bets $0.08
248e34c7: folds
Uncalled bet ($0.08) returned to c773bcf8
*** SHOWDOWN ***
c773bcf8 collected $0.26 from pot
*** SUMMARY ***
Total pot $0.27 | Rake $0.01 | Jackpot $0 | Bingo $0 | Fortune $0 | Tax $0
Board [Ac 2c 7s]
Seat 1: 3d21a81a (small blind) folded before Flop
Seat 2: Hero (big blind) folded before Flop
Seat 3: 8f6c38b folded before Flop (didn't bet)
Seat 4: c773bcf8 won ($0.26)
Seat 6: 248e34c7 (button) folded on the Flop


Poker Hand #HD1713618842: Hold'em No Limit ($0.02/$0.05) - 2024/04/03 12:12:10
Table 'NLHBlue8' 6-max Seat #4 is the button
Seat 1: 3d21a81a ($6.96 in chips)
Seat 2: Hero ($5 in chips)
Seat 3: 8f6c38b ($7.7 in chips)
Seat 4: c773bcf8 ($5 in chips)
Seat 6: 248e34c7 ($6.35 in chips)
248e34c7: posts small blind $0.02
3d21a81a: posts big blind $0.05
*** HOLE CARDS ***
Dealt to 3d21a81a 
Dealt to Hero [Ts 6h]
Dealt to 8f6c38b 
Dealt to c773bcf8 
Dealt to 248e34c7 
Hero: folds
8f6c38b: folds
c773bcf8: raises $0.1 to $0.15
248e34c7: folds
3d21a81a: folds
Uncalled bet ($0.1) returned to c773bcf8
*** SHOWDOWN ***
c773bcf8 collected $0.12 from pot
*** SUMMARY ***
Total pot $0.12 | Rake $0 | Jackpot $0 | Bingo $0 | Fortune $0 | Tax $0
Seat 1: 3d21a81a (big blind) folded before Flop
Seat 2: Hero folded before Flop (didn't bet)
Seat 3: 8f6c38b folded before Flop (didn't bet)
Seat 4: c773bcf8 (button) collected ($0.12)
Seat 6: 248e34c7 (small blind) folded before Flop


Poker Hand #HD1713618760: Hold'em No Limit ($0.02/$0.05) - 2024/04/03 12:11:27
Table 'NLHBlue8' 6-max Seat #3 is the button
Seat 1: 3d21a81a ($6.96 in chips)
Seat 2: Hero ($5 in chips)
Seat 3: 8f6c38b ($7.7 in chips)
Seat 4: c773bcf8 ($5 in chips)
Seat 6: 248e34c7 ($6.21 in chips)
c773bcf8: posts small blind $0.02
248e34c7: posts big blind $0.05
*** HOLE CARDS ***
Dealt to 3d21a81a 
Dealt to Hero [Tc Qh]
Dealt to 8f6c38b 
Dealt to c773bcf8 
Dealt to 248e34c7 
3d21a81a: folds
Hero: raises $0.08 to $0.13
8f6c38b: folds
c773bcf8: folds
248e34c7: calls $0.08
*** FLOP *** [8s 3s 6d]
248e34c7: checks
Hero: checks
*** TURN *** [8s 3s 6d] [2c]
248e34c7: checks
Hero: checks
*** RIVER *** [8s 3s 6d 2c] [4h]
248e34c7: bets $0.15
Hero: folds
Uncalled bet ($0.15) returned to 248e34c7
*** SHOWDOWN ***
248e34c7 collected $0.27 from pot
*** SUMMARY ***
Total pot $0.28 | Rake $0.01 | Jackpot $0 | Bingo $0 | Fortune $0 | Tax $0
Board [8s 3s 6d 2c 4h]
Seat 1: 3d21a81a folded before Flop (didn't bet)
Seat 2: Hero folded on the River
Seat 3: 8f6c38b (button) folded before Flop (didn't bet)
Seat 4: c773bcf8 (small blind) folded before Flop
Seat 6: 248e34c7 (big blind) won ($0.27)


Poker Hand #HD1713618580: Hold'em No Limit ($0.02/$0.05) - 2024/04/03 12:09:45
Table 'NLHBlue8' 6-max Seat #2 is the button
Seat 1: 3d21a81a ($6.96 in chips)
Seat 2: Hero ($5 in chips)
Seat 3: 8f6c38b ($6.91 in chips)
Seat 4: c773bcf8 ($5.07 in chips)
Seat 6: 248e34c7 ($6.21 in chips)
8f6c38b: posts small blind $0.02
c773bcf8: posts big blind $0.05
*** HOLE CARDS ***
Dealt to 3d21a81a 
Dealt to Hero [Kc 5d]
Dealt to 8f6c38b 
Dealt to c773bcf8 
Dealt to 248e34c7 
248e34c7: folds
3d21a81a: folds
Hero: folds
8f6c38b: raises $0.1 to $0.15
c773bcf8: calls $0.1
*** FLOP *** [5h 2s Js]
8f6c38b: bets $0.09
c773bcf8: raises $0.16 to $0.25
8f6c38b: calls $0.16
*** TURN *** [5h 2s Js] [Qs]
8f6c38b: checks
c773bcf8: bets $0.18
8f6c38b: raises $0.35 to $0.53
c773bcf8: calls $0.35
*** RIVER *** [5h 2s Js Qs] [Qh]
8f6c38b: bets $1.6
c773bcf8: folds
Uncalled bet ($1.6) returned to 8f6c38b
*** SHOWDOWN ***
8f6c38b collected $1.72 from pot
*** SUMMARY ***
Total pot $1.86 | Rake $0.09 | Jackpot $0.05 | Bingo $0 | Fortune $0 | Tax $0
Board [5h 2s Js Qs Qh]
Seat 1: 3d21a81a folded before Flop (didn't bet)
Seat 2: Hero (button) folded before Flop (didn't bet)
Seat 3: 8f6c38b (small blind) won ($1.72)
Seat 4: c773bcf8 (big blind) folded on the River
Seat 6: 248e34c7 folded before Flop (didn't bet)


Poker Hand #HD1713618540: Hold'em No Limit ($0.02/$0.05) - 2024/04/03 12:09:26
Table 'NLHBlue8' 6-max Seat #1 is the button
Seat 1: 3d21a81a ($6.96 in chips)
Seat 2: Hero ($5 in chips)
Seat 3: 8f6c38b ($6.96 in chips)
Seat 4: c773bcf8 ($5.07 in chips)
Seat 6: 248e34c7 ($6.14 in chips)
Hero: posts small blind $0.02
8f6c38b: posts big blind $0.05
*** HOLE CARDS ***
Dealt to 3d21a81a 
Dealt to Hero [Ks 7d]
Dealt to 8f6c38b 
Dealt to c773bcf8 
Dealt to 248e34c7 
c773bcf8: folds
248e34c7: raises $0.1 to $0.15
3d21a81a: folds
Hero: folds
8f6c38b: folds
Uncalled bet ($0.1) returned to 248e34c7
*** SHOWDOWN ***
248e34c7 collected $0.12 from pot
*** SUMMARY ***
Total pot $0.12 | Rake $0 | Jackpot $0 | Bingo $0 | Fortune $0 | Tax $0
Seat 1: 3d21a81a (button) folded before Flop (didn't bet)
Seat 2: Hero (small blind) folded before Flop
Seat 3: 8f6c38b (big blind) folded before Flop
Seat 4: c773bcf8 folded before Flop (didn't bet)
Seat 6: 248e34c7 collected ($0.12)


Poker Hand #HD1713618500: Hold'em No Limit ($0.02/$0.05) - 2024/04/03 12:09:04
Table 'NLHBlue8' 6-max Seat #6 is the button
Seat 1: 3d21a81a ($6.98 in chips)
Seat 2: Hero ($5 in chips)
Seat 3: 8f6c38b ($6.96 in chips)
Seat 4: c773bcf8 ($5 in chips)
Seat 6: 248e34c7 ($6.14 in chips)
3d21a81a: posts small blind $0.02
Hero: posts big blind $0.05
c773bcf8: posts big blind $0.05
*** HOLE CARDS ***
Dealt to 3d21a81a 
Dealt to Hero [9s 2s]
Dealt to 8f6c38b 
Dealt to c773bcf8 
Dealt to 248e34c7 
8f6c38b: folds
c773bcf8: raises $0.05 to $0.1
248e34c7: folds
3d21a81a: folds
Hero: folds
Uncalled bet ($0.05) returned to c773bcf8
*** SHOWDOWN ***
c773bcf8 collected $0.12 from pot
*** SUMMARY ***
Total pot $0.12 | Rake $0 | Jackpot $0 | Bingo $0 | Fortune $0 | Tax $0
Seat 1: 3d21a81a (small blind) folded before Flop
Seat 2: Hero (big blind) folded before Flop
Seat 3: 8f6c38b folded before Flop (didn't bet)
Seat 4: c773bcf8 collected ($0.12)
Seat 6: 248e34c7 (button) folded before Flop (didn't bet)


Poker Hand #HD1713618417: Hold'em No Limit ($0.02/$0.05) - 2024/04/03 12:08:14
Table 'NLHBlue8' 6-max Seat #3 is the button
Seat 1: 3d21a81a ($6.52 in chips)
Seat 2: Hero ($5.32 in chips)
Seat 3: 8f6c38b ($6.96 in chips)
Seat 6: 248e34c7 ($6.16 in chips)
248e34c7: posts small blind $0.02
3d21a81a: posts big blind $0.05
*** HOLE CARDS ***
Dealt to 3d21a81a 
Dealt to Hero [Ah Jc]
Dealt to 8f6c38b 
Dealt to 248e34c7 
Hero: raises $0.05 to $0.1
8f6c38b: folds
248e34c7: folds
3d21a81a: calls $0.05
*** FLOP *** [Td Ts 6h]
3d21a81a: checks
Hero: checks
*** TURN *** [Td Ts 6h] [Jd]
3d21a81a: checks
Hero: bets $0.1
3d21a81a: calls $0.1
*** RIVER *** [Td Ts 6h Jd] [Ac]
3d21a81a: bets $0.28
Hero: calls $0.28
3d21a81a: shows [Qd Kc] (Aces-High Straight)
Hero: shows [Ah Jc] (Pair of Aces and Pair of Jacks)
*** SHOWDOWN ***
3d21a81a collected $0.94 from pot
*** SUMMARY ***
Total pot $0.98 | Rake $0.04 | Jackpot $0 | Bingo $0 | Fortune $0 | Tax $0
Board [Td Ts 6h Jd Ac]
Seat 1: 3d21a81a (big blind) showed [Qd Kc] and won ($0.94) with Aces-High Straight
Seat 2: Hero showed [Ah Jc] and lost with Pair of Aces and Pair of Jacks
Seat 3: 8f6c38b (button) folded before Flop (didn't bet)
Seat 6: 248e34c7 (small blind) folded before Flop


Poker Hand #HD1713618319: Hold'em No Limit ($0.02/$0.05) - 2024/04/03 12:07:20
Table 'NLHBlue8' 6-max Seat #2 is the button
Seat 1: 3d21a81a ($6.73 in chips)
Seat 2: Hero ($5.32 in chips)
Seat 3: 8f6c38b ($6.98 in chips)
Seat 6: 248e34c7 ($5.95 in chips)
8f6c38b: posts small blind $0.02
248e34c7: posts big blind $0.05
*** HOLE CARDS ***
Dealt to 3d21a81a 
Dealt to Hero [4c 2s]
Dealt to 8f6c38b 
Dealt to 248e34c7 
3d21a81a: raises $0.06 to $0.11
Hero: folds
8f6c38b: folds
248e34c7: calls $0.06
*** FLOP *** [Td Kd 6h]
248e34c7: checks
3d21a81a: bets $0.1
248e34c7: calls $0.1
*** TURN *** [Td Kd 6h] [7h]
248e34c7: checks
3d21a81a: checks
*** RIVER *** [Td Kd 6h 7h] [Jh]
248e34c7: bets $0.36
3d21a81a: folds
Uncalled bet ($0.36) returned to 248e34c7
*** SHOWDOWN ***
248e34c7 collected $0.42 from pot
*** SUMMARY ***
Total pot $0.44 | Rake $0.02 | Jackpot $0 | Bingo $0 | Fortune $0 | Tax $0
Board [Td Kd 6h 7h Jh]
Seat 1: 3d21a81a folded on the River
Seat 2: Hero (button) folded before Flop (didn't bet)
Seat 3: 8f6c38b (small blind) folded before Flop
Seat 6: 248e34c7 (big blind) won ($0.42)


Poker Hand #HD1713618247: Hold'em No Limit ($0.02/$0.05) - 2024/04/03 12:06:37
Table 'NLHBlue8' 6-max Seat #1 is the button
Seat 1: 3d21a81a ($7.03 in chips)
Seat 2: Hero ($5 in chips)
Seat 3: 8f6c38b ($7.03 in chips)
Seat 4: 524b6e66 ($4.75 in chips)
Seat 6: 248e34c7 ($5.95 in chips)
Hero: posts small blind $0.02
8f6c38b: posts big blind $0.05
*** HOLE CARDS ***
Dealt to 3d21a81a 
Dealt to Hero [5s As]
Dealt to 8f6c38b 
Dealt to 524b6e66 
Dealt to 248e34c7 
524b6e66: folds
248e34c7: folds
3d21a81a: raises $0.06 to $0.11
Hero: raises $0.19 to $0.3
8f6c38b: folds
3d21a81a: calls $0.19
*** FLOP *** [7h 5c 4h]
Hero: bets $0.4
3d21a81a: folds
Uncalled bet ($0.4) returned to Hero
*** SHOWDOWN ***
Hero collected $0.62 from pot
*** SUMMARY ***
Total pot $0.65 | Rake $0.03 | Jackpot $0 | Bingo $0 | Fortune $0 | Tax $0
Board [7h 5c 4h]
Seat 1: 3d21a81a (button) folded on the Flop
Seat 2: Hero (small blind) won ($0.62)
Seat 3: 8f6c38b (big blind) folded before Flop
Seat 4: 524b6e66 folded before Flop (didn't bet)
Seat 6: 248e34c7 folded before Flop (didn't bet)


Poker Hand #HD1713618188: Hold'em No Limit ($0.02/$0.05) - 2024/04/03 12:06:02
Table 'NLHBlue8' 6-max Seat #6 is the button
Seat 1: 3d21a81a ($7.05 in chips)
Seat 2: Hero ($5 in chips)
Seat 3: 8f6c38b ($7.03 in chips)
Seat 4: 524b6e66 ($4.75 in chips)
Seat 5: b9ab62a ($6.64 in chips)
Seat 6: 248e34c7 ($5.88 in chips)
3d21a81a: posts small blind $0.02
Hero: posts big blind $0.05
*** HOLE CARDS ***
Dealt to 3d21a81a 
Dealt to Hero [9c Qd]
Dealt to 8f6c38b 
Dealt to 524b6e66 
Dealt to b9ab62a 
Dealt to 248e34c7 
8f6c38b: folds
524b6e66: folds
b9ab62a: folds
248e34c7: raises $0.1 to $0.15
3d21a81a: folds
Hero: folds
Uncalled bet ($0.1) returned to 248e34c7
*** SHOWDOWN ***
248e34c7 collected $0.12 from pot
*** SUMMARY ***
Total pot $0.12 | Rake $0 | Jackpot $0 | Bingo $0 | Fortune $0 | Tax $0
Seat 1: 3d21a81a (small blind) folded before Flop
Seat 2: Hero (big blind) folded before Flop
Seat 3: 8f6c38b folded before Flop (didn't bet)
Seat 4: 524b6e66 folded before Flop (didn't bet)
Seat 5: b9ab62a folded before Flop (didn't bet)
Seat 6: 248e34c7 (button) collected ($0.12)


Poker Hand #HD1713618115: Hold'em No Limit ($0.02/$0.05) - 2024/04/03 12:05:28
Table 'NLHBlue8' 6-max Seat #5 is the button
Seat 1: 3d21a81a ($7.1 in chips)
Seat 2: Hero ($5 in chips)
Seat 3: 8f6c38b ($6.96 in chips)
Seat 4: 524b6e66 ($4.75 in chips)
Seat 5: b9ab62a ($6.64 in chips)
Seat 6: 248e34c7 ($5.9 in chips)
248e34c7: posts small blind $0.02
3d21a81a: posts big blind $0.05
*** HOLE CARDS ***
Dealt to 3d21a81a 
Dealt to Hero [5d Ac]
Dealt to 8f6c38b 
Dealt to 524b6e66 
Dealt to b9ab62a 
Dealt to 248e34c7 
Hero: folds
8f6c38b: raises $0.08 to $0.13
524b6e66: folds
b9ab62a: folds
248e34c7: folds
3d21a81a: folds
Uncalled bet ($0.08) returned to 8f6c38b
*** SHOWDOWN ***
8f6c38b collected $0.12 from pot
*** SUMMARY ***
Total pot $0.12 | Rake $0 | Jackpot $0 | Bingo $0 | Fortune $0 | Tax $0
Seat 1: 3d21a81a (big blind) folded before Flop
Seat 2: Hero folded before Flop (didn't bet)
Seat 3: 8f6c38b collected ($0.12)
Seat 4: 524b6e66 folded before Flop (didn't bet)
Seat 5: b9ab62a (button) folded before Flop (didn't bet)
Seat 6: 248e34c7 (small blind) folded before Flop


Poker Hand #HD1713618098: Hold'em No Limit ($0.02/$0.05) - 2024/04/03 12:05:16
Table 'NLHBlue8' 6-max Seat #4 is the button
Seat 1: 3d21a81a ($7.1 in chips)
Seat 2: Hero ($5 in chips)
Seat 3: 8f6c38b ($6.96 in chips)
Seat 4: 524b6e66 ($4.75 in chips)
Seat 5: b9ab62a ($6.66 in chips)
Seat 6: 248e34c7 ($5.88 in chips)
b9ab62a: posts small blind $0.02
248e34c7: posts big blind $0.05
*** HOLE CARDS ***
Dealt to 3d21a81a 
Dealt to Hero [8d Js]
Dealt to 8f6c38b 
Dealt to 524b6e66 
Dealt to b9ab62a 
Dealt to 248e34c7 
3d21a81a: folds
Hero: folds
8f6c38b: folds
524b6e66: folds
b9ab62a: folds
Uncalled bet ($0.03) returned to 248e34c7
*** SHOWDOWN ***
248e34c7 collected $0.04 from pot
*** SUMMARY ***
Total pot $0.04 | Rake $0 | Jackpot $0 | Bingo $0 | Fortune $0 | Tax $0
Seat 1: 3d21a81a folded before Flop (didn't bet)
Seat 2: Hero folded before Flop (didn't bet)
Seat 3: 8f6c38b folded before Flop (didn't bet)
Seat 4: 524b6e66 (button) folded before Flop (didn't bet)
Seat 5: b9ab62a (small blind) folded before Flop
Seat 6: 248e34c7 (big blind) collected ($0.04)


Poker Hand #HD1713617982: Hold'em No Limit ($0.02/$0.05) - 2024/04/03 12:04:12
Table 'NLHBlue8' 6-max Seat #3 is the button
Seat 1: 3d21a81a ($7.1 in chips)
Seat 2: Hero ($5.04 in chips)
Seat 3: 8f6c38b ($6.96 in chips)
Seat 4: 524b6e66 ($4.3 in chips)
Seat 5: b9ab62a ($6.71 in chips)
524b6e66: posts small blind $0.02
b9ab62a: posts big blind $0.05
*** HOLE CARDS ***
Dealt to 3d21a81a 
Dealt to Hero [Ks Qs]
Dealt to 8f6c38b 
Dealt to 524b6e66 
Dealt to b9ab62a 
3d21a81a: folds
Hero: raises $0.08 to $0.13
8f6c38b: folds
524b6e66: raises $0.12 to $0.25
b9ab62a: folds
Hero: calls $0.12
*** FLOP *** [Ah 8h Ac]
524b6e66: checks
Hero: checks
*** TURN *** [Ah 8h Ac] [Jc]
524b6e66: bets $0.19
Hero: calls $0.19
*** RIVER *** [Ah 8h Ac Jc] [3d]
524b6e66: bets $0.47
Hero: folds
Uncalled bet ($0.47) returned to 524b6e66
*** SHOWDOWN ***
524b6e66 collected $0.89 from pot
*** SUMMARY ***
Total pot $0.93 | Rake $0.04 | Jackpot $0 | Bingo $0 | Fortune $0 | Tax $0
Board [Ah 8h Ac Jc 3d]
Seat 1: 3d21a81a folded before Flop (didn't bet)
Seat 2: Hero folded on the River
Seat 3: 8f6c38b (button) folded before Flop (didn't bet)
Seat 4: 524b6e66 (small blind) won ($0.89)
Seat 5: b9ab62a (big blind) folded before Flop


Poker Hand #HD1713617961: Hold'em No Limit ($0.02/$0.05) - 2024/04/03 12:03:55
Table 'NLHBlue8' 6-max Seat #2 is the button
Seat 1: 3d21a81a ($7.1 in chips)
Seat 2: Hero ($5.04 in chips)
Seat 3: 8f6c38b ($6.98 in chips)
Seat 4: 524b6e66 ($4.28 in chips)
Seat 5: b9ab62a ($6.71 in chips)
8f6c38b: posts small blind $0.02
524b6e66: posts big blind $0.05
*** HOLE CARDS ***
Dealt to 3d21a81a 
Dealt to Hero [9h 7s]
Dealt to 8f6c38b 
Dealt to 524b6e66 
Dealt to b9ab62a 
b9ab62a: folds
3d21a81a: folds
Hero: folds
8f6c38b: folds
Uncalled bet ($0.03) returned to 524b6e66
*** SHOWDOWN ***
524b6e66 collected $0.04 from pot
*** SUMMARY ***
Total pot $0.04 | Rake $0 | Jackpot $0 | Bingo $0 | Fortune $0 | Tax $0
Seat 1: 3d21a81a folded before Flop (didn't bet)
Seat 2: Hero (button) folded before Flop (didn't bet)
Seat 3: 8f6c38b (small blind) folded before Flop
Seat 4: 524b6e66 (big blind) collected ($0.04)
Seat 5: b9ab62a folded before Flop (didn't bet)


Poker Hand #HD1713617926: Hold'em No Limit ($0.02/$0.05) - 2024/04/03 12:03:40
Table 'NLHBlue8' 6-max Seat #1 is the button
Seat 1: 3d21a81a ($7.1 in chips)
Seat 2: Hero ($5.06 in chips)
Seat 3: 8f6c38b ($7.03 in chips)
Seat 4: 524b6e66 ($4.28 in chips)
Seat 5: b9ab62a ($6.64 in chips)
Hero: posts small blind $0.02
8f6c38b: posts big blind $0.05
*** HOLE CARDS ***
Dealt to 3d21a81a 
Dealt to Hero [3s 3d]
Dealt to 8f6c38b 
Dealt to 524b6e66 
Dealt to b9ab62a 
524b6e66: folds
b9ab62a: raises $0.05 to $0.1
3d21a81a: folds
Hero: folds
8f6c38b: folds
Uncalled bet ($0.05) returned to b9ab62a
*** SHOWDOWN ***
b9ab62a collected $0.12 from pot
*** SUMMARY ***
Total pot $0.12 | Rake $0 | Jackpot $0 | Bingo $0 | Fortune $0 | Tax $0
Seat 1: 3d21a81a (button) folded before Flop (didn't bet)
Seat 2: Hero (small blind) folded before Flop
Seat 3: 8f6c38b (big blind) folded before Flop
Seat 4: 524b6e66 folded before Flop (didn't bet)
Seat 5: b9ab62a collected ($0.12)


Poker Hand #HD1713617880: Hold'em No Limit ($0.02/$0.05) - 2024/04/03 12:03:15
Table 'NLHBlue8' 6-max Seat #6 is the button
Seat 1: 3d21a81a ($7.12 in chips)
Seat 2: Hero ($5.04 in chips)
Seat 3: 8f6c38b ($7.03 in chips)
Seat 4: 524b6e66 ($4.28 in chips)
Seat 5: b9ab62a ($6.64 in chips)
Seat 6: 248e34c7 ($5.88 in chips)
3d21a81a: posts small blind $0.02
Hero: posts big blind $0.05
*** HOLE CARDS ***
Dealt to 3d21a81a 
Dealt to Hero [5d Jc]
Dealt to 8f6c38b 
Dealt to 524b6e66 
Dealt to b9ab62a 
Dealt to 248e34c7 
8f6c38b: folds
524b6e66: folds
b9ab62a: folds
248e34c7: folds
3d21a81a: folds
Uncalled bet ($0.03) returned to Hero
*** SHOWDOWN ***
Hero collected $0.04 from pot
*** SUMMARY ***
Total pot $0.04 | Rake $0 | Jackpot $0 | Bingo $0 | Fortune $0 | Tax $0
Seat 1: 3d21a81a (small blind) folded before Flop
Seat 2: Hero (big blind) collected ($0.04)
Seat 3: 8f6c38b folded before Flop (didn't bet)
Seat 4: 524b6e66 folded before Flop (didn't bet)
Seat 5: b9ab62a folded before Flop (didn't bet)
Seat 6: 248e34c7 (button) folded before Flop (didn't bet)


Poker Hand #HD1713617799: Hold'em No Limit ($0.02/$0.05) - 2024/04/03 12:02:26
Table 'NLHBlue8' 6-max Seat #5 is the button
Seat 1: 3d21a81a ($7.17 in chips)
Seat 2: Hero ($5.04 in chips)
Seat 3: 8f6c38b ($7.03 in chips)
Seat 4: 524b6e66 ($4.73 in chips)
Seat 5: b9ab62a ($7.09 in chips)
Seat 6: 248e34c7 ($5 in chips)
248e34c7: posts small blind $0.02
3d21a81a: posts big blind $0.05
*** HOLE CARDS ***
Dealt to 3d21a81a 
Dealt to Hero [5d Qc]
Dealt to 8f6c38b 
Dealt to 524b6e66 
Dealt to b9ab62a 
Dealt to 248e34c7 
Hero: folds
8f6c38b: folds
524b6e66: raises $0.05 to $0.1
b9ab62a: calls $0.1
248e34c7: raises $0.35 to $0.45
3d21a81a: folds
524b6e66: calls $0.35
b9ab62a: calls $0.35
*** FLOP *** [Jd 2s Jh]
248e34c7: bets $0.73
524b6e66: folds
b9ab62a: folds
Uncalled bet ($0.73) returned to 248e34c7
248e34c7: shows [Ac Ad] (Pair of Aces and Pair of Jacks)
*** SHOWDOWN ***
248e34c7 collected $1.33 from pot
*** SUMMARY ***
Total pot $1.4 | Rake $0.07 | Jackpot $0 | Bingo $0 | Fortune $0 | Tax $0
Board [Jd 2s Jh]
Seat 1: 3d21a81a (big blind) folded before Flop
Seat 2: Hero folded before Flop (didn't bet)
Seat 3: 8f6c38b folded before Flop (didn't bet)
Seat 4: 524b6e66 folded on the Flop
Seat 5: b9ab62a (button) folded on the Flop
Seat 6: 248e34c7 (small blind) showed [Ac Ad] and won ($1.33)


Poker Hand #HD1713617759: Hold'em No Limit ($0.02/$0.05) - 2024/04/03 12:02:05
Table 'NLHBlue8' 6-max Seat #4 is the button
Seat 1: 3d21a81a ($7.17 in chips)
Seat 2: Hero ($5.14 in chips)
Seat 3: 8f6c38b ($7.03 in chips)
Seat 4: 524b6e66 ($4.57 in chips)
Seat 5: b9ab62a ($7.11 in chips)
Seat 6: 248e34c7 ($5 in chips)
b9ab62a: posts small blind $0.02
248e34c7: posts big blind $0.05
*** HOLE CARDS ***
Dealt to 3d21a81a 
Dealt to Hero [5h Ah]
Dealt to 8f6c38b 
Dealt to 524b6e66 
Dealt to b9ab62a 
Dealt to 248e34c7 
3d21a81a: folds
Hero: raises $0.05 to $0.1
8f6c38b: folds
524b6e66: calls $0.1
b9ab62a: folds
248e34c7: folds
*** FLOP *** [6d Th Tc]
Hero: checks
524b6e66: bets $0.14
Hero: folds
Uncalled bet ($0.14) returned to 524b6e66
*** SHOWDOWN ***
524b6e66 collected $0.26 from pot
*** SUMMARY ***
Total pot $0.27 | Rake $0.01 | Jackpot $0 | Bingo $0 | Fortune $0 | Tax $0
Board [6d Th Tc]
Seat 1: 3d21a81a folded before Flop (didn't bet)
Seat 2: Hero folded on the Flop
Seat 3: 8f6c38b folded before Flop (didn't bet)
Seat 4: 524b6e66 (button) won ($0.26)
Seat 5: b9ab62a (small blind) folded before Flop
Seat 6: 248e34c7 (big blind) folded before Flop


Poker Hand #HD1713617719: Hold'em No Limit ($0.02/$0.05) - 2024/04/03 12:01:39
Table 'NLHBlue8' 6-max Seat #3 is the button
Seat 1: 3d21a81a ($7.17 in chips)
Seat 2: Hero ($5 in chips)
Seat 3: 8f6c38b ($7.03 in chips)
Seat 4: 524b6e66 ($4.59 in chips)
Seat 5: b9ab62a ($7.24 in chips)
Seat 6: 248e34c7 ($5 in chips)
524b6e66: posts small blind $0.02
b9ab62a: posts big blind $0.05
*** HOLE CARDS ***
Dealt to 3d21a81a 
Dealt to Hero [Td Ks]
Dealt to 8f6c38b 
Dealt to 524b6e66 
Dealt to b9ab62a 
Dealt to 248e34c7 
248e34c7: folds
3d21a81a: folds
Hero: raises $0.08 to $0.13
8f6c38b: folds
524b6e66: folds
b9ab62a: calls $0.08
*** FLOP *** [7d 9d 8h]
b9ab62a: checks
Hero: bets $0.15
b9ab62a: folds
Uncalled bet ($0.15) returned to Hero
*** SHOWDOWN ***
Hero collected $0.27 from pot
*** SUMMARY ***
Total pot $0.28 | Rake $0.01 | Jackpot $0 | Bingo $0 | Fortune $0 | Tax $0
Board [7d 9d 8h]
Seat 1: 3d21a81a folded before Flop (didn't bet)
Seat 2: Hero won ($0.27)
Seat 3: 8f6c38b (button) folded before Flop (didn't bet)
Seat 4: 524b6e66 (small blind) folded before Flop
Seat 5: b9ab62a (big blind) folded on the Flop
Seat 6: 248e34c7 folded before Flop (didn't bet)


Poker Hand #HD1713617687: Hold'em No Limit ($0.02/$0.05) - 2024/04/03 12:01:21
Table 'NLHBlue8' 6-max Seat #2 is the button
Seat 1: 3d21a81a ($7.17 in chips)
Seat 2: Hero ($5 in chips)
Seat 3: 8f6c38b ($6.98 in chips)
Seat 4: 524b6e66 ($4.64 in chips)
Seat 5: b9ab62a ($7.24 in chips)
Seat 6: 248e34c7 ($5 in chips)
8f6c38b: posts small blind $0.02
524b6e66: posts big blind $0.05
*** HOLE CARDS ***
Dealt to 3d21a81a 
Dealt to Hero [6s 5c]
Dealt to 8f6c38b 
Dealt to 524b6e66 
Dealt to b9ab62a 
Dealt to 248e34c7 
b9ab62a: folds
248e34c7: folds
3d21a81a: folds
Hero: folds
8f6c38b: raises $0.1 to $0.15
524b6e66: folds
Uncalled bet ($0.1) returned to 8f6c38b
*** SHOWDOWN ***
8f6c38b collected $0.1 from pot
*** SUMMARY ***
Total pot $0.1 | Rake $0 | Jackpot $0 | Bingo $0 | Fortune $0 | Tax $0
Seat 1: 3d21a81a folded before Flop (didn't bet)
Seat 2: Hero (button) folded before Flop (didn't bet)
Seat 3: 8f6c38b (small blind) collected ($0.1)
Seat 4: 524b6e66 (big blind) folded before Flop
Seat 5: b9ab62a folded before Flop (didn't bet)
Seat 6: 248e34c7 folded before Flop (didn't bet)


Poker Hand #HD1713617611: Hold'em No Limit ($0.02/$0.05) - 2024/04/03 12:00:31
Table 'NLHBlue8' 6-max Seat #1 is the button
Seat 1: 3d21a81a ($7.17 in chips)
Seat 2: Hero ($5 in chips)
Seat 3: 8f6c38b ($7.03 in chips)
Seat 4: 524b6e66 ($4.4 in chips)
Seat 5: b9ab62a ($7.24 in chips)
Seat 6: 248e34c7 ($5.01 in chips)
Hero: posts small blind $0.02
8f6c38b: posts big blind $0.05
*** HOLE CARDS ***
Dealt to 3d21a81a 
Dealt to Hero [Qs Td]
Dealt to 8f6c38b 
Dealt to 524b6e66 
Dealt to b9ab62a 
Dealt to 248e34c7 
524b6e66: raises $0.05 to $0.1
b9ab62a: folds
248e34c7: calls $0.1
3d21a81a: folds
Hero: folds
8f6c38b: folds
*** FLOP *** [4h 5s 8s]
524b6e66: bets $0.09
248e34c7: calls $0.09
*** TURN *** [4h 5s 8s] [Jd]
524b6e66: bets $0.34
248e34c7: folds
Uncalled bet ($0.34) returned to 524b6e66
*** SHOWDOWN ***
524b6e66 collected $0.43 from pot
*** SUMMARY ***
Total pot $0.45 | Rake $0.02 | Jackpot $0 | Bingo $0 | Fortune $0 | Tax $0
Board [4h 5s 8s Jd]
Seat 1: 3d21a81a (button) folded before Flop (didn't bet)
Seat 2: Hero (small blind) folded before Flop
Seat 3: 8f6c38b (big blind) folded before Flop
Seat 4: 524b6e66 won ($0.43)
Seat 5: b9ab62a folded before Flop (didn't bet)
Seat 6: 248e34c7 folded on the Turn


Poker Hand #HD1713617555: Hold'em No Limit ($0.02/$0.05) - 2024/04/03 11:59:55
Table 'NLHBlue8' 6-max Seat #6 is the button
Seat 1: 3d21a81a ($7.19 in chips)
Seat 2: Hero ($5 in chips)
Seat 3: 8f6c38b ($7.03 in chips)
Seat 4: 524b6e66 ($4.4 in chips)
Seat 5: b9ab62a ($6.79 in chips)
Seat 6: 248e34c7 ($5.35 in chips)
3d21a81a: posts small blind $0.02
Hero: posts big blind $0.05
*** HOLE CARDS ***
Dealt to 3d21a81a 
Dealt to Hero [Ah 8h]
Dealt to 8f6c38b 
Dealt to 524b6e66 
Dealt to b9ab62a 
Dealt to 248e34c7 
8f6c38b: folds
524b6e66: folds
b9ab62a: raises $0.08 to $0.13
248e34c7: calls $0.13
3d21a81a: folds
Hero: calls $0.08
*** FLOP *** [Td 7d 2s]
Hero: checks
b9ab62a: bets $0.21
248e34c7: calls $0.21
Hero: folds
*** TURN *** [Td 7d 2s] [5h]
b9ab62a: bets $0.83
248e34c7: folds
Uncalled bet ($0.83) returned to b9ab62a
*** SHOWDOWN ***
b9ab62a collected $0.79 from pot
*** SUMMARY ***
Total pot $0.83 | Rake $0.04 | Jackpot $0 | Bingo $0 | Fortune $0 | Tax $0
Board [Td 7d 2s 5h]
Seat 1: 3d21a81a (small blind) folded before Flop
Seat 2: Hero (big blind) folded on the Flop
Seat 3: 8f6c38b folded before Flop (didn't bet)
Seat 4: 524b6e66 folded before Flop (didn't bet)
Seat 5: b9ab62a won ($0.79)
Seat 6: 248e34c7 (button) folded on the Turn


Poker Hand #HD1713617454: Hold'em No Limit ($0.02/$0.05) - 2024/04/03 11:59:01
Table 'NLHBlue8' 6-max Seat #5 is the button
Seat 1: 3d21a81a ($7.24 in chips)
Seat 2: Hero ($5 in chips)
Seat 3: 8f6c38b ($6.22 in chips)
Seat 4: 524b6e66 ($4.4 in chips)
Seat 5: b9ab62a ($7.66 in chips)
Seat 6: 248e34c7 ($5.37 in chips)
248e34c7: posts small blind $0.02
3d21a81a: posts big blind $0.05
*** HOLE CARDS ***
Dealt to 3d21a81a 
Dealt to Hero [Th 6c]
Dealt to 8f6c38b 
Dealt to 524b6e66 
Dealt to b9ab62a 
Dealt to 248e34c7 
Hero: folds
8f6c38b: raises $0.08 to $0.13
524b6e66: folds
b9ab62a: calls $0.13
248e34c7: folds
3d21a81a: folds
*** FLOP *** [5d Td Qs]
8f6c38b: bets $0.19
b9ab62a: calls $0.19
*** TURN *** [5d Td Qs] [Qd]
8f6c38b: bets $0.55
b9ab62a: calls $0.55
*** RIVER *** [5d Td Qs Qd] [3h]
8f6c38b: bets $2
b9ab62a: folds
Uncalled bet ($2) returned to 8f6c38b
*** SHOWDOWN ***
8f6c38b collected $1.68 from pot
*** SUMMARY ***
Total pot $1.81 | Rake $0.08 | Jackpot $0.05 | Bingo $0 | Fortune $0 | Tax $0
Board [5d Td Qs Qd 3h]
Seat 1: 3d21a81a (big blind) folded before Flop
Seat 2: Hero folded before Flop (didn't bet)
Seat 3: 8f6c38b won ($1.68)
Seat 4: 524b6e66 folded before Flop (didn't bet)
Seat 5: b9ab62a (button) folded on the River
Seat 6: 248e34c7 (small blind) folded before Flop


Poker Hand #HD1713617352: Hold'em No Limit ($0.02/$0.05) - 2024/04/03 11:58:06
Table 'NLHBlue8' 6-max Seat #4 is the button
Seat 1: 3d21a81a ($7.24 in chips)
Seat 2: Hero ($5 in chips)
Seat 3: 8f6c38b ($6.22 in chips)
Seat 4: 524b6e66 ($4.6 in chips)
Seat 5: b9ab62a ($7.86 in chips)
Seat 6: 248e34c7 ($5 in chips)
b9ab62a: posts small blind $0.02
248e34c7: posts big blind $0.05
*** HOLE CARDS ***
Dealt to 3d21a81a 
Dealt to Hero [4c 7d]
Dealt to 8f6c38b 
Dealt to 524b6e66 
Dealt to b9ab62a 
Dealt to 248e34c7 
3d21a81a: folds
Hero: folds
8f6c38b: folds
524b6e66: raises $0.05 to $0.1
b9ab62a: calls $0.08
248e34c7: calls $0.05
*** FLOP *** [Jh 2h Ad]
b9ab62a: checks
248e34c7: checks
524b6e66: bets $0.1
b9ab62a: calls $0.1
248e34c7: calls $0.1
*** TURN *** [Jh 2h Ad] [Js]
b9ab62a: checks
248e34c7: checks
524b6e66: checks
*** RIVER *** [Jh 2h Ad Js] [As]
b9ab62a: checks
248e34c7: bets $0.32
524b6e66: folds
b9ab62a: folds
Uncalled bet ($0.32) returned to 248e34c7
*** SHOWDOWN ***
248e34c7 collected $0.57 from pot
*** SUMMARY ***
Total pot $0.6 | Rake $0.03 | Jackpot $0 | Bingo $0 | Fortune $0 | Tax $0
Board [Jh 2h Ad Js As]
Seat 1: 3d21a81a folded before Flop (didn't bet)
Seat 2: Hero folded before Flop (didn't bet)
Seat 3: 8f6c38b folded before Flop (didn't bet)
Seat 4: 524b6e66 (button) folded on the River
Seat 5: b9ab62a (small blind) folded on the River
Seat 6: 248e34c7 (big blind) won ($0.57)


Poker Hand #HD1713617277: Hold'em No Limit ($0.02/$0.05) - 2024/04/03 11:57:24
Table 'NLHBlue8' 6-max Seat #3 is the button
Seat 1: 3d21a81a ($7.24 in chips)
Seat 2: Hero ($5.36 in chips)
Seat 3: 8f6c38b ($6.22 in chips)
Seat 4: 524b6e66 ($4.62 in chips)
Seat 5: b9ab62a ($7.47 in chips)
524b6e66: posts small blind $0.02
b9ab62a: posts big blind $0.05
*** HOLE CARDS ***
Dealt to 3d21a81a 
Dealt to Hero [Kh Qd]
Dealt to 8f6c38b 
Dealt to 524b6e66 
Dealt to b9ab62a 
3d21a81a: folds
Hero: raises $0.08 to $0.13
8f6c38b: folds
524b6e66: folds
b9ab62a: raises $0.28 to $0.41
Hero: calls $0.28
*** FLOP *** [Tc 5h 7d]
b9ab62a: bets $0.28
Hero: folds
Uncalled bet ($0.28) returned to b9ab62a
*** SHOWDOWN ***
b9ab62a collected $0.8 from pot
*** SUMMARY ***
Total pot $0.84 | Rake $0.04 | Jackpot $0 | Bingo $0 | Fortune $0 | Tax $0
Board [Tc 5h 7d]
Seat 1: 3d21a81a folded before Flop (didn't bet)
Seat 2: Hero folded on the Flop
Seat 3: 8f6c38b (button) folded before Flop (didn't bet)
Seat 4: 524b6e66 (small blind) folded before Flop
Seat 5: b9ab62a (big blind) won ($0.8)


Poker Hand #HD1713617110: Hold'em No Limit ($0.02/$0.05) - 2024/04/03 11:55:56
Table 'NLHBlue8' 6-max Seat #2 is the button
Seat 1: 3d21a81a ($5.98 in chips)
Seat 2: Hero ($5.36 in chips)
Seat 3: 8f6c38b ($6.24 in chips)
Seat 4: 524b6e66 ($5.78 in chips)
Seat 5: b9ab62a ($7.72 in chips)
Seat 6: cb92fe85 ($5.44 in chips)
8f6c38b: posts small blind $0.02
524b6e66: posts big blind $0.05
*** HOLE CARDS ***
Dealt to 3d21a81a 
Dealt to Hero [3c 5d]
Dealt to 8f6c38b 
Dealt to 524b6e66 
Dealt to b9ab62a 
Dealt to cb92fe85 
b9ab62a: raises $0.05 to $0.1
cb92fe85: folds
3d21a81a: calls $0.1
Hero: folds
8f6c38b: folds
524b6e66: raises $0.15 to $0.25
b9ab62a: calls $0.15
3d21a81a: calls $0.15
*** FLOP *** [Ac 2c 6h]
524b6e66: bets $0.26
b9ab62a: folds
3d21a81a: calls $0.26
*** TURN *** [Ac 2c 6h] [5c]
524b6e66: bets $0.65
3d21a81a: raises $0.85 to $1.5
524b6e66: folds
Uncalled bet ($0.85) returned to 3d21a81a
*** SHOWDOWN ***
3d21a81a collected $2.42 from pot
*** SUMMARY ***
Total pot $2.59 | Rake $0.12 | Jackpot $0.05 | Bingo $0 | Fortune $0 | Tax $0
Board [Ac 2c 6h 5c]
Seat 1: 3d21a81a won ($2.42)
Seat 2: Hero (button) folded before Flop (didn't bet)
Seat 3: 8f6c38b (small blind) folded before Flop
Seat 4: 524b6e66 (big blind) folded on the Turn
Seat 5: b9ab62a folded on the Flop
Seat 6: cb92fe85 folded before Flop (didn't bet)


Poker Hand #HD1713617072: Hold'em No Limit ($0.02/$0.05) - 2024/04/03 11:55:33
Table 'NLHBlue8' 6-max Seat #1 is the button
Seat 1: 3d21a81a ($5.98 in chips)
Seat 2: Hero ($5.38 in chips)
Seat 3: 8f6c38b ($6.22 in chips)
Seat 4: 524b6e66 ($5.78 in chips)
Seat 5: b9ab62a ($7.72 in chips)
Seat 6: cb92fe85 ($5.44 in chips)
Hero: posts small blind $0.02
8f6c38b: posts big blind $0.05
*** HOLE CARDS ***
Dealt to 3d21a81a 
Dealt to Hero [2h 7s]
Dealt to 8f6c38b 
Dealt to 524b6e66 
Dealt to b9ab62a 
Dealt to cb92fe85 
524b6e66: folds
b9ab62a: folds
cb92fe85: folds
3d21a81a: folds
Hero: folds
Uncalled bet ($0.03) returned to 8f6c38b
*** SHOWDOWN ***
8f6c38b collected $0.04 from pot
*** SUMMARY ***
Total pot $0.04 | Rake $0 | Jackpot $0 | Bingo $0 | Fortune $0 | Tax $0
Seat 1: 3d21a81a (button) folded before Flop (didn't bet)
Seat 2: Hero (small blind) folded before Flop
Seat 3: 8f6c38b (big blind) collected ($0.04)
Seat 4: 524b6e66 folded before Flop (didn't bet)
Seat 5: b9ab62a folded before Flop (didn't bet)
Seat 6: cb92fe85 folded before Flop (didn't bet)


Poker Hand #HD1713617026: Hold'em No Limit ($0.02/$0.05) - 2024/04/03 11:55:08
Table 'NLHBlue8' 6-max Seat #6 is the button
Seat 1: 3d21a81a ($6 in chips)
Seat 2: Hero ($5.43 in chips)
Seat 3: 8f6c38b ($6.22 in chips)
Seat 4: 524b6e66 ($5.78 in chips)
Seat 5: b9ab62a ($7.65 in chips)
Seat 6: cb92fe85 ($5.44 in chips)
3d21a81a: posts small blind $0.02
Hero: posts big blind $0.05
*** HOLE CARDS ***
Dealt to 3d21a81a 
Dealt to Hero [6h 3s]
Dealt to 8f6c38b 
Dealt to 524b6e66 
Dealt to b9ab62a 
Dealt to cb92fe85 
8f6c38b: folds
524b6e66: folds
b9ab62a: raises $0.08 to $0.13
cb92fe85: folds
3d21a81a: folds
Hero: folds
Uncalled bet ($0.08) returned to b9ab62a
*** SHOWDOWN ***
b9ab62a collected $0.12 from pot
*** SUMMARY ***
Total pot $0.12 | Rake $0 | Jackpot $0 | Bingo $0 | Fortune $0 | Tax $0
Seat 1: 3d21a81a (small blind) folded before Flop
Seat 2: Hero (big blind) folded before Flop
Seat 3: 8f6c38b folded before Flop (didn't bet)
Seat 4: 524b6e66 folded before Flop (didn't bet)
Seat 5: b9ab62a collected ($0.12)
Seat 6: cb92fe85 (button) folded before Flop (didn't bet)


Poker Hand #HD1713616959: Hold'em No Limit ($0.02/$0.05) - 2024/04/03 11:54:30
Table 'NLHBlue8' 6-max Seat #5 is the button
Seat 1: 3d21a81a ($6.05 in chips)
Seat 2: Hero ($5.43 in chips)
Seat 3: 8f6c38b ($6.22 in chips)
Seat 4: 524b6e66 ($5.78 in chips)
Seat 5: b9ab62a ($7.78 in chips)
Seat 6: cb92fe85 ($5.27 in chips)
cb92fe85: posts small blind $0.02
3d21a81a: posts big blind $0.05
*** HOLE CARDS ***
Dealt to 3d21a81a 
Dealt to Hero [Jd 9h]
Dealt to 8f6c38b 
Dealt to 524b6e66 
Dealt to b9ab62a 
Dealt to cb92fe85 
Hero: folds
8f6c38b: folds
524b6e66: folds
b9ab62a: raises $0.08 to $0.13
cb92fe85: raises $0.36 to $0.49
3d21a81a: folds
b9ab62a: folds
Uncalled bet ($0.36) returned to cb92fe85
*** SHOWDOWN ***
cb92fe85 collected $0.3 from pot
*** SUMMARY ***
Total pot $0.31 | Rake $0.01 | Jackpot $0 | Bingo $0 | Fortune $0 | Tax $0
Seat 1: 3d21a81a (big blind) folded before Flop
Seat 2: Hero folded before Flop (didn't bet)
Seat 3: 8f6c38b folded before Flop (didn't bet)
Seat 4: 524b6e66 folded before Flop (didn't bet)
Seat 5: b9ab62a (button) folded before Flop
Seat 6: cb92fe85 (small blind) collected ($0.3)


Poker Hand #HD1713616895: Hold'em No Limit ($0.02/$0.05) - 2024/04/03 11:53:53
Table 'NLHBlue8' 6-max Seat #4 is the button
Seat 1: 3d21a81a ($6.05 in chips)
Seat 2: Hero ($5.43 in chips)
Seat 3: 8f6c38b ($6.22 in chips)
Seat 4: 524b6e66 ($5.12 in chips)
Seat 5: b9ab62a ($8.51 in chips)
Seat 6: cb92fe85 ($5.32 in chips)
b9ab62a: posts small blind $0.02
cb92fe85: posts big blind $0.05
*** HOLE CARDS ***
Dealt to 3d21a81a 
Dealt to Hero [9c 4h]
Dealt to 8f6c38b 
Dealt to 524b6e66 
Dealt to b9ab62a 
Dealt to cb92fe85 
3d21a81a: folds
Hero: folds
8f6c38b: folds
524b6e66: raises $0.05 to $0.1
b9ab62a: raises $0.25 to $0.35
cb92fe85: folds
524b6e66: calls $0.25
*** FLOP *** [Jc 8c 3c]
b9ab62a: bets $0.38
524b6e66: calls $0.38
*** TURN *** [Jc 8c 3c] [9s]
b9ab62a: checks
524b6e66: bets $0.76
b9ab62a: folds
Uncalled bet ($0.76) returned to 524b6e66
*** SHOWDOWN ***
524b6e66 collected $1.39 from pot
*** SUMMARY ***
Total pot $1.51 | Rake $0.07 | Jackpot $0.05 | Bingo $0 | Fortune $0 | Tax $0
Board [Jc 8c 3c 9s]
Seat 1: 3d21a81a folded before Flop (didn't bet)
Seat 2: Hero folded before Flop (didn't bet)
Seat 3: 8f6c38b folded before Flop (didn't bet)
Seat 4: 524b6e66 (button) won ($1.39)
Seat 5: b9ab62a (small blind) folded on the Turn
Seat 6: cb92fe85 (big blind) folded before Flop


Poker Hand #HD1713616863: Hold'em No Limit ($0.02/$0.05) - 2024/04/03 11:53:35
Table 'NLHBlue8' 6-max Seat #3 is the button
Seat 1: 3d21a81a ($6.05 in chips)
Seat 2: Hero ($5.43 in chips)
Seat 3: 8f6c38b ($6.15 in chips)
Seat 4: 524b6e66 ($5.14 in chips)
Seat 5: b9ab62a ($8.56 in chips)
Seat 6: cb92fe85 ($5.32 in chips)
524b6e66: posts small blind $0.02
b9ab62a: posts big blind $0.05
*** HOLE CARDS ***
Dealt to 3d21a81a 
Dealt to Hero [Js 5d]
Dealt to 8f6c38b 
Dealt to 524b6e66 
Dealt to b9ab62a 
Dealt to cb92fe85 
cb92fe85: folds
3d21a81a: folds
Hero: folds
8f6c38b: raises $0.1 to $0.15
524b6e66: folds
b9ab62a: folds
Uncalled bet ($0.1) returned to 8f6c38b
*** SHOWDOWN ***
8f6c38b collected $0.12 from pot
*** SUMMARY ***
Total pot $0.12 | Rake $0 | Jackpot $0 | Bingo $0 | Fortune $0 | Tax $0
Seat 1: 3d21a81a folded before Flop (didn't bet)
Seat 2: Hero folded before Flop (didn't bet)
Seat 3: 8f6c38b (button) collected ($0.12)
Seat 4: 524b6e66 (small blind) folded before Flop
Seat 5: b9ab62a (big blind) folded before Flop
Seat 6: cb92fe85 folded before Flop (didn't bet)


Poker Hand #HD1713616777: Hold'em No Limit ($0.02/$0.05) - 2024/04/03 11:52:48
Table 'NLHBlue8' 6-max Seat #2 is the button
Seat 1: 3d21a81a ($6.05 in chips)
Seat 2: Hero ($5.56 in chips)
Seat 3: 8f6c38b ($6.17 in chips)
Seat 4: 524b6e66 ($5 in chips)
Seat 5: b9ab62a ($8.56 in chips)
Seat 6: cb92fe85 ($5.32 in chips)
8f6c38b: posts small blind $0.02
524b6e66: posts big blind $0.05
*** HOLE CARDS ***
Dealt to 3d21a81a 
Dealt to Hero [Qd 9c]
Dealt to 8f6c38b 
Dealt to 524b6e66 
Dealt to b9ab62a 
Dealt to cb92fe85 
b9ab62a: folds
cb92fe85: folds
3d21a81a: folds
Hero: raises $0.08 to $0.13
8f6c38b: folds
524b6e66: calls $0.08
*** FLOP *** [6d 5h Ts]
524b6e66: bets $0.1
Hero: folds
Uncalled bet ($0.1) returned to 524b6e66
*** SHOWDOWN ***
524b6e66 collected $0.27 from pot
*** SUMMARY ***
Total pot $0.28 | Rake $0.01 | Jackpot $0 | Bingo $0 | Fortune $0 | Tax $0
Board [6d 5h Ts]
Seat 1: 3d21a81a folded before Flop (didn't bet)
Seat 2: Hero (button) folded on the Flop
Seat 3: 8f6c38b (small blind) folded before Flop
Seat 4: 524b6e66 (big blind) won ($0.27)
Seat 5: b9ab62a folded before Flop (didn't bet)
Seat 6: cb92fe85 folded before Flop (didn't bet)


Poker Hand #HD1713616693: Hold'em No Limit ($0.02/$0.05) - 2024/04/03 11:51:58
Table 'NLHBlue8' 6-max Seat #1 is the button
Seat 1: 3d21a81a ($6.05 in chips)
Seat 2: Hero ($5.02 in chips)
Seat 3: 8f6c38b ($6.77 in chips)
Seat 4: ab635c4 ($3.18 in chips)
Seat 5: b9ab62a ($8.56 in chips)
Seat 6: cb92fe85 ($5.32 in chips)
Hero: posts small blind $0.02
8f6c38b: posts big blind $0.05
*** HOLE CARDS ***
Dealt to 3d21a81a 
Dealt to Hero [Td Jh]
Dealt to 8f6c38b 
Dealt to ab635c4 
Dealt to b9ab62a 
Dealt to cb92fe85 
ab635c4: folds
b9ab62a: folds
cb92fe85: folds
3d21a81a: folds
Hero: raises $0.1 to $0.15
8f6c38b: calls $0.1
*** FLOP *** [Qd 6s 9h]
Hero: checks
8f6c38b: checks
*** TURN *** [Qd 6s 9h] [Ks]
Hero: bets $0.1
8f6c38b: calls $0.1
*** RIVER *** [Qd 6s 9h Ks] [7c]
Hero: bets $0.35
8f6c38b: calls $0.35
Hero: shows [Td Jh] (Kings-High Straight)
8f6c38b: shows [Kh 3h] (Pair of Kings)
*** SHOWDOWN ***
Hero collected $1.14 from pot
*** SUMMARY ***
Total pot $1.2 | Rake $0.06 | Jackpot $0 | Bingo $0 | Fortune $0 | Tax $0
Board [Qd 6s 9h Ks 7c]
Seat 1: 3d21a81a (button) folded before Flop (didn't bet)
Seat 2: Hero (small blind) showed [Td Jh] and won ($1.14) with Kings-High Straight
Seat 3: 8f6c38b (big blind) showed [Kh 3h] and lost with Pair of Kings
Seat 4: ab635c4 folded before Flop (didn't bet)
Seat 5: b9ab62a folded before Flop (didn't bet)
Seat 6: cb92fe85 folded before Flop (didn't bet)


Poker Hand #HD1713616678: Hold'em No Limit ($0.02/$0.05) - 2024/04/03 11:51:48
Table 'NLHBlue8' 6-max Seat #6 is the button
Seat 1: 3d21a81a ($6.07 in chips)
Seat 2: Hero ($5 in chips)
Seat 3: 8f6c38b ($6.77 in chips)
Seat 4: ab635c4 ($3.18 in chips)
Seat 5: b9ab62a ($8.56 in chips)
Seat 6: cb92fe85 ($5.32 in chips)
3d21a81a: posts small blind $0.02
Hero: posts big blind $0.05
*** HOLE CARDS ***
Dealt to 3d21a81a 
Dealt to Hero [Ad Kd]
Dealt to 8f6c38b 
Dealt to ab635c4 
Dealt to b9ab62a 
Dealt to cb92fe85 
8f6c38b: folds
ab635c4: folds
b9ab62a: folds
cb92fe85: folds
3d21a81a: folds
Uncalled bet ($0.03) returned to Hero
*** SHOWDOWN ***
Hero collected $0.04 from pot
*** SUMMARY ***
Total pot $0.04 | Rake $0 | Jackpot $0 | Bingo $0 | Fortune $0 | Tax $0
Seat 1: 3d21a81a (small blind) folded before Flop
Seat 2: Hero (big blind) collected ($0.04)
Seat 3: 8f6c38b folded before Flop (didn't bet)
Seat 4: ab635c4 folded before Flop (didn't bet)
Seat 5: b9ab62a folded before Flop (didn't bet)
Seat 6: cb92fe85 (button) folded before Flop (didn't bet)


Poker Hand #HD1713616596: Hold'em No Limit ($0.02/$0.05) - 2024/04/03 11:51:01
Table 'NLHBlue8' 6-max Seat #5 is the button
Seat 1: 3d21a81a ($5.93 in chips)
Seat 2: Hero ($5 in chips)
Seat 3: 8f6c38b ($6.77 in chips)
Seat 4: ab635c4 ($3.18 in chips)
Seat 5: b9ab62a ($8.69 in chips)
Seat 6: cb92fe85 ($5.34 in chips)
cb92fe85: posts small blind $0.02
3d21a81a: posts big blind $0.05
*** HOLE CARDS ***
Dealt to 3d21a81a 
Dealt to Hero [8s 5d]
Dealt to 8f6c38b 
Dealt to ab635c4 
Dealt to b9ab62a 
Dealt to cb92fe85 
Hero: folds
8f6c38b: folds
ab635c4: folds
b9ab62a: raises $0.08 to $0.13
cb92fe85: folds
3d21a81a: calls $0.08
*** FLOP *** [6s Qc 7d]
3d21a81a: checks
b9ab62a: checks
*** TURN *** [6s Qc 7d] [9h]
3d21a81a: checks
b9ab62a: checks
*** RIVER *** [6s Qc 7d 9h] [3d]
3d21a81a: checks
b9ab62a: checks
3d21a81a: shows [Ah 7s] (Pair of Sevens)
b9ab62a: shows [5s As] (Ace-High)
*** SHOWDOWN ***
3d21a81a collected $0.27 from pot
*** SUMMARY ***
Total pot $0.28 | Rake $0.01 | Jackpot $0 | Bingo $0 | Fortune $0 | Tax $0
Board [6s Qc 7d 9h 3d]
Seat 1: 3d21a81a (big blind) showed [Ah 7s] and won ($0.27) with Pair of Sevens
Seat 2: Hero folded before Flop (didn't bet)
Seat 3: 8f6c38b folded before Flop (didn't bet)
Seat 4: ab635c4 folded before Flop (didn't bet)
Seat 5: b9ab62a (button) showed [5s As] and lost with Ace-High
Seat 6: cb92fe85 (small blind) folded before Flop


Poker Hand #HD1713616546: Hold'em No Limit ($0.02/$0.05) - 2024/04/03 11:50:33
Table 'NLHBlue8' 6-max Seat #4 is the button
Seat 1: 3d21a81a ($5.93 in chips)
Seat 2: Hero ($5 in chips)
Seat 3: 8f6c38b ($6.77 in chips)
Seat 4: ab635c4 ($3.18 in chips)
Seat 5: b9ab62a ($8.57 in chips)
Seat 6: cb92fe85 ($5.47 in chips)
b9ab62a: posts small blind $0.02
cb92fe85: posts big blind $0.05
*** HOLE CARDS ***
Dealt to 3d21a81a 
Dealt to Hero [6s 2h]
Dealt to 8f6c38b 
Dealt to ab635c4 
Dealt to b9ab62a 
Dealt to cb92fe85 
3d21a81a: folds
Hero: folds
8f6c38b: folds
ab635c4: folds
b9ab62a: raises $0.08 to $0.13
cb92fe85: calls $0.08
*** FLOP *** [Qd 9c 9h]
b9ab62a: bets $0.13
cb92fe85: folds
Uncalled bet ($0.13) returned to b9ab62a
*** SHOWDOWN ***
b9ab62a collected $0.25 from pot
*** SUMMARY ***
Total pot $0.26 | Rake $0.01 | Jackpot $0 | Bingo $0 | Fortune $0 | Tax $0
Board [Qd 9c 9h]
Seat 1: 3d21a81a folded before Flop (didn't bet)
Seat 2: Hero folded before Flop (didn't bet)
Seat 3: 8f6c38b folded before Flop (didn't bet)
Seat 4: ab635c4 (button) folded before Flop (didn't bet)
Seat 5: b9ab62a (small blind) won ($0.25)
Seat 6: cb92fe85 (big blind) folded on the Flop


Poker Hand #HD1713616510: Hold'em No Limit ($0.02/$0.05) - 2024/04/03 11:50:12
Table 'NLHBlue8' 6-max Seat #3 is the button
Seat 1: 3d21a81a ($5.93 in chips)
Seat 2: Hero ($5 in chips)
Seat 3: 8f6c38b ($6.77 in chips)
Seat 4: ab635c4 ($3.2 in chips)
Seat 5: b9ab62a ($8.55 in chips)
Seat 6: cb92fe85 ($5.47 in chips)
ab635c4: posts small blind $0.02
b9ab62a: posts big blind $0.05
*** HOLE CARDS ***
Dealt to 3d21a81a 
Dealt to Hero [Th 8s]
Dealt to 8f6c38b 
Dealt to ab635c4 
Dealt to b9ab62a 
Dealt to cb92fe85 
cb92fe85: folds
3d21a81a: folds
Hero: folds
8f6c38b: folds
ab635c4: folds
Uncalled bet ($0.03) returned to b9ab62a
*** SHOWDOWN ***
b9ab62a collected $0.04 from pot
*** SUMMARY ***
Total pot $0.04 | Rake $0 | Jackpot $0 | Bingo $0 | Fortune $0 | Tax $0
Seat 1: 3d21a81a folded before Flop (didn't bet)
Seat 2: Hero folded before Flop (didn't bet)
Seat 3: 8f6c38b (button) folded before Flop (didn't bet)
Seat 4: ab635c4 (small blind) folded before Flop
Seat 5: b9ab62a (big blind) collected ($0.04)
Seat 6: cb92fe85 folded before Flop (didn't bet)


Poker Hand #HD1713616469: Hold'em No Limit ($0.02/$0.05) - 2024/04/03 11:49:47
Table 'NLHBlue8' 6-max Seat #2 is the button
Seat 1: 3d21a81a ($5.93 in chips)
Seat 2: Hero ($5 in chips)
Seat 3: 8f6c38b ($6.79 in chips)
Seat 4: ab635c4 ($3.06 in chips)
Seat 6: cb92fe85 ($5.47 in chips)
8f6c38b: posts small blind $0.02
ab635c4: posts big blind $0.05
*** HOLE CARDS ***
Dealt to 3d21a81a 
Dealt to Hero [5c As]
Dealt to 8f6c38b 
Dealt to ab635c4 
Dealt to cb92fe85 
cb92fe85: folds
3d21a81a: folds
Hero: raises $0.08 to $0.13
8f6c38b: folds
ab635c4: calls $0.08
*** FLOP *** [6s Kh 3s]
ab635c4: checks
Hero: checks
*** TURN *** [6s Kh 3s] [3h]
ab635c4: bets $0.14
Hero: folds
Uncalled bet ($0.14) returned to ab635c4
*** SHOWDOWN ***
ab635c4 collected $0.27 from pot
*** SUMMARY ***
Total pot $0.28 | Rake $0.01 | Jackpot $0 | Bingo $0 | Fortune $0 | Tax $0
Board [6s Kh 3s 3h]
Seat 1: 3d21a81a folded before Flop (didn't bet)
Seat 2: Hero (button) folded on the Turn
Seat 3: 8f6c38b (small blind) folded before Flop
Seat 4: ab635c4 (big blind) won ($0.27)
Seat 6: cb92fe85 folded before Flop (didn't bet)


Poker Hand #HD1713616446: Hold'em No Limit ($0.02/$0.05) - 2024/04/03 11:49:30
Table 'NLHBlue8' 6-max Seat #1 is the button
Seat 1: 3d21a81a ($5.86 in chips)
Seat 2: Hero ($5 in chips)
Seat 3: 8f6c38b ($6.84 in chips)
Seat 4: ab635c4 ($3.06 in chips)
Seat 6: cb92fe85 ($5.47 in chips)
Hero: posts small blind $0.02
8f6c38b: posts big blind $0.05
*** HOLE CARDS ***
Dealt to 3d21a81a 
Dealt to Hero [8c 7c]
Dealt to 8f6c38b 
Dealt to ab635c4 
Dealt to cb92fe85 
ab635c4: folds
cb92fe85: folds
3d21a81a: raises $0.06 to $0.11
Hero: folds
8f6c38b: folds
Uncalled bet ($0.06) returned to 3d21a81a
*** SHOWDOWN ***
3d21a81a collected $0.12 from pot
*** SUMMARY ***
Total pot $0.12 | Rake $0 | Jackpot $0 | Bingo $0 | Fortune $0 | Tax $0
Seat 1: 3d21a81a (button) collected ($0.12)
Seat 2: Hero (small blind) folded before Flop
Seat 3: 8f6c38b (big blind) folded before Flop
Seat 4: ab635c4 folded before Flop (didn't bet)
Seat 6: cb92fe85 folded before Flop (didn't bet)


Poker Hand #HD1713616396: Hold'em No Limit ($0.02/$0.05) - 2024/04/03 11:49:03
Table 'NLHBlue8' 6-max Seat #6 is the button
Seat 1: 3d21a81a ($5.88 in chips)
Seat 2: Hero ($5 in chips)
Seat 3: 8f6c38b ($6.84 in chips)
Seat 4: ab635c4 ($2.99 in chips)
Seat 5: b9ab62a ($8.55 in chips)
Seat 6: cb92fe85 ($5.47 in chips)
3d21a81a: posts small blind $0.02
Hero: posts big blind $0.05
*** HOLE CARDS ***
Dealt to 3d21a81a 
Dealt to Hero [6h 3h]
Dealt to 8f6c38b 
Dealt to ab635c4 
Dealt to b9ab62a 
Dealt to cb92fe85 
8f6c38b: folds
ab635c4: raises $0.05 to $0.1
b9ab62a: folds
cb92fe85: folds
3d21a81a: folds
Hero: folds
Uncalled bet ($0.05) returned to ab635c4
*** SHOWDOWN ***
ab635c4 collected $0.12 from pot
*** SUMMARY ***
Total pot $0.12 | Rake $0 | Jackpot $0 | Bingo $0 | Fortune $0 | Tax $0
Seat 1: 3d21a81a (small blind) folded before Flop
Seat 2: Hero (big blind) folded before Flop
Seat 3: 8f6c38b folded before Flop (didn't bet)
Seat 4: ab635c4 collected ($0.12)
Seat 5: b9ab62a folded before Flop (didn't bet)
Seat 6: cb92fe85 (button) folded before Flop (didn't bet)


Poker Hand #HD1713616348: Hold'em No Limit ($0.02/$0.05) - 2024/04/03 11:48:34
Table 'NLHBlue8' 6-max Seat #5 is the button
Seat 1: 3d21a81a ($5.93 in chips)
Seat 2: Hero ($5 in chips)
Seat 3: 8f6c38b ($6.97 in chips)
Seat 4: ab635c4 ($2.99 in chips)
Seat 5: b9ab62a ($8.36 in chips)
Seat 6: cb92fe85 ($5.49 in chips)
cb92fe85: posts small blind $0.02
3d21a81a: posts big blind $0.05
*** HOLE CARDS ***
Dealt to 3d21a81a 
Dealt to Hero [7c 9d]
Dealt to 8f6c38b 
Dealt to ab635c4 
Dealt to b9ab62a 
Dealt to cb92fe85 
Hero: folds
8f6c38b: raises $0.08 to $0.13
ab635c4: folds
b9ab62a: calls $0.13
cb92fe85: folds
3d21a81a: folds
*** FLOP *** [7s 9h Qc]
8f6c38b: checks
b9ab62a: bets $0.17
8f6c38b: folds
Uncalled bet ($0.17) returned to b9ab62a
*** SHOWDOWN ***
b9ab62a collected $0.32 from pot
*** SUMMARY ***
Total pot $0.33 | Rake $0.01 | Jackpot $0 | Bingo $0 | Fortune $0 | Tax $0
Board [7s 9h Qc]
Seat 1: 3d21a81a (big blind) folded before Flop
Seat 2: Hero folded before Flop (didn't bet)
Seat 3: 8f6c38b folded on the Flop
Seat 4: ab635c4 folded before Flop (didn't bet)
Seat 5: b9ab62a (button) won ($0.32)
Seat 6: cb92fe85 (small blind) folded before Flop


Poker Hand #HD1713616288: Hold'em No Limit ($0.02/$0.05) - 2024/04/03 11:48:01
Table 'NLHBlue8' 6-max Seat #4 is the button
Seat 1: 3d21a81a ($5.93 in chips)
Seat 2: Hero ($5 in chips)
Seat 3: 8f6c38b ($6.52 in chips)
Seat 4: ab635c4 ($2.99 in chips)
Seat 5: b9ab62a ($8.8 in chips)
Seat 6: cb92fe85 ($5.54 in chips)
b9ab62a: posts small blind $0.02
cb92fe85: posts big blind $0.05
*** HOLE CARDS ***
Dealt to 3d21a81a 
Dealt to Hero [9s 4d]
Dealt to 8f6c38b 
Dealt to ab635c4 
Dealt to b9ab62a 
Dealt to cb92fe85 
3d21a81a: folds
Hero: folds
8f6c38b: raises $0.08 to $0.13
ab635c4: folds
b9ab62a: raises $0.31 to $0.44
cb92fe85: folds
8f6c38b: raises $0.81 to $1.25
b9ab62a: folds
Uncalled bet ($0.81) returned to 8f6c38b
*** SHOWDOWN ***
8f6c38b collected $0.89 from pot
*** SUMMARY ***
Total pot $0.93 | Rake $0.04 | Jackpot $0 | Bingo $0 | Fortune $0 | Tax $0
Seat 1: 3d21a81a folded before Flop (didn't bet)
Seat 2: Hero folded before Flop (didn't bet)
Seat 3: 8f6c38b collected ($0.89)
Seat 4: ab635c4 (button) folded before Flop (didn't bet)
Seat 5: b9ab62a (small blind) folded before Flop
Seat 6: cb92fe85 (big blind) folded before Flop


Poker Hand #HD1713616264: Hold'em No Limit ($0.02/$0.05) - 2024/04/03 11:47:46
Table 'NLHBlue8' 6-max Seat #3 is the button
Seat 1: 3d21a81a ($5.93 in chips)
Seat 2: Hero ($5 in chips)
Seat 3: 8f6c38b ($6.52 in chips)
Seat 4: ab635c4 ($3.01 in chips)
Seat 5: b9ab62a ($8.85 in chips)
Seat 6: cb92fe85 ($5.47 in chips)
ab635c4: posts small blind $0.02
b9ab62a: posts big blind $0.05
*** HOLE CARDS ***
Dealt to 3d21a81a 
Dealt to Hero [2c 8d]
Dealt to 8f6c38b 
Dealt to ab635c4 
Dealt to b9ab62a 
Dealt to cb92fe85 
cb92fe85: raises $0.1 to $0.15
3d21a81a: folds
Hero: folds
8f6c38b: folds
ab635c4: folds
b9ab62a: folds
Uncalled bet ($0.1) returned to cb92fe85
*** SHOWDOWN ***
cb92fe85 collected $0.12 from pot
*** SUMMARY ***
Total pot $0.12 | Rake $0 | Jackpot $0 | Bingo $0 | Fortune $0 | Tax $0
Seat 1: 3d21a81a folded before Flop (didn't bet)
Seat 2: Hero folded before Flop (didn't bet)
Seat 3: 8f6c38b (button) folded before Flop (didn't bet)
Seat 4: ab635c4 (small blind) folded before Flop
Seat 5: b9ab62a (big blind) folded before Flop
Seat 6: cb92fe85 collected ($0.12)


Poker Hand #HD1713616164: Hold'em No Limit ($0.02/$0.05) - 2024/04/03 11:46:43
Table 'NLHBlue8' 6-max Seat #2 is the button
Seat 1: 3d21a81a ($5.93 in chips)
Seat 2: Hero ($5 in chips)
Seat 3: 8f6c38b ($6.54 in chips)
Seat 4: ab635c4 ($3.17 in chips)
Seat 5: b9ab62a ($9.02 in chips)
Seat 6: cb92fe85 ($5.47 in chips)
8f6c38b: posts small blind $0.02
ab635c4: posts big blind $0.05
*** HOLE CARDS ***
Dealt to 3d21a81a 
Dealt to Hero [Tc Jd]
Dealt to 8f6c38b 
Dealt to ab635c4 
Dealt to b9ab62a 
Dealt to cb92fe85 
b9ab62a: raises $0.06 to $0.11
cb92fe85: folds
3d21a81a: folds
Hero: folds
8f6c38b: folds
ab635c4: raises $0.34 to $0.45
b9ab62a: raises $8.57 to $9.02 and is all-in
ab635c4: calls $2.72 and is all-in
Uncalled bet ($5.85) returned to b9ab62a
b9ab62a: shows [Qs Qc]
ab635c4: shows [Ah Kh]
*** FIRST FLOP *** [6s Ts Qh]
*** FIRST TURN *** [6s Ts Qh] [9s]
*** FIRST RIVER *** [6s Ts Qh 9s] [7d]
*** SECOND FLOP *** [9c Jh 6h]
*** SECOND TURN *** [9c Jh 6h] [2h]
*** SECOND RIVER *** [9c Jh 6h 2h] [3d]
*** FIRST SHOWDOWN ***
b9ab62a collected $3 from pot
*** SECOND SHOWDOWN ***
ab635c4 collected $3.01 from pot
*** SUMMARY ***
Total pot $6.36 | Rake $0.3 | Jackpot $0.05 | Bingo $0 | Fortune $0 | Tax $0
Hand was run two times
FIRST Board [6s Ts Qh 9s 7d]
SECOND Board [9c Jh 6h 2h 3d]
Seat 1: 3d21a81a folded before Flop (didn't bet)
Seat 2: Hero (button) folded before Flop (didn't bet)
Seat 3: 8f6c38b (small blind) folded before Flop
Seat 4: ab635c4 (big blind) showed [Ah Kh] and lost with Ace-High, and won ($3.01) with Ace High Flush
Seat 5: b9ab62a showed [Qs Qc] and won ($3) with Three Queens, and lost with Pair of Queens
Seat 6: cb92fe85 folded before Flop (didn't bet)


Poker Hand #HD1713616034: Hold'em No Limit ($0.02/$0.05) - 2024/04/03 11:45:28
Table 'NLHBlue8' 6-max Seat #1 is the button
Seat 1: 3d21a81a ($5.07 in chips)
Seat 2: Hero ($5 in chips)
Seat 3: 8f6c38b ($6.59 in chips)
Seat 4: ab635c4 ($3.17 in chips)
Seat 5: b9ab62a ($9.02 in chips)
Seat 6: cb92fe85 ($5.47 in chips)
Hero: posts small blind $0.02
8f6c38b: posts big blind $0.05
*** HOLE CARDS ***
Dealt to 3d21a81a 
Dealt to Hero [Qd Td]
Dealt to 8f6c38b 
Dealt to ab635c4 
Dealt to b9ab62a 
Dealt to cb92fe85 
ab635c4: folds
b9ab62a: folds
cb92fe85: folds
3d21a81a: raises $0.1 to $0.15
Hero: raises $0.4 to $0.55
8f6c38b: folds
3d21a81a: calls $0.4
*** FLOP *** [8h Ac Ts]
Hero: bets $0.4
3d21a81a: calls $0.4
*** TURN *** [8h Ac Ts] [4d]
Hero: checks
3d21a81a: checks
*** RIVER *** [8h Ac Ts 4d] [2h]
Hero: checks
3d21a81a: bets $1.25
Hero: folds
Uncalled bet ($1.25) returned to 3d21a81a
*** SHOWDOWN ***
3d21a81a collected $1.81 from pot
*** SUMMARY ***
Total pot $1.95 | Rake $0.09 | Jackpot $0.05 | Bingo $0 | Fortune $0 | Tax $0
Board [8h Ac Ts 4d 2h]
Seat 1: 3d21a81a (button) won ($1.81)
Seat 2: Hero (small blind) folded on the River
Seat 3: 8f6c38b (big blind) folded before Flop
Seat 4: ab635c4 folded before Flop (didn't bet)
Seat 5: b9ab62a folded before Flop (didn't bet)
Seat 6: cb92fe85 folded before Flop (didn't bet)


Poker Hand #HD1713615994: Hold'em No Limit ($0.02/$0.05) - 2024/04/03 11:45:03
Table 'NLHBlue8' 6-max Seat #6 is the button
Seat 1: 3d21a81a ($5.09 in chips)
Seat 2: Hero ($5 in chips)
Seat 3: 8f6c38b ($6.52 in chips)
Seat 4: ab635c4 ($3.17 in chips)
Seat 5: b9ab62a ($9.02 in chips)
Seat 6: cb92fe85 ($5.47 in chips)
3d21a81a: posts small blind $0.02
Hero: posts big blind $0.05
*** HOLE CARDS ***
Dealt to 3d21a81a 
Dealt to Hero [5s Js]
Dealt to 8f6c38b 
Dealt to ab635c4 
Dealt to b9ab62a 
Dealt to cb92fe85 
8f6c38b: raises $0.05 to $0.1
ab635c4: folds
b9ab62a: folds
cb92fe85: folds
3d21a81a: folds
Hero: folds
Uncalled bet ($0.05) returned to 8f6c38b
*** SHOWDOWN ***
8f6c38b collected $0.12 from pot
*** SUMMARY ***
Total pot $0.12 | Rake $0 | Jackpot $0 | Bingo $0 | Fortune $0 | Tax $0
Seat 1: 3d21a81a (small blind) folded before Flop
Seat 2: Hero (big blind) folded before Flop
Seat 3: 8f6c38b collected ($0.12)
Seat 4: ab635c4 folded before Flop (didn't bet)
Seat 5: b9ab62a folded before Flop (didn't bet)
Seat 6: cb92fe85 (button) folded before Flop (didn't bet)


