Poker Hand #HD1743707790: Hold'em No Limit ($0.02/$0.05) - 2024/04/23 22:34:05
Table 'NLHBlue27' 6-max Seat #4 is the button
Seat 1: b43e8b29 ($5 in chips)
Seat 2: aa8de9c ($4.13 in chips)
Seat 3: Hero ($5.06 in chips)
Seat 4: 8c151049 ($5.72 in chips)
Seat 5: 6633e96c ($5.15 in chips)
Seat 6: 4e36db8e ($5 in chips)
6633e96c: posts small blind $0.02
4e36db8e: posts big blind $0.05
*** HOLE CARDS ***
Dealt to b43e8b29 
Dealt to aa8de9c 
Dealt to Hero [7s Kh]
Dealt to 8c151049 
Dealt to 6633e96c 
Dealt to 4e36db8e 
b43e8b29: folds
aa8de9c: folds
Hero: folds
8c151049: folds
6633e96c: folds
Uncalled bet ($0.03) returned to 4e36db8e
*** SHOWDOWN ***
4e36db8e collected $0.04 from pot
*** SUMMARY ***
Total pot $0.04 | Rake $0 | Jackpot $0 | Bingo $0 | Fortune $0 | Tax $0
Seat 1: b43e8b29 folded before Flop (didn't bet)
Seat 2: aa8de9c folded before Flop (didn't bet)
Seat 3: Hero folded before Flop (didn't bet)
Seat 4: 8c151049 (button) folded before Flop (didn't bet)
Seat 5: 6633e96c (small blind) folded before Flop
Seat 6: 4e36db8e (big blind) collected ($0.04)


Poker Hand #HD1743707747: Hold'em No Limit ($0.02/$0.05) - 2024/04/23 22:33:45
Table 'NLHBlue27' 6-max Seat #3 is the button
Seat 1: b43e8b29 ($5 in chips)
Seat 2: aa8de9c ($4.06 in chips)
Seat 3: Hero ($5.06 in chips)
Seat 4: 8c151049 ($5.74 in chips)
Seat 5: 6633e96c ($5.2 in chips)
Seat 6: 4e36db8e ($5 in chips)
8c151049: posts small blind $0.02
6633e96c: posts big blind $0.05
*** HOLE CARDS ***
Dealt to b43e8b29 
Dealt to aa8de9c 
Dealt to Hero [5s 3h]
Dealt to 8c151049 
Dealt to 6633e96c 
Dealt to 4e36db8e 
4e36db8e: folds
b43e8b29: folds
aa8de9c: raises $0.05 to $0.1
Hero: folds
8c151049: folds
6633e96c: folds
Uncalled bet ($0.05) returned to aa8de9c
*** SHOWDOWN ***
aa8de9c collected $0.12 from pot
*** SUMMARY ***
Total pot $0.12 | Rake $0 | Jackpot $0 | Bingo $0 | Fortune $0 | Tax $0
Seat 1: b43e8b29 folded before Flop (didn't bet)
Seat 2: aa8de9c collected ($0.12)
Seat 3: Hero (button) folded before Flop (didn't bet)
Seat 4: 8c151049 (small blind) folded before Flop
Seat 5: 6633e96c (big blind) folded before Flop
Seat 6: 4e36db8e folded before Flop (didn't bet)


Poker Hand #HD1743707699: Hold'em No Limit ($0.02/$0.05) - 2024/04/23 22:33:28
Table 'NLHBlue27' 6-max Seat #2 is the button
Seat 1: b43e8b29 ($5 in chips)
Seat 2: aa8de9c ($4.06 in chips)
Seat 3: Hero ($5.08 in chips)
Seat 4: 8c151049 ($5.72 in chips)
Seat 5: 6633e96c ($5.2 in chips)
Seat 6: 4e36db8e ($5 in chips)
Hero: posts small blind $0.02
8c151049: posts big blind $0.05
*** HOLE CARDS ***
Dealt to b43e8b29 
Dealt to aa8de9c 
Dealt to Hero [7s 6c]
Dealt to 8c151049 
Dealt to 6633e96c 
Dealt to 4e36db8e 
6633e96c: folds
4e36db8e: folds
b43e8b29: folds
aa8de9c: folds
Hero: folds
Uncalled bet ($0.03) returned to 8c151049
*** SHOWDOWN ***
8c151049 collected $0.04 from pot
*** SUMMARY ***
Total pot $0.04 | Rake $0 | Jackpot $0 | Bingo $0 | Fortune $0 | Tax $0
Seat 1: b43e8b29 folded before Flop (didn't bet)
Seat 2: aa8de9c (button) folded before Flop (didn't bet)
Seat 3: Hero (small blind) folded before Flop
Seat 4: 8c151049 (big blind) collected ($0.04)
Seat 5: 6633e96c folded before Flop (didn't bet)
Seat 6: 4e36db8e folded before Flop (didn't bet)


Poker Hand #HD1743707677: Hold'em No Limit ($0.02/$0.05) - 2024/04/23 22:33:14
Table 'NLHBlue27' 6-max Seat #1 is the button
Seat 1: b43e8b29 ($5 in chips)
Seat 2: aa8de9c ($4.01 in chips)
Seat 3: Hero ($5.13 in chips)
Seat 4: 8c151049 ($5.72 in chips)
Seat 5: 6633e96c ($5.2 in chips)
Seat 6: 4e36db8e ($5 in chips)
aa8de9c: posts small blind $0.02
Hero: posts big blind $0.05
*** HOLE CARDS ***
Dealt to b43e8b29 
Dealt to aa8de9c 
Dealt to Hero [9d Tc]
Dealt to 8c151049 
Dealt to 6633e96c 
Dealt to 4e36db8e 
8c151049: folds
6633e96c: folds
4e36db8e: folds
b43e8b29: folds
aa8de9c: raises $0.1 to $0.15
Hero: folds
Uncalled bet ($0.1) returned to aa8de9c
*** SHOWDOWN ***
aa8de9c collected $0.1 from pot
*** SUMMARY ***
Total pot $0.1 | Rake $0 | Jackpot $0 | Bingo $0 | Fortune $0 | Tax $0
Seat 1: b43e8b29 (button) folded before Flop (didn't bet)
Seat 2: aa8de9c (small blind) collected ($0.1)
Seat 3: Hero (big blind) folded before Flop
Seat 4: 8c151049 folded before Flop (didn't bet)
Seat 5: 6633e96c folded before Flop (didn't bet)
Seat 6: 4e36db8e folded before Flop (didn't bet)


Poker Hand #HD1743707592: Hold'em No Limit ($0.02/$0.05) - 2024/04/23 22:32:38
Table 'NLHBlue27' 6-max Seat #6 is the button
Seat 1: b43e8b29 ($5 in chips)
Seat 2: aa8de9c ($3.85 in chips)
Seat 3: Hero ($5.13 in chips)
Seat 4: 8c151049 ($5.72 in chips)
Seat 5: 6633e96c ($5.35 in chips)
Seat 6: 4e36db8e ($5 in chips)
b43e8b29: posts small blind $0.02
aa8de9c: posts big blind $0.05
*** HOLE CARDS ***
Dealt to b43e8b29 
Dealt to aa8de9c 
Dealt to Hero [Jc 4c]
Dealt to 8c151049 
Dealt to 6633e96c 
Dealt to 4e36db8e 
Hero: folds
8c151049: folds
6633e96c: raises $0.1 to $0.15
4e36db8e: folds
b43e8b29: folds
aa8de9c: calls $0.1
*** FLOP *** [7c 8c 8s]
aa8de9c: bets $0.1
6633e96c: folds
Uncalled bet ($0.1) returned to aa8de9c
*** SHOWDOWN ***
aa8de9c collected $0.31 from pot
*** SUMMARY ***
Total pot $0.32 | Rake $0.01 | Jackpot $0 | Bingo $0 | Fortune $0 | Tax $0
Board [7c 8c 8s]
Seat 1: b43e8b29 (small blind) folded before Flop
Seat 2: aa8de9c (big blind) won ($0.31)
Seat 3: Hero folded before Flop (didn't bet)
Seat 4: 8c151049 folded before Flop (didn't bet)
Seat 5: 6633e96c folded on the Flop
Seat 6: 4e36db8e (button) folded before Flop (didn't bet)


Poker Hand #HD1743707519: Hold'em No Limit ($0.02/$0.05) - 2024/04/23 22:32:06
Table 'NLHBlue27' 6-max Seat #5 is the button
Seat 1: b43e8b29 ($5 in chips)
Seat 2: aa8de9c ($3.85 in chips)
Seat 3: Hero ($5.13 in chips)
Seat 4: 8c151049 ($5.72 in chips)
Seat 5: 6633e96c ($5 in chips)
Seat 6: 4e36db8e ($5 in chips)
4e36db8e: posts small blind $0.02
b43e8b29: posts big blind $0.05
*** HOLE CARDS ***
Dealt to b43e8b29 
Dealt to aa8de9c 
Dealt to Hero [Js 9d]
Dealt to 8c151049 
Dealt to 6633e96c 
Dealt to 4e36db8e 
aa8de9c: folds
Hero: folds
8c151049: folds
6633e96c: raises $0.07 to $0.12
4e36db8e: folds
b43e8b29: calls $0.07
*** FLOP *** [5h 5c Qd]
b43e8b29: checks
6633e96c: checks
*** TURN *** [5h 5c Qd] [Ts]
b43e8b29: bets $0.09
6633e96c: calls $0.09
*** RIVER *** [5h 5c Qd Ts] [6h]
b43e8b29: bets $0.15
6633e96c: calls $0.15
b43e8b29: shows [4c Ah] (Pair of Fives)
6633e96c: shows [4s Qs] (Pair of Queens and Pair of Fives)
*** SHOWDOWN ***
6633e96c collected $0.71 from pot
*** SUMMARY ***
Total pot $0.74 | Rake $0.03 | Jackpot $0 | Bingo $0 | Fortune $0 | Tax $0
Board [5h 5c Qd Ts 6h]
Seat 1: b43e8b29 (big blind) showed [4c Ah] and lost with Pair of Fives
Seat 2: aa8de9c folded before Flop (didn't bet)
Seat 3: Hero folded before Flop (didn't bet)
Seat 4: 8c151049 folded before Flop (didn't bet)
Seat 5: 6633e96c (button) showed [4s Qs] and won ($0.71) with Pair of Queens and Pair of Fives
Seat 6: 4e36db8e (small blind) folded before Flop


Poker Hand #HD1743707487: Hold'em No Limit ($0.02/$0.05) - 2024/04/23 22:31:52
Table 'NLHBlue27' 6-max Seat #4 is the button
Seat 2: aa8de9c ($3.85 in chips)
Seat 3: Hero ($5.13 in chips)
Seat 4: 8c151049 ($5.65 in chips)
Seat 5: 6633e96c ($5.01 in chips)
Seat 6: 4e36db8e ($5 in chips)
6633e96c: posts small blind $0.02
4e36db8e: posts big blind $0.05
*** HOLE CARDS ***
Dealt to aa8de9c 
Dealt to Hero [8s 3s]
Dealt to 8c151049 
Dealt to 6633e96c 
Dealt to 4e36db8e 
aa8de9c: folds
Hero: folds
8c151049: raises $0.1 to $0.15
6633e96c: folds
4e36db8e: folds
Uncalled bet ($0.1) returned to 8c151049
*** SHOWDOWN ***
8c151049 collected $0.12 from pot
*** SUMMARY ***
Total pot $0.12 | Rake $0 | Jackpot $0 | Bingo $0 | Fortune $0 | Tax $0
Seat 2: aa8de9c folded before Flop (didn't bet)
Seat 3: Hero folded before Flop (didn't bet)
Seat 4: 8c151049 (button) collected ($0.12)
Seat 5: 6633e96c (small blind) folded before Flop
Seat 6: 4e36db8e (big blind) folded before Flop


Poker Hand #HD1743707434: Hold'em No Limit ($0.02/$0.05) - 2024/04/23 22:31:25
Table 'NLHBlue27' 6-max Seat #3 is the button
Seat 2: aa8de9c ($3.85 in chips)
Seat 3: Hero ($5 in chips)
Seat 4: 8c151049 ($5.67 in chips)
Seat 5: 6633e96c ($5.13 in chips)
8c151049: posts small blind $0.02
6633e96c: posts big blind $0.05
*** HOLE CARDS ***
Dealt to aa8de9c 
Dealt to Hero [Jc Kd]
Dealt to 8c151049 
Dealt to 6633e96c 
aa8de9c: folds
Hero: raises $0.07 to $0.12
8c151049: folds
6633e96c: calls $0.07
*** FLOP *** [9s Qs 9c]
6633e96c: checks
Hero: bets $0.15
6633e96c: folds
Uncalled bet ($0.15) returned to Hero
*** SHOWDOWN ***
Hero collected $0.25 from pot
*** SUMMARY ***
Total pot $0.26 | Rake $0.01 | Jackpot $0 | Bingo $0 | Fortune $0 | Tax $0
Board [9s Qs 9c]
Seat 2: aa8de9c folded before Flop (didn't bet)
Seat 3: Hero (button) won ($0.25)
Seat 4: 8c151049 (small blind) folded before Flop
Seat 5: 6633e96c (big blind) folded on the Flop


Poker Hand #HD1743707411: Hold'em No Limit ($0.02/$0.05) - 2024/04/23 22:31:17
Table 'NLHBlue27' 6-max Seat #2 is the button
Seat 2: aa8de9c ($3.85 in chips)
Seat 3: Hero ($5 in chips)
Seat 4: 8c151049 ($5.65 in chips)
Seat 5: 6633e96c ($5.13 in chips)
Hero: posts small blind $0.02
8c151049: posts big blind $0.05
*** HOLE CARDS ***
Dealt to aa8de9c 
Dealt to Hero [Td 4s]
Dealt to 8c151049 
Dealt to 6633e96c 
6633e96c: folds
aa8de9c: folds
Hero: folds
Uncalled bet ($0.03) returned to 8c151049
*** SHOWDOWN ***
8c151049 collected $0.04 from pot
*** SUMMARY ***
Total pot $0.04 | Rake $0 | Jackpot $0 | Bingo $0 | Fortune $0 | Tax $0
Seat 2: aa8de9c (button) folded before Flop (didn't bet)
Seat 3: Hero (small blind) folded before Flop
Seat 4: 8c151049 (big blind) collected ($0.04)
Seat 5: 6633e96c folded before Flop (didn't bet)


Poker Hand #HD1743707293: Hold'em No Limit ($0.02/$0.05) - 2024/04/23 22:30:18
Table 'NLHBlue27' 6-max Seat #1 is the button
Seat 1: abc68cfa ($9.39 in chips)
Seat 2: aa8de9c ($4.48 in chips)
Seat 3: Hero ($5 in chips)
Seat 4: 8c151049 ($5.65 in chips)
Seat 5: 6633e96c ($5.28 in chips)
aa8de9c: posts small blind $0.02
Hero: posts big blind $0.05
*** HOLE CARDS ***
Dealt to abc68cfa 
Dealt to aa8de9c 
Dealt to Hero [As 3h]
Dealt to 8c151049 
Dealt to 6633e96c 
8c151049: folds
6633e96c: raises $0.1 to $0.15
abc68cfa: calls $0.15
aa8de9c: calls $0.13
Hero: folds
*** FLOP *** [Jd Ks 8c]
aa8de9c: bets $0.18
6633e96c: folds
abc68cfa: calls $0.18
*** TURN *** [Jd Ks 8c] [Ah]
aa8de9c: bets $0.3
abc68cfa: calls $0.3
*** RIVER *** [Jd Ks 8c Ah] [8d]
aa8de9c: checks
abc68cfa: bets $8.76 and is all-in
aa8de9c: folds
Uncalled bet ($8.76) returned to abc68cfa
*** SHOWDOWN ***
abc68cfa collected $1.39 from pot
*** SUMMARY ***
Total pot $1.46 | Rake $0.07 | Jackpot $0 | Bingo $0 | Fortune $0 | Tax $0
Board [Jd Ks 8c Ah 8d]
Seat 1: abc68cfa (button) won ($1.39)
Seat 2: aa8de9c (small blind) folded on the River
Seat 3: Hero (big blind) folded before Flop
Seat 4: 8c151049 folded before Flop (didn't bet)
Seat 5: 6633e96c folded on the Flop


