Poker Hand #HD1789195095: Hold'em No Limit ($0.05/$0.1) - 2024/05/27 02:06:50
Table 'NLHRed13' 6-max Seat #1 is the button
Seat 1: 91e4d83d ($10 in chips)
Seat 2: Hero ($11.15 in chips)
Seat 3: 6f47c47b ($10 in chips)
Seat 4: 35c20900 ($10.22 in chips)
Seat 5: 4f5bedb4 ($11.01 in chips)
Hero: posts small blind $0.05
6f47c47b: posts big blind $0.1
*** HOLE CARDS ***
Dealt to 91e4d83d 
Dealt to Hero [Jc 6s]
Dealt to 6f47c47b 
Dealt to 35c20900 
Dealt to 4f5bedb4 
35c20900: folds
4f5bedb4: raises $0.12 to $0.22
91e4d83d: folds
Hero: folds
6f47c47b: raises $0.59 to $0.81
4f5bedb4: folds
Uncalled bet ($0.59) returned to 6f47c47b
*** SHOWDOWN ***
6f47c47b collected $0.47 from pot
*** SUMMARY ***
Total pot $0.49 | Rake $0.02 | Jackpot $0 | Bingo $0 | Fortune $0 | Tax $0
Seat 1: 91e4d83d (button) folded before Flop (didn't bet)
Seat 2: Hero (small blind) folded before Flop
Seat 3: 6f47c47b (big blind) collected ($0.47)
Seat 4: 35c20900 folded before Flop (didn't bet)
Seat 5: 4f5bedb4 folded before Flop


Poker Hand #HD1789195055: Hold'em No Limit ($0.05/$0.1) - 2024/05/27 02:06:30
Table 'NLHRed13' 6-max Seat #5 is the button
Seat 1: 91e4d83d ($10 in chips)
Seat 2: Hero ($11 in chips)
Seat 3: 6f47c47b ($10 in chips)
Seat 4: 35c20900 ($10.22 in chips)
Seat 5: 4f5bedb4 ($11.01 in chips)
Seat 6: d7f4bafc ($10 in chips)
d7f4bafc: posts small blind $0.05
91e4d83d: posts big blind $0.1
*** HOLE CARDS ***
Dealt to 91e4d83d 
Dealt to Hero [Ad 6d]
Dealt to 6f47c47b 
Dealt to 35c20900 
Dealt to 4f5bedb4 
Dealt to d7f4bafc 
Hero: raises $0.1 to $0.2
6f47c47b: folds
35c20900: folds
4f5bedb4: folds
d7f4bafc: folds
91e4d83d: folds
Uncalled bet ($0.1) returned to Hero
*** SHOWDOWN ***
Hero collected $0.25 from pot
*** SUMMARY ***
Total pot $0.25 | Rake $0 | Jackpot $0 | Bingo $0 | Fortune $0 | Tax $0
Seat 1: 91e4d83d (big blind) folded before Flop
Seat 2: Hero collected ($0.25)
Seat 3: 6f47c47b folded before Flop (didn't bet)
Seat 4: 35c20900 folded before Flop (didn't bet)
Seat 5: 4f5bedb4 (button) folded before Flop (didn't bet)
Seat 6: d7f4bafc (small blind) folded before Flop


Poker Hand #HD1789194972: Hold'em No Limit ($0.05/$0.1) - 2024/05/27 02:05:53
Table 'NLHRed13' 6-max Seat #4 is the button
Seat 1: 91e4d83d ($10 in chips)
Seat 2: Hero ($11 in chips)
Seat 3: 6f47c47b ($10 in chips)
Seat 4: 35c20900 ($9.9 in chips)
Seat 5: 4f5bedb4 ($11.06 in chips)
Seat 6: d7f4bafc ($10 in chips)
4f5bedb4: posts small blind $0.05
d7f4bafc: posts big blind $0.1
*** HOLE CARDS ***
Dealt to 91e4d83d 
Dealt to Hero [Jd 2s]
Dealt to 6f47c47b 
Dealt to 35c20900 
Dealt to 4f5bedb4 
Dealt to d7f4bafc 
91e4d83d: folds
Hero: folds
6f47c47b: folds
35c20900: raises $0.2 to $0.3
4f5bedb4: folds
d7f4bafc: calls $0.2
*** FLOP *** [Ts 6d 3h]
d7f4bafc: checks
35c20900: bets $0.33
d7f4bafc: folds
Uncalled bet ($0.33) returned to 35c20900
*** SHOWDOWN ***
35c20900 collected $0.62 from pot
*** SUMMARY ***
Total pot $0.65 | Rake $0.03 | Jackpot $0 | Bingo $0 | Fortune $0 | Tax $0
Board [Ts 6d 3h]
Seat 1: 91e4d83d folded before Flop (didn't bet)
Seat 2: Hero folded before Flop (didn't bet)
Seat 3: 6f47c47b folded before Flop (didn't bet)
Seat 4: 35c20900 (button) won ($0.62)
Seat 5: 4f5bedb4 (small blind) folded before Flop
Seat 6: d7f4bafc (big blind) folded on the Flop


Poker Hand #HD1789194872: Hold'em No Limit ($0.05/$0.1) - 2024/05/27 02:05:06
Table 'NLHRed13' 6-max Seat #3 is the button
Seat 1: 91e4d83d ($10.17 in chips)
Seat 2: Hero ($10.58 in chips)
Seat 3: 6f47c47b ($10 in chips)
Seat 4: 35c20900 ($9.95 in chips)
Seat 5: 4f5bedb4 ($11.16 in chips)
Seat 6: d7f4bafc ($10 in chips)
35c20900: posts small blind $0.05
4f5bedb4: posts big blind $0.1
*** HOLE CARDS ***
Dealt to 91e4d83d 
Dealt to Hero [Kc Ks]
Dealt to 6f47c47b 
Dealt to 35c20900 
Dealt to 4f5bedb4 
Dealt to d7f4bafc 
d7f4bafc: folds
91e4d83d: raises $0.2 to $0.3
Hero: raises $0.6 to $0.9
6f47c47b: folds
35c20900: folds
4f5bedb4: folds
91e4d83d: folds
Uncalled bet ($0.6) returned to Hero
*** SHOWDOWN ***
Hero collected $0.72 from pot
*** SUMMARY ***
Total pot $0.75 | Rake $0.03 | Jackpot $0 | Bingo $0 | Fortune $0 | Tax $0
Seat 1: 91e4d83d folded before Flop
Seat 2: Hero collected ($0.72)
Seat 3: 6f47c47b (button) folded before Flop (didn't bet)
Seat 4: 35c20900 (small blind) folded before Flop
Seat 5: 4f5bedb4 (big blind) folded before Flop
Seat 6: d7f4bafc folded before Flop (didn't bet)


Poker Hand #HD1789194838: Hold'em No Limit ($0.05/$0.1) - 2024/05/27 02:04:52
Table 'NLHRed13' 6-max Seat #2 is the button
Seat 1: 91e4d83d ($10.17 in chips)
Seat 2: Hero ($10.58 in chips)
Seat 3: 6f47c47b ($10.01 in chips)
Seat 4: 35c20900 ($9.9 in chips)
Seat 5: 4f5bedb4 ($11.16 in chips)
Seat 6: d7f4bafc ($10 in chips)
6f47c47b: posts small blind $0.05
35c20900: posts big blind $0.1
*** HOLE CARDS ***
Dealt to 91e4d83d 
Dealt to Hero [4c 8c]
Dealt to 6f47c47b 
Dealt to 35c20900 
Dealt to 4f5bedb4 
Dealt to d7f4bafc 
4f5bedb4: folds
d7f4bafc: folds
91e4d83d: folds
Hero: folds
6f47c47b: folds
Uncalled bet ($0.05) returned to 35c20900
*** SHOWDOWN ***
35c20900 collected $0.1 from pot
*** SUMMARY ***
Total pot $0.1 | Rake $0 | Jackpot $0 | Bingo $0 | Fortune $0 | Tax $0
Seat 1: 91e4d83d folded before Flop (didn't bet)
Seat 2: Hero (button) folded before Flop (didn't bet)
Seat 3: 6f47c47b (small blind) folded before Flop
Seat 4: 35c20900 (big blind) collected ($0.1)
Seat 5: 4f5bedb4 folded before Flop (didn't bet)
Seat 6: d7f4bafc folded before Flop (didn't bet)


Poker Hand #HD1789194804: Hold'em No Limit ($0.05/$0.1) - 2024/05/27 02:04:36
Table 'NLHRed13' 6-max Seat #1 is the button
Seat 1: 91e4d83d ($10.17 in chips)
Seat 2: Hero ($10.63 in chips)
Seat 3: 6f47c47b ($10.11 in chips)
Seat 4: 35c20900 ($9.9 in chips)
Seat 5: 4f5bedb4 ($11.01 in chips)
Seat 6: d7f4bafc ($10 in chips)
Hero: posts small blind $0.05
6f47c47b: posts big blind $0.1
*** HOLE CARDS ***
Dealt to 91e4d83d 
Dealt to Hero [3h Qd]
Dealt to 6f47c47b 
Dealt to 35c20900 
Dealt to 4f5bedb4 
Dealt to d7f4bafc 
35c20900: folds
4f5bedb4: raises $0.12 to $0.22
d7f4bafc: folds
91e4d83d: folds
Hero: folds
6f47c47b: folds
Uncalled bet ($0.12) returned to 4f5bedb4
*** SHOWDOWN ***
4f5bedb4 collected $0.25 from pot
*** SUMMARY ***
Total pot $0.25 | Rake $0 | Jackpot $0 | Bingo $0 | Fortune $0 | Tax $0
Seat 1: 91e4d83d (button) folded before Flop (didn't bet)
Seat 2: Hero (small blind) folded before Flop
Seat 3: 6f47c47b (big blind) folded before Flop
Seat 4: 35c20900 folded before Flop (didn't bet)
Seat 5: 4f5bedb4 collected ($0.25)
Seat 6: d7f4bafc folded before Flop (didn't bet)


Poker Hand #HD1789194691: Hold'em No Limit ($0.05/$0.1) - 2024/05/27 02:03:44
Table 'NLHRed13' 6-max Seat #6 is the button
Seat 1: 91e4d83d ($10.22 in chips)
Seat 2: Hero ($10.73 in chips)
Seat 3: 6f47c47b ($10.11 in chips)
Seat 4: 35c20900 ($9.9 in chips)
Seat 5: 4f5bedb4 ($10.86 in chips)
Seat 6: d7f4bafc ($10 in chips)
91e4d83d: posts small blind $0.05
Hero: posts big blind $0.1
*** HOLE CARDS ***
Dealt to 91e4d83d 
Dealt to Hero [5c 6s]
Dealt to 6f47c47b 
Dealt to 35c20900 
Dealt to 4f5bedb4 
Dealt to d7f4bafc 
6f47c47b: folds
35c20900: folds
4f5bedb4: raises $0.12 to $0.22
d7f4bafc: folds
91e4d83d: folds
Hero: folds
Uncalled bet ($0.12) returned to 4f5bedb4
*** SHOWDOWN ***
4f5bedb4 collected $0.25 from pot
*** SUMMARY ***
Total pot $0.25 | Rake $0 | Jackpot $0 | Bingo $0 | Fortune $0 | Tax $0
Seat 1: 91e4d83d (small blind) folded before Flop
Seat 2: Hero (big blind) folded before Flop
Seat 3: 6f47c47b folded before Flop (didn't bet)
Seat 4: 35c20900 folded before Flop (didn't bet)
Seat 5: 4f5bedb4 collected ($0.25)
Seat 6: d7f4bafc (button) folded before Flop (didn't bet)


Poker Hand #HD1789194649: Hold'em No Limit ($0.05/$0.1) - 2024/05/27 02:03:23
Table 'NLHRed13' 6-max Seat #5 is the button
Seat 1: 91e4d83d ($10.32 in chips)
Seat 2: Hero ($10.58 in chips)
Seat 3: 6f47c47b ($10.11 in chips)
Seat 4: 35c20900 ($9.9 in chips)
Seat 5: 4f5bedb4 ($10.86 in chips)
Seat 6: d7f4bafc ($10 in chips)
d7f4bafc: posts small blind $0.05
91e4d83d: posts big blind $0.1
*** HOLE CARDS ***
Dealt to 91e4d83d 
Dealt to Hero [9h Qh]
Dealt to 6f47c47b 
Dealt to 35c20900 
Dealt to 4f5bedb4 
Dealt to d7f4bafc 
Hero: raises $0.1 to $0.2
6f47c47b: folds
35c20900: folds
4f5bedb4: folds
d7f4bafc: folds
91e4d83d: folds
Uncalled bet ($0.1) returned to Hero
*** SHOWDOWN ***
Hero collected $0.25 from pot
*** SUMMARY ***
Total pot $0.25 | Rake $0 | Jackpot $0 | Bingo $0 | Fortune $0 | Tax $0
Seat 1: 91e4d83d (big blind) folded before Flop
Seat 2: Hero collected ($0.25)
Seat 3: 6f47c47b folded before Flop (didn't bet)
Seat 4: 35c20900 folded before Flop (didn't bet)
Seat 5: 4f5bedb4 (button) folded before Flop (didn't bet)
Seat 6: d7f4bafc (small blind) folded before Flop


Poker Hand #HD1789194548: Hold'em No Limit ($0.05/$0.1) - 2024/05/27 02:02:31
Table 'NLHRed13' 6-max Seat #4 is the button
Seat 1: 91e4d83d ($10 in chips)
Seat 2: Hero ($10.58 in chips)
Seat 3: 6f47c47b ($10.11 in chips)
Seat 4: 35c20900 ($9.9 in chips)
Seat 5: 4f5bedb4 ($10.91 in chips)
Seat 6: d7f4bafc ($10.27 in chips)
4f5bedb4: posts small blind $0.05
d7f4bafc: posts big blind $0.1
*** HOLE CARDS ***
Dealt to 91e4d83d 
Dealt to Hero [5c Jh]
Dealt to 6f47c47b 
Dealt to 35c20900 
Dealt to 4f5bedb4 
Dealt to d7f4bafc 
91e4d83d: raises $0.2 to $0.3
Hero: folds
6f47c47b: folds
35c20900: folds
4f5bedb4: folds
d7f4bafc: calls $0.2
*** FLOP *** [As 3s 2d]
d7f4bafc: checks
91e4d83d: checks
*** TURN *** [As 3s 2d] [8h]
d7f4bafc: checks
91e4d83d: bets $0.33
d7f4bafc: folds
Uncalled bet ($0.33) returned to 91e4d83d
*** SHOWDOWN ***
91e4d83d collected $0.62 from pot
*** SUMMARY ***
Total pot $0.65 | Rake $0.03 | Jackpot $0 | Bingo $0 | Fortune $0 | Tax $0
Board [As 3s 2d 8h]
Seat 1: 91e4d83d won ($0.62)
Seat 2: Hero folded before Flop (didn't bet)
Seat 3: 6f47c47b folded before Flop (didn't bet)
Seat 4: 35c20900 (button) folded before Flop (didn't bet)
Seat 5: 4f5bedb4 (small blind) folded before Flop
Seat 6: d7f4bafc (big blind) folded on the Turn


Poker Hand #HD1789194383: Hold'em No Limit ($0.05/$0.1) - 2024/05/27 02:01:19
Table 'NLHRed13' 6-max Seat #3 is the button
Seat 1: 91e4d83d ($10 in chips)
Seat 2: Hero ($10.58 in chips)
Seat 3: 6f47c47b ($10.11 in chips)
Seat 4: 35c20900 ($9.95 in chips)
Seat 5: 4f5bedb4 ($10.68 in chips)
Seat 6: d7f4bafc ($10.47 in chips)
35c20900: posts small blind $0.05
4f5bedb4: posts big blind $0.1
*** HOLE CARDS ***
Dealt to 91e4d83d 
Dealt to Hero [5h Tc]
Dealt to 6f47c47b 
Dealt to 35c20900 
Dealt to 4f5bedb4 
Dealt to d7f4bafc 
d7f4bafc: raises $0.1 to $0.2
91e4d83d: folds
Hero: folds
6f47c47b: folds
35c20900: folds
4f5bedb4: calls $0.1
*** FLOP *** [Qc 9h Th]
4f5bedb4: checks
d7f4bafc: checks
*** TURN *** [Qc 9h Th] [Jd]
4f5bedb4: checks
d7f4bafc: checks
*** RIVER *** [Qc 9h Th Jd] [3c]
4f5bedb4: checks
d7f4bafc: checks
4f5bedb4: shows [Qd 6d] (Pair of Queens)
d7f4bafc: shows [7s 5s] (Queen-High)
*** SHOWDOWN ***
4f5bedb4 collected $0.43 from pot
*** SUMMARY ***
Total pot $0.45 | Rake $0.02 | Jackpot $0 | Bingo $0 | Fortune $0 | Tax $0
Board [Qc 9h Th Jd 3c]
Seat 1: 91e4d83d folded before Flop (didn't bet)
Seat 2: Hero folded before Flop (didn't bet)
Seat 3: 6f47c47b (button) folded before Flop (didn't bet)
Seat 4: 35c20900 (small blind) folded before Flop
Seat 5: 4f5bedb4 (big blind) showed [Qd 6d] and won ($0.43) with Pair of Queens
Seat 6: d7f4bafc showed [7s 5s] and lost with Queen-High


Poker Hand #HD1789194363: Hold'em No Limit ($0.05/$0.1) - 2024/05/27 02:01:07
Table 'NLHRed13' 6-max Seat #2 is the button
Seat 1: 91e4d83d ($10 in chips)
Seat 2: Hero ($10.58 in chips)
Seat 3: 6f47c47b ($10.16 in chips)
Seat 4: 35c20900 ($9.9 in chips)
Seat 5: 4f5bedb4 ($10.68 in chips)
Seat 6: d7f4bafc ($10.47 in chips)
6f47c47b: posts small blind $0.05
35c20900: posts big blind $0.1
*** HOLE CARDS ***
Dealt to 91e4d83d 
Dealt to Hero [Ts 4d]
Dealt to 6f47c47b 
Dealt to 35c20900 
Dealt to 4f5bedb4 
Dealt to d7f4bafc 
4f5bedb4: folds
d7f4bafc: folds
91e4d83d: folds
Hero: folds
6f47c47b: folds
Uncalled bet ($0.05) returned to 35c20900
*** SHOWDOWN ***
35c20900 collected $0.1 from pot
*** SUMMARY ***
Total pot $0.1 | Rake $0 | Jackpot $0 | Bingo $0 | Fortune $0 | Tax $0
Seat 1: 91e4d83d folded before Flop (didn't bet)
Seat 2: Hero (button) folded before Flop (didn't bet)
Seat 3: 6f47c47b (small blind) folded before Flop
Seat 4: 35c20900 (big blind) collected ($0.1)
Seat 5: 4f5bedb4 folded before Flop (didn't bet)
Seat 6: d7f4bafc folded before Flop (didn't bet)


Poker Hand #HD1789194294: Hold'em No Limit ($0.05/$0.1) - 2024/05/27 02:00:34
Table 'NLHRed13' 6-max Seat #1 is the button
Seat 1: 91e4d83d ($10.1 in chips)
Seat 2: Hero ($10.26 in chips)
Seat 3: 6f47c47b ($10.26 in chips)
Seat 4: 35c20900 ($9.9 in chips)
Seat 5: 4f5bedb4 ($10.68 in chips)
Seat 6: d7f4bafc ($10.47 in chips)
Hero: posts small blind $0.05
6f47c47b: posts big blind $0.1
*** HOLE CARDS ***
Dealt to 91e4d83d 
Dealt to Hero [Ac Ks]
Dealt to 6f47c47b 
Dealt to 35c20900 
Dealt to 4f5bedb4 
Dealt to d7f4bafc 
35c20900: folds
4f5bedb4: folds
d7f4bafc: folds
91e4d83d: raises $0.15 to $0.25
Hero: raises $0.85 to $1.1
6f47c47b: folds
91e4d83d: folds
Uncalled bet ($0.85) returned to Hero
*** SHOWDOWN ***
Hero collected $0.57 from pot
*** SUMMARY ***
Total pot $0.6 | Rake $0.03 | Jackpot $0 | Bingo $0 | Fortune $0 | Tax $0
Seat 1: 91e4d83d (button) folded before Flop
Seat 2: Hero (small blind) collected ($0.57)
Seat 3: 6f47c47b (big blind) folded before Flop
Seat 4: 35c20900 folded before Flop (didn't bet)
Seat 5: 4f5bedb4 folded before Flop (didn't bet)
Seat 6: d7f4bafc folded before Flop (didn't bet)


Poker Hand #HD1789194232: Hold'em No Limit ($0.05/$0.1) - 2024/05/27 02:00:08
Table 'NLHRed13' 6-max Seat #6 is the button
Seat 1: 91e4d83d ($10.15 in chips)
Seat 2: Hero ($10.36 in chips)
Seat 3: 6f47c47b ($10.26 in chips)
Seat 4: 35c20900 ($9.9 in chips)
Seat 5: 4f5bedb4 ($10.53 in chips)
Seat 6: d7f4bafc ($10.47 in chips)
91e4d83d: posts small blind $0.05
Hero: posts big blind $0.1
*** HOLE CARDS ***
Dealt to 91e4d83d 
Dealt to Hero [6s 7c]
Dealt to 6f47c47b 
Dealt to 35c20900 
Dealt to 4f5bedb4 
Dealt to d7f4bafc 
6f47c47b: folds
35c20900: folds
4f5bedb4: raises $0.12 to $0.22
d7f4bafc: folds
91e4d83d: folds
Hero: folds
Uncalled bet ($0.12) returned to 4f5bedb4
*** SHOWDOWN ***
4f5bedb4 collected $0.25 from pot
*** SUMMARY ***
Total pot $0.25 | Rake $0 | Jackpot $0 | Bingo $0 | Fortune $0 | Tax $0
Seat 1: 91e4d83d (small blind) folded before Flop
Seat 2: Hero (big blind) folded before Flop
Seat 3: 6f47c47b folded before Flop (didn't bet)
Seat 4: 35c20900 folded before Flop (didn't bet)
Seat 5: 4f5bedb4 collected ($0.25)
Seat 6: d7f4bafc (button) folded before Flop (didn't bet)


Poker Hand #HD1789194198: Hold'em No Limit ($0.05/$0.1) - 2024/05/27 01:59:50
Table 'NLHRed13' 6-max Seat #5 is the button
Seat 1: 91e4d83d ($10 in chips)
Seat 2: Hero ($10.36 in chips)
Seat 3: 6f47c47b ($10.26 in chips)
Seat 4: 35c20900 ($10 in chips)
Seat 5: 4f5bedb4 ($10.53 in chips)
Seat 6: d7f4bafc ($10.52 in chips)
d7f4bafc: posts small blind $0.05
91e4d83d: posts big blind $0.1
35c20900: posts big blind $0.1
*** HOLE CARDS ***
Dealt to 91e4d83d 
Dealt to Hero [9s Tc]
Dealt to 6f47c47b 
Dealt to 35c20900 
Dealt to 4f5bedb4 
Dealt to d7f4bafc 
Hero: folds
6f47c47b: folds
35c20900: checks
4f5bedb4: folds
d7f4bafc: folds
91e4d83d: raises $0.29 to $0.39
35c20900: folds
Uncalled bet ($0.29) returned to 91e4d83d
*** SHOWDOWN ***
91e4d83d collected $0.25 from pot
*** SUMMARY ***
Total pot $0.25 | Rake $0 | Jackpot $0 | Bingo $0 | Fortune $0 | Tax $0
Seat 1: 91e4d83d (big blind) collected ($0.25)
Seat 2: Hero folded before Flop (didn't bet)
Seat 3: 6f47c47b folded before Flop (didn't bet)
Seat 4: 35c20900 folded before Flop
Seat 5: 4f5bedb4 (button) folded before Flop (didn't bet)
Seat 6: d7f4bafc (small blind) folded before Flop


Poker Hand #HD1789194077: Hold'em No Limit ($0.05/$0.1) - 2024/05/27 01:58:59
Table 'NLHRed13' 6-max Seat #3 is the button
Seat 1: 91e4d83d ($10.15 in chips)
Seat 2: Hero ($10.36 in chips)
Seat 3: 6f47c47b ($10.26 in chips)
Seat 5: 4f5bedb4 ($10.58 in chips)
Seat 6: d7f4bafc ($10 in chips)
4f5bedb4: posts small blind $0.05
d7f4bafc: posts big blind $0.1
*** HOLE CARDS ***
Dealt to 91e4d83d 
Dealt to Hero [Jd 8d]
Dealt to 6f47c47b 
Dealt to 4f5bedb4 
Dealt to d7f4bafc 
91e4d83d: raises $0.2 to $0.3
Hero: folds
6f47c47b: folds
4f5bedb4: folds
d7f4bafc: calls $0.2
*** FLOP *** [Kh 8c 6s]
d7f4bafc: checks
91e4d83d: bets $0.22
d7f4bafc: calls $0.22
*** TURN *** [Kh 8c 6s] [5c]
d7f4bafc: bets $0.85
91e4d83d: folds
Uncalled bet ($0.85) returned to d7f4bafc
*** SHOWDOWN ***
d7f4bafc collected $1.04 from pot
*** SUMMARY ***
Total pot $1.09 | Rake $0.05 | Jackpot $0 | Bingo $0 | Fortune $0 | Tax $0
Board [Kh 8c 6s 5c]
Seat 1: 91e4d83d folded on the Turn
Seat 2: Hero folded before Flop (didn't bet)
Seat 3: 6f47c47b (button) folded before Flop (didn't bet)
Seat 5: 4f5bedb4 (small blind) folded before Flop
Seat 6: d7f4bafc (big blind) won ($1.04)


Poker Hand #HD1789194038: Hold'em No Limit ($0.05/$0.1) - 2024/05/27 01:58:40
Table 'NLHRed13' 6-max Seat #2 is the button
Seat 1: 91e4d83d ($10.15 in chips)
Seat 2: Hero ($10.36 in chips)
Seat 3: 6f47c47b ($10.16 in chips)
Seat 5: 4f5bedb4 ($10.68 in chips)
6f47c47b: posts small blind $0.05
4f5bedb4: posts big blind $0.1
*** HOLE CARDS ***
Dealt to 91e4d83d 
Dealt to Hero [4h 9d]
Dealt to 6f47c47b 
Dealt to 4f5bedb4 
91e4d83d: folds
Hero: folds
6f47c47b: raises $0.2 to $0.3
4f5bedb4: folds
Uncalled bet ($0.2) returned to 6f47c47b
*** SHOWDOWN ***
6f47c47b collected $0.2 from pot
*** SUMMARY ***
Total pot $0.2 | Rake $0 | Jackpot $0 | Bingo $0 | Fortune $0 | Tax $0
Seat 1: 91e4d83d folded before Flop (didn't bet)
Seat 2: Hero (button) folded before Flop (didn't bet)
Seat 3: 6f47c47b (small blind) collected ($0.2)
Seat 5: 4f5bedb4 (big blind) folded before Flop


Poker Hand #HD1789194011: Hold'em No Limit ($0.05/$0.1) - 2024/05/27 01:58:29
Table 'NLHRed13' 6-max Seat #1 is the button
Seat 1: 91e4d83d ($10 in chips)
Seat 2: Hero ($10.41 in chips)
Seat 3: 6f47c47b ($10.26 in chips)
Seat 5: 4f5bedb4 ($10.68 in chips)
Hero: posts small blind $0.05
6f47c47b: posts big blind $0.1
*** HOLE CARDS ***
Dealt to 91e4d83d 
Dealt to Hero [3c 9d]
Dealt to 6f47c47b 
Dealt to 4f5bedb4 
4f5bedb4: folds
91e4d83d: raises $0.15 to $0.25
Hero: folds
6f47c47b: folds
Uncalled bet ($0.15) returned to 91e4d83d
*** SHOWDOWN ***
91e4d83d collected $0.25 from pot
*** SUMMARY ***
Total pot $0.25 | Rake $0 | Jackpot $0 | Bingo $0 | Fortune $0 | Tax $0
Seat 1: 91e4d83d (button) collected ($0.25)
Seat 2: Hero (small blind) folded before Flop
Seat 3: 6f47c47b (big blind) folded before Flop
Seat 5: 4f5bedb4 folded before Flop (didn't bet)


Poker Hand #HD1789193982: Hold'em No Limit ($0.05/$0.1) - 2024/05/27 01:58:17
Table 'NLHRed13' 6-max Seat #5 is the button
Seat 1: 91e4d83d ($10 in chips)
Seat 2: Hero ($10.36 in chips)
Seat 3: 6f47c47b ($10.26 in chips)
Seat 5: 4f5bedb4 ($10.68 in chips)
91e4d83d: posts small blind $0.05
Hero: posts big blind $0.1
*** HOLE CARDS ***
Dealt to 91e4d83d 
Dealt to Hero [6h 7s]
Dealt to 6f47c47b 
Dealt to 4f5bedb4 
6f47c47b: folds
4f5bedb4: folds
91e4d83d: folds
Uncalled bet ($0.05) returned to Hero
*** SHOWDOWN ***
Hero collected $0.1 from pot
*** SUMMARY ***
Total pot $0.1 | Rake $0 | Jackpot $0 | Bingo $0 | Fortune $0 | Tax $0
Seat 1: 91e4d83d (small blind) folded before Flop
Seat 2: Hero (big blind) collected ($0.1)
Seat 3: 6f47c47b folded before Flop (didn't bet)
Seat 5: 4f5bedb4 (button) folded before Flop (didn't bet)


Poker Hand #HD1789193898: Hold'em No Limit ($0.05/$0.1) - 2024/05/27 01:57:38
Table 'NLHRed13' 6-max Seat #3 is the button
Seat 1: 91e4d83d ($10 in chips)
Seat 2: Hero ($10 in chips)
Seat 3: 6f47c47b ($10.5 in chips)
Seat 5: 4f5bedb4 ($10.73 in chips)
4f5bedb4: posts small blind $0.05
91e4d83d: posts big blind $0.1
*** HOLE CARDS ***
Dealt to 91e4d83d 
Dealt to Hero [4d Ad]
Dealt to 6f47c47b 
Dealt to 4f5bedb4 
Hero: raises $0.14 to $0.24
6f47c47b: calls $0.24
4f5bedb4: folds
91e4d83d: folds
*** FLOP *** [4h Ah Qh]
Hero: bets $0.3
6f47c47b: folds
Uncalled bet ($0.3) returned to Hero
*** SHOWDOWN ***
Hero collected $0.6 from pot
*** SUMMARY ***
Total pot $0.63 | Rake $0.03 | Jackpot $0 | Bingo $0 | Fortune $0 | Tax $0
Board [4h Ah Qh]
Seat 1: 91e4d83d (big blind) folded before Flop
Seat 2: Hero won ($0.6)
Seat 3: 6f47c47b (button) folded on the Flop
Seat 5: 4f5bedb4 (small blind) folded before Flop


Poker Hand #HD1789193827: Hold'em No Limit ($0.05/$0.1) - 2024/05/27 01:57:01
Table 'NLHRed13' 6-max Seat #2 is the button
Seat 1: 91e4d83d ($10 in chips)
Seat 2: Hero ($10 in chips)
Seat 3: 6f47c47b ($10.05 in chips)
Seat 5: 4f5bedb4 ($11.23 in chips)
6f47c47b: posts small blind $0.05
4f5bedb4: posts big blind $0.1
*** HOLE CARDS ***
Dealt to 91e4d83d 
Dealt to Hero [8s Td]
Dealt to 6f47c47b 
Dealt to 4f5bedb4 
91e4d83d: folds
Hero: folds
6f47c47b: raises $0.2 to $0.3
4f5bedb4: calls $0.2
*** FLOP *** [Kh Ah 5d]
6f47c47b: bets $0.2
4f5bedb4: calls $0.2
*** TURN *** [Kh Ah 5d] [8c]
6f47c47b: bets $0.5
4f5bedb4: folds
Uncalled bet ($0.5) returned to 6f47c47b
*** SHOWDOWN ***
6f47c47b collected $0.95 from pot
*** SUMMARY ***
Total pot $1 | Rake $0.05 | Jackpot $0 | Bingo $0 | Fortune $0 | Tax $0
Board [Kh Ah 5d 8c]
Seat 1: 91e4d83d folded before Flop (didn't bet)
Seat 2: Hero (button) folded before Flop (didn't bet)
Seat 3: 6f47c47b (small blind) won ($0.95)
Seat 5: 4f5bedb4 (big blind) folded on the Turn


Poker Hand #HD1789193802: Hold'em No Limit ($0.05/$0.1) - 2024/05/27 01:56:50
Table 'NLHRed13' 6-max Seat #1 is the button
Seat 1: 91e4d83d ($10 in chips)
Seat 2: Hero ($10.03 in chips)
Seat 3: 6f47c47b ($10 in chips)
Seat 5: 4f5bedb4 ($11.23 in chips)
Hero: posts small blind $0.05
6f47c47b: posts big blind $0.1
*** HOLE CARDS ***
Dealt to 91e4d83d 
Dealt to Hero [8s Td]
Dealt to 6f47c47b 
Dealt to 4f5bedb4 
4f5bedb4: folds
91e4d83d: folds
Hero: folds
Uncalled bet ($0.05) returned to 6f47c47b
*** SHOWDOWN ***
6f47c47b collected $0.1 from pot
*** SUMMARY ***
Total pot $0.1 | Rake $0 | Jackpot $0 | Bingo $0 | Fortune $0 | Tax $0
Seat 1: 91e4d83d (button) folded before Flop (didn't bet)
Seat 2: Hero (small blind) folded before Flop
Seat 3: 6f47c47b (big blind) collected ($0.1)
Seat 5: 4f5bedb4 folded before Flop (didn't bet)


Poker Hand #HD1789193791: Hold'em No Limit ($0.05/$0.1) - 2024/05/27 01:56:43
Table 'NLHRed13' 6-max Seat #5 is the button
Seat 1: 91e4d83d ($10 in chips)
Seat 2: Hero ($10.13 in chips)
Seat 5: 4f5bedb4 ($11.08 in chips)
91e4d83d: posts small blind $0.05
Hero: posts big blind $0.1
*** HOLE CARDS ***
Dealt to 91e4d83d 
Dealt to Hero [4h 5d]
Dealt to 4f5bedb4 
4f5bedb4: raises $0.12 to $0.22
91e4d83d: folds
Hero: folds
Uncalled bet ($0.12) returned to 4f5bedb4
*** SHOWDOWN ***
4f5bedb4 collected $0.25 from pot
*** SUMMARY ***
Total pot $0.25 | Rake $0 | Jackpot $0 | Bingo $0 | Fortune $0 | Tax $0
Seat 1: 91e4d83d (small blind) folded before Flop
Seat 2: Hero (big blind) folded before Flop
Seat 5: 4f5bedb4 (button) collected ($0.25)


Poker Hand #HD1789193750: Hold'em No Limit ($0.05/$0.1) - 2024/05/27 01:56:24
Table 'NLHRed13' 6-max Seat #4 is the button
Seat 1: 91e4d83d ($10 in chips)
Seat 2: Hero ($10.13 in chips)
Seat 4: 86a8ac44 ($12.17 in chips)
Seat 5: 4f5bedb4 ($10.98 in chips)
4f5bedb4: posts small blind $0.05
91e4d83d: posts big blind $0.1
*** HOLE CARDS ***
Dealt to 91e4d83d 
Dealt to Hero [7c Td]
Dealt to 86a8ac44 
Dealt to 4f5bedb4 
Hero: folds
86a8ac44: folds
4f5bedb4: raises $0.2 to $0.3
91e4d83d: folds
Uncalled bet ($0.2) returned to 4f5bedb4
*** SHOWDOWN ***
4f5bedb4 collected $0.2 from pot
*** SUMMARY ***
Total pot $0.2 | Rake $0 | Jackpot $0 | Bingo $0 | Fortune $0 | Tax $0
Seat 1: 91e4d83d (big blind) folded before Flop
Seat 2: Hero folded before Flop (didn't bet)
Seat 4: 86a8ac44 (button) folded before Flop (didn't bet)
Seat 5: 4f5bedb4 (small blind) collected ($0.2)


Poker Hand #HD1789193708: Hold'em No Limit ($0.05/$0.1) - 2024/05/27 01:55:59
Table 'NLHRed13' 6-max Seat #2 is the button
Seat 2: Hero ($10.13 in chips)
Seat 4: 86a8ac44 ($12.07 in chips)
Seat 5: 4f5bedb4 ($11.08 in chips)
Seat 6: b49ecec6 ($15.29 in chips)
86a8ac44: posts small blind $0.05
4f5bedb4: posts big blind $0.1
*** HOLE CARDS ***
Dealt to Hero [Th 2c]
Dealt to 86a8ac44 
Dealt to 4f5bedb4 
Dealt to b49ecec6 
b49ecec6: folds
Hero: folds
86a8ac44: raises $0.2 to $0.3
4f5bedb4: folds
Uncalled bet ($0.2) returned to 86a8ac44
*** SHOWDOWN ***
86a8ac44 collected $0.2 from pot
*** SUMMARY ***
Total pot $0.2 | Rake $0 | Jackpot $0 | Bingo $0 | Fortune $0 | Tax $0
Seat 2: Hero (button) folded before Flop (didn't bet)
Seat 4: 86a8ac44 (small blind) collected ($0.2)
Seat 5: 4f5bedb4 (big blind) folded before Flop
Seat 6: b49ecec6 folded before Flop (didn't bet)


Poker Hand #HD1789193647: Hold'em No Limit ($0.05/$0.1) - 2024/05/27 01:55:30
Table 'NLHRed13' 6-max Seat #6 is the button
Seat 2: Hero ($10.18 in chips)
Seat 4: 86a8ac44 ($12.17 in chips)
Seat 5: 4f5bedb4 ($11.08 in chips)
Seat 6: b49ecec6 ($15.14 in chips)
Hero: posts small blind $0.05
86a8ac44: posts big blind $0.1
*** HOLE CARDS ***
Dealt to Hero [6s 5s]
Dealt to 86a8ac44 
Dealt to 4f5bedb4 
Dealt to b49ecec6 
4f5bedb4: folds
b49ecec6: raises $0.15 to $0.25
Hero: folds
86a8ac44: folds
Uncalled bet ($0.15) returned to b49ecec6
*** SHOWDOWN ***
b49ecec6 collected $0.25 from pot
*** SUMMARY ***
Total pot $0.25 | Rake $0 | Jackpot $0 | Bingo $0 | Fortune $0 | Tax $0
Seat 2: Hero (small blind) folded before Flop
Seat 4: 86a8ac44 (big blind) folded before Flop
Seat 5: 4f5bedb4 folded before Flop (didn't bet)
Seat 6: b49ecec6 (button) collected ($0.25)


Poker Hand #HD1789193499: Hold'em No Limit ($0.05/$0.1) - 2024/05/27 01:54:20
Table 'NLHRed13' 6-max Seat #5 is the button
Seat 1: fcd6f0dd ($10 in chips)
Seat 2: Hero ($10.18 in chips)
Seat 3: b2fc043a ($21.15 in chips)
Seat 4: 86a8ac44 ($11.56 in chips)
Seat 5: 4f5bedb4 ($11.38 in chips)
Seat 6: b49ecec6 ($15.19 in chips)
b49ecec6: posts small blind $0.05
fcd6f0dd: posts big blind $0.1
*** HOLE CARDS ***
Dealt to fcd6f0dd 
Dealt to Hero [Qh 2h]
Dealt to b2fc043a 
Dealt to 86a8ac44 
Dealt to 4f5bedb4 
Dealt to b49ecec6 
Hero: folds
b2fc043a: folds
86a8ac44: raises $0.2 to $0.3
4f5bedb4: calls $0.3
b49ecec6: folds
fcd6f0dd: calls $0.2
*** FLOP *** [Jd Ks 8c]
fcd6f0dd: checks
86a8ac44: checks
4f5bedb4: checks
*** TURN *** [Jd Ks 8c] [7h]
fcd6f0dd: checks
86a8ac44: checks
4f5bedb4: checks
*** RIVER *** [Jd Ks 8c 7h] [3d]
fcd6f0dd: checks
86a8ac44: checks
4f5bedb4: checks
fcd6f0dd: shows [5s 6s] (King-High)
86a8ac44: shows [4h 4c] (Pair of Fours)
4f5bedb4: shows [Qc Th] (King-High)
*** SHOWDOWN ***
86a8ac44 collected $0.91 from pot
*** SUMMARY ***
Total pot $0.95 | Rake $0.04 | Jackpot $0 | Bingo $0 | Fortune $0 | Tax $0
Board [Jd Ks 8c 7h 3d]
Seat 1: fcd6f0dd (big blind) showed [5s 6s] and lost with King-High
Seat 2: Hero folded before Flop (didn't bet)
Seat 3: b2fc043a folded before Flop (didn't bet)
Seat 4: 86a8ac44 showed [4h 4c] and won ($0.91) with Pair of Fours
Seat 5: 4f5bedb4 (button) showed [Qc Th] and lost with King-High
Seat 6: b49ecec6 (small blind) folded before Flop


Poker Hand #HD1789193300: Hold'em No Limit ($0.05/$0.1) - 2024/05/27 01:52:38
Table 'NLHRed13' 6-max Seat #4 is the button
Seat 1: fcd6f0dd ($10 in chips)
Seat 2: Hero ($10.18 in chips)
Seat 3: b2fc043a ($21.15 in chips)
Seat 4: 86a8ac44 ($11.56 in chips)
Seat 5: 4f5bedb4 ($9.3 in chips)
Seat 6: b49ecec6 ($15.29 in chips)
4f5bedb4: posts small blind $0.05
b49ecec6: posts big blind $0.1
*** HOLE CARDS ***
Dealt to fcd6f0dd 
Dealt to Hero [4d 3c]
Dealt to b2fc043a 
Dealt to 86a8ac44 
Dealt to 4f5bedb4 
Dealt to b49ecec6 
fcd6f0dd: raises $0.1 to $0.2
Hero: folds
b2fc043a: folds
86a8ac44: folds
4f5bedb4: raises $0.6 to $0.8
b49ecec6: folds
fcd6f0dd: calls $0.6
*** FLOP *** [6s Kh 7d]
4f5bedb4: bets $0.57
fcd6f0dd: calls $0.57
*** TURN *** [6s Kh 7d] [2c]
4f5bedb4: checks
fcd6f0dd: bets $0.94
4f5bedb4: calls $0.94
*** RIVER *** [6s Kh 7d 2c] [4s]
4f5bedb4: checks
fcd6f0dd: checks
4f5bedb4: shows [Kd As] (Pair of Kings)
fcd6f0dd: shows [Qs Ac] (Ace-High)
*** SHOWDOWN ***
4f5bedb4 collected $4.39 from pot
*** SUMMARY ***
Total pot $4.72 | Rake $0.23 | Jackpot $0.1 | Bingo $0 | Fortune $0 | Tax $0
Board [6s Kh 7d 2c 4s]
Seat 1: fcd6f0dd showed [Qs Ac] and lost with Ace-High
Seat 2: Hero folded before Flop (didn't bet)
Seat 3: b2fc043a folded before Flop (didn't bet)
Seat 4: 86a8ac44 (button) folded before Flop (didn't bet)
Seat 5: 4f5bedb4 (small blind) showed [Kd As] and won ($4.39) with Pair of Kings
Seat 6: b49ecec6 (big blind) folded before Flop


Poker Hand #HD1789193128: Hold'em No Limit ($0.05/$0.1) - 2024/05/27 01:51:09
Table 'NLHRed13' 6-max Seat #3 is the button
Seat 1: fcd6f0dd ($10 in chips)
Seat 2: Hero ($10.18 in chips)
Seat 3: b2fc043a ($21.15 in chips)
Seat 4: 86a8ac44 ($11.61 in chips)
Seat 5: 4f5bedb4 ($9.6 in chips)
Seat 6: b49ecec6 ($13.83 in chips)
86a8ac44: posts small blind $0.05
4f5bedb4: posts big blind $0.1
*** HOLE CARDS ***
Dealt to fcd6f0dd 
Dealt to Hero [2d Qs]
Dealt to b2fc043a 
Dealt to 86a8ac44 
Dealt to 4f5bedb4 
Dealt to b49ecec6 
b49ecec6: raises $0.2 to $0.3
fcd6f0dd: calls $0.3
Hero: folds
b2fc043a: folds
86a8ac44: folds
4f5bedb4: calls $0.2
*** FLOP *** [5s Td 9c]
4f5bedb4: checks
b49ecec6: checks
fcd6f0dd: bets $0.95
4f5bedb4: folds
b49ecec6: calls $0.95
*** TURN *** [5s Td 9c] [7h]
b49ecec6: checks
fcd6f0dd: checks
*** RIVER *** [5s Td 9c 7h] [Kd]
b49ecec6: bets $1.85
fcd6f0dd: folds
Uncalled bet ($1.85) returned to b49ecec6
*** SHOWDOWN ***
b49ecec6 collected $2.71 from pot
*** SUMMARY ***
Total pot $2.85 | Rake $0.14 | Jackpot $0 | Bingo $0 | Fortune $0 | Tax $0
Board [5s Td 9c 7h Kd]
Seat 1: fcd6f0dd folded on the River
Seat 2: Hero folded before Flop (didn't bet)
Seat 3: b2fc043a (button) folded before Flop (didn't bet)
Seat 4: 86a8ac44 (small blind) folded before Flop
Seat 5: 4f5bedb4 (big blind) folded on the Flop
Seat 6: b49ecec6 won ($2.71)


Poker Hand #HD1789193108: Hold'em No Limit ($0.05/$0.1) - 2024/05/27 01:50:57
Table 'NLHRed13' 6-max Seat #2 is the button
Seat 1: fcd6f0dd ($10 in chips)
Seat 2: Hero ($10.18 in chips)
Seat 3: b2fc043a ($21.2 in chips)
Seat 4: 86a8ac44 ($11.56 in chips)
Seat 5: 4f5bedb4 ($9.6 in chips)
Seat 6: b49ecec6 ($13.83 in chips)
b2fc043a: posts small blind $0.05
86a8ac44: posts big blind $0.1
*** HOLE CARDS ***
Dealt to fcd6f0dd 
Dealt to Hero [8s 2c]
Dealt to b2fc043a 
Dealt to 86a8ac44 
Dealt to 4f5bedb4 
Dealt to b49ecec6 
4f5bedb4: folds
b49ecec6: folds
fcd6f0dd: folds
Hero: folds
b2fc043a: folds
Uncalled bet ($0.05) returned to 86a8ac44
*** SHOWDOWN ***
86a8ac44 collected $0.1 from pot
*** SUMMARY ***
Total pot $0.1 | Rake $0 | Jackpot $0 | Bingo $0 | Fortune $0 | Tax $0
Seat 1: fcd6f0dd folded before Flop (didn't bet)
Seat 2: Hero (button) folded before Flop (didn't bet)
Seat 3: b2fc043a (small blind) folded before Flop
Seat 4: 86a8ac44 (big blind) collected ($0.1)
Seat 5: 4f5bedb4 folded before Flop (didn't bet)
Seat 6: b49ecec6 folded before Flop (didn't bet)


Poker Hand #HD1789193011: Hold'em No Limit ($0.05/$0.1) - 2024/05/27 01:50:09
Table 'NLHRed13' 6-max Seat #1 is the button
Seat 1: fcd6f0dd ($10.19 in chips)
Seat 2: Hero ($10.23 in chips)
Seat 3: b2fc043a ($20.97 in chips)
Seat 4: 86a8ac44 ($11.56 in chips)
Seat 5: 4f5bedb4 ($9.6 in chips)
Seat 6: b49ecec6 ($13.83 in chips)
Hero: posts small blind $0.05
b2fc043a: posts big blind $0.1
*** HOLE CARDS ***
Dealt to fcd6f0dd 
Dealt to Hero [3d 7h]
Dealt to b2fc043a 
Dealt to 86a8ac44 
Dealt to 4f5bedb4 
Dealt to b49ecec6 
86a8ac44: folds
4f5bedb4: folds
b49ecec6: folds
fcd6f0dd: raises $0.1 to $0.2
Hero: folds
b2fc043a: calls $0.1
*** FLOP *** [4s Ad Jd]
b2fc043a: checks
fcd6f0dd: checks
*** TURN *** [4s Ad Jd] [8d]
b2fc043a: checks
fcd6f0dd: checks
*** RIVER *** [4s Ad Jd 8d] [Jc]
b2fc043a: checks
fcd6f0dd: checks
b2fc043a: shows [4h 8h] (Pair of Jacks and Pair of Eights)
fcd6f0dd: shows [Th Kh] (Pair of Jacks)
*** SHOWDOWN ***
b2fc043a collected $0.43 from pot
*** SUMMARY ***
Total pot $0.45 | Rake $0.02 | Jackpot $0 | Bingo $0 | Fortune $0 | Tax $0
Board [4s Ad Jd 8d Jc]
Seat 1: fcd6f0dd (button) showed [Th Kh] and lost with Pair of Jacks
Seat 2: Hero (small blind) folded before Flop
Seat 3: b2fc043a (big blind) showed [4h 8h] and won ($0.43) with Pair of Jacks and Pair of Eights
Seat 4: 86a8ac44 folded before Flop (didn't bet)
Seat 5: 4f5bedb4 folded before Flop (didn't bet)
Seat 6: b49ecec6 folded before Flop (didn't bet)


Poker Hand #HD1789192928: Hold'em No Limit ($0.05/$0.1) - 2024/05/27 01:49:31
Table 'NLHRed13' 6-max Seat #6 is the button
Seat 1: fcd6f0dd ($10.24 in chips)
Seat 2: Hero ($10.53 in chips)
Seat 3: b2fc043a ($20.97 in chips)
Seat 4: 86a8ac44 ($11.56 in chips)
Seat 5: 4f5bedb4 ($9.6 in chips)
Seat 6: b49ecec6 ($13.51 in chips)
fcd6f0dd: posts small blind $0.05
Hero: posts big blind $0.1
*** HOLE CARDS ***
Dealt to fcd6f0dd 
Dealt to Hero [7s As]
Dealt to b2fc043a 
Dealt to 86a8ac44 
Dealt to 4f5bedb4 
Dealt to b49ecec6 
b2fc043a: folds
86a8ac44: folds
4f5bedb4: folds
b49ecec6: raises $0.2 to $0.3
fcd6f0dd: folds
Hero: calls $0.2
*** FLOP *** [Kc 2h Td]
Hero: checks
b49ecec6: bets $0.36
Hero: folds
Uncalled bet ($0.36) returned to b49ecec6
*** SHOWDOWN ***
b49ecec6 collected $0.62 from pot
*** SUMMARY ***
Total pot $0.65 | Rake $0.03 | Jackpot $0 | Bingo $0 | Fortune $0 | Tax $0
Board [Kc 2h Td]
Seat 1: fcd6f0dd (small blind) folded before Flop
Seat 2: Hero (big blind) folded on the Flop
Seat 3: b2fc043a folded before Flop (didn't bet)
Seat 4: 86a8ac44 folded before Flop (didn't bet)
Seat 5: 4f5bedb4 folded before Flop (didn't bet)
Seat 6: b49ecec6 (button) won ($0.62)


Poker Hand #HD1789192881: Hold'em No Limit ($0.05/$0.1) - 2024/05/27 01:49:03
Table 'NLHRed13' 6-max Seat #5 is the button
Seat 1: fcd6f0dd ($10.34 in chips)
Seat 2: Hero ($10.53 in chips)
Seat 3: b2fc043a ($20.97 in chips)
Seat 4: 86a8ac44 ($11.41 in chips)
Seat 5: 4f5bedb4 ($9.6 in chips)
Seat 6: b49ecec6 ($13.56 in chips)
b49ecec6: posts small blind $0.05
fcd6f0dd: posts big blind $0.1
*** HOLE CARDS ***
Dealt to fcd6f0dd 
Dealt to Hero [4d 2d]
Dealt to b2fc043a 
Dealt to 86a8ac44 
Dealt to 4f5bedb4 
Dealt to b49ecec6 
Hero: folds
b2fc043a: folds
86a8ac44: raises $0.2 to $0.3
4f5bedb4: folds
b49ecec6: folds
fcd6f0dd: folds
Uncalled bet ($0.2) returned to 86a8ac44
*** SHOWDOWN ***
86a8ac44 collected $0.25 from pot
*** SUMMARY ***
Total pot $0.25 | Rake $0 | Jackpot $0 | Bingo $0 | Fortune $0 | Tax $0
Seat 1: fcd6f0dd (big blind) folded before Flop
Seat 2: Hero folded before Flop (didn't bet)
Seat 3: b2fc043a folded before Flop (didn't bet)
Seat 4: 86a8ac44 collected ($0.25)
Seat 5: 4f5bedb4 (button) folded before Flop (didn't bet)
Seat 6: b49ecec6 (small blind) folded before Flop


Poker Hand #HD1789192829: Hold'em No Limit ($0.05/$0.1) - 2024/05/27 01:48:33
Table 'NLHRed13' 6-max Seat #4 is the button
Seat 1: fcd6f0dd ($10.34 in chips)
Seat 2: Hero ($10.53 in chips)
Seat 3: b2fc043a ($20.97 in chips)
Seat 4: 86a8ac44 ($11.41 in chips)
Seat 5: 4f5bedb4 ($9.9 in chips)
Seat 6: b49ecec6 ($13.29 in chips)
4f5bedb4: posts small blind $0.05
b49ecec6: posts big blind $0.1
*** HOLE CARDS ***
Dealt to fcd6f0dd 
Dealt to Hero [2s 4d]
Dealt to b2fc043a 
Dealt to 86a8ac44 
Dealt to 4f5bedb4 
Dealt to b49ecec6 
fcd6f0dd: folds
Hero: folds
b2fc043a: folds
86a8ac44: folds
4f5bedb4: raises $0.2 to $0.3
b49ecec6: raises $0.55 to $0.85
4f5bedb4: folds
Uncalled bet ($0.55) returned to b49ecec6
*** SHOWDOWN ***
b49ecec6 collected $0.57 from pot
*** SUMMARY ***
Total pot $0.6 | Rake $0.03 | Jackpot $0 | Bingo $0 | Fortune $0 | Tax $0
Seat 1: fcd6f0dd folded before Flop (didn't bet)
Seat 2: Hero folded before Flop (didn't bet)
Seat 3: b2fc043a folded before Flop (didn't bet)
Seat 4: 86a8ac44 (button) folded before Flop (didn't bet)
Seat 5: 4f5bedb4 (small blind) folded before Flop
Seat 6: b49ecec6 (big blind) collected ($0.57)


Poker Hand #HD1789192732: Hold'em No Limit ($0.05/$0.1) - 2024/05/27 01:47:40
Table 'NLHRed13' 6-max Seat #3 is the button
Seat 1: fcd6f0dd ($11.44 in chips)
Seat 2: Hero ($10.53 in chips)
Seat 3: b2fc043a ($20.97 in chips)
Seat 4: 86a8ac44 ($10.32 in chips)
Seat 5: 4f5bedb4 ($10 in chips)
Seat 6: b49ecec6 ($13.29 in chips)
86a8ac44: posts small blind $0.05
4f5bedb4: posts big blind $0.1
*** HOLE CARDS ***
Dealt to fcd6f0dd 
Dealt to Hero [7c 6d]
Dealt to b2fc043a 
Dealt to 86a8ac44 
Dealt to 4f5bedb4 
Dealt to b49ecec6 
b49ecec6: folds
fcd6f0dd: raises $0.1 to $0.2
Hero: folds
b2fc043a: folds
86a8ac44: raises $0.9 to $1.1
4f5bedb4: folds
fcd6f0dd: calls $0.9
*** FLOP *** [9h Kc 5d]
86a8ac44: bets $0.8
fcd6f0dd: folds
Uncalled bet ($0.8) returned to 86a8ac44
*** SHOWDOWN ***
86a8ac44 collected $2.19 from pot
*** SUMMARY ***
Total pot $2.3 | Rake $0.11 | Jackpot $0 | Bingo $0 | Fortune $0 | Tax $0
Board [9h Kc 5d]
Seat 1: fcd6f0dd folded on the Flop
Seat 2: Hero folded before Flop (didn't bet)
Seat 3: b2fc043a (button) folded before Flop (didn't bet)
Seat 4: 86a8ac44 (small blind) won ($2.19)
Seat 5: 4f5bedb4 (big blind) folded before Flop
Seat 6: b49ecec6 folded before Flop (didn't bet)


Poker Hand #HD1789192674: Hold'em No Limit ($0.05/$0.1) - 2024/05/27 01:47:13
Table 'NLHRed13' 6-max Seat #2 is the button
Seat 1: fcd6f0dd ($11.44 in chips)
Seat 2: Hero ($10.53 in chips)
Seat 3: b2fc043a ($21.02 in chips)
Seat 4: 86a8ac44 ($10.42 in chips)
Seat 6: b49ecec6 ($13.14 in chips)
b2fc043a: posts small blind $0.05
86a8ac44: posts big blind $0.1
*** HOLE CARDS ***
Dealt to fcd6f0dd 
Dealt to Hero [3d Ad]
Dealt to b2fc043a 
Dealt to 86a8ac44 
Dealt to b49ecec6 
b49ecec6: raises $0.2 to $0.3
fcd6f0dd: folds
Hero: folds
b2fc043a: folds
86a8ac44: folds
Uncalled bet ($0.2) returned to b49ecec6
*** SHOWDOWN ***
b49ecec6 collected $0.25 from pot
*** SUMMARY ***
Total pot $0.25 | Rake $0 | Jackpot $0 | Bingo $0 | Fortune $0 | Tax $0
Seat 1: fcd6f0dd folded before Flop (didn't bet)
Seat 2: Hero (button) folded before Flop (didn't bet)
Seat 3: b2fc043a (small blind) folded before Flop
Seat 4: 86a8ac44 (big blind) folded before Flop
Seat 6: b49ecec6 collected ($0.25)


Poker Hand #HD1789192622: Hold'em No Limit ($0.05/$0.1) - 2024/05/27 01:46:48
Table 'NLHRed13' 6-max Seat #1 is the button
Seat 1: fcd6f0dd ($11.29 in chips)
Seat 2: Hero ($10.58 in chips)
Seat 3: b2fc043a ($21.12 in chips)
Seat 4: 86a8ac44 ($10.42 in chips)
Seat 6: b49ecec6 ($13.14 in chips)
Hero: posts small blind $0.05
b2fc043a: posts big blind $0.1
*** HOLE CARDS ***
Dealt to fcd6f0dd 
Dealt to Hero [4s 8c]
Dealt to b2fc043a 
Dealt to 86a8ac44 
Dealt to b49ecec6 
86a8ac44: folds
b49ecec6: folds
fcd6f0dd: raises $0.1 to $0.2
Hero: folds
b2fc043a: folds
Uncalled bet ($0.1) returned to fcd6f0dd
*** SHOWDOWN ***
fcd6f0dd collected $0.25 from pot
*** SUMMARY ***
Total pot $0.25 | Rake $0 | Jackpot $0 | Bingo $0 | Fortune $0 | Tax $0
Seat 1: fcd6f0dd (button) collected ($0.25)
Seat 2: Hero (small blind) folded before Flop
Seat 3: b2fc043a (big blind) folded before Flop
Seat 4: 86a8ac44 folded before Flop (didn't bet)
Seat 6: b49ecec6 folded before Flop (didn't bet)


Poker Hand #HD1789192553: Hold'em No Limit ($0.05/$0.1) - 2024/05/27 01:46:12
Table 'NLHRed13' 6-max Seat #6 is the button
Seat 1: fcd6f0dd ($11.34 in chips)
Seat 2: Hero ($10.68 in chips)
Seat 3: b2fc043a ($21.42 in chips)
Seat 4: 86a8ac44 ($10 in chips)
Seat 5: 5888ebf ($10.56 in chips)
Seat 6: b49ecec6 ($13.14 in chips)
fcd6f0dd: posts small blind $0.05
Hero: posts big blind $0.1
*** HOLE CARDS ***
Dealt to fcd6f0dd 
Dealt to Hero [Jc 2s]
Dealt to b2fc043a 
Dealt to 86a8ac44 
Dealt to 5888ebf 
Dealt to b49ecec6 
b2fc043a: raises $0.2 to $0.3
86a8ac44: raises $0.6 to $0.9
5888ebf: folds
b49ecec6: folds
fcd6f0dd: folds
Hero: folds
b2fc043a: folds
Uncalled bet ($0.6) returned to 86a8ac44
*** SHOWDOWN ***
86a8ac44 collected $0.72 from pot
*** SUMMARY ***
Total pot $0.75 | Rake $0.03 | Jackpot $0 | Bingo $0 | Fortune $0 | Tax $0
Seat 1: fcd6f0dd (small blind) folded before Flop
Seat 2: Hero (big blind) folded before Flop
Seat 3: b2fc043a folded before Flop
Seat 4: 86a8ac44 collected ($0.72)
Seat 5: 5888ebf folded before Flop (didn't bet)
Seat 6: b49ecec6 (button) folded before Flop (didn't bet)


Poker Hand #HD1789192526: Hold'em No Limit ($0.05/$0.1) - 2024/05/27 01:45:56
Table 'NLHRed13' 6-max Seat #5 is the button
Seat 1: fcd6f0dd ($11.29 in chips)
Seat 2: Hero ($10.68 in chips)
Seat 3: b2fc043a ($21.42 in chips)
Seat 4: 86a8ac44 ($10 in chips)
Seat 5: 5888ebf ($10.56 in chips)
Seat 6: b49ecec6 ($13.19 in chips)
b49ecec6: posts small blind $0.05
fcd6f0dd: posts big blind $0.1
*** HOLE CARDS ***
Dealt to fcd6f0dd 
Dealt to Hero [8d Td]
Dealt to b2fc043a 
Dealt to 86a8ac44 
Dealt to 5888ebf 
Dealt to b49ecec6 
Hero: folds
b2fc043a: folds
86a8ac44: folds
5888ebf: folds
b49ecec6: folds
Uncalled bet ($0.05) returned to fcd6f0dd
*** SHOWDOWN ***
fcd6f0dd collected $0.1 from pot
*** SUMMARY ***
Total pot $0.1 | Rake $0 | Jackpot $0 | Bingo $0 | Fortune $0 | Tax $0
Seat 1: fcd6f0dd (big blind) collected ($0.1)
Seat 2: Hero folded before Flop (didn't bet)
Seat 3: b2fc043a folded before Flop (didn't bet)
Seat 4: 86a8ac44 folded before Flop (didn't bet)
Seat 5: 5888ebf (button) folded before Flop (didn't bet)
Seat 6: b49ecec6 (small blind) folded before Flop


Poker Hand #HD1789192472: Hold'em No Limit ($0.05/$0.1) - 2024/05/27 01:45:31
Table 'NLHRed13' 6-max Seat #4 is the button
Seat 1: fcd6f0dd ($11.14 in chips)
Seat 2: Hero ($10.68 in chips)
Seat 3: b2fc043a ($21.42 in chips)
Seat 4: 86a8ac44 ($10 in chips)
Seat 5: 5888ebf ($10.61 in chips)
Seat 6: b49ecec6 ($13.29 in chips)
5888ebf: posts small blind $0.05
b49ecec6: posts big blind $0.1
*** HOLE CARDS ***
Dealt to fcd6f0dd 
Dealt to Hero [Kd 6s]
Dealt to b2fc043a 
Dealt to 86a8ac44 
Dealt to 5888ebf 
Dealt to b49ecec6 
fcd6f0dd: raises $0.1 to $0.2
Hero: folds
b2fc043a: folds
86a8ac44: folds
5888ebf: folds
b49ecec6: folds
Uncalled bet ($0.1) returned to fcd6f0dd
*** SHOWDOWN ***
fcd6f0dd collected $0.25 from pot
*** SUMMARY ***
Total pot $0.25 | Rake $0 | Jackpot $0 | Bingo $0 | Fortune $0 | Tax $0
Seat 1: fcd6f0dd collected ($0.25)
Seat 2: Hero folded before Flop (didn't bet)
Seat 3: b2fc043a folded before Flop (didn't bet)
Seat 4: 86a8ac44 (button) folded before Flop (didn't bet)
Seat 5: 5888ebf (small blind) folded before Flop
Seat 6: b49ecec6 (big blind) folded before Flop


Poker Hand #HD1789192367: Hold'em No Limit ($0.05/$0.1) - 2024/05/27 01:44:37
Table 'NLHRed13' 6-max Seat #3 is the button
Seat 1: fcd6f0dd ($11.14 in chips)
Seat 2: Hero ($10.68 in chips)
Seat 3: b2fc043a ($20.9 in chips)
Seat 4: 86a8ac44 ($10 in chips)
Seat 5: 5888ebf ($11.13 in chips)
Seat 6: b49ecec6 ($13.29 in chips)
86a8ac44: posts small blind $0.05
5888ebf: posts big blind $0.1
*** HOLE CARDS ***
Dealt to fcd6f0dd 
Dealt to Hero [3d 4h]
Dealt to b2fc043a 
Dealt to 86a8ac44 
Dealt to 5888ebf 
Dealt to b49ecec6 
b49ecec6: folds
fcd6f0dd: folds
Hero: folds
b2fc043a: raises $0.2 to $0.3
86a8ac44: folds
5888ebf: calls $0.2
*** FLOP *** [4d Td 8s]
5888ebf: bets $0.22
b2fc043a: raises $0.58 to $0.8
5888ebf: folds
Uncalled bet ($0.58) returned to b2fc043a
*** SHOWDOWN ***
b2fc043a collected $1.04 from pot
*** SUMMARY ***
Total pot $1.09 | Rake $0.05 | Jackpot $0 | Bingo $0 | Fortune $0 | Tax $0
Board [4d Td 8s]
Seat 1: fcd6f0dd folded before Flop (didn't bet)
Seat 2: Hero folded before Flop (didn't bet)
Seat 3: b2fc043a (button) won ($1.04)
Seat 4: 86a8ac44 (small blind) folded before Flop
Seat 5: 5888ebf (big blind) folded on the Flop
Seat 6: b49ecec6 folded before Flop (didn't bet)


Poker Hand #HD1789192314: Hold'em No Limit ($0.05/$0.1) - 2024/05/27 01:44:09
Table 'NLHRed13' 6-max Seat #2 is the button
Seat 1: fcd6f0dd ($11.14 in chips)
Seat 2: Hero ($10.68 in chips)
Seat 3: b2fc043a ($20.95 in chips)
Seat 4: 86a8ac44 ($10 in chips)
Seat 5: 5888ebf ($11.13 in chips)
Seat 6: b49ecec6 ($13.14 in chips)
b2fc043a: posts small blind $0.05
86a8ac44: posts big blind $0.1
*** HOLE CARDS ***
Dealt to fcd6f0dd 
Dealt to Hero [Kh 5d]
Dealt to b2fc043a 
Dealt to 86a8ac44 
Dealt to 5888ebf 
Dealt to b49ecec6 
5888ebf: folds
b49ecec6: raises $0.2 to $0.3
fcd6f0dd: folds
Hero: folds
b2fc043a: folds
86a8ac44: folds
Uncalled bet ($0.2) returned to b49ecec6
*** SHOWDOWN ***
b49ecec6 collected $0.25 from pot
*** SUMMARY ***
Total pot $0.25 | Rake $0 | Jackpot $0 | Bingo $0 | Fortune $0 | Tax $0
Seat 1: fcd6f0dd folded before Flop (didn't bet)
Seat 2: Hero (button) folded before Flop (didn't bet)
Seat 3: b2fc043a (small blind) folded before Flop
Seat 4: 86a8ac44 (big blind) folded before Flop
Seat 5: 5888ebf folded before Flop (didn't bet)
Seat 6: b49ecec6 collected ($0.25)


Poker Hand #HD1789192104: Hold'em No Limit ($0.05/$0.1) - 2024/05/27 01:42:27
Table 'NLHRed13' 6-max Seat #1 is the button
Seat 1: fcd6f0dd ($14.13 in chips)
Seat 2: Hero ($10.73 in chips)
Seat 3: b2fc043a ($21.05 in chips)
Seat 4: 86a8ac44 ($10 in chips)
Seat 5: 5888ebf ($11.23 in chips)
Seat 6: b49ecec6 ($10.3 in chips)
Hero: posts small blind $0.05
b2fc043a: posts big blind $0.1
*** HOLE CARDS ***
Dealt to fcd6f0dd 
Dealt to Hero [Kd 3c]
Dealt to b2fc043a 
Dealt to 86a8ac44 
Dealt to 5888ebf 
Dealt to b49ecec6 
86a8ac44: folds
5888ebf: calls $0.1
b49ecec6: raises $0.4 to $0.5
fcd6f0dd: raises $1.25 to $1.75
Hero: folds
b2fc043a: folds
5888ebf: folds
b49ecec6: calls $1.25
*** FLOP *** [Qh 9h 7s]
b49ecec6: checks
fcd6f0dd: bets $1.24
b49ecec6: calls $1.24
*** TURN *** [Qh 9h 7s] [Ts]
b49ecec6: checks
fcd6f0dd: checks
*** RIVER *** [Qh 9h 7s Ts] [6d]
b49ecec6: checks
fcd6f0dd: checks
b49ecec6: shows [Jc Js] (Pair of Jacks)
fcd6f0dd: shows [Ac Kc] (Ace-High)
*** SHOWDOWN ***
b49ecec6 collected $5.83 from pot
*** SUMMARY ***
Total pot $6.23 | Rake $0.3 | Jackpot $0.1 | Bingo $0 | Fortune $0 | Tax $0
Board [Qh 9h 7s Ts 6d]
Seat 1: fcd6f0dd (button) showed [Ac Kc] and lost with Ace-High
Seat 2: Hero (small blind) folded before Flop
Seat 3: b2fc043a (big blind) folded before Flop
Seat 4: 86a8ac44 folded before Flop (didn't bet)
Seat 5: 5888ebf folded before Flop
Seat 6: b49ecec6 showed [Jc Js] and won ($5.83) with Pair of Jacks


Poker Hand #HD1789192004: Hold'em No Limit ($0.05/$0.1) - 2024/05/27 01:41:32
Table 'NLHRed13' 6-max Seat #6 is the button
Seat 1: fcd6f0dd ($14.18 in chips)
Seat 2: Hero ($11.13 in chips)
Seat 3: b2fc043a ($21.05 in chips)
Seat 4: 86a8ac44 ($10 in chips)
Seat 5: 5888ebf ($10.82 in chips)
Seat 6: b49ecec6 ($10.3 in chips)
fcd6f0dd: posts small blind $0.05
Hero: posts big blind $0.1
*** HOLE CARDS ***
Dealt to fcd6f0dd 
Dealt to Hero [Ac Qs]
Dealt to b2fc043a 
Dealt to 86a8ac44 
Dealt to 5888ebf 
Dealt to b49ecec6 
b2fc043a: folds
86a8ac44: folds
5888ebf: calls $0.1
b49ecec6: folds
fcd6f0dd: folds
Hero: raises $0.3 to $0.4
5888ebf: calls $0.3
*** FLOP *** [9d 7c 8c]
Hero: checks
5888ebf: bets $0.43
Hero: folds
Uncalled bet ($0.43) returned to 5888ebf
*** SHOWDOWN ***
5888ebf collected $0.81 from pot
*** SUMMARY ***
Total pot $0.85 | Rake $0.04 | Jackpot $0 | Bingo $0 | Fortune $0 | Tax $0
Board [9d 7c 8c]
Seat 1: fcd6f0dd (small blind) folded before Flop
Seat 2: Hero (big blind) folded on the Flop
Seat 3: b2fc043a folded before Flop (didn't bet)
Seat 4: 86a8ac44 folded before Flop (didn't bet)
Seat 5: 5888ebf won ($0.81)
Seat 6: b49ecec6 (button) folded before Flop (didn't bet)


Poker Hand #HD1789191967: Hold'em No Limit ($0.05/$0.1) - 2024/05/27 01:41:14
Table 'NLHRed13' 6-max Seat #5 is the button
Seat 1: fcd6f0dd ($14.28 in chips)
Seat 2: Hero ($11.13 in chips)
Seat 3: b2fc043a ($21.05 in chips)
Seat 4: 86a8ac44 ($10 in chips)
Seat 5: 5888ebf ($10.67 in chips)
Seat 6: b49ecec6 ($10.35 in chips)
b49ecec6: posts small blind $0.05
fcd6f0dd: posts big blind $0.1
*** HOLE CARDS ***
Dealt to fcd6f0dd 
Dealt to Hero [5h Js]
Dealt to b2fc043a 
Dealt to 86a8ac44 
Dealt to 5888ebf 
Dealt to b49ecec6 
Hero: folds
b2fc043a: folds
86a8ac44: folds
5888ebf: raises $0.2 to $0.3
b49ecec6: folds
fcd6f0dd: folds
Uncalled bet ($0.2) returned to 5888ebf
*** SHOWDOWN ***
5888ebf collected $0.25 from pot
*** SUMMARY ***
Total pot $0.25 | Rake $0 | Jackpot $0 | Bingo $0 | Fortune $0 | Tax $0
Seat 1: fcd6f0dd (big blind) folded before Flop
Seat 2: Hero folded before Flop (didn't bet)
Seat 3: b2fc043a folded before Flop (didn't bet)
Seat 4: 86a8ac44 folded before Flop (didn't bet)
Seat 5: 5888ebf (button) collected ($0.25)
Seat 6: b49ecec6 (small blind) folded before Flop


Poker Hand #HD1789191924: Hold'em No Limit ($0.05/$0.1) - 2024/05/27 01:40:52
Table 'NLHRed13' 6-max Seat #4 is the button
Seat 1: fcd6f0dd ($14.28 in chips)
Seat 2: Hero ($11.13 in chips)
Seat 3: b2fc043a ($21.05 in chips)
Seat 4: 86a8ac44 ($10 in chips)
Seat 5: 5888ebf ($10.72 in chips)
Seat 6: b49ecec6 ($10.3 in chips)
5888ebf: posts small blind $0.05
b49ecec6: posts big blind $0.1
*** HOLE CARDS ***
Dealt to fcd6f0dd 
Dealt to Hero [Kh 6c]
Dealt to b2fc043a 
Dealt to 86a8ac44 
Dealt to 5888ebf 
Dealt to b49ecec6 
fcd6f0dd: folds
Hero: folds
b2fc043a: folds
86a8ac44: folds
5888ebf: folds
Uncalled bet ($0.05) returned to b49ecec6
*** SHOWDOWN ***
b49ecec6 collected $0.1 from pot
*** SUMMARY ***
Total pot $0.1 | Rake $0 | Jackpot $0 | Bingo $0 | Fortune $0 | Tax $0
Seat 1: fcd6f0dd folded before Flop (didn't bet)
Seat 2: Hero folded before Flop (didn't bet)
Seat 3: b2fc043a folded before Flop (didn't bet)
Seat 4: 86a8ac44 (button) folded before Flop (didn't bet)
Seat 5: 5888ebf (small blind) folded before Flop
Seat 6: b49ecec6 (big blind) collected ($0.1)


Poker Hand #HD1789191896: Hold'em No Limit ($0.05/$0.1) - 2024/05/27 01:40:36
Table 'NLHRed13' 6-max Seat #3 is the button
Seat 1: fcd6f0dd ($14.28 in chips)
Seat 2: Hero ($11.13 in chips)
Seat 3: b2fc043a ($21.05 in chips)
Seat 4: 86a8ac44 ($10 in chips)
Seat 5: 5888ebf ($10.82 in chips)
Seat 6: b49ecec6 ($10.15 in chips)
86a8ac44: posts small blind $0.05
5888ebf: posts big blind $0.1
*** HOLE CARDS ***
Dealt to fcd6f0dd 
Dealt to Hero [2h 3d]
Dealt to b2fc043a 
Dealt to 86a8ac44 
Dealt to 5888ebf 
Dealt to b49ecec6 
b49ecec6: raises $0.2 to $0.3
fcd6f0dd: folds
Hero: folds
b2fc043a: folds
86a8ac44: folds
5888ebf: folds
Uncalled bet ($0.2) returned to b49ecec6
*** SHOWDOWN ***
b49ecec6 collected $0.25 from pot
*** SUMMARY ***
Total pot $0.25 | Rake $0 | Jackpot $0 | Bingo $0 | Fortune $0 | Tax $0
Seat 1: fcd6f0dd folded before Flop (didn't bet)
Seat 2: Hero folded before Flop (didn't bet)
Seat 3: b2fc043a (button) folded before Flop (didn't bet)
Seat 4: 86a8ac44 (small blind) folded before Flop
Seat 5: 5888ebf (big blind) folded before Flop
Seat 6: b49ecec6 collected ($0.25)


Poker Hand #HD1789191772: Hold'em No Limit ($0.05/$0.1) - 2024/05/27 01:39:33
Table 'NLHRed13' 6-max Seat #2 is the button
Seat 1: fcd6f0dd ($14.28 in chips)
Seat 2: Hero ($11.13 in chips)
Seat 3: b2fc043a ($20.6 in chips)
Seat 4: 86a8ac44 ($10.48 in chips)
Seat 5: 5888ebf ($10.82 in chips)
Seat 6: b49ecec6 ($10.15 in chips)
b2fc043a: posts small blind $0.05
86a8ac44: posts big blind $0.1
*** HOLE CARDS ***
Dealt to fcd6f0dd 
Dealt to Hero [5h Qd]
Dealt to b2fc043a 
Dealt to 86a8ac44 
Dealt to 5888ebf 
Dealt to b49ecec6 
5888ebf: folds
b49ecec6: folds
fcd6f0dd: folds
Hero: folds
b2fc043a: raises $0.2 to $0.3
86a8ac44: calls $0.2
*** FLOP *** [4c Ac 8c]
b2fc043a: bets $0.2
86a8ac44: calls $0.2
*** TURN *** [4c Ac 8c] [5s]
b2fc043a: bets $0.75
86a8ac44: folds
Uncalled bet ($0.75) returned to b2fc043a
*** SHOWDOWN ***
b2fc043a collected $0.95 from pot
*** SUMMARY ***
Total pot $1 | Rake $0.05 | Jackpot $0 | Bingo $0 | Fortune $0 | Tax $0
Board [4c Ac 8c 5s]
Seat 1: fcd6f0dd folded before Flop (didn't bet)
Seat 2: Hero (button) folded before Flop (didn't bet)
Seat 3: b2fc043a (small blind) won ($0.95)
Seat 4: 86a8ac44 (big blind) folded on the Turn
Seat 5: 5888ebf folded before Flop (didn't bet)
Seat 6: b49ecec6 folded before Flop (didn't bet)


Poker Hand #HD1789191731: Hold'em No Limit ($0.05/$0.1) - 2024/05/27 01:39:13
Table 'NLHRed13' 6-max Seat #1 is the button
Seat 1: fcd6f0dd ($14.28 in chips)
Seat 2: Hero ($11.18 in chips)
Seat 3: b2fc043a ($20.7 in chips)
Seat 4: 86a8ac44 ($10.48 in chips)
Seat 5: 5888ebf ($10.82 in chips)
Seat 6: b49ecec6 ($10 in chips)
Hero: posts small blind $0.05
b2fc043a: posts big blind $0.1
*** HOLE CARDS ***
Dealt to fcd6f0dd 
Dealt to Hero [8h 3h]
Dealt to b2fc043a 
Dealt to 86a8ac44 
Dealt to 5888ebf 
Dealt to b49ecec6 
86a8ac44: folds
5888ebf: folds
b49ecec6: raises $0.15 to $0.25
fcd6f0dd: folds
Hero: folds
b2fc043a: folds
Uncalled bet ($0.15) returned to b49ecec6
*** SHOWDOWN ***
b49ecec6 collected $0.25 from pot
*** SUMMARY ***
Total pot $0.25 | Rake $0 | Jackpot $0 | Bingo $0 | Fortune $0 | Tax $0
Seat 1: fcd6f0dd (button) folded before Flop (didn't bet)
Seat 2: Hero (small blind) folded before Flop
Seat 3: b2fc043a (big blind) folded before Flop
Seat 4: 86a8ac44 folded before Flop (didn't bet)
Seat 5: 5888ebf folded before Flop (didn't bet)
Seat 6: b49ecec6 collected ($0.25)


Poker Hand #HD1789191642: Hold'em No Limit ($0.05/$0.1) - 2024/05/27 01:38:28
Table 'NLHRed13' 6-max Seat #6 is the button
Seat 1: fcd6f0dd ($14.68 in chips)
Seat 2: Hero ($10.82 in chips)
Seat 3: b2fc043a ($20.7 in chips)
Seat 4: 86a8ac44 ($10.48 in chips)
Seat 5: 5888ebf ($10.82 in chips)
Seat 6: b49ecec6 ($10 in chips)
fcd6f0dd: posts small blind $0.05
Hero: posts big blind $0.1
*** HOLE CARDS ***
Dealt to fcd6f0dd 
Dealt to Hero [Js 6s]
Dealt to b2fc043a 
Dealt to 86a8ac44 
Dealt to 5888ebf 
Dealt to b49ecec6 
b2fc043a: folds
86a8ac44: folds
5888ebf: folds
b49ecec6: folds
fcd6f0dd: raises $0.2 to $0.3
Hero: calls $0.2
*** FLOP *** [Ks 6h Kh]
fcd6f0dd: bets $0.1
Hero: calls $0.1
*** TURN *** [Ks 6h Kh] [9d]
fcd6f0dd: checks
Hero: checks
*** RIVER *** [Ks 6h Kh 9d] [5s]
fcd6f0dd: checks
Hero: checks
fcd6f0dd: shows [Qc Jh] (Pair of Kings)
Hero: shows [Js 6s] (Pair of Kings and Pair of Sixes)
*** SHOWDOWN ***
Hero collected $0.76 from pot
*** SUMMARY ***
Total pot $0.8 | Rake $0.04 | Jackpot $0 | Bingo $0 | Fortune $0 | Tax $0
Board [Ks 6h Kh 9d 5s]
Seat 1: fcd6f0dd (small blind) showed [Qc Jh] and lost with Pair of Kings
Seat 2: Hero (big blind) showed [Js 6s] and won ($0.76) with Pair of Kings and Pair of Sixes
Seat 3: b2fc043a folded before Flop (didn't bet)
Seat 4: 86a8ac44 folded before Flop (didn't bet)
Seat 5: 5888ebf folded before Flop (didn't bet)
Seat 6: b49ecec6 (button) folded before Flop (didn't bet)


Poker Hand #HD1789191497: Hold'em No Limit ($0.05/$0.1) - 2024/05/27 01:37:15
Table 'NLHRed13' 6-max Seat #5 is the button
Seat 1: fcd6f0dd ($12.44 in chips)
Seat 2: Hero ($10.82 in chips)
Seat 3: b2fc043a ($21 in chips)
Seat 4: 86a8ac44 ($10.48 in chips)
Seat 5: 5888ebf ($13.04 in chips)
Seat 6: b49ecec6 ($10 in chips)
b49ecec6: posts small blind $0.05
fcd6f0dd: posts big blind $0.1
*** HOLE CARDS ***
Dealt to fcd6f0dd 
Dealt to Hero [9s 5d]
Dealt to b2fc043a 
Dealt to 86a8ac44 
Dealt to 5888ebf 
Dealt to b49ecec6 
Hero: folds
b2fc043a: raises $0.2 to $0.3
86a8ac44: folds
5888ebf: calls $0.3
b49ecec6: folds
fcd6f0dd: calls $0.2
*** FLOP *** [7d 2d 5h]
fcd6f0dd: checks
b2fc043a: checks
5888ebf: bets $0.48
fcd6f0dd: calls $0.48
b2fc043a: folds
*** TURN *** [7d 2d 5h] [4c]
fcd6f0dd: checks
5888ebf: bets $1.44
fcd6f0dd: calls $1.44
*** RIVER *** [7d 2d 5h 4c] [2h]
fcd6f0dd: checks
5888ebf: checks
fcd6f0dd: shows [8d 7c] (Pair of Sevens and Pair of Twos)
5888ebf: shows [6c 6d] (Pair of Sixes and Pair of Twos)
*** SHOWDOWN ***
fcd6f0dd collected $4.46 from pot
*** SUMMARY ***
Total pot $4.79 | Rake $0.23 | Jackpot $0.1 | Bingo $0 | Fortune $0 | Tax $0
Board [7d 2d 5h 4c 2h]
Seat 1: fcd6f0dd (big blind) showed [8d 7c] and won ($4.46) with Pair of Sevens and Pair of Twos
Seat 2: Hero folded before Flop (didn't bet)
Seat 3: b2fc043a folded on the Flop
Seat 4: 86a8ac44 folded before Flop (didn't bet)
Seat 5: 5888ebf (button) showed [6c 6d] and lost with Pair of Sixes and Pair of Twos
Seat 6: b49ecec6 (small blind) folded before Flop


Poker Hand #HD1789191432: Hold'em No Limit ($0.05/$0.1) - 2024/05/27 01:36:42
Table 'NLHRed13' 6-max Seat #4 is the button
Seat 1: fcd6f0dd ($12.44 in chips)
Seat 2: Hero ($10.82 in chips)
Seat 3: b2fc043a ($21 in chips)
Seat 4: 86a8ac44 ($10.33 in chips)
Seat 5: 5888ebf ($13.09 in chips)
Seat 6: b49ecec6 ($10 in chips)
5888ebf: posts small blind $0.05
b49ecec6: posts big blind $0.1
*** HOLE CARDS ***
Dealt to fcd6f0dd 
Dealt to Hero [Qs Td]
Dealt to b2fc043a 
Dealt to 86a8ac44 
Dealt to 5888ebf 
Dealt to b49ecec6 
fcd6f0dd: folds
Hero: folds
b2fc043a: folds
86a8ac44: raises $0.15 to $0.25
5888ebf: folds
b49ecec6: folds
Uncalled bet ($0.15) returned to 86a8ac44
*** SHOWDOWN ***
86a8ac44 collected $0.25 from pot
*** SUMMARY ***
Total pot $0.25 | Rake $0 | Jackpot $0 | Bingo $0 | Fortune $0 | Tax $0
Seat 1: fcd6f0dd folded before Flop (didn't bet)
Seat 2: Hero folded before Flop (didn't bet)
Seat 3: b2fc043a folded before Flop (didn't bet)
Seat 4: 86a8ac44 (button) collected ($0.25)
Seat 5: 5888ebf (small blind) folded before Flop
Seat 6: b49ecec6 (big blind) folded before Flop


Poker Hand #HD1789191390: Hold'em No Limit ($0.05/$0.1) - 2024/05/27 01:36:21
Table 'NLHRed13' 6-max Seat #3 is the button
Seat 1: fcd6f0dd ($12.44 in chips)
Seat 2: Hero ($10.82 in chips)
Seat 3: b2fc043a ($21 in chips)
Seat 4: 86a8ac44 ($10.23 in chips)
Seat 5: 5888ebf ($13.19 in chips)
Seat 6: b49ecec6 ($10 in chips)
86a8ac44: posts small blind $0.05
5888ebf: posts big blind $0.1
*** HOLE CARDS ***
Dealt to fcd6f0dd 
Dealt to Hero [Js 2c]
Dealt to b2fc043a 
Dealt to 86a8ac44 
Dealt to 5888ebf 
Dealt to b49ecec6 
b49ecec6: folds
fcd6f0dd: folds
Hero: folds
b2fc043a: folds
86a8ac44: raises $0.2 to $0.3
5888ebf: folds
Uncalled bet ($0.2) returned to 86a8ac44
*** SHOWDOWN ***
86a8ac44 collected $0.2 from pot
*** SUMMARY ***
Total pot $0.2 | Rake $0 | Jackpot $0 | Bingo $0 | Fortune $0 | Tax $0
Seat 1: fcd6f0dd folded before Flop (didn't bet)
Seat 2: Hero folded before Flop (didn't bet)
Seat 3: b2fc043a (button) folded before Flop (didn't bet)
Seat 4: 86a8ac44 (small blind) collected ($0.2)
Seat 5: 5888ebf (big blind) folded before Flop
Seat 6: b49ecec6 folded before Flop (didn't bet)


Poker Hand #HD1789191241: Hold'em No Limit ($0.05/$0.1) - 2024/05/27 01:35:04
Table 'NLHRed13' 6-max Seat #2 is the button
Seat 1: fcd6f0dd ($12.44 in chips)
Seat 2: Hero ($10.82 in chips)
Seat 3: b2fc043a ($21.05 in chips)
Seat 4: 86a8ac44 ($10.33 in chips)
Seat 5: 5888ebf ($11.87 in chips)
Seat 6: b49ecec6 ($11.2 in chips)
b2fc043a: posts small blind $0.05
86a8ac44: posts big blind $0.1
*** HOLE CARDS ***
Dealt to fcd6f0dd 
Dealt to Hero [3c Js]
Dealt to b2fc043a 
Dealt to 86a8ac44 
Dealt to 5888ebf 
Dealt to b49ecec6 
5888ebf: raises $0.1 to $0.2
b49ecec6: raises $0.55 to $0.75
fcd6f0dd: folds
Hero: folds
b2fc043a: folds
86a8ac44: folds
5888ebf: calls $0.55
*** FLOP *** [4c 6h As]
5888ebf: checks
b49ecec6: checks
*** TURN *** [4c 6h As] [Jd]
5888ebf: bets $0.55
b49ecec6: calls $0.55
*** RIVER *** [4c 6h As Jd] [Qs]
5888ebf: bets $10.57 and is all-in
b49ecec6: folds
Uncalled bet ($10.57) returned to 5888ebf
*** SHOWDOWN ***
5888ebf collected $2.62 from pot
*** SUMMARY ***
Total pot $2.75 | Rake $0.13 | Jackpot $0 | Bingo $0 | Fortune $0 | Tax $0
Board [4c 6h As Jd Qs]
Seat 1: fcd6f0dd folded before Flop (didn't bet)
Seat 2: Hero (button) folded before Flop (didn't bet)
Seat 3: b2fc043a (small blind) folded before Flop
Seat 4: 86a8ac44 (big blind) folded before Flop
Seat 5: 5888ebf won ($2.62)
Seat 6: b49ecec6 folded on the River


Poker Hand #HD1789191152: Hold'em No Limit ($0.05/$0.1) - 2024/05/27 01:34:23
Table 'NLHRed13' 6-max Seat #1 is the button
Seat 1: fcd6f0dd ($12.44 in chips)
Seat 2: Hero ($10.87 in chips)
Seat 3: b2fc043a ($21.15 in chips)
Seat 4: 86a8ac44 ($10.33 in chips)
Seat 5: 5888ebf ($11.87 in chips)
Seat 6: b49ecec6 ($11.05 in chips)
Hero: posts small blind $0.05
b2fc043a: posts big blind $0.1
*** HOLE CARDS ***
Dealt to fcd6f0dd 
Dealt to Hero [6c Ad]
Dealt to b2fc043a 
Dealt to 86a8ac44 
Dealt to 5888ebf 
Dealt to b49ecec6 
86a8ac44: folds
5888ebf: folds
b49ecec6: raises $0.2 to $0.3
fcd6f0dd: folds
Hero: folds
b2fc043a: folds
Uncalled bet ($0.2) returned to b49ecec6
*** SHOWDOWN ***
b49ecec6 collected $0.25 from pot
*** SUMMARY ***
Total pot $0.25 | Rake $0 | Jackpot $0 | Bingo $0 | Fortune $0 | Tax $0
Seat 1: fcd6f0dd (button) folded before Flop (didn't bet)
Seat 2: Hero (small blind) folded before Flop
Seat 3: b2fc043a (big blind) folded before Flop
Seat 4: 86a8ac44 folded before Flop (didn't bet)
Seat 5: 5888ebf folded before Flop (didn't bet)
Seat 6: b49ecec6 collected ($0.25)


Poker Hand #HD1789191051: Hold'em No Limit ($0.05/$0.1) - 2024/05/27 01:33:31
Table 'NLHRed13' 6-max Seat #6 is the button
Seat 1: fcd6f0dd ($12.49 in chips)
Seat 2: Hero ($10.97 in chips)
Seat 3: b2fc043a ($21.15 in chips)
Seat 4: 86a8ac44 ($10.33 in chips)
Seat 5: 5888ebf ($11.97 in chips)
Seat 6: b49ecec6 ($10.81 in chips)
fcd6f0dd: posts small blind $0.05
Hero: posts big blind $0.1
*** HOLE CARDS ***
Dealt to fcd6f0dd 
Dealt to Hero [8s 6s]
Dealt to b2fc043a 
Dealt to 86a8ac44 
Dealt to 5888ebf 
Dealt to b49ecec6 
b2fc043a: folds
86a8ac44: folds
5888ebf: calls $0.1
b49ecec6: raises $0.4 to $0.5
fcd6f0dd: folds
Hero: folds
5888ebf: folds
Uncalled bet ($0.4) returned to b49ecec6
*** SHOWDOWN ***
b49ecec6 collected $0.34 from pot
*** SUMMARY ***
Total pot $0.35 | Rake $0.01 | Jackpot $0 | Bingo $0 | Fortune $0 | Tax $0
Seat 1: fcd6f0dd (small blind) folded before Flop
Seat 2: Hero (big blind) folded before Flop
Seat 3: b2fc043a folded before Flop (didn't bet)
Seat 4: 86a8ac44 folded before Flop (didn't bet)
Seat 5: 5888ebf folded before Flop
Seat 6: b49ecec6 (button) collected ($0.34)


Poker Hand #HD1789191018: Hold'em No Limit ($0.05/$0.1) - 2024/05/27 01:33:14
Table 'NLHRed13' 6-max Seat #5 is the button
Seat 1: fcd6f0dd ($12.59 in chips)
Seat 2: Hero ($10.97 in chips)
Seat 3: b2fc043a ($21.15 in chips)
Seat 4: 86a8ac44 ($10.33 in chips)
Seat 5: 5888ebf ($11.82 in chips)
Seat 6: b49ecec6 ($10.86 in chips)
b49ecec6: posts small blind $0.05
fcd6f0dd: posts big blind $0.1
*** HOLE CARDS ***
Dealt to fcd6f0dd 
Dealt to Hero [5s 2s]
Dealt to b2fc043a 
Dealt to 86a8ac44 
Dealt to 5888ebf 
Dealt to b49ecec6 
Hero: folds
b2fc043a: folds
86a8ac44: folds
5888ebf: raises $0.2 to $0.3
b49ecec6: folds
fcd6f0dd: folds
Uncalled bet ($0.2) returned to 5888ebf
*** SHOWDOWN ***
5888ebf collected $0.25 from pot
*** SUMMARY ***
Total pot $0.25 | Rake $0 | Jackpot $0 | Bingo $0 | Fortune $0 | Tax $0
Seat 1: fcd6f0dd (big blind) folded before Flop
Seat 2: Hero folded before Flop (didn't bet)
Seat 3: b2fc043a folded before Flop (didn't bet)
Seat 4: 86a8ac44 folded before Flop (didn't bet)
Seat 5: 5888ebf (button) collected ($0.25)
Seat 6: b49ecec6 (small blind) folded before Flop


Poker Hand #HD1789190954: Hold'em No Limit ($0.05/$0.1) - 2024/05/27 01:32:40
Table 'NLHRed13' 6-max Seat #4 is the button
Seat 1: fcd6f0dd ($12.59 in chips)
Seat 2: Hero ($11.17 in chips)
Seat 3: b2fc043a ($21.15 in chips)
Seat 4: 86a8ac44 ($10 in chips)
Seat 5: 5888ebf ($11.87 in chips)
Seat 6: b49ecec6 ($10.96 in chips)
5888ebf: posts small blind $0.05
b49ecec6: posts big blind $0.1
*** HOLE CARDS ***
Dealt to fcd6f0dd 
Dealt to Hero [Kd Jh]
Dealt to b2fc043a 
Dealt to 86a8ac44 
Dealt to 5888ebf 
Dealt to b49ecec6 
fcd6f0dd: folds
Hero: raises $0.1 to $0.2
b2fc043a: folds
86a8ac44: raises $0.5 to $0.7
5888ebf: folds
b49ecec6: folds
Hero: folds
Uncalled bet ($0.5) returned to 86a8ac44
*** SHOWDOWN ***
86a8ac44 collected $0.53 from pot
*** SUMMARY ***
Total pot $0.55 | Rake $0.02 | Jackpot $0 | Bingo $0 | Fortune $0 | Tax $0
Seat 1: fcd6f0dd folded before Flop (didn't bet)
Seat 2: Hero folded before Flop
Seat 3: b2fc043a folded before Flop (didn't bet)
Seat 4: 86a8ac44 (button) collected ($0.53)
Seat 5: 5888ebf (small blind) folded before Flop
Seat 6: b49ecec6 (big blind) folded before Flop


Poker Hand #HD1789190908: Hold'em No Limit ($0.05/$0.1) - 2024/05/27 01:32:17
Table 'NLHRed13' 6-max Seat #3 is the button
Seat 1: fcd6f0dd ($12.59 in chips)
Seat 2: Hero ($11.02 in chips)
Seat 3: b2fc043a ($21.15 in chips)
Seat 4: 86a8ac44 ($10.05 in chips)
Seat 5: 5888ebf ($11.97 in chips)
Seat 6: b49ecec6 ($10.96 in chips)
86a8ac44: posts small blind $0.05
5888ebf: posts big blind $0.1
*** HOLE CARDS ***
Dealt to fcd6f0dd 
Dealt to Hero [9d Ah]
Dealt to b2fc043a 
Dealt to 86a8ac44 
Dealt to 5888ebf 
Dealt to b49ecec6 
b49ecec6: folds
fcd6f0dd: folds
Hero: raises $0.14 to $0.24
b2fc043a: folds
86a8ac44: folds
5888ebf: folds
Uncalled bet ($0.14) returned to Hero
*** SHOWDOWN ***
Hero collected $0.25 from pot
*** SUMMARY ***
Total pot $0.25 | Rake $0 | Jackpot $0 | Bingo $0 | Fortune $0 | Tax $0
Seat 1: fcd6f0dd folded before Flop (didn't bet)
Seat 2: Hero collected ($0.25)
Seat 3: b2fc043a (button) folded before Flop (didn't bet)
Seat 4: 86a8ac44 (small blind) folded before Flop
Seat 5: 5888ebf (big blind) folded before Flop
Seat 6: b49ecec6 folded before Flop (didn't bet)


Poker Hand #HD1789190764: Hold'em No Limit ($0.05/$0.1) - 2024/05/27 01:31:04
Table 'NLHRed13' 6-max Seat #2 is the button
Seat 1: fcd6f0dd ($12.59 in chips)
Seat 2: Hero ($10 in chips)
Seat 3: b2fc043a ($21.2 in chips)
Seat 4: 86a8ac44 ($10.15 in chips)
Seat 5: 5888ebf ($12.94 in chips)
Seat 6: b49ecec6 ($10.96 in chips)
b2fc043a: posts small blind $0.05
86a8ac44: posts big blind $0.1
*** HOLE CARDS ***
Dealt to fcd6f0dd 
Dealt to Hero [9s Qs]
Dealt to b2fc043a 
Dealt to 86a8ac44 
Dealt to 5888ebf 
Dealt to b49ecec6 
5888ebf: raises $0.2 to $0.3
b49ecec6: folds
fcd6f0dd: folds
Hero: calls $0.3
b2fc043a: folds
86a8ac44: folds
*** FLOP *** [2d As Qd]
5888ebf: bets $0.25
Hero: calls $0.25
*** TURN *** [2d As Qd] [2c]
5888ebf: bets $0.42
Hero: calls $0.42
*** RIVER *** [2d As Qd 2c] [Jd]
5888ebf: checks
Hero: checks
5888ebf: shows [3c 3d] (Pair of Treys and Pair of Twos)
Hero: shows [9s Qs] (Pair of Queens and Pair of Twos)
*** SHOWDOWN ***
Hero collected $1.99 from pot
*** SUMMARY ***
Total pot $2.09 | Rake $0.1 | Jackpot $0 | Bingo $0 | Fortune $0 | Tax $0
Board [2d As Qd 2c Jd]
Seat 1: fcd6f0dd folded before Flop (didn't bet)
Seat 2: Hero (button) showed [9s Qs] and won ($1.99) with Pair of Queens and Pair of Twos
Seat 3: b2fc043a (small blind) folded before Flop
Seat 4: 86a8ac44 (big blind) folded before Flop
Seat 5: 5888ebf showed [3c 3d] and lost with Pair of Treys and Pair of Twos
Seat 6: b49ecec6 folded before Flop (didn't bet)


Poker Hand #HD1789190636: Hold'em No Limit ($0.05/$0.1) - 2024/05/27 01:29:59
Table 'NLHRed13' 6-max Seat #1 is the button
Seat 1: fcd6f0dd ($12.59 in chips)
Seat 2: Hero ($10 in chips)
Seat 3: b2fc043a ($21.3 in chips)
Seat 4: 86a8ac44 ($10.15 in chips)
Seat 5: 5888ebf ($13.84 in chips)
Seat 6: b49ecec6 ($10 in chips)
Hero: posts small blind $0.05
b2fc043a: posts big blind $0.1
*** HOLE CARDS ***
Dealt to fcd6f0dd 
Dealt to Hero [9c 2d]
Dealt to b2fc043a 
Dealt to 86a8ac44 
Dealt to 5888ebf 
Dealt to b49ecec6 
86a8ac44: folds
5888ebf: raises $0.2 to $0.3
b49ecec6: raises $0.6 to $0.9
fcd6f0dd: folds
Hero: folds
b2fc043a: folds
5888ebf: calls $0.6
*** FLOP *** [Jc 3c 8s]
5888ebf: checks
b49ecec6: checks
*** TURN *** [Jc 3c 8s] [Ah]
5888ebf: checks
b49ecec6: bets $1.06
5888ebf: folds
Uncalled bet ($1.06) returned to b49ecec6
*** SHOWDOWN ***
b49ecec6 collected $1.86 from pot
*** SUMMARY ***
Total pot $1.95 | Rake $0.09 | Jackpot $0 | Bingo $0 | Fortune $0 | Tax $0
Board [Jc 3c 8s Ah]
Seat 1: fcd6f0dd (button) folded before Flop (didn't bet)
Seat 2: Hero (small blind) folded before Flop
Seat 3: b2fc043a (big blind) folded before Flop
Seat 4: 86a8ac44 folded before Flop (didn't bet)
Seat 5: 5888ebf folded on the Turn
Seat 6: b49ecec6 won ($1.86)


Poker Hand #HD1789190600: Hold'em No Limit ($0.05/$0.1) - 2024/05/27 01:29:40
Table 'NLHRed13' 6-max Seat #6 is the button
Seat 1: fcd6f0dd ($12.64 in chips)
Seat 2: Hero ($10 in chips)
Seat 3: b2fc043a ($21.3 in chips)
Seat 4: 86a8ac44 ($10 in chips)
Seat 5: 5888ebf ($13.84 in chips)
Seat 6: b49ecec6 ($10 in chips)
fcd6f0dd: posts small blind $0.05
Hero: posts big blind $0.1
*** HOLE CARDS ***
Dealt to fcd6f0dd 
Dealt to Hero [7s Qd]
Dealt to b2fc043a 
Dealt to 86a8ac44 
Dealt to 5888ebf 
Dealt to b49ecec6 
b2fc043a: folds
86a8ac44: raises $0.2 to $0.3
5888ebf: folds
b49ecec6: folds
fcd6f0dd: folds
Hero: folds
Uncalled bet ($0.2) returned to 86a8ac44
*** SHOWDOWN ***
86a8ac44 collected $0.25 from pot
*** SUMMARY ***
Total pot $0.25 | Rake $0 | Jackpot $0 | Bingo $0 | Fortune $0 | Tax $0
Seat 1: fcd6f0dd (small blind) folded before Flop
Seat 2: Hero (big blind) folded before Flop
Seat 3: b2fc043a folded before Flop (didn't bet)
Seat 4: 86a8ac44 collected ($0.25)
Seat 5: 5888ebf folded before Flop (didn't bet)
Seat 6: b49ecec6 (button) folded before Flop (didn't bet)


