Poker Hand #HD1744898106: Hold'em No Limit ($0.02/$0.05) - 2024/04/24 19:06:02
Table 'NLHBlue39' 6-max Seat #6 is the button
Seat 1: ac0da820 ($4.89 in chips)
Seat 2: Hero ($5.89 in chips)
Seat 3: 74d9a396 ($6.37 in chips)
Seat 6: 3a271b87 ($5.77 in chips)
ac0da820: posts small blind $0.02
Hero: posts big blind $0.05
*** HOLE CARDS ***
Dealt to ac0da820 
Dealt to Hero [7s 7h]
Dealt to 74d9a396 
Dealt to 3a271b87 
74d9a396: raises $0.08 to $0.13
3a271b87: raises $0.27 to $0.4
ac0da820: calls $0.38
Hero: folds
74d9a396: folds
*** FLOP *** [9c Ah 4c]
ac0da820: checks
3a271b87: bets $0.33
ac0da820: folds
Uncalled bet ($0.33) returned to 3a271b87
*** SHOWDOWN ***
3a271b87 collected $0.94 from pot
*** SUMMARY ***
Total pot $0.98 | Rake $0.04 | Jackpot $0 | Bingo $0 | Fortune $0 | Tax $0
Board [9c Ah 4c]
Seat 1: ac0da820 (small blind) folded on the Flop
Seat 2: Hero (big blind) folded before Flop
Seat 3: 74d9a396 folded before Flop
Seat 6: 3a271b87 (button) won ($0.94)


Poker Hand #HD1744898090: Hold'em No Limit ($0.02/$0.05) - 2024/04/24 19:05:53
Table 'NLHBlue39' 6-max Seat #3 is the button
Seat 1: ac0da820 ($4.87 in chips)
Seat 2: Hero ($5.89 in chips)
Seat 3: 74d9a396 ($6.37 in chips)
Seat 6: 3a271b87 ($5.79 in chips)
3a271b87: posts small blind $0.02
ac0da820: posts big blind $0.05
*** HOLE CARDS ***
Dealt to ac0da820 
Dealt to Hero [7d Js]
Dealt to 74d9a396 
Dealt to 3a271b87 
Hero: folds
74d9a396: folds
3a271b87: folds
Uncalled bet ($0.03) returned to ac0da820
*** SHOWDOWN ***
ac0da820 collected $0.04 from pot
*** SUMMARY ***
Total pot $0.04 | Rake $0 | Jackpot $0 | Bingo $0 | Fortune $0 | Tax $0
Seat 1: ac0da820 (big blind) collected ($0.04)
Seat 2: Hero folded before Flop (didn't bet)
Seat 3: 74d9a396 (button) folded before Flop (didn't bet)
Seat 6: 3a271b87 (small blind) folded before Flop


Poker Hand #HD1744898067: Hold'em No Limit ($0.02/$0.05) - 2024/04/24 19:05:43
Table 'NLHBlue39' 6-max Seat #2 is the button
Seat 1: ac0da820 ($4.87 in chips)
Seat 2: Hero ($5.89 in chips)
Seat 3: 74d9a396 ($6.39 in chips)
Seat 6: 3a271b87 ($5.77 in chips)
74d9a396: posts small blind $0.02
3a271b87: posts big blind $0.05
*** HOLE CARDS ***
Dealt to ac0da820 
Dealt to Hero [Ac 4s]
Dealt to 74d9a396 
Dealt to 3a271b87 
ac0da820: folds
Hero: folds
74d9a396: folds
Uncalled bet ($0.03) returned to 3a271b87
*** SHOWDOWN ***
3a271b87 collected $0.04 from pot
*** SUMMARY ***
Total pot $0.04 | Rake $0 | Jackpot $0 | Bingo $0 | Fortune $0 | Tax $0
Seat 1: ac0da820 folded before Flop (didn't bet)
Seat 2: Hero (button) folded before Flop (didn't bet)
Seat 3: 74d9a396 (small blind) folded before Flop
Seat 6: 3a271b87 (big blind) collected ($0.04)


Poker Hand #HD1744897945: Hold'em No Limit ($0.02/$0.05) - 2024/04/24 19:04:47
Table 'NLHBlue39' 6-max Seat #1 is the button
Seat 1: ac0da820 ($4.92 in chips)
Seat 2: Hero ($5.91 in chips)
Seat 3: 74d9a396 ($6.32 in chips)
Seat 4: 3d2da9b ($8.31 in chips)
Seat 5: 8bdcb922 ($7.6 in chips)
Seat 6: 3a271b87 ($5.77 in chips)
Hero: posts small blind $0.02
74d9a396: posts big blind $0.05
*** HOLE CARDS ***
Dealt to ac0da820 
Dealt to Hero [7c Qd]
Dealt to 74d9a396 
Dealt to 3d2da9b 
Dealt to 8bdcb922 
Dealt to 3a271b87 
3d2da9b: folds
8bdcb922: folds
3a271b87: folds
ac0da820: calls $0.05
Hero: folds
74d9a396: checks
*** FLOP *** [5d Qs Kd]
74d9a396: checks
ac0da820: checks
*** TURN *** [5d Qs Kd] [Ad]
74d9a396: checks
ac0da820: checks
*** RIVER *** [5d Qs Kd Ad] [Ts]
74d9a396: checks
ac0da820: checks
74d9a396: shows [Kh 3c] (Pair of Kings)
ac0da820: shows [4s 4c] (Pair of Fours)
*** SHOWDOWN ***
74d9a396 collected $0.12 from pot
*** SUMMARY ***
Total pot $0.12 | Rake $0 | Jackpot $0 | Bingo $0 | Fortune $0 | Tax $0
Board [5d Qs Kd Ad Ts]
Seat 1: ac0da820 (button) showed [4s 4c] and lost with Pair of Fours
Seat 2: Hero (small blind) folded before Flop
Seat 3: 74d9a396 (big blind) showed [Kh 3c] and won ($0.12) with Pair of Kings
Seat 4: 3d2da9b folded before Flop (didn't bet)
Seat 5: 8bdcb922 folded before Flop (didn't bet)
Seat 6: 3a271b87 folded before Flop (didn't bet)


Poker Hand #HD1744897783: Hold'em No Limit ($0.02/$0.05) - 2024/04/24 19:03:24
Table 'NLHBlue39' 6-max Seat #6 is the button
Seat 1: ac0da820 ($5.07 in chips)
Seat 2: Hero ($5.96 in chips)
Seat 3: 74d9a396 ($6.32 in chips)
Seat 4: 3d2da9b ($8.31 in chips)
Seat 5: 8bdcb922 ($7.41 in chips)
Seat 6: 3a271b87 ($5.77 in chips)
ac0da820: posts small blind $0.02
Hero: posts big blind $0.05
*** HOLE CARDS ***
Dealt to ac0da820 
Dealt to Hero [Ah 8d]
Dealt to 74d9a396 
Dealt to 3d2da9b 
Dealt to 8bdcb922 
Dealt to 3a271b87 
74d9a396: folds
3d2da9b: folds
8bdcb922: raises $0.1 to $0.15
3a271b87: folds
ac0da820: calls $0.13
Hero: folds
*** FLOP *** [Ac 9c Ts]
ac0da820: checks
8bdcb922: checks
*** TURN *** [Ac 9c Ts] [7s]
ac0da820: checks
8bdcb922: bets $0.27
ac0da820: folds
Uncalled bet ($0.27) returned to 8bdcb922
*** SHOWDOWN ***
8bdcb922 collected $0.34 from pot
*** SUMMARY ***
Total pot $0.35 | Rake $0.01 | Jackpot $0 | Bingo $0 | Fortune $0 | Tax $0
Board [Ac 9c Ts 7s]
Seat 1: ac0da820 (small blind) folded on the Turn
Seat 2: Hero (big blind) folded before Flop
Seat 3: 74d9a396 folded before Flop (didn't bet)
Seat 4: 3d2da9b folded before Flop (didn't bet)
Seat 5: 8bdcb922 won ($0.34)
Seat 6: 3a271b87 (button) folded before Flop (didn't bet)


Poker Hand #HD1744897720: Hold'em No Limit ($0.02/$0.05) - 2024/04/24 19:02:57
Table 'NLHBlue39' 6-max Seat #5 is the button
Seat 1: ac0da820 ($5.12 in chips)
Seat 2: Hero ($5.96 in chips)
Seat 3: 74d9a396 ($6.32 in chips)
Seat 4: 3d2da9b ($8.31 in chips)
Seat 5: 8bdcb922 ($7.34 in chips)
Seat 6: 3a271b87 ($5.79 in chips)
3a271b87: posts small blind $0.02
ac0da820: posts big blind $0.05
*** HOLE CARDS ***
Dealt to ac0da820 
Dealt to Hero [Ts Kd]
Dealt to 74d9a396 
Dealt to 3d2da9b 
Dealt to 8bdcb922 
Dealt to 3a271b87 
Hero: folds
74d9a396: folds
3d2da9b: folds
8bdcb922: raises $0.1 to $0.15
3a271b87: folds
ac0da820: folds
Uncalled bet ($0.1) returned to 8bdcb922
*** SHOWDOWN ***
8bdcb922 collected $0.12 from pot
*** SUMMARY ***
Total pot $0.12 | Rake $0 | Jackpot $0 | Bingo $0 | Fortune $0 | Tax $0
Seat 1: ac0da820 (big blind) folded before Flop
Seat 2: Hero folded before Flop (didn't bet)
Seat 3: 74d9a396 folded before Flop (didn't bet)
Seat 4: 3d2da9b folded before Flop (didn't bet)
Seat 5: 8bdcb922 (button) collected ($0.12)
Seat 6: 3a271b87 (small blind) folded before Flop


Poker Hand #HD1744897586: Hold'em No Limit ($0.02/$0.05) - 2024/04/24 19:01:52
Table 'NLHBlue39' 6-max Seat #4 is the button
Seat 1: ac0da820 ($5.12 in chips)
Seat 2: Hero ($6.06 in chips)
Seat 3: 74d9a396 ($6.16 in chips)
Seat 4: 3d2da9b ($8.31 in chips)
Seat 5: 8bdcb922 ($7.36 in chips)
Seat 6: 3a271b87 ($5.84 in chips)
8bdcb922: posts small blind $0.02
3a271b87: posts big blind $0.05
*** HOLE CARDS ***
Dealt to ac0da820 
Dealt to Hero [8c 8h]
Dealt to 74d9a396 
Dealt to 3d2da9b 
Dealt to 8bdcb922 
Dealt to 3a271b87 
ac0da820: folds
Hero: raises $0.05 to $0.1
74d9a396: raises $0.2 to $0.3
3d2da9b: folds
8bdcb922: folds
3a271b87: folds
Hero: folds
Uncalled bet ($0.2) returned to 74d9a396
*** SHOWDOWN ***
74d9a396 collected $0.26 from pot
*** SUMMARY ***
Total pot $0.27 | Rake $0.01 | Jackpot $0 | Bingo $0 | Fortune $0 | Tax $0
Seat 1: ac0da820 folded before Flop (didn't bet)
Seat 2: Hero folded before Flop
Seat 3: 74d9a396 collected ($0.26)
Seat 4: 3d2da9b (button) folded before Flop (didn't bet)
Seat 5: 8bdcb922 (small blind) folded before Flop
Seat 6: 3a271b87 (big blind) folded before Flop


Poker Hand #HD1744897512: Hold'em No Limit ($0.02/$0.05) - 2024/04/24 19:01:20
Table 'NLHBlue39' 6-max Seat #3 is the button
Seat 1: ac0da820 ($5.12 in chips)
Seat 2: Hero ($5.99 in chips)
Seat 3: 74d9a396 ($6.16 in chips)
Seat 4: 3d2da9b ($8.33 in chips)
Seat 5: 8bdcb922 ($7.41 in chips)
Seat 6: 3a271b87 ($5.84 in chips)
3d2da9b: posts small blind $0.02
8bdcb922: posts big blind $0.05
*** HOLE CARDS ***
Dealt to ac0da820 
Dealt to Hero [Ah 9h]
Dealt to 74d9a396 
Dealt to 3d2da9b 
Dealt to 8bdcb922 
Dealt to 3a271b87 
3a271b87: folds
ac0da820: folds
Hero: raises $0.07 to $0.12
74d9a396: folds
3d2da9b: folds
8bdcb922: folds
Uncalled bet ($0.07) returned to Hero
*** SHOWDOWN ***
Hero collected $0.12 from pot
*** SUMMARY ***
Total pot $0.12 | Rake $0 | Jackpot $0 | Bingo $0 | Fortune $0 | Tax $0
Seat 1: ac0da820 folded before Flop (didn't bet)
Seat 2: Hero collected ($0.12)
Seat 3: 74d9a396 (button) folded before Flop (didn't bet)
Seat 4: 3d2da9b (small blind) folded before Flop
Seat 5: 8bdcb922 (big blind) folded before Flop
Seat 6: 3a271b87 folded before Flop (didn't bet)


Poker Hand #HD1744897437: Hold'em No Limit ($0.02/$0.05) - 2024/04/24 19:00:47
Table 'NLHBlue39' 6-max Seat #2 is the button
Seat 1: ac0da820 ($5.12 in chips)
Seat 2: Hero ($5.8 in chips)
Seat 3: 74d9a396 ($6.18 in chips)
Seat 4: 3d2da9b ($8.38 in chips)
Seat 5: 8bdcb922 ($7.41 in chips)
Seat 6: 3a271b87 ($5.97 in chips)
74d9a396: posts small blind $0.02
3d2da9b: posts big blind $0.05
*** HOLE CARDS ***
Dealt to ac0da820 
Dealt to Hero [Kh Qd]
Dealt to 74d9a396 
Dealt to 3d2da9b 
Dealt to 8bdcb922 
Dealt to 3a271b87 
8bdcb922: folds
3a271b87: raises $0.08 to $0.13
ac0da820: folds
Hero: raises $0.27 to $0.4
74d9a396: folds
3d2da9b: folds
3a271b87: folds
Uncalled bet ($0.27) returned to Hero
*** SHOWDOWN ***
Hero collected $0.32 from pot
*** SUMMARY ***
Total pot $0.33 | Rake $0.01 | Jackpot $0 | Bingo $0 | Fortune $0 | Tax $0
Seat 1: ac0da820 folded before Flop (didn't bet)
Seat 2: Hero (button) collected ($0.32)
Seat 3: 74d9a396 (small blind) folded before Flop
Seat 4: 3d2da9b (big blind) folded before Flop
Seat 5: 8bdcb922 folded before Flop (didn't bet)
Seat 6: 3a271b87 folded before Flop


Poker Hand #HD1744897384: Hold'em No Limit ($0.02/$0.05) - 2024/04/24 19:00:25
Table 'NLHBlue39' 6-max Seat #1 is the button
Seat 1: ac0da820 ($5.12 in chips)
Seat 2: Hero ($5.82 in chips)
Seat 3: 74d9a396 ($6.16 in chips)
Seat 4: 3d2da9b ($8.38 in chips)
Seat 5: 8bdcb922 ($7.41 in chips)
Seat 6: 3a271b87 ($5.97 in chips)
Hero: posts small blind $0.02
74d9a396: posts big blind $0.05
*** HOLE CARDS ***
Dealt to ac0da820 
Dealt to Hero [Kd 4c]
Dealt to 74d9a396 
Dealt to 3d2da9b 
Dealt to 8bdcb922 
Dealt to 3a271b87 
3d2da9b: folds
8bdcb922: folds
3a271b87: folds
ac0da820: folds
Hero: folds
Uncalled bet ($0.03) returned to 74d9a396
*** SHOWDOWN ***
74d9a396 collected $0.04 from pot
*** SUMMARY ***
Total pot $0.04 | Rake $0 | Jackpot $0 | Bingo $0 | Fortune $0 | Tax $0
Seat 1: ac0da820 (button) folded before Flop (didn't bet)
Seat 2: Hero (small blind) folded before Flop
Seat 3: 74d9a396 (big blind) collected ($0.04)
Seat 4: 3d2da9b folded before Flop (didn't bet)
Seat 5: 8bdcb922 folded before Flop (didn't bet)
Seat 6: 3a271b87 folded before Flop (didn't bet)


Poker Hand #HD1744897251: Hold'em No Limit ($0.02/$0.05) - 2024/04/24 18:59:33
Table 'NLHBlue39' 6-max Seat #6 is the button
Seat 1: ac0da820 ($5.39 in chips)
Seat 2: Hero ($5.87 in chips)
Seat 3: 74d9a396 ($6.16 in chips)
Seat 4: 3d2da9b ($8.38 in chips)
Seat 5: 8bdcb922 ($7.12 in chips)
Seat 6: 3a271b87 ($5.97 in chips)
ac0da820: posts small blind $0.02
Hero: posts big blind $0.05
*** HOLE CARDS ***
Dealt to ac0da820 
Dealt to Hero [Ad 8c]
Dealt to 74d9a396 
Dealt to 3d2da9b 
Dealt to 8bdcb922 
Dealt to 3a271b87 
74d9a396: folds
3d2da9b: folds
8bdcb922: raises $0.1 to $0.15
3a271b87: folds
ac0da820: calls $0.13
Hero: folds
*** FLOP *** [3c Qs Js]
ac0da820: checks
8bdcb922: bets $0.12
ac0da820: calls $0.12
*** TURN *** [3c Qs Js] [2d]
ac0da820: checks
8bdcb922: bets $0.45
ac0da820: folds
Uncalled bet ($0.45) returned to 8bdcb922
*** SHOWDOWN ***
8bdcb922 collected $0.56 from pot
*** SUMMARY ***
Total pot $0.59 | Rake $0.03 | Jackpot $0 | Bingo $0 | Fortune $0 | Tax $0
Board [3c Qs Js 2d]
Seat 1: ac0da820 (small blind) folded on the Turn
Seat 2: Hero (big blind) folded before Flop
Seat 3: 74d9a396 folded before Flop (didn't bet)
Seat 4: 3d2da9b folded before Flop (didn't bet)
Seat 5: 8bdcb922 won ($0.56)
Seat 6: 3a271b87 (button) folded before Flop (didn't bet)


Poker Hand #HD1744897174: Hold'em No Limit ($0.02/$0.05) - 2024/04/24 18:58:59
Table 'NLHBlue39' 6-max Seat #5 is the button
Seat 1: ac0da820 ($5.54 in chips)
Seat 2: Hero ($5.87 in chips)
Seat 3: 74d9a396 ($6 in chips)
Seat 4: 3d2da9b ($8.38 in chips)
Seat 5: 8bdcb922 ($7.12 in chips)
Seat 6: 3a271b87 ($5.99 in chips)
3a271b87: posts small blind $0.02
ac0da820: posts big blind $0.05
*** HOLE CARDS ***
Dealt to ac0da820 
Dealt to Hero [3d 2c]
Dealt to 74d9a396 
Dealt to 3d2da9b 
Dealt to 8bdcb922 
Dealt to 3a271b87 
Hero: folds
74d9a396: raises $0.1 to $0.15
3d2da9b: folds
8bdcb922: folds
3a271b87: folds
ac0da820: calls $0.1
*** FLOP *** [Jc Kc 6d]
ac0da820: checks
74d9a396: bets $0.16
ac0da820: folds
Uncalled bet ($0.16) returned to 74d9a396
*** SHOWDOWN ***
74d9a396 collected $0.31 from pot
*** SUMMARY ***
Total pot $0.32 | Rake $0.01 | Jackpot $0 | Bingo $0 | Fortune $0 | Tax $0
Board [Jc Kc 6d]
Seat 1: ac0da820 (big blind) folded on the Flop
Seat 2: Hero folded before Flop (didn't bet)
Seat 3: 74d9a396 won ($0.31)
Seat 4: 3d2da9b folded before Flop (didn't bet)
Seat 5: 8bdcb922 (button) folded before Flop (didn't bet)
Seat 6: 3a271b87 (small blind) folded before Flop


Poker Hand #HD1744897124: Hold'em No Limit ($0.02/$0.05) - 2024/04/24 18:58:38
Table 'NLHBlue39' 6-max Seat #4 is the button
Seat 1: ac0da820 ($5.54 in chips)
Seat 2: Hero ($5.87 in chips)
Seat 3: 74d9a396 ($6 in chips)
Seat 4: 3d2da9b ($8.38 in chips)
Seat 5: 8bdcb922 ($7.14 in chips)
Seat 6: 3a271b87 ($5.97 in chips)
8bdcb922: posts small blind $0.02
3a271b87: posts big blind $0.05
*** HOLE CARDS ***
Dealt to ac0da820 
Dealt to Hero [3s Td]
Dealt to 74d9a396 
Dealt to 3d2da9b 
Dealt to 8bdcb922 
Dealt to 3a271b87 
ac0da820: folds
Hero: folds
74d9a396: folds
3d2da9b: folds
8bdcb922: folds
Uncalled bet ($0.03) returned to 3a271b87
*** SHOWDOWN ***
3a271b87 collected $0.04 from pot
*** SUMMARY ***
Total pot $0.04 | Rake $0 | Jackpot $0 | Bingo $0 | Fortune $0 | Tax $0
Seat 1: ac0da820 folded before Flop (didn't bet)
Seat 2: Hero folded before Flop (didn't bet)
Seat 3: 74d9a396 folded before Flop (didn't bet)
Seat 4: 3d2da9b (button) folded before Flop (didn't bet)
Seat 5: 8bdcb922 (small blind) folded before Flop
Seat 6: 3a271b87 (big blind) collected ($0.04)


Poker Hand #HD1744897079: Hold'em No Limit ($0.02/$0.05) - 2024/04/24 18:58:16
Table 'NLHBlue39' 6-max Seat #3 is the button
Seat 2: Hero ($5.87 in chips)
Seat 3: 74d9a396 ($6 in chips)
Seat 4: 3d2da9b ($8.4 in chips)
Seat 5: 8bdcb922 ($7.12 in chips)
Seat 6: 3a271b87 ($5.97 in chips)
3d2da9b: posts small blind $0.02
8bdcb922: posts big blind $0.05
*** HOLE CARDS ***
Dealt to Hero [Js 3s]
Dealt to 74d9a396 
Dealt to 3d2da9b 
Dealt to 8bdcb922 
Dealt to 3a271b87 
3a271b87: folds
Hero: folds
74d9a396: folds
3d2da9b: folds
Uncalled bet ($0.03) returned to 8bdcb922
*** SHOWDOWN ***
8bdcb922 collected $0.04 from pot
*** SUMMARY ***
Total pot $0.04 | Rake $0 | Jackpot $0 | Bingo $0 | Fortune $0 | Tax $0
Seat 2: Hero folded before Flop (didn't bet)
Seat 3: 74d9a396 (button) folded before Flop (didn't bet)
Seat 4: 3d2da9b (small blind) folded before Flop
Seat 5: 8bdcb922 (big blind) collected ($0.04)
Seat 6: 3a271b87 folded before Flop (didn't bet)


Poker Hand #HD1744897026: Hold'em No Limit ($0.02/$0.05) - 2024/04/24 18:57:52
Table 'NLHBlue39' 6-max Seat #2 is the button
Seat 1: ac0da820 ($5.54 in chips)
Seat 2: Hero ($5.87 in chips)
Seat 3: 74d9a396 ($5.95 in chips)
Seat 4: 3d2da9b ($8.45 in chips)
Seat 5: 8bdcb922 ($7.12 in chips)
Seat 6: 3a271b87 ($5.97 in chips)
74d9a396: posts small blind $0.02
3d2da9b: posts big blind $0.05
*** HOLE CARDS ***
Dealt to ac0da820 
Dealt to Hero [Ts 2c]
Dealt to 74d9a396 
Dealt to 3d2da9b 
Dealt to 8bdcb922 
Dealt to 3a271b87 
8bdcb922: folds
3a271b87: folds
ac0da820: folds
Hero: folds
74d9a396: raises $0.08 to $0.13
3d2da9b: folds
Uncalled bet ($0.08) returned to 74d9a396
*** SHOWDOWN ***
74d9a396 collected $0.1 from pot
*** SUMMARY ***
Total pot $0.1 | Rake $0 | Jackpot $0 | Bingo $0 | Fortune $0 | Tax $0
Seat 1: ac0da820 folded before Flop (didn't bet)
Seat 2: Hero (button) folded before Flop (didn't bet)
Seat 3: 74d9a396 (small blind) collected ($0.1)
Seat 4: 3d2da9b (big blind) folded before Flop
Seat 5: 8bdcb922 folded before Flop (didn't bet)
Seat 6: 3a271b87 folded before Flop (didn't bet)


Poker Hand #HD1744896994: Hold'em No Limit ($0.02/$0.05) - 2024/04/24 18:57:38
Table 'NLHBlue39' 6-max Seat #1 is the button
Seat 1: ac0da820 ($5.54 in chips)
Seat 2: Hero ($5.89 in chips)
Seat 3: 74d9a396 ($5.93 in chips)
Seat 4: 3d2da9b ($8.45 in chips)
Seat 5: 8bdcb922 ($7.12 in chips)
Seat 6: 3a271b87 ($5.97 in chips)
Hero: posts small blind $0.02
74d9a396: posts big blind $0.05
*** HOLE CARDS ***
Dealt to ac0da820 
Dealt to Hero [6s 3s]
Dealt to 74d9a396 
Dealt to 3d2da9b 
Dealt to 8bdcb922 
Dealt to 3a271b87 
3d2da9b: folds
8bdcb922: folds
3a271b87: folds
ac0da820: folds
Hero: folds
Uncalled bet ($0.03) returned to 74d9a396
*** SHOWDOWN ***
74d9a396 collected $0.04 from pot
*** SUMMARY ***
Total pot $0.04 | Rake $0 | Jackpot $0 | Bingo $0 | Fortune $0 | Tax $0
Seat 1: ac0da820 (button) folded before Flop (didn't bet)
Seat 2: Hero (small blind) folded before Flop
Seat 3: 74d9a396 (big blind) collected ($0.04)
Seat 4: 3d2da9b folded before Flop (didn't bet)
Seat 5: 8bdcb922 folded before Flop (didn't bet)
Seat 6: 3a271b87 folded before Flop (didn't bet)


Poker Hand #HD1744896943: Hold'em No Limit ($0.02/$0.05) - 2024/04/24 18:57:16
Table 'NLHBlue39' 6-max Seat #6 is the button
Seat 1: ac0da820 ($5.56 in chips)
Seat 2: Hero ($5.94 in chips)
Seat 3: 74d9a396 ($5.93 in chips)
Seat 4: 3d2da9b ($8.38 in chips)
Seat 5: 8bdcb922 ($7.12 in chips)
Seat 6: 3a271b87 ($5.97 in chips)
ac0da820: posts small blind $0.02
Hero: posts big blind $0.05
*** HOLE CARDS ***
Dealt to ac0da820 
Dealt to Hero [Qc 4s]
Dealt to 74d9a396 
Dealt to 3d2da9b 
Dealt to 8bdcb922 
Dealt to 3a271b87 
74d9a396: folds
3d2da9b: raises $0.08 to $0.13
8bdcb922: folds
3a271b87: folds
ac0da820: folds
Hero: folds
Uncalled bet ($0.08) returned to 3d2da9b
*** SHOWDOWN ***
3d2da9b collected $0.12 from pot
*** SUMMARY ***
Total pot $0.12 | Rake $0 | Jackpot $0 | Bingo $0 | Fortune $0 | Tax $0
Seat 1: ac0da820 (small blind) folded before Flop
Seat 2: Hero (big blind) folded before Flop
Seat 3: 74d9a396 folded before Flop (didn't bet)
Seat 4: 3d2da9b collected ($0.12)
Seat 5: 8bdcb922 folded before Flop (didn't bet)
Seat 6: 3a271b87 (button) folded before Flop (didn't bet)


Poker Hand #HD1744896841: Hold'em No Limit ($0.02/$0.05) - 2024/04/24 18:56:36
Table 'NLHBlue39' 6-max Seat #5 is the button
Seat 1: ac0da820 ($5.61 in chips)
Seat 2: Hero ($5.94 in chips)
Seat 3: 74d9a396 ($5.93 in chips)
Seat 4: 3d2da9b ($8.51 in chips)
Seat 5: 8bdcb922 ($7.12 in chips)
Seat 6: 3a271b87 ($5.8 in chips)
3a271b87: posts small blind $0.02
ac0da820: posts big blind $0.05
*** HOLE CARDS ***
Dealt to ac0da820 
Dealt to Hero [5c 6c]
Dealt to 74d9a396 
Dealt to 3d2da9b 
Dealt to 8bdcb922 
Dealt to 3a271b87 
Hero: folds
74d9a396: folds
3d2da9b: raises $0.08 to $0.13
8bdcb922: folds
3a271b87: calls $0.11
ac0da820: folds
*** FLOP *** [Td Ts Js]
3a271b87: checks
3d2da9b: checks
*** TURN *** [Td Ts Js] [Ad]
3a271b87: checks
3d2da9b: checks
*** RIVER *** [Td Ts Js Ad] [Qh]
3a271b87: bets $0.16
3d2da9b: folds
Uncalled bet ($0.16) returned to 3a271b87
*** SHOWDOWN ***
3a271b87 collected $0.3 from pot
*** SUMMARY ***
Total pot $0.31 | Rake $0.01 | Jackpot $0 | Bingo $0 | Fortune $0 | Tax $0
Board [Td Ts Js Ad Qh]
Seat 1: ac0da820 (big blind) folded before Flop
Seat 2: Hero folded before Flop (didn't bet)
Seat 3: 74d9a396 folded before Flop (didn't bet)
Seat 4: 3d2da9b folded on the River
Seat 5: 8bdcb922 (button) folded before Flop (didn't bet)
Seat 6: 3a271b87 (small blind) won ($0.3)


Poker Hand #HD1744896798: Hold'em No Limit ($0.02/$0.05) - 2024/04/24 18:56:20
Table 'NLHBlue39' 6-max Seat #4 is the button
Seat 1: ac0da820 ($5.61 in chips)
Seat 2: Hero ($5.94 in chips)
Seat 3: 74d9a396 ($5.93 in chips)
Seat 4: 3d2da9b ($8.51 in chips)
Seat 5: 8bdcb922 ($7.14 in chips)
Seat 6: 3a271b87 ($5.78 in chips)
8bdcb922: posts small blind $0.02
3a271b87: posts big blind $0.05
*** HOLE CARDS ***
Dealt to ac0da820 
Dealt to Hero [4d Qh]
Dealt to 74d9a396 
Dealt to 3d2da9b 
Dealt to 8bdcb922 
Dealt to 3a271b87 
ac0da820: folds
Hero: folds
74d9a396: folds
3d2da9b: folds
8bdcb922: folds
Uncalled bet ($0.03) returned to 3a271b87
*** SHOWDOWN ***
3a271b87 collected $0.04 from pot
*** SUMMARY ***
Total pot $0.04 | Rake $0 | Jackpot $0 | Bingo $0 | Fortune $0 | Tax $0
Seat 1: ac0da820 folded before Flop (didn't bet)
Seat 2: Hero folded before Flop (didn't bet)
Seat 3: 74d9a396 folded before Flop (didn't bet)
Seat 4: 3d2da9b (button) folded before Flop (didn't bet)
Seat 5: 8bdcb922 (small blind) folded before Flop
Seat 6: 3a271b87 (big blind) collected ($0.04)


Poker Hand #HD1744896625: Hold'em No Limit ($0.02/$0.05) - 2024/04/24 18:55:01
Table 'NLHBlue39' 6-max Seat #3 is the button
Seat 1: ac0da820 ($5.72 in chips)
Seat 2: Hero ($5.94 in chips)
Seat 3: 74d9a396 ($6.75 in chips)
Seat 4: 3d2da9b ($8.62 in chips)
Seat 5: 8bdcb922 ($6.24 in chips)
Seat 6: 3a271b87 ($5.78 in chips)
3d2da9b: posts small blind $0.02
8bdcb922: posts big blind $0.05
*** HOLE CARDS ***
Dealt to ac0da820 
Dealt to Hero [Ts 4h]
Dealt to 74d9a396 
Dealt to 3d2da9b 
Dealt to 8bdcb922 
Dealt to 3a271b87 
3a271b87: folds
ac0da820: calls $0.05
Hero: folds
74d9a396: raises $0.06 to $0.11
3d2da9b: calls $0.09
8bdcb922: calls $0.06
ac0da820: calls $0.06
*** FLOP *** [Qs 3c 4c]
3d2da9b: checks
8bdcb922: bets $0.15
ac0da820: folds
74d9a396: calls $0.15
3d2da9b: folds
*** TURN *** [Qs 3c 4c] [6s]
8bdcb922: bets $0.56
74d9a396: calls $0.56
*** RIVER *** [Qs 3c 4c 6s] [7d]
8bdcb922: checks
74d9a396: checks
8bdcb922: shows [Jd Qc] (Pair of Queens)
74d9a396: shows [8c 7c] (Pair of Sevens)
*** SHOWDOWN ***
8bdcb922 collected $1.72 from pot
*** SUMMARY ***
Total pot $1.86 | Rake $0.09 | Jackpot $0.05 | Bingo $0 | Fortune $0 | Tax $0
Board [Qs 3c 4c 6s 7d]
Seat 1: ac0da820 folded on the Flop
Seat 2: Hero folded before Flop (didn't bet)
Seat 3: 74d9a396 (button) showed [8c 7c] and lost with Pair of Sevens
Seat 4: 3d2da9b (small blind) folded on the Flop
Seat 5: 8bdcb922 (big blind) showed [Jd Qc] and won ($1.72) with Pair of Queens
Seat 6: 3a271b87 folded before Flop (didn't bet)


Poker Hand #HD1744896549: Hold'em No Limit ($0.02/$0.05) - 2024/04/24 18:54:23
Table 'NLHBlue39' 6-max Seat #2 is the button
Seat 1: ac0da820 ($5.72 in chips)
Seat 2: Hero ($5.94 in chips)
Seat 3: 74d9a396 ($6.77 in chips)
Seat 4: 3d2da9b ($8.77 in chips)
Seat 5: 8bdcb922 ($6.08 in chips)
Seat 6: 3a271b87 ($5.78 in chips)
74d9a396: posts small blind $0.02
3d2da9b: posts big blind $0.05
*** HOLE CARDS ***
Dealt to ac0da820 
Dealt to Hero [7s 8d]
Dealt to 74d9a396 
Dealt to 3d2da9b 
Dealt to 8bdcb922 
Dealt to 3a271b87 
8bdcb922: raises $0.1 to $0.15
3a271b87: folds
ac0da820: folds
Hero: folds
74d9a396: folds
3d2da9b: calls $0.1
*** FLOP *** [Kc Ks 7c]
3d2da9b: checks
8bdcb922: checks
*** TURN *** [Kc Ks 7c] [5c]
3d2da9b: checks
8bdcb922: checks
*** RIVER *** [Kc Ks 7c 5c] [Jh]
3d2da9b: checks
8bdcb922: checks
3d2da9b: shows [6h Ah] (Pair of Kings)
8bdcb922: shows [Ts Ad] (Pair of Kings)
*** SHOWDOWN ***
8bdcb922 collected $0.31 from pot
*** SUMMARY ***
Total pot $0.32 | Rake $0.01 | Jackpot $0 | Bingo $0 | Fortune $0 | Tax $0
Board [Kc Ks 7c 5c Jh]
Seat 1: ac0da820 folded before Flop (didn't bet)
Seat 2: Hero (button) folded before Flop (didn't bet)
Seat 3: 74d9a396 (small blind) folded before Flop
Seat 4: 3d2da9b (big blind) showed [6h Ah] and lost with Pair of Kings
Seat 5: 8bdcb922 showed [Ts Ad] and won ($0.31) with Pair of Kings
Seat 6: 3a271b87 folded before Flop (didn't bet)


Poker Hand #HD1744896400: Hold'em No Limit ($0.02/$0.05) - 2024/04/24 18:53:18
Table 'NLHBlue39' 6-max Seat #1 is the button
Seat 1: ac0da820 ($5.28 in chips)
Seat 2: Hero ($5.96 in chips)
Seat 3: 74d9a396 ($6.92 in chips)
Seat 4: 3d2da9b ($8.77 in chips)
Seat 5: 8bdcb922 ($6.39 in chips)
Seat 6: 3a271b87 ($5.78 in chips)
Hero: posts small blind $0.02
74d9a396: posts big blind $0.05
*** HOLE CARDS ***
Dealt to ac0da820 
Dealt to Hero [2h 2s]
Dealt to 74d9a396 
Dealt to 3d2da9b 
Dealt to 8bdcb922 
Dealt to 3a271b87 
3d2da9b: folds
8bdcb922: raises $0.1 to $0.15
3a271b87: folds
ac0da820: calls $0.15
Hero: folds
74d9a396: calls $0.1
*** FLOP *** [7h 8s Js]
74d9a396: checks
8bdcb922: bets $0.16
ac0da820: calls $0.16
74d9a396: folds
*** TURN *** [7h 8s Js] [4d]
8bdcb922: checks
ac0da820: checks
*** RIVER *** [7h 8s Js 4d] [7d]
8bdcb922: checks
ac0da820: checks
8bdcb922: shows [Ts Ad] (Pair of Sevens)
ac0da820: shows [Td Jh] (Pair of Jacks and Pair of Sevens)
*** SHOWDOWN ***
ac0da820 collected $0.75 from pot
*** SUMMARY ***
Total pot $0.79 | Rake $0.04 | Jackpot $0 | Bingo $0 | Fortune $0 | Tax $0
Board [7h 8s Js 4d 7d]
Seat 1: ac0da820 (button) showed [Td Jh] and won ($0.75) with Pair of Jacks and Pair of Sevens
Seat 2: Hero (small blind) folded before Flop
Seat 3: 74d9a396 (big blind) folded on the Flop
Seat 4: 3d2da9b folded before Flop (didn't bet)
Seat 5: 8bdcb922 showed [Ts Ad] and lost with Pair of Sevens
Seat 6: 3a271b87 folded before Flop (didn't bet)


Poker Hand #HD1744896309: Hold'em No Limit ($0.02/$0.05) - 2024/04/24 18:52:40
Table 'NLHBlue39' 6-max Seat #6 is the button
Seat 1: ac0da820 ($5.3 in chips)
Seat 2: Hero ($5.94 in chips)
Seat 3: 74d9a396 ($6.92 in chips)
Seat 4: 3d2da9b ($8.77 in chips)
Seat 5: 8bdcb922 ($6.39 in chips)
Seat 6: 3a271b87 ($5.78 in chips)
ac0da820: posts small blind $0.02
Hero: posts big blind $0.05
*** HOLE CARDS ***
Dealt to ac0da820 
Dealt to Hero [4s Jh]
Dealt to 74d9a396 
Dealt to 3d2da9b 
Dealt to 8bdcb922 
Dealt to 3a271b87 
74d9a396: folds
3d2da9b: folds
8bdcb922: folds
3a271b87: folds
ac0da820: folds
Uncalled bet ($0.03) returned to Hero
*** SHOWDOWN ***
Hero collected $0.04 from pot
*** SUMMARY ***
Total pot $0.04 | Rake $0 | Jackpot $0 | Bingo $0 | Fortune $0 | Tax $0
Seat 1: ac0da820 (small blind) folded before Flop
Seat 2: Hero (big blind) collected ($0.04)
Seat 3: 74d9a396 folded before Flop (didn't bet)
Seat 4: 3d2da9b folded before Flop (didn't bet)
Seat 5: 8bdcb922 folded before Flop (didn't bet)
Seat 6: 3a271b87 (button) folded before Flop (didn't bet)


Poker Hand #HD1744896270: Hold'em No Limit ($0.02/$0.05) - 2024/04/24 18:52:20
Table 'NLHBlue39' 6-max Seat #5 is the button
Seat 1: ac0da820 ($5.28 in chips)
Seat 2: Hero ($5.94 in chips)
Seat 3: 74d9a396 ($6.92 in chips)
Seat 4: 3d2da9b ($8.77 in chips)
Seat 5: 8bdcb922 ($6.39 in chips)
Seat 6: 3a271b87 ($5.8 in chips)
3a271b87: posts small blind $0.02
ac0da820: posts big blind $0.05
*** HOLE CARDS ***
Dealt to ac0da820 
Dealt to Hero [3h 4d]
Dealt to 74d9a396 
Dealt to 3d2da9b 
Dealt to 8bdcb922 
Dealt to 3a271b87 
Hero: folds
74d9a396: folds
3d2da9b: folds
8bdcb922: folds
3a271b87: folds
Uncalled bet ($0.03) returned to ac0da820
*** SHOWDOWN ***
ac0da820 collected $0.04 from pot
*** SUMMARY ***
Total pot $0.04 | Rake $0 | Jackpot $0 | Bingo $0 | Fortune $0 | Tax $0
Seat 1: ac0da820 (big blind) collected ($0.04)
Seat 2: Hero folded before Flop (didn't bet)
Seat 3: 74d9a396 folded before Flop (didn't bet)
Seat 4: 3d2da9b folded before Flop (didn't bet)
Seat 5: 8bdcb922 (button) folded before Flop (didn't bet)
Seat 6: 3a271b87 (small blind) folded before Flop


Poker Hand #HD1744896117: Hold'em No Limit ($0.02/$0.05) - 2024/04/24 18:51:09
Table 'NLHBlue39' 6-max Seat #4 is the button
Seat 1: ac0da820 ($5.28 in chips)
Seat 2: Hero ($5.83 in chips)
Seat 3: 74d9a396 ($6.92 in chips)
Seat 4: 3d2da9b ($8.77 in chips)
Seat 5: 8bdcb922 ($6.41 in chips)
Seat 6: 3a271b87 ($5.9 in chips)
8bdcb922: posts small blind $0.02
3a271b87: posts big blind $0.05
*** HOLE CARDS ***
Dealt to ac0da820 
Dealt to Hero [7h 7d]
Dealt to 74d9a396 
Dealt to 3d2da9b 
Dealt to 8bdcb922 
Dealt to 3a271b87 
ac0da820: folds
Hero: raises $0.05 to $0.1
74d9a396: folds
3d2da9b: folds
8bdcb922: folds
3a271b87: calls $0.05
*** FLOP *** [9h Ah 4d]
3a271b87: checks
Hero: checks
*** TURN *** [9h Ah 4d] [Tc]
3a271b87: checks
Hero: checks
*** RIVER *** [9h Ah 4d Tc] [3s]
3a271b87: checks
Hero: checks
3a271b87: shows [5h Qh] (Ace-High)
Hero: shows [7h 7d] (Pair of Sevens)
*** SHOWDOWN ***
Hero collected $0.21 from pot
*** SUMMARY ***
Total pot $0.22 | Rake $0.01 | Jackpot $0 | Bingo $0 | Fortune $0 | Tax $0
Board [9h Ah 4d Tc 3s]
Seat 1: ac0da820 folded before Flop (didn't bet)
Seat 2: Hero showed [7h 7d] and won ($0.21) with Pair of Sevens
Seat 3: 74d9a396 folded before Flop (didn't bet)
Seat 4: 3d2da9b (button) folded before Flop (didn't bet)
Seat 5: 8bdcb922 (small blind) folded before Flop
Seat 6: 3a271b87 (big blind) showed [5h Qh] and lost with Ace-High


Poker Hand #HD1744896050: Hold'em No Limit ($0.02/$0.05) - 2024/04/24 18:50:37
Table 'NLHBlue39' 6-max Seat #3 is the button
Seat 1: ac0da820 ($4.45 in chips)
Seat 2: Hero ($5 in chips)
Seat 3: 74d9a396 ($6.09 in chips)
Seat 4: 3d2da9b ($7.94 in chips)
Seat 5: 8bdcb922 ($5.63 in chips)
Seat 6: 3a271b87 ($5 in chips)
3d2da9b: posts small blind $0.02
8bdcb922: posts big blind $0.05
*** HOLE CARDS ***
Dealt to ac0da820 
Dealt to Hero [4s 7c]
Dealt to 74d9a396 
Dealt to 3d2da9b 
Dealt to 8bdcb922 
Dealt to 3a271b87 
3a271b87: raises $0.08 to $0.13
ac0da820: folds
Hero: folds
74d9a396: folds
3d2da9b: folds
8bdcb922: folds
Uncalled bet ($0.08) returned to 3a271b87
*** SHOWDOWN ***
3a271b87 collected $0.12 from pot
*** SUMMARY ***
Total pot $0.12 | Rake $0 | Jackpot $0 | Bingo $0 | Fortune $0 | Tax $0
Seat 1: ac0da820 folded before Flop (didn't bet)
Seat 2: Hero folded before Flop (didn't bet)
Seat 3: 74d9a396 (button) folded before Flop (didn't bet)
Seat 4: 3d2da9b (small blind) folded before Flop
Seat 5: 8bdcb922 (big blind) folded before Flop
Seat 6: 3a271b87 collected ($0.12)


Poker Hand #HD1744895886: Hold'em No Limit ($0.02/$0.05) - 2024/04/24 18:49:26
Table 'NLHBlue39' 6-max Seat #2 is the button
Seat 1: ac0da820 ($4.85 in chips)
Seat 2: Hero ($5 in chips)
Seat 3: 74d9a396 ($5.3 in chips)
Seat 4: 3d2da9b ($7.99 in chips)
Seat 5: 8bdcb922 ($5.63 in chips)
Seat 6: 3a271b87 ($5.2 in chips)
74d9a396: posts small blind $0.02
3d2da9b: posts big blind $0.05
*** HOLE CARDS ***
Dealt to ac0da820 
Dealt to Hero [5s Qh]
Dealt to 74d9a396 
Dealt to 3d2da9b 
Dealt to 8bdcb922 
Dealt to 3a271b87 
8bdcb922: folds
3a271b87: raises $0.08 to $0.13
ac0da820: calls $0.13
Hero: folds
74d9a396: raises $0.27 to $0.4
3d2da9b: folds
3a271b87: calls $0.27
ac0da820: calls $0.27
*** FLOP *** [7h 2s Ac]
74d9a396: bets $0.94
3a271b87: folds
ac0da820: folds
Uncalled bet ($0.94) returned to 74d9a396
*** SHOWDOWN ***
74d9a396 collected $1.19 from pot
*** SUMMARY ***
Total pot $1.25 | Rake $0.06 | Jackpot $0 | Bingo $0 | Fortune $0 | Tax $0
Board [7h 2s Ac]
Seat 1: ac0da820 folded on the Flop
Seat 2: Hero (button) folded before Flop (didn't bet)
Seat 3: 74d9a396 (small blind) won ($1.19)
Seat 4: 3d2da9b (big blind) folded before Flop
Seat 5: 8bdcb922 folded before Flop (didn't bet)
Seat 6: 3a271b87 folded on the Flop


Poker Hand #HD1744895814: Hold'em No Limit ($0.02/$0.05) - 2024/04/24 18:48:46
Table 'NLHBlue39' 6-max Seat #1 is the button
Seat 1: ac0da820 ($4.78 in chips)
Seat 2: Hero ($5 in chips)
Seat 3: 74d9a396 ($5.35 in chips)
Seat 4: 3d2da9b ($7.99 in chips)
Seat 5: 8bdcb922 ($5.63 in chips)
Seat 6: 3a271b87 ($5.2 in chips)
Hero: posts small blind $0.02
74d9a396: posts big blind $0.05
*** HOLE CARDS ***
Dealt to ac0da820 
Dealt to Hero [6s 5s]
Dealt to 74d9a396 
Dealt to 3d2da9b 
Dealt to 8bdcb922 
Dealt to 3a271b87 
3d2da9b: folds
8bdcb922: folds
3a271b87: folds
ac0da820: calls $0.05
Hero: folds
74d9a396: checks
*** FLOP *** [As 6d Td]
74d9a396: checks
ac0da820: bets $0.06
74d9a396: folds
Uncalled bet ($0.06) returned to ac0da820
*** SHOWDOWN ***
ac0da820 collected $0.12 from pot
*** SUMMARY ***
Total pot $0.12 | Rake $0 | Jackpot $0 | Bingo $0 | Fortune $0 | Tax $0
Board [As 6d Td]
Seat 1: ac0da820 (button) won ($0.12)
Seat 2: Hero (small blind) folded before Flop
Seat 3: 74d9a396 (big blind) folded on the Flop
Seat 4: 3d2da9b folded before Flop (didn't bet)
Seat 5: 8bdcb922 folded before Flop (didn't bet)
Seat 6: 3a271b87 folded before Flop (didn't bet)


Poker Hand #HD1744895723: Hold'em No Limit ($0.02/$0.05) - 2024/04/24 18:48:12
Table 'NLHBlue39' 6-max Seat #6 is the button
Seat 1: ac0da820 ($4.8 in chips)
Seat 2: Hero ($5 in chips)
Seat 3: 74d9a396 ($5.35 in chips)
Seat 4: 3d2da9b ($7.92 in chips)
Seat 5: 8bdcb922 ($5.63 in chips)
Seat 6: 3a271b87 ($5.2 in chips)
ac0da820: posts small blind $0.02
Hero: posts big blind $0.05
*** HOLE CARDS ***
Dealt to ac0da820 
Dealt to Hero [Td 7c]
Dealt to 74d9a396 
Dealt to 3d2da9b 
Dealt to 8bdcb922 
Dealt to 3a271b87 
74d9a396: folds
3d2da9b: raises $0.1 to $0.15
8bdcb922: folds
3a271b87: folds
ac0da820: folds
Hero: folds
Uncalled bet ($0.1) returned to 3d2da9b
*** SHOWDOWN ***
3d2da9b collected $0.12 from pot
*** SUMMARY ***
Total pot $0.12 | Rake $0 | Jackpot $0 | Bingo $0 | Fortune $0 | Tax $0
Seat 1: ac0da820 (small blind) folded before Flop
Seat 2: Hero (big blind) folded before Flop
Seat 3: 74d9a396 folded before Flop (didn't bet)
Seat 4: 3d2da9b collected ($0.12)
Seat 5: 8bdcb922 folded before Flop (didn't bet)
Seat 6: 3a271b87 (button) folded before Flop (didn't bet)


Poker Hand #HD1744895660: Hold'em No Limit ($0.02/$0.05) - 2024/04/24 18:47:36
Table 'NLHBlue39' 6-max Seat #5 is the button
Seat 1: ac0da820 ($4.93 in chips)
Seat 2: Hero ($5 in chips)
Seat 3: 74d9a396 ($5.35 in chips)
Seat 4: 3d2da9b ($7.78 in chips)
Seat 5: 8bdcb922 ($5.63 in chips)
Seat 6: 3a271b87 ($5.22 in chips)
3a271b87: posts small blind $0.02
ac0da820: posts big blind $0.05
*** HOLE CARDS ***
Dealt to ac0da820 
Dealt to Hero [3d Tc]
Dealt to 74d9a396 
Dealt to 3d2da9b 
Dealt to 8bdcb922 
Dealt to 3a271b87 
Hero: folds
74d9a396: folds
3d2da9b: raises $0.08 to $0.13
8bdcb922: folds
3a271b87: folds
ac0da820: calls $0.08
*** FLOP *** [Jd 6s Kc]
ac0da820: checks
3d2da9b: bets $0.1
ac0da820: folds
Uncalled bet ($0.1) returned to 3d2da9b
*** SHOWDOWN ***
3d2da9b collected $0.27 from pot
*** SUMMARY ***
Total pot $0.28 | Rake $0.01 | Jackpot $0 | Bingo $0 | Fortune $0 | Tax $0
Board [Jd 6s Kc]
Seat 1: ac0da820 (big blind) folded on the Flop
Seat 2: Hero folded before Flop (didn't bet)
Seat 3: 74d9a396 folded before Flop (didn't bet)
Seat 4: 3d2da9b won ($0.27)
Seat 5: 8bdcb922 (button) folded before Flop (didn't bet)
Seat 6: 3a271b87 (small blind) folded before Flop


Poker Hand #HD1744805456: Hold'em No Limit ($0.02/$0.05) - 2024/04/24 18:46:05
Table 'NLHBlue39' 6-max Seat #4 is the button
Seat 1: ac0da820 ($4.92 in chips)
Seat 2: Hero ($5 in chips)
Seat 3: 74d9a396 ($5.35 in chips)
Seat 4: 3d2da9b ($7.78 in chips)
Seat 5: 8bdcb922 ($5.65 in chips)
Seat 6: 3a271b87 ($5.21 in chips)
8bdcb922: posts small blind $0.02
3a271b87: posts big blind $0.05
*** HOLE CARDS ***
Dealt to ac0da820 
Dealt to Hero [8d 4h]
Dealt to 74d9a396 
Dealt to 3d2da9b 
Dealt to 8bdcb922 
Dealt to 3a271b87 
ac0da820: calls $0.05
Hero: folds
74d9a396: folds
3d2da9b: folds
8bdcb922: folds
3a271b87: checks
*** FLOP *** [2s Qd 2c]
3a271b87: checks
ac0da820: checks
*** TURN *** [2s Qd 2c] [Kc]
3a271b87: checks
ac0da820: checks
*** RIVER *** [2s Qd 2c Kc] [4c]
3a271b87: checks
ac0da820: checks
3a271b87: shows [6d 5d] (Pair of Twos)
ac0da820: shows [6s 3s] (Pair of Twos)
*** SHOWDOWN ***
3a271b87 collected $0.06 from pot
ac0da820 collected $0.06 from pot
*** SUMMARY ***
Total pot $0.12 | Rake $0 | Jackpot $0 | Bingo $0 | Fortune $0 | Tax $0
Board [2s Qd 2c Kc 4c]
Seat 1: ac0da820 showed [6s 3s] and won ($0.06) with Pair of Twos
Seat 2: Hero folded before Flop (didn't bet)
Seat 3: 74d9a396 folded before Flop (didn't bet)
Seat 4: 3d2da9b (button) folded before Flop (didn't bet)
Seat 5: 8bdcb922 (small blind) folded before Flop
Seat 6: 3a271b87 (big blind) showed [6d 5d] and won ($0.06) with Pair of Twos


Poker Hand #HD1744805353: Hold'em No Limit ($0.02/$0.05) - 2024/04/24 18:45:18
Table 'NLHBlue39' 6-max Seat #3 is the button
Seat 1: ac0da820 ($4.92 in chips)
Seat 2: Hero ($5 in chips)
Seat 3: 74d9a396 ($5.35 in chips)
Seat 4: 3d2da9b ($7.8 in chips)
Seat 5: 8bdcb922 ($5.78 in chips)
Seat 6: 3a271b87 ($5.07 in chips)
3d2da9b: posts small blind $0.02
8bdcb922: posts big blind $0.05
*** HOLE CARDS ***
Dealt to ac0da820 
Dealt to Hero [Ac 5d]
Dealt to 74d9a396 
Dealt to 3d2da9b 
Dealt to 8bdcb922 
Dealt to 3a271b87 
3a271b87: raises $0.08 to $0.13
ac0da820: folds
Hero: folds
74d9a396: folds
3d2da9b: folds
8bdcb922: calls $0.08
*** FLOP *** [As 5s 9d]
8bdcb922: checks
3a271b87: bets $0.19
8bdcb922: folds
Uncalled bet ($0.19) returned to 3a271b87
*** SHOWDOWN ***
3a271b87 collected $0.27 from pot
*** SUMMARY ***
Total pot $0.28 | Rake $0.01 | Jackpot $0 | Bingo $0 | Fortune $0 | Tax $0
Board [As 5s 9d]
Seat 1: ac0da820 folded before Flop (didn't bet)
Seat 2: Hero folded before Flop (didn't bet)
Seat 3: 74d9a396 (button) folded before Flop (didn't bet)
Seat 4: 3d2da9b (small blind) folded before Flop
Seat 5: 8bdcb922 (big blind) folded on the Flop
Seat 6: 3a271b87 won ($0.27)


Poker Hand #HD1744805265: Hold'em No Limit ($0.02/$0.05) - 2024/04/24 18:44:37
Table 'NLHBlue39' 6-max Seat #2 is the button
Seat 1: ac0da820 ($5.07 in chips)
Seat 2: Hero ($5 in chips)
Seat 3: 74d9a396 ($5.37 in chips)
Seat 4: 3d2da9b ($7.5 in chips)
Seat 5: 8bdcb922 ($5.78 in chips)
Seat 6: 3a271b87 ($5.22 in chips)
74d9a396: posts small blind $0.02
3d2da9b: posts big blind $0.05
*** HOLE CARDS ***
Dealt to ac0da820 
Dealt to Hero [8d 4s]
Dealt to 74d9a396 
Dealt to 3d2da9b 
Dealt to 8bdcb922 
Dealt to 3a271b87 
8bdcb922: folds
3a271b87: raises $0.1 to $0.15
ac0da820: calls $0.15
Hero: folds
74d9a396: folds
3d2da9b: raises $0.53 to $0.68
3a271b87: folds
ac0da820: folds
Uncalled bet ($0.53) returned to 3d2da9b
*** SHOWDOWN ***
3d2da9b collected $0.45 from pot
*** SUMMARY ***
Total pot $0.47 | Rake $0.02 | Jackpot $0 | Bingo $0 | Fortune $0 | Tax $0
Seat 1: ac0da820 folded before Flop
Seat 2: Hero (button) folded before Flop (didn't bet)
Seat 3: 74d9a396 (small blind) folded before Flop
Seat 4: 3d2da9b (big blind) collected ($0.45)
Seat 5: 8bdcb922 folded before Flop (didn't bet)
Seat 6: 3a271b87 folded before Flop


Poker Hand #HD1744805215: Hold'em No Limit ($0.02/$0.05) - 2024/04/24 18:44:12
Table 'NLHBlue39' 6-max Seat #1 is the button
Seat 1: ac0da820 ($5.07 in chips)
Seat 2: Hero ($5 in chips)
Seat 3: 74d9a396 ($5.42 in chips)
Seat 4: 3d2da9b ($7.43 in chips)
Seat 5: 8bdcb922 ($5.78 in chips)
Seat 6: 3a271b87 ($5.22 in chips)
Hero: posts small blind $0.02
74d9a396: posts big blind $0.05
*** HOLE CARDS ***
Dealt to ac0da820 
Dealt to Hero [Jd 5h]
Dealt to 74d9a396 
Dealt to 3d2da9b 
Dealt to 8bdcb922 
Dealt to 3a271b87 
3d2da9b: raises $0.08 to $0.13
8bdcb922: folds
3a271b87: folds
ac0da820: folds
Hero: folds
74d9a396: folds
Uncalled bet ($0.08) returned to 3d2da9b
*** SHOWDOWN ***
3d2da9b collected $0.12 from pot
*** SUMMARY ***
Total pot $0.12 | Rake $0 | Jackpot $0 | Bingo $0 | Fortune $0 | Tax $0
Seat 1: ac0da820 (button) folded before Flop (didn't bet)
Seat 2: Hero (small blind) folded before Flop
Seat 3: 74d9a396 (big blind) folded before Flop
Seat 4: 3d2da9b collected ($0.12)
Seat 5: 8bdcb922 folded before Flop (didn't bet)
Seat 6: 3a271b87 folded before Flop (didn't bet)


Poker Hand #HD1744805125: Hold'em No Limit ($0.02/$0.05) - 2024/04/24 18:43:33
Table 'NLHBlue39' 6-max Seat #6 is the button
Seat 1: ac0da820 ($5.02 in chips)
Seat 2: Hero ($5.05 in chips)
Seat 3: 74d9a396 ($5.42 in chips)
Seat 4: 3d2da9b ($7.43 in chips)
Seat 5: 8bdcb922 ($5.78 in chips)
Seat 6: 3a271b87 ($5.22 in chips)
ac0da820: posts small blind $0.02
Hero: posts big blind $0.05
*** HOLE CARDS ***
Dealt to ac0da820 
Dealt to Hero [7d 6s]
Dealt to 74d9a396 
Dealt to 3d2da9b 
Dealt to 8bdcb922 
Dealt to 3a271b87 
74d9a396: folds
3d2da9b: folds
8bdcb922: folds
3a271b87: folds
ac0da820: calls $0.03
Hero: checks
*** FLOP *** [Jh As 6d]
ac0da820: bets $0.05
Hero: folds
Uncalled bet ($0.05) returned to ac0da820
*** SHOWDOWN ***
ac0da820 collected $0.1 from pot
*** SUMMARY ***
Total pot $0.1 | Rake $0 | Jackpot $0 | Bingo $0 | Fortune $0 | Tax $0
Board [Jh As 6d]
Seat 1: ac0da820 (small blind) won ($0.1)
Seat 2: Hero (big blind) folded on the Flop
Seat 3: 74d9a396 folded before Flop (didn't bet)
Seat 4: 3d2da9b folded before Flop (didn't bet)
Seat 5: 8bdcb922 folded before Flop (didn't bet)
Seat 6: 3a271b87 (button) folded before Flop (didn't bet)


Poker Hand #HD1744805044: Hold'em No Limit ($0.02/$0.05) - 2024/04/24 18:42:55
Table 'NLHBlue39' 6-max Seat #5 is the button
Seat 1: ac0da820 ($5.07 in chips)
Seat 2: Hero ($5.05 in chips)
Seat 3: 74d9a396 ($5.42 in chips)
Seat 4: 3d2da9b ($7.43 in chips)
Seat 5: 8bdcb922 ($5.78 in chips)
Seat 6: 3a271b87 ($5.17 in chips)
3a271b87: posts small blind $0.02
ac0da820: posts big blind $0.05
*** HOLE CARDS ***
Dealt to ac0da820 
Dealt to Hero [Jh Ts]
Dealt to 74d9a396 
Dealt to 3d2da9b 
Dealt to 8bdcb922 
Dealt to 3a271b87 
Hero: folds
74d9a396: folds
3d2da9b: folds
8bdcb922: folds
3a271b87: raises $0.1 to $0.15
ac0da820: folds
Uncalled bet ($0.1) returned to 3a271b87
*** SHOWDOWN ***
3a271b87 collected $0.1 from pot
*** SUMMARY ***
Total pot $0.1 | Rake $0 | Jackpot $0 | Bingo $0 | Fortune $0 | Tax $0
Seat 1: ac0da820 (big blind) folded before Flop
Seat 2: Hero folded before Flop (didn't bet)
Seat 3: 74d9a396 folded before Flop (didn't bet)
Seat 4: 3d2da9b folded before Flop (didn't bet)
Seat 5: 8bdcb922 (button) folded before Flop (didn't bet)
Seat 6: 3a271b87 (small blind) collected ($0.1)


Poker Hand #HD1744804953: Hold'em No Limit ($0.02/$0.05) - 2024/04/24 18:42:11
Table 'NLHBlue39' 6-max Seat #4 is the button
Seat 1: ac0da820 ($5.07 in chips)
Seat 2: Hero ($5.05 in chips)
Seat 3: 74d9a396 ($5.42 in chips)
Seat 4: 3d2da9b ($7.29 in chips)
Seat 5: 8bdcb922 ($5.8 in chips)
Seat 6: 3a271b87 ($5.3 in chips)
8bdcb922: posts small blind $0.02
3a271b87: posts big blind $0.05
*** HOLE CARDS ***
Dealt to ac0da820 
Dealt to Hero [9s 5d]
Dealt to 74d9a396 
Dealt to 3d2da9b 
Dealt to 8bdcb922 
Dealt to 3a271b87 
ac0da820: folds
Hero: folds
74d9a396: folds
3d2da9b: raises $0.08 to $0.13
8bdcb922: folds
3a271b87: calls $0.08
*** FLOP *** [Tc 2d Qh]
3a271b87: checks
3d2da9b: checks
*** TURN *** [Tc 2d Qh] [Js]
3a271b87: checks
3d2da9b: checks
*** RIVER *** [Tc 2d Qh Js] [Kd]
3a271b87: checks
3d2da9b: checks
3a271b87: shows [7s 8s] (King-High)
3d2da9b: shows [7d 7c] (Pair of Sevens)
*** SHOWDOWN ***
3d2da9b collected $0.27 from pot
*** SUMMARY ***
Total pot $0.28 | Rake $0.01 | Jackpot $0 | Bingo $0 | Fortune $0 | Tax $0
Board [Tc 2d Qh Js Kd]
Seat 1: ac0da820 folded before Flop (didn't bet)
Seat 2: Hero folded before Flop (didn't bet)
Seat 3: 74d9a396 folded before Flop (didn't bet)
Seat 4: 3d2da9b (button) showed [7d 7c] and won ($0.27) with Pair of Sevens
Seat 5: 8bdcb922 (small blind) folded before Flop
Seat 6: 3a271b87 (big blind) showed [7s 8s] and lost with King-High


Poker Hand #HD1744804930: Hold'em No Limit ($0.02/$0.05) - 2024/04/24 18:41:59
Table 'NLHBlue39' 6-max Seat #3 is the button
Seat 1: ac0da820 ($5.07 in chips)
Seat 2: Hero ($5.05 in chips)
Seat 3: 74d9a396 ($5.42 in chips)
Seat 4: 3d2da9b ($7.31 in chips)
Seat 5: 8bdcb922 ($5.78 in chips)
Seat 6: 3a271b87 ($5.3 in chips)
3d2da9b: posts small blind $0.02
8bdcb922: posts big blind $0.05
*** HOLE CARDS ***
Dealt to ac0da820 
Dealt to Hero [6h 9h]
Dealt to 74d9a396 
Dealt to 3d2da9b 
Dealt to 8bdcb922 
Dealt to 3a271b87 
3a271b87: folds
ac0da820: folds
Hero: folds
74d9a396: folds
3d2da9b: folds
Uncalled bet ($0.03) returned to 8bdcb922
*** SHOWDOWN ***
8bdcb922 collected $0.04 from pot
*** SUMMARY ***
Total pot $0.04 | Rake $0 | Jackpot $0 | Bingo $0 | Fortune $0 | Tax $0
Seat 1: ac0da820 folded before Flop (didn't bet)
Seat 2: Hero folded before Flop (didn't bet)
Seat 3: 74d9a396 (button) folded before Flop (didn't bet)
Seat 4: 3d2da9b (small blind) folded before Flop
Seat 5: 8bdcb922 (big blind) collected ($0.04)
Seat 6: 3a271b87 folded before Flop (didn't bet)


Poker Hand #HD1744804861: Hold'em No Limit ($0.02/$0.05) - 2024/04/24 18:41:28
Table 'NLHBlue39' 6-max Seat #2 is the button
Seat 1: ac0da820 ($5 in chips)
Seat 2: Hero ($5.05 in chips)
Seat 3: 74d9a396 ($5.44 in chips)
Seat 4: 3d2da9b ($7.36 in chips)
Seat 5: 8bdcb922 ($5.78 in chips)
Seat 6: 3a271b87 ($5.3 in chips)
74d9a396: posts small blind $0.02
3d2da9b: posts big blind $0.05
*** HOLE CARDS ***
Dealt to ac0da820 
Dealt to Hero [3s 5d]
Dealt to 74d9a396 
Dealt to 3d2da9b 
Dealt to 8bdcb922 
Dealt to 3a271b87 
8bdcb922: folds
3a271b87: folds
ac0da820: calls $0.05
Hero: folds
74d9a396: folds
3d2da9b: checks
*** FLOP *** [Qd 4s 3h]
3d2da9b: checks
ac0da820: bets $0.06
3d2da9b: folds
Uncalled bet ($0.06) returned to ac0da820
*** SHOWDOWN ***
ac0da820 collected $0.12 from pot
*** SUMMARY ***
Total pot $0.12 | Rake $0 | Jackpot $0 | Bingo $0 | Fortune $0 | Tax $0
Board [Qd 4s 3h]
Seat 1: ac0da820 won ($0.12)
Seat 2: Hero (button) folded before Flop (didn't bet)
Seat 3: 74d9a396 (small blind) folded before Flop
Seat 4: 3d2da9b (big blind) folded on the Flop
Seat 5: 8bdcb922 folded before Flop (didn't bet)
Seat 6: 3a271b87 folded before Flop (didn't bet)


Poker Hand #HD1744804816: Hold'em No Limit ($0.02/$0.05) - 2024/04/24 18:41:04
Table 'NLHBlue39' 6-max Seat #1 is the button
Seat 1: ac0da820 ($5 in chips)
Seat 2: Hero ($5 in chips)
Seat 3: 74d9a396 ($5.49 in chips)
Seat 4: 3d2da9b ($7.36 in chips)
Seat 5: 8bdcb922 ($5.78 in chips)
Seat 6: 3a271b87 ($5.3 in chips)
Hero: posts small blind $0.02
74d9a396: posts big blind $0.05
*** HOLE CARDS ***
Dealt to ac0da820 
Dealt to Hero [Kh Ad]
Dealt to 74d9a396 
Dealt to 3d2da9b 
Dealt to 8bdcb922 
Dealt to 3a271b87 
3d2da9b: folds
8bdcb922: folds
3a271b87: folds
ac0da820: folds
Hero: raises $0.1 to $0.15
74d9a396: folds
Uncalled bet ($0.1) returned to Hero
*** SHOWDOWN ***
Hero collected $0.1 from pot
*** SUMMARY ***
Total pot $0.1 | Rake $0 | Jackpot $0 | Bingo $0 | Fortune $0 | Tax $0
Seat 1: ac0da820 (button) folded before Flop (didn't bet)
Seat 2: Hero (small blind) collected ($0.1)
Seat 3: 74d9a396 (big blind) folded before Flop
Seat 4: 3d2da9b folded before Flop (didn't bet)
Seat 5: 8bdcb922 folded before Flop (didn't bet)
Seat 6: 3a271b87 folded before Flop (didn't bet)


Poker Hand #HD1744804733: Hold'em No Limit ($0.02/$0.05) - 2024/04/24 18:40:24
Table 'NLHBlue39' 6-max Seat #6 is the button
Seat 1: ac0da820 ($4.24 in chips)
Seat 2: Hero ($5 in chips)
Seat 3: 74d9a396 ($5.49 in chips)
Seat 4: 3d2da9b ($7.36 in chips)
Seat 5: 8bdcb922 ($5.78 in chips)
Seat 6: 3a271b87 ($5 in chips)
ac0da820: posts small blind $0.02
Hero: posts big blind $0.05
*** HOLE CARDS ***
Dealt to ac0da820 
Dealt to Hero [Kd 8d]
Dealt to 74d9a396 
Dealt to 3d2da9b 
Dealt to 8bdcb922 
Dealt to 3a271b87 
74d9a396: folds
3d2da9b: folds
8bdcb922: folds
3a271b87: raises $0.1 to $0.15
ac0da820: folds
Hero: calls $0.1
*** FLOP *** [2c Qc 8s]
Hero: checks
3a271b87: bets $0.16
Hero: calls $0.16
*** TURN *** [2c Qc 8s] [Ah]
Hero: checks
3a271b87: bets $0.43
Hero: folds
Uncalled bet ($0.43) returned to 3a271b87
*** SHOWDOWN ***
3a271b87 collected $0.61 from pot
*** SUMMARY ***
Total pot $0.64 | Rake $0.03 | Jackpot $0 | Bingo $0 | Fortune $0 | Tax $0
Board [2c Qc 8s Ah]
Seat 1: ac0da820 (small blind) folded before Flop
Seat 2: Hero (big blind) folded on the Turn
Seat 3: 74d9a396 folded before Flop (didn't bet)
Seat 4: 3d2da9b folded before Flop (didn't bet)
Seat 5: 8bdcb922 folded before Flop (didn't bet)
Seat 6: 3a271b87 (button) won ($0.61)


Poker Hand #HD1744804630: Hold'em No Limit ($0.02/$0.05) - 2024/04/24 18:39:36
Table 'NLHBlue39' 6-max Seat #5 is the button
Seat 1: ac0da820 ($4.87 in chips)
Seat 2: Hero ($5 in chips)
Seat 3: 74d9a396 ($5.49 in chips)
Seat 4: 3d2da9b ($7.36 in chips)
Seat 5: 8bdcb922 ($5.19 in chips)
Seat 6: 3a271b87 ($5 in chips)
3a271b87: posts small blind $0.02
ac0da820: posts big blind $0.05
*** HOLE CARDS ***
Dealt to ac0da820 
Dealt to Hero [4h 9c]
Dealt to 74d9a396 
Dealt to 3d2da9b 
Dealt to 8bdcb922 
Dealt to 3a271b87 
Hero: folds
74d9a396: folds
3d2da9b: folds
8bdcb922: raises $0.1 to $0.15
3a271b87: folds
ac0da820: calls $0.1
*** FLOP *** [9d 3d 9h]
ac0da820: checks
8bdcb922: bets $0.16
ac0da820: calls $0.16
*** TURN *** [9d 3d 9h] [Tc]
ac0da820: checks
8bdcb922: checks
*** RIVER *** [9d 3d 9h Tc] [6c]
ac0da820: bets $0.32
8bdcb922: calls $0.32
ac0da820: shows [4d Jd] (Pair of Nines)
8bdcb922: shows [Ad Qh] (Pair of Nines)
*** SHOWDOWN ***
8bdcb922 collected $1.22 from pot
*** SUMMARY ***
Total pot $1.28 | Rake $0.06 | Jackpot $0 | Bingo $0 | Fortune $0 | Tax $0
Board [9d 3d 9h Tc 6c]
Seat 1: ac0da820 (big blind) showed [4d Jd] and lost with Pair of Nines
Seat 2: Hero folded before Flop (didn't bet)
Seat 3: 74d9a396 folded before Flop (didn't bet)
Seat 4: 3d2da9b folded before Flop (didn't bet)
Seat 5: 8bdcb922 (button) showed [Ad Qh] and won ($1.22) with Pair of Nines
Seat 6: 3a271b87 (small blind) folded before Flop


Poker Hand #HD1744804471: Hold'em No Limit ($0.02/$0.05) - 2024/04/24 18:38:22
Table 'NLHBlue39' 6-max Seat #4 is the button
Seat 1: ac0da820 ($4.87 in chips)
Seat 2: Hero ($5 in chips)
Seat 3: 74d9a396 ($5.49 in chips)
Seat 4: 3d2da9b ($5.76 in chips)
Seat 5: 8bdcb922 ($5.21 in chips)
Seat 6: 3a271b87 ($5 in chips)
8bdcb922: posts small blind $0.02
3a271b87: posts big blind $0.05
*** HOLE CARDS ***
Dealt to ac0da820 
Dealt to Hero [8c 4s]
Dealt to 74d9a396 
Dealt to 3d2da9b 
Dealt to 8bdcb922 
Dealt to 3a271b87 
ac0da820: folds
Hero: folds
74d9a396: folds
3d2da9b: raises $0.08 to $0.13
8bdcb922: folds
3a271b87: raises $0.47 to $0.6
3d2da9b: calls $0.47
*** FLOP *** [Tc 3d Ad]
3a271b87: checks
3d2da9b: bets $0.48
3a271b87: calls $0.48
*** TURN *** [Tc 3d Ad] [Th]
3a271b87: checks
3d2da9b: checks
*** RIVER *** [Tc 3d Ad Th] [7d]
3a271b87: bets $0.72
3d2da9b: raises $3.96 to $4.68 and is all-in
3a271b87: folds
Uncalled bet ($3.96) returned to 3d2da9b
3d2da9b: shows [Jh Kh] (Pair of Tens)
*** SHOWDOWN ***
3d2da9b collected $3.4 from pot
*** SUMMARY ***
Total pot $3.62 | Rake $0.17 | Jackpot $0.05 | Bingo $0 | Fortune $0 | Tax $0
Board [Tc 3d Ad Th 7d]
Seat 1: ac0da820 folded before Flop (didn't bet)
Seat 2: Hero folded before Flop (didn't bet)
Seat 3: 74d9a396 folded before Flop (didn't bet)
Seat 4: 3d2da9b (button) showed [Jh Kh] and won ($3.4)
Seat 5: 8bdcb922 (small blind) folded before Flop
Seat 6: 3a271b87 (big blind) folded on the River


Poker Hand #HD1744804341: Hold'em No Limit ($0.02/$0.05) - 2024/04/24 18:37:24
Table 'NLHBlue39' 6-max Seat #3 is the button
Seat 1: ac0da820 ($4.8 in chips)
Seat 2: Hero ($5 in chips)
Seat 3: 74d9a396 ($5.49 in chips)
Seat 4: 3d2da9b ($5.78 in chips)
Seat 5: 8bdcb922 ($5.26 in chips)
3d2da9b: posts small blind $0.02
8bdcb922: posts big blind $0.05
*** HOLE CARDS ***
Dealt to ac0da820 
Dealt to Hero [Jc 4s]
Dealt to 74d9a396 
Dealt to 3d2da9b 
Dealt to 8bdcb922 
ac0da820: calls $0.05
Hero: folds
74d9a396: folds
3d2da9b: folds
8bdcb922: checks
*** FLOP *** [8c Ts Td]
8bdcb922: checks
ac0da820: checks
*** TURN *** [8c Ts Td] [2c]
8bdcb922: checks
ac0da820: checks
*** RIVER *** [8c Ts Td 2c] [Kh]
8bdcb922: checks
ac0da820: checks
8bdcb922: shows [2s 6h] (Pair of Tens and Pair of Twos)
ac0da820: shows [Kd 9s] (Pair of Kings and Pair of Tens)
*** SHOWDOWN ***
ac0da820 collected $0.12 from pot
*** SUMMARY ***
Total pot $0.12 | Rake $0 | Jackpot $0 | Bingo $0 | Fortune $0 | Tax $0
Board [8c Ts Td 2c Kh]
Seat 1: ac0da820 showed [Kd 9s] and won ($0.12) with Pair of Kings and Pair of Tens
Seat 2: Hero folded before Flop (didn't bet)
Seat 3: 74d9a396 (button) folded before Flop (didn't bet)
Seat 4: 3d2da9b (small blind) folded before Flop
Seat 5: 8bdcb922 (big blind) showed [2s 6h] and lost with Pair of Tens and Pair of Twos


Poker Hand #HD1744804188: Hold'em No Limit ($0.02/$0.05) - 2024/04/24 18:36:10
Table 'NLHBlue39' 6-max Seat #2 is the button
Seat 1: ac0da820 ($4.95 in chips)
Seat 2: Hero ($5 in chips)
Seat 3: 74d9a396 ($5.51 in chips)
Seat 4: 3d2da9b ($5.34 in chips)
Seat 5: 8bdcb922 ($5.57 in chips)
74d9a396: posts small blind $0.02
3d2da9b: posts big blind $0.05
*** HOLE CARDS ***
Dealt to ac0da820 
Dealt to Hero [5d 6h]
Dealt to 74d9a396 
Dealt to 3d2da9b 
Dealt to 8bdcb922 
8bdcb922: raises $0.1 to $0.15
ac0da820: calls $0.15
Hero: folds
74d9a396: folds
3d2da9b: calls $0.1
*** FLOP *** [5s Ah Kh]
3d2da9b: checks
8bdcb922: checks
ac0da820: checks
*** TURN *** [5s Ah Kh] [Ts]
3d2da9b: checks
8bdcb922: bets $0.16
ac0da820: folds
3d2da9b: calls $0.16
*** RIVER *** [5s Ah Kh Ts] [5h]
3d2da9b: checks
8bdcb922: checks
3d2da9b: shows [Kd 8d] (Pair of Kings and Pair of Fives)
8bdcb922: shows [Td Qd] (Pair of Tens and Pair of Fives)
*** SHOWDOWN ***
3d2da9b collected $0.75 from pot
*** SUMMARY ***
Total pot $0.79 | Rake $0.04 | Jackpot $0 | Bingo $0 | Fortune $0 | Tax $0
Board [5s Ah Kh Ts 5h]
Seat 1: ac0da820 folded on the Turn
Seat 2: Hero (button) folded before Flop (didn't bet)
Seat 3: 74d9a396 (small blind) folded before Flop
Seat 4: 3d2da9b (big blind) showed [Kd 8d] and won ($0.75) with Pair of Kings and Pair of Fives
Seat 5: 8bdcb922 showed [Td Qd] and lost with Pair of Tens and Pair of Fives


Poker Hand #HD1744804123: Hold'em No Limit ($0.02/$0.05) - 2024/04/24 18:35:40
Table 'NLHBlue39' 6-max Seat #1 is the button
Seat 1: ac0da820 ($5.1 in chips)
Seat 2: Hero ($5.02 in chips)
Seat 3: 74d9a396 ($5.56 in chips)
Seat 4: 3d2da9b ($5.34 in chips)
Seat 5: 8bdcb922 ($5.36 in chips)
Hero: posts small blind $0.02
74d9a396: posts big blind $0.05
*** HOLE CARDS ***
Dealt to ac0da820 
Dealt to Hero [7s 5h]
Dealt to 74d9a396 
Dealt to 3d2da9b 
Dealt to 8bdcb922 
3d2da9b: folds
8bdcb922: raises $0.1 to $0.15
ac0da820: calls $0.15
Hero: folds
74d9a396: folds
*** FLOP *** [6h 8s 4d]
8bdcb922: bets $0.13
ac0da820: folds
Uncalled bet ($0.13) returned to 8bdcb922
*** SHOWDOWN ***
8bdcb922 collected $0.36 from pot
*** SUMMARY ***
Total pot $0.37 | Rake $0.01 | Jackpot $0 | Bingo $0 | Fortune $0 | Tax $0
Board [6h 8s 4d]
Seat 1: ac0da820 (button) folded on the Flop
Seat 2: Hero (small blind) folded before Flop
Seat 3: 74d9a396 (big blind) folded before Flop
Seat 4: 3d2da9b folded before Flop (didn't bet)
Seat 5: 8bdcb922 won ($0.36)


Poker Hand #HD1744804047: Hold'em No Limit ($0.02/$0.05) - 2024/04/24 18:35:05
Table 'NLHBlue39' 6-max Seat #5 is the button
Seat 1: ac0da820 ($5.12 in chips)
Seat 2: Hero ($5 in chips)
Seat 3: 74d9a396 ($5.56 in chips)
Seat 4: 3d2da9b ($5.34 in chips)
Seat 5: 8bdcb922 ($5.36 in chips)
ac0da820: posts small blind $0.02
Hero: posts big blind $0.05
*** HOLE CARDS ***
Dealt to ac0da820 
Dealt to Hero [Kd 2d]
Dealt to 74d9a396 
Dealt to 3d2da9b 
Dealt to 8bdcb922 
74d9a396: folds
3d2da9b: folds
8bdcb922: folds
ac0da820: folds
Uncalled bet ($0.03) returned to Hero
*** SHOWDOWN ***
Hero collected $0.04 from pot
*** SUMMARY ***
Total pot $0.04 | Rake $0 | Jackpot $0 | Bingo $0 | Fortune $0 | Tax $0
Seat 1: ac0da820 (small blind) folded before Flop
Seat 2: Hero (big blind) collected ($0.04)
Seat 3: 74d9a396 folded before Flop (didn't bet)
Seat 4: 3d2da9b folded before Flop (didn't bet)
Seat 5: 8bdcb922 (button) folded before Flop (didn't bet)


Poker Hand #HD1744803949: Hold'em No Limit ($0.02/$0.05) - 2024/04/24 18:34:19
Table 'NLHBlue39' 6-max Seat #4 is the button
Seat 1: ac0da820 ($5.1 in chips)
Seat 2: Hero ($5 in chips)
Seat 3: 74d9a396 ($5.56 in chips)
Seat 4: 3d2da9b ($5.34 in chips)
Seat 5: 8bdcb922 ($5.38 in chips)
8bdcb922: posts small blind $0.02
ac0da820: posts big blind $0.05
*** HOLE CARDS ***
Dealt to ac0da820 
Dealt to Hero [2s 8d]
Dealt to 74d9a396 
Dealt to 3d2da9b 
Dealt to 8bdcb922 
Hero: folds
74d9a396: folds
3d2da9b: folds
8bdcb922: folds
Uncalled bet ($0.03) returned to ac0da820
*** SHOWDOWN ***
ac0da820 collected $0.04 from pot
*** SUMMARY ***
Total pot $0.04 | Rake $0 | Jackpot $0 | Bingo $0 | Fortune $0 | Tax $0
Seat 1: ac0da820 (big blind) collected ($0.04)
Seat 2: Hero folded before Flop (didn't bet)
Seat 3: 74d9a396 folded before Flop (didn't bet)
Seat 4: 3d2da9b (button) folded before Flop (didn't bet)
Seat 5: 8bdcb922 (small blind) folded before Flop


Poker Hand #HD1744803868: Hold'em No Limit ($0.02/$0.05) - 2024/04/24 18:33:42
Table 'NLHBlue39' 6-max Seat #3 is the button
Seat 1: ac0da820 ($5.2 in chips)
Seat 2: Hero ($5.36 in chips)
Seat 3: 74d9a396 ($5.56 in chips)
Seat 4: 3d2da9b ($5.36 in chips)
Seat 5: 8bdcb922 ($5.43 in chips)
Seat 6: 6474defc ($5.22 in chips)
3d2da9b: posts small blind $0.02
8bdcb922: posts big blind $0.05
*** HOLE CARDS ***
Dealt to ac0da820 
Dealt to Hero [9s 9h]
Dealt to 74d9a396 
Dealt to 3d2da9b 
Dealt to 8bdcb922 
Dealt to 6474defc 
6474defc: raises $0.05 to $0.1
ac0da820: calls $0.1
Hero: raises $0.35 to $0.45
74d9a396: folds
3d2da9b: folds
8bdcb922: folds
6474defc: raises $4.77 to $5.22 and is all-in
ac0da820: folds
Hero: folds
Uncalled bet ($4.77) returned to 6474defc
*** SHOWDOWN ***
6474defc collected $1.02 from pot
*** SUMMARY ***
Total pot $1.07 | Rake $0.05 | Jackpot $0 | Bingo $0 | Fortune $0 | Tax $0
Seat 1: ac0da820 folded before Flop
Seat 2: Hero folded before Flop
Seat 3: 74d9a396 (button) folded before Flop (didn't bet)
Seat 4: 3d2da9b (small blind) folded before Flop
Seat 5: 8bdcb922 (big blind) folded before Flop
Seat 6: 6474defc collected ($1.02)


Poker Hand #HD1744803843: Hold'em No Limit ($0.02/$0.05) - 2024/04/24 18:33:31
Table 'NLHBlue39' 6-max Seat #2 is the button
Seat 1: ac0da820 ($5.2 in chips)
Seat 2: Hero ($5.36 in chips)
Seat 3: 74d9a396 ($5.58 in chips)
Seat 4: 3d2da9b ($5.34 in chips)
Seat 5: 8bdcb922 ($5.43 in chips)
Seat 6: 6474defc ($5.22 in chips)
74d9a396: posts small blind $0.02
3d2da9b: posts big blind $0.05
*** HOLE CARDS ***
Dealt to ac0da820 
Dealt to Hero [5s Js]
Dealt to 74d9a396 
Dealt to 3d2da9b 
Dealt to 8bdcb922 
Dealt to 6474defc 
8bdcb922: folds
6474defc: folds
ac0da820: folds
Hero: folds
74d9a396: folds
Uncalled bet ($0.03) returned to 3d2da9b
*** SHOWDOWN ***
3d2da9b collected $0.04 from pot
*** SUMMARY ***
Total pot $0.04 | Rake $0 | Jackpot $0 | Bingo $0 | Fortune $0 | Tax $0
Seat 1: ac0da820 folded before Flop (didn't bet)
Seat 2: Hero (button) folded before Flop (didn't bet)
Seat 3: 74d9a396 (small blind) folded before Flop
Seat 4: 3d2da9b (big blind) collected ($0.04)
Seat 5: 8bdcb922 folded before Flop (didn't bet)
Seat 6: 6474defc folded before Flop (didn't bet)


Poker Hand #HD1744803775: Hold'em No Limit ($0.02/$0.05) - 2024/04/24 18:32:55
Table 'NLHBlue39' 6-max Seat #1 is the button
Seat 1: ac0da820 ($5.01 in chips)
Seat 2: Hero ($5.38 in chips)
Seat 3: 74d9a396 ($5.63 in chips)
Seat 4: 3d2da9b ($5.47 in chips)
Seat 5: 8bdcb922 ($5.43 in chips)
Seat 6: 6474defc ($5.22 in chips)
Hero: posts small blind $0.02
74d9a396: posts big blind $0.05
*** HOLE CARDS ***
Dealt to ac0da820 
Dealt to Hero [8h 4d]
Dealt to 74d9a396 
Dealt to 3d2da9b 
Dealt to 8bdcb922 
Dealt to 6474defc 
3d2da9b: raises $0.08 to $0.13
8bdcb922: folds
6474defc: folds
ac0da820: calls $0.13
Hero: folds
74d9a396: folds
*** FLOP *** [Kc Js 6d]
3d2da9b: checks
ac0da820: checks
*** TURN *** [Kc Js 6d] [7c]
3d2da9b: checks
ac0da820: checks
*** RIVER *** [Kc Js 6d 7c] [4c]
3d2da9b: checks
ac0da820: checks
3d2da9b: shows [Ah 2h] (Ace-High)
ac0da820: shows [7s 8s] (Pair of Sevens)
*** SHOWDOWN ***
ac0da820 collected $0.32 from pot
*** SUMMARY ***
Total pot $0.33 | Rake $0.01 | Jackpot $0 | Bingo $0 | Fortune $0 | Tax $0
Board [Kc Js 6d 7c 4c]
Seat 1: ac0da820 (button) showed [7s 8s] and won ($0.32) with Pair of Sevens
Seat 2: Hero (small blind) folded before Flop
Seat 3: 74d9a396 (big blind) folded before Flop
Seat 4: 3d2da9b showed [Ah 2h] and lost with Ace-High
Seat 5: 8bdcb922 folded before Flop (didn't bet)
Seat 6: 6474defc folded before Flop (didn't bet)


Poker Hand #HD1744803723: Hold'em No Limit ($0.02/$0.05) - 2024/04/24 18:32:31
Table 'NLHBlue39' 6-max Seat #6 is the button
Seat 1: ac0da820 ($5.03 in chips)
Seat 2: Hero ($5.43 in chips)
Seat 3: 74d9a396 ($5.63 in chips)
Seat 4: 3d2da9b ($5.4 in chips)
Seat 5: 8bdcb922 ($5.43 in chips)
Seat 6: 6474defc ($5.22 in chips)
ac0da820: posts small blind $0.02
Hero: posts big blind $0.05
*** HOLE CARDS ***
Dealt to ac0da820 
Dealt to Hero [Kh 5s]
Dealt to 74d9a396 
Dealt to 3d2da9b 
Dealt to 8bdcb922 
Dealt to 6474defc 
74d9a396: folds
3d2da9b: raises $0.1 to $0.15
8bdcb922: folds
6474defc: folds
ac0da820: folds
Hero: folds
Uncalled bet ($0.1) returned to 3d2da9b
*** SHOWDOWN ***
3d2da9b collected $0.12 from pot
*** SUMMARY ***
Total pot $0.12 | Rake $0 | Jackpot $0 | Bingo $0 | Fortune $0 | Tax $0
Seat 1: ac0da820 (small blind) folded before Flop
Seat 2: Hero (big blind) folded before Flop
Seat 3: 74d9a396 folded before Flop (didn't bet)
Seat 4: 3d2da9b collected ($0.12)
Seat 5: 8bdcb922 folded before Flop (didn't bet)
Seat 6: 6474defc (button) folded before Flop (didn't bet)


Poker Hand #HD1744803648: Hold'em No Limit ($0.02/$0.05) - 2024/04/24 18:31:55
Table 'NLHBlue39' 6-max Seat #5 is the button
Seat 1: ac0da820 ($5.08 in chips)
Seat 2: Hero ($5.43 in chips)
Seat 3: 74d9a396 ($5.63 in chips)
Seat 4: 3d2da9b ($5.53 in chips)
Seat 5: 8bdcb922 ($5.24 in chips)
Seat 6: 6474defc ($5.24 in chips)
6474defc: posts small blind $0.02
ac0da820: posts big blind $0.05
*** HOLE CARDS ***
Dealt to ac0da820 
Dealt to Hero [Td 6h]
Dealt to 74d9a396 
Dealt to 3d2da9b 
Dealt to 8bdcb922 
Dealt to 6474defc 
Hero: folds
74d9a396: folds
3d2da9b: raises $0.08 to $0.13
8bdcb922: calls $0.13
6474defc: folds
ac0da820: folds
*** FLOP *** [Qd 9c 4c]
3d2da9b: checks
8bdcb922: bets $0.11
3d2da9b: folds
Uncalled bet ($0.11) returned to 8bdcb922
*** SHOWDOWN ***
8bdcb922 collected $0.32 from pot
*** SUMMARY ***
Total pot $0.33 | Rake $0.01 | Jackpot $0 | Bingo $0 | Fortune $0 | Tax $0
Board [Qd 9c 4c]
Seat 1: ac0da820 (big blind) folded before Flop
Seat 2: Hero folded before Flop (didn't bet)
Seat 3: 74d9a396 folded before Flop (didn't bet)
Seat 4: 3d2da9b folded on the Flop
Seat 5: 8bdcb922 (button) won ($0.32)
Seat 6: 6474defc (small blind) folded before Flop


Poker Hand #HD1744803480: Hold'em No Limit ($0.02/$0.05) - 2024/04/24 18:30:40
Table 'NLHBlue39' 6-max Seat #4 is the button
Seat 1: ac0da820 ($5.08 in chips)
Seat 2: Hero ($5.43 in chips)
Seat 3: 74d9a396 ($5.63 in chips)
Seat 4: 3d2da9b ($5.17 in chips)
Seat 5: 8bdcb922 ($5.5 in chips)
Seat 6: 6474defc ($5.37 in chips)
8bdcb922: posts small blind $0.02
6474defc: posts big blind $0.05
*** HOLE CARDS ***
Dealt to ac0da820 
Dealt to Hero [7s Ac]
Dealt to 74d9a396 
Dealt to 3d2da9b 
Dealt to 8bdcb922 
Dealt to 6474defc 
ac0da820: folds
Hero: folds
74d9a396: folds
3d2da9b: raises $0.08 to $0.13
8bdcb922: calls $0.11
6474defc: calls $0.08
*** FLOP *** [7d 9s 9h]
8bdcb922: checks
6474defc: checks
3d2da9b: checks
*** TURN *** [7d 9s 9h] [7c]
8bdcb922: bets $0.13
6474defc: folds
3d2da9b: calls $0.13
*** RIVER *** [7d 9s 9h 7c] [4d]
8bdcb922: checks
3d2da9b: bets $0.65
8bdcb922: folds
Uncalled bet ($0.65) returned to 3d2da9b
*** SHOWDOWN ***
3d2da9b collected $0.62 from pot
*** SUMMARY ***
Total pot $0.65 | Rake $0.03 | Jackpot $0 | Bingo $0 | Fortune $0 | Tax $0
Board [7d 9s 9h 7c 4d]
Seat 1: ac0da820 folded before Flop (didn't bet)
Seat 2: Hero folded before Flop (didn't bet)
Seat 3: 74d9a396 folded before Flop (didn't bet)
Seat 4: 3d2da9b (button) won ($0.62)
Seat 5: 8bdcb922 (small blind) folded on the River
Seat 6: 6474defc (big blind) folded on the Turn


Poker Hand #HD1744803385: Hold'em No Limit ($0.02/$0.05) - 2024/04/24 18:29:52
Table 'NLHBlue39' 6-max Seat #3 is the button
Seat 1: ac0da820 ($5.08 in chips)
Seat 2: Hero ($5.43 in chips)
Seat 3: 74d9a396 ($5.76 in chips)
Seat 4: 3d2da9b ($5 in chips)
Seat 5: 8bdcb922 ($5.55 in chips)
Seat 6: 6474defc ($5.37 in chips)
3d2da9b: posts small blind $0.02
8bdcb922: posts big blind $0.05
*** HOLE CARDS ***
Dealt to ac0da820 
Dealt to Hero [7h Tc]
Dealt to 74d9a396 
Dealt to 3d2da9b 
Dealt to 8bdcb922 
Dealt to 6474defc 
6474defc: folds
ac0da820: folds
Hero: folds
74d9a396: raises $0.08 to $0.13
3d2da9b: raises $0.42 to $0.55
8bdcb922: folds
74d9a396: folds
Uncalled bet ($0.42) returned to 3d2da9b
*** SHOWDOWN ***
3d2da9b collected $0.3 from pot
*** SUMMARY ***
Total pot $0.31 | Rake $0.01 | Jackpot $0 | Bingo $0 | Fortune $0 | Tax $0
Seat 1: ac0da820 folded before Flop (didn't bet)
Seat 2: Hero folded before Flop (didn't bet)
Seat 3: 74d9a396 (button) folded before Flop
Seat 4: 3d2da9b (small blind) collected ($0.3)
Seat 5: 8bdcb922 (big blind) folded before Flop
Seat 6: 6474defc folded before Flop (didn't bet)


Poker Hand #HD1744803225: Hold'em No Limit ($0.02/$0.05) - 2024/04/24 18:28:36
Table 'NLHBlue39' 6-max Seat #2 is the button
Seat 1: ac0da820 ($4.78 in chips)
Seat 2: Hero ($5.43 in chips)
Seat 3: 74d9a396 ($5.78 in chips)
Seat 4: 3d2da9b ($5.07 in chips)
Seat 5: 8bdcb922 ($5.55 in chips)
Seat 6: 6474defc ($5.37 in chips)
74d9a396: posts small blind $0.02
3d2da9b: posts big blind $0.05
*** HOLE CARDS ***
Dealt to ac0da820 
Dealt to Hero [5h Jh]
Dealt to 74d9a396 
Dealt to 3d2da9b 
Dealt to 8bdcb922 
Dealt to 6474defc 
8bdcb922: folds
6474defc: folds
ac0da820: raises $0.1 to $0.15
Hero: folds
74d9a396: folds
3d2da9b: calls $0.1
*** FLOP *** [7c 6d Ac]
3d2da9b: checks
ac0da820: checks
*** TURN *** [7c 6d Ac] [8s]
3d2da9b: checks
ac0da820: bets $0.16
3d2da9b: calls $0.16
*** RIVER *** [7c 6d Ac 8s] [5s]
3d2da9b: checks
ac0da820: checks
3d2da9b: shows [8d Qd] (Pair of Eights)
ac0da820: shows [Th Ts] (Pair of Tens)
*** SHOWDOWN ***
ac0da820 collected $0.61 from pot
*** SUMMARY ***
Total pot $0.64 | Rake $0.03 | Jackpot $0 | Bingo $0 | Fortune $0 | Tax $0
Board [7c 6d Ac 8s 5s]
Seat 1: ac0da820 showed [Th Ts] and won ($0.61) with Pair of Tens
Seat 2: Hero (button) folded before Flop (didn't bet)
Seat 3: 74d9a396 (small blind) folded before Flop
Seat 4: 3d2da9b (big blind) showed [8d Qd] and lost with Pair of Eights
Seat 5: 8bdcb922 folded before Flop (didn't bet)
Seat 6: 6474defc folded before Flop (didn't bet)


Poker Hand #HD1744803157: Hold'em No Limit ($0.02/$0.05) - 2024/04/24 18:28:04
Table 'NLHBlue39' 6-max Seat #1 is the button
Seat 1: ac0da820 ($4.78 in chips)
Seat 2: Hero ($5.45 in chips)
Seat 3: 74d9a396 ($5.83 in chips)
Seat 4: 3d2da9b ($5.07 in chips)
Seat 5: 8bdcb922 ($5.48 in chips)
Seat 6: 6474defc ($5.37 in chips)
Hero: posts small blind $0.02
74d9a396: posts big blind $0.05
*** HOLE CARDS ***
Dealt to ac0da820 
Dealt to Hero [Qs 2s]
Dealt to 74d9a396 
Dealt to 3d2da9b 
Dealt to 8bdcb922 
Dealt to 6474defc 
3d2da9b: folds
8bdcb922: raises $0.1 to $0.15
6474defc: folds
ac0da820: folds
Hero: folds
74d9a396: folds
Uncalled bet ($0.1) returned to 8bdcb922
*** SHOWDOWN ***
8bdcb922 collected $0.12 from pot
*** SUMMARY ***
Total pot $0.12 | Rake $0 | Jackpot $0 | Bingo $0 | Fortune $0 | Tax $0
Seat 1: ac0da820 (button) folded before Flop (didn't bet)
Seat 2: Hero (small blind) folded before Flop
Seat 3: 74d9a396 (big blind) folded before Flop
Seat 4: 3d2da9b folded before Flop (didn't bet)
Seat 5: 8bdcb922 collected ($0.12)
Seat 6: 6474defc folded before Flop (didn't bet)


Poker Hand #HD1744803097: Hold'em No Limit ($0.02/$0.05) - 2024/04/24 18:27:31
Table 'NLHBlue39' 6-max Seat #6 is the button
Seat 1: ac0da820 ($4.8 in chips)
Seat 2: Hero ($5.43 in chips)
Seat 3: 74d9a396 ($5.83 in chips)
Seat 4: 3d2da9b ($5.07 in chips)
Seat 5: 8bdcb922 ($5.48 in chips)
Seat 6: 6474defc ($5.37 in chips)
ac0da820: posts small blind $0.02
Hero: posts big blind $0.05
*** HOLE CARDS ***
Dealt to ac0da820 
Dealt to Hero [As Qc]
Dealt to 74d9a396 
Dealt to 3d2da9b 
Dealt to 8bdcb922 
Dealt to 6474defc 
74d9a396: folds
3d2da9b: folds
8bdcb922: folds
6474defc: folds
ac0da820: folds
Uncalled bet ($0.03) returned to Hero
*** SHOWDOWN ***
Hero collected $0.04 from pot
*** SUMMARY ***
Total pot $0.04 | Rake $0 | Jackpot $0 | Bingo $0 | Fortune $0 | Tax $0
Seat 1: ac0da820 (small blind) folded before Flop
Seat 2: Hero (big blind) collected ($0.04)
Seat 3: 74d9a396 folded before Flop (didn't bet)
Seat 4: 3d2da9b folded before Flop (didn't bet)
Seat 5: 8bdcb922 folded before Flop (didn't bet)
Seat 6: 6474defc (button) folded before Flop (didn't bet)


Poker Hand #HD1744803013: Hold'em No Limit ($0.02/$0.05) - 2024/04/24 18:26:55
Table 'NLHBlue39' 6-max Seat #5 is the button
Seat 1: ac0da820 ($4.66 in chips)
Seat 2: Hero ($5.43 in chips)
Seat 3: 74d9a396 ($5.83 in chips)
Seat 4: 3d2da9b ($5.07 in chips)
Seat 5: 8bdcb922 ($5.48 in chips)
Seat 6: 6474defc ($5.52 in chips)
6474defc: posts small blind $0.02
ac0da820: posts big blind $0.05
*** HOLE CARDS ***
Dealt to ac0da820 
Dealt to Hero [5h 6h]
Dealt to 74d9a396 
Dealt to 3d2da9b 
Dealt to 8bdcb922 
Dealt to 6474defc 
Hero: folds
74d9a396: folds
3d2da9b: folds
8bdcb922: folds
6474defc: raises $0.1 to $0.15
ac0da820: calls $0.1
*** FLOP *** [5s 3d 8d]
6474defc: checks
ac0da820: checks
*** TURN *** [5s 3d 8d] [4h]
6474defc: checks
ac0da820: bets $0.1
6474defc: folds
Uncalled bet ($0.1) returned to ac0da820
*** SHOWDOWN ***
ac0da820 collected $0.29 from pot
*** SUMMARY ***
Total pot $0.3 | Rake $0.01 | Jackpot $0 | Bingo $0 | Fortune $0 | Tax $0
Board [5s 3d 8d 4h]
Seat 1: ac0da820 (big blind) won ($0.29)
Seat 2: Hero folded before Flop (didn't bet)
Seat 3: 74d9a396 folded before Flop (didn't bet)
Seat 4: 3d2da9b folded before Flop (didn't bet)
Seat 5: 8bdcb922 (button) folded before Flop (didn't bet)
Seat 6: 6474defc (small blind) folded on the Turn


Poker Hand #HD1744802951: Hold'em No Limit ($0.02/$0.05) - 2024/04/24 18:26:28
Table 'NLHBlue39' 6-max Seat #4 is the button
Seat 1: ac0da820 ($4.66 in chips)
Seat 2: Hero ($5.43 in chips)
Seat 3: 74d9a396 ($5.83 in chips)
Seat 4: 3d2da9b ($5 in chips)
Seat 5: 8bdcb922 ($5.5 in chips)
Seat 6: 6474defc ($5.57 in chips)
8bdcb922: posts small blind $0.02
6474defc: posts big blind $0.05
*** HOLE CARDS ***
Dealt to ac0da820 
Dealt to Hero [6d As]
Dealt to 74d9a396 
Dealt to 3d2da9b 
Dealt to 8bdcb922 
Dealt to 6474defc 
ac0da820: folds
Hero: folds
74d9a396: folds
3d2da9b: raises $0.08 to $0.13
8bdcb922: folds
6474defc: folds
Uncalled bet ($0.08) returned to 3d2da9b
*** SHOWDOWN ***
3d2da9b collected $0.12 from pot
*** SUMMARY ***
Total pot $0.12 | Rake $0 | Jackpot $0 | Bingo $0 | Fortune $0 | Tax $0
Seat 1: ac0da820 folded before Flop (didn't bet)
Seat 2: Hero folded before Flop (didn't bet)
Seat 3: 74d9a396 folded before Flop (didn't bet)
Seat 4: 3d2da9b (button) collected ($0.12)
Seat 5: 8bdcb922 (small blind) folded before Flop
Seat 6: 6474defc (big blind) folded before Flop


Poker Hand #HD1744802858: Hold'em No Limit ($0.02/$0.05) - 2024/04/24 18:25:52
Table 'NLHBlue39' 6-max Seat #3 is the button
Seat 1: ac0da820 ($4.5 in chips)
Seat 2: Hero ($5.43 in chips)
Seat 3: 74d9a396 ($5.83 in chips)
Seat 4: 3d2da9b ($5 in chips)
Seat 5: 8bdcb922 ($5.55 in chips)
Seat 6: 6474defc ($5.67 in chips)
3d2da9b: posts small blind $0.02
8bdcb922: posts big blind $0.05
*** HOLE CARDS ***
Dealt to ac0da820 
Dealt to Hero [Th Kd]
Dealt to 74d9a396 
Dealt to 3d2da9b 
Dealt to 8bdcb922 
Dealt to 6474defc 
6474defc: raises $0.05 to $0.1
ac0da820: calls $0.1
Hero: folds
74d9a396: folds
3d2da9b: folds
8bdcb922: folds
*** FLOP *** [9d 6h 6c]
6474defc: checks
ac0da820: checks
*** TURN *** [9d 6h 6c] [4c]
6474defc: checks
ac0da820: bets $0.14
6474defc: folds
Uncalled bet ($0.14) returned to ac0da820
*** SHOWDOWN ***
ac0da820 collected $0.26 from pot
*** SUMMARY ***
Total pot $0.27 | Rake $0.01 | Jackpot $0 | Bingo $0 | Fortune $0 | Tax $0
Board [9d 6h 6c 4c]
Seat 1: ac0da820 won ($0.26)
Seat 2: Hero folded before Flop (didn't bet)
Seat 3: 74d9a396 (button) folded before Flop (didn't bet)
Seat 4: 3d2da9b (small blind) folded before Flop
Seat 5: 8bdcb922 (big blind) folded before Flop
Seat 6: 6474defc folded on the Turn


Poker Hand #HD1744802797: Hold'em No Limit ($0.02/$0.05) - 2024/04/24 18:25:30
Table 'NLHBlue39' 6-max Seat #2 is the button
Seat 1: ac0da820 ($4.5 in chips)
Seat 2: Hero ($5.43 in chips)
Seat 3: 74d9a396 ($5.78 in chips)
Seat 4: 3d2da9b ($5 in chips)
Seat 5: 8bdcb922 ($5.55 in chips)
Seat 6: 6474defc ($5.67 in chips)
74d9a396: posts small blind $0.02
3d2da9b: posts big blind $0.05
*** HOLE CARDS ***
Dealt to ac0da820 
Dealt to Hero [3h Jd]
Dealt to 74d9a396 
Dealt to 3d2da9b 
Dealt to 8bdcb922 
Dealt to 6474defc 
8bdcb922: folds
6474defc: folds
ac0da820: folds
Hero: folds
74d9a396: raises $0.08 to $0.13
3d2da9b: folds
Uncalled bet ($0.08) returned to 74d9a396
*** SHOWDOWN ***
74d9a396 collected $0.1 from pot
*** SUMMARY ***
Total pot $0.1 | Rake $0 | Jackpot $0 | Bingo $0 | Fortune $0 | Tax $0
Seat 1: ac0da820 folded before Flop (didn't bet)
Seat 2: Hero (button) folded before Flop (didn't bet)
Seat 3: 74d9a396 (small blind) collected ($0.1)
Seat 4: 3d2da9b (big blind) folded before Flop
Seat 5: 8bdcb922 folded before Flop (didn't bet)
Seat 6: 6474defc folded before Flop (didn't bet)


Poker Hand #HD1744802662: Hold'em No Limit ($0.02/$0.05) - 2024/04/24 18:24:34
Table 'NLHBlue39' 6-max Seat #1 is the button
Seat 1: ac0da820 ($5.18 in chips)
Seat 2: Hero ($5.45 in chips)
Seat 3: 74d9a396 ($5.14 in chips)
Seat 4: 3d2da9b ($5 in chips)
Seat 5: 8bdcb922 ($5.55 in chips)
Seat 6: 6474defc ($5.67 in chips)
Hero: posts small blind $0.02
74d9a396: posts big blind $0.05
*** HOLE CARDS ***
Dealt to ac0da820 
Dealt to Hero [5c Js]
Dealt to 74d9a396 
Dealt to 3d2da9b 
Dealt to 8bdcb922 
Dealt to 6474defc 
3d2da9b: folds
8bdcb922: folds
6474defc: folds
ac0da820: raises $0.1 to $0.15
Hero: folds
74d9a396: raises $0.25 to $0.4
ac0da820: calls $0.25
*** FLOP *** [2d 7c Tc]
74d9a396: bets $0.28
ac0da820: calls $0.28
*** TURN *** [2d 7c Tc] [Qs]
74d9a396: bets $0.46
ac0da820: folds
Uncalled bet ($0.46) returned to 74d9a396
*** SHOWDOWN ***
74d9a396 collected $1.32 from pot
*** SUMMARY ***
Total pot $1.38 | Rake $0.06 | Jackpot $0 | Bingo $0 | Fortune $0 | Tax $0
Board [2d 7c Tc Qs]
Seat 1: ac0da820 (button) folded on the Turn
Seat 2: Hero (small blind) folded before Flop
Seat 3: 74d9a396 (big blind) won ($1.32)
Seat 4: 3d2da9b folded before Flop (didn't bet)
Seat 5: 8bdcb922 folded before Flop (didn't bet)
Seat 6: 6474defc folded before Flop (didn't bet)


Poker Hand #HD1744802585: Hold'em No Limit ($0.02/$0.05) - 2024/04/24 18:24:01
Table 'NLHBlue39' 6-max Seat #6 is the button
Seat 1: ac0da820 ($5.38 in chips)
Seat 2: Hero ($5.27 in chips)
Seat 3: 74d9a396 ($5.14 in chips)
Seat 4: 3d2da9b ($5 in chips)
Seat 5: 8bdcb922 ($5.55 in chips)
Seat 6: 6474defc ($5.67 in chips)
ac0da820: posts small blind $0.02
Hero: posts big blind $0.05
*** HOLE CARDS ***
Dealt to ac0da820 
Dealt to Hero [9c Ac]
Dealt to 74d9a396 
Dealt to 3d2da9b 
Dealt to 8bdcb922 
Dealt to 6474defc 
74d9a396: folds
3d2da9b: folds
8bdcb922: folds
6474defc: folds
ac0da820: calls $0.03
Hero: raises $0.15 to $0.2
ac0da820: calls $0.15
*** FLOP *** [Ks As 9s]
ac0da820: checks
Hero: bets $0.3
ac0da820: folds
Uncalled bet ($0.3) returned to Hero
*** SHOWDOWN ***
Hero collected $0.38 from pot
*** SUMMARY ***
Total pot $0.4 | Rake $0.02 | Jackpot $0 | Bingo $0 | Fortune $0 | Tax $0
Board [Ks As 9s]
Seat 1: ac0da820 (small blind) folded on the Flop
Seat 2: Hero (big blind) won ($0.38)
Seat 3: 74d9a396 folded before Flop (didn't bet)
Seat 4: 3d2da9b folded before Flop (didn't bet)
Seat 5: 8bdcb922 folded before Flop (didn't bet)
Seat 6: 6474defc (button) folded before Flop (didn't bet)


Poker Hand #HD1744802534: Hold'em No Limit ($0.02/$0.05) - 2024/04/24 18:23:39
Table 'NLHBlue39' 6-max Seat #5 is the button
Seat 1: ac0da820 ($5.43 in chips)
Seat 2: Hero ($5.2 in chips)
Seat 3: 74d9a396 ($5.14 in chips)
Seat 4: 3d2da9b ($5 in chips)
Seat 5: 8bdcb922 ($5.55 in chips)
Seat 6: 6474defc ($5.69 in chips)
6474defc: posts small blind $0.02
ac0da820: posts big blind $0.05
*** HOLE CARDS ***
Dealt to ac0da820 
Dealt to Hero [9h As]
Dealt to 74d9a396 
Dealt to 3d2da9b 
Dealt to 8bdcb922 
Dealt to 6474defc 
Hero: raises $0.05 to $0.1
74d9a396: folds
3d2da9b: folds
8bdcb922: folds
6474defc: folds
ac0da820: folds
Uncalled bet ($0.05) returned to Hero
*** SHOWDOWN ***
Hero collected $0.12 from pot
*** SUMMARY ***
Total pot $0.12 | Rake $0 | Jackpot $0 | Bingo $0 | Fortune $0 | Tax $0
Seat 1: ac0da820 (big blind) folded before Flop
Seat 2: Hero collected ($0.12)
Seat 3: 74d9a396 folded before Flop (didn't bet)
Seat 4: 3d2da9b folded before Flop (didn't bet)
Seat 5: 8bdcb922 (button) folded before Flop (didn't bet)
Seat 6: 6474defc (small blind) folded before Flop


Poker Hand #HD1744802455: Hold'em No Limit ($0.02/$0.05) - 2024/04/24 18:23:07
Table 'NLHBlue39' 6-max Seat #4 is the button
Seat 1: ac0da820 ($5.43 in chips)
Seat 2: Hero ($5.2 in chips)
Seat 3: 74d9a396 ($5.07 in chips)
Seat 4: 3d2da9b ($5 in chips)
Seat 5: 8bdcb922 ($5.57 in chips)
Seat 6: 6474defc ($5.74 in chips)
8bdcb922: posts small blind $0.02
6474defc: posts big blind $0.05
*** HOLE CARDS ***
Dealt to ac0da820 
Dealt to Hero [2c Kh]
Dealt to 74d9a396 
Dealt to 3d2da9b 
Dealt to 8bdcb922 
Dealt to 6474defc 
ac0da820: folds
Hero: folds
74d9a396: raises $0.08 to $0.13
3d2da9b: folds
8bdcb922: folds
6474defc: folds
Uncalled bet ($0.08) returned to 74d9a396
*** SHOWDOWN ***
74d9a396 collected $0.12 from pot
*** SUMMARY ***
Total pot $0.12 | Rake $0 | Jackpot $0 | Bingo $0 | Fortune $0 | Tax $0
Seat 1: ac0da820 folded before Flop (didn't bet)
Seat 2: Hero folded before Flop (didn't bet)
Seat 3: 74d9a396 collected ($0.12)
Seat 4: 3d2da9b (button) folded before Flop (didn't bet)
Seat 5: 8bdcb922 (small blind) folded before Flop
Seat 6: 6474defc (big blind) folded before Flop


Poker Hand #HD1744802392: Hold'em No Limit ($0.02/$0.05) - 2024/04/24 18:22:40
Table 'NLHBlue39' 6-max Seat #3 is the button
Seat 1: ac0da820 ($5.43 in chips)
Seat 2: Hero ($5.2 in chips)
Seat 3: 74d9a396 ($5.07 in chips)
Seat 4: 3d2da9b ($5 in chips)
Seat 5: 8bdcb922 ($5.62 in chips)
Seat 6: 6474defc ($5.67 in chips)
3d2da9b: posts small blind $0.02
8bdcb922: posts big blind $0.05
*** HOLE CARDS ***
Dealt to ac0da820 
Dealt to Hero [9c 5d]
Dealt to 74d9a396 
Dealt to 3d2da9b 
Dealt to 8bdcb922 
Dealt to 6474defc 
6474defc: raises $0.05 to $0.1
ac0da820: folds
Hero: folds
74d9a396: folds
3d2da9b: folds
8bdcb922: folds
Uncalled bet ($0.05) returned to 6474defc
*** SHOWDOWN ***
6474defc collected $0.12 from pot
*** SUMMARY ***
Total pot $0.12 | Rake $0 | Jackpot $0 | Bingo $0 | Fortune $0 | Tax $0
Seat 1: ac0da820 folded before Flop (didn't bet)
Seat 2: Hero folded before Flop (didn't bet)
Seat 3: 74d9a396 (button) folded before Flop (didn't bet)
Seat 4: 3d2da9b (small blind) folded before Flop
Seat 5: 8bdcb922 (big blind) folded before Flop
Seat 6: 6474defc collected ($0.12)


Poker Hand #HD1744802346: Hold'em No Limit ($0.02/$0.05) - 2024/04/24 18:22:21
Table 'NLHBlue39' 6-max Seat #2 is the button
Seat 1: ac0da820 ($5.43 in chips)
Seat 2: Hero ($5.2 in chips)
Seat 3: 74d9a396 ($5.09 in chips)
Seat 4: 3d2da9b ($5 in chips)
Seat 5: 8bdcb922 ($5.55 in chips)
Seat 6: 6474defc ($5.67 in chips)
74d9a396: posts small blind $0.02
3d2da9b: posts big blind $0.05
*** HOLE CARDS ***
Dealt to ac0da820 
Dealt to Hero [3c 5d]
Dealt to 74d9a396 
Dealt to 3d2da9b 
Dealt to 8bdcb922 
Dealt to 6474defc 
8bdcb922: raises $0.1 to $0.15
6474defc: folds
ac0da820: folds
Hero: folds
74d9a396: folds
3d2da9b: folds
Uncalled bet ($0.1) returned to 8bdcb922
*** SHOWDOWN ***
8bdcb922 collected $0.12 from pot
*** SUMMARY ***
Total pot $0.12 | Rake $0 | Jackpot $0 | Bingo $0 | Fortune $0 | Tax $0
Seat 1: ac0da820 folded before Flop (didn't bet)
Seat 2: Hero (button) folded before Flop (didn't bet)
Seat 3: 74d9a396 (small blind) folded before Flop
Seat 4: 3d2da9b (big blind) folded before Flop
Seat 5: 8bdcb922 collected ($0.12)
Seat 6: 6474defc folded before Flop (didn't bet)


Poker Hand #HD1744802312: Hold'em No Limit ($0.02/$0.05) - 2024/04/24 18:22:07
Table 'NLHBlue39' 6-max Seat #1 is the button
Seat 1: ac0da820 ($5.43 in chips)
Seat 2: Hero ($5.22 in chips)
Seat 3: 74d9a396 ($5.07 in chips)
Seat 5: 8bdcb922 ($5.55 in chips)
Seat 6: 6474defc ($5.67 in chips)
Hero: posts small blind $0.02
74d9a396: posts big blind $0.05
*** HOLE CARDS ***
Dealt to ac0da820 
Dealt to Hero [4c 6d]
Dealt to 74d9a396 
Dealt to 8bdcb922 
Dealt to 6474defc 
8bdcb922: folds
6474defc: folds
ac0da820: folds
Hero: folds
Uncalled bet ($0.03) returned to 74d9a396
*** SHOWDOWN ***
74d9a396 collected $0.04 from pot
*** SUMMARY ***
Total pot $0.04 | Rake $0 | Jackpot $0 | Bingo $0 | Fortune $0 | Tax $0
Seat 1: ac0da820 (button) folded before Flop (didn't bet)
Seat 2: Hero (small blind) folded before Flop
Seat 3: 74d9a396 (big blind) collected ($0.04)
Seat 5: 8bdcb922 folded before Flop (didn't bet)
Seat 6: 6474defc folded before Flop (didn't bet)


Poker Hand #HD1744802188: Hold'em No Limit ($0.02/$0.05) - 2024/04/24 18:21:12
Table 'NLHBlue39' 6-max Seat #6 is the button
Seat 1: ac0da820 ($5.14 in chips)
Seat 2: Hero ($5.27 in chips)
Seat 3: 74d9a396 ($5.07 in chips)
Seat 5: 8bdcb922 ($5.82 in chips)
Seat 6: 6474defc ($5.67 in chips)
ac0da820: posts small blind $0.02
Hero: posts big blind $0.05
*** HOLE CARDS ***
Dealt to ac0da820 
Dealt to Hero [7c 9s]
Dealt to 74d9a396 
Dealt to 8bdcb922 
Dealt to 6474defc 
74d9a396: folds
8bdcb922: raises $0.1 to $0.15
6474defc: folds
ac0da820: calls $0.13
Hero: folds
*** FLOP *** [Ad 3h 2d]
ac0da820: checks
8bdcb922: bets $0.12
ac0da820: raises $0.2 to $0.32
8bdcb922: folds
Uncalled bet ($0.2) returned to ac0da820
*** SHOWDOWN ***
ac0da820 collected $0.56 from pot
*** SUMMARY ***
Total pot $0.59 | Rake $0.03 | Jackpot $0 | Bingo $0 | Fortune $0 | Tax $0
Board [Ad 3h 2d]
Seat 1: ac0da820 (small blind) won ($0.56)
Seat 2: Hero (big blind) folded before Flop
Seat 3: 74d9a396 folded before Flop (didn't bet)
Seat 5: 8bdcb922 folded on the Flop
Seat 6: 6474defc (button) folded before Flop (didn't bet)


Poker Hand #HD1744802137: Hold'em No Limit ($0.02/$0.05) - 2024/04/24 18:20:48
Table 'NLHBlue39' 6-max Seat #5 is the button
Seat 1: ac0da820 ($5.19 in chips)
Seat 2: Hero ($5.27 in chips)
Seat 3: 74d9a396 ($5 in chips)
Seat 5: 8bdcb922 ($5.82 in chips)
Seat 6: 6474defc ($5.69 in chips)
6474defc: posts small blind $0.02
ac0da820: posts big blind $0.05
*** HOLE CARDS ***
Dealt to ac0da820 
Dealt to Hero [Ts Qc]
Dealt to 74d9a396 
Dealt to 8bdcb922 
Dealt to 6474defc 
Hero: folds
74d9a396: raises $0.08 to $0.13
8bdcb922: folds
6474defc: folds
ac0da820: folds
Uncalled bet ($0.08) returned to 74d9a396
*** SHOWDOWN ***
74d9a396 collected $0.12 from pot
*** SUMMARY ***
Total pot $0.12 | Rake $0 | Jackpot $0 | Bingo $0 | Fortune $0 | Tax $0
Seat 1: ac0da820 (big blind) folded before Flop
Seat 2: Hero folded before Flop (didn't bet)
Seat 3: 74d9a396 collected ($0.12)
Seat 5: 8bdcb922 (button) folded before Flop (didn't bet)
Seat 6: 6474defc (small blind) folded before Flop


Poker Hand #HD1744801980: Hold'em No Limit ($0.02/$0.05) - 2024/04/24 18:19:41
Table 'NLHBlue39' 6-max Seat #3 is the button
Seat 1: ac0da820 ($5.19 in chips)
Seat 2: Hero ($5 in chips)
Seat 3: 74d9a396 ($5 in chips)
Seat 5: 8bdcb922 ($5.84 in chips)
Seat 6: 6474defc ($5.96 in chips)
8bdcb922: posts small blind $0.02
6474defc: posts big blind $0.05
*** HOLE CARDS ***
Dealt to ac0da820 
Dealt to Hero [Qd 9d]
Dealt to 74d9a396 
Dealt to 8bdcb922 
Dealt to 6474defc 
ac0da820: folds
Hero: raises $0.07 to $0.12
74d9a396: folds
8bdcb922: folds
6474defc: calls $0.07
*** FLOP *** [9h 2s Qs]
6474defc: checks
Hero: bets $0.15
6474defc: calls $0.15
*** TURN *** [9h 2s Qs] [Js]
6474defc: checks
Hero: checks
*** RIVER *** [9h 2s Qs Js] [4c]
6474defc: checks
Hero: bets $0.37
6474defc: folds
Uncalled bet ($0.37) returned to Hero
*** SHOWDOWN ***
Hero collected $0.54 from pot
*** SUMMARY ***
Total pot $0.56 | Rake $0.02 | Jackpot $0 | Bingo $0 | Fortune $0 | Tax $0
Board [9h 2s Qs Js 4c]
Seat 1: ac0da820 folded before Flop (didn't bet)
Seat 2: Hero won ($0.54)
Seat 3: 74d9a396 (button) folded before Flop (didn't bet)
Seat 5: 8bdcb922 (small blind) folded before Flop
Seat 6: 6474defc (big blind) folded on the River


Poker Hand #HD1744801943: Hold'em No Limit ($0.02/$0.05) - 2024/04/24 18:19:30
Table 'NLHBlue39' 6-max Seat #2 is the button
Seat 1: ac0da820 ($5.12 in chips)
Seat 2: Hero ($5 in chips)
Seat 3: 74d9a396 ($5 in chips)
Seat 5: 8bdcb922 ($5.89 in chips)
Seat 6: 6474defc ($5.96 in chips)
74d9a396: posts small blind $0.02
8bdcb922: posts big blind $0.05
*** HOLE CARDS ***
Dealt to ac0da820 
Dealt to Hero [Qc 9h]
Dealt to 74d9a396 
Dealt to 8bdcb922 
Dealt to 6474defc 
6474defc: folds
ac0da820: raises $0.1 to $0.15
Hero: folds
74d9a396: folds
8bdcb922: folds
Uncalled bet ($0.1) returned to ac0da820
*** SHOWDOWN ***
ac0da820 collected $0.12 from pot
*** SUMMARY ***
Total pot $0.12 | Rake $0 | Jackpot $0 | Bingo $0 | Fortune $0 | Tax $0
Seat 1: ac0da820 collected ($0.12)
Seat 2: Hero (button) folded before Flop (didn't bet)
Seat 3: 74d9a396 (small blind) folded before Flop
Seat 5: 8bdcb922 (big blind) folded before Flop
Seat 6: 6474defc folded before Flop (didn't bet)


Poker Hand #HD1744801835: Hold'em No Limit ($0.02/$0.05) - 2024/04/24 18:18:42
Table 'NLHBlue39' 6-max Seat #1 is the button
Seat 1: ac0da820 ($4.89 in chips)
Seat 2: Hero ($5.17 in chips)
Seat 3: 74d9a396 ($5 in chips)
Seat 4: e2c91029 ($3.72 in chips)
Seat 5: 8bdcb922 ($5.89 in chips)
Seat 6: 6474defc ($5.96 in chips)
Hero: posts small blind $0.02
74d9a396: posts big blind $0.05
*** HOLE CARDS ***
Dealt to ac0da820 
Dealt to Hero [6s 6c]
Dealt to 74d9a396 
Dealt to e2c91029 
Dealt to 8bdcb922 
Dealt to 6474defc 
e2c91029: folds
8bdcb922: folds
6474defc: folds
ac0da820: calls $0.05
Hero: raises $0.15 to $0.2
74d9a396: folds
ac0da820: calls $0.15
*** FLOP *** [Ts 9s 2c]
Hero: checks
ac0da820: checks
*** TURN *** [Ts 9s 2c] [8c]
Hero: checks
ac0da820: bets $0.23
Hero: folds
Uncalled bet ($0.23) returned to ac0da820
*** SHOWDOWN ***
ac0da820 collected $0.43 from pot
*** SUMMARY ***
Total pot $0.45 | Rake $0.02 | Jackpot $0 | Bingo $0 | Fortune $0 | Tax $0
Board [Ts 9s 2c 8c]
Seat 1: ac0da820 (button) won ($0.43)
Seat 2: Hero (small blind) folded on the Turn
Seat 3: 74d9a396 (big blind) folded before Flop
Seat 4: e2c91029 folded before Flop (didn't bet)
Seat 5: 8bdcb922 folded before Flop (didn't bet)
Seat 6: 6474defc folded before Flop (didn't bet)


Poker Hand #HD1744801703: Hold'em No Limit ($0.02/$0.05) - 2024/04/24 18:17:47
Table 'NLHBlue39' 6-max Seat #6 is the button
Seat 1: ac0da820 ($4.91 in chips)
Seat 2: Hero ($5.43 in chips)
Seat 3: 74d9a396 ($5 in chips)
Seat 4: e2c91029 ($3.72 in chips)
Seat 5: 8bdcb922 ($5.63 in chips)
Seat 6: 6474defc ($5.96 in chips)
ac0da820: posts small blind $0.02
Hero: posts big blind $0.05
*** HOLE CARDS ***
Dealt to ac0da820 
Dealt to Hero [5s As]
Dealt to 74d9a396 
Dealt to e2c91029 
Dealt to 8bdcb922 
Dealt to 6474defc 
74d9a396: folds
e2c91029: folds
8bdcb922: raises $0.1 to $0.15
6474defc: folds
ac0da820: folds
Hero: calls $0.1
*** FLOP *** [Qs 6c Td]
Hero: checks
8bdcb922: checks
*** TURN *** [Qs 6c Td] [7h]
Hero: bets $0.11
8bdcb922: calls $0.11
*** RIVER *** [Qs 6c Td 7h] [Jd]
Hero: checks
8bdcb922: checks
Hero: shows [5s As] (Ace-High)
8bdcb922: shows [Th Ks] (Pair of Tens)
*** SHOWDOWN ***
8bdcb922 collected $0.52 from pot
*** SUMMARY ***
Total pot $0.54 | Rake $0.02 | Jackpot $0 | Bingo $0 | Fortune $0 | Tax $0
Board [Qs 6c Td 7h Jd]
Seat 1: ac0da820 (small blind) folded before Flop
Seat 2: Hero (big blind) showed [5s As] and lost with Ace-High
Seat 3: 74d9a396 folded before Flop (didn't bet)
Seat 4: e2c91029 folded before Flop (didn't bet)
Seat 5: 8bdcb922 showed [Th Ks] and won ($0.52) with Pair of Tens
Seat 6: 6474defc (button) folded before Flop (didn't bet)


Poker Hand #HD1744801585: Hold'em No Limit ($0.02/$0.05) - 2024/04/24 18:16:50
Table 'NLHBlue39' 6-max Seat #5 is the button
Seat 1: ac0da820 ($5.58 in chips)
Seat 2: Hero ($5.43 in chips)
Seat 3: 74d9a396 ($5 in chips)
Seat 4: e2c91029 ($3.72 in chips)
Seat 5: 8bdcb922 ($5 in chips)
Seat 6: 6474defc ($5.98 in chips)
6474defc: posts small blind $0.02
ac0da820: posts big blind $0.05
*** HOLE CARDS ***
Dealt to ac0da820 
Dealt to Hero [2s Ac]
Dealt to 74d9a396 
Dealt to e2c91029 
Dealt to 8bdcb922 
Dealt to 6474defc 
Hero: folds
74d9a396: folds
e2c91029: folds
8bdcb922: raises $0.1 to $0.15
6474defc: folds
ac0da820: calls $0.1
*** FLOP *** [Td 2d 6h]
ac0da820: checks
8bdcb922: bets $0.11
ac0da820: calls $0.11
*** TURN *** [Td 2d 6h] [6d]
ac0da820: checks
8bdcb922: checks
*** RIVER *** [Td 2d 6h 6d] [Qh]
ac0da820: bets $0.41
8bdcb922: calls $0.41
ac0da820: shows [8d 7h] (Pair of Sixes)
8bdcb922: shows [7s Qs] (Pair of Queens and Pair of Sixes)
*** SHOWDOWN ***
8bdcb922 collected $1.3 from pot
*** SUMMARY ***
Total pot $1.36 | Rake $0.06 | Jackpot $0 | Bingo $0 | Fortune $0 | Tax $0
Board [Td 2d 6h 6d Qh]
Seat 1: ac0da820 (big blind) showed [8d 7h] and lost with Pair of Sixes
Seat 2: Hero folded before Flop (didn't bet)
Seat 3: 74d9a396 folded before Flop (didn't bet)
Seat 4: e2c91029 folded before Flop (didn't bet)
Seat 5: 8bdcb922 (button) showed [7s Qs] and won ($1.3) with Pair of Queens and Pair of Sixes
Seat 6: 6474defc (small blind) folded before Flop


Poker Hand #HD1744801536: Hold'em No Limit ($0.02/$0.05) - 2024/04/24 18:16:28
Table 'NLHBlue39' 6-max Seat #4 is the button
Seat 1: ac0da820 ($5.58 in chips)
Seat 2: Hero ($5.43 in chips)
Seat 3: 74d9a396 ($5 in chips)
Seat 4: e2c91029 ($3.72 in chips)
Seat 5: 8bdcb922 ($5 in chips)
Seat 6: 6474defc ($5.96 in chips)
8bdcb922: posts small blind $0.02
6474defc: posts big blind $0.05
*** HOLE CARDS ***
Dealt to ac0da820 
Dealt to Hero [8c 6d]
Dealt to 74d9a396 
Dealt to e2c91029 
Dealt to 8bdcb922 
Dealt to 6474defc 
ac0da820: folds
Hero: folds
74d9a396: folds
e2c91029: folds
8bdcb922: folds
Uncalled bet ($0.03) returned to 6474defc
*** SHOWDOWN ***
6474defc collected $0.04 from pot
*** SUMMARY ***
Total pot $0.04 | Rake $0 | Jackpot $0 | Bingo $0 | Fortune $0 | Tax $0
Seat 1: ac0da820 folded before Flop (didn't bet)
Seat 2: Hero folded before Flop (didn't bet)
Seat 3: 74d9a396 folded before Flop (didn't bet)
Seat 4: e2c91029 (button) folded before Flop (didn't bet)
Seat 5: 8bdcb922 (small blind) folded before Flop
Seat 6: 6474defc (big blind) collected ($0.04)


Poker Hand #HD1744801500: Hold'em No Limit ($0.02/$0.05) - 2024/04/24 18:16:12
Table 'NLHBlue39' 6-max Seat #3 is the button
Seat 1: ac0da820 ($5.58 in chips)
Seat 2: Hero ($5.43 in chips)
Seat 3: 74d9a396 ($5 in chips)
Seat 4: e2c91029 ($3.67 in chips)
Seat 5: 8bdcb922 ($5.05 in chips)
Seat 6: 6474defc ($5.96 in chips)
e2c91029: posts small blind $0.02
8bdcb922: posts big blind $0.05
*** HOLE CARDS ***
Dealt to ac0da820 
Dealt to Hero [Ad 8s]
Dealt to 74d9a396 
Dealt to e2c91029 
Dealt to 8bdcb922 
Dealt to 6474defc 
6474defc: folds
ac0da820: folds
Hero: folds
74d9a396: folds
e2c91029: raises $0.2 to $0.25
8bdcb922: folds
Uncalled bet ($0.2) returned to e2c91029
*** SHOWDOWN ***
e2c91029 collected $0.1 from pot
*** SUMMARY ***
Total pot $0.1 | Rake $0 | Jackpot $0 | Bingo $0 | Fortune $0 | Tax $0
Seat 1: ac0da820 folded before Flop (didn't bet)
Seat 2: Hero folded before Flop (didn't bet)
Seat 3: 74d9a396 (button) folded before Flop (didn't bet)
Seat 4: e2c91029 (small blind) collected ($0.1)
Seat 5: 8bdcb922 (big blind) folded before Flop
Seat 6: 6474defc folded before Flop (didn't bet)


Poker Hand #HD1744801460: Hold'em No Limit ($0.02/$0.05) - 2024/04/24 18:15:53
Table 'NLHBlue39' 6-max Seat #2 is the button
Seat 1: ac0da820 ($5.58 in chips)
Seat 2: Hero ($5.43 in chips)
Seat 3: 74d9a396 ($5 in chips)
Seat 4: e2c91029 ($3.72 in chips)
Seat 5: 8bdcb922 ($5.05 in chips)
Seat 6: 6474defc ($5.89 in chips)
74d9a396: posts small blind $0.02
e2c91029: posts big blind $0.05
*** HOLE CARDS ***
Dealt to ac0da820 
Dealt to Hero [Kh 6d]
Dealt to 74d9a396 
Dealt to e2c91029 
Dealt to 8bdcb922 
Dealt to 6474defc 
8bdcb922: folds
6474defc: raises $0.05 to $0.1
ac0da820: folds
Hero: folds
74d9a396: folds
e2c91029: folds
Uncalled bet ($0.05) returned to 6474defc
*** SHOWDOWN ***
6474defc collected $0.12 from pot
*** SUMMARY ***
Total pot $0.12 | Rake $0 | Jackpot $0 | Bingo $0 | Fortune $0 | Tax $0
Seat 1: ac0da820 folded before Flop (didn't bet)
Seat 2: Hero (button) folded before Flop (didn't bet)
Seat 3: 74d9a396 (small blind) folded before Flop
Seat 4: e2c91029 (big blind) folded before Flop
Seat 5: 8bdcb922 folded before Flop (didn't bet)
Seat 6: 6474defc collected ($0.12)


Poker Hand #HD1744801396: Hold'em No Limit ($0.02/$0.05) - 2024/04/24 18:15:24
Table 'NLHBlue39' 6-max Seat #1 is the button
Seat 1: ac0da820 ($5.51 in chips)
Seat 2: Hero ($5.45 in chips)
Seat 3: 74d9a396 ($5 in chips)
Seat 4: e2c91029 ($3.72 in chips)
Seat 5: 8bdcb922 ($5.05 in chips)
Seat 6: 6474defc ($5.89 in chips)
Hero: posts small blind $0.02
74d9a396: posts big blind $0.05
*** HOLE CARDS ***
Dealt to ac0da820 
Dealt to Hero [Td 9s]
Dealt to 74d9a396 
Dealt to e2c91029 
Dealt to 8bdcb922 
Dealt to 6474defc 
e2c91029: folds
8bdcb922: folds
6474defc: folds
ac0da820: raises $0.1 to $0.15
Hero: folds
74d9a396: folds
Uncalled bet ($0.1) returned to ac0da820
*** SHOWDOWN ***
ac0da820 collected $0.12 from pot
*** SUMMARY ***
Total pot $0.12 | Rake $0 | Jackpot $0 | Bingo $0 | Fortune $0 | Tax $0
Seat 1: ac0da820 (button) collected ($0.12)
Seat 2: Hero (small blind) folded before Flop
Seat 3: 74d9a396 (big blind) folded before Flop
Seat 4: e2c91029 folded before Flop (didn't bet)
Seat 5: 8bdcb922 folded before Flop (didn't bet)
Seat 6: 6474defc folded before Flop (didn't bet)


Poker Hand #HD1744801232: Hold'em No Limit ($0.02/$0.05) - 2024/04/24 18:14:21
Table 'NLHBlue39' 6-max Seat #6 is the button
Seat 1: ac0da820 ($4.95 in chips)
Seat 2: Hero ($5.5 in chips)
Seat 3: 74d9a396 ($5 in chips)
Seat 4: e2c91029 ($3.72 in chips)
Seat 5: 8bdcb922 ($5.62 in chips)
Seat 6: 6474defc ($5.89 in chips)
ac0da820: posts small blind $0.02
Hero: posts big blind $0.05
*** HOLE CARDS ***
Dealt to ac0da820 
Dealt to Hero [3h 7d]
Dealt to 74d9a396 
Dealt to e2c91029 
Dealt to 8bdcb922 
Dealt to 6474defc 
74d9a396: folds
e2c91029: folds
8bdcb922: raises $0.1 to $0.15
6474defc: folds
ac0da820: calls $0.13
Hero: folds
*** FLOP *** [2s Ah 8d]
ac0da820: checks
8bdcb922: bets $0.12
ac0da820: calls $0.12
*** TURN *** [2s Ah 8d] [4d]
ac0da820: checks
8bdcb922: checks
*** RIVER *** [2s Ah 8d 4d] [2h]
ac0da820: bets $0.3
8bdcb922: calls $0.3
ac0da820: shows [4s 4c] (Fours Full over Twos)
8bdcb922: shows [Td Tc] (Pair of Tens and Pair of Twos)
*** SHOWDOWN ***
ac0da820 collected $1.13 from pot
*** SUMMARY ***
Total pot $1.19 | Rake $0.06 | Jackpot $0 | Bingo $0 | Fortune $0 | Tax $0
Board [2s Ah 8d 4d 2h]
Seat 1: ac0da820 (small blind) showed [4s 4c] and won ($1.13) with Fours Full over Twos
Seat 2: Hero (big blind) folded before Flop
Seat 3: 74d9a396 folded before Flop (didn't bet)
Seat 4: e2c91029 folded before Flop (didn't bet)
Seat 5: 8bdcb922 showed [Td Tc] and lost with Pair of Tens and Pair of Twos
Seat 6: 6474defc (button) folded before Flop (didn't bet)


Poker Hand #HD1744801168: Hold'em No Limit ($0.02/$0.05) - 2024/04/24 18:13:52
Table 'NLHBlue39' 6-max Seat #5 is the button
Seat 1: ac0da820 ($5 in chips)
Seat 2: Hero ($5.5 in chips)
Seat 3: 74d9a396 ($5 in chips)
Seat 4: e2c91029 ($3.72 in chips)
Seat 5: 8bdcb922 ($5.62 in chips)
Seat 6: 6474defc ($5.84 in chips)
6474defc: posts small blind $0.02
ac0da820: posts big blind $0.05
*** HOLE CARDS ***
Dealt to ac0da820 
Dealt to Hero [3h 5h]
Dealt to 74d9a396 
Dealt to e2c91029 
Dealt to 8bdcb922 
Dealt to 6474defc 
Hero: folds
74d9a396: folds
e2c91029: folds
8bdcb922: folds
6474defc: raises $0.1 to $0.15
ac0da820: folds
Uncalled bet ($0.1) returned to 6474defc
*** SHOWDOWN ***
6474defc collected $0.1 from pot
*** SUMMARY ***
Total pot $0.1 | Rake $0 | Jackpot $0 | Bingo $0 | Fortune $0 | Tax $0
Seat 1: ac0da820 (big blind) folded before Flop
Seat 2: Hero folded before Flop (didn't bet)
Seat 3: 74d9a396 folded before Flop (didn't bet)
Seat 4: e2c91029 folded before Flop (didn't bet)
Seat 5: 8bdcb922 (button) folded before Flop (didn't bet)
Seat 6: 6474defc (small blind) collected ($0.1)


Poker Hand #HD1744801091: Hold'em No Limit ($0.02/$0.05) - 2024/04/24 18:13:12
Table 'NLHBlue39' 6-max Seat #4 is the button
Seat 1: ac0da820 ($4.27 in chips)
Seat 2: Hero ($5.5 in chips)
Seat 3: 74d9a396 ($5 in chips)
Seat 4: e2c91029 ($3.72 in chips)
Seat 5: 8bdcb922 ($5.77 in chips)
Seat 6: 6474defc ($5.7 in chips)
8bdcb922: posts small blind $0.02
6474defc: posts big blind $0.05
*** HOLE CARDS ***
Dealt to ac0da820 
Dealt to Hero [8c 9d]
Dealt to 74d9a396 
Dealt to e2c91029 
Dealt to 8bdcb922 
Dealt to 6474defc 
ac0da820: folds
Hero: folds
74d9a396: folds
e2c91029: folds
8bdcb922: raises $0.1 to $0.15
6474defc: raises $0.35 to $0.5
8bdcb922: folds
Uncalled bet ($0.35) returned to 6474defc
*** SHOWDOWN ***
6474defc collected $0.29 from pot
*** SUMMARY ***
Total pot $0.3 | Rake $0.01 | Jackpot $0 | Bingo $0 | Fortune $0 | Tax $0
Seat 1: ac0da820 folded before Flop (didn't bet)
Seat 2: Hero folded before Flop (didn't bet)
Seat 3: 74d9a396 folded before Flop (didn't bet)
Seat 4: e2c91029 (button) folded before Flop (didn't bet)
Seat 5: 8bdcb922 (small blind) folded before Flop
Seat 6: 6474defc (big blind) collected ($0.29)


Poker Hand #HD1744801010: Hold'em No Limit ($0.02/$0.05) - 2024/04/24 18:12:38
Table 'NLHBlue39' 6-max Seat #3 is the button
Seat 1: ac0da820 ($4.42 in chips)
Seat 2: Hero ($5.5 in chips)
Seat 3: 74d9a396 ($5 in chips)
Seat 4: e2c91029 ($3.53 in chips)
Seat 5: 8bdcb922 ($5.82 in chips)
Seat 6: 6474defc ($5.7 in chips)
e2c91029: posts small blind $0.02
8bdcb922: posts big blind $0.05
*** HOLE CARDS ***
Dealt to ac0da820 
Dealt to Hero [3c Jc]
Dealt to 74d9a396 
Dealt to e2c91029 
Dealt to 8bdcb922 
Dealt to 6474defc 
6474defc: folds
ac0da820: raises $0.1 to $0.15
Hero: folds
74d9a396: folds
e2c91029: calls $0.13
8bdcb922: folds
*** FLOP *** [Th 4s Qh]
e2c91029: checks
ac0da820: checks
*** TURN *** [Th 4s Qh] [3s]
e2c91029: checks
ac0da820: checks
*** RIVER *** [Th 4s Qh 3s] [2s]
e2c91029: checks
ac0da820: checks
e2c91029: shows [5h 4h] (Pair of Fours)
ac0da820: shows [Ks Ah] (Ace-High)
*** SHOWDOWN ***
e2c91029 collected $0.34 from pot
*** SUMMARY ***
Total pot $0.35 | Rake $0.01 | Jackpot $0 | Bingo $0 | Fortune $0 | Tax $0
Board [Th 4s Qh 3s 2s]
Seat 1: ac0da820 showed [Ks Ah] and lost with Ace-High
Seat 2: Hero folded before Flop (didn't bet)
Seat 3: 74d9a396 (button) folded before Flop (didn't bet)
Seat 4: e2c91029 (small blind) showed [5h 4h] and won ($0.34) with Pair of Fours
Seat 5: 8bdcb922 (big blind) folded before Flop
Seat 6: 6474defc folded before Flop (didn't bet)


Poker Hand #HD1744800882: Hold'em No Limit ($0.02/$0.05) - 2024/04/24 18:11:42
Table 'NLHBlue39' 6-max Seat #2 is the button
Seat 1: ac0da820 ($4.83 in chips)
Seat 2: Hero ($5.5 in chips)
Seat 3: 74d9a396 ($5 in chips)
Seat 4: e2c91029 ($3.65 in chips)
Seat 5: 8bdcb922 ($5.82 in chips)
Seat 6: 6474defc ($5.19 in chips)
74d9a396: posts small blind $0.02
e2c91029: posts big blind $0.05
*** HOLE CARDS ***
Dealt to ac0da820 
Dealt to Hero [Kh 9s]
Dealt to 74d9a396 
Dealt to e2c91029 
Dealt to 8bdcb922 
Dealt to 6474defc 
8bdcb922: folds
6474defc: raises $0.07 to $0.12
ac0da820: calls $0.12
Hero: folds
74d9a396: folds
e2c91029: calls $0.07
*** FLOP *** [5h 7h 3h]
e2c91029: checks
6474defc: checks
ac0da820: checks
*** TURN *** [5h 7h 3h] [3d]
e2c91029: checks
6474defc: bets $0.29
ac0da820: calls $0.29
e2c91029: folds
*** RIVER *** [5h 7h 3h 3d] [Ac]
6474defc: bets $0.95
ac0da820: folds
Uncalled bet ($0.95) returned to 6474defc
*** SHOWDOWN ***
6474defc collected $0.92 from pot
*** SUMMARY ***
Total pot $0.96 | Rake $0.04 | Jackpot $0 | Bingo $0 | Fortune $0 | Tax $0
Board [5h 7h 3h 3d Ac]
Seat 1: ac0da820 folded on the River
Seat 2: Hero (button) folded before Flop (didn't bet)
Seat 3: 74d9a396 (small blind) folded before Flop
Seat 4: e2c91029 (big blind) folded on the Turn
Seat 5: 8bdcb922 folded before Flop (didn't bet)
Seat 6: 6474defc won ($0.92)


Poker Hand #HD1744800810: Hold'em No Limit ($0.02/$0.05) - 2024/04/24 18:11:04
Table 'NLHBlue39' 6-max Seat #1 is the button
Seat 1: ac0da820 ($4.83 in chips)
Seat 2: Hero ($5.31 in chips)
Seat 3: 74d9a396 ($5 in chips)
Seat 4: e2c91029 ($3.65 in chips)
Seat 5: 8bdcb922 ($5.97 in chips)
Seat 6: 6474defc ($5.19 in chips)
Hero: posts small blind $0.02
74d9a396: posts big blind $0.05
*** HOLE CARDS ***
Dealt to ac0da820 
Dealt to Hero [Kd Qd]
Dealt to 74d9a396 
Dealt to e2c91029 
Dealt to 8bdcb922 
Dealt to 6474defc 
e2c91029: folds
8bdcb922: raises $0.1 to $0.15
6474defc: folds
ac0da820: folds
Hero: raises $0.4 to $0.55
74d9a396: folds
8bdcb922: folds
Uncalled bet ($0.4) returned to Hero
*** SHOWDOWN ***
Hero collected $0.34 from pot
*** SUMMARY ***
Total pot $0.35 | Rake $0.01 | Jackpot $0 | Bingo $0 | Fortune $0 | Tax $0
Seat 1: ac0da820 (button) folded before Flop (didn't bet)
Seat 2: Hero (small blind) collected ($0.34)
Seat 3: 74d9a396 (big blind) folded before Flop
Seat 4: e2c91029 folded before Flop (didn't bet)
Seat 5: 8bdcb922 folded before Flop
Seat 6: 6474defc folded before Flop (didn't bet)


Poker Hand #HD1744800736: Hold'em No Limit ($0.02/$0.05) - 2024/04/24 18:10:33
Table 'NLHBlue39' 6-max Seat #6 is the button
Seat 1: ac0da820 ($4.85 in chips)
Seat 2: Hero ($5.11 in chips)
Seat 3: 74d9a396 ($5 in chips)
Seat 4: e2c91029 ($3.85 in chips)
Seat 5: 8bdcb922 ($5.97 in chips)
Seat 6: 6474defc ($5.19 in chips)
ac0da820: posts small blind $0.02
Hero: posts big blind $0.05
*** HOLE CARDS ***
Dealt to ac0da820 
Dealt to Hero [8h 9h]
Dealt to 74d9a396 
Dealt to e2c91029 
Dealt to 8bdcb922 
Dealt to 6474defc 
74d9a396: folds
e2c91029: calls $0.05
8bdcb922: folds
6474defc: folds
ac0da820: folds
Hero: raises $0.15 to $0.2
e2c91029: calls $0.15
*** FLOP *** [5s 9c 9d]
Hero: bets $0.2
e2c91029: folds
Uncalled bet ($0.2) returned to Hero
*** SHOWDOWN ***
Hero collected $0.4 from pot
*** SUMMARY ***
Total pot $0.42 | Rake $0.02 | Jackpot $0 | Bingo $0 | Fortune $0 | Tax $0
Board [5s 9c 9d]
Seat 1: ac0da820 (small blind) folded before Flop
Seat 2: Hero (big blind) won ($0.4)
Seat 3: 74d9a396 folded before Flop (didn't bet)
Seat 4: e2c91029 folded on the Flop
Seat 5: 8bdcb922 folded before Flop (didn't bet)
Seat 6: 6474defc (button) folded before Flop (didn't bet)


Poker Hand #HD1744800675: Hold'em No Limit ($0.02/$0.05) - 2024/04/24 18:10:04
Table 'NLHBlue39' 6-max Seat #5 is the button
Seat 1: ac0da820 ($4.95 in chips)
Seat 2: Hero ($5 in chips)
Seat 3: 74d9a396 ($5 in chips)
Seat 4: e2c91029 ($3.85 in chips)
Seat 5: 8bdcb922 ($5.97 in chips)
Seat 6: 6474defc ($5.21 in chips)
6474defc: posts small blind $0.02
ac0da820: posts big blind $0.05
*** HOLE CARDS ***
Dealt to ac0da820 
Dealt to Hero [Ad 6d]
Dealt to 74d9a396 
Dealt to e2c91029 
Dealt to 8bdcb922 
Dealt to 6474defc 
Hero: raises $0.05 to $0.1
74d9a396: folds
e2c91029: folds
8bdcb922: folds
6474defc: folds
ac0da820: calls $0.05
*** FLOP *** [3h Jc 5s]
ac0da820: checks
Hero: bets $0.1
ac0da820: folds
Uncalled bet ($0.1) returned to Hero
*** SHOWDOWN ***
Hero collected $0.21 from pot
*** SUMMARY ***
Total pot $0.22 | Rake $0.01 | Jackpot $0 | Bingo $0 | Fortune $0 | Tax $0
Board [3h Jc 5s]
Seat 1: ac0da820 (big blind) folded on the Flop
Seat 2: Hero won ($0.21)
Seat 3: 74d9a396 folded before Flop (didn't bet)
Seat 4: e2c91029 folded before Flop (didn't bet)
Seat 5: 8bdcb922 (button) folded before Flop (didn't bet)
Seat 6: 6474defc (small blind) folded before Flop


Poker Hand #HD1744800585: Hold'em No Limit ($0.02/$0.05) - 2024/04/24 18:09:28
Table 'NLHBlue39' 6-max Seat #4 is the button
Seat 1: ac0da820 ($4.95 in chips)
Seat 2: Hero ($5 in chips)
Seat 3: 74d9a396 ($5 in chips)
Seat 4: e2c91029 ($3.85 in chips)
Seat 5: 8bdcb922 ($6.12 in chips)
Seat 6: 6474defc ($5.07 in chips)
8bdcb922: posts small blind $0.02
6474defc: posts big blind $0.05
*** HOLE CARDS ***
Dealt to ac0da820 
Dealt to Hero [3h 3s]
Dealt to 74d9a396 
Dealt to e2c91029 
Dealt to 8bdcb922 
Dealt to 6474defc 
ac0da820: folds
Hero: folds
74d9a396: folds
e2c91029: folds
8bdcb922: raises $0.1 to $0.15
6474defc: raises $0.35 to $0.5
8bdcb922: folds
Uncalled bet ($0.35) returned to 6474defc
*** SHOWDOWN ***
6474defc collected $0.29 from pot
*** SUMMARY ***
Total pot $0.3 | Rake $0.01 | Jackpot $0 | Bingo $0 | Fortune $0 | Tax $0
Seat 1: ac0da820 folded before Flop (didn't bet)
Seat 2: Hero folded before Flop (didn't bet)
Seat 3: 74d9a396 folded before Flop (didn't bet)
Seat 4: e2c91029 (button) folded before Flop (didn't bet)
Seat 5: 8bdcb922 (small blind) folded before Flop
Seat 6: 6474defc (big blind) collected ($0.29)


Poker Hand #HD1744800563: Hold'em No Limit ($0.02/$0.05) - 2024/04/24 18:09:18
Table 'NLHBlue39' 6-max Seat #3 is the button
Seat 1: ac0da820 ($4.95 in chips)
Seat 2: Hero ($5 in chips)
Seat 3: 74d9a396 ($5 in chips)
Seat 4: e2c91029 ($3.87 in chips)
Seat 5: 8bdcb922 ($6.1 in chips)
Seat 6: 6474defc ($5.07 in chips)
e2c91029: posts small blind $0.02
8bdcb922: posts big blind $0.05
*** HOLE CARDS ***
Dealt to ac0da820 
Dealt to Hero [Tc 5c]
Dealt to 74d9a396 
Dealt to e2c91029 
Dealt to 8bdcb922 
Dealt to 6474defc 
6474defc: folds
ac0da820: folds
Hero: folds
74d9a396: folds
e2c91029: folds
Uncalled bet ($0.03) returned to 8bdcb922
*** SHOWDOWN ***
8bdcb922 collected $0.04 from pot
*** SUMMARY ***
Total pot $0.04 | Rake $0 | Jackpot $0 | Bingo $0 | Fortune $0 | Tax $0
Seat 1: ac0da820 folded before Flop (didn't bet)
Seat 2: Hero folded before Flop (didn't bet)
Seat 3: 74d9a396 (button) folded before Flop (didn't bet)
Seat 4: e2c91029 (small blind) folded before Flop
Seat 5: 8bdcb922 (big blind) collected ($0.04)
Seat 6: 6474defc folded before Flop (didn't bet)


Poker Hand #HD1744800503: Hold'em No Limit ($0.02/$0.05) - 2024/04/24 18:08:52
Table 'NLHBlue39' 6-max Seat #2 is the button
Seat 1: ac0da820 ($5 in chips)
Seat 2: Hero ($5 in chips)
Seat 3: 74d9a396 ($5 in chips)
Seat 4: e2c91029 ($3.8 in chips)
Seat 5: 8bdcb922 ($6.1 in chips)
Seat 6: 6474defc ($5.07 in chips)
74d9a396: posts small blind $0.02
e2c91029: posts big blind $0.05
ac0da820: posts big blind $0.05
*** HOLE CARDS ***
Dealt to ac0da820 
Dealt to Hero [Qs 4c]
Dealt to 74d9a396 
Dealt to e2c91029 
Dealt to 8bdcb922 
Dealt to 6474defc 
8bdcb922: folds
6474defc: folds
ac0da820: checks
Hero: folds
74d9a396: folds
e2c91029: raises $0.14 to $0.19
ac0da820: folds
Uncalled bet ($0.14) returned to e2c91029
*** SHOWDOWN ***
e2c91029 collected $0.12 from pot
*** SUMMARY ***
Total pot $0.12 | Rake $0 | Jackpot $0 | Bingo $0 | Fortune $0 | Tax $0
Seat 1: ac0da820 folded before Flop
Seat 2: Hero (button) folded before Flop (didn't bet)
Seat 3: 74d9a396 (small blind) folded before Flop
Seat 4: e2c91029 (big blind) collected ($0.12)
Seat 5: 8bdcb922 folded before Flop (didn't bet)
Seat 6: 6474defc folded before Flop (didn't bet)


Poker Hand #HD1744800460: Hold'em No Limit ($0.02/$0.05) - 2024/04/24 18:08:33
Table 'NLHBlue39' 6-max Seat #6 is the button
Seat 2: Hero ($5 in chips)
Seat 3: 74d9a396 ($5 in chips)
Seat 4: e2c91029 ($3.8 in chips)
Seat 5: 8bdcb922 ($6.1 in chips)
Seat 6: 6474defc ($5 in chips)
Hero: posts small blind $0.02
74d9a396: posts big blind $0.05
*** HOLE CARDS ***
Dealt to Hero [5h 8h]
Dealt to 74d9a396 
Dealt to e2c91029 
Dealt to 8bdcb922 
Dealt to 6474defc 
e2c91029: folds
8bdcb922: folds
6474defc: raises $0.07 to $0.12
Hero: folds
74d9a396: folds
Uncalled bet ($0.07) returned to 6474defc
*** SHOWDOWN ***
6474defc collected $0.12 from pot
*** SUMMARY ***
Total pot $0.12 | Rake $0 | Jackpot $0 | Bingo $0 | Fortune $0 | Tax $0
Seat 2: Hero (small blind) folded before Flop
Seat 3: 74d9a396 (big blind) folded before Flop
Seat 4: e2c91029 folded before Flop (didn't bet)
Seat 5: 8bdcb922 folded before Flop (didn't bet)
Seat 6: 6474defc (button) collected ($0.12)


Poker Hand #HD1744800337: Hold'em No Limit ($0.02/$0.05) - 2024/04/24 18:07:37
Table 'NLHBlue39' 6-max Seat #5 is the button
Seat 2: Hero ($5 in chips)
Seat 3: 74d9a396 ($5 in chips)
Seat 4: e2c91029 ($3.68 in chips)
Seat 5: 8bdcb922 ($6.1 in chips)
Seat 6: 6474defc ($5.02 in chips)
6474defc: posts small blind $0.02
Hero: posts big blind $0.05
*** HOLE CARDS ***
Dealt to Hero [7c Tc]
Dealt to 74d9a396 
Dealt to e2c91029 
Dealt to 8bdcb922 
Dealt to 6474defc 
74d9a396: folds
e2c91029: calls $0.05
8bdcb922: folds
6474defc: folds
Hero: checks
*** FLOP *** [Ac 3d 8h]
Hero: checks
e2c91029: checks
*** TURN *** [Ac 3d 8h] [Th]
Hero: checks
e2c91029: bets $0.06
Hero: calls $0.06
*** RIVER *** [Ac 3d 8h Th] [4c]
Hero: checks
e2c91029: bets $0.27
Hero: folds
Uncalled bet ($0.27) returned to e2c91029
*** SHOWDOWN ***
e2c91029 collected $0.23 from pot
*** SUMMARY ***
Total pot $0.24 | Rake $0.01 | Jackpot $0 | Bingo $0 | Fortune $0 | Tax $0
Board [Ac 3d 8h Th 4c]
Seat 2: Hero (big blind) folded on the River
Seat 3: 74d9a396 folded before Flop (didn't bet)
Seat 4: e2c91029 won ($0.23)
Seat 5: 8bdcb922 (button) folded before Flop (didn't bet)
Seat 6: 6474defc (small blind) folded before Flop


Poker Hand #HD1744800250: Hold'em No Limit ($0.02/$0.05) - 2024/04/24 18:06:55
Table 'NLHBlue39' 6-max Seat #4 is the button
Seat 1: ffffa10e ($5 in chips)
Seat 2: Hero ($5 in chips)
Seat 3: 74d9a396 ($5 in chips)
Seat 4: e2c91029 ($3.68 in chips)
Seat 5: 8bdcb922 ($6.47 in chips)
Seat 6: 6474defc ($5.07 in chips)
8bdcb922: posts small blind $0.02
6474defc: posts big blind $0.05
*** HOLE CARDS ***
Dealt to ffffa10e 
Dealt to Hero [Th Kc]
Dealt to 74d9a396 
Dealt to e2c91029 
Dealt to 8bdcb922 
Dealt to 6474defc 
ffffa10e: raises $0.08 to $0.13
Hero: folds
74d9a396: folds
e2c91029: folds
8bdcb922: calls $0.11
6474defc: folds
*** FLOP *** [Kd Ad 9d]
8bdcb922: checks
ffffa10e: checks
*** TURN *** [Kd Ad 9d] [9h]
8bdcb922: bets $0.24
ffffa10e: calls $0.24
*** RIVER *** [Kd Ad 9d 9h] [5c]
8bdcb922: checks
ffffa10e: checks
8bdcb922: shows [6c 7c] (Pair of Nines)
ffffa10e: shows [Td Tc] (Pair of Tens and Pair of Nines)
*** SHOWDOWN ***
ffffa10e collected $0.75 from pot
*** SUMMARY ***
Total pot $0.79 | Rake $0.04 | Jackpot $0 | Bingo $0 | Fortune $0 | Tax $0
Board [Kd Ad 9d 9h 5c]
Seat 1: ffffa10e showed [Td Tc] and won ($0.75) with Pair of Tens and Pair of Nines
Seat 2: Hero folded before Flop (didn't bet)
Seat 3: 74d9a396 folded before Flop (didn't bet)
Seat 4: e2c91029 (button) folded before Flop (didn't bet)
Seat 5: 8bdcb922 (small blind) showed [6c 7c] and lost with Pair of Nines
Seat 6: 6474defc (big blind) folded before Flop


Poker Hand #HD1744800210: Hold'em No Limit ($0.02/$0.05) - 2024/04/24 18:06:36
Table 'NLHBlue39' 6-max Seat #3 is the button
Seat 1: ffffa10e ($5 in chips)
Seat 2: Hero ($5 in chips)
Seat 3: 74d9a396 ($5 in chips)
Seat 4: e2c91029 ($3.7 in chips)
Seat 5: 8bdcb922 ($6.45 in chips)
Seat 6: 6474defc ($5.07 in chips)
e2c91029: posts small blind $0.02
8bdcb922: posts big blind $0.05
*** HOLE CARDS ***
Dealt to ffffa10e 
Dealt to Hero [4s 5c]
Dealt to 74d9a396 
Dealt to e2c91029 
Dealt to 8bdcb922 
Dealt to 6474defc 
6474defc: folds
ffffa10e: folds
Hero: folds
74d9a396: folds
e2c91029: folds
Uncalled bet ($0.03) returned to 8bdcb922
*** SHOWDOWN ***
8bdcb922 collected $0.04 from pot
*** SUMMARY ***
Total pot $0.04 | Rake $0 | Jackpot $0 | Bingo $0 | Fortune $0 | Tax $0
Seat 1: ffffa10e folded before Flop (didn't bet)
Seat 2: Hero folded before Flop (didn't bet)
Seat 3: 74d9a396 (button) folded before Flop (didn't bet)
Seat 4: e2c91029 (small blind) folded before Flop
Seat 5: 8bdcb922 (big blind) collected ($0.04)
Seat 6: 6474defc folded before Flop (didn't bet)


Poker Hand #HD1744800105: Hold'em No Limit ($0.02/$0.05) - 2024/04/24 18:05:55
Table 'NLHBlue39' 6-max Seat #2 is the button
Seat 1: ffffa10e ($5 in chips)
Seat 2: Hero ($5 in chips)
Seat 3: 74d9a396 ($5.02 in chips)
Seat 4: e2c91029 ($3.68 in chips)
Seat 5: 8bdcb922 ($6.45 in chips)
Seat 6: 6474defc ($5.07 in chips)
74d9a396: posts small blind $0.02
e2c91029: posts big blind $0.05
*** HOLE CARDS ***
Dealt to ffffa10e 
Dealt to Hero [5s Qc]
Dealt to 74d9a396 
Dealt to e2c91029 
Dealt to 8bdcb922 
Dealt to 6474defc 
8bdcb922: folds
6474defc: folds
ffffa10e: folds
Hero: folds
74d9a396: folds
Uncalled bet ($0.03) returned to e2c91029
*** SHOWDOWN ***
e2c91029 collected $0.04 from pot
*** SUMMARY ***
Total pot $0.04 | Rake $0 | Jackpot $0 | Bingo $0 | Fortune $0 | Tax $0
Seat 1: ffffa10e folded before Flop (didn't bet)
Seat 2: Hero (button) folded before Flop (didn't bet)
Seat 3: 74d9a396 (small blind) folded before Flop
Seat 4: e2c91029 (big blind) collected ($0.04)
Seat 5: 8bdcb922 folded before Flop (didn't bet)
Seat 6: 6474defc folded before Flop (didn't bet)


Poker Hand #HD1744800073: Hold'em No Limit ($0.02/$0.05) - 2024/04/24 18:05:38
Table 'NLHBlue39' 6-max Seat #1 is the button
Seat 1: ffffa10e ($5 in chips)
Seat 2: Hero ($5 in chips)
Seat 3: 74d9a396 ($5.07 in chips)
Seat 4: e2c91029 ($3.68 in chips)
Seat 5: 8bdcb922 ($6.45 in chips)
Seat 6: 6474defc ($5 in chips)
Hero: posts small blind $0.02
74d9a396: posts big blind $0.05
*** HOLE CARDS ***
Dealt to ffffa10e 
Dealt to Hero [2s 4s]
Dealt to 74d9a396 
Dealt to e2c91029 
Dealt to 8bdcb922 
Dealt to 6474defc 
e2c91029: folds
8bdcb922: folds
6474defc: raises $0.07 to $0.12
ffffa10e: folds
Hero: folds
74d9a396: folds
Uncalled bet ($0.07) returned to 6474defc
*** SHOWDOWN ***
6474defc collected $0.12 from pot
*** SUMMARY ***
Total pot $0.12 | Rake $0 | Jackpot $0 | Bingo $0 | Fortune $0 | Tax $0
Seat 1: ffffa10e (button) folded before Flop (didn't bet)
Seat 2: Hero (small blind) folded before Flop
Seat 3: 74d9a396 (big blind) folded before Flop
Seat 4: e2c91029 folded before Flop (didn't bet)
Seat 5: 8bdcb922 folded before Flop (didn't bet)
Seat 6: 6474defc collected ($0.12)


Poker Hand #HD1744799949: Hold'em No Limit ($0.02/$0.05) - 2024/04/24 18:04:40
Table 'NLHBlue39' 6-max Seat #6 is the button
Seat 1: ffffa10e ($5.02 in chips)
Seat 2: Hero ($5 in chips)
Seat 3: 74d9a396 ($5.07 in chips)
Seat 4: e2c91029 ($2.78 in chips)
Seat 5: 8bdcb922 ($6.45 in chips)
Seat 6: 6474defc ($5 in chips)
ffffa10e: posts small blind $0.02
Hero: posts big blind $0.05
*** HOLE CARDS ***
Dealt to ffffa10e 
Dealt to Hero [Ac Qd]
Dealt to 74d9a396 
Dealt to e2c91029 
Dealt to 8bdcb922 
Dealt to 6474defc 
74d9a396: folds
e2c91029: raises $0.2 to $0.25
8bdcb922: folds
6474defc: folds
ffffa10e: folds
Hero: calls $0.2
*** FLOP *** [Jc 3c Js]
Hero: checks
e2c91029: bets $0.26
Hero: calls $0.26
*** TURN *** [Jc 3c Js] [9c]
Hero: checks
e2c91029: checks
*** RIVER *** [Jc 3c Js 9c] [6h]
Hero: checks
e2c91029: bets $0.52
Hero: calls $0.52
e2c91029: shows [Kd Kh] (Pair of Kings and Pair of Jacks)
Hero: shows [Ac Qd] (Pair of Jacks)
*** SHOWDOWN ***
e2c91029 collected $1.93 from pot
*** SUMMARY ***
Total pot $2.08 | Rake $0.1 | Jackpot $0.05 | Bingo $0 | Fortune $0 | Tax $0
Board [Jc 3c Js 9c 6h]
Seat 1: ffffa10e (small blind) folded before Flop
Seat 2: Hero (big blind) showed [Ac Qd] and lost with Pair of Jacks
Seat 3: 74d9a396 folded before Flop (didn't bet)
Seat 4: e2c91029 showed [Kd Kh] and won ($1.93) with Pair of Kings and Pair of Jacks
Seat 5: 8bdcb922 folded before Flop (didn't bet)
Seat 6: 6474defc (button) folded before Flop (didn't bet)


