Poker Hand #HD1721293098: Hold'em No Limit ($0.02/$0.05) - 2024/04/08 17:18:22
Table 'NLHBlue18' 6-max Seat #6 is the button
Seat 1: Hero ($5 in chips)
Seat 2: a43c02ba ($5 in chips)
Seat 3: 161800c3 ($1.68 in chips)
Seat 4: bf7dbde9 ($5.09 in chips)
Seat 6: 3451befc ($0.74 in chips)
Hero: posts small blind $0.02
a43c02ba: posts big blind $0.05
*** HOLE CARDS ***
Dealt to Hero [6d Ad]
Dealt to a43c02ba 
Dealt to 161800c3 
Dealt to bf7dbde9 
Dealt to 3451befc 
161800c3: folds
bf7dbde9: folds
3451befc: folds
Hero: raises $0.1 to $0.15
a43c02ba: calls $0.1
*** FLOP *** [2s Th 4c]
Hero: checks
a43c02ba: checks
*** TURN *** [2s Th 4c] [8s]
Hero: checks
a43c02ba: bets $0.1
Hero: folds
Uncalled bet ($0.1) returned to a43c02ba
*** SHOWDOWN ***
a43c02ba collected $0.29 from pot
*** SUMMARY ***
Total pot $0.3 | Rake $0.01 | Jackpot $0 | Bingo $0 | Fortune $0 | Tax $0
Board [2s Th 4c 8s]
Seat 1: Hero (small blind) folded on the Turn
Seat 2: a43c02ba (big blind) won ($0.29)
Seat 3: 161800c3 folded before Flop (didn't bet)
Seat 4: bf7dbde9 folded before Flop (didn't bet)
Seat 6: 3451befc (button) folded before Flop (didn't bet)


Poker Hand #HD1721293049: Hold'em No Limit ($0.02/$0.05) - 2024/04/08 17:18:02
Table 'NLHBlue18' 6-max Seat #4 is the button
Seat 1: Hero ($5 in chips)
Seat 2: a43c02ba ($5 in chips)
Seat 3: 161800c3 ($1.61 in chips)
Seat 4: bf7dbde9 ($5.09 in chips)
Seat 6: 3451befc ($0.76 in chips)
3451befc: posts small blind $0.02
Hero: posts big blind $0.05
*** HOLE CARDS ***
Dealt to Hero [Tc 6s]
Dealt to a43c02ba 
Dealt to 161800c3 
Dealt to bf7dbde9 
Dealt to 3451befc 
a43c02ba: folds
161800c3: raises $0.12 to $0.17
bf7dbde9: folds
3451befc: folds
Hero: folds
Uncalled bet ($0.12) returned to 161800c3
*** SHOWDOWN ***
161800c3 collected $0.12 from pot
*** SUMMARY ***
Total pot $0.12 | Rake $0 | Jackpot $0 | Bingo $0 | Fortune $0 | Tax $0
Seat 1: Hero (big blind) folded before Flop
Seat 2: a43c02ba folded before Flop (didn't bet)
Seat 3: 161800c3 collected ($0.12)
Seat 4: bf7dbde9 (button) folded before Flop (didn't bet)
Seat 6: 3451befc (small blind) folded before Flop


Poker Hand #HD1721292990: Hold'em No Limit ($0.02/$0.05) - 2024/04/08 17:17:39
Table 'NLHBlue18' 6-max Seat #3 is the button
Seat 1: Hero ($5 in chips)
Seat 2: a43c02ba ($5 in chips)
Seat 3: 161800c3 ($1.54 in chips)
Seat 4: bf7dbde9 ($5.11 in chips)
Seat 6: 3451befc ($0.81 in chips)
bf7dbde9: posts small blind $0.02
3451befc: posts big blind $0.05
*** HOLE CARDS ***
Dealt to Hero [5d 6c]
Dealt to a43c02ba 
Dealt to 161800c3 
Dealt to bf7dbde9 
Dealt to 3451befc 
Hero: folds
a43c02ba: folds
161800c3: calls $0.05
bf7dbde9: folds
3451befc: checks
*** FLOP *** [3h 3c Ad]
3451befc: checks
161800c3: checks
*** TURN *** [3h 3c Ad] [7h]
3451befc: checks
161800c3: bets $0.06
3451befc: folds
Uncalled bet ($0.06) returned to 161800c3
*** SHOWDOWN ***
161800c3 collected $0.12 from pot
*** SUMMARY ***
Total pot $0.12 | Rake $0 | Jackpot $0 | Bingo $0 | Fortune $0 | Tax $0
Board [3h 3c Ad 7h]
Seat 1: Hero folded before Flop (didn't bet)
Seat 2: a43c02ba folded before Flop (didn't bet)
Seat 3: 161800c3 (button) won ($0.12)
Seat 4: bf7dbde9 (small blind) folded before Flop
Seat 6: 3451befc (big blind) folded on the Turn


Poker Hand #HD1721292915: Hold'em No Limit ($0.02/$0.05) - 2024/04/08 17:17:11
Table 'NLHBlue18' 6-max Seat #2 is the button
Seat 1: Hero ($5 in chips)
Seat 2: a43c02ba ($5 in chips)
Seat 3: 161800c3 ($1.3 in chips)
Seat 4: bf7dbde9 ($5.24 in chips)
Seat 5: f80a51a4 ($5 in chips)
Seat 6: 3451befc ($0.81 in chips)
161800c3: posts small blind $0.02
bf7dbde9: posts big blind $0.05
*** HOLE CARDS ***
Dealt to Hero [4h 4d]
Dealt to a43c02ba 
Dealt to 161800c3 
Dealt to bf7dbde9 
Dealt to f80a51a4 
Dealt to 3451befc 
f80a51a4: folds
3451befc: folds
Hero: raises $0.08 to $0.13
a43c02ba: folds
161800c3: calls $0.11
bf7dbde9: calls $0.08
*** FLOP *** [Kd As 6h]
161800c3: checks
bf7dbde9: checks
Hero: checks
*** TURN *** [Kd As 6h] [Ac]
161800c3: bets $0.13
bf7dbde9: folds
Hero: folds
Uncalled bet ($0.13) returned to 161800c3
*** SHOWDOWN ***
161800c3 collected $0.37 from pot
*** SUMMARY ***
Total pot $0.39 | Rake $0.02 | Jackpot $0 | Bingo $0 | Fortune $0 | Tax $0
Board [Kd As 6h Ac]
Seat 1: Hero folded on the Turn
Seat 2: a43c02ba (button) folded before Flop (didn't bet)
Seat 3: 161800c3 (small blind) won ($0.37)
Seat 4: bf7dbde9 (big blind) folded on the Turn
Seat 5: f80a51a4 folded before Flop (didn't bet)
Seat 6: 3451befc folded before Flop (didn't bet)


Poker Hand #HD1721292755: Hold'em No Limit ($0.02/$0.05) - 2024/04/08 17:16:07
Table 'NLHBlue18' 6-max Seat #1 is the button
Seat 1: Hero ($5 in chips)
Seat 2: a43c02ba ($5 in chips)
Seat 3: 161800c3 ($1 in chips)
Seat 4: bf7dbde9 ($5.24 in chips)
Seat 5: f80a51a4 ($5 in chips)
Seat 6: 3451befc ($1.12 in chips)
a43c02ba: posts small blind $0.02
161800c3: posts big blind $0.05
*** HOLE CARDS ***
Dealt to Hero [Qh Td]
Dealt to a43c02ba 
Dealt to 161800c3 
Dealt to bf7dbde9 
Dealt to f80a51a4 
Dealt to 3451befc 
bf7dbde9: folds
f80a51a4: folds
3451befc: raises $0.05 to $0.1
Hero: folds
a43c02ba: folds
161800c3: calls $0.05
*** FLOP *** [9d Kc 7h]
161800c3: checks
3451befc: bets $0.08
161800c3: calls $0.08
*** TURN *** [9d Kc 7h] [2s]
161800c3: bets $0.13
3451befc: calls $0.13
*** RIVER *** [9d Kc 7h 2s] [6s]
161800c3: checks
3451befc: checks
161800c3: shows [9s 4s] (Pair of Nines)
3451befc: shows [Ac 5s] (Ace-High)
*** SHOWDOWN ***
161800c3 collected $0.61 from pot
*** SUMMARY ***
Total pot $0.64 | Rake $0.03 | Jackpot $0 | Bingo $0 | Fortune $0 | Tax $0
Board [9d Kc 7h 2s 6s]
Seat 1: Hero (button) folded before Flop (didn't bet)
Seat 2: a43c02ba (small blind) folded before Flop
Seat 3: 161800c3 (big blind) showed [9s 4s] and won ($0.61) with Pair of Nines
Seat 4: bf7dbde9 folded before Flop (didn't bet)
Seat 5: f80a51a4 folded before Flop (didn't bet)
Seat 6: 3451befc showed [Ac 5s] and lost with Ace-High


Poker Hand #HD1721292713: Hold'em No Limit ($0.02/$0.05) - 2024/04/08 17:15:51
Table 'NLHBlue18' 6-max Seat #6 is the button
Seat 1: Hero ($5.02 in chips)
Seat 2: a43c02ba ($5 in chips)
Seat 4: bf7dbde9 ($5.24 in chips)
Seat 5: f80a51a4 ($5 in chips)
Seat 6: 3451befc ($1.05 in chips)
Hero: posts small blind $0.02
a43c02ba: posts big blind $0.05
*** HOLE CARDS ***
Dealt to Hero [Kh 6d]
Dealt to a43c02ba 
Dealt to bf7dbde9 
Dealt to f80a51a4 
Dealt to 3451befc 
bf7dbde9: folds
f80a51a4: folds
3451befc: raises $0.05 to $0.1
Hero: folds
a43c02ba: folds
Uncalled bet ($0.05) returned to 3451befc
*** SHOWDOWN ***
3451befc collected $0.12 from pot
*** SUMMARY ***
Total pot $0.12 | Rake $0 | Jackpot $0 | Bingo $0 | Fortune $0 | Tax $0
Seat 1: Hero (small blind) folded before Flop
Seat 2: a43c02ba (big blind) folded before Flop
Seat 4: bf7dbde9 folded before Flop (didn't bet)
Seat 5: f80a51a4 folded before Flop (didn't bet)
Seat 6: 3451befc (button) collected ($0.12)


Poker Hand #HD1721292683: Hold'em No Limit ($0.02/$0.05) - 2024/04/08 17:15:43
Table 'NLHBlue18' 6-max Seat #5 is the button
Seat 1: Hero ($5.07 in chips)
Seat 4: bf7dbde9 ($5.24 in chips)
Seat 5: f80a51a4 ($5 in chips)
Seat 6: 3451befc ($1 in chips)
3451befc: posts small blind $0.02
Hero: posts big blind $0.05
*** HOLE CARDS ***
Dealt to Hero [5d Tc]
Dealt to bf7dbde9 
Dealt to f80a51a4 
Dealt to 3451befc 
bf7dbde9: folds
f80a51a4: folds
3451befc: raises $0.05 to $0.1
Hero: folds
Uncalled bet ($0.05) returned to 3451befc
*** SHOWDOWN ***
3451befc collected $0.1 from pot
*** SUMMARY ***
Total pot $0.1 | Rake $0 | Jackpot $0 | Bingo $0 | Fortune $0 | Tax $0
Seat 1: Hero (big blind) folded before Flop
Seat 4: bf7dbde9 folded before Flop (didn't bet)
Seat 5: f80a51a4 (button) folded before Flop (didn't bet)
Seat 6: 3451befc (small blind) collected ($0.1)


Poker Hand #HD1721292670: Hold'em No Limit ($0.02/$0.05) - 2024/04/08 17:15:36
Table 'NLHBlue18' 6-max Seat #4 is the button
Seat 1: Hero ($5.07 in chips)
Seat 4: bf7dbde9 ($5.24 in chips)
Seat 5: f80a51a4 ($5 in chips)
Seat 6: 3451befc ($0.98 in chips)
f80a51a4: posts small blind $0.02
3451befc: posts big blind $0.05
*** HOLE CARDS ***
Dealt to Hero [4d 5h]
Dealt to bf7dbde9 
Dealt to f80a51a4 
Dealt to 3451befc 
Hero: folds
bf7dbde9: folds
f80a51a4: folds
Uncalled bet ($0.03) returned to 3451befc
*** SHOWDOWN ***
3451befc collected $0.04 from pot
*** SUMMARY ***
Total pot $0.04 | Rake $0 | Jackpot $0 | Bingo $0 | Fortune $0 | Tax $0
Seat 1: Hero folded before Flop (didn't bet)
Seat 4: bf7dbde9 (button) folded before Flop (didn't bet)
Seat 5: f80a51a4 (small blind) folded before Flop
Seat 6: 3451befc (big blind) collected ($0.04)


Poker Hand #HD1721292585: Hold'em No Limit ($0.02/$0.05) - 2024/04/08 17:15:04
Table 'NLHBlue18' 6-max Seat #1 is the button
Seat 1: Hero ($5.07 in chips)
Seat 4: bf7dbde9 ($5.26 in chips)
Seat 5: f80a51a4 ($5 in chips)
Seat 6: 3451befc ($0.87 in chips)
bf7dbde9: posts small blind $0.02
f80a51a4: posts big blind $0.05
*** HOLE CARDS ***
Dealt to Hero [4d 9d]
Dealt to bf7dbde9 
Dealt to f80a51a4 
Dealt to 3451befc 
3451befc: raises $0.05 to $0.1
Hero: folds
bf7dbde9: folds
f80a51a4: calls $0.05
*** FLOP *** [7h Ks 6s]
f80a51a4: checks
3451befc: bets $0.08
f80a51a4: folds
Uncalled bet ($0.08) returned to 3451befc
*** SHOWDOWN ***
3451befc collected $0.21 from pot
*** SUMMARY ***
Total pot $0.22 | Rake $0.01 | Jackpot $0 | Bingo $0 | Fortune $0 | Tax $0
Board [7h Ks 6s]
Seat 1: Hero (button) folded before Flop (didn't bet)
Seat 4: bf7dbde9 (small blind) folded before Flop
Seat 5: f80a51a4 (big blind) folded on the Flop
Seat 6: 3451befc won ($0.21)


Poker Hand #HD1721292504: Hold'em No Limit ($0.02/$0.05) - 2024/04/08 17:14:33
Table 'NLHBlue18' 6-max Seat #6 is the button
Seat 1: Hero ($5.09 in chips)
Seat 4: bf7dbde9 ($5.07 in chips)
Seat 5: f80a51a4 ($5 in chips)
Seat 6: 3451befc ($1.05 in chips)
Hero: posts small blind $0.02
bf7dbde9: posts big blind $0.05
*** HOLE CARDS ***
Dealt to Hero [Kd 8s]
Dealt to bf7dbde9 
Dealt to f80a51a4 
Dealt to 3451befc 
f80a51a4: folds
3451befc: raises $0.05 to $0.1
Hero: folds
bf7dbde9: calls $0.05
*** FLOP *** [2h 9h Jc]
bf7dbde9: checks
3451befc: bets $0.08
bf7dbde9: calls $0.08
*** TURN *** [2h 9h Jc] [Jd]
bf7dbde9: checks
3451befc: checks
*** RIVER *** [2h 9h Jc Jd] [6d]
bf7dbde9: bets $0.38
3451befc: folds
Uncalled bet ($0.38) returned to bf7dbde9
*** SHOWDOWN ***
bf7dbde9 collected $0.37 from pot
*** SUMMARY ***
Total pot $0.38 | Rake $0.01 | Jackpot $0 | Bingo $0 | Fortune $0 | Tax $0
Board [2h 9h Jc Jd 6d]
Seat 1: Hero (small blind) folded before Flop
Seat 4: bf7dbde9 (big blind) won ($0.37)
Seat 5: f80a51a4 folded before Flop (didn't bet)
Seat 6: 3451befc (button) folded on the River


Poker Hand #HD1721292446: Hold'em No Limit ($0.02/$0.05) - 2024/04/08 17:14:10
Table 'NLHBlue18' 6-max Seat #5 is the button
Seat 1: Hero ($5 in chips)
Seat 4: bf7dbde9 ($5.07 in chips)
Seat 5: f80a51a4 ($5 in chips)
Seat 6: 3451befc ($1.15 in chips)
3451befc: posts small blind $0.02
Hero: posts big blind $0.05
*** HOLE CARDS ***
Dealt to Hero [Ah Tc]
Dealt to bf7dbde9 
Dealt to f80a51a4 
Dealt to 3451befc 
bf7dbde9: folds
f80a51a4: folds
3451befc: raises $0.05 to $0.1
Hero: raises $0.3 to $0.4
3451befc: folds
Uncalled bet ($0.3) returned to Hero
*** SHOWDOWN ***
Hero collected $0.19 from pot
*** SUMMARY ***
Total pot $0.2 | Rake $0.01 | Jackpot $0 | Bingo $0 | Fortune $0 | Tax $0
Seat 1: Hero (big blind) collected ($0.19)
Seat 4: bf7dbde9 folded before Flop (didn't bet)
Seat 5: f80a51a4 (button) folded before Flop (didn't bet)
Seat 6: 3451befc (small blind) folded before Flop


Poker Hand #HD1721292420: Hold'em No Limit ($0.02/$0.05) - 2024/04/08 17:14:01
Table 'NLHBlue18' 6-max Seat #4 is the button
Seat 1: Hero ($5 in chips)
Seat 4: bf7dbde9 ($5 in chips)
Seat 5: f80a51a4 ($5.02 in chips)
Seat 6: 3451befc ($1.2 in chips)
f80a51a4: posts small blind $0.02
3451befc: posts big blind $0.05
*** HOLE CARDS ***
Dealt to Hero [Ad 4h]
Dealt to bf7dbde9 
Dealt to f80a51a4 
Dealt to 3451befc 
Hero: folds
bf7dbde9: raises $0.1 to $0.15
f80a51a4: folds
3451befc: folds
Uncalled bet ($0.1) returned to bf7dbde9
*** SHOWDOWN ***
bf7dbde9 collected $0.12 from pot
*** SUMMARY ***
Total pot $0.12 | Rake $0 | Jackpot $0 | Bingo $0 | Fortune $0 | Tax $0
Seat 1: Hero folded before Flop (didn't bet)
Seat 4: bf7dbde9 (button) collected ($0.12)
Seat 5: f80a51a4 (small blind) folded before Flop
Seat 6: 3451befc (big blind) folded before Flop


Poker Hand #HD1721292399: Hold'em No Limit ($0.02/$0.05) - 2024/04/08 17:13:50
Table 'NLHBlue18' 6-max Seat #1 is the button
Seat 1: Hero ($5 in chips)
Seat 4: bf7dbde9 ($5 in chips)
Seat 5: f80a51a4 ($5.07 in chips)
Seat 6: 3451befc ($1.13 in chips)
bf7dbde9: posts small blind $0.02
f80a51a4: posts big blind $0.05
*** HOLE CARDS ***
Dealt to Hero [6h 3c]
Dealt to bf7dbde9 
Dealt to f80a51a4 
Dealt to 3451befc 
3451befc: raises $0.05 to $0.1
Hero: folds
bf7dbde9: folds
f80a51a4: folds
Uncalled bet ($0.05) returned to 3451befc
*** SHOWDOWN ***
3451befc collected $0.12 from pot
*** SUMMARY ***
Total pot $0.12 | Rake $0 | Jackpot $0 | Bingo $0 | Fortune $0 | Tax $0
Seat 1: Hero (button) folded before Flop (didn't bet)
Seat 4: bf7dbde9 (small blind) folded before Flop
Seat 5: f80a51a4 (big blind) folded before Flop
Seat 6: 3451befc collected ($0.12)


Poker Hand #HD1721292368: Hold'em No Limit ($0.02/$0.05) - 2024/04/08 17:13:38
Table 'NLHBlue18' 6-max Seat #6 is the button
Seat 1: Hero ($5 in chips)
Seat 4: bf7dbde9 ($5.05 in chips)
Seat 5: f80a51a4 ($5.07 in chips)
Seat 6: 3451befc ($1.06 in chips)
Hero: posts small blind $0.02
bf7dbde9: posts big blind $0.05
*** HOLE CARDS ***
Dealt to Hero [7h 8c]
Dealt to bf7dbde9 
Dealt to f80a51a4 
Dealt to 3451befc 
f80a51a4: folds
3451befc: raises $0.05 to $0.1
Hero: folds
bf7dbde9: folds
Uncalled bet ($0.05) returned to 3451befc
*** SHOWDOWN ***
3451befc collected $0.12 from pot
*** SUMMARY ***
Total pot $0.12 | Rake $0 | Jackpot $0 | Bingo $0 | Fortune $0 | Tax $0
Seat 1: Hero (small blind) folded before Flop
Seat 4: bf7dbde9 (big blind) folded before Flop
Seat 5: f80a51a4 folded before Flop (didn't bet)
Seat 6: 3451befc (button) collected ($0.12)


Poker Hand #HD1721292312: Hold'em No Limit ($0.02/$0.05) - 2024/04/08 17:13:20
Table 'NLHBlue18' 6-max Seat #5 is the button
Seat 1: Hero ($5 in chips)
Seat 4: bf7dbde9 ($5.05 in chips)
Seat 5: f80a51a4 ($5 in chips)
Seat 6: 3451befc ($1.08 in chips)
3451befc: posts small blind $0.02
Hero: posts big blind $0.05
*** HOLE CARDS ***
Dealt to Hero [4s Jd]
Dealt to bf7dbde9 
Dealt to f80a51a4 
Dealt to 3451befc 
bf7dbde9: folds
f80a51a4: raises $0.08 to $0.13
3451befc: folds
Hero: folds
Uncalled bet ($0.08) returned to f80a51a4
*** SHOWDOWN ***
f80a51a4 collected $0.12 from pot
*** SUMMARY ***
Total pot $0.12 | Rake $0 | Jackpot $0 | Bingo $0 | Fortune $0 | Tax $0
Seat 1: Hero (big blind) folded before Flop
Seat 4: bf7dbde9 folded before Flop (didn't bet)
Seat 5: f80a51a4 (button) collected ($0.12)
Seat 6: 3451befc (small blind) folded before Flop


Poker Hand #HD1721292291: Hold'em No Limit ($0.02/$0.05) - 2024/04/08 17:13:11
Table 'NLHBlue18' 6-max Seat #4 is the button
Seat 1: Hero ($5 in chips)
Seat 4: bf7dbde9 ($5.05 in chips)
Seat 5: f80a51a4 ($5 in chips)
Seat 6: 3451befc ($1.06 in chips)
f80a51a4: posts small blind $0.02
3451befc: posts big blind $0.05
*** HOLE CARDS ***
Dealt to Hero [8d 6s]
Dealt to bf7dbde9 
Dealt to f80a51a4 
Dealt to 3451befc 
Hero: folds
bf7dbde9: folds
f80a51a4: folds
Uncalled bet ($0.03) returned to 3451befc
*** SHOWDOWN ***
3451befc collected $0.04 from pot
*** SUMMARY ***
Total pot $0.04 | Rake $0 | Jackpot $0 | Bingo $0 | Fortune $0 | Tax $0
Seat 1: Hero folded before Flop (didn't bet)
Seat 4: bf7dbde9 (button) folded before Flop (didn't bet)
Seat 5: f80a51a4 (small blind) folded before Flop
Seat 6: 3451befc (big blind) collected ($0.04)


Poker Hand #HD1721292267: Hold'em No Limit ($0.02/$0.05) - 2024/04/08 17:13:02
Table 'NLHBlue18' 6-max Seat #2 is the button
Seat 1: Hero ($5 in chips)
Seat 2: 9df7eb26 ($13.32 in chips)
Seat 4: bf7dbde9 ($5 in chips)
Seat 5: f80a51a4 ($5 in chips)
Seat 6: 3451befc ($1.06 in chips)
bf7dbde9: posts small blind $0.02
f80a51a4: posts big blind $0.05
*** HOLE CARDS ***
Dealt to Hero [Ks 2s]
Dealt to 9df7eb26 
Dealt to bf7dbde9 
Dealt to f80a51a4 
Dealt to 3451befc 
3451befc: folds
Hero: folds
9df7eb26: folds
bf7dbde9: raises $0.08 to $0.13
f80a51a4: folds
Uncalled bet ($0.08) returned to bf7dbde9
*** SHOWDOWN ***
bf7dbde9 collected $0.1 from pot
*** SUMMARY ***
Total pot $0.1 | Rake $0 | Jackpot $0 | Bingo $0 | Fortune $0 | Tax $0
Seat 1: Hero folded before Flop (didn't bet)
Seat 2: 9df7eb26 (button) folded before Flop (didn't bet)
Seat 4: bf7dbde9 (small blind) collected ($0.1)
Seat 5: f80a51a4 (big blind) folded before Flop
Seat 6: 3451befc folded before Flop (didn't bet)


Poker Hand #HD1721292100: Hold'em No Limit ($0.02/$0.05) - 2024/04/08 17:11:54
Table 'NLHBlue18' 6-max Seat #1 is the button
Seat 1: Hero ($5 in chips)
Seat 2: 9df7eb26 ($11.3 in chips)
Seat 3: 46fe20c2 ($2.29 in chips)
Seat 4: bf7dbde9 ($5 in chips)
Seat 5: f80a51a4 ($5 in chips)
Seat 6: 3451befc ($1.06 in chips)
9df7eb26: posts small blind $0.02
46fe20c2: posts big blind $0.05
*** HOLE CARDS ***
Dealt to Hero [5d 8h]
Dealt to 9df7eb26 
Dealt to 46fe20c2 
Dealt to bf7dbde9 
Dealt to f80a51a4 
Dealt to 3451befc 
bf7dbde9: folds
f80a51a4: folds
3451befc: folds
Hero: folds
9df7eb26: raises $0.08 to $0.13
46fe20c2: raises $0.12 to $0.25
9df7eb26: calls $0.12
*** FLOP *** [Qs 6s Ad]
9df7eb26: checks
46fe20c2: bets $0.25
9df7eb26: calls $0.25
*** TURN *** [Qs 6s Ad] [Ks]
9df7eb26: checks
46fe20c2: bets $0.4
9df7eb26: calls $0.4
*** RIVER *** [Qs 6s Ad Ks] [Th]
9df7eb26: bets $1.8
46fe20c2: calls $1.39 and is all-in
Uncalled bet ($0.41) returned to 9df7eb26
9df7eb26: shows [Jh As] (Aces-High Straight)
46fe20c2: shows [Qh Qd] (Three Queens)
*** SHOWDOWN ***
9df7eb26 collected $4.31 from pot
*** SUMMARY ***
Total pot $4.58 | Rake $0.22 | Jackpot $0.05 | Bingo $0 | Fortune $0 | Tax $0
Board [Qs 6s Ad Ks Th]
Seat 1: Hero (button) folded before Flop (didn't bet)
Seat 2: 9df7eb26 (small blind) showed [Jh As] and won ($4.31) with Aces-High Straight
Seat 3: 46fe20c2 (big blind) showed [Qh Qd] and lost with Three Queens
Seat 4: bf7dbde9 folded before Flop (didn't bet)
Seat 5: f80a51a4 folded before Flop (didn't bet)
Seat 6: 3451befc folded before Flop (didn't bet)


Poker Hand #HD1721292073: Hold'em No Limit ($0.02/$0.05) - 2024/04/08 17:11:44
Table 'NLHBlue18' 6-max Seat #6 is the button
Seat 1: Hero ($5 in chips)
Seat 2: 9df7eb26 ($11.28 in chips)
Seat 3: 46fe20c2 ($2.29 in chips)
Seat 4: bf7dbde9 ($5 in chips)
Seat 5: f80a51a4 ($5 in chips)
Seat 6: 3451befc ($1.06 in chips)
Hero: posts small blind $0.02
9df7eb26: posts big blind $0.05
*** HOLE CARDS ***
Dealt to Hero [2d 6c]
Dealt to 9df7eb26 
Dealt to 46fe20c2 
Dealt to bf7dbde9 
Dealt to f80a51a4 
Dealt to 3451befc 
46fe20c2: folds
bf7dbde9: folds
f80a51a4: folds
3451befc: folds
Hero: folds
Uncalled bet ($0.03) returned to 9df7eb26
*** SHOWDOWN ***
9df7eb26 collected $0.04 from pot
*** SUMMARY ***
Total pot $0.04 | Rake $0 | Jackpot $0 | Bingo $0 | Fortune $0 | Tax $0
Seat 1: Hero (small blind) folded before Flop
Seat 2: 9df7eb26 (big blind) collected ($0.04)
Seat 3: 46fe20c2 folded before Flop (didn't bet)
Seat 4: bf7dbde9 folded before Flop (didn't bet)
Seat 5: f80a51a4 folded before Flop (didn't bet)
Seat 6: 3451befc (button) folded before Flop (didn't bet)


Poker Hand #HD1721292031: Hold'em No Limit ($0.02/$0.05) - 2024/04/08 17:11:30
Table 'NLHBlue18' 6-max Seat #5 is the button
Seat 1: Hero ($5 in chips)
Seat 2: 9df7eb26 ($11.28 in chips)
Seat 3: 46fe20c2 ($2.29 in chips)
Seat 4: bf7dbde9 ($5 in chips)
Seat 5: f80a51a4 ($5 in chips)
Seat 6: 3451befc ($1.01 in chips)
3451befc: posts small blind $0.02
Hero: posts big blind $0.05
*** HOLE CARDS ***
Dealt to Hero [Tc 2h]
Dealt to 9df7eb26 
Dealt to 46fe20c2 
Dealt to bf7dbde9 
Dealt to f80a51a4 
Dealt to 3451befc 
9df7eb26: folds
46fe20c2: folds
bf7dbde9: folds
f80a51a4: folds
3451befc: raises $0.05 to $0.1
Hero: folds
Uncalled bet ($0.05) returned to 3451befc
*** SHOWDOWN ***
3451befc collected $0.1 from pot
*** SUMMARY ***
Total pot $0.1 | Rake $0 | Jackpot $0 | Bingo $0 | Fortune $0 | Tax $0
Seat 1: Hero (big blind) folded before Flop
Seat 2: 9df7eb26 folded before Flop (didn't bet)
Seat 3: 46fe20c2 folded before Flop (didn't bet)
Seat 4: bf7dbde9 folded before Flop (didn't bet)
Seat 5: f80a51a4 (button) folded before Flop (didn't bet)
Seat 6: 3451befc (small blind) collected ($0.1)


