Poker Hand #HD1755848413: Hold'em No Limit ($0.05/$0.1) - 2024/05/02 19:29:13
Table 'NLHRed50' 6-max Seat #3 is the button
Seat 2: 47aedcc0 ($10 in chips)
Seat 3: Hero ($10.14 in chips)
Hero: posts small blind $0.05
47aedcc0: posts big blind $0.1
*** HOLE CARDS ***
Dealt to 47aedcc0 
Dealt to Hero [3d Qs]
Hero: folds
Uncalled bet ($0.05) returned to 47aedcc0
*** SHOWDOWN ***
47aedcc0 collected $0.1 from pot
*** SUMMARY ***
Total pot $0.1 | Rake $0 | Jackpot $0 | Bingo $0 | Fortune $0 | Tax $0
Seat 2: 47aedcc0 (big blind) collected ($0.1)
Seat 3: Hero (small blind) folded before Flop


Poker Hand #HD1755848397: Hold'em No Limit ($0.05/$0.1) - 2024/05/02 19:29:07
Table 'NLHRed50' 6-max Seat #2 is the button
Seat 2: 47aedcc0 ($10 in chips)
Seat 3: Hero ($10.09 in chips)
47aedcc0: posts small blind $0.05
Hero: posts big blind $0.1
*** HOLE CARDS ***
Dealt to 47aedcc0 
Dealt to Hero [Qc 8h]
47aedcc0: folds
Uncalled bet ($0.05) returned to Hero
*** SHOWDOWN ***
Hero collected $0.1 from pot
*** SUMMARY ***
Total pot $0.1 | Rake $0 | Jackpot $0 | Bingo $0 | Fortune $0 | Tax $0
Seat 2: 47aedcc0 (small blind) folded before Flop
Seat 3: Hero (big blind) collected ($0.1)


Poker Hand #HD1755848373: Hold'em No Limit ($0.05/$0.1) - 2024/05/02 19:28:56
Table 'NLHRed50' 6-max Seat #5 is the button
Seat 2: 47aedcc0 ($10.05 in chips)
Seat 3: Hero ($10.19 in chips)
Seat 5: 3af950c0 ($10.92 in chips)
47aedcc0: posts small blind $0.05
Hero: posts big blind $0.1
*** HOLE CARDS ***
Dealt to 47aedcc0 
Dealt to Hero [4s 9d]
Dealt to 3af950c0 
3af950c0: raises $0.1 to $0.2
47aedcc0: folds
Hero: folds
Uncalled bet ($0.1) returned to 3af950c0
*** SHOWDOWN ***
3af950c0 collected $0.25 from pot
*** SUMMARY ***
Total pot $0.25 | Rake $0 | Jackpot $0 | Bingo $0 | Fortune $0 | Tax $0
Seat 2: 47aedcc0 (small blind) folded before Flop
Seat 3: Hero (big blind) folded before Flop
Seat 5: 3af950c0 (button) collected ($0.25)


Poker Hand #HD1755848355: Hold'em No Limit ($0.05/$0.1) - 2024/05/02 19:28:48
Table 'NLHRed50' 6-max Seat #3 is the button
Seat 2: 47aedcc0 ($10 in chips)
Seat 3: Hero ($10.19 in chips)
Seat 5: 3af950c0 ($10.97 in chips)
3af950c0: posts small blind $0.05
47aedcc0: posts big blind $0.1
*** HOLE CARDS ***
Dealt to 47aedcc0 
Dealt to Hero [7h Ts]
Dealt to 3af950c0 
Hero: folds
3af950c0: folds
Uncalled bet ($0.05) returned to 47aedcc0
*** SHOWDOWN ***
47aedcc0 collected $0.1 from pot
*** SUMMARY ***
Total pot $0.1 | Rake $0 | Jackpot $0 | Bingo $0 | Fortune $0 | Tax $0
Seat 2: 47aedcc0 (big blind) collected ($0.1)
Seat 3: Hero (button) folded before Flop (didn't bet)
Seat 5: 3af950c0 (small blind) folded before Flop


Poker Hand #HD1755848243: Hold'em No Limit ($0.05/$0.1) - 2024/05/02 19:27:56
Table 'NLHRed50' 6-max Seat #2 is the button
Seat 1: d1be6f7f ($10.65 in chips)
Seat 2: 47aedcc0 ($10 in chips)
Seat 3: Hero ($10.24 in chips)
Seat 5: 3af950c0 ($11.07 in chips)
Hero: posts small blind $0.05
3af950c0: posts big blind $0.1
*** HOLE CARDS ***
Dealt to d1be6f7f 
Dealt to 47aedcc0 
Dealt to Hero [7c 9h]
Dealt to 3af950c0 
d1be6f7f: raises $0.11 to $0.21
47aedcc0: calls $0.21
Hero: folds
3af950c0: folds
*** FLOP *** [9c Jc 6h]
d1be6f7f: checks
47aedcc0: checks
*** TURN *** [9c Jc 6h] [Tc]
d1be6f7f: bets $0.5
47aedcc0: folds
Uncalled bet ($0.5) returned to d1be6f7f
*** SHOWDOWN ***
d1be6f7f collected $0.55 from pot
*** SUMMARY ***
Total pot $0.57 | Rake $0.02 | Jackpot $0 | Bingo $0 | Fortune $0 | Tax $0
Board [9c Jc 6h Tc]
Seat 1: d1be6f7f won ($0.55)
Seat 2: 47aedcc0 (button) folded on the Turn
Seat 3: Hero (small blind) folded before Flop
Seat 5: 3af950c0 (big blind) folded before Flop


Poker Hand #HD1755848180: Hold'em No Limit ($0.05/$0.1) - 2024/05/02 19:27:21
Table 'NLHRed50' 6-max Seat #1 is the button
Seat 1: d1be6f7f ($10.85 in chips)
Seat 2: 47aedcc0 ($10 in chips)
Seat 3: Hero ($10.34 in chips)
Seat 4: 6fe9b2b4 ($14.73 in chips)
Seat 5: 3af950c0 ($10.74 in chips)
47aedcc0: posts small blind $0.05
Hero: posts big blind $0.1
*** HOLE CARDS ***
Dealt to d1be6f7f 
Dealt to 47aedcc0 
Dealt to Hero [2s 9h]
Dealt to 6fe9b2b4 
Dealt to 3af950c0 
6fe9b2b4: folds
3af950c0: raises $0.1 to $0.2
d1be6f7f: calls $0.2
47aedcc0: folds
Hero: folds
*** FLOP *** [4d 4h Tc]
3af950c0: bets $0.28
d1be6f7f: folds
Uncalled bet ($0.28) returned to 3af950c0
*** SHOWDOWN ***
3af950c0 collected $0.53 from pot
*** SUMMARY ***
Total pot $0.55 | Rake $0.02 | Jackpot $0 | Bingo $0 | Fortune $0 | Tax $0
Board [4d 4h Tc]
Seat 1: d1be6f7f (button) folded on the Flop
Seat 2: 47aedcc0 (small blind) folded before Flop
Seat 3: Hero (big blind) folded before Flop
Seat 4: 6fe9b2b4 folded before Flop (didn't bet)
Seat 5: 3af950c0 won ($0.53)


Poker Hand #HD1755848084: Hold'em No Limit ($0.05/$0.1) - 2024/05/02 19:26:34
Table 'NLHRed50' 6-max Seat #5 is the button
Seat 1: d1be6f7f ($10.95 in chips)
Seat 2: 47aedcc0 ($10.07 in chips)
Seat 3: Hero ($10.34 in chips)
Seat 4: 6fe9b2b4 ($14.54 in chips)
Seat 5: 3af950c0 ($10.74 in chips)
d1be6f7f: posts small blind $0.05
47aedcc0: posts big blind $0.1
*** HOLE CARDS ***
Dealt to d1be6f7f 
Dealt to 47aedcc0 
Dealt to Hero [4d 2d]
Dealt to 6fe9b2b4 
Dealt to 3af950c0 
Hero: folds
6fe9b2b4: calls $0.1
3af950c0: folds
d1be6f7f: calls $0.05
47aedcc0: checks
*** FLOP *** [4c 2s Qc]
d1be6f7f: checks
47aedcc0: checks
6fe9b2b4: checks
*** TURN *** [4c 2s Qc] [7s]
d1be6f7f: checks
47aedcc0: checks
6fe9b2b4: checks
*** RIVER *** [4c 2s Qc 7s] [Kd]
d1be6f7f: checks
47aedcc0: checks
6fe9b2b4: bets $0.23
d1be6f7f: folds
47aedcc0: folds
Uncalled bet ($0.23) returned to 6fe9b2b4
*** SHOWDOWN ***
6fe9b2b4 collected $0.29 from pot
*** SUMMARY ***
Total pot $0.3 | Rake $0.01 | Jackpot $0 | Bingo $0 | Fortune $0 | Tax $0
Board [4c 2s Qc 7s Kd]
Seat 1: d1be6f7f (small blind) folded on the River
Seat 2: 47aedcc0 (big blind) folded on the River
Seat 3: Hero folded before Flop (didn't bet)
Seat 4: 6fe9b2b4 won ($0.29)
Seat 5: 3af950c0 (button) folded before Flop (didn't bet)


Poker Hand #HD1755847944: Hold'em No Limit ($0.05/$0.1) - 2024/05/02 19:25:25
Table 'NLHRed50' 6-max Seat #4 is the button
Seat 1: d1be6f7f ($11.16 in chips)
Seat 2: 47aedcc0 ($10.07 in chips)
Seat 3: Hero ($10.34 in chips)
Seat 4: 6fe9b2b4 ($13.96 in chips)
Seat 5: 3af950c0 ($11.05 in chips)
Seat 6: e14b2f5a ($7.99 in chips)
3af950c0: posts small blind $0.05
e14b2f5a: posts big blind $0.1
*** HOLE CARDS ***
Dealt to d1be6f7f 
Dealt to 47aedcc0 
Dealt to Hero [8c Kh]
Dealt to 6fe9b2b4 
Dealt to 3af950c0 
Dealt to e14b2f5a 
d1be6f7f: raises $0.11 to $0.21
47aedcc0: folds
Hero: folds
6fe9b2b4: calls $0.21
3af950c0: calls $0.16
e14b2f5a: folds
*** FLOP *** [3h Qs Qh]
3af950c0: checks
d1be6f7f: checks
6fe9b2b4: bets $0.1
3af950c0: calls $0.1
d1be6f7f: folds
*** TURN *** [3h Qs Qh] [Jc]
3af950c0: checks
6fe9b2b4: bets $0.31
3af950c0: folds
Uncalled bet ($0.31) returned to 6fe9b2b4
*** SHOWDOWN ***
6fe9b2b4 collected $0.89 from pot
*** SUMMARY ***
Total pot $0.93 | Rake $0.04 | Jackpot $0 | Bingo $0 | Fortune $0 | Tax $0
Board [3h Qs Qh Jc]
Seat 1: d1be6f7f folded on the Flop
Seat 2: 47aedcc0 folded before Flop (didn't bet)
Seat 3: Hero folded before Flop (didn't bet)
Seat 4: 6fe9b2b4 (button) won ($0.89)
Seat 5: 3af950c0 (small blind) folded on the Turn
Seat 6: e14b2f5a (big blind) folded before Flop


Poker Hand #HD1755847869: Hold'em No Limit ($0.05/$0.1) - 2024/05/02 19:24:49
Table 'NLHRed50' 6-max Seat #3 is the button
Seat 1: d1be6f7f ($11.16 in chips)
Seat 2: 47aedcc0 ($10.07 in chips)
Seat 3: Hero ($10.34 in chips)
Seat 4: 6fe9b2b4 ($13.51 in chips)
Seat 5: 3af950c0 ($11.55 in chips)
Seat 6: e14b2f5a ($7.99 in chips)
6fe9b2b4: posts small blind $0.05
3af950c0: posts big blind $0.1
*** HOLE CARDS ***
Dealt to d1be6f7f 
Dealt to 47aedcc0 
Dealt to Hero [3h 4d]
Dealt to 6fe9b2b4 
Dealt to 3af950c0 
Dealt to e14b2f5a 
e14b2f5a: folds
d1be6f7f: folds
47aedcc0: folds
Hero: folds
6fe9b2b4: raises $0.2 to $0.3
3af950c0: calls $0.2
*** FLOP *** [7h Jh Kd]
6fe9b2b4: checks
3af950c0: checks
*** TURN *** [7h Jh Kd] [5h]
6fe9b2b4: bets $0.2
3af950c0: calls $0.2
*** RIVER *** [7h Jh Kd 5h] [8d]
6fe9b2b4: bets $0.5
3af950c0: folds
Uncalled bet ($0.5) returned to 6fe9b2b4
*** SHOWDOWN ***
6fe9b2b4 collected $0.95 from pot
*** SUMMARY ***
Total pot $1 | Rake $0.05 | Jackpot $0 | Bingo $0 | Fortune $0 | Tax $0
Board [7h Jh Kd 5h 8d]
Seat 1: d1be6f7f folded before Flop (didn't bet)
Seat 2: 47aedcc0 folded before Flop (didn't bet)
Seat 3: Hero (button) folded before Flop (didn't bet)
Seat 4: 6fe9b2b4 (small blind) won ($0.95)
Seat 5: 3af950c0 (big blind) folded on the River
Seat 6: e14b2f5a folded before Flop (didn't bet)


Poker Hand #HD1755847773: Hold'em No Limit ($0.05/$0.1) - 2024/05/02 19:23:55
Table 'NLHRed50' 6-max Seat #2 is the button
Seat 1: d1be6f7f ($10 in chips)
Seat 2: 47aedcc0 ($10.07 in chips)
Seat 3: Hero ($10.39 in chips)
Seat 4: 6fe9b2b4 ($13.61 in chips)
Seat 5: 3af950c0 ($11.55 in chips)
Seat 6: e14b2f5a ($9.12 in chips)
Hero: posts small blind $0.05
6fe9b2b4: posts big blind $0.1
*** HOLE CARDS ***
Dealt to d1be6f7f 
Dealt to 47aedcc0 
Dealt to Hero [2h 7h]
Dealt to 6fe9b2b4 
Dealt to 3af950c0 
Dealt to e14b2f5a 
3af950c0: folds
e14b2f5a: raises $0.1 to $0.2
d1be6f7f: raises $0.45 to $0.65
47aedcc0: folds
Hero: folds
6fe9b2b4: folds
e14b2f5a: calls $0.45
*** FLOP *** [Kh Kc 5h]
e14b2f5a: checks
d1be6f7f: checks
*** TURN *** [Kh Kc 5h] [3s]
e14b2f5a: bets $0.48
d1be6f7f: calls $0.48
*** RIVER *** [Kh Kc 5h 3s] [6s]
e14b2f5a: checks
d1be6f7f: bets $1.7
e14b2f5a: folds
Uncalled bet ($1.7) returned to d1be6f7f
*** SHOWDOWN ***
d1be6f7f collected $2.29 from pot
*** SUMMARY ***
Total pot $2.41 | Rake $0.12 | Jackpot $0 | Bingo $0 | Fortune $0 | Tax $0
Board [Kh Kc 5h 3s 6s]
Seat 1: d1be6f7f won ($2.29)
Seat 2: 47aedcc0 (button) folded before Flop (didn't bet)
Seat 3: Hero (small blind) folded before Flop
Seat 4: 6fe9b2b4 (big blind) folded before Flop
Seat 5: 3af950c0 folded before Flop (didn't bet)
Seat 6: e14b2f5a folded on the River


Poker Hand #HD1755847650: Hold'em No Limit ($0.05/$0.1) - 2024/05/02 19:22:58
Table 'NLHRed50' 6-max Seat #1 is the button
Seat 1: d1be6f7f ($10 in chips)
Seat 2: 47aedcc0 ($10.27 in chips)
Seat 3: Hero ($10.59 in chips)
Seat 4: 6fe9b2b4 ($13.61 in chips)
Seat 5: 3af950c0 ($11.18 in chips)
Seat 6: e14b2f5a ($9.12 in chips)
47aedcc0: posts small blind $0.05
Hero: posts big blind $0.1
*** HOLE CARDS ***
Dealt to d1be6f7f 
Dealt to 47aedcc0 
Dealt to Hero [Jd Qc]
Dealt to 6fe9b2b4 
Dealt to 3af950c0 
Dealt to e14b2f5a 
6fe9b2b4: folds
3af950c0: raises $0.1 to $0.2
e14b2f5a: folds
d1be6f7f: folds
47aedcc0: calls $0.15
Hero: calls $0.1
*** FLOP *** [7h 9s 2h]
47aedcc0: checks
Hero: checks
3af950c0: checks
*** TURN *** [7h 9s 2h] [7d]
47aedcc0: checks
Hero: checks
3af950c0: checks
*** RIVER *** [7h 9s 2h 7d] [3c]
47aedcc0: checks
Hero: checks
3af950c0: checks
47aedcc0: shows [Qd Kd] (Pair of Sevens)
Hero: shows [Jd Qc] (Pair of Sevens)
3af950c0: shows [Ac Jc] (Pair of Sevens)
*** SHOWDOWN ***
3af950c0 collected $0.57 from pot
*** SUMMARY ***
Total pot $0.6 | Rake $0.03 | Jackpot $0 | Bingo $0 | Fortune $0 | Tax $0
Board [7h 9s 2h 7d 3c]
Seat 1: d1be6f7f (button) folded before Flop (didn't bet)
Seat 2: 47aedcc0 (small blind) showed [Qd Kd] and lost with Pair of Sevens
Seat 3: Hero (big blind) showed [Jd Qc] and lost with Pair of Sevens
Seat 4: 6fe9b2b4 folded before Flop (didn't bet)
Seat 5: 3af950c0 showed [Ac Jc] and won ($0.57) with Pair of Sevens
Seat 6: e14b2f5a folded before Flop (didn't bet)


Poker Hand #HD1755847511: Hold'em No Limit ($0.05/$0.1) - 2024/05/02 19:21:44
Table 'NLHRed50' 6-max Seat #6 is the button
Seat 1: d1be6f7f ($11.29 in chips)
Seat 2: 47aedcc0 ($10.37 in chips)
Seat 3: Hero ($10.59 in chips)
Seat 4: 6fe9b2b4 ($13.71 in chips)
Seat 5: 3af950c0 ($11.18 in chips)
Seat 6: e14b2f5a ($4.75 in chips)
d1be6f7f: posts small blind $0.05
47aedcc0: posts big blind $0.1
*** HOLE CARDS ***
Dealt to d1be6f7f 
Dealt to 47aedcc0 
Dealt to Hero [8s 9d]
Dealt to 6fe9b2b4 
Dealt to 3af950c0 
Dealt to e14b2f5a 
Hero: folds
6fe9b2b4: calls $0.1
3af950c0: folds
e14b2f5a: raises $0.1 to $0.2
d1be6f7f: raises $0.8 to $1
47aedcc0: folds
6fe9b2b4: folds
e14b2f5a: calls $0.8
*** FLOP *** [Jc 8c 9h]
d1be6f7f: checks
e14b2f5a: bets $0.73
d1be6f7f: raises $3.22 to $3.95
e14b2f5a: calls $3.02 and is all-in
Uncalled bet ($0.2) returned to d1be6f7f
d1be6f7f: shows [Qs Ah] (Ace-High)
e14b2f5a: shows [8h Kh] (Pair of Eights)
*** FIRST TURN *** [Jc 8c 9h] [7h]
*** FIRST RIVER *** [Jc 8c 9h 7h] [3c]
*** SECOND TURN *** [Jc 8c 9h] [9c]
*** SECOND RIVER *** [Jc 8c 9h 9c] [5d]
*** FIRST SHOWDOWN ***
e14b2f5a collected $4.56 from pot
*** SECOND SHOWDOWN ***
e14b2f5a collected $4.56 from pot
*** SUMMARY ***
Total pot $9.7 | Rake $0.48 | Jackpot $0.1 | Bingo $0 | Fortune $0 | Tax $0
Hand was run two times
FIRST Board [Jc 8c 9h 7h 3c]
SECOND Board [9c 5d]
Seat 1: d1be6f7f (small blind) showed [Qs Ah] and lost with Ace-High, and lost
Seat 2: 47aedcc0 (big blind) folded before Flop
Seat 3: Hero folded before Flop (didn't bet)
Seat 4: 6fe9b2b4 folded before Flop
Seat 5: 3af950c0 folded before Flop (didn't bet)
Seat 6: e14b2f5a (button) showed [8h Kh] and won ($4.56) with Pair of Eights, and won ($4.56)


Poker Hand #HD1755847426: Hold'em No Limit ($0.05/$0.1) - 2024/05/02 19:20:59
Table 'NLHRed50' 6-max Seat #5 is the button
Seat 1: d1be6f7f ($12.39 in chips)
Seat 2: 47aedcc0 ($10.37 in chips)
Seat 3: Hero ($10.59 in chips)
Seat 4: 6fe9b2b4 ($13.71 in chips)
Seat 5: 3af950c0 ($10 in chips)
Seat 6: e14b2f5a ($4.95 in chips)
e14b2f5a: posts small blind $0.05
d1be6f7f: posts big blind $0.1
*** HOLE CARDS ***
Dealt to d1be6f7f 
Dealt to 47aedcc0 
Dealt to Hero [Ts Kh]
Dealt to 6fe9b2b4 
Dealt to 3af950c0 
Dealt to e14b2f5a 
47aedcc0: folds
Hero: folds
6fe9b2b4: folds
3af950c0: raises $0.1 to $0.2
e14b2f5a: calls $0.15
d1be6f7f: raises $0.9 to $1.1
3af950c0: raises $1.4 to $2.5
e14b2f5a: folds
d1be6f7f: folds
Uncalled bet ($1.4) returned to 3af950c0
*** SHOWDOWN ***
3af950c0 collected $2.28 from pot
*** SUMMARY ***
Total pot $2.4 | Rake $0.12 | Jackpot $0 | Bingo $0 | Fortune $0 | Tax $0
Seat 1: d1be6f7f (big blind) folded before Flop
Seat 2: 47aedcc0 folded before Flop (didn't bet)
Seat 3: Hero folded before Flop (didn't bet)
Seat 4: 6fe9b2b4 folded before Flop (didn't bet)
Seat 5: 3af950c0 (button) collected ($2.28)
Seat 6: e14b2f5a (small blind) folded before Flop


Poker Hand #HD1755847348: Hold'em No Limit ($0.05/$0.1) - 2024/05/02 19:20:18
Table 'NLHRed50' 6-max Seat #4 is the button
Seat 1: d1be6f7f ($12.39 in chips)
Seat 2: 47aedcc0 ($10.37 in chips)
Seat 3: Hero ($10.83 in chips)
Seat 4: 6fe9b2b4 ($13.71 in chips)
Seat 5: 3af950c0 ($10 in chips)
Seat 6: e14b2f5a ($4.68 in chips)
3af950c0: posts small blind $0.05
e14b2f5a: posts big blind $0.1
*** HOLE CARDS ***
Dealt to d1be6f7f 
Dealt to 47aedcc0 
Dealt to Hero [Tc Ac]
Dealt to 6fe9b2b4 
Dealt to 3af950c0 
Dealt to e14b2f5a 
d1be6f7f: folds
47aedcc0: folds
Hero: raises $0.14 to $0.24
6fe9b2b4: folds
3af950c0: folds
e14b2f5a: calls $0.14
*** FLOP *** [7h 5c Qs]
e14b2f5a: checks
Hero: checks
*** TURN *** [7h 5c Qs] [6h]
e14b2f5a: bets $0.18
Hero: folds
Uncalled bet ($0.18) returned to e14b2f5a
*** SHOWDOWN ***
e14b2f5a collected $0.51 from pot
*** SUMMARY ***
Total pot $0.53 | Rake $0.02 | Jackpot $0 | Bingo $0 | Fortune $0 | Tax $0
Board [7h 5c Qs 6h]
Seat 1: d1be6f7f folded before Flop (didn't bet)
Seat 2: 47aedcc0 folded before Flop (didn't bet)
Seat 3: Hero folded on the Turn
Seat 4: 6fe9b2b4 (button) folded before Flop (didn't bet)
Seat 5: 3af950c0 (small blind) folded before Flop
Seat 6: e14b2f5a (big blind) won ($0.51)


Poker Hand #HD1755847216: Hold'em No Limit ($0.05/$0.1) - 2024/05/02 19:19:09
Table 'NLHRed50' 6-max Seat #3 is the button
Seat 1: d1be6f7f ($12.39 in chips)
Seat 2: 47aedcc0 ($10.37 in chips)
Seat 3: Hero ($11.07 in chips)
Seat 4: 6fe9b2b4 ($13.26 in chips)
Seat 5: 3af950c0 ($10 in chips)
Seat 6: e14b2f5a ($4.68 in chips)
6fe9b2b4: posts small blind $0.05
3af950c0: posts big blind $0.1
*** HOLE CARDS ***
Dealt to d1be6f7f 
Dealt to 47aedcc0 
Dealt to Hero [5h Ah]
Dealt to 6fe9b2b4 
Dealt to 3af950c0 
Dealt to e14b2f5a 
e14b2f5a: folds
d1be6f7f: folds
47aedcc0: folds
Hero: raises $0.14 to $0.24
6fe9b2b4: calls $0.19
3af950c0: calls $0.14
*** FLOP *** [9h 3d Td]
6fe9b2b4: checks
3af950c0: checks
Hero: checks
*** TURN *** [9h 3d Td] [Qd]
6fe9b2b4: bets $0.24
3af950c0: folds
Hero: folds
Uncalled bet ($0.24) returned to 6fe9b2b4
*** SHOWDOWN ***
6fe9b2b4 collected $0.69 from pot
*** SUMMARY ***
Total pot $0.72 | Rake $0.03 | Jackpot $0 | Bingo $0 | Fortune $0 | Tax $0
Board [9h 3d Td Qd]
Seat 1: d1be6f7f folded before Flop (didn't bet)
Seat 2: 47aedcc0 folded before Flop (didn't bet)
Seat 3: Hero (button) folded on the Turn
Seat 4: 6fe9b2b4 (small blind) won ($0.69)
Seat 5: 3af950c0 (big blind) folded on the Turn
Seat 6: e14b2f5a folded before Flop (didn't bet)


Poker Hand #HD1755847185: Hold'em No Limit ($0.05/$0.1) - 2024/05/02 19:18:53
Table 'NLHRed50' 6-max Seat #2 is the button
Seat 1: d1be6f7f ($12.39 in chips)
Seat 2: 47aedcc0 ($10.37 in chips)
Seat 3: Hero ($11.12 in chips)
Seat 4: 6fe9b2b4 ($13.21 in chips)
Seat 5: 3af950c0 ($10 in chips)
Seat 6: e14b2f5a ($4.68 in chips)
Hero: posts small blind $0.05
6fe9b2b4: posts big blind $0.1
*** HOLE CARDS ***
Dealt to d1be6f7f 
Dealt to 47aedcc0 
Dealt to Hero [Js 5h]
Dealt to 6fe9b2b4 
Dealt to 3af950c0 
Dealt to e14b2f5a 
3af950c0: folds
e14b2f5a: folds
d1be6f7f: folds
47aedcc0: folds
Hero: folds
Uncalled bet ($0.05) returned to 6fe9b2b4
*** SHOWDOWN ***
6fe9b2b4 collected $0.1 from pot
*** SUMMARY ***
Total pot $0.1 | Rake $0 | Jackpot $0 | Bingo $0 | Fortune $0 | Tax $0
Seat 1: d1be6f7f folded before Flop (didn't bet)
Seat 2: 47aedcc0 (button) folded before Flop (didn't bet)
Seat 3: Hero (small blind) folded before Flop
Seat 4: 6fe9b2b4 (big blind) collected ($0.1)
Seat 5: 3af950c0 folded before Flop (didn't bet)
Seat 6: e14b2f5a folded before Flop (didn't bet)


Poker Hand #HD1755847085: Hold'em No Limit ($0.05/$0.1) - 2024/05/02 19:18:10
Table 'NLHRed50' 6-max Seat #1 is the button
Seat 1: d1be6f7f ($10.97 in chips)
Seat 2: 47aedcc0 ($10.42 in chips)
Seat 3: Hero ($11.22 in chips)
Seat 4: 6fe9b2b4 ($14.63 in chips)
Seat 5: 3af950c0 ($10 in chips)
Seat 6: e14b2f5a ($4.68 in chips)
47aedcc0: posts small blind $0.05
Hero: posts big blind $0.1
*** HOLE CARDS ***
Dealt to d1be6f7f 
Dealt to 47aedcc0 
Dealt to Hero [9s 2d]
Dealt to 6fe9b2b4 
Dealt to 3af950c0 
Dealt to e14b2f5a 
6fe9b2b4: raises $0.1 to $0.2
3af950c0: folds
e14b2f5a: folds
d1be6f7f: calls $0.2
47aedcc0: folds
Hero: folds
*** FLOP *** [Js 7h 5h]
6fe9b2b4: checks
d1be6f7f: bets $0.3
6fe9b2b4: calls $0.3
*** TURN *** [Js 7h 5h] [9h]
6fe9b2b4: checks
d1be6f7f: bets $0.92
6fe9b2b4: calls $0.92
*** RIVER *** [Js 7h 5h 9h] [2c]
6fe9b2b4: checks
d1be6f7f: bets $2.7
6fe9b2b4: folds
Uncalled bet ($2.7) returned to d1be6f7f
*** SHOWDOWN ***
d1be6f7f collected $2.84 from pot
*** SUMMARY ***
Total pot $2.99 | Rake $0.15 | Jackpot $0 | Bingo $0 | Fortune $0 | Tax $0
Board [Js 7h 5h 9h 2c]
Seat 1: d1be6f7f (button) won ($2.84)
Seat 2: 47aedcc0 (small blind) folded before Flop
Seat 3: Hero (big blind) folded before Flop
Seat 4: 6fe9b2b4 folded on the River
Seat 5: 3af950c0 folded before Flop (didn't bet)
Seat 6: e14b2f5a folded before Flop (didn't bet)


Poker Hand #HD1755847004: Hold'em No Limit ($0.05/$0.1) - 2024/05/02 19:17:25
Table 'NLHRed50' 6-max Seat #6 is the button
Seat 1: d1be6f7f ($11.02 in chips)
Seat 2: 47aedcc0 ($10 in chips)
Seat 3: Hero ($11.22 in chips)
Seat 4: 6fe9b2b4 ($14.63 in chips)
Seat 5: 3af950c0 ($10 in chips)
Seat 6: e14b2f5a ($4.88 in chips)
d1be6f7f: posts small blind $0.05
47aedcc0: posts big blind $0.1
*** HOLE CARDS ***
Dealt to d1be6f7f 
Dealt to 47aedcc0 
Dealt to Hero [Td 5s]
Dealt to 6fe9b2b4 
Dealt to 3af950c0 
Dealt to e14b2f5a 
Hero: folds
6fe9b2b4: folds
3af950c0: raises $0.1 to $0.2
e14b2f5a: calls $0.2
d1be6f7f: folds
47aedcc0: raises $0.8 to $1
3af950c0: folds
e14b2f5a: folds
Uncalled bet ($0.8) returned to 47aedcc0
*** SHOWDOWN ***
47aedcc0 collected $0.62 from pot
*** SUMMARY ***
Total pot $0.65 | Rake $0.03 | Jackpot $0 | Bingo $0 | Fortune $0 | Tax $0
Seat 1: d1be6f7f (small blind) folded before Flop
Seat 2: 47aedcc0 (big blind) collected ($0.62)
Seat 3: Hero folded before Flop (didn't bet)
Seat 4: 6fe9b2b4 folded before Flop (didn't bet)
Seat 5: 3af950c0 folded before Flop
Seat 6: e14b2f5a (button) folded before Flop


Poker Hand #HD1755846868: Hold'em No Limit ($0.05/$0.1) - 2024/05/02 19:16:18
Table 'NLHRed50' 6-max Seat #5 is the button
Seat 1: d1be6f7f ($11.12 in chips)
Seat 2: 47aedcc0 ($10 in chips)
Seat 3: Hero ($11.22 in chips)
Seat 4: 6fe9b2b4 ($14.73 in chips)
Seat 5: 3af950c0 ($10 in chips)
Seat 6: e14b2f5a ($2.51 in chips)
e14b2f5a: posts small blind $0.05
d1be6f7f: posts big blind $0.1
*** HOLE CARDS ***
Dealt to d1be6f7f 
Dealt to 47aedcc0 
Dealt to Hero [Qh 5h]
Dealt to 6fe9b2b4 
Dealt to 3af950c0 
Dealt to e14b2f5a 
47aedcc0: folds
Hero: folds
6fe9b2b4: calls $0.1
3af950c0: raises $0.27 to $0.37
e14b2f5a: calls $0.32
d1be6f7f: folds
6fe9b2b4: folds
*** FLOP *** [Ac 5s Ts]
e14b2f5a: checks
3af950c0: bets $0.32
e14b2f5a: calls $0.32
*** TURN *** [Ac 5s Ts] [Ad]
e14b2f5a: checks
3af950c0: bets $2.22
e14b2f5a: calls $1.82 and is all-in
Uncalled bet ($0.4) returned to 3af950c0
3af950c0: shows [Jd Jh] (Pair of Aces and Pair of Jacks)
e14b2f5a: shows [Ks Ah] (Three Aces)
*** FIRST RIVER *** [Ac 5s Ts Ad] [9d]
*** SECOND RIVER *** [Ac 5s Ts Ad] [7h]
*** FIRST SHOWDOWN ***
e14b2f5a collected $2.44 from pot
*** SECOND SHOWDOWN ***
e14b2f5a collected $2.44 from pot
*** SUMMARY ***
Total pot $5.22 | Rake $0.24 | Jackpot $0.1 | Bingo $0 | Fortune $0 | Tax $0
Hand was run two times
FIRST Board [Ac 5s Ts Ad 9d]
SECOND Board [7h]
Seat 1: d1be6f7f (big blind) folded before Flop
Seat 2: 47aedcc0 folded before Flop (didn't bet)
Seat 3: Hero folded before Flop (didn't bet)
Seat 4: 6fe9b2b4 folded before Flop
Seat 5: 3af950c0 (button) showed [Jd Jh] and lost with Pair of Aces and Pair of Jacks, and lost
Seat 6: e14b2f5a (small blind) showed [Ks Ah] and won ($2.44) with Three Aces, and won ($2.44)


Poker Hand #HD1755846749: Hold'em No Limit ($0.05/$0.1) - 2024/05/02 19:15:22
Table 'NLHRed50' 6-max Seat #4 is the button
Seat 1: d1be6f7f ($11.12 in chips)
Seat 2: 47aedcc0 ($10 in chips)
Seat 3: Hero ($10 in chips)
Seat 4: 6fe9b2b4 ($14.73 in chips)
Seat 5: 3af950c0 ($10 in chips)
Seat 6: e14b2f5a ($3.81 in chips)
3af950c0: posts small blind $0.05
e14b2f5a: posts big blind $0.1
*** HOLE CARDS ***
Dealt to d1be6f7f 
Dealt to 47aedcc0 
Dealt to Hero [Kc As]
Dealt to 6fe9b2b4 
Dealt to 3af950c0 
Dealt to e14b2f5a 
d1be6f7f: folds
47aedcc0: folds
Hero: raises $0.1 to $0.2
6fe9b2b4: folds
3af950c0: folds
e14b2f5a: calls $0.1
*** FLOP *** [3h Qc Ac]
e14b2f5a: checks
Hero: bets $0.15
e14b2f5a: calls $0.15
*** TURN *** [3h Qc Ac] [Jc]
e14b2f5a: checks
Hero: bets $0.3
e14b2f5a: calls $0.3
*** RIVER *** [3h Qc Ac Jc] [Kh]
e14b2f5a: checks
Hero: bets $0.65
e14b2f5a: calls $0.65
Hero: shows [Kc As] (Pair of Aces and Pair of Kings)
e14b2f5a: shows [9h Ah] (Pair of Aces)
*** SHOWDOWN ***
Hero collected $2.52 from pot
*** SUMMARY ***
Total pot $2.65 | Rake $0.13 | Jackpot $0 | Bingo $0 | Fortune $0 | Tax $0
Board [3h Qc Ac Jc Kh]
Seat 1: d1be6f7f folded before Flop (didn't bet)
Seat 2: 47aedcc0 folded before Flop (didn't bet)
Seat 3: Hero showed [Kc As] and won ($2.52) with Pair of Aces and Pair of Kings
Seat 4: 6fe9b2b4 (button) folded before Flop (didn't bet)
Seat 5: 3af950c0 (small blind) folded before Flop
Seat 6: e14b2f5a (big blind) showed [9h Ah] and lost with Pair of Aces


Poker Hand #HD1755846682: Hold'em No Limit ($0.05/$0.1) - 2024/05/02 19:14:45
Table 'NLHRed50' 6-max Seat #3 is the button
Seat 1: d1be6f7f ($11.12 in chips)
Seat 2: 47aedcc0 ($10 in chips)
Seat 3: Hero ($10 in chips)
Seat 4: 6fe9b2b4 ($14.78 in chips)
Seat 5: 3af950c0 ($10 in chips)
Seat 6: e14b2f5a ($3.67 in chips)
6fe9b2b4: posts small blind $0.05
3af950c0: posts big blind $0.1
*** HOLE CARDS ***
Dealt to d1be6f7f 
Dealt to 47aedcc0 
Dealt to Hero [2h 5s]
Dealt to 6fe9b2b4 
Dealt to 3af950c0 
Dealt to e14b2f5a 
e14b2f5a: calls $0.1
d1be6f7f: folds
47aedcc0: folds
Hero: folds
6fe9b2b4: folds
3af950c0: checks
*** FLOP *** [3h 7d Td]
3af950c0: checks
e14b2f5a: checks
*** TURN *** [3h 7d Td] [Ah]
3af950c0: checks
e14b2f5a: bets $0.13
3af950c0: folds
Uncalled bet ($0.13) returned to e14b2f5a
*** SHOWDOWN ***
e14b2f5a collected $0.24 from pot
*** SUMMARY ***
Total pot $0.25 | Rake $0.01 | Jackpot $0 | Bingo $0 | Fortune $0 | Tax $0
Board [3h 7d Td Ah]
Seat 1: d1be6f7f folded before Flop (didn't bet)
Seat 2: 47aedcc0 folded before Flop (didn't bet)
Seat 3: Hero (button) folded before Flop (didn't bet)
Seat 4: 6fe9b2b4 (small blind) folded before Flop
Seat 5: 3af950c0 (big blind) folded on the Turn
Seat 6: e14b2f5a won ($0.24)


Poker Hand #HD1755846571: Hold'em No Limit ($0.05/$0.1) - 2024/05/02 19:13:56
Table 'NLHRed50' 6-max Seat #2 is the button
Seat 1: d1be6f7f ($11.4 in chips)
Seat 2: 47aedcc0 ($10 in chips)
Seat 3: Hero ($10 in chips)
Seat 4: 6fe9b2b4 ($15.06 in chips)
Seat 6: e14b2f5a ($3.1 in chips)
Hero: posts small blind $0.05
6fe9b2b4: posts big blind $0.1
e14b2f5a: posts big blind $0.1
*** HOLE CARDS ***
Dealt to d1be6f7f 
Dealt to 47aedcc0 
Dealt to Hero [7d Js]
Dealt to 6fe9b2b4 
Dealt to e14b2f5a 
e14b2f5a: checks
d1be6f7f: raises $0.18 to $0.28
47aedcc0: folds
Hero: folds
6fe9b2b4: calls $0.18
e14b2f5a: calls $0.18
*** FLOP *** [Ac 9s 9d]
6fe9b2b4: checks
e14b2f5a: bets $0.45
d1be6f7f: folds
6fe9b2b4: folds
Uncalled bet ($0.45) returned to e14b2f5a
*** SHOWDOWN ***
e14b2f5a collected $0.85 from pot
*** SUMMARY ***
Total pot $0.89 | Rake $0.04 | Jackpot $0 | Bingo $0 | Fortune $0 | Tax $0
Board [Ac 9s 9d]
Seat 1: d1be6f7f folded on the Flop
Seat 2: 47aedcc0 (button) folded before Flop (didn't bet)
Seat 3: Hero (small blind) folded before Flop
Seat 4: 6fe9b2b4 (big blind) folded on the Flop
Seat 6: e14b2f5a won ($0.85)


Poker Hand #HD1755846513: Hold'em No Limit ($0.05/$0.1) - 2024/05/02 19:13:30
Table 'NLHRed50' 6-max Seat #1 is the button
Seat 1: d1be6f7f ($11.4 in chips)
Seat 2: 47aedcc0 ($10 in chips)
Seat 3: Hero ($10 in chips)
Seat 4: 6fe9b2b4 ($14.92 in chips)
47aedcc0: posts small blind $0.05
Hero: posts big blind $0.1
*** HOLE CARDS ***
Dealt to d1be6f7f 
Dealt to 47aedcc0 
Dealt to Hero [6h Ac]
Dealt to 6fe9b2b4 
6fe9b2b4: calls $0.1
d1be6f7f: folds
47aedcc0: folds
Hero: checks
*** FLOP *** [3s Th 7c]
Hero: checks
6fe9b2b4: checks
*** TURN *** [3s Th 7c] [Ks]
Hero: checks
6fe9b2b4: bets $0.13
Hero: folds
Uncalled bet ($0.13) returned to 6fe9b2b4
*** SHOWDOWN ***
6fe9b2b4 collected $0.24 from pot
*** SUMMARY ***
Total pot $0.25 | Rake $0.01 | Jackpot $0 | Bingo $0 | Fortune $0 | Tax $0
Board [3s Th 7c Ks]
Seat 1: d1be6f7f (button) folded before Flop (didn't bet)
Seat 2: 47aedcc0 (small blind) folded before Flop
Seat 3: Hero (big blind) folded on the Turn
Seat 4: 6fe9b2b4 won ($0.24)


Poker Hand #HD1755846390: Hold'em No Limit ($0.05/$0.1) - 2024/05/02 19:12:33
Table 'NLHRed50' 6-max Seat #4 is the button
Seat 1: d1be6f7f ($10 in chips)
Seat 2: 47aedcc0 ($10 in chips)
Seat 3: Hero ($10 in chips)
Seat 4: 6fe9b2b4 ($15.15 in chips)
Seat 6: 2bdb02e9 ($8.18 in chips)
2bdb02e9: posts small blind $0.05
d1be6f7f: posts big blind $0.1
*** HOLE CARDS ***
Dealt to d1be6f7f 
Dealt to 47aedcc0 
Dealt to Hero [7d Ah]
Dealt to 6fe9b2b4 
Dealt to 2bdb02e9 
47aedcc0: raises $0.13 to $0.23
Hero: folds
6fe9b2b4: calls $0.23
2bdb02e9: folds
d1be6f7f: raises $1.02 to $1.25
47aedcc0: calls $1.02
6fe9b2b4: folds
*** FLOP *** [Ad 6c Kh]
d1be6f7f: bets $0.92
47aedcc0: folds
Uncalled bet ($0.92) returned to d1be6f7f
*** SHOWDOWN ***
d1be6f7f collected $2.65 from pot
*** SUMMARY ***
Total pot $2.78 | Rake $0.13 | Jackpot $0 | Bingo $0 | Fortune $0 | Tax $0
Board [Ad 6c Kh]
Seat 1: d1be6f7f (big blind) won ($2.65)
Seat 2: 47aedcc0 folded on the Flop
Seat 3: Hero folded before Flop (didn't bet)
Seat 4: 6fe9b2b4 (button) folded before Flop
Seat 6: 2bdb02e9 (small blind) folded before Flop


Poker Hand #HD1755846288: Hold'em No Limit ($0.05/$0.1) - 2024/05/02 19:11:49
Table 'NLHRed50' 6-max Seat #3 is the button
Seat 1: d1be6f7f ($10.35 in chips)
Seat 2: 47aedcc0 ($10 in chips)
Seat 3: Hero ($10 in chips)
Seat 4: 6fe9b2b4 ($13.25 in chips)
Seat 6: 2bdb02e9 ($8.28 in chips)
6fe9b2b4: posts small blind $0.05
2bdb02e9: posts big blind $0.1
*** HOLE CARDS ***
Dealt to d1be6f7f 
Dealt to 47aedcc0 
Dealt to Hero [6s 4c]
Dealt to 6fe9b2b4 
Dealt to 2bdb02e9 
d1be6f7f: raises $0.11 to $0.21
47aedcc0: folds
Hero: folds
6fe9b2b4: raises $0.39 to $0.6
2bdb02e9: folds
d1be6f7f: calls $0.39
*** FLOP *** [As 2c Th]
6fe9b2b4: checks
d1be6f7f: checks
*** TURN *** [As 2c Th] [Jd]
6fe9b2b4: bets $0.65
d1be6f7f: calls $0.65
*** RIVER *** [As 2c Th Jd] [2h]
6fe9b2b4: bets $0.86
d1be6f7f: calls $0.86
6fe9b2b4: shows [Kc Ac] (Pair of Aces and Pair of Twos)
d1be6f7f: shows [8d Ad] (Pair of Aces and Pair of Twos)
*** SHOWDOWN ***
6fe9b2b4 collected $4.01 from pot
*** SUMMARY ***
Total pot $4.32 | Rake $0.21 | Jackpot $0.1 | Bingo $0 | Fortune $0 | Tax $0
Board [As 2c Th Jd 2h]
Seat 1: d1be6f7f showed [8d Ad] and lost with Pair of Aces and Pair of Twos
Seat 2: 47aedcc0 folded before Flop (didn't bet)
Seat 3: Hero (button) folded before Flop (didn't bet)
Seat 4: 6fe9b2b4 (small blind) showed [Kc Ac] and won ($4.01) with Pair of Aces and Pair of Twos
Seat 6: 2bdb02e9 (big blind) folded before Flop


Poker Hand #HD1755846209: Hold'em No Limit ($0.05/$0.1) - 2024/05/02 19:11:09
Table 'NLHRed50' 6-max Seat #2 is the button
Seat 1: d1be6f7f ($10.35 in chips)
Seat 2: 47aedcc0 ($10 in chips)
Seat 3: Hero ($10 in chips)
Seat 4: 6fe9b2b4 ($13.68 in chips)
Seat 5: ec1eed2b ($17.13 in chips)
Seat 6: 2bdb02e9 ($7.84 in chips)
Hero: posts small blind $0.05
6fe9b2b4: posts big blind $0.1
*** HOLE CARDS ***
Dealt to d1be6f7f 
Dealt to 47aedcc0 
Dealt to Hero [6d 2s]
Dealt to 6fe9b2b4 
Dealt to ec1eed2b 
Dealt to 2bdb02e9 
ec1eed2b: folds
2bdb02e9: raises $0.1 to $0.2
d1be6f7f: folds
47aedcc0: folds
Hero: folds
6fe9b2b4: calls $0.1
*** FLOP *** [Td 3c 4s]
6fe9b2b4: checks
2bdb02e9: bets $0.23
6fe9b2b4: calls $0.23
*** TURN *** [Td 3c 4s] [Tc]
6fe9b2b4: checks
2bdb02e9: bets $0.46
6fe9b2b4: folds
Uncalled bet ($0.46) returned to 2bdb02e9
*** SHOWDOWN ***
2bdb02e9 collected $0.87 from pot
*** SUMMARY ***
Total pot $0.91 | Rake $0.04 | Jackpot $0 | Bingo $0 | Fortune $0 | Tax $0
Board [Td 3c 4s Tc]
Seat 1: d1be6f7f folded before Flop (didn't bet)
Seat 2: 47aedcc0 (button) folded before Flop (didn't bet)
Seat 3: Hero (small blind) folded before Flop
Seat 4: 6fe9b2b4 (big blind) folded on the Turn
Seat 5: ec1eed2b folded before Flop (didn't bet)
Seat 6: 2bdb02e9 won ($0.87)


Poker Hand #HD1755846105: Hold'em No Limit ($0.05/$0.1) - 2024/05/02 19:10:17
Table 'NLHRed50' 6-max Seat #1 is the button
Seat 1: d1be6f7f ($10.35 in chips)
Seat 2: 47aedcc0 ($10 in chips)
Seat 3: Hero ($10 in chips)
Seat 4: 6fe9b2b4 ($13.88 in chips)
Seat 5: ec1eed2b ($17.13 in chips)
Seat 6: 2bdb02e9 ($7.37 in chips)
47aedcc0: posts small blind $0.05
Hero: posts big blind $0.1
*** HOLE CARDS ***
Dealt to d1be6f7f 
Dealt to 47aedcc0 
Dealt to Hero [Tc 6s]
Dealt to 6fe9b2b4 
Dealt to ec1eed2b 
Dealt to 2bdb02e9 
6fe9b2b4: calls $0.1
ec1eed2b: folds
2bdb02e9: raises $0.1 to $0.2
d1be6f7f: folds
47aedcc0: calls $0.15
Hero: folds
6fe9b2b4: calls $0.1
*** FLOP *** [9h 4d 3h]
47aedcc0: checks
6fe9b2b4: checks
2bdb02e9: bets $0.35
47aedcc0: folds
6fe9b2b4: folds
Uncalled bet ($0.35) returned to 2bdb02e9
*** SHOWDOWN ***
2bdb02e9 collected $0.67 from pot
*** SUMMARY ***
Total pot $0.7 | Rake $0.03 | Jackpot $0 | Bingo $0 | Fortune $0 | Tax $0
Board [9h 4d 3h]
Seat 1: d1be6f7f (button) folded before Flop (didn't bet)
Seat 2: 47aedcc0 (small blind) folded on the Flop
Seat 3: Hero (big blind) folded before Flop
Seat 4: 6fe9b2b4 folded on the Flop
Seat 5: ec1eed2b folded before Flop (didn't bet)
Seat 6: 2bdb02e9 won ($0.67)


Poker Hand #HD1755846018: Hold'em No Limit ($0.05/$0.1) - 2024/05/02 19:09:38
Table 'NLHRed50' 6-max Seat #6 is the button
Seat 1: d1be6f7f ($10.05 in chips)
Seat 2: 47aedcc0 ($10.1 in chips)
Seat 3: Hero ($10 in chips)
Seat 4: 6fe9b2b4 ($13.88 in chips)
Seat 5: ec1eed2b ($17.35 in chips)
Seat 6: 2bdb02e9 ($7.37 in chips)
d1be6f7f: posts small blind $0.05
47aedcc0: posts big blind $0.1
*** HOLE CARDS ***
Dealt to d1be6f7f 
Dealt to 47aedcc0 
Dealt to Hero [Ac 8h]
Dealt to 6fe9b2b4 
Dealt to ec1eed2b 
Dealt to 2bdb02e9 
Hero: folds
6fe9b2b4: folds
ec1eed2b: raises $0.12 to $0.22
2bdb02e9: folds
d1be6f7f: raises $0.8 to $1.02
47aedcc0: folds
ec1eed2b: folds
Uncalled bet ($0.8) returned to d1be6f7f
*** SHOWDOWN ***
d1be6f7f collected $0.52 from pot
*** SUMMARY ***
Total pot $0.54 | Rake $0.02 | Jackpot $0 | Bingo $0 | Fortune $0 | Tax $0
Seat 1: d1be6f7f (small blind) collected ($0.52)
Seat 2: 47aedcc0 (big blind) folded before Flop
Seat 3: Hero folded before Flop (didn't bet)
Seat 4: 6fe9b2b4 folded before Flop (didn't bet)
Seat 5: ec1eed2b folded before Flop
Seat 6: 2bdb02e9 (button) folded before Flop (didn't bet)


Poker Hand #HD1755845992: Hold'em No Limit ($0.05/$0.1) - 2024/05/02 19:09:21
Table 'NLHRed50' 6-max Seat #5 is the button
Seat 1: d1be6f7f ($10 in chips)
Seat 2: 47aedcc0 ($10.1 in chips)
Seat 3: Hero ($10 in chips)
Seat 4: 6fe9b2b4 ($13.88 in chips)
Seat 5: ec1eed2b ($17.35 in chips)
Seat 6: 2bdb02e9 ($7.42 in chips)
2bdb02e9: posts small blind $0.05
d1be6f7f: posts big blind $0.1
*** HOLE CARDS ***
Dealt to d1be6f7f 
Dealt to 47aedcc0 
Dealt to Hero [3c 4s]
Dealt to 6fe9b2b4 
Dealt to ec1eed2b 
Dealt to 2bdb02e9 
47aedcc0: folds
Hero: folds
6fe9b2b4: folds
ec1eed2b: folds
2bdb02e9: folds
Uncalled bet ($0.05) returned to d1be6f7f
*** SHOWDOWN ***
d1be6f7f collected $0.1 from pot
*** SUMMARY ***
Total pot $0.1 | Rake $0 | Jackpot $0 | Bingo $0 | Fortune $0 | Tax $0
Seat 1: d1be6f7f (big blind) collected ($0.1)
Seat 2: 47aedcc0 folded before Flop (didn't bet)
Seat 3: Hero folded before Flop (didn't bet)
Seat 4: 6fe9b2b4 folded before Flop (didn't bet)
Seat 5: ec1eed2b (button) folded before Flop (didn't bet)
Seat 6: 2bdb02e9 (small blind) folded before Flop


Poker Hand #HD1755845962: Hold'em No Limit ($0.05/$0.1) - 2024/05/02 19:09:05
Table 'NLHRed50' 6-max Seat #4 is the button
Seat 1: abc96212 ($10.15 in chips)
Seat 2: 47aedcc0 ($10.1 in chips)
Seat 3: Hero ($10 in chips)
Seat 4: 6fe9b2b4 ($13.73 in chips)
Seat 5: ec1eed2b ($17.4 in chips)
Seat 6: 2bdb02e9 ($7.52 in chips)
ec1eed2b: posts small blind $0.05
2bdb02e9: posts big blind $0.1
*** HOLE CARDS ***
Dealt to abc96212 
Dealt to 47aedcc0 
Dealt to Hero [9s Jd]
Dealt to 6fe9b2b4 
Dealt to ec1eed2b 
Dealt to 2bdb02e9 
abc96212: folds
47aedcc0: folds
Hero: folds
6fe9b2b4: raises $0.2 to $0.3
ec1eed2b: folds
2bdb02e9: folds
Uncalled bet ($0.2) returned to 6fe9b2b4
*** SHOWDOWN ***
6fe9b2b4 collected $0.25 from pot
*** SUMMARY ***
Total pot $0.25 | Rake $0 | Jackpot $0 | Bingo $0 | Fortune $0 | Tax $0
Seat 1: abc96212 folded before Flop (didn't bet)
Seat 2: 47aedcc0 folded before Flop (didn't bet)
Seat 3: Hero folded before Flop (didn't bet)
Seat 4: 6fe9b2b4 (button) collected ($0.25)
Seat 5: ec1eed2b (small blind) folded before Flop
Seat 6: 2bdb02e9 (big blind) folded before Flop


Poker Hand #HD1755845915: Hold'em No Limit ($0.05/$0.1) - 2024/05/02 19:08:38
Table 'NLHRed50' 6-max Seat #3 is the button
Seat 1: abc96212 ($10 in chips)
Seat 2: 47aedcc0 ($10.1 in chips)
Seat 3: Hero ($10 in chips)
Seat 4: 6fe9b2b4 ($13.78 in chips)
Seat 5: ec1eed2b ($17.5 in chips)
Seat 6: 2bdb02e9 ($7.52 in chips)
6fe9b2b4: posts small blind $0.05
ec1eed2b: posts big blind $0.1
*** HOLE CARDS ***
Dealt to abc96212 
Dealt to 47aedcc0 
Dealt to Hero [2s 3h]
Dealt to 6fe9b2b4 
Dealt to ec1eed2b 
Dealt to 2bdb02e9 
2bdb02e9: folds
abc96212: raises $0.1 to $0.2
47aedcc0: folds
Hero: folds
6fe9b2b4: folds
ec1eed2b: folds
Uncalled bet ($0.1) returned to abc96212
*** SHOWDOWN ***
abc96212 collected $0.25 from pot
*** SUMMARY ***
Total pot $0.25 | Rake $0 | Jackpot $0 | Bingo $0 | Fortune $0 | Tax $0
Seat 1: abc96212 collected ($0.25)
Seat 2: 47aedcc0 folded before Flop (didn't bet)
Seat 3: Hero (button) folded before Flop (didn't bet)
Seat 4: 6fe9b2b4 (small blind) folded before Flop
Seat 5: ec1eed2b (big blind) folded before Flop
Seat 6: 2bdb02e9 folded before Flop (didn't bet)


Poker Hand #HD1755845867: Hold'em No Limit ($0.05/$0.1) - 2024/05/02 19:08:18
Table 'NLHRed50' 6-max Seat #2 is the button
Seat 1: abc96212 ($10 in chips)
Seat 2: 47aedcc0 ($10.1 in chips)
Seat 3: Hero ($10 in chips)
Seat 4: 6fe9b2b4 ($13.55 in chips)
Seat 5: ec1eed2b ($17.5 in chips)
Seat 6: 2bdb02e9 ($7.72 in chips)
Hero: posts small blind $0.05
6fe9b2b4: posts big blind $0.1
*** HOLE CARDS ***
Dealt to abc96212 
Dealt to 47aedcc0 
Dealt to Hero [5s 3h]
Dealt to 6fe9b2b4 
Dealt to ec1eed2b 
Dealt to 2bdb02e9 
ec1eed2b: folds
2bdb02e9: raises $0.1 to $0.2
abc96212: folds
47aedcc0: folds
Hero: folds
6fe9b2b4: calls $0.1
*** FLOP *** [Ac Jd 7c]
6fe9b2b4: bets $0.23
2bdb02e9: folds
Uncalled bet ($0.23) returned to 6fe9b2b4
6fe9b2b4: shows [7s]
*** SHOWDOWN ***
6fe9b2b4 collected $0.43 from pot
*** SUMMARY ***
Total pot $0.45 | Rake $0.02 | Jackpot $0 | Bingo $0 | Fortune $0 | Tax $0
Board [Ac Jd 7c]
Seat 1: abc96212 folded before Flop (didn't bet)
Seat 2: 47aedcc0 (button) folded before Flop (didn't bet)
Seat 3: Hero (small blind) folded before Flop
Seat 4: 6fe9b2b4 (big blind) showed [7s] and won ($0.43)
Seat 5: ec1eed2b folded before Flop (didn't bet)
Seat 6: 2bdb02e9 folded on the Flop


Poker Hand #HD1755845848: Hold'em No Limit ($0.05/$0.1) - 2024/05/02 19:08:07
Table 'NLHRed50' 6-max Seat #1 is the button
Seat 1: abc96212 ($10 in chips)
Seat 2: 47aedcc0 ($10 in chips)
Seat 3: Hero ($10 in chips)
Seat 4: 6fe9b2b4 ($13.55 in chips)
Seat 5: ec1eed2b ($17.5 in chips)
Seat 6: 2bdb02e9 ($7.72 in chips)
47aedcc0: posts small blind $0.05
Hero: posts big blind $0.1
*** HOLE CARDS ***
Dealt to abc96212 
Dealt to 47aedcc0 
Dealt to Hero [7d 3c]
Dealt to 6fe9b2b4 
Dealt to ec1eed2b 
Dealt to 2bdb02e9 
6fe9b2b4: folds
ec1eed2b: folds
2bdb02e9: folds
abc96212: folds
47aedcc0: raises $0.2 to $0.3
Hero: folds
Uncalled bet ($0.2) returned to 47aedcc0
*** SHOWDOWN ***
47aedcc0 collected $0.2 from pot
*** SUMMARY ***
Total pot $0.2 | Rake $0 | Jackpot $0 | Bingo $0 | Fortune $0 | Tax $0
Seat 1: abc96212 (button) folded before Flop (didn't bet)
Seat 2: 47aedcc0 (small blind) collected ($0.2)
Seat 3: Hero (big blind) folded before Flop
Seat 4: 6fe9b2b4 folded before Flop (didn't bet)
Seat 5: ec1eed2b folded before Flop (didn't bet)
Seat 6: 2bdb02e9 folded before Flop (didn't bet)


