Poker Hand #HD1787369455: Hold'em No Limit ($0.05/$0.1) - 2024/05/25 17:43:14
Table 'NLHRed56' 6-max Seat #4 is the button
Seat 1: dac61134 ($3.36 in chips)
Seat 2: 5b9c9ee4 ($12.41 in chips)
Seat 3: 5d47f22 ($11.66 in chips)
Seat 4: 44c2acdd ($18.68 in chips)
Seat 6: Hero ($11.68 in chips)
Hero: posts small blind $0.05
dac61134: posts big blind $0.1
*** HOLE CARDS ***
Dealt to dac61134 
Dealt to 5b9c9ee4 
Dealt to 5d47f22 
Dealt to 44c2acdd 
Dealt to Hero [Ah Kc]
5b9c9ee4: raises $0.2 to $0.3
5d47f22: folds
44c2acdd: folds
Hero: raises $0.9 to $1.2
dac61134: folds
5b9c9ee4: folds
Uncalled bet ($0.9) returned to Hero
*** SHOWDOWN ***
Hero collected $0.67 from pot
*** SUMMARY ***
Total pot $0.7 | Rake $0.03 | Jackpot $0 | Bingo $0 | Fortune $0 | Tax $0
Seat 1: dac61134 (big blind) folded before Flop
Seat 2: 5b9c9ee4 folded before Flop
Seat 3: 5d47f22 folded before Flop (didn't bet)
Seat 4: 44c2acdd (button) folded before Flop (didn't bet)
Seat 6: Hero (small blind) collected ($0.67)


Poker Hand #HD1787369441: Hold'em No Limit ($0.05/$0.1) - 2024/05/25 17:43:05
Table 'NLHRed56' 6-max Seat #3 is the button
Seat 2: 5b9c9ee4 ($12.41 in chips)
Seat 3: 5d47f22 ($11.66 in chips)
Seat 4: 44c2acdd ($18.58 in chips)
Seat 6: Hero ($11.78 in chips)
44c2acdd: posts small blind $0.05
Hero: posts big blind $0.1
*** HOLE CARDS ***
Dealt to 5b9c9ee4 
Dealt to 5d47f22 
Dealt to 44c2acdd 
Dealt to Hero [Tc 8h]
5b9c9ee4: folds
5d47f22: folds
44c2acdd: raises $0.2 to $0.3
Hero: folds
Uncalled bet ($0.2) returned to 44c2acdd
*** SHOWDOWN ***
44c2acdd collected $0.2 from pot
*** SUMMARY ***
Total pot $0.2 | Rake $0 | Jackpot $0 | Bingo $0 | Fortune $0 | Tax $0
Seat 2: 5b9c9ee4 folded before Flop (didn't bet)
Seat 3: 5d47f22 (button) folded before Flop (didn't bet)
Seat 4: 44c2acdd (small blind) collected ($0.2)
Seat 6: Hero (big blind) folded before Flop


Poker Hand #HD1787369380: Hold'em No Limit ($0.05/$0.1) - 2024/05/25 17:42:14
Table 'NLHRed56' 6-max Seat #2 is the button
Seat 2: 5b9c9ee4 ($12.41 in chips)
Seat 3: 5d47f22 ($12.34 in chips)
Seat 4: 44c2acdd ($17.96 in chips)
Seat 5: c7c852d9 ($6.93 in chips)
Seat 6: Hero ($11.78 in chips)
5d47f22: posts small blind $0.05
44c2acdd: posts big blind $0.1
*** HOLE CARDS ***
Dealt to 5b9c9ee4 
Dealt to 5d47f22 
Dealt to 44c2acdd 
Dealt to c7c852d9 
Dealt to Hero [Ah Ts]
c7c852d9: folds
Hero: folds
5b9c9ee4: folds
5d47f22: raises $0.2 to $0.3
44c2acdd: calls $0.2
*** FLOP *** [Qd 9d 9h]
5d47f22: bets $0.15
44c2acdd: calls $0.15
*** TURN *** [Qd 9d 9h] [4c]
5d47f22: bets $0.23
44c2acdd: calls $0.23
*** RIVER *** [Qd 9d 9h 4c] [4h]
5d47f22: checks
44c2acdd: bets $0.34
5d47f22: folds
Uncalled bet ($0.34) returned to 44c2acdd
*** SHOWDOWN ***
44c2acdd collected $1.3 from pot
*** SUMMARY ***
Total pot $1.36 | Rake $0.06 | Jackpot $0 | Bingo $0 | Fortune $0 | Tax $0
Board [Qd 9d 9h 4c 4h]
Seat 2: 5b9c9ee4 (button) folded before Flop (didn't bet)
Seat 3: 5d47f22 (small blind) folded on the River
Seat 4: 44c2acdd (big blind) won ($1.3)
Seat 5: c7c852d9 folded before Flop (didn't bet)
Seat 6: Hero folded before Flop (didn't bet)


Poker Hand #HD1787369325: Hold'em No Limit ($0.05/$0.1) - 2024/05/25 17:41:36
Table 'NLHRed56' 6-max Seat #6 is the button
Seat 2: 5b9c9ee4 ($11.82 in chips)
Seat 3: 5d47f22 ($12.44 in chips)
Seat 4: 44c2acdd ($17.96 in chips)
Seat 5: c7c852d9 ($7.48 in chips)
Seat 6: Hero ($11.78 in chips)
5b9c9ee4: posts small blind $0.05
5d47f22: posts big blind $0.1
*** HOLE CARDS ***
Dealt to 5b9c9ee4 
Dealt to 5d47f22 
Dealt to 44c2acdd 
Dealt to c7c852d9 
Dealt to Hero [6h 3s]
44c2acdd: folds
c7c852d9: raises $0.15 to $0.25
Hero: folds
5b9c9ee4: raises $0.3 to $0.55
5d47f22: folds
c7c852d9: calls $0.3
*** FLOP *** [5d 6d 6c]
5b9c9ee4: bets $0.4
c7c852d9: folds
Uncalled bet ($0.4) returned to 5b9c9ee4
*** SHOWDOWN ***
5b9c9ee4 collected $1.14 from pot
*** SUMMARY ***
Total pot $1.2 | Rake $0.06 | Jackpot $0 | Bingo $0 | Fortune $0 | Tax $0
Board [5d 6d 6c]
Seat 2: 5b9c9ee4 (small blind) won ($1.14)
Seat 3: 5d47f22 (big blind) folded before Flop
Seat 4: 44c2acdd folded before Flop (didn't bet)
Seat 5: c7c852d9 folded on the Flop
Seat 6: Hero (button) folded before Flop (didn't bet)


Poker Hand #HD1787369305: Hold'em No Limit ($0.05/$0.1) - 2024/05/25 17:41:20
Table 'NLHRed56' 6-max Seat #5 is the button
Seat 2: 5b9c9ee4 ($11.92 in chips)
Seat 3: 5d47f22 ($12.44 in chips)
Seat 4: 44c2acdd ($17.96 in chips)
Seat 5: c7c852d9 ($7.48 in chips)
Seat 6: Hero ($11.68 in chips)
Hero: posts small blind $0.05
5b9c9ee4: posts big blind $0.1
*** HOLE CARDS ***
Dealt to 5b9c9ee4 
Dealt to 5d47f22 
Dealt to 44c2acdd 
Dealt to c7c852d9 
Dealt to Hero [4d Kd]
5d47f22: folds
44c2acdd: folds
c7c852d9: folds
Hero: raises $0.2 to $0.3
5b9c9ee4: folds
Uncalled bet ($0.2) returned to Hero
*** SHOWDOWN ***
Hero collected $0.2 from pot
*** SUMMARY ***
Total pot $0.2 | Rake $0 | Jackpot $0 | Bingo $0 | Fortune $0 | Tax $0
Seat 2: 5b9c9ee4 (big blind) folded before Flop
Seat 3: 5d47f22 folded before Flop (didn't bet)
Seat 4: 44c2acdd folded before Flop (didn't bet)
Seat 5: c7c852d9 (button) folded before Flop (didn't bet)
Seat 6: Hero (small blind) collected ($0.2)


Poker Hand #HD1787369241: Hold'em No Limit ($0.05/$0.1) - 2024/05/25 17:40:35
Table 'NLHRed56' 6-max Seat #4 is the button
Seat 1: ba4780c8 ($10 in chips)
Seat 2: 5b9c9ee4 ($11.92 in chips)
Seat 3: 5d47f22 ($12.21 in chips)
Seat 4: 44c2acdd ($17.96 in chips)
Seat 5: c7c852d9 ($7.53 in chips)
Seat 6: Hero ($11.88 in chips)
c7c852d9: posts small blind $0.05
Hero: posts big blind $0.1
*** HOLE CARDS ***
Dealt to ba4780c8 
Dealt to 5b9c9ee4 
Dealt to 5d47f22 
Dealt to 44c2acdd 
Dealt to c7c852d9 
Dealt to Hero [8s As]
ba4780c8: folds
5b9c9ee4: folds
5d47f22: raises $0.1 to $0.2
44c2acdd: folds
c7c852d9: folds
Hero: calls $0.1
*** FLOP *** [4h Kh 2d]
Hero: checks
5d47f22: bets $0.12
Hero: folds
Uncalled bet ($0.12) returned to 5d47f22
*** SHOWDOWN ***
5d47f22 collected $0.43 from pot
*** SUMMARY ***
Total pot $0.45 | Rake $0.02 | Jackpot $0 | Bingo $0 | Fortune $0 | Tax $0
Board [4h Kh 2d]
Seat 1: ba4780c8 folded before Flop (didn't bet)
Seat 2: 5b9c9ee4 folded before Flop (didn't bet)
Seat 3: 5d47f22 won ($0.43)
Seat 4: 44c2acdd (button) folded before Flop (didn't bet)
Seat 5: c7c852d9 (small blind) folded before Flop
Seat 6: Hero (big blind) folded on the Flop


Poker Hand #HD1787369222: Hold'em No Limit ($0.05/$0.1) - 2024/05/25 17:40:17
Table 'NLHRed56' 6-max Seat #3 is the button
Seat 1: ba4780c8 ($10 in chips)
Seat 2: 5b9c9ee4 ($11.92 in chips)
Seat 3: 5d47f22 ($11.88 in chips)
Seat 4: 44c2acdd ($18.01 in chips)
Seat 5: c7c852d9 ($7.63 in chips)
Seat 6: Hero ($12.08 in chips)
44c2acdd: posts small blind $0.05
c7c852d9: posts big blind $0.1
*** HOLE CARDS ***
Dealt to ba4780c8 
Dealt to 5b9c9ee4 
Dealt to 5d47f22 
Dealt to 44c2acdd 
Dealt to c7c852d9 
Dealt to Hero [Jc Ah]
Hero: raises $0.1 to $0.2
ba4780c8: folds
5b9c9ee4: folds
5d47f22: raises $0.4 to $0.6
44c2acdd: folds
c7c852d9: folds
Hero: folds
Uncalled bet ($0.4) returned to 5d47f22
*** SHOWDOWN ***
5d47f22 collected $0.53 from pot
*** SUMMARY ***
Total pot $0.55 | Rake $0.02 | Jackpot $0 | Bingo $0 | Fortune $0 | Tax $0
Seat 1: ba4780c8 folded before Flop (didn't bet)
Seat 2: 5b9c9ee4 folded before Flop (didn't bet)
Seat 3: 5d47f22 (button) collected ($0.53)
Seat 4: 44c2acdd (small blind) folded before Flop
Seat 5: c7c852d9 (big blind) folded before Flop
Seat 6: Hero folded before Flop


Poker Hand #HD1787369076: Hold'em No Limit ($0.05/$0.1) - 2024/05/25 17:38:23
Table 'NLHRed56' 6-max Seat #2 is the button
Seat 1: ba4780c8 ($10 in chips)
Seat 2: 5b9c9ee4 ($11.92 in chips)
Seat 3: 5d47f22 ($11.93 in chips)
Seat 4: 44c2acdd ($15 in chips)
Seat 5: c7c852d9 ($11.02 in chips)
Seat 6: Hero ($12.08 in chips)
5d47f22: posts small blind $0.05
44c2acdd: posts big blind $0.1
*** HOLE CARDS ***
Dealt to ba4780c8 
Dealt to 5b9c9ee4 
Dealt to 5d47f22 
Dealt to 44c2acdd 
Dealt to c7c852d9 
Dealt to Hero [7c Ks]
c7c852d9: raises $0.15 to $0.25
Hero: folds
ba4780c8: folds
5b9c9ee4: folds
5d47f22: folds
44c2acdd: raises $0.75 to $1
c7c852d9: calls $0.75
*** FLOP *** [Qs 6s Td]
44c2acdd: bets $0.68
c7c852d9: calls $0.68
*** TURN *** [Qs 6s Td] [3h]
44c2acdd: checks
c7c852d9: bets $1.71
44c2acdd: raises $3.42 to $5.13
c7c852d9: folds
Uncalled bet ($3.42) returned to 44c2acdd
*** SHOWDOWN ***
44c2acdd collected $6.4 from pot
*** SUMMARY ***
Total pot $6.83 | Rake $0.33 | Jackpot $0.1 | Bingo $0 | Fortune $0 | Tax $0
Board [Qs 6s Td 3h]
Seat 1: ba4780c8 folded before Flop (didn't bet)
Seat 2: 5b9c9ee4 (button) folded before Flop (didn't bet)
Seat 3: 5d47f22 (small blind) folded before Flop
Seat 4: 44c2acdd (big blind) won ($6.4)
Seat 5: c7c852d9 folded on the Turn
Seat 6: Hero folded before Flop (didn't bet)


Poker Hand #HD1787369054: Hold'em No Limit ($0.05/$0.1) - 2024/05/25 17:38:08
Table 'NLHRed56' 6-max Seat #1 is the button
Seat 1: ba4780c8 ($10 in chips)
Seat 2: 5b9c9ee4 ($11.97 in chips)
Seat 3: 5d47f22 ($12.03 in chips)
Seat 4: 44c2acdd ($14.85 in chips)
Seat 5: c7c852d9 ($11.02 in chips)
Seat 6: Hero ($12.08 in chips)
5b9c9ee4: posts small blind $0.05
5d47f22: posts big blind $0.1
*** HOLE CARDS ***
Dealt to ba4780c8 
Dealt to 5b9c9ee4 
Dealt to 5d47f22 
Dealt to 44c2acdd 
Dealt to c7c852d9 
Dealt to Hero [4c 5h]
44c2acdd: raises $0.15 to $0.25
c7c852d9: folds
Hero: folds
ba4780c8: folds
5b9c9ee4: folds
5d47f22: folds
Uncalled bet ($0.15) returned to 44c2acdd
*** SHOWDOWN ***
44c2acdd collected $0.25 from pot
*** SUMMARY ***
Total pot $0.25 | Rake $0 | Jackpot $0 | Bingo $0 | Fortune $0 | Tax $0
Seat 1: ba4780c8 (button) folded before Flop (didn't bet)
Seat 2: 5b9c9ee4 (small blind) folded before Flop
Seat 3: 5d47f22 (big blind) folded before Flop
Seat 4: 44c2acdd collected ($0.25)
Seat 5: c7c852d9 folded before Flop (didn't bet)
Seat 6: Hero folded before Flop (didn't bet)


Poker Hand #HD1787369001: Hold'em No Limit ($0.05/$0.1) - 2024/05/25 17:37:18
Table 'NLHRed56' 6-max Seat #6 is the button
Seat 1: ba4780c8 ($10 in chips)
Seat 2: 5b9c9ee4 ($8.36 in chips)
Seat 3: 5d47f22 ($12.03 in chips)
Seat 4: 44c2acdd ($14.85 in chips)
Seat 5: c7c852d9 ($13.71 in chips)
Seat 6: Hero ($12.08 in chips)
ba4780c8: posts small blind $0.05
5b9c9ee4: posts big blind $0.1
*** HOLE CARDS ***
Dealt to ba4780c8 
Dealt to 5b9c9ee4 
Dealt to 5d47f22 
Dealt to 44c2acdd 
Dealt to c7c852d9 
Dealt to Hero [7s 6s]
5d47f22: folds
44c2acdd: folds
c7c852d9: raises $0.15 to $0.25
Hero: folds
ba4780c8: raises $1.1 to $1.35
5b9c9ee4: calls $1.25
c7c852d9: calls $1.1
*** FLOP *** [3c 3s 9s]
ba4780c8: checks
5b9c9ee4: bets $1.34
c7c852d9: calls $1.34
ba4780c8: folds
*** TURN *** [3c 3s 9s] [2s]
5b9c9ee4: bets $2.23
c7c852d9: folds
Uncalled bet ($2.23) returned to 5b9c9ee4
*** SHOWDOWN ***
5b9c9ee4 collected $6.3 from pot
*** SUMMARY ***
Total pot $6.73 | Rake $0.33 | Jackpot $0.1 | Bingo $0 | Fortune $0 | Tax $0
Board [3c 3s 9s 2s]
Seat 1: ba4780c8 (small blind) folded on the Flop
Seat 2: 5b9c9ee4 (big blind) won ($6.3)
Seat 3: 5d47f22 folded before Flop (didn't bet)
Seat 4: 44c2acdd folded before Flop (didn't bet)
Seat 5: c7c852d9 folded on the Turn
Seat 6: Hero (button) folded before Flop (didn't bet)


Poker Hand #HD1787368976: Hold'em No Limit ($0.05/$0.1) - 2024/05/25 17:37:00
Table 'NLHRed56' 6-max Seat #5 is the button
Seat 1: ba4780c8 ($10 in chips)
Seat 2: 5b9c9ee4 ($8.21 in chips)
Seat 3: 5d47f22 ($12.03 in chips)
Seat 4: 44c2acdd ($14.85 in chips)
Seat 5: c7c852d9 ($13.71 in chips)
Seat 6: Hero ($12.13 in chips)
Hero: posts small blind $0.05
ba4780c8: posts big blind $0.1
*** HOLE CARDS ***
Dealt to ba4780c8 
Dealt to 5b9c9ee4 
Dealt to 5d47f22 
Dealt to 44c2acdd 
Dealt to c7c852d9 
Dealt to Hero [7d 4c]
5b9c9ee4: raises $0.2 to $0.3
5d47f22: folds
44c2acdd: folds
c7c852d9: folds
Hero: folds
ba4780c8: folds
Uncalled bet ($0.2) returned to 5b9c9ee4
*** SHOWDOWN ***
5b9c9ee4 collected $0.25 from pot
*** SUMMARY ***
Total pot $0.25 | Rake $0 | Jackpot $0 | Bingo $0 | Fortune $0 | Tax $0
Seat 1: ba4780c8 (big blind) folded before Flop
Seat 2: 5b9c9ee4 collected ($0.25)
Seat 3: 5d47f22 folded before Flop (didn't bet)
Seat 4: 44c2acdd folded before Flop (didn't bet)
Seat 5: c7c852d9 (button) folded before Flop (didn't bet)
Seat 6: Hero (small blind) folded before Flop


Poker Hand #HD1787368914: Hold'em No Limit ($0.05/$0.1) - 2024/05/25 17:36:16
Table 'NLHRed56' 6-max Seat #4 is the button
Seat 1: ba4780c8 ($10.87 in chips)
Seat 2: 5b9c9ee4 ($8.21 in chips)
Seat 3: 5d47f22 ($12.03 in chips)
Seat 4: 44c2acdd ($14.85 in chips)
Seat 5: c7c852d9 ($12.8 in chips)
Seat 6: Hero ($12.23 in chips)
c7c852d9: posts small blind $0.05
Hero: posts big blind $0.1
*** HOLE CARDS ***
Dealt to ba4780c8 
Dealt to 5b9c9ee4 
Dealt to 5d47f22 
Dealt to 44c2acdd 
Dealt to c7c852d9 
Dealt to Hero [3c Th]
ba4780c8: raises $0.15 to $0.25
5b9c9ee4: folds
5d47f22: folds
44c2acdd: folds
c7c852d9: raises $0.65 to $0.9
Hero: folds
ba4780c8: calls $0.65
*** FLOP *** [Ah 8c Td]
c7c852d9: bets $0.73
ba4780c8: folds
Uncalled bet ($0.73) returned to c7c852d9
*** SHOWDOWN ***
c7c852d9 collected $1.81 from pot
*** SUMMARY ***
Total pot $1.9 | Rake $0.09 | Jackpot $0 | Bingo $0 | Fortune $0 | Tax $0
Board [Ah 8c Td]
Seat 1: ba4780c8 folded on the Flop
Seat 2: 5b9c9ee4 folded before Flop (didn't bet)
Seat 3: 5d47f22 folded before Flop (didn't bet)
Seat 4: 44c2acdd (button) folded before Flop (didn't bet)
Seat 5: c7c852d9 (small blind) won ($1.81)
Seat 6: Hero (big blind) folded before Flop


Poker Hand #HD1787368895: Hold'em No Limit ($0.05/$0.1) - 2024/05/25 17:36:02
Table 'NLHRed56' 6-max Seat #3 is the button
Seat 1: ba4780c8 ($10.72 in chips)
Seat 2: 5b9c9ee4 ($8.21 in chips)
Seat 3: 5d47f22 ($12.03 in chips)
Seat 4: 44c2acdd ($14.9 in chips)
Seat 5: c7c852d9 ($12.9 in chips)
Seat 6: Hero ($12.23 in chips)
44c2acdd: posts small blind $0.05
c7c852d9: posts big blind $0.1
*** HOLE CARDS ***
Dealt to ba4780c8 
Dealt to 5b9c9ee4 
Dealt to 5d47f22 
Dealt to 44c2acdd 
Dealt to c7c852d9 
Dealt to Hero [9h 5d]
Hero: folds
ba4780c8: raises $0.15 to $0.25
5b9c9ee4: folds
5d47f22: folds
44c2acdd: folds
c7c852d9: folds
Uncalled bet ($0.15) returned to ba4780c8
*** SHOWDOWN ***
ba4780c8 collected $0.25 from pot
*** SUMMARY ***
Total pot $0.25 | Rake $0 | Jackpot $0 | Bingo $0 | Fortune $0 | Tax $0
Seat 1: ba4780c8 collected ($0.25)
Seat 2: 5b9c9ee4 folded before Flop (didn't bet)
Seat 3: 5d47f22 (button) folded before Flop (didn't bet)
Seat 4: 44c2acdd (small blind) folded before Flop
Seat 5: c7c852d9 (big blind) folded before Flop
Seat 6: Hero folded before Flop (didn't bet)


Poker Hand #HD1787368832: Hold'em No Limit ($0.05/$0.1) - 2024/05/25 17:35:11
Table 'NLHRed56' 6-max Seat #2 is the button
Seat 1: ba4780c8 ($10.72 in chips)
Seat 2: 5b9c9ee4 ($8.21 in chips)
Seat 3: 5d47f22 ($12.08 in chips)
Seat 4: 44c2acdd ($12.92 in chips)
Seat 5: c7c852d9 ($15.15 in chips)
Seat 6: Hero ($12.23 in chips)
5d47f22: posts small blind $0.05
44c2acdd: posts big blind $0.1
*** HOLE CARDS ***
Dealt to ba4780c8 
Dealt to 5b9c9ee4 
Dealt to 5d47f22 
Dealt to 44c2acdd 
Dealt to c7c852d9 
Dealt to Hero [8h Ad]
c7c852d9: raises $0.15 to $0.25
Hero: folds
ba4780c8: folds
5b9c9ee4: folds
5d47f22: folds
44c2acdd: calls $0.15
*** FLOP *** [Qd 8c 9h]
44c2acdd: checks
c7c852d9: bets $0.19
44c2acdd: calls $0.19
*** TURN *** [Qd 8c 9h] [2d]
44c2acdd: checks
c7c852d9: bets $0.47
44c2acdd: calls $0.47
*** RIVER *** [Qd 8c 9h 2d] [8s]
44c2acdd: checks
c7c852d9: bets $1.34
44c2acdd: calls $1.34
c7c852d9: shows [Kd Qs] (Pair of Queens and Pair of Eights)
44c2acdd: shows [Qc Ah] (Pair of Queens and Pair of Eights)
*** SHOWDOWN ***
44c2acdd collected $4.23 from pot
*** SUMMARY ***
Total pot $4.55 | Rake $0.22 | Jackpot $0.1 | Bingo $0 | Fortune $0 | Tax $0
Board [Qd 8c 9h 2d 8s]
Seat 1: ba4780c8 folded before Flop (didn't bet)
Seat 2: 5b9c9ee4 (button) folded before Flop (didn't bet)
Seat 3: 5d47f22 (small blind) folded before Flop
Seat 4: 44c2acdd (big blind) showed [Qc Ah] and won ($4.23) with Pair of Queens and Pair of Eights
Seat 5: c7c852d9 showed [Kd Qs] and lost with Pair of Queens and Pair of Eights
Seat 6: Hero folded before Flop (didn't bet)


Poker Hand #HD1787368808: Hold'em No Limit ($0.05/$0.1) - 2024/05/25 17:34:49
Table 'NLHRed56' 6-max Seat #1 is the button
Seat 1: ba4780c8 ($10.72 in chips)
Seat 2: 5b9c9ee4 ($7.93 in chips)
Seat 3: 5d47f22 ($12.18 in chips)
Seat 4: 44c2acdd ($13.12 in chips)
Seat 5: c7c852d9 ($15.15 in chips)
Seat 6: Hero ($12.23 in chips)
5b9c9ee4: posts small blind $0.05
5d47f22: posts big blind $0.1
*** HOLE CARDS ***
Dealt to ba4780c8 
Dealt to 5b9c9ee4 
Dealt to 5d47f22 
Dealt to 44c2acdd 
Dealt to c7c852d9 
Dealt to Hero [6h Jd]
44c2acdd: raises $0.1 to $0.2
c7c852d9: folds
Hero: folds
ba4780c8: folds
5b9c9ee4: calls $0.15
5d47f22: folds
*** FLOP *** [8s Kh 6d]
5b9c9ee4: bets $0.17
44c2acdd: folds
Uncalled bet ($0.17) returned to 5b9c9ee4
*** SHOWDOWN ***
5b9c9ee4 collected $0.48 from pot
*** SUMMARY ***
Total pot $0.5 | Rake $0.02 | Jackpot $0 | Bingo $0 | Fortune $0 | Tax $0
Board [8s Kh 6d]
Seat 1: ba4780c8 (button) folded before Flop (didn't bet)
Seat 2: 5b9c9ee4 (small blind) won ($0.48)
Seat 3: 5d47f22 (big blind) folded before Flop
Seat 4: 44c2acdd folded on the Flop
Seat 5: c7c852d9 folded before Flop (didn't bet)
Seat 6: Hero folded before Flop (didn't bet)


Poker Hand #HD1787368773: Hold'em No Limit ($0.05/$0.1) - 2024/05/25 17:34:24
Table 'NLHRed56' 6-max Seat #6 is the button
Seat 1: ba4780c8 ($10.77 in chips)
Seat 2: 5b9c9ee4 ($8.03 in chips)
Seat 3: 5d47f22 ($12.38 in chips)
Seat 4: 44c2acdd ($13.12 in chips)
Seat 5: c7c852d9 ($14.82 in chips)
Seat 6: Hero ($12.23 in chips)
ba4780c8: posts small blind $0.05
5b9c9ee4: posts big blind $0.1
*** HOLE CARDS ***
Dealt to ba4780c8 
Dealt to 5b9c9ee4 
Dealt to 5d47f22 
Dealt to 44c2acdd 
Dealt to c7c852d9 
Dealt to Hero [2s Th]
5d47f22: raises $0.1 to $0.2
44c2acdd: folds
c7c852d9: raises $0.7 to $0.9
Hero: folds
ba4780c8: folds
5b9c9ee4: folds
5d47f22: folds
Uncalled bet ($0.7) returned to c7c852d9
*** SHOWDOWN ***
c7c852d9 collected $0.53 from pot
*** SUMMARY ***
Total pot $0.55 | Rake $0.02 | Jackpot $0 | Bingo $0 | Fortune $0 | Tax $0
Seat 1: ba4780c8 (small blind) folded before Flop
Seat 2: 5b9c9ee4 (big blind) folded before Flop
Seat 3: 5d47f22 folded before Flop
Seat 4: 44c2acdd folded before Flop (didn't bet)
Seat 5: c7c852d9 collected ($0.53)
Seat 6: Hero (button) folded before Flop (didn't bet)


Poker Hand #HD1787368729: Hold'em No Limit ($0.05/$0.1) - 2024/05/25 17:33:51
Table 'NLHRed56' 6-max Seat #5 is the button
Seat 1: ba4780c8 ($10.87 in chips)
Seat 2: 5b9c9ee4 ($8.03 in chips)
Seat 3: 5d47f22 ($12.38 in chips)
Seat 4: 44c2acdd ($13.37 in chips)
Seat 5: c7c852d9 ($14.45 in chips)
Seat 6: Hero ($12.28 in chips)
Hero: posts small blind $0.05
ba4780c8: posts big blind $0.1
*** HOLE CARDS ***
Dealt to ba4780c8 
Dealt to 5b9c9ee4 
Dealt to 5d47f22 
Dealt to 44c2acdd 
Dealt to c7c852d9 
Dealt to Hero [7s Ad]
5b9c9ee4: folds
5d47f22: folds
44c2acdd: raises $0.15 to $0.25
c7c852d9: raises $0.65 to $0.9
Hero: folds
ba4780c8: folds
44c2acdd: folds
Uncalled bet ($0.65) returned to c7c852d9
*** SHOWDOWN ***
c7c852d9 collected $0.62 from pot
*** SUMMARY ***
Total pot $0.65 | Rake $0.03 | Jackpot $0 | Bingo $0 | Fortune $0 | Tax $0
Seat 1: ba4780c8 (big blind) folded before Flop
Seat 2: 5b9c9ee4 folded before Flop (didn't bet)
Seat 3: 5d47f22 folded before Flop (didn't bet)
Seat 4: 44c2acdd folded before Flop
Seat 5: c7c852d9 (button) collected ($0.62)
Seat 6: Hero (small blind) folded before Flop


Poker Hand #HD1787368715: Hold'em No Limit ($0.05/$0.1) - 2024/05/25 17:33:41
Table 'NLHRed56' 6-max Seat #4 is the button
Seat 1: ba4780c8 ($10.87 in chips)
Seat 2: 5b9c9ee4 ($8.03 in chips)
Seat 3: 5d47f22 ($12.38 in chips)
Seat 4: 44c2acdd ($13.37 in chips)
Seat 5: c7c852d9 ($14.35 in chips)
Seat 6: Hero ($12.38 in chips)
c7c852d9: posts small blind $0.05
Hero: posts big blind $0.1
*** HOLE CARDS ***
Dealt to ba4780c8 
Dealt to 5b9c9ee4 
Dealt to 5d47f22 
Dealt to 44c2acdd 
Dealt to c7c852d9 
Dealt to Hero [7c Kh]
ba4780c8: folds
5b9c9ee4: folds
5d47f22: folds
44c2acdd: folds
c7c852d9: raises $0.15 to $0.25
Hero: folds
Uncalled bet ($0.15) returned to c7c852d9
*** SHOWDOWN ***
c7c852d9 collected $0.2 from pot
*** SUMMARY ***
Total pot $0.2 | Rake $0 | Jackpot $0 | Bingo $0 | Fortune $0 | Tax $0
Seat 1: ba4780c8 folded before Flop (didn't bet)
Seat 2: 5b9c9ee4 folded before Flop (didn't bet)
Seat 3: 5d47f22 folded before Flop (didn't bet)
Seat 4: 44c2acdd (button) folded before Flop (didn't bet)
Seat 5: c7c852d9 (small blind) collected ($0.2)
Seat 6: Hero (big blind) folded before Flop


Poker Hand #HD1787368624: Hold'em No Limit ($0.05/$0.1) - 2024/05/25 17:32:27
Table 'NLHRed56' 6-max Seat #3 is the button
Seat 1: ba4780c8 ($10.87 in chips)
Seat 2: 5b9c9ee4 ($8.03 in chips)
Seat 3: 5d47f22 ($12.38 in chips)
Seat 4: 44c2acdd ($12.83 in chips)
Seat 5: c7c852d9 ($14.95 in chips)
Seat 6: Hero ($12.38 in chips)
44c2acdd: posts small blind $0.05
c7c852d9: posts big blind $0.1
*** HOLE CARDS ***
Dealt to ba4780c8 
Dealt to 5b9c9ee4 
Dealt to 5d47f22 
Dealt to 44c2acdd 
Dealt to c7c852d9 
Dealt to Hero [9d 3d]
Hero: folds
ba4780c8: folds
5b9c9ee4: folds
5d47f22: folds
44c2acdd: raises $0.2 to $0.3
c7c852d9: calls $0.2
*** FLOP *** [6h 7h Js]
44c2acdd: bets $0.3
c7c852d9: calls $0.3
*** TURN *** [6h 7h Js] [2s]
44c2acdd: checks
c7c852d9: checks
*** RIVER *** [6h 7h Js 2s] [6s]
44c2acdd: checks
c7c852d9: checks
44c2acdd: shows [Ah Ac] (Pair of Aces and Pair of Sixes)
c7c852d9: shows [8c Ad] (Pair of Sixes)
*** SHOWDOWN ***
44c2acdd collected $1.14 from pot
*** SUMMARY ***
Total pot $1.2 | Rake $0.06 | Jackpot $0 | Bingo $0 | Fortune $0 | Tax $0
Board [6h 7h Js 2s 6s]
Seat 1: ba4780c8 folded before Flop (didn't bet)
Seat 2: 5b9c9ee4 folded before Flop (didn't bet)
Seat 3: 5d47f22 (button) folded before Flop (didn't bet)
Seat 4: 44c2acdd (small blind) showed [Ah Ac] and won ($1.14) with Pair of Aces and Pair of Sixes
Seat 5: c7c852d9 (big blind) showed [8c Ad] and lost with Pair of Sixes
Seat 6: Hero folded before Flop (didn't bet)


Poker Hand #HD1787368545: Hold'em No Limit ($0.05/$0.1) - 2024/05/25 17:31:23
Table 'NLHRed56' 6-max Seat #2 is the button
Seat 1: ba4780c8 ($10 in chips)
Seat 2: 5b9c9ee4 ($8.03 in chips)
Seat 3: 5d47f22 ($12.43 in chips)
Seat 4: 44c2acdd ($12.93 in chips)
Seat 5: c7c852d9 ($15.75 in chips)
Seat 6: Hero ($12.38 in chips)
5d47f22: posts small blind $0.05
44c2acdd: posts big blind $0.1
c7c852d9: posts missed blind $0.05
*** HOLE CARDS ***
Dealt to ba4780c8 
Dealt to 5b9c9ee4 
Dealt to 5d47f22 
Dealt to 44c2acdd 
Dealt to c7c852d9 
Dealt to Hero [2c Jh]
c7c852d9: raises $0.15 to $0.25
Hero: folds
ba4780c8: raises $0.5 to $0.75
5b9c9ee4: folds
5d47f22: folds
44c2acdd: folds
c7c852d9: calls $0.5
*** FLOP *** [5s Qc 5d]
c7c852d9: checks
ba4780c8: checks
*** TURN *** [5s Qc 5d] [Qh]
c7c852d9: checks
ba4780c8: bets $0.65
c7c852d9: folds
Uncalled bet ($0.65) returned to ba4780c8
*** SHOWDOWN ***
ba4780c8 collected $1.62 from pot
*** SUMMARY ***
Total pot $1.7 | Rake $0.08 | Jackpot $0 | Bingo $0 | Fortune $0 | Tax $0
Board [5s Qc 5d Qh]
Seat 1: ba4780c8 won ($1.62)
Seat 2: 5b9c9ee4 (button) folded before Flop (didn't bet)
Seat 3: 5d47f22 (small blind) folded before Flop
Seat 4: 44c2acdd (big blind) folded before Flop
Seat 5: c7c852d9 folded on the Turn
Seat 6: Hero folded before Flop (didn't bet)


Poker Hand #HD1787368465: Hold'em No Limit ($0.05/$0.1) - 2024/05/25 17:30:16
Table 'NLHRed56' 6-max Seat #1 is the button
Seat 1: ba4780c8 ($10.27 in chips)
Seat 2: 5b9c9ee4 ($8.08 in chips)
Seat 3: 5d47f22 ($10 in chips)
Seat 4: 44c2acdd ($12.93 in chips)
Seat 6: Hero ($12.38 in chips)
5b9c9ee4: posts small blind $0.05
5d47f22: posts big blind $0.1
*** HOLE CARDS ***
Dealt to ba4780c8 
Dealt to 5b9c9ee4 
Dealt to 5d47f22 
Dealt to 44c2acdd 
Dealt to Hero [8c 6h]
44c2acdd: folds
Hero: folds
ba4780c8: raises $0.15 to $0.25
5b9c9ee4: folds
5d47f22: raises $1 to $1.25
ba4780c8: raises $1.5 to $2.75
5d47f22: raises $7.25 to $10 and is all-in
ba4780c8: folds
Uncalled bet ($7.25) returned to 5d47f22
*** SHOWDOWN ***
5d47f22 collected $5.18 from pot
*** SUMMARY ***
Total pot $5.55 | Rake $0.27 | Jackpot $0.1 | Bingo $0 | Fortune $0 | Tax $0
Seat 1: ba4780c8 (button) folded before Flop
Seat 2: 5b9c9ee4 (small blind) folded before Flop
Seat 3: 5d47f22 (big blind) collected ($5.18)
Seat 4: 44c2acdd folded before Flop (didn't bet)
Seat 6: Hero folded before Flop (didn't bet)


Poker Hand #HD1787368417: Hold'em No Limit ($0.05/$0.1) - 2024/05/25 17:29:38
Table 'NLHRed56' 6-max Seat #6 is the button
Seat 1: ba4780c8 ($10 in chips)
Seat 2: 5b9c9ee4 ($8.38 in chips)
Seat 3: 5d47f22 ($10 in chips)
Seat 4: 44c2acdd ($12.93 in chips)
Seat 6: Hero ($12.38 in chips)
ba4780c8: posts small blind $0.05
5b9c9ee4: posts big blind $0.1
*** HOLE CARDS ***
Dealt to ba4780c8 
Dealt to 5b9c9ee4 
Dealt to 5d47f22 
Dealt to 44c2acdd 
Dealt to Hero [Kc 2d]
5d47f22: folds
44c2acdd: folds
Hero: folds
ba4780c8: raises $0.2 to $0.3
5b9c9ee4: calls $0.2
*** FLOP *** [5c 4h 8h]
ba4780c8: checks
5b9c9ee4: checks
*** TURN *** [5c 4h 8h] [3h]
ba4780c8: checks
5b9c9ee4: checks
*** RIVER *** [5c 4h 8h 3h] [Kd]
ba4780c8: checks
5b9c9ee4: checks
ba4780c8: shows [Jh 4d] (Pair of Fours)
5b9c9ee4: shows [9c Tc] (King-High)
*** SHOWDOWN ***
ba4780c8 collected $0.57 from pot
*** SUMMARY ***
Total pot $0.6 | Rake $0.03 | Jackpot $0 | Bingo $0 | Fortune $0 | Tax $0
Board [5c 4h 8h 3h Kd]
Seat 1: ba4780c8 (small blind) showed [Jh 4d] and won ($0.57) with Pair of Fours
Seat 2: 5b9c9ee4 (big blind) showed [9c Tc] and lost with King-High
Seat 3: 5d47f22 folded before Flop (didn't bet)
Seat 4: 44c2acdd folded before Flop (didn't bet)
Seat 6: Hero (button) folded before Flop (didn't bet)


Poker Hand #HD1787368394: Hold'em No Limit ($0.05/$0.1) - 2024/05/25 17:29:22
Table 'NLHRed56' 6-max Seat #4 is the button
Seat 1: ba4780c8 ($10 in chips)
Seat 2: 5b9c9ee4 ($8.38 in chips)
Seat 3: 5d47f22 ($10 in chips)
Seat 4: 44c2acdd ($12.78 in chips)
Seat 6: Hero ($12.43 in chips)
Hero: posts small blind $0.05
ba4780c8: posts big blind $0.1
*** HOLE CARDS ***
Dealt to ba4780c8 
Dealt to 5b9c9ee4 
Dealt to 5d47f22 
Dealt to 44c2acdd 
Dealt to Hero [6h 6d]
5b9c9ee4: folds
5d47f22: folds
44c2acdd: raises $0.15 to $0.25
Hero: folds
ba4780c8: folds
Uncalled bet ($0.15) returned to 44c2acdd
*** SHOWDOWN ***
44c2acdd collected $0.25 from pot
*** SUMMARY ***
Total pot $0.25 | Rake $0 | Jackpot $0 | Bingo $0 | Fortune $0 | Tax $0
Seat 1: ba4780c8 (big blind) folded before Flop
Seat 2: 5b9c9ee4 folded before Flop (didn't bet)
Seat 3: 5d47f22 folded before Flop (didn't bet)
Seat 4: 44c2acdd (button) collected ($0.25)
Seat 6: Hero (small blind) folded before Flop


Poker Hand #HD1787368334: Hold'em No Limit ($0.05/$0.1) - 2024/05/25 17:28:30
Table 'NLHRed56' 6-max Seat #3 is the button
Seat 1: ba4780c8 ($10 in chips)
Seat 2: 5b9c9ee4 ($8.38 in chips)
Seat 3: 5d47f22 ($10 in chips)
Seat 4: 44c2acdd ($12.83 in chips)
Seat 5: c7c852d9 ($15.95 in chips)
Seat 6: Hero ($12.2 in chips)
44c2acdd: posts small blind $0.05
c7c852d9: posts big blind $0.1
*** HOLE CARDS ***
Dealt to ba4780c8 
Dealt to 5b9c9ee4 
Dealt to 5d47f22 
Dealt to 44c2acdd 
Dealt to c7c852d9 
Dealt to Hero [Kh Kd]
Hero: raises $0.1 to $0.2
ba4780c8: folds
5b9c9ee4: folds
5d47f22: folds
44c2acdd: folds
c7c852d9: calls $0.1
*** FLOP *** [Ks 7d Qc]
c7c852d9: checks
Hero: checks
*** TURN *** [Ks 7d Qc] [4s]
c7c852d9: checks
Hero: bets $0.15
c7c852d9: folds
Uncalled bet ($0.15) returned to Hero
*** SHOWDOWN ***
Hero collected $0.43 from pot
*** SUMMARY ***
Total pot $0.45 | Rake $0.02 | Jackpot $0 | Bingo $0 | Fortune $0 | Tax $0
Board [Ks 7d Qc 4s]
Seat 1: ba4780c8 folded before Flop (didn't bet)
Seat 2: 5b9c9ee4 folded before Flop (didn't bet)
Seat 3: 5d47f22 (button) folded before Flop (didn't bet)
Seat 4: 44c2acdd (small blind) folded before Flop
Seat 5: c7c852d9 (big blind) folded on the Turn
Seat 6: Hero won ($0.43)


Poker Hand #HD1787368313: Hold'em No Limit ($0.05/$0.1) - 2024/05/25 17:28:16
Table 'NLHRed56' 6-max Seat #2 is the button
Seat 1: ba4780c8 ($10 in chips)
Seat 2: 5b9c9ee4 ($8.38 in chips)
Seat 3: 5d47f22 ($10 in chips)
Seat 4: 44c2acdd ($12.78 in chips)
Seat 5: c7c852d9 ($15.95 in chips)
Seat 6: Hero ($12.2 in chips)
5d47f22: posts small blind $0.05
44c2acdd: posts big blind $0.1
*** HOLE CARDS ***
Dealt to ba4780c8 
Dealt to 5b9c9ee4 
Dealt to 5d47f22 
Dealt to 44c2acdd 
Dealt to c7c852d9 
Dealt to Hero [9h 7s]
c7c852d9: folds
Hero: folds
ba4780c8: folds
5b9c9ee4: folds
5d47f22: folds
Uncalled bet ($0.05) returned to 44c2acdd
*** SHOWDOWN ***
44c2acdd collected $0.1 from pot
*** SUMMARY ***
Total pot $0.1 | Rake $0 | Jackpot $0 | Bingo $0 | Fortune $0 | Tax $0
Seat 1: ba4780c8 folded before Flop (didn't bet)
Seat 2: 5b9c9ee4 (button) folded before Flop (didn't bet)
Seat 3: 5d47f22 (small blind) folded before Flop
Seat 4: 44c2acdd (big blind) collected ($0.1)
Seat 5: c7c852d9 folded before Flop (didn't bet)
Seat 6: Hero folded before Flop (didn't bet)


Poker Hand #HD1787368284: Hold'em No Limit ($0.05/$0.1) - 2024/05/25 17:27:53
Table 'NLHRed56' 6-max Seat #1 is the button
Seat 1: ba4780c8 ($10 in chips)
Seat 2: 5b9c9ee4 ($8.43 in chips)
Seat 3: 5d47f22 ($10 in chips)
Seat 4: 44c2acdd ($12.78 in chips)
Seat 5: c7c852d9 ($15.8 in chips)
Seat 6: Hero ($12.2 in chips)
5b9c9ee4: posts small blind $0.05
5d47f22: posts big blind $0.1
*** HOLE CARDS ***
Dealt to ba4780c8 
Dealt to 5b9c9ee4 
Dealt to 5d47f22 
Dealt to 44c2acdd 
Dealt to c7c852d9 
Dealt to Hero [4d Td]
44c2acdd: folds
c7c852d9: raises $0.15 to $0.25
Hero: folds
ba4780c8: folds
5b9c9ee4: folds
5d47f22: folds
Uncalled bet ($0.15) returned to c7c852d9
*** SHOWDOWN ***
c7c852d9 collected $0.25 from pot
*** SUMMARY ***
Total pot $0.25 | Rake $0 | Jackpot $0 | Bingo $0 | Fortune $0 | Tax $0
Seat 1: ba4780c8 (button) folded before Flop (didn't bet)
Seat 2: 5b9c9ee4 (small blind) folded before Flop
Seat 3: 5d47f22 (big blind) folded before Flop
Seat 4: 44c2acdd folded before Flop (didn't bet)
Seat 5: c7c852d9 collected ($0.25)
Seat 6: Hero folded before Flop (didn't bet)


Poker Hand #HD1787368262: Hold'em No Limit ($0.05/$0.1) - 2024/05/25 17:27:36
Table 'NLHRed56' 6-max Seat #6 is the button
Seat 1: ba4780c8 ($10 in chips)
Seat 2: 5b9c9ee4 ($8.38 in chips)
Seat 3: 5d47f22 ($10 in chips)
Seat 4: 44c2acdd ($12.78 in chips)
Seat 5: c7c852d9 ($15.8 in chips)
Seat 6: Hero ($12.2 in chips)
ba4780c8: posts small blind $0.05
5b9c9ee4: posts big blind $0.1
*** HOLE CARDS ***
Dealt to ba4780c8 
Dealt to 5b9c9ee4 
Dealt to 5d47f22 
Dealt to 44c2acdd 
Dealt to c7c852d9 
Dealt to Hero [9s 5h]
5d47f22: folds
44c2acdd: folds
c7c852d9: folds
Hero: folds
ba4780c8: folds
Uncalled bet ($0.05) returned to 5b9c9ee4
*** SHOWDOWN ***
5b9c9ee4 collected $0.1 from pot
*** SUMMARY ***
Total pot $0.1 | Rake $0 | Jackpot $0 | Bingo $0 | Fortune $0 | Tax $0
Seat 1: ba4780c8 (small blind) folded before Flop
Seat 2: 5b9c9ee4 (big blind) collected ($0.1)
Seat 3: 5d47f22 folded before Flop (didn't bet)
Seat 4: 44c2acdd folded before Flop (didn't bet)
Seat 5: c7c852d9 folded before Flop (didn't bet)
Seat 6: Hero (button) folded before Flop (didn't bet)


Poker Hand #HD1787368155: Hold'em No Limit ($0.05/$0.1) - 2024/05/25 17:26:17
Table 'NLHRed56' 6-max Seat #5 is the button
Seat 1: ba4780c8 ($10 in chips)
Seat 2: 5b9c9ee4 ($8.38 in chips)
Seat 3: 5d47f22 ($10 in chips)
Seat 4: 44c2acdd ($12.78 in chips)
Seat 5: c7c852d9 ($14.89 in chips)
Seat 6: Hero ($12.25 in chips)
Hero: posts small blind $0.05
ba4780c8: posts big blind $0.1
*** HOLE CARDS ***
Dealt to ba4780c8 
Dealt to 5b9c9ee4 
Dealt to 5d47f22 
Dealt to 44c2acdd 
Dealt to c7c852d9 
Dealt to Hero [Td 4h]
5b9c9ee4: folds
5d47f22: folds
44c2acdd: folds
c7c852d9: raises $0.15 to $0.25
Hero: folds
ba4780c8: calls $0.15
*** FLOP *** [9s Qc 2h]
ba4780c8: checks
c7c852d9: bets $0.2
ba4780c8: calls $0.2
*** TURN *** [9s Qc 2h] [Ac]
ba4780c8: checks
c7c852d9: bets $0.5
ba4780c8: calls $0.5
*** RIVER *** [9s Qc 2h Ac] [Kh]
ba4780c8: checks
c7c852d9: bets $1.67
ba4780c8: folds
Uncalled bet ($1.67) returned to c7c852d9
*** SHOWDOWN ***
c7c852d9 collected $1.86 from pot
*** SUMMARY ***
Total pot $1.95 | Rake $0.09 | Jackpot $0 | Bingo $0 | Fortune $0 | Tax $0
Board [9s Qc 2h Ac Kh]
Seat 1: ba4780c8 (big blind) folded on the River
Seat 2: 5b9c9ee4 folded before Flop (didn't bet)
Seat 3: 5d47f22 folded before Flop (didn't bet)
Seat 4: 44c2acdd folded before Flop (didn't bet)
Seat 5: c7c852d9 (button) won ($1.86)
Seat 6: Hero (small blind) folded before Flop


Poker Hand #HD1787368092: Hold'em No Limit ($0.05/$0.1) - 2024/05/25 17:25:21
Table 'NLHRed56' 6-max Seat #4 is the button
Seat 1: ba4780c8 ($10 in chips)
Seat 2: 5b9c9ee4 ($9.7 in chips)
Seat 3: 5d47f22 ($10 in chips)
Seat 4: 44c2acdd ($12.78 in chips)
Seat 5: c7c852d9 ($14.94 in chips)
Seat 6: Hero ($11.01 in chips)
c7c852d9: posts small blind $0.05
Hero: posts big blind $0.1
*** HOLE CARDS ***
Dealt to ba4780c8 
Dealt to 5b9c9ee4 
Dealt to 5d47f22 
Dealt to 44c2acdd 
Dealt to c7c852d9 
Dealt to Hero [As Td]
ba4780c8: folds
5b9c9ee4: raises $0.2 to $0.3
5d47f22: folds
44c2acdd: folds
c7c852d9: folds
Hero: calls $0.2
*** FLOP *** [6d Ah Qh]
Hero: checks
5b9c9ee4: bets $0.22
Hero: calls $0.22
*** TURN *** [6d Ah Qh] [7c]
Hero: checks
5b9c9ee4: bets $0.22
Hero: raises $0.58 to $0.8
5b9c9ee4: calls $0.58
*** RIVER *** [6d Ah Qh 7c] [Ks]
Hero: checks
5b9c9ee4: checks
Hero: shows [As Td] (Pair of Aces)
5b9c9ee4: shows [5c Ac] (Pair of Aces)
*** SHOWDOWN ***
Hero collected $2.56 from pot
*** SUMMARY ***
Total pot $2.69 | Rake $0.13 | Jackpot $0 | Bingo $0 | Fortune $0 | Tax $0
Board [6d Ah Qh 7c Ks]
Seat 1: ba4780c8 folded before Flop (didn't bet)
Seat 2: 5b9c9ee4 showed [5c Ac] and lost with Pair of Aces
Seat 3: 5d47f22 folded before Flop (didn't bet)
Seat 4: 44c2acdd (button) folded before Flop (didn't bet)
Seat 5: c7c852d9 (small blind) folded before Flop
Seat 6: Hero (big blind) showed [As Td] and won ($2.56) with Pair of Aces


Poker Hand #HD1787368077: Hold'em No Limit ($0.05/$0.1) - 2024/05/25 17:25:02
Table 'NLHRed56' 6-max Seat #3 is the button
Seat 1: ba4780c8 ($10 in chips)
Seat 2: 5b9c9ee4 ($9.7 in chips)
Seat 3: 5d47f22 ($10 in chips)
Seat 4: 44c2acdd ($12.83 in chips)
Seat 5: c7c852d9 ($14.89 in chips)
Seat 6: Hero ($11.01 in chips)
44c2acdd: posts small blind $0.05
c7c852d9: posts big blind $0.1
*** HOLE CARDS ***
Dealt to ba4780c8 
Dealt to 5b9c9ee4 
Dealt to 5d47f22 
Dealt to 44c2acdd 
Dealt to c7c852d9 
Dealt to Hero [4d 4h]
Hero: folds
ba4780c8: folds
5b9c9ee4: folds
5d47f22: folds
44c2acdd: folds
Uncalled bet ($0.05) returned to c7c852d9
*** SHOWDOWN ***
c7c852d9 collected $0.1 from pot
*** SUMMARY ***
Total pot $0.1 | Rake $0 | Jackpot $0 | Bingo $0 | Fortune $0 | Tax $0
Seat 1: ba4780c8 folded before Flop (didn't bet)
Seat 2: 5b9c9ee4 folded before Flop (didn't bet)
Seat 3: 5d47f22 (button) folded before Flop (didn't bet)
Seat 4: 44c2acdd (small blind) folded before Flop
Seat 5: c7c852d9 (big blind) collected ($0.1)
Seat 6: Hero folded before Flop (didn't bet)


Poker Hand #HD1787368047: Hold'em No Limit ($0.05/$0.1) - 2024/05/25 17:24:40
Table 'NLHRed56' 6-max Seat #2 is the button
Seat 1: ba4780c8 ($10 in chips)
Seat 2: 5b9c9ee4 ($9.7 in chips)
Seat 3: 5d47f22 ($10 in chips)
Seat 4: 44c2acdd ($12.78 in chips)
Seat 5: c7c852d9 ($14.89 in chips)
Seat 6: Hero ($11.01 in chips)
5d47f22: posts small blind $0.05
44c2acdd: posts big blind $0.1
*** HOLE CARDS ***
Dealt to ba4780c8 
Dealt to 5b9c9ee4 
Dealt to 5d47f22 
Dealt to 44c2acdd 
Dealt to c7c852d9 
Dealt to Hero [9s Kd]
c7c852d9: folds
Hero: folds
ba4780c8: folds
5b9c9ee4: folds
5d47f22: folds
Uncalled bet ($0.05) returned to 44c2acdd
*** SHOWDOWN ***
44c2acdd collected $0.1 from pot
*** SUMMARY ***
Total pot $0.1 | Rake $0 | Jackpot $0 | Bingo $0 | Fortune $0 | Tax $0
Seat 1: ba4780c8 folded before Flop (didn't bet)
Seat 2: 5b9c9ee4 (button) folded before Flop (didn't bet)
Seat 3: 5d47f22 (small blind) folded before Flop
Seat 4: 44c2acdd (big blind) collected ($0.1)
Seat 5: c7c852d9 folded before Flop (didn't bet)
Seat 6: Hero folded before Flop (didn't bet)


Poker Hand #HD1787368009: Hold'em No Limit ($0.05/$0.1) - 2024/05/25 17:24:12
Table 'NLHRed56' 6-max Seat #1 is the button
Seat 1: ba4780c8 ($10 in chips)
Seat 2: 5b9c9ee4 ($9.75 in chips)
Seat 3: 5d47f22 ($10 in chips)
Seat 4: 44c2acdd ($12.78 in chips)
Seat 5: c7c852d9 ($14.89 in chips)
Seat 6: Hero ($10.86 in chips)
5b9c9ee4: posts small blind $0.05
5d47f22: posts big blind $0.1
*** HOLE CARDS ***
Dealt to ba4780c8 
Dealt to 5b9c9ee4 
Dealt to 5d47f22 
Dealt to 44c2acdd 
Dealt to c7c852d9 
Dealt to Hero [Ac 9h]
44c2acdd: folds
c7c852d9: folds
Hero: raises $0.14 to $0.24
ba4780c8: folds
5b9c9ee4: folds
5d47f22: folds
Uncalled bet ($0.14) returned to Hero
*** SHOWDOWN ***
Hero collected $0.25 from pot
*** SUMMARY ***
Total pot $0.25 | Rake $0 | Jackpot $0 | Bingo $0 | Fortune $0 | Tax $0
Seat 1: ba4780c8 (button) folded before Flop (didn't bet)
Seat 2: 5b9c9ee4 (small blind) folded before Flop
Seat 3: 5d47f22 (big blind) folded before Flop
Seat 4: 44c2acdd folded before Flop (didn't bet)
Seat 5: c7c852d9 folded before Flop (didn't bet)
Seat 6: Hero collected ($0.25)


Poker Hand #HD1787367986: Hold'em No Limit ($0.05/$0.1) - 2024/05/25 17:23:52
Table 'NLHRed56' 6-max Seat #6 is the button
Seat 1: ba4780c8 ($10 in chips)
Seat 2: 5b9c9ee4 ($9.85 in chips)
Seat 3: 5d47f22 ($10 in chips)
Seat 4: 44c2acdd ($12.78 in chips)
Seat 5: c7c852d9 ($14.89 in chips)
Seat 6: Hero ($10.71 in chips)
ba4780c8: posts small blind $0.05
5b9c9ee4: posts big blind $0.1
*** HOLE CARDS ***
Dealt to ba4780c8 
Dealt to 5b9c9ee4 
Dealt to 5d47f22 
Dealt to 44c2acdd 
Dealt to c7c852d9 
Dealt to Hero [7h 6h]
5d47f22: folds
44c2acdd: folds
c7c852d9: folds
Hero: raises $0.14 to $0.24
ba4780c8: folds
5b9c9ee4: folds
Uncalled bet ($0.14) returned to Hero
*** SHOWDOWN ***
Hero collected $0.25 from pot
*** SUMMARY ***
Total pot $0.25 | Rake $0 | Jackpot $0 | Bingo $0 | Fortune $0 | Tax $0
Seat 1: ba4780c8 (small blind) folded before Flop
Seat 2: 5b9c9ee4 (big blind) folded before Flop
Seat 3: 5d47f22 folded before Flop (didn't bet)
Seat 4: 44c2acdd folded before Flop (didn't bet)
Seat 5: c7c852d9 folded before Flop (didn't bet)
Seat 6: Hero (button) collected ($0.25)


Poker Hand #HD1787367961: Hold'em No Limit ($0.05/$0.1) - 2024/05/25 17:23:30
Table 'NLHRed56' 6-max Seat #5 is the button
Seat 1: ba4780c8 ($10 in chips)
Seat 2: 5b9c9ee4 ($9.85 in chips)
Seat 3: 5d47f22 ($10 in chips)
Seat 4: 44c2acdd ($12.63 in chips)
Seat 5: c7c852d9 ($14.89 in chips)
Seat 6: Hero ($10.76 in chips)
Hero: posts small blind $0.05
ba4780c8: posts big blind $0.1
*** HOLE CARDS ***
Dealt to ba4780c8 
Dealt to 5b9c9ee4 
Dealt to 5d47f22 
Dealt to 44c2acdd 
Dealt to c7c852d9 
Dealt to Hero [3c 9d]
5b9c9ee4: folds
5d47f22: folds
44c2acdd: raises $0.15 to $0.25
c7c852d9: folds
Hero: folds
ba4780c8: folds
Uncalled bet ($0.15) returned to 44c2acdd
*** SHOWDOWN ***
44c2acdd collected $0.25 from pot
*** SUMMARY ***
Total pot $0.25 | Rake $0 | Jackpot $0 | Bingo $0 | Fortune $0 | Tax $0
Seat 1: ba4780c8 (big blind) folded before Flop
Seat 2: 5b9c9ee4 folded before Flop (didn't bet)
Seat 3: 5d47f22 folded before Flop (didn't bet)
Seat 4: 44c2acdd collected ($0.25)
Seat 5: c7c852d9 (button) folded before Flop (didn't bet)
Seat 6: Hero (small blind) folded before Flop


Poker Hand #HD1787367887: Hold'em No Limit ($0.05/$0.1) - 2024/05/25 17:22:27
Table 'NLHRed56' 6-max Seat #4 is the button
Seat 1: ba4780c8 ($10 in chips)
Seat 2: 5b9c9ee4 ($9.85 in chips)
Seat 3: 5d47f22 ($10 in chips)
Seat 4: 44c2acdd ($12.63 in chips)
Seat 5: c7c852d9 ($13.94 in chips)
Seat 6: Hero ($10.86 in chips)
c7c852d9: posts small blind $0.05
Hero: posts big blind $0.1
*** HOLE CARDS ***
Dealt to ba4780c8 
Dealt to 5b9c9ee4 
Dealt to 5d47f22 
Dealt to 44c2acdd 
Dealt to c7c852d9 
Dealt to Hero [9c 6c]
ba4780c8: raises $0.25 to $0.35
5b9c9ee4: folds
5d47f22: folds
44c2acdd: folds
c7c852d9: calls $0.3
Hero: folds
*** FLOP *** [7h 8d Th]
c7c852d9: checks
ba4780c8: checks
*** TURN *** [7h 8d Th] [3c]
c7c852d9: bets $0.6
ba4780c8: calls $0.6
*** RIVER *** [7h 8d Th 3c] [Tc]
c7c852d9: bets $1.7
ba4780c8: folds
Uncalled bet ($1.7) returned to c7c852d9
*** SHOWDOWN ***
c7c852d9 collected $1.9 from pot
*** SUMMARY ***
Total pot $2 | Rake $0.1 | Jackpot $0 | Bingo $0 | Fortune $0 | Tax $0
Board [7h 8d Th 3c Tc]
Seat 1: ba4780c8 folded on the River
Seat 2: 5b9c9ee4 folded before Flop (didn't bet)
Seat 3: 5d47f22 folded before Flop (didn't bet)
Seat 4: 44c2acdd (button) folded before Flop (didn't bet)
Seat 5: c7c852d9 (small blind) won ($1.9)
Seat 6: Hero (big blind) folded before Flop


Poker Hand #HD1787367833: Hold'em No Limit ($0.05/$0.1) - 2024/05/25 17:21:46
Table 'NLHRed56' 6-max Seat #3 is the button
Seat 1: ba4780c8 ($10 in chips)
Seat 2: 5b9c9ee4 ($9.85 in chips)
Seat 3: 5d47f22 ($10 in chips)
Seat 4: 44c2acdd ($12.68 in chips)
Seat 5: c7c852d9 ($13.66 in chips)
Seat 6: Hero ($10.86 in chips)
44c2acdd: posts small blind $0.05
c7c852d9: posts big blind $0.1
*** HOLE CARDS ***
Dealt to ba4780c8 
Dealt to 5b9c9ee4 
Dealt to 5d47f22 
Dealt to 44c2acdd 
Dealt to c7c852d9 
Dealt to Hero [5h Jc]
Hero: folds
ba4780c8: raises $0.15 to $0.25
5b9c9ee4: folds
5d47f22: folds
44c2acdd: folds
c7c852d9: calls $0.15
*** FLOP *** [7c Ts Th]
c7c852d9: checks
ba4780c8: checks
*** TURN *** [7c Ts Th] [Js]
c7c852d9: checks
ba4780c8: checks
*** RIVER *** [7c Ts Th Js] [6h]
c7c852d9: checks
ba4780c8: checks
c7c852d9: shows [4d 6d] (Pair of Tens and Pair of Sixes)
ba4780c8: shows [Ac 9c] (Pair of Tens)
*** SHOWDOWN ***
c7c852d9 collected $0.53 from pot
*** SUMMARY ***
Total pot $0.55 | Rake $0.02 | Jackpot $0 | Bingo $0 | Fortune $0 | Tax $0
Board [7c Ts Th Js 6h]
Seat 1: ba4780c8 showed [Ac 9c] and lost with Pair of Tens
Seat 2: 5b9c9ee4 folded before Flop (didn't bet)
Seat 3: 5d47f22 (button) folded before Flop (didn't bet)
Seat 4: 44c2acdd (small blind) folded before Flop
Seat 5: c7c852d9 (big blind) showed [4d 6d] and won ($0.53) with Pair of Tens and Pair of Sixes
Seat 6: Hero folded before Flop (didn't bet)


Poker Hand #HD1787367748: Hold'em No Limit ($0.05/$0.1) - 2024/05/25 17:20:38
Table 'NLHRed56' 6-max Seat #2 is the button
Seat 1: ba4780c8 ($10 in chips)
Seat 2: 5b9c9ee4 ($9.85 in chips)
Seat 3: 5d47f22 ($10 in chips)
Seat 4: 44c2acdd ($12.78 in chips)
Seat 5: c7c852d9 ($13.29 in chips)
Seat 6: Hero ($10.86 in chips)
5d47f22: posts small blind $0.05
44c2acdd: posts big blind $0.1
*** HOLE CARDS ***
Dealt to ba4780c8 
Dealt to 5b9c9ee4 
Dealt to 5d47f22 
Dealt to 44c2acdd 
Dealt to c7c852d9 
Dealt to Hero [Jd 8h]
c7c852d9: raises $0.15 to $0.25
Hero: folds
ba4780c8: calls $0.25
5b9c9ee4: folds
5d47f22: folds
44c2acdd: folds
*** FLOP *** [6d 9s 2c]
c7c852d9: checks
ba4780c8: checks
*** TURN *** [6d 9s 2c] [Td]
c7c852d9: checks
ba4780c8: checks
*** RIVER *** [6d 9s 2c Td] [Kd]
c7c852d9: checks
ba4780c8: checks
c7c852d9: shows [5s 5c] (Pair of Fives)
ba4780c8: shows [4h 4d] (Pair of Fours)
*** SHOWDOWN ***
c7c852d9 collected $0.62 from pot
*** SUMMARY ***
Total pot $0.65 | Rake $0.03 | Jackpot $0 | Bingo $0 | Fortune $0 | Tax $0
Board [6d 9s 2c Td Kd]
Seat 1: ba4780c8 showed [4h 4d] and lost with Pair of Fours
Seat 2: 5b9c9ee4 (button) folded before Flop (didn't bet)
Seat 3: 5d47f22 (small blind) folded before Flop
Seat 4: 44c2acdd (big blind) folded before Flop
Seat 5: c7c852d9 showed [5s 5c] and won ($0.62) with Pair of Fives
Seat 6: Hero folded before Flop (didn't bet)


Poker Hand #HD1787367730: Hold'em No Limit ($0.05/$0.1) - 2024/05/25 17:20:22
Table 'NLHRed56' 6-max Seat #1 is the button
Seat 1: ba4780c8 ($10 in chips)
Seat 2: 5b9c9ee4 ($9.9 in chips)
Seat 3: 5d47f22 ($10 in chips)
Seat 4: 44c2acdd ($12.63 in chips)
Seat 5: c7c852d9 ($13.29 in chips)
Seat 6: Hero ($10.86 in chips)
5b9c9ee4: posts small blind $0.05
5d47f22: posts big blind $0.1
*** HOLE CARDS ***
Dealt to ba4780c8 
Dealt to 5b9c9ee4 
Dealt to 5d47f22 
Dealt to 44c2acdd 
Dealt to c7c852d9 
Dealt to Hero [Ac 7h]
44c2acdd: raises $0.1 to $0.2
c7c852d9: folds
Hero: folds
ba4780c8: folds
5b9c9ee4: folds
5d47f22: folds
Uncalled bet ($0.1) returned to 44c2acdd
*** SHOWDOWN ***
44c2acdd collected $0.25 from pot
*** SUMMARY ***
Total pot $0.25 | Rake $0 | Jackpot $0 | Bingo $0 | Fortune $0 | Tax $0
Seat 1: ba4780c8 (button) folded before Flop (didn't bet)
Seat 2: 5b9c9ee4 (small blind) folded before Flop
Seat 3: 5d47f22 (big blind) folded before Flop
Seat 4: 44c2acdd collected ($0.25)
Seat 5: c7c852d9 folded before Flop (didn't bet)
Seat 6: Hero folded before Flop (didn't bet)


Poker Hand #HD1787367715: Hold'em No Limit ($0.05/$0.1) - 2024/05/25 17:20:10
Table 'NLHRed56' 6-max Seat #6 is the button
Seat 1: ba4780c8 ($10 in chips)
Seat 2: 5b9c9ee4 ($10 in chips)
Seat 3: 5d47f22 ($10 in chips)
Seat 4: 44c2acdd ($12.63 in chips)
Seat 5: c7c852d9 ($13.14 in chips)
Seat 6: Hero ($10.86 in chips)
ba4780c8: posts small blind $0.05
5b9c9ee4: posts big blind $0.1
*** HOLE CARDS ***
Dealt to ba4780c8 
Dealt to 5b9c9ee4 
Dealt to 5d47f22 
Dealt to 44c2acdd 
Dealt to c7c852d9 
Dealt to Hero [3c Kc]
5d47f22: folds
44c2acdd: folds
c7c852d9: raises $0.15 to $0.25
Hero: folds
ba4780c8: folds
5b9c9ee4: folds
Uncalled bet ($0.15) returned to c7c852d9
*** SHOWDOWN ***
c7c852d9 collected $0.25 from pot
*** SUMMARY ***
Total pot $0.25 | Rake $0 | Jackpot $0 | Bingo $0 | Fortune $0 | Tax $0
Seat 1: ba4780c8 (small blind) folded before Flop
Seat 2: 5b9c9ee4 (big blind) folded before Flop
Seat 3: 5d47f22 folded before Flop (didn't bet)
Seat 4: 44c2acdd folded before Flop (didn't bet)
Seat 5: c7c852d9 collected ($0.25)
Seat 6: Hero (button) folded before Flop (didn't bet)


Poker Hand #HD1787367696: Hold'em No Limit ($0.05/$0.1) - 2024/05/25 17:19:54
Table 'NLHRed56' 6-max Seat #5 is the button
Seat 1: ba4780c8 ($10 in chips)
Seat 3: 5d47f22 ($10 in chips)
Seat 4: 44c2acdd ($12.48 in chips)
Seat 5: c7c852d9 ($13.14 in chips)
Seat 6: Hero ($10.91 in chips)
Hero: posts small blind $0.05
ba4780c8: posts big blind $0.1
*** HOLE CARDS ***
Dealt to ba4780c8 
Dealt to 5d47f22 
Dealt to 44c2acdd 
Dealt to c7c852d9 
Dealt to Hero [8c 9c]
5d47f22: folds
44c2acdd: raises $0.15 to $0.25
c7c852d9: folds
Hero: folds
ba4780c8: folds
Uncalled bet ($0.15) returned to 44c2acdd
*** SHOWDOWN ***
44c2acdd collected $0.25 from pot
*** SUMMARY ***
Total pot $0.25 | Rake $0 | Jackpot $0 | Bingo $0 | Fortune $0 | Tax $0
Seat 1: ba4780c8 (big blind) folded before Flop
Seat 3: 5d47f22 folded before Flop (didn't bet)
Seat 4: 44c2acdd collected ($0.25)
Seat 5: c7c852d9 (button) folded before Flop (didn't bet)
Seat 6: Hero (small blind) folded before Flop


Poker Hand #HD1787367590: Hold'em No Limit ($0.05/$0.1) - 2024/05/25 17:18:31
Table 'NLHRed56' 6-max Seat #4 is the button
Seat 1: ba4780c8 ($10 in chips)
Seat 2: fdf8b50f ($12.79 in chips)
Seat 3: 5d47f22 ($10 in chips)
Seat 4: 44c2acdd ($12.48 in chips)
Seat 5: c7c852d9 ($13.19 in chips)
Seat 6: Hero ($10.5 in chips)
c7c852d9: posts small blind $0.05
Hero: posts big blind $0.1
*** HOLE CARDS ***
Dealt to ba4780c8 
Dealt to fdf8b50f 
Dealt to 5d47f22 
Dealt to 44c2acdd 
Dealt to c7c852d9 
Dealt to Hero [9d 9s]
ba4780c8: folds
fdf8b50f: folds
5d47f22: raises $0.1 to $0.2
44c2acdd: folds
c7c852d9: folds
Hero: calls $0.1
*** FLOP *** [4s 5c 8d]
Hero: checks
5d47f22: checks
*** TURN *** [4s 5c 8d] [6s]
Hero: bets $0.2
5d47f22: calls $0.2
*** RIVER *** [4s 5c 8d 6s] [6h]
Hero: checks
5d47f22: checks
Hero: shows [9d 9s] (Pair of Nines and Pair of Sixes)
5d47f22: shows [As 9h] (Pair of Sixes)
*** SHOWDOWN ***
Hero collected $0.81 from pot
*** SUMMARY ***
Total pot $0.85 | Rake $0.04 | Jackpot $0 | Bingo $0 | Fortune $0 | Tax $0
Board [4s 5c 8d 6s 6h]
Seat 1: ba4780c8 folded before Flop (didn't bet)
Seat 2: fdf8b50f folded before Flop (didn't bet)
Seat 3: 5d47f22 showed [As 9h] and lost with Pair of Sixes
Seat 4: 44c2acdd (button) folded before Flop (didn't bet)
Seat 5: c7c852d9 (small blind) folded before Flop
Seat 6: Hero (big blind) showed [9d 9s] and won ($0.81) with Pair of Nines and Pair of Sixes


Poker Hand #HD1787367520: Hold'em No Limit ($0.05/$0.1) - 2024/05/25 17:17:31
Table 'NLHRed56' 6-max Seat #3 is the button
Seat 1: ba4780c8 ($10 in chips)
Seat 2: fdf8b50f ($12.99 in chips)
Seat 3: 5d47f22 ($10 in chips)
Seat 4: 44c2acdd ($12.53 in chips)
Seat 5: c7c852d9 ($13.39 in chips)
Seat 6: Hero ($10.08 in chips)
44c2acdd: posts small blind $0.05
c7c852d9: posts big blind $0.1
*** HOLE CARDS ***
Dealt to ba4780c8 
Dealt to fdf8b50f 
Dealt to 5d47f22 
Dealt to 44c2acdd 
Dealt to c7c852d9 
Dealt to Hero [Ts Js]
Hero: raises $0.1 to $0.2
ba4780c8: folds
fdf8b50f: calls $0.2
5d47f22: folds
44c2acdd: folds
c7c852d9: calls $0.1
*** FLOP *** [8s 3d 6h]
c7c852d9: checks
Hero: checks
fdf8b50f: checks
*** TURN *** [8s 3d 6h] [As]
c7c852d9: checks
Hero: bets $0.3
fdf8b50f: folds
c7c852d9: folds
Uncalled bet ($0.3) returned to Hero
*** SHOWDOWN ***
Hero collected $0.62 from pot
*** SUMMARY ***
Total pot $0.65 | Rake $0.03 | Jackpot $0 | Bingo $0 | Fortune $0 | Tax $0
Board [8s 3d 6h As]
Seat 1: ba4780c8 folded before Flop (didn't bet)
Seat 2: fdf8b50f folded on the Turn
Seat 3: 5d47f22 (button) folded before Flop (didn't bet)
Seat 4: 44c2acdd (small blind) folded before Flop
Seat 5: c7c852d9 (big blind) folded on the Turn
Seat 6: Hero won ($0.62)


Poker Hand #HD1787367469: Hold'em No Limit ($0.05/$0.1) - 2024/05/25 17:16:52
Table 'NLHRed56' 6-max Seat #2 is the button
Seat 1: ba4780c8 ($10.23 in chips)
Seat 2: fdf8b50f ($12.62 in chips)
Seat 3: 5d47f22 ($10.05 in chips)
Seat 4: 44c2acdd ($12.63 in chips)
Seat 5: c7c852d9 ($13.39 in chips)
Seat 6: Hero ($10.08 in chips)
5d47f22: posts small blind $0.05
44c2acdd: posts big blind $0.1
*** HOLE CARDS ***
Dealt to ba4780c8 
Dealt to fdf8b50f 
Dealt to 5d47f22 
Dealt to 44c2acdd 
Dealt to c7c852d9 
Dealt to Hero [4d Ah]
c7c852d9: folds
Hero: folds
ba4780c8: raises $0.15 to $0.25
fdf8b50f: raises $0.95 to $1.2
5d47f22: folds
44c2acdd: folds
ba4780c8: folds
Uncalled bet ($0.95) returned to fdf8b50f
*** SHOWDOWN ***
fdf8b50f collected $0.62 from pot
*** SUMMARY ***
Total pot $0.65 | Rake $0.03 | Jackpot $0 | Bingo $0 | Fortune $0 | Tax $0
Seat 1: ba4780c8 folded before Flop
Seat 2: fdf8b50f (button) collected ($0.62)
Seat 3: 5d47f22 (small blind) folded before Flop
Seat 4: 44c2acdd (big blind) folded before Flop
Seat 5: c7c852d9 folded before Flop (didn't bet)
Seat 6: Hero folded before Flop (didn't bet)


Poker Hand #HD1787367453: Hold'em No Limit ($0.05/$0.1) - 2024/05/25 17:16:40
Table 'NLHRed56' 6-max Seat #1 is the button
Seat 1: ba4780c8 ($10.23 in chips)
Seat 2: fdf8b50f ($12.67 in chips)
Seat 3: 5d47f22 ($10.15 in chips)
Seat 4: 44c2acdd ($12.48 in chips)
Seat 5: c7c852d9 ($13.39 in chips)
Seat 6: Hero ($10.08 in chips)
fdf8b50f: posts small blind $0.05
5d47f22: posts big blind $0.1
*** HOLE CARDS ***
Dealt to ba4780c8 
Dealt to fdf8b50f 
Dealt to 5d47f22 
Dealt to 44c2acdd 
Dealt to c7c852d9 
Dealt to Hero [Ac 7d]
44c2acdd: raises $0.1 to $0.2
c7c852d9: folds
Hero: folds
ba4780c8: folds
fdf8b50f: folds
5d47f22: folds
Uncalled bet ($0.1) returned to 44c2acdd
*** SHOWDOWN ***
44c2acdd collected $0.25 from pot
*** SUMMARY ***
Total pot $0.25 | Rake $0 | Jackpot $0 | Bingo $0 | Fortune $0 | Tax $0
Seat 1: ba4780c8 (button) folded before Flop (didn't bet)
Seat 2: fdf8b50f (small blind) folded before Flop
Seat 3: 5d47f22 (big blind) folded before Flop
Seat 4: 44c2acdd collected ($0.25)
Seat 5: c7c852d9 folded before Flop (didn't bet)
Seat 6: Hero folded before Flop (didn't bet)


Poker Hand #HD1787367377: Hold'em No Limit ($0.05/$0.1) - 2024/05/25 17:15:38
Table 'NLHRed56' 6-max Seat #6 is the button
Seat 1: ba4780c8 ($10.28 in chips)
Seat 2: fdf8b50f ($12.4 in chips)
Seat 3: 5d47f22 ($10.15 in chips)
Seat 4: 44c2acdd ($12.48 in chips)
Seat 5: c7c852d9 ($13.39 in chips)
Seat 6: Hero ($10.32 in chips)
ba4780c8: posts small blind $0.05
fdf8b50f: posts big blind $0.1
*** HOLE CARDS ***
Dealt to ba4780c8 
Dealt to fdf8b50f 
Dealt to 5d47f22 
Dealt to 44c2acdd 
Dealt to c7c852d9 
Dealt to Hero [9d Qs]
5d47f22: folds
44c2acdd: folds
c7c852d9: folds
Hero: raises $0.14 to $0.24
ba4780c8: folds
fdf8b50f: calls $0.14
*** FLOP *** [2d 4s 7c]
fdf8b50f: checks
Hero: checks
*** TURN *** [2d 4s 7c] [4c]
fdf8b50f: checks
Hero: checks
*** RIVER *** [2d 4s 7c 4c] [6h]
fdf8b50f: checks
Hero: checks
fdf8b50f: shows [8c As] (Pair of Fours)
Hero: shows [9d Qs] (Pair of Fours)
*** SHOWDOWN ***
fdf8b50f collected $0.51 from pot
*** SUMMARY ***
Total pot $0.53 | Rake $0.02 | Jackpot $0 | Bingo $0 | Fortune $0 | Tax $0
Board [2d 4s 7c 4c 6h]
Seat 1: ba4780c8 (small blind) folded before Flop
Seat 2: fdf8b50f (big blind) showed [8c As] and won ($0.51) with Pair of Fours
Seat 3: 5d47f22 folded before Flop (didn't bet)
Seat 4: 44c2acdd folded before Flop (didn't bet)
Seat 5: c7c852d9 folded before Flop (didn't bet)
Seat 6: Hero (button) showed [9d Qs] and lost with Pair of Fours


Poker Hand #HD1787367322: Hold'em No Limit ($0.05/$0.1) - 2024/05/25 17:14:53
Table 'NLHRed56' 6-max Seat #5 is the button
Seat 1: ba4780c8 ($10 in chips)
Seat 2: fdf8b50f ($12.65 in chips)
Seat 3: 5d47f22 ($10.15 in chips)
Seat 4: 44c2acdd ($12.48 in chips)
Seat 5: c7c852d9 ($13.39 in chips)
Seat 6: Hero ($10.37 in chips)
Hero: posts small blind $0.05
ba4780c8: posts big blind $0.1
*** HOLE CARDS ***
Dealt to ba4780c8 
Dealt to fdf8b50f 
Dealt to 5d47f22 
Dealt to 44c2acdd 
Dealt to c7c852d9 
Dealt to Hero [4s Qs]
fdf8b50f: raises $0.15 to $0.25
5d47f22: folds
44c2acdd: folds
c7c852d9: folds
Hero: folds
ba4780c8: calls $0.15
*** FLOP *** [Kd Kh 7s]
ba4780c8: checks
fdf8b50f: checks
*** TURN *** [Kd Kh 7s] [8s]
ba4780c8: checks
fdf8b50f: checks
*** RIVER *** [Kd Kh 7s 8s] [9c]
ba4780c8: checks
fdf8b50f: checks
ba4780c8: shows [Ac Tc] (Pair of Kings)
fdf8b50f: shows [Js Qd] (Pair of Kings)
*** SHOWDOWN ***
ba4780c8 collected $0.53 from pot
*** SUMMARY ***
Total pot $0.55 | Rake $0.02 | Jackpot $0 | Bingo $0 | Fortune $0 | Tax $0
Board [Kd Kh 7s 8s 9c]
Seat 1: ba4780c8 (big blind) showed [Ac Tc] and won ($0.53) with Pair of Kings
Seat 2: fdf8b50f showed [Js Qd] and lost with Pair of Kings
Seat 3: 5d47f22 folded before Flop (didn't bet)
Seat 4: 44c2acdd folded before Flop (didn't bet)
Seat 5: c7c852d9 (button) folded before Flop (didn't bet)
Seat 6: Hero (small blind) folded before Flop


Poker Hand #HD1787367309: Hold'em No Limit ($0.05/$0.1) - 2024/05/25 17:14:38
Table 'NLHRed56' 6-max Seat #4 is the button
Seat 1: ba4780c8 ($10 in chips)
Seat 2: fdf8b50f ($12.65 in chips)
Seat 3: 5d47f22 ($10 in chips)
Seat 4: 44c2acdd ($12.48 in chips)
Seat 5: c7c852d9 ($13.44 in chips)
Seat 6: Hero ($10.47 in chips)
c7c852d9: posts small blind $0.05
Hero: posts big blind $0.1
*** HOLE CARDS ***
Dealt to ba4780c8 
Dealt to fdf8b50f 
Dealt to 5d47f22 
Dealt to 44c2acdd 
Dealt to c7c852d9 
Dealt to Hero [Ts 3h]
ba4780c8: folds
fdf8b50f: folds
5d47f22: raises $0.1 to $0.2
44c2acdd: folds
c7c852d9: folds
Hero: folds
Uncalled bet ($0.1) returned to 5d47f22
*** SHOWDOWN ***
5d47f22 collected $0.25 from pot
*** SUMMARY ***
Total pot $0.25 | Rake $0 | Jackpot $0 | Bingo $0 | Fortune $0 | Tax $0
Seat 1: ba4780c8 folded before Flop (didn't bet)
Seat 2: fdf8b50f folded before Flop (didn't bet)
Seat 3: 5d47f22 collected ($0.25)
Seat 4: 44c2acdd (button) folded before Flop (didn't bet)
Seat 5: c7c852d9 (small blind) folded before Flop
Seat 6: Hero (big blind) folded before Flop


Poker Hand #HD1787367259: Hold'em No Limit ($0.05/$0.1) - 2024/05/25 17:13:49
Table 'NLHRed56' 6-max Seat #3 is the button
Seat 1: ba4780c8 ($10 in chips)
Seat 2: fdf8b50f ($12.65 in chips)
Seat 3: 5d47f22 ($10 in chips)
Seat 4: 44c2acdd ($12.73 in chips)
Seat 5: c7c852d9 ($12.97 in chips)
Seat 6: Hero ($10.47 in chips)
44c2acdd: posts small blind $0.05
c7c852d9: posts big blind $0.1
*** HOLE CARDS ***
Dealt to ba4780c8 
Dealt to fdf8b50f 
Dealt to 5d47f22 
Dealt to 44c2acdd 
Dealt to c7c852d9 
Dealt to Hero [As 6h]
Hero: folds
ba4780c8: folds
fdf8b50f: folds
5d47f22: raises $0.15 to $0.25
44c2acdd: calls $0.2
c7c852d9: raises $0.95 to $1.2
5d47f22: folds
44c2acdd: folds
Uncalled bet ($0.95) returned to c7c852d9
*** SHOWDOWN ***
c7c852d9 collected $0.72 from pot
*** SUMMARY ***
Total pot $0.75 | Rake $0.03 | Jackpot $0 | Bingo $0 | Fortune $0 | Tax $0
Seat 1: ba4780c8 folded before Flop (didn't bet)
Seat 2: fdf8b50f folded before Flop (didn't bet)
Seat 3: 5d47f22 (button) folded before Flop
Seat 4: 44c2acdd (small blind) folded before Flop
Seat 5: c7c852d9 (big blind) collected ($0.72)
Seat 6: Hero folded before Flop (didn't bet)


Poker Hand #HD1787367204: Hold'em No Limit ($0.05/$0.1) - 2024/05/25 17:13:00
Table 'NLHRed56' 6-max Seat #2 is the button
Seat 1: ba4780c8 ($10 in chips)
Seat 2: fdf8b50f ($12.65 in chips)
Seat 3: 5d47f22 ($10 in chips)
Seat 4: 44c2acdd ($11.69 in chips)
Seat 5: c7c852d9 ($14.07 in chips)
Seat 6: Hero ($10.47 in chips)
5d47f22: posts small blind $0.05
44c2acdd: posts big blind $0.1
*** HOLE CARDS ***
Dealt to ba4780c8 
Dealt to fdf8b50f 
Dealt to 5d47f22 
Dealt to 44c2acdd 
Dealt to c7c852d9 
Dealt to Hero [7h 5d]
c7c852d9: raises $0.15 to $0.25
Hero: folds
ba4780c8: folds
fdf8b50f: folds
5d47f22: folds
44c2acdd: raises $0.85 to $1.1
c7c852d9: calls $0.85
*** FLOP *** [9c 8c Ad]
44c2acdd: bets $0.75
c7c852d9: folds
Uncalled bet ($0.75) returned to 44c2acdd
*** SHOWDOWN ***
44c2acdd collected $2.14 from pot
*** SUMMARY ***
Total pot $2.25 | Rake $0.11 | Jackpot $0 | Bingo $0 | Fortune $0 | Tax $0
Board [9c 8c Ad]
Seat 1: ba4780c8 folded before Flop (didn't bet)
Seat 2: fdf8b50f (button) folded before Flop (didn't bet)
Seat 3: 5d47f22 (small blind) folded before Flop
Seat 4: 44c2acdd (big blind) won ($2.14)
Seat 5: c7c852d9 folded on the Flop
Seat 6: Hero folded before Flop (didn't bet)


Poker Hand #HD1787367141: Hold'em No Limit ($0.05/$0.1) - 2024/05/25 17:11:59
Table 'NLHRed56' 6-max Seat #1 is the button
Seat 1: ba4780c8 ($10 in chips)
Seat 2: fdf8b50f ($11.92 in chips)
Seat 3: 5d47f22 ($10 in chips)
Seat 4: 44c2acdd ($11.69 in chips)
Seat 5: c7c852d9 ($14.77 in chips)
Seat 6: Hero ($10.47 in chips)
fdf8b50f: posts small blind $0.05
5d47f22: posts big blind $0.1
*** HOLE CARDS ***
Dealt to ba4780c8 
Dealt to fdf8b50f 
Dealt to 5d47f22 
Dealt to 44c2acdd 
Dealt to c7c852d9 
Dealt to Hero [5d 4h]
44c2acdd: folds
c7c852d9: raises $0.15 to $0.25
Hero: folds
ba4780c8: folds
fdf8b50f: calls $0.2
5d47f22: folds
*** FLOP *** [Ts 4d Jh]
fdf8b50f: checks
c7c852d9: checks
*** TURN *** [Ts 4d Jh] [2d]
fdf8b50f: bets $0.45
c7c852d9: calls $0.45
*** RIVER *** [Ts 4d Jh 2d] [2c]
fdf8b50f: checks
c7c852d9: checks
fdf8b50f: shows [Js Ah] (Pair of Jacks and Pair of Twos)
c7c852d9: shows [Ks Th] (Pair of Tens and Pair of Twos)
*** SHOWDOWN ***
fdf8b50f collected $1.43 from pot
*** SUMMARY ***
Total pot $1.5 | Rake $0.07 | Jackpot $0 | Bingo $0 | Fortune $0 | Tax $0
Board [Ts 4d Jh 2d 2c]
Seat 1: ba4780c8 (button) folded before Flop (didn't bet)
Seat 2: fdf8b50f (small blind) showed [Js Ah] and won ($1.43) with Pair of Jacks and Pair of Twos
Seat 3: 5d47f22 (big blind) folded before Flop
Seat 4: 44c2acdd folded before Flop (didn't bet)
Seat 5: c7c852d9 showed [Ks Th] and lost with Pair of Tens and Pair of Twos
Seat 6: Hero folded before Flop (didn't bet)


Poker Hand #HD1787367067: Hold'em No Limit ($0.05/$0.1) - 2024/05/25 17:10:49
Table 'NLHRed56' 6-max Seat #6 is the button
Seat 1: ba4780c8 ($10.2 in chips)
Seat 2: fdf8b50f ($12.16 in chips)
Seat 3: 5d47f22 ($10 in chips)
Seat 4: 44c2acdd ($11.69 in chips)
Seat 5: c7c852d9 ($14.77 in chips)
Seat 6: Hero ($10.02 in chips)
ba4780c8: posts small blind $0.05
fdf8b50f: posts big blind $0.1
*** HOLE CARDS ***
Dealt to ba4780c8 
Dealt to fdf8b50f 
Dealt to 5d47f22 
Dealt to 44c2acdd 
Dealt to c7c852d9 
Dealt to Hero [Tc Ts]
5d47f22: folds
44c2acdd: folds
c7c852d9: folds
Hero: raises $0.14 to $0.24
ba4780c8: calls $0.19
fdf8b50f: calls $0.14
*** FLOP *** [8d Qd 4s]
ba4780c8: checks
fdf8b50f: checks
Hero: checks
*** TURN *** [8d Qd 4s] [3s]
ba4780c8: checks
fdf8b50f: checks
Hero: checks
*** RIVER *** [8d Qd 4s 3s] [4h]
ba4780c8: checks
fdf8b50f: checks
Hero: checks
ba4780c8: shows [2h 2c] (Pair of Fours and Pair of Twos)
fdf8b50f: shows [Jh Ac] (Pair of Fours)
Hero: shows [Tc Ts] (Pair of Tens and Pair of Fours)
*** SHOWDOWN ***
Hero collected $0.69 from pot
*** SUMMARY ***
Total pot $0.72 | Rake $0.03 | Jackpot $0 | Bingo $0 | Fortune $0 | Tax $0
Board [8d Qd 4s 3s 4h]
Seat 1: ba4780c8 (small blind) showed [2h 2c] and lost with Pair of Fours and Pair of Twos
Seat 2: fdf8b50f (big blind) showed [Jh Ac] and lost with Pair of Fours
Seat 3: 5d47f22 folded before Flop (didn't bet)
Seat 4: 44c2acdd folded before Flop (didn't bet)
Seat 5: c7c852d9 folded before Flop (didn't bet)
Seat 6: Hero (button) showed [Tc Ts] and won ($0.69) with Pair of Tens and Pair of Fours


Poker Hand #HD1787367039: Hold'em No Limit ($0.05/$0.1) - 2024/05/25 17:10:33
Table 'NLHRed56' 6-max Seat #5 is the button
Seat 1: ba4780c8 ($10.15 in chips)
Seat 2: fdf8b50f ($12.16 in chips)
Seat 3: 5d47f22 ($10 in chips)
Seat 4: 44c2acdd ($11.69 in chips)
Seat 5: c7c852d9 ($14.77 in chips)
Seat 6: Hero ($10.07 in chips)
Hero: posts small blind $0.05
ba4780c8: posts big blind $0.1
*** HOLE CARDS ***
Dealt to ba4780c8 
Dealt to fdf8b50f 
Dealt to 5d47f22 
Dealt to 44c2acdd 
Dealt to c7c852d9 
Dealt to Hero [4s Js]
fdf8b50f: folds
5d47f22: folds
44c2acdd: folds
c7c852d9: folds
Hero: folds
Uncalled bet ($0.05) returned to ba4780c8
*** SHOWDOWN ***
ba4780c8 collected $0.1 from pot
*** SUMMARY ***
Total pot $0.1 | Rake $0 | Jackpot $0 | Bingo $0 | Fortune $0 | Tax $0
Seat 1: ba4780c8 (big blind) collected ($0.1)
Seat 2: fdf8b50f folded before Flop (didn't bet)
Seat 3: 5d47f22 folded before Flop (didn't bet)
Seat 4: 44c2acdd folded before Flop (didn't bet)
Seat 5: c7c852d9 (button) folded before Flop (didn't bet)
Seat 6: Hero (small blind) folded before Flop


Poker Hand #HD1787367022: Hold'em No Limit ($0.05/$0.1) - 2024/05/25 17:10:18
Table 'NLHRed56' 6-max Seat #4 is the button
Seat 1: ba4780c8 ($10 in chips)
Seat 2: fdf8b50f ($12.16 in chips)
Seat 3: 5d47f22 ($10 in chips)
Seat 4: 44c2acdd ($11.69 in chips)
Seat 5: c7c852d9 ($14.82 in chips)
Seat 6: Hero ($10.17 in chips)
c7c852d9: posts small blind $0.05
Hero: posts big blind $0.1
*** HOLE CARDS ***
Dealt to ba4780c8 
Dealt to fdf8b50f 
Dealt to 5d47f22 
Dealt to 44c2acdd 
Dealt to c7c852d9 
Dealt to Hero [3s 5c]
ba4780c8: raises $0.15 to $0.25
fdf8b50f: folds
5d47f22: folds
44c2acdd: folds
c7c852d9: folds
Hero: folds
Uncalled bet ($0.15) returned to ba4780c8
*** SHOWDOWN ***
ba4780c8 collected $0.25 from pot
*** SUMMARY ***
Total pot $0.25 | Rake $0 | Jackpot $0 | Bingo $0 | Fortune $0 | Tax $0
Seat 1: ba4780c8 collected ($0.25)
Seat 2: fdf8b50f folded before Flop (didn't bet)
Seat 3: 5d47f22 folded before Flop (didn't bet)
Seat 4: 44c2acdd (button) folded before Flop (didn't bet)
Seat 5: c7c852d9 (small blind) folded before Flop
Seat 6: Hero (big blind) folded before Flop


Poker Hand #HD1787366996: Hold'em No Limit ($0.05/$0.1) - 2024/05/25 17:09:56
Table 'NLHRed56' 6-max Seat #3 is the button
Seat 1: ba4780c8 ($10 in chips)
Seat 2: fdf8b50f ($12.16 in chips)
Seat 3: 5d47f22 ($10 in chips)
Seat 4: 44c2acdd ($11.79 in chips)
Seat 5: c7c852d9 ($14.72 in chips)
Seat 6: Hero ($10.17 in chips)
44c2acdd: posts small blind $0.05
c7c852d9: posts big blind $0.1
*** HOLE CARDS ***
Dealt to ba4780c8 
Dealt to fdf8b50f 
Dealt to 5d47f22 
Dealt to 44c2acdd 
Dealt to c7c852d9 
Dealt to Hero [Jh 4h]
Hero: folds
ba4780c8: folds
fdf8b50f: folds
5d47f22: folds
44c2acdd: calls $0.05
c7c852d9: raises $0.2 to $0.3
44c2acdd: folds
Uncalled bet ($0.2) returned to c7c852d9
*** SHOWDOWN ***
c7c852d9 collected $0.2 from pot
*** SUMMARY ***
Total pot $0.2 | Rake $0 | Jackpot $0 | Bingo $0 | Fortune $0 | Tax $0
Seat 1: ba4780c8 folded before Flop (didn't bet)
Seat 2: fdf8b50f folded before Flop (didn't bet)
Seat 3: 5d47f22 (button) folded before Flop (didn't bet)
Seat 4: 44c2acdd (small blind) folded before Flop
Seat 5: c7c852d9 (big blind) collected ($0.2)
Seat 6: Hero folded before Flop (didn't bet)


Poker Hand #HD1787366918: Hold'em No Limit ($0.05/$0.1) - 2024/05/25 17:09:01
Table 'NLHRed56' 6-max Seat #2 is the button
Seat 1: ba4780c8 ($10 in chips)
Seat 2: fdf8b50f ($11.79 in chips)
Seat 3: 5d47f22 ($10 in chips)
Seat 4: 44c2acdd ($11.89 in chips)
Seat 5: c7c852d9 ($14.97 in chips)
Seat 6: Hero ($10.17 in chips)
5d47f22: posts small blind $0.05
44c2acdd: posts big blind $0.1
*** HOLE CARDS ***
Dealt to ba4780c8 
Dealt to fdf8b50f 
Dealt to 5d47f22 
Dealt to 44c2acdd 
Dealt to c7c852d9 
Dealt to Hero [Qs 7s]
c7c852d9: raises $0.15 to $0.25
Hero: folds
ba4780c8: folds
fdf8b50f: calls $0.25
5d47f22: folds
44c2acdd: folds
*** FLOP *** [5d 4c 3c]
c7c852d9: checks
fdf8b50f: bets $0.22
c7c852d9: folds
Uncalled bet ($0.22) returned to fdf8b50f
*** SHOWDOWN ***
fdf8b50f collected $0.62 from pot
*** SUMMARY ***
Total pot $0.65 | Rake $0.03 | Jackpot $0 | Bingo $0 | Fortune $0 | Tax $0
Board [5d 4c 3c]
Seat 1: ba4780c8 folded before Flop (didn't bet)
Seat 2: fdf8b50f (button) won ($0.62)
Seat 3: 5d47f22 (small blind) folded before Flop
Seat 4: 44c2acdd (big blind) folded before Flop
Seat 5: c7c852d9 folded on the Flop
Seat 6: Hero folded before Flop (didn't bet)


Poker Hand #HD1787366889: Hold'em No Limit ($0.05/$0.1) - 2024/05/25 17:08:38
Table 'NLHRed56' 6-max Seat #1 is the button
Seat 1: ba4780c8 ($10 in chips)
Seat 2: fdf8b50f ($11.69 in chips)
Seat 3: 5d47f22 ($10 in chips)
Seat 4: 44c2acdd ($11.89 in chips)
Seat 5: c7c852d9 ($14.97 in chips)
Seat 6: Hero ($10.17 in chips)
fdf8b50f: posts small blind $0.05
5d47f22: posts big blind $0.1
*** HOLE CARDS ***
Dealt to ba4780c8 
Dealt to fdf8b50f 
Dealt to 5d47f22 
Dealt to 44c2acdd 
Dealt to c7c852d9 
Dealt to Hero [Td 9s]
44c2acdd: folds
c7c852d9: folds
Hero: folds
ba4780c8: folds
fdf8b50f: raises $0.15 to $0.25
5d47f22: folds
Uncalled bet ($0.15) returned to fdf8b50f
*** SHOWDOWN ***
fdf8b50f collected $0.2 from pot
*** SUMMARY ***
Total pot $0.2 | Rake $0 | Jackpot $0 | Bingo $0 | Fortune $0 | Tax $0
Seat 1: ba4780c8 (button) folded before Flop (didn't bet)
Seat 2: fdf8b50f (small blind) collected ($0.2)
Seat 3: 5d47f22 (big blind) folded before Flop
Seat 4: 44c2acdd folded before Flop (didn't bet)
Seat 5: c7c852d9 folded before Flop (didn't bet)
Seat 6: Hero folded before Flop (didn't bet)


Poker Hand #HD1787366717: Hold'em No Limit ($0.05/$0.1) - 2024/05/25 17:06:20
Table 'NLHRed56' 6-max Seat #6 is the button
Seat 1: ba4780c8 ($10.05 in chips)
Seat 2: fdf8b50f ($11.79 in chips)
Seat 3: 5d47f22 ($10.1 in chips)
Seat 4: 44c2acdd ($11.89 in chips)
Seat 5: c7c852d9 ($12.02 in chips)
Seat 6: Hero ($10.17 in chips)
ba4780c8: posts small blind $0.05
fdf8b50f: posts big blind $0.1
*** HOLE CARDS ***
Dealt to ba4780c8 
Dealt to fdf8b50f 
Dealt to 5d47f22 
Dealt to 44c2acdd 
Dealt to c7c852d9 
Dealt to Hero [9s Td]
5d47f22: raises $0.1 to $0.2
44c2acdd: folds
c7c852d9: raises $0.6 to $0.8
Hero: folds
ba4780c8: folds
fdf8b50f: folds
5d47f22: raises $1.32 to $2.12
c7c852d9: calls $1.32
*** FLOP *** [5c 4s 3s]
5d47f22: bets $1.1
c7c852d9: calls $1.1
*** TURN *** [5c 4s 3s] [8s]
5d47f22: checks
c7c852d9: checks
*** RIVER *** [5c 4s 3s 8s] [9d]
5d47f22: checks
c7c852d9: bets $2.18
5d47f22: folds
Uncalled bet ($2.18) returned to c7c852d9
*** SHOWDOWN ***
c7c852d9 collected $6.17 from pot
*** SUMMARY ***
Total pot $6.59 | Rake $0.32 | Jackpot $0.1 | Bingo $0 | Fortune $0 | Tax $0
Board [5c 4s 3s 8s 9d]
Seat 1: ba4780c8 (small blind) folded before Flop
Seat 2: fdf8b50f (big blind) folded before Flop
Seat 3: 5d47f22 folded on the River
Seat 4: 44c2acdd folded before Flop (didn't bet)
Seat 5: c7c852d9 won ($6.17)
Seat 6: Hero (button) folded before Flop (didn't bet)


Poker Hand #HD1787366660: Hold'em No Limit ($0.05/$0.1) - 2024/05/25 17:05:44
Table 'NLHRed56' 6-max Seat #5 is the button
Seat 1: ba4780c8 ($10.3 in chips)
Seat 2: fdf8b50f ($11.51 in chips)
Seat 3: 5d47f22 ($10.1 in chips)
Seat 4: 44c2acdd ($11.89 in chips)
Seat 5: c7c852d9 ($12.02 in chips)
Seat 6: Hero ($10.22 in chips)
Hero: posts small blind $0.05
ba4780c8: posts big blind $0.1
*** HOLE CARDS ***
Dealt to ba4780c8 
Dealt to fdf8b50f 
Dealt to 5d47f22 
Dealt to 44c2acdd 
Dealt to c7c852d9 
Dealt to Hero [9h Kd]
fdf8b50f: raises $0.15 to $0.25
5d47f22: folds
44c2acdd: folds
c7c852d9: folds
Hero: folds
ba4780c8: calls $0.15
*** FLOP *** [6d 4d As]
ba4780c8: checks
fdf8b50f: bets $0.28
ba4780c8: folds
Uncalled bet ($0.28) returned to fdf8b50f
*** SHOWDOWN ***
fdf8b50f collected $0.53 from pot
*** SUMMARY ***
Total pot $0.55 | Rake $0.02 | Jackpot $0 | Bingo $0 | Fortune $0 | Tax $0
Board [6d 4d As]
Seat 1: ba4780c8 (big blind) folded on the Flop
Seat 2: fdf8b50f won ($0.53)
Seat 3: 5d47f22 folded before Flop (didn't bet)
Seat 4: 44c2acdd folded before Flop (didn't bet)
Seat 5: c7c852d9 (button) folded before Flop (didn't bet)
Seat 6: Hero (small blind) folded before Flop


Poker Hand #HD1787366588: Hold'em No Limit ($0.05/$0.1) - 2024/05/25 17:04:56
Table 'NLHRed56' 6-max Seat #4 is the button
Seat 1: ba4780c8 ($10.3 in chips)
Seat 2: fdf8b50f ($11.51 in chips)
Seat 3: 5d47f22 ($10.1 in chips)
Seat 4: 44c2acdd ($11.16 in chips)
Seat 5: c7c852d9 ($12.07 in chips)
Seat 6: Hero ($10.97 in chips)
c7c852d9: posts small blind $0.05
Hero: posts big blind $0.1
*** HOLE CARDS ***
Dealt to ba4780c8 
Dealt to fdf8b50f 
Dealt to 5d47f22 
Dealt to 44c2acdd 
Dealt to c7c852d9 
Dealt to Hero [Kh Th]
ba4780c8: folds
fdf8b50f: folds
5d47f22: folds
44c2acdd: raises $0.15 to $0.25
c7c852d9: folds
Hero: calls $0.15
*** FLOP *** [5d Qh Ks]
Hero: checks
44c2acdd: bets $0.19
Hero: calls $0.19
*** TURN *** [5d Qh Ks] [Ac]
Hero: checks
44c2acdd: bets $0.31
Hero: calls $0.31
*** RIVER *** [5d Qh Ks Ac] [6s]
Hero: checks
44c2acdd: checks
Hero: shows [Kh Th] (Pair of Kings)
44c2acdd: shows [Js Kd] (Pair of Kings)
*** SHOWDOWN ***
44c2acdd collected $1.48 from pot
*** SUMMARY ***
Total pot $1.55 | Rake $0.07 | Jackpot $0 | Bingo $0 | Fortune $0 | Tax $0
Board [5d Qh Ks Ac 6s]
Seat 1: ba4780c8 folded before Flop (didn't bet)
Seat 2: fdf8b50f folded before Flop (didn't bet)
Seat 3: 5d47f22 folded before Flop (didn't bet)
Seat 4: 44c2acdd (button) showed [Js Kd] and won ($1.48) with Pair of Kings
Seat 5: c7c852d9 (small blind) folded before Flop
Seat 6: Hero (big blind) showed [Kh Th] and lost with Pair of Kings


Poker Hand #HD1787366576: Hold'em No Limit ($0.05/$0.1) - 2024/05/25 17:04:43
Table 'NLHRed56' 6-max Seat #3 is the button
Seat 1: ba4780c8 ($10.15 in chips)
Seat 2: fdf8b50f ($11.51 in chips)
Seat 3: 5d47f22 ($10.1 in chips)
Seat 4: 44c2acdd ($11.21 in chips)
Seat 5: c7c852d9 ($12.17 in chips)
Seat 6: Hero ($10.97 in chips)
44c2acdd: posts small blind $0.05
c7c852d9: posts big blind $0.1
*** HOLE CARDS ***
Dealt to ba4780c8 
Dealt to fdf8b50f 
Dealt to 5d47f22 
Dealt to 44c2acdd 
Dealt to c7c852d9 
Dealt to Hero [Ks 3h]
Hero: folds
ba4780c8: raises $0.15 to $0.25
fdf8b50f: folds
5d47f22: folds
44c2acdd: folds
c7c852d9: folds
Uncalled bet ($0.15) returned to ba4780c8
*** SHOWDOWN ***
ba4780c8 collected $0.25 from pot
*** SUMMARY ***
Total pot $0.25 | Rake $0 | Jackpot $0 | Bingo $0 | Fortune $0 | Tax $0
Seat 1: ba4780c8 collected ($0.25)
Seat 2: fdf8b50f folded before Flop (didn't bet)
Seat 3: 5d47f22 (button) folded before Flop (didn't bet)
Seat 4: 44c2acdd (small blind) folded before Flop
Seat 5: c7c852d9 (big blind) folded before Flop
Seat 6: Hero folded before Flop (didn't bet)


Poker Hand #HD1787366556: Hold'em No Limit ($0.05/$0.1) - 2024/05/25 17:04:31
Table 'NLHRed56' 6-max Seat #2 is the button
Seat 1: ba4780c8 ($10.15 in chips)
Seat 2: fdf8b50f ($11.51 in chips)
Seat 3: 5d47f22 ($10 in chips)
Seat 4: 44c2acdd ($11.31 in chips)
Seat 5: c7c852d9 ($12.17 in chips)
Seat 6: Hero ($10.97 in chips)
5d47f22: posts small blind $0.05
44c2acdd: posts big blind $0.1
*** HOLE CARDS ***
Dealt to ba4780c8 
Dealt to fdf8b50f 
Dealt to 5d47f22 
Dealt to 44c2acdd 
Dealt to c7c852d9 
Dealt to Hero [8s 5c]
c7c852d9: folds
Hero: folds
ba4780c8: folds
fdf8b50f: folds
5d47f22: raises $0.2 to $0.3
44c2acdd: folds
Uncalled bet ($0.2) returned to 5d47f22
*** SHOWDOWN ***
5d47f22 collected $0.2 from pot
*** SUMMARY ***
Total pot $0.2 | Rake $0 | Jackpot $0 | Bingo $0 | Fortune $0 | Tax $0
Seat 1: ba4780c8 folded before Flop (didn't bet)
Seat 2: fdf8b50f (button) folded before Flop (didn't bet)
Seat 3: 5d47f22 (small blind) collected ($0.2)
Seat 4: 44c2acdd (big blind) folded before Flop
Seat 5: c7c852d9 folded before Flop (didn't bet)
Seat 6: Hero folded before Flop (didn't bet)


Poker Hand #HD1787366527: Hold'em No Limit ($0.05/$0.1) - 2024/05/25 17:04:05
Table 'NLHRed56' 6-max Seat #1 is the button
Seat 1: ba4780c8 ($10.15 in chips)
Seat 2: fdf8b50f ($11.41 in chips)
Seat 3: 5d47f22 ($10 in chips)
Seat 4: 44c2acdd ($11.31 in chips)
Seat 5: c7c852d9 ($12.17 in chips)
Seat 6: Hero ($10.97 in chips)
fdf8b50f: posts small blind $0.05
5d47f22: posts big blind $0.1
*** HOLE CARDS ***
Dealt to ba4780c8 
Dealt to fdf8b50f 
Dealt to 5d47f22 
Dealt to 44c2acdd 
Dealt to c7c852d9 
Dealt to Hero [Js 9c]
44c2acdd: folds
c7c852d9: folds
Hero: folds
ba4780c8: folds
fdf8b50f: raises $0.15 to $0.25
5d47f22: folds
Uncalled bet ($0.15) returned to fdf8b50f
*** SHOWDOWN ***
fdf8b50f collected $0.2 from pot
*** SUMMARY ***
Total pot $0.2 | Rake $0 | Jackpot $0 | Bingo $0 | Fortune $0 | Tax $0
Seat 1: ba4780c8 (button) folded before Flop (didn't bet)
Seat 2: fdf8b50f (small blind) collected ($0.2)
Seat 3: 5d47f22 (big blind) folded before Flop
Seat 4: 44c2acdd folded before Flop (didn't bet)
Seat 5: c7c852d9 folded before Flop (didn't bet)
Seat 6: Hero folded before Flop (didn't bet)


Poker Hand #HD1787366502: Hold'em No Limit ($0.05/$0.1) - 2024/05/25 17:03:48
Table 'NLHRed56' 6-max Seat #6 is the button
Seat 1: ba4780c8 ($10.05 in chips)
Seat 2: fdf8b50f ($11.51 in chips)
Seat 4: 44c2acdd ($11.31 in chips)
Seat 5: c7c852d9 ($12.17 in chips)
Seat 6: Hero ($10.97 in chips)
ba4780c8: posts small blind $0.05
fdf8b50f: posts big blind $0.1
*** HOLE CARDS ***
Dealt to ba4780c8 
Dealt to fdf8b50f 
Dealt to 44c2acdd 
Dealt to c7c852d9 
Dealt to Hero [8c Ts]
44c2acdd: folds
c7c852d9: folds
Hero: folds
ba4780c8: raises $0.35 to $0.45
fdf8b50f: folds
Uncalled bet ($0.35) returned to ba4780c8
*** SHOWDOWN ***
ba4780c8 collected $0.2 from pot
*** SUMMARY ***
Total pot $0.2 | Rake $0 | Jackpot $0 | Bingo $0 | Fortune $0 | Tax $0
Seat 1: ba4780c8 (small blind) collected ($0.2)
Seat 2: fdf8b50f (big blind) folded before Flop
Seat 4: 44c2acdd folded before Flop (didn't bet)
Seat 5: c7c852d9 folded before Flop (didn't bet)
Seat 6: Hero (button) folded before Flop (didn't bet)


Poker Hand #HD1787366488: Hold'em No Limit ($0.05/$0.1) - 2024/05/25 17:03:37
Table 'NLHRed56' 6-max Seat #5 is the button
Seat 1: ba4780c8 ($10 in chips)
Seat 2: fdf8b50f ($11.51 in chips)
Seat 4: 44c2acdd ($11.31 in chips)
Seat 5: c7c852d9 ($12.17 in chips)
Seat 6: Hero ($11.02 in chips)
Hero: posts small blind $0.05
ba4780c8: posts big blind $0.1
*** HOLE CARDS ***
Dealt to ba4780c8 
Dealt to fdf8b50f 
Dealt to 44c2acdd 
Dealt to c7c852d9 
Dealt to Hero [8c Ts]
fdf8b50f: folds
44c2acdd: folds
c7c852d9: folds
Hero: folds
Uncalled bet ($0.05) returned to ba4780c8
*** SHOWDOWN ***
ba4780c8 collected $0.1 from pot
*** SUMMARY ***
Total pot $0.1 | Rake $0 | Jackpot $0 | Bingo $0 | Fortune $0 | Tax $0
Seat 1: ba4780c8 (big blind) collected ($0.1)
Seat 2: fdf8b50f folded before Flop (didn't bet)
Seat 4: 44c2acdd folded before Flop (didn't bet)
Seat 5: c7c852d9 (button) folded before Flop (didn't bet)
Seat 6: Hero (small blind) folded before Flop


Poker Hand #HD1787366470: Hold'em No Limit ($0.05/$0.1) - 2024/05/25 17:03:25
Table 'NLHRed56' 6-max Seat #4 is the button
Seat 1: ba4780c8 ($10 in chips)
Seat 2: fdf8b50f ($11.36 in chips)
Seat 4: 44c2acdd ($11.31 in chips)
Seat 5: c7c852d9 ($12.22 in chips)
Seat 6: Hero ($11.12 in chips)
c7c852d9: posts small blind $0.05
Hero: posts big blind $0.1
*** HOLE CARDS ***
Dealt to ba4780c8 
Dealt to fdf8b50f 
Dealt to 44c2acdd 
Dealt to c7c852d9 
Dealt to Hero [6c 5d]
ba4780c8: folds
fdf8b50f: raises $0.15 to $0.25
44c2acdd: folds
c7c852d9: folds
Hero: folds
Uncalled bet ($0.15) returned to fdf8b50f
*** SHOWDOWN ***
fdf8b50f collected $0.25 from pot
*** SUMMARY ***
Total pot $0.25 | Rake $0 | Jackpot $0 | Bingo $0 | Fortune $0 | Tax $0
Seat 1: ba4780c8 folded before Flop (didn't bet)
Seat 2: fdf8b50f collected ($0.25)
Seat 4: 44c2acdd (button) folded before Flop (didn't bet)
Seat 5: c7c852d9 (small blind) folded before Flop
Seat 6: Hero (big blind) folded before Flop


Poker Hand #HD1787366360: Hold'em No Limit ($0.05/$0.1) - 2024/05/25 17:02:03
Table 'NLHRed56' 6-max Seat #2 is the button
Seat 1: ba4780c8 ($10.92 in chips)
Seat 2: fdf8b50f ($10 in chips)
Seat 4: 44c2acdd ($11.36 in chips)
Seat 5: c7c852d9 ($12.47 in chips)
Seat 6: Hero ($11.12 in chips)
44c2acdd: posts small blind $0.05
c7c852d9: posts big blind $0.1
*** HOLE CARDS ***
Dealt to ba4780c8 
Dealt to fdf8b50f 
Dealt to 44c2acdd 
Dealt to c7c852d9 
Dealt to Hero [5c Th]
Hero: folds
ba4780c8: raises $0.15 to $0.25
fdf8b50f: calls $0.25
44c2acdd: folds
c7c852d9: calls $0.15
*** FLOP *** [3h 3c Qh]
c7c852d9: checks
ba4780c8: bets $0.27
fdf8b50f: calls $0.27
c7c852d9: folds
*** TURN *** [3h 3c Qh] [2s]
ba4780c8: checks
fdf8b50f: bets $0.67
ba4780c8: calls $0.67
*** RIVER *** [3h 3c Qh 2s] [Jd]
ba4780c8: checks
fdf8b50f: checks
ba4780c8: shows [Kd Ah] (Pair of Treys)
fdf8b50f: shows [5s 5h] (Pair of Fives and Pair of Treys)
*** SHOWDOWN ***
fdf8b50f collected $2.55 from pot
*** SUMMARY ***
Total pot $2.68 | Rake $0.13 | Jackpot $0 | Bingo $0 | Fortune $0 | Tax $0
Board [3h 3c Qh 2s Jd]
Seat 1: ba4780c8 showed [Kd Ah] and lost with Pair of Treys
Seat 2: fdf8b50f (button) showed [5s 5h] and won ($2.55) with Pair of Fives and Pair of Treys
Seat 4: 44c2acdd (small blind) folded before Flop
Seat 5: c7c852d9 (big blind) folded on the Flop
Seat 6: Hero folded before Flop (didn't bet)


Poker Hand #HD1787366287: Hold'em No Limit ($0.05/$0.1) - 2024/05/25 17:01:08
Table 'NLHRed56' 6-max Seat #1 is the button
Seat 1: ba4780c8 ($10.92 in chips)
Seat 2: fdf8b50f ($10.05 in chips)
Seat 3: 274f60ca ($10 in chips)
Seat 4: 44c2acdd ($11.36 in chips)
Seat 5: c7c852d9 ($13.27 in chips)
Seat 6: Hero ($10.25 in chips)
fdf8b50f: posts small blind $0.05
274f60ca: posts big blind $0.1
*** HOLE CARDS ***
Dealt to ba4780c8 
Dealt to fdf8b50f 
Dealt to 274f60ca 
Dealt to 44c2acdd 
Dealt to c7c852d9 
Dealt to Hero [Ah Jc]
44c2acdd: folds
c7c852d9: raises $0.15 to $0.25
Hero: raises $0.55 to $0.8
ba4780c8: folds
fdf8b50f: folds
274f60ca: folds
c7c852d9: calls $0.55
*** FLOP *** [8s Ad Jd]
c7c852d9: checks
Hero: bets $0.7
c7c852d9: folds
Uncalled bet ($0.7) returned to Hero
*** SHOWDOWN ***
Hero collected $1.67 from pot
*** SUMMARY ***
Total pot $1.75 | Rake $0.08 | Jackpot $0 | Bingo $0 | Fortune $0 | Tax $0
Board [8s Ad Jd]
Seat 1: ba4780c8 (button) folded before Flop (didn't bet)
Seat 2: fdf8b50f (small blind) folded before Flop
Seat 3: 274f60ca (big blind) folded before Flop
Seat 4: 44c2acdd folded before Flop (didn't bet)
Seat 5: c7c852d9 folded on the Flop
Seat 6: Hero won ($1.67)


Poker Hand #HD1787366266: Hold'em No Limit ($0.05/$0.1) - 2024/05/25 17:00:53
Table 'NLHRed56' 6-max Seat #6 is the button
Seat 1: ba4780c8 ($10.97 in chips)
Seat 2: fdf8b50f ($10 in chips)
Seat 4: 44c2acdd ($11.36 in chips)
Seat 5: c7c852d9 ($13.27 in chips)
Seat 6: Hero ($10.25 in chips)
ba4780c8: posts small blind $0.05
fdf8b50f: posts big blind $0.1
*** HOLE CARDS ***
Dealt to ba4780c8 
Dealt to fdf8b50f 
Dealt to 44c2acdd 
Dealt to c7c852d9 
Dealt to Hero [8c Ah]
44c2acdd: folds
c7c852d9: folds
Hero: folds
ba4780c8: folds
Uncalled bet ($0.05) returned to fdf8b50f
*** SHOWDOWN ***
fdf8b50f collected $0.1 from pot
*** SUMMARY ***
Total pot $0.1 | Rake $0 | Jackpot $0 | Bingo $0 | Fortune $0 | Tax $0
Seat 1: ba4780c8 (small blind) folded before Flop
Seat 2: fdf8b50f (big blind) collected ($0.1)
Seat 4: 44c2acdd folded before Flop (didn't bet)
Seat 5: c7c852d9 folded before Flop (didn't bet)
Seat 6: Hero (button) folded before Flop (didn't bet)


Poker Hand #HD1787366251: Hold'em No Limit ($0.05/$0.1) - 2024/05/25 17:00:38
Table 'NLHRed56' 6-max Seat #5 is the button
Seat 1: ba4780c8 ($11.07 in chips)
Seat 2: fdf8b50f ($10 in chips)
Seat 4: 44c2acdd ($11.36 in chips)
Seat 5: c7c852d9 ($13.27 in chips)
Seat 6: Hero ($10.15 in chips)
Hero: posts small blind $0.05
ba4780c8: posts big blind $0.1
*** HOLE CARDS ***
Dealt to ba4780c8 
Dealt to fdf8b50f 
Dealt to 44c2acdd 
Dealt to c7c852d9 
Dealt to Hero [7s Js]
fdf8b50f: folds
44c2acdd: folds
c7c852d9: folds
Hero: raises $0.2 to $0.3
ba4780c8: folds
Uncalled bet ($0.2) returned to Hero
*** SHOWDOWN ***
Hero collected $0.2 from pot
*** SUMMARY ***
Total pot $0.2 | Rake $0 | Jackpot $0 | Bingo $0 | Fortune $0 | Tax $0
Seat 1: ba4780c8 (big blind) folded before Flop
Seat 2: fdf8b50f folded before Flop (didn't bet)
Seat 4: 44c2acdd folded before Flop (didn't bet)
Seat 5: c7c852d9 (button) folded before Flop (didn't bet)
Seat 6: Hero (small blind) collected ($0.2)


Poker Hand #HD1787366149: Hold'em No Limit ($0.05/$0.1) - 2024/05/25 16:59:24
Table 'NLHRed56' 6-max Seat #4 is the button
Seat 1: ba4780c8 ($11.32 in chips)
Seat 2: fdf8b50f ($10 in chips)
Seat 4: 44c2acdd ($10.75 in chips)
Seat 5: c7c852d9 ($13.32 in chips)
Seat 6: Hero ($10.25 in chips)
c7c852d9: posts small blind $0.05
Hero: posts big blind $0.1
*** HOLE CARDS ***
Dealt to ba4780c8 
Dealt to fdf8b50f 
Dealt to 44c2acdd 
Dealt to c7c852d9 
Dealt to Hero [Kc Js]
ba4780c8: raises $0.15 to $0.25
fdf8b50f: calls $0.25
44c2acdd: raises $1.1 to $1.35
c7c852d9: folds
Hero: folds
ba4780c8: folds
fdf8b50f: folds
Uncalled bet ($1.1) returned to 44c2acdd
*** SHOWDOWN ***
44c2acdd collected $0.86 from pot
*** SUMMARY ***
Total pot $0.9 | Rake $0.04 | Jackpot $0 | Bingo $0 | Fortune $0 | Tax $0
Seat 1: ba4780c8 folded before Flop
Seat 2: fdf8b50f folded before Flop
Seat 4: 44c2acdd (button) collected ($0.86)
Seat 5: c7c852d9 (small blind) folded before Flop
Seat 6: Hero (big blind) folded before Flop


Poker Hand #HD1787366107: Hold'em No Limit ($0.05/$0.1) - 2024/05/25 16:58:56
Table 'NLHRed56' 6-max Seat #2 is the button
Seat 1: ba4780c8 ($11.32 in chips)
Seat 2: fdf8b50f ($10 in chips)
Seat 4: 44c2acdd ($10.28 in chips)
Seat 5: c7c852d9 ($13.42 in chips)
Seat 6: Hero ($10.45 in chips)
44c2acdd: posts small blind $0.05
c7c852d9: posts big blind $0.1
*** HOLE CARDS ***
Dealt to ba4780c8 
Dealt to fdf8b50f 
Dealt to 44c2acdd 
Dealt to c7c852d9 
Dealt to Hero [Th Jh]
Hero: raises $0.1 to $0.2
ba4780c8: folds
fdf8b50f: calls $0.2
44c2acdd: raises $1.1 to $1.3
c7c852d9: folds
Hero: folds
fdf8b50f: folds
Uncalled bet ($1.1) returned to 44c2acdd
*** SHOWDOWN ***
44c2acdd collected $0.67 from pot
*** SUMMARY ***
Total pot $0.7 | Rake $0.03 | Jackpot $0 | Bingo $0 | Fortune $0 | Tax $0
Seat 1: ba4780c8 folded before Flop (didn't bet)
Seat 2: fdf8b50f (button) folded before Flop
Seat 4: 44c2acdd (small blind) collected ($0.67)
Seat 5: c7c852d9 (big blind) folded before Flop
Seat 6: Hero folded before Flop


Poker Hand #HD1787366072: Hold'em No Limit ($0.05/$0.1) - 2024/05/25 16:58:25
Table 'NLHRed56' 6-max Seat #1 is the button
Seat 1: ba4780c8 ($11.57 in chips)
Seat 2: fdf8b50f ($10 in chips)
Seat 4: 44c2acdd ($10 in chips)
Seat 5: c7c852d9 ($13.42 in chips)
Seat 6: Hero ($10.45 in chips)
fdf8b50f: posts small blind $0.05
44c2acdd: posts big blind $0.1
*** HOLE CARDS ***
Dealt to ba4780c8 
Dealt to fdf8b50f 
Dealt to 44c2acdd 
Dealt to c7c852d9 
Dealt to Hero [2s 6s]
c7c852d9: folds
Hero: folds
ba4780c8: raises $0.15 to $0.25
fdf8b50f: folds
44c2acdd: raises $0.75 to $1
ba4780c8: folds
Uncalled bet ($0.75) returned to 44c2acdd
*** SHOWDOWN ***
44c2acdd collected $0.53 from pot
*** SUMMARY ***
Total pot $0.55 | Rake $0.02 | Jackpot $0 | Bingo $0 | Fortune $0 | Tax $0
Seat 1: ba4780c8 (button) folded before Flop
Seat 2: fdf8b50f (small blind) folded before Flop
Seat 4: 44c2acdd (big blind) collected ($0.53)
Seat 5: c7c852d9 folded before Flop (didn't bet)
Seat 6: Hero folded before Flop (didn't bet)


Poker Hand #HD1787366002: Hold'em No Limit ($0.05/$0.1) - 2024/05/25 16:57:31
Table 'NLHRed56' 6-max Seat #6 is the button
Seat 1: ba4780c8 ($11.62 in chips)
Seat 2: fdf8b50f ($10 in chips)
Seat 4: 44c2acdd ($10 in chips)
Seat 5: c7c852d9 ($13.42 in chips)
Seat 6: Hero ($10 in chips)
ba4780c8: posts small blind $0.05
fdf8b50f: posts big blind $0.1
*** HOLE CARDS ***
Dealt to ba4780c8 
Dealt to fdf8b50f 
Dealt to 44c2acdd 
Dealt to c7c852d9 
Dealt to Hero [Js Ac]
44c2acdd: folds
c7c852d9: folds
Hero: raises $0.14 to $0.24
ba4780c8: folds
fdf8b50f: calls $0.14
*** FLOP *** [7h 6c Ah]
fdf8b50f: checks
Hero: bets $0.2
fdf8b50f: calls $0.2
*** TURN *** [7h 6c Ah] [Kc]
fdf8b50f: checks
Hero: bets $0.6
fdf8b50f: folds
Uncalled bet ($0.6) returned to Hero
*** SHOWDOWN ***
Hero collected $0.89 from pot
*** SUMMARY ***
Total pot $0.93 | Rake $0.04 | Jackpot $0 | Bingo $0 | Fortune $0 | Tax $0
Board [7h 6c Ah Kc]
Seat 1: ba4780c8 (small blind) folded before Flop
Seat 2: fdf8b50f (big blind) folded on the Turn
Seat 4: 44c2acdd folded before Flop (didn't bet)
Seat 5: c7c852d9 folded before Flop (didn't bet)
Seat 6: Hero (button) won ($0.89)


Poker Hand #HD1787365967: Hold'em No Limit ($0.05/$0.1) - 2024/05/25 16:56:58
Table 'NLHRed56' 6-max Seat #5 is the button
Seat 1: ba4780c8 ($11.87 in chips)
Seat 2: d63b0f15 ($11.52 in chips)
Seat 4: 44c2acdd ($10 in chips)
Seat 5: c7c852d9 ($13.14 in chips)
Seat 6: Hero ($10 in chips)
Hero: posts small blind $0.05
ba4780c8: posts big blind $0.1
*** HOLE CARDS ***
Dealt to ba4780c8 
Dealt to d63b0f15 
Dealt to 44c2acdd 
Dealt to c7c852d9 
Dealt to Hero [6h Kc]
d63b0f15: folds
44c2acdd: folds
c7c852d9: raises $0.15 to $0.25
Hero: folds
ba4780c8: calls $0.15
*** FLOP *** [2c Kd Js]
ba4780c8: checks
c7c852d9: bets $0.15
ba4780c8: folds
Uncalled bet ($0.15) returned to c7c852d9
*** SHOWDOWN ***
c7c852d9 collected $0.53 from pot
*** SUMMARY ***
Total pot $0.55 | Rake $0.02 | Jackpot $0 | Bingo $0 | Fortune $0 | Tax $0
Board [2c Kd Js]
Seat 1: ba4780c8 (big blind) folded on the Flop
Seat 2: d63b0f15 folded before Flop (didn't bet)
Seat 4: 44c2acdd folded before Flop (didn't bet)
Seat 5: c7c852d9 (button) won ($0.53)
Seat 6: Hero (small blind) folded before Flop


Poker Hand #HD1787365900: Hold'em No Limit ($0.05/$0.1) - 2024/05/25 16:56:06
Table 'NLHRed56' 6-max Seat #4 is the button
Seat 1: ba4780c8 ($11.87 in chips)
Seat 2: d63b0f15 ($11.33 in chips)
Seat 4: 44c2acdd ($10 in chips)
Seat 5: c7c852d9 ($13.24 in chips)
Seat 6: Hero ($10 in chips)
c7c852d9: posts small blind $0.05
Hero: posts big blind $0.1
*** HOLE CARDS ***
Dealt to ba4780c8 
Dealt to d63b0f15 
Dealt to 44c2acdd 
Dealt to c7c852d9 
Dealt to Hero [9d 7h]
ba4780c8: folds
d63b0f15: calls $0.1
44c2acdd: folds
c7c852d9: calls $0.05
Hero: checks
*** FLOP *** [2c 4h Ad]
c7c852d9: checks
Hero: checks
d63b0f15: checks
*** TURN *** [2c 4h Ad] [4d]
c7c852d9: checks
Hero: checks
d63b0f15: bets $0.15
c7c852d9: folds
Hero: folds
Uncalled bet ($0.15) returned to d63b0f15
*** SHOWDOWN ***
d63b0f15 collected $0.29 from pot
*** SUMMARY ***
Total pot $0.3 | Rake $0.01 | Jackpot $0 | Bingo $0 | Fortune $0 | Tax $0
Board [2c 4h Ad 4d]
Seat 1: ba4780c8 folded before Flop (didn't bet)
Seat 2: d63b0f15 won ($0.29)
Seat 4: 44c2acdd (button) folded before Flop (didn't bet)
Seat 5: c7c852d9 (small blind) folded on the Turn
Seat 6: Hero (big blind) folded on the Turn


Poker Hand #HD1787365840: Hold'em No Limit ($0.05/$0.1) - 2024/05/25 16:55:23
Table 'NLHRed56' 6-max Seat #2 is the button
Seat 1: ba4780c8 ($11.87 in chips)
Seat 2: d63b0f15 ($10.87 in chips)
Seat 4: 44c2acdd ($10 in chips)
Seat 5: c7c852d9 ($13.34 in chips)
Seat 6: Hero ($10 in chips)
44c2acdd: posts small blind $0.05
c7c852d9: posts big blind $0.1
*** HOLE CARDS ***
Dealt to ba4780c8 
Dealt to d63b0f15 
Dealt to 44c2acdd 
Dealt to c7c852d9 
Dealt to Hero [3h 2h]
Hero: folds
ba4780c8: folds
d63b0f15: calls $0.1
44c2acdd: raises $0.3 to $0.4
c7c852d9: folds
d63b0f15: calls $0.3
*** FLOP *** [6h Qs Td]
44c2acdd: checks
d63b0f15: bets $0.45
44c2acdd: folds
Uncalled bet ($0.45) returned to d63b0f15
*** SHOWDOWN ***
d63b0f15 collected $0.86 from pot
*** SUMMARY ***
Total pot $0.9 | Rake $0.04 | Jackpot $0 | Bingo $0 | Fortune $0 | Tax $0
Board [6h Qs Td]
Seat 1: ba4780c8 folded before Flop (didn't bet)
Seat 2: d63b0f15 (button) won ($0.86)
Seat 4: 44c2acdd (small blind) folded on the Flop
Seat 5: c7c852d9 (big blind) folded before Flop
Seat 6: Hero folded before Flop (didn't bet)


Poker Hand #HD1787365786: Hold'em No Limit ($0.05/$0.1) - 2024/05/25 16:54:37
Table 'NLHRed56' 6-max Seat #1 is the button
Seat 1: ba4780c8 ($13.02 in chips)
Seat 2: d63b0f15 ($9.74 in chips)
Seat 4: 44c2acdd ($10 in chips)
Seat 5: c7c852d9 ($13.34 in chips)
Seat 6: Hero ($10 in chips)
d63b0f15: posts small blind $0.05
44c2acdd: posts big blind $0.1
*** HOLE CARDS ***
Dealt to ba4780c8 
Dealt to d63b0f15 
Dealt to 44c2acdd 
Dealt to c7c852d9 
Dealt to Hero [Qh 4c]
c7c852d9: folds
Hero: folds
ba4780c8: raises $0.15 to $0.25
d63b0f15: calls $0.2
44c2acdd: folds
*** FLOP *** [6h 4s 2h]
d63b0f15: bets $0.3
ba4780c8: calls $0.3
*** TURN *** [6h 4s 2h] [Js]
d63b0f15: bets $0.6
ba4780c8: calls $0.6
*** RIVER *** [6h 4s 2h Js] [9d]
d63b0f15: bets $1.2
ba4780c8: folds
Uncalled bet ($1.2) returned to d63b0f15
*** SHOWDOWN ***
d63b0f15 collected $2.28 from pot
*** SUMMARY ***
Total pot $2.4 | Rake $0.12 | Jackpot $0 | Bingo $0 | Fortune $0 | Tax $0
Board [6h 4s 2h Js 9d]
Seat 1: ba4780c8 (button) folded on the River
Seat 2: d63b0f15 (small blind) won ($2.28)
Seat 4: 44c2acdd (big blind) folded before Flop
Seat 5: c7c852d9 folded before Flop (didn't bet)
Seat 6: Hero folded before Flop (didn't bet)


Poker Hand #HD1787365710: Hold'em No Limit ($0.05/$0.1) - 2024/05/25 16:53:44
Table 'NLHRed56' 6-max Seat #6 is the button
Seat 1: ba4780c8 ($13.07 in chips)
Seat 2: d63b0f15 ($10.64 in chips)
Seat 4: 44c2acdd ($10 in chips)
Seat 5: c7c852d9 ($12.29 in chips)
Seat 6: Hero ($10 in chips)
ba4780c8: posts small blind $0.05
d63b0f15: posts big blind $0.1
*** HOLE CARDS ***
Dealt to ba4780c8 
Dealt to d63b0f15 
Dealt to 44c2acdd 
Dealt to c7c852d9 
Dealt to Hero [5d 9d]
44c2acdd: raises $0.1 to $0.2
c7c852d9: raises $0.7 to $0.9
Hero: folds
ba4780c8: folds
d63b0f15: calls $0.8
44c2acdd: folds
*** FLOP *** [5h 2s Ad]
d63b0f15: checks
c7c852d9: bets $0.88
d63b0f15: folds
Uncalled bet ($0.88) returned to c7c852d9
*** SHOWDOWN ***
c7c852d9 collected $1.95 from pot
*** SUMMARY ***
Total pot $2.05 | Rake $0.1 | Jackpot $0 | Bingo $0 | Fortune $0 | Tax $0
Board [5h 2s Ad]
Seat 1: ba4780c8 (small blind) folded before Flop
Seat 2: d63b0f15 (big blind) folded on the Flop
Seat 4: 44c2acdd folded before Flop
Seat 5: c7c852d9 won ($1.95)
Seat 6: Hero (button) folded before Flop (didn't bet)


Poker Hand #HD1787365663: Hold'em No Limit ($0.05/$0.1) - 2024/05/25 16:53:08
Table 'NLHRed56' 6-max Seat #5 is the button
Seat 1: ba4780c8 ($13.32 in chips)
Seat 2: d63b0f15 ($10.64 in chips)
Seat 4: 44c2acdd ($10 in chips)
Seat 5: c7c852d9 ($12.01 in chips)
Seat 6: Hero ($10.01 in chips)
Hero: posts small blind $0.05
ba4780c8: posts big blind $0.1
*** HOLE CARDS ***
Dealt to ba4780c8 
Dealt to d63b0f15 
Dealt to 44c2acdd 
Dealt to c7c852d9 
Dealt to Hero [Tc 9d]
d63b0f15: folds
44c2acdd: folds
c7c852d9: raises $0.15 to $0.25
Hero: folds
ba4780c8: calls $0.15
*** FLOP *** [6h As 9h]
ba4780c8: checks
c7c852d9: bets $0.19
ba4780c8: folds
Uncalled bet ($0.19) returned to c7c852d9
*** SHOWDOWN ***
c7c852d9 collected $0.53 from pot
*** SUMMARY ***
Total pot $0.55 | Rake $0.02 | Jackpot $0 | Bingo $0 | Fortune $0 | Tax $0
Board [6h As 9h]
Seat 1: ba4780c8 (big blind) folded on the Flop
Seat 2: d63b0f15 folded before Flop (didn't bet)
Seat 4: 44c2acdd folded before Flop (didn't bet)
Seat 5: c7c852d9 (button) won ($0.53)
Seat 6: Hero (small blind) folded before Flop


Poker Hand #HD1787365646: Hold'em No Limit ($0.05/$0.1) - 2024/05/25 16:52:53
Table 'NLHRed56' 6-max Seat #4 is the button
Seat 1: ba4780c8 ($13.32 in chips)
Seat 2: d63b0f15 ($10.64 in chips)
Seat 4: 44c2acdd ($10 in chips)
Seat 5: c7c852d9 ($11.91 in chips)
Seat 6: Hero ($10.11 in chips)
c7c852d9: posts small blind $0.05
Hero: posts big blind $0.1
*** HOLE CARDS ***
Dealt to ba4780c8 
Dealt to d63b0f15 
Dealt to 44c2acdd 
Dealt to c7c852d9 
Dealt to Hero [8c 3d]
ba4780c8: folds
d63b0f15: folds
44c2acdd: folds
c7c852d9: raises $0.15 to $0.25
Hero: folds
Uncalled bet ($0.15) returned to c7c852d9
*** SHOWDOWN ***
c7c852d9 collected $0.2 from pot
*** SUMMARY ***
Total pot $0.2 | Rake $0 | Jackpot $0 | Bingo $0 | Fortune $0 | Tax $0
Seat 1: ba4780c8 folded before Flop (didn't bet)
Seat 2: d63b0f15 folded before Flop (didn't bet)
Seat 4: 44c2acdd (button) folded before Flop (didn't bet)
Seat 5: c7c852d9 (small blind) collected ($0.2)
Seat 6: Hero (big blind) folded before Flop


Poker Hand #HD1787235625: Hold'em No Limit ($0.05/$0.1) - 2024/05/25 16:52:39
Table 'NLHRed56' 6-max Seat #2 is the button
Seat 1: ba4780c8 ($13.32 in chips)
Seat 2: d63b0f15 ($10.64 in chips)
Seat 4: 44c2acdd ($10 in chips)
Seat 5: c7c852d9 ($11.86 in chips)
Seat 6: Hero ($10.11 in chips)
44c2acdd: posts small blind $0.05
c7c852d9: posts big blind $0.1
*** HOLE CARDS ***
Dealt to ba4780c8 
Dealt to d63b0f15 
Dealt to 44c2acdd 
Dealt to c7c852d9 
Dealt to Hero [4c Ts]
Hero: folds
ba4780c8: folds
d63b0f15: folds
44c2acdd: folds
Uncalled bet ($0.05) returned to c7c852d9
*** SHOWDOWN ***
c7c852d9 collected $0.1 from pot
*** SUMMARY ***
Total pot $0.1 | Rake $0 | Jackpot $0 | Bingo $0 | Fortune $0 | Tax $0
Seat 1: ba4780c8 folded before Flop (didn't bet)
Seat 2: d63b0f15 (button) folded before Flop (didn't bet)
Seat 4: 44c2acdd (small blind) folded before Flop
Seat 5: c7c852d9 (big blind) collected ($0.1)
Seat 6: Hero folded before Flop (didn't bet)


Poker Hand #HD1787235548: Hold'em No Limit ($0.05/$0.1) - 2024/05/25 16:51:42
Table 'NLHRed56' 6-max Seat #1 is the button
Seat 1: ba4780c8 ($13.57 in chips)
Seat 2: d63b0f15 ($10.89 in chips)
Seat 4: 44c2acdd ($10 in chips)
Seat 5: c7c852d9 ($11.16 in chips)
Seat 6: Hero ($10.11 in chips)
d63b0f15: posts small blind $0.05
44c2acdd: posts big blind $0.1
*** HOLE CARDS ***
Dealt to ba4780c8 
Dealt to d63b0f15 
Dealt to 44c2acdd 
Dealt to c7c852d9 
Dealt to Hero [Kd Ts]
c7c852d9: raises $0.15 to $0.25
Hero: folds
ba4780c8: calls $0.25
d63b0f15: calls $0.2
44c2acdd: calls $0.15
*** FLOP *** [3d 7s 9h]
d63b0f15: checks
44c2acdd: checks
c7c852d9: bets $0.45
ba4780c8: folds
d63b0f15: folds
44c2acdd: folds
Uncalled bet ($0.45) returned to c7c852d9
*** SHOWDOWN ***
c7c852d9 collected $0.95 from pot
*** SUMMARY ***
Total pot $1 | Rake $0.05 | Jackpot $0 | Bingo $0 | Fortune $0 | Tax $0
Board [3d 7s 9h]
Seat 1: ba4780c8 (button) folded on the Flop
Seat 2: d63b0f15 (small blind) folded on the Flop
Seat 4: 44c2acdd (big blind) folded on the Flop
Seat 5: c7c852d9 won ($0.95)
Seat 6: Hero folded before Flop (didn't bet)


Poker Hand #HD1787235528: Hold'em No Limit ($0.05/$0.1) - 2024/05/25 16:51:26
Table 'NLHRed56' 6-max Seat #6 is the button
Seat 1: ba4780c8 ($13.62 in chips)
Seat 2: d63b0f15 ($10.99 in chips)
Seat 4: 44c2acdd ($10 in chips)
Seat 5: c7c852d9 ($11.01 in chips)
Seat 6: Hero ($10.11 in chips)
ba4780c8: posts small blind $0.05
d63b0f15: posts big blind $0.1
*** HOLE CARDS ***
Dealt to ba4780c8 
Dealt to d63b0f15 
Dealt to 44c2acdd 
Dealt to c7c852d9 
Dealt to Hero [Ad 6c]
44c2acdd: folds
c7c852d9: raises $0.15 to $0.25
Hero: folds
ba4780c8: folds
d63b0f15: folds
Uncalled bet ($0.15) returned to c7c852d9
*** SHOWDOWN ***
c7c852d9 collected $0.25 from pot
*** SUMMARY ***
Total pot $0.25 | Rake $0 | Jackpot $0 | Bingo $0 | Fortune $0 | Tax $0
Seat 1: ba4780c8 (small blind) folded before Flop
Seat 2: d63b0f15 (big blind) folded before Flop
Seat 4: 44c2acdd folded before Flop (didn't bet)
Seat 5: c7c852d9 collected ($0.25)
Seat 6: Hero (button) folded before Flop (didn't bet)


Poker Hand #HD1787235459: Hold'em No Limit ($0.05/$0.1) - 2024/05/25 16:50:34
Table 'NLHRed56' 6-max Seat #5 is the button
Seat 1: ba4780c8 ($13.72 in chips)
Seat 2: d63b0f15 ($11.29 in chips)
Seat 4: 44c2acdd ($10 in chips)
Seat 5: c7c852d9 ($10.59 in chips)
Seat 6: Hero ($10.16 in chips)
Hero: posts small blind $0.05
ba4780c8: posts big blind $0.1
*** HOLE CARDS ***
Dealt to ba4780c8 
Dealt to d63b0f15 
Dealt to 44c2acdd 
Dealt to c7c852d9 
Dealt to Hero [Kd 2c]
d63b0f15: calls $0.1
44c2acdd: folds
c7c852d9: raises $0.2 to $0.3
Hero: folds
ba4780c8: folds
d63b0f15: calls $0.2
*** FLOP *** [2h 6h 5d]
d63b0f15: checks
c7c852d9: bets $0.38
d63b0f15: folds
Uncalled bet ($0.38) returned to c7c852d9
*** SHOWDOWN ***
c7c852d9 collected $0.72 from pot
*** SUMMARY ***
Total pot $0.75 | Rake $0.03 | Jackpot $0 | Bingo $0 | Fortune $0 | Tax $0
Board [2h 6h 5d]
Seat 1: ba4780c8 (big blind) folded before Flop
Seat 2: d63b0f15 folded on the Flop
Seat 4: 44c2acdd folded before Flop (didn't bet)
Seat 5: c7c852d9 (button) won ($0.72)
Seat 6: Hero (small blind) folded before Flop


Poker Hand #HD1787235434: Hold'em No Limit ($0.05/$0.1) - 2024/05/25 16:50:16
Table 'NLHRed56' 6-max Seat #4 is the button
Seat 1: ba4780c8 ($13.72 in chips)
Seat 2: d63b0f15 ($11.29 in chips)
Seat 4: 44c2acdd ($10 in chips)
Seat 5: c7c852d9 ($10.49 in chips)
Seat 6: Hero ($10.26 in chips)
c7c852d9: posts small blind $0.05
Hero: posts big blind $0.1
*** HOLE CARDS ***
Dealt to ba4780c8 
Dealt to d63b0f15 
Dealt to 44c2acdd 
Dealt to c7c852d9 
Dealt to Hero [Ks 2s]
ba4780c8: folds
d63b0f15: folds
44c2acdd: folds
c7c852d9: raises $0.15 to $0.25
Hero: folds
Uncalled bet ($0.15) returned to c7c852d9
*** SHOWDOWN ***
c7c852d9 collected $0.2 from pot
*** SUMMARY ***
Total pot $0.2 | Rake $0 | Jackpot $0 | Bingo $0 | Fortune $0 | Tax $0
Seat 1: ba4780c8 folded before Flop (didn't bet)
Seat 2: d63b0f15 folded before Flop (didn't bet)
Seat 4: 44c2acdd (button) folded before Flop (didn't bet)
Seat 5: c7c852d9 (small blind) collected ($0.2)
Seat 6: Hero (big blind) folded before Flop


Poker Hand #HD1787235330: Hold'em No Limit ($0.05/$0.1) - 2024/05/25 16:49:01
Table 'NLHRed56' 6-max Seat #2 is the button
Seat 1: ba4780c8 ($13.72 in chips)
Seat 2: d63b0f15 ($10.51 in chips)
Seat 4: 44c2acdd ($10 in chips)
Seat 5: c7c852d9 ($10.59 in chips)
Seat 6: Hero ($10.96 in chips)
44c2acdd: posts small blind $0.05
c7c852d9: posts big blind $0.1
*** HOLE CARDS ***
Dealt to ba4780c8 
Dealt to d63b0f15 
Dealt to 44c2acdd 
Dealt to c7c852d9 
Dealt to Hero [8c Jc]
Hero: raises $0.1 to $0.2
ba4780c8: folds
d63b0f15: raises $0.19 to $0.39
44c2acdd: folds
c7c852d9: folds
Hero: calls $0.19
*** FLOP *** [As 3c Qd]
Hero: checks
d63b0f15: checks
*** TURN *** [As 3c Qd] [2s]
Hero: bets $0.31
d63b0f15: calls $0.31
*** RIVER *** [As 3c Qd 2s] [3s]
Hero: checks
d63b0f15: checks
Hero: shows [8c Jc] (Pair of Treys)
d63b0f15: shows [4h Kh] (Pair of Treys)
*** SHOWDOWN ***
d63b0f15 collected $1.48 from pot
*** SUMMARY ***
Total pot $1.55 | Rake $0.07 | Jackpot $0 | Bingo $0 | Fortune $0 | Tax $0
Board [As 3c Qd 2s 3s]
Seat 1: ba4780c8 folded before Flop (didn't bet)
Seat 2: d63b0f15 (button) showed [4h Kh] and won ($1.48) with Pair of Treys
Seat 4: 44c2acdd (small blind) folded before Flop
Seat 5: c7c852d9 (big blind) folded before Flop
Seat 6: Hero showed [8c Jc] and lost with Pair of Treys


Poker Hand #HD1787235284: Hold'em No Limit ($0.05/$0.1) - 2024/05/25 16:48:24
Table 'NLHRed56' 6-max Seat #1 is the button
Seat 1: ba4780c8 ($13.97 in chips)
Seat 2: d63b0f15 ($10.19 in chips)
Seat 4: 44c2acdd ($10 in chips)
Seat 5: c7c852d9 ($10.59 in chips)
Seat 6: Hero ($10.96 in chips)
d63b0f15: posts small blind $0.05
44c2acdd: posts big blind $0.1
*** HOLE CARDS ***
Dealt to ba4780c8 
Dealt to d63b0f15 
Dealt to 44c2acdd 
Dealt to c7c852d9 
Dealt to Hero [4c 5s]
c7c852d9: folds
Hero: folds
ba4780c8: raises $0.15 to $0.25
d63b0f15: calls $0.2
44c2acdd: folds
*** FLOP *** [3s 2s 3c]
d63b0f15: bets $0.2
ba4780c8: folds
Uncalled bet ($0.2) returned to d63b0f15
*** SHOWDOWN ***
d63b0f15 collected $0.57 from pot
*** SUMMARY ***
Total pot $0.6 | Rake $0.03 | Jackpot $0 | Bingo $0 | Fortune $0 | Tax $0
Board [3s 2s 3c]
Seat 1: ba4780c8 (button) folded on the Flop
Seat 2: d63b0f15 (small blind) won ($0.57)
Seat 4: 44c2acdd (big blind) folded before Flop
Seat 5: c7c852d9 folded before Flop (didn't bet)
Seat 6: Hero folded before Flop (didn't bet)


Poker Hand #HD1787235221: Hold'em No Limit ($0.05/$0.1) - 2024/05/25 16:47:28
Table 'NLHRed56' 6-max Seat #6 is the button
Seat 1: ba4780c8 ($14.02 in chips)
Seat 2: d63b0f15 ($10 in chips)
Seat 4: 44c2acdd ($10 in chips)
Seat 5: c7c852d9 ($10.74 in chips)
Seat 6: Hero ($10.96 in chips)
ba4780c8: posts small blind $0.05
d63b0f15: posts big blind $0.1
c7c852d9: posts big blind $0.1
c7c852d9: posts missed blind $0.05
*** HOLE CARDS ***
Dealt to ba4780c8 
Dealt to d63b0f15 
Dealt to 44c2acdd 
Dealt to c7c852d9 
Dealt to Hero [4c As]
44c2acdd: folds
c7c852d9: checks
Hero: folds
ba4780c8: folds
d63b0f15: checks
*** FLOP *** [6c 9d 2c]
d63b0f15: checks
c7c852d9: checks
*** TURN *** [6c 9d 2c] [Qh]
d63b0f15: checks
c7c852d9: checks
*** RIVER *** [6c 9d 2c Qh] [5h]
d63b0f15: checks
c7c852d9: checks
d63b0f15: shows [2h 3c] (Pair of Twos)
c7c852d9: shows [7c 3d] (Queen-High)
*** SHOWDOWN ***
d63b0f15 collected $0.29 from pot
*** SUMMARY ***
Total pot $0.3 | Rake $0.01 | Jackpot $0 | Bingo $0 | Fortune $0 | Tax $0
Board [6c 9d 2c Qh 5h]
Seat 1: ba4780c8 (small blind) folded before Flop
Seat 2: d63b0f15 (big blind) showed [2h 3c] and won ($0.29) with Pair of Twos
Seat 4: 44c2acdd folded before Flop (didn't bet)
Seat 5: c7c852d9 showed [7c 3d] and lost with Queen-High
Seat 6: Hero (button) folded before Flop (didn't bet)


Poker Hand #HD1787235202: Hold'em No Limit ($0.05/$0.1) - 2024/05/25 16:47:16
Table 'NLHRed56' 6-max Seat #4 is the button
Seat 1: ba4780c8 ($13.97 in chips)
Seat 4: 44c2acdd ($10 in chips)
Seat 6: Hero ($11.01 in chips)
Hero: posts small blind $0.05
ba4780c8: posts big blind $0.1
*** HOLE CARDS ***
Dealt to ba4780c8 
Dealt to 44c2acdd 
Dealt to Hero [2c Tc]
44c2acdd: folds
Hero: folds
Uncalled bet ($0.05) returned to ba4780c8
*** SHOWDOWN ***
ba4780c8 collected $0.1 from pot
*** SUMMARY ***
Total pot $0.1 | Rake $0 | Jackpot $0 | Bingo $0 | Fortune $0 | Tax $0
Seat 1: ba4780c8 (big blind) collected ($0.1)
Seat 4: 44c2acdd (button) folded before Flop (didn't bet)
Seat 6: Hero (small blind) folded before Flop


Poker Hand #HD1787235152: Hold'em No Limit ($0.05/$0.1) - 2024/05/25 16:46:33
Table 'NLHRed56' 6-max Seat #1 is the button
Seat 1: ba4780c8 ($13.65 in chips)
Seat 4: 44c2acdd ($10 in chips)
Seat 6: Hero ($11.31 in chips)
44c2acdd: posts small blind $0.05
Hero: posts big blind $0.1
*** HOLE CARDS ***
Dealt to ba4780c8 
Dealt to 44c2acdd 
Dealt to Hero [Kc 7c]
ba4780c8: raises $0.2 to $0.3
44c2acdd: folds
Hero: calls $0.2
*** FLOP *** [5h 9s Tc]
Hero: checks
ba4780c8: bets $0.33
Hero: folds
Uncalled bet ($0.33) returned to ba4780c8
*** SHOWDOWN ***
ba4780c8 collected $0.62 from pot
*** SUMMARY ***
Total pot $0.65 | Rake $0.03 | Jackpot $0 | Bingo $0 | Fortune $0 | Tax $0
Board [5h 9s Tc]
Seat 1: ba4780c8 (button) won ($0.62)
Seat 4: 44c2acdd (small blind) folded before Flop
Seat 6: Hero (big blind) folded on the Flop


Poker Hand #HD1787235112: Hold'em No Limit ($0.05/$0.1) - 2024/05/25 16:45:57
Table 'NLHRed56' 6-max Seat #6 is the button
Seat 1: ba4780c8 ($13.7 in chips)
Seat 4: 44c2acdd ($10.05 in chips)
Seat 6: Hero ($10.99 in chips)
ba4780c8: posts small blind $0.05
44c2acdd: posts big blind $0.1
*** HOLE CARDS ***
Dealt to ba4780c8 
Dealt to 44c2acdd 
Dealt to Hero [Qs As]
Hero: raises $0.2 to $0.3
ba4780c8: folds
44c2acdd: calls $0.2
*** FLOP *** [Qd 9h 7s]
44c2acdd: checks
Hero: bets $0.22
44c2acdd: folds
Uncalled bet ($0.22) returned to Hero
*** SHOWDOWN ***
Hero collected $0.62 from pot
*** SUMMARY ***
Total pot $0.65 | Rake $0.03 | Jackpot $0 | Bingo $0 | Fortune $0 | Tax $0
Board [Qd 9h 7s]
Seat 1: ba4780c8 (small blind) folded before Flop
Seat 4: 44c2acdd (big blind) folded on the Flop
Seat 6: Hero (button) won ($0.62)


Poker Hand #HD1787235077: Hold'em No Limit ($0.05/$0.1) - 2024/05/25 16:45:31
Table 'NLHRed56' 6-max Seat #4 is the button
Seat 1: ba4780c8 ($13.7 in chips)
Seat 2: 23a9695f ($18.06 in chips)
Seat 4: 44c2acdd ($10.05 in chips)
Seat 5: c7c852d9 ($10.79 in chips)
Seat 6: Hero ($10.94 in chips)
c7c852d9: posts small blind $0.05
Hero: posts big blind $0.1
*** HOLE CARDS ***
Dealt to ba4780c8 
Dealt to 23a9695f 
Dealt to 44c2acdd 
Dealt to c7c852d9 
Dealt to Hero [Ks 8s]
ba4780c8: folds
23a9695f: folds
44c2acdd: folds
c7c852d9: folds
Uncalled bet ($0.05) returned to Hero
*** SHOWDOWN ***
Hero collected $0.1 from pot
*** SUMMARY ***
Total pot $0.1 | Rake $0 | Jackpot $0 | Bingo $0 | Fortune $0 | Tax $0
Seat 1: ba4780c8 folded before Flop (didn't bet)
Seat 2: 23a9695f folded before Flop (didn't bet)
Seat 4: 44c2acdd (button) folded before Flop (didn't bet)
Seat 5: c7c852d9 (small blind) folded before Flop
Seat 6: Hero (big blind) collected ($0.1)


Poker Hand #HD1787235032: Hold'em No Limit ($0.05/$0.1) - 2024/05/25 16:44:51
Table 'NLHRed56' 6-max Seat #2 is the button
Seat 1: ba4780c8 ($11.72 in chips)
Seat 2: 23a9695f ($18.06 in chips)
Seat 3: eb148f92 ($2.2 in chips)
Seat 4: 44c2acdd ($10.15 in chips)
Seat 5: c7c852d9 ($10.79 in chips)
Seat 6: Hero ($10.94 in chips)
eb148f92: posts small blind $0.05
44c2acdd: posts big blind $0.1
*** HOLE CARDS ***
Dealt to ba4780c8 
Dealt to 23a9695f 
Dealt to eb148f92 
Dealt to 44c2acdd 
Dealt to c7c852d9 
Dealt to Hero [Kd 7s]
c7c852d9: folds
Hero: folds
ba4780c8: raises $0.2 to $0.3
23a9695f: folds
eb148f92: raises $0.35 to $0.65
44c2acdd: folds
ba4780c8: raises $2.05 to $2.7
eb148f92: calls $1.55 and is all-in
Uncalled bet ($0.5) returned to ba4780c8
ba4780c8: shows [Th Tc]
eb148f92: shows [9s 9c]
*** FLOP *** [4s Td Ts]
*** TURN *** [4s Td Ts] [5d]
*** RIVER *** [4s Td Ts 5d] [2h]
*** SHOWDOWN ***
ba4780c8 collected $4.18 from pot
*** SUMMARY ***
Total pot $4.5 | Rake $0.22 | Jackpot $0.1 | Bingo $0 | Fortune $0 | Tax $0
Board [4s Td Ts 5d 2h]
Seat 1: ba4780c8 showed [Th Tc] and won ($4.18) with Four Tens
Seat 2: 23a9695f (button) folded before Flop (didn't bet)
Seat 3: eb148f92 (small blind) showed [9s 9c] and lost with Pair of Tens and Pair of Nines
Seat 4: 44c2acdd (big blind) folded before Flop
Seat 5: c7c852d9 folded before Flop (didn't bet)
Seat 6: Hero folded before Flop (didn't bet)


Poker Hand #HD1787234984: Hold'em No Limit ($0.05/$0.1) - 2024/05/25 16:44:14
Table 'NLHRed56' 6-max Seat #1 is the button
Seat 1: ba4780c8 ($11.17 in chips)
Seat 2: 23a9695f ($18.11 in chips)
Seat 3: eb148f92 ($2.3 in chips)
Seat 4: 44c2acdd ($10.15 in chips)
Seat 5: c7c852d9 ($10.79 in chips)
Seat 6: Hero ($11.39 in chips)
23a9695f: posts small blind $0.05
eb148f92: posts big blind $0.1
*** HOLE CARDS ***
Dealt to ba4780c8 
Dealt to 23a9695f 
Dealt to eb148f92 
Dealt to 44c2acdd 
Dealt to c7c852d9 
Dealt to Hero [Ah 9d]
44c2acdd: folds
c7c852d9: folds
Hero: raises $0.14 to $0.24
ba4780c8: calls $0.24
23a9695f: folds
eb148f92: folds
*** FLOP *** [2h 7c Ks]
Hero: bets $0.21
ba4780c8: raises $0.64 to $0.85
Hero: folds
Uncalled bet ($0.64) returned to ba4780c8
*** SHOWDOWN ***
ba4780c8 collected $1 from pot
*** SUMMARY ***
Total pot $1.05 | Rake $0.05 | Jackpot $0 | Bingo $0 | Fortune $0 | Tax $0
Board [2h 7c Ks]
Seat 1: ba4780c8 (button) won ($1)
Seat 2: 23a9695f (small blind) folded before Flop
Seat 3: eb148f92 (big blind) folded before Flop
Seat 4: 44c2acdd folded before Flop (didn't bet)
Seat 5: c7c852d9 folded before Flop (didn't bet)
Seat 6: Hero folded on the Flop


Poker Hand #HD1787234962: Hold'em No Limit ($0.05/$0.1) - 2024/05/25 16:43:53
Table 'NLHRed56' 6-max Seat #6 is the button
Seat 1: ba4780c8 ($11.22 in chips)
Seat 2: 23a9695f ($18.21 in chips)
Seat 3: eb148f92 ($2.3 in chips)
Seat 4: 44c2acdd ($10 in chips)
Seat 5: c7c852d9 ($10.79 in chips)
Seat 6: Hero ($11.39 in chips)
ba4780c8: posts small blind $0.05
23a9695f: posts big blind $0.1
*** HOLE CARDS ***
Dealt to ba4780c8 
Dealt to 23a9695f 
Dealt to eb148f92 
Dealt to 44c2acdd 
Dealt to c7c852d9 
Dealt to Hero [Qh Ts]
eb148f92: folds
44c2acdd: raises $0.15 to $0.25
c7c852d9: folds
Hero: folds
ba4780c8: folds
23a9695f: folds
Uncalled bet ($0.15) returned to 44c2acdd
*** SHOWDOWN ***
44c2acdd collected $0.25 from pot
*** SUMMARY ***
Total pot $0.25 | Rake $0 | Jackpot $0 | Bingo $0 | Fortune $0 | Tax $0
Seat 1: ba4780c8 (small blind) folded before Flop
Seat 2: 23a9695f (big blind) folded before Flop
Seat 3: eb148f92 folded before Flop (didn't bet)
Seat 4: 44c2acdd collected ($0.25)
Seat 5: c7c852d9 folded before Flop (didn't bet)
Seat 6: Hero (button) folded before Flop (didn't bet)


Poker Hand #HD1787234850: Hold'em No Limit ($0.05/$0.1) - 2024/05/25 16:42:25
Table 'NLHRed56' 6-max Seat #5 is the button
Seat 1: ba4780c8 ($10.37 in chips)
Seat 2: 23a9695f ($18.21 in chips)
Seat 3: eb148f92 ($2.3 in chips)
Seat 4: 44c2acdd ($10 in chips)
Seat 5: c7c852d9 ($11.41 in chips)
Seat 6: Hero ($11.44 in chips)
Hero: posts small blind $0.05
ba4780c8: posts big blind $0.1
*** HOLE CARDS ***
Dealt to ba4780c8 
Dealt to 23a9695f 
Dealt to eb148f92 
Dealt to 44c2acdd 
Dealt to c7c852d9 
Dealt to Hero [Qd 7h]
23a9695f: folds
eb148f92: folds
44c2acdd: raises $0.15 to $0.25
c7c852d9: calls $0.25
Hero: folds
ba4780c8: calls $0.15
*** FLOP *** [Kc Js 4d]
ba4780c8: checks
44c2acdd: checks
c7c852d9: bets $0.37
ba4780c8: raises $1.16 to $1.53
44c2acdd: folds
c7c852d9: folds
Uncalled bet ($1.16) returned to ba4780c8
*** SHOWDOWN ***
ba4780c8 collected $1.47 from pot
*** SUMMARY ***
Total pot $1.54 | Rake $0.07 | Jackpot $0 | Bingo $0 | Fortune $0 | Tax $0
Board [Kc Js 4d]
Seat 1: ba4780c8 (big blind) won ($1.47)
Seat 2: 23a9695f folded before Flop (didn't bet)
Seat 3: eb148f92 folded before Flop (didn't bet)
Seat 4: 44c2acdd folded on the Flop
Seat 5: c7c852d9 (button) folded on the Flop
Seat 6: Hero (small blind) folded before Flop


Poker Hand #HD1787234810: Hold'em No Limit ($0.05/$0.1) - 2024/05/25 16:41:55
Table 'NLHRed56' 6-max Seat #4 is the button
Seat 1: ba4780c8 ($10.37 in chips)
Seat 2: 23a9695f ($18.21 in chips)
Seat 3: eb148f92 ($2.3 in chips)
Seat 4: 44c2acdd ($10 in chips)
Seat 5: c7c852d9 ($11.66 in chips)
Seat 6: Hero ($10.97 in chips)
c7c852d9: posts small blind $0.05
Hero: posts big blind $0.1
*** HOLE CARDS ***
Dealt to ba4780c8 
Dealt to 23a9695f 
Dealt to eb148f92 
Dealt to 44c2acdd 
Dealt to c7c852d9 
Dealt to Hero [Qh Qs]
ba4780c8: folds
23a9695f: folds
eb148f92: folds
44c2acdd: raises $0.15 to $0.25
c7c852d9: calls $0.2
Hero: raises $0.95 to $1.2
44c2acdd: folds
c7c852d9: folds
Uncalled bet ($0.95) returned to Hero
*** SHOWDOWN ***
Hero collected $0.72 from pot
*** SUMMARY ***
Total pot $0.75 | Rake $0.03 | Jackpot $0 | Bingo $0 | Fortune $0 | Tax $0
Seat 1: ba4780c8 folded before Flop (didn't bet)
Seat 2: 23a9695f folded before Flop (didn't bet)
Seat 3: eb148f92 folded before Flop (didn't bet)
Seat 4: 44c2acdd (button) folded before Flop
Seat 5: c7c852d9 (small blind) folded before Flop
Seat 6: Hero (big blind) collected ($0.72)


Poker Hand #HD1787234749: Hold'em No Limit ($0.05/$0.1) - 2024/05/25 16:41:01
Table 'NLHRed56' 6-max Seat #3 is the button
Seat 1: ba4780c8 ($10.37 in chips)
Seat 2: 23a9695f ($18.21 in chips)
Seat 3: eb148f92 ($1.97 in chips)
Seat 4: 44c2acdd ($10.05 in chips)
Seat 5: c7c852d9 ($11.76 in chips)
Seat 6: Hero ($11.17 in chips)
44c2acdd: posts small blind $0.05
c7c852d9: posts big blind $0.1
*** HOLE CARDS ***
Dealt to ba4780c8 
Dealt to 23a9695f 
Dealt to eb148f92 
Dealt to 44c2acdd 
Dealt to c7c852d9 
Dealt to Hero [Kd Td]
Hero: raises $0.1 to $0.2
ba4780c8: folds
23a9695f: folds
eb148f92: calls $0.2
44c2acdd: folds
c7c852d9: folds
*** FLOP *** [5h 3s 2c]
Hero: checks
eb148f92: bets $0.28
Hero: folds
Uncalled bet ($0.28) returned to eb148f92
*** SHOWDOWN ***
eb148f92 collected $0.53 from pot
*** SUMMARY ***
Total pot $0.55 | Rake $0.02 | Jackpot $0 | Bingo $0 | Fortune $0 | Tax $0
Board [5h 3s 2c]
Seat 1: ba4780c8 folded before Flop (didn't bet)
Seat 2: 23a9695f folded before Flop (didn't bet)
Seat 3: eb148f92 (button) won ($0.53)
Seat 4: 44c2acdd (small blind) folded before Flop
Seat 5: c7c852d9 (big blind) folded before Flop
Seat 6: Hero folded on the Flop


Poker Hand #HD1787234710: Hold'em No Limit ($0.05/$0.1) - 2024/05/25 16:40:37
Table 'NLHRed56' 6-max Seat #2 is the button
Seat 1: ba4780c8 ($10.37 in chips)
Seat 2: 23a9695f ($18.21 in chips)
Seat 3: eb148f92 ($2.02 in chips)
Seat 4: 44c2acdd ($10 in chips)
Seat 5: c7c852d9 ($11.76 in chips)
Seat 6: Hero ($11.17 in chips)
eb148f92: posts small blind $0.05
44c2acdd: posts big blind $0.1
*** HOLE CARDS ***
Dealt to ba4780c8 
Dealt to 23a9695f 
Dealt to eb148f92 
Dealt to 44c2acdd 
Dealt to c7c852d9 
Dealt to Hero [Qh 9d]
c7c852d9: folds
Hero: folds
ba4780c8: folds
23a9695f: folds
eb148f92: folds
Uncalled bet ($0.05) returned to 44c2acdd
*** SHOWDOWN ***
44c2acdd collected $0.1 from pot
*** SUMMARY ***
Total pot $0.1 | Rake $0 | Jackpot $0 | Bingo $0 | Fortune $0 | Tax $0
Seat 1: ba4780c8 folded before Flop (didn't bet)
Seat 2: 23a9695f (button) folded before Flop (didn't bet)
Seat 3: eb148f92 (small blind) folded before Flop
Seat 4: 44c2acdd (big blind) collected ($0.1)
Seat 5: c7c852d9 folded before Flop (didn't bet)
Seat 6: Hero folded before Flop (didn't bet)


Poker Hand #HD1787234650: Hold'em No Limit ($0.05/$0.1) - 2024/05/25 16:39:47
Table 'NLHRed56' 6-max Seat #1 is the button
Seat 1: ba4780c8 ($10 in chips)
Seat 2: 23a9695f ($18.26 in chips)
Seat 3: eb148f92 ($2.12 in chips)
Seat 4: 44c2acdd ($10 in chips)
Seat 5: c7c852d9 ($12.01 in chips)
Seat 6: Hero ($11.17 in chips)
23a9695f: posts small blind $0.05
eb148f92: posts big blind $0.1
*** HOLE CARDS ***
Dealt to ba4780c8 
Dealt to 23a9695f 
Dealt to eb148f92 
Dealt to 44c2acdd 
Dealt to c7c852d9 
Dealt to Hero [As 5d]
44c2acdd: folds
c7c852d9: raises $0.15 to $0.25
Hero: folds
ba4780c8: calls $0.25
23a9695f: folds
eb148f92: folds
*** FLOP *** [Qh 9d 4s]
c7c852d9: checks
ba4780c8: checks
*** TURN *** [Qh 9d 4s] [Ks]
c7c852d9: checks
ba4780c8: checks
*** RIVER *** [Qh 9d 4s Ks] [8s]
c7c852d9: checks
ba4780c8: checks
c7c852d9: shows [6c Ac] (Ace-High)
ba4780c8: shows [3s 3d] (Pair of Treys)
*** SHOWDOWN ***
ba4780c8 collected $0.62 from pot
*** SUMMARY ***
Total pot $0.65 | Rake $0.03 | Jackpot $0 | Bingo $0 | Fortune $0 | Tax $0
Board [Qh 9d 4s Ks 8s]
Seat 1: ba4780c8 (button) showed [3s 3d] and won ($0.62) with Pair of Treys
Seat 2: 23a9695f (small blind) folded before Flop
Seat 3: eb148f92 (big blind) folded before Flop
Seat 4: 44c2acdd folded before Flop (didn't bet)
Seat 5: c7c852d9 showed [6c Ac] and lost with Ace-High
Seat 6: Hero folded before Flop (didn't bet)


Poker Hand #HD1787234625: Hold'em No Limit ($0.05/$0.1) - 2024/05/25 16:39:27
Table 'NLHRed56' 6-max Seat #6 is the button
Seat 1: ba4780c8 ($10.05 in chips)
Seat 2: 23a9695f ($18.36 in chips)
Seat 3: eb148f92 ($1.97 in chips)
Seat 4: 44c2acdd ($10 in chips)
Seat 5: c7c852d9 ($12.01 in chips)
Seat 6: Hero ($11.17 in chips)
ba4780c8: posts small blind $0.05
23a9695f: posts big blind $0.1
*** HOLE CARDS ***
Dealt to ba4780c8 
Dealt to 23a9695f 
Dealt to eb148f92 
Dealt to 44c2acdd 
Dealt to c7c852d9 
Dealt to Hero [Th Jd]
eb148f92: raises $0.2 to $0.3
44c2acdd: folds
c7c852d9: folds
Hero: folds
ba4780c8: folds
23a9695f: folds
Uncalled bet ($0.2) returned to eb148f92
*** SHOWDOWN ***
eb148f92 collected $0.25 from pot
*** SUMMARY ***
Total pot $0.25 | Rake $0 | Jackpot $0 | Bingo $0 | Fortune $0 | Tax $0
Seat 1: ba4780c8 (small blind) folded before Flop
Seat 2: 23a9695f (big blind) folded before Flop
Seat 3: eb148f92 collected ($0.25)
Seat 4: 44c2acdd folded before Flop (didn't bet)
Seat 5: c7c852d9 folded before Flop (didn't bet)
Seat 6: Hero (button) folded before Flop (didn't bet)


Poker Hand #HD1787234610: Hold'em No Limit ($0.05/$0.1) - 2024/05/25 16:39:15
Table 'NLHRed56' 6-max Seat #5 is the button
Seat 1: ba4780c8 ($10 in chips)
Seat 2: 23a9695f ($18.36 in chips)
Seat 3: eb148f92 ($1.97 in chips)
Seat 4: 44c2acdd ($10 in chips)
Seat 5: c7c852d9 ($12.01 in chips)
Seat 6: Hero ($11.22 in chips)
Hero: posts small blind $0.05
ba4780c8: posts big blind $0.1
*** HOLE CARDS ***
Dealt to ba4780c8 
Dealt to 23a9695f 
Dealt to eb148f92 
Dealt to 44c2acdd 
Dealt to c7c852d9 
Dealt to Hero [9s 3c]
23a9695f: folds
eb148f92: folds
44c2acdd: folds
c7c852d9: folds
Hero: folds
Uncalled bet ($0.05) returned to ba4780c8
*** SHOWDOWN ***
ba4780c8 collected $0.1 from pot
*** SUMMARY ***
Total pot $0.1 | Rake $0 | Jackpot $0 | Bingo $0 | Fortune $0 | Tax $0
Seat 1: ba4780c8 (big blind) collected ($0.1)
Seat 2: 23a9695f folded before Flop (didn't bet)
Seat 3: eb148f92 folded before Flop (didn't bet)
Seat 4: 44c2acdd folded before Flop (didn't bet)
Seat 5: c7c852d9 (button) folded before Flop (didn't bet)
Seat 6: Hero (small blind) folded before Flop


Poker Hand #HD1787234582: Hold'em No Limit ($0.05/$0.1) - 2024/05/25 16:38:51
Table 'NLHRed56' 6-max Seat #4 is the button
Seat 1: ba4780c8 ($10 in chips)
Seat 2: 23a9695f ($18.12 in chips)
Seat 3: eb148f92 ($2.07 in chips)
Seat 4: 44c2acdd ($10 in chips)
Seat 5: c7c852d9 ($12.06 in chips)
Seat 6: Hero ($11.32 in chips)
c7c852d9: posts small blind $0.05
Hero: posts big blind $0.1
eb148f92: posts big blind $0.1
*** HOLE CARDS ***
Dealt to ba4780c8 
Dealt to 23a9695f 
Dealt to eb148f92 
Dealt to 44c2acdd 
Dealt to c7c852d9 
Dealt to Hero [5h 8s]
ba4780c8: folds
23a9695f: raises $0.3 to $0.4
eb148f92: folds
44c2acdd: folds
c7c852d9: folds
Hero: folds
Uncalled bet ($0.3) returned to 23a9695f
*** SHOWDOWN ***
23a9695f collected $0.34 from pot
*** SUMMARY ***
Total pot $0.35 | Rake $0.01 | Jackpot $0 | Bingo $0 | Fortune $0 | Tax $0
Seat 1: ba4780c8 folded before Flop (didn't bet)
Seat 2: 23a9695f collected ($0.34)
Seat 3: eb148f92 folded before Flop
Seat 4: 44c2acdd (button) folded before Flop (didn't bet)
Seat 5: c7c852d9 (small blind) folded before Flop
Seat 6: Hero (big blind) folded before Flop


Poker Hand #HD1787234536: Hold'em No Limit ($0.05/$0.1) - 2024/05/25 16:38:12
Table 'NLHRed56' 6-max Seat #2 is the button
Seat 1: ba4780c8 ($10 in chips)
Seat 2: 23a9695f ($18.12 in chips)
Seat 4: 44c2acdd ($10 in chips)
Seat 5: c7c852d9 ($12.16 in chips)
Seat 6: Hero ($10.32 in chips)
44c2acdd: posts small blind $0.05
c7c852d9: posts big blind $0.1
*** HOLE CARDS ***
Dealt to ba4780c8 
Dealt to 23a9695f 
Dealt to 44c2acdd 
Dealt to c7c852d9 
Dealt to Hero [Ad Kh]
Hero: raises $0.14 to $0.24
ba4780c8: folds
23a9695f: folds
44c2acdd: raises $0.76 to $1
c7c852d9: folds
Hero: raises $1.5 to $2.5
44c2acdd: folds
Uncalled bet ($1.5) returned to Hero
*** SHOWDOWN ***
Hero collected $2 from pot
*** SUMMARY ***
Total pot $2.1 | Rake $0.1 | Jackpot $0 | Bingo $0 | Fortune $0 | Tax $0
Seat 1: ba4780c8 folded before Flop (didn't bet)
Seat 2: 23a9695f (button) folded before Flop (didn't bet)
Seat 4: 44c2acdd (small blind) folded before Flop
Seat 5: c7c852d9 (big blind) folded before Flop
Seat 6: Hero collected ($2)


Poker Hand #HD1787234514: Hold'em No Limit ($0.05/$0.1) - 2024/05/25 16:37:55
Table 'NLHRed56' 6-max Seat #1 is the button
Seat 1: ba4780c8 ($10 in chips)
Seat 2: 23a9695f ($18.17 in chips)
Seat 4: 44c2acdd ($10 in chips)
Seat 5: c7c852d9 ($12.01 in chips)
Seat 6: Hero ($10.32 in chips)
23a9695f: posts small blind $0.05
44c2acdd: posts big blind $0.1
*** HOLE CARDS ***
Dealt to ba4780c8 
Dealt to 23a9695f 
Dealt to 44c2acdd 
Dealt to c7c852d9 
Dealt to Hero [Jd 5s]
c7c852d9: raises $0.15 to $0.25
Hero: folds
ba4780c8: folds
23a9695f: folds
44c2acdd: folds
Uncalled bet ($0.15) returned to c7c852d9
*** SHOWDOWN ***
c7c852d9 collected $0.25 from pot
*** SUMMARY ***
Total pot $0.25 | Rake $0 | Jackpot $0 | Bingo $0 | Fortune $0 | Tax $0
Seat 1: ba4780c8 (button) folded before Flop (didn't bet)
Seat 2: 23a9695f (small blind) folded before Flop
Seat 4: 44c2acdd (big blind) folded before Flop
Seat 5: c7c852d9 collected ($0.25)
Seat 6: Hero folded before Flop (didn't bet)


Poker Hand #HD1787234478: Hold'em No Limit ($0.05/$0.1) - 2024/05/25 16:37:24
Table 'NLHRed56' 6-max Seat #6 is the button
Seat 1: ba4780c8 ($10.05 in chips)
Seat 2: 23a9695f ($18.27 in chips)
Seat 3: 2b89dc58 ($11.66 in chips)
Seat 4: 44c2acdd ($10 in chips)
Seat 5: c7c852d9 ($11.86 in chips)
Seat 6: Hero ($10.32 in chips)
ba4780c8: posts small blind $0.05
23a9695f: posts big blind $0.1
*** HOLE CARDS ***
Dealt to ba4780c8 
Dealt to 23a9695f 
Dealt to 2b89dc58 
Dealt to 44c2acdd 
Dealt to c7c852d9 
Dealt to Hero [9c 3c]
2b89dc58: folds
44c2acdd: folds
c7c852d9: raises $0.15 to $0.25
Hero: folds
ba4780c8: folds
23a9695f: folds
Uncalled bet ($0.15) returned to c7c852d9
*** SHOWDOWN ***
c7c852d9 collected $0.25 from pot
*** SUMMARY ***
Total pot $0.25 | Rake $0 | Jackpot $0 | Bingo $0 | Fortune $0 | Tax $0
Seat 1: ba4780c8 (small blind) folded before Flop
Seat 2: 23a9695f (big blind) folded before Flop
Seat 3: 2b89dc58 folded before Flop (didn't bet)
Seat 4: 44c2acdd folded before Flop (didn't bet)
Seat 5: c7c852d9 collected ($0.25)
Seat 6: Hero (button) folded before Flop (didn't bet)


Poker Hand #HD1787234423: Hold'em No Limit ($0.05/$0.1) - 2024/05/25 16:36:43
Table 'NLHRed56' 6-max Seat #5 is the button
Seat 1: ba4780c8 ($10.15 in chips)
Seat 2: 23a9695f ($18.27 in chips)
Seat 3: 2b89dc58 ($11.66 in chips)
Seat 4: 44c2acdd ($10 in chips)
Seat 5: c7c852d9 ($12.11 in chips)
Seat 6: Hero ($10 in chips)
Hero: posts small blind $0.05
ba4780c8: posts big blind $0.1
*** HOLE CARDS ***
Dealt to ba4780c8 
Dealt to 23a9695f 
Dealt to 2b89dc58 
Dealt to 44c2acdd 
Dealt to c7c852d9 
Dealt to Hero [Th Ts]
23a9695f: folds
2b89dc58: folds
44c2acdd: folds
c7c852d9: raises $0.15 to $0.25
Hero: raises $0.75 to $1
ba4780c8: folds
c7c852d9: folds
Uncalled bet ($0.75) returned to Hero
*** SHOWDOWN ***
Hero collected $0.57 from pot
*** SUMMARY ***
Total pot $0.6 | Rake $0.03 | Jackpot $0 | Bingo $0 | Fortune $0 | Tax $0
Seat 1: ba4780c8 (big blind) folded before Flop
Seat 2: 23a9695f folded before Flop (didn't bet)
Seat 3: 2b89dc58 folded before Flop (didn't bet)
Seat 4: 44c2acdd folded before Flop (didn't bet)
Seat 5: c7c852d9 (button) folded before Flop
Seat 6: Hero (small blind) collected ($0.57)


Poker Hand #HD1787234312: Hold'em No Limit ($0.05/$0.1) - 2024/05/25 16:35:14
Table 'NLHRed56' 6-max Seat #4 is the button
Seat 1: ba4780c8 ($10.15 in chips)
Seat 2: 23a9695f ($18.27 in chips)
Seat 3: 2b89dc58 ($13.39 in chips)
Seat 4: 44c2acdd ($10 in chips)
Seat 5: c7c852d9 ($10.55 in chips)
Seat 6: Hero ($10 in chips)
c7c852d9: posts small blind $0.05
Hero: posts big blind $0.1
*** HOLE CARDS ***
Dealt to ba4780c8 
Dealt to 23a9695f 
Dealt to 2b89dc58 
Dealt to 44c2acdd 
Dealt to c7c852d9 
Dealt to Hero [4c Qd]
ba4780c8: folds
23a9695f: folds
2b89dc58: raises $0.12 to $0.22
44c2acdd: folds
c7c852d9: raises $0.62 to $0.84
Hero: folds
2b89dc58: calls $0.62
*** FLOP *** [6h 8s Ad]
c7c852d9: checks
2b89dc58: checks
*** TURN *** [6h 8s Ad] [Kc]
c7c852d9: checks
2b89dc58: bets $0.89
c7c852d9: raises $1.29 to $2.18
2b89dc58: folds
Uncalled bet ($1.29) returned to c7c852d9
*** SHOWDOWN ***
c7c852d9 collected $3.29 from pot
*** SUMMARY ***
Total pot $3.56 | Rake $0.17 | Jackpot $0.1 | Bingo $0 | Fortune $0 | Tax $0
Board [6h 8s Ad Kc]
Seat 1: ba4780c8 folded before Flop (didn't bet)
Seat 2: 23a9695f folded before Flop (didn't bet)
Seat 3: 2b89dc58 folded on the Turn
Seat 4: 44c2acdd (button) folded before Flop (didn't bet)
Seat 5: c7c852d9 (small blind) won ($3.29)
Seat 6: Hero (big blind) folded before Flop


Poker Hand #HD1787234294: Hold'em No Limit ($0.05/$0.1) - 2024/05/25 16:35:01
Table 'NLHRed56' 6-max Seat #3 is the button
Seat 1: ba4780c8 ($10.15 in chips)
Seat 2: 23a9695f ($18.27 in chips)
Seat 3: 2b89dc58 ($13.39 in chips)
Seat 4: 44c2acdd ($10 in chips)
Seat 5: c7c852d9 ($10.5 in chips)
Seat 6: Hero ($10 in chips)
44c2acdd: posts small blind $0.05
c7c852d9: posts big blind $0.1
*** HOLE CARDS ***
Dealt to ba4780c8 
Dealt to 23a9695f 
Dealt to 2b89dc58 
Dealt to 44c2acdd 
Dealt to c7c852d9 
Dealt to Hero [6h Qd]
Hero: folds
ba4780c8: folds
23a9695f: folds
2b89dc58: folds
44c2acdd: folds
Uncalled bet ($0.05) returned to c7c852d9
*** SHOWDOWN ***
c7c852d9 collected $0.1 from pot
*** SUMMARY ***
Total pot $0.1 | Rake $0 | Jackpot $0 | Bingo $0 | Fortune $0 | Tax $0
Seat 1: ba4780c8 folded before Flop (didn't bet)
Seat 2: 23a9695f folded before Flop (didn't bet)
Seat 3: 2b89dc58 (button) folded before Flop (didn't bet)
Seat 4: 44c2acdd (small blind) folded before Flop
Seat 5: c7c852d9 (big blind) collected ($0.1)
Seat 6: Hero folded before Flop (didn't bet)


Poker Hand #HD1787234193: Hold'em No Limit ($0.05/$0.1) - 2024/05/25 16:33:35
Table 'NLHRed56' 6-max Seat #2 is the button
Seat 1: ba4780c8 ($10.15 in chips)
Seat 2: 23a9695f ($18.29 in chips)
Seat 3: 2b89dc58 ($13.44 in chips)
Seat 4: 44c2acdd ($10 in chips)
Seat 5: c7c852d9 ($10.5 in chips)
Seat 6: Hero ($10 in chips)
2b89dc58: posts small blind $0.05
44c2acdd: posts big blind $0.1
*** HOLE CARDS ***
Dealt to ba4780c8 
Dealt to 23a9695f 
Dealt to 2b89dc58 
Dealt to 44c2acdd 
Dealt to c7c852d9 
Dealt to Hero [2s Ac]
c7c852d9: folds
Hero: folds
ba4780c8: folds
23a9695f: raises $0.1 to $0.2
2b89dc58: folds
44c2acdd: calls $0.1
*** FLOP *** [Td Qs 8d]
44c2acdd: checks
23a9695f: bets $0.15
44c2acdd: calls $0.15
*** TURN *** [Td Qs 8d] [2d]
44c2acdd: checks
23a9695f: checks
*** RIVER *** [Td Qs 8d 2d] [Js]
44c2acdd: bets $0.57
23a9695f: calls $0.57
44c2acdd: shows [9h 9d] (Queens-High Straight)
23a9695f: shows [9c 7c] (Queens-High Straight)
*** SHOWDOWN ***
44c2acdd collected $0.91 from pot
23a9695f collected $0.9 from pot
*** SUMMARY ***
Total pot $1.89 | Rake $0.08 | Jackpot $0 | Bingo $0 | Fortune $0 | Tax $0
Board [Td Qs 8d 2d Js]
Seat 1: ba4780c8 folded before Flop (didn't bet)
Seat 2: 23a9695f (button) showed [9c 7c] and won ($0.9) with Queens-High Straight
Seat 3: 2b89dc58 (small blind) folded before Flop
Seat 4: 44c2acdd (big blind) showed [9h 9d] and won ($0.91) with Queens-High Straight
Seat 5: c7c852d9 folded before Flop (didn't bet)
Seat 6: Hero folded before Flop (didn't bet)


Poker Hand #HD1787234164: Hold'em No Limit ($0.05/$0.1) - 2024/05/25 16:33:13
Table 'NLHRed56' 6-max Seat #1 is the button
Seat 1: ba4780c8 ($10 in chips)
Seat 2: 23a9695f ($18.34 in chips)
Seat 3: 2b89dc58 ($13.54 in chips)
Seat 4: 44c2acdd ($10 in chips)
Seat 5: c7c852d9 ($10.5 in chips)
Seat 6: Hero ($10 in chips)
23a9695f: posts small blind $0.05
2b89dc58: posts big blind $0.1
*** HOLE CARDS ***
Dealt to ba4780c8 
Dealt to 23a9695f 
Dealt to 2b89dc58 
Dealt to 44c2acdd 
Dealt to c7c852d9 
Dealt to Hero [2s 9d]
44c2acdd: folds
c7c852d9: folds
Hero: folds
ba4780c8: raises $0.15 to $0.25
23a9695f: folds
2b89dc58: folds
Uncalled bet ($0.15) returned to ba4780c8
*** SHOWDOWN ***
ba4780c8 collected $0.25 from pot
*** SUMMARY ***
Total pot $0.25 | Rake $0 | Jackpot $0 | Bingo $0 | Fortune $0 | Tax $0
Seat 1: ba4780c8 (button) collected ($0.25)
Seat 2: 23a9695f (small blind) folded before Flop
Seat 3: 2b89dc58 (big blind) folded before Flop
Seat 4: 44c2acdd folded before Flop (didn't bet)
Seat 5: c7c852d9 folded before Flop (didn't bet)
Seat 6: Hero folded before Flop (didn't bet)


Poker Hand #HD1787234125: Hold'em No Limit ($0.05/$0.1) - 2024/05/25 16:32:41
Table 'NLHRed56' 6-max Seat #6 is the button
Seat 1: ba4780c8 ($10.05 in chips)
Seat 2: 23a9695f ($18.44 in chips)
Seat 3: 2b89dc58 ($13.39 in chips)
Seat 4: 44c2acdd ($10 in chips)
Seat 5: c7c852d9 ($10.5 in chips)
Seat 6: Hero ($10 in chips)
ba4780c8: posts small blind $0.05
23a9695f: posts big blind $0.1
*** HOLE CARDS ***
Dealt to ba4780c8 
Dealt to 23a9695f 
Dealt to 2b89dc58 
Dealt to 44c2acdd 
Dealt to c7c852d9 
Dealt to Hero [7d 5d]
2b89dc58: raises $0.12 to $0.22
44c2acdd: folds
c7c852d9: folds
Hero: folds
ba4780c8: folds
23a9695f: folds
Uncalled bet ($0.12) returned to 2b89dc58
*** SHOWDOWN ***
2b89dc58 collected $0.25 from pot
*** SUMMARY ***
Total pot $0.25 | Rake $0 | Jackpot $0 | Bingo $0 | Fortune $0 | Tax $0
Seat 1: ba4780c8 (small blind) folded before Flop
Seat 2: 23a9695f (big blind) folded before Flop
Seat 3: 2b89dc58 collected ($0.25)
Seat 4: 44c2acdd folded before Flop (didn't bet)
Seat 5: c7c852d9 folded before Flop (didn't bet)
Seat 6: Hero (button) folded before Flop (didn't bet)


Poker Hand #HD1787234103: Hold'em No Limit ($0.05/$0.1) - 2024/05/25 16:32:25
Table 'NLHRed56' 6-max Seat #5 is the button
Seat 1: ba4780c8 ($10.15 in chips)
Seat 2: 23a9695f ($18.44 in chips)
Seat 3: 2b89dc58 ($13.24 in chips)
Seat 4: 44c2acdd ($10 in chips)
Seat 5: c7c852d9 ($10.5 in chips)
Seat 6: Hero ($10 in chips)
Hero: posts small blind $0.05
ba4780c8: posts big blind $0.1
*** HOLE CARDS ***
Dealt to ba4780c8 
Dealt to 23a9695f 
Dealt to 2b89dc58 
Dealt to 44c2acdd 
Dealt to c7c852d9 
Dealt to Hero [5h Kd]
23a9695f: folds
2b89dc58: raises $0.12 to $0.22
44c2acdd: folds
c7c852d9: folds
Hero: folds
ba4780c8: folds
Uncalled bet ($0.12) returned to 2b89dc58
*** SHOWDOWN ***
2b89dc58 collected $0.25 from pot
*** SUMMARY ***
Total pot $0.25 | Rake $0 | Jackpot $0 | Bingo $0 | Fortune $0 | Tax $0
Seat 1: ba4780c8 (big blind) folded before Flop
Seat 2: 23a9695f folded before Flop (didn't bet)
Seat 3: 2b89dc58 collected ($0.25)
Seat 4: 44c2acdd folded before Flop (didn't bet)
Seat 5: c7c852d9 (button) folded before Flop (didn't bet)
Seat 6: Hero (small blind) folded before Flop


Poker Hand #HD1787234074: Hold'em No Limit ($0.05/$0.1) - 2024/05/25 16:32:05
Table 'NLHRed56' 6-max Seat #4 is the button
Seat 1: ba4780c8 ($10 in chips)
Seat 2: 23a9695f ($18.44 in chips)
Seat 3: 2b89dc58 ($13.24 in chips)
Seat 4: 44c2acdd ($10 in chips)
Seat 5: c7c852d9 ($10.55 in chips)
Seat 6: Hero ($10 in chips)
c7c852d9: posts small blind $0.05
Hero: posts big blind $0.1
*** HOLE CARDS ***
Dealt to ba4780c8 
Dealt to 23a9695f 
Dealt to 2b89dc58 
Dealt to 44c2acdd 
Dealt to c7c852d9 
Dealt to Hero [Ac 5d]
ba4780c8: raises $0.15 to $0.25
23a9695f: folds
2b89dc58: folds
44c2acdd: folds
c7c852d9: folds
Hero: folds
Uncalled bet ($0.15) returned to ba4780c8
*** SHOWDOWN ***
ba4780c8 collected $0.25 from pot
*** SUMMARY ***
Total pot $0.25 | Rake $0 | Jackpot $0 | Bingo $0 | Fortune $0 | Tax $0
Seat 1: ba4780c8 collected ($0.25)
Seat 2: 23a9695f folded before Flop (didn't bet)
Seat 3: 2b89dc58 folded before Flop (didn't bet)
Seat 4: 44c2acdd (button) folded before Flop (didn't bet)
Seat 5: c7c852d9 (small blind) folded before Flop
Seat 6: Hero (big blind) folded before Flop


