Poker Hand #HD1727817606: Hold'em No Limit ($0.02/$0.05) - 2024/04/12 23:18:33
Table 'NLHBlue29' 6-max Seat #4 is the button
Seat 1: 2d091d73 ($5 in chips)
Seat 2: e7876005 ($5.07 in chips)
Seat 3: 5f89e2ea ($4.83 in chips)
Seat 4: f5c9478d ($12.73 in chips)
Seat 5: Hero ($6.09 in chips)
Seat 6: 6d027c00 ($5 in chips)
Hero: posts small blind $0.02
6d027c00: posts big blind $0.05
*** HOLE CARDS ***
Dealt to 2d091d73 
Dealt to e7876005 
Dealt to 5f89e2ea 
Dealt to f5c9478d 
Dealt to Hero [8d Kc]
Dealt to 6d027c00 
2d091d73: raises $0.08 to $0.13
e7876005: calls $0.13
5f89e2ea: calls $0.13
f5c9478d: folds
Hero: folds
6d027c00: folds
*** FLOP *** [3c 7s 4s]
2d091d73: checks
e7876005: checks
5f89e2ea: bets $0.35
2d091d73: folds
e7876005: folds
Uncalled bet ($0.35) returned to 5f89e2ea
*** SHOWDOWN ***
5f89e2ea collected $0.44 from pot
*** SUMMARY ***
Total pot $0.46 | Rake $0.02 | Jackpot $0 | Bingo $0 | Fortune $0 | Tax $0
Board [3c 7s 4s]
Seat 1: 2d091d73 folded on the Flop
Seat 2: e7876005 folded on the Flop
Seat 3: 5f89e2ea won ($0.44)
Seat 4: f5c9478d (button) folded before Flop (didn't bet)
Seat 5: Hero (small blind) folded before Flop
Seat 6: 6d027c00 (big blind) folded before Flop


Poker Hand #HD1727817529: Hold'em No Limit ($0.02/$0.05) - 2024/04/12 23:17:54
Table 'NLHBlue29' 6-max Seat #3 is the button
Seat 1: 2d091d73 ($5 in chips)
Seat 2: e7876005 ($5.07 in chips)
Seat 3: 5f89e2ea ($4.98 in chips)
Seat 4: f5c9478d ($12.54 in chips)
Seat 5: Hero ($6.14 in chips)
Seat 6: 6d027c00 ($5 in chips)
f5c9478d: posts small blind $0.02
Hero: posts big blind $0.05
*** HOLE CARDS ***
Dealt to 2d091d73 
Dealt to e7876005 
Dealt to 5f89e2ea 
Dealt to f5c9478d 
Dealt to Hero [5d Qh]
Dealt to 6d027c00 
6d027c00: folds
2d091d73: folds
e7876005: folds
5f89e2ea: raises $0.1 to $0.15
f5c9478d: calls $0.13
Hero: folds
*** FLOP *** [8h 2d 3c]
f5c9478d: bets $0.35
5f89e2ea: folds
Uncalled bet ($0.35) returned to f5c9478d
*** SHOWDOWN ***
f5c9478d collected $0.34 from pot
*** SUMMARY ***
Total pot $0.35 | Rake $0.01 | Jackpot $0 | Bingo $0 | Fortune $0 | Tax $0
Board [8h 2d 3c]
Seat 1: 2d091d73 folded before Flop (didn't bet)
Seat 2: e7876005 folded before Flop (didn't bet)
Seat 3: 5f89e2ea (button) folded on the Flop
Seat 4: f5c9478d (small blind) won ($0.34)
Seat 5: Hero (big blind) folded before Flop
Seat 6: 6d027c00 folded before Flop (didn't bet)


Poker Hand #HD1727817496: Hold'em No Limit ($0.02/$0.05) - 2024/04/12 23:17:37
Table 'NLHBlue29' 6-max Seat #2 is the button
Seat 1: 2d091d73 ($5 in chips)
Seat 2: e7876005 ($5.07 in chips)
Seat 3: 5f89e2ea ($2.92 in chips)
Seat 4: f5c9478d ($12.59 in chips)
Seat 5: Hero ($6.07 in chips)
Seat 6: 6d027c00 ($5 in chips)
5f89e2ea: posts small blind $0.02
f5c9478d: posts big blind $0.05
*** HOLE CARDS ***
Dealt to 2d091d73 
Dealt to e7876005 
Dealt to 5f89e2ea 
Dealt to f5c9478d 
Dealt to Hero [Qc Ac]
Dealt to 6d027c00 
Hero: raises $0.07 to $0.12
6d027c00: folds
2d091d73: folds
e7876005: folds
5f89e2ea: folds
f5c9478d: folds
Uncalled bet ($0.07) returned to Hero
*** SHOWDOWN ***
Hero collected $0.12 from pot
*** SUMMARY ***
Total pot $0.12 | Rake $0 | Jackpot $0 | Bingo $0 | Fortune $0 | Tax $0
Seat 1: 2d091d73 folded before Flop (didn't bet)
Seat 2: e7876005 (button) folded before Flop (didn't bet)
Seat 3: 5f89e2ea (small blind) folded before Flop
Seat 4: f5c9478d (big blind) folded before Flop
Seat 5: Hero collected ($0.12)
Seat 6: 6d027c00 folded before Flop (didn't bet)


Poker Hand #HD1727817415: Hold'em No Limit ($0.02/$0.05) - 2024/04/12 23:16:51
Table 'NLHBlue29' 6-max Seat #1 is the button
Seat 1: 2d091d73 ($5 in chips)
Seat 2: e7876005 ($5.09 in chips)
Seat 3: 5f89e2ea ($4.71 in chips)
Seat 4: f5c9478d ($11 in chips)
Seat 5: Hero ($6.07 in chips)
Seat 6: 6d027c00 ($5 in chips)
e7876005: posts small blind $0.02
5f89e2ea: posts big blind $0.05
*** HOLE CARDS ***
Dealt to 2d091d73 
Dealt to e7876005 
Dealt to 5f89e2ea 
Dealt to f5c9478d 
Dealt to Hero [6h Qh]
Dealt to 6d027c00 
f5c9478d: raises $0.15 to $0.2
Hero: folds
6d027c00: folds
2d091d73: folds
e7876005: folds
5f89e2ea: calls $0.15
*** FLOP *** [7c As 4c]
5f89e2ea: checks
f5c9478d: bets $0.15
5f89e2ea: raises $0.54 to $0.69
f5c9478d: calls $0.54
*** TURN *** [7c As 4c] [5d]
5f89e2ea: bets $0.9
f5c9478d: calls $0.9
*** RIVER *** [7c As 4c 5d] [8h]
5f89e2ea: checks
f5c9478d: checks
5f89e2ea: shows [Ac 3c] (Pair of Aces)
f5c9478d: shows [Ah Kc] (Pair of Aces)
2d091d73: shows [Ad] (Pair of Aces)
*** SHOWDOWN ***
f5c9478d collected $3.38 from pot
*** SUMMARY ***
Total pot $3.6 | Rake $0.17 | Jackpot $0.05 | Bingo $0 | Fortune $0 | Tax $0
Board [7c As 4c 5d 8h]
Seat 1: 2d091d73 (button) folded before Flop (didn't bet)
Seat 2: e7876005 (small blind) folded before Flop
Seat 3: 5f89e2ea (big blind) showed [Ac 3c] and lost with Pair of Aces
Seat 4: f5c9478d showed [Ah Kc] and won ($3.38) with Pair of Aces
Seat 5: Hero folded before Flop (didn't bet)
Seat 6: 6d027c00 folded before Flop (didn't bet)


Poker Hand #HD1727817395: Hold'em No Limit ($0.02/$0.05) - 2024/04/12 23:16:39
Table 'NLHBlue29' 6-max Seat #6 is the button
Seat 1: 2d091d73 ($5.02 in chips)
Seat 2: e7876005 ($5.07 in chips)
Seat 3: 5f89e2ea ($4.71 in chips)
Seat 4: f5c9478d ($11 in chips)
Seat 5: Hero ($6.07 in chips)
Seat 6: 6d027c00 ($5 in chips)
2d091d73: posts small blind $0.02
e7876005: posts big blind $0.05
*** HOLE CARDS ***
Dealt to 2d091d73 
Dealt to e7876005 
Dealt to 5f89e2ea 
Dealt to f5c9478d 
Dealt to Hero [7d 5h]
Dealt to 6d027c00 
5f89e2ea: folds
f5c9478d: folds
Hero: folds
6d027c00: folds
2d091d73: folds
Uncalled bet ($0.03) returned to e7876005
*** SHOWDOWN ***
e7876005 collected $0.04 from pot
*** SUMMARY ***
Total pot $0.04 | Rake $0 | Jackpot $0 | Bingo $0 | Fortune $0 | Tax $0
Seat 1: 2d091d73 (small blind) folded before Flop
Seat 2: e7876005 (big blind) collected ($0.04)
Seat 3: 5f89e2ea folded before Flop (didn't bet)
Seat 4: f5c9478d folded before Flop (didn't bet)
Seat 5: Hero folded before Flop (didn't bet)
Seat 6: 6d027c00 (button) folded before Flop (didn't bet)


Poker Hand #HD1727817362: Hold'em No Limit ($0.02/$0.05) - 2024/04/12 23:16:21
Table 'NLHBlue29' 6-max Seat #5 is the button
Seat 1: 2d091d73 ($5 in chips)
Seat 2: e7876005 ($5.07 in chips)
Seat 3: 5f89e2ea ($4.71 in chips)
Seat 4: f5c9478d ($11 in chips)
Seat 5: Hero ($6.07 in chips)
Seat 6: 6d027c00 ($5 in chips)
6d027c00: posts small blind $0.02
2d091d73: posts big blind $0.05
*** HOLE CARDS ***
Dealt to 2d091d73 
Dealt to e7876005 
Dealt to 5f89e2ea 
Dealt to f5c9478d 
Dealt to Hero [Kh 7c]
Dealt to 6d027c00 
e7876005: folds
5f89e2ea: folds
f5c9478d: folds
Hero: folds
6d027c00: folds
Uncalled bet ($0.03) returned to 2d091d73
*** SHOWDOWN ***
2d091d73 collected $0.04 from pot
*** SUMMARY ***
Total pot $0.04 | Rake $0 | Jackpot $0 | Bingo $0 | Fortune $0 | Tax $0
Seat 1: 2d091d73 (big blind) collected ($0.04)
Seat 2: e7876005 folded before Flop (didn't bet)
Seat 3: 5f89e2ea folded before Flop (didn't bet)
Seat 4: f5c9478d folded before Flop (didn't bet)
Seat 5: Hero (button) folded before Flop (didn't bet)
Seat 6: 6d027c00 (small blind) folded before Flop


Poker Hand #HD1727817284: Hold'em No Limit ($0.02/$0.05) - 2024/04/12 23:15:43
Table 'NLHBlue29' 6-max Seat #4 is the button
Seat 1: 2d091d73 ($5 in chips)
Seat 2: e7876005 ($5.07 in chips)
Seat 3: 5f89e2ea ($4.71 in chips)
Seat 4: f5c9478d ($10.93 in chips)
Seat 5: Hero ($6.09 in chips)
Seat 6: 6d027c00 ($5 in chips)
Hero: posts small blind $0.02
6d027c00: posts big blind $0.05
*** HOLE CARDS ***
Dealt to 2d091d73 
Dealt to e7876005 
Dealt to 5f89e2ea 
Dealt to f5c9478d 
Dealt to Hero [3s 5c]
Dealt to 6d027c00 
2d091d73: folds
e7876005: folds
5f89e2ea: folds
f5c9478d: calls $0.05
Hero: folds
6d027c00: checks
*** FLOP *** [Jh 7s Kc]
6d027c00: checks
f5c9478d: bets $0.2
6d027c00: folds
Uncalled bet ($0.2) returned to f5c9478d
*** SHOWDOWN ***
f5c9478d collected $0.12 from pot
*** SUMMARY ***
Total pot $0.12 | Rake $0 | Jackpot $0 | Bingo $0 | Fortune $0 | Tax $0
Board [Jh 7s Kc]
Seat 1: 2d091d73 folded before Flop (didn't bet)
Seat 2: e7876005 folded before Flop (didn't bet)
Seat 3: 5f89e2ea folded before Flop (didn't bet)
Seat 4: f5c9478d (button) won ($0.12)
Seat 5: Hero (small blind) folded before Flop
Seat 6: 6d027c00 (big blind) folded on the Flop


Poker Hand #HD1727817239: Hold'em No Limit ($0.02/$0.05) - 2024/04/12 23:15:20
Table 'NLHBlue29' 6-max Seat #3 is the button
Seat 1: 2d091d73 ($5 in chips)
Seat 2: e7876005 ($5 in chips)
Seat 3: 5f89e2ea ($4.71 in chips)
Seat 4: f5c9478d ($10.95 in chips)
Seat 5: Hero ($6.14 in chips)
Seat 6: 6d027c00 ($5 in chips)
f5c9478d: posts small blind $0.02
Hero: posts big blind $0.05
*** HOLE CARDS ***
Dealt to 2d091d73 
Dealt to e7876005 
Dealt to 5f89e2ea 
Dealt to f5c9478d 
Dealt to Hero [7d 3h]
Dealt to 6d027c00 
6d027c00: folds
2d091d73: folds
e7876005: raises $0.1 to $0.15
5f89e2ea: folds
f5c9478d: folds
Hero: folds
Uncalled bet ($0.1) returned to e7876005
*** SHOWDOWN ***
e7876005 collected $0.12 from pot
*** SUMMARY ***
Total pot $0.12 | Rake $0 | Jackpot $0 | Bingo $0 | Fortune $0 | Tax $0
Seat 1: 2d091d73 folded before Flop (didn't bet)
Seat 2: e7876005 collected ($0.12)
Seat 3: 5f89e2ea (button) folded before Flop (didn't bet)
Seat 4: f5c9478d (small blind) folded before Flop
Seat 5: Hero (big blind) folded before Flop
Seat 6: 6d027c00 folded before Flop (didn't bet)


Poker Hand #HD1727817170: Hold'em No Limit ($0.02/$0.05) - 2024/04/12 23:14:42
Table 'NLHBlue29' 6-max Seat #2 is the button
Seat 1: 2d091d73 ($5 in chips)
Seat 2: e7876005 ($5 in chips)
Seat 3: 5f89e2ea ($4.73 in chips)
Seat 4: f5c9478d ($11.05 in chips)
Seat 5: Hero ($6.03 in chips)
Seat 6: 6d027c00 ($5 in chips)
5f89e2ea: posts small blind $0.02
f5c9478d: posts big blind $0.05
*** HOLE CARDS ***
Dealt to 2d091d73 
Dealt to e7876005 
Dealt to 5f89e2ea 
Dealt to f5c9478d 
Dealt to Hero [Th Jh]
Dealt to 6d027c00 
Hero: raises $0.05 to $0.1
6d027c00: folds
2d091d73: folds
e7876005: folds
5f89e2ea: folds
f5c9478d: calls $0.05
*** FLOP *** [9h 8d 6h]
f5c9478d: checks
Hero: bets $0.15
f5c9478d: folds
Uncalled bet ($0.15) returned to Hero
*** SHOWDOWN ***
Hero collected $0.21 from pot
*** SUMMARY ***
Total pot $0.22 | Rake $0.01 | Jackpot $0 | Bingo $0 | Fortune $0 | Tax $0
Board [9h 8d 6h]
Seat 1: 2d091d73 folded before Flop (didn't bet)
Seat 2: e7876005 (button) folded before Flop (didn't bet)
Seat 3: 5f89e2ea (small blind) folded before Flop
Seat 4: f5c9478d (big blind) folded on the Flop
Seat 5: Hero won ($0.21)
Seat 6: 6d027c00 folded before Flop (didn't bet)


Poker Hand #HD1727817115: Hold'em No Limit ($0.02/$0.05) - 2024/04/12 23:14:08
Table 'NLHBlue29' 6-max Seat #1 is the button
Seat 1: 2d091d73 ($5 in chips)
Seat 2: e7876005 ($5 in chips)
Seat 3: 5f89e2ea ($4.78 in chips)
Seat 4: f5c9478d ($11.05 in chips)
Seat 5: Hero ($5.6 in chips)
Seat 6: 6d027c00 ($5.02 in chips)
e7876005: posts small blind $0.02
5f89e2ea: posts big blind $0.05
*** HOLE CARDS ***
Dealt to 2d091d73 
Dealt to e7876005 
Dealt to 5f89e2ea 
Dealt to f5c9478d 
Dealt to Hero [Kd Qd]
Dealt to 6d027c00 
f5c9478d: folds
Hero: raises $0.07 to $0.12
6d027c00: raises $0.28 to $0.4
2d091d73: folds
e7876005: folds
5f89e2ea: folds
Hero: raises $0.65 to $1.05
6d027c00: folds
Uncalled bet ($0.65) returned to Hero
*** SHOWDOWN ***
Hero collected $0.83 from pot
*** SUMMARY ***
Total pot $0.87 | Rake $0.04 | Jackpot $0 | Bingo $0 | Fortune $0 | Tax $0
Seat 1: 2d091d73 (button) folded before Flop (didn't bet)
Seat 2: e7876005 (small blind) folded before Flop
Seat 3: 5f89e2ea (big blind) folded before Flop
Seat 4: f5c9478d folded before Flop (didn't bet)
Seat 5: Hero collected ($0.83)
Seat 6: 6d027c00 folded before Flop


Poker Hand #HD1727816990: Hold'em No Limit ($0.02/$0.05) - 2024/04/12 23:13:01
Table 'NLHBlue29' 6-max Seat #6 is the button
Seat 1: 2d091d73 ($5.71 in chips)
Seat 2: e7876005 ($5 in chips)
Seat 3: 5f89e2ea ($4.93 in chips)
Seat 4: f5c9478d ($5.7 in chips)
Seat 5: Hero ($5.6 in chips)
Seat 6: 6d027c00 ($5.02 in chips)
2d091d73: posts small blind $0.02
e7876005: posts big blind $0.05
*** HOLE CARDS ***
Dealt to 2d091d73 
Dealt to e7876005 
Dealt to 5f89e2ea 
Dealt to f5c9478d 
Dealt to Hero [3h 6s]
Dealt to 6d027c00 
5f89e2ea: raises $0.1 to $0.15
f5c9478d: raises $0.3 to $0.45
Hero: folds
6d027c00: folds
2d091d73: raises $0.6 to $1.05
e7876005: folds
5f89e2ea: folds
f5c9478d: calls $0.6
*** FLOP *** [4c 5s Qd]
2d091d73: bets $0.76
f5c9478d: calls $0.76
*** TURN *** [4c 5s Qd] [3c]
2d091d73: bets $3.9 and is all-in
f5c9478d: calls $3.89 and is all-in
Uncalled bet ($0.01) returned to 2d091d73
2d091d73: shows [Kc Ks] (Pair of Kings)
f5c9478d: shows [Qc Jc] (Pair of Queens)
*** RIVER *** [4c 5s Qd 3c] [7c]
*** SHOWDOWN ***
f5c9478d collected $11.05 from pot
*** SUMMARY ***
Total pot $11.6 | Rake $0.5 | Jackpot $0.05 | Bingo $0 | Fortune $0 | Tax $0
Board [4c 5s Qd 3c 7c]
Seat 1: 2d091d73 (small blind) showed [Kc Ks] and lost with Pair of Kings
Seat 2: e7876005 (big blind) folded before Flop
Seat 3: 5f89e2ea folded before Flop
Seat 4: f5c9478d showed [Qc Jc] and won ($11.05) with Queen High Flush
Seat 5: Hero folded before Flop (didn't bet)
Seat 6: 6d027c00 (button) folded before Flop (didn't bet)


Poker Hand #HD1727816900: Hold'em No Limit ($0.02/$0.05) - 2024/04/12 23:12:20
Table 'NLHBlue29' 6-max Seat #5 is the button
Seat 1: 2d091d73 ($5.98 in chips)
Seat 2: e7876005 ($5 in chips)
Seat 3: 5f89e2ea ($4.93 in chips)
Seat 4: f5c9478d ($5.7 in chips)
Seat 5: Hero ($5.33 in chips)
Seat 6: 6d027c00 ($5.04 in chips)
6d027c00: posts small blind $0.02
2d091d73: posts big blind $0.05
*** HOLE CARDS ***
Dealt to 2d091d73 
Dealt to e7876005 
Dealt to 5f89e2ea 
Dealt to f5c9478d 
Dealt to Hero [3c Ac]
Dealt to 6d027c00 
e7876005: folds
5f89e2ea: folds
f5c9478d: folds
Hero: raises $0.07 to $0.12
6d027c00: folds
2d091d73: calls $0.07
*** FLOP *** [Jc Qs 7s]
2d091d73: checks
Hero: checks
*** TURN *** [Jc Qs 7s] [9c]
2d091d73: bets $0.15
Hero: calls $0.15
*** RIVER *** [Jc Qs 7s 9c] [4s]
2d091d73: checks
Hero: bets $0.3
2d091d73: folds
Uncalled bet ($0.3) returned to Hero
*** SHOWDOWN ***
Hero collected $0.54 from pot
*** SUMMARY ***
Total pot $0.56 | Rake $0.02 | Jackpot $0 | Bingo $0 | Fortune $0 | Tax $0
Board [Jc Qs 7s 9c 4s]
Seat 1: 2d091d73 (big blind) folded on the River
Seat 2: e7876005 folded before Flop (didn't bet)
Seat 3: 5f89e2ea folded before Flop (didn't bet)
Seat 4: f5c9478d folded before Flop (didn't bet)
Seat 5: Hero (button) won ($0.54)
Seat 6: 6d027c00 (small blind) folded before Flop


Poker Hand #HD1727816864: Hold'em No Limit ($0.02/$0.05) - 2024/04/12 23:11:57
Table 'NLHBlue29' 6-max Seat #4 is the button
Seat 1: 2d091d73 ($5.98 in chips)
Seat 2: e7876005 ($5 in chips)
Seat 3: 5f89e2ea ($4.93 in chips)
Seat 4: f5c9478d ($5.75 in chips)
Seat 5: Hero ($5.23 in chips)
Seat 6: 6d027c00 ($5.09 in chips)
Hero: posts small blind $0.02
6d027c00: posts big blind $0.05
*** HOLE CARDS ***
Dealt to 2d091d73 
Dealt to e7876005 
Dealt to 5f89e2ea 
Dealt to f5c9478d 
Dealt to Hero [Ah Kd]
Dealt to 6d027c00 
2d091d73: folds
e7876005: folds
5f89e2ea: folds
f5c9478d: calls $0.05
Hero: raises $0.15 to $0.2
6d027c00: folds
f5c9478d: folds
Uncalled bet ($0.15) returned to Hero
*** SHOWDOWN ***
Hero collected $0.15 from pot
*** SUMMARY ***
Total pot $0.15 | Rake $0 | Jackpot $0 | Bingo $0 | Fortune $0 | Tax $0
Seat 1: 2d091d73 folded before Flop (didn't bet)
Seat 2: e7876005 folded before Flop (didn't bet)
Seat 3: 5f89e2ea folded before Flop (didn't bet)
Seat 4: f5c9478d (button) folded before Flop
Seat 5: Hero (small blind) collected ($0.15)
Seat 6: 6d027c00 (big blind) folded before Flop


Poker Hand #HD1727816832: Hold'em No Limit ($0.02/$0.05) - 2024/04/12 23:11:41
Table 'NLHBlue29' 6-max Seat #3 is the button
Seat 1: 2d091d73 ($5.98 in chips)
Seat 2: e7876005 ($5 in chips)
Seat 3: 5f89e2ea ($4.86 in chips)
Seat 4: f5c9478d ($5.77 in chips)
Seat 5: Hero ($5.28 in chips)
Seat 6: 6d027c00 ($5.09 in chips)
f5c9478d: posts small blind $0.02
Hero: posts big blind $0.05
*** HOLE CARDS ***
Dealt to 2d091d73 
Dealt to e7876005 
Dealt to 5f89e2ea 
Dealt to f5c9478d 
Dealt to Hero [5c 9d]
Dealt to 6d027c00 
6d027c00: folds
2d091d73: folds
e7876005: folds
5f89e2ea: raises $0.1 to $0.15
f5c9478d: folds
Hero: folds
Uncalled bet ($0.1) returned to 5f89e2ea
*** SHOWDOWN ***
5f89e2ea collected $0.12 from pot
*** SUMMARY ***
Total pot $0.12 | Rake $0 | Jackpot $0 | Bingo $0 | Fortune $0 | Tax $0
Seat 1: 2d091d73 folded before Flop (didn't bet)
Seat 2: e7876005 folded before Flop (didn't bet)
Seat 3: 5f89e2ea (button) collected ($0.12)
Seat 4: f5c9478d (small blind) folded before Flop
Seat 5: Hero (big blind) folded before Flop
Seat 6: 6d027c00 folded before Flop (didn't bet)


Poker Hand #HD1727816695: Hold'em No Limit ($0.02/$0.05) - 2024/04/12 23:10:36
Table 'NLHBlue29' 6-max Seat #2 is the button
Seat 1: 2d091d73 ($5.12 in chips)
Seat 2: e7876005 ($5 in chips)
Seat 3: 5f89e2ea ($5.81 in chips)
Seat 4: f5c9478d ($5.82 in chips)
Seat 5: Hero ($5.28 in chips)
Seat 6: 6d027c00 ($5.09 in chips)
5f89e2ea: posts small blind $0.02
f5c9478d: posts big blind $0.05
*** HOLE CARDS ***
Dealt to 2d091d73 
Dealt to e7876005 
Dealt to 5f89e2ea 
Dealt to f5c9478d 
Dealt to Hero [4s 3d]
Dealt to 6d027c00 
Hero: folds
6d027c00: folds
2d091d73: raises $0.08 to $0.13
e7876005: folds
5f89e2ea: raises $0.43 to $0.56
f5c9478d: folds
2d091d73: calls $0.43
*** FLOP *** [6s 8s 4d]
5f89e2ea: bets $0.39
2d091d73: calls $0.39
*** TURN *** [6s 8s 4d] [7s]
5f89e2ea: checks
2d091d73: checks
*** RIVER *** [6s 8s 4d 7s] [9c]
5f89e2ea: checks
2d091d73: bets $1.47
5f89e2ea: folds
Uncalled bet ($1.47) returned to 2d091d73
f5c9478d: shows [5h] (Nines-High Straight)
*** SHOWDOWN ***
2d091d73 collected $1.81 from pot
*** SUMMARY ***
Total pot $1.95 | Rake $0.09 | Jackpot $0.05 | Bingo $0 | Fortune $0 | Tax $0
Board [6s 8s 4d 7s 9c]
Seat 1: 2d091d73 won ($1.81)
Seat 2: e7876005 (button) folded before Flop (didn't bet)
Seat 3: 5f89e2ea (small blind) folded on the River
Seat 4: f5c9478d (big blind) folded before Flop
Seat 5: Hero folded before Flop (didn't bet)
Seat 6: 6d027c00 folded before Flop (didn't bet)


Poker Hand #HD1727816676: Hold'em No Limit ($0.02/$0.05) - 2024/04/12 23:10:29
Table 'NLHBlue29' 6-max Seat #1 is the button
Seat 1: 2d091d73 ($5.12 in chips)
Seat 2: e7876005 ($5 in chips)
Seat 3: 5f89e2ea ($5.79 in chips)
Seat 4: f5c9478d ($5.82 in chips)
Seat 5: Hero ($5.28 in chips)
Seat 6: 6d027c00 ($5.09 in chips)
e7876005: posts small blind $0.02
5f89e2ea: posts big blind $0.05
*** HOLE CARDS ***
Dealt to 2d091d73 
Dealt to e7876005 
Dealt to 5f89e2ea 
Dealt to f5c9478d 
Dealt to Hero [2d Ks]
Dealt to 6d027c00 
f5c9478d: folds
Hero: folds
6d027c00: folds
2d091d73: folds
e7876005: folds
Uncalled bet ($0.03) returned to 5f89e2ea
*** SHOWDOWN ***
5f89e2ea collected $0.04 from pot
*** SUMMARY ***
Total pot $0.04 | Rake $0 | Jackpot $0 | Bingo $0 | Fortune $0 | Tax $0
Seat 1: 2d091d73 (button) folded before Flop (didn't bet)
Seat 2: e7876005 (small blind) folded before Flop
Seat 3: 5f89e2ea (big blind) collected ($0.04)
Seat 4: f5c9478d folded before Flop (didn't bet)
Seat 5: Hero folded before Flop (didn't bet)
Seat 6: 6d027c00 folded before Flop (didn't bet)


Poker Hand #HD1727816624: Hold'em No Limit ($0.02/$0.05) - 2024/04/12 23:10:07
Table 'NLHBlue29' 6-max Seat #6 is the button
Seat 1: 2d091d73 ($5.14 in chips)
Seat 2: e7876005 ($5 in chips)
Seat 3: 5f89e2ea ($5.79 in chips)
Seat 4: f5c9478d ($5.87 in chips)
Seat 5: Hero ($5.16 in chips)
Seat 6: 6d027c00 ($5.09 in chips)
2d091d73: posts small blind $0.02
e7876005: posts big blind $0.05
*** HOLE CARDS ***
Dealt to 2d091d73 
Dealt to e7876005 
Dealt to 5f89e2ea 
Dealt to f5c9478d 
Dealt to Hero [Ad Kc]
Dealt to 6d027c00 
5f89e2ea: folds
f5c9478d: calls $0.05
Hero: raises $0.15 to $0.2
6d027c00: folds
2d091d73: folds
e7876005: folds
f5c9478d: folds
Uncalled bet ($0.15) returned to Hero
*** SHOWDOWN ***
Hero collected $0.17 from pot
*** SUMMARY ***
Total pot $0.17 | Rake $0 | Jackpot $0 | Bingo $0 | Fortune $0 | Tax $0
Seat 1: 2d091d73 (small blind) folded before Flop
Seat 2: e7876005 (big blind) folded before Flop
Seat 3: 5f89e2ea folded before Flop (didn't bet)
Seat 4: f5c9478d folded before Flop
Seat 5: Hero collected ($0.17)
Seat 6: 6d027c00 (button) folded before Flop (didn't bet)


Poker Hand #HD1727816523: Hold'em No Limit ($0.02/$0.05) - 2024/04/12 23:09:08
Table 'NLHBlue29' 6-max Seat #5 is the button
Seat 1: 2d091d73 ($5.55 in chips)
Seat 3: 5f89e2ea ($5.79 in chips)
Seat 4: f5c9478d ($5.48 in chips)
Seat 5: Hero ($5.16 in chips)
Seat 6: 6d027c00 ($5.11 in chips)
6d027c00: posts small blind $0.02
2d091d73: posts big blind $0.05
*** HOLE CARDS ***
Dealt to 2d091d73 
Dealt to 5f89e2ea 
Dealt to f5c9478d 
Dealt to Hero [Kh Jd]
Dealt to 6d027c00 
5f89e2ea: folds
f5c9478d: raises $0.15 to $0.2
Hero: folds
6d027c00: folds
2d091d73: calls $0.15
*** FLOP *** [9h 8h Td]
2d091d73: checks
f5c9478d: bets $0.21
2d091d73: calls $0.21
*** TURN *** [9h 8h Td] [Qs]
2d091d73: checks
f5c9478d: checks
*** RIVER *** [9h 8h Td Qs] [3c]
2d091d73: checks
f5c9478d: checks
2d091d73: shows [8s Ks] (Pair of Eights)
f5c9478d: shows [Ad Th] (Pair of Tens)
*** SHOWDOWN ***
f5c9478d collected $0.8 from pot
*** SUMMARY ***
Total pot $0.84 | Rake $0.04 | Jackpot $0 | Bingo $0 | Fortune $0 | Tax $0
Board [9h 8h Td Qs 3c]
Seat 1: 2d091d73 (big blind) showed [8s Ks] and lost with Pair of Eights
Seat 3: 5f89e2ea folded before Flop (didn't bet)
Seat 4: f5c9478d showed [Ad Th] and won ($0.8) with Pair of Tens
Seat 5: Hero (button) folded before Flop (didn't bet)
Seat 6: 6d027c00 (small blind) folded before Flop


Poker Hand #HD1727816470: Hold'em No Limit ($0.02/$0.05) - 2024/04/12 23:08:39
Table 'NLHBlue29' 6-max Seat #4 is the button
Seat 1: 2d091d73 ($5.36 in chips)
Seat 3: 5f89e2ea ($5.79 in chips)
Seat 4: f5c9478d ($5.61 in chips)
Seat 5: Hero ($5.18 in chips)
Seat 6: 6d027c00 ($5.16 in chips)
Hero: posts small blind $0.02
6d027c00: posts big blind $0.05
*** HOLE CARDS ***
Dealt to 2d091d73 
Dealt to 5f89e2ea 
Dealt to f5c9478d 
Dealt to Hero [5h Tc]
Dealt to 6d027c00 
2d091d73: raises $0.08 to $0.13
5f89e2ea: folds
f5c9478d: calls $0.13
Hero: folds
6d027c00: folds
*** FLOP *** [Ad 3c 5d]
2d091d73: bets $0.11
f5c9478d: folds
Uncalled bet ($0.11) returned to 2d091d73
*** SHOWDOWN ***
2d091d73 collected $0.32 from pot
*** SUMMARY ***
Total pot $0.33 | Rake $0.01 | Jackpot $0 | Bingo $0 | Fortune $0 | Tax $0
Board [Ad 3c 5d]
Seat 1: 2d091d73 won ($0.32)
Seat 3: 5f89e2ea folded before Flop (didn't bet)
Seat 4: f5c9478d (button) folded on the Flop
Seat 5: Hero (small blind) folded before Flop
Seat 6: 6d027c00 (big blind) folded before Flop


Poker Hand #HD1727816445: Hold'em No Limit ($0.02/$0.05) - 2024/04/12 23:08:26
Table 'NLHBlue29' 6-max Seat #3 is the button
Seat 1: 2d091d73 ($5.36 in chips)
Seat 3: 5f89e2ea ($5.72 in chips)
Seat 4: f5c9478d ($5.63 in chips)
Seat 5: Hero ($5.23 in chips)
Seat 6: 6d027c00 ($5.16 in chips)
f5c9478d: posts small blind $0.02
Hero: posts big blind $0.05
*** HOLE CARDS ***
Dealt to 2d091d73 
Dealt to 5f89e2ea 
Dealt to f5c9478d 
Dealt to Hero [2c 2s]
Dealt to 6d027c00 
6d027c00: folds
2d091d73: folds
5f89e2ea: raises $0.1 to $0.15
f5c9478d: folds
Hero: folds
Uncalled bet ($0.1) returned to 5f89e2ea
*** SHOWDOWN ***
5f89e2ea collected $0.12 from pot
*** SUMMARY ***
Total pot $0.12 | Rake $0 | Jackpot $0 | Bingo $0 | Fortune $0 | Tax $0
Seat 1: 2d091d73 folded before Flop (didn't bet)
Seat 3: 5f89e2ea (button) collected ($0.12)
Seat 4: f5c9478d (small blind) folded before Flop
Seat 5: Hero (big blind) folded before Flop
Seat 6: 6d027c00 folded before Flop (didn't bet)


Poker Hand #HD1727816385: Hold'em No Limit ($0.02/$0.05) - 2024/04/12 23:07:57
Table 'NLHBlue29' 6-max Seat #1 is the button
Seat 1: 2d091d73 ($5.36 in chips)
Seat 3: 5f89e2ea ($5.74 in chips)
Seat 4: f5c9478d ($5.73 in chips)
Seat 5: Hero ($5.12 in chips)
Seat 6: 6d027c00 ($5.16 in chips)
5f89e2ea: posts small blind $0.02
f5c9478d: posts big blind $0.05
*** HOLE CARDS ***
Dealt to 2d091d73 
Dealt to 5f89e2ea 
Dealt to f5c9478d 
Dealt to Hero [Td Ac]
Dealt to 6d027c00 
Hero: raises $0.05 to $0.1
6d027c00: folds
2d091d73: folds
5f89e2ea: folds
f5c9478d: calls $0.05
*** FLOP *** [As Kh 3s]
f5c9478d: checks
Hero: bets $0.1
f5c9478d: folds
Uncalled bet ($0.1) returned to Hero
*** SHOWDOWN ***
Hero collected $0.21 from pot
*** SUMMARY ***
Total pot $0.22 | Rake $0.01 | Jackpot $0 | Bingo $0 | Fortune $0 | Tax $0
Board [As Kh 3s]
Seat 1: 2d091d73 (button) folded before Flop (didn't bet)
Seat 3: 5f89e2ea (small blind) folded before Flop
Seat 4: f5c9478d (big blind) folded on the Flop
Seat 5: Hero won ($0.21)
Seat 6: 6d027c00 folded before Flop (didn't bet)


Poker Hand #HD1727816323: Hold'em No Limit ($0.02/$0.05) - 2024/04/12 23:07:22
Table 'NLHBlue29' 6-max Seat #6 is the button
Seat 1: 2d091d73 ($5.38 in chips)
Seat 3: 5f89e2ea ($5.89 in chips)
Seat 4: f5c9478d ($5.73 in chips)
Seat 5: Hero ($5.12 in chips)
Seat 6: 6d027c00 ($5 in chips)
2d091d73: posts small blind $0.02
5f89e2ea: posts big blind $0.05
*** HOLE CARDS ***
Dealt to 2d091d73 
Dealt to 5f89e2ea 
Dealt to f5c9478d 
Dealt to Hero [3h 3s]
Dealt to 6d027c00 
f5c9478d: folds
Hero: folds
6d027c00: raises $0.1 to $0.15
2d091d73: folds
5f89e2ea: calls $0.1
*** FLOP *** [8s 6s 8h]
5f89e2ea: checks
6d027c00: bets $0.11
5f89e2ea: folds
Uncalled bet ($0.11) returned to 6d027c00
*** SHOWDOWN ***
6d027c00 collected $0.31 from pot
*** SUMMARY ***
Total pot $0.32 | Rake $0.01 | Jackpot $0 | Bingo $0 | Fortune $0 | Tax $0
Board [8s 6s 8h]
Seat 1: 2d091d73 (small blind) folded before Flop
Seat 3: 5f89e2ea (big blind) folded on the Flop
Seat 4: f5c9478d folded before Flop (didn't bet)
Seat 5: Hero folded before Flop (didn't bet)
Seat 6: 6d027c00 (button) won ($0.31)


Poker Hand #HD1727816201: Hold'em No Limit ($0.02/$0.05) - 2024/04/12 23:06:24
Table 'NLHBlue29' 6-max Seat #5 is the button
Seat 1: 2d091d73 ($5.43 in chips)
Seat 2: 84c65d00 ($13.76 in chips)
Seat 3: 5f89e2ea ($6.03 in chips)
Seat 4: f5c9478d ($5.53 in chips)
Seat 5: Hero ($5.12 in chips)
Seat 6: 6d027c00 ($5.02 in chips)
6d027c00: posts small blind $0.02
2d091d73: posts big blind $0.05
*** HOLE CARDS ***
Dealt to 2d091d73 
Dealt to 84c65d00 
Dealt to 5f89e2ea 
Dealt to f5c9478d 
Dealt to Hero [6c Ks]
Dealt to 6d027c00 
84c65d00: folds
5f89e2ea: calls $0.05
f5c9478d: calls $0.05
Hero: folds
6d027c00: folds
2d091d73: checks
*** FLOP *** [Kh 5s 5c]
2d091d73: checks
5f89e2ea: checks
f5c9478d: bets $0.09
2d091d73: folds
5f89e2ea: calls $0.09
*** TURN *** [Kh 5s 5c] [7d]
5f89e2ea: checks
f5c9478d: checks
*** RIVER *** [Kh 5s 5c 7d] [7s]
5f89e2ea: checks
f5c9478d: bets $0.6
5f89e2ea: folds
Uncalled bet ($0.6) returned to f5c9478d
*** SHOWDOWN ***
f5c9478d collected $0.34 from pot
*** SUMMARY ***
Total pot $0.35 | Rake $0.01 | Jackpot $0 | Bingo $0 | Fortune $0 | Tax $0
Board [Kh 5s 5c 7d 7s]
Seat 1: 2d091d73 (big blind) folded on the Flop
Seat 2: 84c65d00 folded before Flop (didn't bet)
Seat 3: 5f89e2ea folded on the River
Seat 4: f5c9478d won ($0.34)
Seat 5: Hero (button) folded before Flop (didn't bet)
Seat 6: 6d027c00 (small blind) folded before Flop


Poker Hand #HD1727816157: Hold'em No Limit ($0.02/$0.05) - 2024/04/12 23:06:02
Table 'NLHBlue29' 6-max Seat #4 is the button
Seat 1: 2d091d73 ($5.43 in chips)
Seat 2: 84c65d00 ($13.76 in chips)
Seat 3: 5f89e2ea ($6.03 in chips)
Seat 4: f5c9478d ($5.53 in chips)
Seat 5: Hero ($5.14 in chips)
Seat 6: 6d027c00 ($5 in chips)
Hero: posts small blind $0.02
6d027c00: posts big blind $0.05
*** HOLE CARDS ***
Dealt to 2d091d73 
Dealt to 84c65d00 
Dealt to 5f89e2ea 
Dealt to f5c9478d 
Dealt to Hero [Ts 2d]
Dealt to 6d027c00 
2d091d73: folds
84c65d00: folds
5f89e2ea: folds
f5c9478d: folds
Hero: folds
Uncalled bet ($0.03) returned to 6d027c00
*** SHOWDOWN ***
6d027c00 collected $0.04 from pot
*** SUMMARY ***
Total pot $0.04 | Rake $0 | Jackpot $0 | Bingo $0 | Fortune $0 | Tax $0
Seat 1: 2d091d73 folded before Flop (didn't bet)
Seat 2: 84c65d00 folded before Flop (didn't bet)
Seat 3: 5f89e2ea folded before Flop (didn't bet)
Seat 4: f5c9478d (button) folded before Flop (didn't bet)
Seat 5: Hero (small blind) folded before Flop
Seat 6: 6d027c00 (big blind) collected ($0.04)


Poker Hand #HD1727816121: Hold'em No Limit ($0.02/$0.05) - 2024/04/12 23:05:39
Table 'NLHBlue29' 6-max Seat #3 is the button
Seat 1: 2d091d73 ($5.43 in chips)
Seat 2: 84c65d00 ($13.76 in chips)
Seat 3: 5f89e2ea ($6.03 in chips)
Seat 4: f5c9478d ($5.48 in chips)
Seat 5: Hero ($5.19 in chips)
f5c9478d: posts small blind $0.02
Hero: posts big blind $0.05
*** HOLE CARDS ***
Dealt to 2d091d73 
Dealt to 84c65d00 
Dealt to 5f89e2ea 
Dealt to f5c9478d 
Dealt to Hero [Kc 8d]
2d091d73: folds
84c65d00: folds
5f89e2ea: folds
f5c9478d: calls $0.03
Hero: checks
*** FLOP *** [5d 6h 4s]
f5c9478d: bets $0.15
Hero: folds
Uncalled bet ($0.15) returned to f5c9478d
*** SHOWDOWN ***
f5c9478d collected $0.1 from pot
*** SUMMARY ***
Total pot $0.1 | Rake $0 | Jackpot $0 | Bingo $0 | Fortune $0 | Tax $0
Board [5d 6h 4s]
Seat 1: 2d091d73 folded before Flop (didn't bet)
Seat 2: 84c65d00 folded before Flop (didn't bet)
Seat 3: 5f89e2ea (button) folded before Flop (didn't bet)
Seat 4: f5c9478d (small blind) won ($0.1)
Seat 5: Hero (big blind) folded on the Flop


Poker Hand #HD1727816031: Hold'em No Limit ($0.02/$0.05) - 2024/04/12 23:04:56
Table 'NLHBlue29' 6-max Seat #2 is the button
Seat 1: 2d091d73 ($5.43 in chips)
Seat 2: 84c65d00 ($13.76 in chips)
Seat 3: 5f89e2ea ($6.13 in chips)
Seat 4: f5c9478d ($5.58 in chips)
Seat 5: Hero ($5 in chips)
5f89e2ea: posts small blind $0.02
f5c9478d: posts big blind $0.05
*** HOLE CARDS ***
Dealt to 2d091d73 
Dealt to 84c65d00 
Dealt to 5f89e2ea 
Dealt to f5c9478d 
Dealt to Hero [Jc Kd]
Hero: raises $0.05 to $0.1
2d091d73: folds
84c65d00: folds
5f89e2ea: calls $0.08
f5c9478d: calls $0.05
*** FLOP *** [Jh 5d Kh]
5f89e2ea: checks
f5c9478d: checks
Hero: bets $0.15
5f89e2ea: folds
f5c9478d: folds
Uncalled bet ($0.15) returned to Hero
*** SHOWDOWN ***
Hero collected $0.29 from pot
*** SUMMARY ***
Total pot $0.3 | Rake $0.01 | Jackpot $0 | Bingo $0 | Fortune $0 | Tax $0
Board [Jh 5d Kh]
Seat 1: 2d091d73 folded before Flop (didn't bet)
Seat 2: 84c65d00 (button) folded before Flop (didn't bet)
Seat 3: 5f89e2ea (small blind) folded on the Flop
Seat 4: f5c9478d (big blind) folded on the Flop
Seat 5: Hero won ($0.29)


Poker Hand #HD1727815983: Hold'em No Limit ($0.02/$0.05) - 2024/04/12 23:04:34
Table 'NLHBlue29' 6-max Seat #1 is the button
Seat 1: 2d091d73 ($5.43 in chips)
Seat 2: 84c65d00 ($13.66 in chips)
Seat 3: 5f89e2ea ($6.18 in chips)
Seat 4: f5c9478d ($5.63 in chips)
Seat 5: Hero ($5 in chips)
84c65d00: posts small blind $0.02
5f89e2ea: posts big blind $0.05
*** HOLE CARDS ***
Dealt to 2d091d73 
Dealt to 84c65d00 
Dealt to 5f89e2ea 
Dealt to f5c9478d 
Dealt to Hero [4s 2h]
f5c9478d: calls $0.05
Hero: folds
2d091d73: folds
84c65d00: raises $0.2 to $0.25
5f89e2ea: folds
f5c9478d: folds
Uncalled bet ($0.2) returned to 84c65d00
*** SHOWDOWN ***
84c65d00 collected $0.15 from pot
*** SUMMARY ***
Total pot $0.15 | Rake $0 | Jackpot $0 | Bingo $0 | Fortune $0 | Tax $0
Seat 1: 2d091d73 (button) folded before Flop (didn't bet)
Seat 2: 84c65d00 (small blind) collected ($0.15)
Seat 3: 5f89e2ea (big blind) folded before Flop
Seat 4: f5c9478d folded before Flop
Seat 5: Hero folded before Flop (didn't bet)


Poker Hand #HD1727815869: Hold'em No Limit ($0.02/$0.05) - 2024/04/12 23:03:40
Table 'NLHBlue29' 6-max Seat #5 is the button
Seat 1: 2d091d73 ($5.45 in chips)
Seat 2: 84c65d00 ($14.18 in chips)
Seat 3: 5f89e2ea ($6.18 in chips)
Seat 4: f5c9478d ($5.14 in chips)
Seat 5: Hero ($5 in chips)
2d091d73: posts small blind $0.02
84c65d00: posts big blind $0.05
*** HOLE CARDS ***
Dealt to 2d091d73 
Dealt to 84c65d00 
Dealt to 5f89e2ea 
Dealt to f5c9478d 
Dealt to Hero [7h Ah]
5f89e2ea: folds
f5c9478d: raises $0.15 to $0.2
Hero: folds
2d091d73: folds
84c65d00: calls $0.15
*** FLOP *** [3d 9s Qh]
84c65d00: checks
f5c9478d: checks
*** TURN *** [3d 9s Qh] [Jd]
84c65d00: bets $0.32
f5c9478d: calls $0.32
*** RIVER *** [3d 9s Qh Jd] [Th]
84c65d00: checks
f5c9478d: bets $0.5
84c65d00: folds
Uncalled bet ($0.5) returned to f5c9478d
f5c9478d: shows [Jh Kc] (Kings-High Straight)
*** SHOWDOWN ***
f5c9478d collected $1.01 from pot
*** SUMMARY ***
Total pot $1.06 | Rake $0.05 | Jackpot $0 | Bingo $0 | Fortune $0 | Tax $0
Board [3d 9s Qh Jd Th]
Seat 1: 2d091d73 (small blind) folded before Flop
Seat 2: 84c65d00 (big blind) folded on the River
Seat 3: 5f89e2ea folded before Flop (didn't bet)
Seat 4: f5c9478d showed [Jh Kc] and won ($1.01)
Seat 5: Hero (button) folded before Flop (didn't bet)


Poker Hand #HD1727815844: Hold'em No Limit ($0.02/$0.05) - 2024/04/12 23:03:31
Table 'NLHBlue29' 6-max Seat #4 is the button
Seat 1: 2d091d73 ($5.43 in chips)
Seat 2: 84c65d00 ($14.18 in chips)
Seat 3: 5f89e2ea ($6.18 in chips)
Seat 4: f5c9478d ($5.14 in chips)
Seat 5: Hero ($5 in chips)
Hero: posts small blind $0.02
2d091d73: posts big blind $0.05
*** HOLE CARDS ***
Dealt to 2d091d73 
Dealt to 84c65d00 
Dealt to 5f89e2ea 
Dealt to f5c9478d 
Dealt to Hero [Qs 6d]
84c65d00: folds
5f89e2ea: folds
f5c9478d: folds
Hero: folds
Uncalled bet ($0.03) returned to 2d091d73
*** SHOWDOWN ***
2d091d73 collected $0.04 from pot
*** SUMMARY ***
Total pot $0.04 | Rake $0 | Jackpot $0 | Bingo $0 | Fortune $0 | Tax $0
Seat 1: 2d091d73 (big blind) collected ($0.04)
Seat 2: 84c65d00 folded before Flop (didn't bet)
Seat 3: 5f89e2ea folded before Flop (didn't bet)
Seat 4: f5c9478d (button) folded before Flop (didn't bet)
Seat 5: Hero (small blind) folded before Flop


Poker Hand #HD1727815650: Hold'em No Limit ($0.02/$0.05) - 2024/04/12 23:02:04
Table 'NLHBlue29' 6-max Seat #3 is the button
Seat 1: 2d091d73 ($5.43 in chips)
Seat 2: 84c65d00 ($14.18 in chips)
Seat 3: 5f89e2ea ($4.69 in chips)
Seat 4: f5c9478d ($5.16 in chips)
Seat 5: Hero ($5.04 in chips)
Seat 6: e0dddd68 ($1.63 in chips)
f5c9478d: posts small blind $0.02
Hero: posts big blind $0.05
*** HOLE CARDS ***
Dealt to 2d091d73 
Dealt to 84c65d00 
Dealt to 5f89e2ea 
Dealt to f5c9478d 
Dealt to Hero [9c 7s]
Dealt to e0dddd68 
e0dddd68: calls $0.05
2d091d73: folds
84c65d00: folds
5f89e2ea: raises $0.25 to $0.3
f5c9478d: folds
Hero: folds
e0dddd68: calls $0.25
*** FLOP *** [Qs 7c 4c]
e0dddd68: checks
5f89e2ea: bets $0.23
e0dddd68: calls $0.23
*** TURN *** [Qs 7c 4c] [6d]
e0dddd68: checks
5f89e2ea: bets $0.85
e0dddd68: raises $0.25 to $1.1 and is all-in
5f89e2ea: calls $0.25
e0dddd68: shows [Ac Ks] (Ace-High)
5f89e2ea: shows [Ah Qh] (Pair of Queens)
*** RIVER *** [Qs 7c 4c 6d] [3d]
*** SHOWDOWN ***
5f89e2ea collected $3.12 from pot
*** SUMMARY ***
Total pot $3.33 | Rake $0.16 | Jackpot $0.05 | Bingo $0 | Fortune $0 | Tax $0
Board [Qs 7c 4c 6d 3d]
Seat 1: 2d091d73 folded before Flop (didn't bet)
Seat 2: 84c65d00 folded before Flop (didn't bet)
Seat 3: 5f89e2ea (button) showed [Ah Qh] and won ($3.12) with Pair of Queens
Seat 4: f5c9478d (small blind) folded before Flop
Seat 5: Hero (big blind) folded before Flop
Seat 6: e0dddd68 showed [Ac Ks] and lost with Ace-High


Poker Hand #HD1727735558: Hold'em No Limit ($0.02/$0.05) - 2024/04/12 23:01:16
Table 'NLHBlue29' 6-max Seat #2 is the button
Seat 1: 2d091d73 ($5.43 in chips)
Seat 2: 84c65d00 ($14.33 in chips)
Seat 3: 5f89e2ea ($4.71 in chips)
Seat 4: f5c9478d ($5 in chips)
Seat 5: Hero ($5.04 in chips)
Seat 6: e0dddd68 ($1.63 in chips)
5f89e2ea: posts small blind $0.02
f5c9478d: posts big blind $0.05
*** HOLE CARDS ***
Dealt to 2d091d73 
Dealt to 84c65d00 
Dealt to 5f89e2ea 
Dealt to f5c9478d 
Dealt to Hero [7c 5d]
Dealt to e0dddd68 
Hero: folds
e0dddd68: folds
2d091d73: folds
84c65d00: raises $0.1 to $0.15
5f89e2ea: folds
f5c9478d: calls $0.1
*** FLOP *** [Kc 3s Qc]
f5c9478d: checks
84c65d00: checks
*** TURN *** [Kc 3s Qc] [9d]
f5c9478d: bets $0.15
84c65d00: folds
Uncalled bet ($0.15) returned to f5c9478d
*** SHOWDOWN ***
f5c9478d collected $0.31 from pot
*** SUMMARY ***
Total pot $0.32 | Rake $0.01 | Jackpot $0 | Bingo $0 | Fortune $0 | Tax $0
Board [Kc 3s Qc 9d]
Seat 1: 2d091d73 folded before Flop (didn't bet)
Seat 2: 84c65d00 (button) folded on the Turn
Seat 3: 5f89e2ea (small blind) folded before Flop
Seat 4: f5c9478d (big blind) won ($0.31)
Seat 5: Hero folded before Flop (didn't bet)
Seat 6: e0dddd68 folded before Flop (didn't bet)


Poker Hand #HD1727735542: Hold'em No Limit ($0.02/$0.05) - 2024/04/12 23:01:07
Table 'NLHBlue29' 6-max Seat #1 is the button
Seat 1: 2d091d73 ($5.43 in chips)
Seat 2: 84c65d00 ($14.28 in chips)
Seat 3: 5f89e2ea ($4.76 in chips)
Seat 5: Hero ($5.04 in chips)
Seat 6: e0dddd68 ($1.63 in chips)
84c65d00: posts small blind $0.02
5f89e2ea: posts big blind $0.05
*** HOLE CARDS ***
Dealt to 2d091d73 
Dealt to 84c65d00 
Dealt to 5f89e2ea 
Dealt to Hero [6h 2h]
Dealt to e0dddd68 
Hero: folds
e0dddd68: folds
2d091d73: folds
84c65d00: raises $0.1 to $0.15
5f89e2ea: folds
Uncalled bet ($0.1) returned to 84c65d00
*** SHOWDOWN ***
84c65d00 collected $0.1 from pot
*** SUMMARY ***
Total pot $0.1 | Rake $0 | Jackpot $0 | Bingo $0 | Fortune $0 | Tax $0
Seat 1: 2d091d73 (button) folded before Flop (didn't bet)
Seat 2: 84c65d00 (small blind) collected ($0.1)
Seat 3: 5f89e2ea (big blind) folded before Flop
Seat 5: Hero folded before Flop (didn't bet)
Seat 6: e0dddd68 folded before Flop (didn't bet)


Poker Hand #HD1727735504: Hold'em No Limit ($0.02/$0.05) - 2024/04/12 23:00:55
Table 'NLHBlue29' 6-max Seat #6 is the button
Seat 1: 2d091d73 ($5.45 in chips)
Seat 2: 84c65d00 ($14.26 in chips)
Seat 3: 5f89e2ea ($4.76 in chips)
Seat 5: Hero ($5.04 in chips)
Seat 6: e0dddd68 ($1.63 in chips)
2d091d73: posts small blind $0.02
84c65d00: posts big blind $0.05
*** HOLE CARDS ***
Dealt to 2d091d73 
Dealt to 84c65d00 
Dealt to 5f89e2ea 
Dealt to Hero [7s Td]
Dealt to e0dddd68 
5f89e2ea: folds
Hero: folds
e0dddd68: folds
2d091d73: folds
Uncalled bet ($0.03) returned to 84c65d00
*** SHOWDOWN ***
84c65d00 collected $0.04 from pot
*** SUMMARY ***
Total pot $0.04 | Rake $0 | Jackpot $0 | Bingo $0 | Fortune $0 | Tax $0
Seat 1: 2d091d73 (small blind) folded before Flop
Seat 2: 84c65d00 (big blind) collected ($0.04)
Seat 3: 5f89e2ea folded before Flop (didn't bet)
Seat 5: Hero folded before Flop (didn't bet)
Seat 6: e0dddd68 (button) folded before Flop (didn't bet)


Poker Hand #HD1727735475: Hold'em No Limit ($0.02/$0.05) - 2024/04/12 23:00:42
Table 'NLHBlue29' 6-max Seat #5 is the button
Seat 1: 2d091d73 ($5.43 in chips)
Seat 2: 84c65d00 ($14.26 in chips)
Seat 3: 5f89e2ea ($4.76 in chips)
Seat 5: Hero ($5.04 in chips)
Seat 6: e0dddd68 ($1.65 in chips)
e0dddd68: posts small blind $0.02
2d091d73: posts big blind $0.05
*** HOLE CARDS ***
Dealt to 2d091d73 
Dealt to 84c65d00 
Dealt to 5f89e2ea 
Dealt to Hero [Qs 6d]
Dealt to e0dddd68 
84c65d00: folds
5f89e2ea: folds
Hero: folds
e0dddd68: folds
Uncalled bet ($0.03) returned to 2d091d73
*** SHOWDOWN ***
2d091d73 collected $0.04 from pot
*** SUMMARY ***
Total pot $0.04 | Rake $0 | Jackpot $0 | Bingo $0 | Fortune $0 | Tax $0
Seat 1: 2d091d73 (big blind) collected ($0.04)
Seat 2: 84c65d00 folded before Flop (didn't bet)
Seat 3: 5f89e2ea folded before Flop (didn't bet)
Seat 5: Hero (button) folded before Flop (didn't bet)
Seat 6: e0dddd68 (small blind) folded before Flop


Poker Hand #HD1727735440: Hold'em No Limit ($0.02/$0.05) - 2024/04/12 23:00:26
Table 'NLHBlue29' 6-max Seat #3 is the button
Seat 1: 2d091d73 ($5.43 in chips)
Seat 2: 84c65d00 ($14.19 in chips)
Seat 3: 5f89e2ea ($4.76 in chips)
Seat 5: Hero ($5.06 in chips)
Seat 6: e0dddd68 ($1.7 in chips)
Hero: posts small blind $0.02
e0dddd68: posts big blind $0.05
*** HOLE CARDS ***
Dealt to 2d091d73 
Dealt to 84c65d00 
Dealt to 5f89e2ea 
Dealt to Hero [7s Tc]
Dealt to e0dddd68 
2d091d73: folds
84c65d00: raises $0.1 to $0.15
5f89e2ea: folds
Hero: folds
e0dddd68: folds
Uncalled bet ($0.1) returned to 84c65d00
*** SHOWDOWN ***
84c65d00 collected $0.12 from pot
*** SUMMARY ***
Total pot $0.12 | Rake $0 | Jackpot $0 | Bingo $0 | Fortune $0 | Tax $0
Seat 1: 2d091d73 folded before Flop (didn't bet)
Seat 2: 84c65d00 collected ($0.12)
Seat 3: 5f89e2ea (button) folded before Flop (didn't bet)
Seat 5: Hero (small blind) folded before Flop
Seat 6: e0dddd68 (big blind) folded before Flop


Poker Hand #HD1727735361: Hold'em No Limit ($0.02/$0.05) - 2024/04/12 22:59:50
Table 'NLHBlue29' 6-max Seat #2 is the button
Seat 1: 2d091d73 ($5.43 in chips)
Seat 2: 84c65d00 ($14.19 in chips)
Seat 3: 5f89e2ea ($4.78 in chips)
Seat 5: Hero ($5.11 in chips)
Seat 6: e0dddd68 ($1.63 in chips)
5f89e2ea: posts small blind $0.02
Hero: posts big blind $0.05
*** HOLE CARDS ***
Dealt to 2d091d73 
Dealt to 84c65d00 
Dealt to 5f89e2ea 
Dealt to Hero [9c 6c]
Dealt to e0dddd68 
e0dddd68: calls $0.05
2d091d73: folds
84c65d00: folds
5f89e2ea: folds
Hero: checks
*** FLOP *** [9d 4c Ts]
Hero: checks
e0dddd68: checks
*** TURN *** [9d 4c Ts] [Js]
Hero: checks
e0dddd68: bets $0.06
Hero: folds
Uncalled bet ($0.06) returned to e0dddd68
*** SHOWDOWN ***
e0dddd68 collected $0.12 from pot
*** SUMMARY ***
Total pot $0.12 | Rake $0 | Jackpot $0 | Bingo $0 | Fortune $0 | Tax $0
Board [9d 4c Ts Js]
Seat 1: 2d091d73 folded before Flop (didn't bet)
Seat 2: 84c65d00 (button) folded before Flop (didn't bet)
Seat 3: 5f89e2ea (small blind) folded before Flop
Seat 5: Hero (big blind) folded on the Turn
Seat 6: e0dddd68 won ($0.12)


Poker Hand #HD1727735250: Hold'em No Limit ($0.02/$0.05) - 2024/04/12 22:58:54
Table 'NLHBlue29' 6-max Seat #1 is the button
Seat 1: 2d091d73 ($5 in chips)
Seat 2: 84c65d00 ($14.21 in chips)
Seat 3: 5f89e2ea ($5 in chips)
Seat 4: 6b102e46 ($4.68 in chips)
Seat 5: Hero ($5.11 in chips)
Seat 6: e0dddd68 ($1.85 in chips)
84c65d00: posts small blind $0.02
5f89e2ea: posts big blind $0.05
*** HOLE CARDS ***
Dealt to 2d091d73 
Dealt to 84c65d00 
Dealt to 5f89e2ea 
Dealt to 6b102e46 
Dealt to Hero [6s Jh]
Dealt to e0dddd68 
6b102e46: folds
Hero: folds
e0dddd68: calls $0.05
2d091d73: raises $0.17 to $0.22
84c65d00: folds
5f89e2ea: calls $0.17
e0dddd68: calls $0.17
*** FLOP *** [9d 4c 3c]
5f89e2ea: checks
e0dddd68: checks
2d091d73: bets $0.23
5f89e2ea: folds
e0dddd68: folds
Uncalled bet ($0.23) returned to 2d091d73
*** SHOWDOWN ***
2d091d73 collected $0.65 from pot
*** SUMMARY ***
Total pot $0.68 | Rake $0.03 | Jackpot $0 | Bingo $0 | Fortune $0 | Tax $0
Board [9d 4c 3c]
Seat 1: 2d091d73 (button) won ($0.65)
Seat 2: 84c65d00 (small blind) folded before Flop
Seat 3: 5f89e2ea (big blind) folded on the Flop
Seat 4: 6b102e46 folded before Flop (didn't bet)
Seat 5: Hero folded before Flop (didn't bet)
Seat 6: e0dddd68 folded on the Flop


Poker Hand #HD1727735184: Hold'em No Limit ($0.02/$0.05) - 2024/04/12 22:58:25
Table 'NLHBlue29' 6-max Seat #6 is the button
Seat 1: 2d091d73 ($5 in chips)
Seat 2: 84c65d00 ($13.96 in chips)
Seat 4: 6b102e46 ($4.93 in chips)
Seat 5: Hero ($5.11 in chips)
Seat 6: e0dddd68 ($1.85 in chips)
2d091d73: posts small blind $0.02
84c65d00: posts big blind $0.05
*** HOLE CARDS ***
Dealt to 2d091d73 
Dealt to 84c65d00 
Dealt to 6b102e46 
Dealt to Hero [9c Qs]
Dealt to e0dddd68 
6b102e46: calls $0.05
Hero: folds
e0dddd68: folds
2d091d73: folds
84c65d00: raises $0.2 to $0.25
6b102e46: calls $0.2
*** FLOP *** [2s 7h Ad]
84c65d00: bets $0.3
6b102e46: folds
Uncalled bet ($0.3) returned to 84c65d00
*** SHOWDOWN ***
84c65d00 collected $0.5 from pot
*** SUMMARY ***
Total pot $0.52 | Rake $0.02 | Jackpot $0 | Bingo $0 | Fortune $0 | Tax $0
Board [2s 7h Ad]
Seat 1: 2d091d73 (small blind) folded before Flop
Seat 2: 84c65d00 (big blind) won ($0.5)
Seat 4: 6b102e46 folded on the Flop
Seat 5: Hero folded before Flop (didn't bet)
Seat 6: e0dddd68 (button) folded before Flop (didn't bet)


Poker Hand #HD1727735089: Hold'em No Limit ($0.02/$0.05) - 2024/04/12 22:57:33
Table 'NLHBlue29' 6-max Seat #5 is the button
Seat 1: 2d091d73 ($5.02 in chips)
Seat 2: 84c65d00 ($13.96 in chips)
Seat 4: 6b102e46 ($4.71 in chips)
Seat 5: Hero ($5.28 in chips)
Seat 6: e0dddd68 ($1.87 in chips)
e0dddd68: posts small blind $0.02
2d091d73: posts big blind $0.05
*** HOLE CARDS ***
Dealt to 2d091d73 
Dealt to 84c65d00 
Dealt to 6b102e46 
Dealt to Hero [5s Ac]
Dealt to e0dddd68 
84c65d00: folds
6b102e46: calls $0.05
Hero: raises $0.12 to $0.17
e0dddd68: folds
2d091d73: folds
6b102e46: calls $0.12
*** FLOP *** [Jc Tc 6s]
6b102e46: checks
Hero: checks
*** TURN *** [Jc Tc 6s] [6d]
6b102e46: bets $1
Hero: folds
Uncalled bet ($1) returned to 6b102e46
*** SHOWDOWN ***
6b102e46 collected $0.39 from pot
*** SUMMARY ***
Total pot $0.41 | Rake $0.02 | Jackpot $0 | Bingo $0 | Fortune $0 | Tax $0
Board [Jc Tc 6s 6d]
Seat 1: 2d091d73 (big blind) folded before Flop
Seat 2: 84c65d00 folded before Flop (didn't bet)
Seat 4: 6b102e46 won ($0.39)
Seat 5: Hero (button) folded on the Turn
Seat 6: e0dddd68 (small blind) folded before Flop


Poker Hand #HD1727735029: Hold'em No Limit ($0.02/$0.05) - 2024/04/12 22:57:06
Table 'NLHBlue29' 6-max Seat #4 is the button
Seat 1: 2d091d73 ($5.02 in chips)
Seat 2: 84c65d00 ($13.96 in chips)
Seat 4: 6b102e46 ($4.64 in chips)
Seat 5: Hero ($5.3 in chips)
Seat 6: e0dddd68 ($1.92 in chips)
Hero: posts small blind $0.02
e0dddd68: posts big blind $0.05
*** HOLE CARDS ***
Dealt to 2d091d73 
Dealt to 84c65d00 
Dealt to 6b102e46 
Dealt to Hero [Ac 3h]
Dealt to e0dddd68 
2d091d73: folds
84c65d00: folds
6b102e46: calls $0.05
Hero: folds
e0dddd68: checks
*** FLOP *** [8d 4c 2d]
e0dddd68: checks
6b102e46: bets $0.75
e0dddd68: folds
Uncalled bet ($0.75) returned to 6b102e46
*** SHOWDOWN ***
6b102e46 collected $0.12 from pot
*** SUMMARY ***
Total pot $0.12 | Rake $0 | Jackpot $0 | Bingo $0 | Fortune $0 | Tax $0
Board [8d 4c 2d]
Seat 1: 2d091d73 folded before Flop (didn't bet)
Seat 2: 84c65d00 folded before Flop (didn't bet)
Seat 4: 6b102e46 (button) won ($0.12)
Seat 5: Hero (small blind) folded before Flop
Seat 6: e0dddd68 (big blind) folded on the Flop


Poker Hand #HD1727734850: Hold'em No Limit ($0.02/$0.05) - 2024/04/12 22:55:33
Table 'NLHBlue29' 6-max Seat #3 is the button
Seat 1: 2d091d73 ($5.12 in chips)
Seat 2: 84c65d00 ($12.21 in chips)
Seat 3: 87779094 ($1.73 in chips)
Seat 4: 6b102e46 ($4.74 in chips)
Seat 5: Hero ($5.35 in chips)
Seat 6: e0dddd68 ($1.92 in chips)
6b102e46: posts small blind $0.02
Hero: posts big blind $0.05
*** HOLE CARDS ***
Dealt to 2d091d73 
Dealt to 84c65d00 
Dealt to 87779094 
Dealt to 6b102e46 
Dealt to Hero [4s 7d]
Dealt to e0dddd68 
e0dddd68: folds
2d091d73: raises $0.05 to $0.1
84c65d00: calls $0.1
87779094: calls $0.1
6b102e46: calls $0.08
Hero: folds
*** FLOP *** [8h 9c 9d]
6b102e46: checks
2d091d73: checks
84c65d00: bets $0.23
87779094: raises $0.69 to $0.92
6b102e46: folds
2d091d73: folds
84c65d00: raises $1.72 to $2.64
87779094: calls $0.71 and is all-in
Uncalled bet ($1.01) returned to 84c65d00
84c65d00: shows [Td Ts] (Pair of Tens and Pair of Nines)
87779094: shows [Jd 8c] (Pair of Nines and Pair of Eights)
*** TURN *** [8h 9c 9d] [Qc]
*** RIVER *** [8h 9c 9d Qc] [2s]
*** SHOWDOWN ***
84c65d00 collected $3.48 from pot
*** SUMMARY ***
Total pot $3.71 | Rake $0.18 | Jackpot $0.05 | Bingo $0 | Fortune $0 | Tax $0
Board [8h 9c 9d Qc 2s]
Seat 1: 2d091d73 folded on the Flop
Seat 2: 84c65d00 showed [Td Ts] and won ($3.48) with Pair of Tens and Pair of Nines
Seat 3: 87779094 (button) showed [Jd 8c] and lost with Pair of Nines and Pair of Eights
Seat 4: 6b102e46 (small blind) folded on the Flop
Seat 5: Hero (big blind) folded before Flop
Seat 6: e0dddd68 folded before Flop (didn't bet)


Poker Hand #HD1727734709: Hold'em No Limit ($0.02/$0.05) - 2024/04/12 22:54:29
Table 'NLHBlue29' 6-max Seat #2 is the button
Seat 1: 2d091d73 ($5.12 in chips)
Seat 2: 84c65d00 ($12.41 in chips)
Seat 3: 87779094 ($3.73 in chips)
Seat 4: 6b102e46 ($2.79 in chips)
Seat 5: Hero ($5.35 in chips)
Seat 6: e0dddd68 ($1.92 in chips)
87779094: posts small blind $0.02
6b102e46: posts big blind $0.05
*** HOLE CARDS ***
Dealt to 2d091d73 
Dealt to 84c65d00 
Dealt to 87779094 
Dealt to 6b102e46 
Dealt to Hero [Ks 4c]
Dealt to e0dddd68 
Hero: folds
e0dddd68: folds
2d091d73: folds
84c65d00: raises $0.1 to $0.15
87779094: calls $0.13
6b102e46: calls $0.1
*** FLOP *** [7d 5d 2c]
87779094: checks
6b102e46: bets $0.05
84c65d00: calls $0.05
87779094: calls $0.05
*** TURN *** [7d 5d 2c] [Jh]
87779094: checks
6b102e46: bets $0.2
84c65d00: folds
87779094: calls $0.2
*** RIVER *** [7d 5d 2c Jh] [Qc]
87779094: bets $0.75
6b102e46: raises $0.85 to $1.6
87779094: calls $0.85
6b102e46: shows [Qs Ac] (Pair of Queens)
87779094: shows [Js 8h] (Pair of Jacks)
*** SHOWDOWN ***
6b102e46 collected $3.95 from pot
*** SUMMARY ***
Total pot $4.2 | Rake $0.2 | Jackpot $0.05 | Bingo $0 | Fortune $0 | Tax $0
Board [7d 5d 2c Jh Qc]
Seat 1: 2d091d73 folded before Flop (didn't bet)
Seat 2: 84c65d00 (button) folded on the Turn
Seat 3: 87779094 (small blind) showed [Js 8h] and lost with Pair of Jacks
Seat 4: 6b102e46 (big blind) showed [Qs Ac] and won ($3.95) with Pair of Queens
Seat 5: Hero folded before Flop (didn't bet)
Seat 6: e0dddd68 folded before Flop (didn't bet)


Poker Hand #HD1727734615: Hold'em No Limit ($0.02/$0.05) - 2024/04/12 22:53:48
Table 'NLHBlue29' 6-max Seat #1 is the button
Seat 1: 2d091d73 ($5.12 in chips)
Seat 2: 84c65d00 ($12.43 in chips)
Seat 3: 87779094 ($3.85 in chips)
Seat 4: 892fcc4e ($6.4 in chips)
Seat 5: Hero ($5.22 in chips)
Seat 6: e0dddd68 ($1.92 in chips)
84c65d00: posts small blind $0.02
87779094: posts big blind $0.05
*** HOLE CARDS ***
Dealt to 2d091d73 
Dealt to 84c65d00 
Dealt to 87779094 
Dealt to 892fcc4e 
Dealt to Hero [As 5s]
Dealt to e0dddd68 
892fcc4e: folds
Hero: raises $0.07 to $0.12
e0dddd68: folds
2d091d73: folds
84c65d00: folds
87779094: calls $0.07
*** FLOP *** [Ks Ac 9h]
87779094: checks
Hero: checks
*** TURN *** [Ks Ac 9h] [8h]
87779094: checks
Hero: checks
*** RIVER *** [Ks Ac 9h 8h] [Ad]
87779094: checks
Hero: bets $0.2
87779094: folds
Uncalled bet ($0.2) returned to Hero
*** SHOWDOWN ***
Hero collected $0.25 from pot
*** SUMMARY ***
Total pot $0.26 | Rake $0.01 | Jackpot $0 | Bingo $0 | Fortune $0 | Tax $0
Board [Ks Ac 9h 8h Ad]
Seat 1: 2d091d73 (button) folded before Flop (didn't bet)
Seat 2: 84c65d00 (small blind) folded before Flop
Seat 3: 87779094 (big blind) folded on the River
Seat 4: 892fcc4e folded before Flop (didn't bet)
Seat 5: Hero won ($0.25)
Seat 6: e0dddd68 folded before Flop (didn't bet)


Poker Hand #HD1727734569: Hold'em No Limit ($0.02/$0.05) - 2024/04/12 22:53:30
Table 'NLHBlue29' 6-max Seat #6 is the button
Seat 1: 2d091d73 ($5.14 in chips)
Seat 2: 84c65d00 ($12.48 in chips)
Seat 3: 87779094 ($3.85 in chips)
Seat 4: 892fcc4e ($6.4 in chips)
Seat 5: Hero ($5.15 in chips)
Seat 6: e0dddd68 ($1.92 in chips)
2d091d73: posts small blind $0.02
84c65d00: posts big blind $0.05
*** HOLE CARDS ***
Dealt to 2d091d73 
Dealt to 84c65d00 
Dealt to 87779094 
Dealt to 892fcc4e 
Dealt to Hero [Ad Kh]
Dealt to e0dddd68 
87779094: folds
892fcc4e: folds
Hero: raises $0.07 to $0.12
e0dddd68: folds
2d091d73: folds
84c65d00: folds
Uncalled bet ($0.07) returned to Hero
*** SHOWDOWN ***
Hero collected $0.12 from pot
*** SUMMARY ***
Total pot $0.12 | Rake $0 | Jackpot $0 | Bingo $0 | Fortune $0 | Tax $0
Seat 1: 2d091d73 (small blind) folded before Flop
Seat 2: 84c65d00 (big blind) folded before Flop
Seat 3: 87779094 folded before Flop (didn't bet)
Seat 4: 892fcc4e folded before Flop (didn't bet)
Seat 5: Hero collected ($0.12)
Seat 6: e0dddd68 (button) folded before Flop (didn't bet)


Poker Hand #HD1727734449: Hold'em No Limit ($0.02/$0.05) - 2024/04/12 22:52:31
Table 'NLHBlue29' 6-max Seat #5 is the button
Seat 1: 2d091d73 ($5.19 in chips)
Seat 2: 84c65d00 ($12.63 in chips)
Seat 3: 87779094 ($5.3 in chips)
Seat 4: 892fcc4e ($4.93 in chips)
Seat 5: Hero ($5.15 in chips)
Seat 6: e0dddd68 ($1.94 in chips)
e0dddd68: posts small blind $0.02
2d091d73: posts big blind $0.05
*** HOLE CARDS ***
Dealt to 2d091d73 
Dealt to 84c65d00 
Dealt to 87779094 
Dealt to 892fcc4e 
Dealt to Hero [2h 7c]
Dealt to e0dddd68 
84c65d00: raises $0.1 to $0.15
87779094: calls $0.15
892fcc4e: calls $0.15
Hero: folds
e0dddd68: folds
2d091d73: folds
*** FLOP *** [5h Kh 3s]
84c65d00: checks
87779094: bets $0.52
892fcc4e: calls $0.52
84c65d00: folds
*** TURN *** [5h Kh 3s] [8h]
87779094: checks
892fcc4e: bets $0.78
87779094: calls $0.78
*** RIVER *** [5h Kh 3s 8h] [7d]
87779094: checks
892fcc4e: bets $3.48 and is all-in
87779094: folds
Uncalled bet ($3.48) returned to 892fcc4e
87779094: shows [Kc] (Pair of Kings)
*** SHOWDOWN ***
892fcc4e collected $2.92 from pot
*** SUMMARY ***
Total pot $3.12 | Rake $0.15 | Jackpot $0.05 | Bingo $0 | Fortune $0 | Tax $0
Board [5h Kh 3s 8h 7d]
Seat 1: 2d091d73 (big blind) folded before Flop
Seat 2: 84c65d00 folded on the Flop
Seat 3: 87779094 folded on the River
Seat 4: 892fcc4e won ($2.92)
Seat 5: Hero (button) folded before Flop (didn't bet)
Seat 6: e0dddd68 (small blind) folded before Flop


Poker Hand #HD1727734429: Hold'em No Limit ($0.02/$0.05) - 2024/04/12 22:52:21
Table 'NLHBlue29' 6-max Seat #4 is the button
Seat 1: 2d091d73 ($5.19 in chips)
Seat 2: 84c65d00 ($12.63 in chips)
Seat 3: 87779094 ($5.3 in chips)
Seat 4: 892fcc4e ($4.93 in chips)
Seat 5: Hero ($5.17 in chips)
Seat 6: e0dddd68 ($1.92 in chips)
Hero: posts small blind $0.02
e0dddd68: posts big blind $0.05
*** HOLE CARDS ***
Dealt to 2d091d73 
Dealt to 84c65d00 
Dealt to 87779094 
Dealt to 892fcc4e 
Dealt to Hero [2s 5s]
Dealt to e0dddd68 
2d091d73: folds
84c65d00: folds
87779094: folds
892fcc4e: folds
Hero: folds
Uncalled bet ($0.03) returned to e0dddd68
*** SHOWDOWN ***
e0dddd68 collected $0.04 from pot
*** SUMMARY ***
Total pot $0.04 | Rake $0 | Jackpot $0 | Bingo $0 | Fortune $0 | Tax $0
Seat 1: 2d091d73 folded before Flop (didn't bet)
Seat 2: 84c65d00 folded before Flop (didn't bet)
Seat 3: 87779094 folded before Flop (didn't bet)
Seat 4: 892fcc4e (button) folded before Flop (didn't bet)
Seat 5: Hero (small blind) folded before Flop
Seat 6: e0dddd68 (big blind) collected ($0.04)


Poker Hand #HD1727734331: Hold'em No Limit ($0.02/$0.05) - 2024/04/12 22:51:39
Table 'NLHBlue29' 6-max Seat #3 is the button
Seat 1: 2d091d73 ($5 in chips)
Seat 2: 84c65d00 ($12.76 in chips)
Seat 3: 87779094 ($5.3 in chips)
Seat 4: 892fcc4e ($4.95 in chips)
Seat 5: Hero ($5.22 in chips)
Seat 6: e0dddd68 ($1.92 in chips)
892fcc4e: posts small blind $0.02
Hero: posts big blind $0.05
*** HOLE CARDS ***
Dealt to 2d091d73 
Dealt to 84c65d00 
Dealt to 87779094 
Dealt to 892fcc4e 
Dealt to Hero [Kd 3c]
Dealt to e0dddd68 
e0dddd68: folds
2d091d73: raises $0.08 to $0.13
84c65d00: calls $0.13
87779094: folds
892fcc4e: folds
Hero: folds
*** FLOP *** [9c 6c Kc]
2d091d73: checks
84c65d00: checks
*** TURN *** [9c 6c Kc] [Ad]
2d091d73: bets $0.25
84c65d00: folds
Uncalled bet ($0.25) returned to 2d091d73
*** SHOWDOWN ***
2d091d73 collected $0.32 from pot
*** SUMMARY ***
Total pot $0.33 | Rake $0.01 | Jackpot $0 | Bingo $0 | Fortune $0 | Tax $0
Board [9c 6c Kc Ad]
Seat 1: 2d091d73 won ($0.32)
Seat 2: 84c65d00 folded on the Turn
Seat 3: 87779094 (button) folded before Flop (didn't bet)
Seat 4: 892fcc4e (small blind) folded before Flop
Seat 5: Hero (big blind) folded before Flop
Seat 6: e0dddd68 folded before Flop (didn't bet)


Poker Hand #HD1727734252: Hold'em No Limit ($0.02/$0.05) - 2024/04/12 22:51:05
Table 'NLHBlue29' 6-max Seat #2 is the button
Seat 1: 2d091d73 ($5 in chips)
Seat 2: 84c65d00 ($12.86 in chips)
Seat 3: 87779094 ($4.97 in chips)
Seat 4: 892fcc4e ($5 in chips)
Seat 5: Hero ($5.32 in chips)
Seat 6: e0dddd68 ($2.02 in chips)
87779094: posts small blind $0.02
892fcc4e: posts big blind $0.05
*** HOLE CARDS ***
Dealt to 2d091d73 
Dealt to 84c65d00 
Dealt to 87779094 
Dealt to 892fcc4e 
Dealt to Hero [Ac Jh]
Dealt to e0dddd68 
Hero: raises $0.05 to $0.1
e0dddd68: calls $0.1
2d091d73: folds
84c65d00: calls $0.1
87779094: calls $0.08
892fcc4e: folds
*** FLOP *** [6s Tc 2h]
87779094: bets $0.34
Hero: folds
e0dddd68: folds
84c65d00: folds
Uncalled bet ($0.34) returned to 87779094
*** SHOWDOWN ***
87779094 collected $0.43 from pot
*** SUMMARY ***
Total pot $0.45 | Rake $0.02 | Jackpot $0 | Bingo $0 | Fortune $0 | Tax $0
Board [6s Tc 2h]
Seat 1: 2d091d73 folded before Flop (didn't bet)
Seat 2: 84c65d00 (button) folded on the Flop
Seat 3: 87779094 (small blind) won ($0.43)
Seat 4: 892fcc4e (big blind) folded before Flop
Seat 5: Hero folded on the Flop
Seat 6: e0dddd68 folded on the Flop


Poker Hand #HD1727734221: Hold'em No Limit ($0.02/$0.05) - 2024/04/12 22:50:51
Table 'NLHBlue29' 6-max Seat #1 is the button
Seat 1: 2d091d73 ($5 in chips)
Seat 2: 84c65d00 ($12.88 in chips)
Seat 3: 87779094 ($4.95 in chips)
Seat 5: Hero ($5.32 in chips)
Seat 6: e0dddd68 ($2.02 in chips)
84c65d00: posts small blind $0.02
87779094: posts big blind $0.05
*** HOLE CARDS ***
Dealt to 2d091d73 
Dealt to 84c65d00 
Dealt to 87779094 
Dealt to Hero [9c Jd]
Dealt to e0dddd68 
Hero: folds
e0dddd68: folds
2d091d73: folds
84c65d00: folds
Uncalled bet ($0.03) returned to 87779094
*** SHOWDOWN ***
87779094 collected $0.04 from pot
*** SUMMARY ***
Total pot $0.04 | Rake $0 | Jackpot $0 | Bingo $0 | Fortune $0 | Tax $0
Seat 1: 2d091d73 (button) folded before Flop (didn't bet)
Seat 2: 84c65d00 (small blind) folded before Flop
Seat 3: 87779094 (big blind) collected ($0.04)
Seat 5: Hero folded before Flop (didn't bet)
Seat 6: e0dddd68 folded before Flop (didn't bet)


Poker Hand #HD1727734055: Hold'em No Limit ($0.02/$0.05) - 2024/04/12 22:49:39
Table 'NLHBlue29' 6-max Seat #6 is the button
Seat 1: 2d091d73 ($5.02 in chips)
Seat 2: 84c65d00 ($12.93 in chips)
Seat 3: 87779094 ($5 in chips)
Seat 5: Hero ($5.32 in chips)
Seat 6: e0dddd68 ($1.9 in chips)
2d091d73: posts small blind $0.02
84c65d00: posts big blind $0.05
*** HOLE CARDS ***
Dealt to 2d091d73 
Dealt to 84c65d00 
Dealt to 87779094 
Dealt to Hero [4c Js]
Dealt to e0dddd68 
87779094: calls $0.05
Hero: folds
e0dddd68: calls $0.05
2d091d73: folds
84c65d00: checks
*** FLOP *** [7c 9d 5c]
84c65d00: checks
87779094: checks
e0dddd68: checks
*** TURN *** [7c 9d 5c] [Td]
84c65d00: checks
87779094: checks
e0dddd68: checks
*** RIVER *** [7c 9d 5c Td] [Kh]
84c65d00: checks
87779094: checks
e0dddd68: bets $0.13
84c65d00: folds
87779094: folds
Uncalled bet ($0.13) returned to e0dddd68
*** SHOWDOWN ***
e0dddd68 collected $0.17 from pot
*** SUMMARY ***
Total pot $0.17 | Rake $0 | Jackpot $0 | Bingo $0 | Fortune $0 | Tax $0
Board [7c 9d 5c Td Kh]
Seat 1: 2d091d73 (small blind) folded before Flop
Seat 2: 84c65d00 (big blind) folded on the River
Seat 3: 87779094 folded on the River
Seat 5: Hero folded before Flop (didn't bet)
Seat 6: e0dddd68 (button) won ($0.17)


Poker Hand #HD1727734036: Hold'em No Limit ($0.02/$0.05) - 2024/04/12 22:49:31
Table 'NLHBlue29' 6-max Seat #5 is the button
Seat 1: 2d091d73 ($5 in chips)
Seat 2: 84c65d00 ($12.93 in chips)
Seat 3: 87779094 ($5 in chips)
Seat 5: Hero ($5.32 in chips)
Seat 6: e0dddd68 ($1.92 in chips)
e0dddd68: posts small blind $0.02
2d091d73: posts big blind $0.05
*** HOLE CARDS ***
Dealt to 2d091d73 
Dealt to 84c65d00 
Dealt to 87779094 
Dealt to Hero [Kh 4s]
Dealt to e0dddd68 
84c65d00: folds
87779094: folds
Hero: folds
e0dddd68: folds
Uncalled bet ($0.03) returned to 2d091d73
*** SHOWDOWN ***
2d091d73 collected $0.04 from pot
*** SUMMARY ***
Total pot $0.04 | Rake $0 | Jackpot $0 | Bingo $0 | Fortune $0 | Tax $0
Seat 1: 2d091d73 (big blind) collected ($0.04)
Seat 2: 84c65d00 folded before Flop (didn't bet)
Seat 3: 87779094 folded before Flop (didn't bet)
Seat 5: Hero (button) folded before Flop (didn't bet)
Seat 6: e0dddd68 (small blind) folded before Flop


Poker Hand #HD1727733906: Hold'em No Limit ($0.02/$0.05) - 2024/04/12 22:48:33
Table 'NLHBlue29' 6-max Seat #3 is the button
Seat 1: 2d091d73 ($5 in chips)
Seat 2: 84c65d00 ($10.33 in chips)
Seat 3: 87779094 ($2.86 in chips)
Seat 5: Hero ($5.34 in chips)
Seat 6: e0dddd68 ($1.97 in chips)
Hero: posts small blind $0.02
e0dddd68: posts big blind $0.05
*** HOLE CARDS ***
Dealt to 2d091d73 
Dealt to 84c65d00 
Dealt to 87779094 
Dealt to Hero [Ks 6h]
Dealt to e0dddd68 
2d091d73: folds
84c65d00: raises $0.1 to $0.15
87779094: raises $0.1 to $0.25
Hero: folds
e0dddd68: folds
84c65d00: calls $0.1
*** FLOP *** [7s 6d Qc]
84c65d00: checks
87779094: bets $0.43
84c65d00: raises $1.43 to $1.86
87779094: raises $0.75 to $2.61 and is all-in
84c65d00: calls $0.75
87779094: shows [Tc Qd] (Pair of Queens)
84c65d00: shows [Ad Qs] (Pair of Queens)
*** TURN *** [7s 6d Qc] [Jh]
*** RIVER *** [7s 6d Qc Jh] [6c]
*** SHOWDOWN ***
84c65d00 collected $5.46 from pot
*** SUMMARY ***
Total pot $5.79 | Rake $0.28 | Jackpot $0.05 | Bingo $0 | Fortune $0 | Tax $0
Board [7s 6d Qc Jh 6c]
Seat 1: 2d091d73 folded before Flop (didn't bet)
Seat 2: 84c65d00 showed [Ad Qs] and won ($5.46) with Pair of Queens and Pair of Sixes
Seat 3: 87779094 (button) showed [Tc Qd] and lost with Pair of Queens and Pair of Sixes
Seat 5: Hero (small blind) folded before Flop
Seat 6: e0dddd68 (big blind) folded before Flop


Poker Hand #HD1727733785: Hold'em No Limit ($0.02/$0.05) - 2024/04/12 22:47:33
Table 'NLHBlue29' 6-max Seat #2 is the button
Seat 1: 2d091d73 ($5 in chips)
Seat 2: 84c65d00 ($10.33 in chips)
Seat 3: 87779094 ($2.88 in chips)
Seat 4: eb606a6e ($6.1 in chips)
Seat 5: Hero ($5.34 in chips)
Seat 6: e0dddd68 ($1.97 in chips)
87779094: posts small blind $0.02
eb606a6e: posts big blind $0.05
*** HOLE CARDS ***
Dealt to 2d091d73 
Dealt to 84c65d00 
Dealt to 87779094 
Dealt to eb606a6e 
Dealt to Hero [2h 6h]
Dealt to e0dddd68 
Hero: folds
e0dddd68: folds
2d091d73: raises $0.08 to $0.13
84c65d00: folds
87779094: folds
eb606a6e: calls $0.08
*** FLOP *** [9h Js 7s]
eb606a6e: checks
2d091d73: bets $0.1
eb606a6e: calls $0.1
*** TURN *** [9h Js 7s] [Jc]
eb606a6e: checks
2d091d73: bets $0.35
eb606a6e: raises $0.69 to $1.04
2d091d73: folds
Uncalled bet ($0.69) returned to eb606a6e
*** SHOWDOWN ***
eb606a6e collected $1.13 from pot
*** SUMMARY ***
Total pot $1.18 | Rake $0.05 | Jackpot $0 | Bingo $0 | Fortune $0 | Tax $0
Board [9h Js 7s Jc]
Seat 1: 2d091d73 folded on the Turn
Seat 2: 84c65d00 (button) folded before Flop (didn't bet)
Seat 3: 87779094 (small blind) folded before Flop
Seat 4: eb606a6e (big blind) won ($1.13)
Seat 5: Hero folded before Flop (didn't bet)
Seat 6: e0dddd68 folded before Flop (didn't bet)


Poker Hand #HD1727733704: Hold'em No Limit ($0.02/$0.05) - 2024/04/12 22:46:57
Table 'NLHBlue29' 6-max Seat #1 is the button
Seat 1: 2d091d73 ($5 in chips)
Seat 2: 84c65d00 ($10.35 in chips)
Seat 3: 87779094 ($2.77 in chips)
Seat 4: eb606a6e ($6.1 in chips)
Seat 5: Hero ($5.44 in chips)
Seat 6: e0dddd68 ($1.97 in chips)
84c65d00: posts small blind $0.02
87779094: posts big blind $0.05
*** HOLE CARDS ***
Dealt to 2d091d73 
Dealt to 84c65d00 
Dealt to 87779094 
Dealt to eb606a6e 
Dealt to Hero [5s As]
Dealt to e0dddd68 
eb606a6e: folds
Hero: raises $0.05 to $0.1
e0dddd68: folds
2d091d73: folds
84c65d00: folds
87779094: calls $0.05
*** FLOP *** [3d Ks Qd]
87779094: bets $0.17
Hero: folds
Uncalled bet ($0.17) returned to 87779094
*** SHOWDOWN ***
87779094 collected $0.21 from pot
*** SUMMARY ***
Total pot $0.22 | Rake $0.01 | Jackpot $0 | Bingo $0 | Fortune $0 | Tax $0
Board [3d Ks Qd]
Seat 1: 2d091d73 (button) folded before Flop (didn't bet)
Seat 2: 84c65d00 (small blind) folded before Flop
Seat 3: 87779094 (big blind) won ($0.21)
Seat 4: eb606a6e folded before Flop (didn't bet)
Seat 5: Hero folded on the Flop
Seat 6: e0dddd68 folded before Flop (didn't bet)


Poker Hand #HD1727733621: Hold'em No Limit ($0.02/$0.05) - 2024/04/12 22:46:24
Table 'NLHBlue29' 6-max Seat #6 is the button
Seat 1: 2d091d73 ($5 in chips)
Seat 2: 84c65d00 ($10.1 in chips)
Seat 3: 87779094 ($2.77 in chips)
Seat 4: eb606a6e ($6.1 in chips)
Seat 5: Hero ($5.44 in chips)
Seat 6: e0dddd68 ($2.22 in chips)
2d091d73: posts small blind $0.02
84c65d00: posts big blind $0.05
*** HOLE CARDS ***
Dealt to 2d091d73 
Dealt to 84c65d00 
Dealt to 87779094 
Dealt to eb606a6e 
Dealt to Hero [9h 3s]
Dealt to e0dddd68 
87779094: folds
eb606a6e: folds
Hero: folds
e0dddd68: calls $0.05
2d091d73: folds
84c65d00: raises $0.2 to $0.25
e0dddd68: calls $0.2
*** FLOP *** [6d 2h 7c]
84c65d00: bets $0.26
e0dddd68: folds
Uncalled bet ($0.26) returned to 84c65d00
*** SHOWDOWN ***
84c65d00 collected $0.5 from pot
*** SUMMARY ***
Total pot $0.52 | Rake $0.02 | Jackpot $0 | Bingo $0 | Fortune $0 | Tax $0
Board [6d 2h 7c]
Seat 1: 2d091d73 (small blind) folded before Flop
Seat 2: 84c65d00 (big blind) won ($0.5)
Seat 3: 87779094 folded before Flop (didn't bet)
Seat 4: eb606a6e folded before Flop (didn't bet)
Seat 5: Hero folded before Flop (didn't bet)
Seat 6: e0dddd68 (button) folded on the Flop


Poker Hand #HD1727733591: Hold'em No Limit ($0.02/$0.05) - 2024/04/12 22:46:07
Table 'NLHBlue29' 6-max Seat #5 is the button
Seat 1: 2d091d73 ($5 in chips)
Seat 2: 84c65d00 ($10.1 in chips)
Seat 3: 87779094 ($2.7 in chips)
Seat 4: eb606a6e ($6.1 in chips)
Seat 5: Hero ($5.44 in chips)
Seat 6: e0dddd68 ($2.24 in chips)
e0dddd68: posts small blind $0.02
2d091d73: posts big blind $0.05
*** HOLE CARDS ***
Dealt to 2d091d73 
Dealt to 84c65d00 
Dealt to 87779094 
Dealt to eb606a6e 
Dealt to Hero [Qd 3d]
Dealt to e0dddd68 
84c65d00: folds
87779094: raises $0.05 to $0.1
eb606a6e: folds
Hero: folds
e0dddd68: folds
2d091d73: folds
Uncalled bet ($0.05) returned to 87779094
*** SHOWDOWN ***
87779094 collected $0.12 from pot
*** SUMMARY ***
Total pot $0.12 | Rake $0 | Jackpot $0 | Bingo $0 | Fortune $0 | Tax $0
Seat 1: 2d091d73 (big blind) folded before Flop
Seat 2: 84c65d00 folded before Flop (didn't bet)
Seat 3: 87779094 collected ($0.12)
Seat 4: eb606a6e folded before Flop (didn't bet)
Seat 5: Hero (button) folded before Flop (didn't bet)
Seat 6: e0dddd68 (small blind) folded before Flop


Poker Hand #HD1727733530: Hold'em No Limit ($0.02/$0.05) - 2024/04/12 22:45:41
Table 'NLHBlue29' 6-max Seat #4 is the button
Seat 2: 84c65d00 ($10.1 in chips)
Seat 3: 87779094 ($2.9 in chips)
Seat 4: eb606a6e ($6.1 in chips)
Seat 5: Hero ($5.21 in chips)
Seat 6: e0dddd68 ($2.29 in chips)
Hero: posts small blind $0.02
e0dddd68: posts big blind $0.05
*** HOLE CARDS ***
Dealt to 84c65d00 
Dealt to 87779094 
Dealt to eb606a6e 
Dealt to Hero [9d 7d]
Dealt to e0dddd68 
84c65d00: folds
87779094: calls $0.05
eb606a6e: folds
Hero: raises $0.15 to $0.2
e0dddd68: folds
87779094: calls $0.15
*** FLOP *** [Qd Kd Jh]
Hero: bets $0.25
87779094: folds
Uncalled bet ($0.25) returned to Hero
*** SHOWDOWN ***
Hero collected $0.43 from pot
*** SUMMARY ***
Total pot $0.45 | Rake $0.02 | Jackpot $0 | Bingo $0 | Fortune $0 | Tax $0
Board [Qd Kd Jh]
Seat 2: 84c65d00 folded before Flop (didn't bet)
Seat 3: 87779094 folded on the Flop
Seat 4: eb606a6e (button) folded before Flop (didn't bet)
Seat 5: Hero (small blind) won ($0.43)
Seat 6: e0dddd68 (big blind) folded before Flop


Poker Hand #HD1727733422: Hold'em No Limit ($0.02/$0.05) - 2024/04/12 22:44:53
Table 'NLHBlue29' 6-max Seat #3 is the button
Seat 2: 84c65d00 ($10.1 in chips)
Seat 3: 87779094 ($3.05 in chips)
Seat 4: eb606a6e ($6.12 in chips)
Seat 5: Hero ($5.05 in chips)
Seat 6: e0dddd68 ($2.29 in chips)
eb606a6e: posts small blind $0.02
Hero: posts big blind $0.05
*** HOLE CARDS ***
Dealt to 84c65d00 
Dealt to 87779094 
Dealt to eb606a6e 
Dealt to Hero [7d Ad]
Dealt to e0dddd68 
e0dddd68: folds
84c65d00: folds
87779094: calls $0.05
eb606a6e: folds
Hero: checks
*** FLOP *** [6h 5h Ts]
Hero: checks
87779094: checks
*** TURN *** [6h 5h Ts] [8d]
Hero: bets $0.1
87779094: calls $0.1
*** RIVER *** [6h 5h Ts 8d] [8s]
Hero: bets $0.25
87779094: folds
Uncalled bet ($0.25) returned to Hero
*** SHOWDOWN ***
Hero collected $0.31 from pot
*** SUMMARY ***
Total pot $0.32 | Rake $0.01 | Jackpot $0 | Bingo $0 | Fortune $0 | Tax $0
Board [6h 5h Ts 8d 8s]
Seat 2: 84c65d00 folded before Flop (didn't bet)
Seat 3: 87779094 (button) folded on the River
Seat 4: eb606a6e (small blind) folded before Flop
Seat 5: Hero (big blind) won ($0.31)
Seat 6: e0dddd68 folded before Flop (didn't bet)


Poker Hand #HD1727733381: Hold'em No Limit ($0.02/$0.05) - 2024/04/12 22:44:30
Table 'NLHBlue29' 6-max Seat #2 is the button
Seat 2: 84c65d00 ($10.1 in chips)
Seat 3: 87779094 ($3 in chips)
Seat 4: eb606a6e ($6.17 in chips)
Seat 5: Hero ($5.05 in chips)
Seat 6: e0dddd68 ($2.29 in chips)
87779094: posts small blind $0.02
eb606a6e: posts big blind $0.05
*** HOLE CARDS ***
Dealt to 84c65d00 
Dealt to 87779094 
Dealt to eb606a6e 
Dealt to Hero [4h Kd]
Dealt to e0dddd68 
Hero: folds
e0dddd68: folds
84c65d00: folds
87779094: calls $0.03
eb606a6e: checks
*** FLOP *** [9c Th Kc]
87779094: bets $0.1
eb606a6e: folds
Uncalled bet ($0.1) returned to 87779094
*** SHOWDOWN ***
87779094 collected $0.1 from pot
*** SUMMARY ***
Total pot $0.1 | Rake $0 | Jackpot $0 | Bingo $0 | Fortune $0 | Tax $0
Board [9c Th Kc]
Seat 2: 84c65d00 (button) folded before Flop (didn't bet)
Seat 3: 87779094 (small blind) won ($0.1)
Seat 4: eb606a6e (big blind) folded on the Flop
Seat 5: Hero folded before Flop (didn't bet)
Seat 6: e0dddd68 folded before Flop (didn't bet)


Poker Hand #HD1727733335: Hold'em No Limit ($0.02/$0.05) - 2024/04/12 22:44:11
Table 'NLHBlue29' 6-max Seat #6 is the button
Seat 2: 84c65d00 ($10.12 in chips)
Seat 3: 87779094 ($2.98 in chips)
Seat 4: eb606a6e ($6.17 in chips)
Seat 5: Hero ($5.05 in chips)
Seat 6: e0dddd68 ($2.29 in chips)
84c65d00: posts small blind $0.02
87779094: posts big blind $0.05
*** HOLE CARDS ***
Dealt to 84c65d00 
Dealt to 87779094 
Dealt to eb606a6e 
Dealt to Hero [3d 9s]
Dealt to e0dddd68 
eb606a6e: folds
Hero: folds
e0dddd68: folds
84c65d00: folds
Uncalled bet ($0.03) returned to 87779094
*** SHOWDOWN ***
87779094 collected $0.04 from pot
*** SUMMARY ***
Total pot $0.04 | Rake $0 | Jackpot $0 | Bingo $0 | Fortune $0 | Tax $0
Seat 2: 84c65d00 (small blind) folded before Flop
Seat 3: 87779094 (big blind) collected ($0.04)
Seat 4: eb606a6e folded before Flop (didn't bet)
Seat 5: Hero folded before Flop (didn't bet)
Seat 6: e0dddd68 (button) folded before Flop (didn't bet)


Poker Hand #HD1727733312: Hold'em No Limit ($0.02/$0.05) - 2024/04/12 22:44:00
Table 'NLHBlue29' 6-max Seat #5 is the button
Seat 2: 84c65d00 ($10.1 in chips)
Seat 3: 87779094 ($2.98 in chips)
Seat 4: eb606a6e ($6.17 in chips)
Seat 5: Hero ($5.05 in chips)
Seat 6: e0dddd68 ($2.31 in chips)
e0dddd68: posts small blind $0.02
84c65d00: posts big blind $0.05
*** HOLE CARDS ***
Dealt to 84c65d00 
Dealt to 87779094 
Dealt to eb606a6e 
Dealt to Hero [Jc 6h]
Dealt to e0dddd68 
87779094: folds
eb606a6e: folds
Hero: folds
e0dddd68: folds
Uncalled bet ($0.03) returned to 84c65d00
*** SHOWDOWN ***
84c65d00 collected $0.04 from pot
*** SUMMARY ***
Total pot $0.04 | Rake $0 | Jackpot $0 | Bingo $0 | Fortune $0 | Tax $0
Seat 2: 84c65d00 (big blind) collected ($0.04)
Seat 3: 87779094 folded before Flop (didn't bet)
Seat 4: eb606a6e folded before Flop (didn't bet)
Seat 5: Hero (button) folded before Flop (didn't bet)
Seat 6: e0dddd68 (small blind) folded before Flop


Poker Hand #HD1727733234: Hold'em No Limit ($0.02/$0.05) - 2024/04/12 22:43:19
Table 'NLHBlue29' 6-max Seat #4 is the button
Seat 1: b4b681db ($5.03 in chips)
Seat 2: 84c65d00 ($10.1 in chips)
Seat 3: 87779094 ($2.83 in chips)
Seat 4: eb606a6e ($6.17 in chips)
Seat 5: Hero ($5.07 in chips)
Seat 6: e0dddd68 ($2.45 in chips)
Hero: posts small blind $0.02
e0dddd68: posts big blind $0.05
*** HOLE CARDS ***
Dealt to b4b681db 
Dealt to 84c65d00 
Dealt to 87779094 
Dealt to eb606a6e 
Dealt to Hero [3h 6s]
Dealt to e0dddd68 
b4b681db: folds
84c65d00: folds
87779094: calls $0.05
eb606a6e: folds
Hero: folds
e0dddd68: checks
*** FLOP *** [2c 2s Ah]
e0dddd68: checks
87779094: checks
*** TURN *** [2c 2s Ah] [7s]
e0dddd68: checks
87779094: checks
*** RIVER *** [2c 2s Ah 7s] [8s]
e0dddd68: checks
87779094: bets $0.09
e0dddd68: calls $0.09
87779094: shows [8h Kc] (Pair of Eights and Pair of Twos)
e0dddd68: shows [Td 7h] (Pair of Sevens and Pair of Twos)
*** SHOWDOWN ***
87779094 collected $0.29 from pot
*** SUMMARY ***
Total pot $0.3 | Rake $0.01 | Jackpot $0 | Bingo $0 | Fortune $0 | Tax $0
Board [2c 2s Ah 7s 8s]
Seat 1: b4b681db folded before Flop (didn't bet)
Seat 2: 84c65d00 folded before Flop (didn't bet)
Seat 3: 87779094 showed [8h Kc] and won ($0.29) with Pair of Eights and Pair of Twos
Seat 4: eb606a6e (button) folded before Flop (didn't bet)
Seat 5: Hero (small blind) folded before Flop
Seat 6: e0dddd68 (big blind) showed [Td 7h] and lost with Pair of Sevens and Pair of Twos


Poker Hand #HD1727733109: Hold'em No Limit ($0.02/$0.05) - 2024/04/12 22:42:20
Table 'NLHBlue29' 6-max Seat #3 is the button
Seat 1: b4b681db ($5.03 in chips)
Seat 2: 84c65d00 ($6.87 in chips)
Seat 3: 87779094 ($6.39 in chips)
Seat 4: eb606a6e ($6.19 in chips)
Seat 5: Hero ($5.12 in chips)
Seat 6: e0dddd68 ($2.45 in chips)
eb606a6e: posts small blind $0.02
Hero: posts big blind $0.05
*** HOLE CARDS ***
Dealt to b4b681db 
Dealt to 84c65d00 
Dealt to 87779094 
Dealt to eb606a6e 
Dealt to Hero [8s 3c]
Dealt to e0dddd68 
e0dddd68: folds
b4b681db: folds
84c65d00: raises $0.1 to $0.15
87779094: raises $0.1 to $0.25
eb606a6e: folds
Hero: folds
84c65d00: calls $0.1
*** FLOP *** [6s Tc 9c]
84c65d00: checks
87779094: bets $0.43
84c65d00: raises $0.72 to $1.15
87779094: calls $0.72
*** TURN *** [6s Tc 9c] [Js]
84c65d00: bets $2.16
87779094: calls $2.16
*** RIVER *** [6s Tc 9c Js] [Qs]
84c65d00: bets $3.31 and is all-in
87779094: folds
Uncalled bet ($3.31) returned to 84c65d00
87779094: shows [Ac 7c] (Ace-High)
*** SHOWDOWN ***
84c65d00 collected $6.79 from pot
*** SUMMARY ***
Total pot $7.19 | Rake $0.35 | Jackpot $0.05 | Bingo $0 | Fortune $0 | Tax $0
Board [6s Tc 9c Js Qs]
Seat 1: b4b681db folded before Flop (didn't bet)
Seat 2: 84c65d00 won ($6.79)
Seat 3: 87779094 (button) folded on the River
Seat 4: eb606a6e (small blind) folded before Flop
Seat 5: Hero (big blind) folded before Flop
Seat 6: e0dddd68 folded before Flop (didn't bet)


Poker Hand #HD1727733013: Hold'em No Limit ($0.02/$0.05) - 2024/04/12 22:41:37
Table 'NLHBlue29' 6-max Seat #2 is the button
Seat 1: b4b681db ($5.03 in chips)
Seat 2: 84c65d00 ($6.97 in chips)
Seat 3: 87779094 ($6.25 in chips)
Seat 4: eb606a6e ($6.24 in chips)
Seat 5: Hero ($5.12 in chips)
Seat 6: e0dddd68 ($2.45 in chips)
87779094: posts small blind $0.02
eb606a6e: posts big blind $0.05
*** HOLE CARDS ***
Dealt to b4b681db 
Dealt to 84c65d00 
Dealt to 87779094 
Dealt to eb606a6e 
Dealt to Hero [Jh Td]
Dealt to e0dddd68 
Hero: folds
e0dddd68: folds
b4b681db: folds
84c65d00: raises $0.05 to $0.1
87779094: raises $0.25 to $0.35
eb606a6e: folds
84c65d00: folds
Uncalled bet ($0.25) returned to 87779094
*** SHOWDOWN ***
87779094 collected $0.24 from pot
*** SUMMARY ***
Total pot $0.25 | Rake $0.01 | Jackpot $0 | Bingo $0 | Fortune $0 | Tax $0
Seat 1: b4b681db folded before Flop (didn't bet)
Seat 2: 84c65d00 (button) folded before Flop
Seat 3: 87779094 (small blind) collected ($0.24)
Seat 4: eb606a6e (big blind) folded before Flop
Seat 5: Hero folded before Flop (didn't bet)
Seat 6: e0dddd68 folded before Flop (didn't bet)


Poker Hand #HD1727732919: Hold'em No Limit ($0.02/$0.05) - 2024/04/12 22:41:00
Table 'NLHBlue29' 6-max Seat #1 is the button
Seat 1: b4b681db ($5.03 in chips)
Seat 2: 84c65d00 ($6.99 in chips)
Seat 3: 87779094 ($6.14 in chips)
Seat 4: eb606a6e ($6.24 in chips)
Seat 5: Hero ($5.12 in chips)
Seat 6: e0dddd68 ($2.55 in chips)
84c65d00: posts small blind $0.02
87779094: posts big blind $0.05
*** HOLE CARDS ***
Dealt to b4b681db 
Dealt to 84c65d00 
Dealt to 87779094 
Dealt to eb606a6e 
Dealt to Hero [Ks 4c]
Dealt to e0dddd68 
eb606a6e: folds
Hero: folds
e0dddd68: calls $0.05
b4b681db: folds
84c65d00: folds
87779094: raises $0.05 to $0.1
e0dddd68: calls $0.05
*** FLOP *** [9c Th 2d]
87779094: bets $0.22
e0dddd68: folds
Uncalled bet ($0.22) returned to 87779094
*** SHOWDOWN ***
87779094 collected $0.21 from pot
*** SUMMARY ***
Total pot $0.22 | Rake $0.01 | Jackpot $0 | Bingo $0 | Fortune $0 | Tax $0
Board [9c Th 2d]
Seat 1: b4b681db (button) folded before Flop (didn't bet)
Seat 2: 84c65d00 (small blind) folded before Flop
Seat 3: 87779094 (big blind) won ($0.21)
Seat 4: eb606a6e folded before Flop (didn't bet)
Seat 5: Hero folded before Flop (didn't bet)
Seat 6: e0dddd68 folded on the Flop


Poker Hand #HD1727732869: Hold'em No Limit ($0.02/$0.05) - 2024/04/12 22:40:43
Table 'NLHBlue29' 6-max Seat #6 is the button
Seat 1: b4b681db ($5.05 in chips)
Seat 2: 84c65d00 ($7.04 in chips)
Seat 3: 87779094 ($6.07 in chips)
Seat 4: eb606a6e ($6.24 in chips)
Seat 5: Hero ($5.12 in chips)
Seat 6: e0dddd68 ($2.55 in chips)
b4b681db: posts small blind $0.02
84c65d00: posts big blind $0.05
*** HOLE CARDS ***
Dealt to b4b681db 
Dealt to 84c65d00 
Dealt to 87779094 
Dealt to eb606a6e 
Dealt to Hero [3d 7s]
Dealt to e0dddd68 
87779094: calls $0.05
eb606a6e: folds
Hero: folds
e0dddd68: folds
b4b681db: folds
84c65d00: checks
*** FLOP *** [8s Jc 5s]
84c65d00: checks
87779094: bets $0.12
84c65d00: folds
Uncalled bet ($0.12) returned to 87779094
*** SHOWDOWN ***
87779094 collected $0.12 from pot
*** SUMMARY ***
Total pot $0.12 | Rake $0 | Jackpot $0 | Bingo $0 | Fortune $0 | Tax $0
Board [8s Jc 5s]
Seat 1: b4b681db (small blind) folded before Flop
Seat 2: 84c65d00 (big blind) folded on the Flop
Seat 3: 87779094 won ($0.12)
Seat 4: eb606a6e folded before Flop (didn't bet)
Seat 5: Hero folded before Flop (didn't bet)
Seat 6: e0dddd68 (button) folded before Flop (didn't bet)


Poker Hand #HD1727732820: Hold'em No Limit ($0.02/$0.05) - 2024/04/12 22:40:21
Table 'NLHBlue29' 6-max Seat #5 is the button
Seat 1: b4b681db ($5.1 in chips)
Seat 3: 87779094 ($6 in chips)
Seat 4: eb606a6e ($6.24 in chips)
Seat 5: Hero ($5.12 in chips)
Seat 6: e0dddd68 ($2.57 in chips)
e0dddd68: posts small blind $0.02
b4b681db: posts big blind $0.05
*** HOLE CARDS ***
Dealt to b4b681db 
Dealt to 87779094 
Dealt to eb606a6e 
Dealt to Hero [4h 3s]
Dealt to e0dddd68 
87779094: calls $0.05
eb606a6e: folds
Hero: folds
e0dddd68: folds
b4b681db: checks
*** FLOP *** [Qd 2c Js]
b4b681db: checks
87779094: bets $0.12
b4b681db: folds
Uncalled bet ($0.12) returned to 87779094
*** SHOWDOWN ***
87779094 collected $0.12 from pot
*** SUMMARY ***
Total pot $0.12 | Rake $0 | Jackpot $0 | Bingo $0 | Fortune $0 | Tax $0
Board [Qd 2c Js]
Seat 1: b4b681db (big blind) folded on the Flop
Seat 3: 87779094 won ($0.12)
Seat 4: eb606a6e folded before Flop (didn't bet)
Seat 5: Hero (button) folded before Flop (didn't bet)
Seat 6: e0dddd68 (small blind) folded before Flop


Poker Hand #HD1727732790: Hold'em No Limit ($0.02/$0.05) - 2024/04/12 22:40:09
Table 'NLHBlue29' 6-max Seat #4 is the button
Seat 1: b4b681db ($5.1 in chips)
Seat 3: 87779094 ($6 in chips)
Seat 4: eb606a6e ($6.24 in chips)
Seat 5: Hero ($5.07 in chips)
Seat 6: e0dddd68 ($2.62 in chips)
Hero: posts small blind $0.02
e0dddd68: posts big blind $0.05
*** HOLE CARDS ***
Dealt to b4b681db 
Dealt to 87779094 
Dealt to eb606a6e 
Dealt to Hero [As Td]
Dealt to e0dddd68 
b4b681db: folds
87779094: folds
eb606a6e: folds
Hero: raises $0.1 to $0.15
e0dddd68: folds
Uncalled bet ($0.1) returned to Hero
*** SHOWDOWN ***
Hero collected $0.1 from pot
*** SUMMARY ***
Total pot $0.1 | Rake $0 | Jackpot $0 | Bingo $0 | Fortune $0 | Tax $0
Seat 1: b4b681db folded before Flop (didn't bet)
Seat 3: 87779094 folded before Flop (didn't bet)
Seat 4: eb606a6e (button) folded before Flop (didn't bet)
Seat 5: Hero (small blind) collected ($0.1)
Seat 6: e0dddd68 (big blind) folded before Flop


Poker Hand #HD1727732628: Hold'em No Limit ($0.02/$0.05) - 2024/04/12 22:38:54
Table 'NLHBlue29' 6-max Seat #3 is the button
Seat 1: b4b681db ($5.1 in chips)
Seat 3: 87779094 ($4.82 in chips)
Seat 4: eb606a6e ($6.26 in chips)
Seat 5: Hero ($5.12 in chips)
Seat 6: e0dddd68 ($3.9 in chips)
eb606a6e: posts small blind $0.02
Hero: posts big blind $0.05
*** HOLE CARDS ***
Dealt to b4b681db 
Dealt to 87779094 
Dealt to eb606a6e 
Dealt to Hero [8c Qc]
Dealt to e0dddd68 
e0dddd68: calls $0.05
b4b681db: folds
87779094: calls $0.05
eb606a6e: folds
Hero: checks
*** FLOP *** [5s 2d Tc]
Hero: checks
e0dddd68: bets $0.09
87779094: calls $0.09
Hero: folds
*** TURN *** [5s 2d Tc] [4s]
e0dddd68: checks
87779094: bets $0.35
e0dddd68: calls $0.35
*** RIVER *** [5s 2d Tc 4s] [6d]
e0dddd68: checks
87779094: bets $0.79
e0dddd68: calls $0.79
87779094: shows [2c 2h] (Three Twos)
e0dddd68: shows [Jc Js] (Pair of Jacks)
*** SHOWDOWN ***
87779094 collected $2.46 from pot
*** SUMMARY ***
Total pot $2.63 | Rake $0.12 | Jackpot $0.05 | Bingo $0 | Fortune $0 | Tax $0
Board [5s 2d Tc 4s 6d]
Seat 1: b4b681db folded before Flop (didn't bet)
Seat 3: 87779094 (button) showed [2c 2h] and won ($2.46) with Three Twos
Seat 4: eb606a6e (small blind) folded before Flop
Seat 5: Hero (big blind) folded on the Flop
Seat 6: e0dddd68 showed [Jc Js] and lost with Pair of Jacks


Poker Hand #HD1727732572: Hold'em No Limit ($0.02/$0.05) - 2024/04/12 22:38:31
Table 'NLHBlue29' 6-max Seat #1 is the button
Seat 1: b4b681db ($5.1 in chips)
Seat 2: 84c65d00 ($7.06 in chips)
Seat 3: 87779094 ($4.8 in chips)
Seat 4: eb606a6e ($6.26 in chips)
Seat 5: Hero ($5.12 in chips)
Seat 6: e0dddd68 ($3.9 in chips)
84c65d00: posts small blind $0.02
87779094: posts big blind $0.05
*** HOLE CARDS ***
Dealt to b4b681db 
Dealt to 84c65d00 
Dealt to 87779094 
Dealt to eb606a6e 
Dealt to Hero [6h 9d]
Dealt to e0dddd68 
eb606a6e: folds
Hero: folds
e0dddd68: folds
b4b681db: folds
84c65d00: folds
Uncalled bet ($0.03) returned to 87779094
*** SHOWDOWN ***
87779094 collected $0.04 from pot
*** SUMMARY ***
Total pot $0.04 | Rake $0 | Jackpot $0 | Bingo $0 | Fortune $0 | Tax $0
Seat 1: b4b681db (button) folded before Flop (didn't bet)
Seat 2: 84c65d00 (small blind) folded before Flop
Seat 3: 87779094 (big blind) collected ($0.04)
Seat 4: eb606a6e folded before Flop (didn't bet)
Seat 5: Hero folded before Flop (didn't bet)
Seat 6: e0dddd68 folded before Flop (didn't bet)


Poker Hand #HD1727732536: Hold'em No Limit ($0.02/$0.05) - 2024/04/12 22:38:12
Table 'NLHBlue29' 6-max Seat #6 is the button
Seat 1: b4b681db ($5.12 in chips)
Seat 2: 84c65d00 ($7.11 in chips)
Seat 3: 87779094 ($4.85 in chips)
Seat 4: eb606a6e ($6.26 in chips)
Seat 5: Hero ($5 in chips)
Seat 6: e0dddd68 ($3.9 in chips)
b4b681db: posts small blind $0.02
84c65d00: posts big blind $0.05
*** HOLE CARDS ***
Dealt to b4b681db 
Dealt to 84c65d00 
Dealt to 87779094 
Dealt to eb606a6e 
Dealt to Hero [Td Qd]
Dealt to e0dddd68 
87779094: calls $0.05
eb606a6e: folds
Hero: raises $0.12 to $0.17
e0dddd68: folds
b4b681db: folds
84c65d00: folds
87779094: folds
Uncalled bet ($0.12) returned to Hero
*** SHOWDOWN ***
Hero collected $0.17 from pot
*** SUMMARY ***
Total pot $0.17 | Rake $0 | Jackpot $0 | Bingo $0 | Fortune $0 | Tax $0
Seat 1: b4b681db (small blind) folded before Flop
Seat 2: 84c65d00 (big blind) folded before Flop
Seat 3: 87779094 folded before Flop
Seat 4: eb606a6e folded before Flop (didn't bet)
Seat 5: Hero collected ($0.17)
Seat 6: e0dddd68 (button) folded before Flop (didn't bet)


Poker Hand #HD1727732436: Hold'em No Limit ($0.02/$0.05) - 2024/04/12 22:37:32
Table 'NLHBlue29' 6-max Seat #5 is the button
Seat 1: b4b681db ($4.98 in chips)
Seat 2: 84c65d00 ($7.11 in chips)
Seat 3: 87779094 ($4.9 in chips)
Seat 4: eb606a6e ($6.26 in chips)
Seat 5: Hero ($5 in chips)
Seat 6: e0dddd68 ($4 in chips)
e0dddd68: posts small blind $0.02
b4b681db: posts big blind $0.05
*** HOLE CARDS ***
Dealt to b4b681db 
Dealt to 84c65d00 
Dealt to 87779094 
Dealt to eb606a6e 
Dealt to Hero [6h 7s]
Dealt to e0dddd68 
84c65d00: folds
87779094: calls $0.05
eb606a6e: folds
Hero: folds
e0dddd68: raises $0.05 to $0.1
b4b681db: raises $0.35 to $0.45
87779094: folds
e0dddd68: folds
Uncalled bet ($0.35) returned to b4b681db
*** SHOWDOWN ***
b4b681db collected $0.24 from pot
*** SUMMARY ***
Total pot $0.25 | Rake $0.01 | Jackpot $0 | Bingo $0 | Fortune $0 | Tax $0
Seat 1: b4b681db (big blind) collected ($0.24)
Seat 2: 84c65d00 folded before Flop (didn't bet)
Seat 3: 87779094 folded before Flop
Seat 4: eb606a6e folded before Flop (didn't bet)
Seat 5: Hero (button) folded before Flop (didn't bet)
Seat 6: e0dddd68 (small blind) folded before Flop


Poker Hand #HD1727732346: Hold'em No Limit ($0.02/$0.05) - 2024/04/12 22:36:54
Table 'NLHBlue29' 6-max Seat #4 is the button
Seat 1: b4b681db ($5.08 in chips)
Seat 2: 84c65d00 ($7.11 in chips)
Seat 3: 87779094 ($5 in chips)
Seat 4: eb606a6e ($6.26 in chips)
Seat 5: Hero ($5 in chips)
Seat 6: e0dddd68 ($3.79 in chips)
Hero: posts small blind $0.02
e0dddd68: posts big blind $0.05
*** HOLE CARDS ***
Dealt to b4b681db 
Dealt to 84c65d00 
Dealt to 87779094 
Dealt to eb606a6e 
Dealt to Hero [Ad 4h]
Dealt to e0dddd68 
b4b681db: calls $0.05
84c65d00: folds
87779094: calls $0.05
eb606a6e: folds
Hero: folds
e0dddd68: raises $0.05 to $0.1
b4b681db: calls $0.05
87779094: calls $0.05
*** FLOP *** [Ac Kc 3h]
e0dddd68: bets $0.11
b4b681db: folds
87779094: folds
Uncalled bet ($0.11) returned to e0dddd68
*** SHOWDOWN ***
e0dddd68 collected $0.31 from pot
*** SUMMARY ***
Total pot $0.32 | Rake $0.01 | Jackpot $0 | Bingo $0 | Fortune $0 | Tax $0
Board [Ac Kc 3h]
Seat 1: b4b681db folded on the Flop
Seat 2: 84c65d00 folded before Flop (didn't bet)
Seat 3: 87779094 folded on the Flop
Seat 4: eb606a6e (button) folded before Flop (didn't bet)
Seat 5: Hero (small blind) folded before Flop
Seat 6: e0dddd68 (big blind) won ($0.31)


Poker Hand #HD1727732290: Hold'em No Limit ($0.02/$0.05) - 2024/04/12 22:36:28
Table 'NLHBlue29' 6-max Seat #3 is the button
Seat 1: b4b681db ($4.89 in chips)
Seat 2: 84c65d00 ($7.11 in chips)
Seat 3: 87779094 ($5.13 in chips)
Seat 4: eb606a6e ($6.28 in chips)
Seat 5: Hero ($5.05 in chips)
eb606a6e: posts small blind $0.02
Hero: posts big blind $0.05
*** HOLE CARDS ***
Dealt to b4b681db 
Dealt to 84c65d00 
Dealt to 87779094 
Dealt to eb606a6e 
Dealt to Hero [2s 4h]
b4b681db: raises $0.08 to $0.13
84c65d00: folds
87779094: calls $0.13
eb606a6e: folds
Hero: folds
*** FLOP *** [Ts 9s 6s]
b4b681db: bets $0.11
87779094: folds
Uncalled bet ($0.11) returned to b4b681db
*** SHOWDOWN ***
b4b681db collected $0.32 from pot
*** SUMMARY ***
Total pot $0.33 | Rake $0.01 | Jackpot $0 | Bingo $0 | Fortune $0 | Tax $0
Board [Ts 9s 6s]
Seat 1: b4b681db won ($0.32)
Seat 2: 84c65d00 folded before Flop (didn't bet)
Seat 3: 87779094 (button) folded on the Flop
Seat 4: eb606a6e (small blind) folded before Flop
Seat 5: Hero (big blind) folded before Flop


Poker Hand #HD1727732214: Hold'em No Limit ($0.02/$0.05) - 2024/04/12 22:35:55
Table 'NLHBlue29' 6-max Seat #2 is the button
Seat 1: b4b681db ($4.89 in chips)
Seat 2: 84c65d00 ($7.11 in chips)
Seat 3: 87779094 ($5.08 in chips)
Seat 4: eb606a6e ($6.33 in chips)
Seat 5: Hero ($5.05 in chips)
87779094: posts small blind $0.02
eb606a6e: posts big blind $0.05
*** HOLE CARDS ***
Dealt to b4b681db 
Dealt to 84c65d00 
Dealt to 87779094 
Dealt to eb606a6e 
Dealt to Hero [Jd Jc]
Hero: folds
b4b681db: folds
84c65d00: folds
87779094: calls $0.03
eb606a6e: checks
*** FLOP *** [5s 8d As]
87779094: bets $0.08
eb606a6e: folds
Uncalled bet ($0.08) returned to 87779094
*** SHOWDOWN ***
87779094 collected $0.1 from pot
*** SUMMARY ***
Total pot $0.1 | Rake $0 | Jackpot $0 | Bingo $0 | Fortune $0 | Tax $0
Board [5s 8d As]
Seat 1: b4b681db folded before Flop (didn't bet)
Seat 2: 84c65d00 (button) folded before Flop (didn't bet)
Seat 3: 87779094 (small blind) won ($0.1)
Seat 4: eb606a6e (big blind) folded on the Flop
Seat 5: Hero folded before Flop (didn't bet)


Poker Hand #HD1727732138: Hold'em No Limit ($0.02/$0.05) - 2024/04/12 22:35:20
Table 'NLHBlue29' 6-max Seat #1 is the button
Seat 1: b4b681db ($4.89 in chips)
Seat 2: 84c65d00 ($7.13 in chips)
Seat 3: 87779094 ($5.07 in chips)
Seat 4: eb606a6e ($6.32 in chips)
Seat 5: Hero ($5.05 in chips)
84c65d00: posts small blind $0.02
87779094: posts big blind $0.05
*** HOLE CARDS ***
Dealt to b4b681db 
Dealt to 84c65d00 
Dealt to 87779094 
Dealt to eb606a6e 
Dealt to Hero [5s 3h]
eb606a6e: raises $0.05 to $0.1
Hero: folds
b4b681db: folds
84c65d00: folds
87779094: calls $0.05
*** FLOP *** [2s 2d 7s]
87779094: checks
eb606a6e: checks
*** TURN *** [2s 2d 7s] [7h]
87779094: checks
eb606a6e: checks
*** RIVER *** [2s 2d 7s 7h] [7c]
87779094: checks
eb606a6e: checks
87779094: shows [6s Kh] (Sevens Full over Twos)
eb606a6e: shows [Ac Qc] (Sevens Full over Twos)
*** SHOWDOWN ***
87779094 collected $0.11 from pot
eb606a6e collected $0.11 from pot
*** SUMMARY ***
Total pot $0.22 | Rake $0 | Jackpot $0 | Bingo $0 | Fortune $0 | Tax $0
Board [2s 2d 7s 7h 7c]
Seat 1: b4b681db (button) folded before Flop (didn't bet)
Seat 2: 84c65d00 (small blind) folded before Flop
Seat 3: 87779094 (big blind) showed [6s Kh] and won ($0.11) with Sevens Full over Twos
Seat 4: eb606a6e showed [Ac Qc] and won ($0.11) with Sevens Full over Twos
Seat 5: Hero folded before Flop (didn't bet)


Poker Hand #HD1727732090: Hold'em No Limit ($0.02/$0.05) - 2024/04/12 22:35:01
Table 'NLHBlue29' 6-max Seat #5 is the button
Seat 1: b4b681db ($4.91 in chips)
Seat 2: 84c65d00 ($7.18 in chips)
Seat 3: 87779094 ($5 in chips)
Seat 4: eb606a6e ($6.32 in chips)
Seat 5: Hero ($5.05 in chips)
b4b681db: posts small blind $0.02
84c65d00: posts big blind $0.05
87779094: posts big blind $0.05
*** HOLE CARDS ***
Dealt to b4b681db 
Dealt to 84c65d00 
Dealt to 87779094 
Dealt to eb606a6e 
Dealt to Hero [5d Kc]
87779094: raises $0.05 to $0.1
eb606a6e: folds
Hero: folds
b4b681db: folds
84c65d00: folds
Uncalled bet ($0.05) returned to 87779094
*** SHOWDOWN ***
87779094 collected $0.12 from pot
*** SUMMARY ***
Total pot $0.12 | Rake $0 | Jackpot $0 | Bingo $0 | Fortune $0 | Tax $0
Seat 1: b4b681db (small blind) folded before Flop
Seat 2: 84c65d00 (big blind) folded before Flop
Seat 3: 87779094 collected ($0.12)
Seat 4: eb606a6e folded before Flop (didn't bet)
Seat 5: Hero (button) folded before Flop (didn't bet)


Poker Hand #HD1727732058: Hold'em No Limit ($0.02/$0.05) - 2024/04/12 22:34:46
Table 'NLHBlue29' 6-max Seat #4 is the button
Seat 1: b4b681db ($4.96 in chips)
Seat 2: 84c65d00 ($7.18 in chips)
Seat 4: eb606a6e ($6.32 in chips)
Seat 5: Hero ($5 in chips)
Hero: posts small blind $0.02
b4b681db: posts big blind $0.05
*** HOLE CARDS ***
Dealt to b4b681db 
Dealt to 84c65d00 
Dealt to eb606a6e 
Dealt to Hero [Ah 5d]
84c65d00: folds
eb606a6e: folds
Hero: raises $0.1 to $0.15
b4b681db: folds
Uncalled bet ($0.1) returned to Hero
*** SHOWDOWN ***
Hero collected $0.1 from pot
*** SUMMARY ***
Total pot $0.1 | Rake $0 | Jackpot $0 | Bingo $0 | Fortune $0 | Tax $0
Seat 1: b4b681db (big blind) folded before Flop
Seat 2: 84c65d00 folded before Flop (didn't bet)
Seat 4: eb606a6e (button) folded before Flop (didn't bet)
Seat 5: Hero (small blind) collected ($0.1)


Poker Hand #HD1727731942: Hold'em No Limit ($0.02/$0.05) - 2024/04/12 22:33:52
Table 'NLHBlue29' 6-max Seat #2 is the button
Seat 1: b4b681db ($4.96 in chips)
Seat 2: 84c65d00 ($6.81 in chips)
Seat 3: 974eaa36 ($3.92 in chips)
Seat 4: eb606a6e ($6.71 in chips)
Seat 5: Hero ($5 in chips)
Seat 6: 1d21e563 ($2.58 in chips)
974eaa36: posts small blind $0.02
eb606a6e: posts big blind $0.05
*** HOLE CARDS ***
Dealt to b4b681db 
Dealt to 84c65d00 
Dealt to 974eaa36 
Dealt to eb606a6e 
Dealt to Hero [9h 4c]
Dealt to 1d21e563 
Hero: folds
1d21e563: folds
b4b681db: folds
84c65d00: raises $0.1 to $0.15
974eaa36: folds
eb606a6e: calls $0.1
*** FLOP *** [4d 9c Ac]
eb606a6e: checks
84c65d00: bets $0.24
eb606a6e: calls $0.24
*** TURN *** [4d 9c Ac] [5d]
eb606a6e: checks
84c65d00: bets $0.6
eb606a6e: folds
Uncalled bet ($0.6) returned to 84c65d00
*** SHOWDOWN ***
84c65d00 collected $0.76 from pot
*** SUMMARY ***
Total pot $0.8 | Rake $0.04 | Jackpot $0 | Bingo $0 | Fortune $0 | Tax $0
Board [4d 9c Ac 5d]
Seat 1: b4b681db folded before Flop (didn't bet)
Seat 2: 84c65d00 (button) won ($0.76)
Seat 3: 974eaa36 (small blind) folded before Flop
Seat 4: eb606a6e (big blind) folded on the Turn
Seat 5: Hero folded before Flop (didn't bet)
Seat 6: 1d21e563 folded before Flop (didn't bet)


Poker Hand #HD1727731910: Hold'em No Limit ($0.02/$0.05) - 2024/04/12 22:33:38
Table 'NLHBlue29' 6-max Seat #1 is the button
Seat 1: b4b681db ($4.96 in chips)
Seat 2: 84c65d00 ($6.83 in chips)
Seat 3: 974eaa36 ($3.9 in chips)
Seat 4: eb606a6e ($6.71 in chips)
Seat 5: Hero ($5 in chips)
Seat 6: 1d21e563 ($2.58 in chips)
84c65d00: posts small blind $0.02
974eaa36: posts big blind $0.05
*** HOLE CARDS ***
Dealt to b4b681db 
Dealt to 84c65d00 
Dealt to 974eaa36 
Dealt to eb606a6e 
Dealt to Hero [5c Kd]
Dealt to 1d21e563 
eb606a6e: folds
Hero: folds
1d21e563: folds
b4b681db: folds
84c65d00: folds
Uncalled bet ($0.03) returned to 974eaa36
*** SHOWDOWN ***
974eaa36 collected $0.04 from pot
*** SUMMARY ***
Total pot $0.04 | Rake $0 | Jackpot $0 | Bingo $0 | Fortune $0 | Tax $0
Seat 1: b4b681db (button) folded before Flop (didn't bet)
Seat 2: 84c65d00 (small blind) folded before Flop
Seat 3: 974eaa36 (big blind) collected ($0.04)
Seat 4: eb606a6e folded before Flop (didn't bet)
Seat 5: Hero folded before Flop (didn't bet)
Seat 6: 1d21e563 folded before Flop (didn't bet)


Poker Hand #HD1727731859: Hold'em No Limit ($0.02/$0.05) - 2024/04/12 22:33:18
Table 'NLHBlue29' 6-max Seat #6 is the button
Seat 1: b4b681db ($4.98 in chips)
Seat 2: 84c65d00 ($6.88 in chips)
Seat 3: 974eaa36 ($3.9 in chips)
Seat 4: eb606a6e ($6.71 in chips)
Seat 5: Hero ($5 in chips)
Seat 6: 1d21e563 ($2.51 in chips)
b4b681db: posts small blind $0.02
84c65d00: posts big blind $0.05
*** HOLE CARDS ***
Dealt to b4b681db 
Dealt to 84c65d00 
Dealt to 974eaa36 
Dealt to eb606a6e 
Dealt to Hero [9c 7h]
Dealt to 1d21e563 
974eaa36: folds
eb606a6e: folds
Hero: folds
1d21e563: raises $0.05 to $0.1
b4b681db: folds
84c65d00: folds
Uncalled bet ($0.05) returned to 1d21e563
*** SHOWDOWN ***
1d21e563 collected $0.12 from pot
*** SUMMARY ***
Total pot $0.12 | Rake $0 | Jackpot $0 | Bingo $0 | Fortune $0 | Tax $0
Seat 1: b4b681db (small blind) folded before Flop
Seat 2: 84c65d00 (big blind) folded before Flop
Seat 3: 974eaa36 folded before Flop (didn't bet)
Seat 4: eb606a6e folded before Flop (didn't bet)
Seat 5: Hero folded before Flop (didn't bet)
Seat 6: 1d21e563 (button) collected ($0.12)


Poker Hand #HD1727731835: Hold'em No Limit ($0.02/$0.05) - 2024/04/12 22:33:07
Table 'NLHBlue29' 6-max Seat #5 is the button
Seat 1: b4b681db ($5.03 in chips)
Seat 2: 84c65d00 ($6.88 in chips)
Seat 3: 974eaa36 ($3.9 in chips)
Seat 4: eb606a6e ($6.71 in chips)
Seat 5: Hero ($5 in chips)
Seat 6: 1d21e563 ($2.46 in chips)
1d21e563: posts small blind $0.02
b4b681db: posts big blind $0.05
*** HOLE CARDS ***
Dealt to b4b681db 
Dealt to 84c65d00 
Dealt to 974eaa36 
Dealt to eb606a6e 
Dealt to Hero [2s 9c]
Dealt to 1d21e563 
84c65d00: folds
974eaa36: folds
eb606a6e: folds
Hero: folds
1d21e563: raises $0.05 to $0.1
b4b681db: folds
Uncalled bet ($0.05) returned to 1d21e563
*** SHOWDOWN ***
1d21e563 collected $0.1 from pot
*** SUMMARY ***
Total pot $0.1 | Rake $0 | Jackpot $0 | Bingo $0 | Fortune $0 | Tax $0
Seat 1: b4b681db (big blind) folded before Flop
Seat 2: 84c65d00 folded before Flop (didn't bet)
Seat 3: 974eaa36 folded before Flop (didn't bet)
Seat 4: eb606a6e folded before Flop (didn't bet)
Seat 5: Hero (button) folded before Flop (didn't bet)
Seat 6: 1d21e563 (small blind) collected ($0.1)


Poker Hand #HD1727731793: Hold'em No Limit ($0.02/$0.05) - 2024/04/12 22:32:49
Table 'NLHBlue29' 6-max Seat #4 is the button
Seat 1: b4b681db ($5.03 in chips)
Seat 2: 84c65d00 ($6.81 in chips)
Seat 3: 974eaa36 ($3.9 in chips)
Seat 4: eb606a6e ($6.71 in chips)
Seat 5: Hero ($5 in chips)
Seat 6: 1d21e563 ($2.51 in chips)
Hero: posts small blind $0.02
1d21e563: posts big blind $0.05
*** HOLE CARDS ***
Dealt to b4b681db 
Dealt to 84c65d00 
Dealt to 974eaa36 
Dealt to eb606a6e 
Dealt to Hero [6s As]
Dealt to 1d21e563 
b4b681db: folds
84c65d00: raises $0.1 to $0.15
974eaa36: folds
eb606a6e: folds
Hero: folds
1d21e563: folds
Uncalled bet ($0.1) returned to 84c65d00
*** SHOWDOWN ***
84c65d00 collected $0.12 from pot
*** SUMMARY ***
Total pot $0.12 | Rake $0 | Jackpot $0 | Bingo $0 | Fortune $0 | Tax $0
Seat 1: b4b681db folded before Flop (didn't bet)
Seat 2: 84c65d00 collected ($0.12)
Seat 3: 974eaa36 folded before Flop (didn't bet)
Seat 4: eb606a6e (button) folded before Flop (didn't bet)
Seat 5: Hero (small blind) folded before Flop
Seat 6: 1d21e563 (big blind) folded before Flop


Poker Hand #HD1727731733: Hold'em No Limit ($0.02/$0.05) - 2024/04/12 22:32:27
Table 'NLHBlue29' 6-max Seat #3 is the button
Seat 1: b4b681db ($4.96 in chips)
Seat 2: 84c65d00 ($6.81 in chips)
Seat 3: 974eaa36 ($3.9 in chips)
Seat 4: eb606a6e ($6.73 in chips)
Seat 5: Hero ($5 in chips)
Seat 6: 1d21e563 ($2.51 in chips)
eb606a6e: posts small blind $0.02
Hero: posts big blind $0.05
*** HOLE CARDS ***
Dealt to b4b681db 
Dealt to 84c65d00 
Dealt to 974eaa36 
Dealt to eb606a6e 
Dealt to Hero [3h Jh]
Dealt to 1d21e563 
1d21e563: folds
b4b681db: raises $0.05 to $0.1
84c65d00: folds
974eaa36: folds
eb606a6e: folds
Hero: folds
Uncalled bet ($0.05) returned to b4b681db
*** SHOWDOWN ***
b4b681db collected $0.12 from pot
*** SUMMARY ***
Total pot $0.12 | Rake $0 | Jackpot $0 | Bingo $0 | Fortune $0 | Tax $0
Seat 1: b4b681db collected ($0.12)
Seat 2: 84c65d00 folded before Flop (didn't bet)
Seat 3: 974eaa36 (button) folded before Flop (didn't bet)
Seat 4: eb606a6e (small blind) folded before Flop
Seat 5: Hero (big blind) folded before Flop
Seat 6: 1d21e563 folded before Flop (didn't bet)


Poker Hand #HD1727731683: Hold'em No Limit ($0.02/$0.05) - 2024/04/12 22:32:07
Table 'NLHBlue29' 6-max Seat #2 is the button
Seat 1: b4b681db ($4.96 in chips)
Seat 2: 84c65d00 ($6.81 in chips)
Seat 3: 974eaa36 ($3.92 in chips)
Seat 4: eb606a6e ($6.71 in chips)
Seat 5: Hero ($5 in chips)
Seat 6: 1d21e563 ($2.51 in chips)
974eaa36: posts small blind $0.02
eb606a6e: posts big blind $0.05
*** HOLE CARDS ***
Dealt to b4b681db 
Dealt to 84c65d00 
Dealt to 974eaa36 
Dealt to eb606a6e 
Dealt to Hero [4s 9d]
Dealt to 1d21e563 
Hero: folds
1d21e563: folds
b4b681db: folds
84c65d00: folds
974eaa36: folds
Uncalled bet ($0.03) returned to eb606a6e
*** SHOWDOWN ***
eb606a6e collected $0.04 from pot
*** SUMMARY ***
Total pot $0.04 | Rake $0 | Jackpot $0 | Bingo $0 | Fortune $0 | Tax $0
Seat 1: b4b681db folded before Flop (didn't bet)
Seat 2: 84c65d00 (button) folded before Flop (didn't bet)
Seat 3: 974eaa36 (small blind) folded before Flop
Seat 4: eb606a6e (big blind) collected ($0.04)
Seat 5: Hero folded before Flop (didn't bet)
Seat 6: 1d21e563 folded before Flop (didn't bet)


Poker Hand #HD1727731657: Hold'em No Limit ($0.02/$0.05) - 2024/04/12 22:31:56
Table 'NLHBlue29' 6-max Seat #1 is the button
Seat 1: b4b681db ($4.96 in chips)
Seat 2: 84c65d00 ($6.83 in chips)
Seat 3: 974eaa36 ($3.9 in chips)
Seat 4: eb606a6e ($6.71 in chips)
Seat 5: Hero ($5 in chips)
Seat 6: 1d21e563 ($2.51 in chips)
84c65d00: posts small blind $0.02
974eaa36: posts big blind $0.05
*** HOLE CARDS ***
Dealt to b4b681db 
Dealt to 84c65d00 
Dealt to 974eaa36 
Dealt to eb606a6e 
Dealt to Hero [5s Ad]
Dealt to 1d21e563 
eb606a6e: folds
Hero: folds
1d21e563: folds
b4b681db: folds
84c65d00: folds
Uncalled bet ($0.03) returned to 974eaa36
*** SHOWDOWN ***
974eaa36 collected $0.04 from pot
*** SUMMARY ***
Total pot $0.04 | Rake $0 | Jackpot $0 | Bingo $0 | Fortune $0 | Tax $0
Seat 1: b4b681db (button) folded before Flop (didn't bet)
Seat 2: 84c65d00 (small blind) folded before Flop
Seat 3: 974eaa36 (big blind) collected ($0.04)
Seat 4: eb606a6e folded before Flop (didn't bet)
Seat 5: Hero folded before Flop (didn't bet)
Seat 6: 1d21e563 folded before Flop (didn't bet)


Poker Hand #HD1727731627: Hold'em No Limit ($0.02/$0.05) - 2024/04/12 22:31:40
Table 'NLHBlue29' 6-max Seat #6 is the button
Seat 1: b4b681db ($4.98 in chips)
Seat 2: 84c65d00 ($6.81 in chips)
Seat 3: 974eaa36 ($3.9 in chips)
Seat 4: eb606a6e ($6.71 in chips)
Seat 5: Hero ($5 in chips)
Seat 6: 1d21e563 ($2.51 in chips)
b4b681db: posts small blind $0.02
84c65d00: posts big blind $0.05
*** HOLE CARDS ***
Dealt to b4b681db 
Dealt to 84c65d00 
Dealt to 974eaa36 
Dealt to eb606a6e 
Dealt to Hero [Qh 3c]
Dealt to 1d21e563 
974eaa36: folds
eb606a6e: folds
Hero: folds
1d21e563: folds
b4b681db: folds
Uncalled bet ($0.03) returned to 84c65d00
*** SHOWDOWN ***
84c65d00 collected $0.04 from pot
*** SUMMARY ***
Total pot $0.04 | Rake $0 | Jackpot $0 | Bingo $0 | Fortune $0 | Tax $0
Seat 1: b4b681db (small blind) folded before Flop
Seat 2: 84c65d00 (big blind) collected ($0.04)
Seat 3: 974eaa36 folded before Flop (didn't bet)
Seat 4: eb606a6e folded before Flop (didn't bet)
Seat 5: Hero folded before Flop (didn't bet)
Seat 6: 1d21e563 (button) folded before Flop (didn't bet)


Poker Hand #HD1727731590: Hold'em No Limit ($0.02/$0.05) - 2024/04/12 22:31:26
Table 'NLHBlue29' 6-max Seat #5 is the button
Seat 1: b4b681db ($5.03 in chips)
Seat 2: 84c65d00 ($6.81 in chips)
Seat 3: 974eaa36 ($3.9 in chips)
Seat 4: eb606a6e ($6.64 in chips)
Seat 5: Hero ($5 in chips)
Seat 6: 1d21e563 ($2.53 in chips)
1d21e563: posts small blind $0.02
b4b681db: posts big blind $0.05
*** HOLE CARDS ***
Dealt to b4b681db 
Dealt to 84c65d00 
Dealt to 974eaa36 
Dealt to eb606a6e 
Dealt to Hero [5c Ks]
Dealt to 1d21e563 
84c65d00: folds
974eaa36: folds
eb606a6e: raises $0.05 to $0.1
Hero: folds
1d21e563: folds
b4b681db: folds
Uncalled bet ($0.05) returned to eb606a6e
*** SHOWDOWN ***
eb606a6e collected $0.12 from pot
*** SUMMARY ***
Total pot $0.12 | Rake $0 | Jackpot $0 | Bingo $0 | Fortune $0 | Tax $0
Seat 1: b4b681db (big blind) folded before Flop
Seat 2: 84c65d00 folded before Flop (didn't bet)
Seat 3: 974eaa36 folded before Flop (didn't bet)
Seat 4: eb606a6e collected ($0.12)
Seat 5: Hero (button) folded before Flop (didn't bet)
Seat 6: 1d21e563 (small blind) folded before Flop


Poker Hand #HD1727731555: Hold'em No Limit ($0.02/$0.05) - 2024/04/12 22:31:11
Table 'NLHBlue29' 6-max Seat #4 is the button
Seat 1: b4b681db ($5.03 in chips)
Seat 2: 84c65d00 ($6.81 in chips)
Seat 3: 974eaa36 ($3.9 in chips)
Seat 4: eb606a6e ($6.64 in chips)
Seat 5: Hero ($5 in chips)
Seat 6: 1d21e563 ($2.51 in chips)
Hero: posts small blind $0.02
1d21e563: posts big blind $0.05
*** HOLE CARDS ***
Dealt to b4b681db 
Dealt to 84c65d00 
Dealt to 974eaa36 
Dealt to eb606a6e 
Dealt to Hero [6h 3d]
Dealt to 1d21e563 
b4b681db: folds
84c65d00: folds
974eaa36: folds
eb606a6e: folds
Hero: folds
Uncalled bet ($0.03) returned to 1d21e563
*** SHOWDOWN ***
1d21e563 collected $0.04 from pot
*** SUMMARY ***
Total pot $0.04 | Rake $0 | Jackpot $0 | Bingo $0 | Fortune $0 | Tax $0
Seat 1: b4b681db folded before Flop (didn't bet)
Seat 2: 84c65d00 folded before Flop (didn't bet)
Seat 3: 974eaa36 folded before Flop (didn't bet)
Seat 4: eb606a6e (button) folded before Flop (didn't bet)
Seat 5: Hero (small blind) folded before Flop
Seat 6: 1d21e563 (big blind) collected ($0.04)


Poker Hand #HD1727731455: Hold'em No Limit ($0.02/$0.05) - 2024/04/12 22:30:23
Table 'NLHBlue29' 6-max Seat #3 is the button
Seat 1: b4b681db ($5.03 in chips)
Seat 2: 84c65d00 ($6.81 in chips)
Seat 3: 974eaa36 ($3.9 in chips)
Seat 4: eb606a6e ($6.41 in chips)
Seat 5: Hero ($5.07 in chips)
Seat 6: 1d21e563 ($2.51 in chips)
eb606a6e: posts small blind $0.02
Hero: posts big blind $0.05
*** HOLE CARDS ***
Dealt to b4b681db 
Dealt to 84c65d00 
Dealt to 974eaa36 
Dealt to eb606a6e 
Dealt to Hero [Js 9s]
Dealt to 1d21e563 
1d21e563: folds
b4b681db: folds
84c65d00: folds
974eaa36: folds
eb606a6e: raises $0.1 to $0.15
Hero: calls $0.1
*** FLOP *** [Jc 2c 3s]
eb606a6e: bets $0.1
Hero: calls $0.1
*** TURN *** [Jc 2c 3s] [7c]
eb606a6e: bets $0.38
Hero: folds
Uncalled bet ($0.38) returned to eb606a6e
*** SHOWDOWN ***
eb606a6e collected $0.48 from pot
*** SUMMARY ***
Total pot $0.5 | Rake $0.02 | Jackpot $0 | Bingo $0 | Fortune $0 | Tax $0
Board [Jc 2c 3s 7c]
Seat 1: b4b681db folded before Flop (didn't bet)
Seat 2: 84c65d00 folded before Flop (didn't bet)
Seat 3: 974eaa36 (button) folded before Flop (didn't bet)
Seat 4: eb606a6e (small blind) won ($0.48)
Seat 5: Hero (big blind) folded on the Turn
Seat 6: 1d21e563 folded before Flop (didn't bet)


Poker Hand #HD1727731408: Hold'em No Limit ($0.02/$0.05) - 2024/04/12 22:30:04
Table 'NLHBlue29' 6-max Seat #2 is the button
Seat 1: b4b681db ($4.96 in chips)
Seat 2: 84c65d00 ($6.81 in chips)
Seat 3: 974eaa36 ($3.92 in chips)
Seat 4: eb606a6e ($6.46 in chips)
Seat 5: Hero ($5.07 in chips)
Seat 6: 1d21e563 ($2.51 in chips)
974eaa36: posts small blind $0.02
eb606a6e: posts big blind $0.05
*** HOLE CARDS ***
Dealt to b4b681db 
Dealt to 84c65d00 
Dealt to 974eaa36 
Dealt to eb606a6e 
Dealt to Hero [5c 4s]
Dealt to 1d21e563 
Hero: folds
1d21e563: folds
b4b681db: raises $0.08 to $0.13
84c65d00: folds
974eaa36: folds
eb606a6e: folds
Uncalled bet ($0.08) returned to b4b681db
*** SHOWDOWN ***
b4b681db collected $0.12 from pot
*** SUMMARY ***
Total pot $0.12 | Rake $0 | Jackpot $0 | Bingo $0 | Fortune $0 | Tax $0
Seat 1: b4b681db collected ($0.12)
Seat 2: 84c65d00 (button) folded before Flop (didn't bet)
Seat 3: 974eaa36 (small blind) folded before Flop
Seat 4: eb606a6e (big blind) folded before Flop
Seat 5: Hero folded before Flop (didn't bet)
Seat 6: 1d21e563 folded before Flop (didn't bet)


Poker Hand #HD1727731363: Hold'em No Limit ($0.02/$0.05) - 2024/04/12 22:29:50
Table 'NLHBlue29' 6-max Seat #1 is the button
Seat 1: b4b681db ($4.96 in chips)
Seat 2: 84c65d00 ($6.83 in chips)
Seat 3: 974eaa36 ($3.97 in chips)
Seat 4: eb606a6e ($6.46 in chips)
Seat 5: Hero ($5 in chips)
Seat 6: 1d21e563 ($2.51 in chips)
84c65d00: posts small blind $0.02
974eaa36: posts big blind $0.05
*** HOLE CARDS ***
Dealt to b4b681db 
Dealt to 84c65d00 
Dealt to 974eaa36 
Dealt to eb606a6e 
Dealt to Hero [6c 6s]
Dealt to 1d21e563 
eb606a6e: folds
Hero: raises $0.07 to $0.12
1d21e563: folds
b4b681db: folds
84c65d00: folds
974eaa36: folds
Uncalled bet ($0.07) returned to Hero
*** SHOWDOWN ***
Hero collected $0.12 from pot
*** SUMMARY ***
Total pot $0.12 | Rake $0 | Jackpot $0 | Bingo $0 | Fortune $0 | Tax $0
Seat 1: b4b681db (button) folded before Flop (didn't bet)
Seat 2: 84c65d00 (small blind) folded before Flop
Seat 3: 974eaa36 (big blind) folded before Flop
Seat 4: eb606a6e folded before Flop (didn't bet)
Seat 5: Hero collected ($0.12)
Seat 6: 1d21e563 folded before Flop (didn't bet)


Poker Hand #HD1727731251: Hold'em No Limit ($0.02/$0.05) - 2024/04/12 22:29:02
Table 'NLHBlue29' 6-max Seat #6 is the button
Seat 1: b4b681db ($4.98 in chips)
Seat 2: 84c65d00 ($6.68 in chips)
Seat 3: 974eaa36 ($3.97 in chips)
Seat 4: eb606a6e ($6.46 in chips)
Seat 5: Hero ($5 in chips)
Seat 6: 1d21e563 ($2.65 in chips)
b4b681db: posts small blind $0.02
84c65d00: posts big blind $0.05
*** HOLE CARDS ***
Dealt to b4b681db 
Dealt to 84c65d00 
Dealt to 974eaa36 
Dealt to eb606a6e 
Dealt to Hero [2d 6c]
Dealt to 1d21e563 
974eaa36: folds
eb606a6e: folds
Hero: folds
1d21e563: calls $0.05
b4b681db: folds
84c65d00: checks
*** FLOP *** [7c Ah 3d]
84c65d00: checks
1d21e563: checks
*** TURN *** [7c Ah 3d] [5c]
84c65d00: checks
1d21e563: checks
*** RIVER *** [7c Ah 3d 5c] [2h]
84c65d00: bets $0.09
1d21e563: calls $0.09
84c65d00: shows [3h 4c] (Fives-High Straight)
1d21e563: shows [5d 6d] (Pair of Fives)
*** SHOWDOWN ***
84c65d00 collected $0.29 from pot
*** SUMMARY ***
Total pot $0.3 | Rake $0.01 | Jackpot $0 | Bingo $0 | Fortune $0 | Tax $0
Board [7c Ah 3d 5c 2h]
Seat 1: b4b681db (small blind) folded before Flop
Seat 2: 84c65d00 (big blind) showed [3h 4c] and won ($0.29) with Fives-High Straight
Seat 3: 974eaa36 folded before Flop (didn't bet)
Seat 4: eb606a6e folded before Flop (didn't bet)
Seat 5: Hero folded before Flop (didn't bet)
Seat 6: 1d21e563 (button) showed [5d 6d] and lost with Pair of Fives


Poker Hand #HD1727731213: Hold'em No Limit ($0.02/$0.05) - 2024/04/12 22:28:46
Table 'NLHBlue29' 6-max Seat #5 is the button
Seat 1: b4b681db ($5.03 in chips)
Seat 2: 84c65d00 ($6.68 in chips)
Seat 3: 974eaa36 ($3.97 in chips)
Seat 4: eb606a6e ($6.46 in chips)
Seat 5: Hero ($5 in chips)
Seat 6: 1d21e563 ($2.6 in chips)
1d21e563: posts small blind $0.02
b4b681db: posts big blind $0.05
*** HOLE CARDS ***
Dealt to b4b681db 
Dealt to 84c65d00 
Dealt to 974eaa36 
Dealt to eb606a6e 
Dealt to Hero [Th 3s]
Dealt to 1d21e563 
84c65d00: folds
974eaa36: folds
eb606a6e: folds
Hero: folds
1d21e563: raises $0.1 to $0.15
b4b681db: folds
Uncalled bet ($0.1) returned to 1d21e563
*** SHOWDOWN ***
1d21e563 collected $0.1 from pot
*** SUMMARY ***
Total pot $0.1 | Rake $0 | Jackpot $0 | Bingo $0 | Fortune $0 | Tax $0
Seat 1: b4b681db (big blind) folded before Flop
Seat 2: 84c65d00 folded before Flop (didn't bet)
Seat 3: 974eaa36 folded before Flop (didn't bet)
Seat 4: eb606a6e folded before Flop (didn't bet)
Seat 5: Hero (button) folded before Flop (didn't bet)
Seat 6: 1d21e563 (small blind) collected ($0.1)


Poker Hand #HD1727731035: Hold'em No Limit ($0.02/$0.05) - 2024/04/12 22:27:37
Table 'NLHBlue29' 6-max Seat #4 is the button
Seat 1: b4b681db ($5.03 in chips)
Seat 2: 84c65d00 ($6.68 in chips)
Seat 3: 974eaa36 ($4.24 in chips)
Seat 4: eb606a6e ($6.46 in chips)
Seat 5: Hero ($5 in chips)
Seat 6: 1d21e563 ($2.33 in chips)
Hero: posts small blind $0.02
1d21e563: posts big blind $0.05
*** HOLE CARDS ***
Dealt to b4b681db 
Dealt to 84c65d00 
Dealt to 974eaa36 
Dealt to eb606a6e 
Dealt to Hero [5s 8c]
Dealt to 1d21e563 
b4b681db: folds
84c65d00: folds
974eaa36: raises $0.08 to $0.13
eb606a6e: folds
Hero: folds
1d21e563: calls $0.08
*** FLOP *** [Qs Jd 3h]
1d21e563: checks
974eaa36: bets $0.14
1d21e563: calls $0.14
*** TURN *** [Qs Jd 3h] [9d]
1d21e563: checks
974eaa36: checks
*** RIVER *** [Qs Jd 3h 9d] [Td]
1d21e563: checks
974eaa36: checks
1d21e563: shows [8s Js] (Queens-High Straight)
974eaa36: shows [Tc Qd] (Pair of Queens and Pair of Tens)
*** SHOWDOWN ***
1d21e563 collected $0.54 from pot
*** SUMMARY ***
Total pot $0.56 | Rake $0.02 | Jackpot $0 | Bingo $0 | Fortune $0 | Tax $0
Board [Qs Jd 3h 9d Td]
Seat 1: b4b681db folded before Flop (didn't bet)
Seat 2: 84c65d00 folded before Flop (didn't bet)
Seat 3: 974eaa36 showed [Tc Qd] and lost with Pair of Queens and Pair of Tens
Seat 4: eb606a6e (button) folded before Flop (didn't bet)
Seat 5: Hero (small blind) folded before Flop
Seat 6: 1d21e563 (big blind) showed [8s Js] and won ($0.54) with Queens-High Straight


Poker Hand #HD1727731010: Hold'em No Limit ($0.02/$0.05) - 2024/04/12 22:27:26
Table 'NLHBlue29' 6-max Seat #3 is the button
Seat 1: b4b681db ($4.96 in chips)
Seat 3: 974eaa36 ($4.24 in chips)
Seat 4: eb606a6e ($6.48 in chips)
Seat 5: Hero ($5 in chips)
Seat 6: 1d21e563 ($2.33 in chips)
eb606a6e: posts small blind $0.02
Hero: posts big blind $0.05
*** HOLE CARDS ***
Dealt to b4b681db 
Dealt to 974eaa36 
Dealt to eb606a6e 
Dealt to Hero [8h Qs]
Dealt to 1d21e563 
1d21e563: folds
b4b681db: raises $0.05 to $0.1
974eaa36: folds
eb606a6e: folds
Hero: folds
Uncalled bet ($0.05) returned to b4b681db
*** SHOWDOWN ***
b4b681db collected $0.12 from pot
*** SUMMARY ***
Total pot $0.12 | Rake $0 | Jackpot $0 | Bingo $0 | Fortune $0 | Tax $0
Seat 1: b4b681db collected ($0.12)
Seat 3: 974eaa36 (button) folded before Flop (didn't bet)
Seat 4: eb606a6e (small blind) folded before Flop
Seat 5: Hero (big blind) folded before Flop
Seat 6: 1d21e563 folded before Flop (didn't bet)


Poker Hand #HD1727730954: Hold'em No Limit ($0.02/$0.05) - 2024/04/12 22:27:04
Table 'NLHBlue29' 6-max Seat #1 is the button
Seat 1: b4b681db ($4.96 in chips)
Seat 2: 84c65d00 ($6.7 in chips)
Seat 3: 974eaa36 ($4.22 in chips)
Seat 4: eb606a6e ($6.48 in chips)
Seat 5: Hero ($5 in chips)
Seat 6: 1d21e563 ($2.33 in chips)
84c65d00: posts small blind $0.02
974eaa36: posts big blind $0.05
*** HOLE CARDS ***
Dealt to b4b681db 
Dealt to 84c65d00 
Dealt to 974eaa36 
Dealt to eb606a6e 
Dealt to Hero [Qc 5d]
Dealt to 1d21e563 
eb606a6e: folds
Hero: folds
1d21e563: folds
b4b681db: folds
84c65d00: folds
Uncalled bet ($0.03) returned to 974eaa36
*** SHOWDOWN ***
974eaa36 collected $0.04 from pot
*** SUMMARY ***
Total pot $0.04 | Rake $0 | Jackpot $0 | Bingo $0 | Fortune $0 | Tax $0
Seat 1: b4b681db (button) folded before Flop (didn't bet)
Seat 2: 84c65d00 (small blind) folded before Flop
Seat 3: 974eaa36 (big blind) collected ($0.04)
Seat 4: eb606a6e folded before Flop (didn't bet)
Seat 5: Hero folded before Flop (didn't bet)
Seat 6: 1d21e563 folded before Flop (didn't bet)


Poker Hand #HD1727730726: Hold'em No Limit ($0.02/$0.05) - 2024/04/12 22:25:26
Table 'NLHBlue29' 6-max Seat #6 is the button
Seat 1: b4b681db ($5.08 in chips)
Seat 2: 84c65d00 ($6.75 in chips)
Seat 3: 974eaa36 ($4.22 in chips)
Seat 4: eb606a6e ($6.48 in chips)
Seat 5: Hero ($5 in chips)
Seat 6: 1d21e563 ($1.92 in chips)
b4b681db: posts small blind $0.02
84c65d00: posts big blind $0.05
*** HOLE CARDS ***
Dealt to b4b681db 
Dealt to 84c65d00 
Dealt to 974eaa36 
Dealt to eb606a6e 
Dealt to Hero [9s 8s]
Dealt to 1d21e563 
974eaa36: folds
eb606a6e: folds
Hero: raises $0.07 to $0.12
1d21e563: calls $0.12
b4b681db: calls $0.1
84c65d00: folds
*** FLOP *** [Kc 8c 6s]
b4b681db: checks
Hero: checks
1d21e563: checks
*** TURN *** [Kc 8c 6s] [7h]
b4b681db: checks
Hero: bets $0.15
1d21e563: calls $0.15
b4b681db: folds
*** RIVER *** [Kc 8c 6s 7h] [4c]
Hero: checks
1d21e563: bets $0.71
Hero: folds
Uncalled bet ($0.71) returned to 1d21e563
*** SHOWDOWN ***
1d21e563 collected $0.68 from pot
*** SUMMARY ***
Total pot $0.71 | Rake $0.03 | Jackpot $0 | Bingo $0 | Fortune $0 | Tax $0
Board [Kc 8c 6s 7h 4c]
Seat 1: b4b681db (small blind) folded on the Turn
Seat 2: 84c65d00 (big blind) folded before Flop
Seat 3: 974eaa36 folded before Flop (didn't bet)
Seat 4: eb606a6e folded before Flop (didn't bet)
Seat 5: Hero folded on the River
Seat 6: 1d21e563 (button) won ($0.68)


Poker Hand #HD1727730647: Hold'em No Limit ($0.02/$0.05) - 2024/04/12 22:24:50
Table 'NLHBlue29' 6-max Seat #5 is the button
Seat 1: b4b681db ($5.13 in chips)
Seat 2: 84c65d00 ($6.75 in chips)
Seat 3: 974eaa36 ($4.32 in chips)
Seat 4: eb606a6e ($6.32 in chips)
Seat 5: Hero ($5 in chips)
Seat 6: 1d21e563 ($1.94 in chips)
1d21e563: posts small blind $0.02
b4b681db: posts big blind $0.05
*** HOLE CARDS ***
Dealt to b4b681db 
Dealt to 84c65d00 
Dealt to 974eaa36 
Dealt to eb606a6e 
Dealt to Hero [5h 3d]
Dealt to 1d21e563 
84c65d00: folds
974eaa36: raises $0.05 to $0.1
eb606a6e: raises $0.21 to $0.31
Hero: folds
1d21e563: folds
b4b681db: folds
974eaa36: folds
Uncalled bet ($0.21) returned to eb606a6e
*** SHOWDOWN ***
eb606a6e collected $0.26 from pot
*** SUMMARY ***
Total pot $0.27 | Rake $0.01 | Jackpot $0 | Bingo $0 | Fortune $0 | Tax $0
Seat 1: b4b681db (big blind) folded before Flop
Seat 2: 84c65d00 folded before Flop (didn't bet)
Seat 3: 974eaa36 folded before Flop
Seat 4: eb606a6e collected ($0.26)
Seat 5: Hero (button) folded before Flop (didn't bet)
Seat 6: 1d21e563 (small blind) folded before Flop


Poker Hand #HD1727730496: Hold'em No Limit ($0.02/$0.05) - 2024/04/12 22:23:50
Table 'NLHBlue29' 6-max Seat #4 is the button
Seat 1: b4b681db ($5.44 in chips)
Seat 2: 84c65d00 ($6.75 in chips)
Seat 3: 974eaa36 ($4.32 in chips)
Seat 4: eb606a6e ($5.97 in chips)
Seat 5: Hero ($5 in chips)
Seat 6: 1d21e563 ($1.99 in chips)
Hero: posts small blind $0.02
1d21e563: posts big blind $0.05
*** HOLE CARDS ***
Dealt to b4b681db 
Dealt to 84c65d00 
Dealt to 974eaa36 
Dealt to eb606a6e 
Dealt to Hero [3h Js]
Dealt to 1d21e563 
b4b681db: raises $0.05 to $0.1
84c65d00: folds
974eaa36: folds
eb606a6e: raises $0.21 to $0.31
Hero: folds
1d21e563: folds
b4b681db: calls $0.21
*** FLOP *** [8h 7s 4h]
b4b681db: checks
eb606a6e: checks
*** TURN *** [8h 7s 4h] [2h]
b4b681db: checks
eb606a6e: checks
*** RIVER *** [8h 7s 4h 2h] [Kh]
b4b681db: checks
eb606a6e: checks
b4b681db: shows [Qc Jc] (King-High)
eb606a6e: shows [Qs As] (Ace-High)
*** SHOWDOWN ***
eb606a6e collected $0.66 from pot
*** SUMMARY ***
Total pot $0.69 | Rake $0.03 | Jackpot $0 | Bingo $0 | Fortune $0 | Tax $0
Board [8h 7s 4h 2h Kh]
Seat 1: b4b681db showed [Qc Jc] and lost with King-High
Seat 2: 84c65d00 folded before Flop (didn't bet)
Seat 3: 974eaa36 folded before Flop (didn't bet)
Seat 4: eb606a6e (button) showed [Qs As] and won ($0.66) with Ace-High
Seat 5: Hero (small blind) folded before Flop
Seat 6: 1d21e563 (big blind) folded before Flop


Poker Hand #HD1727730455: Hold'em No Limit ($0.02/$0.05) - 2024/04/12 22:23:34
Table 'NLHBlue29' 6-max Seat #3 is the button
Seat 1: b4b681db ($5.44 in chips)
Seat 2: 84c65d00 ($6.68 in chips)
Seat 3: 974eaa36 ($4.32 in chips)
Seat 4: eb606a6e ($5.99 in chips)
Seat 5: Hero ($5 in chips)
Seat 6: 1d21e563 ($1.99 in chips)
eb606a6e: posts small blind $0.02
Hero: posts big blind $0.05
*** HOLE CARDS ***
Dealt to b4b681db 
Dealt to 84c65d00 
Dealt to 974eaa36 
Dealt to eb606a6e 
Dealt to Hero [2h Kc]
Dealt to 1d21e563 
1d21e563: folds
b4b681db: folds
84c65d00: raises $0.1 to $0.15
974eaa36: folds
eb606a6e: folds
Hero: folds
Uncalled bet ($0.1) returned to 84c65d00
*** SHOWDOWN ***
84c65d00 collected $0.12 from pot
*** SUMMARY ***
Total pot $0.12 | Rake $0 | Jackpot $0 | Bingo $0 | Fortune $0 | Tax $0
Seat 1: b4b681db folded before Flop (didn't bet)
Seat 2: 84c65d00 collected ($0.12)
Seat 3: 974eaa36 (button) folded before Flop (didn't bet)
Seat 4: eb606a6e (small blind) folded before Flop
Seat 5: Hero (big blind) folded before Flop
Seat 6: 1d21e563 folded before Flop (didn't bet)


Poker Hand #HD1727730417: Hold'em No Limit ($0.02/$0.05) - 2024/04/12 22:23:18
Table 'NLHBlue29' 6-max Seat #2 is the button
Seat 1: b4b681db ($5.44 in chips)
Seat 2: 84c65d00 ($6.68 in chips)
Seat 3: 974eaa36 ($4.27 in chips)
Seat 4: eb606a6e ($6.04 in chips)
Seat 5: Hero ($5 in chips)
Seat 6: 1d21e563 ($1.99 in chips)
974eaa36: posts small blind $0.02
eb606a6e: posts big blind $0.05
*** HOLE CARDS ***
Dealt to b4b681db 
Dealt to 84c65d00 
Dealt to 974eaa36 
Dealt to eb606a6e 
Dealt to Hero [Qd 9h]
Dealt to 1d21e563 
Hero: folds
1d21e563: folds
b4b681db: folds
84c65d00: folds
974eaa36: raises $0.1 to $0.15
eb606a6e: folds
Uncalled bet ($0.1) returned to 974eaa36
*** SHOWDOWN ***
974eaa36 collected $0.1 from pot
*** SUMMARY ***
Total pot $0.1 | Rake $0 | Jackpot $0 | Bingo $0 | Fortune $0 | Tax $0
Seat 1: b4b681db folded before Flop (didn't bet)
Seat 2: 84c65d00 (button) folded before Flop (didn't bet)
Seat 3: 974eaa36 (small blind) collected ($0.1)
Seat 4: eb606a6e (big blind) folded before Flop
Seat 5: Hero folded before Flop (didn't bet)
Seat 6: 1d21e563 folded before Flop (didn't bet)


Poker Hand #HD1727730375: Hold'em No Limit ($0.02/$0.05) - 2024/04/12 22:23:02
Table 'NLHBlue29' 6-max Seat #1 is the button
Seat 1: b4b681db ($5.37 in chips)
Seat 2: 84c65d00 ($6.7 in chips)
Seat 3: 974eaa36 ($4.32 in chips)
Seat 4: eb606a6e ($6.04 in chips)
Seat 5: Hero ($5 in chips)
Seat 6: 1d21e563 ($1.99 in chips)
84c65d00: posts small blind $0.02
974eaa36: posts big blind $0.05
*** HOLE CARDS ***
Dealt to b4b681db 
Dealt to 84c65d00 
Dealt to 974eaa36 
Dealt to eb606a6e 
Dealt to Hero [Ks 6d]
Dealt to 1d21e563 
eb606a6e: folds
Hero: folds
1d21e563: folds
b4b681db: raises $0.08 to $0.13
84c65d00: folds
974eaa36: folds
Uncalled bet ($0.08) returned to b4b681db
*** SHOWDOWN ***
b4b681db collected $0.12 from pot
*** SUMMARY ***
Total pot $0.12 | Rake $0 | Jackpot $0 | Bingo $0 | Fortune $0 | Tax $0
Seat 1: b4b681db (button) collected ($0.12)
Seat 2: 84c65d00 (small blind) folded before Flop
Seat 3: 974eaa36 (big blind) folded before Flop
Seat 4: eb606a6e folded before Flop (didn't bet)
Seat 5: Hero folded before Flop (didn't bet)
Seat 6: 1d21e563 folded before Flop (didn't bet)


Poker Hand #HD1727730169: Hold'em No Limit ($0.02/$0.05) - 2024/04/12 22:21:34
Table 'NLHBlue29' 6-max Seat #6 is the button
Seat 1: b4b681db ($5.39 in chips)
Seat 2: 84c65d00 ($6.75 in chips)
Seat 3: 974eaa36 ($4.32 in chips)
Seat 4: eb606a6e ($5.43 in chips)
Seat 5: Hero ($5 in chips)
Seat 6: 1d21e563 ($1.99 in chips)
b4b681db: posts small blind $0.02
84c65d00: posts big blind $0.05
*** HOLE CARDS ***
Dealt to b4b681db 
Dealt to 84c65d00 
Dealt to 974eaa36 
Dealt to eb606a6e 
Dealt to Hero [Kd Qc]
Dealt to 1d21e563 
974eaa36: folds
eb606a6e: raises $0.05 to $0.1
Hero: raises $0.2 to $0.3
1d21e563: folds
b4b681db: folds
84c65d00: folds
eb606a6e: calls $0.2
*** FLOP *** [2d 2h 3d]
eb606a6e: checks
Hero: bets $0.3
eb606a6e: calls $0.3
*** TURN *** [2d 2h 3d] [6h]
eb606a6e: checks
Hero: checks
*** RIVER *** [2d 2h 3d 6h] [Tc]
eb606a6e: bets $0.42
Hero: folds
Uncalled bet ($0.42) returned to eb606a6e
*** SHOWDOWN ***
eb606a6e collected $1.21 from pot
*** SUMMARY ***
Total pot $1.27 | Rake $0.06 | Jackpot $0 | Bingo $0 | Fortune $0 | Tax $0
Board [2d 2h 3d 6h Tc]
Seat 1: b4b681db (small blind) folded before Flop
Seat 2: 84c65d00 (big blind) folded before Flop
Seat 3: 974eaa36 folded before Flop (didn't bet)
Seat 4: eb606a6e won ($1.21)
Seat 5: Hero folded on the River
Seat 6: 1d21e563 (button) folded before Flop (didn't bet)


Poker Hand #HD1727730004: Hold'em No Limit ($0.02/$0.05) - 2024/04/12 22:20:13
Table 'NLHBlue29' 6-max Seat #5 is the button
Seat 1: b4b681db ($5.44 in chips)
Seat 2: 84c65d00 ($6.75 in chips)
Seat 3: 974eaa36 ($4.32 in chips)
Seat 4: eb606a6e ($5 in chips)
Seat 5: Hero ($5 in chips)
Seat 6: 1d21e563 ($2.41 in chips)
1d21e563: posts small blind $0.02
b4b681db: posts big blind $0.05
*** HOLE CARDS ***
Dealt to b4b681db 
Dealt to 84c65d00 
Dealt to 974eaa36 
Dealt to eb606a6e 
Dealt to Hero [9h 5c]
Dealt to 1d21e563 
84c65d00: folds
974eaa36: folds
eb606a6e: raises $0.05 to $0.1
Hero: folds
1d21e563: calls $0.08
b4b681db: folds
*** FLOP *** [Qc 8s Ks]
1d21e563: checks
eb606a6e: bets $0.09
1d21e563: calls $0.09
*** TURN *** [Qc 8s Ks] [Td]
1d21e563: checks
eb606a6e: checks
*** RIVER *** [Qc 8s Ks Td] [Qd]
1d21e563: bets $0.23
eb606a6e: raises $0.71 to $0.94
1d21e563: folds
Uncalled bet ($0.71) returned to eb606a6e
*** SHOWDOWN ***
eb606a6e collected $0.85 from pot
*** SUMMARY ***
Total pot $0.89 | Rake $0.04 | Jackpot $0 | Bingo $0 | Fortune $0 | Tax $0
Board [Qc 8s Ks Td Qd]
Seat 1: b4b681db (big blind) folded before Flop
Seat 2: 84c65d00 folded before Flop (didn't bet)
Seat 3: 974eaa36 folded before Flop (didn't bet)
Seat 4: eb606a6e won ($0.85)
Seat 5: Hero (button) folded before Flop (didn't bet)
Seat 6: 1d21e563 (small blind) folded on the River


Poker Hand #HD1727729969: Hold'em No Limit ($0.02/$0.05) - 2024/04/12 22:20:00
Table 'NLHBlue29' 6-max Seat #4 is the button
Seat 1: b4b681db ($5.44 in chips)
Seat 2: 84c65d00 ($6.75 in chips)
Seat 3: 974eaa36 ($4.25 in chips)
Seat 4: eb606a6e ($5 in chips)
Seat 5: Hero ($5 in chips)
Seat 6: 1d21e563 ($2.46 in chips)
Hero: posts small blind $0.02
1d21e563: posts big blind $0.05
*** HOLE CARDS ***
Dealt to b4b681db 
Dealt to 84c65d00 
Dealt to 974eaa36 
Dealt to eb606a6e 
Dealt to Hero [2s 2h]
Dealt to 1d21e563 
b4b681db: folds
84c65d00: folds
974eaa36: raises $0.08 to $0.13
eb606a6e: folds
Hero: folds
1d21e563: folds
Uncalled bet ($0.08) returned to 974eaa36
*** SHOWDOWN ***
974eaa36 collected $0.12 from pot
*** SUMMARY ***
Total pot $0.12 | Rake $0 | Jackpot $0 | Bingo $0 | Fortune $0 | Tax $0
Seat 1: b4b681db folded before Flop (didn't bet)
Seat 2: 84c65d00 folded before Flop (didn't bet)
Seat 3: 974eaa36 collected ($0.12)
Seat 4: eb606a6e (button) folded before Flop (didn't bet)
Seat 5: Hero (small blind) folded before Flop
Seat 6: 1d21e563 (big blind) folded before Flop


Poker Hand #HD1727729737: Hold'em No Limit ($0.02/$0.05) - 2024/04/12 22:18:24
Table 'NLHBlue29' 6-max Seat #3 is the button
Seat 1: b4b681db ($5.44 in chips)
Seat 2: 84c65d00 ($6.75 in chips)
Seat 3: 974eaa36 ($4.25 in chips)
Seat 4: eb606a6e ($5 in chips)
Seat 5: Hero ($5.83 in chips)
Seat 6: 1d21e563 ($1.31 in chips)
eb606a6e: posts small blind $0.02
Hero: posts big blind $0.05
*** HOLE CARDS ***
Dealt to b4b681db 
Dealt to 84c65d00 
Dealt to 974eaa36 
Dealt to eb606a6e 
Dealt to Hero [5s As]
Dealt to 1d21e563 
1d21e563: raises $0.05 to $0.1
b4b681db: folds
84c65d00: folds
974eaa36: folds
eb606a6e: folds
Hero: calls $0.05
*** FLOP *** [5c 8c 5h]
Hero: checks
1d21e563: checks
*** TURN *** [5c 8c 5h] [6c]
Hero: bets $0.15
1d21e563: calls $0.15
*** RIVER *** [5c 8c 5h 6c] [Td]
Hero: bets $0.4
1d21e563: raises $0.66 to $1.06 and is all-in
Hero: calls $0.66
1d21e563: shows [7c Ac] (Ace High Flush)
Hero: shows [5s As] (Three Fives)
*** SHOWDOWN ***
1d21e563 collected $2.46 from pot
*** SUMMARY ***
Total pot $2.64 | Rake $0.13 | Jackpot $0.05 | Bingo $0 | Fortune $0 | Tax $0
Board [5c 8c 5h 6c Td]
Seat 1: b4b681db folded before Flop (didn't bet)
Seat 2: 84c65d00 folded before Flop (didn't bet)
Seat 3: 974eaa36 (button) folded before Flop (didn't bet)
Seat 4: eb606a6e (small blind) folded before Flop
Seat 5: Hero (big blind) showed [5s As] and lost with Three Fives
Seat 6: 1d21e563 showed [7c Ac] and won ($2.46) with Ace High Flush


Poker Hand #HD1727729657: Hold'em No Limit ($0.02/$0.05) - 2024/04/12 22:17:49
Table 'NLHBlue29' 6-max Seat #2 is the button
Seat 1: b4b681db ($5.44 in chips)
Seat 2: 84c65d00 ($6.68 in chips)
Seat 3: 974eaa36 ($4.27 in chips)
Seat 4: eb606a6e ($5 in chips)
Seat 5: Hero ($5.83 in chips)
Seat 6: 1d21e563 ($1.31 in chips)
974eaa36: posts small blind $0.02
eb606a6e: posts big blind $0.05
*** HOLE CARDS ***
Dealt to b4b681db 
Dealt to 84c65d00 
Dealt to 974eaa36 
Dealt to eb606a6e 
Dealt to Hero [7c 8s]
Dealt to 1d21e563 
Hero: folds
1d21e563: folds
b4b681db: folds
84c65d00: raises $0.1 to $0.15
974eaa36: folds
eb606a6e: folds
Uncalled bet ($0.1) returned to 84c65d00
*** SHOWDOWN ***
84c65d00 collected $0.12 from pot
*** SUMMARY ***
Total pot $0.12 | Rake $0 | Jackpot $0 | Bingo $0 | Fortune $0 | Tax $0
Seat 1: b4b681db folded before Flop (didn't bet)
Seat 2: 84c65d00 (button) collected ($0.12)
Seat 3: 974eaa36 (small blind) folded before Flop
Seat 4: eb606a6e (big blind) folded before Flop
Seat 5: Hero folded before Flop (didn't bet)
Seat 6: 1d21e563 folded before Flop (didn't bet)


Poker Hand #HD1727729434: Hold'em No Limit ($0.02/$0.05) - 2024/04/12 22:16:16
Table 'NLHBlue29' 6-max Seat #1 is the button
Seat 1: b4b681db ($5.42 in chips)
Seat 2: 84c65d00 ($6.7 in chips)
Seat 3: 974eaa36 ($4.25 in chips)
Seat 4: eb606a6e ($5 in chips)
Seat 5: Hero ($5.83 in chips)
Seat 6: 1d21e563 ($1.33 in chips)
84c65d00: posts small blind $0.02
974eaa36: posts big blind $0.05
1d21e563: posts missed blind $0.02
*** HOLE CARDS ***
Dealt to b4b681db 
Dealt to 84c65d00 
Dealt to 974eaa36 
Dealt to eb606a6e 
Dealt to Hero [2s 8h]
Dealt to 1d21e563 
eb606a6e: folds
Hero: folds
1d21e563: folds
b4b681db: calls $0.05
84c65d00: folds
974eaa36: checks
*** FLOP *** [6h 8s Kd]
974eaa36: checks
b4b681db: checks
*** TURN *** [6h 8s Kd] [Qs]
974eaa36: checks
b4b681db: checks
*** RIVER *** [6h 8s Kd Qs] [Kh]
974eaa36: checks
b4b681db: checks
974eaa36: shows [5s 3h] (Pair of Kings)
b4b681db: shows [4h 5h] (Pair of Kings)
*** SHOWDOWN ***
974eaa36 collected $0.07 from pot
b4b681db collected $0.07 from pot
*** SUMMARY ***
Total pot $0.14 | Rake $0 | Jackpot $0 | Bingo $0 | Fortune $0 | Tax $0
Board [6h 8s Kd Qs Kh]
Seat 1: b4b681db (button) showed [4h 5h] and won ($0.07) with Pair of Kings
Seat 2: 84c65d00 (small blind) folded before Flop
Seat 3: 974eaa36 (big blind) showed [5s 3h] and won ($0.07) with Pair of Kings
Seat 4: eb606a6e folded before Flop (didn't bet)
Seat 5: Hero folded before Flop (didn't bet)
Seat 6: 1d21e563 folded before Flop


Poker Hand #HD1727729310: Hold'em No Limit ($0.02/$0.05) - 2024/04/12 22:15:21
Table 'NLHBlue29' 6-max Seat #5 is the button
Seat 1: b4b681db ($5.05 in chips)
Seat 2: 84c65d00 ($6.75 in chips)
Seat 3: 974eaa36 ($4.25 in chips)
Seat 4: eb606a6e ($5.28 in chips)
Seat 5: Hero ($5.83 in chips)
b4b681db: posts small blind $0.02
84c65d00: posts big blind $0.05
*** HOLE CARDS ***
Dealt to b4b681db 
Dealt to 84c65d00 
Dealt to 974eaa36 
Dealt to eb606a6e 
Dealt to Hero [7d 4h]
974eaa36: folds
eb606a6e: raises $0.05 to $0.1
Hero: folds
b4b681db: raises $0.25 to $0.35
84c65d00: folds
eb606a6e: calls $0.25
*** FLOP *** [4s 4c 5c]
b4b681db: bets $0.57
eb606a6e: folds
Uncalled bet ($0.57) returned to b4b681db
*** SHOWDOWN ***
b4b681db collected $0.72 from pot
*** SUMMARY ***
Total pot $0.75 | Rake $0.03 | Jackpot $0 | Bingo $0 | Fortune $0 | Tax $0
Board [4s 4c 5c]
Seat 1: b4b681db (small blind) won ($0.72)
Seat 2: 84c65d00 (big blind) folded before Flop
Seat 3: 974eaa36 folded before Flop (didn't bet)
Seat 4: eb606a6e folded on the Flop
Seat 5: Hero (button) folded before Flop (didn't bet)


Poker Hand #HD1727729246: Hold'em No Limit ($0.02/$0.05) - 2024/04/12 22:14:56
Table 'NLHBlue29' 6-max Seat #4 is the button
Seat 1: b4b681db ($5.05 in chips)
Seat 2: 84c65d00 ($6.68 in chips)
Seat 3: 974eaa36 ($4.25 in chips)
Seat 4: eb606a6e ($5.28 in chips)
Seat 5: Hero ($5.85 in chips)
Seat 6: 1d21e563 ($1.38 in chips)
Hero: posts small blind $0.02
1d21e563: posts big blind $0.05
*** HOLE CARDS ***
Dealt to b4b681db 
Dealt to 84c65d00 
Dealt to 974eaa36 
Dealt to eb606a6e 
Dealt to Hero [5s Ts]
Dealt to 1d21e563 
b4b681db: folds
84c65d00: raises $0.1 to $0.15
974eaa36: folds
eb606a6e: folds
Hero: folds
1d21e563: folds
Uncalled bet ($0.1) returned to 84c65d00
*** SHOWDOWN ***
84c65d00 collected $0.12 from pot
*** SUMMARY ***
Total pot $0.12 | Rake $0 | Jackpot $0 | Bingo $0 | Fortune $0 | Tax $0
Seat 1: b4b681db folded before Flop (didn't bet)
Seat 2: 84c65d00 collected ($0.12)
Seat 3: 974eaa36 folded before Flop (didn't bet)
Seat 4: eb606a6e (button) folded before Flop (didn't bet)
Seat 5: Hero (small blind) folded before Flop
Seat 6: 1d21e563 (big blind) folded before Flop


Poker Hand #HD1727729074: Hold'em No Limit ($0.02/$0.05) - 2024/04/12 22:13:43
Table 'NLHBlue29' 6-max Seat #3 is the button
Seat 1: b4b681db ($5.05 in chips)
Seat 2: 84c65d00 ($5 in chips)
Seat 3: 974eaa36 ($4.25 in chips)
Seat 4: eb606a6e ($5.3 in chips)
Seat 5: Hero ($5.95 in chips)
Seat 6: 1d21e563 ($3.17 in chips)
eb606a6e: posts small blind $0.02
Hero: posts big blind $0.05
*** HOLE CARDS ***
Dealt to b4b681db 
Dealt to 84c65d00 
Dealt to 974eaa36 
Dealt to eb606a6e 
Dealt to Hero [8s 9s]
Dealt to 1d21e563 
1d21e563: raises $0.05 to $0.1
b4b681db: folds
84c65d00: calls $0.1
974eaa36: folds
eb606a6e: folds
Hero: calls $0.05
*** FLOP *** [5c Jd 4c]
Hero: checks
1d21e563: bets $0.17
84c65d00: calls $0.17
Hero: folds
*** TURN *** [5c Jd 4c] [Qc]
1d21e563: bets $0.41
84c65d00: calls $0.41
*** RIVER *** [5c Jd 4c Qc] [5h]
1d21e563: checks
84c65d00: bets $1.11
1d21e563: calls $1.11
84c65d00: shows [Qd Jh] (Pair of Queens and Pair of Jacks)
1d21e563: shows [Js Ac] (Pair of Jacks and Pair of Fives)
*** SHOWDOWN ***
84c65d00 collected $3.47 from pot
*** SUMMARY ***
Total pot $3.7 | Rake $0.18 | Jackpot $0.05 | Bingo $0 | Fortune $0 | Tax $0
Board [5c Jd 4c Qc 5h]
Seat 1: b4b681db folded before Flop (didn't bet)
Seat 2: 84c65d00 showed [Qd Jh] and won ($3.47) with Pair of Queens and Pair of Jacks
Seat 3: 974eaa36 (button) folded before Flop (didn't bet)
Seat 4: eb606a6e (small blind) folded before Flop
Seat 5: Hero (big blind) folded on the Flop
Seat 6: 1d21e563 showed [Js Ac] and lost with Pair of Jacks and Pair of Fives


Poker Hand #HD1727729032: Hold'em No Limit ($0.02/$0.05) - 2024/04/12 22:13:26
Table 'NLHBlue29' 6-max Seat #2 is the button
Seat 1: b4b681db ($5.05 in chips)
Seat 2: 84c65d00 ($5 in chips)
Seat 3: 974eaa36 ($4.27 in chips)
Seat 4: eb606a6e ($5.28 in chips)
Seat 5: Hero ($5.95 in chips)
Seat 6: 1d21e563 ($3.17 in chips)
974eaa36: posts small blind $0.02
eb606a6e: posts big blind $0.05
*** HOLE CARDS ***
Dealt to b4b681db 
Dealt to 84c65d00 
Dealt to 974eaa36 
Dealt to eb606a6e 
Dealt to Hero [Kc 5s]
Dealt to 1d21e563 
Hero: folds
1d21e563: folds
b4b681db: folds
84c65d00: folds
974eaa36: folds
Uncalled bet ($0.03) returned to eb606a6e
*** SHOWDOWN ***
eb606a6e collected $0.04 from pot
*** SUMMARY ***
Total pot $0.04 | Rake $0 | Jackpot $0 | Bingo $0 | Fortune $0 | Tax $0
Seat 1: b4b681db folded before Flop (didn't bet)
Seat 2: 84c65d00 (button) folded before Flop (didn't bet)
Seat 3: 974eaa36 (small blind) folded before Flop
Seat 4: eb606a6e (big blind) collected ($0.04)
Seat 5: Hero folded before Flop (didn't bet)
Seat 6: 1d21e563 folded before Flop (didn't bet)


Poker Hand #HD1727728977: Hold'em No Limit ($0.02/$0.05) - 2024/04/12 22:13:03
Table 'NLHBlue29' 6-max Seat #1 is the button
Seat 1: b4b681db ($5.05 in chips)
Seat 2: 84c65d00 ($5 in chips)
Seat 3: 974eaa36 ($4.32 in chips)
Seat 4: eb606a6e ($5.28 in chips)
Seat 5: Hero ($5.95 in chips)
Seat 6: 1d21e563 ($3.1 in chips)
84c65d00: posts small blind $0.02
974eaa36: posts big blind $0.05
*** HOLE CARDS ***
Dealt to b4b681db 
Dealt to 84c65d00 
Dealt to 974eaa36 
Dealt to eb606a6e 
Dealt to Hero [5c 9c]
Dealt to 1d21e563 
eb606a6e: folds
Hero: folds
1d21e563: raises $0.05 to $0.1
b4b681db: folds
84c65d00: folds
974eaa36: folds
Uncalled bet ($0.05) returned to 1d21e563
*** SHOWDOWN ***
1d21e563 collected $0.12 from pot
*** SUMMARY ***
Total pot $0.12 | Rake $0 | Jackpot $0 | Bingo $0 | Fortune $0 | Tax $0
Seat 1: b4b681db (button) folded before Flop (didn't bet)
Seat 2: 84c65d00 (small blind) folded before Flop
Seat 3: 974eaa36 (big blind) folded before Flop
Seat 4: eb606a6e folded before Flop (didn't bet)
Seat 5: Hero folded before Flop (didn't bet)
Seat 6: 1d21e563 collected ($0.12)


Poker Hand #HD1727728920: Hold'em No Limit ($0.02/$0.05) - 2024/04/12 22:12:40
Table 'NLHBlue29' 6-max Seat #6 is the button
Seat 1: b4b681db ($5 in chips)
Seat 2: 84c65d00 ($5 in chips)
Seat 3: 974eaa36 ($4.32 in chips)
Seat 4: eb606a6e ($5.28 in chips)
Seat 5: Hero ($5.95 in chips)
Seat 6: 1d21e563 ($3.1 in chips)
b4b681db: posts small blind $0.02
84c65d00: posts big blind $0.05
*** HOLE CARDS ***
Dealt to b4b681db 
Dealt to 84c65d00 
Dealt to 974eaa36 
Dealt to eb606a6e 
Dealt to Hero [5d 4s]
Dealt to 1d21e563 
974eaa36: folds
eb606a6e: folds
Hero: folds
1d21e563: folds
b4b681db: raises $0.08 to $0.13
84c65d00: folds
Uncalled bet ($0.08) returned to b4b681db
*** SHOWDOWN ***
b4b681db collected $0.1 from pot
*** SUMMARY ***
Total pot $0.1 | Rake $0 | Jackpot $0 | Bingo $0 | Fortune $0 | Tax $0
Seat 1: b4b681db (small blind) collected ($0.1)
Seat 2: 84c65d00 (big blind) folded before Flop
Seat 3: 974eaa36 folded before Flop (didn't bet)
Seat 4: eb606a6e folded before Flop (didn't bet)
Seat 5: Hero folded before Flop (didn't bet)
Seat 6: 1d21e563 (button) folded before Flop (didn't bet)


Poker Hand #HD1727728893: Hold'em No Limit ($0.02/$0.05) - 2024/04/12 22:12:27
Table 'NLHBlue29' 6-max Seat #5 is the button
Seat 1: b4b681db ($4.98 in chips)
Seat 2: 84c65d00 ($5 in chips)
Seat 3: 974eaa36 ($4.32 in chips)
Seat 4: eb606a6e ($5.28 in chips)
Seat 5: Hero ($5.95 in chips)
Seat 6: 1d21e563 ($3.12 in chips)
1d21e563: posts small blind $0.02
b4b681db: posts big blind $0.05
*** HOLE CARDS ***
Dealt to b4b681db 
Dealt to 84c65d00 
Dealt to 974eaa36 
Dealt to eb606a6e 
Dealt to Hero [Kd 8h]
Dealt to 1d21e563 
84c65d00: folds
974eaa36: folds
eb606a6e: folds
Hero: folds
1d21e563: folds
Uncalled bet ($0.03) returned to b4b681db
*** SHOWDOWN ***
b4b681db collected $0.04 from pot
*** SUMMARY ***
Total pot $0.04 | Rake $0 | Jackpot $0 | Bingo $0 | Fortune $0 | Tax $0
Seat 1: b4b681db (big blind) collected ($0.04)
Seat 2: 84c65d00 folded before Flop (didn't bet)
Seat 3: 974eaa36 folded before Flop (didn't bet)
Seat 4: eb606a6e folded before Flop (didn't bet)
Seat 5: Hero (button) folded before Flop (didn't bet)
Seat 6: 1d21e563 (small blind) folded before Flop


Poker Hand #HD1727728834: Hold'em No Limit ($0.02/$0.05) - 2024/04/12 22:12:00
Table 'NLHBlue29' 6-max Seat #4 is the button
Seat 1: b4b681db ($4.98 in chips)
Seat 2: 84c65d00 ($5 in chips)
Seat 3: 974eaa36 ($4.32 in chips)
Seat 4: eb606a6e ($5.28 in chips)
Seat 5: Hero ($5.97 in chips)
Seat 6: 1d21e563 ($3.1 in chips)
Hero: posts small blind $0.02
1d21e563: posts big blind $0.05
*** HOLE CARDS ***
Dealt to b4b681db 
Dealt to 84c65d00 
Dealt to 974eaa36 
Dealt to eb606a6e 
Dealt to Hero [2c Kc]
Dealt to 1d21e563 
b4b681db: folds
84c65d00: folds
974eaa36: folds
eb606a6e: folds
Hero: folds
Uncalled bet ($0.03) returned to 1d21e563
*** SHOWDOWN ***
1d21e563 collected $0.04 from pot
*** SUMMARY ***
Total pot $0.04 | Rake $0 | Jackpot $0 | Bingo $0 | Fortune $0 | Tax $0
Seat 1: b4b681db folded before Flop (didn't bet)
Seat 2: 84c65d00 folded before Flop (didn't bet)
Seat 3: 974eaa36 folded before Flop (didn't bet)
Seat 4: eb606a6e (button) folded before Flop (didn't bet)
Seat 5: Hero (small blind) folded before Flop
Seat 6: 1d21e563 (big blind) collected ($0.04)


Poker Hand #HD1727728741: Hold'em No Limit ($0.02/$0.05) - 2024/04/12 22:11:21
Table 'NLHBlue29' 6-max Seat #3 is the button
Seat 1: b4b681db ($4.98 in chips)
Seat 2: 84c65d00 ($5.07 in chips)
Seat 3: 974eaa36 ($4.32 in chips)
Seat 4: eb606a6e ($5.3 in chips)
Seat 5: Hero ($6.02 in chips)
Seat 6: 1d21e563 ($2.89 in chips)
eb606a6e: posts small blind $0.02
Hero: posts big blind $0.05
*** HOLE CARDS ***
Dealt to b4b681db 
Dealt to 84c65d00 
Dealt to 974eaa36 
Dealt to eb606a6e 
Dealt to Hero [As 5h]
Dealt to 1d21e563 
1d21e563: calls $0.05
b4b681db: folds
84c65d00: raises $0.1 to $0.15
974eaa36: folds
eb606a6e: folds
Hero: folds
1d21e563: calls $0.1
*** FLOP *** [6d 6h Kd]
1d21e563: checks
84c65d00: checks
*** TURN *** [6d 6h Kd] [3h]
1d21e563: bets $0.37
84c65d00: folds
Uncalled bet ($0.37) returned to 1d21e563
*** SHOWDOWN ***
1d21e563 collected $0.36 from pot
*** SUMMARY ***
Total pot $0.37 | Rake $0.01 | Jackpot $0 | Bingo $0 | Fortune $0 | Tax $0
Board [6d 6h Kd 3h]
Seat 1: b4b681db folded before Flop (didn't bet)
Seat 2: 84c65d00 folded on the Turn
Seat 3: 974eaa36 (button) folded before Flop (didn't bet)
Seat 4: eb606a6e (small blind) folded before Flop
Seat 5: Hero (big blind) folded before Flop
Seat 6: 1d21e563 won ($0.36)


Poker Hand #HD1727728709: Hold'em No Limit ($0.02/$0.05) - 2024/04/12 22:11:08
Table 'NLHBlue29' 6-max Seat #2 is the button
Seat 1: b4b681db ($4.98 in chips)
Seat 2: 84c65d00 ($5.07 in chips)
Seat 3: 974eaa36 ($4.34 in chips)
Seat 4: eb606a6e ($5.28 in chips)
Seat 5: Hero ($6.02 in chips)
Seat 6: 1d21e563 ($2.89 in chips)
974eaa36: posts small blind $0.02
eb606a6e: posts big blind $0.05
*** HOLE CARDS ***
Dealt to b4b681db 
Dealt to 84c65d00 
Dealt to 974eaa36 
Dealt to eb606a6e 
Dealt to Hero [9c Qd]
Dealt to 1d21e563 
Hero: folds
1d21e563: folds
b4b681db: folds
84c65d00: folds
974eaa36: folds
Uncalled bet ($0.03) returned to eb606a6e
*** SHOWDOWN ***
eb606a6e collected $0.04 from pot
*** SUMMARY ***
Total pot $0.04 | Rake $0 | Jackpot $0 | Bingo $0 | Fortune $0 | Tax $0
Seat 1: b4b681db folded before Flop (didn't bet)
Seat 2: 84c65d00 (button) folded before Flop (didn't bet)
Seat 3: 974eaa36 (small blind) folded before Flop
Seat 4: eb606a6e (big blind) collected ($0.04)
Seat 5: Hero folded before Flop (didn't bet)
Seat 6: 1d21e563 folded before Flop (didn't bet)


Poker Hand #HD1727728656: Hold'em No Limit ($0.02/$0.05) - 2024/04/12 22:10:43
Table 'NLHBlue29' 6-max Seat #1 is the button
Seat 1: b4b681db ($4.98 in chips)
Seat 2: 84c65d00 ($5.02 in chips)
Seat 3: 974eaa36 ($4.39 in chips)
Seat 4: eb606a6e ($5.28 in chips)
Seat 5: Hero ($6.02 in chips)
Seat 6: 1d21e563 ($2.89 in chips)
84c65d00: posts small blind $0.02
974eaa36: posts big blind $0.05
*** HOLE CARDS ***
Dealt to b4b681db 
Dealt to 84c65d00 
Dealt to 974eaa36 
Dealt to eb606a6e 
Dealt to Hero [2d 2s]
Dealt to 1d21e563 
eb606a6e: folds
Hero: folds
1d21e563: folds
b4b681db: folds
84c65d00: raises $0.1 to $0.15
974eaa36: folds
Uncalled bet ($0.1) returned to 84c65d00
*** SHOWDOWN ***
84c65d00 collected $0.1 from pot
*** SUMMARY ***
Total pot $0.1 | Rake $0 | Jackpot $0 | Bingo $0 | Fortune $0 | Tax $0
Seat 1: b4b681db (button) folded before Flop (didn't bet)
Seat 2: 84c65d00 (small blind) collected ($0.1)
Seat 3: 974eaa36 (big blind) folded before Flop
Seat 4: eb606a6e folded before Flop (didn't bet)
Seat 5: Hero folded before Flop (didn't bet)
Seat 6: 1d21e563 folded before Flop (didn't bet)


Poker Hand #HD1727728600: Hold'em No Limit ($0.02/$0.05) - 2024/04/12 22:10:20
Table 'NLHBlue29' 6-max Seat #6 is the button
Seat 1: b4b681db ($5 in chips)
Seat 2: 84c65d00 ($5.07 in chips)
Seat 3: 974eaa36 ($4.49 in chips)
Seat 4: eb606a6e ($5.12 in chips)
Seat 5: Hero ($6.02 in chips)
Seat 6: 1d21e563 ($2.89 in chips)
b4b681db: posts small blind $0.02
84c65d00: posts big blind $0.05
*** HOLE CARDS ***
Dealt to b4b681db 
Dealt to 84c65d00 
Dealt to 974eaa36 
Dealt to eb606a6e 
Dealt to Hero [Jh 2c]
Dealt to 1d21e563 
974eaa36: raises $0.05 to $0.1
eb606a6e: raises $0.21 to $0.31
Hero: folds
1d21e563: folds
b4b681db: folds
84c65d00: folds
974eaa36: folds
Uncalled bet ($0.21) returned to eb606a6e
*** SHOWDOWN ***
eb606a6e collected $0.26 from pot
*** SUMMARY ***
Total pot $0.27 | Rake $0.01 | Jackpot $0 | Bingo $0 | Fortune $0 | Tax $0
Seat 1: b4b681db (small blind) folded before Flop
Seat 2: 84c65d00 (big blind) folded before Flop
Seat 3: 974eaa36 folded before Flop
Seat 4: eb606a6e collected ($0.26)
Seat 5: Hero folded before Flop (didn't bet)
Seat 6: 1d21e563 (button) folded before Flop (didn't bet)


Poker Hand #HD1727728547: Hold'em No Limit ($0.02/$0.05) - 2024/04/12 22:09:59
Table 'NLHBlue29' 6-max Seat #5 is the button
Seat 1: b4b681db ($4.98 in chips)
Seat 2: 84c65d00 ($5.07 in chips)
Seat 3: 974eaa36 ($4.49 in chips)
Seat 4: eb606a6e ($5.12 in chips)
Seat 5: Hero ($6.02 in chips)
Seat 6: 1d21e563 ($2.91 in chips)
1d21e563: posts small blind $0.02
b4b681db: posts big blind $0.05
*** HOLE CARDS ***
Dealt to b4b681db 
Dealt to 84c65d00 
Dealt to 974eaa36 
Dealt to eb606a6e 
Dealt to Hero [5c 8h]
Dealt to 1d21e563 
84c65d00: folds
974eaa36: folds
eb606a6e: folds
Hero: folds
1d21e563: folds
Uncalled bet ($0.03) returned to b4b681db
*** SHOWDOWN ***
b4b681db collected $0.04 from pot
*** SUMMARY ***
Total pot $0.04 | Rake $0 | Jackpot $0 | Bingo $0 | Fortune $0 | Tax $0
Seat 1: b4b681db (big blind) collected ($0.04)
Seat 2: 84c65d00 folded before Flop (didn't bet)
Seat 3: 974eaa36 folded before Flop (didn't bet)
Seat 4: eb606a6e folded before Flop (didn't bet)
Seat 5: Hero (button) folded before Flop (didn't bet)
Seat 6: 1d21e563 (small blind) folded before Flop


Poker Hand #HD1727728517: Hold'em No Limit ($0.02/$0.05) - 2024/04/12 22:09:44
Table 'NLHBlue29' 6-max Seat #4 is the button
Seat 1: b4b681db ($4.98 in chips)
Seat 2: 84c65d00 ($5.07 in chips)
Seat 3: 974eaa36 ($4.49 in chips)
Seat 4: eb606a6e ($5.12 in chips)
Seat 5: Hero ($5.97 in chips)
Seat 6: 1d21e563 ($2.96 in chips)
Hero: posts small blind $0.02
1d21e563: posts big blind $0.05
*** HOLE CARDS ***
Dealt to b4b681db 
Dealt to 84c65d00 
Dealt to 974eaa36 
Dealt to eb606a6e 
Dealt to Hero [Tc Kd]
Dealt to 1d21e563 
b4b681db: folds
84c65d00: folds
974eaa36: folds
eb606a6e: folds
Hero: raises $0.1 to $0.15
1d21e563: folds
Uncalled bet ($0.1) returned to Hero
*** SHOWDOWN ***
Hero collected $0.1 from pot
*** SUMMARY ***
Total pot $0.1 | Rake $0 | Jackpot $0 | Bingo $0 | Fortune $0 | Tax $0
Seat 1: b4b681db folded before Flop (didn't bet)
Seat 2: 84c65d00 folded before Flop (didn't bet)
Seat 3: 974eaa36 folded before Flop (didn't bet)
Seat 4: eb606a6e (button) folded before Flop (didn't bet)
Seat 5: Hero (small blind) collected ($0.1)
Seat 6: 1d21e563 (big blind) folded before Flop


Poker Hand #HD1727728478: Hold'em No Limit ($0.02/$0.05) - 2024/04/12 22:09:28
Table 'NLHBlue29' 6-max Seat #3 is the button
Seat 1: b4b681db ($4.98 in chips)
Seat 2: 84c65d00 ($5.07 in chips)
Seat 3: 974eaa36 ($4.42 in chips)
Seat 4: eb606a6e ($5.14 in chips)
Seat 5: Hero ($6.02 in chips)
Seat 6: 1d21e563 ($2.96 in chips)
eb606a6e: posts small blind $0.02
Hero: posts big blind $0.05
*** HOLE CARDS ***
Dealt to b4b681db 
Dealt to 84c65d00 
Dealt to 974eaa36 
Dealt to eb606a6e 
Dealt to Hero [5h 6d]
Dealt to 1d21e563 
1d21e563: folds
b4b681db: folds
84c65d00: folds
974eaa36: raises $0.08 to $0.13
eb606a6e: folds
Hero: folds
Uncalled bet ($0.08) returned to 974eaa36
*** SHOWDOWN ***
974eaa36 collected $0.12 from pot
*** SUMMARY ***
Total pot $0.12 | Rake $0 | Jackpot $0 | Bingo $0 | Fortune $0 | Tax $0
Seat 1: b4b681db folded before Flop (didn't bet)
Seat 2: 84c65d00 folded before Flop (didn't bet)
Seat 3: 974eaa36 (button) collected ($0.12)
Seat 4: eb606a6e (small blind) folded before Flop
Seat 5: Hero (big blind) folded before Flop
Seat 6: 1d21e563 folded before Flop (didn't bet)


Poker Hand #HD1727728432: Hold'em No Limit ($0.02/$0.05) - 2024/04/12 22:09:12
Table 'NLHBlue29' 6-max Seat #2 is the button
Seat 1: b4b681db ($4.98 in chips)
Seat 2: 84c65d00 ($5.07 in chips)
Seat 3: 974eaa36 ($4.37 in chips)
Seat 4: eb606a6e ($5.19 in chips)
Seat 5: Hero ($6.02 in chips)
Seat 6: 1d21e563 ($2.96 in chips)
974eaa36: posts small blind $0.02
eb606a6e: posts big blind $0.05
*** HOLE CARDS ***
Dealt to b4b681db 
Dealt to 84c65d00 
Dealt to 974eaa36 
Dealt to eb606a6e 
Dealt to Hero [2c 7d]
Dealt to 1d21e563 
Hero: folds
1d21e563: folds
b4b681db: folds
84c65d00: folds
974eaa36: raises $0.1 to $0.15
eb606a6e: folds
Uncalled bet ($0.1) returned to 974eaa36
*** SHOWDOWN ***
974eaa36 collected $0.1 from pot
*** SUMMARY ***
Total pot $0.1 | Rake $0 | Jackpot $0 | Bingo $0 | Fortune $0 | Tax $0
Seat 1: b4b681db folded before Flop (didn't bet)
Seat 2: 84c65d00 (button) folded before Flop (didn't bet)
Seat 3: 974eaa36 (small blind) collected ($0.1)
Seat 4: eb606a6e (big blind) folded before Flop
Seat 5: Hero folded before Flop (didn't bet)
Seat 6: 1d21e563 folded before Flop (didn't bet)


Poker Hand #HD1727728401: Hold'em No Limit ($0.02/$0.05) - 2024/04/12 22:08:56
Table 'NLHBlue29' 6-max Seat #1 is the button
Seat 1: b4b681db ($4.98 in chips)
Seat 2: 84c65d00 ($5.09 in chips)
Seat 3: 974eaa36 ($4.35 in chips)
Seat 4: eb606a6e ($5.19 in chips)
Seat 5: Hero ($6.02 in chips)
Seat 6: 1d21e563 ($2.96 in chips)
84c65d00: posts small blind $0.02
974eaa36: posts big blind $0.05
*** HOLE CARDS ***
Dealt to b4b681db 
Dealt to 84c65d00 
Dealt to 974eaa36 
Dealt to eb606a6e 
Dealt to Hero [8d 5s]
Dealt to 1d21e563 
eb606a6e: folds
Hero: folds
1d21e563: folds
b4b681db: folds
84c65d00: folds
Uncalled bet ($0.03) returned to 974eaa36
*** SHOWDOWN ***
974eaa36 collected $0.04 from pot
*** SUMMARY ***
Total pot $0.04 | Rake $0 | Jackpot $0 | Bingo $0 | Fortune $0 | Tax $0
Seat 1: b4b681db (button) folded before Flop (didn't bet)
Seat 2: 84c65d00 (small blind) folded before Flop
Seat 3: 974eaa36 (big blind) collected ($0.04)
Seat 4: eb606a6e folded before Flop (didn't bet)
Seat 5: Hero folded before Flop (didn't bet)
Seat 6: 1d21e563 folded before Flop (didn't bet)


Poker Hand #HD1727728381: Hold'em No Limit ($0.02/$0.05) - 2024/04/12 22:08:47
Table 'NLHBlue29' 6-max Seat #6 is the button
Seat 1: b4b681db ($5 in chips)
Seat 2: 84c65d00 ($5.07 in chips)
Seat 3: 974eaa36 ($4.35 in chips)
Seat 4: eb606a6e ($5.19 in chips)
Seat 5: Hero ($6.02 in chips)
Seat 6: 1d21e563 ($2.96 in chips)
b4b681db: posts small blind $0.02
84c65d00: posts big blind $0.05
*** HOLE CARDS ***
Dealt to b4b681db 
Dealt to 84c65d00 
Dealt to 974eaa36 
Dealt to eb606a6e 
Dealt to Hero [5c Td]
Dealt to 1d21e563 
974eaa36: folds
eb606a6e: folds
Hero: folds
1d21e563: folds
b4b681db: folds
Uncalled bet ($0.03) returned to 84c65d00
*** SHOWDOWN ***
84c65d00 collected $0.04 from pot
*** SUMMARY ***
Total pot $0.04 | Rake $0 | Jackpot $0 | Bingo $0 | Fortune $0 | Tax $0
Seat 1: b4b681db (small blind) folded before Flop
Seat 2: 84c65d00 (big blind) collected ($0.04)
Seat 3: 974eaa36 folded before Flop (didn't bet)
Seat 4: eb606a6e folded before Flop (didn't bet)
Seat 5: Hero folded before Flop (didn't bet)
Seat 6: 1d21e563 (button) folded before Flop (didn't bet)


Poker Hand #HD1727728258: Hold'em No Limit ($0.02/$0.05) - 2024/04/12 22:07:55
Table 'NLHBlue29' 6-max Seat #5 is the button
Seat 1: b4b681db ($4.62 in chips)
Seat 2: 84c65d00 ($5.07 in chips)
Seat 3: 974eaa36 ($4.35 in chips)
Seat 4: eb606a6e ($5.19 in chips)
Seat 5: Hero ($5.73 in chips)
Seat 6: 1d21e563 ($3.23 in chips)
1d21e563: posts small blind $0.02
b4b681db: posts big blind $0.05
*** HOLE CARDS ***
Dealt to b4b681db 
Dealt to 84c65d00 
Dealt to 974eaa36 
Dealt to eb606a6e 
Dealt to Hero [9c 9s]
Dealt to 1d21e563 
84c65d00: folds
974eaa36: folds
eb606a6e: folds
Hero: raises $0.07 to $0.12
1d21e563: calls $0.1
b4b681db: folds
*** FLOP *** [Qd 2c 5c]
1d21e563: checks
Hero: checks
*** TURN *** [Qd 2c 5c] [7d]
1d21e563: checks
Hero: bets $0.15
1d21e563: calls $0.15
*** RIVER *** [Qd 2c 5c 7d] [Ts]
1d21e563: checks
Hero: checks
1d21e563: shows [5s 3s] (Pair of Fives)
Hero: shows [9c 9s] (Pair of Nines)
*** SHOWDOWN ***
Hero collected $0.56 from pot
*** SUMMARY ***
Total pot $0.59 | Rake $0.03 | Jackpot $0 | Bingo $0 | Fortune $0 | Tax $0
Board [Qd 2c 5c 7d Ts]
Seat 1: b4b681db (big blind) folded before Flop
Seat 2: 84c65d00 folded before Flop (didn't bet)
Seat 3: 974eaa36 folded before Flop (didn't bet)
Seat 4: eb606a6e folded before Flop (didn't bet)
Seat 5: Hero (button) showed [9c 9s] and won ($0.56) with Pair of Nines
Seat 6: 1d21e563 (small blind) showed [5s 3s] and lost with Pair of Fives


Poker Hand #HD1727728219: Hold'em No Limit ($0.02/$0.05) - 2024/04/12 22:07:38
Table 'NLHBlue29' 6-max Seat #4 is the button
Seat 1: b4b681db ($4.62 in chips)
Seat 2: 84c65d00 ($5 in chips)
Seat 3: 974eaa36 ($4.35 in chips)
Seat 4: eb606a6e ($5.19 in chips)
Seat 5: Hero ($5.75 in chips)
Seat 6: 1d21e563 ($3.28 in chips)
Hero: posts small blind $0.02
1d21e563: posts big blind $0.05
*** HOLE CARDS ***
Dealt to b4b681db 
Dealt to 84c65d00 
Dealt to 974eaa36 
Dealt to eb606a6e 
Dealt to Hero [6h Ac]
Dealt to 1d21e563 
b4b681db: folds
84c65d00: raises $0.1 to $0.15
974eaa36: folds
eb606a6e: folds
Hero: folds
1d21e563: folds
Uncalled bet ($0.1) returned to 84c65d00
*** SHOWDOWN ***
84c65d00 collected $0.12 from pot
*** SUMMARY ***
Total pot $0.12 | Rake $0 | Jackpot $0 | Bingo $0 | Fortune $0 | Tax $0
Seat 1: b4b681db folded before Flop (didn't bet)
Seat 2: 84c65d00 collected ($0.12)
Seat 3: 974eaa36 folded before Flop (didn't bet)
Seat 4: eb606a6e (button) folded before Flop (didn't bet)
Seat 5: Hero (small blind) folded before Flop
Seat 6: 1d21e563 (big blind) folded before Flop


Poker Hand #HD1727728182: Hold'em No Limit ($0.02/$0.05) - 2024/04/12 22:07:19
Table 'NLHBlue29' 6-max Seat #3 is the button
Seat 1: b4b681db ($4.62 in chips)
Seat 2: 84c65d00 ($5 in chips)
Seat 3: 974eaa36 ($4.35 in chips)
Seat 4: eb606a6e ($5.14 in chips)
Seat 5: Hero ($5.8 in chips)
Seat 6: 1d21e563 ($3.28 in chips)
eb606a6e: posts small blind $0.02
Hero: posts big blind $0.05
*** HOLE CARDS ***
Dealt to b4b681db 
Dealt to 84c65d00 
Dealt to 974eaa36 
Dealt to eb606a6e 
Dealt to Hero [Qs 3c]
Dealt to 1d21e563 
1d21e563: folds
b4b681db: folds
84c65d00: folds
974eaa36: folds
eb606a6e: raises $0.1 to $0.15
Hero: folds
Uncalled bet ($0.1) returned to eb606a6e
*** SHOWDOWN ***
eb606a6e collected $0.1 from pot
*** SUMMARY ***
Total pot $0.1 | Rake $0 | Jackpot $0 | Bingo $0 | Fortune $0 | Tax $0
Seat 1: b4b681db folded before Flop (didn't bet)
Seat 2: 84c65d00 folded before Flop (didn't bet)
Seat 3: 974eaa36 (button) folded before Flop (didn't bet)
Seat 4: eb606a6e (small blind) collected ($0.1)
Seat 5: Hero (big blind) folded before Flop
Seat 6: 1d21e563 folded before Flop (didn't bet)


Poker Hand #HD1727728161: Hold'em No Limit ($0.02/$0.05) - 2024/04/12 22:07:09
Table 'NLHBlue29' 6-max Seat #2 is the button
Seat 1: b4b681db ($4.62 in chips)
Seat 2: 84c65d00 ($5 in chips)
Seat 3: 974eaa36 ($4.37 in chips)
Seat 4: eb606a6e ($5.12 in chips)
Seat 5: Hero ($5.8 in chips)
Seat 6: 1d21e563 ($3.28 in chips)
974eaa36: posts small blind $0.02
eb606a6e: posts big blind $0.05
*** HOLE CARDS ***
Dealt to b4b681db 
Dealt to 84c65d00 
Dealt to 974eaa36 
Dealt to eb606a6e 
Dealt to Hero [Jd 4d]
Dealt to 1d21e563 
Hero: folds
1d21e563: folds
b4b681db: folds
84c65d00: folds
974eaa36: folds
Uncalled bet ($0.03) returned to eb606a6e
*** SHOWDOWN ***
eb606a6e collected $0.04 from pot
*** SUMMARY ***
Total pot $0.04 | Rake $0 | Jackpot $0 | Bingo $0 | Fortune $0 | Tax $0
Seat 1: b4b681db folded before Flop (didn't bet)
Seat 2: 84c65d00 (button) folded before Flop (didn't bet)
Seat 3: 974eaa36 (small blind) folded before Flop
Seat 4: eb606a6e (big blind) collected ($0.04)
Seat 5: Hero folded before Flop (didn't bet)
Seat 6: 1d21e563 folded before Flop (didn't bet)


Poker Hand #HD1727728082: Hold'em No Limit ($0.02/$0.05) - 2024/04/12 22:06:33
Table 'NLHBlue29' 6-max Seat #1 is the button
Seat 1: b4b681db ($4.72 in chips)
Seat 2: 84c65d00 ($5 in chips)
Seat 3: 974eaa36 ($4.42 in chips)
Seat 4: eb606a6e ($5.12 in chips)
Seat 5: Hero ($5.8 in chips)
Seat 6: 1d21e563 ($3.12 in chips)
84c65d00: posts small blind $0.02
974eaa36: posts big blind $0.05
*** HOLE CARDS ***
Dealt to b4b681db 
Dealt to 84c65d00 
Dealt to 974eaa36 
Dealt to eb606a6e 
Dealt to Hero [Tc 9s]
Dealt to 1d21e563 
eb606a6e: folds
Hero: folds
1d21e563: raises $0.05 to $0.1
b4b681db: calls $0.1
84c65d00: folds
974eaa36: folds
*** FLOP *** [5h 3d 9h]
1d21e563: bets $0.15
b4b681db: folds
Uncalled bet ($0.15) returned to 1d21e563
*** SHOWDOWN ***
1d21e563 collected $0.26 from pot
*** SUMMARY ***
Total pot $0.27 | Rake $0.01 | Jackpot $0 | Bingo $0 | Fortune $0 | Tax $0
Board [5h 3d 9h]
Seat 1: b4b681db (button) folded on the Flop
Seat 2: 84c65d00 (small blind) folded before Flop
Seat 3: 974eaa36 (big blind) folded before Flop
Seat 4: eb606a6e folded before Flop (didn't bet)
Seat 5: Hero folded before Flop (didn't bet)
Seat 6: 1d21e563 won ($0.26)


Poker Hand #HD1727727985: Hold'em No Limit ($0.02/$0.05) - 2024/04/12 22:05:51
Table 'NLHBlue29' 6-max Seat #6 is the button
Seat 1: b4b681db ($4.84 in chips)
Seat 2: 84c65d00 ($5 in chips)
Seat 3: 974eaa36 ($4.42 in chips)
Seat 4: eb606a6e ($5.12 in chips)
Seat 5: Hero ($5.64 in chips)
Seat 6: 1d21e563 ($3.12 in chips)
b4b681db: posts small blind $0.02
84c65d00: posts big blind $0.05
*** HOLE CARDS ***
Dealt to b4b681db 
Dealt to 84c65d00 
Dealt to 974eaa36 
Dealt to eb606a6e 
Dealt to Hero [Kd Js]
Dealt to 1d21e563 
974eaa36: folds
eb606a6e: folds
Hero: raises $0.07 to $0.12
1d21e563: folds
b4b681db: calls $0.1
84c65d00: folds
*** FLOP *** [Kh 4c Qc]
b4b681db: checks
Hero: checks
*** TURN *** [Kh 4c Qc] [Tc]
b4b681db: checks
Hero: bets $0.15
b4b681db: folds
Uncalled bet ($0.15) returned to Hero
*** SHOWDOWN ***
Hero collected $0.28 from pot
*** SUMMARY ***
Total pot $0.29 | Rake $0.01 | Jackpot $0 | Bingo $0 | Fortune $0 | Tax $0
Board [Kh 4c Qc Tc]
Seat 1: b4b681db (small blind) folded on the Turn
Seat 2: 84c65d00 (big blind) folded before Flop
Seat 3: 974eaa36 folded before Flop (didn't bet)
Seat 4: eb606a6e folded before Flop (didn't bet)
Seat 5: Hero won ($0.28)
Seat 6: 1d21e563 (button) folded before Flop (didn't bet)


Poker Hand #HD1727727962: Hold'em No Limit ($0.02/$0.05) - 2024/04/12 22:05:40
Table 'NLHBlue29' 6-max Seat #5 is the button
Seat 1: b4b681db ($4.82 in chips)
Seat 2: 84c65d00 ($5 in chips)
Seat 3: 974eaa36 ($4.42 in chips)
Seat 4: eb606a6e ($5.12 in chips)
Seat 5: Hero ($5.64 in chips)
Seat 6: 1d21e563 ($3.14 in chips)
1d21e563: posts small blind $0.02
b4b681db: posts big blind $0.05
*** HOLE CARDS ***
Dealt to b4b681db 
Dealt to 84c65d00 
Dealt to 974eaa36 
Dealt to eb606a6e 
Dealt to Hero [3h Jd]
Dealt to 1d21e563 
84c65d00: folds
974eaa36: folds
eb606a6e: folds
Hero: folds
1d21e563: folds
Uncalled bet ($0.03) returned to b4b681db
*** SHOWDOWN ***
b4b681db collected $0.04 from pot
*** SUMMARY ***
Total pot $0.04 | Rake $0 | Jackpot $0 | Bingo $0 | Fortune $0 | Tax $0
Seat 1: b4b681db (big blind) collected ($0.04)
Seat 2: 84c65d00 folded before Flop (didn't bet)
Seat 3: 974eaa36 folded before Flop (didn't bet)
Seat 4: eb606a6e folded before Flop (didn't bet)
Seat 5: Hero (button) folded before Flop (didn't bet)
Seat 6: 1d21e563 (small blind) folded before Flop


Poker Hand #HD1727727920: Hold'em No Limit ($0.02/$0.05) - 2024/04/12 22:05:17
Table 'NLHBlue29' 6-max Seat #4 is the button
Seat 1: b4b681db ($4.82 in chips)
Seat 2: 84c65d00 ($5 in chips)
Seat 3: 974eaa36 ($4.42 in chips)
Seat 4: eb606a6e ($5.12 in chips)
Seat 5: Hero ($5.59 in chips)
Seat 6: 1d21e563 ($3.19 in chips)
Hero: posts small blind $0.02
1d21e563: posts big blind $0.05
*** HOLE CARDS ***
Dealt to b4b681db 
Dealt to 84c65d00 
Dealt to 974eaa36 
Dealt to eb606a6e 
Dealt to Hero [Ad 3d]
Dealt to 1d21e563 
b4b681db: folds
84c65d00: folds
974eaa36: folds
eb606a6e: folds
Hero: raises $0.1 to $0.15
1d21e563: folds
Uncalled bet ($0.1) returned to Hero
*** SHOWDOWN ***
Hero collected $0.1 from pot
*** SUMMARY ***
Total pot $0.1 | Rake $0 | Jackpot $0 | Bingo $0 | Fortune $0 | Tax $0
Seat 1: b4b681db folded before Flop (didn't bet)
Seat 2: 84c65d00 folded before Flop (didn't bet)
Seat 3: 974eaa36 folded before Flop (didn't bet)
Seat 4: eb606a6e (button) folded before Flop (didn't bet)
Seat 5: Hero (small blind) collected ($0.1)
Seat 6: 1d21e563 (big blind) folded before Flop


Poker Hand #HD1727727845: Hold'em No Limit ($0.02/$0.05) - 2024/04/12 22:04:48
Table 'NLHBlue29' 6-max Seat #3 is the button
Seat 1: b4b681db ($4.82 in chips)
Seat 2: 84c65d00 ($5 in chips)
Seat 3: 974eaa36 ($4.22 in chips)
Seat 4: eb606a6e ($5.14 in chips)
Seat 5: Hero ($5.64 in chips)
Seat 6: 1d21e563 ($3.19 in chips)
eb606a6e: posts small blind $0.02
Hero: posts big blind $0.05
*** HOLE CARDS ***
Dealt to b4b681db 
Dealt to 84c65d00 
Dealt to 974eaa36 
Dealt to eb606a6e 
Dealt to Hero [9h 3d]
Dealt to 1d21e563 
1d21e563: folds
b4b681db: folds
84c65d00: raises $0.1 to $0.15
974eaa36: raises $0.3 to $0.45
eb606a6e: folds
Hero: folds
84c65d00: folds
Uncalled bet ($0.3) returned to 974eaa36
*** SHOWDOWN ***
974eaa36 collected $0.35 from pot
*** SUMMARY ***
Total pot $0.37 | Rake $0.02 | Jackpot $0 | Bingo $0 | Fortune $0 | Tax $0
Seat 1: b4b681db folded before Flop (didn't bet)
Seat 2: 84c65d00 folded before Flop
Seat 3: 974eaa36 (button) collected ($0.35)
Seat 4: eb606a6e (small blind) folded before Flop
Seat 5: Hero (big blind) folded before Flop
Seat 6: 1d21e563 folded before Flop (didn't bet)


Poker Hand #HD1727727689: Hold'em No Limit ($0.02/$0.05) - 2024/04/12 22:03:36
Table 'NLHBlue29' 6-max Seat #2 is the button
Seat 1: b4b681db ($4.82 in chips)
Seat 2: 84c65d00 ($5 in chips)
Seat 3: 974eaa36 ($4.72 in chips)
Seat 4: eb606a6e ($5.24 in chips)
Seat 5: Hero ($5 in chips)
Seat 6: 1d21e563 ($3.29 in chips)
974eaa36: posts small blind $0.02
eb606a6e: posts big blind $0.05
*** HOLE CARDS ***
Dealt to b4b681db 
Dealt to 84c65d00 
Dealt to 974eaa36 
Dealt to eb606a6e 
Dealt to Hero [7h 7d]
Dealt to 1d21e563 
Hero: raises $0.05 to $0.1
1d21e563: calls $0.1
b4b681db: folds
84c65d00: folds
974eaa36: calls $0.08
eb606a6e: calls $0.05
*** FLOP *** [3h 3s 2c]
974eaa36: checks
eb606a6e: checks
Hero: bets $0.1
1d21e563: folds
974eaa36: calls $0.1
eb606a6e: folds
*** TURN *** [3h 3s 2c] [8d]
974eaa36: checks
Hero: checks
*** RIVER *** [3h 3s 2c 8d] [5h]
974eaa36: bets $0.3
Hero: calls $0.3
974eaa36: shows [Ad Jd] (Pair of Treys)
Hero: shows [7h 7d] (Pair of Sevens and Pair of Treys)
*** SHOWDOWN ***
Hero collected $1.14 from pot
*** SUMMARY ***
Total pot $1.2 | Rake $0.06 | Jackpot $0 | Bingo $0 | Fortune $0 | Tax $0
Board [3h 3s 2c 8d 5h]
Seat 1: b4b681db folded before Flop (didn't bet)
Seat 2: 84c65d00 (button) folded before Flop (didn't bet)
Seat 3: 974eaa36 (small blind) showed [Ad Jd] and lost with Pair of Treys
Seat 4: eb606a6e (big blind) folded on the Flop
Seat 5: Hero showed [7h 7d] and won ($1.14) with Pair of Sevens and Pair of Treys
Seat 6: 1d21e563 folded on the Flop


Poker Hand #HD1727727671: Hold'em No Limit ($0.02/$0.05) - 2024/04/12 22:03:29
Table 'NLHBlue29' 6-max Seat #1 is the button
Seat 1: b4b681db ($4.82 in chips)
Seat 2: 84c65d00 ($5 in chips)
Seat 3: 974eaa36 ($4.7 in chips)
Seat 4: eb606a6e ($5.24 in chips)
Seat 5: Hero ($5 in chips)
Seat 6: 1d21e563 ($3.29 in chips)
84c65d00: posts small blind $0.02
974eaa36: posts big blind $0.05
*** HOLE CARDS ***
Dealt to b4b681db 
Dealt to 84c65d00 
Dealt to 974eaa36 
Dealt to eb606a6e 
Dealt to Hero [Kc 5s]
Dealt to 1d21e563 
eb606a6e: folds
Hero: folds
1d21e563: folds
b4b681db: folds
84c65d00: folds
Uncalled bet ($0.03) returned to 974eaa36
*** SHOWDOWN ***
974eaa36 collected $0.04 from pot
*** SUMMARY ***
Total pot $0.04 | Rake $0 | Jackpot $0 | Bingo $0 | Fortune $0 | Tax $0
Seat 1: b4b681db (button) folded before Flop (didn't bet)
Seat 2: 84c65d00 (small blind) folded before Flop
Seat 3: 974eaa36 (big blind) collected ($0.04)
Seat 4: eb606a6e folded before Flop (didn't bet)
Seat 5: Hero folded before Flop (didn't bet)
Seat 6: 1d21e563 folded before Flop (didn't bet)


Poker Hand #HD1727727414: Hold'em No Limit ($0.02/$0.05) - 2024/04/12 22:01:30
Table 'NLHBlue29' 6-max Seat #6 is the button
Seat 1: b4b681db ($4.92 in chips)
Seat 2: 84c65d00 ($5 in chips)
Seat 3: 974eaa36 ($3.49 in chips)
Seat 4: eb606a6e ($5.24 in chips)
Seat 5: Hero ($5 in chips)
Seat 6: 1d21e563 ($4.27 in chips)
b4b681db: posts small blind $0.02
84c65d00: posts big blind $0.05
*** HOLE CARDS ***
Dealt to b4b681db 
Dealt to 84c65d00 
Dealt to 974eaa36 
Dealt to eb606a6e 
Dealt to Hero [3s 6h]
Dealt to 1d21e563 
974eaa36: raises $0.05 to $0.1
eb606a6e: folds
Hero: folds
1d21e563: calls $0.1
b4b681db: calls $0.08
84c65d00: calls $0.05
*** FLOP *** [3d Js 3h]
b4b681db: checks
84c65d00: checks
974eaa36: checks
1d21e563: bets $0.22
b4b681db: folds
84c65d00: calls $0.22
974eaa36: calls $0.22
*** TURN *** [3d Js 3h] [8c]
84c65d00: checks
974eaa36: checks
1d21e563: bets $0.66
84c65d00: folds
974eaa36: calls $0.66
*** RIVER *** [3d Js 3h 8c] [6c]
974eaa36: checks
1d21e563: checks
974eaa36: shows [8h 8d] (Eights Full over Treys)
1d21e563: shows [As Jh] (Pair of Jacks and Pair of Treys)
*** SHOWDOWN ***
974eaa36 collected $2.19 from pot
*** SUMMARY ***
Total pot $2.38 | Rake $0.14 | Jackpot $0.05 | Bingo $0 | Fortune $0 | Tax $0
Board [3d Js 3h 8c 6c]
Seat 1: b4b681db (small blind) folded on the Flop
Seat 2: 84c65d00 (big blind) folded on the Turn
Seat 3: 974eaa36 showed [8h 8d] and won ($2.19) with Eights Full over Treys
Seat 4: eb606a6e folded before Flop (didn't bet)
Seat 5: Hero folded before Flop (didn't bet)
Seat 6: 1d21e563 (button) showed [As Jh] and lost with Pair of Jacks and Pair of Treys


Poker Hand #HD1727727381: Hold'em No Limit ($0.02/$0.05) - 2024/04/12 22:01:16
Table 'NLHBlue29' 6-max Seat #5 is the button
Seat 1: b4b681db ($4.9 in chips)
Seat 2: 84c65d00 ($5 in chips)
Seat 3: 974eaa36 ($3.49 in chips)
Seat 4: eb606a6e ($5.24 in chips)
Seat 5: Hero ($5 in chips)
Seat 6: 1d21e563 ($4.29 in chips)
1d21e563: posts small blind $0.02
b4b681db: posts big blind $0.05
*** HOLE CARDS ***
Dealt to b4b681db 
Dealt to 84c65d00 
Dealt to 974eaa36 
Dealt to eb606a6e 
Dealt to Hero [6s 4s]
Dealt to 1d21e563 
84c65d00: folds
974eaa36: folds
eb606a6e: folds
Hero: folds
1d21e563: folds
Uncalled bet ($0.03) returned to b4b681db
*** SHOWDOWN ***
b4b681db collected $0.04 from pot
*** SUMMARY ***
Total pot $0.04 | Rake $0 | Jackpot $0 | Bingo $0 | Fortune $0 | Tax $0
Seat 1: b4b681db (big blind) collected ($0.04)
Seat 2: 84c65d00 folded before Flop (didn't bet)
Seat 3: 974eaa36 folded before Flop (didn't bet)
Seat 4: eb606a6e folded before Flop (didn't bet)
Seat 5: Hero (button) folded before Flop (didn't bet)
Seat 6: 1d21e563 (small blind) folded before Flop


Poker Hand #HD1727727296: Hold'em No Limit ($0.02/$0.05) - 2024/04/12 22:00:36
Table 'NLHBlue29' 6-max Seat #4 is the button
Seat 1: b4b681db ($4.9 in chips)
Seat 2: 84c65d00 ($5 in chips)
Seat 3: 974eaa36 ($3.35 in chips)
Seat 4: eb606a6e ($5.24 in chips)
Seat 5: Hero ($5 in chips)
Seat 6: 1d21e563 ($4.42 in chips)
Hero: posts small blind $0.02
1d21e563: posts big blind $0.05
*** HOLE CARDS ***
Dealt to b4b681db 
Dealt to 84c65d00 
Dealt to 974eaa36 
Dealt to eb606a6e 
Dealt to Hero [4s 2d]
Dealt to 1d21e563 
b4b681db: folds
84c65d00: folds
974eaa36: raises $0.08 to $0.13
eb606a6e: folds
Hero: folds
1d21e563: calls $0.08
*** FLOP *** [Ac As 9c]
1d21e563: checks
974eaa36: bets $0.1
1d21e563: folds
Uncalled bet ($0.1) returned to 974eaa36
*** SHOWDOWN ***
974eaa36 collected $0.27 from pot
*** SUMMARY ***
Total pot $0.28 | Rake $0.01 | Jackpot $0 | Bingo $0 | Fortune $0 | Tax $0
Board [Ac As 9c]
Seat 1: b4b681db folded before Flop (didn't bet)
Seat 2: 84c65d00 folded before Flop (didn't bet)
Seat 3: 974eaa36 won ($0.27)
Seat 4: eb606a6e (button) folded before Flop (didn't bet)
Seat 5: Hero (small blind) folded before Flop
Seat 6: 1d21e563 (big blind) folded on the Flop


Poker Hand #HD1727727228: Hold'em No Limit ($0.02/$0.05) - 2024/04/12 22:00:09
Table 'NLHBlue29' 6-max Seat #3 is the button
Seat 1: b4b681db ($5 in chips)
Seat 2: 84c65d00 ($5 in chips)
Seat 3: 974eaa36 ($3.35 in chips)
Seat 4: eb606a6e ($5 in chips)
Seat 5: Hero ($5 in chips)
Seat 6: 1d21e563 ($4.52 in chips)
eb606a6e: posts small blind $0.02
Hero: posts big blind $0.05
*** HOLE CARDS ***
Dealt to b4b681db 
Dealt to 84c65d00 
Dealt to 974eaa36 
Dealt to eb606a6e 
Dealt to Hero [5d Qs]
Dealt to 1d21e563 
1d21e563: raises $0.05 to $0.1
b4b681db: calls $0.1
84c65d00: folds
974eaa36: folds
eb606a6e: raises $0.46 to $0.56
Hero: folds
1d21e563: folds
b4b681db: folds
Uncalled bet ($0.46) returned to eb606a6e
*** SHOWDOWN ***
eb606a6e collected $0.34 from pot
*** SUMMARY ***
Total pot $0.35 | Rake $0.01 | Jackpot $0 | Bingo $0 | Fortune $0 | Tax $0
Seat 1: b4b681db folded before Flop
Seat 2: 84c65d00 folded before Flop (didn't bet)
Seat 3: 974eaa36 (button) folded before Flop (didn't bet)
Seat 4: eb606a6e (small blind) collected ($0.34)
Seat 5: Hero (big blind) folded before Flop
Seat 6: 1d21e563 folded before Flop


Poker Hand #HD1727726938: Hold'em No Limit ($0.02/$0.05) - 2024/04/12 21:57:55
Table 'NLHBlue29' 6-max Seat #2 is the button
Seat 1: b4b681db ($5.46 in chips)
Seat 2: 84c65d00 ($5 in chips)
Seat 3: 974eaa36 ($3.37 in chips)
Seat 4: eb606a6e ($5 in chips)
Seat 5: Hero ($5 in chips)
Seat 6: 1d21e563 ($2.79 in chips)
974eaa36: posts small blind $0.02
eb606a6e: posts big blind $0.05
*** HOLE CARDS ***
Dealt to b4b681db 
Dealt to 84c65d00 
Dealt to 974eaa36 
Dealt to eb606a6e 
Dealt to Hero [Ad 9d]
Dealt to 1d21e563 
Hero: raises $0.05 to $0.1
1d21e563: calls $0.1
b4b681db: raises $0.28 to $0.38
84c65d00: folds
974eaa36: folds
eb606a6e: folds
Hero: folds
1d21e563: calls $0.28
*** FLOP *** [3d 7s 5s]
1d21e563: checks
b4b681db: bets $0.47
1d21e563: calls $0.47
*** TURN *** [3d 7s 5s] [6d]
1d21e563: checks
b4b681db: bets $0.94
1d21e563: calls $0.94
*** RIVER *** [3d 7s 5s 6d] [Ts]
1d21e563: bets $1 and is all-in
b4b681db: folds
Uncalled bet ($1) returned to 1d21e563
*** SHOWDOWN ***
1d21e563 collected $3.52 from pot
*** SUMMARY ***
Total pot $3.75 | Rake $0.18 | Jackpot $0.05 | Bingo $0 | Fortune $0 | Tax $0
Board [3d 7s 5s 6d Ts]
Seat 1: b4b681db folded on the River
Seat 2: 84c65d00 (button) folded before Flop (didn't bet)
Seat 3: 974eaa36 (small blind) folded before Flop
Seat 4: eb606a6e (big blind) folded before Flop
Seat 5: Hero folded before Flop
Seat 6: 1d21e563 won ($3.52)


Poker Hand #HD1727726787: Hold'em No Limit ($0.02/$0.05) - 2024/04/12 21:56:44
Table 'NLHBlue29' 6-max Seat #1 is the button
Seat 1: b4b681db ($5.46 in chips)
Seat 2: 84c65d00 ($5 in chips)
Seat 3: 974eaa36 ($2.68 in chips)
Seat 4: eb606a6e ($5 in chips)
Seat 5: Hero ($5 in chips)
Seat 6: 1d21e563 ($2.79 in chips)
84c65d00: posts small blind $0.02
974eaa36: posts big blind $0.05
eb606a6e: posts big blind $0.05
*** HOLE CARDS ***
Dealt to b4b681db 
Dealt to 84c65d00 
Dealt to 974eaa36 
Dealt to eb606a6e 
Dealt to Hero [8s 8h]
Dealt to 1d21e563 
eb606a6e: checks
Hero: raises $0.1 to $0.15
1d21e563: folds
b4b681db: folds
84c65d00: folds
974eaa36: calls $0.1
eb606a6e: folds
*** FLOP *** [7h 3h 5s]
974eaa36: checks
Hero: bets $0.15
974eaa36: calls $0.15
*** TURN *** [7h 3h 5s] [Jc]
974eaa36: checks
Hero: bets $0.4
974eaa36: calls $0.4
*** RIVER *** [7h 3h 5s Jc] [7d]
974eaa36: checks
Hero: checks
974eaa36: shows [Ac Js] (Pair of Jacks and Pair of Sevens)
Hero: shows [8s 8h] (Pair of Eights and Pair of Sevens)
*** SHOWDOWN ***
974eaa36 collected $1.39 from pot
*** SUMMARY ***
Total pot $1.47 | Rake $0.08 | Jackpot $0 | Bingo $0 | Fortune $0 | Tax $0
Board [7h 3h 5s Jc 7d]
Seat 1: b4b681db (button) folded before Flop (didn't bet)
Seat 2: 84c65d00 (small blind) folded before Flop
Seat 3: 974eaa36 (big blind) showed [Ac Js] and won ($1.39) with Pair of Jacks and Pair of Sevens
Seat 4: eb606a6e folded before Flop
Seat 5: Hero showed [8s 8h] and lost with Pair of Eights and Pair of Sevens
Seat 6: 1d21e563 folded before Flop (didn't bet)


Poker Hand #HD1727726661: Hold'em No Limit ($0.02/$0.05) - 2024/04/12 21:55:44
Table 'NLHBlue29' 6-max Seat #6 is the button
Seat 1: b4b681db ($5.48 in chips)
Seat 2: 84c65d00 ($5.12 in chips)
Seat 5: Hero ($5 in chips)
Seat 6: 1d21e563 ($2 in chips)
b4b681db: posts small blind $0.02
84c65d00: posts big blind $0.05
*** HOLE CARDS ***
Dealt to b4b681db 
Dealt to 84c65d00 
Dealt to Hero [2d 5s]
Dealt to 1d21e563 
Hero: folds
1d21e563: raises $0.05 to $0.1
b4b681db: folds
84c65d00: raises $0.35 to $0.45
1d21e563: calls $0.35
*** FLOP *** [7c 2s 8c]
84c65d00: bets $0.46
1d21e563: calls $0.46
*** TURN *** [7c 2s 8c] [6c]
84c65d00: checks
1d21e563: bets $1.09 and is all-in
84c65d00: folds
Uncalled bet ($1.09) returned to 1d21e563
*** SHOWDOWN ***
1d21e563 collected $1.7 from pot
*** SUMMARY ***
Total pot $1.84 | Rake $0.09 | Jackpot $0.05 | Bingo $0 | Fortune $0 | Tax $0
Board [7c 2s 8c 6c]
Seat 1: b4b681db (small blind) folded before Flop
Seat 2: 84c65d00 (big blind) folded on the Turn
Seat 5: Hero folded before Flop (didn't bet)
Seat 6: 1d21e563 (button) won ($1.7)


Poker Hand #HD1727726559: Hold'em No Limit ($0.02/$0.05) - 2024/04/12 21:54:58
Table 'NLHBlue29' 6-max Seat #5 is the button
Seat 1: b4b681db ($5.79 in chips)
Seat 2: 84c65d00 ($5.12 in chips)
Seat 5: Hero ($5 in chips)
Seat 6: 1d21e563 ($1.72 in chips)
1d21e563: posts small blind $0.02
b4b681db: posts big blind $0.05
*** HOLE CARDS ***
Dealt to b4b681db 
Dealt to 84c65d00 
Dealt to Hero [8d 6s]
Dealt to 1d21e563 
84c65d00: folds
Hero: folds
1d21e563: raises $0.1 to $0.15
b4b681db: calls $0.1
*** FLOP *** [Ac 2h Ts]
1d21e563: bets $0.16
b4b681db: calls $0.16
*** TURN *** [Ac 2h Ts] [Js]
1d21e563: bets $0.39
b4b681db: folds
Uncalled bet ($0.39) returned to 1d21e563
*** SHOWDOWN ***
1d21e563 collected $0.59 from pot
*** SUMMARY ***
Total pot $0.62 | Rake $0.03 | Jackpot $0 | Bingo $0 | Fortune $0 | Tax $0
Board [Ac 2h Ts Js]
Seat 1: b4b681db (big blind) folded on the Turn
Seat 2: 84c65d00 folded before Flop (didn't bet)
Seat 5: Hero (button) folded before Flop (didn't bet)
Seat 6: 1d21e563 (small blind) won ($0.59)


Poker Hand #HD1727726545: Hold'em No Limit ($0.02/$0.05) - 2024/04/12 21:54:50
Table 'NLHBlue29' 6-max Seat #2 is the button
Seat 1: b4b681db ($5.79 in chips)
Seat 2: 84c65d00 ($5.12 in chips)
Seat 5: Hero ($5 in chips)
Seat 6: 1d21e563 ($1.7 in chips)
Hero: posts small blind $0.02
1d21e563: posts big blind $0.05
*** HOLE CARDS ***
Dealt to b4b681db 
Dealt to 84c65d00 
Dealt to Hero [6s Tc]
Dealt to 1d21e563 
b4b681db: folds
84c65d00: folds
Hero: folds
Uncalled bet ($0.03) returned to 1d21e563
*** SHOWDOWN ***
1d21e563 collected $0.04 from pot
*** SUMMARY ***
Total pot $0.04 | Rake $0 | Jackpot $0 | Bingo $0 | Fortune $0 | Tax $0
Seat 1: b4b681db folded before Flop (didn't bet)
Seat 2: 84c65d00 (button) folded before Flop (didn't bet)
Seat 5: Hero (small blind) folded before Flop
Seat 6: 1d21e563 (big blind) collected ($0.04)


Poker Hand #HD1727726446: Hold'em No Limit ($0.02/$0.05) - 2024/04/12 21:54:06
Table 'NLHBlue29' 6-max Seat #1 is the button
Seat 1: b4b681db ($5.63 in chips)
Seat 2: 84c65d00 ($5.14 in chips)
Seat 5: Hero ($5.07 in chips)
Seat 6: 1d21e563 ($1.7 in chips)
84c65d00: posts small blind $0.02
Hero: posts big blind $0.05
*** HOLE CARDS ***
Dealt to b4b681db 
Dealt to 84c65d00 
Dealt to Hero [9s As]
Dealt to 1d21e563 
1d21e563: folds
b4b681db: calls $0.05
84c65d00: folds
Hero: raises $0.1 to $0.15
b4b681db: calls $0.1
*** FLOP *** [Td Th 8d]
Hero: checks
b4b681db: bets $0.16
Hero: folds
Uncalled bet ($0.16) returned to b4b681db
*** SHOWDOWN ***
b4b681db collected $0.31 from pot
*** SUMMARY ***
Total pot $0.32 | Rake $0.01 | Jackpot $0 | Bingo $0 | Fortune $0 | Tax $0
Board [Td Th 8d]
Seat 1: b4b681db (button) won ($0.31)
Seat 2: 84c65d00 (small blind) folded before Flop
Seat 5: Hero (big blind) folded on the Flop
Seat 6: 1d21e563 folded before Flop (didn't bet)


Poker Hand #HD1727726419: Hold'em No Limit ($0.02/$0.05) - 2024/04/12 21:53:55
Table 'NLHBlue29' 6-max Seat #6 is the button
Seat 1: b4b681db ($5.65 in chips)
Seat 2: 84c65d00 ($5.12 in chips)
Seat 4: a57523c9 ($5.02 in chips)
Seat 5: Hero ($5.07 in chips)
Seat 6: 1d21e563 ($1.7 in chips)
b4b681db: posts small blind $0.02
84c65d00: posts big blind $0.05
*** HOLE CARDS ***
Dealt to b4b681db 
Dealt to 84c65d00 
Dealt to a57523c9 
Dealt to Hero [4h Qd]
Dealt to 1d21e563 
a57523c9: folds
Hero: folds
1d21e563: folds
b4b681db: folds
Uncalled bet ($0.03) returned to 84c65d00
*** SHOWDOWN ***
84c65d00 collected $0.04 from pot
*** SUMMARY ***
Total pot $0.04 | Rake $0 | Jackpot $0 | Bingo $0 | Fortune $0 | Tax $0
Seat 1: b4b681db (small blind) folded before Flop
Seat 2: 84c65d00 (big blind) collected ($0.04)
Seat 4: a57523c9 folded before Flop (didn't bet)
Seat 5: Hero folded before Flop (didn't bet)
Seat 6: 1d21e563 (button) folded before Flop (didn't bet)


Poker Hand #HD1727726376: Hold'em No Limit ($0.02/$0.05) - 2024/04/12 21:53:39
Table 'NLHBlue29' 6-max Seat #5 is the button
Seat 1: b4b681db ($5.7 in chips)
Seat 2: 84c65d00 ($5.12 in chips)
Seat 4: a57523c9 ($5.02 in chips)
Seat 5: Hero ($5 in chips)
Seat 6: 1d21e563 ($1.72 in chips)
1d21e563: posts small blind $0.02
b4b681db: posts big blind $0.05
*** HOLE CARDS ***
Dealt to b4b681db 
Dealt to 84c65d00 
Dealt to a57523c9 
Dealt to Hero [6s Js]
Dealt to 1d21e563 
84c65d00: folds
a57523c9: folds
Hero: raises $0.07 to $0.12
1d21e563: folds
b4b681db: folds
Uncalled bet ($0.07) returned to Hero
*** SHOWDOWN ***
Hero collected $0.12 from pot
*** SUMMARY ***
Total pot $0.12 | Rake $0 | Jackpot $0 | Bingo $0 | Fortune $0 | Tax $0
Seat 1: b4b681db (big blind) folded before Flop
Seat 2: 84c65d00 folded before Flop (didn't bet)
Seat 4: a57523c9 folded before Flop (didn't bet)
Seat 5: Hero (button) collected ($0.12)
Seat 6: 1d21e563 (small blind) folded before Flop


Poker Hand #HD1727726363: Hold'em No Limit ($0.02/$0.05) - 2024/04/12 21:53:32
Table 'NLHBlue29' 6-max Seat #4 is the button
Seat 1: b4b681db ($5.7 in chips)
Seat 2: 84c65d00 ($5.12 in chips)
Seat 4: a57523c9 ($5.02 in chips)
Seat 5: Hero ($5 in chips)
Seat 6: 1d21e563 ($1.7 in chips)
Hero: posts small blind $0.02
1d21e563: posts big blind $0.05
*** HOLE CARDS ***
Dealt to b4b681db 
Dealt to 84c65d00 
Dealt to a57523c9 
Dealt to Hero [8d Tc]
Dealt to 1d21e563 
b4b681db: folds
84c65d00: folds
a57523c9: folds
Hero: folds
Uncalled bet ($0.03) returned to 1d21e563
*** SHOWDOWN ***
1d21e563 collected $0.04 from pot
*** SUMMARY ***
Total pot $0.04 | Rake $0 | Jackpot $0 | Bingo $0 | Fortune $0 | Tax $0
Seat 1: b4b681db folded before Flop (didn't bet)
Seat 2: 84c65d00 folded before Flop (didn't bet)
Seat 4: a57523c9 (button) folded before Flop (didn't bet)
Seat 5: Hero (small blind) folded before Flop
Seat 6: 1d21e563 (big blind) collected ($0.04)


Poker Hand #HD1727726300: Hold'em No Limit ($0.02/$0.05) - 2024/04/12 21:53:06
Table 'NLHBlue29' 6-max Seat #2 is the button
Seat 1: b4b681db ($5.7 in chips)
Seat 2: 84c65d00 ($5.12 in chips)
Seat 3: 84840196 ($4.53 in chips)
Seat 4: a57523c9 ($5 in chips)
Seat 5: Hero ($5 in chips)
Seat 6: 1d21e563 ($1.7 in chips)
84840196: posts small blind $0.02
a57523c9: posts big blind $0.05
*** HOLE CARDS ***
Dealt to b4b681db 
Dealt to 84c65d00 
Dealt to 84840196 
Dealt to a57523c9 
Dealt to Hero [Ac 6d]
Dealt to 1d21e563 
Hero: folds
1d21e563: folds
b4b681db: folds
84c65d00: folds
84840196: folds
Uncalled bet ($0.03) returned to a57523c9
*** SHOWDOWN ***
a57523c9 collected $0.04 from pot
*** SUMMARY ***
Total pot $0.04 | Rake $0 | Jackpot $0 | Bingo $0 | Fortune $0 | Tax $0
Seat 1: b4b681db folded before Flop (didn't bet)
Seat 2: 84c65d00 (button) folded before Flop (didn't bet)
Seat 3: 84840196 (small blind) folded before Flop
Seat 4: a57523c9 (big blind) collected ($0.04)
Seat 5: Hero folded before Flop (didn't bet)
Seat 6: 1d21e563 folded before Flop (didn't bet)


Poker Hand #HD1727726277: Hold'em No Limit ($0.02/$0.05) - 2024/04/12 21:52:50
Table 'NLHBlue29' 6-max Seat #1 is the button
Seat 1: b4b681db ($5.7 in chips)
Seat 2: 84c65d00 ($5.14 in chips)
Seat 3: 84840196 ($4.51 in chips)
Seat 4: a57523c9 ($5 in chips)
Seat 5: Hero ($5 in chips)
Seat 6: 1d21e563 ($1.7 in chips)
84c65d00: posts small blind $0.02
84840196: posts big blind $0.05
*** HOLE CARDS ***
Dealt to b4b681db 
Dealt to 84c65d00 
Dealt to 84840196 
Dealt to a57523c9 
Dealt to Hero [8h 4d]
Dealt to 1d21e563 
a57523c9: folds
Hero: folds
1d21e563: folds
b4b681db: folds
84c65d00: folds
Uncalled bet ($0.03) returned to 84840196
*** SHOWDOWN ***
84840196 collected $0.04 from pot
*** SUMMARY ***
Total pot $0.04 | Rake $0 | Jackpot $0 | Bingo $0 | Fortune $0 | Tax $0
Seat 1: b4b681db (button) folded before Flop (didn't bet)
Seat 2: 84c65d00 (small blind) folded before Flop
Seat 3: 84840196 (big blind) collected ($0.04)
Seat 4: a57523c9 folded before Flop (didn't bet)
Seat 5: Hero folded before Flop (didn't bet)
Seat 6: 1d21e563 folded before Flop (didn't bet)


Poker Hand #HD1727726153: Hold'em No Limit ($0.02/$0.05) - 2024/04/12 21:51:52
Table 'NLHBlue29' 6-max Seat #6 is the button
Seat 1: b4b681db ($5.72 in chips)
Seat 2: 84c65d00 ($5.19 in chips)
Seat 3: 84840196 ($3.96 in chips)
Seat 4: a57523c9 ($5.05 in chips)
Seat 5: Hero ($5 in chips)
Seat 6: 1d21e563 ($1.7 in chips)
b4b681db: posts small blind $0.02
84c65d00: posts big blind $0.05
*** HOLE CARDS ***
Dealt to b4b681db 
Dealt to 84c65d00 
Dealt to 84840196 
Dealt to a57523c9 
Dealt to Hero [Ad 6d]
Dealt to 1d21e563 
84840196: raises $0.05 to $0.1
a57523c9: raises $0.2 to $0.3
Hero: folds
1d21e563: folds
b4b681db: folds
84c65d00: folds
84840196: calls $0.2
*** FLOP *** [7c 9c 3h]
84840196: checks
a57523c9: bets $0.23
84840196: calls $0.23
*** TURN *** [7c 9c 3h] [9h]
84840196: checks
a57523c9: checks
*** RIVER *** [7c 9c 3h 9h] [7h]
84840196: bets $0.85
a57523c9: folds
Uncalled bet ($0.85) returned to 84840196
*** SHOWDOWN ***
84840196 collected $1.08 from pot
*** SUMMARY ***
Total pot $1.13 | Rake $0.05 | Jackpot $0 | Bingo $0 | Fortune $0 | Tax $0
Board [7c 9c 3h 9h 7h]
Seat 1: b4b681db (small blind) folded before Flop
Seat 2: 84c65d00 (big blind) folded before Flop
Seat 3: 84840196 won ($1.08)
Seat 4: a57523c9 folded on the River
Seat 5: Hero folded before Flop (didn't bet)
Seat 6: 1d21e563 (button) folded before Flop (didn't bet)


Poker Hand #HD1727726046: Hold'em No Limit ($0.02/$0.05) - 2024/04/12 21:51:06
Table 'NLHBlue29' 6-max Seat #5 is the button
Seat 1: b4b681db ($5.67 in chips)
Seat 2: 84c65d00 ($5.19 in chips)
Seat 3: 84840196 ($3.96 in chips)
Seat 4: a57523c9 ($5.05 in chips)
Seat 5: Hero ($5 in chips)
Seat 6: 1d21e563 ($1.75 in chips)
1d21e563: posts small blind $0.02
b4b681db: posts big blind $0.05
*** HOLE CARDS ***
Dealt to b4b681db 
Dealt to 84c65d00 
Dealt to 84840196 
Dealt to a57523c9 
Dealt to Hero [6c 2d]
Dealt to 1d21e563 
84c65d00: folds
84840196: folds
a57523c9: folds
Hero: folds
1d21e563: calls $0.03
b4b681db: checks
*** FLOP *** [7c 7h 3h]
1d21e563: checks
b4b681db: checks
*** TURN *** [7c 7h 3h] [9d]
1d21e563: checks
b4b681db: bets $0.08
1d21e563: folds
Uncalled bet ($0.08) returned to b4b681db
*** SHOWDOWN ***
b4b681db collected $0.1 from pot
*** SUMMARY ***
Total pot $0.1 | Rake $0 | Jackpot $0 | Bingo $0 | Fortune $0 | Tax $0
Board [7c 7h 3h 9d]
Seat 1: b4b681db (big blind) won ($0.1)
Seat 2: 84c65d00 folded before Flop (didn't bet)
Seat 3: 84840196 folded before Flop (didn't bet)
Seat 4: a57523c9 folded before Flop (didn't bet)
Seat 5: Hero (button) folded before Flop (didn't bet)
Seat 6: 1d21e563 (small blind) folded on the Turn


Poker Hand #HD1727725921: Hold'em No Limit ($0.02/$0.05) - 2024/04/12 21:50:03
Table 'NLHBlue29' 6-max Seat #4 is the button
Seat 1: b4b681db ($5.55 in chips)
Seat 2: 84c65d00 ($5.19 in chips)
Seat 3: 84840196 ($4.01 in chips)
Seat 4: a57523c9 ($5.05 in chips)
Seat 5: Hero ($5 in chips)
Seat 6: 1d21e563 ($1.8 in chips)
Hero: posts small blind $0.02
1d21e563: posts big blind $0.05
*** HOLE CARDS ***
Dealt to b4b681db 
Dealt to 84c65d00 
Dealt to 84840196 
Dealt to a57523c9 
Dealt to Hero [Qd 5d]
Dealt to 1d21e563 
b4b681db: calls $0.05
84c65d00: folds
84840196: calls $0.05
a57523c9: folds
Hero: folds
1d21e563: checks
*** FLOP *** [Jh Jc 9h]
1d21e563: checks
b4b681db: checks
84840196: checks
*** TURN *** [Jh Jc 9h] [Ks]
1d21e563: checks
b4b681db: checks
84840196: checks
*** RIVER *** [Jh Jc 9h Ks] [5s]
1d21e563: checks
b4b681db: checks
84840196: checks
1d21e563: shows [8d 4d] (Pair of Jacks)
b4b681db: shows [4h 4s] (Pair of Jacks and Pair of Fours)
84840196: shows [Tc Ad] (Pair of Jacks)
*** SHOWDOWN ***
b4b681db collected $0.17 from pot
*** SUMMARY ***
Total pot $0.17 | Rake $0 | Jackpot $0 | Bingo $0 | Fortune $0 | Tax $0
Board [Jh Jc 9h Ks 5s]
Seat 1: b4b681db showed [4h 4s] and won ($0.17) with Pair of Jacks and Pair of Fours
Seat 2: 84c65d00 folded before Flop (didn't bet)
Seat 3: 84840196 showed [Tc Ad] and lost with Pair of Jacks
Seat 4: a57523c9 (button) folded before Flop (didn't bet)
Seat 5: Hero (small blind) folded before Flop
Seat 6: 1d21e563 (big blind) showed [8d 4d] and lost with Pair of Jacks


Poker Hand #HD1727725882: Hold'em No Limit ($0.02/$0.05) - 2024/04/12 21:49:43
Table 'NLHBlue29' 6-max Seat #3 is the button
Seat 1: b4b681db ($5.55 in chips)
Seat 2: 84c65d00 ($5.19 in chips)
Seat 3: 84840196 ($4.01 in chips)
Seat 4: a57523c9 ($5 in chips)
Seat 5: Hero ($5 in chips)
Seat 6: 1d21e563 ($1.8 in chips)
a57523c9: posts small blind $0.02
Hero: posts big blind $0.05
*** HOLE CARDS ***
Dealt to b4b681db 
Dealt to 84c65d00 
Dealt to 84840196 
Dealt to a57523c9 
Dealt to Hero [9h Js]
Dealt to 1d21e563 
1d21e563: folds
b4b681db: folds
84c65d00: folds
84840196: folds
a57523c9: raises $0.1 to $0.15
Hero: folds
Uncalled bet ($0.1) returned to a57523c9
*** SHOWDOWN ***
a57523c9 collected $0.1 from pot
*** SUMMARY ***
Total pot $0.1 | Rake $0 | Jackpot $0 | Bingo $0 | Fortune $0 | Tax $0
Seat 1: b4b681db folded before Flop (didn't bet)
Seat 2: 84c65d00 folded before Flop (didn't bet)
Seat 3: 84840196 (button) folded before Flop (didn't bet)
Seat 4: a57523c9 (small blind) collected ($0.1)
Seat 5: Hero (big blind) folded before Flop
Seat 6: 1d21e563 folded before Flop (didn't bet)


