Poker Hand #HD1718583981: Hold'em No Limit ($0.02/$0.05) - 2024/04/06 19:30:49
Table 'NLHBlue89' 6-max Seat #4 is the button
Seat 1: 36af07ac ($6.08 in chips)
Seat 2: 9ab53236 ($5 in chips)
Seat 3: 908a8ee ($5.54 in chips)
Seat 4: Hero ($5 in chips)
Seat 5: 62d772b6 ($14.46 in chips)
Seat 6: 2eb2536b ($13.2 in chips)
62d772b6: posts small blind $0.02
2eb2536b: posts big blind $0.05
*** HOLE CARDS ***
Dealt to 36af07ac 
Dealt to 9ab53236 
Dealt to 908a8ee 
Dealt to Hero [Qh 5c]
Dealt to 62d772b6 
Dealt to 2eb2536b 
36af07ac: folds
9ab53236: folds
908a8ee: folds
Hero: folds
62d772b6: raises $0.1 to $0.15
2eb2536b: calls $0.1
*** FLOP *** [Ts 8h Jd]
62d772b6: checks
2eb2536b: checks
*** TURN *** [Ts 8h Jd] [Th]
62d772b6: bets $0.23
2eb2536b: folds
Uncalled bet ($0.23) returned to 62d772b6
*** SHOWDOWN ***
62d772b6 collected $0.29 from pot
*** SUMMARY ***
Total pot $0.3 | Rake $0.01 | Jackpot $0 | Bingo $0 | Fortune $0 | Tax $0
Board [Ts 8h Jd Th]
Seat 1: 36af07ac folded before Flop (didn't bet)
Seat 2: 9ab53236 folded before Flop (didn't bet)
Seat 3: 908a8ee folded before Flop (didn't bet)
Seat 4: Hero (button) folded before Flop (didn't bet)
Seat 5: 62d772b6 (small blind) won ($0.29)
Seat 6: 2eb2536b (big blind) folded on the Turn


Poker Hand #HD1718583910: Hold'em No Limit ($0.02/$0.05) - 2024/04/06 19:30:09
Table 'NLHBlue89' 6-max Seat #3 is the button
Seat 1: 36af07ac ($6.08 in chips)
Seat 2: 9ab53236 ($5 in chips)
Seat 3: 908a8ee ($5.54 in chips)
Seat 4: Hero ($5 in chips)
Seat 5: 62d772b6 ($14.51 in chips)
Seat 6: 2eb2536b ($12.99 in chips)
Hero: posts small blind $0.02
62d772b6: posts big blind $0.05
*** HOLE CARDS ***
Dealt to 36af07ac 
Dealt to 9ab53236 
Dealt to 908a8ee 
Dealt to Hero [4s Js]
Dealt to 62d772b6 
Dealt to 2eb2536b 
2eb2536b: raises $0.1 to $0.15
36af07ac: folds
9ab53236: calls $0.15
908a8ee: folds
Hero: folds
62d772b6: folds
*** FLOP *** [Ks Th 6s]
2eb2536b: checks
9ab53236: checks
*** TURN *** [Ks Th 6s] [Jd]
2eb2536b: bets $0.19
9ab53236: folds
Uncalled bet ($0.19) returned to 2eb2536b
*** SHOWDOWN ***
2eb2536b collected $0.36 from pot
*** SUMMARY ***
Total pot $0.37 | Rake $0.01 | Jackpot $0 | Bingo $0 | Fortune $0 | Tax $0
Board [Ks Th 6s Jd]
Seat 1: 36af07ac folded before Flop (didn't bet)
Seat 2: 9ab53236 folded on the Turn
Seat 3: 908a8ee (button) folded before Flop (didn't bet)
Seat 4: Hero (small blind) folded before Flop
Seat 5: 62d772b6 (big blind) folded before Flop
Seat 6: 2eb2536b won ($0.36)


Poker Hand #HD1718583841: Hold'em No Limit ($0.02/$0.05) - 2024/04/06 19:29:32
Table 'NLHBlue89' 6-max Seat #2 is the button
Seat 1: 36af07ac ($6.08 in chips)
Seat 2: 9ab53236 ($5 in chips)
Seat 3: 908a8ee ($5.87 in chips)
Seat 4: Hero ($5 in chips)
Seat 5: 62d772b6 ($14.16 in chips)
Seat 6: 2eb2536b ($12.99 in chips)
908a8ee: posts small blind $0.02
Hero: posts big blind $0.05
*** HOLE CARDS ***
Dealt to 36af07ac 
Dealt to 9ab53236 
Dealt to 908a8ee 
Dealt to Hero [2s 6d]
Dealt to 62d772b6 
Dealt to 2eb2536b 
62d772b6: raises $0.1 to $0.15
2eb2536b: folds
36af07ac: folds
9ab53236: folds
908a8ee: calls $0.13
Hero: folds
*** FLOP *** [6h 8c Td]
908a8ee: checks
62d772b6: bets $0.18
908a8ee: calls $0.18
*** TURN *** [6h 8c Td] [Th]
908a8ee: checks
62d772b6: bets $0.54
908a8ee: folds
Uncalled bet ($0.54) returned to 62d772b6
*** SHOWDOWN ***
62d772b6 collected $0.68 from pot
*** SUMMARY ***
Total pot $0.71 | Rake $0.03 | Jackpot $0 | Bingo $0 | Fortune $0 | Tax $0
Board [6h 8c Td Th]
Seat 1: 36af07ac folded before Flop (didn't bet)
Seat 2: 9ab53236 (button) folded before Flop (didn't bet)
Seat 3: 908a8ee (small blind) folded on the Turn
Seat 4: Hero (big blind) folded before Flop
Seat 5: 62d772b6 won ($0.68)
Seat 6: 2eb2536b folded before Flop (didn't bet)


Poker Hand #HD1718583771: Hold'em No Limit ($0.02/$0.05) - 2024/04/06 19:28:52
Table 'NLHBlue89' 6-max Seat #1 is the button
Seat 1: 36af07ac ($6.08 in chips)
Seat 2: 9ab53236 ($5 in chips)
Seat 3: 908a8ee ($5 in chips)
Seat 4: Hero ($5 in chips)
Seat 5: 62d772b6 ($15.15 in chips)
Seat 6: 2eb2536b ($12.99 in chips)
9ab53236: posts small blind $0.02
908a8ee: posts big blind $0.05
*** HOLE CARDS ***
Dealt to 36af07ac 
Dealt to 9ab53236 
Dealt to 908a8ee 
Dealt to Hero [Ts 2s]
Dealt to 62d772b6 
Dealt to 2eb2536b 
Hero: folds
62d772b6: raises $0.1 to $0.15
2eb2536b: folds
36af07ac: folds
9ab53236: folds
908a8ee: calls $0.1
*** FLOP *** [2d 6c Td]
908a8ee: bets $0.24
62d772b6: calls $0.24
*** TURN *** [2d 6c Td] [6d]
908a8ee: bets $0.6
62d772b6: calls $0.6
*** RIVER *** [2d 6c Td 6d] [Kc]
908a8ee: bets $2
62d772b6: folds
Uncalled bet ($2) returned to 908a8ee
*** SHOWDOWN ***
908a8ee collected $1.86 from pot
*** SUMMARY ***
Total pot $2 | Rake $0.09 | Jackpot $0.05 | Bingo $0 | Fortune $0 | Tax $0
Board [2d 6c Td 6d Kc]
Seat 1: 36af07ac (button) folded before Flop (didn't bet)
Seat 2: 9ab53236 (small blind) folded before Flop
Seat 3: 908a8ee (big blind) won ($1.86)
Seat 4: Hero folded before Flop (didn't bet)
Seat 5: 62d772b6 folded on the River
Seat 6: 2eb2536b folded before Flop (didn't bet)


Poker Hand #HD1718583636: Hold'em No Limit ($0.02/$0.05) - 2024/04/06 19:27:32
Table 'NLHBlue89' 6-max Seat #6 is the button
Seat 1: 36af07ac ($5.36 in chips)
Seat 2: 9ab53236 ($5 in chips)
Seat 3: 908a8ee ($5 in chips)
Seat 4: Hero ($5 in chips)
Seat 5: 62d772b6 ($15.79 in chips)
Seat 6: 2eb2536b ($12.99 in chips)
36af07ac: posts small blind $0.02
9ab53236: posts big blind $0.05
*** HOLE CARDS ***
Dealt to 36af07ac 
Dealt to 9ab53236 
Dealt to 908a8ee 
Dealt to Hero [8h Ah]
Dealt to 62d772b6 
Dealt to 2eb2536b 
908a8ee: folds
Hero: raises $0.05 to $0.1
62d772b6: calls $0.1
2eb2536b: folds
36af07ac: calls $0.08
9ab53236: folds
*** FLOP *** [7c Jc 6c]
36af07ac: checks
Hero: checks
62d772b6: bets $0.18
36af07ac: calls $0.18
Hero: folds
*** TURN *** [7c Jc 6c] [3c]
36af07ac: checks
62d772b6: bets $0.36
36af07ac: calls $0.36
*** RIVER *** [7c Jc 6c 3c] [3h]
36af07ac: checks
62d772b6: checks
36af07ac: shows [7d 7s] (Sevens Full over Treys)
62d772b6: shows [Qd 5h] (Pair of Treys)
*** SHOWDOWN ***
36af07ac collected $1.36 from pot
*** SUMMARY ***
Total pot $1.43 | Rake $0.07 | Jackpot $0 | Bingo $0 | Fortune $0 | Tax $0
Board [7c Jc 6c 3c 3h]
Seat 1: 36af07ac (small blind) showed [7d 7s] and won ($1.36) with Sevens Full over Treys
Seat 2: 9ab53236 (big blind) folded before Flop
Seat 3: 908a8ee folded before Flop (didn't bet)
Seat 4: Hero folded on the Flop
Seat 5: 62d772b6 showed [Qd 5h] and lost with Pair of Treys
Seat 6: 2eb2536b (button) folded before Flop (didn't bet)


Poker Hand #HD1718583571: Hold'em No Limit ($0.02/$0.05) - 2024/04/06 19:26:57
Table 'NLHBlue89' 6-max Seat #5 is the button
Seat 1: 36af07ac ($5.41 in chips)
Seat 2: 9ab53236 ($5 in chips)
Seat 3: 908a8ee ($5 in chips)
Seat 4: Hero ($5 in chips)
Seat 5: 62d772b6 ($15.92 in chips)
Seat 6: 2eb2536b ($12.7 in chips)
2eb2536b: posts small blind $0.02
36af07ac: posts big blind $0.05
*** HOLE CARDS ***
Dealt to 36af07ac 
Dealt to 9ab53236 
Dealt to 908a8ee 
Dealt to Hero [Ah 7d]
Dealt to 62d772b6 
Dealt to 2eb2536b 
9ab53236: folds
908a8ee: folds
Hero: raises $0.08 to $0.13
62d772b6: calls $0.13
2eb2536b: raises $0.47 to $0.6
36af07ac: folds
Hero: folds
62d772b6: folds
Uncalled bet ($0.47) returned to 2eb2536b
*** SHOWDOWN ***
2eb2536b collected $0.42 from pot
*** SUMMARY ***
Total pot $0.44 | Rake $0.02 | Jackpot $0 | Bingo $0 | Fortune $0 | Tax $0
Seat 1: 36af07ac (big blind) folded before Flop
Seat 2: 9ab53236 folded before Flop (didn't bet)
Seat 3: 908a8ee folded before Flop (didn't bet)
Seat 4: Hero folded before Flop
Seat 5: 62d772b6 (button) folded before Flop
Seat 6: 2eb2536b (small blind) collected ($0.42)


Poker Hand #HD1718583483: Hold'em No Limit ($0.02/$0.05) - 2024/04/06 19:26:07
Table 'NLHBlue89' 6-max Seat #4 is the button
Seat 1: 36af07ac ($5.41 in chips)
Seat 2: 9ab53236 ($5 in chips)
Seat 3: 908a8ee ($6.02 in chips)
Seat 4: Hero ($5 in chips)
Seat 5: 62d772b6 ($15.94 in chips)
Seat 6: 2eb2536b ($11.26 in chips)
62d772b6: posts small blind $0.02
2eb2536b: posts big blind $0.05
*** HOLE CARDS ***
Dealt to 36af07ac 
Dealt to 9ab53236 
Dealt to 908a8ee 
Dealt to Hero [7s Th]
Dealt to 62d772b6 
Dealt to 2eb2536b 
36af07ac: folds
9ab53236: raises $0.07 to $0.12
908a8ee: raises $0.33 to $0.45
Hero: folds
62d772b6: folds
2eb2536b: raises $1.05 to $1.5
9ab53236: folds
908a8ee: calls $1.05
*** FLOP *** [5d Tc 9c]
2eb2536b: bets $1.57
908a8ee: folds
Uncalled bet ($1.57) returned to 2eb2536b
*** SHOWDOWN ***
2eb2536b collected $2.94 from pot
*** SUMMARY ***
Total pot $3.14 | Rake $0.15 | Jackpot $0.05 | Bingo $0 | Fortune $0 | Tax $0
Board [5d Tc 9c]
Seat 1: 36af07ac folded before Flop (didn't bet)
Seat 2: 9ab53236 folded before Flop
Seat 3: 908a8ee folded on the Flop
Seat 4: Hero (button) folded before Flop (didn't bet)
Seat 5: 62d772b6 (small blind) folded before Flop
Seat 6: 2eb2536b (big blind) won ($2.94)


Poker Hand #HD1718583366: Hold'em No Limit ($0.02/$0.05) - 2024/04/06 19:24:53
Table 'NLHBlue89' 6-max Seat #3 is the button
Seat 1: 36af07ac ($5.41 in chips)
Seat 2: 9ab53236 ($5 in chips)
Seat 3: 908a8ee ($5.05 in chips)
Seat 4: Hero ($5 in chips)
Seat 5: 62d772b6 ($17.05 in chips)
Seat 6: 2eb2536b ($11.26 in chips)
Hero: posts small blind $0.02
62d772b6: posts big blind $0.05
*** HOLE CARDS ***
Dealt to 36af07ac 
Dealt to 9ab53236 
Dealt to 908a8ee 
Dealt to Hero [4d 5c]
Dealt to 62d772b6 
Dealt to 2eb2536b 
2eb2536b: folds
36af07ac: folds
9ab53236: folds
908a8ee: raises $0.08 to $0.13
Hero: folds
62d772b6: calls $0.08
*** FLOP *** [Jd 4h Ks]
62d772b6: checks
908a8ee: bets $0.14
62d772b6: calls $0.14
*** TURN *** [Jd 4h Ks] [8d]
62d772b6: checks
908a8ee: bets $0.28
62d772b6: calls $0.28
*** RIVER *** [Jd 4h Ks 8d] [4c]
62d772b6: checks
908a8ee: bets $0.56
62d772b6: calls $0.56
908a8ee: shows [9s Kd] (Pair of Kings and Pair of Fours)
62d772b6: shows [Jc 9c] (Pair of Jacks and Pair of Fours)
*** SHOWDOWN ***
908a8ee collected $2.08 from pot
*** SUMMARY ***
Total pot $2.24 | Rake $0.11 | Jackpot $0.05 | Bingo $0 | Fortune $0 | Tax $0
Board [Jd 4h Ks 8d 4c]
Seat 1: 36af07ac folded before Flop (didn't bet)
Seat 2: 9ab53236 folded before Flop (didn't bet)
Seat 3: 908a8ee (button) showed [9s Kd] and won ($2.08) with Pair of Kings and Pair of Fours
Seat 4: Hero (small blind) folded before Flop
Seat 5: 62d772b6 (big blind) showed [Jc 9c] and lost with Pair of Jacks and Pair of Fours
Seat 6: 2eb2536b folded before Flop (didn't bet)


Poker Hand #HD1718583337: Hold'em No Limit ($0.02/$0.05) - 2024/04/06 19:24:39
Table 'NLHBlue89' 6-max Seat #2 is the button
Seat 1: 36af07ac ($5.41 in chips)
Seat 2: 9ab53236 ($5 in chips)
Seat 3: 908a8ee ($5 in chips)
Seat 4: Hero ($5 in chips)
Seat 5: 62d772b6 ($17.05 in chips)
Seat 6: 2eb2536b ($11.26 in chips)
908a8ee: posts small blind $0.02
Hero: posts big blind $0.05
*** HOLE CARDS ***
Dealt to 36af07ac 
Dealt to 9ab53236 
Dealt to 908a8ee 
Dealt to Hero [6c 2c]
Dealt to 62d772b6 
Dealt to 2eb2536b 
62d772b6: folds
2eb2536b: folds
36af07ac: folds
9ab53236: folds
908a8ee: raises $0.1 to $0.15
Hero: folds
Uncalled bet ($0.1) returned to 908a8ee
*** SHOWDOWN ***
908a8ee collected $0.1 from pot
*** SUMMARY ***
Total pot $0.1 | Rake $0 | Jackpot $0 | Bingo $0 | Fortune $0 | Tax $0
Seat 1: 36af07ac folded before Flop (didn't bet)
Seat 2: 9ab53236 (button) folded before Flop (didn't bet)
Seat 3: 908a8ee (small blind) collected ($0.1)
Seat 4: Hero (big blind) folded before Flop
Seat 5: 62d772b6 folded before Flop (didn't bet)
Seat 6: 2eb2536b folded before Flop (didn't bet)


Poker Hand #HD1718583305: Hold'em No Limit ($0.02/$0.05) - 2024/04/06 19:24:19
Table 'NLHBlue89' 6-max Seat #1 is the button
Seat 1: 36af07ac ($5.41 in chips)
Seat 2: 9ab53236 ($5 in chips)
Seat 3: 908a8ee ($5 in chips)
Seat 4: Hero ($5 in chips)
Seat 5: 62d772b6 ($16.98 in chips)
Seat 6: 2eb2536b ($11.26 in chips)
9ab53236: posts small blind $0.02
908a8ee: posts big blind $0.05
*** HOLE CARDS ***
Dealt to 36af07ac 
Dealt to 9ab53236 
Dealt to 908a8ee 
Dealt to Hero [Qs 4c]
Dealt to 62d772b6 
Dealt to 2eb2536b 
Hero: folds
62d772b6: raises $0.1 to $0.15
2eb2536b: folds
36af07ac: folds
9ab53236: folds
908a8ee: folds
Uncalled bet ($0.1) returned to 62d772b6
*** SHOWDOWN ***
62d772b6 collected $0.12 from pot
*** SUMMARY ***
Total pot $0.12 | Rake $0 | Jackpot $0 | Bingo $0 | Fortune $0 | Tax $0
Seat 1: 36af07ac (button) folded before Flop (didn't bet)
Seat 2: 9ab53236 (small blind) folded before Flop
Seat 3: 908a8ee (big blind) folded before Flop
Seat 4: Hero folded before Flop (didn't bet)
Seat 5: 62d772b6 collected ($0.12)
Seat 6: 2eb2536b folded before Flop (didn't bet)


Poker Hand #HD1718583255: Hold'em No Limit ($0.02/$0.05) - 2024/04/06 19:23:49
Table 'NLHBlue89' 6-max Seat #6 is the button
Seat 1: 36af07ac ($5 in chips)
Seat 2: 9ab53236 ($5 in chips)
Seat 4: Hero ($5 in chips)
Seat 5: 62d772b6 ($16.98 in chips)
Seat 6: 2eb2536b ($11.26 in chips)
36af07ac: posts small blind $0.02
9ab53236: posts big blind $0.05
*** HOLE CARDS ***
Dealt to 36af07ac 
Dealt to 9ab53236 
Dealt to Hero [9c Qh]
Dealt to 62d772b6 
Dealt to 2eb2536b 
Hero: folds
62d772b6: folds
2eb2536b: folds
36af07ac: raises $0.05 to $0.1
9ab53236: raises $0.35 to $0.45
36af07ac: raises $4.55 to $5 and is all-in
9ab53236: folds
Uncalled bet ($4.55) returned to 36af07ac
*** SHOWDOWN ***
36af07ac collected $0.86 from pot
*** SUMMARY ***
Total pot $0.9 | Rake $0.04 | Jackpot $0 | Bingo $0 | Fortune $0 | Tax $0
Seat 1: 36af07ac (small blind) collected ($0.86)
Seat 2: 9ab53236 (big blind) folded before Flop
Seat 4: Hero folded before Flop (didn't bet)
Seat 5: 62d772b6 folded before Flop (didn't bet)
Seat 6: 2eb2536b (button) folded before Flop (didn't bet)


Poker Hand #HD1718583096: Hold'em No Limit ($0.02/$0.05) - 2024/04/06 19:22:15
Table 'NLHBlue89' 6-max Seat #5 is the button
Seat 1: 36af07ac ($5 in chips)
Seat 2: 9ab53236 ($5 in chips)
Seat 3: 7a24cfa8 ($8.35 in chips)
Seat 4: Hero ($5 in chips)
Seat 5: 62d772b6 ($8.63 in chips)
Seat 6: 2eb2536b ($11.76 in chips)
2eb2536b: posts small blind $0.02
36af07ac: posts big blind $0.05
*** HOLE CARDS ***
Dealt to 36af07ac 
Dealt to 9ab53236 
Dealt to 7a24cfa8 
Dealt to Hero [Ad 4c]
Dealt to 62d772b6 
Dealt to 2eb2536b 
9ab53236: folds
7a24cfa8: calls $0.05
Hero: folds
62d772b6: raises $0.1 to $0.15
2eb2536b: raises $0.35 to $0.5
36af07ac: folds
7a24cfa8: calls $0.45
62d772b6: calls $0.35
*** FLOP *** [Ah 9s 7d]
2eb2536b: checks
7a24cfa8: checks
62d772b6: bets $1.17
2eb2536b: folds
7a24cfa8: calls $1.17
*** TURN *** [Ah 9s 7d] [8c]
7a24cfa8: checks
62d772b6: bets $1.95
7a24cfa8: calls $1.95
*** RIVER *** [Ah 9s 7d 8c] [6c]
7a24cfa8: checks
62d772b6: bets $5.01 and is all-in
7a24cfa8: calls $4.73 and is all-in
Uncalled bet ($0.28) returned to 62d772b6
62d772b6: shows [Td Tc] (Tens-High Straight)
7a24cfa8: shows [6h 7h] (Pair of Sevens and Pair of Sixes)
*** SHOWDOWN ***
62d772b6 collected $16.7 from pot
*** SUMMARY ***
Total pot $17.25 | Rake $0.5 | Jackpot $0.05 | Bingo $0 | Fortune $0 | Tax $0
Board [Ah 9s 7d 8c 6c]
Seat 1: 36af07ac (big blind) folded before Flop
Seat 2: 9ab53236 folded before Flop (didn't bet)
Seat 3: 7a24cfa8 showed [6h 7h] and lost with Pair of Sevens and Pair of Sixes
Seat 4: Hero folded before Flop (didn't bet)
Seat 5: 62d772b6 (button) showed [Td Tc] and won ($16.7) with Tens-High Straight
Seat 6: 2eb2536b (small blind) folded on the Flop


Poker Hand #HD1718583005: Hold'em No Limit ($0.02/$0.05) - 2024/04/06 19:21:25
Table 'NLHBlue89' 6-max Seat #4 is the button
Seat 1: 36af07ac ($5 in chips)
Seat 2: 9ab53236 ($5 in chips)
Seat 3: 7a24cfa8 ($8.4 in chips)
Seat 4: Hero ($5 in chips)
Seat 5: 62d772b6 ($11.23 in chips)
Seat 6: 2eb2536b ($9.42 in chips)
62d772b6: posts small blind $0.02
2eb2536b: posts big blind $0.05
*** HOLE CARDS ***
Dealt to 36af07ac 
Dealt to 9ab53236 
Dealt to 7a24cfa8 
Dealt to Hero [8c 2c]
Dealt to 62d772b6 
Dealt to 2eb2536b 
36af07ac: folds
9ab53236: folds
7a24cfa8: calls $0.05
Hero: folds
62d772b6: raises $0.1 to $0.15
2eb2536b: raises $0.35 to $0.5
7a24cfa8: folds
62d772b6: calls $0.35
*** FLOP *** [Qd 7c Kd]
62d772b6: checks
2eb2536b: bets $0.35
62d772b6: calls $0.35
*** TURN *** [Qd 7c Kd] [Jd]
62d772b6: checks
2eb2536b: checks
*** RIVER *** [Qd 7c Kd Jd] [6s]
62d772b6: bets $1.75
2eb2536b: calls $1.75
62d772b6: shows [9d 9c] (Pair of Nines)
2eb2536b: shows [Ad Kh] (Pair of Kings)
*** SHOWDOWN ***
2eb2536b collected $4.94 from pot
*** SUMMARY ***
Total pot $5.25 | Rake $0.26 | Jackpot $0.05 | Bingo $0 | Fortune $0 | Tax $0
Board [Qd 7c Kd Jd 6s]
Seat 1: 36af07ac folded before Flop (didn't bet)
Seat 2: 9ab53236 folded before Flop (didn't bet)
Seat 3: 7a24cfa8 folded before Flop
Seat 4: Hero (button) folded before Flop (didn't bet)
Seat 5: 62d772b6 (small blind) showed [9d 9c] and lost with Pair of Nines
Seat 6: 2eb2536b (big blind) showed [Ad Kh] and won ($4.94) with Pair of Kings


Poker Hand #HD1718582896: Hold'em No Limit ($0.02/$0.05) - 2024/04/06 19:20:25
Table 'NLHBlue89' 6-max Seat #3 is the button
Seat 1: 36af07ac ($5 in chips)
Seat 2: 9ab53236 ($5 in chips)
Seat 3: 7a24cfa8 ($8.81 in chips)
Seat 4: Hero ($5 in chips)
Seat 5: 62d772b6 ($10.45 in chips)
Seat 6: 2eb2536b ($9.42 in chips)
Hero: posts small blind $0.02
62d772b6: posts big blind $0.05
*** HOLE CARDS ***
Dealt to 36af07ac 
Dealt to 9ab53236 
Dealt to 7a24cfa8 
Dealt to Hero [2d 6d]
Dealt to 62d772b6 
Dealt to 2eb2536b 
2eb2536b: folds
36af07ac: folds
9ab53236: raises $0.07 to $0.12
7a24cfa8: calls $0.12
Hero: folds
62d772b6: calls $0.07
*** FLOP *** [9s 3d 4c]
62d772b6: checks
9ab53236: checks
7a24cfa8: checks
*** TURN *** [9s 3d 4c] [2h]
62d772b6: bets $0.29
9ab53236: calls $0.29
7a24cfa8: calls $0.29
*** RIVER *** [9s 3d 4c 2h] [3s]
62d772b6: bets $0.94
9ab53236: folds
7a24cfa8: folds
Uncalled bet ($0.94) returned to 62d772b6
*** SHOWDOWN ***
62d772b6 collected $1.19 from pot
*** SUMMARY ***
Total pot $1.25 | Rake $0.06 | Jackpot $0 | Bingo $0 | Fortune $0 | Tax $0
Board [9s 3d 4c 2h 3s]
Seat 1: 36af07ac folded before Flop (didn't bet)
Seat 2: 9ab53236 folded on the River
Seat 3: 7a24cfa8 (button) folded on the River
Seat 4: Hero (small blind) folded before Flop
Seat 5: 62d772b6 (big blind) won ($1.19)
Seat 6: 2eb2536b folded before Flop (didn't bet)


Poker Hand #HD1718582809: Hold'em No Limit ($0.02/$0.05) - 2024/04/06 19:19:29
Table 'NLHBlue89' 6-max Seat #2 is the button
Seat 1: 36af07ac ($5 in chips)
Seat 2: 9ab53236 ($5 in chips)
Seat 3: 7a24cfa8 ($8.83 in chips)
Seat 4: Hero ($5 in chips)
Seat 5: 62d772b6 ($5.93 in chips)
Seat 6: 2eb2536b ($9.42 in chips)
7a24cfa8: posts small blind $0.02
Hero: posts big blind $0.05
*** HOLE CARDS ***
Dealt to 36af07ac 
Dealt to 9ab53236 
Dealt to 7a24cfa8 
Dealt to Hero [Kc 2d]
Dealt to 62d772b6 
Dealt to 2eb2536b 
62d772b6: raises $0.1 to $0.15
2eb2536b: folds
36af07ac: raises $0.3 to $0.45
9ab53236: folds
7a24cfa8: folds
Hero: folds
62d772b6: raises $5.48 to $5.93 and is all-in
36af07ac: calls $4.55 and is all-in
Uncalled bet ($0.93) returned to 62d772b6
62d772b6: shows [Qc Qd]
36af07ac: shows [Ad Js]
*** FLOP *** [3d 3s 8c]
*** TURN *** [3d 3s 8c] [7s]
*** RIVER *** [3d 3s 8c 7s] [Qs]
*** SHOWDOWN ***
62d772b6 collected $9.52 from pot
*** SUMMARY ***
Total pot $10.07 | Rake $0.5 | Jackpot $0.05 | Bingo $0 | Fortune $0 | Tax $0
Board [3d 3s 8c 7s Qs]
Seat 1: 36af07ac showed [Ad Js] and lost with Pair of Treys
Seat 2: 9ab53236 (button) folded before Flop (didn't bet)
Seat 3: 7a24cfa8 (small blind) folded before Flop
Seat 4: Hero (big blind) folded before Flop
Seat 5: 62d772b6 showed [Qc Qd] and won ($9.52) with Queens Full over Treys
Seat 6: 2eb2536b folded before Flop (didn't bet)


Poker Hand #HD1718582778: Hold'em No Limit ($0.02/$0.05) - 2024/04/06 19:19:11
Table 'NLHBlue89' 6-max Seat #1 is the button
Seat 1: 36af07ac ($5 in chips)
Seat 2: 9ab53236 ($5 in chips)
Seat 3: 7a24cfa8 ($8.88 in chips)
Seat 4: Hero ($5.09 in chips)
Seat 5: 62d772b6 ($5.77 in chips)
Seat 6: 2eb2536b ($9.42 in chips)
9ab53236: posts small blind $0.02
7a24cfa8: posts big blind $0.05
*** HOLE CARDS ***
Dealt to 36af07ac 
Dealt to 9ab53236 
Dealt to 7a24cfa8 
Dealt to Hero [Ks 8s]
Dealt to 62d772b6 
Dealt to 2eb2536b 
Hero: raises $0.05 to $0.1
62d772b6: raises $0.14 to $0.24
2eb2536b: folds
36af07ac: folds
9ab53236: folds
7a24cfa8: folds
Hero: folds
Uncalled bet ($0.14) returned to 62d772b6
*** SHOWDOWN ***
62d772b6 collected $0.26 from pot
*** SUMMARY ***
Total pot $0.27 | Rake $0.01 | Jackpot $0 | Bingo $0 | Fortune $0 | Tax $0
Seat 1: 36af07ac (button) folded before Flop (didn't bet)
Seat 2: 9ab53236 (small blind) folded before Flop
Seat 3: 7a24cfa8 (big blind) folded before Flop
Seat 4: Hero folded before Flop
Seat 5: 62d772b6 collected ($0.26)
Seat 6: 2eb2536b folded before Flop (didn't bet)


Poker Hand #HD1718582681: Hold'em No Limit ($0.02/$0.05) - 2024/04/06 19:18:12
Table 'NLHBlue89' 6-max Seat #6 is the button
Seat 1: 36af07ac ($5 in chips)
Seat 2: 9ab53236 ($5 in chips)
Seat 3: 7a24cfa8 ($9.13 in chips)
Seat 4: Hero ($5.09 in chips)
Seat 5: 62d772b6 ($4.98 in chips)
Seat 6: 2eb2536b ($9.95 in chips)
36af07ac: posts small blind $0.02
9ab53236: posts big blind $0.05
*** HOLE CARDS ***
Dealt to 36af07ac 
Dealt to 9ab53236 
Dealt to 7a24cfa8 
Dealt to Hero [8h Qc]
Dealt to 62d772b6 
Dealt to 2eb2536b 
7a24cfa8: calls $0.05
Hero: folds
62d772b6: calls $0.05
2eb2536b: raises $0.2 to $0.25
36af07ac: folds
9ab53236: folds
7a24cfa8: calls $0.2
62d772b6: calls $0.2
*** FLOP *** [Td Ah 8s]
7a24cfa8: checks
62d772b6: checks
2eb2536b: bets $0.28
7a24cfa8: folds
62d772b6: calls $0.28
*** TURN *** [Td Ah 8s] [4s]
62d772b6: bets $1.04
2eb2536b: folds
Uncalled bet ($1.04) returned to 62d772b6
*** SHOWDOWN ***
62d772b6 collected $1.32 from pot
*** SUMMARY ***
Total pot $1.38 | Rake $0.06 | Jackpot $0 | Bingo $0 | Fortune $0 | Tax $0
Board [Td Ah 8s 4s]
Seat 1: 36af07ac (small blind) folded before Flop
Seat 2: 9ab53236 (big blind) folded before Flop
Seat 3: 7a24cfa8 folded on the Flop
Seat 4: Hero folded before Flop (didn't bet)
Seat 5: 62d772b6 won ($1.32)
Seat 6: 2eb2536b (button) folded on the Turn


Poker Hand #HD1718582655: Hold'em No Limit ($0.02/$0.05) - 2024/04/06 19:17:56
Table 'NLHBlue89' 6-max Seat #5 is the button
Seat 1: 36af07ac ($5 in chips)
Seat 2: 9ab53236 ($5 in chips)
Seat 3: 7a24cfa8 ($9.13 in chips)
Seat 4: Hero ($5.09 in chips)
Seat 5: 62d772b6 ($4.91 in chips)
Seat 6: 2eb2536b ($9.97 in chips)
2eb2536b: posts small blind $0.02
36af07ac: posts big blind $0.05
*** HOLE CARDS ***
Dealt to 36af07ac 
Dealt to 9ab53236 
Dealt to 7a24cfa8 
Dealt to Hero [8d 3d]
Dealt to 62d772b6 
Dealt to 2eb2536b 
9ab53236: folds
7a24cfa8: folds
Hero: folds
62d772b6: raises $0.05 to $0.1
2eb2536b: folds
36af07ac: folds
Uncalled bet ($0.05) returned to 62d772b6
*** SHOWDOWN ***
62d772b6 collected $0.12 from pot
*** SUMMARY ***
Total pot $0.12 | Rake $0 | Jackpot $0 | Bingo $0 | Fortune $0 | Tax $0
Seat 1: 36af07ac (big blind) folded before Flop
Seat 2: 9ab53236 folded before Flop (didn't bet)
Seat 3: 7a24cfa8 folded before Flop (didn't bet)
Seat 4: Hero folded before Flop (didn't bet)
Seat 5: 62d772b6 (button) collected ($0.12)
Seat 6: 2eb2536b (small blind) folded before Flop


Poker Hand #HD1718582562: Hold'em No Limit ($0.02/$0.05) - 2024/04/06 19:17:01
Table 'NLHBlue89' 6-max Seat #4 is the button
Seat 1: 36af07ac ($5 in chips)
Seat 2: 9ab53236 ($5 in chips)
Seat 3: 7a24cfa8 ($8.74 in chips)
Seat 4: Hero ($5.29 in chips)
Seat 5: 62d772b6 ($4.93 in chips)
Seat 6: 2eb2536b ($10.17 in chips)
62d772b6: posts small blind $0.02
2eb2536b: posts big blind $0.05
*** HOLE CARDS ***
Dealt to 36af07ac 
Dealt to 9ab53236 
Dealt to 7a24cfa8 
Dealt to Hero [9s 9h]
Dealt to 62d772b6 
Dealt to 2eb2536b 
36af07ac: folds
9ab53236: folds
7a24cfa8: calls $0.05
Hero: raises $0.15 to $0.2
62d772b6: folds
2eb2536b: calls $0.15
7a24cfa8: calls $0.15
*** FLOP *** [6c 6d 5c]
2eb2536b: checks
7a24cfa8: bets $0.4
Hero: folds
2eb2536b: folds
Uncalled bet ($0.4) returned to 7a24cfa8
*** SHOWDOWN ***
7a24cfa8 collected $0.59 from pot
*** SUMMARY ***
Total pot $0.62 | Rake $0.03 | Jackpot $0 | Bingo $0 | Fortune $0 | Tax $0
Board [6c 6d 5c]
Seat 1: 36af07ac folded before Flop (didn't bet)
Seat 2: 9ab53236 folded before Flop (didn't bet)
Seat 3: 7a24cfa8 won ($0.59)
Seat 4: Hero (button) folded on the Flop
Seat 5: 62d772b6 (small blind) folded before Flop
Seat 6: 2eb2536b (big blind) folded on the Flop


Poker Hand #HD1718582523: Hold'em No Limit ($0.02/$0.05) - 2024/04/06 19:16:41
Table 'NLHBlue89' 6-max Seat #3 is the button
Seat 1: 36af07ac ($5 in chips)
Seat 2: 9ab53236 ($5 in chips)
Seat 3: 7a24cfa8 ($8.74 in chips)
Seat 4: Hero ($5.31 in chips)
Seat 5: 62d772b6 ($4.91 in chips)
Seat 6: 2eb2536b ($10.17 in chips)
Hero: posts small blind $0.02
62d772b6: posts big blind $0.05
*** HOLE CARDS ***
Dealt to 36af07ac 
Dealt to 9ab53236 
Dealt to 7a24cfa8 
Dealt to Hero [7d Ts]
Dealt to 62d772b6 
Dealt to 2eb2536b 
2eb2536b: folds
36af07ac: folds
9ab53236: folds
7a24cfa8: folds
Hero: folds
Uncalled bet ($0.03) returned to 62d772b6
*** SHOWDOWN ***
62d772b6 collected $0.04 from pot
*** SUMMARY ***
Total pot $0.04 | Rake $0 | Jackpot $0 | Bingo $0 | Fortune $0 | Tax $0
Seat 1: 36af07ac folded before Flop (didn't bet)
Seat 2: 9ab53236 folded before Flop (didn't bet)
Seat 3: 7a24cfa8 (button) folded before Flop (didn't bet)
Seat 4: Hero (small blind) folded before Flop
Seat 5: 62d772b6 (big blind) collected ($0.04)
Seat 6: 2eb2536b folded before Flop (didn't bet)


Poker Hand #HD1718582426: Hold'em No Limit ($0.02/$0.05) - 2024/04/06 19:15:48
Table 'NLHBlue89' 6-max Seat #2 is the button
Seat 1: 36af07ac ($5 in chips)
Seat 2: 9ab53236 ($5 in chips)
Seat 3: 7a24cfa8 ($7.57 in chips)
Seat 4: Hero ($5.36 in chips)
Seat 5: 62d772b6 ($5.36 in chips)
Seat 6: 2eb2536b ($10.17 in chips)
7a24cfa8: posts small blind $0.02
Hero: posts big blind $0.05
*** HOLE CARDS ***
Dealt to 36af07ac 
Dealt to 9ab53236 
Dealt to 7a24cfa8 
Dealt to Hero [6d 3s]
Dealt to 62d772b6 
Dealt to 2eb2536b 
62d772b6: raises $0.1 to $0.15
2eb2536b: folds
36af07ac: raises $0.3 to $0.45
9ab53236: folds
7a24cfa8: calls $0.43
Hero: folds
62d772b6: calls $0.3
*** FLOP *** [8c Qh Th]
7a24cfa8: checks
62d772b6: checks
36af07ac: bets $0.37
7a24cfa8: calls $0.37
62d772b6: folds
*** TURN *** [8c Qh Th] [Jc]
7a24cfa8: checks
36af07ac: checks
*** RIVER *** [8c Qh Th Jc] [Qd]
7a24cfa8: bets $1.05
36af07ac: folds
Uncalled bet ($1.05) returned to 7a24cfa8
*** SHOWDOWN ***
7a24cfa8 collected $1.99 from pot
*** SUMMARY ***
Total pot $2.14 | Rake $0.1 | Jackpot $0.05 | Bingo $0 | Fortune $0 | Tax $0
Board [8c Qh Th Jc Qd]
Seat 1: 36af07ac folded on the River
Seat 2: 9ab53236 (button) folded before Flop (didn't bet)
Seat 3: 7a24cfa8 (small blind) won ($1.99)
Seat 4: Hero (big blind) folded before Flop
Seat 5: 62d772b6 folded on the Flop
Seat 6: 2eb2536b folded before Flop (didn't bet)


Poker Hand #HD1718582353: Hold'em No Limit ($0.02/$0.05) - 2024/04/06 19:15:05
Table 'NLHBlue89' 6-max Seat #1 is the button
Seat 1: 36af07ac ($5 in chips)
Seat 2: 9ab53236 ($5 in chips)
Seat 3: 7a24cfa8 ($6.11 in chips)
Seat 4: Hero ($5.46 in chips)
Seat 5: 62d772b6 ($6.9 in chips)
Seat 6: 2eb2536b ($10.17 in chips)
9ab53236: posts small blind $0.02
7a24cfa8: posts big blind $0.05
*** HOLE CARDS ***
Dealt to 36af07ac 
Dealt to 9ab53236 
Dealt to 7a24cfa8 
Dealt to Hero [Jh Qs]
Dealt to 62d772b6 
Dealt to 2eb2536b 
Hero: raises $0.05 to $0.1
62d772b6: calls $0.1
2eb2536b: folds
36af07ac: folds
9ab53236: folds
7a24cfa8: calls $0.05
*** FLOP *** [2s 7d 2d]
7a24cfa8: checks
Hero: checks
62d772b6: bets $0.16
7a24cfa8: calls $0.16
Hero: folds
*** TURN *** [2s 7d 2d] [6c]
7a24cfa8: checks
62d772b6: bets $0.32
7a24cfa8: calls $0.32
*** RIVER *** [2s 7d 2d 6c] [Ks]
7a24cfa8: checks
62d772b6: bets $0.96
7a24cfa8: calls $0.96
62d772b6: shows [7c Ac] (Pair of Sevens and Pair of Twos)
7a24cfa8: shows [5d Kd] (Pair of Kings and Pair of Twos)
*** SHOWDOWN ***
7a24cfa8 collected $3 from pot
*** SUMMARY ***
Total pot $3.2 | Rake $0.15 | Jackpot $0.05 | Bingo $0 | Fortune $0 | Tax $0
Board [2s 7d 2d 6c Ks]
Seat 1: 36af07ac (button) folded before Flop (didn't bet)
Seat 2: 9ab53236 (small blind) folded before Flop
Seat 3: 7a24cfa8 (big blind) showed [5d Kd] and won ($3) with Pair of Kings and Pair of Twos
Seat 4: Hero folded on the Flop
Seat 5: 62d772b6 showed [7c Ac] and lost with Pair of Sevens and Pair of Twos
Seat 6: 2eb2536b folded before Flop (didn't bet)


Poker Hand #HD1718582336: Hold'em No Limit ($0.02/$0.05) - 2024/04/06 19:14:53
Table 'NLHBlue89' 6-max Seat #6 is the button
Seat 1: 36af07ac ($5 in chips)
Seat 2: 9ab53236 ($5 in chips)
Seat 3: 7a24cfa8 ($6.11 in chips)
Seat 4: Hero ($5.46 in chips)
Seat 5: 62d772b6 ($6.83 in chips)
Seat 6: 2eb2536b ($10.17 in chips)
36af07ac: posts small blind $0.02
9ab53236: posts big blind $0.05
*** HOLE CARDS ***
Dealt to 36af07ac 
Dealt to 9ab53236 
Dealt to 7a24cfa8 
Dealt to Hero [2d 9s]
Dealt to 62d772b6 
Dealt to 2eb2536b 
7a24cfa8: folds
Hero: folds
62d772b6: raises $0.1 to $0.15
2eb2536b: folds
36af07ac: folds
9ab53236: folds
Uncalled bet ($0.1) returned to 62d772b6
*** SHOWDOWN ***
62d772b6 collected $0.12 from pot
*** SUMMARY ***
Total pot $0.12 | Rake $0 | Jackpot $0 | Bingo $0 | Fortune $0 | Tax $0
Seat 1: 36af07ac (small blind) folded before Flop
Seat 2: 9ab53236 (big blind) folded before Flop
Seat 3: 7a24cfa8 folded before Flop (didn't bet)
Seat 4: Hero folded before Flop (didn't bet)
Seat 5: 62d772b6 collected ($0.12)
Seat 6: 2eb2536b (button) folded before Flop (didn't bet)


Poker Hand #HD1718582303: Hold'em No Limit ($0.02/$0.05) - 2024/04/06 19:14:38
Table 'NLHBlue89' 6-max Seat #5 is the button
Seat 1: 36af07ac ($5 in chips)
Seat 2: 9ab53236 ($5 in chips)
Seat 3: 7a24cfa8 ($6.11 in chips)
Seat 4: Hero ($5.46 in chips)
Seat 5: 62d772b6 ($6.83 in chips)
Seat 6: 2eb2536b ($10.12 in chips)
2eb2536b: posts small blind $0.02
36af07ac: posts big blind $0.05
*** HOLE CARDS ***
Dealt to 36af07ac 
Dealt to 9ab53236 
Dealt to 7a24cfa8 
Dealt to Hero [3d Qs]
Dealt to 62d772b6 
Dealt to 2eb2536b 
9ab53236: folds
7a24cfa8: folds
Hero: folds
62d772b6: folds
2eb2536b: raises $0.15 to $0.2
36af07ac: folds
Uncalled bet ($0.15) returned to 2eb2536b
*** SHOWDOWN ***
2eb2536b collected $0.1 from pot
*** SUMMARY ***
Total pot $0.1 | Rake $0 | Jackpot $0 | Bingo $0 | Fortune $0 | Tax $0
Seat 1: 36af07ac (big blind) folded before Flop
Seat 2: 9ab53236 folded before Flop (didn't bet)
Seat 3: 7a24cfa8 folded before Flop (didn't bet)
Seat 4: Hero folded before Flop (didn't bet)
Seat 5: 62d772b6 (button) folded before Flop (didn't bet)
Seat 6: 2eb2536b (small blind) collected ($0.1)


Poker Hand #HD1718582226: Hold'em No Limit ($0.02/$0.05) - 2024/04/06 19:14:01
Table 'NLHBlue89' 6-max Seat #4 is the button
Seat 1: 36af07ac ($5 in chips)
Seat 2: 9ab53236 ($5 in chips)
Seat 3: 7a24cfa8 ($6.11 in chips)
Seat 4: Hero ($5.46 in chips)
Seat 5: 62d772b6 ($7.03 in chips)
Seat 6: 2eb2536b ($9.94 in chips)
62d772b6: posts small blind $0.02
2eb2536b: posts big blind $0.05
*** HOLE CARDS ***
Dealt to 36af07ac 
Dealt to 9ab53236 
Dealt to 7a24cfa8 
Dealt to Hero [7s 4h]
Dealt to 62d772b6 
Dealt to 2eb2536b 
36af07ac: folds
9ab53236: folds
7a24cfa8: folds
Hero: folds
62d772b6: calls $0.03
2eb2536b: raises $0.15 to $0.2
62d772b6: calls $0.15
*** FLOP *** [8s 5h Jd]
62d772b6: checks
2eb2536b: bets $0.2
62d772b6: folds
Uncalled bet ($0.2) returned to 2eb2536b
*** SHOWDOWN ***
2eb2536b collected $0.38 from pot
*** SUMMARY ***
Total pot $0.4 | Rake $0.02 | Jackpot $0 | Bingo $0 | Fortune $0 | Tax $0
Board [8s 5h Jd]
Seat 1: 36af07ac folded before Flop (didn't bet)
Seat 2: 9ab53236 folded before Flop (didn't bet)
Seat 3: 7a24cfa8 folded before Flop (didn't bet)
Seat 4: Hero (button) folded before Flop (didn't bet)
Seat 5: 62d772b6 (small blind) folded on the Flop
Seat 6: 2eb2536b (big blind) won ($0.38)


Poker Hand #HD1718582157: Hold'em No Limit ($0.02/$0.05) - 2024/04/06 19:13:19
Table 'NLHBlue89' 6-max Seat #3 is the button
Seat 1: 36af07ac ($5 in chips)
Seat 2: 9ab53236 ($5 in chips)
Seat 3: 7a24cfa8 ($6.11 in chips)
Seat 4: Hero ($5.48 in chips)
Seat 5: 62d772b6 ($7.7 in chips)
Seat 6: 2eb2536b ($9.31 in chips)
Hero: posts small blind $0.02
62d772b6: posts big blind $0.05
*** HOLE CARDS ***
Dealt to 36af07ac 
Dealt to 9ab53236 
Dealt to 7a24cfa8 
Dealt to Hero [9d Qh]
Dealt to 62d772b6 
Dealt to 2eb2536b 
2eb2536b: raises $0.1 to $0.15
36af07ac: folds
9ab53236: folds
7a24cfa8: folds
Hero: folds
62d772b6: calls $0.1
*** FLOP *** [4h Kd 3h]
62d772b6: checks
2eb2536b: bets $0.11
62d772b6: calls $0.11
*** TURN *** [4h Kd 3h] [2s]
62d772b6: checks
2eb2536b: bets $0.41
62d772b6: calls $0.41
*** RIVER *** [4h Kd 3h 2s] [4d]
62d772b6: checks
2eb2536b: bets $1.5
62d772b6: folds
Uncalled bet ($1.5) returned to 2eb2536b
*** SHOWDOWN ***
2eb2536b collected $1.3 from pot
*** SUMMARY ***
Total pot $1.36 | Rake $0.06 | Jackpot $0 | Bingo $0 | Fortune $0 | Tax $0
Board [4h Kd 3h 2s 4d]
Seat 1: 36af07ac folded before Flop (didn't bet)
Seat 2: 9ab53236 folded before Flop (didn't bet)
Seat 3: 7a24cfa8 (button) folded before Flop (didn't bet)
Seat 4: Hero (small blind) folded before Flop
Seat 5: 62d772b6 (big blind) folded on the River
Seat 6: 2eb2536b won ($1.3)


Poker Hand #HD1718582054: Hold'em No Limit ($0.02/$0.05) - 2024/04/06 19:12:23
Table 'NLHBlue89' 6-max Seat #2 is the button
Seat 1: 36af07ac ($5 in chips)
Seat 2: 9ab53236 ($5.13 in chips)
Seat 3: 7a24cfa8 ($6.91 in chips)
Seat 4: Hero ($5.53 in chips)
Seat 5: 62d772b6 ($6.79 in chips)
Seat 6: 2eb2536b ($9.31 in chips)
7a24cfa8: posts small blind $0.02
Hero: posts big blind $0.05
*** HOLE CARDS ***
Dealt to 36af07ac 
Dealt to 9ab53236 
Dealt to 7a24cfa8 
Dealt to Hero [3h Qc]
Dealt to 62d772b6 
Dealt to 2eb2536b 
62d772b6: calls $0.05
2eb2536b: folds
36af07ac: folds
9ab53236: raises $0.15 to $0.2
7a24cfa8: calls $0.18
Hero: folds
62d772b6: calls $0.15
*** FLOP *** [Qs 5s 2s]
7a24cfa8: checks
62d772b6: checks
9ab53236: checks
*** TURN *** [Qs 5s 2s] [3s]
7a24cfa8: bets $0.6
62d772b6: calls $0.6
9ab53236: folds
*** RIVER *** [Qs 5s 2s 3s] [4s]
7a24cfa8: checks
62d772b6: checks
7a24cfa8: shows [Kd 7d] (Queen High Flush)
62d772b6: shows [7s 8h] (Queen High Flush)
*** SHOWDOWN ***
62d772b6 collected $1.71 from pot
*** SUMMARY ***
Total pot $1.85 | Rake $0.09 | Jackpot $0.05 | Bingo $0 | Fortune $0 | Tax $0
Board [Qs 5s 2s 3s 4s]
Seat 1: 36af07ac folded before Flop (didn't bet)
Seat 2: 9ab53236 (button) folded on the Turn
Seat 3: 7a24cfa8 (small blind) showed [Kd 7d] and lost with Queen High Flush
Seat 4: Hero (big blind) folded before Flop
Seat 5: 62d772b6 showed [7s 8h] and won ($1.71) with Queen High Flush
Seat 6: 2eb2536b folded before Flop (didn't bet)


Poker Hand #HD1718582020: Hold'em No Limit ($0.02/$0.05) - 2024/04/06 19:11:59
Table 'NLHBlue89' 6-max Seat #1 is the button
Seat 1: 36af07ac ($5 in chips)
Seat 2: 9ab53236 ($5.15 in chips)
Seat 3: 7a24cfa8 ($7.06 in chips)
Seat 4: Hero ($5.53 in chips)
Seat 5: 62d772b6 ($6.63 in chips)
Seat 6: 2eb2536b ($9.31 in chips)
9ab53236: posts small blind $0.02
7a24cfa8: posts big blind $0.05
*** HOLE CARDS ***
Dealt to 36af07ac 
Dealt to 9ab53236 
Dealt to 7a24cfa8 
Dealt to Hero [7h 5c]
Dealt to 62d772b6 
Dealt to 2eb2536b 
Hero: folds
62d772b6: raises $0.1 to $0.15
2eb2536b: folds
36af07ac: folds
9ab53236: folds
7a24cfa8: calls $0.1
*** FLOP *** [6c 2d Ah]
7a24cfa8: checks
62d772b6: bets $0.16
7a24cfa8: folds
Uncalled bet ($0.16) returned to 62d772b6
*** SHOWDOWN ***
62d772b6 collected $0.31 from pot
*** SUMMARY ***
Total pot $0.32 | Rake $0.01 | Jackpot $0 | Bingo $0 | Fortune $0 | Tax $0
Board [6c 2d Ah]
Seat 1: 36af07ac (button) folded before Flop (didn't bet)
Seat 2: 9ab53236 (small blind) folded before Flop
Seat 3: 7a24cfa8 (big blind) folded on the Flop
Seat 4: Hero folded before Flop (didn't bet)
Seat 5: 62d772b6 won ($0.31)
Seat 6: 2eb2536b folded before Flop (didn't bet)


Poker Hand #HD1718581915: Hold'em No Limit ($0.02/$0.05) - 2024/04/06 19:10:58
Table 'NLHBlue89' 6-max Seat #6 is the button
Seat 1: 36af07ac ($5 in chips)
Seat 2: 9ab53236 ($5.2 in chips)
Seat 3: 7a24cfa8 ($7.06 in chips)
Seat 4: Hero ($5.53 in chips)
Seat 5: 62d772b6 ($5.96 in chips)
Seat 6: 2eb2536b ($10.03 in chips)
36af07ac: posts small blind $0.02
9ab53236: posts big blind $0.05
*** HOLE CARDS ***
Dealt to 36af07ac 
Dealt to 9ab53236 
Dealt to 7a24cfa8 
Dealt to Hero [Ad 8c]
Dealt to 62d772b6 
Dealt to 2eb2536b 
7a24cfa8: folds
Hero: folds
62d772b6: raises $0.1 to $0.15
2eb2536b: calls $0.15
36af07ac: folds
9ab53236: folds
*** FLOP *** [4s Th 4c]
62d772b6: checks
2eb2536b: bets $0.19
62d772b6: calls $0.19
*** TURN *** [4s Th 4c] [Js]
62d772b6: checks
2eb2536b: bets $0.38
62d772b6: calls $0.38
*** RIVER *** [4s Th 4c Js] [9h]
62d772b6: checks
2eb2536b: checks
62d772b6: shows [Jc Td] (Pair of Jacks and Pair of Tens)
2eb2536b: shows [Kd Jh] (Pair of Jacks and Pair of Fours)
*** SHOWDOWN ***
62d772b6 collected $1.39 from pot
*** SUMMARY ***
Total pot $1.51 | Rake $0.07 | Jackpot $0.05 | Bingo $0 | Fortune $0 | Tax $0
Board [4s Th 4c Js 9h]
Seat 1: 36af07ac (small blind) folded before Flop
Seat 2: 9ab53236 (big blind) folded before Flop
Seat 3: 7a24cfa8 folded before Flop (didn't bet)
Seat 4: Hero folded before Flop (didn't bet)
Seat 5: 62d772b6 showed [Jc Td] and won ($1.39) with Pair of Jacks and Pair of Tens
Seat 6: 2eb2536b (button) showed [Kd Jh] and lost with Pair of Jacks and Pair of Fours


Poker Hand #HD1718581890: Hold'em No Limit ($0.02/$0.05) - 2024/04/06 19:10:48
Table 'NLHBlue89' 6-max Seat #5 is the button
Seat 1: 36af07ac ($5 in chips)
Seat 2: 9ab53236 ($5.13 in chips)
Seat 3: 7a24cfa8 ($7.06 in chips)
Seat 4: Hero ($5.53 in chips)
Seat 5: 62d772b6 ($5.96 in chips)
Seat 6: 2eb2536b ($10.05 in chips)
2eb2536b: posts small blind $0.02
36af07ac: posts big blind $0.05
*** HOLE CARDS ***
Dealt to 36af07ac 
Dealt to 9ab53236 
Dealt to 7a24cfa8 
Dealt to Hero [Jc 4c]
Dealt to 62d772b6 
Dealt to 2eb2536b 
9ab53236: raises $0.07 to $0.12
7a24cfa8: folds
Hero: folds
62d772b6: folds
2eb2536b: folds
36af07ac: folds
Uncalled bet ($0.07) returned to 9ab53236
*** SHOWDOWN ***
9ab53236 collected $0.12 from pot
*** SUMMARY ***
Total pot $0.12 | Rake $0 | Jackpot $0 | Bingo $0 | Fortune $0 | Tax $0
Seat 1: 36af07ac (big blind) folded before Flop
Seat 2: 9ab53236 collected ($0.12)
Seat 3: 7a24cfa8 folded before Flop (didn't bet)
Seat 4: Hero folded before Flop (didn't bet)
Seat 5: 62d772b6 (button) folded before Flop (didn't bet)
Seat 6: 2eb2536b (small blind) folded before Flop


Poker Hand #HD1718581761: Hold'em No Limit ($0.02/$0.05) - 2024/04/06 19:09:41
Table 'NLHBlue89' 6-max Seat #4 is the button
Seat 1: 36af07ac ($5 in chips)
Seat 2: 9ab53236 ($5.25 in chips)
Seat 3: 7a24cfa8 ($6.11 in chips)
Seat 4: Hero ($6.43 in chips)
Seat 5: 62d772b6 ($5.98 in chips)
Seat 6: 2eb2536b ($10.1 in chips)
62d772b6: posts small blind $0.02
2eb2536b: posts big blind $0.05
*** HOLE CARDS ***
Dealt to 36af07ac 
Dealt to 9ab53236 
Dealt to 7a24cfa8 
Dealt to Hero [As Jd]
Dealt to 62d772b6 
Dealt to 2eb2536b 
36af07ac: folds
9ab53236: raises $0.07 to $0.12
7a24cfa8: calls $0.12
Hero: raises $0.33 to $0.45
62d772b6: folds
2eb2536b: folds
9ab53236: folds
7a24cfa8: calls $0.33
*** FLOP *** [Ks Th 3c]
7a24cfa8: checks
Hero: bets $0.45
7a24cfa8: calls $0.45
*** TURN *** [Ks Th 3c] [3s]
7a24cfa8: checks
Hero: checks
*** RIVER *** [Ks Th 3c 3s] [8c]
7a24cfa8: bets $1.1
Hero: folds
Uncalled bet ($1.1) returned to 7a24cfa8
*** SHOWDOWN ***
7a24cfa8 collected $1.85 from pot
*** SUMMARY ***
Total pot $1.99 | Rake $0.09 | Jackpot $0.05 | Bingo $0 | Fortune $0 | Tax $0
Board [Ks Th 3c 3s 8c]
Seat 1: 36af07ac folded before Flop (didn't bet)
Seat 2: 9ab53236 folded before Flop
Seat 3: 7a24cfa8 won ($1.85)
Seat 4: Hero (button) folded on the River
Seat 5: 62d772b6 (small blind) folded before Flop
Seat 6: 2eb2536b (big blind) folded before Flop


Poker Hand #HD1718581693: Hold'em No Limit ($0.02/$0.05) - 2024/04/06 19:09:02
Table 'NLHBlue89' 6-max Seat #3 is the button
Seat 1: 36af07ac ($5 in chips)
Seat 2: 9ab53236 ($5 in chips)
Seat 3: 7a24cfa8 ($6.11 in chips)
Seat 4: Hero ($6.45 in chips)
Seat 5: 62d772b6 ($6.23 in chips)
Seat 6: 2eb2536b ($10.1 in chips)
Hero: posts small blind $0.02
62d772b6: posts big blind $0.05
*** HOLE CARDS ***
Dealt to 36af07ac 
Dealt to 9ab53236 
Dealt to 7a24cfa8 
Dealt to Hero [9c Qh]
Dealt to 62d772b6 
Dealt to 2eb2536b 
2eb2536b: folds
36af07ac: folds
9ab53236: raises $0.1 to $0.15
7a24cfa8: folds
Hero: folds
62d772b6: calls $0.1
*** FLOP *** [2c Ah Td]
62d772b6: checks
9ab53236: bets $0.1
62d772b6: calls $0.1
*** TURN *** [2c Ah Td] [4d]
62d772b6: checks
9ab53236: checks
*** RIVER *** [2c Ah Td 4d] [4c]
62d772b6: checks
9ab53236: checks
62d772b6: shows [7h 5h] (Pair of Fours)
9ab53236: shows [Qd Qc] (Pair of Queens and Pair of Fours)
*** SHOWDOWN ***
9ab53236 collected $0.5 from pot
*** SUMMARY ***
Total pot $0.52 | Rake $0.02 | Jackpot $0 | Bingo $0 | Fortune $0 | Tax $0
Board [2c Ah Td 4d 4c]
Seat 1: 36af07ac folded before Flop (didn't bet)
Seat 2: 9ab53236 showed [Qd Qc] and won ($0.5) with Pair of Queens and Pair of Fours
Seat 3: 7a24cfa8 (button) folded before Flop (didn't bet)
Seat 4: Hero (small blind) folded before Flop
Seat 5: 62d772b6 (big blind) showed [7h 5h] and lost with Pair of Fours
Seat 6: 2eb2536b folded before Flop (didn't bet)


Poker Hand #HD1718581653: Hold'em No Limit ($0.02/$0.05) - 2024/04/06 19:08:44
Table 'NLHBlue89' 6-max Seat #2 is the button
Seat 1: 36af07ac ($5 in chips)
Seat 2: 9ab53236 ($5 in chips)
Seat 3: 7a24cfa8 ($6.13 in chips)
Seat 4: Hero ($6.43 in chips)
Seat 5: 62d772b6 ($6.23 in chips)
Seat 6: 2eb2536b ($10.1 in chips)
7a24cfa8: posts small blind $0.02
Hero: posts big blind $0.05
*** HOLE CARDS ***
Dealt to 36af07ac 
Dealt to 9ab53236 
Dealt to 7a24cfa8 
Dealt to Hero [Kh Qs]
Dealt to 62d772b6 
Dealt to 2eb2536b 
62d772b6: folds
2eb2536b: folds
36af07ac: folds
9ab53236: folds
7a24cfa8: folds
Uncalled bet ($0.03) returned to Hero
*** SHOWDOWN ***
Hero collected $0.04 from pot
*** SUMMARY ***
Total pot $0.04 | Rake $0 | Jackpot $0 | Bingo $0 | Fortune $0 | Tax $0
Seat 1: 36af07ac folded before Flop (didn't bet)
Seat 2: 9ab53236 (button) folded before Flop (didn't bet)
Seat 3: 7a24cfa8 (small blind) folded before Flop
Seat 4: Hero (big blind) collected ($0.04)
Seat 5: 62d772b6 folded before Flop (didn't bet)
Seat 6: 2eb2536b folded before Flop (didn't bet)


Poker Hand #HD1718581560: Hold'em No Limit ($0.02/$0.05) - 2024/04/06 19:07:51
Table 'NLHBlue89' 6-max Seat #1 is the button
Seat 1: 36af07ac ($5 in chips)
Seat 2: 9ab53236 ($5 in chips)
Seat 3: 7a24cfa8 ($5.62 in chips)
Seat 4: Hero ($6.43 in chips)
Seat 5: 62d772b6 ($6.23 in chips)
Seat 6: 2eb2536b ($10.1 in chips)
9ab53236: posts small blind $0.02
7a24cfa8: posts big blind $0.05
*** HOLE CARDS ***
Dealt to 36af07ac 
Dealt to 9ab53236 
Dealt to 7a24cfa8 
Dealt to Hero [9s 3h]
Dealt to 62d772b6 
Dealt to 2eb2536b 
Hero: folds
62d772b6: folds
2eb2536b: folds
36af07ac: raises $0.1 to $0.15
9ab53236: calls $0.13
7a24cfa8: calls $0.1
*** FLOP *** [Ad Qs 2d]
9ab53236: checks
7a24cfa8: checks
36af07ac: checks
*** TURN *** [Ad Qs 2d] [3c]
9ab53236: checks
7a24cfa8: bets $0.25
36af07ac: folds
9ab53236: calls $0.25
*** RIVER *** [Ad Qs 2d 3c] [4c]
9ab53236: checks
7a24cfa8: bets $0.85
9ab53236: folds
Uncalled bet ($0.85) returned to 7a24cfa8
*** SHOWDOWN ***
7a24cfa8 collected $0.91 from pot
*** SUMMARY ***
Total pot $0.95 | Rake $0.04 | Jackpot $0 | Bingo $0 | Fortune $0 | Tax $0
Board [Ad Qs 2d 3c 4c]
Seat 1: 36af07ac (button) folded on the Turn
Seat 2: 9ab53236 (small blind) folded on the River
Seat 3: 7a24cfa8 (big blind) won ($0.91)
Seat 4: Hero folded before Flop (didn't bet)
Seat 5: 62d772b6 folded before Flop (didn't bet)
Seat 6: 2eb2536b folded before Flop (didn't bet)


Poker Hand #HD1718581495: Hold'em No Limit ($0.02/$0.05) - 2024/04/06 19:07:18
Table 'NLHBlue89' 6-max Seat #6 is the button
Seat 1: 36af07ac ($5 in chips)
Seat 2: 9ab53236 ($5 in chips)
Seat 3: 7a24cfa8 ($5.36 in chips)
Seat 4: Hero ($6.43 in chips)
Seat 5: 62d772b6 ($6.33 in chips)
Seat 6: 2eb2536b ($10.2 in chips)
36af07ac: posts small blind $0.02
9ab53236: posts big blind $0.05
*** HOLE CARDS ***
Dealt to 36af07ac 
Dealt to 9ab53236 
Dealt to 7a24cfa8 
Dealt to Hero [8s 6s]
Dealt to 62d772b6 
Dealt to 2eb2536b 
7a24cfa8: calls $0.05
Hero: folds
62d772b6: raises $0.05 to $0.1
2eb2536b: calls $0.1
36af07ac: folds
9ab53236: folds
7a24cfa8: raises $0.55 to $0.65
62d772b6: folds
2eb2536b: folds
Uncalled bet ($0.55) returned to 7a24cfa8
*** SHOWDOWN ***
7a24cfa8 collected $0.36 from pot
*** SUMMARY ***
Total pot $0.37 | Rake $0.01 | Jackpot $0 | Bingo $0 | Fortune $0 | Tax $0
Seat 1: 36af07ac (small blind) folded before Flop
Seat 2: 9ab53236 (big blind) folded before Flop
Seat 3: 7a24cfa8 collected ($0.36)
Seat 4: Hero folded before Flop (didn't bet)
Seat 5: 62d772b6 folded before Flop
Seat 6: 2eb2536b (button) folded before Flop


Poker Hand #HD1718581400: Hold'em No Limit ($0.02/$0.05) - 2024/04/06 19:06:34
Table 'NLHBlue89' 6-max Seat #5 is the button
Seat 1: 36af07ac ($5 in chips)
Seat 2: 9ab53236 ($5 in chips)
Seat 3: 7a24cfa8 ($5.36 in chips)
Seat 4: Hero ($6.43 in chips)
Seat 5: 62d772b6 ($6.01 in chips)
Seat 6: 2eb2536b ($10.22 in chips)
2eb2536b: posts small blind $0.02
36af07ac: posts big blind $0.05
*** HOLE CARDS ***
Dealt to 36af07ac 
Dealt to 9ab53236 
Dealt to 7a24cfa8 
Dealt to Hero [4s Qd]
Dealt to 62d772b6 
Dealt to 2eb2536b 
9ab53236: raises $0.07 to $0.12
7a24cfa8: folds
Hero: folds
62d772b6: calls $0.12
2eb2536b: folds
36af07ac: folds
*** FLOP *** [8h 8c 9c]
9ab53236: checks
62d772b6: bets $0.16
9ab53236: calls $0.16
*** TURN *** [8h 8c 9c] [5d]
9ab53236: checks
62d772b6: bets $0.48
9ab53236: folds
Uncalled bet ($0.48) returned to 62d772b6
*** SHOWDOWN ***
62d772b6 collected $0.6 from pot
*** SUMMARY ***
Total pot $0.63 | Rake $0.03 | Jackpot $0 | Bingo $0 | Fortune $0 | Tax $0
Board [8h 8c 9c 5d]
Seat 1: 36af07ac (big blind) folded before Flop
Seat 2: 9ab53236 folded on the Turn
Seat 3: 7a24cfa8 folded before Flop (didn't bet)
Seat 4: Hero folded before Flop (didn't bet)
Seat 5: 62d772b6 (button) won ($0.6)
Seat 6: 2eb2536b (small blind) folded before Flop


Poker Hand #HD1718581323: Hold'em No Limit ($0.02/$0.05) - 2024/04/06 19:05:57
Table 'NLHBlue89' 6-max Seat #4 is the button
Seat 2: 9ab53236 ($5 in chips)
Seat 3: 7a24cfa8 ($5.36 in chips)
Seat 4: Hero ($6.43 in chips)
Seat 5: 62d772b6 ($5.83 in chips)
Seat 6: 2eb2536b ($10.42 in chips)
62d772b6: posts small blind $0.02
2eb2536b: posts big blind $0.05
*** HOLE CARDS ***
Dealt to 9ab53236 
Dealt to 7a24cfa8 
Dealt to Hero [4s 7h]
Dealt to 62d772b6 
Dealt to 2eb2536b 
9ab53236: folds
7a24cfa8: folds
Hero: folds
62d772b6: calls $0.03
2eb2536b: raises $0.15 to $0.2
62d772b6: calls $0.15
*** FLOP *** [8h Th 2h]
62d772b6: checks
2eb2536b: checks
*** TURN *** [8h Th 2h] [Qh]
62d772b6: bets $0.2
2eb2536b: folds
Uncalled bet ($0.2) returned to 62d772b6
*** SHOWDOWN ***
62d772b6 collected $0.38 from pot
*** SUMMARY ***
Total pot $0.4 | Rake $0.02 | Jackpot $0 | Bingo $0 | Fortune $0 | Tax $0
Board [8h Th 2h Qh]
Seat 2: 9ab53236 folded before Flop (didn't bet)
Seat 3: 7a24cfa8 folded before Flop (didn't bet)
Seat 4: Hero (button) folded before Flop (didn't bet)
Seat 5: 62d772b6 (small blind) won ($0.38)
Seat 6: 2eb2536b (big blind) folded on the Turn


Poker Hand #HD1718581303: Hold'em No Limit ($0.02/$0.05) - 2024/04/06 19:05:46
Table 'NLHBlue89' 6-max Seat #3 is the button
Seat 2: 9ab53236 ($5 in chips)
Seat 3: 7a24cfa8 ($5.36 in chips)
Seat 4: Hero ($6.45 in chips)
Seat 5: 62d772b6 ($5.88 in chips)
Seat 6: 2eb2536b ($10.35 in chips)
Hero: posts small blind $0.02
62d772b6: posts big blind $0.05
*** HOLE CARDS ***
Dealt to 9ab53236 
Dealt to 7a24cfa8 
Dealt to Hero [8s 2c]
Dealt to 62d772b6 
Dealt to 2eb2536b 
2eb2536b: raises $0.1 to $0.15
9ab53236: folds
7a24cfa8: folds
Hero: folds
62d772b6: folds
Uncalled bet ($0.1) returned to 2eb2536b
*** SHOWDOWN ***
2eb2536b collected $0.12 from pot
*** SUMMARY ***
Total pot $0.12 | Rake $0 | Jackpot $0 | Bingo $0 | Fortune $0 | Tax $0
Seat 2: 9ab53236 folded before Flop (didn't bet)
Seat 3: 7a24cfa8 (button) folded before Flop (didn't bet)
Seat 4: Hero (small blind) folded before Flop
Seat 5: 62d772b6 (big blind) folded before Flop
Seat 6: 2eb2536b collected ($0.12)


Poker Hand #HD1718581241: Hold'em No Limit ($0.02/$0.05) - 2024/04/06 19:05:18
Table 'NLHBlue89' 6-max Seat #2 is the button
Seat 2: 9ab53236 ($5 in chips)
Seat 3: 7a24cfa8 ($5.46 in chips)
Seat 4: Hero ($6.5 in chips)
Seat 5: 62d772b6 ($5.74 in chips)
Seat 6: 2eb2536b ($10.35 in chips)
7a24cfa8: posts small blind $0.02
Hero: posts big blind $0.05
*** HOLE CARDS ***
Dealt to 9ab53236 
Dealt to 7a24cfa8 
Dealt to Hero [6d 2d]
Dealt to 62d772b6 
Dealt to 2eb2536b 
62d772b6: raises $0.05 to $0.1
2eb2536b: folds
9ab53236: folds
7a24cfa8: calls $0.08
Hero: folds
*** FLOP *** [Kc 8c 4c]
7a24cfa8: checks
62d772b6: bets $0.13
7a24cfa8: folds
Uncalled bet ($0.13) returned to 62d772b6
*** SHOWDOWN ***
62d772b6 collected $0.24 from pot
*** SUMMARY ***
Total pot $0.25 | Rake $0.01 | Jackpot $0 | Bingo $0 | Fortune $0 | Tax $0
Board [Kc 8c 4c]
Seat 2: 9ab53236 (button) folded before Flop (didn't bet)
Seat 3: 7a24cfa8 (small blind) folded on the Flop
Seat 4: Hero (big blind) folded before Flop
Seat 5: 62d772b6 won ($0.24)
Seat 6: 2eb2536b folded before Flop (didn't bet)


Poker Hand #HD1718581145: Hold'em No Limit ($0.02/$0.05) - 2024/04/06 19:04:29
Table 'NLHBlue89' 6-max Seat #6 is the button
Seat 2: 9ab53236 ($5 in chips)
Seat 3: 7a24cfa8 ($5 in chips)
Seat 4: Hero ($6.5 in chips)
Seat 5: 62d772b6 ($6.14 in chips)
Seat 6: 2eb2536b ($10.35 in chips)
9ab53236: posts small blind $0.02
7a24cfa8: posts big blind $0.05
*** HOLE CARDS ***
Dealt to 9ab53236 
Dealt to 7a24cfa8 
Dealt to Hero [2c 9d]
Dealt to 62d772b6 
Dealt to 2eb2536b 
Hero: folds
62d772b6: raises $0.05 to $0.1
2eb2536b: folds
9ab53236: calls $0.08
7a24cfa8: calls $0.05
*** FLOP *** [9h 2h 5s]
9ab53236: checks
7a24cfa8: checks
62d772b6: checks
*** TURN *** [9h 2h 5s] [4d]
9ab53236: checks
7a24cfa8: bets $0.3
62d772b6: calls $0.3
9ab53236: folds
*** RIVER *** [9h 2h 5s 4d] [2d]
7a24cfa8: bets $0.75
62d772b6: folds
Uncalled bet ($0.75) returned to 7a24cfa8
*** SHOWDOWN ***
7a24cfa8 collected $0.86 from pot
*** SUMMARY ***
Total pot $0.9 | Rake $0.04 | Jackpot $0 | Bingo $0 | Fortune $0 | Tax $0
Board [9h 2h 5s 4d 2d]
Seat 2: 9ab53236 (small blind) folded on the Turn
Seat 3: 7a24cfa8 (big blind) won ($0.86)
Seat 4: Hero folded before Flop (didn't bet)
Seat 5: 62d772b6 folded on the River
Seat 6: 2eb2536b (button) folded before Flop (didn't bet)


Poker Hand #HD1718581010: Hold'em No Limit ($0.02/$0.05) - 2024/04/06 19:03:24
Table 'NLHBlue89' 6-max Seat #5 is the button
Seat 1: 63d846c4 ($7.43 in chips)
Seat 2: 9ab53236 ($5.31 in chips)
Seat 3: 7a24cfa8 ($5 in chips)
Seat 4: Hero ($6.5 in chips)
Seat 5: 62d772b6 ($6.14 in chips)
Seat 6: 2eb2536b ($6.4 in chips)
2eb2536b: posts small blind $0.02
63d846c4: posts big blind $0.05
*** HOLE CARDS ***
Dealt to 63d846c4 
Dealt to 9ab53236 
Dealt to 7a24cfa8 
Dealt to Hero [Jd 8h]
Dealt to 62d772b6 
Dealt to 2eb2536b 
9ab53236: raises $0.07 to $0.12
7a24cfa8: calls $0.12
Hero: folds
62d772b6: folds
2eb2536b: raises $0.41 to $0.53
63d846c4: folds
9ab53236: calls $0.41
7a24cfa8: calls $0.41
*** FLOP *** [3c 6c 9h]
2eb2536b: bets $0.55
9ab53236: folds
7a24cfa8: calls $0.55
*** TURN *** [3c 6c 9h] [9s]
2eb2536b: checks
7a24cfa8: checks
*** RIVER *** [3c 6c 9h 9s] [2s]
2eb2536b: bets $2.74
7a24cfa8: calls $2.74
2eb2536b: shows [Ac 9c] (Three Nines)
7a24cfa8: shows [7s 6h] (Pair of Nines and Pair of Sixes)
*** SHOWDOWN ***
2eb2536b collected $7.77 from pot
*** SUMMARY ***
Total pot $8.22 | Rake $0.4 | Jackpot $0.05 | Bingo $0 | Fortune $0 | Tax $0
Board [3c 6c 9h 9s 2s]
Seat 1: 63d846c4 (big blind) folded before Flop
Seat 2: 9ab53236 folded on the Flop
Seat 3: 7a24cfa8 showed [7s 6h] and lost with Pair of Nines and Pair of Sixes
Seat 4: Hero folded before Flop (didn't bet)
Seat 5: 62d772b6 (button) folded before Flop (didn't bet)
Seat 6: 2eb2536b (small blind) showed [Ac 9c] and won ($7.77) with Three Nines


Poker Hand #HD1718580880: Hold'em No Limit ($0.02/$0.05) - 2024/04/06 19:02:21
Table 'NLHBlue89' 6-max Seat #4 is the button
Seat 1: 63d846c4 ($6.93 in chips)
Seat 2: 9ab53236 ($5.31 in chips)
Seat 3: 7a24cfa8 ($5 in chips)
Seat 4: Hero ($6.5 in chips)
Seat 5: 62d772b6 ($6.64 in chips)
Seat 6: 2eb2536b ($6.45 in chips)
62d772b6: posts small blind $0.02
2eb2536b: posts big blind $0.05
*** HOLE CARDS ***
Dealt to 63d846c4 
Dealt to 9ab53236 
Dealt to 7a24cfa8 
Dealt to Hero [Ts Kd]
Dealt to 62d772b6 
Dealt to 2eb2536b 
63d846c4: raises $0.05 to $0.1
9ab53236: folds
7a24cfa8: folds
Hero: folds
62d772b6: calls $0.08
2eb2536b: folds
*** FLOP *** [6d 2s 3s]
62d772b6: checks
63d846c4: checks
*** TURN *** [6d 2s 3s] [3d]
62d772b6: bets $0.19
63d846c4: raises $0.21 to $0.4
62d772b6: calls $0.21
*** RIVER *** [6d 2s 3s 3d] [2c]
62d772b6: checks
63d846c4: bets $1.05
62d772b6: folds
Uncalled bet ($1.05) returned to 63d846c4
*** SHOWDOWN ***
63d846c4 collected $1 from pot
*** SUMMARY ***
Total pot $1.05 | Rake $0.05 | Jackpot $0 | Bingo $0 | Fortune $0 | Tax $0
Board [6d 2s 3s 3d 2c]
Seat 1: 63d846c4 won ($1)
Seat 2: 9ab53236 folded before Flop (didn't bet)
Seat 3: 7a24cfa8 folded before Flop (didn't bet)
Seat 4: Hero (button) folded before Flop (didn't bet)
Seat 5: 62d772b6 (small blind) folded on the River
Seat 6: 2eb2536b (big blind) folded before Flop


Poker Hand #HD1718580804: Hold'em No Limit ($0.02/$0.05) - 2024/04/06 19:01:40
Table 'NLHBlue89' 6-max Seat #3 is the button
Seat 1: 63d846c4 ($7.03 in chips)
Seat 2: 9ab53236 ($5.31 in chips)
Seat 3: 7a24cfa8 ($5 in chips)
Seat 4: Hero ($6.52 in chips)
Seat 5: 62d772b6 ($6.53 in chips)
Seat 6: 2eb2536b ($6.45 in chips)
Hero: posts small blind $0.02
62d772b6: posts big blind $0.05
*** HOLE CARDS ***
Dealt to 63d846c4 
Dealt to 9ab53236 
Dealt to 7a24cfa8 
Dealt to Hero [2s Jc]
Dealt to 62d772b6 
Dealt to 2eb2536b 
2eb2536b: folds
63d846c4: raises $0.05 to $0.1
9ab53236: folds
7a24cfa8: folds
Hero: folds
62d772b6: calls $0.05
*** FLOP *** [3c 6d 8c]
62d772b6: checks
63d846c4: checks
*** TURN *** [3c 6d 8c] [6s]
62d772b6: checks
63d846c4: checks
*** RIVER *** [3c 6d 8c 6s] [4c]
62d772b6: bets $0.22
63d846c4: folds
Uncalled bet ($0.22) returned to 62d772b6
*** SHOWDOWN ***
62d772b6 collected $0.21 from pot
*** SUMMARY ***
Total pot $0.22 | Rake $0.01 | Jackpot $0 | Bingo $0 | Fortune $0 | Tax $0
Board [3c 6d 8c 6s 4c]
Seat 1: 63d846c4 folded on the River
Seat 2: 9ab53236 folded before Flop (didn't bet)
Seat 3: 7a24cfa8 (button) folded before Flop (didn't bet)
Seat 4: Hero (small blind) folded before Flop
Seat 5: 62d772b6 (big blind) won ($0.21)
Seat 6: 2eb2536b folded before Flop (didn't bet)


Poker Hand #HD1718580733: Hold'em No Limit ($0.02/$0.05) - 2024/04/06 19:01:09
Table 'NLHBlue89' 6-max Seat #2 is the button
Seat 1: 63d846c4 ($7.48 in chips)
Seat 2: 9ab53236 ($5.31 in chips)
Seat 3: 7a24cfa8 ($5 in chips)
Seat 4: Hero ($6.04 in chips)
Seat 5: 62d772b6 ($6.58 in chips)
Seat 6: 2eb2536b ($6.45 in chips)
7a24cfa8: posts small blind $0.02
Hero: posts big blind $0.05
*** HOLE CARDS ***
Dealt to 63d846c4 
Dealt to 9ab53236 
Dealt to 7a24cfa8 
Dealt to Hero [Qd Ad]
Dealt to 62d772b6 
Dealt to 2eb2536b 
62d772b6: calls $0.05
2eb2536b: folds
63d846c4: raises $0.05 to $0.1
9ab53236: folds
7a24cfa8: folds
Hero: raises $0.35 to $0.45
62d772b6: folds
63d846c4: calls $0.35
*** FLOP *** [5c Kc 9d]
Hero: bets $0.3
63d846c4: folds
Uncalled bet ($0.3) returned to Hero
*** SHOWDOWN ***
Hero collected $0.93 from pot
*** SUMMARY ***
Total pot $0.97 | Rake $0.04 | Jackpot $0 | Bingo $0 | Fortune $0 | Tax $0
Board [5c Kc 9d]
Seat 1: 63d846c4 folded on the Flop
Seat 2: 9ab53236 (button) folded before Flop (didn't bet)
Seat 3: 7a24cfa8 (small blind) folded before Flop
Seat 4: Hero (big blind) won ($0.93)
Seat 5: 62d772b6 folded before Flop
Seat 6: 2eb2536b folded before Flop (didn't bet)


Poker Hand #HD1718580629: Hold'em No Limit ($0.02/$0.05) - 2024/04/06 19:00:18
Table 'NLHBlue89' 6-max Seat #1 is the button
Seat 1: 63d846c4 ($7.17 in chips)
Seat 2: 9ab53236 ($5.33 in chips)
Seat 3: 7a24cfa8 ($5.06 in chips)
Seat 4: Hero ($6.04 in chips)
Seat 5: 62d772b6 ($6.79 in chips)
Seat 6: 2eb2536b ($6.45 in chips)
9ab53236: posts small blind $0.02
7a24cfa8: posts big blind $0.05
*** HOLE CARDS ***
Dealt to 63d846c4 
Dealt to 9ab53236 
Dealt to 7a24cfa8 
Dealt to Hero [7c Js]
Dealt to 62d772b6 
Dealt to 2eb2536b 
Hero: folds
62d772b6: raises $0.05 to $0.1
2eb2536b: folds
63d846c4: calls $0.1
9ab53236: folds
7a24cfa8: calls $0.05
*** FLOP *** [Ad 5d 3c]
7a24cfa8: checks
62d772b6: bets $0.11
63d846c4: calls $0.11
7a24cfa8: folds
*** TURN *** [Ad 5d 3c] [8c]
62d772b6: checks
63d846c4: bets $0.18
62d772b6: folds
Uncalled bet ($0.18) returned to 63d846c4
*** SHOWDOWN ***
63d846c4 collected $0.52 from pot
*** SUMMARY ***
Total pot $0.54 | Rake $0.02 | Jackpot $0 | Bingo $0 | Fortune $0 | Tax $0
Board [Ad 5d 3c 8c]
Seat 1: 63d846c4 (button) won ($0.52)
Seat 2: 9ab53236 (small blind) folded before Flop
Seat 3: 7a24cfa8 (big blind) folded on the Flop
Seat 4: Hero folded before Flop (didn't bet)
Seat 5: 62d772b6 folded on the Turn
Seat 6: 2eb2536b folded before Flop (didn't bet)


Poker Hand #HD1718580511: Hold'em No Limit ($0.02/$0.05) - 2024/04/06 18:59:20
Table 'NLHBlue89' 6-max Seat #6 is the button
Seat 1: 63d846c4 ($7.19 in chips)
Seat 2: 9ab53236 ($5.13 in chips)
Seat 3: 7a24cfa8 ($5.11 in chips)
Seat 4: Hero ($6.04 in chips)
Seat 5: 62d772b6 ($6.93 in chips)
Seat 6: 2eb2536b ($6.45 in chips)
63d846c4: posts small blind $0.02
9ab53236: posts big blind $0.05
*** HOLE CARDS ***
Dealt to 63d846c4 
Dealt to 9ab53236 
Dealt to 7a24cfa8 
Dealt to Hero [Jc 4h]
Dealt to 62d772b6 
Dealt to 2eb2536b 
7a24cfa8: calls $0.05
Hero: folds
62d772b6: calls $0.05
2eb2536b: folds
63d846c4: folds
9ab53236: checks
*** FLOP *** [2d 8d 7h]
9ab53236: checks
7a24cfa8: checks
62d772b6: bets $0.09
9ab53236: calls $0.09
7a24cfa8: folds
*** TURN *** [2d 8d 7h] [Ad]
9ab53236: checks
62d772b6: checks
*** RIVER *** [2d 8d 7h Ad] [2h]
9ab53236: checks
62d772b6: checks
9ab53236: shows [7c Qh] (Pair of Sevens and Pair of Twos)
62d772b6: shows [Th Ks] (Pair of Twos)
*** SHOWDOWN ***
9ab53236 collected $0.34 from pot
*** SUMMARY ***
Total pot $0.35 | Rake $0.01 | Jackpot $0 | Bingo $0 | Fortune $0 | Tax $0
Board [2d 8d 7h Ad 2h]
Seat 1: 63d846c4 (small blind) folded before Flop
Seat 2: 9ab53236 (big blind) showed [7c Qh] and won ($0.34) with Pair of Sevens and Pair of Twos
Seat 3: 7a24cfa8 folded on the Flop
Seat 4: Hero folded before Flop (didn't bet)
Seat 5: 62d772b6 showed [Th Ks] and lost with Pair of Twos
Seat 6: 2eb2536b (button) folded before Flop (didn't bet)


Poker Hand #HD1718580422: Hold'em No Limit ($0.02/$0.05) - 2024/04/06 18:58:38
Table 'NLHBlue89' 6-max Seat #5 is the button
Seat 1: 63d846c4 ($7.24 in chips)
Seat 2: 9ab53236 ($5.13 in chips)
Seat 3: 7a24cfa8 ($5.26 in chips)
Seat 4: Hero ($6.04 in chips)
Seat 5: 62d772b6 ($6.72 in chips)
Seat 6: 2eb2536b ($6.47 in chips)
2eb2536b: posts small blind $0.02
63d846c4: posts big blind $0.05
*** HOLE CARDS ***
Dealt to 63d846c4 
Dealt to 9ab53236 
Dealt to 7a24cfa8 
Dealt to Hero [5d Qd]
Dealt to 62d772b6 
Dealt to 2eb2536b 
9ab53236: folds
7a24cfa8: calls $0.05
Hero: folds
62d772b6: raises $0.1 to $0.15
2eb2536b: folds
63d846c4: folds
7a24cfa8: calls $0.1
*** FLOP *** [6s Th 2h]
7a24cfa8: checks
62d772b6: bets $0.19
7a24cfa8: folds
Uncalled bet ($0.19) returned to 62d772b6
*** SHOWDOWN ***
62d772b6 collected $0.36 from pot
*** SUMMARY ***
Total pot $0.37 | Rake $0.01 | Jackpot $0 | Bingo $0 | Fortune $0 | Tax $0
Board [6s Th 2h]
Seat 1: 63d846c4 (big blind) folded before Flop
Seat 2: 9ab53236 folded before Flop (didn't bet)
Seat 3: 7a24cfa8 folded on the Flop
Seat 4: Hero folded before Flop (didn't bet)
Seat 5: 62d772b6 (button) won ($0.36)
Seat 6: 2eb2536b (small blind) folded before Flop


Poker Hand #HD1718580335: Hold'em No Limit ($0.02/$0.05) - 2024/04/06 18:57:59
Table 'NLHBlue89' 6-max Seat #4 is the button
Seat 1: 63d846c4 ($7.24 in chips)
Seat 2: 9ab53236 ($5.13 in chips)
Seat 3: 7a24cfa8 ($5.16 in chips)
Seat 4: Hero ($6.04 in chips)
Seat 5: 62d772b6 ($6.77 in chips)
Seat 6: 2eb2536b ($6.52 in chips)
62d772b6: posts small blind $0.02
2eb2536b: posts big blind $0.05
*** HOLE CARDS ***
Dealt to 63d846c4 
Dealt to 9ab53236 
Dealt to 7a24cfa8 
Dealt to Hero [9s 5c]
Dealt to 62d772b6 
Dealt to 2eb2536b 
63d846c4: folds
9ab53236: folds
7a24cfa8: calls $0.05
Hero: folds
62d772b6: calls $0.03
2eb2536b: checks
*** FLOP *** [Qd 3d 7d]
62d772b6: checks
2eb2536b: checks
7a24cfa8: checks
*** TURN *** [Qd 3d 7d] [8s]
62d772b6: checks
2eb2536b: checks
7a24cfa8: bets $0.35
62d772b6: folds
2eb2536b: folds
Uncalled bet ($0.35) returned to 7a24cfa8
*** SHOWDOWN ***
7a24cfa8 collected $0.15 from pot
*** SUMMARY ***
Total pot $0.15 | Rake $0 | Jackpot $0 | Bingo $0 | Fortune $0 | Tax $0
Board [Qd 3d 7d 8s]
Seat 1: 63d846c4 folded before Flop (didn't bet)
Seat 2: 9ab53236 folded before Flop (didn't bet)
Seat 3: 7a24cfa8 won ($0.15)
Seat 4: Hero (button) folded before Flop (didn't bet)
Seat 5: 62d772b6 (small blind) folded on the Turn
Seat 6: 2eb2536b (big blind) folded on the Turn


Poker Hand #HD1718580259: Hold'em No Limit ($0.02/$0.05) - 2024/04/06 18:57:26
Table 'NLHBlue89' 6-max Seat #3 is the button
Seat 1: 63d846c4 ($7.24 in chips)
Seat 2: 9ab53236 ($5 in chips)
Seat 3: 7a24cfa8 ($5.16 in chips)
Seat 4: Hero ($6.06 in chips)
Seat 5: 62d772b6 ($6.89 in chips)
Seat 6: 2eb2536b ($6.52 in chips)
Hero: posts small blind $0.02
62d772b6: posts big blind $0.05
*** HOLE CARDS ***
Dealt to 63d846c4 
Dealt to 9ab53236 
Dealt to 7a24cfa8 
Dealt to Hero [Qd 4c]
Dealt to 62d772b6 
Dealt to 2eb2536b 
2eb2536b: folds
63d846c4: folds
9ab53236: raises $0.07 to $0.12
7a24cfa8: folds
Hero: folds
62d772b6: calls $0.07
*** FLOP *** [Jh 7h 3c]
62d772b6: checks
9ab53236: bets $0.12
62d772b6: folds
Uncalled bet ($0.12) returned to 9ab53236
*** SHOWDOWN ***
9ab53236 collected $0.25 from pot
*** SUMMARY ***
Total pot $0.26 | Rake $0.01 | Jackpot $0 | Bingo $0 | Fortune $0 | Tax $0
Board [Jh 7h 3c]
Seat 1: 63d846c4 folded before Flop (didn't bet)
Seat 2: 9ab53236 won ($0.25)
Seat 3: 7a24cfa8 (button) folded before Flop (didn't bet)
Seat 4: Hero (small blind) folded before Flop
Seat 5: 62d772b6 (big blind) folded on the Flop
Seat 6: 2eb2536b folded before Flop (didn't bet)


Poker Hand #HD1718580197: Hold'em No Limit ($0.02/$0.05) - 2024/04/06 18:56:49
Table 'NLHBlue89' 6-max Seat #2 is the button
Seat 1: 63d846c4 ($7.24 in chips)
Seat 2: 9ab53236 ($5 in chips)
Seat 3: 7a24cfa8 ($5.18 in chips)
Seat 4: Hero ($6.11 in chips)
Seat 5: 62d772b6 ($6.82 in chips)
Seat 6: 2eb2536b ($6.52 in chips)
7a24cfa8: posts small blind $0.02
Hero: posts big blind $0.05
*** HOLE CARDS ***
Dealt to 63d846c4 
Dealt to 9ab53236 
Dealt to 7a24cfa8 
Dealt to Hero [2h 7c]
Dealt to 62d772b6 
Dealt to 2eb2536b 
62d772b6: calls $0.05
2eb2536b: folds
63d846c4: folds
9ab53236: folds
7a24cfa8: folds
Hero: checks
*** FLOP *** [6h 3h Kc]
Hero: checks
62d772b6: checks
*** TURN *** [6h 3h Kc] [9s]
Hero: checks
62d772b6: bets $0.09
Hero: folds
Uncalled bet ($0.09) returned to 62d772b6
*** SHOWDOWN ***
62d772b6 collected $0.12 from pot
*** SUMMARY ***
Total pot $0.12 | Rake $0 | Jackpot $0 | Bingo $0 | Fortune $0 | Tax $0
Board [6h 3h Kc 9s]
Seat 1: 63d846c4 folded before Flop (didn't bet)
Seat 2: 9ab53236 (button) folded before Flop (didn't bet)
Seat 3: 7a24cfa8 (small blind) folded before Flop
Seat 4: Hero (big blind) folded on the Turn
Seat 5: 62d772b6 won ($0.12)
Seat 6: 2eb2536b folded before Flop (didn't bet)


Poker Hand #HD1718580118: Hold'em No Limit ($0.02/$0.05) - 2024/04/06 18:56:13
Table 'NLHBlue89' 6-max Seat #1 is the button
Seat 1: 63d846c4 ($6.89 in chips)
Seat 2: 9ab53236 ($5 in chips)
Seat 3: 7a24cfa8 ($5.23 in chips)
Seat 4: Hero ($6.11 in chips)
Seat 5: 62d772b6 ($7.13 in chips)
Seat 6: 2eb2536b ($6.52 in chips)
9ab53236: posts small blind $0.02
7a24cfa8: posts big blind $0.05
*** HOLE CARDS ***
Dealt to 63d846c4 
Dealt to 9ab53236 
Dealt to 7a24cfa8 
Dealt to Hero [Td 2h]
Dealt to 62d772b6 
Dealt to 2eb2536b 
Hero: folds
62d772b6: raises $0.05 to $0.1
2eb2536b: folds
63d846c4: raises $0.21 to $0.31
9ab53236: folds
7a24cfa8: folds
62d772b6: calls $0.21
*** FLOP *** [Kc Jc 2s]
62d772b6: checks
63d846c4: bets $0.52
62d772b6: folds
Uncalled bet ($0.52) returned to 63d846c4
*** SHOWDOWN ***
63d846c4 collected $0.66 from pot
*** SUMMARY ***
Total pot $0.69 | Rake $0.03 | Jackpot $0 | Bingo $0 | Fortune $0 | Tax $0
Board [Kc Jc 2s]
Seat 1: 63d846c4 (button) won ($0.66)
Seat 2: 9ab53236 (small blind) folded before Flop
Seat 3: 7a24cfa8 (big blind) folded before Flop
Seat 4: Hero folded before Flop (didn't bet)
Seat 5: 62d772b6 folded on the Flop
Seat 6: 2eb2536b folded before Flop (didn't bet)


Poker Hand #HD1718579966: Hold'em No Limit ($0.02/$0.05) - 2024/04/06 18:54:57
Table 'NLHBlue89' 6-max Seat #6 is the button
Seat 1: 63d846c4 ($6.91 in chips)
Seat 2: 9ab53236 ($5 in chips)
Seat 3: 7a24cfa8 ($5.28 in chips)
Seat 4: Hero ($6.11 in chips)
Seat 5: 62d772b6 ($4.61 in chips)
Seat 6: 2eb2536b ($7.45 in chips)
63d846c4: posts small blind $0.02
9ab53236: posts big blind $0.05
*** HOLE CARDS ***
Dealt to 63d846c4 
Dealt to 9ab53236 
Dealt to 7a24cfa8 
Dealt to Hero [5s 5c]
Dealt to 62d772b6 
Dealt to 2eb2536b 
7a24cfa8: calls $0.05
Hero: folds
62d772b6: raises $0.1 to $0.15
2eb2536b: raises $0.32 to $0.47
63d846c4: folds
9ab53236: calls $0.42
7a24cfa8: folds
62d772b6: calls $0.32
*** FLOP *** [6s Qc 8c]
9ab53236: bets $0.46
62d772b6: calls $0.46
2eb2536b: calls $0.46
*** TURN *** [6s Qc 8c] [2c]
9ab53236: bets $0.86
62d772b6: calls $0.86
2eb2536b: folds
*** RIVER *** [6s Qc 8c 2c] [9c]
9ab53236: checks
62d772b6: bets $2.82 and is all-in
9ab53236: folds
Uncalled bet ($2.82) returned to 62d772b6
*** SHOWDOWN ***
62d772b6 collected $4.31 from pot
*** SUMMARY ***
Total pot $4.58 | Rake $0.22 | Jackpot $0.05 | Bingo $0 | Fortune $0 | Tax $0
Board [6s Qc 8c 2c 9c]
Seat 1: 63d846c4 (small blind) folded before Flop
Seat 2: 9ab53236 (big blind) folded on the River
Seat 3: 7a24cfa8 folded before Flop
Seat 4: Hero folded before Flop (didn't bet)
Seat 5: 62d772b6 won ($4.31)
Seat 6: 2eb2536b (button) folded on the Turn


Poker Hand #HD1718579910: Hold'em No Limit ($0.02/$0.05) - 2024/04/06 18:54:35
Table 'NLHBlue89' 6-max Seat #5 is the button
Seat 1: 63d846c4 ($6.96 in chips)
Seat 2: 9ab53236 ($5 in chips)
Seat 3: 7a24cfa8 ($5.28 in chips)
Seat 4: Hero ($6.11 in chips)
Seat 5: 62d772b6 ($4.54 in chips)
Seat 6: 2eb2536b ($7.47 in chips)
2eb2536b: posts small blind $0.02
63d846c4: posts big blind $0.05
*** HOLE CARDS ***
Dealt to 63d846c4 
Dealt to 9ab53236 
Dealt to 7a24cfa8 
Dealt to Hero [8c 5d]
Dealt to 62d772b6 
Dealt to 2eb2536b 
9ab53236: folds
7a24cfa8: folds
Hero: folds
62d772b6: raises $0.1 to $0.15
2eb2536b: folds
63d846c4: folds
Uncalled bet ($0.1) returned to 62d772b6
*** SHOWDOWN ***
62d772b6 collected $0.12 from pot
*** SUMMARY ***
Total pot $0.12 | Rake $0 | Jackpot $0 | Bingo $0 | Fortune $0 | Tax $0
Seat 1: 63d846c4 (big blind) folded before Flop
Seat 2: 9ab53236 folded before Flop (didn't bet)
Seat 3: 7a24cfa8 folded before Flop (didn't bet)
Seat 4: Hero folded before Flop (didn't bet)
Seat 5: 62d772b6 (button) collected ($0.12)
Seat 6: 2eb2536b (small blind) folded before Flop


Poker Hand #HD1718579756: Hold'em No Limit ($0.02/$0.05) - 2024/04/06 18:53:13
Table 'NLHBlue89' 6-max Seat #4 is the button
Seat 1: 63d846c4 ($7.06 in chips)
Seat 2: 9ab53236 ($5 in chips)
Seat 3: 7a24cfa8 ($5 in chips)
Seat 4: Hero ($6.11 in chips)
Seat 5: 62d772b6 ($4.64 in chips)
Seat 6: 2eb2536b ($7.57 in chips)
62d772b6: posts small blind $0.02
2eb2536b: posts big blind $0.05
*** HOLE CARDS ***
Dealt to 63d846c4 
Dealt to 9ab53236 
Dealt to 7a24cfa8 
Dealt to Hero [Ah 7h]
Dealt to 62d772b6 
Dealt to 2eb2536b 
63d846c4: raises $0.05 to $0.1
9ab53236: folds
7a24cfa8: calls $0.1
Hero: folds
62d772b6: calls $0.08
2eb2536b: calls $0.05
*** FLOP *** [8d 4d Ad]
62d772b6: checks
2eb2536b: checks
63d846c4: checks
7a24cfa8: checks
*** TURN *** [8d 4d Ad] [5h]
62d772b6: checks
2eb2536b: checks
63d846c4: checks
7a24cfa8: checks
*** RIVER *** [8d 4d Ad 5h] [2c]
62d772b6: checks
2eb2536b: checks
63d846c4: checks
7a24cfa8: checks
62d772b6: shows [Jh 2h] (Pair of Twos)
2eb2536b: shows [9h 6d] (Ace-High)
63d846c4: shows [6c Kc] (Ace-High)
7a24cfa8: shows [Tc 8c] (Pair of Eights)
*** SHOWDOWN ***
7a24cfa8 collected $0.38 from pot
*** SUMMARY ***
Total pot $0.4 | Rake $0.02 | Jackpot $0 | Bingo $0 | Fortune $0 | Tax $0
Board [8d 4d Ad 5h 2c]
Seat 1: 63d846c4 showed [6c Kc] and lost with Ace-High
Seat 2: 9ab53236 folded before Flop (didn't bet)
Seat 3: 7a24cfa8 showed [Tc 8c] and won ($0.38) with Pair of Eights
Seat 4: Hero (button) folded before Flop (didn't bet)
Seat 5: 62d772b6 (small blind) showed [Jh 2h] and lost with Pair of Twos
Seat 6: 2eb2536b (big blind) showed [9h 6d] and lost with Ace-High


Poker Hand #HD1718579630: Hold'em No Limit ($0.02/$0.05) - 2024/04/06 18:52:04
Table 'NLHBlue89' 6-max Seat #3 is the button
Seat 1: 63d846c4 ($7.66 in chips)
Seat 2: 9ab53236 ($5.45 in chips)
Seat 3: 7a24cfa8 ($5 in chips)
Seat 4: Hero ($5 in chips)
Seat 5: 62d772b6 ($4.69 in chips)
Seat 6: 2eb2536b ($7.57 in chips)
Hero: posts small blind $0.02
62d772b6: posts big blind $0.05
*** HOLE CARDS ***
Dealt to 63d846c4 
Dealt to 9ab53236 
Dealt to 7a24cfa8 
Dealt to Hero [Kc Qd]
Dealt to 62d772b6 
Dealt to 2eb2536b 
2eb2536b: folds
63d846c4: raises $0.05 to $0.1
9ab53236: calls $0.1
7a24cfa8: folds
Hero: raises $0.5 to $0.6
62d772b6: folds
63d846c4: calls $0.5
9ab53236: calls $0.5
*** FLOP *** [Td Th 9s]
Hero: checks
63d846c4: checks
9ab53236: checks
*** TURN *** [Td Th 9s] [Kd]
Hero: checks
63d846c4: checks
9ab53236: checks
*** RIVER *** [Td Th 9s Kd] [8c]
Hero: checks
63d846c4: checks
9ab53236: checks
Hero: shows [Kc Qd] (Pair of Kings and Pair of Tens)
63d846c4: shows [Qs Ad] (Pair of Tens)
9ab53236: shows [5c 5d] (Pair of Tens and Pair of Fives)
*** SHOWDOWN ***
Hero collected $1.71 from pot
*** SUMMARY ***
Total pot $1.85 | Rake $0.09 | Jackpot $0.05 | Bingo $0 | Fortune $0 | Tax $0
Board [Td Th 9s Kd 8c]
Seat 1: 63d846c4 showed [Qs Ad] and lost with Pair of Tens
Seat 2: 9ab53236 showed [5c 5d] and lost with Pair of Tens and Pair of Fives
Seat 3: 7a24cfa8 (button) folded before Flop (didn't bet)
Seat 4: Hero (small blind) showed [Kc Qd] and won ($1.71) with Pair of Kings and Pair of Tens
Seat 5: 62d772b6 (big blind) folded before Flop
Seat 6: 2eb2536b folded before Flop (didn't bet)


Poker Hand #HD1718579498: Hold'em No Limit ($0.02/$0.05) - 2024/04/06 18:50:53
Table 'NLHBlue89' 6-max Seat #2 is the button
Seat 1: 63d846c4 ($7.05 in chips)
Seat 2: 9ab53236 ($5.45 in chips)
Seat 3: 7a24cfa8 ($5 in chips)
Seat 4: Hero ($5 in chips)
Seat 5: 62d772b6 ($4.69 in chips)
Seat 6: 2eb2536b ($7.57 in chips)
7a24cfa8: posts small blind $0.02
Hero: posts big blind $0.05
*** HOLE CARDS ***
Dealt to 63d846c4 
Dealt to 9ab53236 
Dealt to 7a24cfa8 
Dealt to Hero [Qc 6d]
Dealt to 62d772b6 
Dealt to 2eb2536b 
62d772b6: folds
2eb2536b: folds
63d846c4: raises $0.05 to $0.1
9ab53236: folds
7a24cfa8: calls $0.08
Hero: folds
*** FLOP *** [Kd 3h Th]
7a24cfa8: checks
63d846c4: bets $0.13
7a24cfa8: calls $0.13
*** TURN *** [Kd 3h Th] [3c]
7a24cfa8: checks
63d846c4: bets $0.39
7a24cfa8: calls $0.39
*** RIVER *** [Kd 3h Th 3c] [3d]
7a24cfa8: checks
63d846c4: bets $1.29
7a24cfa8: folds
Uncalled bet ($1.29) returned to 63d846c4
*** SHOWDOWN ***
63d846c4 collected $1.23 from pot
*** SUMMARY ***
Total pot $1.29 | Rake $0.06 | Jackpot $0 | Bingo $0 | Fortune $0 | Tax $0
Board [Kd 3h Th 3c 3d]
Seat 1: 63d846c4 won ($1.23)
Seat 2: 9ab53236 (button) folded before Flop (didn't bet)
Seat 3: 7a24cfa8 (small blind) folded on the River
Seat 4: Hero (big blind) folded before Flop
Seat 5: 62d772b6 folded before Flop (didn't bet)
Seat 6: 2eb2536b folded before Flop (didn't bet)


Poker Hand #HD1718579402: Hold'em No Limit ($0.02/$0.05) - 2024/04/06 18:50:05
Table 'NLHBlue89' 6-max Seat #1 is the button
Seat 1: 63d846c4 ($7.05 in chips)
Seat 2: 9ab53236 ($5.47 in chips)
Seat 3: 7a24cfa8 ($5 in chips)
Seat 4: Hero ($5 in chips)
Seat 5: 62d772b6 ($4.69 in chips)
Seat 6: 2eb2536b ($7.31 in chips)
9ab53236: posts small blind $0.02
7a24cfa8: posts big blind $0.05
*** HOLE CARDS ***
Dealt to 63d846c4 
Dealt to 9ab53236 
Dealt to 7a24cfa8 
Dealt to Hero [5d 7d]
Dealt to 62d772b6 
Dealt to 2eb2536b 
Hero: folds
62d772b6: folds
2eb2536b: raises $0.1 to $0.15
63d846c4: folds
9ab53236: folds
7a24cfa8: calls $0.1
*** FLOP *** [Tc Kh Ah]
7a24cfa8: checks
2eb2536b: bets $0.11
7a24cfa8: calls $0.11
*** TURN *** [Tc Kh Ah] [5s]
7a24cfa8: checks
2eb2536b: checks
*** RIVER *** [Tc Kh Ah 5s] [8d]
7a24cfa8: checks
2eb2536b: checks
7a24cfa8: shows [9h Qh] (Ace-High)
2eb2536b: shows [Js Td] (Pair of Tens)
*** SHOWDOWN ***
2eb2536b collected $0.52 from pot
*** SUMMARY ***
Total pot $0.54 | Rake $0.02 | Jackpot $0 | Bingo $0 | Fortune $0 | Tax $0
Board [Tc Kh Ah 5s 8d]
Seat 1: 63d846c4 (button) folded before Flop (didn't bet)
Seat 2: 9ab53236 (small blind) folded before Flop
Seat 3: 7a24cfa8 (big blind) showed [9h Qh] and lost with Ace-High
Seat 4: Hero folded before Flop (didn't bet)
Seat 5: 62d772b6 folded before Flop (didn't bet)
Seat 6: 2eb2536b showed [Js Td] and won ($0.52) with Pair of Tens


Poker Hand #HD1718579334: Hold'em No Limit ($0.02/$0.05) - 2024/04/06 18:49:34
Table 'NLHBlue89' 6-max Seat #6 is the button
Seat 1: 63d846c4 ($7.07 in chips)
Seat 2: 9ab53236 ($5.4 in chips)
Seat 3: 7a24cfa8 ($5 in chips)
Seat 4: Hero ($5 in chips)
Seat 5: 62d772b6 ($4.69 in chips)
Seat 6: 2eb2536b ($7.31 in chips)
63d846c4: posts small blind $0.02
9ab53236: posts big blind $0.05
*** HOLE CARDS ***
Dealt to 63d846c4 
Dealt to 9ab53236 
Dealt to 7a24cfa8 
Dealt to Hero [Td 3c]
Dealt to 62d772b6 
Dealt to 2eb2536b 
7a24cfa8: calls $0.05
Hero: folds
62d772b6: folds
2eb2536b: folds
63d846c4: folds
9ab53236: checks
*** FLOP *** [9s 5d 6c]
9ab53236: checks
7a24cfa8: checks
*** TURN *** [9s 5d 6c] [Kc]
9ab53236: checks
7a24cfa8: checks
*** RIVER *** [9s 5d 6c Kc] [2h]
9ab53236: checks
7a24cfa8: checks
9ab53236: shows [6d Ts] (Pair of Sixes)
7a24cfa8: shows [5s 4c] (Pair of Fives)
*** SHOWDOWN ***
9ab53236 collected $0.12 from pot
*** SUMMARY ***
Total pot $0.12 | Rake $0 | Jackpot $0 | Bingo $0 | Fortune $0 | Tax $0
Board [9s 5d 6c Kc 2h]
Seat 1: 63d846c4 (small blind) folded before Flop
Seat 2: 9ab53236 (big blind) showed [6d Ts] and won ($0.12) with Pair of Sixes
Seat 3: 7a24cfa8 showed [5s 4c] and lost with Pair of Fives
Seat 4: Hero folded before Flop (didn't bet)
Seat 5: 62d772b6 folded before Flop (didn't bet)
Seat 6: 2eb2536b (button) folded before Flop (didn't bet)


Poker Hand #HD1718579227: Hold'em No Limit ($0.02/$0.05) - 2024/04/06 18:48:39
Table 'NLHBlue89' 6-max Seat #5 is the button
Seat 1: 63d846c4 ($7.12 in chips)
Seat 2: 9ab53236 ($5.4 in chips)
Seat 3: 7a24cfa8 ($5 in chips)
Seat 4: Hero ($5 in chips)
Seat 5: 62d772b6 ($5.54 in chips)
Seat 6: 2eb2536b ($6.54 in chips)
2eb2536b: posts small blind $0.02
63d846c4: posts big blind $0.05
*** HOLE CARDS ***
Dealt to 63d846c4 
Dealt to 9ab53236 
Dealt to 7a24cfa8 
Dealt to Hero [6s Jh]
Dealt to 62d772b6 
Dealt to 2eb2536b 
9ab53236: folds
7a24cfa8: folds
Hero: folds
62d772b6: raises $0.1 to $0.15
2eb2536b: raises $0.35 to $0.5
63d846c4: folds
62d772b6: calls $0.35
*** FLOP *** [5s 9d 9c]
2eb2536b: bets $0.35
62d772b6: calls $0.35
*** TURN *** [5s 9d 9c] [7c]
2eb2536b: bets $1.32
62d772b6: folds
Uncalled bet ($1.32) returned to 2eb2536b
*** SHOWDOWN ***
2eb2536b collected $1.62 from pot
*** SUMMARY ***
Total pot $1.75 | Rake $0.08 | Jackpot $0.05 | Bingo $0 | Fortune $0 | Tax $0
Board [5s 9d 9c 7c]
Seat 1: 63d846c4 (big blind) folded before Flop
Seat 2: 9ab53236 folded before Flop (didn't bet)
Seat 3: 7a24cfa8 folded before Flop (didn't bet)
Seat 4: Hero folded before Flop (didn't bet)
Seat 5: 62d772b6 (button) folded on the Turn
Seat 6: 2eb2536b (small blind) won ($1.62)


Poker Hand #HD1718579118: Hold'em No Limit ($0.02/$0.05) - 2024/04/06 18:47:44
Table 'NLHBlue89' 6-max Seat #4 is the button
Seat 1: 63d846c4 ($7.12 in chips)
Seat 2: 9ab53236 ($5.4 in chips)
Seat 3: 7a24cfa8 ($5 in chips)
Seat 4: Hero ($5 in chips)
Seat 5: 62d772b6 ($5.37 in chips)
Seat 6: 2eb2536b ($6.67 in chips)
62d772b6: posts small blind $0.02
2eb2536b: posts big blind $0.05
*** HOLE CARDS ***
Dealt to 63d846c4 
Dealt to 9ab53236 
Dealt to 7a24cfa8 
Dealt to Hero [6d 3s]
Dealt to 62d772b6 
Dealt to 2eb2536b 
63d846c4: folds
9ab53236: folds
7a24cfa8: calls $0.05
Hero: folds
62d772b6: calls $0.03
2eb2536b: checks
*** FLOP *** [8h Kd 7c]
62d772b6: checks
2eb2536b: checks
7a24cfa8: checks
*** TURN *** [8h Kd 7c] [5h]
62d772b6: bets $0.08
2eb2536b: calls $0.08
7a24cfa8: folds
*** RIVER *** [8h Kd 7c 5h] [2s]
62d772b6: checks
2eb2536b: checks
62d772b6: shows [Jc 7d] (Pair of Sevens)
2eb2536b: shows [5d Jh] (Pair of Fives)
*** SHOWDOWN ***
62d772b6 collected $0.3 from pot
*** SUMMARY ***
Total pot $0.31 | Rake $0.01 | Jackpot $0 | Bingo $0 | Fortune $0 | Tax $0
Board [8h Kd 7c 5h 2s]
Seat 1: 63d846c4 folded before Flop (didn't bet)
Seat 2: 9ab53236 folded before Flop (didn't bet)
Seat 3: 7a24cfa8 folded on the Turn
Seat 4: Hero (button) folded before Flop (didn't bet)
Seat 5: 62d772b6 (small blind) showed [Jc 7d] and won ($0.3) with Pair of Sevens
Seat 6: 2eb2536b (big blind) showed [5d Jh] and lost with Pair of Fives


Poker Hand #HD1718579015: Hold'em No Limit ($0.02/$0.05) - 2024/04/06 18:46:49
Table 'NLHBlue89' 6-max Seat #3 is the button
Seat 1: 63d846c4 ($7.12 in chips)
Seat 2: 9ab53236 ($5.4 in chips)
Seat 3: 7a24cfa8 ($5 in chips)
Seat 4: Hero ($5 in chips)
Seat 5: 62d772b6 ($5 in chips)
Seat 6: 2eb2536b ($6.67 in chips)
Hero: posts small blind $0.02
62d772b6: posts big blind $0.05
*** HOLE CARDS ***
Dealt to 63d846c4 
Dealt to 9ab53236 
Dealt to 7a24cfa8 
Dealt to Hero [Ts Tc]
Dealt to 62d772b6 
Dealt to 2eb2536b 
2eb2536b: folds
63d846c4: folds
9ab53236: folds
7a24cfa8: calls $0.05
Hero: raises $0.15 to $0.2
62d772b6: calls $0.15
7a24cfa8: calls $0.15
*** FLOP *** [7s 4c Ac]
Hero: checks
62d772b6: bets $0.45
7a24cfa8: folds
Hero: folds
Uncalled bet ($0.45) returned to 62d772b6
*** SHOWDOWN ***
62d772b6 collected $0.57 from pot
*** SUMMARY ***
Total pot $0.6 | Rake $0.03 | Jackpot $0 | Bingo $0 | Fortune $0 | Tax $0
Board [7s 4c Ac]
Seat 1: 63d846c4 folded before Flop (didn't bet)
Seat 2: 9ab53236 folded before Flop (didn't bet)
Seat 3: 7a24cfa8 (button) folded on the Flop
Seat 4: Hero (small blind) folded on the Flop
Seat 5: 62d772b6 (big blind) won ($0.57)
Seat 6: 2eb2536b folded before Flop (didn't bet)


Poker Hand #HD1718578987: Hold'em No Limit ($0.02/$0.05) - 2024/04/06 18:46:36
Table 'NLHBlue89' 6-max Seat #2 is the button
Seat 1: 63d846c4 ($7.12 in chips)
Seat 2: 9ab53236 ($5.4 in chips)
Seat 3: 7a24cfa8 ($5 in chips)
Seat 4: Hero ($5 in chips)
Seat 6: 2eb2536b ($6.6 in chips)
7a24cfa8: posts small blind $0.02
Hero: posts big blind $0.05
*** HOLE CARDS ***
Dealt to 63d846c4 
Dealt to 9ab53236 
Dealt to 7a24cfa8 
Dealt to Hero [Kc 7s]
Dealt to 2eb2536b 
2eb2536b: raises $0.1 to $0.15
63d846c4: folds
9ab53236: folds
7a24cfa8: folds
Hero: folds
Uncalled bet ($0.1) returned to 2eb2536b
*** SHOWDOWN ***
2eb2536b collected $0.12 from pot
*** SUMMARY ***
Total pot $0.12 | Rake $0 | Jackpot $0 | Bingo $0 | Fortune $0 | Tax $0
Seat 1: 63d846c4 folded before Flop (didn't bet)
Seat 2: 9ab53236 (button) folded before Flop (didn't bet)
Seat 3: 7a24cfa8 (small blind) folded before Flop
Seat 4: Hero (big blind) folded before Flop
Seat 6: 2eb2536b collected ($0.12)


Poker Hand #HD1718578959: Hold'em No Limit ($0.02/$0.05) - 2024/04/06 18:46:23
Table 'NLHBlue89' 6-max Seat #1 is the button
Seat 1: 63d846c4 ($7.12 in chips)
Seat 2: 9ab53236 ($5.35 in chips)
Seat 3: 7a24cfa8 ($5 in chips)
Seat 4: Hero ($5 in chips)
Seat 6: 2eb2536b ($6.6 in chips)
9ab53236: posts small blind $0.02
7a24cfa8: posts big blind $0.05
*** HOLE CARDS ***
Dealt to 63d846c4 
Dealt to 9ab53236 
Dealt to 7a24cfa8 
Dealt to Hero [7d 6h]
Dealt to 2eb2536b 
Hero: folds
2eb2536b: folds
63d846c4: folds
9ab53236: raises $0.1 to $0.15
7a24cfa8: folds
Uncalled bet ($0.1) returned to 9ab53236
*** SHOWDOWN ***
9ab53236 collected $0.1 from pot
*** SUMMARY ***
Total pot $0.1 | Rake $0 | Jackpot $0 | Bingo $0 | Fortune $0 | Tax $0
Seat 1: 63d846c4 (button) folded before Flop (didn't bet)
Seat 2: 9ab53236 (small blind) collected ($0.1)
Seat 3: 7a24cfa8 (big blind) folded before Flop
Seat 4: Hero folded before Flop (didn't bet)
Seat 6: 2eb2536b folded before Flop (didn't bet)


Poker Hand #HD1718578925: Hold'em No Limit ($0.02/$0.05) - 2024/04/06 18:46:12
Table 'NLHBlue89' 6-max Seat #6 is the button
Seat 1: 63d846c4 ($7.14 in chips)
Seat 2: 9ab53236 ($5.33 in chips)
Seat 3: 7a24cfa8 ($5 in chips)
Seat 4: Hero ($5 in chips)
Seat 6: 2eb2536b ($6.6 in chips)
63d846c4: posts small blind $0.02
9ab53236: posts big blind $0.05
*** HOLE CARDS ***
Dealt to 63d846c4 
Dealt to 9ab53236 
Dealt to 7a24cfa8 
Dealt to Hero [7h Kd]
Dealt to 2eb2536b 
7a24cfa8: folds
Hero: folds
2eb2536b: folds
63d846c4: folds
Uncalled bet ($0.03) returned to 9ab53236
*** SHOWDOWN ***
9ab53236 collected $0.04 from pot
*** SUMMARY ***
Total pot $0.04 | Rake $0 | Jackpot $0 | Bingo $0 | Fortune $0 | Tax $0
Seat 1: 63d846c4 (small blind) folded before Flop
Seat 2: 9ab53236 (big blind) collected ($0.04)
Seat 3: 7a24cfa8 folded before Flop (didn't bet)
Seat 4: Hero folded before Flop (didn't bet)
Seat 6: 2eb2536b (button) folded before Flop (didn't bet)


Poker Hand #HD1718578871: Hold'em No Limit ($0.02/$0.05) - 2024/04/06 18:45:39
Table 'NLHBlue89' 6-max Seat #4 is the button
Seat 1: 63d846c4 ($6.98 in chips)
Seat 2: 9ab53236 ($5.33 in chips)
Seat 3: 7a24cfa8 ($5 in chips)
Seat 4: Hero ($5 in chips)
Seat 5: 826370a2 ($4.27 in chips)
Seat 6: 2eb2536b ($6.65 in chips)
826370a2: posts small blind $0.02
2eb2536b: posts big blind $0.05
*** HOLE CARDS ***
Dealt to 63d846c4 
Dealt to 9ab53236 
Dealt to 7a24cfa8 
Dealt to Hero [7c 6s]
Dealt to 826370a2 
Dealt to 2eb2536b 
63d846c4: raises $0.05 to $0.1
9ab53236: folds
7a24cfa8: calls $0.1
Hero: folds
826370a2: folds
2eb2536b: folds
*** FLOP *** [Ks 6h Qh]
63d846c4: checks
7a24cfa8: checks
*** TURN *** [Ks 6h Qh] [7d]
63d846c4: bets $0.14
7a24cfa8: folds
Uncalled bet ($0.14) returned to 63d846c4
*** SHOWDOWN ***
63d846c4 collected $0.26 from pot
*** SUMMARY ***
Total pot $0.27 | Rake $0.01 | Jackpot $0 | Bingo $0 | Fortune $0 | Tax $0
Board [Ks 6h Qh 7d]
Seat 1: 63d846c4 won ($0.26)
Seat 2: 9ab53236 folded before Flop (didn't bet)
Seat 3: 7a24cfa8 folded on the Turn
Seat 4: Hero (button) folded before Flop (didn't bet)
Seat 5: 826370a2 (small blind) folded before Flop
Seat 6: 2eb2536b (big blind) folded before Flop


Poker Hand #HD1718578838: Hold'em No Limit ($0.02/$0.05) - 2024/04/06 18:45:23
Table 'NLHBlue89' 6-max Seat #3 is the button
Seat 1: 63d846c4 ($6.98 in chips)
Seat 2: 9ab53236 ($5.33 in chips)
Seat 3: 7a24cfa8 ($5 in chips)
Seat 4: Hero ($5 in chips)
Seat 5: 826370a2 ($4.25 in chips)
Seat 6: 2eb2536b ($6.65 in chips)
Hero: posts small blind $0.02
826370a2: posts big blind $0.05
*** HOLE CARDS ***
Dealt to 63d846c4 
Dealt to 9ab53236 
Dealt to 7a24cfa8 
Dealt to Hero [2d 8h]
Dealt to 826370a2 
Dealt to 2eb2536b 
2eb2536b: folds
63d846c4: folds
9ab53236: folds
7a24cfa8: folds
Hero: folds
Uncalled bet ($0.03) returned to 826370a2
*** SHOWDOWN ***
826370a2 collected $0.04 from pot
*** SUMMARY ***
Total pot $0.04 | Rake $0 | Jackpot $0 | Bingo $0 | Fortune $0 | Tax $0
Seat 1: 63d846c4 folded before Flop (didn't bet)
Seat 2: 9ab53236 folded before Flop (didn't bet)
Seat 3: 7a24cfa8 (button) folded before Flop (didn't bet)
Seat 4: Hero (small blind) folded before Flop
Seat 5: 826370a2 (big blind) collected ($0.04)
Seat 6: 2eb2536b folded before Flop (didn't bet)


Poker Hand #HD1718578799: Hold'em No Limit ($0.02/$0.05) - 2024/04/06 18:45:02
Table 'NLHBlue89' 6-max Seat #2 is the button
Seat 1: 63d846c4 ($6.98 in chips)
Seat 2: 9ab53236 ($5.33 in chips)
Seat 3: 7a24cfa8 ($5 in chips)
Seat 4: Hero ($5 in chips)
Seat 5: 826370a2 ($4.25 in chips)
Seat 6: 2eb2536b ($6.58 in chips)
7a24cfa8: posts small blind $0.02
Hero: posts big blind $0.05
*** HOLE CARDS ***
Dealt to 63d846c4 
Dealt to 9ab53236 
Dealt to 7a24cfa8 
Dealt to Hero [5h 8h]
Dealt to 826370a2 
Dealt to 2eb2536b 
826370a2: folds
2eb2536b: raises $0.1 to $0.15
63d846c4: folds
9ab53236: folds
7a24cfa8: folds
Hero: folds
Uncalled bet ($0.1) returned to 2eb2536b
*** SHOWDOWN ***
2eb2536b collected $0.12 from pot
*** SUMMARY ***
Total pot $0.12 | Rake $0 | Jackpot $0 | Bingo $0 | Fortune $0 | Tax $0
Seat 1: 63d846c4 folded before Flop (didn't bet)
Seat 2: 9ab53236 (button) folded before Flop (didn't bet)
Seat 3: 7a24cfa8 (small blind) folded before Flop
Seat 4: Hero (big blind) folded before Flop
Seat 5: 826370a2 folded before Flop (didn't bet)
Seat 6: 2eb2536b collected ($0.12)


Poker Hand #HD1718578652: Hold'em No Limit ($0.02/$0.05) - 2024/04/06 18:43:49
Table 'NLHBlue89' 6-max Seat #1 is the button
Seat 1: 63d846c4 ($4.88 in chips)
Seat 2: 9ab53236 ($5.43 in chips)
Seat 3: 7a24cfa8 ($5.25 in chips)
Seat 4: Hero ($5 in chips)
Seat 5: 826370a2 ($4.35 in chips)
Seat 6: 2eb2536b ($6.58 in chips)
9ab53236: posts small blind $0.02
7a24cfa8: posts big blind $0.05
*** HOLE CARDS ***
Dealt to 63d846c4 
Dealt to 9ab53236 
Dealt to 7a24cfa8 
Dealt to Hero [Qd Kd]
Dealt to 826370a2 
Dealt to 2eb2536b 
Hero: raises $0.05 to $0.1
826370a2: calls $0.1
2eb2536b: folds
63d846c4: calls $0.1
9ab53236: calls $0.08
7a24cfa8: calls $0.05
*** FLOP *** [2d 4h 9h]
9ab53236: checks
7a24cfa8: checks
Hero: checks
826370a2: checks
63d846c4: bets $0.17
9ab53236: folds
7a24cfa8: calls $0.17
Hero: calls $0.17
826370a2: folds
*** TURN *** [2d 4h 9h] [8h]
7a24cfa8: checks
Hero: checks
63d846c4: bets $0.34
7a24cfa8: calls $0.34
Hero: folds
*** RIVER *** [2d 4h 9h 8h] [Kc]
7a24cfa8: checks
63d846c4: bets $1.27
7a24cfa8: calls $1.27
63d846c4: shows [9s 9d] (Three Nines)
7a24cfa8: shows [4s 9c] (Pair of Nines and Pair of Fours)
*** SHOWDOWN ***
63d846c4 collected $3.98 from pot
*** SUMMARY ***
Total pot $4.23 | Rake $0.2 | Jackpot $0.05 | Bingo $0 | Fortune $0 | Tax $0
Board [2d 4h 9h 8h Kc]
Seat 1: 63d846c4 (button) showed [9s 9d] and won ($3.98) with Three Nines
Seat 2: 9ab53236 (small blind) folded on the Flop
Seat 3: 7a24cfa8 (big blind) showed [4s 9c] and lost with Pair of Nines and Pair of Fours
Seat 4: Hero folded on the Turn
Seat 5: 826370a2 folded on the Flop
Seat 6: 2eb2536b folded before Flop (didn't bet)


Poker Hand #HD1718578567: Hold'em No Limit ($0.02/$0.05) - 2024/04/06 18:43:10
Table 'NLHBlue89' 6-max Seat #6 is the button
Seat 1: 63d846c4 ($4.9 in chips)
Seat 2: 9ab53236 ($5.48 in chips)
Seat 3: 7a24cfa8 ($5.3 in chips)
Seat 4: Hero ($5 in chips)
Seat 5: 826370a2 ($4.4 in chips)
Seat 6: 2eb2536b ($6.42 in chips)
63d846c4: posts small blind $0.02
9ab53236: posts big blind $0.05
*** HOLE CARDS ***
Dealt to 63d846c4 
Dealt to 9ab53236 
Dealt to 7a24cfa8 
Dealt to Hero [Ks 6c]
Dealt to 826370a2 
Dealt to 2eb2536b 
7a24cfa8: calls $0.05
Hero: folds
826370a2: calls $0.05
2eb2536b: raises $0.35 to $0.4
63d846c4: folds
9ab53236: folds
7a24cfa8: folds
826370a2: folds
Uncalled bet ($0.35) returned to 2eb2536b
*** SHOWDOWN ***
2eb2536b collected $0.21 from pot
*** SUMMARY ***
Total pot $0.22 | Rake $0.01 | Jackpot $0 | Bingo $0 | Fortune $0 | Tax $0
Seat 1: 63d846c4 (small blind) folded before Flop
Seat 2: 9ab53236 (big blind) folded before Flop
Seat 3: 7a24cfa8 folded before Flop
Seat 4: Hero folded before Flop (didn't bet)
Seat 5: 826370a2 folded before Flop
Seat 6: 2eb2536b (button) collected ($0.21)


Poker Hand #HD1718578503: Hold'em No Limit ($0.02/$0.05) - 2024/04/06 18:42:39
Table 'NLHBlue89' 6-max Seat #5 is the button
Seat 1: 63d846c4 ($4.95 in chips)
Seat 2: 9ab53236 ($5.48 in chips)
Seat 3: 7a24cfa8 ($5.3 in chips)
Seat 4: Hero ($5 in chips)
Seat 5: 826370a2 ($4.33 in chips)
Seat 6: 2eb2536b ($6.44 in chips)
2eb2536b: posts small blind $0.02
63d846c4: posts big blind $0.05
*** HOLE CARDS ***
Dealt to 63d846c4 
Dealt to 9ab53236 
Dealt to 7a24cfa8 
Dealt to Hero [Qh 7c]
Dealt to 826370a2 
Dealt to 2eb2536b 
9ab53236: folds
7a24cfa8: folds
Hero: folds
826370a2: raises $0.05 to $0.1
2eb2536b: folds
63d846c4: folds
Uncalled bet ($0.05) returned to 826370a2
*** SHOWDOWN ***
826370a2 collected $0.12 from pot
*** SUMMARY ***
Total pot $0.12 | Rake $0 | Jackpot $0 | Bingo $0 | Fortune $0 | Tax $0
Seat 1: 63d846c4 (big blind) folded before Flop
Seat 2: 9ab53236 folded before Flop (didn't bet)
Seat 3: 7a24cfa8 folded before Flop (didn't bet)
Seat 4: Hero folded before Flop (didn't bet)
Seat 5: 826370a2 (button) collected ($0.12)
Seat 6: 2eb2536b (small blind) folded before Flop


Poker Hand #HD1718578405: Hold'em No Limit ($0.02/$0.05) - 2024/04/06 18:41:50
Table 'NLHBlue89' 6-max Seat #4 is the button
Seat 1: 63d846c4 ($4.95 in chips)
Seat 2: 9ab53236 ($5.48 in chips)
Seat 3: 7a24cfa8 ($5.3 in chips)
Seat 4: Hero ($5.21 in chips)
Seat 5: 826370a2 ($3.95 in chips)
Seat 6: 2eb2536b ($6.49 in chips)
826370a2: posts small blind $0.02
2eb2536b: posts big blind $0.05
*** HOLE CARDS ***
Dealt to 63d846c4 
Dealt to 9ab53236 
Dealt to 7a24cfa8 
Dealt to Hero [5d 5h]
Dealt to 826370a2 
Dealt to 2eb2536b 
63d846c4: folds
9ab53236: folds
7a24cfa8: folds
Hero: raises $0.08 to $0.13
826370a2: raises $0.24 to $0.37
2eb2536b: folds
Hero: calls $0.24
*** FLOP *** [Kc Th 2s]
826370a2: checks
Hero: checks
*** TURN *** [Kc Th 2s] [Qh]
826370a2: bets $0.79
Hero: folds
Uncalled bet ($0.79) returned to 826370a2
*** SHOWDOWN ***
826370a2 collected $0.75 from pot
*** SUMMARY ***
Total pot $0.79 | Rake $0.04 | Jackpot $0 | Bingo $0 | Fortune $0 | Tax $0
Board [Kc Th 2s Qh]
Seat 1: 63d846c4 folded before Flop (didn't bet)
Seat 2: 9ab53236 folded before Flop (didn't bet)
Seat 3: 7a24cfa8 folded before Flop (didn't bet)
Seat 4: Hero (button) folded on the Turn
Seat 5: 826370a2 (small blind) won ($0.75)
Seat 6: 2eb2536b (big blind) folded before Flop


Poker Hand #HD1718578363: Hold'em No Limit ($0.02/$0.05) - 2024/04/06 18:41:32
Table 'NLHBlue89' 6-max Seat #3 is the button
Seat 1: 63d846c4 ($4.95 in chips)
Seat 2: 9ab53236 ($5.48 in chips)
Seat 3: 7a24cfa8 ($5.3 in chips)
Seat 4: Hero ($5.23 in chips)
Seat 5: 826370a2 ($4 in chips)
Seat 6: 2eb2536b ($6.42 in chips)
Hero: posts small blind $0.02
826370a2: posts big blind $0.05
*** HOLE CARDS ***
Dealt to 63d846c4 
Dealt to 9ab53236 
Dealt to 7a24cfa8 
Dealt to Hero [9s Ad]
Dealt to 826370a2 
Dealt to 2eb2536b 
2eb2536b: raises $0.1 to $0.15
63d846c4: folds
9ab53236: folds
7a24cfa8: folds
Hero: folds
826370a2: folds
Uncalled bet ($0.1) returned to 2eb2536b
*** SHOWDOWN ***
2eb2536b collected $0.12 from pot
*** SUMMARY ***
Total pot $0.12 | Rake $0 | Jackpot $0 | Bingo $0 | Fortune $0 | Tax $0
Seat 1: 63d846c4 folded before Flop (didn't bet)
Seat 2: 9ab53236 folded before Flop (didn't bet)
Seat 3: 7a24cfa8 (button) folded before Flop (didn't bet)
Seat 4: Hero (small blind) folded before Flop
Seat 5: 826370a2 (big blind) folded before Flop
Seat 6: 2eb2536b collected ($0.12)


Poker Hand #HD1718578233: Hold'em No Limit ($0.02/$0.05) - 2024/04/06 18:40:37
Table 'NLHBlue89' 6-max Seat #2 is the button
Seat 1: 63d846c4 ($5 in chips)
Seat 2: 9ab53236 ($5.48 in chips)
Seat 3: 7a24cfa8 ($5.27 in chips)
Seat 4: Hero ($5.21 in chips)
Seat 5: 826370a2 ($4 in chips)
Seat 6: 2eb2536b ($6.42 in chips)
7a24cfa8: posts small blind $0.02
Hero: posts big blind $0.05
63d846c4: posts big blind $0.05
*** HOLE CARDS ***
Dealt to 63d846c4 
Dealt to 9ab53236 
Dealt to 7a24cfa8 
Dealt to Hero [Ac 4h]
Dealt to 826370a2 
Dealt to 2eb2536b 
826370a2: folds
2eb2536b: folds
63d846c4: checks
9ab53236: folds
7a24cfa8: calls $0.03
Hero: checks
*** FLOP *** [3c Td Kh]
7a24cfa8: checks
Hero: checks
63d846c4: checks
*** TURN *** [3c Td Kh] [Qc]
7a24cfa8: checks
Hero: checks
63d846c4: checks
*** RIVER *** [3c Td Kh Qc] [8s]
7a24cfa8: checks
Hero: checks
63d846c4: checks
7a24cfa8: shows [7d Ah] (Ace-High)
Hero: shows [Ac 4h] (Ace-High)
63d846c4: shows [9d 5h] (King-High)
*** SHOWDOWN ***
Hero collected $0.07 from pot
7a24cfa8 collected $0.08 from pot
*** SUMMARY ***
Total pot $0.15 | Rake $0 | Jackpot $0 | Bingo $0 | Fortune $0 | Tax $0
Board [3c Td Kh Qc 8s]
Seat 1: 63d846c4 showed [9d 5h] and lost with King-High
Seat 2: 9ab53236 (button) folded before Flop (didn't bet)
Seat 3: 7a24cfa8 (small blind) showed [7d Ah] and won ($0.08) with Ace-High
Seat 4: Hero (big blind) showed [Ac 4h] and won ($0.07) with Ace-High
Seat 5: 826370a2 folded before Flop (didn't bet)
Seat 6: 2eb2536b folded before Flop (didn't bet)


Poker Hand #HD1718578144: Hold'em No Limit ($0.02/$0.05) - 2024/04/06 18:39:55
Table 'NLHBlue89' 6-max Seat #6 is the button
Seat 2: 9ab53236 ($5.5 in chips)
Seat 3: 7a24cfa8 ($5 in chips)
Seat 4: Hero ($5.21 in chips)
Seat 5: 826370a2 ($4.27 in chips)
Seat 6: 2eb2536b ($6.42 in chips)
9ab53236: posts small blind $0.02
7a24cfa8: posts big blind $0.05
*** HOLE CARDS ***
Dealt to 9ab53236 
Dealt to 7a24cfa8 
Dealt to Hero [Kd 3c]
Dealt to 826370a2 
Dealt to 2eb2536b 
Hero: folds
826370a2: raises $0.05 to $0.1
2eb2536b: folds
9ab53236: folds
7a24cfa8: calls $0.05
*** FLOP *** [9d 7s Qs]
7a24cfa8: checks
826370a2: checks
*** TURN *** [9d 7s Qs] [8d]
7a24cfa8: checks
826370a2: bets $0.17
7a24cfa8: calls $0.17
*** RIVER *** [9d 7s Qs 8d] [Ks]
7a24cfa8: bets $0.7
826370a2: folds
Uncalled bet ($0.7) returned to 7a24cfa8
*** SHOWDOWN ***
7a24cfa8 collected $0.54 from pot
*** SUMMARY ***
Total pot $0.56 | Rake $0.02 | Jackpot $0 | Bingo $0 | Fortune $0 | Tax $0
Board [9d 7s Qs 8d Ks]
Seat 2: 9ab53236 (small blind) folded before Flop
Seat 3: 7a24cfa8 (big blind) won ($0.54)
Seat 4: Hero folded before Flop (didn't bet)
Seat 5: 826370a2 folded on the River
Seat 6: 2eb2536b (button) folded before Flop (didn't bet)


Poker Hand #HD1718578002: Hold'em No Limit ($0.02/$0.05) - 2024/04/06 18:38:44
Table 'NLHBlue89' 6-max Seat #5 is the button
Seat 1: 95062d6a ($10.81 in chips)
Seat 2: 9ab53236 ($6 in chips)
Seat 3: 657eb91e ($0.76 in chips)
Seat 4: Hero ($5.21 in chips)
Seat 5: 826370a2 ($4.27 in chips)
Seat 6: 2eb2536b ($5.92 in chips)
2eb2536b: posts small blind $0.02
95062d6a: posts big blind $0.05
*** HOLE CARDS ***
Dealt to 95062d6a 
Dealt to 9ab53236 
Dealt to 657eb91e 
Dealt to Hero [Ac 7d]
Dealt to 826370a2 
Dealt to 2eb2536b 
9ab53236: raises $0.07 to $0.12
657eb91e: folds
Hero: folds
826370a2: folds
2eb2536b: raises $0.38 to $0.5
95062d6a: folds
9ab53236: calls $0.38
*** FLOP *** [Js 3s 9s]
2eb2536b: checks
9ab53236: checks
*** TURN *** [Js 3s 9s] [Qc]
2eb2536b: checks
9ab53236: checks
*** RIVER *** [Js 3s 9s Qc] [5h]
2eb2536b: checks
9ab53236: checks
2eb2536b: shows [8d 8c] (Pair of Eights)
9ab53236: shows [6c 6h] (Pair of Sixes)
*** SHOWDOWN ***
2eb2536b collected $1 from pot
*** SUMMARY ***
Total pot $1.05 | Rake $0.05 | Jackpot $0 | Bingo $0 | Fortune $0 | Tax $0
Board [Js 3s 9s Qc 5h]
Seat 1: 95062d6a (big blind) folded before Flop
Seat 2: 9ab53236 showed [6c 6h] and lost with Pair of Sixes
Seat 3: 657eb91e folded before Flop (didn't bet)
Seat 4: Hero folded before Flop (didn't bet)
Seat 5: 826370a2 (button) folded before Flop (didn't bet)
Seat 6: 2eb2536b (small blind) showed [8d 8c] and won ($1) with Pair of Eights


Poker Hand #HD1718577905: Hold'em No Limit ($0.02/$0.05) - 2024/04/06 18:37:55
Table 'NLHBlue89' 6-max Seat #4 is the button
Seat 1: 95062d6a ($10.81 in chips)
Seat 2: 9ab53236 ($6 in chips)
Seat 3: 657eb91e ($0.86 in chips)
Seat 4: Hero ($5.21 in chips)
Seat 5: 826370a2 ($4.37 in chips)
Seat 6: 2eb2536b ($5.73 in chips)
826370a2: posts small blind $0.02
2eb2536b: posts big blind $0.05
*** HOLE CARDS ***
Dealt to 95062d6a 
Dealt to 9ab53236 
Dealt to 657eb91e 
Dealt to Hero [Kc 4h]
Dealt to 826370a2 
Dealt to 2eb2536b 
95062d6a: folds
9ab53236: folds
657eb91e: calls $0.05
Hero: folds
826370a2: raises $0.05 to $0.1
2eb2536b: calls $0.05
657eb91e: calls $0.05
*** FLOP *** [8h 2c Ah]
826370a2: checks
2eb2536b: checks
657eb91e: checks
*** TURN *** [8h 2c Ah] [Jc]
826370a2: checks
2eb2536b: checks
657eb91e: checks
*** RIVER *** [8h 2c Ah Jc] [6s]
826370a2: checks
2eb2536b: checks
657eb91e: checks
826370a2: shows [Qs Ts] (Ace-High)
2eb2536b: shows [5c 8d] (Pair of Eights)
657eb91e: shows [7c 5d] (Ace-High)
*** SHOWDOWN ***
2eb2536b collected $0.29 from pot
*** SUMMARY ***
Total pot $0.3 | Rake $0.01 | Jackpot $0 | Bingo $0 | Fortune $0 | Tax $0
Board [8h 2c Ah Jc 6s]
Seat 1: 95062d6a folded before Flop (didn't bet)
Seat 2: 9ab53236 folded before Flop (didn't bet)
Seat 3: 657eb91e showed [7c 5d] and lost with Ace-High
Seat 4: Hero (button) folded before Flop (didn't bet)
Seat 5: 826370a2 (small blind) showed [Qs Ts] and lost with Ace-High
Seat 6: 2eb2536b (big blind) showed [5c 8d] and won ($0.29) with Pair of Eights


Poker Hand #HD1718577834: Hold'em No Limit ($0.02/$0.05) - 2024/04/06 18:37:19
Table 'NLHBlue89' 6-max Seat #3 is the button
Seat 1: 95062d6a ($10.81 in chips)
Seat 2: 9ab53236 ($6 in chips)
Seat 3: 657eb91e ($1.01 in chips)
Seat 4: Hero ($5.02 in chips)
Seat 5: 826370a2 ($4.42 in chips)
Seat 6: 2eb2536b ($5.73 in chips)
Hero: posts small blind $0.02
826370a2: posts big blind $0.05
*** HOLE CARDS ***
Dealt to 95062d6a 
Dealt to 9ab53236 
Dealt to 657eb91e 
Dealt to Hero [7c 9c]
Dealt to 826370a2 
Dealt to 2eb2536b 
2eb2536b: folds
95062d6a: folds
9ab53236: folds
657eb91e: calls $0.05
Hero: raises $0.1 to $0.15
826370a2: folds
657eb91e: calls $0.1
*** FLOP *** [2d 2c Js]
Hero: checks
657eb91e: checks
*** TURN *** [2d 2c Js] [Tc]
Hero: bets $0.25
657eb91e: folds
Uncalled bet ($0.25) returned to Hero
*** SHOWDOWN ***
Hero collected $0.34 from pot
*** SUMMARY ***
Total pot $0.35 | Rake $0.01 | Jackpot $0 | Bingo $0 | Fortune $0 | Tax $0
Board [2d 2c Js Tc]
Seat 1: 95062d6a folded before Flop (didn't bet)
Seat 2: 9ab53236 folded before Flop (didn't bet)
Seat 3: 657eb91e (button) folded on the Turn
Seat 4: Hero (small blind) won ($0.34)
Seat 5: 826370a2 (big blind) folded before Flop
Seat 6: 2eb2536b folded before Flop (didn't bet)


Poker Hand #HD1718577704: Hold'em No Limit ($0.02/$0.05) - 2024/04/06 18:36:20
Table 'NLHBlue89' 6-max Seat #2 is the button
Seat 1: 95062d6a ($10.96 in chips)
Seat 2: 9ab53236 ($6 in chips)
Seat 3: 657eb91e ($1.66 in chips)
Seat 4: Hero ($5.07 in chips)
Seat 5: 826370a2 ($4.42 in chips)
Seat 6: 2eb2536b ($5 in chips)
657eb91e: posts small blind $0.02
Hero: posts big blind $0.05
*** HOLE CARDS ***
Dealt to 95062d6a 
Dealt to 9ab53236 
Dealt to 657eb91e 
Dealt to Hero [Qd 4d]
Dealt to 826370a2 
Dealt to 2eb2536b 
826370a2: folds
2eb2536b: raises $0.1 to $0.15
95062d6a: calls $0.15
9ab53236: folds
657eb91e: calls $0.13
Hero: folds
*** FLOP *** [5c 5s 8d]
657eb91e: checks
2eb2536b: checks
95062d6a: checks
*** TURN *** [5c 5s 8d] [7s]
657eb91e: bets $0.5
2eb2536b: calls $0.5
95062d6a: folds
*** RIVER *** [5c 5s 8d 7s] [As]
657eb91e: checks
2eb2536b: bets $0.75
657eb91e: folds
Uncalled bet ($0.75) returned to 2eb2536b
*** SHOWDOWN ***
2eb2536b collected $1.38 from pot
*** SUMMARY ***
Total pot $1.5 | Rake $0.07 | Jackpot $0.05 | Bingo $0 | Fortune $0 | Tax $0
Board [5c 5s 8d 7s As]
Seat 1: 95062d6a folded on the Turn
Seat 2: 9ab53236 (button) folded before Flop (didn't bet)
Seat 3: 657eb91e (small blind) folded on the River
Seat 4: Hero (big blind) folded before Flop
Seat 5: 826370a2 folded before Flop (didn't bet)
Seat 6: 2eb2536b won ($1.38)


Poker Hand #HD1718577607: Hold'em No Limit ($0.02/$0.05) - 2024/04/06 18:35:29
Table 'NLHBlue89' 6-max Seat #1 is the button
Seat 1: 95062d6a ($10.96 in chips)
Seat 2: 9ab53236 ($6.02 in chips)
Seat 3: 657eb91e ($1.55 in chips)
Seat 4: Hero ($5.07 in chips)
Seat 5: 826370a2 ($4.52 in chips)
Seat 6: 2eb2536b ($5 in chips)
9ab53236: posts small blind $0.02
657eb91e: posts big blind $0.05
*** HOLE CARDS ***
Dealt to 95062d6a 
Dealt to 9ab53236 
Dealt to 657eb91e 
Dealt to Hero [6c Ah]
Dealt to 826370a2 
Dealt to 2eb2536b 
Hero: folds
826370a2: raises $0.05 to $0.1
2eb2536b: folds
95062d6a: folds
9ab53236: folds
657eb91e: calls $0.05
*** FLOP *** [3d 5d Tc]
657eb91e: checks
826370a2: checks
*** TURN *** [3d 5d Tc] [Jd]
657eb91e: checks
826370a2: checks
*** RIVER *** [3d 5d Tc Jd] [3s]
657eb91e: checks
826370a2: checks
657eb91e: shows [Ad Qh] (Pair of Treys)
826370a2: shows [9s Ks] (Pair of Treys)
*** SHOWDOWN ***
657eb91e collected $0.21 from pot
*** SUMMARY ***
Total pot $0.22 | Rake $0.01 | Jackpot $0 | Bingo $0 | Fortune $0 | Tax $0
Board [3d 5d Tc Jd 3s]
Seat 1: 95062d6a (button) folded before Flop (didn't bet)
Seat 2: 9ab53236 (small blind) folded before Flop
Seat 3: 657eb91e (big blind) showed [Ad Qh] and won ($0.21) with Pair of Treys
Seat 4: Hero folded before Flop (didn't bet)
Seat 5: 826370a2 showed [9s Ks] and lost with Pair of Treys
Seat 6: 2eb2536b folded before Flop (didn't bet)


Poker Hand #HD1718577451: Hold'em No Limit ($0.02/$0.05) - 2024/04/06 18:34:16
Table 'NLHBlue89' 6-max Seat #6 is the button
Seat 1: 95062d6a ($10.98 in chips)
Seat 2: 9ab53236 ($6.07 in chips)
Seat 3: 657eb91e ($1.8 in chips)
Seat 4: Hero ($5.07 in chips)
Seat 5: 826370a2 ($3.99 in chips)
Seat 6: 2eb2536b ($5 in chips)
95062d6a: posts small blind $0.02
9ab53236: posts big blind $0.05
657eb91e: posts big blind $0.05
*** HOLE CARDS ***
Dealt to 95062d6a 
Dealt to 9ab53236 
Dealt to 657eb91e 
Dealt to Hero [Ac 2s]
Dealt to 826370a2 
Dealt to 2eb2536b 
657eb91e: checks
Hero: folds
826370a2: raises $0.05 to $0.1
2eb2536b: calls $0.1
95062d6a: folds
9ab53236: folds
657eb91e: calls $0.05
*** FLOP *** [9h 7d 3h]
657eb91e: checks
826370a2: bets $0.15
2eb2536b: calls $0.15
657eb91e: calls $0.15
*** TURN *** [9h 7d 3h] [8c]
657eb91e: checks
826370a2: checks
2eb2536b: checks
*** RIVER *** [9h 7d 3h 8c] [4d]
657eb91e: checks
826370a2: checks
2eb2536b: checks
657eb91e: shows [5d 3c] (Pair of Treys)
826370a2: shows [Ah 8h] (Pair of Eights)
2eb2536b: shows [Th Ks] (King-High)
*** SHOWDOWN ***
826370a2 collected $0.78 from pot
*** SUMMARY ***
Total pot $0.82 | Rake $0.04 | Jackpot $0 | Bingo $0 | Fortune $0 | Tax $0
Board [9h 7d 3h 8c 4d]
Seat 1: 95062d6a (small blind) folded before Flop
Seat 2: 9ab53236 (big blind) folded before Flop
Seat 3: 657eb91e showed [5d 3c] and lost with Pair of Treys
Seat 4: Hero folded before Flop (didn't bet)
Seat 5: 826370a2 showed [Ah 8h] and won ($0.78) with Pair of Eights
Seat 6: 2eb2536b (button) showed [Th Ks] and lost with King-High


Poker Hand #HD1718577391: Hold'em No Limit ($0.02/$0.05) - 2024/04/06 18:33:47
Table 'NLHBlue89' 6-max Seat #5 is the button
Seat 1: 95062d6a ($10.6 in chips)
Seat 2: 9ab53236 ($6.47 in chips)
Seat 4: Hero ($5.07 in chips)
Seat 5: 826370a2 ($3.99 in chips)
Seat 6: 2eb2536b ($5 in chips)
2eb2536b: posts small blind $0.02
95062d6a: posts big blind $0.05
*** HOLE CARDS ***
Dealt to 95062d6a 
Dealt to 9ab53236 
Dealt to Hero [7c 9s]
Dealt to 826370a2 
Dealt to 2eb2536b 
9ab53236: raises $0.07 to $0.12
Hero: folds
826370a2: folds
2eb2536b: folds
95062d6a: raises $0.28 to $0.4
9ab53236: calls $0.28
*** FLOP *** [8h Ks 3h]
95062d6a: bets $0.5
9ab53236: folds
Uncalled bet ($0.5) returned to 95062d6a
*** SHOWDOWN ***
95062d6a collected $0.78 from pot
*** SUMMARY ***
Total pot $0.82 | Rake $0.04 | Jackpot $0 | Bingo $0 | Fortune $0 | Tax $0
Board [8h Ks 3h]
Seat 1: 95062d6a (big blind) won ($0.78)
Seat 2: 9ab53236 folded on the Flop
Seat 4: Hero folded before Flop (didn't bet)
Seat 5: 826370a2 (button) folded before Flop (didn't bet)
Seat 6: 2eb2536b (small blind) folded before Flop


Poker Hand #HD1718577360: Hold'em No Limit ($0.02/$0.05) - 2024/04/06 18:33:33
Table 'NLHBlue89' 6-max Seat #4 is the button
Seat 2: 9ab53236 ($6.47 in chips)
Seat 4: Hero ($5 in chips)
Seat 5: 826370a2 ($4.01 in chips)
Seat 6: 2eb2536b ($5 in chips)
826370a2: posts small blind $0.02
2eb2536b: posts big blind $0.05
*** HOLE CARDS ***
Dealt to 9ab53236 
Dealt to Hero [3d 3s]
Dealt to 826370a2 
Dealt to 2eb2536b 
9ab53236: folds
Hero: raises $0.05 to $0.1
826370a2: folds
2eb2536b: folds
Uncalled bet ($0.05) returned to Hero
*** SHOWDOWN ***
Hero collected $0.12 from pot
*** SUMMARY ***
Total pot $0.12 | Rake $0 | Jackpot $0 | Bingo $0 | Fortune $0 | Tax $0
Seat 2: 9ab53236 folded before Flop (didn't bet)
Seat 4: Hero (button) collected ($0.12)
Seat 5: 826370a2 (small blind) folded before Flop
Seat 6: 2eb2536b (big blind) folded before Flop


Poker Hand #HD1718577265: Hold'em No Limit ($0.02/$0.05) - 2024/04/06 18:32:45
Table 'NLHBlue89' 6-max Seat #2 is the button
Seat 2: 9ab53236 ($6.47 in chips)
Seat 4: Hero ($5.01 in chips)
Seat 5: 826370a2 ($3.75 in chips)
Seat 6: 2eb2536b ($5.23 in chips)
Hero: posts small blind $0.02
826370a2: posts big blind $0.05
*** HOLE CARDS ***
Dealt to 9ab53236 
Dealt to Hero [Ad 8s]
Dealt to 826370a2 
Dealt to 2eb2536b 
2eb2536b: raises $0.1 to $0.15
9ab53236: folds
Hero: folds
826370a2: calls $0.1
*** FLOP *** [Kc Kd 3s]
826370a2: checks
2eb2536b: bets $0.11
826370a2: calls $0.11
*** TURN *** [Kc Kd 3s] [Ts]
826370a2: bets $0.27
2eb2536b: folds
Uncalled bet ($0.27) returned to 826370a2
*** SHOWDOWN ***
826370a2 collected $0.52 from pot
*** SUMMARY ***
Total pot $0.54 | Rake $0.02 | Jackpot $0 | Bingo $0 | Fortune $0 | Tax $0
Board [Kc Kd 3s Ts]
Seat 2: 9ab53236 (button) folded before Flop (didn't bet)
Seat 4: Hero (small blind) folded before Flop
Seat 5: 826370a2 (big blind) won ($0.52)
Seat 6: 2eb2536b folded on the Turn


Poker Hand #HD1718577236: Hold'em No Limit ($0.02/$0.05) - 2024/04/06 18:32:33
Table 'NLHBlue89' 6-max Seat #6 is the button
Seat 2: 9ab53236 ($6.49 in chips)
Seat 3: 6b13fc3e ($10.65 in chips)
Seat 4: Hero ($5.01 in chips)
Seat 5: 826370a2 ($3.68 in chips)
Seat 6: 2eb2536b ($5.23 in chips)
9ab53236: posts small blind $0.02
6b13fc3e: posts big blind $0.05
*** HOLE CARDS ***
Dealt to 9ab53236 
Dealt to 6b13fc3e 
Dealt to Hero [Js 5d]
Dealt to 826370a2 
Dealt to 2eb2536b 
Hero: folds
826370a2: raises $0.05 to $0.1
2eb2536b: folds
9ab53236: folds
6b13fc3e: folds
Uncalled bet ($0.05) returned to 826370a2
*** SHOWDOWN ***
826370a2 collected $0.12 from pot
*** SUMMARY ***
Total pot $0.12 | Rake $0 | Jackpot $0 | Bingo $0 | Fortune $0 | Tax $0
Seat 2: 9ab53236 (small blind) folded before Flop
Seat 3: 6b13fc3e (big blind) folded before Flop
Seat 4: Hero folded before Flop (didn't bet)
Seat 5: 826370a2 collected ($0.12)
Seat 6: 2eb2536b (button) folded before Flop (didn't bet)


Poker Hand #HD1718577159: Hold'em No Limit ($0.02/$0.05) - 2024/04/06 18:31:59
Table 'NLHBlue89' 6-max Seat #5 is the button
Seat 2: 9ab53236 ($6.54 in chips)
Seat 3: 6b13fc3e ($10.65 in chips)
Seat 4: Hero ($5.01 in chips)
Seat 5: 826370a2 ($3.78 in chips)
Seat 6: 2eb2536b ($5.09 in chips)
2eb2536b: posts small blind $0.02
9ab53236: posts big blind $0.05
*** HOLE CARDS ***
Dealt to 9ab53236 
Dealt to 6b13fc3e 
Dealt to Hero [2c 7c]
Dealt to 826370a2 
Dealt to 2eb2536b 
6b13fc3e: folds
Hero: folds
826370a2: raises $0.05 to $0.1
2eb2536b: raises $0.3 to $0.4
9ab53236: folds
826370a2: folds
Uncalled bet ($0.3) returned to 2eb2536b
*** SHOWDOWN ***
2eb2536b collected $0.24 from pot
*** SUMMARY ***
Total pot $0.25 | Rake $0.01 | Jackpot $0 | Bingo $0 | Fortune $0 | Tax $0
Seat 2: 9ab53236 (big blind) folded before Flop
Seat 3: 6b13fc3e folded before Flop (didn't bet)
Seat 4: Hero folded before Flop (didn't bet)
Seat 5: 826370a2 (button) folded before Flop
Seat 6: 2eb2536b (small blind) collected ($0.24)


Poker Hand #HD1718577128: Hold'em No Limit ($0.02/$0.05) - 2024/04/06 18:31:44
Table 'NLHBlue89' 6-max Seat #4 is the button
Seat 1: 7a887ae7 ($2 in chips)
Seat 2: 9ab53236 ($6.54 in chips)
Seat 3: 6b13fc3e ($10.65 in chips)
Seat 4: Hero ($5.01 in chips)
Seat 5: 826370a2 ($3.8 in chips)
Seat 6: 2eb2536b ($5.07 in chips)
826370a2: posts small blind $0.02
2eb2536b: posts big blind $0.05
*** HOLE CARDS ***
Dealt to 7a887ae7 
Dealt to 9ab53236 
Dealt to 6b13fc3e 
Dealt to Hero [9s 6c]
Dealt to 826370a2 
Dealt to 2eb2536b 
7a887ae7: folds
9ab53236: folds
6b13fc3e: folds
Hero: folds
826370a2: folds
Uncalled bet ($0.03) returned to 2eb2536b
*** SHOWDOWN ***
2eb2536b collected $0.04 from pot
*** SUMMARY ***
Total pot $0.04 | Rake $0 | Jackpot $0 | Bingo $0 | Fortune $0 | Tax $0
Seat 1: 7a887ae7 folded before Flop (didn't bet)
Seat 2: 9ab53236 folded before Flop (didn't bet)
Seat 3: 6b13fc3e folded before Flop (didn't bet)
Seat 4: Hero (button) folded before Flop (didn't bet)
Seat 5: 826370a2 (small blind) folded before Flop
Seat 6: 2eb2536b (big blind) collected ($0.04)


Poker Hand #HD1718577023: Hold'em No Limit ($0.02/$0.05) - 2024/04/06 18:31:00
Table 'NLHBlue89' 6-max Seat #3 is the button
Seat 1: 7a887ae7 ($1.89 in chips)
Seat 2: 9ab53236 ($6.54 in chips)
Seat 3: 6b13fc3e ($10.65 in chips)
Seat 4: Hero ($5.03 in chips)
Seat 5: 826370a2 ($3.9 in chips)
Seat 6: 2eb2536b ($5.07 in chips)
Hero: posts small blind $0.02
826370a2: posts big blind $0.05
*** HOLE CARDS ***
Dealt to 7a887ae7 
Dealt to 9ab53236 
Dealt to 6b13fc3e 
Dealt to Hero [5s Qs]
Dealt to 826370a2 
Dealt to 2eb2536b 
2eb2536b: folds
7a887ae7: raises $0.05 to $0.1
9ab53236: folds
6b13fc3e: folds
Hero: folds
826370a2: calls $0.05
*** FLOP *** [3h 6d Jd]
826370a2: checks
7a887ae7: checks
*** TURN *** [3h 6d Jd] [5d]
826370a2: checks
7a887ae7: bets $0.11
826370a2: folds
Uncalled bet ($0.11) returned to 7a887ae7
*** SHOWDOWN ***
7a887ae7 collected $0.21 from pot
*** SUMMARY ***
Total pot $0.22 | Rake $0.01 | Jackpot $0 | Bingo $0 | Fortune $0 | Tax $0
Board [3h 6d Jd 5d]
Seat 1: 7a887ae7 won ($0.21)
Seat 2: 9ab53236 folded before Flop (didn't bet)
Seat 3: 6b13fc3e (button) folded before Flop (didn't bet)
Seat 4: Hero (small blind) folded before Flop
Seat 5: 826370a2 (big blind) folded on the Turn
Seat 6: 2eb2536b folded before Flop (didn't bet)


Poker Hand #HD1718576927: Hold'em No Limit ($0.02/$0.05) - 2024/04/06 18:30:13
Table 'NLHBlue89' 6-max Seat #2 is the button
Seat 1: 7a887ae7 ($1.82 in chips)
Seat 2: 9ab53236 ($6.54 in chips)
Seat 3: 6b13fc3e ($10.67 in chips)
Seat 4: Hero ($5.08 in chips)
Seat 6: 2eb2536b ($5.07 in chips)
6b13fc3e: posts small blind $0.02
Hero: posts big blind $0.05
*** HOLE CARDS ***
Dealt to 7a887ae7 
Dealt to 9ab53236 
Dealt to 6b13fc3e 
Dealt to Hero [7s Jh]
Dealt to 2eb2536b 
2eb2536b: folds
7a887ae7: calls $0.05
9ab53236: folds
6b13fc3e: folds
Hero: checks
*** FLOP *** [5s 2d 8s]
Hero: checks
7a887ae7: checks
*** TURN *** [5s 2d 8s] [5d]
Hero: checks
7a887ae7: checks
*** RIVER *** [5s 2d 8s 5d] [2s]
Hero: checks
7a887ae7: checks
Hero: shows [7s Jh] (Pair of Fives and Pair of Twos)
7a887ae7: shows [Kd 4h] (Pair of Fives and Pair of Twos)
*** SHOWDOWN ***
7a887ae7 collected $0.12 from pot
*** SUMMARY ***
Total pot $0.12 | Rake $0 | Jackpot $0 | Bingo $0 | Fortune $0 | Tax $0
Board [5s 2d 8s 5d 2s]
Seat 1: 7a887ae7 showed [Kd 4h] and won ($0.12) with Pair of Fives and Pair of Twos
Seat 2: 9ab53236 (button) folded before Flop (didn't bet)
Seat 3: 6b13fc3e (small blind) folded before Flop
Seat 4: Hero (big blind) showed [7s Jh] and lost with Pair of Fives and Pair of Twos
Seat 6: 2eb2536b folded before Flop (didn't bet)


Poker Hand #HD1718576890: Hold'em No Limit ($0.02/$0.05) - 2024/04/06 18:29:55
Table 'NLHBlue89' 6-max Seat #1 is the button
Seat 1: 7a887ae7 ($1.82 in chips)
Seat 2: 9ab53236 ($6.56 in chips)
Seat 3: 6b13fc3e ($10.72 in chips)
Seat 4: Hero ($5.08 in chips)
Seat 6: 2eb2536b ($5 in chips)
9ab53236: posts small blind $0.02
6b13fc3e: posts big blind $0.05
*** HOLE CARDS ***
Dealt to 7a887ae7 
Dealt to 9ab53236 
Dealt to 6b13fc3e 
Dealt to Hero [Qc 8h]
Dealt to 2eb2536b 
Hero: folds
2eb2536b: raises $0.1 to $0.15
7a887ae7: folds
9ab53236: folds
6b13fc3e: folds
Uncalled bet ($0.1) returned to 2eb2536b
*** SHOWDOWN ***
2eb2536b collected $0.12 from pot
*** SUMMARY ***
Total pot $0.12 | Rake $0 | Jackpot $0 | Bingo $0 | Fortune $0 | Tax $0
Seat 1: 7a887ae7 (button) folded before Flop (didn't bet)
Seat 2: 9ab53236 (small blind) folded before Flop
Seat 3: 6b13fc3e (big blind) folded before Flop
Seat 4: Hero folded before Flop (didn't bet)
Seat 6: 2eb2536b collected ($0.12)


Poker Hand #HD1718576764: Hold'em No Limit ($0.02/$0.05) - 2024/04/06 18:28:57
Table 'NLHBlue89' 6-max Seat #6 is the button
Seat 1: 7a887ae7 ($0.89 in chips)
Seat 2: 9ab53236 ($6.61 in chips)
Seat 3: 6b13fc3e ($10.72 in chips)
Seat 4: Hero ($5.21 in chips)
Seat 6: 2eb2536b ($5.54 in chips)
7a887ae7: posts small blind $0.02
9ab53236: posts big blind $0.05
*** HOLE CARDS ***
Dealt to 7a887ae7 
Dealt to 9ab53236 
Dealt to 6b13fc3e 
Dealt to Hero [7h 7s]
Dealt to 2eb2536b 
6b13fc3e: folds
Hero: raises $0.08 to $0.13
2eb2536b: raises $0.25 to $0.38
7a887ae7: raises $0.51 to $0.89 and is all-in
9ab53236: folds
Hero: folds
2eb2536b: calls $0.51
7a887ae7: shows [Qd Ad]
2eb2536b: shows [6c 7c]
*** FLOP *** [Kd 5s 8d]
*** TURN *** [Kd 5s 8d] [7d]
*** RIVER *** [Kd 5s 8d 7d] [4d]
*** SHOWDOWN ***
7a887ae7 collected $1.82 from pot
*** SUMMARY ***
Total pot $1.96 | Rake $0.09 | Jackpot $0.05 | Bingo $0 | Fortune $0 | Tax $0
Board [Kd 5s 8d 7d 4d]
Seat 1: 7a887ae7 (small blind) showed [Qd Ad] and won ($1.82) with Ace High Flush
Seat 2: 9ab53236 (big blind) folded before Flop
Seat 3: 6b13fc3e folded before Flop (didn't bet)
Seat 4: Hero folded before Flop
Seat 6: 2eb2536b (button) showed [6c 7c] and lost with Eights-High Straight


Poker Hand #HD1718576696: Hold'em No Limit ($0.02/$0.05) - 2024/04/06 18:28:25
Table 'NLHBlue89' 6-max Seat #4 is the button
Seat 1: 7a887ae7 ($1.04 in chips)
Seat 2: 9ab53236 ($6.61 in chips)
Seat 3: 6b13fc3e ($10.56 in chips)
Seat 4: Hero ($5.21 in chips)
Seat 6: 2eb2536b ($5.56 in chips)
2eb2536b: posts small blind $0.02
7a887ae7: posts big blind $0.05
*** HOLE CARDS ***
Dealt to 7a887ae7 
Dealt to 9ab53236 
Dealt to 6b13fc3e 
Dealt to Hero [5c Ks]
Dealt to 2eb2536b 
9ab53236: folds
6b13fc3e: raises $0.1 to $0.15
Hero: folds
2eb2536b: folds
7a887ae7: calls $0.1
*** FLOP *** [Jc 7s Js]
7a887ae7: checks
6b13fc3e: bets $0.12
7a887ae7: folds
Uncalled bet ($0.12) returned to 6b13fc3e
*** SHOWDOWN ***
6b13fc3e collected $0.31 from pot
*** SUMMARY ***
Total pot $0.32 | Rake $0.01 | Jackpot $0 | Bingo $0 | Fortune $0 | Tax $0
Board [Jc 7s Js]
Seat 1: 7a887ae7 (big blind) folded on the Flop
Seat 2: 9ab53236 folded before Flop (didn't bet)
Seat 3: 6b13fc3e won ($0.31)
Seat 4: Hero (button) folded before Flop (didn't bet)
Seat 6: 2eb2536b (small blind) folded before Flop


Poker Hand #HD1718576668: Hold'em No Limit ($0.02/$0.05) - 2024/04/06 18:28:14
Table 'NLHBlue89' 6-max Seat #3 is the button
Seat 1: 7a887ae7 ($1.04 in chips)
Seat 2: 9ab53236 ($6.61 in chips)
Seat 3: 6b13fc3e ($10.56 in chips)
Seat 4: Hero ($5.23 in chips)
Seat 6: 2eb2536b ($5.54 in chips)
Hero: posts small blind $0.02
2eb2536b: posts big blind $0.05
*** HOLE CARDS ***
Dealt to 7a887ae7 
Dealt to 9ab53236 
Dealt to 6b13fc3e 
Dealt to Hero [Kc 6s]
Dealt to 2eb2536b 
7a887ae7: folds
9ab53236: folds
6b13fc3e: folds
Hero: folds
Uncalled bet ($0.03) returned to 2eb2536b
*** SHOWDOWN ***
2eb2536b collected $0.04 from pot
*** SUMMARY ***
Total pot $0.04 | Rake $0 | Jackpot $0 | Bingo $0 | Fortune $0 | Tax $0
Seat 1: 7a887ae7 folded before Flop (didn't bet)
Seat 2: 9ab53236 folded before Flop (didn't bet)
Seat 3: 6b13fc3e (button) folded before Flop (didn't bet)
Seat 4: Hero (small blind) folded before Flop
Seat 6: 2eb2536b (big blind) collected ($0.04)


Poker Hand #HD1718576598: Hold'em No Limit ($0.02/$0.05) - 2024/04/06 18:27:42
Table 'NLHBlue89' 6-max Seat #2 is the button
Seat 1: 7a887ae7 ($1.34 in chips)
Seat 2: 9ab53236 ($6.61 in chips)
Seat 3: 6b13fc3e ($10.24 in chips)
Seat 4: Hero ($5.28 in chips)
Seat 6: 2eb2536b ($5.54 in chips)
6b13fc3e: posts small blind $0.02
Hero: posts big blind $0.05
*** HOLE CARDS ***
Dealt to 7a887ae7 
Dealt to 9ab53236 
Dealt to 6b13fc3e 
Dealt to Hero [Jh Ts]
Dealt to 2eb2536b 
2eb2536b: folds
7a887ae7: raises $0.05 to $0.1
9ab53236: folds
6b13fc3e: raises $0.2 to $0.3
Hero: folds
7a887ae7: calls $0.2
*** FLOP *** [Ah Js As]
6b13fc3e: bets $0.39
7a887ae7: folds
Uncalled bet ($0.39) returned to 6b13fc3e
*** SHOWDOWN ***
6b13fc3e collected $0.62 from pot
*** SUMMARY ***
Total pot $0.65 | Rake $0.03 | Jackpot $0 | Bingo $0 | Fortune $0 | Tax $0
Board [Ah Js As]
Seat 1: 7a887ae7 folded on the Flop
Seat 2: 9ab53236 (button) folded before Flop (didn't bet)
Seat 3: 6b13fc3e (small blind) won ($0.62)
Seat 4: Hero (big blind) folded before Flop
Seat 6: 2eb2536b folded before Flop (didn't bet)


Poker Hand #HD1718576473: Hold'em No Limit ($0.02/$0.05) - 2024/04/06 18:26:47
Table 'NLHBlue89' 6-max Seat #1 is the button
Seat 1: 7a887ae7 ($1.44 in chips)
Seat 2: 9ab53236 ($6.71 in chips)
Seat 3: 6b13fc3e ($10.34 in chips)
Seat 4: Hero ($5 in chips)
Seat 5: 4bad2b2 ($5 in chips)
Seat 6: 2eb2536b ($5.54 in chips)
9ab53236: posts small blind $0.02
6b13fc3e: posts big blind $0.05
*** HOLE CARDS ***
Dealt to 7a887ae7 
Dealt to 9ab53236 
Dealt to 6b13fc3e 
Dealt to Hero [8h Qh]
Dealt to 4bad2b2 
Dealt to 2eb2536b 
Hero: raises $0.05 to $0.1
4bad2b2: folds
2eb2536b: folds
7a887ae7: calls $0.1
9ab53236: calls $0.08
6b13fc3e: calls $0.05
*** FLOP *** [Qc 2c Qd]
9ab53236: checks
6b13fc3e: checks
Hero: bets $0.15
7a887ae7: folds
9ab53236: folds
6b13fc3e: folds
Uncalled bet ($0.15) returned to Hero
*** SHOWDOWN ***
Hero collected $0.38 from pot
*** SUMMARY ***
Total pot $0.4 | Rake $0.02 | Jackpot $0 | Bingo $0 | Fortune $0 | Tax $0
Board [Qc 2c Qd]
Seat 1: 7a887ae7 (button) folded on the Flop
Seat 2: 9ab53236 (small blind) folded on the Flop
Seat 3: 6b13fc3e (big blind) folded on the Flop
Seat 4: Hero won ($0.38)
Seat 5: 4bad2b2 folded before Flop (didn't bet)
Seat 6: 2eb2536b folded before Flop (didn't bet)


Poker Hand #HD1718576373: Hold'em No Limit ($0.02/$0.05) - 2024/04/06 18:25:59
Table 'NLHBlue89' 6-max Seat #6 is the button
Seat 1: 7a887ae7 ($1.77 in chips)
Seat 2: 9ab53236 ($6.76 in chips)
Seat 3: 6b13fc3e ($10.34 in chips)
Seat 4: Hero ($5 in chips)
Seat 5: 4bad2b2 ($5 in chips)
Seat 6: 2eb2536b ($5.19 in chips)
7a887ae7: posts small blind $0.02
9ab53236: posts big blind $0.05
*** HOLE CARDS ***
Dealt to 7a887ae7 
Dealt to 9ab53236 
Dealt to 6b13fc3e 
Dealt to Hero [Qd Th]
Dealt to 4bad2b2 
Dealt to 2eb2536b 
6b13fc3e: folds
Hero: folds
4bad2b2: folds
2eb2536b: raises $0.1 to $0.15
7a887ae7: calls $0.13
9ab53236: folds
*** FLOP *** [7d 8s 2h]
7a887ae7: bets $0.18
2eb2536b: calls $0.18
*** TURN *** [7d 8s 2h] [9s]
7a887ae7: checks
2eb2536b: checks
*** RIVER *** [7d 8s 2h 9s] [6s]
7a887ae7: checks
2eb2536b: bets $0.71
7a887ae7: folds
Uncalled bet ($0.71) returned to 2eb2536b
*** SHOWDOWN ***
2eb2536b collected $0.68 from pot
*** SUMMARY ***
Total pot $0.71 | Rake $0.03 | Jackpot $0 | Bingo $0 | Fortune $0 | Tax $0
Board [7d 8s 2h 9s 6s]
Seat 1: 7a887ae7 (small blind) folded on the River
Seat 2: 9ab53236 (big blind) folded before Flop
Seat 3: 6b13fc3e folded before Flop (didn't bet)
Seat 4: Hero folded before Flop (didn't bet)
Seat 5: 4bad2b2 folded before Flop (didn't bet)
Seat 6: 2eb2536b (button) won ($0.68)


Poker Hand #HD1718576276: Hold'em No Limit ($0.02/$0.05) - 2024/04/06 18:25:10
Table 'NLHBlue89' 6-max Seat #5 is the button
Seat 1: 7a887ae7 ($1.41 in chips)
Seat 2: 9ab53236 ($6.76 in chips)
Seat 3: 6b13fc3e ($10.34 in chips)
Seat 4: Hero ($5 in chips)
Seat 5: 4bad2b2 ($5 in chips)
Seat 6: 2eb2536b ($5.59 in chips)
2eb2536b: posts small blind $0.02
7a887ae7: posts big blind $0.05
*** HOLE CARDS ***
Dealt to 7a887ae7 
Dealt to 9ab53236 
Dealt to 6b13fc3e 
Dealt to Hero [Jh 7d]
Dealt to 4bad2b2 
Dealt to 2eb2536b 
9ab53236: folds
6b13fc3e: folds
Hero: folds
4bad2b2: folds
2eb2536b: raises $0.15 to $0.2
7a887ae7: calls $0.15
*** FLOP *** [Ts Qd 6c]
2eb2536b: checks
7a887ae7: bets $0.2
2eb2536b: calls $0.2
*** TURN *** [Ts Qd 6c] [3d]
2eb2536b: checks
7a887ae7: checks
*** RIVER *** [Ts Qd 6c 3d] [5d]
2eb2536b: checks
7a887ae7: checks
2eb2536b: shows [Kc 9s] (King-High)
7a887ae7: shows [Js 6h] (Pair of Sixes)
*** SHOWDOWN ***
7a887ae7 collected $0.76 from pot
*** SUMMARY ***
Total pot $0.8 | Rake $0.04 | Jackpot $0 | Bingo $0 | Fortune $0 | Tax $0
Board [Ts Qd 6c 3d 5d]
Seat 1: 7a887ae7 (big blind) showed [Js 6h] and won ($0.76) with Pair of Sixes
Seat 2: 9ab53236 folded before Flop (didn't bet)
Seat 3: 6b13fc3e folded before Flop (didn't bet)
Seat 4: Hero folded before Flop (didn't bet)
Seat 5: 4bad2b2 (button) folded before Flop (didn't bet)
Seat 6: 2eb2536b (small blind) showed [Kc 9s] and lost with King-High


Poker Hand #HD1718576252: Hold'em No Limit ($0.02/$0.05) - 2024/04/06 18:25:01
Table 'NLHBlue89' 6-max Seat #4 is the button
Seat 2: 9ab53236 ($6.76 in chips)
Seat 3: 6b13fc3e ($10.34 in chips)
Seat 4: Hero ($5 in chips)
Seat 5: 4bad2b2 ($5.01 in chips)
Seat 6: 2eb2536b ($5.57 in chips)
4bad2b2: posts small blind $0.02
2eb2536b: posts big blind $0.05
*** HOLE CARDS ***
Dealt to 9ab53236 
Dealt to 6b13fc3e 
Dealt to Hero [Kd 5c]
Dealt to 4bad2b2 
Dealt to 2eb2536b 
9ab53236: folds
6b13fc3e: folds
Hero: folds
4bad2b2: folds
Uncalled bet ($0.03) returned to 2eb2536b
*** SHOWDOWN ***
2eb2536b collected $0.04 from pot
*** SUMMARY ***
Total pot $0.04 | Rake $0 | Jackpot $0 | Bingo $0 | Fortune $0 | Tax $0
Seat 2: 9ab53236 folded before Flop (didn't bet)
Seat 3: 6b13fc3e folded before Flop (didn't bet)
Seat 4: Hero (button) folded before Flop (didn't bet)
Seat 5: 4bad2b2 (small blind) folded before Flop
Seat 6: 2eb2536b (big blind) collected ($0.04)


Poker Hand #HD1718576150: Hold'em No Limit ($0.02/$0.05) - 2024/04/06 18:24:13
Table 'NLHBlue89' 6-max Seat #3 is the button
Seat 2: 9ab53236 ($6.76 in chips)
Seat 3: 6b13fc3e ($10.34 in chips)
Seat 4: Hero ($5.02 in chips)
Seat 5: 4bad2b2 ($5.54 in chips)
Seat 6: 2eb2536b ($5.07 in chips)
Hero: posts small blind $0.02
4bad2b2: posts big blind $0.05
*** HOLE CARDS ***
Dealt to 9ab53236 
Dealt to 6b13fc3e 
Dealt to Hero [2s Kc]
Dealt to 4bad2b2 
Dealt to 2eb2536b 
2eb2536b: raises $0.1 to $0.15
9ab53236: folds
6b13fc3e: folds
Hero: folds
4bad2b2: calls $0.1
*** FLOP *** [9h 8h 8d]
4bad2b2: checks
2eb2536b: bets $0.11
4bad2b2: calls $0.11
*** TURN *** [9h 8h 8d] [5d]
4bad2b2: checks
2eb2536b: bets $0.27
4bad2b2: calls $0.27
*** RIVER *** [9h 8h 8d 5d] [4d]
4bad2b2: checks
2eb2536b: checks
4bad2b2: shows [6h Kh] (Pair of Eights)
2eb2536b: shows [Tc Td] (Pair of Tens and Pair of Eights)
*** SHOWDOWN ***
2eb2536b collected $1.03 from pot
*** SUMMARY ***
Total pot $1.08 | Rake $0.05 | Jackpot $0 | Bingo $0 | Fortune $0 | Tax $0
Board [9h 8h 8d 5d 4d]
Seat 2: 9ab53236 folded before Flop (didn't bet)
Seat 3: 6b13fc3e (button) folded before Flop (didn't bet)
Seat 4: Hero (small blind) folded before Flop
Seat 5: 4bad2b2 (big blind) showed [6h Kh] and lost with Pair of Eights
Seat 6: 2eb2536b showed [Tc Td] and won ($1.03) with Pair of Tens and Pair of Eights


Poker Hand #HD1718576130: Hold'em No Limit ($0.02/$0.05) - 2024/04/06 18:24:00
Table 'NLHBlue89' 6-max Seat #2 is the button
Seat 2: 9ab53236 ($6.76 in chips)
Seat 3: 6b13fc3e ($10.36 in chips)
Seat 4: Hero ($5 in chips)
Seat 5: 4bad2b2 ($5.54 in chips)
Seat 6: 2eb2536b ($5.07 in chips)
6b13fc3e: posts small blind $0.02
Hero: posts big blind $0.05
*** HOLE CARDS ***
Dealt to 9ab53236 
Dealt to 6b13fc3e 
Dealt to Hero [9d 7d]
Dealt to 4bad2b2 
Dealt to 2eb2536b 
4bad2b2: folds
2eb2536b: folds
9ab53236: folds
6b13fc3e: folds
Uncalled bet ($0.03) returned to Hero
*** SHOWDOWN ***
Hero collected $0.04 from pot
*** SUMMARY ***
Total pot $0.04 | Rake $0 | Jackpot $0 | Bingo $0 | Fortune $0 | Tax $0
Seat 2: 9ab53236 (button) folded before Flop (didn't bet)
Seat 3: 6b13fc3e (small blind) folded before Flop
Seat 4: Hero (big blind) collected ($0.04)
Seat 5: 4bad2b2 folded before Flop (didn't bet)
Seat 6: 2eb2536b folded before Flop (didn't bet)


Poker Hand #HD1718576102: Hold'em No Limit ($0.02/$0.05) - 2024/04/06 18:23:48
Table 'NLHBlue89' 6-max Seat #6 is the button
Seat 2: 9ab53236 ($6.78 in chips)
Seat 3: 6b13fc3e ($10.41 in chips)
Seat 4: Hero ($5 in chips)
Seat 5: 4bad2b2 ($5.54 in chips)
Seat 6: 2eb2536b ($5 in chips)
9ab53236: posts small blind $0.02
6b13fc3e: posts big blind $0.05
*** HOLE CARDS ***
Dealt to 9ab53236 
Dealt to 6b13fc3e 
Dealt to Hero [5s 2d]
Dealt to 4bad2b2 
Dealt to 2eb2536b 
Hero: folds
4bad2b2: folds
2eb2536b: raises $0.1 to $0.15
9ab53236: folds
6b13fc3e: folds
Uncalled bet ($0.1) returned to 2eb2536b
*** SHOWDOWN ***
2eb2536b collected $0.12 from pot
*** SUMMARY ***
Total pot $0.12 | Rake $0 | Jackpot $0 | Bingo $0 | Fortune $0 | Tax $0
Seat 2: 9ab53236 (small blind) folded before Flop
Seat 3: 6b13fc3e (big blind) folded before Flop
Seat 4: Hero folded before Flop (didn't bet)
Seat 5: 4bad2b2 folded before Flop (didn't bet)
Seat 6: 2eb2536b (button) collected ($0.12)


Poker Hand #HD1718576075: Hold'em No Limit ($0.02/$0.05) - 2024/04/06 18:23:36
Table 'NLHBlue89' 6-max Seat #5 is the button
Seat 2: 9ab53236 ($6.83 in chips)
Seat 3: 6b13fc3e ($10.41 in chips)
Seat 4: Hero ($5 in chips)
Seat 5: 4bad2b2 ($5.47 in chips)
Seat 6: 2eb2536b ($5.02 in chips)
2eb2536b: posts small blind $0.02
9ab53236: posts big blind $0.05
*** HOLE CARDS ***
Dealt to 9ab53236 
Dealt to 6b13fc3e 
Dealt to Hero [5h 2s]
Dealt to 4bad2b2 
Dealt to 2eb2536b 
6b13fc3e: folds
Hero: folds
4bad2b2: raises $0.08 to $0.13
2eb2536b: folds
9ab53236: folds
Uncalled bet ($0.08) returned to 4bad2b2
*** SHOWDOWN ***
4bad2b2 collected $0.12 from pot
*** SUMMARY ***
Total pot $0.12 | Rake $0 | Jackpot $0 | Bingo $0 | Fortune $0 | Tax $0
Seat 2: 9ab53236 (big blind) folded before Flop
Seat 3: 6b13fc3e folded before Flop (didn't bet)
Seat 4: Hero folded before Flop (didn't bet)
Seat 5: 4bad2b2 (button) collected ($0.12)
Seat 6: 2eb2536b (small blind) folded before Flop


Poker Hand #HD1718576042: Hold'em No Limit ($0.02/$0.05) - 2024/04/06 18:23:23
Table 'NLHBlue89' 6-max Seat #4 is the button
Seat 1: a05bc3e7 ($6.34 in chips)
Seat 2: 9ab53236 ($6.83 in chips)
Seat 3: 6b13fc3e ($10.41 in chips)
Seat 4: Hero ($5 in chips)
Seat 5: 4bad2b2 ($5.49 in chips)
Seat 6: 2eb2536b ($5 in chips)
4bad2b2: posts small blind $0.02
2eb2536b: posts big blind $0.05
*** HOLE CARDS ***
Dealt to a05bc3e7 
Dealt to 9ab53236 
Dealt to 6b13fc3e 
Dealt to Hero [Ks 2c]
Dealt to 4bad2b2 
Dealt to 2eb2536b 
a05bc3e7: folds
9ab53236: folds
6b13fc3e: folds
Hero: folds
4bad2b2: folds
Uncalled bet ($0.03) returned to 2eb2536b
*** SHOWDOWN ***
2eb2536b collected $0.04 from pot
*** SUMMARY ***
Total pot $0.04 | Rake $0 | Jackpot $0 | Bingo $0 | Fortune $0 | Tax $0
Seat 1: a05bc3e7 folded before Flop (didn't bet)
Seat 2: 9ab53236 folded before Flop (didn't bet)
Seat 3: 6b13fc3e folded before Flop (didn't bet)
Seat 4: Hero (button) folded before Flop (didn't bet)
Seat 5: 4bad2b2 (small blind) folded before Flop
Seat 6: 2eb2536b (big blind) collected ($0.04)


Poker Hand #HD1718575872: Hold'em No Limit ($0.02/$0.05) - 2024/04/06 18:22:03
Table 'NLHBlue89' 6-max Seat #3 is the button
Seat 1: a05bc3e7 ($6.34 in chips)
Seat 2: 9ab53236 ($5.47 in chips)
Seat 3: 6b13fc3e ($10.41 in chips)
Seat 4: Hero ($5 in chips)
Seat 5: 4bad2b2 ($5.54 in chips)
Seat 6: 2eb2536b ($5 in chips)
Hero: posts small blind $0.02
4bad2b2: posts big blind $0.05
*** HOLE CARDS ***
Dealt to a05bc3e7 
Dealt to 9ab53236 
Dealt to 6b13fc3e 
Dealt to Hero [4h 8d]
Dealt to 4bad2b2 
Dealt to 2eb2536b 
2eb2536b: raises $0.1 to $0.15
a05bc3e7: folds
9ab53236: raises $0.35 to $0.5
6b13fc3e: folds
Hero: folds
4bad2b2: folds
2eb2536b: calls $0.35
*** FLOP *** [Kc Td 6d]
2eb2536b: checks
9ab53236: bets $0.86
2eb2536b: calls $0.86
*** TURN *** [Kc Td 6d] [Ts]
2eb2536b: checks
9ab53236: bets $0.84
2eb2536b: raises $2.8 to $3.64 and is all-in
9ab53236: calls $2.8
2eb2536b: shows [Jh As] (Pair of Tens)
9ab53236: shows [Ad Ah] (Pair of Aces and Pair of Tens)
*** FIRST RIVER *** [Kc Td 6d Ts] [Qh]
*** SECOND RIVER *** [Kc Td 6d Ts] [Tc]
*** THIRD RIVER *** [Kc Td 6d Ts] [7c]
*** FIRST SHOWDOWN ***
2eb2536b collected $3.18 from pot
*** SECOND SHOWDOWN ***
9ab53236 collected $3.18 from pot
*** THIRD SHOWDOWN ***
9ab53236 collected $3.18 from pot
*** SUMMARY ***
Total pot $10.07 | Rake $0.48 | Jackpot $0.05 | Bingo $0 | Fortune $0 | Tax $0
Hand was run three times
FIRST Board [Kc Td 6d Ts Qh]
SECOND Board [Tc]
THIRD Board [7c]
Seat 1: a05bc3e7 folded before Flop (didn't bet)
Seat 2: 9ab53236 showed [Ad Ah] and lost with Pair of Aces and Pair of Tens, and won ($3.18), and won ($3.18)
Seat 3: 6b13fc3e (button) folded before Flop (didn't bet)
Seat 4: Hero (small blind) folded before Flop
Seat 5: 4bad2b2 (big blind) folded before Flop
Seat 6: 2eb2536b showed [Jh As] and won ($3.18) with Aces-High Straight, and lost, and lost


Poker Hand #HD1718575727: Hold'em No Limit ($0.02/$0.05) - 2024/04/06 18:20:56
Table 'NLHBlue89' 6-max Seat #2 is the button
Seat 1: a05bc3e7 ($6.34 in chips)
Seat 2: 9ab53236 ($5.47 in chips)
Seat 3: 6b13fc3e ($9.77 in chips)
Seat 4: Hero ($5 in chips)
Seat 5: 4bad2b2 ($5.54 in chips)
Seat 6: 2eb2536b ($5.25 in chips)
6b13fc3e: posts small blind $0.02
Hero: posts big blind $0.05
*** HOLE CARDS ***
Dealt to a05bc3e7 
Dealt to 9ab53236 
Dealt to 6b13fc3e 
Dealt to Hero [3c 4s]
Dealt to 4bad2b2 
Dealt to 2eb2536b 
4bad2b2: folds
2eb2536b: raises $0.1 to $0.15
a05bc3e7: folds
9ab53236: folds
6b13fc3e: calls $0.13
Hero: folds
*** FLOP *** [Qs 2s Jh]
6b13fc3e: checks
2eb2536b: bets $0.12
6b13fc3e: raises $0.38 to $0.5
2eb2536b: calls $0.38
*** TURN *** [Qs 2s Jh] [6d]
6b13fc3e: bets $0.95
2eb2536b: folds
Uncalled bet ($0.95) returned to 6b13fc3e
*** SHOWDOWN ***
6b13fc3e collected $1.29 from pot
*** SUMMARY ***
Total pot $1.35 | Rake $0.06 | Jackpot $0 | Bingo $0 | Fortune $0 | Tax $0
Board [Qs 2s Jh 6d]
Seat 1: a05bc3e7 folded before Flop (didn't bet)
Seat 2: 9ab53236 (button) folded before Flop (didn't bet)
Seat 3: 6b13fc3e (small blind) won ($1.29)
Seat 4: Hero (big blind) folded before Flop
Seat 5: 4bad2b2 folded before Flop (didn't bet)
Seat 6: 2eb2536b folded on the Turn


Poker Hand #HD1718485497: Hold'em No Limit ($0.02/$0.05) - 2024/04/06 18:19:14
Table 'NLHBlue89' 6-max Seat #1 is the button
Seat 1: a05bc3e7 ($6.34 in chips)
Seat 2: 9ab53236 ($5.49 in chips)
Seat 3: 6b13fc3e ($10.07 in chips)
Seat 4: Hero ($5 in chips)
Seat 5: 4bad2b2 ($5.25 in chips)
Seat 6: 2eb2536b ($5.25 in chips)
9ab53236: posts small blind $0.02
6b13fc3e: posts big blind $0.05
*** HOLE CARDS ***
Dealt to a05bc3e7 
Dealt to 9ab53236 
Dealt to 6b13fc3e 
Dealt to Hero [Ks 3c]
Dealt to 4bad2b2 
Dealt to 2eb2536b 
Hero: folds
4bad2b2: raises $0.08 to $0.13
2eb2536b: folds
a05bc3e7: folds
9ab53236: folds
6b13fc3e: calls $0.08
*** FLOP *** [5h 8d 9s]
6b13fc3e: checks
4bad2b2: checks
*** TURN *** [5h 8d 9s] [4h]
6b13fc3e: bets $0.17
4bad2b2: calls $0.17
*** RIVER *** [5h 8d 9s 4h] [Ah]
6b13fc3e: checks
4bad2b2: bets $0.25
6b13fc3e: folds
Uncalled bet ($0.25) returned to 4bad2b2
*** SHOWDOWN ***
4bad2b2 collected $0.59 from pot
*** SUMMARY ***
Total pot $0.62 | Rake $0.03 | Jackpot $0 | Bingo $0 | Fortune $0 | Tax $0
Board [5h 8d 9s 4h Ah]
Seat 1: a05bc3e7 (button) folded before Flop (didn't bet)
Seat 2: 9ab53236 (small blind) folded before Flop
Seat 3: 6b13fc3e (big blind) folded on the River
Seat 4: Hero folded before Flop (didn't bet)
Seat 5: 4bad2b2 won ($0.59)
Seat 6: 2eb2536b folded before Flop (didn't bet)


Poker Hand #HD1718485470: Hold'em No Limit ($0.02/$0.05) - 2024/04/06 18:19:00
Table 'NLHBlue89' 6-max Seat #6 is the button
Seat 1: a05bc3e7 ($6.36 in chips)
Seat 2: 9ab53236 ($5.47 in chips)
Seat 3: 6b13fc3e ($10.07 in chips)
Seat 4: Hero ($5 in chips)
Seat 5: 4bad2b2 ($5.25 in chips)
Seat 6: 2eb2536b ($5.25 in chips)
a05bc3e7: posts small blind $0.02
9ab53236: posts big blind $0.05
*** HOLE CARDS ***
Dealt to a05bc3e7 
Dealt to 9ab53236 
Dealt to 6b13fc3e 
Dealt to Hero [9d 6s]
Dealt to 4bad2b2 
Dealt to 2eb2536b 
6b13fc3e: folds
Hero: folds
4bad2b2: folds
2eb2536b: folds
a05bc3e7: folds
Uncalled bet ($0.03) returned to 9ab53236
*** SHOWDOWN ***
9ab53236 collected $0.04 from pot
*** SUMMARY ***
Total pot $0.04 | Rake $0 | Jackpot $0 | Bingo $0 | Fortune $0 | Tax $0
Seat 1: a05bc3e7 (small blind) folded before Flop
Seat 2: 9ab53236 (big blind) collected ($0.04)
Seat 3: 6b13fc3e folded before Flop (didn't bet)
Seat 4: Hero folded before Flop (didn't bet)
Seat 5: 4bad2b2 folded before Flop (didn't bet)
Seat 6: 2eb2536b (button) folded before Flop (didn't bet)


Poker Hand #HD1718485452: Hold'em No Limit ($0.02/$0.05) - 2024/04/06 18:18:49
Table 'NLHBlue89' 6-max Seat #5 is the button
Seat 1: a05bc3e7 ($6.34 in chips)
Seat 2: 9ab53236 ($5.47 in chips)
Seat 3: 6b13fc3e ($10.07 in chips)
Seat 4: Hero ($5 in chips)
Seat 5: 4bad2b2 ($5.25 in chips)
Seat 6: 2eb2536b ($5.27 in chips)
2eb2536b: posts small blind $0.02
a05bc3e7: posts big blind $0.05
*** HOLE CARDS ***
Dealt to a05bc3e7 
Dealt to 9ab53236 
Dealt to 6b13fc3e 
Dealt to Hero [Kc 7d]
Dealt to 4bad2b2 
Dealt to 2eb2536b 
9ab53236: folds
6b13fc3e: folds
Hero: folds
4bad2b2: folds
2eb2536b: folds
Uncalled bet ($0.03) returned to a05bc3e7
*** SHOWDOWN ***
a05bc3e7 collected $0.04 from pot
*** SUMMARY ***
Total pot $0.04 | Rake $0 | Jackpot $0 | Bingo $0 | Fortune $0 | Tax $0
Seat 1: a05bc3e7 (big blind) collected ($0.04)
Seat 2: 9ab53236 folded before Flop (didn't bet)
Seat 3: 6b13fc3e folded before Flop (didn't bet)
Seat 4: Hero folded before Flop (didn't bet)
Seat 5: 4bad2b2 (button) folded before Flop (didn't bet)
Seat 6: 2eb2536b (small blind) folded before Flop


Poker Hand #HD1718485411: Hold'em No Limit ($0.02/$0.05) - 2024/04/06 18:18:36
Table 'NLHBlue89' 6-max Seat #4 is the button
Seat 1: a05bc3e7 ($6.34 in chips)
Seat 2: 9ab53236 ($5.47 in chips)
Seat 3: 6b13fc3e ($10.07 in chips)
Seat 4: Hero ($5 in chips)
Seat 5: 4bad2b2 ($5.27 in chips)
Seat 6: 2eb2536b ($5.25 in chips)
4bad2b2: posts small blind $0.02
2eb2536b: posts big blind $0.05
*** HOLE CARDS ***
Dealt to a05bc3e7 
Dealt to 9ab53236 
Dealt to 6b13fc3e 
Dealt to Hero [8c Th]
Dealt to 4bad2b2 
Dealt to 2eb2536b 
a05bc3e7: folds
9ab53236: folds
6b13fc3e: folds
Hero: folds
4bad2b2: folds
Uncalled bet ($0.03) returned to 2eb2536b
*** SHOWDOWN ***
2eb2536b collected $0.04 from pot
*** SUMMARY ***
Total pot $0.04 | Rake $0 | Jackpot $0 | Bingo $0 | Fortune $0 | Tax $0
Seat 1: a05bc3e7 folded before Flop (didn't bet)
Seat 2: 9ab53236 folded before Flop (didn't bet)
Seat 3: 6b13fc3e folded before Flop (didn't bet)
Seat 4: Hero (button) folded before Flop (didn't bet)
Seat 5: 4bad2b2 (small blind) folded before Flop
Seat 6: 2eb2536b (big blind) collected ($0.04)


Poker Hand #HD1718485384: Hold'em No Limit ($0.02/$0.05) - 2024/04/06 18:18:21
Table 'NLHBlue89' 6-max Seat #3 is the button
Seat 1: a05bc3e7 ($6.34 in chips)
Seat 2: 9ab53236 ($5.47 in chips)
Seat 3: 6b13fc3e ($10.07 in chips)
Seat 4: Hero ($5 in chips)
Seat 5: 4bad2b2 ($5.32 in chips)
Seat 6: 2eb2536b ($5.18 in chips)
Hero: posts small blind $0.02
4bad2b2: posts big blind $0.05
*** HOLE CARDS ***
Dealt to a05bc3e7 
Dealt to 9ab53236 
Dealt to 6b13fc3e 
Dealt to Hero [Kd 2c]
Dealt to 4bad2b2 
Dealt to 2eb2536b 
2eb2536b: raises $0.1 to $0.15
a05bc3e7: folds
9ab53236: folds
6b13fc3e: folds
Hero: folds
4bad2b2: folds
Uncalled bet ($0.1) returned to 2eb2536b
*** SHOWDOWN ***
2eb2536b collected $0.12 from pot
*** SUMMARY ***
Total pot $0.12 | Rake $0 | Jackpot $0 | Bingo $0 | Fortune $0 | Tax $0
Seat 1: a05bc3e7 folded before Flop (didn't bet)
Seat 2: 9ab53236 folded before Flop (didn't bet)
Seat 3: 6b13fc3e (button) folded before Flop (didn't bet)
Seat 4: Hero (small blind) folded before Flop
Seat 5: 4bad2b2 (big blind) folded before Flop
Seat 6: 2eb2536b collected ($0.12)


Poker Hand #HD1718485280: Hold'em No Limit ($0.02/$0.05) - 2024/04/06 18:17:31
Table 'NLHBlue89' 6-max Seat #2 is the button
Seat 1: a05bc3e7 ($6.34 in chips)
Seat 2: 9ab53236 ($5.47 in chips)
Seat 3: 6b13fc3e ($10.09 in chips)
Seat 4: Hero ($5.05 in chips)
Seat 5: 4bad2b2 ($5 in chips)
Seat 6: 2eb2536b ($5.46 in chips)
6b13fc3e: posts small blind $0.02
Hero: posts big blind $0.05
*** HOLE CARDS ***
Dealt to a05bc3e7 
Dealt to 9ab53236 
Dealt to 6b13fc3e 
Dealt to Hero [8c 4h]
Dealt to 4bad2b2 
Dealt to 2eb2536b 
4bad2b2: raises $0.08 to $0.13
2eb2536b: calls $0.13
a05bc3e7: folds
9ab53236: folds
6b13fc3e: folds
Hero: folds
*** FLOP *** [2d Ad Kd]
4bad2b2: checks
2eb2536b: checks
*** TURN *** [2d Ad Kd] [7c]
4bad2b2: bets $0.15
2eb2536b: calls $0.15
*** RIVER *** [2d Ad Kd 7c] [3c]
4bad2b2: checks
2eb2536b: checks
4bad2b2: shows [Qc Ac] (Pair of Aces)
2eb2536b: shows [5s 5d] (Pair of Fives)
*** SHOWDOWN ***
4bad2b2 collected $0.6 from pot
*** SUMMARY ***
Total pot $0.63 | Rake $0.03 | Jackpot $0 | Bingo $0 | Fortune $0 | Tax $0
Board [2d Ad Kd 7c 3c]
Seat 1: a05bc3e7 folded before Flop (didn't bet)
Seat 2: 9ab53236 (button) folded before Flop (didn't bet)
Seat 3: 6b13fc3e (small blind) folded before Flop
Seat 4: Hero (big blind) folded before Flop
Seat 5: 4bad2b2 showed [Qc Ac] and won ($0.6) with Pair of Aces
Seat 6: 2eb2536b showed [5s 5d] and lost with Pair of Fives


Poker Hand #HD1718485210: Hold'em No Limit ($0.02/$0.05) - 2024/04/06 18:16:54
Table 'NLHBlue89' 6-max Seat #1 is the button
Seat 1: a05bc3e7 ($6.49 in chips)
Seat 2: 9ab53236 ($5.49 in chips)
Seat 3: 6b13fc3e ($10.24 in chips)
Seat 4: Hero ($5.05 in chips)
Seat 5: 4bad2b2 ($5 in chips)
Seat 6: 2eb2536b ($5.16 in chips)
9ab53236: posts small blind $0.02
6b13fc3e: posts big blind $0.05
*** HOLE CARDS ***
Dealt to a05bc3e7 
Dealt to 9ab53236 
Dealt to 6b13fc3e 
Dealt to Hero [5s 2d]
Dealt to 4bad2b2 
Dealt to 2eb2536b 
Hero: folds
4bad2b2: folds
2eb2536b: raises $0.1 to $0.15
a05bc3e7: calls $0.15
9ab53236: folds
6b13fc3e: calls $0.1
*** FLOP *** [3h Ad 2s]
6b13fc3e: checks
2eb2536b: bets $0.16
a05bc3e7: folds
6b13fc3e: folds
Uncalled bet ($0.16) returned to 2eb2536b
*** SHOWDOWN ***
2eb2536b collected $0.45 from pot
*** SUMMARY ***
Total pot $0.47 | Rake $0.02 | Jackpot $0 | Bingo $0 | Fortune $0 | Tax $0
Board [3h Ad 2s]
Seat 1: a05bc3e7 (button) folded on the Flop
Seat 2: 9ab53236 (small blind) folded before Flop
Seat 3: 6b13fc3e (big blind) folded on the Flop
Seat 4: Hero folded before Flop (didn't bet)
Seat 5: 4bad2b2 folded before Flop (didn't bet)
Seat 6: 2eb2536b won ($0.45)


Poker Hand #HD1718485112: Hold'em No Limit ($0.02/$0.05) - 2024/04/06 18:16:07
Table 'NLHBlue89' 6-max Seat #6 is the button
Seat 1: a05bc3e7 ($6.51 in chips)
Seat 2: 9ab53236 ($5.64 in chips)
Seat 3: 6b13fc3e ($10.24 in chips)
Seat 4: Hero ($5.05 in chips)
Seat 5: 4bad2b2 ($5 in chips)
Seat 6: 2eb2536b ($5 in chips)
a05bc3e7: posts small blind $0.02
9ab53236: posts big blind $0.05
*** HOLE CARDS ***
Dealt to a05bc3e7 
Dealt to 9ab53236 
Dealt to 6b13fc3e 
Dealt to Hero [4s 8c]
Dealt to 4bad2b2 
Dealt to 2eb2536b 
6b13fc3e: folds
Hero: folds
4bad2b2: folds
2eb2536b: raises $0.1 to $0.15
a05bc3e7: folds
9ab53236: calls $0.1
*** FLOP *** [4d 7c 7h]
9ab53236: checks
2eb2536b: checks
*** TURN *** [4d 7c 7h] [Kd]
9ab53236: checks
2eb2536b: checks
*** RIVER *** [4d 7c 7h Kd] [9s]
9ab53236: checks
2eb2536b: bets $0.24
9ab53236: folds
Uncalled bet ($0.24) returned to 2eb2536b
*** SHOWDOWN ***
2eb2536b collected $0.31 from pot
*** SUMMARY ***
Total pot $0.32 | Rake $0.01 | Jackpot $0 | Bingo $0 | Fortune $0 | Tax $0
Board [4d 7c 7h Kd 9s]
Seat 1: a05bc3e7 (small blind) folded before Flop
Seat 2: 9ab53236 (big blind) folded on the River
Seat 3: 6b13fc3e folded before Flop (didn't bet)
Seat 4: Hero folded before Flop (didn't bet)
Seat 5: 4bad2b2 folded before Flop (didn't bet)
Seat 6: 2eb2536b (button) won ($0.31)


Poker Hand #HD1718485070: Hold'em No Limit ($0.02/$0.05) - 2024/04/06 18:15:51
Table 'NLHBlue89' 6-max Seat #5 is the button
Seat 1: a05bc3e7 ($6.56 in chips)
Seat 2: 9ab53236 ($5.64 in chips)
Seat 3: 6b13fc3e ($10.17 in chips)
Seat 4: Hero ($5.05 in chips)
Seat 5: 4bad2b2 ($5 in chips)
Seat 6: 2eb2536b ($5.02 in chips)
2eb2536b: posts small blind $0.02
a05bc3e7: posts big blind $0.05
*** HOLE CARDS ***
Dealt to a05bc3e7 
Dealt to 9ab53236 
Dealt to 6b13fc3e 
Dealt to Hero [Qc 4h]
Dealt to 4bad2b2 
Dealt to 2eb2536b 
9ab53236: folds
6b13fc3e: raises $0.1 to $0.15
Hero: folds
4bad2b2: folds
2eb2536b: folds
a05bc3e7: folds
Uncalled bet ($0.1) returned to 6b13fc3e
*** SHOWDOWN ***
6b13fc3e collected $0.12 from pot
*** SUMMARY ***
Total pot $0.12 | Rake $0 | Jackpot $0 | Bingo $0 | Fortune $0 | Tax $0
Seat 1: a05bc3e7 (big blind) folded before Flop
Seat 2: 9ab53236 folded before Flop (didn't bet)
Seat 3: 6b13fc3e collected ($0.12)
Seat 4: Hero folded before Flop (didn't bet)
Seat 5: 4bad2b2 (button) folded before Flop (didn't bet)
Seat 6: 2eb2536b (small blind) folded before Flop


Poker Hand #HD1718485048: Hold'em No Limit ($0.02/$0.05) - 2024/04/06 18:15:38
Table 'NLHBlue89' 6-max Seat #4 is the button
Seat 1: a05bc3e7 ($6.56 in chips)
Seat 2: 9ab53236 ($5.64 in chips)
Seat 3: 6b13fc3e ($10.1 in chips)
Seat 4: Hero ($5.05 in chips)
Seat 5: 4bad2b2 ($5.02 in chips)
Seat 6: 2eb2536b ($5.07 in chips)
4bad2b2: posts small blind $0.02
2eb2536b: posts big blind $0.05
*** HOLE CARDS ***
Dealt to a05bc3e7 
Dealt to 9ab53236 
Dealt to 6b13fc3e 
Dealt to Hero [9c Qc]
Dealt to 4bad2b2 
Dealt to 2eb2536b 
a05bc3e7: folds
9ab53236: folds
6b13fc3e: raises $0.1 to $0.15
Hero: folds
4bad2b2: folds
2eb2536b: folds
Uncalled bet ($0.1) returned to 6b13fc3e
*** SHOWDOWN ***
6b13fc3e collected $0.12 from pot
*** SUMMARY ***
Total pot $0.12 | Rake $0 | Jackpot $0 | Bingo $0 | Fortune $0 | Tax $0
Seat 1: a05bc3e7 folded before Flop (didn't bet)
Seat 2: 9ab53236 folded before Flop (didn't bet)
Seat 3: 6b13fc3e collected ($0.12)
Seat 4: Hero (button) folded before Flop (didn't bet)
Seat 5: 4bad2b2 (small blind) folded before Flop
Seat 6: 2eb2536b (big blind) folded before Flop


Poker Hand #HD1718485029: Hold'em No Limit ($0.02/$0.05) - 2024/04/06 18:15:25
Table 'NLHBlue89' 6-max Seat #3 is the button
Seat 1: a05bc3e7 ($6.49 in chips)
Seat 2: 9ab53236 ($5.64 in chips)
Seat 3: 6b13fc3e ($10.1 in chips)
Seat 4: Hero ($5.07 in chips)
Seat 5: 4bad2b2 ($5.07 in chips)
Seat 6: 2eb2536b ($5.07 in chips)
Hero: posts small blind $0.02
4bad2b2: posts big blind $0.05
*** HOLE CARDS ***
Dealt to a05bc3e7 
Dealt to 9ab53236 
Dealt to 6b13fc3e 
Dealt to Hero [2h 3c]
Dealt to 4bad2b2 
Dealt to 2eb2536b 
2eb2536b: folds
a05bc3e7: raises $0.05 to $0.1
9ab53236: folds
6b13fc3e: folds
Hero: folds
4bad2b2: folds
Uncalled bet ($0.05) returned to a05bc3e7
*** SHOWDOWN ***
a05bc3e7 collected $0.12 from pot
*** SUMMARY ***
Total pot $0.12 | Rake $0 | Jackpot $0 | Bingo $0 | Fortune $0 | Tax $0
Seat 1: a05bc3e7 collected ($0.12)
Seat 2: 9ab53236 folded before Flop (didn't bet)
Seat 3: 6b13fc3e (button) folded before Flop (didn't bet)
Seat 4: Hero (small blind) folded before Flop
Seat 5: 4bad2b2 (big blind) folded before Flop
Seat 6: 2eb2536b folded before Flop (didn't bet)


Poker Hand #HD1718484981: Hold'em No Limit ($0.02/$0.05) - 2024/04/06 18:15:07
Table 'NLHBlue89' 6-max Seat #2 is the button
Seat 1: a05bc3e7 ($6.49 in chips)
Seat 2: 9ab53236 ($5.64 in chips)
Seat 3: 6b13fc3e ($10.12 in chips)
Seat 4: Hero ($5.05 in chips)
Seat 5: 4bad2b2 ($5.07 in chips)
Seat 6: 2eb2536b ($5.07 in chips)
6b13fc3e: posts small blind $0.02
Hero: posts big blind $0.05
*** HOLE CARDS ***
Dealt to a05bc3e7 
Dealt to 9ab53236 
Dealt to 6b13fc3e 
Dealt to Hero [Ks 6h]
Dealt to 4bad2b2 
Dealt to 2eb2536b 
4bad2b2: folds
2eb2536b: folds
a05bc3e7: folds
9ab53236: folds
6b13fc3e: folds
Uncalled bet ($0.03) returned to Hero
*** SHOWDOWN ***
Hero collected $0.04 from pot
*** SUMMARY ***
Total pot $0.04 | Rake $0 | Jackpot $0 | Bingo $0 | Fortune $0 | Tax $0
Seat 1: a05bc3e7 folded before Flop (didn't bet)
Seat 2: 9ab53236 (button) folded before Flop (didn't bet)
Seat 3: 6b13fc3e (small blind) folded before Flop
Seat 4: Hero (big blind) collected ($0.04)
Seat 5: 4bad2b2 folded before Flop (didn't bet)
Seat 6: 2eb2536b folded before Flop (didn't bet)


Poker Hand #HD1718484943: Hold'em No Limit ($0.02/$0.05) - 2024/04/06 18:14:49
Table 'NLHBlue89' 6-max Seat #1 is the button
Seat 1: a05bc3e7 ($6.49 in chips)
Seat 2: 9ab53236 ($5.66 in chips)
Seat 3: 6b13fc3e ($10.17 in chips)
Seat 4: Hero ($5.05 in chips)
Seat 5: 4bad2b2 ($5 in chips)
Seat 6: 2eb2536b ($5.07 in chips)
9ab53236: posts small blind $0.02
6b13fc3e: posts big blind $0.05
*** HOLE CARDS ***
Dealt to a05bc3e7 
Dealt to 9ab53236 
Dealt to 6b13fc3e 
Dealt to Hero [5s 8d]
Dealt to 4bad2b2 
Dealt to 2eb2536b 
Hero: folds
4bad2b2: raises $0.08 to $0.13
2eb2536b: folds
a05bc3e7: folds
9ab53236: folds
6b13fc3e: folds
Uncalled bet ($0.08) returned to 4bad2b2
*** SHOWDOWN ***
4bad2b2 collected $0.12 from pot
*** SUMMARY ***
Total pot $0.12 | Rake $0 | Jackpot $0 | Bingo $0 | Fortune $0 | Tax $0
Seat 1: a05bc3e7 (button) folded before Flop (didn't bet)
Seat 2: 9ab53236 (small blind) folded before Flop
Seat 3: 6b13fc3e (big blind) folded before Flop
Seat 4: Hero folded before Flop (didn't bet)
Seat 5: 4bad2b2 collected ($0.12)
Seat 6: 2eb2536b folded before Flop (didn't bet)


Poker Hand #HD1718484901: Hold'em No Limit ($0.02/$0.05) - 2024/04/06 18:14:29
Table 'NLHBlue89' 6-max Seat #6 is the button
Seat 1: a05bc3e7 ($6.51 in chips)
Seat 2: 9ab53236 ($5.71 in chips)
Seat 3: 6b13fc3e ($10.17 in chips)
Seat 4: Hero ($5.05 in chips)
Seat 5: 4bad2b2 ($5 in chips)
Seat 6: 2eb2536b ($5 in chips)
a05bc3e7: posts small blind $0.02
9ab53236: posts big blind $0.05
*** HOLE CARDS ***
Dealt to a05bc3e7 
Dealt to 9ab53236 
Dealt to 6b13fc3e 
Dealt to Hero [5c 7c]
Dealt to 4bad2b2 
Dealt to 2eb2536b 
6b13fc3e: folds
Hero: folds
4bad2b2: folds
2eb2536b: raises $0.1 to $0.15
a05bc3e7: folds
9ab53236: folds
Uncalled bet ($0.1) returned to 2eb2536b
*** SHOWDOWN ***
2eb2536b collected $0.12 from pot
*** SUMMARY ***
Total pot $0.12 | Rake $0 | Jackpot $0 | Bingo $0 | Fortune $0 | Tax $0
Seat 1: a05bc3e7 (small blind) folded before Flop
Seat 2: 9ab53236 (big blind) folded before Flop
Seat 3: 6b13fc3e folded before Flop (didn't bet)
Seat 4: Hero folded before Flop (didn't bet)
Seat 5: 4bad2b2 folded before Flop (didn't bet)
Seat 6: 2eb2536b (button) collected ($0.12)


Poker Hand #HD1718484873: Hold'em No Limit ($0.02/$0.05) - 2024/04/06 18:14:18
Table 'NLHBlue89' 6-max Seat #5 is the button
Seat 1: a05bc3e7 ($6.49 in chips)
Seat 2: 9ab53236 ($5.71 in chips)
Seat 3: 6b13fc3e ($10.17 in chips)
Seat 4: Hero ($5.05 in chips)
Seat 5: 4bad2b2 ($5 in chips)
Seat 6: 2eb2536b ($5.02 in chips)
2eb2536b: posts small blind $0.02
a05bc3e7: posts big blind $0.05
*** HOLE CARDS ***
Dealt to a05bc3e7 
Dealt to 9ab53236 
Dealt to 6b13fc3e 
Dealt to Hero [Tc 6d]
Dealt to 4bad2b2 
Dealt to 2eb2536b 
9ab53236: folds
6b13fc3e: folds
Hero: folds
4bad2b2: folds
2eb2536b: folds
Uncalled bet ($0.03) returned to a05bc3e7
*** SHOWDOWN ***
a05bc3e7 collected $0.04 from pot
*** SUMMARY ***
Total pot $0.04 | Rake $0 | Jackpot $0 | Bingo $0 | Fortune $0 | Tax $0
Seat 1: a05bc3e7 (big blind) collected ($0.04)
Seat 2: 9ab53236 folded before Flop (didn't bet)
Seat 3: 6b13fc3e folded before Flop (didn't bet)
Seat 4: Hero folded before Flop (didn't bet)
Seat 5: 4bad2b2 (button) folded before Flop (didn't bet)
Seat 6: 2eb2536b (small blind) folded before Flop


Poker Hand #HD1718484852: Hold'em No Limit ($0.02/$0.05) - 2024/04/06 18:14:08
Table 'NLHBlue89' 6-max Seat #4 is the button
Seat 1: a05bc3e7 ($6.49 in chips)
Seat 2: 9ab53236 ($5.71 in chips)
Seat 3: 6b13fc3e ($10.17 in chips)
Seat 4: Hero ($5.05 in chips)
Seat 5: 4bad2b2 ($5 in chips)
Seat 6: 2eb2536b ($5 in chips)
4bad2b2: posts small blind $0.02
2eb2536b: posts big blind $0.05
*** HOLE CARDS ***
Dealt to a05bc3e7 
Dealt to 9ab53236 
Dealt to 6b13fc3e 
Dealt to Hero [7c 6d]
Dealt to 4bad2b2 
Dealt to 2eb2536b 
a05bc3e7: folds
9ab53236: folds
6b13fc3e: folds
Hero: folds
4bad2b2: folds
Uncalled bet ($0.03) returned to 2eb2536b
*** SHOWDOWN ***
2eb2536b collected $0.04 from pot
*** SUMMARY ***
Total pot $0.04 | Rake $0 | Jackpot $0 | Bingo $0 | Fortune $0 | Tax $0
Seat 1: a05bc3e7 folded before Flop (didn't bet)
Seat 2: 9ab53236 folded before Flop (didn't bet)
Seat 3: 6b13fc3e folded before Flop (didn't bet)
Seat 4: Hero (button) folded before Flop (didn't bet)
Seat 5: 4bad2b2 (small blind) folded before Flop
Seat 6: 2eb2536b (big blind) collected ($0.04)


Poker Hand #HD1718484799: Hold'em No Limit ($0.02/$0.05) - 2024/04/06 18:13:45
Table 'NLHBlue89' 6-max Seat #3 is the button
Seat 1: a05bc3e7 ($6.49 in chips)
Seat 2: 9ab53236 ($5.71 in chips)
Seat 3: 6b13fc3e ($10.17 in chips)
Seat 4: Hero ($5 in chips)
Seat 5: 4bad2b2 ($5 in chips)
Hero: posts small blind $0.02
4bad2b2: posts big blind $0.05
*** HOLE CARDS ***
Dealt to a05bc3e7 
Dealt to 9ab53236 
Dealt to 6b13fc3e 
Dealt to Hero [6d 9d]
Dealt to 4bad2b2 
a05bc3e7: folds
9ab53236: folds
6b13fc3e: folds
Hero: raises $0.1 to $0.15
4bad2b2: folds
Uncalled bet ($0.1) returned to Hero
*** SHOWDOWN ***
Hero collected $0.1 from pot
*** SUMMARY ***
Total pot $0.1 | Rake $0 | Jackpot $0 | Bingo $0 | Fortune $0 | Tax $0
Seat 1: a05bc3e7 folded before Flop (didn't bet)
Seat 2: 9ab53236 folded before Flop (didn't bet)
Seat 3: 6b13fc3e (button) folded before Flop (didn't bet)
Seat 4: Hero (small blind) collected ($0.1)
Seat 5: 4bad2b2 (big blind) folded before Flop


Poker Hand #HD1718484760: Hold'em No Limit ($0.02/$0.05) - 2024/04/06 18:13:28
Table 'NLHBlue89' 6-max Seat #2 is the button
Seat 1: a05bc3e7 ($6.42 in chips)
Seat 2: 9ab53236 ($5.71 in chips)
Seat 3: 6b13fc3e ($10.19 in chips)
Seat 4: Hero ($5 in chips)
6b13fc3e: posts small blind $0.02
Hero: posts big blind $0.05
*** HOLE CARDS ***
Dealt to a05bc3e7 
Dealt to 9ab53236 
Dealt to 6b13fc3e 
Dealt to Hero [7s 6c]
a05bc3e7: raises $0.05 to $0.1
9ab53236: folds
6b13fc3e: folds
Hero: folds
Uncalled bet ($0.05) returned to a05bc3e7
*** SHOWDOWN ***
a05bc3e7 collected $0.12 from pot
*** SUMMARY ***
Total pot $0.12 | Rake $0 | Jackpot $0 | Bingo $0 | Fortune $0 | Tax $0
Seat 1: a05bc3e7 collected ($0.12)
Seat 2: 9ab53236 (button) folded before Flop (didn't bet)
Seat 3: 6b13fc3e (small blind) folded before Flop
Seat 4: Hero (big blind) folded before Flop


Poker Hand #HD1718484713: Hold'em No Limit ($0.02/$0.05) - 2024/04/06 18:13:02
Table 'NLHBlue89' 6-max Seat #1 is the button
Seat 1: a05bc3e7 ($6.42 in chips)
Seat 2: 9ab53236 ($5.73 in chips)
Seat 3: 6b13fc3e ($10.08 in chips)
Seat 4: Hero ($5 in chips)
Seat 6: 8aae824e ($10.91 in chips)
9ab53236: posts small blind $0.02
6b13fc3e: posts big blind $0.05
*** HOLE CARDS ***
Dealt to a05bc3e7 
Dealt to 9ab53236 
Dealt to 6b13fc3e 
Dealt to Hero [4c Ac]
Dealt to 8aae824e 
Hero: raises $0.05 to $0.1
8aae824e: folds
a05bc3e7: folds
9ab53236: folds
6b13fc3e: raises $0.3 to $0.4
Hero: folds
Uncalled bet ($0.3) returned to 6b13fc3e
*** SHOWDOWN ***
6b13fc3e collected $0.21 from pot
*** SUMMARY ***
Total pot $0.22 | Rake $0.01 | Jackpot $0 | Bingo $0 | Fortune $0 | Tax $0
Seat 1: a05bc3e7 (button) folded before Flop (didn't bet)
Seat 2: 9ab53236 (small blind) folded before Flop
Seat 3: 6b13fc3e (big blind) collected ($0.21)
Seat 4: Hero folded before Flop
Seat 6: 8aae824e folded before Flop (didn't bet)


Poker Hand #HD1718484632: Hold'em No Limit ($0.02/$0.05) - 2024/04/06 18:12:27
Table 'NLHBlue89' 6-max Seat #6 is the button
Seat 1: a05bc3e7 ($6.19 in chips)
Seat 2: 9ab53236 ($5.98 in chips)
Seat 3: 6b13fc3e ($10.08 in chips)
Seat 4: Hero ($5 in chips)
Seat 6: 8aae824e ($10.91 in chips)
a05bc3e7: posts small blind $0.02
9ab53236: posts big blind $0.05
*** HOLE CARDS ***
Dealt to a05bc3e7 
Dealt to 9ab53236 
Dealt to 6b13fc3e 
Dealt to Hero [5d Tc]
Dealt to 8aae824e 
6b13fc3e: folds
Hero: folds
8aae824e: folds
a05bc3e7: raises $0.05 to $0.1
9ab53236: calls $0.05
*** FLOP *** [Jc Kd Td]
a05bc3e7: checks
9ab53236: checks
*** TURN *** [Jc Kd Td] [Ad]
a05bc3e7: bets $0.15
9ab53236: calls $0.15
*** RIVER *** [Jc Kd Td Ad] [Kc]
a05bc3e7: bets $0.38
9ab53236: folds
Uncalled bet ($0.38) returned to a05bc3e7
*** SHOWDOWN ***
a05bc3e7 collected $0.48 from pot
*** SUMMARY ***
Total pot $0.5 | Rake $0.02 | Jackpot $0 | Bingo $0 | Fortune $0 | Tax $0
Board [Jc Kd Td Ad Kc]
Seat 1: a05bc3e7 (small blind) won ($0.48)
Seat 2: 9ab53236 (big blind) folded on the River
Seat 3: 6b13fc3e folded before Flop (didn't bet)
Seat 4: Hero folded before Flop (didn't bet)
Seat 6: 8aae824e (button) folded before Flop (didn't bet)


Poker Hand #HD1718484602: Hold'em No Limit ($0.02/$0.05) - 2024/04/06 18:12:17
Table 'NLHBlue89' 6-max Seat #4 is the button
Seat 1: a05bc3e7 ($6.17 in chips)
Seat 2: 9ab53236 ($5.98 in chips)
Seat 3: 6b13fc3e ($10.08 in chips)
Seat 4: Hero ($5 in chips)
Seat 6: 8aae824e ($10.93 in chips)
8aae824e: posts small blind $0.02
a05bc3e7: posts big blind $0.05
*** HOLE CARDS ***
Dealt to a05bc3e7 
Dealt to 9ab53236 
Dealt to 6b13fc3e 
Dealt to Hero [Th 2d]
Dealt to 8aae824e 
9ab53236: folds
6b13fc3e: folds
Hero: folds
8aae824e: folds
Uncalled bet ($0.03) returned to a05bc3e7
*** SHOWDOWN ***
a05bc3e7 collected $0.04 from pot
*** SUMMARY ***
Total pot $0.04 | Rake $0 | Jackpot $0 | Bingo $0 | Fortune $0 | Tax $0
Seat 1: a05bc3e7 (big blind) collected ($0.04)
Seat 2: 9ab53236 folded before Flop (didn't bet)
Seat 3: 6b13fc3e folded before Flop (didn't bet)
Seat 4: Hero (button) folded before Flop (didn't bet)
Seat 6: 8aae824e (small blind) folded before Flop


Poker Hand #HD1718484587: Hold'em No Limit ($0.02/$0.05) - 2024/04/06 18:12:09
Table 'NLHBlue89' 6-max Seat #3 is the button
Seat 1: a05bc3e7 ($6.17 in chips)
Seat 2: 9ab53236 ($5.98 in chips)
Seat 3: 6b13fc3e ($10.08 in chips)
Seat 4: Hero ($5 in chips)
Seat 6: 8aae824e ($10.91 in chips)
Hero: posts small blind $0.02
8aae824e: posts big blind $0.05
*** HOLE CARDS ***
Dealt to a05bc3e7 
Dealt to 9ab53236 
Dealt to 6b13fc3e 
Dealt to Hero [3c 4h]
Dealt to 8aae824e 
a05bc3e7: folds
9ab53236: folds
6b13fc3e: folds
Hero: folds
Uncalled bet ($0.03) returned to 8aae824e
*** SHOWDOWN ***
8aae824e collected $0.04 from pot
*** SUMMARY ***
Total pot $0.04 | Rake $0 | Jackpot $0 | Bingo $0 | Fortune $0 | Tax $0
Seat 1: a05bc3e7 folded before Flop (didn't bet)
Seat 2: 9ab53236 folded before Flop (didn't bet)
Seat 3: 6b13fc3e (button) folded before Flop (didn't bet)
Seat 4: Hero (small blind) folded before Flop
Seat 6: 8aae824e (big blind) collected ($0.04)


Poker Hand #HD1718484468: Hold'em No Limit ($0.02/$0.05) - 2024/04/06 18:11:20
Table 'NLHBlue89' 6-max Seat #2 is the button
Seat 1: a05bc3e7 ($6.17 in chips)
Seat 2: 9ab53236 ($5.98 in chips)
Seat 3: 6b13fc3e ($10.67 in chips)
Seat 4: Hero ($5 in chips)
Seat 5: f0244f53 ($5.02 in chips)
Seat 6: 8aae824e ($10.33 in chips)
6b13fc3e: posts small blind $0.02
Hero: posts big blind $0.05
*** HOLE CARDS ***
Dealt to a05bc3e7 
Dealt to 9ab53236 
Dealt to 6b13fc3e 
Dealt to Hero [Tc 2h]
Dealt to f0244f53 
Dealt to 8aae824e 
f0244f53: folds
8aae824e: raises $0.05 to $0.1
a05bc3e7: folds
9ab53236: folds
6b13fc3e: calls $0.08
Hero: folds
*** FLOP *** [4c Qs 6d]
6b13fc3e: checks
8aae824e: bets $0.13
6b13fc3e: calls $0.13
*** TURN *** [4c Qs 6d] [5h]
6b13fc3e: checks
8aae824e: checks
*** RIVER *** [4c Qs 6d 5h] [2s]
6b13fc3e: bets $0.36
8aae824e: calls $0.36
6b13fc3e: shows [8d 8c] (Pair of Eights)
8aae824e: shows [Qd As] (Pair of Queens)
*** SHOWDOWN ***
8aae824e collected $1.17 from pot
*** SUMMARY ***
Total pot $1.23 | Rake $0.06 | Jackpot $0 | Bingo $0 | Fortune $0 | Tax $0
Board [4c Qs 6d 5h 2s]
Seat 1: a05bc3e7 folded before Flop (didn't bet)
Seat 2: 9ab53236 (button) folded before Flop (didn't bet)
Seat 3: 6b13fc3e (small blind) showed [8d 8c] and lost with Pair of Eights
Seat 4: Hero (big blind) folded before Flop
Seat 5: f0244f53 folded before Flop (didn't bet)
Seat 6: 8aae824e showed [Qd As] and won ($1.17) with Pair of Queens


