Poker Hand #HD1846950568: Hold'em No Limit ($0.05/$0.1) - 2024/07/07 16:23:43
Table 'NLHRed62' 6-max Seat #4 is the button
Seat 1: fc0a493 ($12.08 in chips)
Seat 4: Hero ($10.05 in chips)
Hero: posts small blind $0.05
fc0a493: posts big blind $0.1
*** HOLE CARDS ***
Dealt to fc0a493 
Dealt to Hero [7h Ts]
Hero: folds
Uncalled bet ($0.05) returned to fc0a493
*** SHOWDOWN ***
fc0a493 collected $0.1 from pot
*** SUMMARY ***
Total pot $0.1 | Rake $0 | Jackpot $0 | Bingo $0 | Fortune $0 | Tax $0
Seat 1: fc0a493 (big blind) collected ($0.1)
Seat 4: Hero (small blind) folded before Flop


Poker Hand #HD1846950540: Hold'em No Limit ($0.05/$0.1) - 2024/07/07 16:23:29
Table 'NLHRed62' 6-max Seat #1 is the button
Seat 1: fc0a493 ($12.13 in chips)
Seat 4: Hero ($10 in chips)
fc0a493: posts small blind $0.05
Hero: posts big blind $0.1
*** HOLE CARDS ***
Dealt to fc0a493 
Dealt to Hero [6d 6c]
fc0a493: folds
Uncalled bet ($0.05) returned to Hero
*** SHOWDOWN ***
Hero collected $0.1 from pot
*** SUMMARY ***
Total pot $0.1 | Rake $0 | Jackpot $0 | Bingo $0 | Fortune $0 | Tax $0
Seat 1: fc0a493 (small blind) folded before Flop
Seat 4: Hero (big blind) collected ($0.1)


Poker Hand #HD1846950530: Hold'em No Limit ($0.05/$0.1) - 2024/07/07 16:23:24
Table 'NLHRed62' 6-max Seat #4 is the button
Seat 1: fc0a493 ($12.08 in chips)
Seat 4: Hero ($10 in chips)
Hero: posts small blind $0.05
fc0a493: posts big blind $0.1
*** HOLE CARDS ***
Dealt to fc0a493 
Dealt to Hero [Qs 7c]
Hero: folds
Uncalled bet ($0.05) returned to fc0a493
*** SHOWDOWN ***
fc0a493 collected $0.1 from pot
*** SUMMARY ***
Total pot $0.1 | Rake $0 | Jackpot $0 | Bingo $0 | Fortune $0 | Tax $0
Seat 1: fc0a493 (big blind) collected ($0.1)
Seat 4: Hero (small blind) folded before Flop


Poker Hand #HD1846950496: Hold'em No Limit ($0.05/$0.1) - 2024/07/07 16:23:09
Table 'NLHRed62' 6-max Seat #3 is the button
Seat 1: fc0a493 ($12.18 in chips)
Seat 3: cd287907 ($20.25 in chips)
Seat 4: Hero ($10 in chips)
Hero: posts small blind $0.05
fc0a493: posts big blind $0.1
*** HOLE CARDS ***
Dealt to fc0a493 
Dealt to cd287907 
Dealt to Hero [Qs 9c]
cd287907: raises $0.15 to $0.25
Hero: folds
fc0a493: folds
Uncalled bet ($0.15) returned to cd287907
*** SHOWDOWN ***
cd287907 collected $0.25 from pot
*** SUMMARY ***
Total pot $0.25 | Rake $0 | Jackpot $0 | Bingo $0 | Fortune $0 | Tax $0
Seat 1: fc0a493 (big blind) folded before Flop
Seat 3: cd287907 (button) collected ($0.25)
Seat 4: Hero (small blind) folded before Flop


Poker Hand #HD1846950473: Hold'em No Limit ($0.05/$0.1) - 2024/07/07 16:22:53
Table 'NLHRed62' 6-max Seat #1 is the button
Seat 1: fc0a493 ($12.18 in chips)
Seat 3: cd287907 ($20.15 in chips)
Seat 4: Hero ($10 in chips)
cd287907: posts small blind $0.05
Hero: posts big blind $0.1
*** HOLE CARDS ***
Dealt to fc0a493 
Dealt to cd287907 
Dealt to Hero [8h 2s]
fc0a493: folds
cd287907: raises $0.2 to $0.3
Hero: folds
Uncalled bet ($0.2) returned to cd287907
*** SHOWDOWN ***
cd287907 collected $0.2 from pot
*** SUMMARY ***
Total pot $0.2 | Rake $0 | Jackpot $0 | Bingo $0 | Fortune $0 | Tax $0
Seat 1: fc0a493 (button) folded before Flop (didn't bet)
Seat 3: cd287907 (small blind) collected ($0.2)
Seat 4: Hero (big blind) folded before Flop


Poker Hand #HD1846950453: Hold'em No Limit ($0.05/$0.1) - 2024/07/07 16:22:41
Table 'NLHRed62' 6-max Seat #4 is the button
Seat 1: fc0a493 ($12.23 in chips)
Seat 3: cd287907 ($20.1 in chips)
Seat 4: Hero ($10 in chips)
fc0a493: posts small blind $0.05
cd287907: posts big blind $0.1
*** HOLE CARDS ***
Dealt to fc0a493 
Dealt to cd287907 
Dealt to Hero [5c Kh]
Hero: folds
fc0a493: folds
Uncalled bet ($0.05) returned to cd287907
*** SHOWDOWN ***
cd287907 collected $0.1 from pot
*** SUMMARY ***
Total pot $0.1 | Rake $0 | Jackpot $0 | Bingo $0 | Fortune $0 | Tax $0
Seat 1: fc0a493 (small blind) folded before Flop
Seat 3: cd287907 (big blind) collected ($0.1)
Seat 4: Hero (button) folded before Flop (didn't bet)


Poker Hand #HD1846950435: Hold'em No Limit ($0.05/$0.1) - 2024/07/07 16:22:33
Table 'NLHRed62' 6-max Seat #3 is the button
Seat 1: fc0a493 ($12.33 in chips)
Seat 3: cd287907 ($19.95 in chips)
Seat 4: Hero ($10 in chips)
Hero: posts small blind $0.05
fc0a493: posts big blind $0.1
*** HOLE CARDS ***
Dealt to fc0a493 
Dealt to cd287907 
Dealt to Hero [2h 5d]
cd287907: raises $0.15 to $0.25
Hero: folds
fc0a493: folds
Uncalled bet ($0.15) returned to cd287907
*** SHOWDOWN ***
cd287907 collected $0.25 from pot
*** SUMMARY ***
Total pot $0.25 | Rake $0 | Jackpot $0 | Bingo $0 | Fortune $0 | Tax $0
Seat 1: fc0a493 (big blind) folded before Flop
Seat 3: cd287907 (button) collected ($0.25)
Seat 4: Hero (small blind) folded before Flop


Poker Hand #HD1846950411: Hold'em No Limit ($0.05/$0.1) - 2024/07/07 16:22:24
Table 'NLHRed62' 6-max Seat #1 is the button
Seat 1: fc0a493 ($12.33 in chips)
Seat 3: cd287907 ($19.85 in chips)
Seat 4: Hero ($10 in chips)
cd287907: posts small blind $0.05
Hero: posts big blind $0.1
*** HOLE CARDS ***
Dealt to fc0a493 
Dealt to cd287907 
Dealt to Hero [Jd 2d]
fc0a493: folds
cd287907: raises $0.2 to $0.3
Hero: folds
Uncalled bet ($0.2) returned to cd287907
*** SHOWDOWN ***
cd287907 collected $0.2 from pot
*** SUMMARY ***
Total pot $0.2 | Rake $0 | Jackpot $0 | Bingo $0 | Fortune $0 | Tax $0
Seat 1: fc0a493 (button) folded before Flop (didn't bet)
Seat 3: cd287907 (small blind) collected ($0.2)
Seat 4: Hero (big blind) folded before Flop


Poker Hand #HD1846950382: Hold'em No Limit ($0.05/$0.1) - 2024/07/07 16:22:08
Table 'NLHRed62' 6-max Seat #4 is the button
Seat 1: fc0a493 ($12.38 in chips)
Seat 3: cd287907 ($19.8 in chips)
Seat 4: Hero ($10 in chips)
fc0a493: posts small blind $0.05
cd287907: posts big blind $0.1
*** HOLE CARDS ***
Dealt to fc0a493 
Dealt to cd287907 
Dealt to Hero [4c Js]
Hero: folds
fc0a493: folds
Uncalled bet ($0.05) returned to cd287907
*** SHOWDOWN ***
cd287907 collected $0.1 from pot
*** SUMMARY ***
Total pot $0.1 | Rake $0 | Jackpot $0 | Bingo $0 | Fortune $0 | Tax $0
Seat 1: fc0a493 (small blind) folded before Flop
Seat 3: cd287907 (big blind) collected ($0.1)
Seat 4: Hero (button) folded before Flop (didn't bet)


Poker Hand #HD1846950253: Hold'em No Limit ($0.05/$0.1) - 2024/07/07 16:21:03
Table 'NLHRed62' 6-max Seat #3 is the button
Seat 1: fc0a493 ($12.48 in chips)
Seat 3: cd287907 ($10.15 in chips)
Seat 4: Hero ($17.43 in chips)
Hero: posts small blind $0.05
fc0a493: posts big blind $0.1
*** HOLE CARDS ***
Dealt to fc0a493 
Dealt to cd287907 
Dealt to Hero [Qs Qh]
cd287907: raises $0.2 to $0.3
Hero: raises $0.8 to $1.1
fc0a493: folds
cd287907: raises $1.3 to $2.4
Hero: raises $15.03 to $17.43 and is all-in
cd287907: calls $7.75 and is all-in
Uncalled bet ($7.28) returned to Hero
Hero: shows [Qs Qh]
cd287907: shows [Ks Kc]
*** FLOP *** [4s Td Kh]
*** TURN *** [4s Td Kh] [6c]
*** RIVER *** [4s Td Kh 6c] [Ad]
*** SHOWDOWN ***
cd287907 collected $19.8 from pot
*** SUMMARY ***
Total pot $20.4 | Rake $0.5 | Jackpot $0.1 | Bingo $0 | Fortune $0 | Tax $0
Board [4s Td Kh 6c Ad]
Seat 1: fc0a493 (big blind) folded before Flop
Seat 3: cd287907 (button) showed [Ks Kc] and won ($19.8) with Three Kings
Seat 4: Hero (small blind) showed [Qs Qh] and lost with Pair of Queens


Poker Hand #HD1846950244: Hold'em No Limit ($0.05/$0.1) - 2024/07/07 16:20:56
Table 'NLHRed62' 6-max Seat #1 is the button
Seat 1: fc0a493 ($12.48 in chips)
Seat 3: cd287907 ($10.2 in chips)
Seat 4: Hero ($17.38 in chips)
cd287907: posts small blind $0.05
Hero: posts big blind $0.1
*** HOLE CARDS ***
Dealt to fc0a493 
Dealt to cd287907 
Dealt to Hero [Kd 6c]
fc0a493: folds
cd287907: folds
Uncalled bet ($0.05) returned to Hero
*** SHOWDOWN ***
Hero collected $0.1 from pot
*** SUMMARY ***
Total pot $0.1 | Rake $0 | Jackpot $0 | Bingo $0 | Fortune $0 | Tax $0
Seat 1: fc0a493 (button) folded before Flop (didn't bet)
Seat 3: cd287907 (small blind) folded before Flop
Seat 4: Hero (big blind) collected ($0.1)


Poker Hand #HD1846950233: Hold'em No Limit ($0.05/$0.1) - 2024/07/07 16:20:49
Table 'NLHRed62' 6-max Seat #4 is the button
Seat 1: fc0a493 ($12.53 in chips)
Seat 3: cd287907 ($10.15 in chips)
Seat 4: Hero ($17.38 in chips)
fc0a493: posts small blind $0.05
cd287907: posts big blind $0.1
*** HOLE CARDS ***
Dealt to fc0a493 
Dealt to cd287907 
Dealt to Hero [Jc 9d]
Hero: folds
fc0a493: folds
Uncalled bet ($0.05) returned to cd287907
*** SHOWDOWN ***
cd287907 collected $0.1 from pot
*** SUMMARY ***
Total pot $0.1 | Rake $0 | Jackpot $0 | Bingo $0 | Fortune $0 | Tax $0
Seat 1: fc0a493 (small blind) folded before Flop
Seat 3: cd287907 (big blind) collected ($0.1)
Seat 4: Hero (button) folded before Flop (didn't bet)


Poker Hand #HD1846950203: Hold'em No Limit ($0.05/$0.1) - 2024/07/07 16:20:32
Table 'NLHRed62' 6-max Seat #3 is the button
Seat 1: fc0a493 ($12.63 in chips)
Seat 3: cd287907 ($10 in chips)
Seat 4: Hero ($17.43 in chips)
Hero: posts small blind $0.05
fc0a493: posts big blind $0.1
*** HOLE CARDS ***
Dealt to fc0a493 
Dealt to cd287907 
Dealt to Hero [9c Kc]
cd287907: raises $0.2 to $0.3
Hero: folds
fc0a493: folds
Uncalled bet ($0.2) returned to cd287907
*** SHOWDOWN ***
cd287907 collected $0.25 from pot
*** SUMMARY ***
Total pot $0.25 | Rake $0 | Jackpot $0 | Bingo $0 | Fortune $0 | Tax $0
Seat 1: fc0a493 (big blind) folded before Flop
Seat 3: cd287907 (button) collected ($0.25)
Seat 4: Hero (small blind) folded before Flop


Poker Hand #HD1846950131: Hold'em No Limit ($0.05/$0.1) - 2024/07/07 16:19:51
Table 'NLHRed62' 6-max Seat #1 is the button
Seat 1: fc0a493 ($12.63 in chips)
Seat 3: cd287907 ($10.23 in chips)
Seat 4: Hero ($15.54 in chips)
Seat 5: 688d5142 ($10.75 in chips)
Seat 6: 70fd38b4 ($13.62 in chips)
cd287907: posts small blind $0.05
Hero: posts big blind $0.1
*** HOLE CARDS ***
Dealt to fc0a493 
Dealt to cd287907 
Dealt to Hero [Kh Ks]
Dealt to 688d5142 
Dealt to 70fd38b4 
688d5142: folds
70fd38b4: folds
fc0a493: folds
cd287907: raises $0.2 to $0.3
Hero: raises $0.6 to $0.9
cd287907: raises $1.3 to $2.2
Hero: raises $13.34 to $15.54 and is all-in
cd287907: folds
Uncalled bet ($13.34) returned to Hero
*** SHOWDOWN ***
Hero collected $4.09 from pot
*** SUMMARY ***
Total pot $4.4 | Rake $0.21 | Jackpot $0.1 | Bingo $0 | Fortune $0 | Tax $0
Seat 1: fc0a493 (button) folded before Flop (didn't bet)
Seat 3: cd287907 (small blind) folded before Flop
Seat 4: Hero (big blind) collected ($4.09)
Seat 5: 688d5142 folded before Flop (didn't bet)
Seat 6: 70fd38b4 folded before Flop (didn't bet)


Poker Hand #HD1846950062: Hold'em No Limit ($0.05/$0.1) - 2024/07/07 16:19:10
Table 'NLHRed62' 6-max Seat #6 is the button
Seat 1: fc0a493 ($12.68 in chips)
Seat 3: cd287907 ($10 in chips)
Seat 4: Hero ($15.74 in chips)
Seat 5: 688d5142 ($10.75 in chips)
Seat 6: 70fd38b4 ($13.62 in chips)
fc0a493: posts small blind $0.05
cd287907: posts big blind $0.1
*** HOLE CARDS ***
Dealt to fc0a493 
Dealt to cd287907 
Dealt to Hero [Ah Jh]
Dealt to 688d5142 
Dealt to 70fd38b4 
Hero: raises $0.1 to $0.2
688d5142: folds
70fd38b4: folds
fc0a493: folds
cd287907: calls $0.1
*** FLOP *** [6d Qs 9d]
cd287907: bets $0.3
Hero: folds
Uncalled bet ($0.3) returned to cd287907
*** SHOWDOWN ***
cd287907 collected $0.43 from pot
*** SUMMARY ***
Total pot $0.45 | Rake $0.02 | Jackpot $0 | Bingo $0 | Fortune $0 | Tax $0
Board [6d Qs 9d]
Seat 1: fc0a493 (small blind) folded before Flop
Seat 3: cd287907 (big blind) won ($0.43)
Seat 4: Hero folded on the Flop
Seat 5: 688d5142 folded before Flop (didn't bet)
Seat 6: 70fd38b4 (button) folded before Flop (didn't bet)


Poker Hand #HD1846950014: Hold'em No Limit ($0.05/$0.1) - 2024/07/07 16:18:45
Table 'NLHRed62' 6-max Seat #5 is the button
Seat 1: fc0a493 ($12.78 in chips)
Seat 3: 35ea5af3 ($16.75 in chips)
Seat 4: Hero ($15.74 in chips)
Seat 5: 688d5142 ($10.75 in chips)
Seat 6: 70fd38b4 ($13.52 in chips)
70fd38b4: posts small blind $0.05
fc0a493: posts big blind $0.1
*** HOLE CARDS ***
Dealt to fc0a493 
Dealt to 35ea5af3 
Dealt to Hero [2d 7s]
Dealt to 688d5142 
Dealt to 70fd38b4 
35ea5af3: folds
Hero: folds
688d5142: folds
70fd38b4: raises $0.2 to $0.3
fc0a493: folds
Uncalled bet ($0.2) returned to 70fd38b4
*** SHOWDOWN ***
70fd38b4 collected $0.2 from pot
*** SUMMARY ***
Total pot $0.2 | Rake $0 | Jackpot $0 | Bingo $0 | Fortune $0 | Tax $0
Seat 1: fc0a493 (big blind) folded before Flop
Seat 3: 35ea5af3 folded before Flop (didn't bet)
Seat 4: Hero folded before Flop (didn't bet)
Seat 5: 688d5142 (button) folded before Flop (didn't bet)
Seat 6: 70fd38b4 (small blind) collected ($0.2)


Poker Hand #HD1846949983: Hold'em No Limit ($0.05/$0.1) - 2024/07/07 16:18:27
Table 'NLHRed62' 6-max Seat #4 is the button
Seat 1: fc0a493 ($12.78 in chips)
Seat 3: 35ea5af3 ($16.75 in chips)
Seat 4: Hero ($15.74 in chips)
Seat 5: 688d5142 ($10.65 in chips)
Seat 6: 70fd38b4 ($13.62 in chips)
688d5142: posts small blind $0.05
70fd38b4: posts big blind $0.1
*** HOLE CARDS ***
Dealt to fc0a493 
Dealt to 35ea5af3 
Dealt to Hero [6s 9h]
Dealt to 688d5142 
Dealt to 70fd38b4 
fc0a493: folds
35ea5af3: folds
Hero: folds
688d5142: raises $0.2 to $0.3
70fd38b4: folds
Uncalled bet ($0.2) returned to 688d5142
*** SHOWDOWN ***
688d5142 collected $0.2 from pot
*** SUMMARY ***
Total pot $0.2 | Rake $0 | Jackpot $0 | Bingo $0 | Fortune $0 | Tax $0
Seat 1: fc0a493 folded before Flop (didn't bet)
Seat 3: 35ea5af3 folded before Flop (didn't bet)
Seat 4: Hero (button) folded before Flop (didn't bet)
Seat 5: 688d5142 (small blind) collected ($0.2)
Seat 6: 70fd38b4 (big blind) folded before Flop


Poker Hand #HD1846949928: Hold'em No Limit ($0.05/$0.1) - 2024/07/07 16:17:56
Table 'NLHRed62' 6-max Seat #3 is the button
Seat 1: fc0a493 ($12.78 in chips)
Seat 2: 3871091e ($13.77 in chips)
Seat 3: 35ea5af3 ($16.75 in chips)
Seat 4: Hero ($15.79 in chips)
Seat 5: 688d5142 ($10.75 in chips)
Seat 6: 70fd38b4 ($13.62 in chips)
Hero: posts small blind $0.05
688d5142: posts big blind $0.1
*** HOLE CARDS ***
Dealt to fc0a493 
Dealt to 3871091e 
Dealt to 35ea5af3 
Dealt to Hero [4s 2c]
Dealt to 688d5142 
Dealt to 70fd38b4 
70fd38b4: folds
fc0a493: folds
3871091e: calls $0.1
35ea5af3: folds
Hero: folds
688d5142: checks
*** FLOP *** [8d 3c 8s]
688d5142: checks
3871091e: bets $0.19
688d5142: folds
Uncalled bet ($0.19) returned to 3871091e
*** SHOWDOWN ***
3871091e collected $0.24 from pot
*** SUMMARY ***
Total pot $0.25 | Rake $0.01 | Jackpot $0 | Bingo $0 | Fortune $0 | Tax $0
Board [8d 3c 8s]
Seat 1: fc0a493 folded before Flop (didn't bet)
Seat 2: 3871091e won ($0.24)
Seat 3: 35ea5af3 (button) folded before Flop (didn't bet)
Seat 4: Hero (small blind) folded before Flop
Seat 5: 688d5142 (big blind) folded on the Flop
Seat 6: 70fd38b4 folded before Flop (didn't bet)


Poker Hand #HD1846949831: Hold'em No Limit ($0.05/$0.1) - 2024/07/07 16:17:03
Table 'NLHRed62' 6-max Seat #2 is the button
Seat 1: fc0a493 ($12.98 in chips)
Seat 2: 3871091e ($13.97 in chips)
Seat 3: 35ea5af3 ($16.8 in chips)
Seat 4: Hero ($15.37 in chips)
Seat 5: 688d5142 ($10.75 in chips)
Seat 6: 70fd38b4 ($13.62 in chips)
35ea5af3: posts small blind $0.05
Hero: posts big blind $0.1
*** HOLE CARDS ***
Dealt to fc0a493 
Dealt to 3871091e 
Dealt to 35ea5af3 
Dealt to Hero [5d 4d]
Dealt to 688d5142 
Dealt to 70fd38b4 
688d5142: folds
70fd38b4: folds
fc0a493: raises $0.1 to $0.2
3871091e: calls $0.2
35ea5af3: folds
Hero: calls $0.1
*** FLOP *** [8d Js 8c]
Hero: checks
fc0a493: checks
3871091e: checks
*** TURN *** [8d Js 8c] [3c]
Hero: bets $0.3
fc0a493: folds
3871091e: folds
Uncalled bet ($0.3) returned to Hero
*** SHOWDOWN ***
Hero collected $0.62 from pot
*** SUMMARY ***
Total pot $0.65 | Rake $0.03 | Jackpot $0 | Bingo $0 | Fortune $0 | Tax $0
Board [8d Js 8c 3c]
Seat 1: fc0a493 folded on the Turn
Seat 2: 3871091e (button) folded on the Turn
Seat 3: 35ea5af3 (small blind) folded before Flop
Seat 4: Hero (big blind) won ($0.62)
Seat 5: 688d5142 folded before Flop (didn't bet)
Seat 6: 70fd38b4 folded before Flop (didn't bet)


Poker Hand #HD1846949358: Hold'em No Limit ($0.05/$0.1) - 2024/07/07 16:12:36
Table 'NLHRed62' 6-max Seat #1 is the button
Seat 1: fc0a493 ($12.85 in chips)
Seat 2: 3871091e ($14.89 in chips)
Seat 3: 35ea5af3 ($16.86 in chips)
Seat 4: Hero ($15.37 in chips)
Seat 5: 688d5142 ($10.85 in chips)
Seat 6: 70fd38b4 ($12.76 in chips)
3871091e: posts small blind $0.05
35ea5af3: posts big blind $0.1
*** HOLE CARDS ***
Dealt to fc0a493 
Dealt to 3871091e 
Dealt to 35ea5af3 
Dealt to Hero [Jh 7s]
Dealt to 688d5142 
Dealt to 70fd38b4 
Hero: folds
688d5142: folds
70fd38b4: folds
fc0a493: raises $0.1 to $0.2
3871091e: calls $0.15
35ea5af3: folds
*** FLOP *** [Qd Qh Ad]
3871091e: checks
fc0a493: checks
*** TURN *** [Qd Qh Ad] [6d]
3871091e: checks
fc0a493: bets $0.35
3871091e: folds
Uncalled bet ($0.35) returned to fc0a493
*** SHOWDOWN ***
fc0a493 collected $0.48 from pot
*** SUMMARY ***
Total pot $0.5 | Rake $0.02 | Jackpot $0 | Bingo $0 | Fortune $0 | Tax $0
Board [Qd Qh Ad 6d]
Seat 1: fc0a493 (button) won ($0.48)
Seat 2: 3871091e (small blind) folded on the Turn
Seat 3: 35ea5af3 (big blind) folded before Flop
Seat 4: Hero folded before Flop (didn't bet)
Seat 5: 688d5142 folded before Flop (didn't bet)
Seat 6: 70fd38b4 folded before Flop (didn't bet)


Poker Hand #HD1846949269: Hold'em No Limit ($0.05/$0.1) - 2024/07/07 16:11:41
Table 'NLHRed62' 6-max Seat #6 is the button
Seat 1: fc0a493 ($12.9 in chips)
Seat 2: 3871091e ($21.12 in chips)
Seat 3: 35ea5af3 ($11.3 in chips)
Seat 4: Hero ($15.37 in chips)
Seat 5: 688d5142 ($10.85 in chips)
Seat 6: 70fd38b4 ($12.76 in chips)
fc0a493: posts small blind $0.05
3871091e: posts big blind $0.1
*** HOLE CARDS ***
Dealt to fc0a493 
Dealt to 3871091e 
Dealt to 35ea5af3 
Dealt to Hero [5s 6s]
Dealt to 688d5142 
Dealt to 70fd38b4 
35ea5af3: raises $0.2 to $0.3
Hero: folds
688d5142: folds
70fd38b4: folds
fc0a493: folds
3871091e: calls $0.2
*** FLOP *** [Kh Tc 7h]
3871091e: bets $0.22
35ea5af3: calls $0.22
*** TURN *** [Kh Tc 7h] [Ks]
3871091e: bets $0.36
35ea5af3: calls $0.36
*** RIVER *** [Kh Tc 7h Ks] [Jh]
3871091e: bets $0.6
35ea5af3: raises $2.26 to $2.86
3871091e: raises $2.49 to $5.35
35ea5af3: calls $2.49
3871091e: shows [Kd 6h] (Three Kings)
35ea5af3: shows [Ah Qd] (Aces-High Straight)
*** SHOWDOWN ***
35ea5af3 collected $11.79 from pot
*** SUMMARY ***
Total pot $12.51 | Rake $0.62 | Jackpot $0.1 | Bingo $0 | Fortune $0 | Tax $0
Board [Kh Tc 7h Ks Jh]
Seat 1: fc0a493 (small blind) folded before Flop
Seat 2: 3871091e (big blind) showed [Kd 6h] and lost with Three Kings
Seat 3: 35ea5af3 showed [Ah Qd] and won ($11.79) with Aces-High Straight
Seat 4: Hero folded before Flop (didn't bet)
Seat 5: 688d5142 folded before Flop (didn't bet)
Seat 6: 70fd38b4 (button) folded before Flop (didn't bet)


Poker Hand #HD1846949231: Hold'em No Limit ($0.05/$0.1) - 2024/07/07 16:11:23
Table 'NLHRed62' 6-max Seat #5 is the button
Seat 1: fc0a493 ($13 in chips)
Seat 2: 3871091e ($21.12 in chips)
Seat 3: 35ea5af3 ($11.15 in chips)
Seat 4: Hero ($15.37 in chips)
Seat 5: 688d5142 ($10.85 in chips)
Seat 6: 70fd38b4 ($12.81 in chips)
70fd38b4: posts small blind $0.05
fc0a493: posts big blind $0.1
*** HOLE CARDS ***
Dealt to fc0a493 
Dealt to 3871091e 
Dealt to 35ea5af3 
Dealt to Hero [7c 3c]
Dealt to 688d5142 
Dealt to 70fd38b4 
3871091e: folds
35ea5af3: raises $0.2 to $0.3
Hero: folds
688d5142: folds
70fd38b4: folds
fc0a493: folds
Uncalled bet ($0.2) returned to 35ea5af3
*** SHOWDOWN ***
35ea5af3 collected $0.25 from pot
*** SUMMARY ***
Total pot $0.25 | Rake $0 | Jackpot $0 | Bingo $0 | Fortune $0 | Tax $0
Seat 1: fc0a493 (big blind) folded before Flop
Seat 2: 3871091e folded before Flop (didn't bet)
Seat 3: 35ea5af3 collected ($0.25)
Seat 4: Hero folded before Flop (didn't bet)
Seat 5: 688d5142 (button) folded before Flop (didn't bet)
Seat 6: 70fd38b4 (small blind) folded before Flop


Poker Hand #HD1846949060: Hold'em No Limit ($0.05/$0.1) - 2024/07/07 16:09:57
Table 'NLHRed62' 6-max Seat #4 is the button
Seat 1: fc0a493 ($13 in chips)
Seat 2: 3871091e ($26.34 in chips)
Seat 3: 35ea5af3 ($11.15 in chips)
Seat 4: Hero ($10.62 in chips)
Seat 5: 688d5142 ($10.9 in chips)
Seat 6: 70fd38b4 ($12.91 in chips)
688d5142: posts small blind $0.05
70fd38b4: posts big blind $0.1
*** HOLE CARDS ***
Dealt to fc0a493 
Dealt to 3871091e 
Dealt to 35ea5af3 
Dealt to Hero [Jc Ks]
Dealt to 688d5142 
Dealt to 70fd38b4 
fc0a493: folds
3871091e: calls $0.1
35ea5af3: folds
Hero: raises $0.3 to $0.4
688d5142: folds
70fd38b4: folds
3871091e: calls $0.3
*** FLOP *** [Ad Kh Kc]
3871091e: bets $0.32
Hero: calls $0.32
*** TURN *** [Ad Kh Kc] [3s]
3871091e: bets $0.53
Hero: raises $0.87 to $1.4
3871091e: calls $0.87
*** RIVER *** [Ad Kh Kc 3s] [2c]
3871091e: checks
Hero: bets $3.1
3871091e: calls $3.1
Hero: shows [Jc Ks] (Three Kings)
3871091e: shows [As Th] (Pair of Aces and Pair of Kings)
*** SHOWDOWN ***
Hero collected $9.97 from pot
*** SUMMARY ***
Total pot $10.59 | Rake $0.52 | Jackpot $0.1 | Bingo $0 | Fortune $0 | Tax $0
Board [Ad Kh Kc 3s 2c]
Seat 1: fc0a493 folded before Flop (didn't bet)
Seat 2: 3871091e showed [As Th] and lost with Pair of Aces and Pair of Kings
Seat 3: 35ea5af3 folded before Flop (didn't bet)
Seat 4: Hero (button) showed [Jc Ks] and won ($9.97) with Three Kings
Seat 5: 688d5142 (small blind) folded before Flop
Seat 6: 70fd38b4 (big blind) folded before Flop


Poker Hand #HD1846948992: Hold'em No Limit ($0.05/$0.1) - 2024/07/07 16:09:23
Table 'NLHRed62' 6-max Seat #3 is the button
Seat 1: fc0a493 ($13 in chips)
Seat 2: 3871091e ($26.34 in chips)
Seat 3: 35ea5af3 ($11.45 in chips)
Seat 4: Hero ($10.67 in chips)
Seat 5: 688d5142 ($10.58 in chips)
Seat 6: 70fd38b4 ($12.91 in chips)
Hero: posts small blind $0.05
688d5142: posts big blind $0.1
*** HOLE CARDS ***
Dealt to fc0a493 
Dealt to 3871091e 
Dealt to 35ea5af3 
Dealt to Hero [7d 2h]
Dealt to 688d5142 
Dealt to 70fd38b4 
70fd38b4: folds
fc0a493: folds
3871091e: folds
35ea5af3: raises $0.2 to $0.3
Hero: folds
688d5142: raises $0.9 to $1.2
35ea5af3: folds
Uncalled bet ($0.9) returned to 688d5142
*** SHOWDOWN ***
688d5142 collected $0.62 from pot
*** SUMMARY ***
Total pot $0.65 | Rake $0.03 | Jackpot $0 | Bingo $0 | Fortune $0 | Tax $0
Seat 1: fc0a493 folded before Flop (didn't bet)
Seat 2: 3871091e folded before Flop (didn't bet)
Seat 3: 35ea5af3 (button) folded before Flop
Seat 4: Hero (small blind) folded before Flop
Seat 5: 688d5142 (big blind) collected ($0.62)
Seat 6: 70fd38b4 folded before Flop (didn't bet)


Poker Hand #HD1846948954: Hold'em No Limit ($0.05/$0.1) - 2024/07/07 16:09:05
Table 'NLHRed62' 6-max Seat #2 is the button
Seat 1: fc0a493 ($13 in chips)
Seat 2: 3871091e ($26.34 in chips)
Seat 3: 35ea5af3 ($11.5 in chips)
Seat 4: Hero ($10.62 in chips)
Seat 5: 688d5142 ($10.58 in chips)
Seat 6: 70fd38b4 ($12.91 in chips)
35ea5af3: posts small blind $0.05
Hero: posts big blind $0.1
*** HOLE CARDS ***
Dealt to fc0a493 
Dealt to 3871091e 
Dealt to 35ea5af3 
Dealt to Hero [9s 5s]
Dealt to 688d5142 
Dealt to 70fd38b4 
688d5142: folds
70fd38b4: folds
fc0a493: folds
3871091e: folds
35ea5af3: folds
Uncalled bet ($0.05) returned to Hero
*** SHOWDOWN ***
Hero collected $0.1 from pot
*** SUMMARY ***
Total pot $0.1 | Rake $0 | Jackpot $0 | Bingo $0 | Fortune $0 | Tax $0
Seat 1: fc0a493 folded before Flop (didn't bet)
Seat 2: 3871091e (button) folded before Flop (didn't bet)
Seat 3: 35ea5af3 (small blind) folded before Flop
Seat 4: Hero (big blind) collected ($0.1)
Seat 5: 688d5142 folded before Flop (didn't bet)
Seat 6: 70fd38b4 folded before Flop (didn't bet)


Poker Hand #HD1846948885: Hold'em No Limit ($0.05/$0.1) - 2024/07/07 16:08:29
Table 'NLHRed62' 6-max Seat #1 is the button
Seat 1: fc0a493 ($13 in chips)
Seat 2: 3871091e ($26.39 in chips)
Seat 3: 35ea5af3 ($11.6 in chips)
Seat 4: Hero ($10.82 in chips)
Seat 5: 688d5142 ($10.58 in chips)
Seat 6: 70fd38b4 ($12.58 in chips)
3871091e: posts small blind $0.05
35ea5af3: posts big blind $0.1
*** HOLE CARDS ***
Dealt to fc0a493 
Dealt to 3871091e 
Dealt to 35ea5af3 
Dealt to Hero [7c 7d]
Dealt to 688d5142 
Dealt to 70fd38b4 
Hero: raises $0.1 to $0.2
688d5142: folds
70fd38b4: raises $0.55 to $0.75
fc0a493: folds
3871091e: folds
35ea5af3: folds
Hero: folds
Uncalled bet ($0.55) returned to 70fd38b4
*** SHOWDOWN ***
70fd38b4 collected $0.53 from pot
*** SUMMARY ***
Total pot $0.55 | Rake $0.02 | Jackpot $0 | Bingo $0 | Fortune $0 | Tax $0
Seat 1: fc0a493 (button) folded before Flop (didn't bet)
Seat 2: 3871091e (small blind) folded before Flop
Seat 3: 35ea5af3 (big blind) folded before Flop
Seat 4: Hero folded before Flop
Seat 5: 688d5142 folded before Flop (didn't bet)
Seat 6: 70fd38b4 collected ($0.53)


Poker Hand #HD1846948841: Hold'em No Limit ($0.05/$0.1) - 2024/07/07 16:08:00
Table 'NLHRed62' 6-max Seat #6 is the button
Seat 1: fc0a493 ($13.05 in chips)
Seat 2: 3871091e ($26.49 in chips)
Seat 3: 35ea5af3 ($11.45 in chips)
Seat 4: Hero ($10.82 in chips)
Seat 5: 688d5142 ($10.58 in chips)
Seat 6: 70fd38b4 ($12.58 in chips)
fc0a493: posts small blind $0.05
3871091e: posts big blind $0.1
*** HOLE CARDS ***
Dealt to fc0a493 
Dealt to 3871091e 
Dealt to 35ea5af3 
Dealt to Hero [5s 2s]
Dealt to 688d5142 
Dealt to 70fd38b4 
35ea5af3: raises $0.2 to $0.3
Hero: folds
688d5142: folds
70fd38b4: folds
fc0a493: folds
3871091e: folds
Uncalled bet ($0.2) returned to 35ea5af3
*** SHOWDOWN ***
35ea5af3 collected $0.25 from pot
*** SUMMARY ***
Total pot $0.25 | Rake $0 | Jackpot $0 | Bingo $0 | Fortune $0 | Tax $0
Seat 1: fc0a493 (small blind) folded before Flop
Seat 2: 3871091e (big blind) folded before Flop
Seat 3: 35ea5af3 collected ($0.25)
Seat 4: Hero folded before Flop (didn't bet)
Seat 5: 688d5142 folded before Flop (didn't bet)
Seat 6: 70fd38b4 (button) folded before Flop (didn't bet)


Poker Hand #HD1846948655: Hold'em No Limit ($0.05/$0.1) - 2024/07/07 16:06:24
Table 'NLHRed62' 6-max Seat #5 is the button
Seat 1: fc0a493 ($13.15 in chips)
Seat 2: 3871091e ($25.98 in chips)
Seat 3: 35ea5af3 ($11.45 in chips)
Seat 4: Hero ($11.22 in chips)
Seat 5: 688d5142 ($10.58 in chips)
Seat 6: 70fd38b4 ($12.63 in chips)
70fd38b4: posts small blind $0.05
fc0a493: posts big blind $0.1
*** HOLE CARDS ***
Dealt to fc0a493 
Dealt to 3871091e 
Dealt to 35ea5af3 
Dealt to Hero [Kc Ks]
Dealt to 688d5142 
Dealt to 70fd38b4 
3871091e: calls $0.1
35ea5af3: folds
Hero: raises $0.3 to $0.4
688d5142: folds
70fd38b4: folds
fc0a493: folds
3871091e: calls $0.3
*** FLOP *** [Jc Ad 9c]
3871091e: checks
Hero: checks
*** TURN *** [Jc Ad 9c] [2h]
3871091e: bets $0.95
Hero: folds
Uncalled bet ($0.95) returned to 3871091e
*** SHOWDOWN ***
3871091e collected $0.91 from pot
*** SUMMARY ***
Total pot $0.95 | Rake $0.04 | Jackpot $0 | Bingo $0 | Fortune $0 | Tax $0
Board [Jc Ad 9c 2h]
Seat 1: fc0a493 (big blind) folded before Flop
Seat 2: 3871091e won ($0.91)
Seat 3: 35ea5af3 folded before Flop (didn't bet)
Seat 4: Hero folded on the Turn
Seat 5: 688d5142 (button) folded before Flop (didn't bet)
Seat 6: 70fd38b4 (small blind) folded before Flop


Poker Hand #HD1846948557: Hold'em No Limit ($0.05/$0.1) - 2024/07/07 16:05:26
Table 'NLHRed62' 6-max Seat #4 is the button
Seat 1: fc0a493 ($13.37 in chips)
Seat 2: 3871091e ($25.64 in chips)
Seat 3: 35ea5af3 ($11.45 in chips)
Seat 4: Hero ($11.22 in chips)
Seat 5: 688d5142 ($10.63 in chips)
Seat 6: 70fd38b4 ($12.73 in chips)
688d5142: posts small blind $0.05
70fd38b4: posts big blind $0.1
*** HOLE CARDS ***
Dealt to fc0a493 
Dealt to 3871091e 
Dealt to 35ea5af3 
Dealt to Hero [Qd 4s]
Dealt to 688d5142 
Dealt to 70fd38b4 
fc0a493: raises $0.12 to $0.22
3871091e: calls $0.22
35ea5af3: folds
Hero: folds
688d5142: folds
70fd38b4: folds
*** FLOP *** [6h 6d Td]
fc0a493: checks
3871091e: checks
*** TURN *** [6h 6d Td] [5d]
fc0a493: checks
3871091e: checks
*** RIVER *** [6h 6d Td 5d] [Kh]
fc0a493: checks
3871091e: checks
fc0a493: shows [As 3s] (Pair of Sixes)
3871091e: shows [5h Ad] (Pair of Sixes and Pair of Fives)
*** SHOWDOWN ***
3871091e collected $0.56 from pot
*** SUMMARY ***
Total pot $0.59 | Rake $0.03 | Jackpot $0 | Bingo $0 | Fortune $0 | Tax $0
Board [6h 6d Td 5d Kh]
Seat 1: fc0a493 showed [As 3s] and lost with Pair of Sixes
Seat 2: 3871091e showed [5h Ad] and won ($0.56) with Pair of Sixes and Pair of Fives
Seat 3: 35ea5af3 folded before Flop (didn't bet)
Seat 4: Hero (button) folded before Flop (didn't bet)
Seat 5: 688d5142 (small blind) folded before Flop
Seat 6: 70fd38b4 (big blind) folded before Flop


Poker Hand #HD1846948507: Hold'em No Limit ($0.05/$0.1) - 2024/07/07 16:04:58
Table 'NLHRed62' 6-max Seat #3 is the button
Seat 1: fc0a493 ($13.37 in chips)
Seat 2: 3871091e ($25.5 in chips)
Seat 3: 35ea5af3 ($11.45 in chips)
Seat 4: Hero ($11.27 in chips)
Seat 5: 688d5142 ($10.73 in chips)
Hero: posts small blind $0.05
688d5142: posts big blind $0.1
*** HOLE CARDS ***
Dealt to fc0a493 
Dealt to 3871091e 
Dealt to 35ea5af3 
Dealt to Hero [Ad 7c]
Dealt to 688d5142 
fc0a493: folds
3871091e: calls $0.1
35ea5af3: folds
Hero: folds
688d5142: checks
*** FLOP *** [Th 8c 7h]
688d5142: checks
3871091e: checks
*** TURN *** [Th 8c 7h] [Js]
688d5142: checks
3871091e: bets $0.13
688d5142: folds
Uncalled bet ($0.13) returned to 3871091e
*** SHOWDOWN ***
3871091e collected $0.24 from pot
*** SUMMARY ***
Total pot $0.25 | Rake $0.01 | Jackpot $0 | Bingo $0 | Fortune $0 | Tax $0
Board [Th 8c 7h Js]
Seat 1: fc0a493 folded before Flop (didn't bet)
Seat 2: 3871091e won ($0.24)
Seat 3: 35ea5af3 (button) folded before Flop (didn't bet)
Seat 4: Hero (small blind) folded before Flop
Seat 5: 688d5142 (big blind) folded on the Turn


Poker Hand #HD1846948296: Hold'em No Limit ($0.05/$0.1) - 2024/07/07 16:03:03
Table 'NLHRed62' 6-max Seat #2 is the button
Seat 1: fc0a493 ($13.84 in chips)
Seat 2: 3871091e ($25.98 in chips)
Seat 3: 35ea5af3 ($11.5 in chips)
Seat 4: Hero ($11.37 in chips)
Seat 5: 688d5142 ($10.73 in chips)
35ea5af3: posts small blind $0.05
Hero: posts big blind $0.1
*** HOLE CARDS ***
Dealt to fc0a493 
Dealt to 3871091e 
Dealt to 35ea5af3 
Dealt to Hero [8d Js]
Dealt to 688d5142 
688d5142: folds
fc0a493: raises $0.12 to $0.22
3871091e: calls $0.22
35ea5af3: folds
Hero: folds
*** FLOP *** [Ah Kc Qs]
fc0a493: checks
3871091e: bets $0.2
fc0a493: calls $0.2
*** TURN *** [Ah Kc Qs] [5h]
fc0a493: checks
3871091e: bets $0.33
fc0a493: calls $0.33
*** RIVER *** [Ah Kc Qs 5h] [Ac]
fc0a493: bets $1.24
3871091e: raises $23.99 to $25.23 and is all-in
fc0a493: calls $11.85 and is all-in
Uncalled bet ($12.14) returned to 3871091e
3871091e: shows [Ad Th] (Three Aces)
fc0a493: shows [As Ts] (Three Aces)
*** SHOWDOWN ***
fc0a493 collected $13.37 from pot
3871091e collected $13.36 from pot
*** SUMMARY ***
Total pot $27.83 | Rake $1 | Jackpot $0.1 | Bingo $0 | Fortune $0 | Tax $0
Board [Ah Kc Qs 5h Ac]
Seat 1: fc0a493 showed [As Ts] and won ($13.37) with Three Aces
Seat 2: 3871091e (button) showed [Ad Th] and won ($13.36) with Three Aces
Seat 3: 35ea5af3 (small blind) folded before Flop
Seat 4: Hero (big blind) folded before Flop
Seat 5: 688d5142 folded before Flop (didn't bet)


Poker Hand #HD1846948265: Hold'em No Limit ($0.05/$0.1) - 2024/07/07 16:02:47
Table 'NLHRed62' 6-max Seat #1 is the button
Seat 1: fc0a493 ($13.84 in chips)
Seat 2: 3871091e ($26.03 in chips)
Seat 3: 35ea5af3 ($11.6 in chips)
Seat 4: Hero ($11.37 in chips)
Seat 5: 688d5142 ($10.58 in chips)
3871091e: posts small blind $0.05
35ea5af3: posts big blind $0.1
*** HOLE CARDS ***
Dealt to fc0a493 
Dealt to 3871091e 
Dealt to 35ea5af3 
Dealt to Hero [8s 5c]
Dealt to 688d5142 
Hero: folds
688d5142: raises $0.15 to $0.25
fc0a493: folds
3871091e: folds
35ea5af3: folds
Uncalled bet ($0.15) returned to 688d5142
*** SHOWDOWN ***
688d5142 collected $0.25 from pot
*** SUMMARY ***
Total pot $0.25 | Rake $0 | Jackpot $0 | Bingo $0 | Fortune $0 | Tax $0
Seat 1: fc0a493 (button) folded before Flop (didn't bet)
Seat 2: 3871091e (small blind) folded before Flop
Seat 3: 35ea5af3 (big blind) folded before Flop
Seat 4: Hero folded before Flop (didn't bet)
Seat 5: 688d5142 collected ($0.25)


Poker Hand #HD1846948193: Hold'em No Limit ($0.05/$0.1) - 2024/07/07 16:02:07
Table 'NLHRed62' 6-max Seat #5 is the button
Seat 1: fc0a493 ($13.89 in chips)
Seat 2: 3871091e ($25.58 in chips)
Seat 3: 35ea5af3 ($11.6 in chips)
Seat 4: Hero ($11.37 in chips)
Seat 5: 688d5142 ($11.02 in chips)
fc0a493: posts small blind $0.05
3871091e: posts big blind $0.1
*** HOLE CARDS ***
Dealt to fc0a493 
Dealt to 3871091e 
Dealt to 35ea5af3 
Dealt to Hero [3c Qs]
Dealt to 688d5142 
35ea5af3: folds
Hero: folds
688d5142: raises $0.15 to $0.25
fc0a493: folds
3871091e: calls $0.15
*** FLOP *** [2c 2s 8s]
3871091e: checks
688d5142: bets $0.19
3871091e: raises $0.31 to $0.5
688d5142: folds
Uncalled bet ($0.31) returned to 3871091e
3871091e: shows [Js Jh] (Pair of Jacks and Pair of Twos)
*** SHOWDOWN ***
3871091e collected $0.89 from pot
*** SUMMARY ***
Total pot $0.93 | Rake $0.04 | Jackpot $0 | Bingo $0 | Fortune $0 | Tax $0
Board [2c 2s 8s]
Seat 1: fc0a493 (small blind) folded before Flop
Seat 2: 3871091e (big blind) showed [Js Jh] and won ($0.89)
Seat 3: 35ea5af3 folded before Flop (didn't bet)
Seat 4: Hero folded before Flop (didn't bet)
Seat 5: 688d5142 (button) folded on the Flop


Poker Hand #HD1846948163: Hold'em No Limit ($0.05/$0.1) - 2024/07/07 16:01:51
Table 'NLHRed62' 6-max Seat #4 is the button
Seat 1: fc0a493 ($13.84 in chips)
Seat 2: 3871091e ($25.58 in chips)
Seat 3: 35ea5af3 ($11.6 in chips)
Seat 4: Hero ($11.37 in chips)
Seat 5: 688d5142 ($11.07 in chips)
688d5142: posts small blind $0.05
fc0a493: posts big blind $0.1
*** HOLE CARDS ***
Dealt to fc0a493 
Dealt to 3871091e 
Dealt to 35ea5af3 
Dealt to Hero [Ks 8c]
Dealt to 688d5142 
3871091e: folds
35ea5af3: folds
Hero: folds
688d5142: folds
Uncalled bet ($0.05) returned to fc0a493
*** SHOWDOWN ***
fc0a493 collected $0.1 from pot
*** SUMMARY ***
Total pot $0.1 | Rake $0 | Jackpot $0 | Bingo $0 | Fortune $0 | Tax $0
Seat 1: fc0a493 (big blind) collected ($0.1)
Seat 2: 3871091e folded before Flop (didn't bet)
Seat 3: 35ea5af3 folded before Flop (didn't bet)
Seat 4: Hero (button) folded before Flop (didn't bet)
Seat 5: 688d5142 (small blind) folded before Flop


Poker Hand #HD1846948050: Hold'em No Limit ($0.05/$0.1) - 2024/07/07 16:00:50
Table 'NLHRed62' 6-max Seat #3 is the button
Seat 1: fc0a493 ($14.51 in chips)
Seat 2: 3871091e ($25.58 in chips)
Seat 3: 35ea5af3 ($10.85 in chips)
Seat 4: Hero ($11.42 in chips)
Seat 5: 688d5142 ($11.17 in chips)
Hero: posts small blind $0.05
688d5142: posts big blind $0.1
*** HOLE CARDS ***
Dealt to fc0a493 
Dealt to 3871091e 
Dealt to 35ea5af3 
Dealt to Hero [8c 6d]
Dealt to 688d5142 
fc0a493: raises $0.12 to $0.22
3871091e: folds
35ea5af3: raises $0.45 to $0.67
Hero: folds
688d5142: folds
fc0a493: calls $0.45
*** FLOP *** [3d Td 2h]
fc0a493: checks
35ea5af3: bets $0.75
fc0a493: folds
Uncalled bet ($0.75) returned to 35ea5af3
*** SHOWDOWN ***
35ea5af3 collected $1.42 from pot
*** SUMMARY ***
Total pot $1.49 | Rake $0.07 | Jackpot $0 | Bingo $0 | Fortune $0 | Tax $0
Board [3d Td 2h]
Seat 1: fc0a493 folded on the Flop
Seat 2: 3871091e folded before Flop (didn't bet)
Seat 3: 35ea5af3 (button) won ($1.42)
Seat 4: Hero (small blind) folded before Flop
Seat 5: 688d5142 (big blind) folded before Flop


Poker Hand #HD1846948022: Hold'em No Limit ($0.05/$0.1) - 2024/07/07 16:00:30
Table 'NLHRed62' 6-max Seat #2 is the button
Seat 1: fc0a493 ($14.51 in chips)
Seat 2: 3871091e ($25.58 in chips)
Seat 3: 35ea5af3 ($10.9 in chips)
Seat 4: Hero ($11.37 in chips)
Seat 5: 688d5142 ($11.17 in chips)
35ea5af3: posts small blind $0.05
Hero: posts big blind $0.1
*** HOLE CARDS ***
Dealt to fc0a493 
Dealt to 3871091e 
Dealt to 35ea5af3 
Dealt to Hero [2d 9h]
Dealt to 688d5142 
688d5142: folds
fc0a493: folds
3871091e: folds
35ea5af3: folds
Uncalled bet ($0.05) returned to Hero
*** SHOWDOWN ***
Hero collected $0.1 from pot
*** SUMMARY ***
Total pot $0.1 | Rake $0 | Jackpot $0 | Bingo $0 | Fortune $0 | Tax $0
Seat 1: fc0a493 folded before Flop (didn't bet)
Seat 2: 3871091e (button) folded before Flop (didn't bet)
Seat 3: 35ea5af3 (small blind) folded before Flop
Seat 4: Hero (big blind) collected ($0.1)
Seat 5: 688d5142 folded before Flop (didn't bet)


Poker Hand #HD1846947985: Hold'em No Limit ($0.05/$0.1) - 2024/07/07 16:00:14
Table 'NLHRed62' 6-max Seat #1 is the button
Seat 1: fc0a493 ($14.51 in chips)
Seat 2: 3871091e ($25.63 in chips)
Seat 3: 35ea5af3 ($11 in chips)
Seat 4: Hero ($11.37 in chips)
Seat 5: 688d5142 ($11.02 in chips)
3871091e: posts small blind $0.05
35ea5af3: posts big blind $0.1
*** HOLE CARDS ***
Dealt to fc0a493 
Dealt to 3871091e 
Dealt to 35ea5af3 
Dealt to Hero [9s 4c]
Dealt to 688d5142 
Hero: folds
688d5142: raises $0.15 to $0.25
fc0a493: folds
3871091e: folds
35ea5af3: folds
Uncalled bet ($0.15) returned to 688d5142
*** SHOWDOWN ***
688d5142 collected $0.25 from pot
*** SUMMARY ***
Total pot $0.25 | Rake $0 | Jackpot $0 | Bingo $0 | Fortune $0 | Tax $0
Seat 1: fc0a493 (button) folded before Flop (didn't bet)
Seat 2: 3871091e (small blind) folded before Flop
Seat 3: 35ea5af3 (big blind) folded before Flop
Seat 4: Hero folded before Flop (didn't bet)
Seat 5: 688d5142 collected ($0.25)


Poker Hand #HD1846947876: Hold'em No Limit ($0.05/$0.1) - 2024/07/07 15:59:12
Table 'NLHRed62' 6-max Seat #5 is the button
Seat 1: fc0a493 ($14.56 in chips)
Seat 2: 3871091e ($24.62 in chips)
Seat 3: 35ea5af3 ($11 in chips)
Seat 4: Hero ($11.37 in chips)
Seat 5: 688d5142 ($12.08 in chips)
fc0a493: posts small blind $0.05
3871091e: posts big blind $0.1
*** HOLE CARDS ***
Dealt to fc0a493 
Dealt to 3871091e 
Dealt to 35ea5af3 
Dealt to Hero [4d 9c]
Dealt to 688d5142 
35ea5af3: folds
Hero: folds
688d5142: raises $0.15 to $0.25
fc0a493: folds
3871091e: calls $0.15
*** FLOP *** [Tc 5d Jc]
3871091e: checks
688d5142: bets $0.19
3871091e: calls $0.19
*** TURN *** [Tc 5d Jc] [Ac]
3871091e: checks
688d5142: bets $0.62
3871091e: calls $0.62
*** RIVER *** [Tc 5d Jc Ac] [6c]
3871091e: checks
688d5142: checks
3871091e: shows [8h 8c] (Ace High Flush)
688d5142: shows [Ah 3s] (Pair of Aces)
*** SHOWDOWN ***
3871091e collected $2.07 from pot
*** SUMMARY ***
Total pot $2.17 | Rake $0.1 | Jackpot $0 | Bingo $0 | Fortune $0 | Tax $0
Board [Tc 5d Jc Ac 6c]
Seat 1: fc0a493 (small blind) folded before Flop
Seat 2: 3871091e (big blind) showed [8h 8c] and won ($2.07) with Ace High Flush
Seat 3: 35ea5af3 folded before Flop (didn't bet)
Seat 4: Hero folded before Flop (didn't bet)
Seat 5: 688d5142 (button) showed [Ah 3s] and lost with Pair of Aces


Poker Hand #HD1846947843: Hold'em No Limit ($0.05/$0.1) - 2024/07/07 15:58:54
Table 'NLHRed62' 6-max Seat #4 is the button
Seat 1: fc0a493 ($14.66 in chips)
Seat 2: 3871091e ($24.62 in chips)
Seat 3: 35ea5af3 ($11 in chips)
Seat 4: Hero ($11.22 in chips)
Seat 5: 688d5142 ($12.13 in chips)
688d5142: posts small blind $0.05
fc0a493: posts big blind $0.1
*** HOLE CARDS ***
Dealt to fc0a493 
Dealt to 3871091e 
Dealt to 35ea5af3 
Dealt to Hero [Kd Qc]
Dealt to 688d5142 
3871091e: folds
35ea5af3: folds
Hero: raises $0.14 to $0.24
688d5142: folds
fc0a493: folds
Uncalled bet ($0.14) returned to Hero
*** SHOWDOWN ***
Hero collected $0.25 from pot
*** SUMMARY ***
Total pot $0.25 | Rake $0 | Jackpot $0 | Bingo $0 | Fortune $0 | Tax $0
Seat 1: fc0a493 (big blind) folded before Flop
Seat 2: 3871091e folded before Flop (didn't bet)
Seat 3: 35ea5af3 folded before Flop (didn't bet)
Seat 4: Hero (button) collected ($0.25)
Seat 5: 688d5142 (small blind) folded before Flop


Poker Hand #HD1846947747: Hold'em No Limit ($0.05/$0.1) - 2024/07/07 15:58:03
Table 'NLHRed62' 6-max Seat #3 is the button
Seat 1: fc0a493 ($14.66 in chips)
Seat 2: 3871091e ($24.62 in chips)
Seat 3: 35ea5af3 ($11 in chips)
Seat 4: Hero ($11.27 in chips)
Seat 5: 688d5142 ($13.03 in chips)
Seat 6: 70fd38b4 ($11.87 in chips)
Hero: posts small blind $0.05
688d5142: posts big blind $0.1
*** HOLE CARDS ***
Dealt to fc0a493 
Dealt to 3871091e 
Dealt to 35ea5af3 
Dealt to Hero [4d 8c]
Dealt to 688d5142 
Dealt to 70fd38b4 
70fd38b4: raises $0.1 to $0.2
fc0a493: folds
3871091e: folds
35ea5af3: folds
Hero: folds
688d5142: raises $0.7 to $0.9
70fd38b4: calls $0.7
*** FLOP *** [9d Qs 2d]
688d5142: checks
70fd38b4: checks
*** TURN *** [9d Qs 2d] [5h]
688d5142: checks
70fd38b4: bets $1.35
688d5142: folds
Uncalled bet ($1.35) returned to 70fd38b4
*** SHOWDOWN ***
70fd38b4 collected $1.76 from pot
*** SUMMARY ***
Total pot $1.85 | Rake $0.09 | Jackpot $0 | Bingo $0 | Fortune $0 | Tax $0
Board [9d Qs 2d 5h]
Seat 1: fc0a493 folded before Flop (didn't bet)
Seat 2: 3871091e folded before Flop (didn't bet)
Seat 3: 35ea5af3 (button) folded before Flop (didn't bet)
Seat 4: Hero (small blind) folded before Flop
Seat 5: 688d5142 (big blind) folded on the Turn
Seat 6: 70fd38b4 won ($1.76)


Poker Hand #HD1846947565: Hold'em No Limit ($0.05/$0.1) - 2024/07/07 15:56:22
Table 'NLHRed62' 6-max Seat #2 is the button
Seat 1: fc0a493 ($15.08 in chips)
Seat 2: 3871091e ($25.04 in chips)
Seat 3: 35ea5af3 ($11.05 in chips)
Seat 4: Hero ($10.44 in chips)
Seat 5: 688d5142 ($13.03 in chips)
Seat 6: 70fd38b4 ($11.87 in chips)
35ea5af3: posts small blind $0.05
Hero: posts big blind $0.1
*** HOLE CARDS ***
Dealt to fc0a493 
Dealt to 3871091e 
Dealt to 35ea5af3 
Dealt to Hero [Jd 9d]
Dealt to 688d5142 
Dealt to 70fd38b4 
688d5142: folds
70fd38b4: folds
fc0a493: raises $0.1 to $0.2
3871091e: calls $0.2
35ea5af3: folds
Hero: calls $0.1
*** FLOP *** [Jh 6c 7d]
Hero: bets $0.22
fc0a493: calls $0.22
3871091e: calls $0.22
*** TURN *** [Jh 6c 7d] [Kh]
Hero: checks
fc0a493: checks
3871091e: checks
*** RIVER *** [Jh 6c 7d Kh] [Js]
Hero: checks
fc0a493: checks
3871091e: checks
Hero: shows [Jd 9d] (Three Jacks)
fc0a493: shows [Td Qd] (Pair of Jacks)
3871091e: shows [7c Ac] (Pair of Jacks and Pair of Sevens)
*** SHOWDOWN ***
Hero collected $1.25 from pot
*** SUMMARY ***
Total pot $1.31 | Rake $0.06 | Jackpot $0 | Bingo $0 | Fortune $0 | Tax $0
Board [Jh 6c 7d Kh Js]
Seat 1: fc0a493 showed [Td Qd] and lost with Pair of Jacks
Seat 2: 3871091e (button) showed [7c Ac] and lost with Pair of Jacks and Pair of Sevens
Seat 3: 35ea5af3 (small blind) folded before Flop
Seat 4: Hero (big blind) showed [Jd 9d] and won ($1.25) with Three Jacks
Seat 5: 688d5142 folded before Flop (didn't bet)
Seat 6: 70fd38b4 folded before Flop (didn't bet)


Poker Hand #HD1846947486: Hold'em No Limit ($0.05/$0.1) - 2024/07/07 15:55:39
Table 'NLHRed62' 6-max Seat #1 is the button
Seat 1: fc0a493 ($15.73 in chips)
Seat 2: 3871091e ($25.24 in chips)
Seat 3: 35ea5af3 ($10.27 in chips)
Seat 4: Hero ($10.44 in chips)
Seat 5: 688d5142 ($13.03 in chips)
Seat 6: 70fd38b4 ($11.87 in chips)
3871091e: posts small blind $0.05
35ea5af3: posts big blind $0.1
*** HOLE CARDS ***
Dealt to fc0a493 
Dealt to 3871091e 
Dealt to 35ea5af3 
Dealt to Hero [Kd 8s]
Dealt to 688d5142 
Dealt to 70fd38b4 
Hero: folds
688d5142: folds
70fd38b4: folds
fc0a493: raises $0.1 to $0.2
3871091e: calls $0.15
35ea5af3: calls $0.1
*** FLOP *** [2s Tc 3s]
3871091e: checks
35ea5af3: checks
fc0a493: checks
*** TURN *** [2s Tc 3s] [6c]
3871091e: checks
35ea5af3: bets $0.45
fc0a493: calls $0.45
3871091e: folds
*** RIVER *** [2s Tc 3s 6c] [2d]
35ea5af3: checks
fc0a493: checks
35ea5af3: shows [6h 5h] (Pair of Sixes and Pair of Twos)
fc0a493: shows [Jc 8c] (Pair of Twos)
*** SHOWDOWN ***
35ea5af3 collected $1.43 from pot
*** SUMMARY ***
Total pot $1.5 | Rake $0.07 | Jackpot $0 | Bingo $0 | Fortune $0 | Tax $0
Board [2s Tc 3s 6c 2d]
Seat 1: fc0a493 (button) showed [Jc 8c] and lost with Pair of Twos
Seat 2: 3871091e (small blind) folded on the Turn
Seat 3: 35ea5af3 (big blind) showed [6h 5h] and won ($1.43) with Pair of Sixes and Pair of Twos
Seat 4: Hero folded before Flop (didn't bet)
Seat 5: 688d5142 folded before Flop (didn't bet)
Seat 6: 70fd38b4 folded before Flop (didn't bet)


Poker Hand #HD1846947372: Hold'em No Limit ($0.05/$0.1) - 2024/07/07 15:54:33
Table 'NLHRed62' 6-max Seat #6 is the button
Seat 1: fc0a493 ($15.78 in chips)
Seat 2: 3871091e ($25.67 in chips)
Seat 3: 35ea5af3 ($10.27 in chips)
Seat 4: Hero ($10 in chips)
Seat 5: 688d5142 ($13.03 in chips)
Seat 6: 70fd38b4 ($11.87 in chips)
fc0a493: posts small blind $0.05
3871091e: posts big blind $0.1
*** HOLE CARDS ***
Dealt to fc0a493 
Dealt to 3871091e 
Dealt to 35ea5af3 
Dealt to Hero [Jd Ah]
Dealt to 688d5142 
Dealt to 70fd38b4 
35ea5af3: folds
Hero: raises $0.1 to $0.2
688d5142: folds
70fd38b4: folds
fc0a493: folds
3871091e: calls $0.1
*** FLOP *** [6d 5h 9h]
3871091e: checks
Hero: checks
*** TURN *** [6d 5h 9h] [Kh]
3871091e: bets $0.23
Hero: calls $0.23
*** RIVER *** [6d 5h 9h Kh] [7s]
3871091e: checks
Hero: bets $0.61
3871091e: folds
Uncalled bet ($0.61) returned to Hero
*** SHOWDOWN ***
Hero collected $0.87 from pot
*** SUMMARY ***
Total pot $0.91 | Rake $0.04 | Jackpot $0 | Bingo $0 | Fortune $0 | Tax $0
Board [6d 5h 9h Kh 7s]
Seat 1: fc0a493 (small blind) folded before Flop
Seat 2: 3871091e (big blind) folded on the River
Seat 3: 35ea5af3 folded before Flop (didn't bet)
Seat 4: Hero won ($0.87)
Seat 5: 688d5142 folded before Flop (didn't bet)
Seat 6: 70fd38b4 (button) folded before Flop (didn't bet)


Poker Hand #HD1846947339: Hold'em No Limit ($0.05/$0.1) - 2024/07/07 15:54:18
Table 'NLHRed62' 6-max Seat #5 is the button
Seat 1: fc0a493 ($15.73 in chips)
Seat 2: 3871091e ($25.67 in chips)
Seat 3: 35ea5af3 ($10.27 in chips)
Seat 4: Hero ($10 in chips)
Seat 5: 688d5142 ($13.03 in chips)
Seat 6: 70fd38b4 ($11.92 in chips)
70fd38b4: posts small blind $0.05
fc0a493: posts big blind $0.1
*** HOLE CARDS ***
Dealt to fc0a493 
Dealt to 3871091e 
Dealt to 35ea5af3 
Dealt to Hero [Qh 8s]
Dealt to 688d5142 
Dealt to 70fd38b4 
3871091e: folds
35ea5af3: folds
Hero: folds
688d5142: folds
70fd38b4: folds
Uncalled bet ($0.05) returned to fc0a493
*** SHOWDOWN ***
fc0a493 collected $0.1 from pot
*** SUMMARY ***
Total pot $0.1 | Rake $0 | Jackpot $0 | Bingo $0 | Fortune $0 | Tax $0
Seat 1: fc0a493 (big blind) collected ($0.1)
Seat 2: 3871091e folded before Flop (didn't bet)
Seat 3: 35ea5af3 folded before Flop (didn't bet)
Seat 4: Hero folded before Flop (didn't bet)
Seat 5: 688d5142 (button) folded before Flop (didn't bet)
Seat 6: 70fd38b4 (small blind) folded before Flop


Poker Hand #HD1846947262: Hold'em No Limit ($0.05/$0.1) - 2024/07/07 15:53:36
Table 'NLHRed62' 6-max Seat #4 is the button
Seat 1: fc0a493 ($15.73 in chips)
Seat 2: 3871091e ($25.53 in chips)
Seat 3: 35ea5af3 ($10.27 in chips)
Seat 4: Hero ($10 in chips)
Seat 5: 688d5142 ($13.08 in chips)
Seat 6: 70fd38b4 ($12.02 in chips)
688d5142: posts small blind $0.05
70fd38b4: posts big blind $0.1
*** HOLE CARDS ***
Dealt to fc0a493 
Dealt to 3871091e 
Dealt to 35ea5af3 
Dealt to Hero [6c As]
Dealt to 688d5142 
Dealt to 70fd38b4 
fc0a493: folds
3871091e: calls $0.1
35ea5af3: folds
Hero: folds
688d5142: folds
70fd38b4: checks
*** FLOP *** [4s Kd 6d]
70fd38b4: checks
3871091e: checks
*** TURN *** [4s Kd 6d] [Qs]
70fd38b4: checks
3871091e: checks
*** RIVER *** [4s Kd 6d Qs] [2s]
70fd38b4: checks
3871091e: bets $0.13
70fd38b4: folds
Uncalled bet ($0.13) returned to 3871091e
*** SHOWDOWN ***
3871091e collected $0.24 from pot
*** SUMMARY ***
Total pot $0.25 | Rake $0.01 | Jackpot $0 | Bingo $0 | Fortune $0 | Tax $0
Board [4s Kd 6d Qs 2s]
Seat 1: fc0a493 folded before Flop (didn't bet)
Seat 2: 3871091e won ($0.24)
Seat 3: 35ea5af3 folded before Flop (didn't bet)
Seat 4: Hero (button) folded before Flop (didn't bet)
Seat 5: 688d5142 (small blind) folded before Flop
Seat 6: 70fd38b4 (big blind) folded on the River


Poker Hand #HD1846947209: Hold'em No Limit ($0.05/$0.1) - 2024/07/07 15:53:09
Table 'NLHRed62' 6-max Seat #3 is the button
Seat 1: fc0a493 ($15.73 in chips)
Seat 2: 3871091e ($25.53 in chips)
Seat 3: 35ea5af3 ($10.27 in chips)
Seat 4: Hero ($10 in chips)
Seat 5: 688d5142 ($13.03 in chips)
Seat 6: 70fd38b4 ($12.02 in chips)
Hero: posts small blind $0.05
688d5142: posts big blind $0.1
*** HOLE CARDS ***
Dealt to fc0a493 
Dealt to 3871091e 
Dealt to 35ea5af3 
Dealt to Hero [Ks 5h]
Dealt to 688d5142 
Dealt to 70fd38b4 
70fd38b4: folds
fc0a493: folds
3871091e: folds
35ea5af3: folds
Hero: folds
Uncalled bet ($0.05) returned to 688d5142
*** SHOWDOWN ***
688d5142 collected $0.1 from pot
*** SUMMARY ***
Total pot $0.1 | Rake $0 | Jackpot $0 | Bingo $0 | Fortune $0 | Tax $0
Seat 1: fc0a493 folded before Flop (didn't bet)
Seat 2: 3871091e folded before Flop (didn't bet)
Seat 3: 35ea5af3 (button) folded before Flop (didn't bet)
Seat 4: Hero (small blind) folded before Flop
Seat 5: 688d5142 (big blind) collected ($0.1)
Seat 6: 70fd38b4 folded before Flop (didn't bet)


Poker Hand #HD1846947173: Hold'em No Limit ($0.05/$0.1) - 2024/07/07 15:52:48
Table 'NLHRed62' 6-max Seat #2 is the button
Seat 1: fc0a493 ($15.73 in chips)
Seat 2: 3871091e ($25.53 in chips)
Seat 3: 35ea5af3 ($10.32 in chips)
Seat 4: Hero ($10 in chips)
Seat 5: 688d5142 ($12.88 in chips)
Seat 6: 70fd38b4 ($12.02 in chips)
35ea5af3: posts small blind $0.05
Hero: posts big blind $0.1
*** HOLE CARDS ***
Dealt to fc0a493 
Dealt to 3871091e 
Dealt to 35ea5af3 
Dealt to Hero [8s Kh]
Dealt to 688d5142 
Dealt to 70fd38b4 
688d5142: raises $0.15 to $0.25
70fd38b4: folds
fc0a493: folds
3871091e: folds
35ea5af3: folds
Hero: folds
Uncalled bet ($0.15) returned to 688d5142
*** SHOWDOWN ***
688d5142 collected $0.25 from pot
*** SUMMARY ***
Total pot $0.25 | Rake $0 | Jackpot $0 | Bingo $0 | Fortune $0 | Tax $0
Seat 1: fc0a493 folded before Flop (didn't bet)
Seat 2: 3871091e (button) folded before Flop (didn't bet)
Seat 3: 35ea5af3 (small blind) folded before Flop
Seat 4: Hero (big blind) folded before Flop
Seat 5: 688d5142 collected ($0.25)
Seat 6: 70fd38b4 folded before Flop (didn't bet)


Poker Hand #HD1846947144: Hold'em No Limit ($0.05/$0.1) - 2024/07/07 15:52:29
Table 'NLHRed62' 6-max Seat #1 is the button
Seat 1: fc0a493 ($15.58 in chips)
Seat 2: 3871091e ($25.58 in chips)
Seat 3: 35ea5af3 ($10.42 in chips)
Seat 4: Hero ($10 in chips)
Seat 5: 688d5142 ($12.88 in chips)
Seat 6: 70fd38b4 ($12.02 in chips)
3871091e: posts small blind $0.05
35ea5af3: posts big blind $0.1
*** HOLE CARDS ***
Dealt to fc0a493 
Dealt to 3871091e 
Dealt to 35ea5af3 
Dealt to Hero [Th 2c]
Dealt to 688d5142 
Dealt to 70fd38b4 
Hero: folds
688d5142: folds
70fd38b4: folds
fc0a493: raises $0.1 to $0.2
3871091e: folds
35ea5af3: folds
Uncalled bet ($0.1) returned to fc0a493
*** SHOWDOWN ***
fc0a493 collected $0.25 from pot
*** SUMMARY ***
Total pot $0.25 | Rake $0 | Jackpot $0 | Bingo $0 | Fortune $0 | Tax $0
Seat 1: fc0a493 (button) collected ($0.25)
Seat 2: 3871091e (small blind) folded before Flop
Seat 3: 35ea5af3 (big blind) folded before Flop
Seat 4: Hero folded before Flop (didn't bet)
Seat 5: 688d5142 folded before Flop (didn't bet)
Seat 6: 70fd38b4 folded before Flop (didn't bet)


Poker Hand #HD1846947117: Hold'em No Limit ($0.05/$0.1) - 2024/07/07 15:52:16
Table 'NLHRed62' 6-max Seat #6 is the button
Seat 1: fc0a493 ($15.63 in chips)
Seat 2: 3871091e ($25.53 in chips)
Seat 3: 35ea5af3 ($10.42 in chips)
Seat 4: Hero ($10 in chips)
Seat 5: 688d5142 ($12.88 in chips)
Seat 6: 70fd38b4 ($12.02 in chips)
fc0a493: posts small blind $0.05
3871091e: posts big blind $0.1
*** HOLE CARDS ***
Dealt to fc0a493 
Dealt to 3871091e 
Dealt to 35ea5af3 
Dealt to Hero [4d 8s]
Dealt to 688d5142 
Dealt to 70fd38b4 
35ea5af3: folds
Hero: folds
688d5142: folds
70fd38b4: folds
fc0a493: folds
Uncalled bet ($0.05) returned to 3871091e
*** SHOWDOWN ***
3871091e collected $0.1 from pot
*** SUMMARY ***
Total pot $0.1 | Rake $0 | Jackpot $0 | Bingo $0 | Fortune $0 | Tax $0
Seat 1: fc0a493 (small blind) folded before Flop
Seat 2: 3871091e (big blind) collected ($0.1)
Seat 3: 35ea5af3 folded before Flop (didn't bet)
Seat 4: Hero folded before Flop (didn't bet)
Seat 5: 688d5142 folded before Flop (didn't bet)
Seat 6: 70fd38b4 (button) folded before Flop (didn't bet)


Poker Hand #HD1846947098: Hold'em No Limit ($0.05/$0.1) - 2024/07/07 15:52:05
Table 'NLHRed62' 6-max Seat #5 is the button
Seat 1: fc0a493 ($15.58 in chips)
Seat 2: 3871091e ($25.53 in chips)
Seat 3: 35ea5af3 ($10.42 in chips)
Seat 4: Hero ($10 in chips)
Seat 5: 688d5142 ($12.88 in chips)
Seat 6: 70fd38b4 ($12.07 in chips)
70fd38b4: posts small blind $0.05
fc0a493: posts big blind $0.1
*** HOLE CARDS ***
Dealt to fc0a493 
Dealt to 3871091e 
Dealt to 35ea5af3 
Dealt to Hero [4s Qd]
Dealt to 688d5142 
Dealt to 70fd38b4 
3871091e: folds
35ea5af3: folds
Hero: folds
688d5142: folds
70fd38b4: folds
Uncalled bet ($0.05) returned to fc0a493
*** SHOWDOWN ***
fc0a493 collected $0.1 from pot
*** SUMMARY ***
Total pot $0.1 | Rake $0 | Jackpot $0 | Bingo $0 | Fortune $0 | Tax $0
Seat 1: fc0a493 (big blind) collected ($0.1)
Seat 2: 3871091e folded before Flop (didn't bet)
Seat 3: 35ea5af3 folded before Flop (didn't bet)
Seat 4: Hero folded before Flop (didn't bet)
Seat 5: 688d5142 (button) folded before Flop (didn't bet)
Seat 6: 70fd38b4 (small blind) folded before Flop


Poker Hand #HD1846947045: Hold'em No Limit ($0.05/$0.1) - 2024/07/07 15:51:32
Table 'NLHRed62' 6-max Seat #4 is the button
Seat 1: fc0a493 ($15.58 in chips)
Seat 2: 3871091e ($25.83 in chips)
Seat 3: 35ea5af3 ($10 in chips)
Seat 4: Hero ($10 in chips)
Seat 5: 688d5142 ($12.93 in chips)
Seat 6: 70fd38b4 ($12.17 in chips)
688d5142: posts small blind $0.05
70fd38b4: posts big blind $0.1
*** HOLE CARDS ***
Dealt to fc0a493 
Dealt to 3871091e 
Dealt to 35ea5af3 
Dealt to Hero [Ts Kh]
Dealt to 688d5142 
Dealt to 70fd38b4 
fc0a493: folds
3871091e: calls $0.1
35ea5af3: raises $0.2 to $0.3
Hero: folds
688d5142: folds
70fd38b4: folds
3871091e: calls $0.2
*** FLOP *** [Qd Jd 6c]
3871091e: checks
35ea5af3: bets $0.38
3871091e: folds
Uncalled bet ($0.38) returned to 35ea5af3
*** SHOWDOWN ***
35ea5af3 collected $0.72 from pot
*** SUMMARY ***
Total pot $0.75 | Rake $0.03 | Jackpot $0 | Bingo $0 | Fortune $0 | Tax $0
Board [Qd Jd 6c]
Seat 1: fc0a493 folded before Flop (didn't bet)
Seat 2: 3871091e folded on the Flop
Seat 3: 35ea5af3 won ($0.72)
Seat 4: Hero (button) folded before Flop (didn't bet)
Seat 5: 688d5142 (small blind) folded before Flop
Seat 6: 70fd38b4 (big blind) folded before Flop


Poker Hand #HD1846947032: Hold'em No Limit ($0.05/$0.1) - 2024/07/07 15:51:20
Table 'NLHRed62' 6-max Seat #3 is the button
Seat 1: fc0a493 ($15.58 in chips)
Seat 2: 3871091e ($25.83 in chips)
Seat 3: 35ea5af3 ($10 in chips)
Seat 4: Hero ($10 in chips)
Seat 5: 688d5142 ($12.88 in chips)
Seat 6: 70fd38b4 ($12.17 in chips)
Hero: posts small blind $0.05
688d5142: posts big blind $0.1
*** HOLE CARDS ***
Dealt to fc0a493 
Dealt to 3871091e 
Dealt to 35ea5af3 
Dealt to Hero [6s 4d]
Dealt to 688d5142 
Dealt to 70fd38b4 
70fd38b4: folds
fc0a493: folds
3871091e: folds
35ea5af3: folds
Hero: folds
Uncalled bet ($0.05) returned to 688d5142
*** SHOWDOWN ***
688d5142 collected $0.1 from pot
*** SUMMARY ***
Total pot $0.1 | Rake $0 | Jackpot $0 | Bingo $0 | Fortune $0 | Tax $0
Seat 1: fc0a493 folded before Flop (didn't bet)
Seat 2: 3871091e folded before Flop (didn't bet)
Seat 3: 35ea5af3 (button) folded before Flop (didn't bet)
Seat 4: Hero (small blind) folded before Flop
Seat 5: 688d5142 (big blind) collected ($0.1)
Seat 6: 70fd38b4 folded before Flop (didn't bet)


Poker Hand #HD1846946976: Hold'em No Limit ($0.05/$0.1) - 2024/07/07 15:50:51
Table 'NLHRed62' 6-max Seat #2 is the button
Seat 1: fc0a493 ($15.58 in chips)
Seat 2: 3871091e ($25.69 in chips)
Seat 3: 35ea5af3 ($10 in chips)
Seat 4: Hero ($10 in chips)
Seat 5: 688d5142 ($12.88 in chips)
Seat 6: 70fd38b4 ($12.17 in chips)
35ea5af3: posts small blind $0.05
Hero: posts big blind $0.1
*** HOLE CARDS ***
Dealt to fc0a493 
Dealt to 3871091e 
Dealt to 35ea5af3 
Dealt to Hero [2s 7c]
Dealt to 688d5142 
Dealt to 70fd38b4 
688d5142: folds
70fd38b4: folds
fc0a493: folds
3871091e: calls $0.1
35ea5af3: folds
Hero: checks
*** FLOP *** [5h As Kh]
Hero: checks
3871091e: bets $0.13
Hero: folds
Uncalled bet ($0.13) returned to 3871091e
*** SHOWDOWN ***
3871091e collected $0.24 from pot
*** SUMMARY ***
Total pot $0.25 | Rake $0.01 | Jackpot $0 | Bingo $0 | Fortune $0 | Tax $0
Board [5h As Kh]
Seat 1: fc0a493 folded before Flop (didn't bet)
Seat 2: 3871091e (button) won ($0.24)
Seat 3: 35ea5af3 (small blind) folded before Flop
Seat 4: Hero (big blind) folded on the Flop
Seat 5: 688d5142 folded before Flop (didn't bet)
Seat 6: 70fd38b4 folded before Flop (didn't bet)


Poker Hand #HD1846946902: Hold'em No Limit ($0.05/$0.1) - 2024/07/07 15:50:06
Table 'NLHRed62' 6-max Seat #1 is the button
Seat 1: fc0a493 ($15.3 in chips)
Seat 2: 3871091e ($25.89 in chips)
Seat 3: 35ea5af3 ($10 in chips)
Seat 4: Hero ($10 in chips)
Seat 5: 688d5142 ($12.88 in chips)
Seat 6: 70fd38b4 ($12.17 in chips)
3871091e: posts small blind $0.05
35ea5af3: posts big blind $0.1
*** HOLE CARDS ***
Dealt to fc0a493 
Dealt to 3871091e 
Dealt to 35ea5af3 
Dealt to Hero [Kd 8h]
Dealt to 688d5142 
Dealt to 70fd38b4 
Hero: folds
688d5142: folds
70fd38b4: folds
fc0a493: raises $0.1 to $0.2
3871091e: calls $0.15
35ea5af3: folds
*** FLOP *** [7s Th 6d]
3871091e: checks
fc0a493: bets $0.35
3871091e: folds
Uncalled bet ($0.35) returned to fc0a493
*** SHOWDOWN ***
fc0a493 collected $0.48 from pot
*** SUMMARY ***
Total pot $0.5 | Rake $0.02 | Jackpot $0 | Bingo $0 | Fortune $0 | Tax $0
Board [7s Th 6d]
Seat 1: fc0a493 (button) won ($0.48)
Seat 2: 3871091e (small blind) folded on the Flop
Seat 3: 35ea5af3 (big blind) folded before Flop
Seat 4: Hero folded before Flop (didn't bet)
Seat 5: 688d5142 folded before Flop (didn't bet)
Seat 6: 70fd38b4 folded before Flop (didn't bet)


Poker Hand #HD1846946836: Hold'em No Limit ($0.05/$0.1) - 2024/07/07 15:49:31
Table 'NLHRed62' 6-max Seat #6 is the button
Seat 1: fc0a493 ($15.35 in chips)
Seat 2: 3871091e ($25.99 in chips)
Seat 3: 35ea5af3 ($10 in chips)
Seat 4: Hero ($10 in chips)
Seat 5: 688d5142 ($12.88 in chips)
Seat 6: 70fd38b4 ($12.02 in chips)
fc0a493: posts small blind $0.05
3871091e: posts big blind $0.1
*** HOLE CARDS ***
Dealt to fc0a493 
Dealt to 3871091e 
Dealt to 35ea5af3 
Dealt to Hero [Tc 5h]
Dealt to 688d5142 
Dealt to 70fd38b4 
35ea5af3: folds
Hero: folds
688d5142: folds
70fd38b4: raises $0.1 to $0.2
fc0a493: folds
3871091e: folds
Uncalled bet ($0.1) returned to 70fd38b4
*** SHOWDOWN ***
70fd38b4 collected $0.25 from pot
*** SUMMARY ***
Total pot $0.25 | Rake $0 | Jackpot $0 | Bingo $0 | Fortune $0 | Tax $0
Seat 1: fc0a493 (small blind) folded before Flop
Seat 2: 3871091e (big blind) folded before Flop
Seat 3: 35ea5af3 folded before Flop (didn't bet)
Seat 4: Hero folded before Flop (didn't bet)
Seat 5: 688d5142 folded before Flop (didn't bet)
Seat 6: 70fd38b4 (button) collected ($0.25)


Poker Hand #HD1846946760: Hold'em No Limit ($0.05/$0.1) - 2024/07/07 15:48:48
Table 'NLHRed62' 6-max Seat #5 is the button
Seat 1: fc0a493 ($15.45 in chips)
Seat 2: 3871091e ($26.09 in chips)
Seat 3: 35ea5af3 ($10 in chips)
Seat 4: Hero ($10 in chips)
Seat 5: 688d5142 ($13.18 in chips)
Seat 6: 70fd38b4 ($10.29 in chips)
70fd38b4: posts small blind $0.05
fc0a493: posts big blind $0.1
*** HOLE CARDS ***
Dealt to fc0a493 
Dealt to 3871091e 
Dealt to 35ea5af3 
Dealt to Hero [4s Jc]
Dealt to 688d5142 
Dealt to 70fd38b4 
3871091e: calls $0.1
35ea5af3: raises $0.2 to $0.3
Hero: folds
688d5142: calls $0.3
70fd38b4: raises $1.2 to $1.5
fc0a493: folds
3871091e: folds
35ea5af3: calls $1.2
688d5142: folds
*** FLOP *** [Kh Th Kd]
70fd38b4: bets $1.16
35ea5af3: folds
Uncalled bet ($1.16) returned to 70fd38b4
*** SHOWDOWN ***
70fd38b4 collected $3.23 from pot
*** SUMMARY ***
Total pot $3.5 | Rake $0.17 | Jackpot $0.1 | Bingo $0 | Fortune $0 | Tax $0
Board [Kh Th Kd]
Seat 1: fc0a493 (big blind) folded before Flop
Seat 2: 3871091e folded before Flop
Seat 3: 35ea5af3 folded on the Flop
Seat 4: Hero folded before Flop (didn't bet)
Seat 5: 688d5142 (button) folded before Flop
Seat 6: 70fd38b4 (small blind) won ($3.23)


Poker Hand #HD1846946667: Hold'em No Limit ($0.05/$0.1) - 2024/07/07 15:47:52
Table 'NLHRed62' 6-max Seat #4 is the button
Seat 1: fc0a493 ($15.45 in chips)
Seat 2: 3871091e ($26.19 in chips)
Seat 3: 35ea5af3 ($10 in chips)
Seat 4: Hero ($10 in chips)
Seat 5: 688d5142 ($13.23 in chips)
Seat 6: 70fd38b4 ($10.15 in chips)
688d5142: posts small blind $0.05
70fd38b4: posts big blind $0.1
*** HOLE CARDS ***
Dealt to fc0a493 
Dealt to 3871091e 
Dealt to 35ea5af3 
Dealt to Hero [3s 4h]
Dealt to 688d5142 
Dealt to 70fd38b4 
fc0a493: folds
3871091e: calls $0.1
35ea5af3: folds
Hero: folds
688d5142: folds
70fd38b4: checks
*** FLOP *** [Th 6s 3c]
70fd38b4: checks
3871091e: checks
*** TURN *** [Th 6s 3c] [Td]
70fd38b4: checks
3871091e: checks
*** RIVER *** [Th 6s 3c Td] [5d]
70fd38b4: checks
3871091e: checks
70fd38b4: shows [5c 7d] (Pair of Tens and Pair of Fives)
3871091e: shows [8d Jh] (Pair of Tens)
*** SHOWDOWN ***
70fd38b4 collected $0.24 from pot
*** SUMMARY ***
Total pot $0.25 | Rake $0.01 | Jackpot $0 | Bingo $0 | Fortune $0 | Tax $0
Board [Th 6s 3c Td 5d]
Seat 1: fc0a493 folded before Flop (didn't bet)
Seat 2: 3871091e showed [8d Jh] and lost with Pair of Tens
Seat 3: 35ea5af3 folded before Flop (didn't bet)
Seat 4: Hero (button) folded before Flop (didn't bet)
Seat 5: 688d5142 (small blind) folded before Flop
Seat 6: 70fd38b4 (big blind) showed [5c 7d] and won ($0.24) with Pair of Tens and Pair of Fives


Poker Hand #HD1846946590: Hold'em No Limit ($0.05/$0.1) - 2024/07/07 15:47:07
Table 'NLHRed62' 6-max Seat #3 is the button
Seat 1: fc0a493 ($15.45 in chips)
Seat 2: 3871091e ($26.05 in chips)
Seat 3: 35ea5af3 ($10 in chips)
Seat 4: Hero ($10 in chips)
Seat 5: 688d5142 ($13.33 in chips)
Seat 6: 70fd38b4 ($10.15 in chips)
Hero: posts small blind $0.05
688d5142: posts big blind $0.1
*** HOLE CARDS ***
Dealt to fc0a493 
Dealt to 3871091e 
Dealt to 35ea5af3 
Dealt to Hero [3d 7h]
Dealt to 688d5142 
Dealt to 70fd38b4 
70fd38b4: folds
fc0a493: folds
3871091e: calls $0.1
35ea5af3: folds
Hero: folds
688d5142: checks
*** FLOP *** [4c Ad As]
688d5142: checks
3871091e: checks
*** TURN *** [4c Ad As] [8h]
688d5142: checks
3871091e: checks
*** RIVER *** [4c Ad As 8h] [3s]
688d5142: checks
3871091e: checks
688d5142: shows [Jc 5d] (Pair of Aces)
3871091e: shows [7d Jh] (Pair of Aces)
*** SHOWDOWN ***
3871091e collected $0.24 from pot
*** SUMMARY ***
Total pot $0.25 | Rake $0.01 | Jackpot $0 | Bingo $0 | Fortune $0 | Tax $0
Board [4c Ad As 8h 3s]
Seat 1: fc0a493 folded before Flop (didn't bet)
Seat 2: 3871091e showed [7d Jh] and won ($0.24) with Pair of Aces
Seat 3: 35ea5af3 (button) folded before Flop (didn't bet)
Seat 4: Hero (small blind) folded before Flop
Seat 5: 688d5142 (big blind) showed [Jc 5d] and lost with Pair of Aces
Seat 6: 70fd38b4 folded before Flop (didn't bet)


Poker Hand #HD1846946539: Hold'em No Limit ($0.05/$0.1) - 2024/07/07 15:46:41
Table 'NLHRed62' 6-max Seat #2 is the button
Seat 1: fc0a493 ($15.45 in chips)
Seat 2: 3871091e ($26.05 in chips)
Seat 3: 35ea5af3 ($10 in chips)
Seat 4: Hero ($10 in chips)
Seat 5: 688d5142 ($13.33 in chips)
Seat 6: 70fd38b4 ($10 in chips)
35ea5af3: posts small blind $0.05
Hero: posts big blind $0.1
*** HOLE CARDS ***
Dealt to fc0a493 
Dealt to 3871091e 
Dealt to 35ea5af3 
Dealt to Hero [Ks Td]
Dealt to 688d5142 
Dealt to 70fd38b4 
688d5142: folds
70fd38b4: raises $0.1 to $0.2
fc0a493: folds
3871091e: folds
35ea5af3: folds
Hero: folds
Uncalled bet ($0.1) returned to 70fd38b4
*** SHOWDOWN ***
70fd38b4 collected $0.25 from pot
*** SUMMARY ***
Total pot $0.25 | Rake $0 | Jackpot $0 | Bingo $0 | Fortune $0 | Tax $0
Seat 1: fc0a493 folded before Flop (didn't bet)
Seat 2: 3871091e (button) folded before Flop (didn't bet)
Seat 3: 35ea5af3 (small blind) folded before Flop
Seat 4: Hero (big blind) folded before Flop
Seat 5: 688d5142 folded before Flop (didn't bet)
Seat 6: 70fd38b4 collected ($0.25)


