Poker Hand #HD1826870265: Hold'em No Limit ($0.05/$0.1) - 2024/06/22 19:38:31
Table 'NLHRed44' 6-max Seat #5 is the button
Seat 3: Hero ($10.05 in chips)
Seat 4: b3f858cf ($15.62 in chips)
Seat 5: 3ef738fe ($10.15 in chips)
Hero: posts small blind $0.05
b3f858cf: posts big blind $0.1
*** HOLE CARDS ***
Dealt to Hero [Jd Qc]
Dealt to b3f858cf 
Dealt to 3ef738fe 
3ef738fe: raises $0.2 to $0.3
Hero: folds
b3f858cf: calls $0.2
*** FLOP *** [6s Ah 4d]
b3f858cf: checks
3ef738fe: bets $0.4
b3f858cf: calls $0.4
*** TURN *** [6s Ah 4d] [5d]
b3f858cf: checks
3ef738fe: checks
*** RIVER *** [6s Ah 4d 5d] [Ad]
b3f858cf: checks
3ef738fe: checks
b3f858cf: shows [5s 4c] (Pair of Aces and Pair of Fives)
3ef738fe: shows [Th Td] (Pair of Aces and Pair of Tens)
*** SHOWDOWN ***
3ef738fe collected $1.38 from pot
*** SUMMARY ***
Total pot $1.45 | Rake $0.07 | Jackpot $0 | Bingo $0 | Fortune $0 | Tax $0
Board [6s Ah 4d 5d Ad]
Seat 3: Hero (small blind) folded before Flop
Seat 4: b3f858cf (big blind) showed [5s 4c] and lost with Pair of Aces and Pair of Fives
Seat 5: 3ef738fe (button) showed [Th Td] and won ($1.38) with Pair of Aces and Pair of Tens


Poker Hand #HD1826870248: Hold'em No Limit ($0.05/$0.1) - 2024/06/22 19:38:25
Table 'NLHRed44' 6-max Seat #4 is the button
Seat 3: Hero ($10 in chips)
Seat 4: b3f858cf ($15.62 in chips)
Seat 5: 3ef738fe ($10.2 in chips)
3ef738fe: posts small blind $0.05
Hero: posts big blind $0.1
*** HOLE CARDS ***
Dealt to Hero [Kc Js]
Dealt to b3f858cf 
Dealt to 3ef738fe 
b3f858cf: folds
3ef738fe: folds
Uncalled bet ($0.05) returned to Hero
*** SHOWDOWN ***
Hero collected $0.1 from pot
*** SUMMARY ***
Total pot $0.1 | Rake $0 | Jackpot $0 | Bingo $0 | Fortune $0 | Tax $0
Seat 3: Hero (big blind) collected ($0.1)
Seat 4: b3f858cf (button) folded before Flop (didn't bet)
Seat 5: 3ef738fe (small blind) folded before Flop


Poker Hand #HD1826870221: Hold'em No Limit ($0.05/$0.1) - 2024/06/22 19:38:16
Table 'NLHRed44' 6-max Seat #3 is the button
Seat 3: Hero ($10 in chips)
Seat 4: b3f858cf ($15.67 in chips)
Seat 5: 3ef738fe ($10.15 in chips)
b3f858cf: posts small blind $0.05
3ef738fe: posts big blind $0.1
*** HOLE CARDS ***
Dealt to Hero [Kc 5d]
Dealt to b3f858cf 
Dealt to 3ef738fe 
Hero: folds
b3f858cf: folds
Uncalled bet ($0.05) returned to 3ef738fe
*** SHOWDOWN ***
3ef738fe collected $0.1 from pot
*** SUMMARY ***
Total pot $0.1 | Rake $0 | Jackpot $0 | Bingo $0 | Fortune $0 | Tax $0
Seat 3: Hero (button) folded before Flop (didn't bet)
Seat 4: b3f858cf (small blind) folded before Flop
Seat 5: 3ef738fe (big blind) collected ($0.1)


Poker Hand #HD1826870200: Hold'em No Limit ($0.05/$0.1) - 2024/06/22 19:38:09
Table 'NLHRed44' 6-max Seat #5 is the button
Seat 3: Hero ($10.05 in chips)
Seat 4: b3f858cf ($15.77 in chips)
Seat 5: 3ef738fe ($10 in chips)
Hero: posts small blind $0.05
b3f858cf: posts big blind $0.1
*** HOLE CARDS ***
Dealt to Hero [5h 6d]
Dealt to b3f858cf 
Dealt to 3ef738fe 
3ef738fe: raises $0.2 to $0.3
Hero: folds
b3f858cf: folds
Uncalled bet ($0.2) returned to 3ef738fe
*** SHOWDOWN ***
3ef738fe collected $0.25 from pot
*** SUMMARY ***
Total pot $0.25 | Rake $0 | Jackpot $0 | Bingo $0 | Fortune $0 | Tax $0
Seat 3: Hero (small blind) folded before Flop
Seat 4: b3f858cf (big blind) folded before Flop
Seat 5: 3ef738fe (button) collected ($0.25)


Poker Hand #HD1826870183: Hold'em No Limit ($0.05/$0.1) - 2024/06/22 19:38:03
Table 'NLHRed44' 6-max Seat #4 is the button
Seat 3: Hero ($10 in chips)
Seat 4: b3f858cf ($15.77 in chips)
Seat 5: 3ef738fe ($10 in chips)
3ef738fe: posts small blind $0.05
Hero: posts big blind $0.1
*** HOLE CARDS ***
Dealt to Hero [Tc Jh]
Dealt to b3f858cf 
Dealt to 3ef738fe 
b3f858cf: folds
3ef738fe: folds
Uncalled bet ($0.05) returned to Hero
*** SHOWDOWN ***
Hero collected $0.1 from pot
*** SUMMARY ***
Total pot $0.1 | Rake $0 | Jackpot $0 | Bingo $0 | Fortune $0 | Tax $0
Seat 3: Hero (big blind) collected ($0.1)
Seat 4: b3f858cf (button) folded before Flop (didn't bet)
Seat 5: 3ef738fe (small blind) folded before Flop


Poker Hand #HD1826870065: Hold'em No Limit ($0.05/$0.1) - 2024/06/22 19:37:06
Table 'NLHRed44' 6-max Seat #3 is the button
Seat 2: 5d04e071 ($10 in chips)
Seat 3: Hero ($10 in chips)
Seat 4: b3f858cf ($15.82 in chips)
Seat 5: 3ef738fe ($10 in chips)
Seat 6: 6fc61377 ($10 in chips)
b3f858cf: posts small blind $0.05
3ef738fe: posts big blind $0.1
*** HOLE CARDS ***
Dealt to 5d04e071 
Dealt to Hero [Qh Ac]
Dealt to b3f858cf 
Dealt to 3ef738fe 
Dealt to 6fc61377 
6fc61377: raises $0.14 to $0.24
5d04e071: folds
Hero: raises $0.46 to $0.7
b3f858cf: folds
3ef738fe: folds
6fc61377: raises $1.24 to $1.94
Hero: folds
Uncalled bet ($1.24) returned to 6fc61377
*** SHOWDOWN ***
6fc61377 collected $1.48 from pot
*** SUMMARY ***
Total pot $1.55 | Rake $0.07 | Jackpot $0 | Bingo $0 | Fortune $0 | Tax $0
Seat 2: 5d04e071 folded before Flop (didn't bet)
Seat 3: Hero (button) folded before Flop
Seat 4: b3f858cf (small blind) folded before Flop
Seat 5: 3ef738fe (big blind) folded before Flop
Seat 6: 6fc61377 collected ($1.48)


Poker Hand #HD1826869911: Hold'em No Limit ($0.05/$0.1) - 2024/06/22 19:36:01
Table 'NLHRed44' 6-max Seat #2 is the button
Seat 1: df1e9d9 ($15.9 in chips)
Seat 2: 5d04e071 ($10.15 in chips)
Seat 3: Hero ($10 in chips)
Seat 4: b3f858cf ($14.91 in chips)
Seat 5: 3ef738fe ($10 in chips)
Seat 6: 6fc61377 ($10 in chips)
Hero: posts small blind $0.05
b3f858cf: posts big blind $0.1
*** HOLE CARDS ***
Dealt to df1e9d9 
Dealt to 5d04e071 
Dealt to Hero [Js Th]
Dealt to b3f858cf 
Dealt to 3ef738fe 
Dealt to 6fc61377 
3ef738fe: folds
6fc61377: folds
df1e9d9: folds
5d04e071: raises $0.15 to $0.25
Hero: folds
b3f858cf: calls $0.15
*** FLOP *** [3h Ks Ad]
b3f858cf: checks
5d04e071: bets $0.31
b3f858cf: calls $0.31
*** TURN *** [3h Ks Ad] [Kd]
b3f858cf: checks
5d04e071: checks
*** RIVER *** [3h Ks Ad Kd] [6h]
b3f858cf: checks
5d04e071: bets $0.39
b3f858cf: calls $0.39
5d04e071: shows [Ah 8h] (Pair of Aces and Pair of Kings)
b3f858cf: shows [9h As] (Pair of Aces and Pair of Kings)
*** SHOWDOWN ***
b3f858cf collected $1.86 from pot
*** SUMMARY ***
Total pot $1.95 | Rake $0.09 | Jackpot $0 | Bingo $0 | Fortune $0 | Tax $0
Board [3h Ks Ad Kd 6h]
Seat 1: df1e9d9 folded before Flop (didn't bet)
Seat 2: 5d04e071 (button) showed [Ah 8h] and lost with Pair of Aces and Pair of Kings
Seat 3: Hero (small blind) folded before Flop
Seat 4: b3f858cf (big blind) showed [9h As] and won ($1.86) with Pair of Aces and Pair of Kings
Seat 5: 3ef738fe folded before Flop (didn't bet)
Seat 6: 6fc61377 folded before Flop (didn't bet)


Poker Hand #HD1826869749: Hold'em No Limit ($0.05/$0.1) - 2024/06/22 19:34:47
Table 'NLHRed44' 6-max Seat #1 is the button
Seat 1: df1e9d9 ($8.34 in chips)
Seat 2: 5d04e071 ($10.2 in chips)
Seat 3: Hero ($10 in chips)
Seat 4: b3f858cf ($14.91 in chips)
Seat 5: 3ef738fe ($17.53 in chips)
Seat 6: 6fc61377 ($10 in chips)
5d04e071: posts small blind $0.05
Hero: posts big blind $0.1
*** HOLE CARDS ***
Dealt to df1e9d9 
Dealt to 5d04e071 
Dealt to Hero [6d Ad]
Dealt to b3f858cf 
Dealt to 3ef738fe 
Dealt to 6fc61377 
b3f858cf: folds
3ef738fe: raises $0.2 to $0.3
6fc61377: folds
df1e9d9: raises $0.57 to $0.87
5d04e071: folds
Hero: folds
3ef738fe: calls $0.57
*** FLOP *** [5c 7d 7s]
3ef738fe: checks
df1e9d9: bets $1.89
3ef738fe: raises $2.71 to $4.6
df1e9d9: raises $2.87 to $7.47 and is all-in
3ef738fe: calls $2.87
df1e9d9: shows [Jh Js] (Pair of Jacks and Pair of Sevens)
3ef738fe: shows [9h 9c] (Pair of Nines and Pair of Sevens)
*** TURN *** [5c 7d 7s] [Td]
*** RIVER *** [5c 7d 7s Td] [3h]
*** SHOWDOWN ***
df1e9d9 collected $15.9 from pot
*** SUMMARY ***
Total pot $16.83 | Rake $0.83 | Jackpot $0.1 | Bingo $0 | Fortune $0 | Tax $0
Board [5c 7d 7s Td 3h]
Seat 1: df1e9d9 (button) showed [Jh Js] and won ($15.9) with Pair of Jacks and Pair of Sevens
Seat 2: 5d04e071 (small blind) folded before Flop
Seat 3: Hero (big blind) folded before Flop
Seat 4: b3f858cf folded before Flop (didn't bet)
Seat 5: 3ef738fe showed [9h 9c] and lost with Pair of Nines and Pair of Sevens
Seat 6: 6fc61377 folded before Flop (didn't bet)


Poker Hand #HD1826869733: Hold'em No Limit ($0.05/$0.1) - 2024/06/22 19:34:37
Table 'NLHRed44' 6-max Seat #6 is the button
Seat 1: df1e9d9 ($8.39 in chips)
Seat 2: 5d04e071 ($10.15 in chips)
Seat 3: Hero ($10 in chips)
Seat 4: b3f858cf ($14.91 in chips)
Seat 5: 3ef738fe ($17.53 in chips)
Seat 6: 6fc61377 ($10 in chips)
df1e9d9: posts small blind $0.05
5d04e071: posts big blind $0.1
*** HOLE CARDS ***
Dealt to df1e9d9 
Dealt to 5d04e071 
Dealt to Hero [Kh 6c]
Dealt to b3f858cf 
Dealt to 3ef738fe 
Dealt to 6fc61377 
Hero: folds
b3f858cf: folds
3ef738fe: folds
6fc61377: folds
df1e9d9: folds
Uncalled bet ($0.05) returned to 5d04e071
*** SHOWDOWN ***
5d04e071 collected $0.1 from pot
*** SUMMARY ***
Total pot $0.1 | Rake $0 | Jackpot $0 | Bingo $0 | Fortune $0 | Tax $0
Seat 1: df1e9d9 (small blind) folded before Flop
Seat 2: 5d04e071 (big blind) collected ($0.1)
Seat 3: Hero folded before Flop (didn't bet)
Seat 4: b3f858cf folded before Flop (didn't bet)
Seat 5: 3ef738fe folded before Flop (didn't bet)
Seat 6: 6fc61377 (button) folded before Flop (didn't bet)


Poker Hand #HD1826869667: Hold'em No Limit ($0.05/$0.1) - 2024/06/22 19:34:06
Table 'NLHRed44' 6-max Seat #5 is the button
Seat 1: df1e9d9 ($9.46 in chips)
Seat 2: 5d04e071 ($10.15 in chips)
Seat 3: Hero ($10 in chips)
Seat 4: b3f858cf ($13.9 in chips)
Seat 5: 3ef738fe ($17.53 in chips)
Seat 6: 6fc61377 ($10.05 in chips)
6fc61377: posts small blind $0.05
df1e9d9: posts big blind $0.1
*** HOLE CARDS ***
Dealt to df1e9d9 
Dealt to 5d04e071 
Dealt to Hero [4s 9h]
Dealt to b3f858cf 
Dealt to 3ef738fe 
Dealt to 6fc61377 
5d04e071: folds
Hero: folds
b3f858cf: raises $0.2 to $0.3
3ef738fe: folds
6fc61377: folds
df1e9d9: calls $0.2
*** FLOP *** [6c 6d Jh]
df1e9d9: checks
b3f858cf: checks
*** TURN *** [6c 6d Jh] [2c]
df1e9d9: bets $0.33
b3f858cf: calls $0.33
*** RIVER *** [6c 6d Jh 2c] [7s]
df1e9d9: bets $0.44
b3f858cf: calls $0.44
df1e9d9: shows [Tc 8c] (Pair of Sixes)
b3f858cf: shows [9c Ac] (Pair of Sixes)
*** SHOWDOWN ***
b3f858cf collected $2.08 from pot
*** SUMMARY ***
Total pot $2.19 | Rake $0.11 | Jackpot $0 | Bingo $0 | Fortune $0 | Tax $0
Board [6c 6d Jh 2c 7s]
Seat 1: df1e9d9 (big blind) showed [Tc 8c] and lost with Pair of Sixes
Seat 2: 5d04e071 folded before Flop (didn't bet)
Seat 3: Hero folded before Flop (didn't bet)
Seat 4: b3f858cf showed [9c Ac] and won ($2.08) with Pair of Sixes
Seat 5: 3ef738fe (button) folded before Flop (didn't bet)
Seat 6: 6fc61377 (small blind) folded before Flop


Poker Hand #HD1826869628: Hold'em No Limit ($0.05/$0.1) - 2024/06/22 19:33:44
Table 'NLHRed44' 6-max Seat #4 is the button
Seat 1: df1e9d9 ($9.46 in chips)
Seat 2: 5d04e071 ($10.15 in chips)
Seat 3: Hero ($10 in chips)
Seat 4: b3f858cf ($13.9 in chips)
Seat 5: 3ef738fe ($17.58 in chips)
Seat 6: 6fc61377 ($10 in chips)
3ef738fe: posts small blind $0.05
6fc61377: posts big blind $0.1
*** HOLE CARDS ***
Dealt to df1e9d9 
Dealt to 5d04e071 
Dealt to Hero [2d Th]
Dealt to b3f858cf 
Dealt to 3ef738fe 
Dealt to 6fc61377 
df1e9d9: folds
5d04e071: folds
Hero: folds
b3f858cf: folds
3ef738fe: folds
Uncalled bet ($0.05) returned to 6fc61377
*** SHOWDOWN ***
6fc61377 collected $0.1 from pot
*** SUMMARY ***
Total pot $0.1 | Rake $0 | Jackpot $0 | Bingo $0 | Fortune $0 | Tax $0
Seat 1: df1e9d9 folded before Flop (didn't bet)
Seat 2: 5d04e071 folded before Flop (didn't bet)
Seat 3: Hero folded before Flop (didn't bet)
Seat 4: b3f858cf (button) folded before Flop (didn't bet)
Seat 5: 3ef738fe (small blind) folded before Flop
Seat 6: 6fc61377 (big blind) collected ($0.1)


Poker Hand #HD1826869585: Hold'em No Limit ($0.05/$0.1) - 2024/06/22 19:33:30
Table 'NLHRed44' 6-max Seat #3 is the button
Seat 1: df1e9d9 ($9.46 in chips)
Seat 2: 5d04e071 ($10 in chips)
Seat 3: Hero ($10 in chips)
Seat 4: b3f858cf ($13.95 in chips)
Seat 5: 3ef738fe ($17.68 in chips)
Seat 6: 6fc61377 ($10 in chips)
b3f858cf: posts small blind $0.05
3ef738fe: posts big blind $0.1
*** HOLE CARDS ***
Dealt to df1e9d9 
Dealt to 5d04e071 
Dealt to Hero [8c 6c]
Dealt to b3f858cf 
Dealt to 3ef738fe 
Dealt to 6fc61377 
6fc61377: folds
df1e9d9: folds
5d04e071: raises $0.15 to $0.25
Hero: folds
b3f858cf: folds
3ef738fe: folds
Uncalled bet ($0.15) returned to 5d04e071
*** SHOWDOWN ***
5d04e071 collected $0.25 from pot
*** SUMMARY ***
Total pot $0.25 | Rake $0 | Jackpot $0 | Bingo $0 | Fortune $0 | Tax $0
Seat 1: df1e9d9 folded before Flop (didn't bet)
Seat 2: 5d04e071 collected ($0.25)
Seat 3: Hero (button) folded before Flop (didn't bet)
Seat 4: b3f858cf (small blind) folded before Flop
Seat 5: 3ef738fe (big blind) folded before Flop
Seat 6: 6fc61377 folded before Flop (didn't bet)


Poker Hand #HD1826869521: Hold'em No Limit ($0.05/$0.1) - 2024/06/22 19:33:02
Table 'NLHRed44' 6-max Seat #2 is the button
Seat 1: df1e9d9 ($9.76 in chips)
Seat 2: 5d04e071 ($10 in chips)
Seat 3: Hero ($10 in chips)
Seat 4: b3f858cf ($14.05 in chips)
Seat 5: 3ef738fe ($17.26 in chips)
Seat 6: 6fc61377 ($10 in chips)
Hero: posts small blind $0.05
b3f858cf: posts big blind $0.1
*** HOLE CARDS ***
Dealt to df1e9d9 
Dealt to 5d04e071 
Dealt to Hero [Kc 2d]
Dealt to b3f858cf 
Dealt to 3ef738fe 
Dealt to 6fc61377 
3ef738fe: raises $0.2 to $0.3
6fc61377: folds
df1e9d9: calls $0.3
5d04e071: folds
Hero: folds
b3f858cf: folds
*** FLOP *** [7c 4h Th]
3ef738fe: checks
df1e9d9: checks
*** TURN *** [7c 4h Th] [Qh]
3ef738fe: bets $0.4
df1e9d9: folds
Uncalled bet ($0.4) returned to 3ef738fe
*** SHOWDOWN ***
3ef738fe collected $0.72 from pot
*** SUMMARY ***
Total pot $0.75 | Rake $0.03 | Jackpot $0 | Bingo $0 | Fortune $0 | Tax $0
Board [7c 4h Th Qh]
Seat 1: df1e9d9 folded on the Turn
Seat 2: 5d04e071 (button) folded before Flop (didn't bet)
Seat 3: Hero (small blind) folded before Flop
Seat 4: b3f858cf (big blind) folded before Flop
Seat 5: 3ef738fe won ($0.72)
Seat 6: 6fc61377 folded before Flop (didn't bet)


Poker Hand #HD1826869477: Hold'em No Limit ($0.05/$0.1) - 2024/06/22 19:32:38
Table 'NLHRed44' 6-max Seat #1 is the button
Seat 1: df1e9d9 ($9.4 in chips)
Seat 2: 5d04e071 ($10 in chips)
Seat 3: Hero ($10 in chips)
Seat 4: b3f858cf ($14.05 in chips)
Seat 5: 3ef738fe ($17.26 in chips)
Seat 6: 6fc61377 ($10 in chips)
5d04e071: posts small blind $0.05
Hero: posts big blind $0.1
*** HOLE CARDS ***
Dealt to df1e9d9 
Dealt to 5d04e071 
Dealt to Hero [Ah Js]
Dealt to b3f858cf 
Dealt to 3ef738fe 
Dealt to 6fc61377 
b3f858cf: folds
3ef738fe: folds
6fc61377: raises $0.14 to $0.24
df1e9d9: raises $0.48 to $0.72
5d04e071: folds
Hero: folds
6fc61377: folds
Uncalled bet ($0.48) returned to df1e9d9
*** SHOWDOWN ***
df1e9d9 collected $0.6 from pot
*** SUMMARY ***
Total pot $0.63 | Rake $0.03 | Jackpot $0 | Bingo $0 | Fortune $0 | Tax $0
Seat 1: df1e9d9 (button) collected ($0.6)
Seat 2: 5d04e071 (small blind) folded before Flop
Seat 3: Hero (big blind) folded before Flop
Seat 4: b3f858cf folded before Flop (didn't bet)
Seat 5: 3ef738fe folded before Flop (didn't bet)
Seat 6: 6fc61377 folded before Flop


Poker Hand #HD1826869440: Hold'em No Limit ($0.05/$0.1) - 2024/06/22 19:32:20
Table 'NLHRed44' 6-max Seat #6 is the button
Seat 1: df1e9d9 ($9.45 in chips)
Seat 2: 5d04e071 ($10 in chips)
Seat 3: Hero ($10 in chips)
Seat 4: b3f858cf ($13.9 in chips)
Seat 5: 3ef738fe ($17.26 in chips)
Seat 6: 6fc61377 ($10 in chips)
df1e9d9: posts small blind $0.05
5d04e071: posts big blind $0.1
*** HOLE CARDS ***
Dealt to df1e9d9 
Dealt to 5d04e071 
Dealt to Hero [Qh 6d]
Dealt to b3f858cf 
Dealt to 3ef738fe 
Dealt to 6fc61377 
Hero: folds
b3f858cf: raises $0.2 to $0.3
3ef738fe: folds
6fc61377: folds
df1e9d9: folds
5d04e071: folds
Uncalled bet ($0.2) returned to b3f858cf
*** SHOWDOWN ***
b3f858cf collected $0.25 from pot
*** SUMMARY ***
Total pot $0.25 | Rake $0 | Jackpot $0 | Bingo $0 | Fortune $0 | Tax $0
Seat 1: df1e9d9 (small blind) folded before Flop
Seat 2: 5d04e071 (big blind) folded before Flop
Seat 3: Hero folded before Flop (didn't bet)
Seat 4: b3f858cf collected ($0.25)
Seat 5: 3ef738fe folded before Flop (didn't bet)
Seat 6: 6fc61377 (button) folded before Flop (didn't bet)


Poker Hand #HD1826869354: Hold'em No Limit ($0.05/$0.1) - 2024/06/22 19:31:36
Table 'NLHRed44' 6-max Seat #5 is the button
Seat 1: df1e9d9 ($8.33 in chips)
Seat 2: 5d04e071 ($10.02 in chips)
Seat 3: Hero ($10 in chips)
Seat 4: b3f858cf ($14.48 in chips)
Seat 5: 3ef738fe ($17.26 in chips)
Seat 6: 6fc61377 ($10 in chips)
6fc61377: posts small blind $0.05
df1e9d9: posts big blind $0.1
*** HOLE CARDS ***
Dealt to df1e9d9 
Dealt to 5d04e071 
Dealt to Hero [9s 9d]
Dealt to b3f858cf 
Dealt to 3ef738fe 
Dealt to 6fc61377 
5d04e071: raises $0.15 to $0.25
Hero: folds
b3f858cf: raises $0.33 to $0.58
3ef738fe: folds
6fc61377: folds
df1e9d9: calls $0.48
5d04e071: calls $0.33
*** FLOP *** [Ac 7h Qd]
df1e9d9: bets $0.6
5d04e071: folds
b3f858cf: folds
Uncalled bet ($0.6) returned to df1e9d9
*** SHOWDOWN ***
df1e9d9 collected $1.7 from pot
*** SUMMARY ***
Total pot $1.79 | Rake $0.09 | Jackpot $0 | Bingo $0 | Fortune $0 | Tax $0
Board [Ac 7h Qd]
Seat 1: df1e9d9 (big blind) won ($1.7)
Seat 2: 5d04e071 folded on the Flop
Seat 3: Hero folded before Flop (didn't bet)
Seat 4: b3f858cf folded on the Flop
Seat 5: 3ef738fe (button) folded before Flop (didn't bet)
Seat 6: 6fc61377 (small blind) folded before Flop


Poker Hand #HD1826869242: Hold'em No Limit ($0.05/$0.1) - 2024/06/22 19:30:52
Table 'NLHRed44' 6-max Seat #4 is the button
Seat 1: df1e9d9 ($7.54 in chips)
Seat 2: 5d04e071 ($10.02 in chips)
Seat 3: Hero ($10 in chips)
Seat 4: b3f858cf ($14.48 in chips)
Seat 5: 3ef738fe ($17.31 in chips)
Seat 6: 6fc61377 ($10 in chips)
3ef738fe: posts small blind $0.05
6fc61377: posts big blind $0.1
*** HOLE CARDS ***
Dealt to df1e9d9 
Dealt to 5d04e071 
Dealt to Hero [As Qc]
Dealt to b3f858cf 
Dealt to 3ef738fe 
Dealt to 6fc61377 
df1e9d9: calls $0.1
5d04e071: folds
Hero: raises $0.3 to $0.4
b3f858cf: folds
3ef738fe: folds
6fc61377: folds
df1e9d9: calls $0.3
*** FLOP *** [8c 3h 7s]
df1e9d9: bets $0.32
Hero: calls $0.32
*** TURN *** [8c 3h 7s] [Jd]
df1e9d9: bets $0.8
Hero: folds
Uncalled bet ($0.8) returned to df1e9d9
*** SHOWDOWN ***
df1e9d9 collected $1.51 from pot
*** SUMMARY ***
Total pot $1.59 | Rake $0.08 | Jackpot $0 | Bingo $0 | Fortune $0 | Tax $0
Board [8c 3h 7s Jd]
Seat 1: df1e9d9 won ($1.51)
Seat 2: 5d04e071 folded before Flop (didn't bet)
Seat 3: Hero folded on the Turn
Seat 4: b3f858cf (button) folded before Flop (didn't bet)
Seat 5: 3ef738fe (small blind) folded before Flop
Seat 6: 6fc61377 (big blind) folded before Flop


Poker Hand #HD1826869103: Hold'em No Limit ($0.05/$0.1) - 2024/06/22 19:29:46
Table 'NLHRed44' 6-max Seat #3 is the button
Seat 1: df1e9d9 ($5.41 in chips)
Seat 2: 5d04e071 ($10.02 in chips)
Seat 3: Hero ($11.63 in chips)
Seat 4: b3f858cf ($14.53 in chips)
Seat 5: 3ef738fe ($17.41 in chips)
Seat 6: 6fc61377 ($10 in chips)
b3f858cf: posts small blind $0.05
3ef738fe: posts big blind $0.1
*** HOLE CARDS ***
Dealt to df1e9d9 
Dealt to 5d04e071 
Dealt to Hero [Jc Tc]
Dealt to b3f858cf 
Dealt to 3ef738fe 
Dealt to 6fc61377 
6fc61377: folds
df1e9d9: calls $0.1
5d04e071: folds
Hero: raises $0.3 to $0.4
b3f858cf: folds
3ef738fe: folds
df1e9d9: calls $0.3
*** FLOP *** [2h 9c Ac]
df1e9d9: bets $0.32
Hero: calls $0.32
*** TURN *** [2h 9c Ac] [7d]
df1e9d9: bets $1.59
Hero: calls $1.59
*** RIVER *** [2h 9c Ac 7d] [4h]
df1e9d9: bets $3.1 and is all-in
Hero: folds
Uncalled bet ($3.1) returned to df1e9d9
*** SHOWDOWN ***
df1e9d9 collected $4.44 from pot
*** SUMMARY ***
Total pot $4.77 | Rake $0.23 | Jackpot $0.1 | Bingo $0 | Fortune $0 | Tax $0
Board [2h 9c Ac 7d 4h]
Seat 1: df1e9d9 won ($4.44)
Seat 2: 5d04e071 folded before Flop (didn't bet)
Seat 3: Hero (button) folded on the River
Seat 4: b3f858cf (small blind) folded before Flop
Seat 5: 3ef738fe (big blind) folded before Flop
Seat 6: 6fc61377 folded before Flop (didn't bet)


Poker Hand #HD1826868980: Hold'em No Limit ($0.05/$0.1) - 2024/06/22 19:28:42
Table 'NLHRed44' 6-max Seat #2 is the button
Seat 1: df1e9d9 ($5.81 in chips)
Seat 2: 5d04e071 ($10.02 in chips)
Seat 3: Hero ($11.17 in chips)
Seat 4: b3f858cf ($14.63 in chips)
Seat 5: 3ef738fe ($17.41 in chips)
Seat 6: 6fc61377 ($10 in chips)
Hero: posts small blind $0.05
b3f858cf: posts big blind $0.1
*** HOLE CARDS ***
Dealt to df1e9d9 
Dealt to 5d04e071 
Dealt to Hero [Qh 9h]
Dealt to b3f858cf 
Dealt to 3ef738fe 
Dealt to 6fc61377 
3ef738fe: folds
6fc61377: folds
df1e9d9: calls $0.1
5d04e071: folds
Hero: raises $0.3 to $0.4
b3f858cf: folds
df1e9d9: calls $0.3
*** FLOP *** [Qs Jh Jc]
Hero: bets $0.3
df1e9d9: folds
Uncalled bet ($0.3) returned to Hero
*** SHOWDOWN ***
Hero collected $0.86 from pot
*** SUMMARY ***
Total pot $0.9 | Rake $0.04 | Jackpot $0 | Bingo $0 | Fortune $0 | Tax $0
Board [Qs Jh Jc]
Seat 1: df1e9d9 folded on the Flop
Seat 2: 5d04e071 (button) folded before Flop (didn't bet)
Seat 3: Hero (small blind) won ($0.86)
Seat 4: b3f858cf (big blind) folded before Flop
Seat 5: 3ef738fe folded before Flop (didn't bet)
Seat 6: 6fc61377 folded before Flop (didn't bet)


Poker Hand #HD1826868891: Hold'em No Limit ($0.05/$0.1) - 2024/06/22 19:28:02
Table 'NLHRed44' 6-max Seat #1 is the button
Seat 1: df1e9d9 ($6.11 in chips)
Seat 2: 5d04e071 ($10.07 in chips)
Seat 3: Hero ($11.27 in chips)
Seat 4: b3f858cf ($14.21 in chips)
Seat 5: 3ef738fe ($17.41 in chips)
Seat 6: 6fc61377 ($10 in chips)
5d04e071: posts small blind $0.05
Hero: posts big blind $0.1
*** HOLE CARDS ***
Dealt to df1e9d9 
Dealt to 5d04e071 
Dealt to Hero [6s Qh]
Dealt to b3f858cf 
Dealt to 3ef738fe 
Dealt to 6fc61377 
b3f858cf: raises $0.2 to $0.3
3ef738fe: folds
6fc61377: folds
df1e9d9: calls $0.3
5d04e071: folds
Hero: folds
*** FLOP *** [7h 6d 2d]
b3f858cf: checks
df1e9d9: checks
*** TURN *** [7h 6d 2d] [As]
b3f858cf: bets $0.38
df1e9d9: folds
Uncalled bet ($0.38) returned to b3f858cf
*** SHOWDOWN ***
b3f858cf collected $0.72 from pot
*** SUMMARY ***
Total pot $0.75 | Rake $0.03 | Jackpot $0 | Bingo $0 | Fortune $0 | Tax $0
Board [7h 6d 2d As]
Seat 1: df1e9d9 (button) folded on the Turn
Seat 2: 5d04e071 (small blind) folded before Flop
Seat 3: Hero (big blind) folded before Flop
Seat 4: b3f858cf won ($0.72)
Seat 5: 3ef738fe folded before Flop (didn't bet)
Seat 6: 6fc61377 folded before Flop (didn't bet)


Poker Hand #HD1826868792: Hold'em No Limit ($0.05/$0.1) - 2024/06/22 19:27:14
Table 'NLHRed44' 6-max Seat #6 is the button
Seat 1: df1e9d9 ($5.75 in chips)
Seat 2: 5d04e071 ($10.47 in chips)
Seat 3: Hero ($11.27 in chips)
Seat 4: b3f858cf ($14.21 in chips)
Seat 5: 3ef738fe ($17.41 in chips)
Seat 6: 6fc61377 ($10 in chips)
df1e9d9: posts small blind $0.05
5d04e071: posts big blind $0.1
*** HOLE CARDS ***
Dealt to df1e9d9 
Dealt to 5d04e071 
Dealt to Hero [Qd 4s]
Dealt to b3f858cf 
Dealt to 3ef738fe 
Dealt to 6fc61377 
Hero: folds
b3f858cf: folds
3ef738fe: folds
6fc61377: folds
df1e9d9: raises $0.3 to $0.4
5d04e071: calls $0.3
*** FLOP *** [3h Jd 9s]
df1e9d9: checks
5d04e071: checks
*** TURN *** [3h Jd 9s] [5c]
df1e9d9: checks
5d04e071: checks
*** RIVER *** [3h Jd 9s 5c] [Kc]
df1e9d9: bets $0.6
5d04e071: folds
Uncalled bet ($0.6) returned to df1e9d9
*** SHOWDOWN ***
df1e9d9 collected $0.76 from pot
*** SUMMARY ***
Total pot $0.8 | Rake $0.04 | Jackpot $0 | Bingo $0 | Fortune $0 | Tax $0
Board [3h Jd 9s 5c Kc]
Seat 1: df1e9d9 (small blind) won ($0.76)
Seat 2: 5d04e071 (big blind) folded on the River
Seat 3: Hero folded before Flop (didn't bet)
Seat 4: b3f858cf folded before Flop (didn't bet)
Seat 5: 3ef738fe folded before Flop (didn't bet)
Seat 6: 6fc61377 (button) folded before Flop (didn't bet)


Poker Hand #HD1826868721: Hold'em No Limit ($0.05/$0.1) - 2024/06/22 19:26:42
Table 'NLHRed44' 6-max Seat #5 is the button
Seat 1: df1e9d9 ($5.85 in chips)
Seat 2: 5d04e071 ($10.47 in chips)
Seat 3: Hero ($11.27 in chips)
Seat 4: b3f858cf ($14.06 in chips)
Seat 5: 3ef738fe ($17.41 in chips)
Seat 6: 6fc61377 ($10.05 in chips)
6fc61377: posts small blind $0.05
df1e9d9: posts big blind $0.1
*** HOLE CARDS ***
Dealt to df1e9d9 
Dealt to 5d04e071 
Dealt to Hero [2c Qc]
Dealt to b3f858cf 
Dealt to 3ef738fe 
Dealt to 6fc61377 
5d04e071: folds
Hero: folds
b3f858cf: raises $0.2 to $0.3
3ef738fe: folds
6fc61377: folds
df1e9d9: folds
Uncalled bet ($0.2) returned to b3f858cf
*** SHOWDOWN ***
b3f858cf collected $0.25 from pot
*** SUMMARY ***
Total pot $0.25 | Rake $0 | Jackpot $0 | Bingo $0 | Fortune $0 | Tax $0
Seat 1: df1e9d9 (big blind) folded before Flop
Seat 2: 5d04e071 folded before Flop (didn't bet)
Seat 3: Hero folded before Flop (didn't bet)
Seat 4: b3f858cf collected ($0.25)
Seat 5: 3ef738fe (button) folded before Flop (didn't bet)
Seat 6: 6fc61377 (small blind) folded before Flop


Poker Hand #HD1826868690: Hold'em No Limit ($0.05/$0.1) - 2024/06/22 19:26:26
Table 'NLHRed44' 6-max Seat #4 is the button
Seat 1: df1e9d9 ($5.85 in chips)
Seat 2: 5d04e071 ($10.47 in chips)
Seat 3: Hero ($11.27 in chips)
Seat 4: b3f858cf ($14.06 in chips)
Seat 5: 3ef738fe ($17.46 in chips)
Seat 6: 6fc61377 ($10 in chips)
3ef738fe: posts small blind $0.05
6fc61377: posts big blind $0.1
*** HOLE CARDS ***
Dealt to df1e9d9 
Dealt to 5d04e071 
Dealt to Hero [Tc 8d]
Dealt to b3f858cf 
Dealt to 3ef738fe 
Dealt to 6fc61377 
df1e9d9: folds
5d04e071: folds
Hero: folds
b3f858cf: folds
3ef738fe: folds
Uncalled bet ($0.05) returned to 6fc61377
*** SHOWDOWN ***
6fc61377 collected $0.1 from pot
*** SUMMARY ***
Total pot $0.1 | Rake $0 | Jackpot $0 | Bingo $0 | Fortune $0 | Tax $0
Seat 1: df1e9d9 folded before Flop (didn't bet)
Seat 2: 5d04e071 folded before Flop (didn't bet)
Seat 3: Hero folded before Flop (didn't bet)
Seat 4: b3f858cf (button) folded before Flop (didn't bet)
Seat 5: 3ef738fe (small blind) folded before Flop
Seat 6: 6fc61377 (big blind) collected ($0.1)


Poker Hand #HD1826868655: Hold'em No Limit ($0.05/$0.1) - 2024/06/22 19:26:10
Table 'NLHRed44' 6-max Seat #3 is the button
Seat 1: df1e9d9 ($5.85 in chips)
Seat 2: 5d04e071 ($10.32 in chips)
Seat 3: Hero ($11.27 in chips)
Seat 4: b3f858cf ($14.11 in chips)
Seat 5: 3ef738fe ($17.56 in chips)
b3f858cf: posts small blind $0.05
3ef738fe: posts big blind $0.1
*** HOLE CARDS ***
Dealt to df1e9d9 
Dealt to 5d04e071 
Dealt to Hero [5s 6c]
Dealt to b3f858cf 
Dealt to 3ef738fe 
df1e9d9: folds
5d04e071: raises $0.15 to $0.25
Hero: folds
b3f858cf: folds
3ef738fe: folds
Uncalled bet ($0.15) returned to 5d04e071
*** SHOWDOWN ***
5d04e071 collected $0.25 from pot
*** SUMMARY ***
Total pot $0.25 | Rake $0 | Jackpot $0 | Bingo $0 | Fortune $0 | Tax $0
Seat 1: df1e9d9 folded before Flop (didn't bet)
Seat 2: 5d04e071 collected ($0.25)
Seat 3: Hero (button) folded before Flop (didn't bet)
Seat 4: b3f858cf (small blind) folded before Flop
Seat 5: 3ef738fe (big blind) folded before Flop


Poker Hand #HD1826868617: Hold'em No Limit ($0.05/$0.1) - 2024/06/22 19:25:55
Table 'NLHRed44' 6-max Seat #2 is the button
Seat 2: 5d04e071 ($10.17 in chips)
Seat 3: Hero ($11.32 in chips)
Seat 4: b3f858cf ($14.21 in chips)
Seat 5: 3ef738fe ($17.56 in chips)
Hero: posts small blind $0.05
b3f858cf: posts big blind $0.1
*** HOLE CARDS ***
Dealt to 5d04e071 
Dealt to Hero [Tc Qd]
Dealt to b3f858cf 
Dealt to 3ef738fe 
3ef738fe: folds
5d04e071: raises $0.15 to $0.25
Hero: folds
b3f858cf: folds
Uncalled bet ($0.15) returned to 5d04e071
*** SHOWDOWN ***
5d04e071 collected $0.25 from pot
*** SUMMARY ***
Total pot $0.25 | Rake $0 | Jackpot $0 | Bingo $0 | Fortune $0 | Tax $0
Seat 2: 5d04e071 (button) collected ($0.25)
Seat 3: Hero (small blind) folded before Flop
Seat 4: b3f858cf (big blind) folded before Flop
Seat 5: 3ef738fe folded before Flop (didn't bet)


Poker Hand #HD1826868563: Hold'em No Limit ($0.05/$0.1) - 2024/06/22 19:25:31
Table 'NLHRed44' 6-max Seat #1 is the button
Seat 1: df1e9d9 ($5.85 in chips)
Seat 2: 5d04e071 ($10.22 in chips)
Seat 3: Hero ($11.42 in chips)
Seat 4: b3f858cf ($14.06 in chips)
Seat 5: 3ef738fe ($17.56 in chips)
5d04e071: posts small blind $0.05
Hero: posts big blind $0.1
*** HOLE CARDS ***
Dealt to df1e9d9 
Dealt to 5d04e071 
Dealt to Hero [Qd 3c]
Dealt to b3f858cf 
Dealt to 3ef738fe 
b3f858cf: raises $0.2 to $0.3
3ef738fe: folds
df1e9d9: folds
5d04e071: folds
Hero: folds
Uncalled bet ($0.2) returned to b3f858cf
*** SHOWDOWN ***
b3f858cf collected $0.25 from pot
*** SUMMARY ***
Total pot $0.25 | Rake $0 | Jackpot $0 | Bingo $0 | Fortune $0 | Tax $0
Seat 1: df1e9d9 (button) folded before Flop (didn't bet)
Seat 2: 5d04e071 (small blind) folded before Flop
Seat 3: Hero (big blind) folded before Flop
Seat 4: b3f858cf collected ($0.25)
Seat 5: 3ef738fe folded before Flop (didn't bet)


Poker Hand #HD1826868387: Hold'em No Limit ($0.05/$0.1) - 2024/06/22 19:24:15
Table 'NLHRed44' 6-max Seat #5 is the button
Seat 1: df1e9d9 ($5.9 in chips)
Seat 2: 5d04e071 ($10.32 in chips)
Seat 3: Hero ($11.42 in chips)
Seat 4: b3f858cf ($13.64 in chips)
Seat 5: 3ef738fe ($17.86 in chips)
df1e9d9: posts small blind $0.05
5d04e071: posts big blind $0.1
*** HOLE CARDS ***
Dealt to df1e9d9 
Dealt to 5d04e071 
Dealt to Hero [Kd 4d]
Dealt to b3f858cf 
Dealt to 3ef738fe 
Hero: folds
b3f858cf: raises $0.2 to $0.3
3ef738fe: calls $0.3
df1e9d9: folds
5d04e071: folds
*** FLOP *** [7c Qc 9s]
b3f858cf: checks
3ef738fe: checks
*** TURN *** [7c Qc 9s] [Th]
b3f858cf: checks
3ef738fe: checks
*** RIVER *** [7c Qc 9s Th] [8h]
b3f858cf: checks
3ef738fe: checks
b3f858cf: shows [Kc Tc] (Pair of Tens)
3ef738fe: shows [As 7s] (Pair of Sevens)
*** SHOWDOWN ***
b3f858cf collected $0.72 from pot
*** SUMMARY ***
Total pot $0.75 | Rake $0.03 | Jackpot $0 | Bingo $0 | Fortune $0 | Tax $0
Board [7c Qc 9s Th 8h]
Seat 1: df1e9d9 (small blind) folded before Flop
Seat 2: 5d04e071 (big blind) folded before Flop
Seat 3: Hero folded before Flop (didn't bet)
Seat 4: b3f858cf showed [Kc Tc] and won ($0.72) with Pair of Tens
Seat 5: 3ef738fe (button) showed [As 7s] and lost with Pair of Sevens


Poker Hand #HD1826868358: Hold'em No Limit ($0.05/$0.1) - 2024/06/22 19:24:05
Table 'NLHRed44' 6-max Seat #4 is the button
Seat 1: df1e9d9 ($5.85 in chips)
Seat 2: 5d04e071 ($10.32 in chips)
Seat 3: Hero ($11.42 in chips)
Seat 4: b3f858cf ($13.64 in chips)
Seat 5: 3ef738fe ($17.91 in chips)
3ef738fe: posts small blind $0.05
df1e9d9: posts big blind $0.1
*** HOLE CARDS ***
Dealt to df1e9d9 
Dealt to 5d04e071 
Dealt to Hero [9h Ks]
Dealt to b3f858cf 
Dealt to 3ef738fe 
5d04e071: folds
Hero: folds
b3f858cf: folds
3ef738fe: folds
Uncalled bet ($0.05) returned to df1e9d9
*** SHOWDOWN ***
df1e9d9 collected $0.1 from pot
*** SUMMARY ***
Total pot $0.1 | Rake $0 | Jackpot $0 | Bingo $0 | Fortune $0 | Tax $0
Seat 1: df1e9d9 (big blind) collected ($0.1)
Seat 2: 5d04e071 folded before Flop (didn't bet)
Seat 3: Hero folded before Flop (didn't bet)
Seat 4: b3f858cf (button) folded before Flop (didn't bet)
Seat 5: 3ef738fe (small blind) folded before Flop


Poker Hand #HD1826868327: Hold'em No Limit ($0.05/$0.1) - 2024/06/22 19:23:53
Table 'NLHRed44' 6-max Seat #3 is the button
Seat 2: 5d04e071 ($10.32 in chips)
Seat 3: Hero ($11.42 in chips)
Seat 4: b3f858cf ($13.69 in chips)
Seat 5: 3ef738fe ($17.86 in chips)
Seat 6: ed576d33 ($13.5 in chips)
b3f858cf: posts small blind $0.05
3ef738fe: posts big blind $0.1
*** HOLE CARDS ***
Dealt to 5d04e071 
Dealt to Hero [2d Qh]
Dealt to b3f858cf 
Dealt to 3ef738fe 
Dealt to ed576d33 
ed576d33: folds
5d04e071: folds
Hero: folds
b3f858cf: folds
Uncalled bet ($0.05) returned to 3ef738fe
*** SHOWDOWN ***
3ef738fe collected $0.1 from pot
*** SUMMARY ***
Total pot $0.1 | Rake $0 | Jackpot $0 | Bingo $0 | Fortune $0 | Tax $0
Seat 2: 5d04e071 folded before Flop (didn't bet)
Seat 3: Hero (button) folded before Flop (didn't bet)
Seat 4: b3f858cf (small blind) folded before Flop
Seat 5: 3ef738fe (big blind) collected ($0.1)
Seat 6: ed576d33 folded before Flop (didn't bet)


Poker Hand #HD1826868272: Hold'em No Limit ($0.05/$0.1) - 2024/06/22 19:23:25
Table 'NLHRed44' 6-max Seat #2 is the button
Seat 1: df1e9d9 ($5.85 in chips)
Seat 2: 5d04e071 ($10.32 in chips)
Seat 3: Hero ($11.47 in chips)
Seat 4: b3f858cf ($13.64 in chips)
Seat 5: 3ef738fe ($17.86 in chips)
Seat 6: ed576d33 ($13.5 in chips)
Hero: posts small blind $0.05
b3f858cf: posts big blind $0.1
*** HOLE CARDS ***
Dealt to df1e9d9 
Dealt to 5d04e071 
Dealt to Hero [Qd 7c]
Dealt to b3f858cf 
Dealt to 3ef738fe 
Dealt to ed576d33 
3ef738fe: folds
ed576d33: folds
df1e9d9: folds
5d04e071: folds
Hero: folds
Uncalled bet ($0.05) returned to b3f858cf
*** SHOWDOWN ***
b3f858cf collected $0.1 from pot
*** SUMMARY ***
Total pot $0.1 | Rake $0 | Jackpot $0 | Bingo $0 | Fortune $0 | Tax $0
Seat 1: df1e9d9 folded before Flop (didn't bet)
Seat 2: 5d04e071 (button) folded before Flop (didn't bet)
Seat 3: Hero (small blind) folded before Flop
Seat 4: b3f858cf (big blind) collected ($0.1)
Seat 5: 3ef738fe folded before Flop (didn't bet)
Seat 6: ed576d33 folded before Flop (didn't bet)


Poker Hand #HD1826868155: Hold'em No Limit ($0.05/$0.1) - 2024/06/22 19:22:25
Table 'NLHRed44' 6-max Seat #1 is the button
Seat 1: df1e9d9 ($3.05 in chips)
Seat 2: 5d04e071 ($10.37 in chips)
Seat 3: Hero ($11.57 in chips)
Seat 4: b3f858cf ($13.64 in chips)
Seat 5: 3ef738fe ($17.86 in chips)
Seat 6: ed576d33 ($16.55 in chips)
5d04e071: posts small blind $0.05
Hero: posts big blind $0.1
*** HOLE CARDS ***
Dealt to df1e9d9 
Dealt to 5d04e071 
Dealt to Hero [2s 2d]
Dealt to b3f858cf 
Dealt to 3ef738fe 
Dealt to ed576d33 
b3f858cf: folds
3ef738fe: folds
ed576d33: raises $0.1 to $0.2
df1e9d9: raises $0.55 to $0.75
5d04e071: folds
Hero: folds
ed576d33: raises $15.8 to $16.55 and is all-in
df1e9d9: calls $2.3 and is all-in
Uncalled bet ($13.5) returned to ed576d33
ed576d33: shows [9d 9h]
df1e9d9: shows [Jd Ad]
*** FLOP *** [Kc 6h 3c]
*** TURN *** [Kc 6h 3c] [Js]
*** RIVER *** [Kc 6h 3c Js] [2h]
*** SHOWDOWN ***
df1e9d9 collected $5.85 from pot
*** SUMMARY ***
Total pot $6.25 | Rake $0.3 | Jackpot $0.1 | Bingo $0 | Fortune $0 | Tax $0
Board [Kc 6h 3c Js 2h]
Seat 1: df1e9d9 (button) showed [Jd Ad] and won ($5.85) with Pair of Jacks
Seat 2: 5d04e071 (small blind) folded before Flop
Seat 3: Hero (big blind) folded before Flop
Seat 4: b3f858cf folded before Flop (didn't bet)
Seat 5: 3ef738fe folded before Flop (didn't bet)
Seat 6: ed576d33 showed [9d 9h] and lost with Pair of Nines


Poker Hand #HD1826868091: Hold'em No Limit ($0.05/$0.1) - 2024/06/22 19:21:57
Table 'NLHRed44' 6-max Seat #6 is the button
Seat 1: df1e9d9 ($3.25 in chips)
Seat 2: 5d04e071 ($10 in chips)
Seat 3: Hero ($11.57 in chips)
Seat 4: b3f858cf ($13.64 in chips)
Seat 5: 3ef738fe ($17.86 in chips)
Seat 6: ed576d33 ($16.75 in chips)
df1e9d9: posts small blind $0.05
5d04e071: posts big blind $0.1
*** HOLE CARDS ***
Dealt to df1e9d9 
Dealt to 5d04e071 
Dealt to Hero [3s 6h]
Dealt to b3f858cf 
Dealt to 3ef738fe 
Dealt to ed576d33 
Hero: folds
b3f858cf: folds
3ef738fe: folds
ed576d33: raises $0.1 to $0.2
df1e9d9: calls $0.15
5d04e071: raises $1.2 to $1.4
ed576d33: folds
df1e9d9: folds
Uncalled bet ($1.2) returned to 5d04e071
*** SHOWDOWN ***
5d04e071 collected $0.57 from pot
*** SUMMARY ***
Total pot $0.6 | Rake $0.03 | Jackpot $0 | Bingo $0 | Fortune $0 | Tax $0
Seat 1: df1e9d9 (small blind) folded before Flop
Seat 2: 5d04e071 (big blind) collected ($0.57)
Seat 3: Hero folded before Flop (didn't bet)
Seat 4: b3f858cf folded before Flop (didn't bet)
Seat 5: 3ef738fe folded before Flop (didn't bet)
Seat 6: ed576d33 (button) folded before Flop


Poker Hand #HD1826868025: Hold'em No Limit ($0.05/$0.1) - 2024/06/22 19:21:27
Table 'NLHRed44' 6-max Seat #5 is the button
Seat 1: df1e9d9 ($2.2 in chips)
Seat 2: 5d04e071 ($10 in chips)
Seat 3: Hero ($11.57 in chips)
Seat 4: b3f858cf ($13.64 in chips)
Seat 5: 3ef738fe ($17.86 in chips)
Seat 6: ed576d33 ($17.65 in chips)
ed576d33: posts small blind $0.05
df1e9d9: posts big blind $0.1
*** HOLE CARDS ***
Dealt to df1e9d9 
Dealt to 5d04e071 
Dealt to Hero [3d 7d]
Dealt to b3f858cf 
Dealt to 3ef738fe 
Dealt to ed576d33 
5d04e071: raises $0.15 to $0.25
Hero: folds
b3f858cf: folds
3ef738fe: folds
ed576d33: raises $0.65 to $0.9
df1e9d9: raises $1.3 to $2.2 and is all-in
5d04e071: folds
ed576d33: folds
Uncalled bet ($1.3) returned to df1e9d9
*** SHOWDOWN ***
df1e9d9 collected $1.95 from pot
*** SUMMARY ***
Total pot $2.05 | Rake $0.1 | Jackpot $0 | Bingo $0 | Fortune $0 | Tax $0
Seat 1: df1e9d9 (big blind) collected ($1.95)
Seat 2: 5d04e071 folded before Flop
Seat 3: Hero folded before Flop (didn't bet)
Seat 4: b3f858cf folded before Flop (didn't bet)
Seat 5: 3ef738fe (button) folded before Flop (didn't bet)
Seat 6: ed576d33 (small blind) folded before Flop


Poker Hand #HD1826867950: Hold'em No Limit ($0.05/$0.1) - 2024/06/22 19:20:53
Table 'NLHRed44' 6-max Seat #4 is the button
Seat 1: df1e9d9 ($2.9 in chips)
Seat 2: 5d04e071 ($10 in chips)
Seat 3: Hero ($11.57 in chips)
Seat 4: b3f858cf ($13.64 in chips)
Seat 5: 3ef738fe ($17.91 in chips)
Seat 6: ed576d33 ($16.97 in chips)
3ef738fe: posts small blind $0.05
ed576d33: posts big blind $0.1
*** HOLE CARDS ***
Dealt to df1e9d9 
Dealt to 5d04e071 
Dealt to Hero [7d 6d]
Dealt to b3f858cf 
Dealt to 3ef738fe 
Dealt to ed576d33 
df1e9d9: raises $0.1 to $0.2
5d04e071: folds
Hero: folds
b3f858cf: folds
3ef738fe: folds
ed576d33: raises $0.5 to $0.7
df1e9d9: calls $0.5
*** FLOP *** [Qc Kc 3d]
ed576d33: bets $0.37
df1e9d9: folds
Uncalled bet ($0.37) returned to ed576d33
*** SHOWDOWN ***
ed576d33 collected $1.38 from pot
*** SUMMARY ***
Total pot $1.45 | Rake $0.07 | Jackpot $0 | Bingo $0 | Fortune $0 | Tax $0
Board [Qc Kc 3d]
Seat 1: df1e9d9 folded on the Flop
Seat 2: 5d04e071 folded before Flop (didn't bet)
Seat 3: Hero folded before Flop (didn't bet)
Seat 4: b3f858cf (button) folded before Flop (didn't bet)
Seat 5: 3ef738fe (small blind) folded before Flop
Seat 6: ed576d33 (big blind) won ($1.38)


Poker Hand #HD1826867884: Hold'em No Limit ($0.05/$0.1) - 2024/06/22 19:20:24
Table 'NLHRed44' 6-max Seat #3 is the button
Seat 1: df1e9d9 ($3 in chips)
Seat 2: 5d04e071 ($10 in chips)
Seat 3: Hero ($10.92 in chips)
Seat 4: b3f858cf ($13.69 in chips)
Seat 5: 3ef738fe ($18.01 in chips)
Seat 6: ed576d33 ($16.97 in chips)
b3f858cf: posts small blind $0.05
3ef738fe: posts big blind $0.1
*** HOLE CARDS ***
Dealt to df1e9d9 
Dealt to 5d04e071 
Dealt to Hero [Ks Ac]
Dealt to b3f858cf 
Dealt to 3ef738fe 
Dealt to ed576d33 
ed576d33: folds
df1e9d9: calls $0.1
5d04e071: raises $0.35 to $0.45
Hero: raises $1.15 to $1.6
b3f858cf: folds
3ef738fe: folds
df1e9d9: folds
5d04e071: folds
Uncalled bet ($1.15) returned to Hero
*** SHOWDOWN ***
Hero collected $1.1 from pot
*** SUMMARY ***
Total pot $1.15 | Rake $0.05 | Jackpot $0 | Bingo $0 | Fortune $0 | Tax $0
Seat 1: df1e9d9 folded before Flop
Seat 2: 5d04e071 folded before Flop
Seat 3: Hero (button) collected ($1.1)
Seat 4: b3f858cf (small blind) folded before Flop
Seat 5: 3ef738fe (big blind) folded before Flop
Seat 6: ed576d33 folded before Flop (didn't bet)


Poker Hand #HD1826867761: Hold'em No Limit ($0.05/$0.1) - 2024/06/22 19:19:29
Table 'NLHRed44' 6-max Seat #2 is the button
Seat 1: df1e9d9 ($4 in chips)
Seat 2: 5d04e071 ($10 in chips)
Seat 3: Hero ($10.97 in chips)
Seat 4: b3f858cf ($12.74 in chips)
Seat 5: 3ef738fe ($18.01 in chips)
Seat 6: ed576d33 ($16.97 in chips)
Hero: posts small blind $0.05
b3f858cf: posts big blind $0.1
df1e9d9: posts missed blind $0.05
*** HOLE CARDS ***
Dealt to df1e9d9 
Dealt to 5d04e071 
Dealt to Hero [3c 6h]
Dealt to b3f858cf 
Dealt to 3ef738fe 
Dealt to ed576d33 
3ef738fe: folds
ed576d33: folds
df1e9d9: raises $0.2 to $0.3
5d04e071: folds
Hero: folds
b3f858cf: calls $0.2
*** FLOP *** [8d 4c 7c]
b3f858cf: checks
df1e9d9: checks
*** TURN *** [8d 4c 7c] [2s]
b3f858cf: bets $0.25
df1e9d9: calls $0.25
*** RIVER *** [8d 4c 7c 2s] [As]
b3f858cf: checks
df1e9d9: bets $0.4
b3f858cf: calls $0.4
df1e9d9: shows [Th Ks] (Ace-High)
b3f858cf: shows [7s 3s] (Pair of Sevens)
*** SHOWDOWN ***
b3f858cf collected $1.9 from pot
*** SUMMARY ***
Total pot $2 | Rake $0.1 | Jackpot $0 | Bingo $0 | Fortune $0 | Tax $0
Board [8d 4c 7c 2s As]
Seat 1: df1e9d9 showed [Th Ks] and lost with Ace-High
Seat 2: 5d04e071 (button) folded before Flop (didn't bet)
Seat 3: Hero (small blind) folded before Flop
Seat 4: b3f858cf (big blind) showed [7s 3s] and won ($1.9) with Pair of Sevens
Seat 5: 3ef738fe folded before Flop (didn't bet)
Seat 6: ed576d33 folded before Flop (didn't bet)


Poker Hand #HD1826867663: Hold'em No Limit ($0.05/$0.1) - 2024/06/22 19:18:44
Table 'NLHRed44' 6-max Seat #6 is the button
Seat 2: 5d04e071 ($10.5 in chips)
Seat 3: Hero ($11.07 in chips)
Seat 4: b3f858cf ($12.74 in chips)
Seat 5: 3ef738fe ($16.11 in chips)
Seat 6: ed576d33 ($16.97 in chips)
5d04e071: posts small blind $0.05
Hero: posts big blind $0.1
*** HOLE CARDS ***
Dealt to 5d04e071 
Dealt to Hero [7c Qc]
Dealt to b3f858cf 
Dealt to 3ef738fe 
Dealt to ed576d33 
b3f858cf: folds
3ef738fe: raises $0.2 to $0.3
ed576d33: folds
5d04e071: raises $0.95 to $1.25
Hero: folds
3ef738fe: calls $0.95
*** FLOP *** [7d Jd 2c]
5d04e071: bets $0.86
3ef738fe: calls $0.86
*** TURN *** [7d Jd 2c] [Qs]
5d04e071: checks
3ef738fe: bets $2.7
5d04e071: folds
Uncalled bet ($2.7) returned to 3ef738fe
*** SHOWDOWN ***
3ef738fe collected $4.01 from pot
*** SUMMARY ***
Total pot $4.32 | Rake $0.21 | Jackpot $0.1 | Bingo $0 | Fortune $0 | Tax $0
Board [7d Jd 2c Qs]
Seat 2: 5d04e071 (small blind) folded on the Turn
Seat 3: Hero (big blind) folded before Flop
Seat 4: b3f858cf folded before Flop (didn't bet)
Seat 5: 3ef738fe won ($4.01)
Seat 6: ed576d33 (button) folded before Flop (didn't bet)


Poker Hand #HD1826867575: Hold'em No Limit ($0.05/$0.1) - 2024/06/22 19:18:02
Table 'NLHRed44' 6-max Seat #5 is the button
Seat 1: df1e9d9 ($3.02 in chips)
Seat 2: 5d04e071 ($10.5 in chips)
Seat 3: Hero ($11.07 in chips)
Seat 4: b3f858cf ($12.74 in chips)
Seat 5: 3ef738fe ($13.44 in chips)
Seat 6: ed576d33 ($17.02 in chips)
ed576d33: posts small blind $0.05
df1e9d9: posts big blind $0.1
*** HOLE CARDS ***
Dealt to df1e9d9 
Dealt to 5d04e071 
Dealt to Hero [6c 4c]
Dealt to b3f858cf 
Dealt to 3ef738fe 
Dealt to ed576d33 
5d04e071: folds
Hero: folds
b3f858cf: folds
3ef738fe: raises $0.2 to $0.3
ed576d33: folds
df1e9d9: calls $0.2
*** FLOP *** [5c 6s 7h]
df1e9d9: bets $0.65
3ef738fe: calls $0.65
*** TURN *** [5c 6s 7h] [9d]
df1e9d9: bets $2.07 and is all-in
3ef738fe: calls $2.07
df1e9d9: shows [Kd 7d] (Pair of Sevens)
3ef738fe: shows [Td 8d] (Tens-High Straight)
*** RIVER *** [5c 6s 7h 9d] [Th]
*** SHOWDOWN ***
3ef738fe collected $5.69 from pot
*** SUMMARY ***
Total pot $6.09 | Rake $0.3 | Jackpot $0.1 | Bingo $0 | Fortune $0 | Tax $0
Board [5c 6s 7h 9d Th]
Seat 1: df1e9d9 (big blind) showed [Kd 7d] and lost with Pair of Sevens
Seat 2: 5d04e071 folded before Flop (didn't bet)
Seat 3: Hero folded before Flop (didn't bet)
Seat 4: b3f858cf folded before Flop (didn't bet)
Seat 5: 3ef738fe (button) showed [Td 8d] and won ($5.69) with Tens-High Straight
Seat 6: ed576d33 (small blind) folded before Flop


Poker Hand #HD1826867502: Hold'em No Limit ($0.05/$0.1) - 2024/06/22 19:17:32
Table 'NLHRed44' 6-max Seat #4 is the button
Seat 1: df1e9d9 ($3.02 in chips)
Seat 2: 5d04e071 ($10.5 in chips)
Seat 3: Hero ($11.07 in chips)
Seat 4: b3f858cf ($12.59 in chips)
Seat 5: 3ef738fe ($13.49 in chips)
Seat 6: ed576d33 ($17.12 in chips)
3ef738fe: posts small blind $0.05
ed576d33: posts big blind $0.1
*** HOLE CARDS ***
Dealt to df1e9d9 
Dealt to 5d04e071 
Dealt to Hero [8s 5d]
Dealt to b3f858cf 
Dealt to 3ef738fe 
Dealt to ed576d33 
df1e9d9: folds
5d04e071: folds
Hero: folds
b3f858cf: raises $0.15 to $0.25
3ef738fe: folds
ed576d33: folds
Uncalled bet ($0.15) returned to b3f858cf
*** SHOWDOWN ***
b3f858cf collected $0.25 from pot
*** SUMMARY ***
Total pot $0.25 | Rake $0 | Jackpot $0 | Bingo $0 | Fortune $0 | Tax $0
Seat 1: df1e9d9 folded before Flop (didn't bet)
Seat 2: 5d04e071 folded before Flop (didn't bet)
Seat 3: Hero folded before Flop (didn't bet)
Seat 4: b3f858cf (button) collected ($0.25)
Seat 5: 3ef738fe (small blind) folded before Flop
Seat 6: ed576d33 (big blind) folded before Flop


Poker Hand #HD1826867461: Hold'em No Limit ($0.05/$0.1) - 2024/06/22 19:17:18
Table 'NLHRed44' 6-max Seat #3 is the button
Seat 1: df1e9d9 ($3.02 in chips)
Seat 2: 5d04e071 ($10.5 in chips)
Seat 3: Hero ($11.07 in chips)
Seat 4: b3f858cf ($12.64 in chips)
Seat 5: 3ef738fe ($13.44 in chips)
Seat 6: ed576d33 ($17.12 in chips)
b3f858cf: posts small blind $0.05
3ef738fe: posts big blind $0.1
*** HOLE CARDS ***
Dealt to df1e9d9 
Dealt to 5d04e071 
Dealt to Hero [8c Js]
Dealt to b3f858cf 
Dealt to 3ef738fe 
Dealt to ed576d33 
ed576d33: folds
df1e9d9: folds
5d04e071: folds
Hero: folds
b3f858cf: folds
Uncalled bet ($0.05) returned to 3ef738fe
*** SHOWDOWN ***
3ef738fe collected $0.1 from pot
*** SUMMARY ***
Total pot $0.1 | Rake $0 | Jackpot $0 | Bingo $0 | Fortune $0 | Tax $0
Seat 1: df1e9d9 folded before Flop (didn't bet)
Seat 2: 5d04e071 folded before Flop (didn't bet)
Seat 3: Hero (button) folded before Flop (didn't bet)
Seat 4: b3f858cf (small blind) folded before Flop
Seat 5: 3ef738fe (big blind) collected ($0.1)
Seat 6: ed576d33 folded before Flop (didn't bet)


Poker Hand #HD1826867375: Hold'em No Limit ($0.05/$0.1) - 2024/06/22 19:16:33
Table 'NLHRed44' 6-max Seat #2 is the button
Seat 1: df1e9d9 ($3.02 in chips)
Seat 2: 5d04e071 ($10.5 in chips)
Seat 3: Hero ($11.37 in chips)
Seat 4: b3f858cf ($12.37 in chips)
Seat 5: 3ef738fe ($13.44 in chips)
Seat 6: ed576d33 ($17.12 in chips)
Hero: posts small blind $0.05
b3f858cf: posts big blind $0.1
*** HOLE CARDS ***
Dealt to df1e9d9 
Dealt to 5d04e071 
Dealt to Hero [Qh Ts]
Dealt to b3f858cf 
Dealt to 3ef738fe 
Dealt to ed576d33 
3ef738fe: folds
ed576d33: folds
df1e9d9: folds
5d04e071: folds
Hero: raises $0.2 to $0.3
b3f858cf: calls $0.2
*** FLOP *** [3c 9d 9h]
Hero: checks
b3f858cf: bets $0.3
Hero: folds
Uncalled bet ($0.3) returned to b3f858cf
*** SHOWDOWN ***
b3f858cf collected $0.57 from pot
*** SUMMARY ***
Total pot $0.6 | Rake $0.03 | Jackpot $0 | Bingo $0 | Fortune $0 | Tax $0
Board [3c 9d 9h]
Seat 1: df1e9d9 folded before Flop (didn't bet)
Seat 2: 5d04e071 (button) folded before Flop (didn't bet)
Seat 3: Hero (small blind) folded on the Flop
Seat 4: b3f858cf (big blind) won ($0.57)
Seat 5: 3ef738fe folded before Flop (didn't bet)
Seat 6: ed576d33 folded before Flop (didn't bet)


Poker Hand #HD1826867334: Hold'em No Limit ($0.05/$0.1) - 2024/06/22 19:16:14
Table 'NLHRed44' 6-max Seat #1 is the button
Seat 1: df1e9d9 ($3.12 in chips)
Seat 2: 5d04e071 ($10.55 in chips)
Seat 3: Hero ($11.22 in chips)
Seat 4: b3f858cf ($12.37 in chips)
Seat 5: 3ef738fe ($13.44 in chips)
Seat 6: ed576d33 ($17.12 in chips)
5d04e071: posts small blind $0.05
Hero: posts big blind $0.1
*** HOLE CARDS ***
Dealt to df1e9d9 
Dealt to 5d04e071 
Dealt to Hero [Ad Ah]
Dealt to b3f858cf 
Dealt to 3ef738fe 
Dealt to ed576d33 
b3f858cf: folds
3ef738fe: folds
ed576d33: folds
df1e9d9: calls $0.1
5d04e071: folds
Hero: raises $0.3 to $0.4
df1e9d9: folds
Uncalled bet ($0.3) returned to Hero
*** SHOWDOWN ***
Hero collected $0.25 from pot
*** SUMMARY ***
Total pot $0.25 | Rake $0 | Jackpot $0 | Bingo $0 | Fortune $0 | Tax $0
Seat 1: df1e9d9 (button) folded before Flop
Seat 2: 5d04e071 (small blind) folded before Flop
Seat 3: Hero (big blind) collected ($0.25)
Seat 4: b3f858cf folded before Flop (didn't bet)
Seat 5: 3ef738fe folded before Flop (didn't bet)
Seat 6: ed576d33 folded before Flop (didn't bet)


Poker Hand #HD1826867186: Hold'em No Limit ($0.05/$0.1) - 2024/06/22 19:15:06
Table 'NLHRed44' 6-max Seat #6 is the button
Seat 1: df1e9d9 ($2.57 in chips)
Seat 2: 5d04e071 ($10.65 in chips)
Seat 3: Hero ($11.72 in chips)
Seat 4: b3f858cf ($12.37 in chips)
Seat 5: 3ef738fe ($13.44 in chips)
Seat 6: ed576d33 ($17.12 in chips)
df1e9d9: posts small blind $0.05
5d04e071: posts big blind $0.1
*** HOLE CARDS ***
Dealt to df1e9d9 
Dealt to 5d04e071 
Dealt to Hero [Qc Tc]
Dealt to b3f858cf 
Dealt to 3ef738fe 
Dealt to ed576d33 
Hero: raises $0.1 to $0.2
b3f858cf: folds
3ef738fe: folds
ed576d33: folds
df1e9d9: calls $0.15
5d04e071: folds
*** FLOP *** [Ac 8d 8s]
df1e9d9: checks
Hero: checks
*** TURN *** [Ac 8d 8s] [9c]
df1e9d9: checks
Hero: bets $0.3
df1e9d9: calls $0.3
*** RIVER *** [Ac 8d 8s 9c] [Td]
df1e9d9: checks
Hero: checks
df1e9d9: shows [8h 9h] (Eights Full over Nines)
Hero: shows [Qc Tc] (Pair of Tens and Pair of Eights)
*** SHOWDOWN ***
df1e9d9 collected $1.05 from pot
*** SUMMARY ***
Total pot $1.1 | Rake $0.05 | Jackpot $0 | Bingo $0 | Fortune $0 | Tax $0
Board [Ac 8d 8s 9c Td]
Seat 1: df1e9d9 (small blind) showed [8h 9h] and won ($1.05) with Eights Full over Nines
Seat 2: 5d04e071 (big blind) folded before Flop
Seat 3: Hero showed [Qc Tc] and lost with Pair of Tens and Pair of Eights
Seat 4: b3f858cf folded before Flop (didn't bet)
Seat 5: 3ef738fe folded before Flop (didn't bet)
Seat 6: ed576d33 (button) folded before Flop (didn't bet)


Poker Hand #HD1826867139: Hold'em No Limit ($0.05/$0.1) - 2024/06/22 19:14:45
Table 'NLHRed44' 6-max Seat #5 is the button
Seat 1: df1e9d9 ($2.52 in chips)
Seat 2: 5d04e071 ($10.65 in chips)
Seat 3: Hero ($11.72 in chips)
Seat 4: b3f858cf ($12.37 in chips)
Seat 5: 3ef738fe ($13.44 in chips)
Seat 6: ed576d33 ($17.17 in chips)
ed576d33: posts small blind $0.05
df1e9d9: posts big blind $0.1
*** HOLE CARDS ***
Dealt to df1e9d9 
Dealt to 5d04e071 
Dealt to Hero [7h Qc]
Dealt to b3f858cf 
Dealt to 3ef738fe 
Dealt to ed576d33 
5d04e071: folds
Hero: folds
b3f858cf: folds
3ef738fe: folds
ed576d33: folds
Uncalled bet ($0.05) returned to df1e9d9
*** SHOWDOWN ***
df1e9d9 collected $0.1 from pot
*** SUMMARY ***
Total pot $0.1 | Rake $0 | Jackpot $0 | Bingo $0 | Fortune $0 | Tax $0
Seat 1: df1e9d9 (big blind) collected ($0.1)
Seat 2: 5d04e071 folded before Flop (didn't bet)
Seat 3: Hero folded before Flop (didn't bet)
Seat 4: b3f858cf folded before Flop (didn't bet)
Seat 5: 3ef738fe (button) folded before Flop (didn't bet)
Seat 6: ed576d33 (small blind) folded before Flop


Poker Hand #HD1826867052: Hold'em No Limit ($0.05/$0.1) - 2024/06/22 19:14:07
Table 'NLHRed44' 6-max Seat #4 is the button
Seat 1: df1e9d9 ($1.73 in chips)
Seat 2: 5d04e071 ($10.65 in chips)
Seat 3: Hero ($12.44 in chips)
Seat 4: b3f858cf ($12.37 in chips)
Seat 5: 3ef738fe ($13.49 in chips)
Seat 6: ed576d33 ($17.27 in chips)
3ef738fe: posts small blind $0.05
ed576d33: posts big blind $0.1
*** HOLE CARDS ***
Dealt to df1e9d9 
Dealt to 5d04e071 
Dealt to Hero [Js Qs]
Dealt to b3f858cf 
Dealt to 3ef738fe 
Dealt to ed576d33 
df1e9d9: calls $0.1
5d04e071: folds
Hero: raises $0.3 to $0.4
b3f858cf: folds
3ef738fe: folds
ed576d33: folds
df1e9d9: calls $0.3
*** FLOP *** [Ah 8d Kd]
df1e9d9: checks
Hero: bets $0.32
df1e9d9: calls $0.32
*** TURN *** [Ah 8d Kd] [8c]
df1e9d9: bets $1.01 and is all-in
Hero: folds
Uncalled bet ($1.01) returned to df1e9d9
*** SHOWDOWN ***
df1e9d9 collected $1.51 from pot
*** SUMMARY ***
Total pot $1.59 | Rake $0.08 | Jackpot $0 | Bingo $0 | Fortune $0 | Tax $0
Board [Ah 8d Kd 8c]
Seat 1: df1e9d9 won ($1.51)
Seat 2: 5d04e071 folded before Flop (didn't bet)
Seat 3: Hero folded on the Turn
Seat 4: b3f858cf (button) folded before Flop (didn't bet)
Seat 5: 3ef738fe (small blind) folded before Flop
Seat 6: ed576d33 (big blind) folded before Flop


Poker Hand #HD1826866982: Hold'em No Limit ($0.05/$0.1) - 2024/06/22 19:13:35
Table 'NLHRed44' 6-max Seat #3 is the button
Seat 1: df1e9d9 ($1.73 in chips)
Seat 2: 5d04e071 ($10.65 in chips)
Seat 3: Hero ($12.29 in chips)
Seat 4: b3f858cf ($12.42 in chips)
Seat 5: 3ef738fe ($13.59 in chips)
Seat 6: ed576d33 ($17.27 in chips)
b3f858cf: posts small blind $0.05
3ef738fe: posts big blind $0.1
*** HOLE CARDS ***
Dealt to df1e9d9 
Dealt to 5d04e071 
Dealt to Hero [Ac 5s]
Dealt to b3f858cf 
Dealt to 3ef738fe 
Dealt to ed576d33 
ed576d33: folds
df1e9d9: folds
5d04e071: folds
Hero: raises $0.14 to $0.24
b3f858cf: folds
3ef738fe: folds
Uncalled bet ($0.14) returned to Hero
*** SHOWDOWN ***
Hero collected $0.25 from pot
*** SUMMARY ***
Total pot $0.25 | Rake $0 | Jackpot $0 | Bingo $0 | Fortune $0 | Tax $0
Seat 1: df1e9d9 folded before Flop (didn't bet)
Seat 2: 5d04e071 folded before Flop (didn't bet)
Seat 3: Hero (button) collected ($0.25)
Seat 4: b3f858cf (small blind) folded before Flop
Seat 5: 3ef738fe (big blind) folded before Flop
Seat 6: ed576d33 folded before Flop (didn't bet)


Poker Hand #HD1826866942: Hold'em No Limit ($0.05/$0.1) - 2024/06/22 19:13:14
Table 'NLHRed44' 6-max Seat #2 is the button
Seat 1: df1e9d9 ($1.73 in chips)
Seat 2: 5d04e071 ($10.65 in chips)
Seat 3: Hero ($12.34 in chips)
Seat 4: b3f858cf ($12.52 in chips)
Seat 5: 3ef738fe ($13.44 in chips)
Seat 6: ed576d33 ($17.27 in chips)
Hero: posts small blind $0.05
b3f858cf: posts big blind $0.1
*** HOLE CARDS ***
Dealt to df1e9d9 
Dealt to 5d04e071 
Dealt to Hero [Jh 6h]
Dealt to b3f858cf 
Dealt to 3ef738fe 
Dealt to ed576d33 
3ef738fe: raises $0.2 to $0.3
ed576d33: folds
df1e9d9: folds
5d04e071: folds
Hero: folds
b3f858cf: folds
Uncalled bet ($0.2) returned to 3ef738fe
*** SHOWDOWN ***
3ef738fe collected $0.25 from pot
*** SUMMARY ***
Total pot $0.25 | Rake $0 | Jackpot $0 | Bingo $0 | Fortune $0 | Tax $0
Seat 1: df1e9d9 folded before Flop (didn't bet)
Seat 2: 5d04e071 (button) folded before Flop (didn't bet)
Seat 3: Hero (small blind) folded before Flop
Seat 4: b3f858cf (big blind) folded before Flop
Seat 5: 3ef738fe collected ($0.25)
Seat 6: ed576d33 folded before Flop (didn't bet)


Poker Hand #HD1826866872: Hold'em No Limit ($0.05/$0.1) - 2024/06/22 19:12:38
Table 'NLHRed44' 6-max Seat #1 is the button
Seat 1: df1e9d9 ($1.83 in chips)
Seat 2: 5d04e071 ($10.46 in chips)
Seat 3: Hero ($12.44 in chips)
Seat 4: b3f858cf ($12.52 in chips)
Seat 5: 3ef738fe ($13.44 in chips)
Seat 6: ed576d33 ($17.27 in chips)
5d04e071: posts small blind $0.05
Hero: posts big blind $0.1
*** HOLE CARDS ***
Dealt to df1e9d9 
Dealt to 5d04e071 
Dealt to Hero [7d 3s]
Dealt to b3f858cf 
Dealt to 3ef738fe 
Dealt to ed576d33 
b3f858cf: folds
3ef738fe: folds
ed576d33: folds
df1e9d9: calls $0.1
5d04e071: raises $0.4 to $0.5
Hero: folds
df1e9d9: folds
Uncalled bet ($0.4) returned to 5d04e071
*** SHOWDOWN ***
5d04e071 collected $0.29 from pot
*** SUMMARY ***
Total pot $0.3 | Rake $0.01 | Jackpot $0 | Bingo $0 | Fortune $0 | Tax $0
Seat 1: df1e9d9 (button) folded before Flop
Seat 2: 5d04e071 (small blind) collected ($0.29)
Seat 3: Hero (big blind) folded before Flop
Seat 4: b3f858cf folded before Flop (didn't bet)
Seat 5: 3ef738fe folded before Flop (didn't bet)
Seat 6: ed576d33 folded before Flop (didn't bet)


Poker Hand #HD1826866762: Hold'em No Limit ($0.05/$0.1) - 2024/06/22 19:11:53
Table 'NLHRed44' 6-max Seat #6 is the button
Seat 1: df1e9d9 ($1.93 in chips)
Seat 2: 5d04e071 ($10.37 in chips)
Seat 3: Hero ($12.44 in chips)
Seat 4: b3f858cf ($12.52 in chips)
Seat 5: 3ef738fe ($13.44 in chips)
Seat 6: ed576d33 ($17.27 in chips)
df1e9d9: posts small blind $0.05
5d04e071: posts big blind $0.1
*** HOLE CARDS ***
Dealt to df1e9d9 
Dealt to 5d04e071 
Dealt to Hero [9h As]
Dealt to b3f858cf 
Dealt to 3ef738fe 
Dealt to ed576d33 
Hero: folds
b3f858cf: folds
3ef738fe: folds
ed576d33: folds
df1e9d9: calls $0.05
5d04e071: checks
*** FLOP *** [5d 7h 5s]
df1e9d9: checks
5d04e071: checks
*** TURN *** [5d 7h 5s] [Th]
df1e9d9: checks
5d04e071: bets $0.12
df1e9d9: folds
Uncalled bet ($0.12) returned to 5d04e071
*** SHOWDOWN ***
5d04e071 collected $0.19 from pot
*** SUMMARY ***
Total pot $0.2 | Rake $0.01 | Jackpot $0 | Bingo $0 | Fortune $0 | Tax $0
Board [5d 7h 5s Th]
Seat 1: df1e9d9 (small blind) folded on the Turn
Seat 2: 5d04e071 (big blind) won ($0.19)
Seat 3: Hero folded before Flop (didn't bet)
Seat 4: b3f858cf folded before Flop (didn't bet)
Seat 5: 3ef738fe folded before Flop (didn't bet)
Seat 6: ed576d33 (button) folded before Flop (didn't bet)


Poker Hand #HD1826866680: Hold'em No Limit ($0.05/$0.1) - 2024/06/22 19:11:14
Table 'NLHRed44' 6-max Seat #5 is the button
Seat 1: df1e9d9 ($2.28 in chips)
Seat 2: 5d04e071 ($10 in chips)
Seat 3: Hero ($12.44 in chips)
Seat 4: b3f858cf ($12.52 in chips)
Seat 5: 3ef738fe ($13.44 in chips)
Seat 6: ed576d33 ($17.32 in chips)
ed576d33: posts small blind $0.05
df1e9d9: posts big blind $0.1
*** HOLE CARDS ***
Dealt to df1e9d9 
Dealt to 5d04e071 
Dealt to Hero [Kc 9c]
Dealt to b3f858cf 
Dealt to 3ef738fe 
Dealt to ed576d33 
5d04e071: raises $0.25 to $0.35
Hero: folds
b3f858cf: folds
3ef738fe: folds
ed576d33: folds
df1e9d9: calls $0.25
*** FLOP *** [4c 3s Kh]
df1e9d9: checks
5d04e071: bets $0.25
df1e9d9: folds
Uncalled bet ($0.25) returned to 5d04e071
*** SHOWDOWN ***
5d04e071 collected $0.72 from pot
*** SUMMARY ***
Total pot $0.75 | Rake $0.03 | Jackpot $0 | Bingo $0 | Fortune $0 | Tax $0
Board [4c 3s Kh]
Seat 1: df1e9d9 (big blind) folded on the Flop
Seat 2: 5d04e071 won ($0.72)
Seat 3: Hero folded before Flop (didn't bet)
Seat 4: b3f858cf folded before Flop (didn't bet)
Seat 5: 3ef738fe (button) folded before Flop (didn't bet)
Seat 6: ed576d33 (small blind) folded before Flop


Poker Hand #HD1826866558: Hold'em No Limit ($0.05/$0.1) - 2024/06/22 19:10:12
Table 'NLHRed44' 6-max Seat #4 is the button
Seat 1: df1e9d9 ($5.02 in chips)
Seat 2: 5d04e071 ($10 in chips)
Seat 3: Hero ($12.44 in chips)
Seat 4: b3f858cf ($10 in chips)
Seat 5: 3ef738fe ($13.49 in chips)
Seat 6: ed576d33 ($17.42 in chips)
3ef738fe: posts small blind $0.05
ed576d33: posts big blind $0.1
*** HOLE CARDS ***
Dealt to df1e9d9 
Dealt to 5d04e071 
Dealt to Hero [Tc Ks]
Dealt to b3f858cf 
Dealt to 3ef738fe 
Dealt to ed576d33 
df1e9d9: raises $0.2 to $0.3
5d04e071: folds
Hero: folds
b3f858cf: raises $0.47 to $0.77
3ef738fe: folds
ed576d33: folds
df1e9d9: calls $0.47
*** FLOP *** [Qh 8d 9h]
df1e9d9: checks
b3f858cf: bets $0.85
df1e9d9: calls $0.85
*** TURN *** [Qh 8d 9h] [8c]
df1e9d9: checks
b3f858cf: checks
*** RIVER *** [Qh 8d 9h 8c] [Qd]
df1e9d9: bets $1.12
b3f858cf: raises $1.12 to $2.24
df1e9d9: folds
Uncalled bet ($1.12) returned to b3f858cf
*** SHOWDOWN ***
b3f858cf collected $5.26 from pot
*** SUMMARY ***
Total pot $5.63 | Rake $0.27 | Jackpot $0.1 | Bingo $0 | Fortune $0 | Tax $0
Board [Qh 8d 9h 8c Qd]
Seat 1: df1e9d9 folded on the River
Seat 2: 5d04e071 folded before Flop (didn't bet)
Seat 3: Hero folded before Flop (didn't bet)
Seat 4: b3f858cf (button) won ($5.26)
Seat 5: 3ef738fe (small blind) folded before Flop
Seat 6: ed576d33 (big blind) folded before Flop


Poker Hand #HD1826866507: Hold'em No Limit ($0.05/$0.1) - 2024/06/22 19:09:45
Table 'NLHRed44' 6-max Seat #3 is the button
Seat 1: df1e9d9 ($4.88 in chips)
Seat 2: 5d04e071 ($10 in chips)
Seat 3: Hero ($12.44 in chips)
Seat 4: b3f858cf ($10 in chips)
Seat 5: 3ef738fe ($13.59 in chips)
Seat 6: ed576d33 ($17.42 in chips)
b3f858cf: posts small blind $0.05
3ef738fe: posts big blind $0.1
*** HOLE CARDS ***
Dealt to df1e9d9 
Dealt to 5d04e071 
Dealt to Hero [8d 9h]
Dealt to b3f858cf 
Dealt to 3ef738fe 
Dealt to ed576d33 
ed576d33: folds
df1e9d9: calls $0.1
5d04e071: folds
Hero: folds
b3f858cf: folds
3ef738fe: checks
*** FLOP *** [Kc Th Ac]
3ef738fe: checks
df1e9d9: bets $0.19
3ef738fe: folds
Uncalled bet ($0.19) returned to df1e9d9
*** SHOWDOWN ***
df1e9d9 collected $0.24 from pot
*** SUMMARY ***
Total pot $0.25 | Rake $0.01 | Jackpot $0 | Bingo $0 | Fortune $0 | Tax $0
Board [Kc Th Ac]
Seat 1: df1e9d9 won ($0.24)
Seat 2: 5d04e071 folded before Flop (didn't bet)
Seat 3: Hero (button) folded before Flop (didn't bet)
Seat 4: b3f858cf (small blind) folded before Flop
Seat 5: 3ef738fe (big blind) folded on the Flop
Seat 6: ed576d33 folded before Flop (didn't bet)


Poker Hand #HD1826866458: Hold'em No Limit ($0.05/$0.1) - 2024/06/22 19:09:29
Table 'NLHRed44' 6-max Seat #2 is the button
Seat 1: df1e9d9 ($4.88 in chips)
Seat 2: 5d04e071 ($10 in chips)
Seat 3: Hero ($12.49 in chips)
Seat 4: b3f858cf ($10 in chips)
Seat 5: 3ef738fe ($13.59 in chips)
Seat 6: ed576d33 ($17.27 in chips)
Hero: posts small blind $0.05
b3f858cf: posts big blind $0.1
*** HOLE CARDS ***
Dealt to df1e9d9 
Dealt to 5d04e071 
Dealt to Hero [4c Js]
Dealt to b3f858cf 
Dealt to 3ef738fe 
Dealt to ed576d33 
3ef738fe: folds
ed576d33: raises $0.1 to $0.2
df1e9d9: folds
5d04e071: folds
Hero: folds
b3f858cf: folds
Uncalled bet ($0.1) returned to ed576d33
*** SHOWDOWN ***
ed576d33 collected $0.25 from pot
*** SUMMARY ***
Total pot $0.25 | Rake $0 | Jackpot $0 | Bingo $0 | Fortune $0 | Tax $0
Seat 1: df1e9d9 folded before Flop (didn't bet)
Seat 2: 5d04e071 (button) folded before Flop (didn't bet)
Seat 3: Hero (small blind) folded before Flop
Seat 4: b3f858cf (big blind) folded before Flop
Seat 5: 3ef738fe folded before Flop (didn't bet)
Seat 6: ed576d33 collected ($0.25)


Poker Hand #HD1826866429: Hold'em No Limit ($0.05/$0.1) - 2024/06/22 19:09:16
Table 'NLHRed44' 6-max Seat #1 is the button
Seat 1: df1e9d9 ($4.88 in chips)
Seat 2: 5d04e071 ($10 in chips)
Seat 3: Hero ($12.44 in chips)
Seat 4: b3f858cf ($10 in chips)
Seat 5: 3ef738fe ($13.59 in chips)
Seat 6: ed576d33 ($17.27 in chips)
5d04e071: posts small blind $0.05
Hero: posts big blind $0.1
*** HOLE CARDS ***
Dealt to df1e9d9 
Dealt to 5d04e071 
Dealt to Hero [Ad 5d]
Dealt to b3f858cf 
Dealt to 3ef738fe 
Dealt to ed576d33 
b3f858cf: folds
3ef738fe: folds
ed576d33: folds
df1e9d9: folds
5d04e071: folds
Uncalled bet ($0.05) returned to Hero
*** SHOWDOWN ***
Hero collected $0.1 from pot
*** SUMMARY ***
Total pot $0.1 | Rake $0 | Jackpot $0 | Bingo $0 | Fortune $0 | Tax $0
Seat 1: df1e9d9 (button) folded before Flop (didn't bet)
Seat 2: 5d04e071 (small blind) folded before Flop
Seat 3: Hero (big blind) collected ($0.1)
Seat 4: b3f858cf folded before Flop (didn't bet)
Seat 5: 3ef738fe folded before Flop (didn't bet)
Seat 6: ed576d33 folded before Flop (didn't bet)


Poker Hand #HD1826866319: Hold'em No Limit ($0.05/$0.1) - 2024/06/22 19:08:26
Table 'NLHRed44' 6-max Seat #6 is the button
Seat 1: df1e9d9 ($6.93 in chips)
Seat 2: 5d04e071 ($10 in chips)
Seat 3: Hero ($12.44 in chips)
Seat 4: b3f858cf ($10 in chips)
Seat 5: 3ef738fe ($13.59 in chips)
Seat 6: ed576d33 ($15.42 in chips)
df1e9d9: posts small blind $0.05
5d04e071: posts big blind $0.1
*** HOLE CARDS ***
Dealt to df1e9d9 
Dealt to 5d04e071 
Dealt to Hero [Ah 6d]
Dealt to b3f858cf 
Dealt to 3ef738fe 
Dealt to ed576d33 
Hero: folds
b3f858cf: folds
3ef738fe: folds
ed576d33: raises $0.1 to $0.2
df1e9d9: calls $0.15
5d04e071: folds
*** FLOP *** [Jh Kc 9c]
df1e9d9: bets $0.17
ed576d33: calls $0.17
*** TURN *** [Jh Kc 9c] [Ks]
df1e9d9: bets $0.84
ed576d33: calls $0.84
*** RIVER *** [Jh Kc 9c Ks] [9h]
df1e9d9: bets $0.84
ed576d33: calls $0.84
df1e9d9: shows [8h Jd] (Pair of Kings and Pair of Jacks)
ed576d33: shows [Ac Kh] (Kings Full over Nines)
*** SHOWDOWN ***
ed576d33 collected $3.9 from pot
*** SUMMARY ***
Total pot $4.2 | Rake $0.2 | Jackpot $0.1 | Bingo $0 | Fortune $0 | Tax $0
Board [Jh Kc 9c Ks 9h]
Seat 1: df1e9d9 (small blind) showed [8h Jd] and lost with Pair of Kings and Pair of Jacks
Seat 2: 5d04e071 (big blind) folded before Flop
Seat 3: Hero folded before Flop (didn't bet)
Seat 4: b3f858cf folded before Flop (didn't bet)
Seat 5: 3ef738fe folded before Flop (didn't bet)
Seat 6: ed576d33 (button) showed [Ac Kh] and won ($3.9) with Kings Full over Nines


Poker Hand #HD1826866220: Hold'em No Limit ($0.05/$0.1) - 2024/06/22 19:07:39
Table 'NLHRed44' 6-max Seat #5 is the button
Seat 1: df1e9d9 ($7.23 in chips)
Seat 2: 5d04e071 ($10 in chips)
Seat 3: Hero ($12.44 in chips)
Seat 4: b3f858cf ($10 in chips)
Seat 5: 3ef738fe ($13.27 in chips)
Seat 6: ed576d33 ($15.47 in chips)
ed576d33: posts small blind $0.05
df1e9d9: posts big blind $0.1
*** HOLE CARDS ***
Dealt to df1e9d9 
Dealt to 5d04e071 
Dealt to Hero [2c 7c]
Dealt to b3f858cf 
Dealt to 3ef738fe 
Dealt to ed576d33 
5d04e071: folds
Hero: folds
b3f858cf: folds
3ef738fe: raises $0.2 to $0.3
ed576d33: folds
df1e9d9: calls $0.2
*** FLOP *** [Ad Qh 4s]
df1e9d9: checks
3ef738fe: bets $0.33
df1e9d9: folds
Uncalled bet ($0.33) returned to 3ef738fe
*** SHOWDOWN ***
3ef738fe collected $0.62 from pot
*** SUMMARY ***
Total pot $0.65 | Rake $0.03 | Jackpot $0 | Bingo $0 | Fortune $0 | Tax $0
Board [Ad Qh 4s]
Seat 1: df1e9d9 (big blind) folded on the Flop
Seat 2: 5d04e071 folded before Flop (didn't bet)
Seat 3: Hero folded before Flop (didn't bet)
Seat 4: b3f858cf folded before Flop (didn't bet)
Seat 5: 3ef738fe (button) won ($0.62)
Seat 6: ed576d33 (small blind) folded before Flop


Poker Hand #HD1826866166: Hold'em No Limit ($0.05/$0.1) - 2024/06/22 19:07:17
Table 'NLHRed44' 6-max Seat #4 is the button
Seat 1: df1e9d9 ($7.08 in chips)
Seat 2: 5d04e071 ($10 in chips)
Seat 3: Hero ($12.44 in chips)
Seat 4: b3f858cf ($10 in chips)
Seat 5: 3ef738fe ($13.32 in chips)
Seat 6: ed576d33 ($15.57 in chips)
3ef738fe: posts small blind $0.05
ed576d33: posts big blind $0.1
*** HOLE CARDS ***
Dealt to df1e9d9 
Dealt to 5d04e071 
Dealt to Hero [2s 6h]
Dealt to b3f858cf 
Dealt to 3ef738fe 
Dealt to ed576d33 
df1e9d9: raises $0.1 to $0.2
5d04e071: folds
Hero: folds
b3f858cf: folds
3ef738fe: folds
ed576d33: folds
Uncalled bet ($0.1) returned to df1e9d9
*** SHOWDOWN ***
df1e9d9 collected $0.25 from pot
*** SUMMARY ***
Total pot $0.25 | Rake $0 | Jackpot $0 | Bingo $0 | Fortune $0 | Tax $0
Seat 1: df1e9d9 collected ($0.25)
Seat 2: 5d04e071 folded before Flop (didn't bet)
Seat 3: Hero folded before Flop (didn't bet)
Seat 4: b3f858cf (button) folded before Flop (didn't bet)
Seat 5: 3ef738fe (small blind) folded before Flop
Seat 6: ed576d33 (big blind) folded before Flop


Poker Hand #HD1826866127: Hold'em No Limit ($0.05/$0.1) - 2024/06/22 19:06:59
Table 'NLHRed44' 6-max Seat #3 is the button
Seat 1: df1e9d9 ($7.08 in chips)
Seat 2: 5d04e071 ($10 in chips)
Seat 3: Hero ($12.44 in chips)
Seat 4: b3f858cf ($10 in chips)
Seat 5: 3ef738fe ($13.27 in chips)
Seat 6: ed576d33 ($15.57 in chips)
b3f858cf: posts small blind $0.05
3ef738fe: posts big blind $0.1
*** HOLE CARDS ***
Dealt to df1e9d9 
Dealt to 5d04e071 
Dealt to Hero [6h 3h]
Dealt to b3f858cf 
Dealt to 3ef738fe 
Dealt to ed576d33 
ed576d33: folds
df1e9d9: folds
5d04e071: folds
Hero: folds
b3f858cf: folds
Uncalled bet ($0.05) returned to 3ef738fe
*** SHOWDOWN ***
3ef738fe collected $0.1 from pot
*** SUMMARY ***
Total pot $0.1 | Rake $0 | Jackpot $0 | Bingo $0 | Fortune $0 | Tax $0
Seat 1: df1e9d9 folded before Flop (didn't bet)
Seat 2: 5d04e071 folded before Flop (didn't bet)
Seat 3: Hero (button) folded before Flop (didn't bet)
Seat 4: b3f858cf (small blind) folded before Flop
Seat 5: 3ef738fe (big blind) collected ($0.1)
Seat 6: ed576d33 folded before Flop (didn't bet)


Poker Hand #HD1826866053: Hold'em No Limit ($0.05/$0.1) - 2024/06/22 19:06:23
Table 'NLHRed44' 6-max Seat #2 is the button
Seat 1: df1e9d9 ($6.82 in chips)
Seat 2: 5d04e071 ($10 in chips)
Seat 3: Hero ($12.49 in chips)
Seat 4: b3f858cf ($10.15 in chips)
Seat 5: 3ef738fe ($13.27 in chips)
Seat 6: ed576d33 ($15.57 in chips)
Hero: posts small blind $0.05
b3f858cf: posts big blind $0.1
*** HOLE CARDS ***
Dealt to df1e9d9 
Dealt to 5d04e071 
Dealt to Hero [3s 6s]
Dealt to b3f858cf 
Dealt to 3ef738fe 
Dealt to ed576d33 
3ef738fe: folds
ed576d33: folds
df1e9d9: calls $0.1
5d04e071: folds
Hero: folds
b3f858cf: raises $0.13 to $0.23
df1e9d9: calls $0.13
*** FLOP *** [Kh As 5c]
b3f858cf: checks
df1e9d9: bets $0.26
b3f858cf: folds
Uncalled bet ($0.26) returned to df1e9d9
*** SHOWDOWN ***
df1e9d9 collected $0.49 from pot
*** SUMMARY ***
Total pot $0.51 | Rake $0.02 | Jackpot $0 | Bingo $0 | Fortune $0 | Tax $0
Board [Kh As 5c]
Seat 1: df1e9d9 won ($0.49)
Seat 2: 5d04e071 (button) folded before Flop (didn't bet)
Seat 3: Hero (small blind) folded before Flop
Seat 4: b3f858cf (big blind) folded on the Flop
Seat 5: 3ef738fe folded before Flop (didn't bet)
Seat 6: ed576d33 folded before Flop (didn't bet)


Poker Hand #HD1826865964: Hold'em No Limit ($0.05/$0.1) - 2024/06/22 19:05:47
Table 'NLHRed44' 6-max Seat #1 is the button
Seat 1: df1e9d9 ($6.3 in chips)
Seat 2: 5d04e071 ($10 in chips)
Seat 3: Hero ($13.01 in chips)
Seat 4: b3f858cf ($10.15 in chips)
Seat 5: 3ef738fe ($13.27 in chips)
Seat 6: ed576d33 ($15.57 in chips)
5d04e071: posts small blind $0.05
Hero: posts big blind $0.1
*** HOLE CARDS ***
Dealt to df1e9d9 
Dealt to 5d04e071 
Dealt to Hero [Th 8h]
Dealt to b3f858cf 
Dealt to 3ef738fe 
Dealt to ed576d33 
b3f858cf: folds
3ef738fe: folds
ed576d33: folds
df1e9d9: raises $0.2 to $0.3
5d04e071: folds
Hero: calls $0.2
*** FLOP *** [Ks 8c 5s]
Hero: checks
df1e9d9: bets $0.22
Hero: calls $0.22
*** TURN *** [Ks 8c 5s] [Ac]
Hero: checks
df1e9d9: bets $0.82
Hero: folds
Uncalled bet ($0.82) returned to df1e9d9
*** SHOWDOWN ***
df1e9d9 collected $1.04 from pot
*** SUMMARY ***
Total pot $1.09 | Rake $0.05 | Jackpot $0 | Bingo $0 | Fortune $0 | Tax $0
Board [Ks 8c 5s Ac]
Seat 1: df1e9d9 (button) won ($1.04)
Seat 2: 5d04e071 (small blind) folded before Flop
Seat 3: Hero (big blind) folded on the Turn
Seat 4: b3f858cf folded before Flop (didn't bet)
Seat 5: 3ef738fe folded before Flop (didn't bet)
Seat 6: ed576d33 folded before Flop (didn't bet)


Poker Hand #HD1826785124: Hold'em No Limit ($0.05/$0.1) - 2024/06/22 18:59:59
Table 'NLHRed44' 6-max Seat #3 is the button
Seat 1: df1e9d9 ($7.67 in chips)
Seat 2: 5d04e071 ($10 in chips)
Seat 3: Hero ($11.15 in chips)
Seat 4: b3f858cf ($10.05 in chips)
Seat 5: 3ef738fe ($11.52 in chips)
Seat 6: ed576d33 ($15.26 in chips)
b3f858cf: posts small blind $0.05
3ef738fe: posts big blind $0.1
*** HOLE CARDS ***
Dealt to df1e9d9 
Dealt to 5d04e071 
Dealt to Hero [Ah Td]
Dealt to b3f858cf 
Dealt to 3ef738fe 
Dealt to ed576d33 
ed576d33: folds
df1e9d9: calls $0.1
5d04e071: folds
Hero: raises $0.2 to $0.3
b3f858cf: folds
3ef738fe: folds
df1e9d9: calls $0.2
*** FLOP *** [Tc Ks Kd]
df1e9d9: checks
Hero: bets $0.25
df1e9d9: calls $0.25
*** TURN *** [Tc Ks Kd] [Ac]
df1e9d9: bets $0.63
Hero: calls $0.63
*** RIVER *** [Tc Ks Kd Ac] [4c]
df1e9d9: bets $0.83
Hero: calls $0.83
df1e9d9: shows [Qh 6s] (Pair of Kings)
Hero: shows [Ah Td] (Pair of Aces and Pair of Kings)
*** SHOWDOWN ***
Hero collected $3.87 from pot
*** SUMMARY ***
Total pot $4.17 | Rake $0.2 | Jackpot $0.1 | Bingo $0 | Fortune $0 | Tax $0
Board [Tc Ks Kd Ac 4c]
Seat 1: df1e9d9 showed [Qh 6s] and lost with Pair of Kings
Seat 2: 5d04e071 folded before Flop (didn't bet)
Seat 3: Hero (button) showed [Ah Td] and won ($3.87) with Pair of Aces and Pair of Kings
Seat 4: b3f858cf (small blind) folded before Flop
Seat 5: 3ef738fe (big blind) folded before Flop
Seat 6: ed576d33 folded before Flop (didn't bet)


Poker Hand #HD1826785092: Hold'em No Limit ($0.05/$0.1) - 2024/06/22 18:59:47
Table 'NLHRed44' 6-max Seat #2 is the button
Seat 1: df1e9d9 ($7.67 in chips)
Seat 2: 5d04e071 ($10 in chips)
Seat 3: Hero ($11.05 in chips)
Seat 4: b3f858cf ($10.15 in chips)
Seat 5: 3ef738fe ($11.52 in chips)
Seat 6: ed576d33 ($15.26 in chips)
Hero: posts small blind $0.05
b3f858cf: posts big blind $0.1
*** HOLE CARDS ***
Dealt to df1e9d9 
Dealt to 5d04e071 
Dealt to Hero [Qc 9d]
Dealt to b3f858cf 
Dealt to 3ef738fe 
Dealt to ed576d33 
3ef738fe: folds
ed576d33: folds
df1e9d9: folds
5d04e071: folds
Hero: raises $0.2 to $0.3
b3f858cf: folds
Uncalled bet ($0.2) returned to Hero
*** SHOWDOWN ***
Hero collected $0.2 from pot
*** SUMMARY ***
Total pot $0.2 | Rake $0 | Jackpot $0 | Bingo $0 | Fortune $0 | Tax $0
Seat 1: df1e9d9 folded before Flop (didn't bet)
Seat 2: 5d04e071 (button) folded before Flop (didn't bet)
Seat 3: Hero (small blind) collected ($0.2)
Seat 4: b3f858cf (big blind) folded before Flop
Seat 5: 3ef738fe folded before Flop (didn't bet)
Seat 6: ed576d33 folded before Flop (didn't bet)


Poker Hand #HD1826785064: Hold'em No Limit ($0.05/$0.1) - 2024/06/22 18:59:35
Table 'NLHRed44' 6-max Seat #1 is the button
Seat 1: df1e9d9 ($7.67 in chips)
Seat 2: 5d04e071 ($10 in chips)
Seat 3: Hero ($11 in chips)
Seat 4: b3f858cf ($10.15 in chips)
Seat 5: 3ef738fe ($11.52 in chips)
Seat 6: ed576d33 ($15.26 in chips)
5d04e071: posts small blind $0.05
Hero: posts big blind $0.1
*** HOLE CARDS ***
Dealt to df1e9d9 
Dealt to 5d04e071 
Dealt to Hero [9h Ts]
Dealt to b3f858cf 
Dealt to 3ef738fe 
Dealt to ed576d33 
b3f858cf: folds
3ef738fe: folds
ed576d33: folds
df1e9d9: folds
5d04e071: folds
Uncalled bet ($0.05) returned to Hero
*** SHOWDOWN ***
Hero collected $0.1 from pot
*** SUMMARY ***
Total pot $0.1 | Rake $0 | Jackpot $0 | Bingo $0 | Fortune $0 | Tax $0
Seat 1: df1e9d9 (button) folded before Flop (didn't bet)
Seat 2: 5d04e071 (small blind) folded before Flop
Seat 3: Hero (big blind) collected ($0.1)
Seat 4: b3f858cf folded before Flop (didn't bet)
Seat 5: 3ef738fe folded before Flop (didn't bet)
Seat 6: ed576d33 folded before Flop (didn't bet)


Poker Hand #HD1826785018: Hold'em No Limit ($0.05/$0.1) - 2024/06/22 18:59:15
Table 'NLHRed44' 6-max Seat #6 is the button
Seat 1: df1e9d9 ($7.72 in chips)
Seat 2: 5d04e071 ($10 in chips)
Seat 3: Hero ($11 in chips)
Seat 4: b3f858cf ($10 in chips)
Seat 5: 3ef738fe ($11.52 in chips)
Seat 6: ed576d33 ($15.26 in chips)
df1e9d9: posts small blind $0.05
5d04e071: posts big blind $0.1
*** HOLE CARDS ***
Dealt to df1e9d9 
Dealt to 5d04e071 
Dealt to Hero [3d Jc]
Dealt to b3f858cf 
Dealt to 3ef738fe 
Dealt to ed576d33 
Hero: folds
b3f858cf: raises $0.2 to $0.3
3ef738fe: folds
ed576d33: folds
df1e9d9: folds
5d04e071: folds
Uncalled bet ($0.2) returned to b3f858cf
*** SHOWDOWN ***
b3f858cf collected $0.25 from pot
*** SUMMARY ***
Total pot $0.25 | Rake $0 | Jackpot $0 | Bingo $0 | Fortune $0 | Tax $0
Seat 1: df1e9d9 (small blind) folded before Flop
Seat 2: 5d04e071 (big blind) folded before Flop
Seat 3: Hero folded before Flop (didn't bet)
Seat 4: b3f858cf collected ($0.25)
Seat 5: 3ef738fe folded before Flop (didn't bet)
Seat 6: ed576d33 (button) folded before Flop (didn't bet)


Poker Hand #HD1826784910: Hold'em No Limit ($0.05/$0.1) - 2024/06/22 18:58:28
Table 'NLHRed44' 6-max Seat #5 is the button
Seat 1: df1e9d9 ($7.82 in chips)
Seat 2: 5d04e071 ($10.04 in chips)
Seat 3: Hero ($11 in chips)
Seat 4: b3f858cf ($10 in chips)
Seat 5: 3ef738fe ($10.56 in chips)
Seat 6: ed576d33 ($15.31 in chips)
ed576d33: posts small blind $0.05
df1e9d9: posts big blind $0.1
*** HOLE CARDS ***
Dealt to df1e9d9 
Dealt to 5d04e071 
Dealt to Hero [Ac 8d]
Dealt to b3f858cf 
Dealt to 3ef738fe 
Dealt to ed576d33 
5d04e071: raises $0.25 to $0.35
Hero: folds
b3f858cf: folds
3ef738fe: raises $0.55 to $0.9
ed576d33: folds
df1e9d9: folds
5d04e071: calls $0.55
*** FLOP *** [9d 6h 3s]
5d04e071: checks
3ef738fe: bets $1.4
5d04e071: folds
Uncalled bet ($1.4) returned to 3ef738fe
*** SHOWDOWN ***
3ef738fe collected $1.86 from pot
*** SUMMARY ***
Total pot $1.95 | Rake $0.09 | Jackpot $0 | Bingo $0 | Fortune $0 | Tax $0
Board [9d 6h 3s]
Seat 1: df1e9d9 (big blind) folded before Flop
Seat 2: 5d04e071 folded on the Flop
Seat 3: Hero folded before Flop (didn't bet)
Seat 4: b3f858cf folded before Flop (didn't bet)
Seat 5: 3ef738fe (button) won ($1.86)
Seat 6: ed576d33 (small blind) folded before Flop


Poker Hand #HD1826784792: Hold'em No Limit ($0.05/$0.1) - 2024/06/22 18:57:40
Table 'NLHRed44' 6-max Seat #4 is the button
Seat 1: df1e9d9 ($7.92 in chips)
Seat 2: 5d04e071 ($10.04 in chips)
Seat 3: Hero ($10.4 in chips)
Seat 4: b3f858cf ($10.38 in chips)
Seat 5: 3ef738fe ($10.61 in chips)
Seat 6: ed576d33 ($15.41 in chips)
3ef738fe: posts small blind $0.05
ed576d33: posts big blind $0.1
*** HOLE CARDS ***
Dealt to df1e9d9 
Dealt to 5d04e071 
Dealt to Hero [Ac 4c]
Dealt to b3f858cf 
Dealt to 3ef738fe 
Dealt to ed576d33 
df1e9d9: calls $0.1
5d04e071: folds
Hero: raises $0.3 to $0.4
b3f858cf: calls $0.4
3ef738fe: folds
ed576d33: folds
df1e9d9: folds
*** FLOP *** [Qc 6c 5s]
Hero: bets $0.7
b3f858cf: folds
Uncalled bet ($0.7) returned to Hero
*** SHOWDOWN ***
Hero collected $1 from pot
*** SUMMARY ***
Total pot $1.05 | Rake $0.05 | Jackpot $0 | Bingo $0 | Fortune $0 | Tax $0
Board [Qc 6c 5s]
Seat 1: df1e9d9 folded before Flop
Seat 2: 5d04e071 folded before Flop (didn't bet)
Seat 3: Hero won ($1)
Seat 4: b3f858cf (button) folded on the Flop
Seat 5: 3ef738fe (small blind) folded before Flop
Seat 6: ed576d33 (big blind) folded before Flop


Poker Hand #HD1826784751: Hold'em No Limit ($0.05/$0.1) - 2024/06/22 18:57:22
Table 'NLHRed44' 6-max Seat #3 is the button
Seat 1: df1e9d9 ($7.92 in chips)
Seat 2: 5d04e071 ($10.04 in chips)
Seat 3: Hero ($10.4 in chips)
Seat 4: b3f858cf ($10.28 in chips)
Seat 5: 3ef738fe ($10.71 in chips)
Seat 6: ed576d33 ($15.41 in chips)
b3f858cf: posts small blind $0.05
3ef738fe: posts big blind $0.1
*** HOLE CARDS ***
Dealt to df1e9d9 
Dealt to 5d04e071 
Dealt to Hero [9d 7h]
Dealt to b3f858cf 
Dealt to 3ef738fe 
Dealt to ed576d33 
ed576d33: folds
df1e9d9: folds
5d04e071: folds
Hero: folds
b3f858cf: raises $0.2 to $0.3
3ef738fe: folds
Uncalled bet ($0.2) returned to b3f858cf
*** SHOWDOWN ***
b3f858cf collected $0.2 from pot
*** SUMMARY ***
Total pot $0.2 | Rake $0 | Jackpot $0 | Bingo $0 | Fortune $0 | Tax $0
Seat 1: df1e9d9 folded before Flop (didn't bet)
Seat 2: 5d04e071 folded before Flop (didn't bet)
Seat 3: Hero (button) folded before Flop (didn't bet)
Seat 4: b3f858cf (small blind) collected ($0.2)
Seat 5: 3ef738fe (big blind) folded before Flop
Seat 6: ed576d33 folded before Flop (didn't bet)


Poker Hand #HD1826784628: Hold'em No Limit ($0.05/$0.1) - 2024/06/22 18:56:25
Table 'NLHRed44' 6-max Seat #2 is the button
Seat 1: df1e9d9 ($7.92 in chips)
Seat 2: 5d04e071 ($10.29 in chips)
Seat 3: Hero ($10.45 in chips)
Seat 4: b3f858cf ($10 in chips)
Seat 5: 3ef738fe ($10.71 in chips)
Seat 6: ed576d33 ($15.41 in chips)
Hero: posts small blind $0.05
b3f858cf: posts big blind $0.1
*** HOLE CARDS ***
Dealt to df1e9d9 
Dealt to 5d04e071 
Dealt to Hero [6h 5s]
Dealt to b3f858cf 
Dealt to 3ef738fe 
Dealt to ed576d33 
3ef738fe: folds
ed576d33: folds
df1e9d9: folds
5d04e071: raises $0.15 to $0.25
Hero: folds
b3f858cf: calls $0.15
*** FLOP *** [Ad Ks 5h]
b3f858cf: checks
5d04e071: checks
*** TURN *** [Ad Ks 5h] [Jd]
b3f858cf: bets $0.28
5d04e071: folds
Uncalled bet ($0.28) returned to b3f858cf
*** SHOWDOWN ***
b3f858cf collected $0.53 from pot
*** SUMMARY ***
Total pot $0.55 | Rake $0.02 | Jackpot $0 | Bingo $0 | Fortune $0 | Tax $0
Board [Ad Ks 5h Jd]
Seat 1: df1e9d9 folded before Flop (didn't bet)
Seat 2: 5d04e071 (button) folded on the Turn
Seat 3: Hero (small blind) folded before Flop
Seat 4: b3f858cf (big blind) won ($0.53)
Seat 5: 3ef738fe folded before Flop (didn't bet)
Seat 6: ed576d33 folded before Flop (didn't bet)


Poker Hand #HD1826784457: Hold'em No Limit ($0.05/$0.1) - 2024/06/22 18:55:16
Table 'NLHRed44' 6-max Seat #1 is the button
Seat 1: df1e9d9 ($5.54 in chips)
Seat 2: 5d04e071 ($10.34 in chips)
Seat 3: Hero ($10.55 in chips)
Seat 4: b3f858cf ($10 in chips)
Seat 5: 3ef738fe ($10.71 in chips)
Seat 6: ed576d33 ($17.12 in chips)
5d04e071: posts small blind $0.05
Hero: posts big blind $0.1
*** HOLE CARDS ***
Dealt to df1e9d9 
Dealt to 5d04e071 
Dealt to Hero [As 7s]
Dealt to b3f858cf 
Dealt to 3ef738fe 
Dealt to ed576d33 
b3f858cf: raises $0.2 to $0.3
3ef738fe: folds
ed576d33: calls $0.3
df1e9d9: raises $0.53 to $0.83
5d04e071: folds
Hero: folds
b3f858cf: calls $0.53
ed576d33: calls $0.53
*** FLOP *** [5h 3s 2c]
b3f858cf: checks
ed576d33: checks
df1e9d9: bets $0.88
b3f858cf: folds
ed576d33: calls $0.88
*** TURN *** [5h 3s 2c] [Qs]
ed576d33: checks
df1e9d9: bets $3.83 and is all-in
ed576d33: folds
Uncalled bet ($3.83) returned to df1e9d9
*** SHOWDOWN ***
df1e9d9 collected $4.09 from pot
*** SUMMARY ***
Total pot $4.4 | Rake $0.21 | Jackpot $0.1 | Bingo $0 | Fortune $0 | Tax $0
Board [5h 3s 2c Qs]
Seat 1: df1e9d9 (button) won ($4.09)
Seat 2: 5d04e071 (small blind) folded before Flop
Seat 3: Hero (big blind) folded before Flop
Seat 4: b3f858cf folded on the Flop
Seat 5: 3ef738fe folded before Flop (didn't bet)
Seat 6: ed576d33 folded on the Turn


Poker Hand #HD1826784319: Hold'em No Limit ($0.05/$0.1) - 2024/06/22 18:54:21
Table 'NLHRed44' 6-max Seat #6 is the button
Seat 1: df1e9d9 ($5.45 in chips)
Seat 2: 5d04e071 ($10.44 in chips)
Seat 3: Hero ($10.55 in chips)
Seat 4: b3f858cf ($10 in chips)
Seat 5: 3ef738fe ($10.71 in chips)
Seat 6: ed576d33 ($17.12 in chips)
df1e9d9: posts small blind $0.05
5d04e071: posts big blind $0.1
*** HOLE CARDS ***
Dealt to df1e9d9 
Dealt to 5d04e071 
Dealt to Hero [Kc 6h]
Dealt to b3f858cf 
Dealt to 3ef738fe 
Dealt to ed576d33 
Hero: folds
b3f858cf: folds
3ef738fe: folds
ed576d33: folds
df1e9d9: calls $0.05
5d04e071: checks
*** FLOP *** [7d Qc 4c]
df1e9d9: checks
5d04e071: checks
*** TURN *** [7d Qc 4c] [4h]
df1e9d9: bets $0.15
5d04e071: folds
Uncalled bet ($0.15) returned to df1e9d9
*** SHOWDOWN ***
df1e9d9 collected $0.19 from pot
*** SUMMARY ***
Total pot $0.2 | Rake $0.01 | Jackpot $0 | Bingo $0 | Fortune $0 | Tax $0
Board [7d Qc 4c 4h]
Seat 1: df1e9d9 (small blind) won ($0.19)
Seat 2: 5d04e071 (big blind) folded on the Turn
Seat 3: Hero folded before Flop (didn't bet)
Seat 4: b3f858cf folded before Flop (didn't bet)
Seat 5: 3ef738fe folded before Flop (didn't bet)
Seat 6: ed576d33 (button) folded before Flop (didn't bet)


Poker Hand #HD1826784240: Hold'em No Limit ($0.05/$0.1) - 2024/06/22 18:53:48
Table 'NLHRed44' 6-max Seat #5 is the button
Seat 1: df1e9d9 ($5.75 in chips)
Seat 2: 5d04e071 ($10.44 in chips)
Seat 3: Hero ($10.55 in chips)
Seat 4: b3f858cf ($10 in chips)
Seat 5: 3ef738fe ($10.71 in chips)
Seat 6: ed576d33 ($16.85 in chips)
ed576d33: posts small blind $0.05
df1e9d9: posts big blind $0.1
*** HOLE CARDS ***
Dealt to df1e9d9 
Dealt to 5d04e071 
Dealt to Hero [2s Kc]
Dealt to b3f858cf 
Dealt to 3ef738fe 
Dealt to ed576d33 
5d04e071: folds
Hero: folds
b3f858cf: folds
3ef738fe: folds
ed576d33: raises $0.2 to $0.3
df1e9d9: calls $0.2
*** FLOP *** [8h 3h Td]
ed576d33: bets $0.7
df1e9d9: folds
Uncalled bet ($0.7) returned to ed576d33
*** SHOWDOWN ***
ed576d33 collected $0.57 from pot
*** SUMMARY ***
Total pot $0.6 | Rake $0.03 | Jackpot $0 | Bingo $0 | Fortune $0 | Tax $0
Board [8h 3h Td]
Seat 1: df1e9d9 (big blind) folded on the Flop
Seat 2: 5d04e071 folded before Flop (didn't bet)
Seat 3: Hero folded before Flop (didn't bet)
Seat 4: b3f858cf folded before Flop (didn't bet)
Seat 5: 3ef738fe (button) folded before Flop (didn't bet)
Seat 6: ed576d33 (small blind) won ($0.57)


Poker Hand #HD1826784172: Hold'em No Limit ($0.05/$0.1) - 2024/06/22 18:53:20
Table 'NLHRed44' 6-max Seat #4 is the button
Seat 1: df1e9d9 ($5.85 in chips)
Seat 2: 5d04e071 ($10.44 in chips)
Seat 3: Hero ($10.55 in chips)
Seat 4: b3f858cf ($10 in chips)
Seat 5: 3ef738fe ($10.76 in chips)
Seat 6: ed576d33 ($16.7 in chips)
3ef738fe: posts small blind $0.05
ed576d33: posts big blind $0.1
*** HOLE CARDS ***
Dealt to df1e9d9 
Dealt to 5d04e071 
Dealt to Hero [2c 8h]
Dealt to b3f858cf 
Dealt to 3ef738fe 
Dealt to ed576d33 
df1e9d9: calls $0.1
5d04e071: folds
Hero: folds
b3f858cf: folds
3ef738fe: folds
ed576d33: raises $0.3 to $0.4
df1e9d9: folds
Uncalled bet ($0.3) returned to ed576d33
*** SHOWDOWN ***
ed576d33 collected $0.25 from pot
*** SUMMARY ***
Total pot $0.25 | Rake $0 | Jackpot $0 | Bingo $0 | Fortune $0 | Tax $0
Seat 1: df1e9d9 folded before Flop
Seat 2: 5d04e071 folded before Flop (didn't bet)
Seat 3: Hero folded before Flop (didn't bet)
Seat 4: b3f858cf (button) folded before Flop (didn't bet)
Seat 5: 3ef738fe (small blind) folded before Flop
Seat 6: ed576d33 (big blind) collected ($0.25)


Poker Hand #HD1826784044: Hold'em No Limit ($0.05/$0.1) - 2024/06/22 18:52:29
Table 'NLHRed44' 6-max Seat #3 is the button
Seat 1: df1e9d9 ($5.95 in chips)
Seat 2: 5d04e071 ($10.44 in chips)
Seat 3: Hero ($10 in chips)
Seat 4: b3f858cf ($10 in chips)
Seat 5: 3ef738fe ($10.86 in chips)
Seat 6: ed576d33 ($16.7 in chips)
b3f858cf: posts small blind $0.05
3ef738fe: posts big blind $0.1
*** HOLE CARDS ***
Dealt to df1e9d9 
Dealt to 5d04e071 
Dealt to Hero [Ts Jd]
Dealt to b3f858cf 
Dealt to 3ef738fe 
Dealt to ed576d33 
ed576d33: folds
df1e9d9: calls $0.1
5d04e071: folds
Hero: raises $0.3 to $0.4
b3f858cf: calls $0.35
3ef738fe: folds
df1e9d9: folds
*** FLOP *** [Ah 2c 3h]
b3f858cf: checks
Hero: bets $0.6
b3f858cf: folds
Uncalled bet ($0.6) returned to Hero
*** SHOWDOWN ***
Hero collected $0.95 from pot
*** SUMMARY ***
Total pot $1 | Rake $0.05 | Jackpot $0 | Bingo $0 | Fortune $0 | Tax $0
Board [Ah 2c 3h]
Seat 1: df1e9d9 folded before Flop
Seat 2: 5d04e071 folded before Flop (didn't bet)
Seat 3: Hero (button) won ($0.95)
Seat 4: b3f858cf (small blind) folded on the Flop
Seat 5: 3ef738fe (big blind) folded before Flop
Seat 6: ed576d33 folded before Flop (didn't bet)


Poker Hand #HD1826783950: Hold'em No Limit ($0.05/$0.1) - 2024/06/22 18:51:49
Table 'NLHRed44' 6-max Seat #2 is the button
Seat 1: df1e9d9 ($5.81 in chips)
Seat 2: 5d04e071 ($10.44 in chips)
Seat 3: Hero ($10 in chips)
Seat 4: b3f858cf ($10 in chips)
Seat 5: 3ef738fe ($10.86 in chips)
Seat 6: ed576d33 ($16.7 in chips)
Hero: posts small blind $0.05
b3f858cf: posts big blind $0.1
*** HOLE CARDS ***
Dealt to df1e9d9 
Dealt to 5d04e071 
Dealt to Hero [5h 7h]
Dealt to b3f858cf 
Dealt to 3ef738fe 
Dealt to ed576d33 
3ef738fe: folds
ed576d33: folds
df1e9d9: calls $0.1
5d04e071: folds
Hero: folds
b3f858cf: checks
*** FLOP *** [6d Jd 3c]
b3f858cf: checks
df1e9d9: bets $0.3
b3f858cf: folds
Uncalled bet ($0.3) returned to df1e9d9
*** SHOWDOWN ***
df1e9d9 collected $0.24 from pot
*** SUMMARY ***
Total pot $0.25 | Rake $0.01 | Jackpot $0 | Bingo $0 | Fortune $0 | Tax $0
Board [6d Jd 3c]
Seat 1: df1e9d9 won ($0.24)
Seat 2: 5d04e071 (button) folded before Flop (didn't bet)
Seat 3: Hero (small blind) folded before Flop
Seat 4: b3f858cf (big blind) folded on the Flop
Seat 5: 3ef738fe folded before Flop (didn't bet)
Seat 6: ed576d33 folded before Flop (didn't bet)


Poker Hand #HD1826783901: Hold'em No Limit ($0.05/$0.1) - 2024/06/22 18:51:29
Table 'NLHRed44' 6-max Seat #1 is the button
Seat 1: df1e9d9 ($5.66 in chips)
Seat 2: 5d04e071 ($10.49 in chips)
Seat 3: Hero ($10.06 in chips)
Seat 4: b3f858cf ($10 in chips)
Seat 5: 3ef738fe ($10.86 in chips)
Seat 6: ed576d33 ($16.7 in chips)
5d04e071: posts small blind $0.05
Hero: posts big blind $0.1
*** HOLE CARDS ***
Dealt to df1e9d9 
Dealt to 5d04e071 
Dealt to Hero [9d 2s]
Dealt to b3f858cf 
Dealt to 3ef738fe 
Dealt to ed576d33 
b3f858cf: folds
3ef738fe: folds
ed576d33: folds
df1e9d9: raises $0.2 to $0.3
5d04e071: folds
Hero: folds
Uncalled bet ($0.2) returned to df1e9d9
*** SHOWDOWN ***
df1e9d9 collected $0.25 from pot
*** SUMMARY ***
Total pot $0.25 | Rake $0 | Jackpot $0 | Bingo $0 | Fortune $0 | Tax $0
Seat 1: df1e9d9 (button) collected ($0.25)
Seat 2: 5d04e071 (small blind) folded before Flop
Seat 3: Hero (big blind) folded before Flop
Seat 4: b3f858cf folded before Flop (didn't bet)
Seat 5: 3ef738fe folded before Flop (didn't bet)
Seat 6: ed576d33 folded before Flop (didn't bet)


Poker Hand #HD1826783754: Hold'em No Limit ($0.05/$0.1) - 2024/06/22 18:50:27
Table 'NLHRed44' 6-max Seat #6 is the button
Seat 1: df1e9d9 ($5.43 in chips)
Seat 2: 5d04e071 ($10.74 in chips)
Seat 3: Hero ($10.06 in chips)
Seat 4: b3f858cf ($10 in chips)
Seat 5: 3ef738fe ($10.86 in chips)
Seat 6: ed576d33 ($16.7 in chips)
df1e9d9: posts small blind $0.05
5d04e071: posts big blind $0.1
*** HOLE CARDS ***
Dealt to df1e9d9 
Dealt to 5d04e071 
Dealt to Hero [Qh 6s]
Dealt to b3f858cf 
Dealt to 3ef738fe 
Dealt to ed576d33 
Hero: folds
b3f858cf: folds
3ef738fe: folds
ed576d33: folds
df1e9d9: calls $0.05
5d04e071: checks
*** FLOP *** [As 6h 9h]
df1e9d9: checks
5d04e071: checks
*** TURN *** [As 6h 9h] [5c]
df1e9d9: bets $0.15
5d04e071: calls $0.15
*** RIVER *** [As 6h 9h 5c] [Kc]
df1e9d9: bets $0.5
5d04e071: folds
Uncalled bet ($0.5) returned to df1e9d9
*** SHOWDOWN ***
df1e9d9 collected $0.48 from pot
*** SUMMARY ***
Total pot $0.5 | Rake $0.02 | Jackpot $0 | Bingo $0 | Fortune $0 | Tax $0
Board [As 6h 9h 5c Kc]
Seat 1: df1e9d9 (small blind) won ($0.48)
Seat 2: 5d04e071 (big blind) folded on the River
Seat 3: Hero folded before Flop (didn't bet)
Seat 4: b3f858cf folded before Flop (didn't bet)
Seat 5: 3ef738fe folded before Flop (didn't bet)
Seat 6: ed576d33 (button) folded before Flop (didn't bet)


Poker Hand #HD1826783707: Hold'em No Limit ($0.05/$0.1) - 2024/06/22 18:50:08
Table 'NLHRed44' 6-max Seat #5 is the button
Seat 1: df1e9d9 ($5.53 in chips)
Seat 2: 5d04e071 ($10.74 in chips)
Seat 3: Hero ($10.06 in chips)
Seat 4: b3f858cf ($10 in chips)
Seat 5: 3ef738fe ($10.71 in chips)
Seat 6: ed576d33 ($16.75 in chips)
ed576d33: posts small blind $0.05
df1e9d9: posts big blind $0.1
*** HOLE CARDS ***
Dealt to df1e9d9 
Dealt to 5d04e071 
Dealt to Hero [6s 4c]
Dealt to b3f858cf 
Dealt to 3ef738fe 
Dealt to ed576d33 
5d04e071: folds
Hero: folds
b3f858cf: folds
3ef738fe: raises $0.2 to $0.3
ed576d33: folds
df1e9d9: folds
Uncalled bet ($0.2) returned to 3ef738fe
*** SHOWDOWN ***
3ef738fe collected $0.25 from pot
*** SUMMARY ***
Total pot $0.25 | Rake $0 | Jackpot $0 | Bingo $0 | Fortune $0 | Tax $0
Seat 1: df1e9d9 (big blind) folded before Flop
Seat 2: 5d04e071 folded before Flop (didn't bet)
Seat 3: Hero folded before Flop (didn't bet)
Seat 4: b3f858cf folded before Flop (didn't bet)
Seat 5: 3ef738fe (button) collected ($0.25)
Seat 6: ed576d33 (small blind) folded before Flop


Poker Hand #HD1826783686: Hold'em No Limit ($0.05/$0.1) - 2024/06/22 18:49:59
Table 'NLHRed44' 6-max Seat #4 is the button
Seat 1: df1e9d9 ($5.53 in chips)
Seat 2: 5d04e071 ($10.74 in chips)
Seat 3: Hero ($10.06 in chips)
Seat 4: b3f858cf ($10 in chips)
Seat 5: 3ef738fe ($10.76 in chips)
Seat 6: ed576d33 ($16.7 in chips)
3ef738fe: posts small blind $0.05
ed576d33: posts big blind $0.1
*** HOLE CARDS ***
Dealt to df1e9d9 
Dealt to 5d04e071 
Dealt to Hero [5d 8h]
Dealt to b3f858cf 
Dealt to 3ef738fe 
Dealt to ed576d33 
df1e9d9: folds
5d04e071: folds
Hero: folds
b3f858cf: folds
3ef738fe: folds
Uncalled bet ($0.05) returned to ed576d33
*** SHOWDOWN ***
ed576d33 collected $0.1 from pot
*** SUMMARY ***
Total pot $0.1 | Rake $0 | Jackpot $0 | Bingo $0 | Fortune $0 | Tax $0
Seat 1: df1e9d9 folded before Flop (didn't bet)
Seat 2: 5d04e071 folded before Flop (didn't bet)
Seat 3: Hero folded before Flop (didn't bet)
Seat 4: b3f858cf (button) folded before Flop (didn't bet)
Seat 5: 3ef738fe (small blind) folded before Flop
Seat 6: ed576d33 (big blind) collected ($0.1)


Poker Hand #HD1826783612: Hold'em No Limit ($0.05/$0.1) - 2024/06/22 18:49:31
Table 'NLHRed44' 6-max Seat #3 is the button
Seat 1: df1e9d9 ($5.38 in chips)
Seat 2: 5d04e071 ($10.74 in chips)
Seat 3: Hero ($10.06 in chips)
Seat 4: b3f858cf ($10.05 in chips)
Seat 5: 3ef738fe ($10.86 in chips)
Seat 6: ed576d33 ($16.7 in chips)
b3f858cf: posts small blind $0.05
3ef738fe: posts big blind $0.1
*** HOLE CARDS ***
Dealt to df1e9d9 
Dealt to 5d04e071 
Dealt to Hero [8h Kh]
Dealt to b3f858cf 
Dealt to 3ef738fe 
Dealt to ed576d33 
ed576d33: folds
df1e9d9: raises $0.35 to $0.45
5d04e071: folds
Hero: folds
b3f858cf: folds
3ef738fe: folds
Uncalled bet ($0.35) returned to df1e9d9
*** SHOWDOWN ***
df1e9d9 collected $0.25 from pot
*** SUMMARY ***
Total pot $0.25 | Rake $0 | Jackpot $0 | Bingo $0 | Fortune $0 | Tax $0
Seat 1: df1e9d9 collected ($0.25)
Seat 2: 5d04e071 folded before Flop (didn't bet)
Seat 3: Hero (button) folded before Flop (didn't bet)
Seat 4: b3f858cf (small blind) folded before Flop
Seat 5: 3ef738fe (big blind) folded before Flop
Seat 6: ed576d33 folded before Flop (didn't bet)


Poker Hand #HD1826783571: Hold'em No Limit ($0.05/$0.1) - 2024/06/22 18:49:12
Table 'NLHRed44' 6-max Seat #2 is the button
Seat 1: df1e9d9 ($5.38 in chips)
Seat 2: 5d04e071 ($10.74 in chips)
Seat 3: Hero ($10.11 in chips)
Seat 4: b3f858cf ($10.15 in chips)
Seat 5: 3ef738fe ($10.86 in chips)
Seat 6: ed576d33 ($16.55 in chips)
Hero: posts small blind $0.05
b3f858cf: posts big blind $0.1
*** HOLE CARDS ***
Dealt to df1e9d9 
Dealt to 5d04e071 
Dealt to Hero [9h Kd]
Dealt to b3f858cf 
Dealt to 3ef738fe 
Dealt to ed576d33 
3ef738fe: folds
ed576d33: raises $0.1 to $0.2
df1e9d9: folds
5d04e071: folds
Hero: folds
b3f858cf: folds
Uncalled bet ($0.1) returned to ed576d33
*** SHOWDOWN ***
ed576d33 collected $0.25 from pot
*** SUMMARY ***
Total pot $0.25 | Rake $0 | Jackpot $0 | Bingo $0 | Fortune $0 | Tax $0
Seat 1: df1e9d9 folded before Flop (didn't bet)
Seat 2: 5d04e071 (button) folded before Flop (didn't bet)
Seat 3: Hero (small blind) folded before Flop
Seat 4: b3f858cf (big blind) folded before Flop
Seat 5: 3ef738fe folded before Flop (didn't bet)
Seat 6: ed576d33 collected ($0.25)


Poker Hand #HD1826783527: Hold'em No Limit ($0.05/$0.1) - 2024/06/22 18:48:55
Table 'NLHRed44' 6-max Seat #1 is the button
Seat 1: df1e9d9 ($5.38 in chips)
Seat 2: 5d04e071 ($10.79 in chips)
Seat 3: Hero ($10.21 in chips)
Seat 4: b3f858cf ($10 in chips)
Seat 5: 3ef738fe ($10.86 in chips)
Seat 6: ed576d33 ($16.55 in chips)
5d04e071: posts small blind $0.05
Hero: posts big blind $0.1
*** HOLE CARDS ***
Dealt to df1e9d9 
Dealt to 5d04e071 
Dealt to Hero [2h Qd]
Dealt to b3f858cf 
Dealt to 3ef738fe 
Dealt to ed576d33 
b3f858cf: raises $0.2 to $0.3
3ef738fe: folds
ed576d33: folds
df1e9d9: folds
5d04e071: folds
Hero: folds
Uncalled bet ($0.2) returned to b3f858cf
*** SHOWDOWN ***
b3f858cf collected $0.25 from pot
*** SUMMARY ***
Total pot $0.25 | Rake $0 | Jackpot $0 | Bingo $0 | Fortune $0 | Tax $0
Seat 1: df1e9d9 (button) folded before Flop (didn't bet)
Seat 2: 5d04e071 (small blind) folded before Flop
Seat 3: Hero (big blind) folded before Flop
Seat 4: b3f858cf collected ($0.25)
Seat 5: 3ef738fe folded before Flop (didn't bet)
Seat 6: ed576d33 folded before Flop (didn't bet)


Poker Hand #HD1826783430: Hold'em No Limit ($0.05/$0.1) - 2024/06/22 18:48:14
Table 'NLHRed44' 6-max Seat #6 is the button
Seat 1: df1e9d9 ($5.43 in chips)
Seat 2: 5d04e071 ($10.89 in chips)
Seat 3: Hero ($10.81 in chips)
Seat 4: b3f858cf ($10 in chips)
Seat 5: 3ef738fe ($10.17 in chips)
Seat 6: ed576d33 ($16.55 in chips)
df1e9d9: posts small blind $0.05
5d04e071: posts big blind $0.1
*** HOLE CARDS ***
Dealt to df1e9d9 
Dealt to 5d04e071 
Dealt to Hero [Th Tc]
Dealt to b3f858cf 
Dealt to 3ef738fe 
Dealt to ed576d33 
Hero: raises $0.1 to $0.2
b3f858cf: folds
3ef738fe: raises $0.4 to $0.6
ed576d33: folds
df1e9d9: folds
5d04e071: folds
Hero: calls $0.4
*** FLOP *** [Jc Kc Kh]
Hero: checks
3ef738fe: bets $0.8
Hero: folds
Uncalled bet ($0.8) returned to 3ef738fe
*** SHOWDOWN ***
3ef738fe collected $1.29 from pot
*** SUMMARY ***
Total pot $1.35 | Rake $0.06 | Jackpot $0 | Bingo $0 | Fortune $0 | Tax $0
Board [Jc Kc Kh]
Seat 1: df1e9d9 (small blind) folded before Flop
Seat 2: 5d04e071 (big blind) folded before Flop
Seat 3: Hero folded on the Flop
Seat 4: b3f858cf folded before Flop (didn't bet)
Seat 5: 3ef738fe won ($1.29)
Seat 6: ed576d33 (button) folded before Flop (didn't bet)


Poker Hand #HD1826783342: Hold'em No Limit ($0.05/$0.1) - 2024/06/22 18:47:36
Table 'NLHRed44' 6-max Seat #5 is the button
Seat 1: df1e9d9 ($5.88 in chips)
Seat 2: 5d04e071 ($10.43 in chips)
Seat 3: Hero ($10.81 in chips)
Seat 4: b3f858cf ($10 in chips)
Seat 5: 3ef738fe ($10.17 in chips)
Seat 6: ed576d33 ($16.6 in chips)
ed576d33: posts small blind $0.05
df1e9d9: posts big blind $0.1
*** HOLE CARDS ***
Dealt to df1e9d9 
Dealt to 5d04e071 
Dealt to Hero [8c 2s]
Dealt to b3f858cf 
Dealt to 3ef738fe 
Dealt to ed576d33 
5d04e071: raises $0.35 to $0.45
Hero: folds
b3f858cf: folds
3ef738fe: folds
ed576d33: folds
df1e9d9: calls $0.35
*** FLOP *** [5c Kh 5h]
df1e9d9: checks
5d04e071: bets $0.3
df1e9d9: folds
Uncalled bet ($0.3) returned to 5d04e071
*** SHOWDOWN ***
5d04e071 collected $0.91 from pot
*** SUMMARY ***
Total pot $0.95 | Rake $0.04 | Jackpot $0 | Bingo $0 | Fortune $0 | Tax $0
Board [5c Kh 5h]
Seat 1: df1e9d9 (big blind) folded on the Flop
Seat 2: 5d04e071 won ($0.91)
Seat 3: Hero folded before Flop (didn't bet)
Seat 4: b3f858cf folded before Flop (didn't bet)
Seat 5: 3ef738fe (button) folded before Flop (didn't bet)
Seat 6: ed576d33 (small blind) folded before Flop


Poker Hand #HD1826783261: Hold'em No Limit ($0.05/$0.1) - 2024/06/22 18:46:56
Table 'NLHRed44' 6-max Seat #4 is the button
Seat 1: df1e9d9 ($5.48 in chips)
Seat 2: 5d04e071 ($10.43 in chips)
Seat 3: Hero ($10.81 in chips)
Seat 4: b3f858cf ($10 in chips)
Seat 5: 3ef738fe ($10.22 in chips)
Seat 6: ed576d33 ($16.7 in chips)
3ef738fe: posts small blind $0.05
ed576d33: posts big blind $0.1
*** HOLE CARDS ***
Dealt to df1e9d9 
Dealt to 5d04e071 
Dealt to Hero [Ah 4d]
Dealt to b3f858cf 
Dealt to 3ef738fe 
Dealt to ed576d33 
df1e9d9: calls $0.1
5d04e071: folds
Hero: folds
b3f858cf: raises $0.18 to $0.28
3ef738fe: folds
ed576d33: folds
df1e9d9: calls $0.18
*** FLOP *** [7h Td 6c]
df1e9d9: bets $0.36
b3f858cf: folds
Uncalled bet ($0.36) returned to df1e9d9
*** SHOWDOWN ***
df1e9d9 collected $0.68 from pot
*** SUMMARY ***
Total pot $0.71 | Rake $0.03 | Jackpot $0 | Bingo $0 | Fortune $0 | Tax $0
Board [7h Td 6c]
Seat 1: df1e9d9 won ($0.68)
Seat 2: 5d04e071 folded before Flop (didn't bet)
Seat 3: Hero folded before Flop (didn't bet)
Seat 4: b3f858cf (button) folded on the Flop
Seat 5: 3ef738fe (small blind) folded before Flop
Seat 6: ed576d33 (big blind) folded before Flop


Poker Hand #HD1826783142: Hold'em No Limit ($0.05/$0.1) - 2024/06/22 18:46:11
Table 'NLHRed44' 6-max Seat #3 is the button
Seat 1: df1e9d9 ($5.34 in chips)
Seat 2: 5d04e071 ($10.43 in chips)
Seat 3: Hero ($10.81 in chips)
Seat 4: b3f858cf ($10.05 in chips)
Seat 5: 3ef738fe ($10.32 in chips)
Seat 6: ed576d33 ($16.7 in chips)
b3f858cf: posts small blind $0.05
3ef738fe: posts big blind $0.1
*** HOLE CARDS ***
Dealt to df1e9d9 
Dealt to 5d04e071 
Dealt to Hero [8s 5h]
Dealt to b3f858cf 
Dealt to 3ef738fe 
Dealt to ed576d33 
ed576d33: folds
df1e9d9: calls $0.1
5d04e071: folds
Hero: folds
b3f858cf: folds
3ef738fe: checks
*** FLOP *** [Ac 9c Ts]
3ef738fe: checks
df1e9d9: bets $0.13
3ef738fe: folds
Uncalled bet ($0.13) returned to df1e9d9
*** SHOWDOWN ***
df1e9d9 collected $0.24 from pot
*** SUMMARY ***
Total pot $0.25 | Rake $0.01 | Jackpot $0 | Bingo $0 | Fortune $0 | Tax $0
Board [Ac 9c Ts]
Seat 1: df1e9d9 won ($0.24)
Seat 2: 5d04e071 folded before Flop (didn't bet)
Seat 3: Hero (button) folded before Flop (didn't bet)
Seat 4: b3f858cf (small blind) folded before Flop
Seat 5: 3ef738fe (big blind) folded on the Flop
Seat 6: ed576d33 folded before Flop (didn't bet)


Poker Hand #HD1826783113: Hold'em No Limit ($0.05/$0.1) - 2024/06/22 18:45:58
Table 'NLHRed44' 6-max Seat #2 is the button
Seat 1: df1e9d9 ($5.34 in chips)
Seat 2: 5d04e071 ($10.43 in chips)
Seat 3: Hero ($10.86 in chips)
Seat 4: b3f858cf ($10 in chips)
Seat 5: 3ef738fe ($10.32 in chips)
Seat 6: ed576d33 ($16.7 in chips)
Hero: posts small blind $0.05
b3f858cf: posts big blind $0.1
*** HOLE CARDS ***
Dealt to df1e9d9 
Dealt to 5d04e071 
Dealt to Hero [Th 9c]
Dealt to b3f858cf 
Dealt to 3ef738fe 
Dealt to ed576d33 
3ef738fe: folds
ed576d33: folds
df1e9d9: folds
5d04e071: folds
Hero: folds
Uncalled bet ($0.05) returned to b3f858cf
*** SHOWDOWN ***
b3f858cf collected $0.1 from pot
*** SUMMARY ***
Total pot $0.1 | Rake $0 | Jackpot $0 | Bingo $0 | Fortune $0 | Tax $0
Seat 1: df1e9d9 folded before Flop (didn't bet)
Seat 2: 5d04e071 (button) folded before Flop (didn't bet)
Seat 3: Hero (small blind) folded before Flop
Seat 4: b3f858cf (big blind) collected ($0.1)
Seat 5: 3ef738fe folded before Flop (didn't bet)
Seat 6: ed576d33 folded before Flop (didn't bet)


Poker Hand #HD1826782945: Hold'em No Limit ($0.05/$0.1) - 2024/06/22 18:44:49
Table 'NLHRed44' 6-max Seat #1 is the button
Seat 1: df1e9d9 ($2.81 in chips)
Seat 2: 5d04e071 ($13.24 in chips)
Seat 3: Hero ($10.96 in chips)
Seat 5: 3ef738fe ($10.32 in chips)
Seat 6: ed576d33 ($16.7 in chips)
5d04e071: posts small blind $0.05
Hero: posts big blind $0.1
*** HOLE CARDS ***
Dealt to df1e9d9 
Dealt to 5d04e071 
Dealt to Hero [2h 6h]
Dealt to 3ef738fe 
Dealt to ed576d33 
3ef738fe: folds
ed576d33: folds
df1e9d9: calls $0.1
5d04e071: raises $0.35 to $0.45
Hero: folds
df1e9d9: calls $0.35
*** FLOP *** [7h 6c 3h]
5d04e071: checks
df1e9d9: checks
*** TURN *** [7h 6c 3h] [9h]
5d04e071: bets $0.55
df1e9d9: raises $1.81 to $2.36 and is all-in
5d04e071: calls $1.81
df1e9d9: shows [3c 3s] (Three Treys)
5d04e071: shows [8s Js] (Jack-High)
*** RIVER *** [7h 6c 3h 9h] [Qs]
*** SHOWDOWN ***
df1e9d9 collected $5.34 from pot
*** SUMMARY ***
Total pot $5.72 | Rake $0.28 | Jackpot $0.1 | Bingo $0 | Fortune $0 | Tax $0
Board [7h 6c 3h 9h Qs]
Seat 1: df1e9d9 (button) showed [3c 3s] and won ($5.34) with Three Treys
Seat 2: 5d04e071 (small blind) showed [8s Js] and lost with Queen-High
Seat 3: Hero (big blind) folded before Flop
Seat 5: 3ef738fe folded before Flop (didn't bet)
Seat 6: ed576d33 folded before Flop (didn't bet)


Poker Hand #HD1826782825: Hold'em No Limit ($0.05/$0.1) - 2024/06/22 18:43:58
Table 'NLHRed44' 6-max Seat #6 is the button
Seat 1: df1e9d9 ($2.86 in chips)
Seat 2: 5d04e071 ($13.44 in chips)
Seat 3: Hero ($10.73 in chips)
Seat 5: 3ef738fe ($10.32 in chips)
Seat 6: ed576d33 ($16.7 in chips)
df1e9d9: posts small blind $0.05
5d04e071: posts big blind $0.1
*** HOLE CARDS ***
Dealt to df1e9d9 
Dealt to 5d04e071 
Dealt to Hero [9s 9h]
Dealt to 3ef738fe 
Dealt to ed576d33 
Hero: raises $0.1 to $0.2
3ef738fe: folds
ed576d33: folds
df1e9d9: folds
5d04e071: calls $0.1
*** FLOP *** [As 5s 7d]
5d04e071: checks
Hero: checks
*** TURN *** [As 5s 7d] [9c]
5d04e071: checks
Hero: bets $0.3
5d04e071: folds
Uncalled bet ($0.3) returned to Hero
*** SHOWDOWN ***
Hero collected $0.43 from pot
*** SUMMARY ***
Total pot $0.45 | Rake $0.02 | Jackpot $0 | Bingo $0 | Fortune $0 | Tax $0
Board [As 5s 7d 9c]
Seat 1: df1e9d9 (small blind) folded before Flop
Seat 2: 5d04e071 (big blind) folded on the Turn
Seat 3: Hero won ($0.43)
Seat 5: 3ef738fe folded before Flop (didn't bet)
Seat 6: ed576d33 (button) folded before Flop (didn't bet)


Poker Hand #HD1826782744: Hold'em No Limit ($0.05/$0.1) - 2024/06/22 18:43:22
Table 'NLHRed44' 6-max Seat #5 is the button
Seat 1: df1e9d9 ($3.16 in chips)
Seat 2: 5d04e071 ($13.44 in chips)
Seat 3: Hero ($10.73 in chips)
Seat 5: 3ef738fe ($10 in chips)
Seat 6: ed576d33 ($16.75 in chips)
ed576d33: posts small blind $0.05
df1e9d9: posts big blind $0.1
*** HOLE CARDS ***
Dealt to df1e9d9 
Dealt to 5d04e071 
Dealt to Hero [7d 5s]
Dealt to 3ef738fe 
Dealt to ed576d33 
5d04e071: folds
Hero: folds
3ef738fe: raises $0.2 to $0.3
ed576d33: folds
df1e9d9: calls $0.2
*** FLOP *** [6d 3c Qh]
df1e9d9: checks
3ef738fe: bets $0.4
df1e9d9: folds
Uncalled bet ($0.4) returned to 3ef738fe
*** SHOWDOWN ***
3ef738fe collected $0.62 from pot
*** SUMMARY ***
Total pot $0.65 | Rake $0.03 | Jackpot $0 | Bingo $0 | Fortune $0 | Tax $0
Board [6d 3c Qh]
Seat 1: df1e9d9 (big blind) folded on the Flop
Seat 2: 5d04e071 folded before Flop (didn't bet)
Seat 3: Hero folded before Flop (didn't bet)
Seat 5: 3ef738fe (button) won ($0.62)
Seat 6: ed576d33 (small blind) folded before Flop


Poker Hand #HD1826782712: Hold'em No Limit ($0.05/$0.1) - 2024/06/22 18:43:08
Table 'NLHRed44' 6-max Seat #3 is the button
Seat 1: df1e9d9 ($3.16 in chips)
Seat 2: 5d04e071 ($13.44 in chips)
Seat 3: Hero ($10.58 in chips)
Seat 5: 3ef738fe ($10 in chips)
Seat 6: ed576d33 ($16.85 in chips)
3ef738fe: posts small blind $0.05
ed576d33: posts big blind $0.1
*** HOLE CARDS ***
Dealt to df1e9d9 
Dealt to 5d04e071 
Dealt to Hero [6h 6d]
Dealt to 3ef738fe 
Dealt to ed576d33 
df1e9d9: folds
5d04e071: folds
Hero: raises $0.14 to $0.24
3ef738fe: folds
ed576d33: folds
Uncalled bet ($0.14) returned to Hero
*** SHOWDOWN ***
Hero collected $0.25 from pot
*** SUMMARY ***
Total pot $0.25 | Rake $0 | Jackpot $0 | Bingo $0 | Fortune $0 | Tax $0
Seat 1: df1e9d9 folded before Flop (didn't bet)
Seat 2: 5d04e071 folded before Flop (didn't bet)
Seat 3: Hero (button) collected ($0.25)
Seat 5: 3ef738fe (small blind) folded before Flop
Seat 6: ed576d33 (big blind) folded before Flop


Poker Hand #HD1826782664: Hold'em No Limit ($0.05/$0.1) - 2024/06/22 18:42:48
Table 'NLHRed44' 6-max Seat #2 is the button
Seat 1: df1e9d9 ($3.01 in chips)
Seat 2: 5d04e071 ($13.44 in chips)
Seat 3: Hero ($10.63 in chips)
Seat 5: 3ef738fe ($10 in chips)
Seat 6: ed576d33 ($16.85 in chips)
Hero: posts small blind $0.05
3ef738fe: posts big blind $0.1
*** HOLE CARDS ***
Dealt to df1e9d9 
Dealt to 5d04e071 
Dealt to Hero [4h Ks]
Dealt to 3ef738fe 
Dealt to ed576d33 
ed576d33: folds
df1e9d9: raises $0.3 to $0.4
5d04e071: folds
Hero: folds
3ef738fe: folds
Uncalled bet ($0.3) returned to df1e9d9
*** SHOWDOWN ***
df1e9d9 collected $0.25 from pot
*** SUMMARY ***
Total pot $0.25 | Rake $0 | Jackpot $0 | Bingo $0 | Fortune $0 | Tax $0
Seat 1: df1e9d9 collected ($0.25)
Seat 2: 5d04e071 (button) folded before Flop (didn't bet)
Seat 3: Hero (small blind) folded before Flop
Seat 5: 3ef738fe (big blind) folded before Flop
Seat 6: ed576d33 folded before Flop (didn't bet)


Poker Hand #HD1826782590: Hold'em No Limit ($0.05/$0.1) - 2024/06/22 18:42:17
Table 'NLHRed44' 6-max Seat #1 is the button
Seat 1: df1e9d9 ($3.21 in chips)
Seat 2: 5d04e071 ($13.16 in chips)
Seat 3: Hero ($10.73 in chips)
Seat 5: a9749449 ($17.55 in chips)
Seat 6: ed576d33 ($16.85 in chips)
5d04e071: posts small blind $0.05
Hero: posts big blind $0.1
*** HOLE CARDS ***
Dealt to df1e9d9 
Dealt to 5d04e071 
Dealt to Hero [Kc 3h]
Dealt to a9749449 
Dealt to ed576d33 
a9749449: folds
ed576d33: folds
df1e9d9: raises $0.1 to $0.2
5d04e071: raises $0.8 to $1
Hero: folds
df1e9d9: folds
Uncalled bet ($0.8) returned to 5d04e071
*** SHOWDOWN ***
5d04e071 collected $0.48 from pot
*** SUMMARY ***
Total pot $0.5 | Rake $0.02 | Jackpot $0 | Bingo $0 | Fortune $0 | Tax $0
Seat 1: df1e9d9 (button) folded before Flop
Seat 2: 5d04e071 (small blind) collected ($0.48)
Seat 3: Hero (big blind) folded before Flop
Seat 5: a9749449 folded before Flop (didn't bet)
Seat 6: ed576d33 folded before Flop (didn't bet)


Poker Hand #HD1826782448: Hold'em No Limit ($0.05/$0.1) - 2024/06/22 18:41:21
Table 'NLHRed44' 6-max Seat #6 is the button
Seat 1: df1e9d9 ($3.26 in chips)
Seat 2: 5d04e071 ($12.02 in chips)
Seat 3: Hero ($10.93 in chips)
Seat 4: 626b96b9 ($1 in chips)
Seat 5: a9749449 ($17.55 in chips)
Seat 6: ed576d33 ($16.85 in chips)
df1e9d9: posts small blind $0.05
5d04e071: posts big blind $0.1
*** HOLE CARDS ***
Dealt to df1e9d9 
Dealt to 5d04e071 
Dealt to Hero [Qh Kh]
Dealt to 626b96b9 
Dealt to a9749449 
Dealt to ed576d33 
Hero: raises $0.1 to $0.2
626b96b9: raises $0.8 to $1 and is all-in
a9749449: folds
ed576d33: folds
df1e9d9: folds
5d04e071: raises $1.69 to $2.69
Hero: folds
Uncalled bet ($1.69) returned to 5d04e071
5d04e071: shows [Kc Ah]
626b96b9: shows [Jh Ac]
*** FLOP *** [Kd 8s 6d]
*** TURN *** [Kd 8s 6d] [8c]
*** RIVER *** [Kd 8s 6d 8c] [2s]
*** SHOWDOWN ***
5d04e071 collected $2.14 from pot
*** SUMMARY ***
Total pot $2.25 | Rake $0.11 | Jackpot $0 | Bingo $0 | Fortune $0 | Tax $0
Board [Kd 8s 6d 8c 2s]
Seat 1: df1e9d9 (small blind) folded before Flop
Seat 2: 5d04e071 (big blind) showed [Kc Ah] and won ($2.14) with Pair of Kings and Pair of Eights
Seat 3: Hero folded before Flop
Seat 4: 626b96b9 showed [Jh Ac] and lost with Pair of Eights
Seat 5: a9749449 folded before Flop (didn't bet)
Seat 6: ed576d33 (button) folded before Flop (didn't bet)


Poker Hand #HD1826782356: Hold'em No Limit ($0.05/$0.1) - 2024/06/22 18:40:44
Table 'NLHRed44' 6-max Seat #5 is the button
Seat 1: df1e9d9 ($2.76 in chips)
Seat 2: 5d04e071 ($12.02 in chips)
Seat 3: Hero ($10.93 in chips)
Seat 4: 626b96b9 ($1.5 in chips)
Seat 5: a9749449 ($17.55 in chips)
Seat 6: ed576d33 ($16.9 in chips)
ed576d33: posts small blind $0.05
df1e9d9: posts big blind $0.1
*** HOLE CARDS ***
Dealt to df1e9d9 
Dealt to 5d04e071 
Dealt to Hero [3s 8c]
Dealt to 626b96b9 
Dealt to a9749449 
Dealt to ed576d33 
5d04e071: folds
Hero: folds
626b96b9: calls $0.1
a9749449: folds
ed576d33: folds
df1e9d9: checks
*** FLOP *** [Qd Jc 6d]
df1e9d9: bets $0.19
626b96b9: calls $0.19
*** TURN *** [Qd Jc 6d] [9c]
df1e9d9: bets $0.21
626b96b9: calls $0.21
*** RIVER *** [Qd Jc 6d 9c] [Tc]
df1e9d9: bets $0.53
626b96b9: folds
Uncalled bet ($0.53) returned to df1e9d9
*** SHOWDOWN ***
df1e9d9 collected $1 from pot
*** SUMMARY ***
Total pot $1.05 | Rake $0.05 | Jackpot $0 | Bingo $0 | Fortune $0 | Tax $0
Board [Qd Jc 6d 9c Tc]
Seat 1: df1e9d9 (big blind) won ($1)
Seat 2: 5d04e071 folded before Flop (didn't bet)
Seat 3: Hero folded before Flop (didn't bet)
Seat 4: 626b96b9 folded on the River
Seat 5: a9749449 (button) folded before Flop (didn't bet)
Seat 6: ed576d33 (small blind) folded before Flop


Poker Hand #HD1826782170: Hold'em No Limit ($0.05/$0.1) - 2024/06/22 18:39:25
Table 'NLHRed44' 6-max Seat #4 is the button
Seat 1: df1e9d9 ($2.86 in chips)
Seat 2: 5d04e071 ($12.02 in chips)
Seat 3: Hero ($10.93 in chips)
Seat 4: 626b96b9 ($1.6 in chips)
Seat 5: a9749449 ($17.6 in chips)
Seat 6: ed576d33 ($16.66 in chips)
a9749449: posts small blind $0.05
ed576d33: posts big blind $0.1
*** HOLE CARDS ***
Dealt to df1e9d9 
Dealt to 5d04e071 
Dealt to Hero [4s 7d]
Dealt to 626b96b9 
Dealt to a9749449 
Dealt to ed576d33 
df1e9d9: calls $0.1
5d04e071: folds
Hero: folds
626b96b9: calls $0.1
a9749449: folds
ed576d33: checks
*** FLOP *** [2s Kh 5c]
ed576d33: checks
df1e9d9: checks
626b96b9: checks
*** TURN *** [2s Kh 5c] [Js]
ed576d33: checks
df1e9d9: checks
626b96b9: checks
*** RIVER *** [2s Kh 5c Js] [6c]
ed576d33: checks
df1e9d9: checks
626b96b9: checks
ed576d33: shows [2d 3s] (Pair of Twos)
df1e9d9: shows [9c 8c] (King-High)
626b96b9: shows [Qd 9d] (King-High)
*** SHOWDOWN ***
ed576d33 collected $0.34 from pot
*** SUMMARY ***
Total pot $0.35 | Rake $0.01 | Jackpot $0 | Bingo $0 | Fortune $0 | Tax $0
Board [2s Kh 5c Js 6c]
Seat 1: df1e9d9 showed [9c 8c] and lost with King-High
Seat 2: 5d04e071 folded before Flop (didn't bet)
Seat 3: Hero folded before Flop (didn't bet)
Seat 4: 626b96b9 (button) showed [Qd 9d] and lost with King-High
Seat 5: a9749449 (small blind) folded before Flop
Seat 6: ed576d33 (big blind) showed [2d 3s] and won ($0.34) with Pair of Twos


Poker Hand #HD1826782045: Hold'em No Limit ($0.05/$0.1) - 2024/06/22 18:38:40
Table 'NLHRed44' 6-max Seat #3 is the button
Seat 1: df1e9d9 ($2.96 in chips)
Seat 2: 5d04e071 ($12.02 in chips)
Seat 3: Hero ($10.93 in chips)
Seat 4: 626b96b9 ($1.65 in chips)
Seat 5: a9749449 ($17.46 in chips)
Seat 6: ed576d33 ($16.66 in chips)
626b96b9: posts small blind $0.05
a9749449: posts big blind $0.1
*** HOLE CARDS ***
Dealt to df1e9d9 
Dealt to 5d04e071 
Dealt to Hero [3h Qc]
Dealt to 626b96b9 
Dealt to a9749449 
Dealt to ed576d33 
ed576d33: folds
df1e9d9: calls $0.1
5d04e071: folds
Hero: folds
626b96b9: folds
a9749449: checks
*** FLOP *** [Js Td 9h]
a9749449: checks
df1e9d9: checks
*** TURN *** [Js Td 9h] [9d]
a9749449: checks
df1e9d9: checks
*** RIVER *** [Js Td 9h 9d] [Qd]
a9749449: checks
df1e9d9: checks
a9749449: shows [8c Kh] (Kings-High Straight)
df1e9d9: shows [3s Ah] (Pair of Nines)
*** SHOWDOWN ***
a9749449 collected $0.24 from pot
*** SUMMARY ***
Total pot $0.25 | Rake $0.01 | Jackpot $0 | Bingo $0 | Fortune $0 | Tax $0
Board [Js Td 9h 9d Qd]
Seat 1: df1e9d9 showed [3s Ah] and lost with Pair of Nines
Seat 2: 5d04e071 folded before Flop (didn't bet)
Seat 3: Hero (button) folded before Flop (didn't bet)
Seat 4: 626b96b9 (small blind) folded before Flop
Seat 5: a9749449 (big blind) showed [8c Kh] and won ($0.24) with Kings-High Straight
Seat 6: ed576d33 folded before Flop (didn't bet)


Poker Hand #HD1826781960: Hold'em No Limit ($0.05/$0.1) - 2024/06/22 18:38:02
Table 'NLHRed44' 6-max Seat #2 is the button
Seat 1: df1e9d9 ($2.64 in chips)
Seat 2: 5d04e071 ($12.02 in chips)
Seat 3: Hero ($10.98 in chips)
Seat 4: 626b96b9 ($1.95 in chips)
Seat 5: a9749449 ($17.46 in chips)
Seat 6: ed576d33 ($16.66 in chips)
Hero: posts small blind $0.05
626b96b9: posts big blind $0.1
*** HOLE CARDS ***
Dealt to df1e9d9 
Dealt to 5d04e071 
Dealt to Hero [2c 7s]
Dealt to 626b96b9 
Dealt to a9749449 
Dealt to ed576d33 
a9749449: folds
ed576d33: folds
df1e9d9: calls $0.1
5d04e071: folds
Hero: folds
626b96b9: raises $0.1 to $0.2
df1e9d9: calls $0.1
*** FLOP *** [7h Qc Jh]
626b96b9: bets $0.1
df1e9d9: calls $0.1
*** TURN *** [7h Qc Jh] [Jd]
626b96b9: checks
df1e9d9: bets $0.33
626b96b9: folds
Uncalled bet ($0.33) returned to df1e9d9
*** SHOWDOWN ***
df1e9d9 collected $0.62 from pot
*** SUMMARY ***
Total pot $0.65 | Rake $0.03 | Jackpot $0 | Bingo $0 | Fortune $0 | Tax $0
Board [7h Qc Jh Jd]
Seat 1: df1e9d9 won ($0.62)
Seat 2: 5d04e071 (button) folded before Flop (didn't bet)
Seat 3: Hero (small blind) folded before Flop
Seat 4: 626b96b9 (big blind) folded on the Turn
Seat 5: a9749449 folded before Flop (didn't bet)
Seat 6: ed576d33 folded before Flop (didn't bet)


Poker Hand #HD1826781860: Hold'em No Limit ($0.05/$0.1) - 2024/06/22 18:37:27
Table 'NLHRed44' 6-max Seat #1 is the button
Seat 1: df1e9d9 ($2.94 in chips)
Seat 2: 5d04e071 ($12.07 in chips)
Seat 3: Hero ($11.08 in chips)
Seat 4: 626b96b9 ($2.05 in chips)
Seat 5: a9749449 ($16.95 in chips)
Seat 6: ed576d33 ($16.66 in chips)
5d04e071: posts small blind $0.05
Hero: posts big blind $0.1
*** HOLE CARDS ***
Dealt to df1e9d9 
Dealt to 5d04e071 
Dealt to Hero [3d 9c]
Dealt to 626b96b9 
Dealt to a9749449 
Dealt to ed576d33 
626b96b9: calls $0.1
a9749449: raises $0.2 to $0.3
ed576d33: folds
df1e9d9: calls $0.3
5d04e071: folds
Hero: folds
626b96b9: folds
*** FLOP *** [Th 3h Qs]
a9749449: checks
df1e9d9: checks
*** TURN *** [Th 3h Qs] [7d]
a9749449: bets $0.43
df1e9d9: folds
Uncalled bet ($0.43) returned to a9749449
*** SHOWDOWN ***
a9749449 collected $0.81 from pot
*** SUMMARY ***
Total pot $0.85 | Rake $0.04 | Jackpot $0 | Bingo $0 | Fortune $0 | Tax $0
Board [Th 3h Qs 7d]
Seat 1: df1e9d9 (button) folded on the Turn
Seat 2: 5d04e071 (small blind) folded before Flop
Seat 3: Hero (big blind) folded before Flop
Seat 4: 626b96b9 folded before Flop
Seat 5: a9749449 won ($0.81)
Seat 6: ed576d33 folded before Flop (didn't bet)


Poker Hand #HD1826781668: Hold'em No Limit ($0.05/$0.1) - 2024/06/22 18:36:02
Table 'NLHRed44' 6-max Seat #6 is the button
Seat 1: df1e9d9 ($3.14 in chips)
Seat 2: 5d04e071 ($12.27 in chips)
Seat 3: Hero ($11.08 in chips)
Seat 4: 626b96b9 ($2.05 in chips)
Seat 5: a9749449 ($16.95 in chips)
Seat 6: ed576d33 ($16.29 in chips)
df1e9d9: posts small blind $0.05
5d04e071: posts big blind $0.1
*** HOLE CARDS ***
Dealt to df1e9d9 
Dealt to 5d04e071 
Dealt to Hero [8h 6s]
Dealt to 626b96b9 
Dealt to a9749449 
Dealt to ed576d33 
Hero: folds
626b96b9: folds
a9749449: folds
ed576d33: raises $0.1 to $0.2
df1e9d9: calls $0.15
5d04e071: calls $0.1
*** FLOP *** [2c Kc As]
df1e9d9: checks
5d04e071: checks
ed576d33: checks
*** TURN *** [2c Kc As] [3c]
df1e9d9: checks
5d04e071: checks
ed576d33: checks
*** RIVER *** [2c Kc As 3c] [5d]
df1e9d9: checks
5d04e071: checks
ed576d33: checks
df1e9d9: shows [Jd 7c] (Ace-High)
5d04e071: shows [Qc 9h] (Ace-High)
ed576d33: shows [Kh 5h] (Pair of Kings and Pair of Fives)
*** SHOWDOWN ***
ed576d33 collected $0.57 from pot
*** SUMMARY ***
Total pot $0.6 | Rake $0.03 | Jackpot $0 | Bingo $0 | Fortune $0 | Tax $0
Board [2c Kc As 3c 5d]
Seat 1: df1e9d9 (small blind) showed [Jd 7c] and lost with Ace-High
Seat 2: 5d04e071 (big blind) showed [Qc 9h] and lost with Ace-High
Seat 3: Hero folded before Flop (didn't bet)
Seat 4: 626b96b9 folded before Flop (didn't bet)
Seat 5: a9749449 folded before Flop (didn't bet)
Seat 6: ed576d33 (button) showed [Kh 5h] and won ($0.57) with Pair of Kings and Pair of Fives


Poker Hand #HD1826781454: Hold'em No Limit ($0.05/$0.1) - 2024/06/22 18:34:40
Table 'NLHRed44' 6-max Seat #5 is the button
Seat 1: df1e9d9 ($1.11 in chips)
Seat 2: 5d04e071 ($12.27 in chips)
Seat 3: Hero ($11.08 in chips)
Seat 4: 626b96b9 ($4.28 in chips)
Seat 5: a9749449 ($17.07 in chips)
Seat 6: ed576d33 ($16.34 in chips)
ed576d33: posts small blind $0.05
df1e9d9: posts big blind $0.1
*** HOLE CARDS ***
Dealt to df1e9d9 
Dealt to 5d04e071 
Dealt to Hero [Ad 8c]
Dealt to 626b96b9 
Dealt to a9749449 
Dealt to ed576d33 
5d04e071: folds
Hero: folds
626b96b9: calls $0.1
a9749449: raises $0.2 to $0.3
ed576d33: folds
df1e9d9: calls $0.2
626b96b9: calls $0.2
*** FLOP *** [5c 4d 4c]
df1e9d9: checks
626b96b9: bets $0.48
a9749449: calls $0.48
df1e9d9: raises $0.33 to $0.81 and is all-in
626b96b9: calls $0.33
a9749449: calls $0.33
*** TURN *** [5c 4d 4c] [3s]
626b96b9: checks
a9749449: bets $1.12
626b96b9: calls $1.12
*** RIVER *** [5c 4d 4c 3s] [9d]
626b96b9: checks
a9749449: checks
df1e9d9: shows [6s 4s] (Three Fours)
626b96b9: shows [Kc 7c] (Pair of Fours)
a9749449: shows [Th Ts] (Pair of Tens and Pair of Fours)
*** SHOWDOWN ***
df1e9d9 collected $3.14 from pot
a9749449 collected $2.11 from pot
*** SUMMARY ***
Total pot $5.62 | Rake $0.27 | Jackpot $0.1 | Bingo $0 | Fortune $0 | Tax $0
Board [5c 4d 4c 3s 9d]
Seat 1: df1e9d9 (big blind) showed [6s 4s] and won ($3.14) with Three Fours
Seat 2: 5d04e071 folded before Flop (didn't bet)
Seat 3: Hero folded before Flop (didn't bet)
Seat 4: 626b96b9 showed [Kc 7c] and lost with Pair of Fours
Seat 5: a9749449 (button) showed [Th Ts] and won ($2.11) with Pair of Tens and Pair of Fours
Seat 6: ed576d33 (small blind) folded before Flop


Poker Hand #HD1826781417: Hold'em No Limit ($0.05/$0.1) - 2024/06/22 18:34:23
Table 'NLHRed44' 6-max Seat #4 is the button
Seat 1: df1e9d9 ($1.11 in chips)
Seat 2: 5d04e071 ($12.27 in chips)
Seat 3: Hero ($11.08 in chips)
Seat 4: 626b96b9 ($4.13 in chips)
Seat 5: a9749449 ($17.12 in chips)
Seat 6: ed576d33 ($16.44 in chips)
a9749449: posts small blind $0.05
ed576d33: posts big blind $0.1
*** HOLE CARDS ***
Dealt to df1e9d9 
Dealt to 5d04e071 
Dealt to Hero [4h Kc]
Dealt to 626b96b9 
Dealt to a9749449 
Dealt to ed576d33 
df1e9d9: folds
5d04e071: folds
Hero: folds
626b96b9: raises $0.1 to $0.2
a9749449: folds
ed576d33: folds
Uncalled bet ($0.1) returned to 626b96b9
*** SHOWDOWN ***
626b96b9 collected $0.25 from pot
*** SUMMARY ***
Total pot $0.25 | Rake $0 | Jackpot $0 | Bingo $0 | Fortune $0 | Tax $0
Seat 1: df1e9d9 folded before Flop (didn't bet)
Seat 2: 5d04e071 folded before Flop (didn't bet)
Seat 3: Hero folded before Flop (didn't bet)
Seat 4: 626b96b9 (button) collected ($0.25)
Seat 5: a9749449 (small blind) folded before Flop
Seat 6: ed576d33 (big blind) folded before Flop


Poker Hand #HD1826781356: Hold'em No Limit ($0.05/$0.1) - 2024/06/22 18:34:02
Table 'NLHRed44' 6-max Seat #3 is the button
Seat 1: df1e9d9 ($1.11 in chips)
Seat 2: 5d04e071 ($12.12 in chips)
Seat 3: Hero ($11.08 in chips)
Seat 4: 626b96b9 ($4.18 in chips)
Seat 5: a9749449 ($17.22 in chips)
Seat 6: ed576d33 ($16.44 in chips)
626b96b9: posts small blind $0.05
a9749449: posts big blind $0.1
*** HOLE CARDS ***
Dealt to df1e9d9 
Dealt to 5d04e071 
Dealt to Hero [7c Jd]
Dealt to 626b96b9 
Dealt to a9749449 
Dealt to ed576d33 
ed576d33: folds
df1e9d9: folds
5d04e071: raises $0.25 to $0.35
Hero: folds
626b96b9: folds
a9749449: folds
Uncalled bet ($0.25) returned to 5d04e071
*** SHOWDOWN ***
5d04e071 collected $0.25 from pot
*** SUMMARY ***
Total pot $0.25 | Rake $0 | Jackpot $0 | Bingo $0 | Fortune $0 | Tax $0
Seat 1: df1e9d9 folded before Flop (didn't bet)
Seat 2: 5d04e071 collected ($0.25)
Seat 3: Hero (button) folded before Flop (didn't bet)
Seat 4: 626b96b9 (small blind) folded before Flop
Seat 5: a9749449 (big blind) folded before Flop
Seat 6: ed576d33 folded before Flop (didn't bet)


Poker Hand #HD1826781109: Hold'em No Limit ($0.05/$0.1) - 2024/06/22 18:32:18
Table 'NLHRed44' 6-max Seat #2 is the button
Seat 1: df1e9d9 ($1.11 in chips)
Seat 2: 5d04e071 ($12.12 in chips)
Seat 3: Hero ($11.13 in chips)
Seat 4: 626b96b9 ($5.13 in chips)
Seat 5: a9749449 ($17.22 in chips)
Seat 6: ed576d33 ($15.53 in chips)
Hero: posts small blind $0.05
626b96b9: posts big blind $0.1
*** HOLE CARDS ***
Dealt to df1e9d9 
Dealt to 5d04e071 
Dealt to Hero [Qc 6h]
Dealt to 626b96b9 
Dealt to a9749449 
Dealt to ed576d33 
a9749449: folds
ed576d33: raises $0.1 to $0.2
df1e9d9: folds
5d04e071: folds
Hero: folds
626b96b9: calls $0.1
*** FLOP *** [7h Qh 4c]
626b96b9: bets $0.1
ed576d33: raises $0.65 to $0.75
626b96b9: calls $0.65
*** TURN *** [7h Qh 4c] [2d]
626b96b9: checks
ed576d33: bets $2.25
626b96b9: folds
Uncalled bet ($2.25) returned to ed576d33
*** SHOWDOWN ***
ed576d33 collected $1.86 from pot
*** SUMMARY ***
Total pot $1.95 | Rake $0.09 | Jackpot $0 | Bingo $0 | Fortune $0 | Tax $0
Board [7h Qh 4c 2d]
Seat 1: df1e9d9 folded before Flop (didn't bet)
Seat 2: 5d04e071 (button) folded before Flop (didn't bet)
Seat 3: Hero (small blind) folded before Flop
Seat 4: 626b96b9 (big blind) folded on the Turn
Seat 5: a9749449 folded before Flop (didn't bet)
Seat 6: ed576d33 won ($1.86)


Poker Hand #HD1826780951: Hold'em No Limit ($0.05/$0.1) - 2024/06/22 18:31:16
Table 'NLHRed44' 6-max Seat #1 is the button
Seat 1: df1e9d9 ($1.11 in chips)
Seat 2: 5d04e071 ($12.17 in chips)
Seat 3: Hero ($10 in chips)
Seat 4: 626b96b9 ($5.13 in chips)
Seat 5: a9749449 ($18.42 in chips)
Seat 6: ed576d33 ($15.53 in chips)
5d04e071: posts small blind $0.05
Hero: posts big blind $0.1
*** HOLE CARDS ***
Dealt to df1e9d9 
Dealt to 5d04e071 
Dealt to Hero [7h 8h]
Dealt to 626b96b9 
Dealt to a9749449 
Dealt to ed576d33 
626b96b9: folds
a9749449: raises $0.2 to $0.3
ed576d33: folds
df1e9d9: folds
5d04e071: folds
Hero: calls $0.2
*** FLOP *** [8d Ts 7c]
Hero: checks
a9749449: bets $0.25
Hero: raises $0.65 to $0.9
a9749449: calls $0.65
*** TURN *** [8d Ts 7c] [4h]
Hero: bets $1.7
a9749449: folds
Uncalled bet ($1.7) returned to Hero
*** SHOWDOWN ***
Hero collected $2.33 from pot
*** SUMMARY ***
Total pot $2.45 | Rake $0.12 | Jackpot $0 | Bingo $0 | Fortune $0 | Tax $0
Board [8d Ts 7c 4h]
Seat 1: df1e9d9 (button) folded before Flop (didn't bet)
Seat 2: 5d04e071 (small blind) folded before Flop
Seat 3: Hero (big blind) won ($2.33)
Seat 4: 626b96b9 folded before Flop (didn't bet)
Seat 5: a9749449 folded on the Turn
Seat 6: ed576d33 folded before Flop (didn't bet)


Poker Hand #HD1826780797: Hold'em No Limit ($0.05/$0.1) - 2024/06/22 18:30:13
Table 'NLHRed44' 6-max Seat #6 is the button
Seat 1: df1e9d9 ($1.16 in chips)
Seat 2: 5d04e071 ($12.27 in chips)
Seat 3: Hero ($10 in chips)
Seat 4: 626b96b9 ($5.13 in chips)
Seat 5: a9749449 ($17.19 in chips)
Seat 6: ed576d33 ($16.73 in chips)
df1e9d9: posts small blind $0.05
5d04e071: posts big blind $0.1
*** HOLE CARDS ***
Dealt to df1e9d9 
Dealt to 5d04e071 
Dealt to Hero [8d 7c]
Dealt to 626b96b9 
Dealt to a9749449 
Dealt to ed576d33 
Hero: folds
626b96b9: folds
a9749449: raises $0.2 to $0.3
ed576d33: raises $0.9 to $1.2
df1e9d9: folds
5d04e071: folds
a9749449: calls $0.9
*** FLOP *** [7s 3h 2s]
a9749449: checks
ed576d33: checks
*** TURN *** [7s 3h 2s] [Qd]
a9749449: checks
ed576d33: checks
*** RIVER *** [7s 3h 2s Qd] [Js]
a9749449: checks
ed576d33: checks
a9749449: shows [Ks Ad] (Ace-High)
ed576d33: shows [9h Th] (Queen-High)
*** SHOWDOWN ***
a9749449 collected $2.43 from pot
*** SUMMARY ***
Total pot $2.55 | Rake $0.12 | Jackpot $0 | Bingo $0 | Fortune $0 | Tax $0
Board [7s 3h 2s Qd Js]
Seat 1: df1e9d9 (small blind) folded before Flop
Seat 2: 5d04e071 (big blind) folded before Flop
Seat 3: Hero folded before Flop (didn't bet)
Seat 4: 626b96b9 folded before Flop (didn't bet)
Seat 5: a9749449 showed [Ks Ad] and won ($2.43) with Ace-High
Seat 6: ed576d33 (button) showed [9h Th] and lost with Queen-High


Poker Hand #HD1826780706: Hold'em No Limit ($0.05/$0.1) - 2024/06/22 18:29:37
Table 'NLHRed44' 6-max Seat #5 is the button
Seat 1: df1e9d9 ($1.46 in chips)
Seat 2: 5d04e071 ($12.27 in chips)
Seat 3: Hero ($10 in chips)
Seat 4: 626b96b9 ($5.13 in chips)
Seat 5: a9749449 ($17.19 in chips)
Seat 6: ed576d33 ($16.46 in chips)
ed576d33: posts small blind $0.05
df1e9d9: posts big blind $0.1
*** HOLE CARDS ***
Dealt to df1e9d9 
Dealt to 5d04e071 
Dealt to Hero [5c 6s]
Dealt to 626b96b9 
Dealt to a9749449 
Dealt to ed576d33 
5d04e071: folds
Hero: folds
626b96b9: folds
a9749449: folds
ed576d33: raises $0.2 to $0.3
df1e9d9: calls $0.2
*** FLOP *** [Ac 2c Tc]
ed576d33: bets $0.15
df1e9d9: folds
Uncalled bet ($0.15) returned to ed576d33
*** SHOWDOWN ***
ed576d33 collected $0.57 from pot
*** SUMMARY ***
Total pot $0.6 | Rake $0.03 | Jackpot $0 | Bingo $0 | Fortune $0 | Tax $0
Board [Ac 2c Tc]
Seat 1: df1e9d9 (big blind) folded on the Flop
Seat 2: 5d04e071 folded before Flop (didn't bet)
Seat 3: Hero folded before Flop (didn't bet)
Seat 4: 626b96b9 folded before Flop (didn't bet)
Seat 5: a9749449 (button) folded before Flop (didn't bet)
Seat 6: ed576d33 (small blind) won ($0.57)


Poker Hand #HD1826780590: Hold'em No Limit ($0.05/$0.1) - 2024/06/22 18:28:51
Table 'NLHRed44' 6-max Seat #4 is the button
Seat 1: df1e9d9 ($1.46 in chips)
Seat 2: 5d04e071 ($12.27 in chips)
Seat 3: Hero ($10 in chips)
Seat 4: 626b96b9 ($5.37 in chips)
Seat 5: a9749449 ($17.24 in chips)
Seat 6: ed576d33 ($15.96 in chips)
a9749449: posts small blind $0.05
ed576d33: posts big blind $0.1
*** HOLE CARDS ***
Dealt to df1e9d9 
Dealt to 5d04e071 
Dealt to Hero [Kh Jc]
Dealt to 626b96b9 
Dealt to a9749449 
Dealt to ed576d33 
df1e9d9: folds
5d04e071: folds
Hero: raises $0.14 to $0.24
626b96b9: calls $0.24
a9749449: folds
ed576d33: raises $0.86 to $1.1
Hero: folds
626b96b9: folds
Uncalled bet ($0.86) returned to ed576d33
*** SHOWDOWN ***
ed576d33 collected $0.74 from pot
*** SUMMARY ***
Total pot $0.77 | Rake $0.03 | Jackpot $0 | Bingo $0 | Fortune $0 | Tax $0
Seat 1: df1e9d9 folded before Flop (didn't bet)
Seat 2: 5d04e071 folded before Flop (didn't bet)
Seat 3: Hero folded before Flop
Seat 4: 626b96b9 (button) folded before Flop
Seat 5: a9749449 (small blind) folded before Flop
Seat 6: ed576d33 (big blind) collected ($0.74)


Poker Hand #HD1826780516: Hold'em No Limit ($0.05/$0.1) - 2024/06/22 18:28:19
Table 'NLHRed44' 6-max Seat #3 is the button
Seat 1: df1e9d9 ($1.56 in chips)
Seat 2: 5d04e071 ($12.27 in chips)
Seat 3: Hero ($10 in chips)
Seat 4: 626b96b9 ($5.47 in chips)
Seat 5: a9749449 ($17.05 in chips)
Seat 6: ed576d33 ($15.96 in chips)
626b96b9: posts small blind $0.05
a9749449: posts big blind $0.1
*** HOLE CARDS ***
Dealt to df1e9d9 
Dealt to 5d04e071 
Dealt to Hero [2c 5c]
Dealt to 626b96b9 
Dealt to a9749449 
Dealt to ed576d33 
ed576d33: folds
df1e9d9: calls $0.1
5d04e071: folds
Hero: folds
626b96b9: calls $0.05
a9749449: raises $0.3 to $0.4
df1e9d9: folds
626b96b9: folds
Uncalled bet ($0.3) returned to a9749449
*** SHOWDOWN ***
a9749449 collected $0.29 from pot
*** SUMMARY ***
Total pot $0.3 | Rake $0.01 | Jackpot $0 | Bingo $0 | Fortune $0 | Tax $0
Seat 1: df1e9d9 folded before Flop
Seat 2: 5d04e071 folded before Flop (didn't bet)
Seat 3: Hero (button) folded before Flop (didn't bet)
Seat 4: 626b96b9 (small blind) folded before Flop
Seat 5: a9749449 (big blind) collected ($0.29)
Seat 6: ed576d33 folded before Flop (didn't bet)


Poker Hand #HD1826780450: Hold'em No Limit ($0.05/$0.1) - 2024/06/22 18:27:52
Table 'NLHRed44' 6-max Seat #2 is the button
Seat 1: df1e9d9 ($1.41 in chips)
Seat 2: 5d04e071 ($12.27 in chips)
Seat 3: Hero ($10 in chips)
Seat 4: 626b96b9 ($5.57 in chips)
Seat 5: a9749449 ($17.05 in chips)
Seat 6: ed576d33 ($15.96 in chips)
Hero: posts small blind $0.05
626b96b9: posts big blind $0.1
*** HOLE CARDS ***
Dealt to df1e9d9 
Dealt to 5d04e071 
Dealt to Hero [5d 6d]
Dealt to 626b96b9 
Dealt to a9749449 
Dealt to ed576d33 
a9749449: folds
ed576d33: folds
df1e9d9: raises $0.3 to $0.4
5d04e071: folds
Hero: folds
626b96b9: folds
Uncalled bet ($0.3) returned to df1e9d9
*** SHOWDOWN ***
df1e9d9 collected $0.25 from pot
*** SUMMARY ***
Total pot $0.25 | Rake $0 | Jackpot $0 | Bingo $0 | Fortune $0 | Tax $0
Seat 1: df1e9d9 collected ($0.25)
Seat 2: 5d04e071 (button) folded before Flop (didn't bet)
Seat 3: Hero (small blind) folded before Flop
Seat 4: 626b96b9 (big blind) folded before Flop
Seat 5: a9749449 folded before Flop (didn't bet)
Seat 6: ed576d33 folded before Flop (didn't bet)


Poker Hand #HD1826780381: Hold'em No Limit ($0.05/$0.1) - 2024/06/22 18:27:26
Table 'NLHRed44' 6-max Seat #1 is the button
Seat 1: df1e9d9 ($1.41 in chips)
Seat 2: 5d04e071 ($12.32 in chips)
Seat 3: Hero ($10 in chips)
Seat 4: 626b96b9 ($5.43 in chips)
Seat 5: a9749449 ($17.05 in chips)
Seat 6: ed576d33 ($15.96 in chips)
5d04e071: posts small blind $0.05
Hero: posts big blind $0.1
*** HOLE CARDS ***
Dealt to df1e9d9 
Dealt to 5d04e071 
Dealt to Hero [Ks 9c]
Dealt to 626b96b9 
Dealt to a9749449 
Dealt to ed576d33 
626b96b9: calls $0.1
a9749449: folds
ed576d33: folds
df1e9d9: folds
5d04e071: folds
Hero: checks
*** FLOP *** [5c As 4d]
Hero: checks
626b96b9: bets $0.19
Hero: folds
Uncalled bet ($0.19) returned to 626b96b9
*** SHOWDOWN ***
626b96b9 collected $0.24 from pot
*** SUMMARY ***
Total pot $0.25 | Rake $0.01 | Jackpot $0 | Bingo $0 | Fortune $0 | Tax $0
Board [5c As 4d]
Seat 1: df1e9d9 (button) folded before Flop (didn't bet)
Seat 2: 5d04e071 (small blind) folded before Flop
Seat 3: Hero (big blind) folded on the Flop
Seat 4: 626b96b9 won ($0.24)
Seat 5: a9749449 folded before Flop (didn't bet)
Seat 6: ed576d33 folded before Flop (didn't bet)


Poker Hand #HD1826780302: Hold'em No Limit ($0.05/$0.1) - 2024/06/22 18:26:56
Table 'NLHRed44' 6-max Seat #6 is the button
Seat 1: df1e9d9 ($1.46 in chips)
Seat 2: 5d04e071 ($12.42 in chips)
Seat 3: Hero ($10 in chips)
Seat 4: 626b96b9 ($5.43 in chips)
Seat 5: a9749449 ($17.05 in chips)
Seat 6: ed576d33 ($15.81 in chips)
df1e9d9: posts small blind $0.05
5d04e071: posts big blind $0.1
*** HOLE CARDS ***
Dealt to df1e9d9 
Dealt to 5d04e071 
Dealt to Hero [Ac 3h]
Dealt to 626b96b9 
Dealt to a9749449 
Dealt to ed576d33 
Hero: folds
626b96b9: folds
a9749449: folds
ed576d33: raises $0.1 to $0.2
df1e9d9: folds
5d04e071: folds
Uncalled bet ($0.1) returned to ed576d33
*** SHOWDOWN ***
ed576d33 collected $0.25 from pot
*** SUMMARY ***
Total pot $0.25 | Rake $0 | Jackpot $0 | Bingo $0 | Fortune $0 | Tax $0
Seat 1: df1e9d9 (small blind) folded before Flop
Seat 2: 5d04e071 (big blind) folded before Flop
Seat 3: Hero folded before Flop (didn't bet)
Seat 4: 626b96b9 folded before Flop (didn't bet)
Seat 5: a9749449 folded before Flop (didn't bet)
Seat 6: ed576d33 (button) collected ($0.25)


Poker Hand #HD1826780064: Hold'em No Limit ($0.05/$0.1) - 2024/06/22 18:25:26
Table 'NLHRed44' 6-max Seat #5 is the button
Seat 1: df1e9d9 ($1.56 in chips)
Seat 2: 5d04e071 ($12.42 in chips)
Seat 3: Hero ($10.15 in chips)
Seat 4: 626b96b9 ($3.47 in chips)
Seat 5: a9749449 ($20.52 in chips)
Seat 6: ed576d33 ($15.86 in chips)
ed576d33: posts small blind $0.05
df1e9d9: posts big blind $0.1
*** HOLE CARDS ***
Dealt to df1e9d9 
Dealt to 5d04e071 
Dealt to Hero [9h 8h]
Dealt to 626b96b9 
Dealt to a9749449 
Dealt to ed576d33 
5d04e071: folds
Hero: raises $0.1 to $0.2
626b96b9: raises $0.42 to $0.62
a9749449: raises $1.2 to $1.82
ed576d33: folds
df1e9d9: folds
Hero: folds
626b96b9: raises $1.65 to $3.47 and is all-in
a9749449: calls $1.65
626b96b9: shows [Th Tc]
a9749449: shows [Jc Ac]
*** FLOP *** [7d Kh 4h]
626b96b9: Chooses to EV Cashout 
*** TURN *** [7d Kh 4h] [6d]
626b96b9: Pays Cashout Risk ($0.7)
626b96b9: Chooses to EV Cashout 
*** RIVER *** [7d Kh 4h 6d] [3s]
626b96b9: Pays Cashout Risk ($0.7)
*** SHOWDOWN ***
626b96b9 collected $6.83 from pot
*** SUMMARY ***
Total pot $7.29 | Rake $0.36 | Jackpot $0.1 | Bingo $0 | Fortune $0 | Tax $0
Board [7d Kh 4h 6d 3s]
Seat 1: df1e9d9 (big blind) folded before Flop
Seat 2: 5d04e071 folded before Flop (didn't bet)
Seat 3: Hero folded before Flop
Seat 4: 626b96b9 showed [Th Tc] and won ($6.83) with Pair of Tens, Cashout Risk ($1.4)
Seat 5: a9749449 (button) showed [Jc Ac] and lost with Ace-High
Seat 6: ed576d33 (small blind) folded before Flop


Poker Hand #HD1826779855: Hold'em No Limit ($0.05/$0.1) - 2024/06/22 18:24:00
Table 'NLHRed44' 6-max Seat #4 is the button
Seat 1: df1e9d9 ($2.39 in chips)
Seat 2: 5d04e071 ($11.19 in chips)
Seat 3: Hero ($10.15 in chips)
Seat 4: 626b96b9 ($3.47 in chips)
Seat 5: a9749449 ($20.92 in chips)
Seat 6: ed576d33 ($15.96 in chips)
a9749449: posts small blind $0.05
ed576d33: posts big blind $0.1
*** HOLE CARDS ***
Dealt to df1e9d9 
Dealt to 5d04e071 
Dealt to Hero [8c 3c]
Dealt to 626b96b9 
Dealt to a9749449 
Dealt to ed576d33 
df1e9d9: calls $0.1
5d04e071: raises $0.3 to $0.4
Hero: folds
626b96b9: folds
a9749449: calls $0.35
ed576d33: folds
df1e9d9: calls $0.3
*** FLOP *** [Kd 2c 7c]
a9749449: checks
df1e9d9: checks
5d04e071: bets $0.43
a9749449: folds
df1e9d9: calls $0.43
*** TURN *** [Kd 2c 7c] [Qc]
df1e9d9: checks
5d04e071: checks
*** RIVER *** [Kd 2c 7c Qc] [Qs]
df1e9d9: checks
5d04e071: bets $1.62
df1e9d9: folds
Uncalled bet ($1.62) returned to 5d04e071
*** SHOWDOWN ***
5d04e071 collected $2.06 from pot
*** SUMMARY ***
Total pot $2.16 | Rake $0.1 | Jackpot $0 | Bingo $0 | Fortune $0 | Tax $0
Board [Kd 2c 7c Qc Qs]
Seat 1: df1e9d9 folded on the River
Seat 2: 5d04e071 won ($2.06)
Seat 3: Hero folded before Flop (didn't bet)
Seat 4: 626b96b9 (button) folded before Flop (didn't bet)
Seat 5: a9749449 (small blind) folded on the Flop
Seat 6: ed576d33 (big blind) folded before Flop


Poker Hand #HD1826779766: Hold'em No Limit ($0.05/$0.1) - 2024/06/22 18:23:31
Table 'NLHRed44' 6-max Seat #3 is the button
Seat 1: df1e9d9 ($2.07 in chips)
Seat 2: 5d04e071 ($11.19 in chips)
Seat 3: Hero ($10.15 in chips)
Seat 4: 626b96b9 ($3.52 in chips)
Seat 5: a9749449 ($21.22 in chips)
Seat 6: ed576d33 ($15.96 in chips)
626b96b9: posts small blind $0.05
a9749449: posts big blind $0.1
*** HOLE CARDS ***
Dealt to df1e9d9 
Dealt to 5d04e071 
Dealt to Hero [8h Ks]
Dealt to 626b96b9 
Dealt to a9749449 
Dealt to ed576d33 
ed576d33: folds
df1e9d9: raises $0.2 to $0.3
5d04e071: folds
Hero: folds
626b96b9: folds
a9749449: calls $0.2
*** FLOP *** [Kd 2h Kh]
a9749449: checks
df1e9d9: bets $0.33
a9749449: folds
Uncalled bet ($0.33) returned to df1e9d9
*** SHOWDOWN ***
df1e9d9 collected $0.62 from pot
*** SUMMARY ***
Total pot $0.65 | Rake $0.03 | Jackpot $0 | Bingo $0 | Fortune $0 | Tax $0
Board [Kd 2h Kh]
Seat 1: df1e9d9 won ($0.62)
Seat 2: 5d04e071 folded before Flop (didn't bet)
Seat 3: Hero (button) folded before Flop (didn't bet)
Seat 4: 626b96b9 (small blind) folded before Flop
Seat 5: a9749449 (big blind) folded on the Flop
Seat 6: ed576d33 folded before Flop (didn't bet)


Poker Hand #HD1826779722: Hold'em No Limit ($0.05/$0.1) - 2024/06/22 18:23:12
Table 'NLHRed44' 6-max Seat #2 is the button
Seat 1: df1e9d9 ($2.07 in chips)
Seat 2: 5d04e071 ($11.19 in chips)
Seat 3: Hero ($10.05 in chips)
Seat 4: 626b96b9 ($3.62 in chips)
Seat 5: a9749449 ($21.22 in chips)
Seat 6: ed576d33 ($15.96 in chips)
Hero: posts small blind $0.05
626b96b9: posts big blind $0.1
*** HOLE CARDS ***
Dealt to df1e9d9 
Dealt to 5d04e071 
Dealt to Hero [Qd 9s]
Dealt to 626b96b9 
Dealt to a9749449 
Dealt to ed576d33 
a9749449: folds
ed576d33: folds
df1e9d9: folds
5d04e071: folds
Hero: raises $0.2 to $0.3
626b96b9: folds
Uncalled bet ($0.2) returned to Hero
*** SHOWDOWN ***
Hero collected $0.2 from pot
*** SUMMARY ***
Total pot $0.2 | Rake $0 | Jackpot $0 | Bingo $0 | Fortune $0 | Tax $0
Seat 1: df1e9d9 folded before Flop (didn't bet)
Seat 2: 5d04e071 (button) folded before Flop (didn't bet)
Seat 3: Hero (small blind) collected ($0.2)
Seat 4: 626b96b9 (big blind) folded before Flop
Seat 5: a9749449 folded before Flop (didn't bet)
Seat 6: ed576d33 folded before Flop (didn't bet)


Poker Hand #HD1826779619: Hold'em No Limit ($0.05/$0.1) - 2024/06/22 18:22:35
Table 'NLHRed44' 6-max Seat #1 is the button
Seat 1: df1e9d9 ($1.93 in chips)
Seat 2: 5d04e071 ($11.24 in chips)
Seat 3: Hero ($10.15 in chips)
Seat 4: 626b96b9 ($3.62 in chips)
Seat 5: a9749449 ($21.22 in chips)
Seat 6: ed576d33 ($15.96 in chips)
5d04e071: posts small blind $0.05
Hero: posts big blind $0.1
*** HOLE CARDS ***
Dealt to df1e9d9 
Dealt to 5d04e071 
Dealt to Hero [Kc 8s]
Dealt to 626b96b9 
Dealt to a9749449 
Dealt to ed576d33 
626b96b9: folds
a9749449: folds
ed576d33: folds
df1e9d9: calls $0.1
5d04e071: folds
Hero: checks
*** FLOP *** [9d 4h 7s]
Hero: checks
df1e9d9: checks
*** TURN *** [9d 4h 7s] [Qh]
Hero: checks
df1e9d9: bets $0.19
Hero: folds
Uncalled bet ($0.19) returned to df1e9d9
*** SHOWDOWN ***
df1e9d9 collected $0.24 from pot
*** SUMMARY ***
Total pot $0.25 | Rake $0.01 | Jackpot $0 | Bingo $0 | Fortune $0 | Tax $0
Board [9d 4h 7s Qh]
Seat 1: df1e9d9 (button) won ($0.24)
Seat 2: 5d04e071 (small blind) folded before Flop
Seat 3: Hero (big blind) folded on the Turn
Seat 4: 626b96b9 folded before Flop (didn't bet)
Seat 5: a9749449 folded before Flop (didn't bet)
Seat 6: ed576d33 folded before Flop (didn't bet)


Poker Hand #HD1826779462: Hold'em No Limit ($0.05/$0.1) - 2024/06/22 18:21:32
Table 'NLHRed44' 6-max Seat #6 is the button
Seat 1: df1e9d9 ($1.74 in chips)
Seat 2: 5d04e071 ($11.34 in chips)
Seat 3: Hero ($10.15 in chips)
Seat 4: 626b96b9 ($3.72 in chips)
Seat 5: a9749449 ($21.22 in chips)
Seat 6: ed576d33 ($15.96 in chips)
df1e9d9: posts small blind $0.05
5d04e071: posts big blind $0.1
*** HOLE CARDS ***
Dealt to df1e9d9 
Dealt to 5d04e071 
Dealt to Hero [7c Ad]
Dealt to 626b96b9 
Dealt to a9749449 
Dealt to ed576d33 
Hero: folds
626b96b9: calls $0.1
a9749449: folds
ed576d33: folds
df1e9d9: calls $0.05
5d04e071: checks
*** FLOP *** [2s 2c 4d]
df1e9d9: checks
5d04e071: checks
626b96b9: checks
*** TURN *** [2s 2c 4d] [Ac]
df1e9d9: checks
5d04e071: checks
626b96b9: checks
*** RIVER *** [2s 2c 4d Ac] [Ks]
df1e9d9: checks
5d04e071: checks
626b96b9: checks
df1e9d9: shows [Ah 8c] (Pair of Aces and Pair of Twos)
5d04e071: shows [Jd 4c] (Pair of Fours and Pair of Twos)
626b96b9: shows [Js Qc] (Pair of Twos)
*** SHOWDOWN ***
df1e9d9 collected $0.29 from pot
*** SUMMARY ***
Total pot $0.3 | Rake $0.01 | Jackpot $0 | Bingo $0 | Fortune $0 | Tax $0
Board [2s 2c 4d Ac Ks]
Seat 1: df1e9d9 (small blind) showed [Ah 8c] and won ($0.29) with Pair of Aces and Pair of Twos
Seat 2: 5d04e071 (big blind) showed [Jd 4c] and lost with Pair of Fours and Pair of Twos
Seat 3: Hero folded before Flop (didn't bet)
Seat 4: 626b96b9 showed [Js Qc] and lost with Pair of Twos
Seat 5: a9749449 folded before Flop (didn't bet)
Seat 6: ed576d33 (button) folded before Flop (didn't bet)


Poker Hand #HD1826779373: Hold'em No Limit ($0.05/$0.1) - 2024/06/22 18:20:59
Table 'NLHRed44' 6-max Seat #5 is the button
Seat 1: df1e9d9 ($2.03 in chips)
Seat 2: 5d04e071 ($11.34 in chips)
Seat 3: Hero ($10.15 in chips)
Seat 4: 626b96b9 ($3.41 in chips)
Seat 5: a9749449 ($21.22 in chips)
Seat 6: ed576d33 ($16.01 in chips)
ed576d33: posts small blind $0.05
df1e9d9: posts big blind $0.1
*** HOLE CARDS ***
Dealt to df1e9d9 
Dealt to 5d04e071 
Dealt to Hero [3s 9c]
Dealt to 626b96b9 
Dealt to a9749449 
Dealt to ed576d33 
5d04e071: folds
Hero: folds
626b96b9: calls $0.1
a9749449: folds
ed576d33: folds
df1e9d9: checks
*** FLOP *** [3d 4h 5c]
df1e9d9: checks
626b96b9: bets $0.19
df1e9d9: calls $0.19
*** TURN *** [3d 4h 5c] [8h]
df1e9d9: checks
626b96b9: bets $1.1
df1e9d9: folds
Uncalled bet ($1.1) returned to 626b96b9
*** SHOWDOWN ***
626b96b9 collected $0.6 from pot
*** SUMMARY ***
Total pot $0.63 | Rake $0.03 | Jackpot $0 | Bingo $0 | Fortune $0 | Tax $0
Board [3d 4h 5c 8h]
Seat 1: df1e9d9 (big blind) folded on the Turn
Seat 2: 5d04e071 folded before Flop (didn't bet)
Seat 3: Hero folded before Flop (didn't bet)
Seat 4: 626b96b9 won ($0.6)
Seat 5: a9749449 (button) folded before Flop (didn't bet)
Seat 6: ed576d33 (small blind) folded before Flop


Poker Hand #HD1826779265: Hold'em No Limit ($0.05/$0.1) - 2024/06/22 18:20:20
Table 'NLHRed44' 6-max Seat #4 is the button
Seat 1: df1e9d9 ($1.89 in chips)
Seat 2: 5d04e071 ($11.34 in chips)
Seat 3: Hero ($10.15 in chips)
Seat 4: 626b96b9 ($3.41 in chips)
Seat 5: a9749449 ($21.27 in chips)
Seat 6: ed576d33 ($16.11 in chips)
a9749449: posts small blind $0.05
ed576d33: posts big blind $0.1
*** HOLE CARDS ***
Dealt to df1e9d9 
Dealt to 5d04e071 
Dealt to Hero [6d 9c]
Dealt to 626b96b9 
Dealt to a9749449 
Dealt to ed576d33 
df1e9d9: calls $0.1
5d04e071: folds
Hero: folds
626b96b9: folds
a9749449: folds
ed576d33: checks
*** FLOP *** [7c 9d Ac]
ed576d33: checks
df1e9d9: bets $0.13
ed576d33: folds
Uncalled bet ($0.13) returned to df1e9d9
*** SHOWDOWN ***
df1e9d9 collected $0.24 from pot
*** SUMMARY ***
Total pot $0.25 | Rake $0.01 | Jackpot $0 | Bingo $0 | Fortune $0 | Tax $0
Board [7c 9d Ac]
Seat 1: df1e9d9 won ($0.24)
Seat 2: 5d04e071 folded before Flop (didn't bet)
Seat 3: Hero folded before Flop (didn't bet)
Seat 4: 626b96b9 (button) folded before Flop (didn't bet)
Seat 5: a9749449 (small blind) folded before Flop
Seat 6: ed576d33 (big blind) folded on the Flop


Poker Hand #HD1826779176: Hold'em No Limit ($0.05/$0.1) - 2024/06/22 18:19:45
Table 'NLHRed44' 6-max Seat #3 is the button
Seat 1: df1e9d9 ($1.75 in chips)
Seat 2: 5d04e071 ($11.34 in chips)
Seat 3: Hero ($10.15 in chips)
Seat 4: 626b96b9 ($3.46 in chips)
Seat 5: a9749449 ($21.37 in chips)
Seat 6: ed576d33 ($16.11 in chips)
626b96b9: posts small blind $0.05
a9749449: posts big blind $0.1
*** HOLE CARDS ***
Dealt to df1e9d9 
Dealt to 5d04e071 
Dealt to Hero [Qs 2c]
Dealt to 626b96b9 
Dealt to a9749449 
Dealt to ed576d33 
ed576d33: folds
df1e9d9: calls $0.1
5d04e071: folds
Hero: folds
626b96b9: folds
a9749449: checks
*** FLOP *** [3h Qd Ks]
a9749449: checks
df1e9d9: checks
*** TURN *** [3h Qd Ks] [6d]
a9749449: checks
df1e9d9: bets $0.13
a9749449: folds
Uncalled bet ($0.13) returned to df1e9d9
*** SHOWDOWN ***
df1e9d9 collected $0.24 from pot
*** SUMMARY ***
Total pot $0.25 | Rake $0.01 | Jackpot $0 | Bingo $0 | Fortune $0 | Tax $0
Board [3h Qd Ks 6d]
Seat 1: df1e9d9 won ($0.24)
Seat 2: 5d04e071 folded before Flop (didn't bet)
Seat 3: Hero (button) folded before Flop (didn't bet)
Seat 4: 626b96b9 (small blind) folded before Flop
Seat 5: a9749449 (big blind) folded on the Turn
Seat 6: ed576d33 folded before Flop (didn't bet)


Poker Hand #HD1826779112: Hold'em No Limit ($0.05/$0.1) - 2024/06/22 18:19:24
Table 'NLHRed44' 6-max Seat #2 is the button
Seat 2: 5d04e071 ($11.34 in chips)
Seat 3: Hero ($10.05 in chips)
Seat 4: 626b96b9 ($3.56 in chips)
Seat 5: a9749449 ($21.37 in chips)
Seat 6: ed576d33 ($16.11 in chips)
Hero: posts small blind $0.05
626b96b9: posts big blind $0.1
*** HOLE CARDS ***
Dealt to 5d04e071 
Dealt to Hero [9c Ah]
Dealt to 626b96b9 
Dealt to a9749449 
Dealt to ed576d33 
a9749449: folds
ed576d33: folds
5d04e071: folds
Hero: raises $0.2 to $0.3
626b96b9: folds
Uncalled bet ($0.2) returned to Hero
*** SHOWDOWN ***
Hero collected $0.2 from pot
*** SUMMARY ***
Total pot $0.2 | Rake $0 | Jackpot $0 | Bingo $0 | Fortune $0 | Tax $0
Seat 2: 5d04e071 (button) folded before Flop (didn't bet)
Seat 3: Hero (small blind) collected ($0.2)
Seat 4: 626b96b9 (big blind) folded before Flop
Seat 5: a9749449 folded before Flop (didn't bet)
Seat 6: ed576d33 folded before Flop (didn't bet)


Poker Hand #HD1826779054: Hold'em No Limit ($0.05/$0.1) - 2024/06/22 18:19:01
Table 'NLHRed44' 6-max Seat #1 is the button
Seat 1: df1e9d9 ($1.75 in chips)
Seat 2: 5d04e071 ($11.39 in chips)
Seat 3: Hero ($10.15 in chips)
Seat 4: 626b96b9 ($3.56 in chips)
Seat 5: a9749449 ($21.22 in chips)
Seat 6: ed576d33 ($16.11 in chips)
5d04e071: posts small blind $0.05
Hero: posts big blind $0.1
*** HOLE CARDS ***
Dealt to df1e9d9 
Dealt to 5d04e071 
Dealt to Hero [2d Js]
Dealt to 626b96b9 
Dealt to a9749449 
Dealt to ed576d33 
626b96b9: folds
a9749449: raises $0.2 to $0.3
ed576d33: folds
df1e9d9: folds
5d04e071: folds
Hero: folds
Uncalled bet ($0.2) returned to a9749449
*** SHOWDOWN ***
a9749449 collected $0.25 from pot
*** SUMMARY ***
Total pot $0.25 | Rake $0 | Jackpot $0 | Bingo $0 | Fortune $0 | Tax $0
Seat 1: df1e9d9 (button) folded before Flop (didn't bet)
Seat 2: 5d04e071 (small blind) folded before Flop
Seat 3: Hero (big blind) folded before Flop
Seat 4: 626b96b9 folded before Flop (didn't bet)
Seat 5: a9749449 collected ($0.25)
Seat 6: ed576d33 folded before Flop (didn't bet)


Poker Hand #HD1826778970: Hold'em No Limit ($0.05/$0.1) - 2024/06/22 18:18:31
Table 'NLHRed44' 6-max Seat #6 is the button
Seat 1: df1e9d9 ($1.47 in chips)
Seat 2: 5d04e071 ($11.49 in chips)
Seat 3: Hero ($10.15 in chips)
Seat 4: 626b96b9 ($3.66 in chips)
Seat 5: a9749449 ($21.22 in chips)
Seat 6: ed576d33 ($16.21 in chips)
df1e9d9: posts small blind $0.05
5d04e071: posts big blind $0.1
*** HOLE CARDS ***
Dealt to df1e9d9 
Dealt to 5d04e071 
Dealt to Hero [4h 7d]
Dealt to 626b96b9 
Dealt to a9749449 
Dealt to ed576d33 
Hero: folds
626b96b9: calls $0.1
a9749449: folds
ed576d33: calls $0.1
df1e9d9: raises $0.2 to $0.3
5d04e071: folds
626b96b9: folds
ed576d33: folds
Uncalled bet ($0.2) returned to df1e9d9
*** SHOWDOWN ***
df1e9d9 collected $0.38 from pot
*** SUMMARY ***
Total pot $0.4 | Rake $0.02 | Jackpot $0 | Bingo $0 | Fortune $0 | Tax $0
Seat 1: df1e9d9 (small blind) collected ($0.38)
Seat 2: 5d04e071 (big blind) folded before Flop
Seat 3: Hero folded before Flop (didn't bet)
Seat 4: 626b96b9 folded before Flop
Seat 5: a9749449 folded before Flop (didn't bet)
Seat 6: ed576d33 (button) folded before Flop


Poker Hand #HD1826778828: Hold'em No Limit ($0.05/$0.1) - 2024/06/22 18:17:38
Table 'NLHRed44' 6-max Seat #5 is the button
Seat 1: df1e9d9 ($2 in chips)
Seat 2: 5d04e071 ($10.96 in chips)
Seat 3: Hero ($10.15 in chips)
Seat 4: 626b96b9 ($3.66 in chips)
Seat 5: a9749449 ($21.22 in chips)
Seat 6: ed576d33 ($16.26 in chips)
ed576d33: posts small blind $0.05
df1e9d9: posts big blind $0.1
*** HOLE CARDS ***
Dealt to df1e9d9 
Dealt to 5d04e071 
Dealt to Hero [5s Ad]
Dealt to 626b96b9 
Dealt to a9749449 
Dealt to ed576d33 
5d04e071: raises $0.15 to $0.25
Hero: folds
626b96b9: folds
a9749449: folds
ed576d33: folds
df1e9d9: calls $0.15
*** FLOP *** [8s Ks 9d]
df1e9d9: bets $0.28
5d04e071: calls $0.28
*** TURN *** [8s Ks 9d] [7s]
df1e9d9: checks
5d04e071: checks
*** RIVER *** [8s Ks 9d 7s] [2d]
df1e9d9: checks
5d04e071: bets $1.67
df1e9d9: folds
Uncalled bet ($1.67) returned to 5d04e071
*** SHOWDOWN ***
5d04e071 collected $1.06 from pot
*** SUMMARY ***
Total pot $1.11 | Rake $0.05 | Jackpot $0 | Bingo $0 | Fortune $0 | Tax $0
Board [8s Ks 9d 7s 2d]
Seat 1: df1e9d9 (big blind) folded on the River
Seat 2: 5d04e071 won ($1.06)
Seat 3: Hero folded before Flop (didn't bet)
Seat 4: 626b96b9 folded before Flop (didn't bet)
Seat 5: a9749449 (button) folded before Flop (didn't bet)
Seat 6: ed576d33 (small blind) folded before Flop


Poker Hand #HD1826778802: Hold'em No Limit ($0.05/$0.1) - 2024/06/22 18:17:26
Table 'NLHRed44' 6-max Seat #4 is the button
Seat 2: 5d04e071 ($10.96 in chips)
Seat 3: Hero ($10 in chips)
Seat 4: 626b96b9 ($3.66 in chips)
Seat 5: a9749449 ($21.27 in chips)
Seat 6: ed576d33 ($16.36 in chips)
a9749449: posts small blind $0.05
ed576d33: posts big blind $0.1
*** HOLE CARDS ***
Dealt to 5d04e071 
Dealt to Hero [Td 8d]
Dealt to 626b96b9 
Dealt to a9749449 
Dealt to ed576d33 
5d04e071: folds
Hero: raises $0.14 to $0.24
626b96b9: folds
a9749449: folds
ed576d33: folds
Uncalled bet ($0.14) returned to Hero
*** SHOWDOWN ***
Hero collected $0.25 from pot
*** SUMMARY ***
Total pot $0.25 | Rake $0 | Jackpot $0 | Bingo $0 | Fortune $0 | Tax $0
Seat 2: 5d04e071 folded before Flop (didn't bet)
Seat 3: Hero collected ($0.25)
Seat 4: 626b96b9 (button) folded before Flop (didn't bet)
Seat 5: a9749449 (small blind) folded before Flop
Seat 6: ed576d33 (big blind) folded before Flop


Poker Hand #HD1826778667: Hold'em No Limit ($0.05/$0.1) - 2024/06/22 18:16:35
Table 'NLHRed44' 6-max Seat #3 is the button
Seat 2: 5d04e071 ($10.96 in chips)
Seat 3: Hero ($10 in chips)
Seat 4: 626b96b9 ($3.71 in chips)
Seat 5: a9749449 ($21.62 in chips)
Seat 6: ed576d33 ($15.99 in chips)
626b96b9: posts small blind $0.05
a9749449: posts big blind $0.1
*** HOLE CARDS ***
Dealt to 5d04e071 
Dealt to Hero [3c Js]
Dealt to 626b96b9 
Dealt to a9749449 
Dealt to ed576d33 
ed576d33: raises $0.1 to $0.2
5d04e071: folds
Hero: folds
626b96b9: folds
a9749449: calls $0.1
*** FLOP *** [Ac 8d 4d]
a9749449: checks
ed576d33: checks
*** TURN *** [Ac 8d 4d] [6h]
a9749449: bets $0.15
ed576d33: calls $0.15
*** RIVER *** [Ac 8d 4d 6h] [8c]
a9749449: checks
ed576d33: checks
a9749449: shows [7h 7d] (Pair of Eights and Pair of Sevens)
ed576d33: shows [Ts Tc] (Pair of Tens and Pair of Eights)
*** SHOWDOWN ***
ed576d33 collected $0.72 from pot
*** SUMMARY ***
Total pot $0.75 | Rake $0.03 | Jackpot $0 | Bingo $0 | Fortune $0 | Tax $0
Board [Ac 8d 4d 6h 8c]
Seat 2: 5d04e071 folded before Flop (didn't bet)
Seat 3: Hero (button) folded before Flop (didn't bet)
Seat 4: 626b96b9 (small blind) folded before Flop
Seat 5: a9749449 (big blind) showed [7h 7d] and lost with Pair of Eights and Pair of Sevens
Seat 6: ed576d33 showed [Ts Tc] and won ($0.72) with Pair of Tens and Pair of Eights


Poker Hand #HD1826778508: Hold'em No Limit ($0.05/$0.1) - 2024/06/22 18:15:31
Table 'NLHRed44' 6-max Seat #2 is the button
Seat 2: 5d04e071 ($10 in chips)
Seat 3: Hero ($10 in chips)
Seat 4: 626b96b9 ($3.81 in chips)
Seat 5: a9749449 ($22.52 in chips)
Seat 6: ed576d33 ($15.99 in chips)
Hero: posts small blind $0.05
626b96b9: posts big blind $0.1
*** HOLE CARDS ***
Dealt to 5d04e071 
Dealt to Hero [Ac 2d]
Dealt to 626b96b9 
Dealt to a9749449 
Dealt to ed576d33 
a9749449: raises $0.2 to $0.3
ed576d33: folds
5d04e071: raises $0.6 to $0.9
Hero: folds
626b96b9: folds
a9749449: calls $0.6
*** FLOP *** [7h 5c 7d]
a9749449: checks
5d04e071: checks
*** TURN *** [7h 5c 7d] [2c]
a9749449: checks
5d04e071: checks
*** RIVER *** [7h 5c 7d 2c] [6s]
a9749449: checks
5d04e071: checks
a9749449: shows [Jd Td] (Pair of Sevens)
5d04e071: shows [Kd Qc] (Pair of Sevens)
*** SHOWDOWN ***
5d04e071 collected $1.86 from pot
*** SUMMARY ***
Total pot $1.95 | Rake $0.09 | Jackpot $0 | Bingo $0 | Fortune $0 | Tax $0
Board [7h 5c 7d 2c 6s]
Seat 2: 5d04e071 (button) showed [Kd Qc] and won ($1.86) with Pair of Sevens
Seat 3: Hero (small blind) folded before Flop
Seat 4: 626b96b9 (big blind) folded before Flop
Seat 5: a9749449 showed [Jd Td] and lost with Pair of Sevens
Seat 6: ed576d33 folded before Flop (didn't bet)


Poker Hand #HD1826778407: Hold'em No Limit ($0.05/$0.1) - 2024/06/22 18:14:51
Table 'NLHRed44' 6-max Seat #1 is the button
Seat 1: c907b030 ($10.22 in chips)
Seat 2: 5d04e071 ($10 in chips)
Seat 3: Hero ($10.15 in chips)
Seat 4: 626b96b9 ($3.81 in chips)
Seat 5: a9749449 ($22.52 in chips)
Seat 6: ed576d33 ($15.99 in chips)
5d04e071: posts small blind $0.05
Hero: posts big blind $0.1
*** HOLE CARDS ***
Dealt to c907b030 
Dealt to 5d04e071 
Dealt to Hero [Tc 7c]
Dealt to 626b96b9 
Dealt to a9749449 
Dealt to ed576d33 
626b96b9: folds
a9749449: folds
ed576d33: folds
c907b030: raises $0.15 to $0.25
5d04e071: folds
Hero: calls $0.15
*** FLOP *** [Js 3s As]
Hero: checks
c907b030: checks
*** TURN *** [Js 3s As] [4h]
Hero: checks
c907b030: checks
*** RIVER *** [Js 3s As 4h] [2h]
Hero: checks
c907b030: checks
Hero: shows [Tc 7c] (Ace-High)
c907b030: shows [Jd Qh] (Pair of Jacks)
*** SHOWDOWN ***
c907b030 collected $0.53 from pot
*** SUMMARY ***
Total pot $0.55 | Rake $0.02 | Jackpot $0 | Bingo $0 | Fortune $0 | Tax $0
Board [Js 3s As 4h 2h]
Seat 1: c907b030 (button) showed [Jd Qh] and won ($0.53) with Pair of Jacks
Seat 2: 5d04e071 (small blind) folded before Flop
Seat 3: Hero (big blind) showed [Tc 7c] and lost with Ace-High
Seat 4: 626b96b9 folded before Flop (didn't bet)
Seat 5: a9749449 folded before Flop (didn't bet)
Seat 6: ed576d33 folded before Flop (didn't bet)


Poker Hand #HD1826778377: Hold'em No Limit ($0.05/$0.1) - 2024/06/22 18:14:36
Table 'NLHRed44' 6-max Seat #6 is the button
Seat 1: c907b030 ($10.27 in chips)
Seat 2: 5d04e071 ($10 in chips)
Seat 3: Hero ($10 in chips)
Seat 4: 626b96b9 ($3.81 in chips)
Seat 5: a9749449 ($22.52 in chips)
Seat 6: ed576d33 ($15.99 in chips)
c907b030: posts small blind $0.05
5d04e071: posts big blind $0.1
*** HOLE CARDS ***
Dealt to c907b030 
Dealt to 5d04e071 
Dealt to Hero [Qd Jd]
Dealt to 626b96b9 
Dealt to a9749449 
Dealt to ed576d33 
Hero: raises $0.1 to $0.2
626b96b9: folds
a9749449: folds
ed576d33: folds
c907b030: folds
5d04e071: folds
Uncalled bet ($0.1) returned to Hero
*** SHOWDOWN ***
Hero collected $0.25 from pot
*** SUMMARY ***
Total pot $0.25 | Rake $0 | Jackpot $0 | Bingo $0 | Fortune $0 | Tax $0
Seat 1: c907b030 (small blind) folded before Flop
Seat 2: 5d04e071 (big blind) folded before Flop
Seat 3: Hero collected ($0.25)
Seat 4: 626b96b9 folded before Flop (didn't bet)
Seat 5: a9749449 folded before Flop (didn't bet)
Seat 6: ed576d33 (button) folded before Flop (didn't bet)


Poker Hand #HD1826778336: Hold'em No Limit ($0.05/$0.1) - 2024/06/22 18:14:21
Table 'NLHRed44' 6-max Seat #5 is the button
Seat 1: c907b030 ($10.37 in chips)
Seat 3: Hero ($10 in chips)
Seat 4: 626b96b9 ($3.81 in chips)
Seat 5: a9749449 ($22.52 in chips)
Seat 6: ed576d33 ($15.89 in chips)
ed576d33: posts small blind $0.05
c907b030: posts big blind $0.1
*** HOLE CARDS ***
Dealt to c907b030 
Dealt to Hero [3d 6d]
Dealt to 626b96b9 
Dealt to a9749449 
Dealt to ed576d33 
Hero: folds
626b96b9: folds
a9749449: folds
ed576d33: raises $0.2 to $0.3
c907b030: folds
Uncalled bet ($0.2) returned to ed576d33
*** SHOWDOWN ***
ed576d33 collected $0.2 from pot
*** SUMMARY ***
Total pot $0.2 | Rake $0 | Jackpot $0 | Bingo $0 | Fortune $0 | Tax $0
Seat 1: c907b030 (big blind) folded before Flop
Seat 3: Hero folded before Flop (didn't bet)
Seat 4: 626b96b9 folded before Flop (didn't bet)
Seat 5: a9749449 (button) folded before Flop (didn't bet)
Seat 6: ed576d33 (small blind) collected ($0.2)


Poker Hand #HD1826778159: Hold'em No Limit ($0.05/$0.1) - 2024/06/22 18:13:14
Table 'NLHRed44' 6-max Seat #4 is the button
Seat 1: c907b030 ($10.37 in chips)
Seat 2: 37746d2f ($21.3 in chips)
Seat 3: Hero ($10 in chips)
Seat 4: 626b96b9 ($3.44 in chips)
Seat 5: a9749449 ($22.57 in chips)
Seat 6: ed576d33 ($15.99 in chips)
a9749449: posts small blind $0.05
ed576d33: posts big blind $0.1
*** HOLE CARDS ***
Dealt to c907b030 
Dealt to 37746d2f 
Dealt to Hero [7h 2s]
Dealt to 626b96b9 
Dealt to a9749449 
Dealt to ed576d33 
c907b030: folds
37746d2f: raises $0.15 to $0.25
Hero: folds
626b96b9: calls $0.25
a9749449: folds
ed576d33: folds
*** FLOP *** [2c 4h Ah]
37746d2f: checks
626b96b9: checks
*** TURN *** [2c 4h Ah] [Jh]
37746d2f: checks
626b96b9: bets $0.1
37746d2f: folds
Uncalled bet ($0.1) returned to 626b96b9
*** SHOWDOWN ***
626b96b9 collected $0.62 from pot
*** SUMMARY ***
Total pot $0.65 | Rake $0.03 | Jackpot $0 | Bingo $0 | Fortune $0 | Tax $0
Board [2c 4h Ah Jh]
Seat 1: c907b030 folded before Flop (didn't bet)
Seat 2: 37746d2f folded on the Turn
Seat 3: Hero folded before Flop (didn't bet)
Seat 4: 626b96b9 (button) won ($0.62)
Seat 5: a9749449 (small blind) folded before Flop
Seat 6: ed576d33 (big blind) folded before Flop


Poker Hand #HD1826778054: Hold'em No Limit ($0.05/$0.1) - 2024/06/22 18:12:36
Table 'NLHRed44' 6-max Seat #3 is the button
Seat 1: c907b030 ($10.37 in chips)
Seat 2: 37746d2f ($21.3 in chips)
Seat 3: Hero ($10 in chips)
Seat 4: 626b96b9 ($3.54 in chips)
Seat 5: a9749449 ($22.48 in chips)
Seat 6: ed576d33 ($15.99 in chips)
626b96b9: posts small blind $0.05
a9749449: posts big blind $0.1
*** HOLE CARDS ***
Dealt to c907b030 
Dealt to 37746d2f 
Dealt to Hero [4c 9d]
Dealt to 626b96b9 
Dealt to a9749449 
Dealt to ed576d33 
ed576d33: folds
c907b030: folds
37746d2f: folds
Hero: folds
626b96b9: calls $0.05
a9749449: checks
*** FLOP *** [9s 2h 2c]
626b96b9: checks
a9749449: bets $0.1
626b96b9: folds
Uncalled bet ($0.1) returned to a9749449
*** SHOWDOWN ***
a9749449 collected $0.19 from pot
*** SUMMARY ***
Total pot $0.2 | Rake $0.01 | Jackpot $0 | Bingo $0 | Fortune $0 | Tax $0
Board [9s 2h 2c]
Seat 1: c907b030 folded before Flop (didn't bet)
Seat 2: 37746d2f folded before Flop (didn't bet)
Seat 3: Hero (button) folded before Flop (didn't bet)
Seat 4: 626b96b9 (small blind) folded on the Flop
Seat 5: a9749449 (big blind) won ($0.19)
Seat 6: ed576d33 folded before Flop (didn't bet)


Poker Hand #HD1826777982: Hold'em No Limit ($0.05/$0.1) - 2024/06/22 18:12:08
Table 'NLHRed44' 6-max Seat #2 is the button
Seat 1: c907b030 ($10.37 in chips)
Seat 2: 37746d2f ($21.55 in chips)
Seat 3: Hero ($10.05 in chips)
Seat 4: 626b96b9 ($3.26 in chips)
Seat 5: a9749449 ($22.48 in chips)
Seat 6: ed576d33 ($15.99 in chips)
Hero: posts small blind $0.05
626b96b9: posts big blind $0.1
*** HOLE CARDS ***
Dealt to c907b030 
Dealt to 37746d2f 
Dealt to Hero [3d Jd]
Dealt to 626b96b9 
Dealt to a9749449 
Dealt to ed576d33 
a9749449: folds
ed576d33: folds
c907b030: folds
37746d2f: raises $0.15 to $0.25
Hero: folds
626b96b9: calls $0.15
*** FLOP *** [8c 9h 6s]
626b96b9: checks
37746d2f: checks
*** TURN *** [8c 9h 6s] [4h]
626b96b9: bets $0.42
37746d2f: folds
Uncalled bet ($0.42) returned to 626b96b9
*** SHOWDOWN ***
626b96b9 collected $0.53 from pot
*** SUMMARY ***
Total pot $0.55 | Rake $0.02 | Jackpot $0 | Bingo $0 | Fortune $0 | Tax $0
Board [8c 9h 6s 4h]
Seat 1: c907b030 folded before Flop (didn't bet)
Seat 2: 37746d2f (button) folded on the Turn
Seat 3: Hero (small blind) folded before Flop
Seat 4: 626b96b9 (big blind) won ($0.53)
Seat 5: a9749449 folded before Flop (didn't bet)
Seat 6: ed576d33 folded before Flop (didn't bet)


Poker Hand #HD1826777934: Hold'em No Limit ($0.05/$0.1) - 2024/06/22 18:11:53
Table 'NLHRed44' 6-max Seat #1 is the button
Seat 1: c907b030 ($10.37 in chips)
Seat 2: 37746d2f ($21.6 in chips)
Seat 3: Hero ($10 in chips)
Seat 4: 626b96b9 ($3.26 in chips)
Seat 5: a9749449 ($22.48 in chips)
Seat 6: ed576d33 ($15.99 in chips)
37746d2f: posts small blind $0.05
Hero: posts big blind $0.1
*** HOLE CARDS ***
Dealt to c907b030 
Dealt to 37746d2f 
Dealt to Hero [2s 6c]
Dealt to 626b96b9 
Dealt to a9749449 
Dealt to ed576d33 
626b96b9: folds
a9749449: folds
ed576d33: folds
c907b030: folds
37746d2f: folds
Uncalled bet ($0.05) returned to Hero
*** SHOWDOWN ***
Hero collected $0.1 from pot
*** SUMMARY ***
Total pot $0.1 | Rake $0 | Jackpot $0 | Bingo $0 | Fortune $0 | Tax $0
Seat 1: c907b030 (button) folded before Flop (didn't bet)
Seat 2: 37746d2f (small blind) folded before Flop
Seat 3: Hero (big blind) collected ($0.1)
Seat 4: 626b96b9 folded before Flop (didn't bet)
Seat 5: a9749449 folded before Flop (didn't bet)
Seat 6: ed576d33 folded before Flop (didn't bet)


