Poker Hand #HD1858026553: Hold'em No Limit ($0.05/$0.1) - 2024/07/15 15:54:12
Table 'NLHRed41' 6-max Seat #2 is the button
Seat 1: Hero ($10.26 in chips)
Seat 2: 89f9f513 ($16.53 in chips)
Seat 3: 8a7d217d ($10.2 in chips)
Seat 4: 9131e742 ($11 in chips)
Seat 5: ea1055c1 ($15.01 in chips)
Seat 6: ab73a3dc ($15.58 in chips)
8a7d217d: posts small blind $0.05
9131e742: posts big blind $0.1
*** HOLE CARDS ***
Dealt to Hero [Qd 7h]
Dealt to 89f9f513 
Dealt to 8a7d217d 
Dealt to 9131e742 
Dealt to ea1055c1 
Dealt to ab73a3dc 
ea1055c1: folds
ab73a3dc: folds
Hero: folds
89f9f513: folds
8a7d217d: folds
Uncalled bet ($0.05) returned to 9131e742
*** SHOWDOWN ***
9131e742 collected $0.1 from pot
*** SUMMARY ***
Total pot $0.1 | Rake $0 | Jackpot $0 | Bingo $0 | Fortune $0 | Tax $0
Seat 1: Hero folded before Flop (didn't bet)
Seat 2: 89f9f513 (button) folded before Flop (didn't bet)
Seat 3: 8a7d217d (small blind) folded before Flop
Seat 4: 9131e742 (big blind) collected ($0.1)
Seat 5: ea1055c1 folded before Flop (didn't bet)
Seat 6: ab73a3dc folded before Flop (didn't bet)


Poker Hand #HD1858026522: Hold'em No Limit ($0.05/$0.1) - 2024/07/15 15:54:00
Table 'NLHRed41' 6-max Seat #1 is the button
Seat 1: Hero ($10.26 in chips)
Seat 2: 89f9f513 ($16.58 in chips)
Seat 3: 8a7d217d ($10.15 in chips)
Seat 4: 9131e742 ($11 in chips)
Seat 5: ea1055c1 ($15.01 in chips)
Seat 6: ab73a3dc ($15.58 in chips)
89f9f513: posts small blind $0.05
8a7d217d: posts big blind $0.1
*** HOLE CARDS ***
Dealt to Hero [7c 4h]
Dealt to 89f9f513 
Dealt to 8a7d217d 
Dealt to 9131e742 
Dealt to ea1055c1 
Dealt to ab73a3dc 
9131e742: folds
ea1055c1: folds
ab73a3dc: folds
Hero: folds
89f9f513: folds
Uncalled bet ($0.05) returned to 8a7d217d
*** SHOWDOWN ***
8a7d217d collected $0.1 from pot
*** SUMMARY ***
Total pot $0.1 | Rake $0 | Jackpot $0 | Bingo $0 | Fortune $0 | Tax $0
Seat 1: Hero (button) folded before Flop (didn't bet)
Seat 2: 89f9f513 (small blind) folded before Flop
Seat 3: 8a7d217d (big blind) collected ($0.1)
Seat 4: 9131e742 folded before Flop (didn't bet)
Seat 5: ea1055c1 folded before Flop (didn't bet)
Seat 6: ab73a3dc folded before Flop (didn't bet)


Poker Hand #HD1858026482: Hold'em No Limit ($0.05/$0.1) - 2024/07/15 15:53:42
Table 'NLHRed41' 6-max Seat #6 is the button
Seat 1: Hero ($10.31 in chips)
Seat 2: 89f9f513 ($16.68 in chips)
Seat 3: 8a7d217d ($10.15 in chips)
Seat 4: 9131e742 ($11 in chips)
Seat 5: ea1055c1 ($15.01 in chips)
Seat 6: ab73a3dc ($15.43 in chips)
Hero: posts small blind $0.05
89f9f513: posts big blind $0.1
*** HOLE CARDS ***
Dealt to Hero [6d 7c]
Dealt to 89f9f513 
Dealt to 8a7d217d 
Dealt to 9131e742 
Dealt to ea1055c1 
Dealt to ab73a3dc 
8a7d217d: folds
9131e742: folds
ea1055c1: folds
ab73a3dc: raises $0.2 to $0.3
Hero: folds
89f9f513: folds
Uncalled bet ($0.2) returned to ab73a3dc
*** SHOWDOWN ***
ab73a3dc collected $0.25 from pot
*** SUMMARY ***
Total pot $0.25 | Rake $0 | Jackpot $0 | Bingo $0 | Fortune $0 | Tax $0
Seat 1: Hero (small blind) folded before Flop
Seat 2: 89f9f513 (big blind) folded before Flop
Seat 3: 8a7d217d folded before Flop (didn't bet)
Seat 4: 9131e742 folded before Flop (didn't bet)
Seat 5: ea1055c1 folded before Flop (didn't bet)
Seat 6: ab73a3dc (button) collected ($0.25)


Poker Hand #HD1858026363: Hold'em No Limit ($0.05/$0.1) - 2024/07/15 15:52:54
Table 'NLHRed41' 6-max Seat #5 is the button
Seat 1: Hero ($10.51 in chips)
Seat 2: 89f9f513 ($16.88 in chips)
Seat 3: 8a7d217d ($10.15 in chips)
Seat 4: 9131e742 ($11 in chips)
Seat 5: ea1055c1 ($15.01 in chips)
Seat 6: ab73a3dc ($15.06 in chips)
ab73a3dc: posts small blind $0.05
Hero: posts big blind $0.1
*** HOLE CARDS ***
Dealt to Hero [Qs 8s]
Dealt to 89f9f513 
Dealt to 8a7d217d 
Dealt to 9131e742 
Dealt to ea1055c1 
Dealt to ab73a3dc 
89f9f513: raises $0.1 to $0.2
8a7d217d: folds
9131e742: folds
ea1055c1: folds
ab73a3dc: calls $0.15
Hero: calls $0.1
*** FLOP *** [Qh 4c Ts]
ab73a3dc: checks
Hero: checks
89f9f513: checks
*** TURN *** [Qh 4c Ts] [Jc]
ab73a3dc: bets $0.6
Hero: folds
89f9f513: folds
Uncalled bet ($0.6) returned to ab73a3dc
*** SHOWDOWN ***
ab73a3dc collected $0.57 from pot
*** SUMMARY ***
Total pot $0.6 | Rake $0.03 | Jackpot $0 | Bingo $0 | Fortune $0 | Tax $0
Board [Qh 4c Ts Jc]
Seat 1: Hero (big blind) folded on the Turn
Seat 2: 89f9f513 folded on the Turn
Seat 3: 8a7d217d folded before Flop (didn't bet)
Seat 4: 9131e742 folded before Flop (didn't bet)
Seat 5: ea1055c1 (button) folded before Flop (didn't bet)
Seat 6: ab73a3dc (small blind) won ($0.57)


Poker Hand #HD1858026332: Hold'em No Limit ($0.05/$0.1) - 2024/07/15 15:52:42
Table 'NLHRed41' 6-max Seat #4 is the button
Seat 1: Hero ($10.51 in chips)
Seat 2: 89f9f513 ($16.88 in chips)
Seat 3: 8a7d217d ($10.15 in chips)
Seat 4: 9131e742 ($11 in chips)
Seat 5: ea1055c1 ($15.06 in chips)
Seat 6: ab73a3dc ($15.01 in chips)
ea1055c1: posts small blind $0.05
ab73a3dc: posts big blind $0.1
*** HOLE CARDS ***
Dealt to Hero [3s Ad]
Dealt to 89f9f513 
Dealt to 8a7d217d 
Dealt to 9131e742 
Dealt to ea1055c1 
Dealt to ab73a3dc 
Hero: folds
89f9f513: folds
8a7d217d: folds
9131e742: folds
ea1055c1: folds
Uncalled bet ($0.05) returned to ab73a3dc
*** SHOWDOWN ***
ab73a3dc collected $0.1 from pot
*** SUMMARY ***
Total pot $0.1 | Rake $0 | Jackpot $0 | Bingo $0 | Fortune $0 | Tax $0
Seat 1: Hero folded before Flop (didn't bet)
Seat 2: 89f9f513 folded before Flop (didn't bet)
Seat 3: 8a7d217d folded before Flop (didn't bet)
Seat 4: 9131e742 (button) folded before Flop (didn't bet)
Seat 5: ea1055c1 (small blind) folded before Flop
Seat 6: ab73a3dc (big blind) collected ($0.1)


Poker Hand #HD1858026293: Hold'em No Limit ($0.05/$0.1) - 2024/07/15 15:52:25
Table 'NLHRed41' 6-max Seat #3 is the button
Seat 1: Hero ($10.51 in chips)
Seat 2: 89f9f513 ($16.88 in chips)
Seat 3: 8a7d217d ($10.15 in chips)
Seat 4: 9131e742 ($10.9 in chips)
Seat 5: ea1055c1 ($15.16 in chips)
Seat 6: ab73a3dc ($15.01 in chips)
9131e742: posts small blind $0.05
ea1055c1: posts big blind $0.1
*** HOLE CARDS ***
Dealt to Hero [4h 6s]
Dealt to 89f9f513 
Dealt to 8a7d217d 
Dealt to 9131e742 
Dealt to ea1055c1 
Dealt to ab73a3dc 
ab73a3dc: folds
Hero: folds
89f9f513: folds
8a7d217d: folds
9131e742: raises $0.2 to $0.3
ea1055c1: folds
Uncalled bet ($0.2) returned to 9131e742
*** SHOWDOWN ***
9131e742 collected $0.2 from pot
*** SUMMARY ***
Total pot $0.2 | Rake $0 | Jackpot $0 | Bingo $0 | Fortune $0 | Tax $0
Seat 1: Hero folded before Flop (didn't bet)
Seat 2: 89f9f513 folded before Flop (didn't bet)
Seat 3: 8a7d217d (button) folded before Flop (didn't bet)
Seat 4: 9131e742 (small blind) collected ($0.2)
Seat 5: ea1055c1 (big blind) folded before Flop
Seat 6: ab73a3dc folded before Flop (didn't bet)


Poker Hand #HD1858026192: Hold'em No Limit ($0.05/$0.1) - 2024/07/15 15:51:39
Table 'NLHRed41' 6-max Seat #2 is the button
Seat 1: Hero ($10.51 in chips)
Seat 2: 89f9f513 ($17.08 in chips)
Seat 3: 8a7d217d ($10.2 in chips)
Seat 4: 9131e742 ($10.67 in chips)
Seat 5: ea1055c1 ($15.16 in chips)
Seat 6: ab73a3dc ($15.01 in chips)
8a7d217d: posts small blind $0.05
9131e742: posts big blind $0.1
*** HOLE CARDS ***
Dealt to Hero [Kc 3h]
Dealt to 89f9f513 
Dealt to 8a7d217d 
Dealt to 9131e742 
Dealt to ea1055c1 
Dealt to ab73a3dc 
ea1055c1: folds
ab73a3dc: folds
Hero: folds
89f9f513: raises $0.1 to $0.2
8a7d217d: folds
9131e742: calls $0.1
*** FLOP *** [Ah 4h 5s]
9131e742: checks
89f9f513: checks
*** TURN *** [Ah 4h 5s] [As]
9131e742: checks
89f9f513: checks
*** RIVER *** [Ah 4h 5s As] [Qh]
9131e742: bets $0.15
89f9f513: folds
Uncalled bet ($0.15) returned to 9131e742
*** SHOWDOWN ***
9131e742 collected $0.43 from pot
*** SUMMARY ***
Total pot $0.45 | Rake $0.02 | Jackpot $0 | Bingo $0 | Fortune $0 | Tax $0
Board [Ah 4h 5s As Qh]
Seat 1: Hero folded before Flop (didn't bet)
Seat 2: 89f9f513 (button) folded on the River
Seat 3: 8a7d217d (small blind) folded before Flop
Seat 4: 9131e742 (big blind) won ($0.43)
Seat 5: ea1055c1 folded before Flop (didn't bet)
Seat 6: ab73a3dc folded before Flop (didn't bet)


Poker Hand #HD1858026173: Hold'em No Limit ($0.05/$0.1) - 2024/07/15 15:51:26
Table 'NLHRed41' 6-max Seat #1 is the button
Seat 1: Hero ($10.51 in chips)
Seat 2: 89f9f513 ($17.13 in chips)
Seat 3: 8a7d217d ($10.15 in chips)
Seat 4: 9131e742 ($10.67 in chips)
Seat 5: ea1055c1 ($15.16 in chips)
Seat 6: ab73a3dc ($15.01 in chips)
89f9f513: posts small blind $0.05
8a7d217d: posts big blind $0.1
*** HOLE CARDS ***
Dealt to Hero [Jd 5c]
Dealt to 89f9f513 
Dealt to 8a7d217d 
Dealt to 9131e742 
Dealt to ea1055c1 
Dealt to ab73a3dc 
9131e742: folds
ea1055c1: folds
ab73a3dc: folds
Hero: folds
89f9f513: folds
Uncalled bet ($0.05) returned to 8a7d217d
*** SHOWDOWN ***
8a7d217d collected $0.1 from pot
*** SUMMARY ***
Total pot $0.1 | Rake $0 | Jackpot $0 | Bingo $0 | Fortune $0 | Tax $0
Seat 1: Hero (button) folded before Flop (didn't bet)
Seat 2: 89f9f513 (small blind) folded before Flop
Seat 3: 8a7d217d (big blind) collected ($0.1)
Seat 4: 9131e742 folded before Flop (didn't bet)
Seat 5: ea1055c1 folded before Flop (didn't bet)
Seat 6: ab73a3dc folded before Flop (didn't bet)


Poker Hand #HD1858026097: Hold'em No Limit ($0.05/$0.1) - 2024/07/15 15:50:52
Table 'NLHRed41' 6-max Seat #6 is the button
Seat 1: Hero ($10.56 in chips)
Seat 2: 89f9f513 ($17.23 in chips)
Seat 3: 8a7d217d ($10.15 in chips)
Seat 4: 9131e742 ($10.92 in chips)
Seat 5: ea1055c1 ($15.41 in chips)
Seat 6: ab73a3dc ($14.4 in chips)
Hero: posts small blind $0.05
89f9f513: posts big blind $0.1
*** HOLE CARDS ***
Dealt to Hero [Th 6h]
Dealt to 89f9f513 
Dealt to 8a7d217d 
Dealt to 9131e742 
Dealt to ea1055c1 
Dealt to ab73a3dc 
8a7d217d: folds
9131e742: raises $0.15 to $0.25
ea1055c1: calls $0.25
ab73a3dc: raises $0.75 to $1
Hero: folds
89f9f513: folds
9131e742: folds
ea1055c1: folds
Uncalled bet ($0.75) returned to ab73a3dc
*** SHOWDOWN ***
ab73a3dc collected $0.86 from pot
*** SUMMARY ***
Total pot $0.9 | Rake $0.04 | Jackpot $0 | Bingo $0 | Fortune $0 | Tax $0
Seat 1: Hero (small blind) folded before Flop
Seat 2: 89f9f513 (big blind) folded before Flop
Seat 3: 8a7d217d folded before Flop (didn't bet)
Seat 4: 9131e742 folded before Flop
Seat 5: ea1055c1 folded before Flop
Seat 6: ab73a3dc (button) collected ($0.86)


Poker Hand #HD1858026066: Hold'em No Limit ($0.05/$0.1) - 2024/07/15 15:50:40
Table 'NLHRed41' 6-max Seat #5 is the button
Seat 1: Hero ($10.66 in chips)
Seat 2: 89f9f513 ($17.23 in chips)
Seat 3: 8a7d217d ($10 in chips)
Seat 4: 9131e742 ($10.92 in chips)
Seat 5: ea1055c1 ($15.41 in chips)
Seat 6: ab73a3dc ($14.45 in chips)
ab73a3dc: posts small blind $0.05
Hero: posts big blind $0.1
*** HOLE CARDS ***
Dealt to Hero [5c 8h]
Dealt to 89f9f513 
Dealt to 8a7d217d 
Dealt to 9131e742 
Dealt to ea1055c1 
Dealt to ab73a3dc 
89f9f513: folds
8a7d217d: raises $0.12 to $0.22
9131e742: folds
ea1055c1: folds
ab73a3dc: folds
Hero: folds
Uncalled bet ($0.12) returned to 8a7d217d
*** SHOWDOWN ***
8a7d217d collected $0.25 from pot
*** SUMMARY ***
Total pot $0.25 | Rake $0 | Jackpot $0 | Bingo $0 | Fortune $0 | Tax $0
Seat 1: Hero (big blind) folded before Flop
Seat 2: 89f9f513 folded before Flop (didn't bet)
Seat 3: 8a7d217d collected ($0.25)
Seat 4: 9131e742 folded before Flop (didn't bet)
Seat 5: ea1055c1 (button) folded before Flop (didn't bet)
Seat 6: ab73a3dc (small blind) folded before Flop


Poker Hand #HD1858026043: Hold'em No Limit ($0.05/$0.1) - 2024/07/15 15:50:30
Table 'NLHRed41' 6-max Seat #4 is the button
Seat 1: Hero ($10.66 in chips)
Seat 2: 89f9f513 ($17.23 in chips)
Seat 3: 8a7d217d ($10 in chips)
Seat 4: 9131e742 ($10.92 in chips)
Seat 5: ea1055c1 ($15.46 in chips)
Seat 6: ab73a3dc ($14.4 in chips)
ea1055c1: posts small blind $0.05
ab73a3dc: posts big blind $0.1
*** HOLE CARDS ***
Dealt to Hero [4s 8c]
Dealt to 89f9f513 
Dealt to 8a7d217d 
Dealt to 9131e742 
Dealt to ea1055c1 
Dealt to ab73a3dc 
Hero: folds
89f9f513: folds
8a7d217d: folds
9131e742: folds
ea1055c1: folds
Uncalled bet ($0.05) returned to ab73a3dc
*** SHOWDOWN ***
ab73a3dc collected $0.1 from pot
*** SUMMARY ***
Total pot $0.1 | Rake $0 | Jackpot $0 | Bingo $0 | Fortune $0 | Tax $0
Seat 1: Hero folded before Flop (didn't bet)
Seat 2: 89f9f513 folded before Flop (didn't bet)
Seat 3: 8a7d217d folded before Flop (didn't bet)
Seat 4: 9131e742 (button) folded before Flop (didn't bet)
Seat 5: ea1055c1 (small blind) folded before Flop
Seat 6: ab73a3dc (big blind) collected ($0.1)


Poker Hand #HD1858025960: Hold'em No Limit ($0.05/$0.1) - 2024/07/15 15:49:56
Table 'NLHRed41' 6-max Seat #3 is the button
Seat 1: Hero ($10.66 in chips)
Seat 2: 89f9f513 ($17.23 in chips)
Seat 3: 8a7d217d ($10 in chips)
Seat 4: 9131e742 ($10.38 in chips)
Seat 5: ea1055c1 ($16.06 in chips)
Seat 6: ab73a3dc ($14.4 in chips)
9131e742: posts small blind $0.05
ea1055c1: posts big blind $0.1
*** HOLE CARDS ***
Dealt to Hero [Kc 3s]
Dealt to 89f9f513 
Dealt to 8a7d217d 
Dealt to 9131e742 
Dealt to ea1055c1 
Dealt to ab73a3dc 
ab73a3dc: folds
Hero: folds
89f9f513: folds
8a7d217d: folds
9131e742: raises $0.2 to $0.3
ea1055c1: calls $0.2
*** FLOP *** [8h 7h 5c]
9131e742: bets $0.3
ea1055c1: calls $0.3
*** TURN *** [8h 7h 5c] [Ac]
9131e742: bets $0.9
ea1055c1: folds
Uncalled bet ($0.9) returned to 9131e742
*** SHOWDOWN ***
9131e742 collected $1.14 from pot
*** SUMMARY ***
Total pot $1.2 | Rake $0.06 | Jackpot $0 | Bingo $0 | Fortune $0 | Tax $0
Board [8h 7h 5c Ac]
Seat 1: Hero folded before Flop (didn't bet)
Seat 2: 89f9f513 folded before Flop (didn't bet)
Seat 3: 8a7d217d (button) folded before Flop (didn't bet)
Seat 4: 9131e742 (small blind) won ($1.14)
Seat 5: ea1055c1 (big blind) folded on the Turn
Seat 6: ab73a3dc folded before Flop (didn't bet)


Poker Hand #HD1858025902: Hold'em No Limit ($0.05/$0.1) - 2024/07/15 15:49:29
Table 'NLHRed41' 6-max Seat #2 is the button
Seat 1: Hero ($10.66 in chips)
Seat 2: 89f9f513 ($17.08 in chips)
Seat 3: 8a7d217d ($10 in chips)
Seat 4: 9131e742 ($10.48 in chips)
Seat 5: ea1055c1 ($16.06 in chips)
Seat 6: ab73a3dc ($14.4 in chips)
8a7d217d: posts small blind $0.05
9131e742: posts big blind $0.1
*** HOLE CARDS ***
Dealt to Hero [Qc 4d]
Dealt to 89f9f513 
Dealt to 8a7d217d 
Dealt to 9131e742 
Dealt to ea1055c1 
Dealt to ab73a3dc 
ea1055c1: folds
ab73a3dc: folds
Hero: folds
89f9f513: raises $0.1 to $0.2
8a7d217d: folds
9131e742: folds
Uncalled bet ($0.1) returned to 89f9f513
*** SHOWDOWN ***
89f9f513 collected $0.25 from pot
*** SUMMARY ***
Total pot $0.25 | Rake $0 | Jackpot $0 | Bingo $0 | Fortune $0 | Tax $0
Seat 1: Hero folded before Flop (didn't bet)
Seat 2: 89f9f513 (button) collected ($0.25)
Seat 3: 8a7d217d (small blind) folded before Flop
Seat 4: 9131e742 (big blind) folded before Flop
Seat 5: ea1055c1 folded before Flop (didn't bet)
Seat 6: ab73a3dc folded before Flop (didn't bet)


Poker Hand #HD1858025812: Hold'em No Limit ($0.05/$0.1) - 2024/07/15 15:48:48
Table 'NLHRed41' 6-max Seat #1 is the button
Seat 1: Hero ($10.66 in chips)
Seat 2: 89f9f513 ($16.49 in chips)
Seat 3: 8a7d217d ($10 in chips)
Seat 4: 9131e742 ($10.48 in chips)
Seat 5: ea1055c1 ($16.61 in chips)
Seat 6: ab73a3dc ($14.4 in chips)
89f9f513: posts small blind $0.05
8a7d217d: posts big blind $0.1
*** HOLE CARDS ***
Dealt to Hero [Th 8d]
Dealt to 89f9f513 
Dealt to 8a7d217d 
Dealt to 9131e742 
Dealt to ea1055c1 
Dealt to ab73a3dc 
9131e742: folds
ea1055c1: raises $0.15 to $0.25
ab73a3dc: folds
Hero: folds
89f9f513: calls $0.2
8a7d217d: folds
*** FLOP *** [Qs 3c Kd]
89f9f513: bets $0.3
ea1055c1: calls $0.3
*** TURN *** [Qs 3c Kd] [6c]
89f9f513: bets $0.6
ea1055c1: folds
Uncalled bet ($0.6) returned to 89f9f513
*** SHOWDOWN ***
89f9f513 collected $1.14 from pot
*** SUMMARY ***
Total pot $1.2 | Rake $0.06 | Jackpot $0 | Bingo $0 | Fortune $0 | Tax $0
Board [Qs 3c Kd 6c]
Seat 1: Hero (button) folded before Flop (didn't bet)
Seat 2: 89f9f513 (small blind) won ($1.14)
Seat 3: 8a7d217d (big blind) folded before Flop
Seat 4: 9131e742 folded before Flop (didn't bet)
Seat 5: ea1055c1 folded on the Turn
Seat 6: ab73a3dc folded before Flop (didn't bet)


Poker Hand #HD1858025739: Hold'em No Limit ($0.05/$0.1) - 2024/07/15 15:48:15
Table 'NLHRed41' 6-max Seat #6 is the button
Seat 1: Hero ($10.71 in chips)
Seat 2: 89f9f513 ($16.79 in chips)
Seat 3: 8a7d217d ($10 in chips)
Seat 4: 9131e742 ($10.48 in chips)
Seat 5: ea1055c1 ($16.61 in chips)
Seat 6: ab73a3dc ($14.08 in chips)
Hero: posts small blind $0.05
89f9f513: posts big blind $0.1
*** HOLE CARDS ***
Dealt to Hero [7c Kc]
Dealt to 89f9f513 
Dealt to 8a7d217d 
Dealt to 9131e742 
Dealt to ea1055c1 
Dealt to ab73a3dc 
8a7d217d: folds
9131e742: folds
ea1055c1: folds
ab73a3dc: raises $0.2 to $0.3
Hero: folds
89f9f513: calls $0.2
*** FLOP *** [As 7s 6c]
89f9f513: checks
ab73a3dc: bets $0.43
89f9f513: folds
Uncalled bet ($0.43) returned to ab73a3dc
*** SHOWDOWN ***
ab73a3dc collected $0.62 from pot
*** SUMMARY ***
Total pot $0.65 | Rake $0.03 | Jackpot $0 | Bingo $0 | Fortune $0 | Tax $0
Board [As 7s 6c]
Seat 1: Hero (small blind) folded before Flop
Seat 2: 89f9f513 (big blind) folded on the Flop
Seat 3: 8a7d217d folded before Flop (didn't bet)
Seat 4: 9131e742 folded before Flop (didn't bet)
Seat 5: ea1055c1 folded before Flop (didn't bet)
Seat 6: ab73a3dc (button) won ($0.62)


Poker Hand #HD1858025696: Hold'em No Limit ($0.05/$0.1) - 2024/07/15 15:47:56
Table 'NLHRed41' 6-max Seat #5 is the button
Seat 1: Hero ($10.81 in chips)
Seat 2: 89f9f513 ($16.64 in chips)
Seat 3: 8a7d217d ($10 in chips)
Seat 4: 9131e742 ($10.48 in chips)
Seat 5: ea1055c1 ($16.61 in chips)
Seat 6: ab73a3dc ($14.13 in chips)
ab73a3dc: posts small blind $0.05
Hero: posts big blind $0.1
*** HOLE CARDS ***
Dealt to Hero [Ad 8s]
Dealt to 89f9f513 
Dealt to 8a7d217d 
Dealt to 9131e742 
Dealt to ea1055c1 
Dealt to ab73a3dc 
89f9f513: raises $0.1 to $0.2
8a7d217d: folds
9131e742: folds
ea1055c1: folds
ab73a3dc: folds
Hero: folds
Uncalled bet ($0.1) returned to 89f9f513
*** SHOWDOWN ***
89f9f513 collected $0.25 from pot
*** SUMMARY ***
Total pot $0.25 | Rake $0 | Jackpot $0 | Bingo $0 | Fortune $0 | Tax $0
Seat 1: Hero (big blind) folded before Flop
Seat 2: 89f9f513 collected ($0.25)
Seat 3: 8a7d217d folded before Flop (didn't bet)
Seat 4: 9131e742 folded before Flop (didn't bet)
Seat 5: ea1055c1 (button) folded before Flop (didn't bet)
Seat 6: ab73a3dc (small blind) folded before Flop


Poker Hand #HD1857965640: Hold'em No Limit ($0.05/$0.1) - 2024/07/15 15:47:30
Table 'NLHRed41' 6-max Seat #4 is the button
Seat 1: Hero ($10.81 in chips)
Seat 2: 89f9f513 ($16.64 in chips)
Seat 3: 8a7d217d ($10 in chips)
Seat 4: 9131e742 ($10.48 in chips)
Seat 5: ea1055c1 ($16.66 in chips)
Seat 6: ab73a3dc ($14.08 in chips)
ea1055c1: posts small blind $0.05
ab73a3dc: posts big blind $0.1
*** HOLE CARDS ***
Dealt to Hero [Ks 4d]
Dealt to 89f9f513 
Dealt to 8a7d217d 
Dealt to 9131e742 
Dealt to ea1055c1 
Dealt to ab73a3dc 
Hero: folds
89f9f513: folds
8a7d217d: folds
9131e742: folds
ea1055c1: folds
Uncalled bet ($0.05) returned to ab73a3dc
*** SHOWDOWN ***
ab73a3dc collected $0.1 from pot
*** SUMMARY ***
Total pot $0.1 | Rake $0 | Jackpot $0 | Bingo $0 | Fortune $0 | Tax $0
Seat 1: Hero folded before Flop (didn't bet)
Seat 2: 89f9f513 folded before Flop (didn't bet)
Seat 3: 8a7d217d folded before Flop (didn't bet)
Seat 4: 9131e742 (button) folded before Flop (didn't bet)
Seat 5: ea1055c1 (small blind) folded before Flop
Seat 6: ab73a3dc (big blind) collected ($0.1)


Poker Hand #HD1857965552: Hold'em No Limit ($0.05/$0.1) - 2024/07/15 15:46:56
Table 'NLHRed41' 6-max Seat #3 is the button
Seat 1: Hero ($10.81 in chips)
Seat 2: 89f9f513 ($16.64 in chips)
Seat 3: 8a7d217d ($10 in chips)
Seat 4: 9131e742 ($10.53 in chips)
Seat 5: ea1055c1 ($16.61 in chips)
Seat 6: ab73a3dc ($14.08 in chips)
9131e742: posts small blind $0.05
ea1055c1: posts big blind $0.1
*** HOLE CARDS ***
Dealt to Hero [Jd Tc]
Dealt to 89f9f513 
Dealt to 8a7d217d 
Dealt to 9131e742 
Dealt to ea1055c1 
Dealt to ab73a3dc 
ab73a3dc: folds
Hero: folds
89f9f513: folds
8a7d217d: folds
9131e742: folds
Uncalled bet ($0.05) returned to ea1055c1
*** SHOWDOWN ***
ea1055c1 collected $0.1 from pot
*** SUMMARY ***
Total pot $0.1 | Rake $0 | Jackpot $0 | Bingo $0 | Fortune $0 | Tax $0
Seat 1: Hero folded before Flop (didn't bet)
Seat 2: 89f9f513 folded before Flop (didn't bet)
Seat 3: 8a7d217d (button) folded before Flop (didn't bet)
Seat 4: 9131e742 (small blind) folded before Flop
Seat 5: ea1055c1 (big blind) collected ($0.1)
Seat 6: ab73a3dc folded before Flop (didn't bet)


Poker Hand #HD1857965509: Hold'em No Limit ($0.05/$0.1) - 2024/07/15 15:46:35
Table 'NLHRed41' 6-max Seat #2 is the button
Seat 1: Hero ($10.81 in chips)
Seat 2: 89f9f513 ($16.64 in chips)
Seat 3: 8a7d217d ($10 in chips)
Seat 4: 9131e742 ($10.63 in chips)
Seat 5: ea1055c1 ($16.61 in chips)
Seat 6: ab73a3dc ($13.93 in chips)
8a7d217d: posts small blind $0.05
9131e742: posts big blind $0.1
*** HOLE CARDS ***
Dealt to Hero [9d 8c]
Dealt to 89f9f513 
Dealt to 8a7d217d 
Dealt to 9131e742 
Dealt to ea1055c1 
Dealt to ab73a3dc 
ea1055c1: folds
ab73a3dc: raises $0.2 to $0.3
Hero: folds
89f9f513: folds
8a7d217d: folds
9131e742: folds
Uncalled bet ($0.2) returned to ab73a3dc
*** SHOWDOWN ***
ab73a3dc collected $0.25 from pot
*** SUMMARY ***
Total pot $0.25 | Rake $0 | Jackpot $0 | Bingo $0 | Fortune $0 | Tax $0
Seat 1: Hero folded before Flop (didn't bet)
Seat 2: 89f9f513 (button) folded before Flop (didn't bet)
Seat 3: 8a7d217d (small blind) folded before Flop
Seat 4: 9131e742 (big blind) folded before Flop
Seat 5: ea1055c1 folded before Flop (didn't bet)
Seat 6: ab73a3dc collected ($0.25)


Poker Hand #HD1857965431: Hold'em No Limit ($0.05/$0.1) - 2024/07/15 15:46:01
Table 'NLHRed41' 6-max Seat #1 is the button
Seat 1: Hero ($10.81 in chips)
Seat 2: 89f9f513 ($16.69 in chips)
Seat 3: 8a7d217d ($10.1 in chips)
Seat 4: 9131e742 ($10.63 in chips)
Seat 5: ea1055c1 ($16.61 in chips)
Seat 6: ab73a3dc ($13.78 in chips)
89f9f513: posts small blind $0.05
8a7d217d: posts big blind $0.1
*** HOLE CARDS ***
Dealt to Hero [Ac 3d]
Dealt to 89f9f513 
Dealt to 8a7d217d 
Dealt to 9131e742 
Dealt to ea1055c1 
Dealt to ab73a3dc 
9131e742: folds
ea1055c1: folds
ab73a3dc: raises $0.2 to $0.3
Hero: folds
89f9f513: folds
8a7d217d: folds
Uncalled bet ($0.2) returned to ab73a3dc
*** SHOWDOWN ***
ab73a3dc collected $0.25 from pot
*** SUMMARY ***
Total pot $0.25 | Rake $0 | Jackpot $0 | Bingo $0 | Fortune $0 | Tax $0
Seat 1: Hero (button) folded before Flop (didn't bet)
Seat 2: 89f9f513 (small blind) folded before Flop
Seat 3: 8a7d217d (big blind) folded before Flop
Seat 4: 9131e742 folded before Flop (didn't bet)
Seat 5: ea1055c1 folded before Flop (didn't bet)
Seat 6: ab73a3dc collected ($0.25)


Poker Hand #HD1857965395: Hold'em No Limit ($0.05/$0.1) - 2024/07/15 15:45:43
Table 'NLHRed41' 6-max Seat #6 is the button
Seat 1: Hero ($10.86 in chips)
Seat 2: 89f9f513 ($16.79 in chips)
Seat 3: 8a7d217d ($10.1 in chips)
Seat 4: 9131e742 ($10.63 in chips)
Seat 5: ea1055c1 ($16.46 in chips)
Seat 6: ab73a3dc ($13.78 in chips)
Hero: posts small blind $0.05
89f9f513: posts big blind $0.1
*** HOLE CARDS ***
Dealt to Hero [6s 9c]
Dealt to 89f9f513 
Dealt to 8a7d217d 
Dealt to 9131e742 
Dealt to ea1055c1 
Dealt to ab73a3dc 
8a7d217d: folds
9131e742: folds
ea1055c1: raises $0.2 to $0.3
ab73a3dc: folds
Hero: folds
89f9f513: folds
Uncalled bet ($0.2) returned to ea1055c1
*** SHOWDOWN ***
ea1055c1 collected $0.25 from pot
*** SUMMARY ***
Total pot $0.25 | Rake $0 | Jackpot $0 | Bingo $0 | Fortune $0 | Tax $0
Seat 1: Hero (small blind) folded before Flop
Seat 2: 89f9f513 (big blind) folded before Flop
Seat 3: 8a7d217d folded before Flop (didn't bet)
Seat 4: 9131e742 folded before Flop (didn't bet)
Seat 5: ea1055c1 collected ($0.25)
Seat 6: ab73a3dc (button) folded before Flop (didn't bet)


Poker Hand #HD1857965286: Hold'em No Limit ($0.05/$0.1) - 2024/07/15 15:44:53
Table 'NLHRed41' 6-max Seat #5 is the button
Seat 1: Hero ($11.11 in chips)
Seat 2: 89f9f513 ($16.79 in chips)
Seat 3: 8a7d217d ($10.1 in chips)
Seat 4: 9131e742 ($10.63 in chips)
Seat 5: ea1055c1 ($16.18 in chips)
Seat 6: ab73a3dc ($13.83 in chips)
ab73a3dc: posts small blind $0.05
Hero: posts big blind $0.1
*** HOLE CARDS ***
Dealt to Hero [Ac 3c]
Dealt to 89f9f513 
Dealt to 8a7d217d 
Dealt to 9131e742 
Dealt to ea1055c1 
Dealt to ab73a3dc 
89f9f513: folds
8a7d217d: folds
9131e742: folds
ea1055c1: raises $0.15 to $0.25
ab73a3dc: folds
Hero: calls $0.15
*** FLOP *** [7s 7c 4s]
Hero: checks
ea1055c1: bets $0.28
Hero: folds
Uncalled bet ($0.28) returned to ea1055c1
*** SHOWDOWN ***
ea1055c1 collected $0.53 from pot
*** SUMMARY ***
Total pot $0.55 | Rake $0.02 | Jackpot $0 | Bingo $0 | Fortune $0 | Tax $0
Board [7s 7c 4s]
Seat 1: Hero (big blind) folded on the Flop
Seat 2: 89f9f513 folded before Flop (didn't bet)
Seat 3: 8a7d217d folded before Flop (didn't bet)
Seat 4: 9131e742 folded before Flop (didn't bet)
Seat 5: ea1055c1 (button) won ($0.53)
Seat 6: ab73a3dc (small blind) folded before Flop


Poker Hand #HD1857965225: Hold'em No Limit ($0.05/$0.1) - 2024/07/15 15:44:30
Table 'NLHRed41' 6-max Seat #4 is the button
Seat 1: Hero ($11.11 in chips)
Seat 2: 89f9f513 ($16.79 in chips)
Seat 3: 8a7d217d ($10.1 in chips)
Seat 4: 9131e742 ($10.63 in chips)
Seat 5: ea1055c1 ($16.08 in chips)
Seat 6: ab73a3dc ($13.93 in chips)
ea1055c1: posts small blind $0.05
ab73a3dc: posts big blind $0.1
*** HOLE CARDS ***
Dealt to Hero [2c 4c]
Dealt to 89f9f513 
Dealt to 8a7d217d 
Dealt to 9131e742 
Dealt to ea1055c1 
Dealt to ab73a3dc 
Hero: folds
89f9f513: folds
8a7d217d: folds
9131e742: folds
ea1055c1: raises $0.2 to $0.3
ab73a3dc: folds
Uncalled bet ($0.2) returned to ea1055c1
*** SHOWDOWN ***
ea1055c1 collected $0.2 from pot
*** SUMMARY ***
Total pot $0.2 | Rake $0 | Jackpot $0 | Bingo $0 | Fortune $0 | Tax $0
Seat 1: Hero folded before Flop (didn't bet)
Seat 2: 89f9f513 folded before Flop (didn't bet)
Seat 3: 8a7d217d folded before Flop (didn't bet)
Seat 4: 9131e742 (button) folded before Flop (didn't bet)
Seat 5: ea1055c1 (small blind) collected ($0.2)
Seat 6: ab73a3dc (big blind) folded before Flop


Poker Hand #HD1857965096: Hold'em No Limit ($0.05/$0.1) - 2024/07/15 15:43:33
Table 'NLHRed41' 6-max Seat #3 is the button
Seat 1: Hero ($12 in chips)
Seat 2: 89f9f513 ($16.79 in chips)
Seat 3: 8a7d217d ($10.1 in chips)
Seat 4: 9131e742 ($10.68 in chips)
Seat 5: ea1055c1 ($15.23 in chips)
Seat 6: ab73a3dc ($13.93 in chips)
9131e742: posts small blind $0.05
ea1055c1: posts big blind $0.1
*** HOLE CARDS ***
Dealt to Hero [Qh Ac]
Dealt to 89f9f513 
Dealt to 8a7d217d 
Dealt to 9131e742 
Dealt to ea1055c1 
Dealt to ab73a3dc 
ab73a3dc: folds
Hero: raises $0.1 to $0.2
89f9f513: folds
8a7d217d: folds
9131e742: folds
ea1055c1: calls $0.1
*** FLOP *** [2h 4c As]
ea1055c1: checks
Hero: checks
*** TURN *** [2h 4c As] [Js]
ea1055c1: bets $0.23
Hero: calls $0.23
*** RIVER *** [2h 4c As Js] [6s]
ea1055c1: bets $0.46
Hero: calls $0.46
ea1055c1: shows [4d 4s] (Three Fours)
Hero: shows [Qh Ac] (Pair of Aces)
*** SHOWDOWN ***
ea1055c1 collected $1.74 from pot
*** SUMMARY ***
Total pot $1.83 | Rake $0.09 | Jackpot $0 | Bingo $0 | Fortune $0 | Tax $0
Board [2h 4c As Js 6s]
Seat 1: Hero showed [Qh Ac] and lost with Pair of Aces
Seat 2: 89f9f513 folded before Flop (didn't bet)
Seat 3: 8a7d217d (button) folded before Flop (didn't bet)
Seat 4: 9131e742 (small blind) folded before Flop
Seat 5: ea1055c1 (big blind) showed [4d 4s] and won ($1.74) with Three Fours
Seat 6: ab73a3dc folded before Flop (didn't bet)


Poker Hand #HD1857965047: Hold'em No Limit ($0.05/$0.1) - 2024/07/15 15:43:14
Table 'NLHRed41' 6-max Seat #2 is the button
Seat 1: Hero ($12 in chips)
Seat 2: 89f9f513 ($16.79 in chips)
Seat 3: 8a7d217d ($10.15 in chips)
Seat 4: 9131e742 ($10.63 in chips)
Seat 5: ea1055c1 ($15.23 in chips)
Seat 6: ab73a3dc ($13.93 in chips)
8a7d217d: posts small blind $0.05
9131e742: posts big blind $0.1
*** HOLE CARDS ***
Dealt to Hero [Kh 6s]
Dealt to 89f9f513 
Dealt to 8a7d217d 
Dealt to 9131e742 
Dealt to ea1055c1 
Dealt to ab73a3dc 
ea1055c1: folds
ab73a3dc: folds
Hero: folds
89f9f513: folds
8a7d217d: folds
Uncalled bet ($0.05) returned to 9131e742
*** SHOWDOWN ***
9131e742 collected $0.1 from pot
*** SUMMARY ***
Total pot $0.1 | Rake $0 | Jackpot $0 | Bingo $0 | Fortune $0 | Tax $0
Seat 1: Hero folded before Flop (didn't bet)
Seat 2: 89f9f513 (button) folded before Flop (didn't bet)
Seat 3: 8a7d217d (small blind) folded before Flop
Seat 4: 9131e742 (big blind) collected ($0.1)
Seat 5: ea1055c1 folded before Flop (didn't bet)
Seat 6: ab73a3dc folded before Flop (didn't bet)


Poker Hand #HD1857965018: Hold'em No Limit ($0.05/$0.1) - 2024/07/15 15:43:01
Table 'NLHRed41' 6-max Seat #1 is the button
Seat 1: Hero ($12 in chips)
Seat 2: 89f9f513 ($16.84 in chips)
Seat 3: 8a7d217d ($10.1 in chips)
Seat 4: 9131e742 ($10.63 in chips)
Seat 5: ea1055c1 ($15.23 in chips)
Seat 6: ab73a3dc ($13.93 in chips)
89f9f513: posts small blind $0.05
8a7d217d: posts big blind $0.1
*** HOLE CARDS ***
Dealt to Hero [3c Qd]
Dealt to 89f9f513 
Dealt to 8a7d217d 
Dealt to 9131e742 
Dealt to ea1055c1 
Dealt to ab73a3dc 
9131e742: folds
ea1055c1: folds
ab73a3dc: folds
Hero: folds
89f9f513: folds
Uncalled bet ($0.05) returned to 8a7d217d
*** SHOWDOWN ***
8a7d217d collected $0.1 from pot
*** SUMMARY ***
Total pot $0.1 | Rake $0 | Jackpot $0 | Bingo $0 | Fortune $0 | Tax $0
Seat 1: Hero (button) folded before Flop (didn't bet)
Seat 2: 89f9f513 (small blind) folded before Flop
Seat 3: 8a7d217d (big blind) collected ($0.1)
Seat 4: 9131e742 folded before Flop (didn't bet)
Seat 5: ea1055c1 folded before Flop (didn't bet)
Seat 6: ab73a3dc folded before Flop (didn't bet)


Poker Hand #HD1857964937: Hold'em No Limit ($0.05/$0.1) - 2024/07/15 15:42:28
Table 'NLHRed41' 6-max Seat #6 is the button
Seat 1: Hero ($12.05 in chips)
Seat 2: 89f9f513 ($17.14 in chips)
Seat 3: 8a7d217d ($10.1 in chips)
Seat 4: 9131e742 ($10.63 in chips)
Seat 5: ea1055c1 ($15.23 in chips)
Seat 6: ab73a3dc ($13.61 in chips)
Hero: posts small blind $0.05
89f9f513: posts big blind $0.1
*** HOLE CARDS ***
Dealt to Hero [3h Js]
Dealt to 89f9f513 
Dealt to 8a7d217d 
Dealt to 9131e742 
Dealt to ea1055c1 
Dealt to ab73a3dc 
8a7d217d: folds
9131e742: folds
ea1055c1: folds
ab73a3dc: raises $0.2 to $0.3
Hero: folds
89f9f513: calls $0.2
*** FLOP *** [Jh 5d Jc]
89f9f513: checks
ab73a3dc: checks
*** TURN *** [Jh 5d Jc] [9d]
89f9f513: checks
ab73a3dc: checks
*** RIVER *** [Jh 5d Jc 9d] [4h]
89f9f513: checks
ab73a3dc: checks
89f9f513: shows [7h 8c] (Pair of Jacks)
ab73a3dc: shows [4d Ac] (Pair of Jacks and Pair of Fours)
*** SHOWDOWN ***
ab73a3dc collected $0.62 from pot
*** SUMMARY ***
Total pot $0.65 | Rake $0.03 | Jackpot $0 | Bingo $0 | Fortune $0 | Tax $0
Board [Jh 5d Jc 9d 4h]
Seat 1: Hero (small blind) folded before Flop
Seat 2: 89f9f513 (big blind) showed [7h 8c] and lost with Pair of Jacks
Seat 3: 8a7d217d folded before Flop (didn't bet)
Seat 4: 9131e742 folded before Flop (didn't bet)
Seat 5: ea1055c1 folded before Flop (didn't bet)
Seat 6: ab73a3dc (button) showed [4d Ac] and won ($0.62) with Pair of Jacks and Pair of Fours


Poker Hand #HD1857964834: Hold'em No Limit ($0.05/$0.1) - 2024/07/15 15:41:40
Table 'NLHRed41' 6-max Seat #5 is the button
Seat 1: Hero ($12.15 in chips)
Seat 2: 89f9f513 ($18.18 in chips)
Seat 3: 8a7d217d ($10.1 in chips)
Seat 4: 9131e742 ($10.63 in chips)
Seat 5: ea1055c1 ($14.15 in chips)
Seat 6: ab73a3dc ($13.66 in chips)
ab73a3dc: posts small blind $0.05
Hero: posts big blind $0.1
*** HOLE CARDS ***
Dealt to Hero [9s 6c]
Dealt to 89f9f513 
Dealt to 8a7d217d 
Dealt to 9131e742 
Dealt to ea1055c1 
Dealt to ab73a3dc 
89f9f513: raises $0.1 to $0.2
8a7d217d: folds
9131e742: folds
ea1055c1: calls $0.2
ab73a3dc: folds
Hero: folds
*** FLOP *** [9c Kc 4d]
89f9f513: bets $0.28
ea1055c1: calls $0.28
*** TURN *** [9c Kc 4d] [Tc]
89f9f513: checks
ea1055c1: checks
*** RIVER *** [9c Kc 4d Tc] [3h]
89f9f513: checks
ea1055c1: bets $0.56
89f9f513: calls $0.56
ea1055c1: shows [3s 4s] (Pair of Fours and Pair of Treys)
89f9f513: shows [Ks Jc] (Pair of Kings)
*** SHOWDOWN ***
ea1055c1 collected $2.12 from pot
*** SUMMARY ***
Total pot $2.23 | Rake $0.11 | Jackpot $0 | Bingo $0 | Fortune $0 | Tax $0
Board [9c Kc 4d Tc 3h]
Seat 1: Hero (big blind) folded before Flop
Seat 2: 89f9f513 showed [Ks Jc] and lost with Pair of Kings
Seat 3: 8a7d217d folded before Flop (didn't bet)
Seat 4: 9131e742 folded before Flop (didn't bet)
Seat 5: ea1055c1 (button) showed [3s 4s] and won ($2.12) with Pair of Fours and Pair of Treys
Seat 6: ab73a3dc (small blind) folded before Flop


Poker Hand #HD1857964791: Hold'em No Limit ($0.05/$0.1) - 2024/07/15 15:41:26
Table 'NLHRed41' 6-max Seat #4 is the button
Seat 1: Hero ($12.15 in chips)
Seat 2: 89f9f513 ($18.18 in chips)
Seat 3: 8a7d217d ($10.1 in chips)
Seat 4: 9131e742 ($10.63 in chips)
Seat 5: ea1055c1 ($14.05 in chips)
Seat 6: ab73a3dc ($13.76 in chips)
ea1055c1: posts small blind $0.05
ab73a3dc: posts big blind $0.1
*** HOLE CARDS ***
Dealt to Hero [7c 5c]
Dealt to 89f9f513 
Dealt to 8a7d217d 
Dealt to 9131e742 
Dealt to ea1055c1 
Dealt to ab73a3dc 
Hero: folds
89f9f513: folds
8a7d217d: folds
9131e742: folds
ea1055c1: raises $0.1 to $0.2
ab73a3dc: folds
Uncalled bet ($0.1) returned to ea1055c1
*** SHOWDOWN ***
ea1055c1 collected $0.2 from pot
*** SUMMARY ***
Total pot $0.2 | Rake $0 | Jackpot $0 | Bingo $0 | Fortune $0 | Tax $0
Seat 1: Hero folded before Flop (didn't bet)
Seat 2: 89f9f513 folded before Flop (didn't bet)
Seat 3: 8a7d217d folded before Flop (didn't bet)
Seat 4: 9131e742 (button) folded before Flop (didn't bet)
Seat 5: ea1055c1 (small blind) collected ($0.2)
Seat 6: ab73a3dc (big blind) folded before Flop


Poker Hand #HD1857964769: Hold'em No Limit ($0.05/$0.1) - 2024/07/15 15:41:15
Table 'NLHRed41' 6-max Seat #3 is the button
Seat 1: Hero ($12.15 in chips)
Seat 2: 89f9f513 ($18.03 in chips)
Seat 3: 8a7d217d ($10.1 in chips)
Seat 4: 9131e742 ($10.68 in chips)
Seat 5: ea1055c1 ($14.15 in chips)
Seat 6: ab73a3dc ($13.76 in chips)
9131e742: posts small blind $0.05
ea1055c1: posts big blind $0.1
*** HOLE CARDS ***
Dealt to Hero [5c Qs]
Dealt to 89f9f513 
Dealt to 8a7d217d 
Dealt to 9131e742 
Dealt to ea1055c1 
Dealt to ab73a3dc 
ab73a3dc: folds
Hero: folds
89f9f513: raises $0.1 to $0.2
8a7d217d: folds
9131e742: folds
ea1055c1: folds
Uncalled bet ($0.1) returned to 89f9f513
*** SHOWDOWN ***
89f9f513 collected $0.25 from pot
*** SUMMARY ***
Total pot $0.25 | Rake $0 | Jackpot $0 | Bingo $0 | Fortune $0 | Tax $0
Seat 1: Hero folded before Flop (didn't bet)
Seat 2: 89f9f513 collected ($0.25)
Seat 3: 8a7d217d (button) folded before Flop (didn't bet)
Seat 4: 9131e742 (small blind) folded before Flop
Seat 5: ea1055c1 (big blind) folded before Flop
Seat 6: ab73a3dc folded before Flop (didn't bet)


Poker Hand #HD1857964735: Hold'em No Limit ($0.05/$0.1) - 2024/07/15 15:41:00
Table 'NLHRed41' 6-max Seat #2 is the button
Seat 1: Hero ($12.15 in chips)
Seat 2: 89f9f513 ($18.03 in chips)
Seat 3: 8a7d217d ($10 in chips)
Seat 4: 9131e742 ($10.78 in chips)
Seat 5: ea1055c1 ($14.15 in chips)
Seat 6: ab73a3dc ($13.76 in chips)
8a7d217d: posts small blind $0.05
9131e742: posts big blind $0.1
*** HOLE CARDS ***
Dealt to Hero [Jc 4c]
Dealt to 89f9f513 
Dealt to 8a7d217d 
Dealt to 9131e742 
Dealt to ea1055c1 
Dealt to ab73a3dc 
ea1055c1: folds
ab73a3dc: folds
Hero: folds
89f9f513: folds
8a7d217d: raises $0.1 to $0.2
9131e742: folds
Uncalled bet ($0.1) returned to 8a7d217d
*** SHOWDOWN ***
8a7d217d collected $0.2 from pot
*** SUMMARY ***
Total pot $0.2 | Rake $0 | Jackpot $0 | Bingo $0 | Fortune $0 | Tax $0
Seat 1: Hero folded before Flop (didn't bet)
Seat 2: 89f9f513 (button) folded before Flop (didn't bet)
Seat 3: 8a7d217d (small blind) collected ($0.2)
Seat 4: 9131e742 (big blind) folded before Flop
Seat 5: ea1055c1 folded before Flop (didn't bet)
Seat 6: ab73a3dc folded before Flop (didn't bet)


Poker Hand #HD1857964671: Hold'em No Limit ($0.05/$0.1) - 2024/07/15 15:40:32
Table 'NLHRed41' 6-max Seat #1 is the button
Seat 1: Hero ($12.15 in chips)
Seat 2: 89f9f513 ($18.08 in chips)
Seat 3: 8a7d217d ($10 in chips)
Seat 4: 9131e742 ($10.78 in chips)
Seat 5: ea1055c1 ($14 in chips)
Seat 6: ab73a3dc ($13.76 in chips)
89f9f513: posts small blind $0.05
8a7d217d: posts big blind $0.1
*** HOLE CARDS ***
Dealt to Hero [Jh Ks]
Dealt to 89f9f513 
Dealt to 8a7d217d 
Dealt to 9131e742 
Dealt to ea1055c1 
Dealt to ab73a3dc 
9131e742: folds
ea1055c1: raises $0.2 to $0.3
ab73a3dc: folds
Hero: folds
89f9f513: folds
8a7d217d: folds
Uncalled bet ($0.2) returned to ea1055c1
*** SHOWDOWN ***
ea1055c1 collected $0.25 from pot
*** SUMMARY ***
Total pot $0.25 | Rake $0 | Jackpot $0 | Bingo $0 | Fortune $0 | Tax $0
Seat 1: Hero (button) folded before Flop (didn't bet)
Seat 2: 89f9f513 (small blind) folded before Flop
Seat 3: 8a7d217d (big blind) folded before Flop
Seat 4: 9131e742 folded before Flop (didn't bet)
Seat 5: ea1055c1 collected ($0.25)
Seat 6: ab73a3dc folded before Flop (didn't bet)


Poker Hand #HD1857964631: Hold'em No Limit ($0.05/$0.1) - 2024/07/15 15:40:17
Table 'NLHRed41' 6-max Seat #6 is the button
Seat 1: Hero ($12.2 in chips)
Seat 2: 89f9f513 ($18.18 in chips)
Seat 3: 8a7d217d ($10 in chips)
Seat 4: 9131e742 ($10.78 in chips)
Seat 5: ea1055c1 ($14 in chips)
Seat 6: ab73a3dc ($13.61 in chips)
Hero: posts small blind $0.05
89f9f513: posts big blind $0.1
*** HOLE CARDS ***
Dealt to Hero [Kc 2s]
Dealt to 89f9f513 
Dealt to 8a7d217d 
Dealt to 9131e742 
Dealt to ea1055c1 
Dealt to ab73a3dc 
8a7d217d: folds
9131e742: folds
ea1055c1: folds
ab73a3dc: raises $0.2 to $0.3
Hero: folds
89f9f513: folds
Uncalled bet ($0.2) returned to ab73a3dc
*** SHOWDOWN ***
ab73a3dc collected $0.25 from pot
*** SUMMARY ***
Total pot $0.25 | Rake $0 | Jackpot $0 | Bingo $0 | Fortune $0 | Tax $0
Seat 1: Hero (small blind) folded before Flop
Seat 2: 89f9f513 (big blind) folded before Flop
Seat 3: 8a7d217d folded before Flop (didn't bet)
Seat 4: 9131e742 folded before Flop (didn't bet)
Seat 5: ea1055c1 folded before Flop (didn't bet)
Seat 6: ab73a3dc (button) collected ($0.25)


Poker Hand #HD1857964609: Hold'em No Limit ($0.05/$0.1) - 2024/07/15 15:40:06
Table 'NLHRed41' 6-max Seat #5 is the button
Seat 1: Hero ($12.15 in chips)
Seat 2: 89f9f513 ($18.18 in chips)
Seat 3: 8a7d217d ($10 in chips)
Seat 4: 9131e742 ($10.78 in chips)
Seat 5: ea1055c1 ($14 in chips)
Seat 6: ab73a3dc ($13.66 in chips)
ab73a3dc: posts small blind $0.05
Hero: posts big blind $0.1
*** HOLE CARDS ***
Dealt to Hero [9h Ah]
Dealt to 89f9f513 
Dealt to 8a7d217d 
Dealt to 9131e742 
Dealt to ea1055c1 
Dealt to ab73a3dc 
89f9f513: folds
8a7d217d: folds
9131e742: folds
ea1055c1: folds
ab73a3dc: folds
Uncalled bet ($0.05) returned to Hero
*** SHOWDOWN ***
Hero collected $0.1 from pot
*** SUMMARY ***
Total pot $0.1 | Rake $0 | Jackpot $0 | Bingo $0 | Fortune $0 | Tax $0
Seat 1: Hero (big blind) collected ($0.1)
Seat 2: 89f9f513 folded before Flop (didn't bet)
Seat 3: 8a7d217d folded before Flop (didn't bet)
Seat 4: 9131e742 folded before Flop (didn't bet)
Seat 5: ea1055c1 (button) folded before Flop (didn't bet)
Seat 6: ab73a3dc (small blind) folded before Flop


Poker Hand #HD1857964502: Hold'em No Limit ($0.05/$0.1) - 2024/07/15 15:39:22
Table 'NLHRed41' 6-max Seat #4 is the button
Seat 1: Hero ($12.15 in chips)
Seat 2: 89f9f513 ($18.88 in chips)
Seat 3: 8a7d217d ($10 in chips)
Seat 4: 9131e742 ($10 in chips)
Seat 5: ea1055c1 ($14.05 in chips)
Seat 6: ab73a3dc ($13.76 in chips)
ea1055c1: posts small blind $0.05
ab73a3dc: posts big blind $0.1
*** HOLE CARDS ***
Dealt to Hero [4h 2s]
Dealt to 89f9f513 
Dealt to 8a7d217d 
Dealt to 9131e742 
Dealt to ea1055c1 
Dealt to ab73a3dc 
Hero: folds
89f9f513: raises $0.1 to $0.2
8a7d217d: folds
9131e742: raises $0.5 to $0.7
ea1055c1: folds
ab73a3dc: folds
89f9f513: calls $0.5
*** FLOP *** [9h Ac 6d]
89f9f513: checks
9131e742: bets $0.6
89f9f513: folds
Uncalled bet ($0.6) returned to 9131e742
*** SHOWDOWN ***
9131e742 collected $1.48 from pot
*** SUMMARY ***
Total pot $1.55 | Rake $0.07 | Jackpot $0 | Bingo $0 | Fortune $0 | Tax $0
Board [9h Ac 6d]
Seat 1: Hero folded before Flop (didn't bet)
Seat 2: 89f9f513 folded on the Flop
Seat 3: 8a7d217d folded before Flop (didn't bet)
Seat 4: 9131e742 (button) won ($1.48)
Seat 5: ea1055c1 (small blind) folded before Flop
Seat 6: ab73a3dc (big blind) folded before Flop


Poker Hand #HD1857964475: Hold'em No Limit ($0.05/$0.1) - 2024/07/15 15:39:08
Table 'NLHRed41' 6-max Seat #3 is the button
Seat 1: Hero ($12.15 in chips)
Seat 2: 89f9f513 ($18.88 in chips)
Seat 3: 8a7d217d ($10 in chips)
Seat 4: 9131e742 ($10 in chips)
Seat 5: ea1055c1 ($14 in chips)
Seat 6: ab73a3dc ($13.76 in chips)
9131e742: posts small blind $0.05
ea1055c1: posts big blind $0.1
*** HOLE CARDS ***
Dealt to Hero [5h 3d]
Dealt to 89f9f513 
Dealt to 8a7d217d 
Dealt to 9131e742 
Dealt to ea1055c1 
Dealt to ab73a3dc 
ab73a3dc: folds
Hero: folds
89f9f513: folds
8a7d217d: folds
9131e742: folds
Uncalled bet ($0.05) returned to ea1055c1
*** SHOWDOWN ***
ea1055c1 collected $0.1 from pot
*** SUMMARY ***
Total pot $0.1 | Rake $0 | Jackpot $0 | Bingo $0 | Fortune $0 | Tax $0
Seat 1: Hero folded before Flop (didn't bet)
Seat 2: 89f9f513 folded before Flop (didn't bet)
Seat 3: 8a7d217d (button) folded before Flop (didn't bet)
Seat 4: 9131e742 (small blind) folded before Flop
Seat 5: ea1055c1 (big blind) collected ($0.1)
Seat 6: ab73a3dc folded before Flop (didn't bet)


Poker Hand #HD1857964320: Hold'em No Limit ($0.05/$0.1) - 2024/07/15 15:38:02
Table 'NLHRed41' 6-max Seat #2 is the button
Seat 1: Hero ($12.15 in chips)
Seat 2: 89f9f513 ($18.88 in chips)
Seat 3: 8a7d217d ($10.09 in chips)
Seat 4: 9131e742 ($10 in chips)
Seat 5: ea1055c1 ($14 in chips)
Seat 6: ab73a3dc ($10 in chips)
8a7d217d: posts small blind $0.05
9131e742: posts big blind $0.1
*** HOLE CARDS ***
Dealt to Hero [6c Ah]
Dealt to 89f9f513 
Dealt to 8a7d217d 
Dealt to 9131e742 
Dealt to ea1055c1 
Dealt to ab73a3dc 
ea1055c1: folds
ab73a3dc: raises $0.2 to $0.3
Hero: folds
89f9f513: folds
8a7d217d: raises $0.98 to $1.28
9131e742: folds
ab73a3dc: calls $0.98
*** FLOP *** [Jh Jd Ad]
8a7d217d: bets $0.88
ab73a3dc: calls $0.88
*** TURN *** [Jh Jd Ad] [5h]
8a7d217d: checks
ab73a3dc: checks
*** RIVER *** [Jh Jd Ad 5h] [Th]
8a7d217d: bets $2.01
ab73a3dc: raises $5.83 to $7.84 and is all-in
8a7d217d: folds
Uncalled bet ($5.83) returned to ab73a3dc
*** SHOWDOWN ***
ab73a3dc collected $7.93 from pot
*** SUMMARY ***
Total pot $8.44 | Rake $0.41 | Jackpot $0.1 | Bingo $0 | Fortune $0 | Tax $0
Board [Jh Jd Ad 5h Th]
Seat 1: Hero folded before Flop (didn't bet)
Seat 2: 89f9f513 (button) folded before Flop (didn't bet)
Seat 3: 8a7d217d (small blind) folded on the River
Seat 4: 9131e742 (big blind) folded before Flop
Seat 5: ea1055c1 folded before Flop (didn't bet)
Seat 6: ab73a3dc won ($7.93)


Poker Hand #HD1857964229: Hold'em No Limit ($0.05/$0.1) - 2024/07/15 15:37:21
Table 'NLHRed41' 6-max Seat #1 is the button
Seat 1: Hero ($11.73 in chips)
Seat 2: 89f9f513 ($18.93 in chips)
Seat 3: 8a7d217d ($10.19 in chips)
Seat 4: 9131e742 ($10 in chips)
Seat 5: ea1055c1 ($14.3 in chips)
Seat 6: ab73a3dc ($10 in chips)
89f9f513: posts small blind $0.05
8a7d217d: posts big blind $0.1
*** HOLE CARDS ***
Dealt to Hero [Ks Kd]
Dealt to 89f9f513 
Dealt to 8a7d217d 
Dealt to 9131e742 
Dealt to ea1055c1 
Dealt to ab73a3dc 
9131e742: folds
ea1055c1: raises $0.2 to $0.3
ab73a3dc: folds
Hero: raises $0.6 to $0.9
89f9f513: folds
8a7d217d: folds
ea1055c1: folds
Uncalled bet ($0.6) returned to Hero
*** SHOWDOWN ***
Hero collected $0.72 from pot
*** SUMMARY ***
Total pot $0.75 | Rake $0.03 | Jackpot $0 | Bingo $0 | Fortune $0 | Tax $0
Seat 1: Hero (button) collected ($0.72)
Seat 2: 89f9f513 (small blind) folded before Flop
Seat 3: 8a7d217d (big blind) folded before Flop
Seat 4: 9131e742 folded before Flop (didn't bet)
Seat 5: ea1055c1 folded before Flop
Seat 6: ab73a3dc folded before Flop (didn't bet)


Poker Hand #HD1857964183: Hold'em No Limit ($0.05/$0.1) - 2024/07/15 15:37:01
Table 'NLHRed41' 6-max Seat #6 is the button
Seat 1: Hero ($11.36 in chips)
Seat 2: 89f9f513 ($19.03 in chips)
Seat 3: 8a7d217d ($10.19 in chips)
Seat 4: 9131e742 ($10 in chips)
Seat 5: ea1055c1 ($14.3 in chips)
Seat 6: ab73a3dc ($10 in chips)
Hero: posts small blind $0.05
89f9f513: posts big blind $0.1
*** HOLE CARDS ***
Dealt to Hero [Td Tc]
Dealt to 89f9f513 
Dealt to 8a7d217d 
Dealt to 9131e742 
Dealt to ea1055c1 
Dealt to ab73a3dc 
8a7d217d: folds
9131e742: folds
ea1055c1: folds
ab73a3dc: raises $0.2 to $0.3
Hero: raises $0.9 to $1.2
89f9f513: folds
ab73a3dc: folds
Uncalled bet ($0.9) returned to Hero
*** SHOWDOWN ***
Hero collected $0.67 from pot
*** SUMMARY ***
Total pot $0.7 | Rake $0.03 | Jackpot $0 | Bingo $0 | Fortune $0 | Tax $0
Seat 1: Hero (small blind) collected ($0.67)
Seat 2: 89f9f513 (big blind) folded before Flop
Seat 3: 8a7d217d folded before Flop (didn't bet)
Seat 4: 9131e742 folded before Flop (didn't bet)
Seat 5: ea1055c1 folded before Flop (didn't bet)
Seat 6: ab73a3dc (button) folded before Flop


Poker Hand #HD1857964125: Hold'em No Limit ($0.05/$0.1) - 2024/07/15 15:36:36
Table 'NLHRed41' 6-max Seat #5 is the button
Seat 1: Hero ($11.46 in chips)
Seat 2: 89f9f513 ($19.03 in chips)
Seat 3: 8a7d217d ($10.04 in chips)
Seat 4: 9131e742 ($10 in chips)
Seat 5: ea1055c1 ($14.3 in chips)
Seat 6: ab73a3dc ($10.05 in chips)
ab73a3dc: posts small blind $0.05
Hero: posts big blind $0.1
*** HOLE CARDS ***
Dealt to Hero [4s 9d]
Dealt to 89f9f513 
Dealt to 8a7d217d 
Dealt to 9131e742 
Dealt to ea1055c1 
Dealt to ab73a3dc 
89f9f513: folds
8a7d217d: raises $0.12 to $0.22
9131e742: folds
ea1055c1: folds
ab73a3dc: folds
Hero: folds
Uncalled bet ($0.12) returned to 8a7d217d
*** SHOWDOWN ***
8a7d217d collected $0.25 from pot
*** SUMMARY ***
Total pot $0.25 | Rake $0 | Jackpot $0 | Bingo $0 | Fortune $0 | Tax $0
Seat 1: Hero (big blind) folded before Flop
Seat 2: 89f9f513 folded before Flop (didn't bet)
Seat 3: 8a7d217d collected ($0.25)
Seat 4: 9131e742 folded before Flop (didn't bet)
Seat 5: ea1055c1 (button) folded before Flop (didn't bet)
Seat 6: ab73a3dc (small blind) folded before Flop


Poker Hand #HD1857964026: Hold'em No Limit ($0.05/$0.1) - 2024/07/15 15:35:47
Table 'NLHRed41' 6-max Seat #4 is the button
Seat 1: Hero ($11.46 in chips)
Seat 2: 89f9f513 ($17.91 in chips)
Seat 3: 8a7d217d ($10.04 in chips)
Seat 4: 9131e742 ($10.09 in chips)
Seat 5: ea1055c1 ($14.35 in chips)
Seat 6: ab73a3dc ($10.15 in chips)
ea1055c1: posts small blind $0.05
ab73a3dc: posts big blind $0.1
*** HOLE CARDS ***
Dealt to Hero [7d Kc]
Dealt to 89f9f513 
Dealt to 8a7d217d 
Dealt to 9131e742 
Dealt to ea1055c1 
Dealt to ab73a3dc 
Hero: folds
89f9f513: raises $0.1 to $0.2
8a7d217d: folds
9131e742: calls $0.2
ea1055c1: folds
ab73a3dc: folds
*** FLOP *** [4d Th 6s]
89f9f513: checks
9131e742: checks
*** TURN *** [4d Th 6s] [5h]
89f9f513: checks
9131e742: bets $0.42
89f9f513: calls $0.42
*** RIVER *** [4d Th 6s 5h] [2h]
89f9f513: checks
9131e742: bets $0.46
89f9f513: calls $0.46
9131e742: shows [5d 5s] (Three Fives)
89f9f513: shows [Ad 3d] (Sixes-High Straight)
*** SHOWDOWN ***
89f9f513 collected $2.2 from pot
*** SUMMARY ***
Total pot $2.31 | Rake $0.11 | Jackpot $0 | Bingo $0 | Fortune $0 | Tax $0
Board [4d Th 6s 5h 2h]
Seat 1: Hero folded before Flop (didn't bet)
Seat 2: 89f9f513 showed [Ad 3d] and won ($2.2) with Sixes-High Straight
Seat 3: 8a7d217d folded before Flop (didn't bet)
Seat 4: 9131e742 (button) showed [5d 5s] and lost with Three Fives
Seat 5: ea1055c1 (small blind) folded before Flop
Seat 6: ab73a3dc (big blind) folded before Flop


Poker Hand #HD1857963997: Hold'em No Limit ($0.05/$0.1) - 2024/07/15 15:35:31
Table 'NLHRed41' 6-max Seat #3 is the button
Seat 1: Hero ($11.46 in chips)
Seat 2: 89f9f513 ($17.91 in chips)
Seat 3: 8a7d217d ($10.04 in chips)
Seat 4: 9131e742 ($10.14 in chips)
Seat 5: ea1055c1 ($14.45 in chips)
Seat 6: ab73a3dc ($10 in chips)
9131e742: posts small blind $0.05
ea1055c1: posts big blind $0.1
*** HOLE CARDS ***
Dealt to Hero [3d Th]
Dealt to 89f9f513 
Dealt to 8a7d217d 
Dealt to 9131e742 
Dealt to ea1055c1 
Dealt to ab73a3dc 
ab73a3dc: raises $0.2 to $0.3
Hero: folds
89f9f513: folds
8a7d217d: folds
9131e742: folds
ea1055c1: folds
Uncalled bet ($0.2) returned to ab73a3dc
*** SHOWDOWN ***
ab73a3dc collected $0.25 from pot
*** SUMMARY ***
Total pot $0.25 | Rake $0 | Jackpot $0 | Bingo $0 | Fortune $0 | Tax $0
Seat 1: Hero folded before Flop (didn't bet)
Seat 2: 89f9f513 folded before Flop (didn't bet)
Seat 3: 8a7d217d (button) folded before Flop (didn't bet)
Seat 4: 9131e742 (small blind) folded before Flop
Seat 5: ea1055c1 (big blind) folded before Flop
Seat 6: ab73a3dc collected ($0.25)


Poker Hand #HD1857963882: Hold'em No Limit ($0.05/$0.1) - 2024/07/15 15:34:36
Table 'NLHRed41' 6-max Seat #2 is the button
Seat 1: Hero ($11.46 in chips)
Seat 2: 89f9f513 ($17.91 in chips)
Seat 3: 8a7d217d ($10.05 in chips)
Seat 4: 9131e742 ($10.15 in chips)
Seat 5: ea1055c1 ($14.45 in chips)
Seat 6: ab73a3dc ($10 in chips)
8a7d217d: posts small blind $0.05
9131e742: posts big blind $0.1
*** HOLE CARDS ***
Dealt to Hero [9c Jd]
Dealt to 89f9f513 
Dealt to 8a7d217d 
Dealt to 9131e742 
Dealt to ea1055c1 
Dealt to ab73a3dc 
ea1055c1: folds
ab73a3dc: folds
Hero: folds
89f9f513: folds
8a7d217d: raises $0.12 to $0.22
9131e742: calls $0.12
*** FLOP *** [8d 3d 9h]
8a7d217d: checks
9131e742: checks
*** TURN *** [8d 3d 9h] [Th]
8a7d217d: checks
9131e742: checks
*** RIVER *** [8d 3d 9h Th] [Ac]
8a7d217d: checks
9131e742: bets $0.15
8a7d217d: calls $0.15
9131e742: shows [As 5c] (Pair of Aces)
8a7d217d: shows [6c Ad] (Pair of Aces)
*** SHOWDOWN ***
8a7d217d collected $0.36 from pot
9131e742 collected $0.36 from pot
*** SUMMARY ***
Total pot $0.74 | Rake $0.02 | Jackpot $0 | Bingo $0 | Fortune $0 | Tax $0
Board [8d 3d 9h Th Ac]
Seat 1: Hero folded before Flop (didn't bet)
Seat 2: 89f9f513 (button) folded before Flop (didn't bet)
Seat 3: 8a7d217d (small blind) showed [6c Ad] and won ($0.36) with Pair of Aces
Seat 4: 9131e742 (big blind) showed [As 5c] and won ($0.36) with Pair of Aces
Seat 5: ea1055c1 folded before Flop (didn't bet)
Seat 6: ab73a3dc folded before Flop (didn't bet)


Poker Hand #HD1857963838: Hold'em No Limit ($0.05/$0.1) - 2024/07/15 15:34:17
Table 'NLHRed41' 6-max Seat #1 is the button
Seat 1: Hero ($11.46 in chips)
Seat 2: 89f9f513 ($17.96 in chips)
Seat 3: 8a7d217d ($10.15 in chips)
Seat 4: 9131e742 ($10 in chips)
Seat 5: ea1055c1 ($14.45 in chips)
Seat 6: ab73a3dc ($10 in chips)
89f9f513: posts small blind $0.05
8a7d217d: posts big blind $0.1
*** HOLE CARDS ***
Dealt to Hero [3h Qd]
Dealt to 89f9f513 
Dealt to 8a7d217d 
Dealt to 9131e742 
Dealt to ea1055c1 
Dealt to ab73a3dc 
9131e742: raises $0.15 to $0.25
ea1055c1: folds
ab73a3dc: folds
Hero: folds
89f9f513: folds
8a7d217d: folds
Uncalled bet ($0.15) returned to 9131e742
*** SHOWDOWN ***
9131e742 collected $0.25 from pot
*** SUMMARY ***
Total pot $0.25 | Rake $0 | Jackpot $0 | Bingo $0 | Fortune $0 | Tax $0
Seat 1: Hero (button) folded before Flop (didn't bet)
Seat 2: 89f9f513 (small blind) folded before Flop
Seat 3: 8a7d217d (big blind) folded before Flop
Seat 4: 9131e742 collected ($0.25)
Seat 5: ea1055c1 folded before Flop (didn't bet)
Seat 6: ab73a3dc folded before Flop (didn't bet)


Poker Hand #HD1857963803: Hold'em No Limit ($0.05/$0.1) - 2024/07/15 15:34:02
Table 'NLHRed41' 6-max Seat #6 is the button
Seat 1: Hero ($11.51 in chips)
Seat 2: 89f9f513 ($18.06 in chips)
Seat 3: 8a7d217d ($10.15 in chips)
Seat 4: 9131e742 ($10 in chips)
Seat 5: ea1055c1 ($14.3 in chips)
Seat 6: ab73a3dc ($10 in chips)
Hero: posts small blind $0.05
89f9f513: posts big blind $0.1
*** HOLE CARDS ***
Dealt to Hero [Ah 2s]
Dealt to 89f9f513 
Dealt to 8a7d217d 
Dealt to 9131e742 
Dealt to ea1055c1 
Dealt to ab73a3dc 
8a7d217d: folds
9131e742: folds
ea1055c1: raises $0.3 to $0.4
ab73a3dc: folds
Hero: folds
89f9f513: folds
Uncalled bet ($0.3) returned to ea1055c1
*** SHOWDOWN ***
ea1055c1 collected $0.25 from pot
*** SUMMARY ***
Total pot $0.25 | Rake $0 | Jackpot $0 | Bingo $0 | Fortune $0 | Tax $0
Seat 1: Hero (small blind) folded before Flop
Seat 2: 89f9f513 (big blind) folded before Flop
Seat 3: 8a7d217d folded before Flop (didn't bet)
Seat 4: 9131e742 folded before Flop (didn't bet)
Seat 5: ea1055c1 collected ($0.25)
Seat 6: ab73a3dc (button) folded before Flop (didn't bet)


Poker Hand #HD1857963761: Hold'em No Limit ($0.05/$0.1) - 2024/07/15 15:33:41
Table 'NLHRed41' 6-max Seat #5 is the button
Seat 1: Hero ($11.46 in chips)
Seat 2: 89f9f513 ($18.06 in chips)
Seat 3: 8a7d217d ($10.15 in chips)
Seat 4: 9131e742 ($10 in chips)
Seat 5: ea1055c1 ($14.3 in chips)
Seat 6: ab73a3dc ($10 in chips)
ab73a3dc: posts small blind $0.05
Hero: posts big blind $0.1
*** HOLE CARDS ***
Dealt to Hero [Ad 2d]
Dealt to 89f9f513 
Dealt to 8a7d217d 
Dealt to 9131e742 
Dealt to ea1055c1 
Dealt to ab73a3dc 
89f9f513: folds
8a7d217d: folds
9131e742: folds
ea1055c1: folds
ab73a3dc: folds
Uncalled bet ($0.05) returned to Hero
*** SHOWDOWN ***
Hero collected $0.1 from pot
*** SUMMARY ***
Total pot $0.1 | Rake $0 | Jackpot $0 | Bingo $0 | Fortune $0 | Tax $0
Seat 1: Hero (big blind) collected ($0.1)
Seat 2: 89f9f513 folded before Flop (didn't bet)
Seat 3: 8a7d217d folded before Flop (didn't bet)
Seat 4: 9131e742 folded before Flop (didn't bet)
Seat 5: ea1055c1 (button) folded before Flop (didn't bet)
Seat 6: ab73a3dc (small blind) folded before Flop


Poker Hand #HD1857963697: Hold'em No Limit ($0.05/$0.1) - 2024/07/15 15:33:12
Table 'NLHRed41' 6-max Seat #4 is the button
Seat 1: Hero ($11.46 in chips)
Seat 2: 89f9f513 ($17.83 in chips)
Seat 3: 8a7d217d ($10.15 in chips)
Seat 4: 9131e742 ($10 in chips)
Seat 5: ea1055c1 ($14.35 in chips)
Seat 6: ab73a3dc ($10.15 in chips)
ea1055c1: posts small blind $0.05
ab73a3dc: posts big blind $0.1
*** HOLE CARDS ***
Dealt to Hero [6c 6h]
Dealt to 89f9f513 
Dealt to 8a7d217d 
Dealt to 9131e742 
Dealt to ea1055c1 
Dealt to ab73a3dc 
Hero: folds
89f9f513: raises $0.1 to $0.2
8a7d217d: folds
9131e742: folds
ea1055c1: folds
ab73a3dc: calls $0.1
*** FLOP *** [3h Ks 9s]
ab73a3dc: checks
89f9f513: checks
*** TURN *** [3h Ks 9s] [4h]
ab73a3dc: checks
89f9f513: checks
*** RIVER *** [3h Ks 9s 4h] [Qd]
ab73a3dc: checks
89f9f513: checks
ab73a3dc: shows [Th Ac] (Ace-High)
89f9f513: shows [Jd Ah] (Ace-High)
*** SHOWDOWN ***
89f9f513 collected $0.43 from pot
*** SUMMARY ***
Total pot $0.45 | Rake $0.02 | Jackpot $0 | Bingo $0 | Fortune $0 | Tax $0
Board [3h Ks 9s 4h Qd]
Seat 1: Hero folded before Flop (didn't bet)
Seat 2: 89f9f513 showed [Jd Ah] and won ($0.43) with Ace-High
Seat 3: 8a7d217d folded before Flop (didn't bet)
Seat 4: 9131e742 (button) folded before Flop (didn't bet)
Seat 5: ea1055c1 (small blind) folded before Flop
Seat 6: ab73a3dc (big blind) showed [Th Ac] and lost with Ace-High


Poker Hand #HD1857963638: Hold'em No Limit ($0.05/$0.1) - 2024/07/15 15:32:45
Table 'NLHRed41' 6-max Seat #3 is the button
Seat 1: Hero ($11.46 in chips)
Seat 2: 89f9f513 ($17.83 in chips)
Seat 3: 8a7d217d ($10 in chips)
Seat 4: 9131e742 ($10 in chips)
Seat 5: ea1055c1 ($14.45 in chips)
Seat 6: ab73a3dc ($10.15 in chips)
9131e742: posts small blind $0.05
ea1055c1: posts big blind $0.1
*** HOLE CARDS ***
Dealt to Hero [5h 5s]
Dealt to 89f9f513 
Dealt to 8a7d217d 
Dealt to 9131e742 
Dealt to ea1055c1 
Dealt to ab73a3dc 
ab73a3dc: folds
Hero: folds
89f9f513: folds
8a7d217d: raises $0.18 to $0.28
9131e742: folds
ea1055c1: folds
Uncalled bet ($0.18) returned to 8a7d217d
*** SHOWDOWN ***
8a7d217d collected $0.25 from pot
*** SUMMARY ***
Total pot $0.25 | Rake $0 | Jackpot $0 | Bingo $0 | Fortune $0 | Tax $0
Seat 1: Hero folded before Flop (didn't bet)
Seat 2: 89f9f513 folded before Flop (didn't bet)
Seat 3: 8a7d217d (button) collected ($0.25)
Seat 4: 9131e742 (small blind) folded before Flop
Seat 5: ea1055c1 (big blind) folded before Flop
Seat 6: ab73a3dc folded before Flop (didn't bet)


Poker Hand #HD1857963601: Hold'em No Limit ($0.05/$0.1) - 2024/07/15 15:32:30
Table 'NLHRed41' 6-max Seat #2 is the button
Seat 1: Hero ($11.46 in chips)
Seat 2: 89f9f513 ($17.83 in chips)
Seat 3: 8a7d217d ($10 in chips)
Seat 4: 9131e742 ($10 in chips)
Seat 5: ea1055c1 ($14.45 in chips)
Seat 6: ab73a3dc ($10 in chips)
8a7d217d: posts small blind $0.05
9131e742: posts big blind $0.1
*** HOLE CARDS ***
Dealt to Hero [8s 5c]
Dealt to 89f9f513 
Dealt to 8a7d217d 
Dealt to 9131e742 
Dealt to ea1055c1 
Dealt to ab73a3dc 
ea1055c1: folds
ab73a3dc: raises $0.2 to $0.3
Hero: folds
89f9f513: folds
8a7d217d: folds
9131e742: folds
Uncalled bet ($0.2) returned to ab73a3dc
*** SHOWDOWN ***
ab73a3dc collected $0.25 from pot
*** SUMMARY ***
Total pot $0.25 | Rake $0 | Jackpot $0 | Bingo $0 | Fortune $0 | Tax $0
Seat 1: Hero folded before Flop (didn't bet)
Seat 2: 89f9f513 (button) folded before Flop (didn't bet)
Seat 3: 8a7d217d (small blind) folded before Flop
Seat 4: 9131e742 (big blind) folded before Flop
Seat 5: ea1055c1 folded before Flop (didn't bet)
Seat 6: ab73a3dc collected ($0.25)


Poker Hand #HD1857963559: Hold'em No Limit ($0.05/$0.1) - 2024/07/15 15:32:12
Table 'NLHRed41' 6-max Seat #1 is the button
Seat 1: Hero ($11.46 in chips)
Seat 2: 89f9f513 ($17.88 in chips)
Seat 3: 8a7d217d ($10 in chips)
Seat 4: 9131e742 ($10 in chips)
Seat 5: ea1055c1 ($14.3 in chips)
Seat 6: ab73a3dc ($10 in chips)
89f9f513: posts small blind $0.05
8a7d217d: posts big blind $0.1
*** HOLE CARDS ***
Dealt to Hero [Th 8c]
Dealt to 89f9f513 
Dealt to 8a7d217d 
Dealt to 9131e742 
Dealt to ea1055c1 
Dealt to ab73a3dc 
9131e742: folds
ea1055c1: raises $0.2 to $0.3
ab73a3dc: folds
Hero: folds
89f9f513: folds
8a7d217d: folds
Uncalled bet ($0.2) returned to ea1055c1
*** SHOWDOWN ***
ea1055c1 collected $0.25 from pot
*** SUMMARY ***
Total pot $0.25 | Rake $0 | Jackpot $0 | Bingo $0 | Fortune $0 | Tax $0
Seat 1: Hero (button) folded before Flop (didn't bet)
Seat 2: 89f9f513 (small blind) folded before Flop
Seat 3: 8a7d217d (big blind) folded before Flop
Seat 4: 9131e742 folded before Flop (didn't bet)
Seat 5: ea1055c1 collected ($0.25)
Seat 6: ab73a3dc folded before Flop (didn't bet)


Poker Hand #HD1857963516: Hold'em No Limit ($0.05/$0.1) - 2024/07/15 15:31:49
Table 'NLHRed41' 6-max Seat #6 is the button
Seat 1: Hero ($11.51 in chips)
Seat 2: 89f9f513 ($17.98 in chips)
Seat 3: 8a7d217d ($10 in chips)
Seat 4: 9131e742 ($10 in chips)
Seat 5: ea1055c1 ($14.15 in chips)
Seat 6: ab73a3dc ($10 in chips)
Hero: posts small blind $0.05
89f9f513: posts big blind $0.1
*** HOLE CARDS ***
Dealt to Hero [Ad 5h]
Dealt to 89f9f513 
Dealt to 8a7d217d 
Dealt to 9131e742 
Dealt to ea1055c1 
Dealt to ab73a3dc 
8a7d217d: folds
9131e742: folds
ea1055c1: raises $0.2 to $0.3
ab73a3dc: folds
Hero: folds
89f9f513: folds
Uncalled bet ($0.2) returned to ea1055c1
*** SHOWDOWN ***
ea1055c1 collected $0.25 from pot
*** SUMMARY ***
Total pot $0.25 | Rake $0 | Jackpot $0 | Bingo $0 | Fortune $0 | Tax $0
Seat 1: Hero (small blind) folded before Flop
Seat 2: 89f9f513 (big blind) folded before Flop
Seat 3: 8a7d217d folded before Flop (didn't bet)
Seat 4: 9131e742 folded before Flop (didn't bet)
Seat 5: ea1055c1 collected ($0.25)
Seat 6: ab73a3dc (button) folded before Flop (didn't bet)


Poker Hand #HD1857963419: Hold'em No Limit ($0.05/$0.1) - 2024/07/15 15:31:03
Table 'NLHRed41' 6-max Seat #5 is the button
Seat 1: Hero ($10 in chips)
Seat 2: 89f9f513 ($17.98 in chips)
Seat 3: 8a7d217d ($10 in chips)
Seat 4: 9131e742 ($10.18 in chips)
Seat 5: ea1055c1 ($14.4 in chips)
Seat 6: ab73a3dc ($10.15 in chips)
ab73a3dc: posts small blind $0.05
Hero: posts big blind $0.1
*** HOLE CARDS ***
Dealt to Hero [Kd Ah]
Dealt to 89f9f513 
Dealt to 8a7d217d 
Dealt to 9131e742 
Dealt to ea1055c1 
Dealt to ab73a3dc 
89f9f513: folds
8a7d217d: folds
9131e742: raises $0.15 to $0.25
ea1055c1: calls $0.25
ab73a3dc: raises $1 to $1.25
Hero: raises $8.75 to $10 and is all-in
9131e742: folds
ea1055c1: folds
ab73a3dc: folds
Uncalled bet ($8.75) returned to Hero
*** SHOWDOWN ***
Hero collected $2.76 from pot
*** SUMMARY ***
Total pot $3 | Rake $0.14 | Jackpot $0.1 | Bingo $0 | Fortune $0 | Tax $0
Seat 1: Hero (big blind) collected ($2.76)
Seat 2: 89f9f513 folded before Flop (didn't bet)
Seat 3: 8a7d217d folded before Flop (didn't bet)
Seat 4: 9131e742 folded before Flop
Seat 5: ea1055c1 (button) folded before Flop
Seat 6: ab73a3dc (small blind) folded before Flop


Poker Hand #HD1857963375: Hold'em No Limit ($0.05/$0.1) - 2024/07/15 15:30:38
Table 'NLHRed41' 6-max Seat #4 is the button
Seat 1: Hero ($10 in chips)
Seat 2: 89f9f513 ($17.98 in chips)
Seat 3: 8a7d217d ($10 in chips)
Seat 4: 9131e742 ($10.18 in chips)
Seat 5: ea1055c1 ($14.45 in chips)
Seat 6: ab73a3dc ($10.1 in chips)
ea1055c1: posts small blind $0.05
ab73a3dc: posts big blind $0.1
*** HOLE CARDS ***
Dealt to Hero [Qs 3s]
Dealt to 89f9f513 
Dealt to 8a7d217d 
Dealt to 9131e742 
Dealt to ea1055c1 
Dealt to ab73a3dc 
Hero: folds
89f9f513: folds
8a7d217d: folds
9131e742: folds
ea1055c1: folds
Uncalled bet ($0.05) returned to ab73a3dc
*** SHOWDOWN ***
ab73a3dc collected $0.1 from pot
*** SUMMARY ***
Total pot $0.1 | Rake $0 | Jackpot $0 | Bingo $0 | Fortune $0 | Tax $0
Seat 1: Hero folded before Flop (didn't bet)
Seat 2: 89f9f513 folded before Flop (didn't bet)
Seat 3: 8a7d217d folded before Flop (didn't bet)
Seat 4: 9131e742 (button) folded before Flop (didn't bet)
Seat 5: ea1055c1 (small blind) folded before Flop
Seat 6: ab73a3dc (big blind) collected ($0.1)


Poker Hand #HD1857963214: Hold'em No Limit ($0.05/$0.1) - 2024/07/15 15:29:18
Table 'NLHRed41' 6-max Seat #3 is the button
Seat 1: Hero ($10 in chips)
Seat 2: 89f9f513 ($18.18 in chips)
Seat 3: 8a7d217d ($10 in chips)
Seat 4: 9131e742 ($10.23 in chips)
Seat 5: ea1055c1 ($14.22 in chips)
Seat 6: ab73a3dc ($10.1 in chips)
9131e742: posts small blind $0.05
ea1055c1: posts big blind $0.1
*** HOLE CARDS ***
Dealt to Hero [5d Kd]
Dealt to 89f9f513 
Dealt to 8a7d217d 
Dealt to 9131e742 
Dealt to ea1055c1 
Dealt to ab73a3dc 
ab73a3dc: folds
Hero: folds
89f9f513: raises $0.1 to $0.2
8a7d217d: folds
9131e742: folds
ea1055c1: calls $0.1
*** FLOP *** [8s Th 9c]
ea1055c1: checks
89f9f513: checks
*** TURN *** [8s Th 9c] [8d]
ea1055c1: checks
89f9f513: checks
*** RIVER *** [8s Th 9c 8d] [4d]
ea1055c1: checks
89f9f513: checks
ea1055c1: shows [6s As] (Pair of Eights)
89f9f513: shows [Jc Kc] (Pair of Eights)
*** SHOWDOWN ***
ea1055c1 collected $0.43 from pot
*** SUMMARY ***
Total pot $0.45 | Rake $0.02 | Jackpot $0 | Bingo $0 | Fortune $0 | Tax $0
Board [8s Th 9c 8d 4d]
Seat 1: Hero folded before Flop (didn't bet)
Seat 2: 89f9f513 showed [Jc Kc] and lost with Pair of Eights
Seat 3: 8a7d217d (button) folded before Flop (didn't bet)
Seat 4: 9131e742 (small blind) folded before Flop
Seat 5: ea1055c1 (big blind) showed [6s As] and won ($0.43) with Pair of Eights
Seat 6: ab73a3dc folded before Flop (didn't bet)


Poker Hand #HD1857963048: Hold'em No Limit ($0.05/$0.1) - 2024/07/15 15:28:00
Table 'NLHRed41' 6-max Seat #2 is the button
Seat 1: Hero ($11.7 in chips)
Seat 2: 89f9f513 ($12.51 in chips)
Seat 3: 8a7d217d ($10.05 in chips)
Seat 4: 9131e742 ($10.33 in chips)
Seat 5: ea1055c1 ($14.22 in chips)
Seat 6: ab73a3dc ($10.1 in chips)
8a7d217d: posts small blind $0.05
9131e742: posts big blind $0.1
*** HOLE CARDS ***
Dealt to Hero [Kd Ah]
Dealt to 89f9f513 
Dealt to 8a7d217d 
Dealt to 9131e742 
Dealt to ea1055c1 
Dealt to ab73a3dc 
ea1055c1: folds
ab73a3dc: folds
Hero: raises $0.14 to $0.24
89f9f513: calls $0.24
8a7d217d: folds
9131e742: folds
*** FLOP *** [Ks 9h Kc]
Hero: checks
89f9f513: checks
*** TURN *** [Ks 9h Kc] [2d]
Hero: bets $0.4
89f9f513: calls $0.4
*** RIVER *** [Ks 9h Kc 2d] [Td]
Hero: bets $0.7
89f9f513: raises $4.9 to $5.6
Hero: calls $4.9
89f9f513: shows [2c 2s] (Twos Full over Kings)
Hero: shows [Kd Ah] (Three Kings)
*** SHOWDOWN ***
89f9f513 collected $11.91 from pot
*** SUMMARY ***
Total pot $12.63 | Rake $0.62 | Jackpot $0.1 | Bingo $0 | Fortune $0 | Tax $0
Board [Ks 9h Kc 2d Td]
Seat 1: Hero showed [Kd Ah] and lost with Three Kings
Seat 2: 89f9f513 (button) showed [2c 2s] and won ($11.91) with Twos Full over Kings
Seat 3: 8a7d217d (small blind) folded before Flop
Seat 4: 9131e742 (big blind) folded before Flop
Seat 5: ea1055c1 folded before Flop (didn't bet)
Seat 6: ab73a3dc folded before Flop (didn't bet)


Poker Hand #HD1857963029: Hold'em No Limit ($0.05/$0.1) - 2024/07/15 15:27:51
Table 'NLHRed41' 6-max Seat #1 is the button
Seat 1: Hero ($11.7 in chips)
Seat 2: 89f9f513 ($12.56 in chips)
Seat 3: 8a7d217d ($10 in chips)
Seat 4: 9131e742 ($10.33 in chips)
Seat 5: ea1055c1 ($14.22 in chips)
Seat 6: ab73a3dc ($10.1 in chips)
89f9f513: posts small blind $0.05
8a7d217d: posts big blind $0.1
*** HOLE CARDS ***
Dealt to Hero [9d 3h]
Dealt to 89f9f513 
Dealt to 8a7d217d 
Dealt to 9131e742 
Dealt to ea1055c1 
Dealt to ab73a3dc 
9131e742: folds
ea1055c1: folds
ab73a3dc: folds
Hero: folds
89f9f513: folds
Uncalled bet ($0.05) returned to 8a7d217d
*** SHOWDOWN ***
8a7d217d collected $0.1 from pot
*** SUMMARY ***
Total pot $0.1 | Rake $0 | Jackpot $0 | Bingo $0 | Fortune $0 | Tax $0
Seat 1: Hero (button) folded before Flop (didn't bet)
Seat 2: 89f9f513 (small blind) folded before Flop
Seat 3: 8a7d217d (big blind) collected ($0.1)
Seat 4: 9131e742 folded before Flop (didn't bet)
Seat 5: ea1055c1 folded before Flop (didn't bet)
Seat 6: ab73a3dc folded before Flop (didn't bet)


Poker Hand #HD1857962906: Hold'em No Limit ($0.05/$0.1) - 2024/07/15 15:26:54
Table 'NLHRed41' 6-max Seat #6 is the button
Seat 1: Hero ($11.75 in chips)
Seat 2: 89f9f513 ($11.69 in chips)
Seat 3: 8a7d217d ($10 in chips)
Seat 4: 9131e742 ($10.33 in chips)
Seat 5: ea1055c1 ($14.22 in chips)
Seat 6: ab73a3dc ($10.1 in chips)
Hero: posts small blind $0.05
89f9f513: posts big blind $0.1
*** HOLE CARDS ***
Dealt to Hero [9s Ts]
Dealt to 89f9f513 
Dealt to 8a7d217d 
Dealt to 9131e742 
Dealt to ea1055c1 
Dealt to ab73a3dc 
8a7d217d: raises $0.12 to $0.22
9131e742: folds
ea1055c1: folds
ab73a3dc: folds
Hero: folds
89f9f513: raises $0.69 to $0.91
8a7d217d: calls $0.69
*** FLOP *** [8c 6s 9c]
89f9f513: bets $10.78 and is all-in
8a7d217d: folds
Uncalled bet ($10.78) returned to 89f9f513
*** SHOWDOWN ***
89f9f513 collected $1.78 from pot
*** SUMMARY ***
Total pot $1.87 | Rake $0.09 | Jackpot $0 | Bingo $0 | Fortune $0 | Tax $0
Board [8c 6s 9c]
Seat 1: Hero (small blind) folded before Flop
Seat 2: 89f9f513 (big blind) won ($1.78)
Seat 3: 8a7d217d folded on the Flop
Seat 4: 9131e742 folded before Flop (didn't bet)
Seat 5: ea1055c1 folded before Flop (didn't bet)
Seat 6: ab73a3dc (button) folded before Flop (didn't bet)


Poker Hand #HD1857962873: Hold'em No Limit ($0.05/$0.1) - 2024/07/15 15:26:34
Table 'NLHRed41' 6-max Seat #5 is the button
Seat 1: Hero ($11.85 in chips)
Seat 2: 89f9f513 ($11.69 in chips)
Seat 3: 8a7d217d ($10 in chips)
Seat 4: 9131e742 ($10.33 in chips)
Seat 5: ea1055c1 ($14.22 in chips)
Seat 6: ab73a3dc ($10 in chips)
ab73a3dc: posts small blind $0.05
Hero: posts big blind $0.1
*** HOLE CARDS ***
Dealt to Hero [2s 7d]
Dealt to 89f9f513 
Dealt to 8a7d217d 
Dealt to 9131e742 
Dealt to ea1055c1 
Dealt to ab73a3dc 
89f9f513: folds
8a7d217d: folds
9131e742: folds
ea1055c1: folds
ab73a3dc: raises $0.2 to $0.3
Hero: folds
Uncalled bet ($0.2) returned to ab73a3dc
*** SHOWDOWN ***
ab73a3dc collected $0.2 from pot
*** SUMMARY ***
Total pot $0.2 | Rake $0 | Jackpot $0 | Bingo $0 | Fortune $0 | Tax $0
Seat 1: Hero (big blind) folded before Flop
Seat 2: 89f9f513 folded before Flop (didn't bet)
Seat 3: 8a7d217d folded before Flop (didn't bet)
Seat 4: 9131e742 folded before Flop (didn't bet)
Seat 5: ea1055c1 (button) folded before Flop (didn't bet)
Seat 6: ab73a3dc (small blind) collected ($0.2)


Poker Hand #HD1857962767: Hold'em No Limit ($0.05/$0.1) - 2024/07/15 15:25:49
Table 'NLHRed41' 6-max Seat #4 is the button
Seat 1: Hero ($11.48 in chips)
Seat 2: 89f9f513 ($11.69 in chips)
Seat 3: 8a7d217d ($10 in chips)
Seat 4: 9131e742 ($10.33 in chips)
Seat 5: ea1055c1 ($14.42 in chips)
Seat 6: ab73a3dc ($10 in chips)
ea1055c1: posts small blind $0.05
ab73a3dc: posts big blind $0.1
*** HOLE CARDS ***
Dealt to Hero [Ah Kh]
Dealt to 89f9f513 
Dealt to 8a7d217d 
Dealt to 9131e742 
Dealt to ea1055c1 
Dealt to ab73a3dc 
Hero: raises $0.1 to $0.2
89f9f513: folds
8a7d217d: folds
9131e742: folds
ea1055c1: calls $0.15
ab73a3dc: calls $0.1
*** FLOP *** [Qd Ad 8h]
ea1055c1: checks
ab73a3dc: checks
Hero: bets $0.4
ea1055c1: folds
ab73a3dc: folds
Uncalled bet ($0.4) returned to Hero
*** SHOWDOWN ***
Hero collected $0.57 from pot
*** SUMMARY ***
Total pot $0.6 | Rake $0.03 | Jackpot $0 | Bingo $0 | Fortune $0 | Tax $0
Board [Qd Ad 8h]
Seat 1: Hero won ($0.57)
Seat 2: 89f9f513 folded before Flop (didn't bet)
Seat 3: 8a7d217d folded before Flop (didn't bet)
Seat 4: 9131e742 (button) folded before Flop (didn't bet)
Seat 5: ea1055c1 (small blind) folded on the Flop
Seat 6: ab73a3dc (big blind) folded on the Flop


Poker Hand #HD1857962742: Hold'em No Limit ($0.05/$0.1) - 2024/07/15 15:25:38
Table 'NLHRed41' 6-max Seat #3 is the button
Seat 1: Hero ($11.48 in chips)
Seat 2: 89f9f513 ($11.69 in chips)
Seat 3: 8a7d217d ($10 in chips)
Seat 4: 9131e742 ($10.23 in chips)
Seat 5: ea1055c1 ($14.52 in chips)
9131e742: posts small blind $0.05
ea1055c1: posts big blind $0.1
*** HOLE CARDS ***
Dealt to Hero [3h 7c]
Dealt to 89f9f513 
Dealt to 8a7d217d 
Dealt to 9131e742 
Dealt to ea1055c1 
Hero: folds
89f9f513: folds
8a7d217d: folds
9131e742: raises $0.2 to $0.3
ea1055c1: folds
Uncalled bet ($0.2) returned to 9131e742
*** SHOWDOWN ***
9131e742 collected $0.2 from pot
*** SUMMARY ***
Total pot $0.2 | Rake $0 | Jackpot $0 | Bingo $0 | Fortune $0 | Tax $0
Seat 1: Hero folded before Flop (didn't bet)
Seat 2: 89f9f513 folded before Flop (didn't bet)
Seat 3: 8a7d217d (button) folded before Flop (didn't bet)
Seat 4: 9131e742 (small blind) collected ($0.2)
Seat 5: ea1055c1 (big blind) folded before Flop


Poker Hand #HD1857962699: Hold'em No Limit ($0.05/$0.1) - 2024/07/15 15:25:16
Table 'NLHRed41' 6-max Seat #2 is the button
Seat 1: Hero ($11.48 in chips)
Seat 2: 89f9f513 ($11.54 in chips)
Seat 3: 8a7d217d ($10 in chips)
Seat 4: 9131e742 ($10.33 in chips)
Seat 5: ea1055c1 ($14.52 in chips)
8a7d217d: posts small blind $0.05
9131e742: posts big blind $0.1
*** HOLE CARDS ***
Dealt to Hero [5s Ac]
Dealt to 89f9f513 
Dealt to 8a7d217d 
Dealt to 9131e742 
Dealt to ea1055c1 
ea1055c1: folds
Hero: folds
89f9f513: raises $0.1 to $0.2
8a7d217d: folds
9131e742: folds
Uncalled bet ($0.1) returned to 89f9f513
*** SHOWDOWN ***
89f9f513 collected $0.25 from pot
*** SUMMARY ***
Total pot $0.25 | Rake $0 | Jackpot $0 | Bingo $0 | Fortune $0 | Tax $0
Seat 1: Hero folded before Flop (didn't bet)
Seat 2: 89f9f513 (button) collected ($0.25)
Seat 3: 8a7d217d (small blind) folded before Flop
Seat 4: 9131e742 (big blind) folded before Flop
Seat 5: ea1055c1 folded before Flop (didn't bet)


Poker Hand #HD1857962627: Hold'em No Limit ($0.05/$0.1) - 2024/07/15 15:24:46
Table 'NLHRed41' 6-max Seat #1 is the button
Seat 1: Hero ($11.33 in chips)
Seat 2: 89f9f513 ($11.59 in chips)
Seat 3: 8a7d217d ($10 in chips)
Seat 4: 9131e742 ($10.33 in chips)
Seat 5: ea1055c1 ($14.52 in chips)
89f9f513: posts small blind $0.05
8a7d217d: posts big blind $0.1
*** HOLE CARDS ***
Dealt to Hero [Jh As]
Dealt to 89f9f513 
Dealt to 8a7d217d 
Dealt to 9131e742 
Dealt to ea1055c1 
9131e742: folds
ea1055c1: folds
Hero: raises $0.14 to $0.24
89f9f513: folds
8a7d217d: folds
Uncalled bet ($0.14) returned to Hero
*** SHOWDOWN ***
Hero collected $0.25 from pot
*** SUMMARY ***
Total pot $0.25 | Rake $0 | Jackpot $0 | Bingo $0 | Fortune $0 | Tax $0
Seat 1: Hero (button) collected ($0.25)
Seat 2: 89f9f513 (small blind) folded before Flop
Seat 3: 8a7d217d (big blind) folded before Flop
Seat 4: 9131e742 folded before Flop (didn't bet)
Seat 5: ea1055c1 folded before Flop (didn't bet)


Poker Hand #HD1857962522: Hold'em No Limit ($0.05/$0.1) - 2024/07/15 15:24:00
Table 'NLHRed41' 6-max Seat #5 is the button
Seat 1: Hero ($11.38 in chips)
Seat 2: 89f9f513 ($11.27 in chips)
Seat 3: 8a7d217d ($10 in chips)
Seat 4: 9131e742 ($10.33 in chips)
Seat 5: ea1055c1 ($14.82 in chips)
Hero: posts small blind $0.05
89f9f513: posts big blind $0.1
*** HOLE CARDS ***
Dealt to Hero [Jc 8s]
Dealt to 89f9f513 
Dealt to 8a7d217d 
Dealt to 9131e742 
Dealt to ea1055c1 
8a7d217d: folds
9131e742: folds
ea1055c1: raises $0.2 to $0.3
Hero: folds
89f9f513: calls $0.2
*** FLOP *** [5s Jd 6s]
89f9f513: bets $0.65
ea1055c1: folds
Uncalled bet ($0.65) returned to 89f9f513
*** SHOWDOWN ***
89f9f513 collected $0.62 from pot
*** SUMMARY ***
Total pot $0.65 | Rake $0.03 | Jackpot $0 | Bingo $0 | Fortune $0 | Tax $0
Board [5s Jd 6s]
Seat 1: Hero (small blind) folded before Flop
Seat 2: 89f9f513 (big blind) won ($0.62)
Seat 3: 8a7d217d folded before Flop (didn't bet)
Seat 4: 9131e742 folded before Flop (didn't bet)
Seat 5: ea1055c1 (button) folded on the Flop


Poker Hand #HD1857962474: Hold'em No Limit ($0.05/$0.1) - 2024/07/15 15:23:37
Table 'NLHRed41' 6-max Seat #4 is the button
Seat 1: Hero ($11.48 in chips)
Seat 2: 89f9f513 ($11.47 in chips)
Seat 3: 8a7d217d ($10 in chips)
Seat 4: 9131e742 ($10 in chips)
Seat 5: ea1055c1 ($14.87 in chips)
ea1055c1: posts small blind $0.05
Hero: posts big blind $0.1
*** HOLE CARDS ***
Dealt to Hero [Jc 5s]
Dealt to 89f9f513 
Dealt to 8a7d217d 
Dealt to 9131e742 
Dealt to ea1055c1 
89f9f513: raises $0.1 to $0.2
8a7d217d: folds
9131e742: raises $0.52 to $0.72
ea1055c1: folds
Hero: folds
89f9f513: folds
Uncalled bet ($0.52) returned to 9131e742
*** SHOWDOWN ***
9131e742 collected $0.53 from pot
*** SUMMARY ***
Total pot $0.55 | Rake $0.02 | Jackpot $0 | Bingo $0 | Fortune $0 | Tax $0
Seat 1: Hero (big blind) folded before Flop
Seat 2: 89f9f513 folded before Flop
Seat 3: 8a7d217d folded before Flop (didn't bet)
Seat 4: 9131e742 (button) collected ($0.53)
Seat 5: ea1055c1 (small blind) folded before Flop


Poker Hand #HD1857962427: Hold'em No Limit ($0.05/$0.1) - 2024/07/15 15:23:10
Table 'NLHRed41' 6-max Seat #3 is the button
Seat 1: Hero ($11.48 in chips)
Seat 2: 89f9f513 ($11.47 in chips)
Seat 3: 8a7d217d ($10 in chips)
Seat 4: 9131e742 ($10 in chips)
Seat 5: ea1055c1 ($14.82 in chips)
9131e742: posts small blind $0.05
ea1055c1: posts big blind $0.1
*** HOLE CARDS ***
Dealt to Hero [2s 3c]
Dealt to 89f9f513 
Dealt to 8a7d217d 
Dealt to 9131e742 
Dealt to ea1055c1 
Hero: folds
89f9f513: folds
8a7d217d: folds
9131e742: folds
Uncalled bet ($0.05) returned to ea1055c1
*** SHOWDOWN ***
ea1055c1 collected $0.1 from pot
*** SUMMARY ***
Total pot $0.1 | Rake $0 | Jackpot $0 | Bingo $0 | Fortune $0 | Tax $0
Seat 1: Hero folded before Flop (didn't bet)
Seat 2: 89f9f513 folded before Flop (didn't bet)
Seat 3: 8a7d217d (button) folded before Flop (didn't bet)
Seat 4: 9131e742 (small blind) folded before Flop
Seat 5: ea1055c1 (big blind) collected ($0.1)


Poker Hand #HD1857962371: Hold'em No Limit ($0.05/$0.1) - 2024/07/15 15:22:48
Table 'NLHRed41' 6-max Seat #2 is the button
Seat 1: Hero ($11.33 in chips)
Seat 2: 89f9f513 ($11.47 in chips)
Seat 3: 8a7d217d ($10.05 in chips)
Seat 4: 9131e742 ($10 in chips)
Seat 5: ea1055c1 ($14.82 in chips)
8a7d217d: posts small blind $0.05
9131e742: posts big blind $0.1
*** HOLE CARDS ***
Dealt to Hero [5s 5c]
Dealt to 89f9f513 
Dealt to 8a7d217d 
Dealt to 9131e742 
Dealt to ea1055c1 
ea1055c1: folds
Hero: raises $0.14 to $0.24
89f9f513: folds
8a7d217d: folds
9131e742: folds
Uncalled bet ($0.14) returned to Hero
*** SHOWDOWN ***
Hero collected $0.25 from pot
*** SUMMARY ***
Total pot $0.25 | Rake $0 | Jackpot $0 | Bingo $0 | Fortune $0 | Tax $0
Seat 1: Hero collected ($0.25)
Seat 2: 89f9f513 (button) folded before Flop (didn't bet)
Seat 3: 8a7d217d (small blind) folded before Flop
Seat 4: 9131e742 (big blind) folded before Flop
Seat 5: ea1055c1 folded before Flop (didn't bet)


Poker Hand #HD1857962330: Hold'em No Limit ($0.05/$0.1) - 2024/07/15 15:22:28
Table 'NLHRed41' 6-max Seat #1 is the button
Seat 1: Hero ($11.33 in chips)
Seat 2: 89f9f513 ($11.37 in chips)
Seat 3: 8a7d217d ($10.15 in chips)
Seat 4: 9131e742 ($10 in chips)
Seat 5: ea1055c1 ($14.82 in chips)
89f9f513: posts small blind $0.05
8a7d217d: posts big blind $0.1
*** HOLE CARDS ***
Dealt to Hero [7c Kh]
Dealt to 89f9f513 
Dealt to 8a7d217d 
Dealt to 9131e742 
Dealt to ea1055c1 
9131e742: folds
ea1055c1: folds
Hero: folds
89f9f513: raises $0.1 to $0.2
8a7d217d: folds
Uncalled bet ($0.1) returned to 89f9f513
*** SHOWDOWN ***
89f9f513 collected $0.2 from pot
*** SUMMARY ***
Total pot $0.2 | Rake $0 | Jackpot $0 | Bingo $0 | Fortune $0 | Tax $0
Seat 1: Hero (button) folded before Flop (didn't bet)
Seat 2: 89f9f513 (small blind) collected ($0.2)
Seat 3: 8a7d217d (big blind) folded before Flop
Seat 4: 9131e742 folded before Flop (didn't bet)
Seat 5: ea1055c1 folded before Flop (didn't bet)


Poker Hand #HD1857962224: Hold'em No Limit ($0.05/$0.1) - 2024/07/15 15:21:37
Table 'NLHRed41' 6-max Seat #5 is the button
Seat 1: Hero ($11.38 in chips)
Seat 2: 89f9f513 ($10.38 in chips)
Seat 3: 8a7d217d ($10.15 in chips)
Seat 4: 9131e742 ($10 in chips)
Seat 5: ea1055c1 ($15.86 in chips)
Hero: posts small blind $0.05
89f9f513: posts big blind $0.1
*** HOLE CARDS ***
Dealt to Hero [8h Qh]
Dealt to 89f9f513 
Dealt to 8a7d217d 
Dealt to 9131e742 
Dealt to ea1055c1 
8a7d217d: folds
9131e742: folds
ea1055c1: raises $0.3 to $0.4
Hero: folds
89f9f513: calls $0.3
*** FLOP *** [Jc 9d 3c]
89f9f513: checks
ea1055c1: bets $0.64
89f9f513: calls $0.64
*** TURN *** [Jc 9d 3c] [Kc]
89f9f513: checks
ea1055c1: checks
*** RIVER *** [Jc 9d 3c Kc] [6c]
89f9f513: checks
ea1055c1: checks
89f9f513: shows [9c Td] (King High Flush)
ea1055c1: shows [Jh As] (Pair of Jacks)
*** SHOWDOWN ***
89f9f513 collected $2.03 from pot
*** SUMMARY ***
Total pot $2.13 | Rake $0.1 | Jackpot $0 | Bingo $0 | Fortune $0 | Tax $0
Board [Jc 9d 3c Kc 6c]
Seat 1: Hero (small blind) folded before Flop
Seat 2: 89f9f513 (big blind) showed [9c Td] and won ($2.03) with King High Flush
Seat 3: 8a7d217d folded before Flop (didn't bet)
Seat 4: 9131e742 folded before Flop (didn't bet)
Seat 5: ea1055c1 (button) showed [Jh As] and lost with Pair of Jacks


Poker Hand #HD1857962203: Hold'em No Limit ($0.05/$0.1) - 2024/07/15 15:21:24
Table 'NLHRed41' 6-max Seat #4 is the button
Seat 1: Hero ($11.48 in chips)
Seat 2: 89f9f513 ($10.23 in chips)
Seat 3: 8a7d217d ($10.15 in chips)
Seat 4: 9131e742 ($10 in chips)
Seat 5: ea1055c1 ($15.91 in chips)
ea1055c1: posts small blind $0.05
Hero: posts big blind $0.1
*** HOLE CARDS ***
Dealt to Hero [Ts 2d]
Dealt to 89f9f513 
Dealt to 8a7d217d 
Dealt to 9131e742 
Dealt to ea1055c1 
89f9f513: raises $0.1 to $0.2
8a7d217d: folds
9131e742: folds
ea1055c1: folds
Hero: folds
Uncalled bet ($0.1) returned to 89f9f513
*** SHOWDOWN ***
89f9f513 collected $0.25 from pot
*** SUMMARY ***
Total pot $0.25 | Rake $0 | Jackpot $0 | Bingo $0 | Fortune $0 | Tax $0
Seat 1: Hero (big blind) folded before Flop
Seat 2: 89f9f513 collected ($0.25)
Seat 3: 8a7d217d folded before Flop (didn't bet)
Seat 4: 9131e742 (button) folded before Flop (didn't bet)
Seat 5: ea1055c1 (small blind) folded before Flop


Poker Hand #HD1857962112: Hold'em No Limit ($0.05/$0.1) - 2024/07/15 15:20:44
Table 'NLHRed41' 6-max Seat #3 is the button
Seat 1: Hero ($11.48 in chips)
Seat 2: 89f9f513 ($10 in chips)
Seat 3: 8a7d217d ($10.15 in chips)
Seat 4: 9131e742 ($10 in chips)
Seat 5: ea1055c1 ($16.11 in chips)
9131e742: posts small blind $0.05
ea1055c1: posts big blind $0.1
*** HOLE CARDS ***
Dealt to Hero [4d 2c]
Dealt to 89f9f513 
Dealt to 8a7d217d 
Dealt to 9131e742 
Dealt to ea1055c1 
Hero: folds
89f9f513: raises $0.1 to $0.2
8a7d217d: folds
9131e742: folds
ea1055c1: calls $0.1
*** FLOP *** [9d 6d Qs]
ea1055c1: checks
89f9f513: bets $0.45
ea1055c1: folds
Uncalled bet ($0.45) returned to 89f9f513
*** SHOWDOWN ***
89f9f513 collected $0.43 from pot
*** SUMMARY ***
Total pot $0.45 | Rake $0.02 | Jackpot $0 | Bingo $0 | Fortune $0 | Tax $0
Board [9d 6d Qs]
Seat 1: Hero folded before Flop (didn't bet)
Seat 2: 89f9f513 won ($0.43)
Seat 3: 8a7d217d (button) folded before Flop (didn't bet)
Seat 4: 9131e742 (small blind) folded before Flop
Seat 5: ea1055c1 (big blind) folded on the Flop


Poker Hand #HD1857962083: Hold'em No Limit ($0.05/$0.1) - 2024/07/15 15:20:31
Table 'NLHRed41' 6-max Seat #2 is the button
Seat 1: Hero ($11.48 in chips)
Seat 2: 89f9f513 ($9.85 in chips)
Seat 3: 8a7d217d ($10.2 in chips)
Seat 4: 9131e742 ($10 in chips)
Seat 5: ea1055c1 ($16.11 in chips)
8a7d217d: posts small blind $0.05
9131e742: posts big blind $0.1
*** HOLE CARDS ***
Dealt to Hero [2s 6d]
Dealt to 89f9f513 
Dealt to 8a7d217d 
Dealt to 9131e742 
Dealt to ea1055c1 
ea1055c1: folds
Hero: folds
89f9f513: raises $0.1 to $0.2
8a7d217d: folds
9131e742: folds
Uncalled bet ($0.1) returned to 89f9f513
*** SHOWDOWN ***
89f9f513 collected $0.25 from pot
*** SUMMARY ***
Total pot $0.25 | Rake $0 | Jackpot $0 | Bingo $0 | Fortune $0 | Tax $0
Seat 1: Hero folded before Flop (didn't bet)
Seat 2: 89f9f513 (button) collected ($0.25)
Seat 3: 8a7d217d (small blind) folded before Flop
Seat 4: 9131e742 (big blind) folded before Flop
Seat 5: ea1055c1 folded before Flop (didn't bet)


Poker Hand #HD1857962049: Hold'em No Limit ($0.05/$0.1) - 2024/07/15 15:20:17
Table 'NLHRed41' 6-max Seat #1 is the button
Seat 1: Hero ($11.48 in chips)
Seat 2: 89f9f513 ($9.9 in chips)
Seat 3: 8a7d217d ($10.15 in chips)
Seat 5: ea1055c1 ($16.11 in chips)
89f9f513: posts small blind $0.05
8a7d217d: posts big blind $0.1
*** HOLE CARDS ***
Dealt to Hero [2c 9h]
Dealt to 89f9f513 
Dealt to 8a7d217d 
Dealt to ea1055c1 
ea1055c1: folds
Hero: folds
89f9f513: folds
Uncalled bet ($0.05) returned to 8a7d217d
*** SHOWDOWN ***
8a7d217d collected $0.1 from pot
*** SUMMARY ***
Total pot $0.1 | Rake $0 | Jackpot $0 | Bingo $0 | Fortune $0 | Tax $0
Seat 1: Hero (button) folded before Flop (didn't bet)
Seat 2: 89f9f513 (small blind) folded before Flop
Seat 3: 8a7d217d (big blind) collected ($0.1)
Seat 5: ea1055c1 folded before Flop (didn't bet)


Poker Hand #HD1857962020: Hold'em No Limit ($0.05/$0.1) - 2024/07/15 15:20:03
Table 'NLHRed41' 6-max Seat #5 is the button
Seat 1: Hero ($11.38 in chips)
Seat 2: 89f9f513 ($10 in chips)
Seat 3: 8a7d217d ($10.15 in chips)
Seat 5: ea1055c1 ($16.11 in chips)
Hero: posts small blind $0.05
89f9f513: posts big blind $0.1
*** HOLE CARDS ***
Dealt to Hero [Kc 7c]
Dealt to 89f9f513 
Dealt to 8a7d217d 
Dealt to ea1055c1 
8a7d217d: folds
ea1055c1: folds
Hero: raises $0.2 to $0.3
89f9f513: folds
Uncalled bet ($0.2) returned to Hero
*** SHOWDOWN ***
Hero collected $0.2 from pot
*** SUMMARY ***
Total pot $0.2 | Rake $0 | Jackpot $0 | Bingo $0 | Fortune $0 | Tax $0
Seat 1: Hero (small blind) collected ($0.2)
Seat 2: 89f9f513 (big blind) folded before Flop
Seat 3: 8a7d217d folded before Flop (didn't bet)
Seat 5: ea1055c1 (button) folded before Flop (didn't bet)


Poker Hand #HD1857961956: Hold'em No Limit ($0.05/$0.1) - 2024/07/15 15:19:30
Table 'NLHRed41' 6-max Seat #3 is the button
Seat 1: Hero ($11.48 in chips)
Seat 2: 89f9f513 ($10 in chips)
Seat 3: 8a7d217d ($10 in chips)
Seat 5: ea1055c1 ($16.16 in chips)
ea1055c1: posts small blind $0.05
Hero: posts big blind $0.1
*** HOLE CARDS ***
Dealt to Hero [Js 3s]
Dealt to 89f9f513 
Dealt to 8a7d217d 
Dealt to ea1055c1 
89f9f513: folds
8a7d217d: raises $0.18 to $0.28
ea1055c1: folds
Hero: folds
Uncalled bet ($0.18) returned to 8a7d217d
*** SHOWDOWN ***
8a7d217d collected $0.25 from pot
*** SUMMARY ***
Total pot $0.25 | Rake $0 | Jackpot $0 | Bingo $0 | Fortune $0 | Tax $0
Seat 1: Hero (big blind) folded before Flop
Seat 2: 89f9f513 folded before Flop (didn't bet)
Seat 3: 8a7d217d (button) collected ($0.25)
Seat 5: ea1055c1 (small blind) folded before Flop


Poker Hand #HD1857961921: Hold'em No Limit ($0.05/$0.1) - 2024/07/15 15:19:16
Table 'NLHRed41' 6-max Seat #2 is the button
Seat 1: Hero ($11.48 in chips)
Seat 2: 89f9f513 ($10 in chips)
Seat 3: 8a7d217d ($10.05 in chips)
Seat 5: ea1055c1 ($16.11 in chips)
8a7d217d: posts small blind $0.05
ea1055c1: posts big blind $0.1
*** HOLE CARDS ***
Dealt to Hero [6d 5h]
Dealt to 89f9f513 
Dealt to 8a7d217d 
Dealt to ea1055c1 
Hero: folds
89f9f513: folds
8a7d217d: folds
Uncalled bet ($0.05) returned to ea1055c1
*** SHOWDOWN ***
ea1055c1 collected $0.1 from pot
*** SUMMARY ***
Total pot $0.1 | Rake $0 | Jackpot $0 | Bingo $0 | Fortune $0 | Tax $0
Seat 1: Hero folded before Flop (didn't bet)
Seat 2: 89f9f513 (button) folded before Flop (didn't bet)
Seat 3: 8a7d217d (small blind) folded before Flop
Seat 5: ea1055c1 (big blind) collected ($0.1)


Poker Hand #HD1857961891: Hold'em No Limit ($0.05/$0.1) - 2024/07/15 15:19:01
Table 'NLHRed41' 6-max Seat #1 is the button
Seat 1: Hero ($11.48 in chips)
Seat 2: 89f9f513 ($10.05 in chips)
Seat 3: 8a7d217d ($10 in chips)
Seat 5: ea1055c1 ($16.11 in chips)
89f9f513: posts small blind $0.05
8a7d217d: posts big blind $0.1
*** HOLE CARDS ***
Dealt to Hero [3s Qs]
Dealt to 89f9f513 
Dealt to 8a7d217d 
Dealt to ea1055c1 
ea1055c1: folds
Hero: folds
89f9f513: folds
Uncalled bet ($0.05) returned to 8a7d217d
*** SHOWDOWN ***
8a7d217d collected $0.1 from pot
*** SUMMARY ***
Total pot $0.1 | Rake $0 | Jackpot $0 | Bingo $0 | Fortune $0 | Tax $0
Seat 1: Hero (button) folded before Flop (didn't bet)
Seat 2: 89f9f513 (small blind) folded before Flop
Seat 3: 8a7d217d (big blind) collected ($0.1)
Seat 5: ea1055c1 folded before Flop (didn't bet)


Poker Hand #HD1857961852: Hold'em No Limit ($0.05/$0.1) - 2024/07/15 15:18:45
Table 'NLHRed41' 6-max Seat #5 is the button
Seat 1: Hero ($11.38 in chips)
Seat 2: 89f9f513 ($10.15 in chips)
Seat 3: 8a7d217d ($10 in chips)
Seat 5: ea1055c1 ($16.11 in chips)
Hero: posts small blind $0.05
89f9f513: posts big blind $0.1
*** HOLE CARDS ***
Dealt to Hero [As Js]
Dealt to 89f9f513 
Dealt to 8a7d217d 
Dealt to ea1055c1 
8a7d217d: folds
ea1055c1: folds
Hero: raises $0.2 to $0.3
89f9f513: folds
Uncalled bet ($0.2) returned to Hero
*** SHOWDOWN ***
Hero collected $0.2 from pot
*** SUMMARY ***
Total pot $0.2 | Rake $0 | Jackpot $0 | Bingo $0 | Fortune $0 | Tax $0
Seat 1: Hero (small blind) collected ($0.2)
Seat 2: 89f9f513 (big blind) folded before Flop
Seat 3: 8a7d217d folded before Flop (didn't bet)
Seat 5: ea1055c1 (button) folded before Flop (didn't bet)


Poker Hand #HD1857961687: Hold'em No Limit ($0.05/$0.1) - 2024/07/15 15:17:36
Table 'NLHRed41' 6-max Seat #3 is the button
Seat 1: Hero ($11.38 in chips)
Seat 2: 89f9f513 ($10.15 in chips)
Seat 3: 8a7d217d ($10 in chips)
Seat 5: ea1055c1 ($16.01 in chips)
Seat 6: a912b1b4 ($26.85 in chips)
ea1055c1: posts small blind $0.05
a912b1b4: posts big blind $0.1
*** HOLE CARDS ***
Dealt to Hero [2c 5c]
Dealt to 89f9f513 
Dealt to 8a7d217d 
Dealt to ea1055c1 
Dealt to a912b1b4 
Hero: folds
89f9f513: folds
8a7d217d: folds
ea1055c1: raises $0.2 to $0.3
a912b1b4: folds
Uncalled bet ($0.2) returned to ea1055c1
*** SHOWDOWN ***
ea1055c1 collected $0.2 from pot
*** SUMMARY ***
Total pot $0.2 | Rake $0 | Jackpot $0 | Bingo $0 | Fortune $0 | Tax $0
Seat 1: Hero folded before Flop (didn't bet)
Seat 2: 89f9f513 folded before Flop (didn't bet)
Seat 3: 8a7d217d (button) folded before Flop (didn't bet)
Seat 5: ea1055c1 (small blind) collected ($0.2)
Seat 6: a912b1b4 (big blind) folded before Flop


Poker Hand #HD1857961565: Hold'em No Limit ($0.05/$0.1) - 2024/07/15 15:16:37
Table 'NLHRed41' 6-max Seat #2 is the button
Seat 1: Hero ($11.38 in chips)
Seat 2: 89f9f513 ($8.48 in chips)
Seat 3: 8a7d217d ($10.98 in chips)
Seat 5: ea1055c1 ($16.11 in chips)
Seat 6: a912b1b4 ($26.85 in chips)
8a7d217d: posts small blind $0.05
ea1055c1: posts big blind $0.1
*** HOLE CARDS ***
Dealt to Hero [9h 4h]
Dealt to 89f9f513 
Dealt to 8a7d217d 
Dealt to ea1055c1 
Dealt to a912b1b4 
a912b1b4: folds
Hero: folds
89f9f513: raises $0.1 to $0.2
8a7d217d: raises $0.7 to $0.9
ea1055c1: folds
89f9f513: calls $0.7
*** FLOP *** [2s 8c Js]
8a7d217d: checks
89f9f513: bets $0.95
8a7d217d: calls $0.95
*** TURN *** [2s 8c Js] [5h]
8a7d217d: checks
89f9f513: bets $1.9
8a7d217d: folds
Uncalled bet ($1.9) returned to 89f9f513
*** SHOWDOWN ***
89f9f513 collected $3.52 from pot
*** SUMMARY ***
Total pot $3.8 | Rake $0.18 | Jackpot $0.1 | Bingo $0 | Fortune $0 | Tax $0
Board [2s 8c Js 5h]
Seat 1: Hero folded before Flop (didn't bet)
Seat 2: 89f9f513 (button) won ($3.52)
Seat 3: 8a7d217d (small blind) folded on the Turn
Seat 5: ea1055c1 (big blind) folded before Flop
Seat 6: a912b1b4 folded before Flop (didn't bet)


Poker Hand #HD1857961526: Hold'em No Limit ($0.05/$0.1) - 2024/07/15 15:16:18
Table 'NLHRed41' 6-max Seat #1 is the button
Seat 1: Hero ($11.38 in chips)
Seat 2: 89f9f513 ($8.53 in chips)
Seat 3: 8a7d217d ($11.08 in chips)
Seat 5: ea1055c1 ($15.96 in chips)
Seat 6: a912b1b4 ($26.85 in chips)
89f9f513: posts small blind $0.05
8a7d217d: posts big blind $0.1
*** HOLE CARDS ***
Dealt to Hero [6d Ks]
Dealt to 89f9f513 
Dealt to 8a7d217d 
Dealt to ea1055c1 
Dealt to a912b1b4 
ea1055c1: raises $0.2 to $0.3
a912b1b4: folds
Hero: folds
89f9f513: folds
8a7d217d: folds
Uncalled bet ($0.2) returned to ea1055c1
*** SHOWDOWN ***
ea1055c1 collected $0.25 from pot
*** SUMMARY ***
Total pot $0.25 | Rake $0 | Jackpot $0 | Bingo $0 | Fortune $0 | Tax $0
Seat 1: Hero (button) folded before Flop (didn't bet)
Seat 2: 89f9f513 (small blind) folded before Flop
Seat 3: 8a7d217d (big blind) folded before Flop
Seat 5: ea1055c1 collected ($0.25)
Seat 6: a912b1b4 folded before Flop (didn't bet)


Poker Hand #HD1857961455: Hold'em No Limit ($0.05/$0.1) - 2024/07/15 15:15:51
Table 'NLHRed41' 6-max Seat #6 is the button
Seat 1: Hero ($11.43 in chips)
Seat 2: 89f9f513 ($8.63 in chips)
Seat 3: 8a7d217d ($11.08 in chips)
Seat 5: ea1055c1 ($15.81 in chips)
Seat 6: a912b1b4 ($26.85 in chips)
Hero: posts small blind $0.05
89f9f513: posts big blind $0.1
*** HOLE CARDS ***
Dealt to Hero [3c 4s]
Dealt to 89f9f513 
Dealt to 8a7d217d 
Dealt to ea1055c1 
Dealt to a912b1b4 
8a7d217d: folds
ea1055c1: raises $0.3 to $0.4
a912b1b4: folds
Hero: folds
89f9f513: folds
Uncalled bet ($0.3) returned to ea1055c1
*** SHOWDOWN ***
ea1055c1 collected $0.25 from pot
*** SUMMARY ***
Total pot $0.25 | Rake $0 | Jackpot $0 | Bingo $0 | Fortune $0 | Tax $0
Seat 1: Hero (small blind) folded before Flop
Seat 2: 89f9f513 (big blind) folded before Flop
Seat 3: 8a7d217d folded before Flop (didn't bet)
Seat 5: ea1055c1 collected ($0.25)
Seat 6: a912b1b4 (button) folded before Flop (didn't bet)


Poker Hand #HD1857961349: Hold'em No Limit ($0.05/$0.1) - 2024/07/15 15:15:04
Table 'NLHRed41' 6-max Seat #5 is the button
Seat 1: Hero ($11.2 in chips)
Seat 2: 89f9f513 ($8.83 in chips)
Seat 3: 8a7d217d ($11.08 in chips)
Seat 5: ea1055c1 ($15.81 in chips)
Seat 6: a912b1b4 ($26.9 in chips)
a912b1b4: posts small blind $0.05
Hero: posts big blind $0.1
*** HOLE CARDS ***
Dealt to Hero [3d Kd]
Dealt to 89f9f513 
Dealt to 8a7d217d 
Dealt to ea1055c1 
Dealt to a912b1b4 
89f9f513: raises $0.1 to $0.2
8a7d217d: folds
ea1055c1: folds
a912b1b4: folds
Hero: calls $0.1
*** FLOP *** [6d 6s 5s]
Hero: checks
89f9f513: checks
*** TURN *** [6d 6s 5s] [8c]
Hero: bets $0.2
89f9f513: folds
Uncalled bet ($0.2) returned to Hero
*** SHOWDOWN ***
Hero collected $0.43 from pot
*** SUMMARY ***
Total pot $0.45 | Rake $0.02 | Jackpot $0 | Bingo $0 | Fortune $0 | Tax $0
Board [6d 6s 5s 8c]
Seat 1: Hero (big blind) won ($0.43)
Seat 2: 89f9f513 folded on the Turn
Seat 3: 8a7d217d folded before Flop (didn't bet)
Seat 5: ea1055c1 (button) folded before Flop (didn't bet)
Seat 6: a912b1b4 (small blind) folded before Flop


Poker Hand #HD1857961232: Hold'em No Limit ($0.05/$0.1) - 2024/07/15 15:14:14
Table 'NLHRed41' 6-max Seat #4 is the button
Seat 1: Hero ($11.2 in chips)
Seat 2: 89f9f513 ($8.83 in chips)
Seat 3: 8a7d217d ($11.3 in chips)
Seat 4: 2ffdf6b2 ($10.01 in chips)
Seat 5: ea1055c1 ($15.51 in chips)
Seat 6: a912b1b4 ($27 in chips)
ea1055c1: posts small blind $0.05
a912b1b4: posts big blind $0.1
*** HOLE CARDS ***
Dealt to Hero [4d 8h]
Dealt to 89f9f513 
Dealt to 8a7d217d 
Dealt to 2ffdf6b2 
Dealt to ea1055c1 
Dealt to a912b1b4 
Hero: folds
89f9f513: folds
8a7d217d: raises $0.12 to $0.22
2ffdf6b2: folds
ea1055c1: raises $0.42 to $0.64
a912b1b4: folds
8a7d217d: folds
Uncalled bet ($0.42) returned to ea1055c1
*** SHOWDOWN ***
ea1055c1 collected $0.52 from pot
*** SUMMARY ***
Total pot $0.54 | Rake $0.02 | Jackpot $0 | Bingo $0 | Fortune $0 | Tax $0
Seat 1: Hero folded before Flop (didn't bet)
Seat 2: 89f9f513 folded before Flop (didn't bet)
Seat 3: 8a7d217d folded before Flop
Seat 4: 2ffdf6b2 (button) folded before Flop (didn't bet)
Seat 5: ea1055c1 (small blind) collected ($0.52)
Seat 6: a912b1b4 (big blind) folded before Flop


Poker Hand #HD1857961139: Hold'em No Limit ($0.05/$0.1) - 2024/07/15 15:13:30
Table 'NLHRed41' 6-max Seat #3 is the button
Seat 1: Hero ($11.2 in chips)
Seat 2: 89f9f513 ($9.45 in chips)
Seat 3: 8a7d217d ($10.6 in chips)
Seat 4: 2ffdf6b2 ($10.06 in chips)
Seat 5: ea1055c1 ($15.61 in chips)
Seat 6: a912b1b4 ($27 in chips)
2ffdf6b2: posts small blind $0.05
ea1055c1: posts big blind $0.1
*** HOLE CARDS ***
Dealt to Hero [5c Js]
Dealt to 89f9f513 
Dealt to 8a7d217d 
Dealt to 2ffdf6b2 
Dealt to ea1055c1 
Dealt to a912b1b4 
a912b1b4: folds
Hero: folds
89f9f513: raises $0.1 to $0.2
8a7d217d: raises $0.42 to $0.62
2ffdf6b2: folds
ea1055c1: folds
89f9f513: calls $0.42
*** FLOP *** [Ad 9c 2d]
89f9f513: checks
8a7d217d: bets $0.7
89f9f513: folds
Uncalled bet ($0.7) returned to 8a7d217d
*** SHOWDOWN ***
8a7d217d collected $1.32 from pot
*** SUMMARY ***
Total pot $1.39 | Rake $0.07 | Jackpot $0 | Bingo $0 | Fortune $0 | Tax $0
Board [Ad 9c 2d]
Seat 1: Hero folded before Flop (didn't bet)
Seat 2: 89f9f513 folded on the Flop
Seat 3: 8a7d217d (button) won ($1.32)
Seat 4: 2ffdf6b2 (small blind) folded before Flop
Seat 5: ea1055c1 (big blind) folded before Flop
Seat 6: a912b1b4 folded before Flop (didn't bet)


Poker Hand #HD1857961078: Hold'em No Limit ($0.05/$0.1) - 2024/07/15 15:13:04
Table 'NLHRed41' 6-max Seat #2 is the button
Seat 1: Hero ($11.2 in chips)
Seat 2: 89f9f513 ($9.45 in chips)
Seat 3: 8a7d217d ($10.5 in chips)
Seat 4: 2ffdf6b2 ($10.16 in chips)
Seat 5: ea1055c1 ($15.61 in chips)
Seat 6: a912b1b4 ($27 in chips)
8a7d217d: posts small blind $0.05
2ffdf6b2: posts big blind $0.1
*** HOLE CARDS ***
Dealt to Hero [9c 6d]
Dealt to 89f9f513 
Dealt to 8a7d217d 
Dealt to 2ffdf6b2 
Dealt to ea1055c1 
Dealt to a912b1b4 
ea1055c1: folds
a912b1b4: folds
Hero: folds
89f9f513: folds
8a7d217d: raises $0.12 to $0.22
2ffdf6b2: folds
Uncalled bet ($0.12) returned to 8a7d217d
*** SHOWDOWN ***
8a7d217d collected $0.2 from pot
*** SUMMARY ***
Total pot $0.2 | Rake $0 | Jackpot $0 | Bingo $0 | Fortune $0 | Tax $0
Seat 1: Hero folded before Flop (didn't bet)
Seat 2: 89f9f513 (button) folded before Flop (didn't bet)
Seat 3: 8a7d217d (small blind) collected ($0.2)
Seat 4: 2ffdf6b2 (big blind) folded before Flop
Seat 5: ea1055c1 folded before Flop (didn't bet)
Seat 6: a912b1b4 folded before Flop (didn't bet)


Poker Hand #HD1857960979: Hold'em No Limit ($0.05/$0.1) - 2024/07/15 15:12:15
Table 'NLHRed41' 6-max Seat #1 is the button
Seat 1: Hero ($11.2 in chips)
Seat 2: 89f9f513 ($9.5 in chips)
Seat 3: 8a7d217d ($10 in chips)
Seat 4: 2ffdf6b2 ($10.66 in chips)
Seat 5: ea1055c1 ($15.61 in chips)
Seat 6: a912b1b4 ($27 in chips)
89f9f513: posts small blind $0.05
8a7d217d: posts big blind $0.1
*** HOLE CARDS ***
Dealt to Hero [2d Ah]
Dealt to 89f9f513 
Dealt to 8a7d217d 
Dealt to 2ffdf6b2 
Dealt to ea1055c1 
Dealt to a912b1b4 
2ffdf6b2: calls $0.1
ea1055c1: folds
a912b1b4: folds
Hero: folds
89f9f513: folds
8a7d217d: checks
*** FLOP *** [Ac 7d 5d]
8a7d217d: checks
2ffdf6b2: bets $0.19
8a7d217d: calls $0.19
*** TURN *** [Ac 7d 5d] [7h]
8a7d217d: checks
2ffdf6b2: bets $0.21
8a7d217d: calls $0.21
*** RIVER *** [Ac 7d 5d 7h] [9d]
8a7d217d: checks
2ffdf6b2: checks
8a7d217d: shows [9s 9h] (Nines Full over Sevens)
2ffdf6b2: shows [5s 3s] (Pair of Sevens and Pair of Fives)
*** SHOWDOWN ***
8a7d217d collected $1 from pot
*** SUMMARY ***
Total pot $1.05 | Rake $0.05 | Jackpot $0 | Bingo $0 | Fortune $0 | Tax $0
Board [Ac 7d 5d 7h 9d]
Seat 1: Hero (button) folded before Flop (didn't bet)
Seat 2: 89f9f513 (small blind) folded before Flop
Seat 3: 8a7d217d (big blind) showed [9s 9h] and won ($1) with Nines Full over Sevens
Seat 4: 2ffdf6b2 showed [5s 3s] and lost with Pair of Sevens and Pair of Fives
Seat 5: ea1055c1 folded before Flop (didn't bet)
Seat 6: a912b1b4 folded before Flop (didn't bet)


Poker Hand #HD1857960849: Hold'em No Limit ($0.05/$0.1) - 2024/07/15 15:11:11
Table 'NLHRed41' 6-max Seat #6 is the button
Seat 1: Hero ($11.25 in chips)
Seat 2: 89f9f513 ($10.21 in chips)
Seat 3: 8a7d217d ($10 in chips)
Seat 4: 2ffdf6b2 ($10.66 in chips)
Seat 5: ea1055c1 ($15.61 in chips)
Seat 6: a912b1b4 ($26.31 in chips)
Hero: posts small blind $0.05
89f9f513: posts big blind $0.1
*** HOLE CARDS ***
Dealt to Hero [Ks 8d]
Dealt to 89f9f513 
Dealt to 8a7d217d 
Dealt to 2ffdf6b2 
Dealt to ea1055c1 
Dealt to a912b1b4 
8a7d217d: folds
2ffdf6b2: folds
ea1055c1: folds
a912b1b4: raises $0.2 to $0.3
Hero: folds
89f9f513: calls $0.2
*** FLOP *** [Td As Qs]
89f9f513: checks
a912b1b4: bets $0.41
89f9f513: calls $0.41
*** TURN *** [Td As Qs] [9c]
89f9f513: checks
a912b1b4: bets $0.62
89f9f513: folds
Uncalled bet ($0.62) returned to a912b1b4
*** SHOWDOWN ***
a912b1b4 collected $1.4 from pot
*** SUMMARY ***
Total pot $1.47 | Rake $0.07 | Jackpot $0 | Bingo $0 | Fortune $0 | Tax $0
Board [Td As Qs 9c]
Seat 1: Hero (small blind) folded before Flop
Seat 2: 89f9f513 (big blind) folded on the Turn
Seat 3: 8a7d217d folded before Flop (didn't bet)
Seat 4: 2ffdf6b2 folded before Flop (didn't bet)
Seat 5: ea1055c1 folded before Flop (didn't bet)
Seat 6: a912b1b4 (button) won ($1.4)


Poker Hand #HD1857960823: Hold'em No Limit ($0.05/$0.1) - 2024/07/15 15:10:59
Table 'NLHRed41' 6-max Seat #5 is the button
Seat 1: Hero ($11.2 in chips)
Seat 2: 89f9f513 ($10.21 in chips)
Seat 3: 8a7d217d ($10 in chips)
Seat 4: 2ffdf6b2 ($10.66 in chips)
Seat 5: ea1055c1 ($15.61 in chips)
Seat 6: a912b1b4 ($26.36 in chips)
a912b1b4: posts small blind $0.05
Hero: posts big blind $0.1
*** HOLE CARDS ***
Dealt to Hero [Ks 8d]
Dealt to 89f9f513 
Dealt to 8a7d217d 
Dealt to 2ffdf6b2 
Dealt to ea1055c1 
Dealt to a912b1b4 
89f9f513: folds
8a7d217d: folds
2ffdf6b2: folds
ea1055c1: folds
a912b1b4: folds
Uncalled bet ($0.05) returned to Hero
*** SHOWDOWN ***
Hero collected $0.1 from pot
*** SUMMARY ***
Total pot $0.1 | Rake $0 | Jackpot $0 | Bingo $0 | Fortune $0 | Tax $0
Seat 1: Hero (big blind) collected ($0.1)
Seat 2: 89f9f513 folded before Flop (didn't bet)
Seat 3: 8a7d217d folded before Flop (didn't bet)
Seat 4: 2ffdf6b2 folded before Flop (didn't bet)
Seat 5: ea1055c1 (button) folded before Flop (didn't bet)
Seat 6: a912b1b4 (small blind) folded before Flop


Poker Hand #HD1857960747: Hold'em No Limit ($0.05/$0.1) - 2024/07/15 15:10:24
Table 'NLHRed41' 6-max Seat #4 is the button
Seat 1: Hero ($10.87 in chips)
Seat 2: 89f9f513 ($10.41 in chips)
Seat 3: 8a7d217d ($10 in chips)
Seat 4: 2ffdf6b2 ($10.66 in chips)
Seat 5: ea1055c1 ($15.66 in chips)
Seat 6: a912b1b4 ($26.46 in chips)
ea1055c1: posts small blind $0.05
a912b1b4: posts big blind $0.1
*** HOLE CARDS ***
Dealt to Hero [As Jd]
Dealt to 89f9f513 
Dealt to 8a7d217d 
Dealt to 2ffdf6b2 
Dealt to ea1055c1 
Dealt to a912b1b4 
Hero: raises $0.1 to $0.2
89f9f513: calls $0.2
8a7d217d: folds
2ffdf6b2: folds
ea1055c1: folds
a912b1b4: folds
*** FLOP *** [2h 6c Js]
Hero: bets $0.19
89f9f513: folds
Uncalled bet ($0.19) returned to Hero
*** SHOWDOWN ***
Hero collected $0.53 from pot
*** SUMMARY ***
Total pot $0.55 | Rake $0.02 | Jackpot $0 | Bingo $0 | Fortune $0 | Tax $0
Board [2h 6c Js]
Seat 1: Hero won ($0.53)
Seat 2: 89f9f513 folded on the Flop
Seat 3: 8a7d217d folded before Flop (didn't bet)
Seat 4: 2ffdf6b2 (button) folded before Flop (didn't bet)
Seat 5: ea1055c1 (small blind) folded before Flop
Seat 6: a912b1b4 (big blind) folded before Flop


Poker Hand #HD1857960725: Hold'em No Limit ($0.05/$0.1) - 2024/07/15 15:10:13
Table 'NLHRed41' 6-max Seat #3 is the button
Seat 1: Hero ($10.87 in chips)
Seat 2: 89f9f513 ($10.26 in chips)
Seat 3: 8a7d217d ($10 in chips)
Seat 4: 2ffdf6b2 ($10.71 in chips)
Seat 5: ea1055c1 ($15.76 in chips)
Seat 6: a912b1b4 ($26.46 in chips)
2ffdf6b2: posts small blind $0.05
ea1055c1: posts big blind $0.1
*** HOLE CARDS ***
Dealt to Hero [Kh Td]
Dealt to 89f9f513 
Dealt to 8a7d217d 
Dealt to 2ffdf6b2 
Dealt to ea1055c1 
Dealt to a912b1b4 
a912b1b4: folds
Hero: folds
89f9f513: raises $0.1 to $0.2
8a7d217d: folds
2ffdf6b2: folds
ea1055c1: folds
Uncalled bet ($0.1) returned to 89f9f513
*** SHOWDOWN ***
89f9f513 collected $0.25 from pot
*** SUMMARY ***
Total pot $0.25 | Rake $0 | Jackpot $0 | Bingo $0 | Fortune $0 | Tax $0
Seat 1: Hero folded before Flop (didn't bet)
Seat 2: 89f9f513 collected ($0.25)
Seat 3: 8a7d217d (button) folded before Flop (didn't bet)
Seat 4: 2ffdf6b2 (small blind) folded before Flop
Seat 5: ea1055c1 (big blind) folded before Flop
Seat 6: a912b1b4 folded before Flop (didn't bet)


Poker Hand #HD1857960564: Hold'em No Limit ($0.05/$0.1) - 2024/07/15 15:08:58
Table 'NLHRed41' 6-max Seat #2 is the button
Seat 1: Hero ($10 in chips)
Seat 2: 89f9f513 ($11.06 in chips)
Seat 3: 8a7d217d ($10.05 in chips)
Seat 4: 2ffdf6b2 ($10.81 in chips)
Seat 5: ea1055c1 ($15.76 in chips)
Seat 6: a912b1b4 ($26.46 in chips)
8a7d217d: posts small blind $0.05
2ffdf6b2: posts big blind $0.1
*** HOLE CARDS ***
Dealt to Hero [Jh Js]
Dealt to 89f9f513 
Dealt to 8a7d217d 
Dealt to 2ffdf6b2 
Dealt to ea1055c1 
Dealt to a912b1b4 
ea1055c1: folds
a912b1b4: folds
Hero: raises $0.14 to $0.24
89f9f513: calls $0.24
8a7d217d: folds
2ffdf6b2: folds
*** FLOP *** [5d 6h 9s]
Hero: bets $0.21
89f9f513: calls $0.21
*** TURN *** [5d 6h 9s] [Th]
Hero: checks
89f9f513: checks
*** RIVER *** [5d 6h 9s Th] [Ah]
Hero: bets $0.35
89f9f513: calls $0.35
Hero: shows [Jh Js] (Pair of Jacks)
89f9f513: shows [8d 6d] (Pair of Sixes)
*** SHOWDOWN ***
Hero collected $1.67 from pot
*** SUMMARY ***
Total pot $1.75 | Rake $0.08 | Jackpot $0 | Bingo $0 | Fortune $0 | Tax $0
Board [5d 6h 9s Th Ah]
Seat 1: Hero showed [Jh Js] and won ($1.67) with Pair of Jacks
Seat 2: 89f9f513 (button) showed [8d 6d] and lost with Pair of Sixes
Seat 3: 8a7d217d (small blind) folded before Flop
Seat 4: 2ffdf6b2 (big blind) folded before Flop
Seat 5: ea1055c1 folded before Flop (didn't bet)
Seat 6: a912b1b4 folded before Flop (didn't bet)


Poker Hand #HD1857960518: Hold'em No Limit ($0.05/$0.1) - 2024/07/15 15:08:27
Table 'NLHRed41' 6-max Seat #1 is the button
Seat 1: Hero ($10 in chips)
Seat 2: 89f9f513 ($11.36 in chips)
Seat 3: 8a7d217d ($10.15 in chips)
Seat 4: 2ffdf6b2 ($10.81 in chips)
Seat 5: ea1055c1 ($15.76 in chips)
Seat 6: a912b1b4 ($26.09 in chips)
89f9f513: posts small blind $0.05
8a7d217d: posts big blind $0.1
*** HOLE CARDS ***
Dealt to Hero [Ah 4d]
Dealt to 89f9f513 
Dealt to 8a7d217d 
Dealt to 2ffdf6b2 
Dealt to ea1055c1 
Dealt to a912b1b4 
2ffdf6b2: folds
ea1055c1: folds
a912b1b4: raises $0.2 to $0.3
Hero: folds
89f9f513: calls $0.25
8a7d217d: folds
*** FLOP *** [2h 6s 6d]
89f9f513: checks
a912b1b4: bets $0.3
89f9f513: folds
Uncalled bet ($0.3) returned to a912b1b4
*** SHOWDOWN ***
a912b1b4 collected $0.67 from pot
*** SUMMARY ***
Total pot $0.7 | Rake $0.03 | Jackpot $0 | Bingo $0 | Fortune $0 | Tax $0
Board [2h 6s 6d]
Seat 1: Hero (button) folded before Flop (didn't bet)
Seat 2: 89f9f513 (small blind) folded on the Flop
Seat 3: 8a7d217d (big blind) folded before Flop
Seat 4: 2ffdf6b2 folded before Flop (didn't bet)
Seat 5: ea1055c1 folded before Flop (didn't bet)
Seat 6: a912b1b4 won ($0.67)


Poker Hand #HD1857960446: Hold'em No Limit ($0.05/$0.1) - 2024/07/15 15:07:52
Table 'NLHRed41' 6-max Seat #6 is the button
Seat 1: Hero ($10 in chips)
Seat 2: 89f9f513 ($9.95 in chips)
Seat 3: 8a7d217d ($10.15 in chips)
Seat 4: 2ffdf6b2 ($10.81 in chips)
Seat 5: ea1055c1 ($17.38 in chips)
Seat 6: a912b1b4 ($26.09 in chips)
Hero: posts small blind $0.05
89f9f513: posts big blind $0.1
*** HOLE CARDS ***
Dealt to Hero [3c 9h]
Dealt to 89f9f513 
Dealt to 8a7d217d 
Dealt to 2ffdf6b2 
Dealt to ea1055c1 
Dealt to a912b1b4 
8a7d217d: folds
2ffdf6b2: folds
ea1055c1: raises $0.2 to $0.3
a912b1b4: folds
Hero: folds
89f9f513: calls $0.2
*** FLOP *** [2d Th 9d]
89f9f513: checks
ea1055c1: bets $0.33
89f9f513: raises $0.99 to $1.32
ea1055c1: calls $0.99
*** TURN *** [2d Th 9d] [Kc]
89f9f513: bets $2.47
ea1055c1: folds
Uncalled bet ($2.47) returned to 89f9f513
*** SHOWDOWN ***
89f9f513 collected $3.03 from pot
*** SUMMARY ***
Total pot $3.29 | Rake $0.16 | Jackpot $0.1 | Bingo $0 | Fortune $0 | Tax $0
Board [2d Th 9d Kc]
Seat 1: Hero (small blind) folded before Flop
Seat 2: 89f9f513 (big blind) won ($3.03)
Seat 3: 8a7d217d folded before Flop (didn't bet)
Seat 4: 2ffdf6b2 folded before Flop (didn't bet)
Seat 5: ea1055c1 folded on the Turn
Seat 6: a912b1b4 (button) folded before Flop (didn't bet)


Poker Hand #HD1857960355: Hold'em No Limit ($0.05/$0.1) - 2024/07/15 15:07:10
Table 'NLHRed41' 6-max Seat #5 is the button
Seat 1: Hero ($10 in chips)
Seat 2: 89f9f513 ($10.15 in chips)
Seat 3: 8a7d217d ($10.15 in chips)
Seat 4: 2ffdf6b2 ($11.01 in chips)
Seat 5: ea1055c1 ($17.38 in chips)
Seat 6: a912b1b4 ($25.62 in chips)
a912b1b4: posts small blind $0.05
Hero: posts big blind $0.1
*** HOLE CARDS ***
Dealt to Hero [9c Kc]
Dealt to 89f9f513 
Dealt to 8a7d217d 
Dealt to 2ffdf6b2 
Dealt to ea1055c1 
Dealt to a912b1b4 
89f9f513: raises $0.1 to $0.2
8a7d217d: folds
2ffdf6b2: calls $0.2
ea1055c1: folds
a912b1b4: raises $1.1 to $1.3
Hero: folds
89f9f513: folds
2ffdf6b2: folds
Uncalled bet ($1.1) returned to a912b1b4
*** SHOWDOWN ***
a912b1b4 collected $0.67 from pot
*** SUMMARY ***
Total pot $0.7 | Rake $0.03 | Jackpot $0 | Bingo $0 | Fortune $0 | Tax $0
Seat 1: Hero (big blind) folded before Flop
Seat 2: 89f9f513 folded before Flop
Seat 3: 8a7d217d folded before Flop (didn't bet)
Seat 4: 2ffdf6b2 folded before Flop
Seat 5: ea1055c1 (button) folded before Flop (didn't bet)
Seat 6: a912b1b4 (small blind) collected ($0.67)


