Poker Hand #HD1849570536: Hold'em No Limit ($0.05/$0.1) - 2024/07/09 13:23:40
Table 'NLHRed56' 6-max Seat #5 is the button
Seat 2: Hero ($10 in chips)
Seat 5: 4106305f ($10.35 in chips)
4106305f: posts small blind $0.05
Hero: posts big blind $0.1
*** HOLE CARDS ***
Dealt to Hero [2s Kd]
Dealt to 4106305f 
4106305f: folds
Uncalled bet ($0.05) returned to Hero
*** SHOWDOWN ***
Hero collected $0.1 from pot
*** SUMMARY ***
Total pot $0.1 | Rake $0 | Jackpot $0 | Bingo $0 | Fortune $0 | Tax $0
Seat 2: Hero (big blind) collected ($0.1)
Seat 5: 4106305f (small blind) folded before Flop


Poker Hand #HD1849570529: Hold'em No Limit ($0.05/$0.1) - 2024/07/09 13:23:35
Table 'NLHRed56' 6-max Seat #2 is the button
Seat 2: Hero ($10 in chips)
Seat 5: 4106305f ($10.3 in chips)
Hero: posts small blind $0.05
4106305f: posts big blind $0.1
*** HOLE CARDS ***
Dealt to Hero [5h Qc]
Dealt to 4106305f 
Hero: folds
Uncalled bet ($0.05) returned to 4106305f
*** SHOWDOWN ***
4106305f collected $0.1 from pot
*** SUMMARY ***
Total pot $0.1 | Rake $0 | Jackpot $0 | Bingo $0 | Fortune $0 | Tax $0
Seat 2: Hero (small blind) folded before Flop
Seat 5: 4106305f (big blind) collected ($0.1)


Poker Hand #HD1849570519: Hold'em No Limit ($0.05/$0.1) - 2024/07/09 13:23:28
Table 'NLHRed56' 6-max Seat #5 is the button
Seat 2: Hero ($10.05 in chips)
Seat 5: 4106305f ($10.2 in chips)
4106305f: posts small blind $0.05
Hero: posts big blind $0.1
*** HOLE CARDS ***
Dealt to Hero [2d 6h]
Dealt to 4106305f 
4106305f: raises $0.15 to $0.25
Hero: folds
Uncalled bet ($0.15) returned to 4106305f
*** SHOWDOWN ***
4106305f collected $0.2 from pot
*** SUMMARY ***
Total pot $0.2 | Rake $0 | Jackpot $0 | Bingo $0 | Fortune $0 | Tax $0
Seat 2: Hero (big blind) folded before Flop
Seat 5: 4106305f (small blind) collected ($0.2)


Poker Hand #HD1849570503: Hold'em No Limit ($0.05/$0.1) - 2024/07/09 13:23:21
Table 'NLHRed56' 6-max Seat #2 is the button
Seat 2: Hero ($10.1 in chips)
Seat 5: 4106305f ($10.15 in chips)
Hero: posts small blind $0.05
4106305f: posts big blind $0.1
*** HOLE CARDS ***
Dealt to Hero [2d 2c]
Dealt to 4106305f 
Hero: folds
Uncalled bet ($0.05) returned to 4106305f
*** SHOWDOWN ***
4106305f collected $0.1 from pot
*** SUMMARY ***
Total pot $0.1 | Rake $0 | Jackpot $0 | Bingo $0 | Fortune $0 | Tax $0
Seat 2: Hero (small blind) folded before Flop
Seat 5: 4106305f (big blind) collected ($0.1)


Poker Hand #HD1849570496: Hold'em No Limit ($0.05/$0.1) - 2024/07/09 13:23:15
Table 'NLHRed56' 6-max Seat #5 is the button
Seat 2: Hero ($10.05 in chips)
Seat 5: 4106305f ($10.2 in chips)
4106305f: posts small blind $0.05
Hero: posts big blind $0.1
*** HOLE CARDS ***
Dealt to Hero [3d 7d]
Dealt to 4106305f 
4106305f: folds
Uncalled bet ($0.05) returned to Hero
*** SHOWDOWN ***
Hero collected $0.1 from pot
*** SUMMARY ***
Total pot $0.1 | Rake $0 | Jackpot $0 | Bingo $0 | Fortune $0 | Tax $0
Seat 2: Hero (big blind) collected ($0.1)
Seat 5: 4106305f (small blind) folded before Flop


Poker Hand #HD1849570485: Hold'em No Limit ($0.05/$0.1) - 2024/07/09 13:23:08
Table 'NLHRed56' 6-max Seat #3 is the button
Seat 2: Hero ($10 in chips)
Seat 3: 7977ef7a ($12.4 in chips)
Seat 5: 4106305f ($10.25 in chips)
4106305f: posts small blind $0.05
Hero: posts big blind $0.1
*** HOLE CARDS ***
Dealt to Hero [6c 9c]
Dealt to 7977ef7a 
Dealt to 4106305f 
7977ef7a: folds
4106305f: folds
Uncalled bet ($0.05) returned to Hero
*** SHOWDOWN ***
Hero collected $0.1 from pot
*** SUMMARY ***
Total pot $0.1 | Rake $0 | Jackpot $0 | Bingo $0 | Fortune $0 | Tax $0
Seat 2: Hero (big blind) collected ($0.1)
Seat 3: 7977ef7a (button) folded before Flop (didn't bet)
Seat 5: 4106305f (small blind) folded before Flop


Poker Hand #HD1849570463: Hold'em No Limit ($0.05/$0.1) - 2024/07/09 13:22:54
Table 'NLHRed56' 6-max Seat #2 is the button
Seat 1: ca1b0228 ($23.92 in chips)
Seat 2: Hero ($10 in chips)
Seat 3: 7977ef7a ($12.3 in chips)
Seat 5: 4106305f ($10.35 in chips)
7977ef7a: posts small blind $0.05
4106305f: posts big blind $0.1
*** HOLE CARDS ***
Dealt to ca1b0228 
Dealt to Hero [9c 8d]
Dealt to 7977ef7a 
Dealt to 4106305f 
ca1b0228: folds
Hero: folds
7977ef7a: raises $0.2 to $0.3
4106305f: folds
Uncalled bet ($0.2) returned to 7977ef7a
*** SHOWDOWN ***
7977ef7a collected $0.2 from pot
*** SUMMARY ***
Total pot $0.2 | Rake $0 | Jackpot $0 | Bingo $0 | Fortune $0 | Tax $0
Seat 1: ca1b0228 folded before Flop (didn't bet)
Seat 2: Hero (button) folded before Flop (didn't bet)
Seat 3: 7977ef7a (small blind) collected ($0.2)
Seat 5: 4106305f (big blind) folded before Flop


Poker Hand #HD1849570441: Hold'em No Limit ($0.05/$0.1) - 2024/07/09 13:22:39
Table 'NLHRed56' 6-max Seat #1 is the button
Seat 1: ca1b0228 ($23.92 in chips)
Seat 2: Hero ($10 in chips)
Seat 3: 7977ef7a ($12.4 in chips)
Seat 5: 4106305f ($10.2 in chips)
Seat 6: 58ebf014 ($10.15 in chips)
Hero: posts small blind $0.05
7977ef7a: posts big blind $0.1
*** HOLE CARDS ***
Dealt to ca1b0228 
Dealt to Hero [5d 7h]
Dealt to 7977ef7a 
Dealt to 4106305f 
Dealt to 58ebf014 
4106305f: raises $0.15 to $0.25
58ebf014: folds
ca1b0228: folds
Hero: folds
7977ef7a: folds
Uncalled bet ($0.15) returned to 4106305f
*** SHOWDOWN ***
4106305f collected $0.25 from pot
*** SUMMARY ***
Total pot $0.25 | Rake $0 | Jackpot $0 | Bingo $0 | Fortune $0 | Tax $0
Seat 1: ca1b0228 (button) folded before Flop (didn't bet)
Seat 2: Hero (small blind) folded before Flop
Seat 3: 7977ef7a (big blind) folded before Flop
Seat 5: 4106305f collected ($0.25)
Seat 6: 58ebf014 folded before Flop (didn't bet)


Poker Hand #HD1849570423: Hold'em No Limit ($0.05/$0.1) - 2024/07/09 13:22:27
Table 'NLHRed56' 6-max Seat #6 is the button
Seat 1: ca1b0228 ($23.97 in chips)
Seat 2: Hero ($10 in chips)
Seat 3: 7977ef7a ($12.4 in chips)
Seat 5: 4106305f ($10.2 in chips)
Seat 6: 58ebf014 ($10 in chips)
ca1b0228: posts small blind $0.05
Hero: posts big blind $0.1
*** HOLE CARDS ***
Dealt to ca1b0228 
Dealt to Hero [7s 8c]
Dealt to 7977ef7a 
Dealt to 4106305f 
Dealt to 58ebf014 
7977ef7a: folds
4106305f: folds
58ebf014: raises $0.15 to $0.25
ca1b0228: folds
Hero: folds
Uncalled bet ($0.15) returned to 58ebf014
*** SHOWDOWN ***
58ebf014 collected $0.25 from pot
*** SUMMARY ***
Total pot $0.25 | Rake $0 | Jackpot $0 | Bingo $0 | Fortune $0 | Tax $0
Seat 1: ca1b0228 (small blind) folded before Flop
Seat 2: Hero (big blind) folded before Flop
Seat 3: 7977ef7a folded before Flop (didn't bet)
Seat 5: 4106305f folded before Flop (didn't bet)
Seat 6: 58ebf014 (button) collected ($0.25)


Poker Hand #HD1849570415: Hold'em No Limit ($0.05/$0.1) - 2024/07/09 13:22:17
Table 'NLHRed56' 6-max Seat #5 is the button
Seat 1: ca1b0228 ($23.92 in chips)
Seat 2: Hero ($10 in chips)
Seat 3: 7977ef7a ($12.4 in chips)
Seat 5: 4106305f ($10.2 in chips)
Seat 6: 58ebf014 ($10 in chips)
58ebf014: posts small blind $0.05
ca1b0228: posts big blind $0.1
*** HOLE CARDS ***
Dealt to ca1b0228 
Dealt to Hero [8c 4c]
Dealt to 7977ef7a 
Dealt to 4106305f 
Dealt to 58ebf014 
Hero: folds
7977ef7a: folds
4106305f: folds
58ebf014: folds
Uncalled bet ($0.05) returned to ca1b0228
*** SHOWDOWN ***
ca1b0228 collected $0.1 from pot
*** SUMMARY ***
Total pot $0.1 | Rake $0 | Jackpot $0 | Bingo $0 | Fortune $0 | Tax $0
Seat 1: ca1b0228 (big blind) collected ($0.1)
Seat 2: Hero folded before Flop (didn't bet)
Seat 3: 7977ef7a folded before Flop (didn't bet)
Seat 5: 4106305f (button) folded before Flop (didn't bet)
Seat 6: 58ebf014 (small blind) folded before Flop


Poker Hand #HD1849570390: Hold'em No Limit ($0.05/$0.1) - 2024/07/09 13:22:00
Table 'NLHRed56' 6-max Seat #3 is the button
Seat 1: ca1b0228 ($23.92 in chips)
Seat 2: Hero ($10 in chips)
Seat 3: 7977ef7a ($12.4 in chips)
Seat 4: de542a5 ($5.24 in chips)
Seat 5: 4106305f ($10.15 in chips)
Seat 6: 58ebf014 ($10 in chips)
de542a5: posts small blind $0.05
4106305f: posts big blind $0.1
*** HOLE CARDS ***
Dealt to ca1b0228 
Dealt to Hero [3d 5s]
Dealt to 7977ef7a 
Dealt to de542a5 
Dealt to 4106305f 
Dealt to 58ebf014 
58ebf014: folds
ca1b0228: folds
Hero: folds
7977ef7a: folds
de542a5: folds
Uncalled bet ($0.05) returned to 4106305f
*** SHOWDOWN ***
4106305f collected $0.1 from pot
*** SUMMARY ***
Total pot $0.1 | Rake $0 | Jackpot $0 | Bingo $0 | Fortune $0 | Tax $0
Seat 1: ca1b0228 folded before Flop (didn't bet)
Seat 2: Hero folded before Flop (didn't bet)
Seat 3: 7977ef7a (button) folded before Flop (didn't bet)
Seat 4: de542a5 (small blind) folded before Flop
Seat 5: 4106305f (big blind) collected ($0.1)
Seat 6: 58ebf014 folded before Flop (didn't bet)


Poker Hand #HD1849570352: Hold'em No Limit ($0.05/$0.1) - 2024/07/09 13:21:32
Table 'NLHRed56' 6-max Seat #2 is the button
Seat 1: ca1b0228 ($23.69 in chips)
Seat 2: Hero ($10 in chips)
Seat 3: 7977ef7a ($12.45 in chips)
Seat 4: de542a5 ($5.44 in chips)
Seat 5: 4106305f ($10.15 in chips)
Seat 6: 58ebf014 ($10 in chips)
7977ef7a: posts small blind $0.05
de542a5: posts big blind $0.1
*** HOLE CARDS ***
Dealt to ca1b0228 
Dealt to Hero [6c 8d]
Dealt to 7977ef7a 
Dealt to de542a5 
Dealt to 4106305f 
Dealt to 58ebf014 
4106305f: folds
58ebf014: folds
ca1b0228: raises $0.1 to $0.2
Hero: folds
7977ef7a: folds
de542a5: calls $0.1
*** FLOP *** [3c 8c Kh]
de542a5: checks
ca1b0228: bets $0.23
de542a5: folds
Uncalled bet ($0.23) returned to ca1b0228
*** SHOWDOWN ***
ca1b0228 collected $0.43 from pot
*** SUMMARY ***
Total pot $0.45 | Rake $0.02 | Jackpot $0 | Bingo $0 | Fortune $0 | Tax $0
Board [3c 8c Kh]
Seat 1: ca1b0228 won ($0.43)
Seat 2: Hero (button) folded before Flop (didn't bet)
Seat 3: 7977ef7a (small blind) folded before Flop
Seat 4: de542a5 (big blind) folded on the Flop
Seat 5: 4106305f folded before Flop (didn't bet)
Seat 6: 58ebf014 folded before Flop (didn't bet)


Poker Hand #HD1849570318: Hold'em No Limit ($0.05/$0.1) - 2024/07/09 13:21:11
Table 'NLHRed56' 6-max Seat #1 is the button
Seat 1: ca1b0228 ($23.69 in chips)
Seat 2: Hero ($10 in chips)
Seat 3: 7977ef7a ($12.55 in chips)
Seat 4: de542a5 ($5.44 in chips)
Seat 5: 4106305f ($10 in chips)
Seat 6: 58ebf014 ($10 in chips)
Hero: posts small blind $0.05
7977ef7a: posts big blind $0.1
*** HOLE CARDS ***
Dealt to ca1b0228 
Dealt to Hero [Ac 8h]
Dealt to 7977ef7a 
Dealt to de542a5 
Dealt to 4106305f 
Dealt to 58ebf014 
de542a5: folds
4106305f: raises $0.15 to $0.25
58ebf014: folds
ca1b0228: folds
Hero: folds
7977ef7a: folds
Uncalled bet ($0.15) returned to 4106305f
*** SHOWDOWN ***
4106305f collected $0.25 from pot
*** SUMMARY ***
Total pot $0.25 | Rake $0 | Jackpot $0 | Bingo $0 | Fortune $0 | Tax $0
Seat 1: ca1b0228 (button) folded before Flop (didn't bet)
Seat 2: Hero (small blind) folded before Flop
Seat 3: 7977ef7a (big blind) folded before Flop
Seat 4: de542a5 folded before Flop (didn't bet)
Seat 5: 4106305f collected ($0.25)
Seat 6: 58ebf014 folded before Flop (didn't bet)


Poker Hand #HD1849570303: Hold'em No Limit ($0.05/$0.1) - 2024/07/09 13:21:02
Table 'NLHRed56' 6-max Seat #6 is the button
Seat 1: ca1b0228 ($23.74 in chips)
Seat 2: Hero ($10 in chips)
Seat 3: 7977ef7a ($12.55 in chips)
Seat 4: de542a5 ($5.29 in chips)
Seat 5: 4106305f ($10 in chips)
Seat 6: 58ebf014 ($10 in chips)
ca1b0228: posts small blind $0.05
Hero: posts big blind $0.1
*** HOLE CARDS ***
Dealt to ca1b0228 
Dealt to Hero [Tc 6s]
Dealt to 7977ef7a 
Dealt to de542a5 
Dealt to 4106305f 
Dealt to 58ebf014 
7977ef7a: folds
de542a5: raises $0.13 to $0.23
4106305f: folds
58ebf014: folds
ca1b0228: folds
Hero: folds
Uncalled bet ($0.13) returned to de542a5
*** SHOWDOWN ***
de542a5 collected $0.25 from pot
*** SUMMARY ***
Total pot $0.25 | Rake $0 | Jackpot $0 | Bingo $0 | Fortune $0 | Tax $0
Seat 1: ca1b0228 (small blind) folded before Flop
Seat 2: Hero (big blind) folded before Flop
Seat 3: 7977ef7a folded before Flop (didn't bet)
Seat 4: de542a5 collected ($0.25)
Seat 5: 4106305f folded before Flop (didn't bet)
Seat 6: 58ebf014 (button) folded before Flop (didn't bet)


Poker Hand #HD1849570293: Hold'em No Limit ($0.05/$0.1) - 2024/07/09 13:20:52
Table 'NLHRed56' 6-max Seat #5 is the button
Seat 1: ca1b0228 ($23.69 in chips)
Seat 2: Hero ($10 in chips)
Seat 3: 7977ef7a ($12.55 in chips)
Seat 4: de542a5 ($5.29 in chips)
Seat 5: 4106305f ($10 in chips)
Seat 6: 58ebf014 ($10 in chips)
58ebf014: posts small blind $0.05
ca1b0228: posts big blind $0.1
*** HOLE CARDS ***
Dealt to ca1b0228 
Dealt to Hero [2c 8d]
Dealt to 7977ef7a 
Dealt to de542a5 
Dealt to 4106305f 
Dealt to 58ebf014 
Hero: folds
7977ef7a: folds
de542a5: folds
4106305f: folds
58ebf014: folds
Uncalled bet ($0.05) returned to ca1b0228
*** SHOWDOWN ***
ca1b0228 collected $0.1 from pot
*** SUMMARY ***
Total pot $0.1 | Rake $0 | Jackpot $0 | Bingo $0 | Fortune $0 | Tax $0
Seat 1: ca1b0228 (big blind) collected ($0.1)
Seat 2: Hero folded before Flop (didn't bet)
Seat 3: 7977ef7a folded before Flop (didn't bet)
Seat 4: de542a5 folded before Flop (didn't bet)
Seat 5: 4106305f (button) folded before Flop (didn't bet)
Seat 6: 58ebf014 (small blind) folded before Flop


Poker Hand #HD1849570246: Hold'em No Limit ($0.05/$0.1) - 2024/07/09 13:20:18
Table 'NLHRed56' 6-max Seat #4 is the button
Seat 1: ca1b0228 ($23.69 in chips)
Seat 2: Hero ($10 in chips)
Seat 3: 7977ef7a ($12.18 in chips)
Seat 4: de542a5 ($5.54 in chips)
Seat 5: 4106305f ($10 in chips)
Seat 6: 58ebf014 ($10 in chips)
4106305f: posts small blind $0.05
58ebf014: posts big blind $0.1
*** HOLE CARDS ***
Dealt to ca1b0228 
Dealt to Hero [Qh 7d]
Dealt to 7977ef7a 
Dealt to de542a5 
Dealt to 4106305f 
Dealt to 58ebf014 
ca1b0228: folds
Hero: folds
7977ef7a: raises $0.15 to $0.25
de542a5: calls $0.25
4106305f: folds
58ebf014: folds
*** FLOP *** [Ad 4s 7c]
7977ef7a: bets $0.33
de542a5: folds
Uncalled bet ($0.33) returned to 7977ef7a
*** SHOWDOWN ***
7977ef7a collected $0.62 from pot
*** SUMMARY ***
Total pot $0.65 | Rake $0.03 | Jackpot $0 | Bingo $0 | Fortune $0 | Tax $0
Board [Ad 4s 7c]
Seat 1: ca1b0228 folded before Flop (didn't bet)
Seat 2: Hero folded before Flop (didn't bet)
Seat 3: 7977ef7a won ($0.62)
Seat 4: de542a5 (button) folded on the Flop
Seat 5: 4106305f (small blind) folded before Flop
Seat 6: 58ebf014 (big blind) folded before Flop


Poker Hand #HD1849570208: Hold'em No Limit ($0.05/$0.1) - 2024/07/09 13:19:51
Table 'NLHRed56' 6-max Seat #3 is the button
Seat 1: ca1b0228 ($23.69 in chips)
Seat 2: Hero ($10 in chips)
Seat 3: 7977ef7a ($12.18 in chips)
Seat 4: de542a5 ($5.33 in chips)
Seat 5: 4106305f ($10.15 in chips)
Seat 6: 58ebf014 ($10 in chips)
de542a5: posts small blind $0.05
4106305f: posts big blind $0.1
*** HOLE CARDS ***
Dealt to ca1b0228 
Dealt to Hero [3h Js]
Dealt to 7977ef7a 
Dealt to de542a5 
Dealt to 4106305f 
Dealt to 58ebf014 
58ebf014: folds
ca1b0228: folds
Hero: folds
7977ef7a: folds
de542a5: raises $0.13 to $0.23
4106305f: calls $0.13
*** FLOP *** [6s Qs 4s]
de542a5: bets $0.1
4106305f: folds
Uncalled bet ($0.1) returned to de542a5
*** SHOWDOWN ***
de542a5 collected $0.44 from pot
*** SUMMARY ***
Total pot $0.46 | Rake $0.02 | Jackpot $0 | Bingo $0 | Fortune $0 | Tax $0
Board [6s Qs 4s]
Seat 1: ca1b0228 folded before Flop (didn't bet)
Seat 2: Hero folded before Flop (didn't bet)
Seat 3: 7977ef7a (button) folded before Flop (didn't bet)
Seat 4: de542a5 (small blind) won ($0.44)
Seat 5: 4106305f (big blind) folded on the Flop
Seat 6: 58ebf014 folded before Flop (didn't bet)


Poker Hand #HD1849570190: Hold'em No Limit ($0.05/$0.1) - 2024/07/09 13:19:34
Table 'NLHRed56' 6-max Seat #2 is the button
Seat 1: ca1b0228 ($23.69 in chips)
Seat 2: Hero ($10 in chips)
Seat 3: 7977ef7a ($12.23 in chips)
Seat 4: de542a5 ($5.28 in chips)
Seat 5: 4106305f ($10.15 in chips)
Seat 6: 58ebf014 ($10 in chips)
7977ef7a: posts small blind $0.05
de542a5: posts big blind $0.1
*** HOLE CARDS ***
Dealt to ca1b0228 
Dealt to Hero [2s Tc]
Dealt to 7977ef7a 
Dealt to de542a5 
Dealt to 4106305f 
Dealt to 58ebf014 
4106305f: folds
58ebf014: folds
ca1b0228: folds
Hero: folds
7977ef7a: folds
Uncalled bet ($0.05) returned to de542a5
*** SHOWDOWN ***
de542a5 collected $0.1 from pot
*** SUMMARY ***
Total pot $0.1 | Rake $0 | Jackpot $0 | Bingo $0 | Fortune $0 | Tax $0
Seat 1: ca1b0228 folded before Flop (didn't bet)
Seat 2: Hero (button) folded before Flop (didn't bet)
Seat 3: 7977ef7a (small blind) folded before Flop
Seat 4: de542a5 (big blind) collected ($0.1)
Seat 5: 4106305f folded before Flop (didn't bet)
Seat 6: 58ebf014 folded before Flop (didn't bet)


Poker Hand #HD1849570071: Hold'em No Limit ($0.05/$0.1) - 2024/07/09 13:18:20
Table 'NLHRed56' 6-max Seat #1 is the button
Seat 1: ca1b0228 ($21.21 in chips)
Seat 2: Hero ($10 in chips)
Seat 3: 7977ef7a ($12.33 in chips)
Seat 4: de542a5 ($7.98 in chips)
Seat 5: 4106305f ($10.15 in chips)
Seat 6: 58ebf014 ($10 in chips)
Hero: posts small blind $0.05
7977ef7a: posts big blind $0.1
*** HOLE CARDS ***
Dealt to ca1b0228 
Dealt to Hero [3d 6d]
Dealt to 7977ef7a 
Dealt to de542a5 
Dealt to 4106305f 
Dealt to 58ebf014 
de542a5: calls $0.1
4106305f: folds
58ebf014: folds
ca1b0228: raises $0.3 to $0.4
Hero: folds
7977ef7a: folds
de542a5: calls $0.3
*** FLOP *** [8c Ks Jd]
de542a5: checks
ca1b0228: bets $0.32
de542a5: raises $0.48 to $0.8
ca1b0228: calls $0.48
*** TURN *** [8c Ks Jd] [Ts]
de542a5: bets $1.5
ca1b0228: calls $1.5
*** RIVER *** [8c Ks Jd Ts] [4d]
de542a5: checks
ca1b0228: bets $5.3
de542a5: folds
Uncalled bet ($5.3) returned to ca1b0228
de542a5: shows [2h] (King-High)
*** SHOWDOWN ***
ca1b0228 collected $5.18 from pot
*** SUMMARY ***
Total pot $5.55 | Rake $0.27 | Jackpot $0.1 | Bingo $0 | Fortune $0 | Tax $0
Board [8c Ks Jd Ts 4d]
Seat 1: ca1b0228 (button) won ($5.18)
Seat 2: Hero (small blind) folded before Flop
Seat 3: 7977ef7a (big blind) folded before Flop
Seat 4: de542a5 folded on the River
Seat 5: 4106305f folded before Flop (didn't bet)
Seat 6: 58ebf014 folded before Flop (didn't bet)


Poker Hand #HD1849570053: Hold'em No Limit ($0.05/$0.1) - 2024/07/09 13:18:09
Table 'NLHRed56' 6-max Seat #6 is the button
Seat 1: ca1b0228 ($21.11 in chips)
Seat 2: Hero ($10 in chips)
Seat 3: 7977ef7a ($12.33 in chips)
Seat 4: de542a5 ($7.98 in chips)
Seat 5: 4106305f ($10.15 in chips)
Seat 6: 58ebf014 ($10 in chips)
ca1b0228: posts small blind $0.05
Hero: posts big blind $0.1
*** HOLE CARDS ***
Dealt to ca1b0228 
Dealt to Hero [9s 2s]
Dealt to 7977ef7a 
Dealt to de542a5 
Dealt to 4106305f 
Dealt to 58ebf014 
7977ef7a: folds
de542a5: folds
4106305f: folds
58ebf014: folds
ca1b0228: raises $0.2 to $0.3
Hero: folds
Uncalled bet ($0.2) returned to ca1b0228
*** SHOWDOWN ***
ca1b0228 collected $0.2 from pot
*** SUMMARY ***
Total pot $0.2 | Rake $0 | Jackpot $0 | Bingo $0 | Fortune $0 | Tax $0
Seat 1: ca1b0228 (small blind) collected ($0.2)
Seat 2: Hero (big blind) folded before Flop
Seat 3: 7977ef7a folded before Flop (didn't bet)
Seat 4: de542a5 folded before Flop (didn't bet)
Seat 5: 4106305f folded before Flop (didn't bet)
Seat 6: 58ebf014 (button) folded before Flop (didn't bet)


Poker Hand #HD1849570033: Hold'em No Limit ($0.05/$0.1) - 2024/07/09 13:17:51
Table 'NLHRed56' 6-max Seat #5 is the button
Seat 1: ca1b0228 ($21.21 in chips)
Seat 2: Hero ($10 in chips)
Seat 3: 7977ef7a ($12.33 in chips)
Seat 4: de542a5 ($7.84 in chips)
Seat 5: 4106305f ($10.15 in chips)
Seat 6: 58ebf014 ($10 in chips)
58ebf014: posts small blind $0.05
ca1b0228: posts big blind $0.1
*** HOLE CARDS ***
Dealt to ca1b0228 
Dealt to Hero [4c Js]
Dealt to 7977ef7a 
Dealt to de542a5 
Dealt to 4106305f 
Dealt to 58ebf014 
Hero: folds
7977ef7a: folds
de542a5: calls $0.1
4106305f: folds
58ebf014: folds
ca1b0228: checks
*** FLOP *** [Ks 2d Kd]
ca1b0228: checks
de542a5: bets $0.2
ca1b0228: folds
Uncalled bet ($0.2) returned to de542a5
*** SHOWDOWN ***
de542a5 collected $0.24 from pot
*** SUMMARY ***
Total pot $0.25 | Rake $0.01 | Jackpot $0 | Bingo $0 | Fortune $0 | Tax $0
Board [Ks 2d Kd]
Seat 1: ca1b0228 (big blind) folded on the Flop
Seat 2: Hero folded before Flop (didn't bet)
Seat 3: 7977ef7a folded before Flop (didn't bet)
Seat 4: de542a5 won ($0.24)
Seat 5: 4106305f (button) folded before Flop (didn't bet)
Seat 6: 58ebf014 (small blind) folded before Flop


Poker Hand #HD1849570004: Hold'em No Limit ($0.05/$0.1) - 2024/07/09 13:17:35
Table 'NLHRed56' 6-max Seat #4 is the button
Seat 1: ca1b0228 ($21.21 in chips)
Seat 2: Hero ($10 in chips)
Seat 3: 7977ef7a ($12.33 in chips)
Seat 4: de542a5 ($7.84 in chips)
Seat 5: 4106305f ($10.05 in chips)
Seat 6: 58ebf014 ($10 in chips)
4106305f: posts small blind $0.05
58ebf014: posts big blind $0.1
*** HOLE CARDS ***
Dealt to ca1b0228 
Dealt to Hero [6c Ad]
Dealt to 7977ef7a 
Dealt to de542a5 
Dealt to 4106305f 
Dealt to 58ebf014 
ca1b0228: folds
Hero: folds
7977ef7a: folds
de542a5: folds
4106305f: raises $0.2 to $0.3
58ebf014: folds
Uncalled bet ($0.2) returned to 4106305f
*** SHOWDOWN ***
4106305f collected $0.2 from pot
*** SUMMARY ***
Total pot $0.2 | Rake $0 | Jackpot $0 | Bingo $0 | Fortune $0 | Tax $0
Seat 1: ca1b0228 folded before Flop (didn't bet)
Seat 2: Hero folded before Flop (didn't bet)
Seat 3: 7977ef7a folded before Flop (didn't bet)
Seat 4: de542a5 (button) folded before Flop (didn't bet)
Seat 5: 4106305f (small blind) collected ($0.2)
Seat 6: 58ebf014 (big blind) folded before Flop


Poker Hand #HD1849569894: Hold'em No Limit ($0.05/$0.1) - 2024/07/09 13:16:29
Table 'NLHRed56' 6-max Seat #3 is the button
Seat 1: ca1b0228 ($21.21 in chips)
Seat 2: Hero ($10 in chips)
Seat 3: 7977ef7a ($10.64 in chips)
Seat 4: de542a5 ($7.89 in chips)
Seat 5: 4106305f ($10.15 in chips)
Seat 6: 58ebf014 ($10.96 in chips)
de542a5: posts small blind $0.05
4106305f: posts big blind $0.1
*** HOLE CARDS ***
Dealt to ca1b0228 
Dealt to Hero [3s 6s]
Dealt to 7977ef7a 
Dealt to de542a5 
Dealt to 4106305f 
Dealt to 58ebf014 
58ebf014: raises $0.2 to $0.3
ca1b0228: folds
Hero: folds
7977ef7a: calls $0.3
de542a5: folds
4106305f: folds
*** FLOP *** [4s 6c Kd]
58ebf014: checks
7977ef7a: bets $0.38
58ebf014: calls $0.38
*** TURN *** [4s 6c Kd] [Kh]
58ebf014: checks
7977ef7a: bets $1.14
58ebf014: calls $1.14
*** RIVER *** [4s 6c Kd Kh] [Jc]
58ebf014: checks
7977ef7a: checks
58ebf014: shows [Td Tc] (Pair of Kings and Pair of Tens)
7977ef7a: shows [Js Ac] (Pair of Kings and Pair of Jacks)
*** SHOWDOWN ***
7977ef7a collected $3.51 from pot
*** SUMMARY ***
Total pot $3.79 | Rake $0.18 | Jackpot $0.1 | Bingo $0 | Fortune $0 | Tax $0
Board [4s 6c Kd Kh Jc]
Seat 1: ca1b0228 folded before Flop (didn't bet)
Seat 2: Hero folded before Flop (didn't bet)
Seat 3: 7977ef7a (button) showed [Js Ac] and won ($3.51) with Pair of Kings and Pair of Jacks
Seat 4: de542a5 (small blind) folded before Flop
Seat 5: 4106305f (big blind) folded before Flop
Seat 6: 58ebf014 showed [Td Tc] and lost with Pair of Kings and Pair of Tens


Poker Hand #HD1849569882: Hold'em No Limit ($0.05/$0.1) - 2024/07/09 13:16:19
Table 'NLHRed56' 6-max Seat #2 is the button
Seat 1: ca1b0228 ($21.21 in chips)
Seat 2: Hero ($10 in chips)
Seat 3: 7977ef7a ($10.69 in chips)
Seat 4: de542a5 ($7.84 in chips)
Seat 5: 4106305f ($10.15 in chips)
Seat 6: 58ebf014 ($10.96 in chips)
7977ef7a: posts small blind $0.05
de542a5: posts big blind $0.1
*** HOLE CARDS ***
Dealt to ca1b0228 
Dealt to Hero [7h Qc]
Dealt to 7977ef7a 
Dealt to de542a5 
Dealt to 4106305f 
Dealt to 58ebf014 
4106305f: folds
58ebf014: folds
ca1b0228: folds
Hero: folds
7977ef7a: folds
Uncalled bet ($0.05) returned to de542a5
*** SHOWDOWN ***
de542a5 collected $0.1 from pot
*** SUMMARY ***
Total pot $0.1 | Rake $0 | Jackpot $0 | Bingo $0 | Fortune $0 | Tax $0
Seat 1: ca1b0228 folded before Flop (didn't bet)
Seat 2: Hero (button) folded before Flop (didn't bet)
Seat 3: 7977ef7a (small blind) folded before Flop
Seat 4: de542a5 (big blind) collected ($0.1)
Seat 5: 4106305f folded before Flop (didn't bet)
Seat 6: 58ebf014 folded before Flop (didn't bet)


Poker Hand #HD1849569777: Hold'em No Limit ($0.05/$0.1) - 2024/07/09 13:15:11
Table 'NLHRed56' 6-max Seat #1 is the button
Seat 1: ca1b0228 ($21.21 in chips)
Seat 2: Hero ($10.05 in chips)
Seat 3: 7977ef7a ($10.79 in chips)
Seat 4: de542a5 ($8.59 in chips)
Seat 5: 4106305f ($10.15 in chips)
Seat 6: 58ebf014 ($10.14 in chips)
Hero: posts small blind $0.05
7977ef7a: posts big blind $0.1
*** HOLE CARDS ***
Dealt to ca1b0228 
Dealt to Hero [7h 3c]
Dealt to 7977ef7a 
Dealt to de542a5 
Dealt to 4106305f 
Dealt to 58ebf014 
de542a5: calls $0.1
4106305f: folds
58ebf014: raises $0.3 to $0.4
ca1b0228: folds
Hero: folds
7977ef7a: folds
de542a5: calls $0.3
*** FLOP *** [Ac Th 7c]
de542a5: checks
58ebf014: checks
*** TURN *** [Ac Th 7c] [6d]
de542a5: checks
58ebf014: bets $0.35
de542a5: calls $0.35
*** RIVER *** [Ac Th 7c 6d] [Qc]
de542a5: checks
58ebf014: bets $0.85
de542a5: folds
Uncalled bet ($0.85) returned to 58ebf014
*** SHOWDOWN ***
58ebf014 collected $1.57 from pot
*** SUMMARY ***
Total pot $1.65 | Rake $0.08 | Jackpot $0 | Bingo $0 | Fortune $0 | Tax $0
Board [Ac Th 7c 6d Qc]
Seat 1: ca1b0228 (button) folded before Flop (didn't bet)
Seat 2: Hero (small blind) folded before Flop
Seat 3: 7977ef7a (big blind) folded before Flop
Seat 4: de542a5 folded on the River
Seat 5: 4106305f folded before Flop (didn't bet)
Seat 6: 58ebf014 won ($1.57)


Poker Hand #HD1849569757: Hold'em No Limit ($0.05/$0.1) - 2024/07/09 13:14:57
Table 'NLHRed56' 6-max Seat #6 is the button
Seat 1: ca1b0228 ($21.11 in chips)
Seat 2: Hero ($10.15 in chips)
Seat 3: 7977ef7a ($10.79 in chips)
Seat 4: de542a5 ($8.59 in chips)
Seat 5: 4106305f ($10.15 in chips)
Seat 6: 58ebf014 ($10.14 in chips)
ca1b0228: posts small blind $0.05
Hero: posts big blind $0.1
*** HOLE CARDS ***
Dealt to ca1b0228 
Dealt to Hero [6d 5c]
Dealt to 7977ef7a 
Dealt to de542a5 
Dealt to 4106305f 
Dealt to 58ebf014 
7977ef7a: folds
de542a5: folds
4106305f: folds
58ebf014: folds
ca1b0228: raises $0.2 to $0.3
Hero: folds
Uncalled bet ($0.2) returned to ca1b0228
*** SHOWDOWN ***
ca1b0228 collected $0.2 from pot
*** SUMMARY ***
Total pot $0.2 | Rake $0 | Jackpot $0 | Bingo $0 | Fortune $0 | Tax $0
Seat 1: ca1b0228 (small blind) collected ($0.2)
Seat 2: Hero (big blind) folded before Flop
Seat 3: 7977ef7a folded before Flop (didn't bet)
Seat 4: de542a5 folded before Flop (didn't bet)
Seat 5: 4106305f folded before Flop (didn't bet)
Seat 6: 58ebf014 (button) folded before Flop (didn't bet)


Poker Hand #HD1849569737: Hold'em No Limit ($0.05/$0.1) - 2024/07/09 13:14:48
Table 'NLHRed56' 6-max Seat #5 is the button
Seat 1: ca1b0228 ($21.06 in chips)
Seat 2: Hero ($10.15 in chips)
Seat 3: 7977ef7a ($10.79 in chips)
Seat 4: de542a5 ($8.59 in chips)
Seat 5: 4106305f ($10.15 in chips)
Seat 6: 58ebf014 ($10.19 in chips)
58ebf014: posts small blind $0.05
ca1b0228: posts big blind $0.1
*** HOLE CARDS ***
Dealt to ca1b0228 
Dealt to Hero [4s Ac]
Dealt to 7977ef7a 
Dealt to de542a5 
Dealt to 4106305f 
Dealt to 58ebf014 
Hero: folds
7977ef7a: folds
de542a5: folds
4106305f: folds
58ebf014: folds
Uncalled bet ($0.05) returned to ca1b0228
*** SHOWDOWN ***
ca1b0228 collected $0.1 from pot
*** SUMMARY ***
Total pot $0.1 | Rake $0 | Jackpot $0 | Bingo $0 | Fortune $0 | Tax $0
Seat 1: ca1b0228 (big blind) collected ($0.1)
Seat 2: Hero folded before Flop (didn't bet)
Seat 3: 7977ef7a folded before Flop (didn't bet)
Seat 4: de542a5 folded before Flop (didn't bet)
Seat 5: 4106305f (button) folded before Flop (didn't bet)
Seat 6: 58ebf014 (small blind) folded before Flop


Poker Hand #HD1849569717: Hold'em No Limit ($0.05/$0.1) - 2024/07/09 13:14:30
Table 'NLHRed56' 6-max Seat #4 is the button
Seat 1: ca1b0228 ($21.06 in chips)
Seat 2: Hero ($10.15 in chips)
Seat 3: 7977ef7a ($10.79 in chips)
Seat 4: de542a5 ($8.44 in chips)
Seat 5: 4106305f ($10.2 in chips)
Seat 6: 58ebf014 ($10.29 in chips)
4106305f: posts small blind $0.05
58ebf014: posts big blind $0.1
*** HOLE CARDS ***
Dealt to ca1b0228 
Dealt to Hero [Js 4d]
Dealt to 7977ef7a 
Dealt to de542a5 
Dealt to 4106305f 
Dealt to 58ebf014 
ca1b0228: folds
Hero: folds
7977ef7a: folds
de542a5: raises $0.13 to $0.23
4106305f: folds
58ebf014: folds
Uncalled bet ($0.13) returned to de542a5
*** SHOWDOWN ***
de542a5 collected $0.25 from pot
*** SUMMARY ***
Total pot $0.25 | Rake $0 | Jackpot $0 | Bingo $0 | Fortune $0 | Tax $0
Seat 1: ca1b0228 folded before Flop (didn't bet)
Seat 2: Hero folded before Flop (didn't bet)
Seat 3: 7977ef7a folded before Flop (didn't bet)
Seat 4: de542a5 (button) collected ($0.25)
Seat 5: 4106305f (small blind) folded before Flop
Seat 6: 58ebf014 (big blind) folded before Flop


Poker Hand #HD1849569688: Hold'em No Limit ($0.05/$0.1) - 2024/07/09 13:14:13
Table 'NLHRed56' 6-max Seat #3 is the button
Seat 1: ca1b0228 ($21.06 in chips)
Seat 2: Hero ($10.15 in chips)
Seat 3: 7977ef7a ($10.79 in chips)
Seat 4: de542a5 ($8.35 in chips)
Seat 5: 4106305f ($10.3 in chips)
Seat 6: 58ebf014 ($10.29 in chips)
de542a5: posts small blind $0.05
4106305f: posts big blind $0.1
*** HOLE CARDS ***
Dealt to ca1b0228 
Dealt to Hero [Ad 3c]
Dealt to 7977ef7a 
Dealt to de542a5 
Dealt to 4106305f 
Dealt to 58ebf014 
58ebf014: folds
ca1b0228: folds
Hero: folds
7977ef7a: folds
de542a5: calls $0.05
4106305f: checks
*** FLOP *** [4h Qs 4c]
de542a5: bets $0.1
4106305f: folds
Uncalled bet ($0.1) returned to de542a5
*** SHOWDOWN ***
de542a5 collected $0.19 from pot
*** SUMMARY ***
Total pot $0.2 | Rake $0.01 | Jackpot $0 | Bingo $0 | Fortune $0 | Tax $0
Board [4h Qs 4c]
Seat 1: ca1b0228 folded before Flop (didn't bet)
Seat 2: Hero folded before Flop (didn't bet)
Seat 3: 7977ef7a (button) folded before Flop (didn't bet)
Seat 4: de542a5 (small blind) won ($0.19)
Seat 5: 4106305f (big blind) folded on the Flop
Seat 6: 58ebf014 folded before Flop (didn't bet)


Poker Hand #HD1849569668: Hold'em No Limit ($0.05/$0.1) - 2024/07/09 13:13:56
Table 'NLHRed56' 6-max Seat #2 is the button
Seat 1: ca1b0228 ($21.06 in chips)
Seat 2: Hero ($10 in chips)
Seat 3: 7977ef7a ($10.84 in chips)
Seat 4: de542a5 ($8.45 in chips)
Seat 5: 4106305f ($10.3 in chips)
Seat 6: 58ebf014 ($10.29 in chips)
7977ef7a: posts small blind $0.05
de542a5: posts big blind $0.1
*** HOLE CARDS ***
Dealt to ca1b0228 
Dealt to Hero [Ac 8h]
Dealt to 7977ef7a 
Dealt to de542a5 
Dealt to 4106305f 
Dealt to 58ebf014 
4106305f: folds
58ebf014: folds
ca1b0228: folds
Hero: raises $0.14 to $0.24
7977ef7a: folds
de542a5: folds
Uncalled bet ($0.14) returned to Hero
*** SHOWDOWN ***
Hero collected $0.25 from pot
*** SUMMARY ***
Total pot $0.25 | Rake $0 | Jackpot $0 | Bingo $0 | Fortune $0 | Tax $0
Seat 1: ca1b0228 folded before Flop (didn't bet)
Seat 2: Hero (button) collected ($0.25)
Seat 3: 7977ef7a (small blind) folded before Flop
Seat 4: de542a5 (big blind) folded before Flop
Seat 5: 4106305f folded before Flop (didn't bet)
Seat 6: 58ebf014 folded before Flop (didn't bet)


Poker Hand #HD1849569626: Hold'em No Limit ($0.05/$0.1) - 2024/07/09 13:13:32
Table 'NLHRed56' 6-max Seat #1 is the button
Seat 1: ca1b0228 ($21.06 in chips)
Seat 2: Hero ($10 in chips)
Seat 3: 7977ef7a ($10.94 in chips)
Seat 4: de542a5 ($8.31 in chips)
Seat 5: 4106305f ($10.3 in chips)
Seat 6: 58ebf014 ($10.29 in chips)
Hero: posts small blind $0.05
7977ef7a: posts big blind $0.1
*** HOLE CARDS ***
Dealt to ca1b0228 
Dealt to Hero [Js Tc]
Dealt to 7977ef7a 
Dealt to de542a5 
Dealt to 4106305f 
Dealt to 58ebf014 
de542a5: calls $0.1
4106305f: folds
58ebf014: folds
ca1b0228: folds
Hero: folds
7977ef7a: checks
*** FLOP *** [8c 4h Ks]
7977ef7a: checks
de542a5: bets $0.2
7977ef7a: folds
Uncalled bet ($0.2) returned to de542a5
*** SHOWDOWN ***
de542a5 collected $0.24 from pot
*** SUMMARY ***
Total pot $0.25 | Rake $0.01 | Jackpot $0 | Bingo $0 | Fortune $0 | Tax $0
Board [8c 4h Ks]
Seat 1: ca1b0228 (button) folded before Flop (didn't bet)
Seat 2: Hero (small blind) folded before Flop
Seat 3: 7977ef7a (big blind) folded on the Flop
Seat 4: de542a5 won ($0.24)
Seat 5: 4106305f folded before Flop (didn't bet)
Seat 6: 58ebf014 folded before Flop (didn't bet)


Poker Hand #HD1849569608: Hold'em No Limit ($0.05/$0.1) - 2024/07/09 13:13:22
Table 'NLHRed56' 6-max Seat #6 is the button
Seat 1: ca1b0228 ($21.11 in chips)
Seat 2: Hero ($10 in chips)
Seat 3: 7977ef7a ($10.94 in chips)
Seat 4: de542a5 ($8.31 in chips)
Seat 5: 4106305f ($10.15 in chips)
Seat 6: 58ebf014 ($10.29 in chips)
ca1b0228: posts small blind $0.05
Hero: posts big blind $0.1
*** HOLE CARDS ***
Dealt to ca1b0228 
Dealt to Hero [Tc 2h]
Dealt to 7977ef7a 
Dealt to de542a5 
Dealt to 4106305f 
Dealt to 58ebf014 
7977ef7a: folds
de542a5: folds
4106305f: raises $0.15 to $0.25
58ebf014: folds
ca1b0228: folds
Hero: folds
Uncalled bet ($0.15) returned to 4106305f
*** SHOWDOWN ***
4106305f collected $0.25 from pot
*** SUMMARY ***
Total pot $0.25 | Rake $0 | Jackpot $0 | Bingo $0 | Fortune $0 | Tax $0
Seat 1: ca1b0228 (small blind) folded before Flop
Seat 2: Hero (big blind) folded before Flop
Seat 3: 7977ef7a folded before Flop (didn't bet)
Seat 4: de542a5 folded before Flop (didn't bet)
Seat 5: 4106305f collected ($0.25)
Seat 6: 58ebf014 (button) folded before Flop (didn't bet)


Poker Hand #HD1849569509: Hold'em No Limit ($0.05/$0.1) - 2024/07/09 13:12:17
Table 'NLHRed56' 6-max Seat #5 is the button
Seat 1: ca1b0228 ($21.36 in chips)
Seat 2: Hero ($10 in chips)
Seat 3: 7977ef7a ($10.66 in chips)
Seat 4: de542a5 ($8.31 in chips)
Seat 5: 4106305f ($10.15 in chips)
Seat 6: 58ebf014 ($10.34 in chips)
58ebf014: posts small blind $0.05
ca1b0228: posts big blind $0.1
*** HOLE CARDS ***
Dealt to ca1b0228 
Dealt to Hero [9h Qc]
Dealt to 7977ef7a 
Dealt to de542a5 
Dealt to 4106305f 
Dealt to 58ebf014 
Hero: folds
7977ef7a: raises $0.15 to $0.25
de542a5: folds
4106305f: folds
58ebf014: folds
ca1b0228: calls $0.15
*** FLOP *** [8h Qs 4d]
ca1b0228: checks
7977ef7a: bets $0.28
ca1b0228: folds
Uncalled bet ($0.28) returned to 7977ef7a
*** SHOWDOWN ***
7977ef7a collected $0.53 from pot
*** SUMMARY ***
Total pot $0.55 | Rake $0.02 | Jackpot $0 | Bingo $0 | Fortune $0 | Tax $0
Board [8h Qs 4d]
Seat 1: ca1b0228 (big blind) folded on the Flop
Seat 2: Hero folded before Flop (didn't bet)
Seat 3: 7977ef7a won ($0.53)
Seat 4: de542a5 folded before Flop (didn't bet)
Seat 5: 4106305f (button) folded before Flop (didn't bet)
Seat 6: 58ebf014 (small blind) folded before Flop


Poker Hand #HD1849569483: Hold'em No Limit ($0.05/$0.1) - 2024/07/09 13:12:00
Table 'NLHRed56' 6-max Seat #4 is the button
Seat 1: ca1b0228 ($21.36 in chips)
Seat 2: Hero ($10 in chips)
Seat 3: 7977ef7a ($10.66 in chips)
Seat 4: de542a5 ($8.31 in chips)
Seat 5: 4106305f ($10.05 in chips)
Seat 6: 58ebf014 ($10.44 in chips)
4106305f: posts small blind $0.05
58ebf014: posts big blind $0.1
*** HOLE CARDS ***
Dealt to ca1b0228 
Dealt to Hero [9s 2c]
Dealt to 7977ef7a 
Dealt to de542a5 
Dealt to 4106305f 
Dealt to 58ebf014 
ca1b0228: folds
Hero: folds
7977ef7a: folds
de542a5: folds
4106305f: raises $0.2 to $0.3
58ebf014: folds
Uncalled bet ($0.2) returned to 4106305f
*** SHOWDOWN ***
4106305f collected $0.2 from pot
*** SUMMARY ***
Total pot $0.2 | Rake $0 | Jackpot $0 | Bingo $0 | Fortune $0 | Tax $0
Seat 1: ca1b0228 folded before Flop (didn't bet)
Seat 2: Hero folded before Flop (didn't bet)
Seat 3: 7977ef7a folded before Flop (didn't bet)
Seat 4: de542a5 (button) folded before Flop (didn't bet)
Seat 5: 4106305f (small blind) collected ($0.2)
Seat 6: 58ebf014 (big blind) folded before Flop


Poker Hand #HD1849569465: Hold'em No Limit ($0.05/$0.1) - 2024/07/09 13:11:49
Table 'NLHRed56' 6-max Seat #3 is the button
Seat 1: ca1b0228 ($21.36 in chips)
Seat 2: Hero ($10 in chips)
Seat 3: 7977ef7a ($10.66 in chips)
Seat 4: de542a5 ($8.36 in chips)
Seat 5: 4106305f ($10 in chips)
Seat 6: 58ebf014 ($10.44 in chips)
de542a5: posts small blind $0.05
4106305f: posts big blind $0.1
*** HOLE CARDS ***
Dealt to ca1b0228 
Dealt to Hero [5d 3s]
Dealt to 7977ef7a 
Dealt to de542a5 
Dealt to 4106305f 
Dealt to 58ebf014 
58ebf014: folds
ca1b0228: folds
Hero: folds
7977ef7a: folds
de542a5: folds
Uncalled bet ($0.05) returned to 4106305f
*** SHOWDOWN ***
4106305f collected $0.1 from pot
*** SUMMARY ***
Total pot $0.1 | Rake $0 | Jackpot $0 | Bingo $0 | Fortune $0 | Tax $0
Seat 1: ca1b0228 folded before Flop (didn't bet)
Seat 2: Hero folded before Flop (didn't bet)
Seat 3: 7977ef7a (button) folded before Flop (didn't bet)
Seat 4: de542a5 (small blind) folded before Flop
Seat 5: 4106305f (big blind) collected ($0.1)
Seat 6: 58ebf014 folded before Flop (didn't bet)


Poker Hand #HD1849569450: Hold'em No Limit ($0.05/$0.1) - 2024/07/09 13:11:40
Table 'NLHRed56' 6-max Seat #2 is the button
Seat 1: ca1b0228 ($21.36 in chips)
Seat 2: Hero ($10 in chips)
Seat 3: 7977ef7a ($10.71 in chips)
Seat 4: de542a5 ($8.31 in chips)
Seat 5: 4106305f ($10 in chips)
Seat 6: 58ebf014 ($10.44 in chips)
7977ef7a: posts small blind $0.05
de542a5: posts big blind $0.1
*** HOLE CARDS ***
Dealt to ca1b0228 
Dealt to Hero [9c 6h]
Dealt to 7977ef7a 
Dealt to de542a5 
Dealt to 4106305f 
Dealt to 58ebf014 
4106305f: folds
58ebf014: folds
ca1b0228: folds
Hero: folds
7977ef7a: folds
Uncalled bet ($0.05) returned to de542a5
*** SHOWDOWN ***
de542a5 collected $0.1 from pot
*** SUMMARY ***
Total pot $0.1 | Rake $0 | Jackpot $0 | Bingo $0 | Fortune $0 | Tax $0
Seat 1: ca1b0228 folded before Flop (didn't bet)
Seat 2: Hero (button) folded before Flop (didn't bet)
Seat 3: 7977ef7a (small blind) folded before Flop
Seat 4: de542a5 (big blind) collected ($0.1)
Seat 5: 4106305f folded before Flop (didn't bet)
Seat 6: 58ebf014 folded before Flop (didn't bet)


Poker Hand #HD1849569312: Hold'em No Limit ($0.05/$0.1) - 2024/07/09 13:10:05
Table 'NLHRed56' 6-max Seat #1 is the button
Seat 1: ca1b0228 ($11.09 in chips)
Seat 2: Hero ($10 in chips)
Seat 3: 7977ef7a ($10.94 in chips)
Seat 4: de542a5 ($19.4 in chips)
Seat 5: 4106305f ($10 in chips)
Seat 6: 58ebf014 ($10.44 in chips)
Hero: posts small blind $0.05
7977ef7a: posts big blind $0.1
*** HOLE CARDS ***
Dealt to ca1b0228 
Dealt to Hero [5c Ks]
Dealt to 7977ef7a 
Dealt to de542a5 
Dealt to 4106305f 
Dealt to 58ebf014 
de542a5: raises $0.13 to $0.23
4106305f: folds
58ebf014: folds
ca1b0228: calls $0.23
Hero: folds
7977ef7a: calls $0.13
*** FLOP *** [6h 8h 3d]
7977ef7a: checks
de542a5: bets $0.5
ca1b0228: raises $0.87 to $1.37
7977ef7a: folds
de542a5: calls $0.87
*** TURN *** [6h 8h 3d] [Js]
de542a5: checks
ca1b0228: bets $2.95
de542a5: calls $2.95
*** RIVER *** [6h 8h 3d Js] [Qc]
de542a5: checks
ca1b0228: bets $6.54 and is all-in
de542a5: calls $6.54
ca1b0228: shows [8d 8s] (Three Eights)
de542a5: shows [5h Ah] (Ace-High)
*** SHOWDOWN ***
ca1b0228 collected $21.36 from pot
*** SUMMARY ***
Total pot $22.46 | Rake $1 | Jackpot $0.1 | Bingo $0 | Fortune $0 | Tax $0
Board [6h 8h 3d Js Qc]
Seat 1: ca1b0228 (button) showed [8d 8s] and won ($21.36) with Three Eights
Seat 2: Hero (small blind) folded before Flop
Seat 3: 7977ef7a (big blind) folded on the Flop
Seat 4: de542a5 showed [5h Ah] and lost with Ace-High
Seat 5: 4106305f folded before Flop (didn't bet)
Seat 6: 58ebf014 folded before Flop (didn't bet)


Poker Hand #HD1849569245: Hold'em No Limit ($0.05/$0.1) - 2024/07/09 13:09:19
Table 'NLHRed56' 6-max Seat #6 is the button
Seat 1: ca1b0228 ($10 in chips)
Seat 2: Hero ($10 in chips)
Seat 3: 7977ef7a ($10.94 in chips)
Seat 4: de542a5 ($19.4 in chips)
Seat 5: 4106305f ($10 in chips)
Seat 6: 58ebf014 ($10.44 in chips)
ca1b0228: posts small blind $0.05
Hero: posts big blind $0.1
*** HOLE CARDS ***
Dealt to ca1b0228 
Dealt to Hero [9d 9h]
Dealt to 7977ef7a 
Dealt to de542a5 
Dealt to 4106305f 
Dealt to 58ebf014 
7977ef7a: folds
de542a5: folds
4106305f: raises $0.15 to $0.25
58ebf014: folds
ca1b0228: raises $0.85 to $1.1
Hero: folds
4106305f: calls $0.85
*** FLOP *** [5d 5s 3c]
ca1b0228: checks
4106305f: checks
*** TURN *** [5d 5s 3c] [5c]
ca1b0228: bets $1.61
4106305f: folds
Uncalled bet ($1.61) returned to ca1b0228
*** SHOWDOWN ***
ca1b0228 collected $2.19 from pot
*** SUMMARY ***
Total pot $2.3 | Rake $0.11 | Jackpot $0 | Bingo $0 | Fortune $0 | Tax $0
Board [5d 5s 3c 5c]
Seat 1: ca1b0228 (small blind) won ($2.19)
Seat 2: Hero (big blind) folded before Flop
Seat 3: 7977ef7a folded before Flop (didn't bet)
Seat 4: de542a5 folded before Flop (didn't bet)
Seat 5: 4106305f folded on the Turn
Seat 6: 58ebf014 (button) folded before Flop (didn't bet)


