Poker Hand #HD1755926858: Hold'em No Limit ($0.05/$0.1) - 2024/05/02 20:31:54
Table 'NLHRed83' 6-max Seat #1 is the button
Seat 1: Hero ($21.84 in chips)
Seat 2: e56726e9 ($9.57 in chips)
Seat 3: 1f56b98f ($10.65 in chips)
Seat 4: 8679d866 ($11.3 in chips)
Seat 5: d00a5651 ($10.23 in chips)
Seat 6: 9968a3b2 ($11.18 in chips)
e56726e9: posts small blind $0.05
1f56b98f: posts big blind $0.1
*** HOLE CARDS ***
Dealt to Hero [Kh 3h]
Dealt to e56726e9 
Dealt to 1f56b98f 
Dealt to 8679d866 
Dealt to d00a5651 
Dealt to 9968a3b2 
8679d866: folds
d00a5651: folds
9968a3b2: folds
Hero: folds
e56726e9: raises $0.15 to $0.25
1f56b98f: raises $0.55 to $0.8
e56726e9: calls $0.55
*** FLOP *** [8h Ts Jc]
e56726e9: checks
1f56b98f: bets $0.53
e56726e9: calls $0.53
*** TURN *** [8h Ts Jc] [4d]
e56726e9: checks
1f56b98f: bets $1.5
e56726e9: folds
Uncalled bet ($1.5) returned to 1f56b98f
*** SHOWDOWN ***
1f56b98f collected $2.53 from pot
*** SUMMARY ***
Total pot $2.66 | Rake $0.13 | Jackpot $0 | Bingo $0 | Fortune $0 | Tax $0
Board [8h Ts Jc 4d]
Seat 1: Hero (button) folded before Flop (didn't bet)
Seat 2: e56726e9 (small blind) folded on the Turn
Seat 3: 1f56b98f (big blind) won ($2.53)
Seat 4: 8679d866 folded before Flop (didn't bet)
Seat 5: d00a5651 folded before Flop (didn't bet)
Seat 6: 9968a3b2 folded before Flop (didn't bet)


Poker Hand #HD1755926778: Hold'em No Limit ($0.05/$0.1) - 2024/05/02 20:31:11
Table 'NLHRed83' 6-max Seat #6 is the button
Seat 1: Hero ($21.89 in chips)
Seat 2: e56726e9 ($9.67 in chips)
Seat 3: 1f56b98f ($10.65 in chips)
Seat 4: 8679d866 ($11.3 in chips)
Seat 5: d00a5651 ($9.83 in chips)
Seat 6: 9968a3b2 ($11.46 in chips)
Hero: posts small blind $0.05
e56726e9: posts big blind $0.1
*** HOLE CARDS ***
Dealt to Hero [3s 6s]
Dealt to e56726e9 
Dealt to 1f56b98f 
Dealt to 8679d866 
Dealt to d00a5651 
Dealt to 9968a3b2 
1f56b98f: folds
8679d866: folds
d00a5651: calls $0.1
9968a3b2: raises $0.18 to $0.28
Hero: folds
e56726e9: folds
d00a5651: calls $0.18
*** FLOP *** [4c 5s 4h]
d00a5651: checks
9968a3b2: checks
*** TURN *** [4c 5s 4h] [9c]
d00a5651: bets $0.91
9968a3b2: folds
Uncalled bet ($0.91) returned to d00a5651
*** SHOWDOWN ***
d00a5651 collected $0.68 from pot
*** SUMMARY ***
Total pot $0.71 | Rake $0.03 | Jackpot $0 | Bingo $0 | Fortune $0 | Tax $0
Board [4c 5s 4h 9c]
Seat 1: Hero (small blind) folded before Flop
Seat 2: e56726e9 (big blind) folded before Flop
Seat 3: 1f56b98f folded before Flop (didn't bet)
Seat 4: 8679d866 folded before Flop (didn't bet)
Seat 5: d00a5651 won ($0.68)
Seat 6: 9968a3b2 (button) folded on the Turn


Poker Hand #HD1755926714: Hold'em No Limit ($0.05/$0.1) - 2024/05/02 20:30:42
Table 'NLHRed83' 6-max Seat #5 is the button
Seat 1: Hero ($21.75 in chips)
Seat 2: e56726e9 ($9.67 in chips)
Seat 3: 1f56b98f ($10.65 in chips)
Seat 4: 8679d866 ($11.3 in chips)
Seat 5: d00a5651 ($9.93 in chips)
Seat 6: 9968a3b2 ($11.51 in chips)
9968a3b2: posts small blind $0.05
Hero: posts big blind $0.1
*** HOLE CARDS ***
Dealt to Hero [6d Kh]
Dealt to e56726e9 
Dealt to 1f56b98f 
Dealt to 8679d866 
Dealt to d00a5651 
Dealt to 9968a3b2 
e56726e9: folds
1f56b98f: folds
8679d866: folds
d00a5651: calls $0.1
9968a3b2: folds
Hero: checks
*** FLOP *** [8d 2d Kd]
Hero: checks
d00a5651: checks
*** TURN *** [8d 2d Kd] [9h]
Hero: bets $0.17
d00a5651: folds
Uncalled bet ($0.17) returned to Hero
*** SHOWDOWN ***
Hero collected $0.24 from pot
*** SUMMARY ***
Total pot $0.25 | Rake $0.01 | Jackpot $0 | Bingo $0 | Fortune $0 | Tax $0
Board [8d 2d Kd 9h]
Seat 1: Hero (big blind) won ($0.24)
Seat 2: e56726e9 folded before Flop (didn't bet)
Seat 3: 1f56b98f folded before Flop (didn't bet)
Seat 4: 8679d866 folded before Flop (didn't bet)
Seat 5: d00a5651 (button) folded on the Turn
Seat 6: 9968a3b2 (small blind) folded before Flop


Poker Hand #HD1755926676: Hold'em No Limit ($0.05/$0.1) - 2024/05/02 20:30:26
Table 'NLHRed83' 6-max Seat #4 is the button
Seat 1: Hero ($21.75 in chips)
Seat 2: e56726e9 ($9.67 in chips)
Seat 3: 1f56b98f ($10.5 in chips)
Seat 4: 8679d866 ($11.3 in chips)
Seat 5: d00a5651 ($9.98 in chips)
Seat 6: 9968a3b2 ($11.61 in chips)
d00a5651: posts small blind $0.05
9968a3b2: posts big blind $0.1
*** HOLE CARDS ***
Dealt to Hero [9h Td]
Dealt to e56726e9 
Dealt to 1f56b98f 
Dealt to 8679d866 
Dealt to d00a5651 
Dealt to 9968a3b2 
Hero: folds
e56726e9: folds
1f56b98f: raises $0.15 to $0.25
8679d866: folds
d00a5651: folds
9968a3b2: folds
Uncalled bet ($0.15) returned to 1f56b98f
*** SHOWDOWN ***
1f56b98f collected $0.25 from pot
*** SUMMARY ***
Total pot $0.25 | Rake $0 | Jackpot $0 | Bingo $0 | Fortune $0 | Tax $0
Seat 1: Hero folded before Flop (didn't bet)
Seat 2: e56726e9 folded before Flop (didn't bet)
Seat 3: 1f56b98f collected ($0.25)
Seat 4: 8679d866 (button) folded before Flop (didn't bet)
Seat 5: d00a5651 (small blind) folded before Flop
Seat 6: 9968a3b2 (big blind) folded before Flop


Poker Hand #HD1755926572: Hold'em No Limit ($0.05/$0.1) - 2024/05/02 20:29:36
Table 'NLHRed83' 6-max Seat #3 is the button
Seat 1: Hero ($21.75 in chips)
Seat 2: e56726e9 ($9.92 in chips)
Seat 3: 1f56b98f ($10.13 in chips)
Seat 4: 8679d866 ($11.35 in chips)
Seat 5: d00a5651 ($10.08 in chips)
Seat 6: 9968a3b2 ($11.61 in chips)
8679d866: posts small blind $0.05
d00a5651: posts big blind $0.1
*** HOLE CARDS ***
Dealt to Hero [Qh 9d]
Dealt to e56726e9 
Dealt to 1f56b98f 
Dealt to 8679d866 
Dealt to d00a5651 
Dealt to 9968a3b2 
9968a3b2: folds
Hero: folds
e56726e9: raises $0.15 to $0.25
1f56b98f: raises $0.65 to $0.9
8679d866: folds
d00a5651: folds
e56726e9: folds
Uncalled bet ($0.65) returned to 1f56b98f
*** SHOWDOWN ***
1f56b98f collected $0.62 from pot
*** SUMMARY ***
Total pot $0.65 | Rake $0.03 | Jackpot $0 | Bingo $0 | Fortune $0 | Tax $0
Seat 1: Hero folded before Flop (didn't bet)
Seat 2: e56726e9 folded before Flop
Seat 3: 1f56b98f (button) collected ($0.62)
Seat 4: 8679d866 (small blind) folded before Flop
Seat 5: d00a5651 (big blind) folded before Flop
Seat 6: 9968a3b2 folded before Flop (didn't bet)


Poker Hand #HD1755926561: Hold'em No Limit ($0.05/$0.1) - 2024/05/02 20:29:28
Table 'NLHRed83' 6-max Seat #2 is the button
Seat 1: Hero ($21.75 in chips)
Seat 2: e56726e9 ($9.92 in chips)
Seat 3: 1f56b98f ($10.18 in chips)
Seat 4: 8679d866 ($11.3 in chips)
Seat 5: d00a5651 ($10.08 in chips)
Seat 6: 9968a3b2 ($11.61 in chips)
1f56b98f: posts small blind $0.05
8679d866: posts big blind $0.1
*** HOLE CARDS ***
Dealt to Hero [8c 3h]
Dealt to e56726e9 
Dealt to 1f56b98f 
Dealt to 8679d866 
Dealt to d00a5651 
Dealt to 9968a3b2 
d00a5651: folds
9968a3b2: folds
Hero: folds
e56726e9: folds
1f56b98f: folds
Uncalled bet ($0.05) returned to 8679d866
*** SHOWDOWN ***
8679d866 collected $0.1 from pot
*** SUMMARY ***
Total pot $0.1 | Rake $0 | Jackpot $0 | Bingo $0 | Fortune $0 | Tax $0
Seat 1: Hero folded before Flop (didn't bet)
Seat 2: e56726e9 (button) folded before Flop (didn't bet)
Seat 3: 1f56b98f (small blind) folded before Flop
Seat 4: 8679d866 (big blind) collected ($0.1)
Seat 5: d00a5651 folded before Flop (didn't bet)
Seat 6: 9968a3b2 folded before Flop (didn't bet)


Poker Hand #HD1755926406: Hold'em No Limit ($0.05/$0.1) - 2024/05/02 20:28:17
Table 'NLHRed83' 6-max Seat #1 is the button
Seat 1: Hero ($21.02 in chips)
Seat 2: e56726e9 ($10.26 in chips)
Seat 3: 1f56b98f ($10.28 in chips)
Seat 4: 8679d866 ($11.3 in chips)
Seat 5: d00a5651 ($10.42 in chips)
Seat 6: 9968a3b2 ($11.61 in chips)
e56726e9: posts small blind $0.05
1f56b98f: posts big blind $0.1
*** HOLE CARDS ***
Dealt to Hero [Kc Ad]
Dealt to e56726e9 
Dealt to 1f56b98f 
Dealt to 8679d866 
Dealt to d00a5651 
Dealt to 9968a3b2 
8679d866: folds
d00a5651: calls $0.1
9968a3b2: folds
Hero: raises $0.24 to $0.34
e56726e9: calls $0.29
1f56b98f: folds
d00a5651: calls $0.24
*** FLOP *** [Js 6d 7s]
e56726e9: checks
d00a5651: checks
Hero: checks
*** TURN *** [Js 6d 7s] [Tc]
e56726e9: checks
d00a5651: checks
Hero: bets $0.4
e56726e9: folds
d00a5651: folds
Uncalled bet ($0.4) returned to Hero
*** SHOWDOWN ***
Hero collected $1.07 from pot
*** SUMMARY ***
Total pot $1.12 | Rake $0.05 | Jackpot $0 | Bingo $0 | Fortune $0 | Tax $0
Board [Js 6d 7s Tc]
Seat 1: Hero (button) won ($1.07)
Seat 2: e56726e9 (small blind) folded on the Turn
Seat 3: 1f56b98f (big blind) folded before Flop
Seat 4: 8679d866 folded before Flop (didn't bet)
Seat 5: d00a5651 folded on the Turn
Seat 6: 9968a3b2 folded before Flop (didn't bet)


Poker Hand #HD1755926361: Hold'em No Limit ($0.05/$0.1) - 2024/05/02 20:27:57
Table 'NLHRed83' 6-max Seat #6 is the button
Seat 1: Hero ($20.92 in chips)
Seat 2: e56726e9 ($10.36 in chips)
Seat 3: 1f56b98f ($10.28 in chips)
Seat 4: 8679d866 ($11.3 in chips)
Seat 5: d00a5651 ($10.42 in chips)
Seat 6: 9968a3b2 ($11.61 in chips)
Hero: posts small blind $0.05
e56726e9: posts big blind $0.1
*** HOLE CARDS ***
Dealt to Hero [Kc 9s]
Dealt to e56726e9 
Dealt to 1f56b98f 
Dealt to 8679d866 
Dealt to d00a5651 
Dealt to 9968a3b2 
1f56b98f: folds
8679d866: folds
d00a5651: folds
9968a3b2: folds
Hero: raises $0.2 to $0.3
e56726e9: folds
Uncalled bet ($0.2) returned to Hero
*** SHOWDOWN ***
Hero collected $0.2 from pot
*** SUMMARY ***
Total pot $0.2 | Rake $0 | Jackpot $0 | Bingo $0 | Fortune $0 | Tax $0
Seat 1: Hero (small blind) collected ($0.2)
Seat 2: e56726e9 (big blind) folded before Flop
Seat 3: 1f56b98f folded before Flop (didn't bet)
Seat 4: 8679d866 folded before Flop (didn't bet)
Seat 5: d00a5651 folded before Flop (didn't bet)
Seat 6: 9968a3b2 (button) folded before Flop (didn't bet)


Poker Hand #HD1755926296: Hold'em No Limit ($0.05/$0.1) - 2024/05/02 20:27:22
Table 'NLHRed83' 6-max Seat #5 is the button
Seat 1: Hero ($21.02 in chips)
Seat 2: e56726e9 ($10.61 in chips)
Seat 3: 1f56b98f ($10.28 in chips)
Seat 4: 8679d866 ($10.93 in chips)
Seat 5: d00a5651 ($10.42 in chips)
Seat 6: 9968a3b2 ($11.66 in chips)
9968a3b2: posts small blind $0.05
Hero: posts big blind $0.1
*** HOLE CARDS ***
Dealt to Hero [5h Th]
Dealt to e56726e9 
Dealt to 1f56b98f 
Dealt to 8679d866 
Dealt to d00a5651 
Dealt to 9968a3b2 
e56726e9: raises $0.15 to $0.25
1f56b98f: folds
8679d866: raises $0.49 to $0.74
d00a5651: folds
9968a3b2: folds
Hero: folds
e56726e9: folds
Uncalled bet ($0.49) returned to 8679d866
*** SHOWDOWN ***
8679d866 collected $0.62 from pot
*** SUMMARY ***
Total pot $0.65 | Rake $0.03 | Jackpot $0 | Bingo $0 | Fortune $0 | Tax $0
Seat 1: Hero (big blind) folded before Flop
Seat 2: e56726e9 folded before Flop
Seat 3: 1f56b98f folded before Flop (didn't bet)
Seat 4: 8679d866 collected ($0.62)
Seat 5: d00a5651 (button) folded before Flop (didn't bet)
Seat 6: 9968a3b2 (small blind) folded before Flop


Poker Hand #HD1755926238: Hold'em No Limit ($0.05/$0.1) - 2024/05/02 20:26:56
Table 'NLHRed83' 6-max Seat #4 is the button
Seat 1: Hero ($21.02 in chips)
Seat 2: e56726e9 ($10.61 in chips)
Seat 3: 1f56b98f ($10 in chips)
Seat 4: 8679d866 ($10.93 in chips)
Seat 5: d00a5651 ($10.47 in chips)
Seat 6: 9968a3b2 ($11.91 in chips)
d00a5651: posts small blind $0.05
9968a3b2: posts big blind $0.1
*** HOLE CARDS ***
Dealt to Hero [5c 3s]
Dealt to e56726e9 
Dealt to 1f56b98f 
Dealt to 8679d866 
Dealt to d00a5651 
Dealt to 9968a3b2 
Hero: folds
e56726e9: folds
1f56b98f: raises $0.15 to $0.25
8679d866: folds
d00a5651: folds
9968a3b2: calls $0.15
*** FLOP *** [7d 6c 6d]
9968a3b2: checks
1f56b98f: bets $0.19
9968a3b2: folds
Uncalled bet ($0.19) returned to 1f56b98f
*** SHOWDOWN ***
1f56b98f collected $0.53 from pot
*** SUMMARY ***
Total pot $0.55 | Rake $0.02 | Jackpot $0 | Bingo $0 | Fortune $0 | Tax $0
Board [7d 6c 6d]
Seat 1: Hero folded before Flop (didn't bet)
Seat 2: e56726e9 folded before Flop (didn't bet)
Seat 3: 1f56b98f won ($0.53)
Seat 4: 8679d866 (button) folded before Flop (didn't bet)
Seat 5: d00a5651 (small blind) folded before Flop
Seat 6: 9968a3b2 (big blind) folded on the Flop


Poker Hand #HD1755926201: Hold'em No Limit ($0.05/$0.1) - 2024/05/02 20:26:39
Table 'NLHRed83' 6-max Seat #3 is the button
Seat 1: Hero ($21.02 in chips)
Seat 2: e56726e9 ($10.46 in chips)
Seat 3: 1f56b98f ($10 in chips)
Seat 4: 8679d866 ($10.98 in chips)
Seat 5: d00a5651 ($10.57 in chips)
Seat 6: 9968a3b2 ($11.91 in chips)
8679d866: posts small blind $0.05
d00a5651: posts big blind $0.1
*** HOLE CARDS ***
Dealt to Hero [8h As]
Dealt to e56726e9 
Dealt to 1f56b98f 
Dealt to 8679d866 
Dealt to d00a5651 
Dealt to 9968a3b2 
9968a3b2: folds
Hero: folds
e56726e9: raises $0.15 to $0.25
1f56b98f: folds
8679d866: folds
d00a5651: folds
Uncalled bet ($0.15) returned to e56726e9
*** SHOWDOWN ***
e56726e9 collected $0.25 from pot
*** SUMMARY ***
Total pot $0.25 | Rake $0 | Jackpot $0 | Bingo $0 | Fortune $0 | Tax $0
Seat 1: Hero folded before Flop (didn't bet)
Seat 2: e56726e9 collected ($0.25)
Seat 3: 1f56b98f (button) folded before Flop (didn't bet)
Seat 4: 8679d866 (small blind) folded before Flop
Seat 5: d00a5651 (big blind) folded before Flop
Seat 6: 9968a3b2 folded before Flop (didn't bet)


Poker Hand #HD1755926101: Hold'em No Limit ($0.05/$0.1) - 2024/05/02 20:25:48
Table 'NLHRed83' 6-max Seat #2 is the button
Seat 1: Hero ($19.21 in chips)
Seat 2: e56726e9 ($10.46 in chips)
Seat 3: 1f56b98f ($10 in chips)
Seat 4: 8679d866 ($11.08 in chips)
Seat 5: d00a5651 ($10.57 in chips)
Seat 6: 9968a3b2 ($13.86 in chips)
1f56b98f: posts small blind $0.05
8679d866: posts big blind $0.1
*** HOLE CARDS ***
Dealt to Hero [Qs Js]
Dealt to e56726e9 
Dealt to 1f56b98f 
Dealt to 8679d866 
Dealt to d00a5651 
Dealt to 9968a3b2 
d00a5651: folds
9968a3b2: raises $0.2 to $0.3
Hero: raises $0.75 to $1.05
e56726e9: folds
1f56b98f: folds
8679d866: folds
9968a3b2: calls $0.75
*** FLOP *** [9h 9s 8d]
9968a3b2: checks
Hero: bets $0.9
9968a3b2: calls $0.9
*** TURN *** [9h 9s 8d] [4s]
9968a3b2: checks
Hero: checks
*** RIVER *** [9h 9s 8d 4s] [Kd]
9968a3b2: checks
Hero: bets $2.54
9968a3b2: folds
Uncalled bet ($2.54) returned to Hero
*** SHOWDOWN ***
Hero collected $3.76 from pot
*** SUMMARY ***
Total pot $4.05 | Rake $0.19 | Jackpot $0.1 | Bingo $0 | Fortune $0 | Tax $0
Board [9h 9s 8d 4s Kd]
Seat 1: Hero won ($3.76)
Seat 2: e56726e9 (button) folded before Flop (didn't bet)
Seat 3: 1f56b98f (small blind) folded before Flop
Seat 4: 8679d866 (big blind) folded before Flop
Seat 5: d00a5651 folded before Flop (didn't bet)
Seat 6: 9968a3b2 folded on the River


Poker Hand #HD1755926074: Hold'em No Limit ($0.05/$0.1) - 2024/05/02 20:25:36
Table 'NLHRed83' 6-max Seat #1 is the button
Seat 1: Hero ($19.06 in chips)
Seat 2: e56726e9 ($10.51 in chips)
Seat 3: 1f56b98f ($10.03 in chips)
Seat 4: 8679d866 ($11.08 in chips)
Seat 5: d00a5651 ($10.57 in chips)
Seat 6: 9968a3b2 ($13.86 in chips)
e56726e9: posts small blind $0.05
1f56b98f: posts big blind $0.1
*** HOLE CARDS ***
Dealt to Hero [As 5h]
Dealt to e56726e9 
Dealt to 1f56b98f 
Dealt to 8679d866 
Dealt to d00a5651 
Dealt to 9968a3b2 
8679d866: folds
d00a5651: folds
9968a3b2: folds
Hero: raises $0.14 to $0.24
e56726e9: folds
1f56b98f: folds
Uncalled bet ($0.14) returned to Hero
*** SHOWDOWN ***
Hero collected $0.25 from pot
*** SUMMARY ***
Total pot $0.25 | Rake $0 | Jackpot $0 | Bingo $0 | Fortune $0 | Tax $0
Seat 1: Hero (button) collected ($0.25)
Seat 2: e56726e9 (small blind) folded before Flop
Seat 3: 1f56b98f (big blind) folded before Flop
Seat 4: 8679d866 folded before Flop (didn't bet)
Seat 5: d00a5651 folded before Flop (didn't bet)
Seat 6: 9968a3b2 folded before Flop (didn't bet)


Poker Hand #HD1755925996: Hold'em No Limit ($0.05/$0.1) - 2024/05/02 20:24:56
Table 'NLHRed83' 6-max Seat #6 is the button
Seat 1: Hero ($19.11 in chips)
Seat 2: e56726e9 ($10.79 in chips)
Seat 3: 1f56b98f ($10.03 in chips)
Seat 4: 8679d866 ($11.08 in chips)
Seat 5: d00a5651 ($10 in chips)
Seat 6: 9968a3b2 ($14.14 in chips)
Hero: posts small blind $0.05
e56726e9: posts big blind $0.1
d00a5651: posts big blind $0.1
*** HOLE CARDS ***
Dealt to Hero [9d 2d]
Dealt to e56726e9 
Dealt to 1f56b98f 
Dealt to 8679d866 
Dealt to d00a5651 
Dealt to 9968a3b2 
1f56b98f: folds
8679d866: folds
d00a5651: checks
9968a3b2: raises $0.18 to $0.28
Hero: folds
e56726e9: calls $0.18
d00a5651: calls $0.18
*** FLOP *** [Ah Jc Ks]
e56726e9: checks
d00a5651: checks
9968a3b2: checks
*** TURN *** [Ah Jc Ks] [8s]
e56726e9: checks
d00a5651: bets $0.99
9968a3b2: folds
e56726e9: folds
Uncalled bet ($0.99) returned to d00a5651
*** SHOWDOWN ***
d00a5651 collected $0.85 from pot
*** SUMMARY ***
Total pot $0.89 | Rake $0.04 | Jackpot $0 | Bingo $0 | Fortune $0 | Tax $0
Board [Ah Jc Ks 8s]
Seat 1: Hero (small blind) folded before Flop
Seat 2: e56726e9 (big blind) folded on the Turn
Seat 3: 1f56b98f folded before Flop (didn't bet)
Seat 4: 8679d866 folded before Flop (didn't bet)
Seat 5: d00a5651 won ($0.85)
Seat 6: 9968a3b2 (button) folded on the Turn


Poker Hand #HD1755925841: Hold'em No Limit ($0.05/$0.1) - 2024/05/02 20:23:47
Table 'NLHRed83' 6-max Seat #4 is the button
Seat 1: Hero ($19.81 in chips)
Seat 2: e56726e9 ($10.79 in chips)
Seat 3: 1f56b98f ($10.03 in chips)
Seat 4: 8679d866 ($11.33 in chips)
Seat 6: 9968a3b2 ($13.27 in chips)
9968a3b2: posts small blind $0.05
Hero: posts big blind $0.1
*** HOLE CARDS ***
Dealt to Hero [5s 5h]
Dealt to e56726e9 
Dealt to 1f56b98f 
Dealt to 8679d866 
Dealt to 9968a3b2 
e56726e9: folds
1f56b98f: folds
8679d866: raises $0.15 to $0.25
9968a3b2: calls $0.2
Hero: calls $0.15
*** FLOP *** [8s Kh Ks]
9968a3b2: checks
Hero: checks
8679d866: checks
*** TURN *** [8s Kh Ks] [8h]
9968a3b2: checks
Hero: checks
8679d866: checks
*** RIVER *** [8s Kh Ks 8h] [Th]
9968a3b2: checks
Hero: bets $0.45
8679d866: folds
9968a3b2: calls $0.45
Hero: shows [5s 5h] (Pair of Kings and Pair of Eights)
9968a3b2: shows [Td Qd] (Pair of Kings and Pair of Tens)
*** SHOWDOWN ***
9968a3b2 collected $1.57 from pot
*** SUMMARY ***
Total pot $1.65 | Rake $0.08 | Jackpot $0 | Bingo $0 | Fortune $0 | Tax $0
Board [8s Kh Ks 8h Th]
Seat 1: Hero (big blind) showed [5s 5h] and lost with Pair of Kings and Pair of Eights
Seat 2: e56726e9 folded before Flop (didn't bet)
Seat 3: 1f56b98f folded before Flop (didn't bet)
Seat 4: 8679d866 (button) folded on the River
Seat 6: 9968a3b2 (small blind) showed [Td Qd] and won ($1.57) with Pair of Kings and Pair of Tens


Poker Hand #HD1755925687: Hold'em No Limit ($0.05/$0.1) - 2024/05/02 20:22:36
Table 'NLHRed83' 6-max Seat #3 is the button
Seat 1: Hero ($14.92 in chips)
Seat 2: e56726e9 ($10.79 in chips)
Seat 3: 1f56b98f ($10.03 in chips)
Seat 4: 8679d866 ($11.38 in chips)
Seat 5: 7386831d ($5.16 in chips)
Seat 6: 9968a3b2 ($13.57 in chips)
8679d866: posts small blind $0.05
7386831d: posts big blind $0.1
*** HOLE CARDS ***
Dealt to Hero [Ts Td]
Dealt to e56726e9 
Dealt to 1f56b98f 
Dealt to 8679d866 
Dealt to 7386831d 
Dealt to 9968a3b2 
9968a3b2: raises $0.2 to $0.3
Hero: raises $0.6 to $0.9
e56726e9: folds
1f56b98f: folds
8679d866: folds
7386831d: calls $0.8
9968a3b2: folds
*** FLOP *** [8h Kh Js]
7386831d: checks
Hero: bets $0.71
7386831d: calls $0.71
*** TURN *** [8h Kh Js] [Th]
7386831d: bets $3.55 and is all-in
Hero: calls $3.55
7386831d: shows [As Jh] (Pair of Jacks)
Hero: shows [Ts Td] (Three Tens)
*** FIRST RIVER *** [8h Kh Js Th] [6d]
*** SECOND RIVER *** [8h Kh Js Th] [4c]
*** FIRST SHOWDOWN ***
Hero collected $5.03 from pot
*** SECOND SHOWDOWN ***
Hero collected $5.02 from pot
*** SUMMARY ***
Total pot $10.67 | Rake $0.52 | Jackpot $0.1 | Bingo $0 | Fortune $0 | Tax $0
Hand was run two times
FIRST Board [8h Kh Js Th 6d]
SECOND Board [4c]
Seat 1: Hero showed [Ts Td] and won ($5.03) with Three Tens, and won ($5.02)
Seat 2: e56726e9 folded before Flop (didn't bet)
Seat 3: 1f56b98f (button) folded before Flop (didn't bet)
Seat 4: 8679d866 (small blind) folded before Flop
Seat 5: 7386831d (big blind) showed [As Jh] and lost with Pair of Jacks, and lost
Seat 6: 9968a3b2 folded before Flop


Poker Hand #HD1755925654: Hold'em No Limit ($0.05/$0.1) - 2024/05/02 20:22:23
Table 'NLHRed83' 6-max Seat #2 is the button
Seat 1: Hero ($14.92 in chips)
Seat 2: e56726e9 ($10.79 in chips)
Seat 3: 1f56b98f ($10.08 in chips)
Seat 4: 8679d866 ($11.48 in chips)
Seat 5: 7386831d ($5.01 in chips)
Seat 6: 9968a3b2 ($13.57 in chips)
1f56b98f: posts small blind $0.05
8679d866: posts big blind $0.1
*** HOLE CARDS ***
Dealt to Hero [Ts 7s]
Dealt to e56726e9 
Dealt to 1f56b98f 
Dealt to 8679d866 
Dealt to 7386831d 
Dealt to 9968a3b2 
7386831d: raises $0.1 to $0.2
9968a3b2: folds
Hero: folds
e56726e9: folds
1f56b98f: folds
8679d866: folds
Uncalled bet ($0.1) returned to 7386831d
*** SHOWDOWN ***
7386831d collected $0.25 from pot
*** SUMMARY ***
Total pot $0.25 | Rake $0 | Jackpot $0 | Bingo $0 | Fortune $0 | Tax $0
Seat 1: Hero folded before Flop (didn't bet)
Seat 2: e56726e9 (button) folded before Flop (didn't bet)
Seat 3: 1f56b98f (small blind) folded before Flop
Seat 4: 8679d866 (big blind) folded before Flop
Seat 5: 7386831d collected ($0.25)
Seat 6: 9968a3b2 folded before Flop (didn't bet)


Poker Hand #HD1755835520: Hold'em No Limit ($0.05/$0.1) - 2024/05/02 20:21:16
Table 'NLHRed83' 6-max Seat #1 is the button
Seat 1: Hero ($14.92 in chips)
Seat 2: e56726e9 ($10.82 in chips)
Seat 3: 1f56b98f ($10.11 in chips)
Seat 4: 8679d866 ($11.48 in chips)
Seat 5: 7386831d ($5.01 in chips)
Seat 6: 9968a3b2 ($13.57 in chips)
e56726e9: posts small blind $0.05
1f56b98f: posts big blind $0.1
*** HOLE CARDS ***
Dealt to Hero [Js 9h]
Dealt to e56726e9 
Dealt to 1f56b98f 
Dealt to 8679d866 
Dealt to 7386831d 
Dealt to 9968a3b2 
8679d866: folds
7386831d: folds
9968a3b2: folds
Hero: folds
e56726e9: raises $0.15 to $0.25
1f56b98f: calls $0.15
*** FLOP *** [4s Ad As]
e56726e9: checks
1f56b98f: bets $0.1
e56726e9: calls $0.1
*** TURN *** [4s Ad As] [3d]
e56726e9: checks
1f56b98f: bets $0.39
e56726e9: calls $0.39
*** RIVER *** [4s Ad As 3d] [3c]
e56726e9: checks
1f56b98f: checks
e56726e9: shows [Jd Qd] (Pair of Aces and Pair of Treys)
1f56b98f: shows [Qs 5s] (Pair of Aces and Pair of Treys)
*** SHOWDOWN ***
e56726e9 collected $0.71 from pot
1f56b98f collected $0.71 from pot
*** SUMMARY ***
Total pot $1.48 | Rake $0.06 | Jackpot $0 | Bingo $0 | Fortune $0 | Tax $0
Board [4s Ad As 3d 3c]
Seat 1: Hero (button) folded before Flop (didn't bet)
Seat 2: e56726e9 (small blind) showed [Jd Qd] and won ($0.71) with Pair of Aces and Pair of Treys
Seat 3: 1f56b98f (big blind) showed [Qs 5s] and won ($0.71) with Pair of Aces and Pair of Treys
Seat 4: 8679d866 folded before Flop (didn't bet)
Seat 5: 7386831d folded before Flop (didn't bet)
Seat 6: 9968a3b2 folded before Flop (didn't bet)


Poker Hand #HD1755835491: Hold'em No Limit ($0.05/$0.1) - 2024/05/02 20:21:03
Table 'NLHRed83' 6-max Seat #6 is the button
Seat 1: Hero ($14.97 in chips)
Seat 2: e56726e9 ($10.92 in chips)
Seat 3: 1f56b98f ($10.11 in chips)
Seat 4: 8679d866 ($11.33 in chips)
Seat 6: 9968a3b2 ($13.57 in chips)
Hero: posts small blind $0.05
e56726e9: posts big blind $0.1
*** HOLE CARDS ***
Dealt to Hero [4s 2s]
Dealt to e56726e9 
Dealt to 1f56b98f 
Dealt to 8679d866 
Dealt to 9968a3b2 
1f56b98f: folds
8679d866: raises $0.15 to $0.25
9968a3b2: folds
Hero: folds
e56726e9: folds
Uncalled bet ($0.15) returned to 8679d866
*** SHOWDOWN ***
8679d866 collected $0.25 from pot
*** SUMMARY ***
Total pot $0.25 | Rake $0 | Jackpot $0 | Bingo $0 | Fortune $0 | Tax $0
Seat 1: Hero (small blind) folded before Flop
Seat 2: e56726e9 (big blind) folded before Flop
Seat 3: 1f56b98f folded before Flop (didn't bet)
Seat 4: 8679d866 collected ($0.25)
Seat 6: 9968a3b2 (button) folded before Flop (didn't bet)


Poker Hand #HD1755835378: Hold'em No Limit ($0.05/$0.1) - 2024/05/02 20:20:04
Table 'NLHRed83' 6-max Seat #5 is the button
Seat 1: Hero ($10.51 in chips)
Seat 2: e56726e9 ($10.92 in chips)
Seat 3: 1f56b98f ($10.11 in chips)
Seat 4: 8679d866 ($11.33 in chips)
Seat 5: 7386831d ($5 in chips)
Seat 6: 9968a3b2 ($13.62 in chips)
9968a3b2: posts small blind $0.05
Hero: posts big blind $0.1
*** HOLE CARDS ***
Dealt to Hero [9c 9d]
Dealt to e56726e9 
Dealt to 1f56b98f 
Dealt to 8679d866 
Dealt to 7386831d 
Dealt to 9968a3b2 
e56726e9: folds
1f56b98f: folds
8679d866: folds
7386831d: raises $0.1 to $0.2
9968a3b2: folds
Hero: calls $0.1
*** FLOP *** [4h 9s Qd]
Hero: checks
7386831d: bets $0.23
Hero: raises $0.61 to $0.84
7386831d: calls $0.61
*** TURN *** [4h 9s Qd] [8s]
Hero: bets $0.91
7386831d: calls $0.91
*** RIVER *** [4h 9s Qd 8s] [Th]
Hero: checks
7386831d: bets $3.05 and is all-in
Hero: calls $3.05
7386831d: shows [8h Qs] (Pair of Queens and Pair of Eights)
Hero: shows [9c 9d] (Three Nines)
*** SHOWDOWN ***
Hero collected $9.46 from pot
*** SUMMARY ***
Total pot $10.05 | Rake $0.49 | Jackpot $0.1 | Bingo $0 | Fortune $0 | Tax $0
Board [4h 9s Qd 8s Th]
Seat 1: Hero (big blind) showed [9c 9d] and won ($9.46) with Three Nines
Seat 2: e56726e9 folded before Flop (didn't bet)
Seat 3: 1f56b98f folded before Flop (didn't bet)
Seat 4: 8679d866 folded before Flop (didn't bet)
Seat 5: 7386831d (button) showed [8h Qs] and lost with Pair of Queens and Pair of Eights
Seat 6: 9968a3b2 (small blind) folded before Flop


Poker Hand #HD1755835355: Hold'em No Limit ($0.05/$0.1) - 2024/05/02 20:19:52
Table 'NLHRed83' 6-max Seat #4 is the button
Seat 1: Hero ($10.51 in chips)
Seat 2: e56726e9 ($10.92 in chips)
Seat 3: 1f56b98f ($10.11 in chips)
Seat 4: 8679d866 ($11.33 in chips)
Seat 5: 7386831d ($4.9 in chips)
Seat 6: 9968a3b2 ($13.72 in chips)
7386831d: posts small blind $0.05
9968a3b2: posts big blind $0.1
*** HOLE CARDS ***
Dealt to Hero [2s 9h]
Dealt to e56726e9 
Dealt to 1f56b98f 
Dealt to 8679d866 
Dealt to 7386831d 
Dealt to 9968a3b2 
Hero: folds
e56726e9: folds
1f56b98f: folds
8679d866: folds
7386831d: raises $0.1 to $0.2
9968a3b2: folds
Uncalled bet ($0.1) returned to 7386831d
*** SHOWDOWN ***
7386831d collected $0.2 from pot
*** SUMMARY ***
Total pot $0.2 | Rake $0 | Jackpot $0 | Bingo $0 | Fortune $0 | Tax $0
Seat 1: Hero folded before Flop (didn't bet)
Seat 2: e56726e9 folded before Flop (didn't bet)
Seat 3: 1f56b98f folded before Flop (didn't bet)
Seat 4: 8679d866 (button) folded before Flop (didn't bet)
Seat 5: 7386831d (small blind) collected ($0.2)
Seat 6: 9968a3b2 (big blind) folded before Flop


Poker Hand #HD1755835263: Hold'em No Limit ($0.05/$0.1) - 2024/05/02 20:19:05
Table 'NLHRed83' 6-max Seat #3 is the button
Seat 1: Hero ($10.51 in chips)
Seat 2: e56726e9 ($10.92 in chips)
Seat 3: 1f56b98f ($12.02 in chips)
Seat 4: 8679d866 ($11.38 in chips)
Seat 5: 7386831d ($5 in chips)
Seat 6: 9968a3b2 ($11.95 in chips)
8679d866: posts small blind $0.05
7386831d: posts big blind $0.1
*** HOLE CARDS ***
Dealt to Hero [Jh 2h]
Dealt to e56726e9 
Dealt to 1f56b98f 
Dealt to 8679d866 
Dealt to 7386831d 
Dealt to 9968a3b2 
9968a3b2: raises $0.2 to $0.3
Hero: folds
e56726e9: folds
1f56b98f: raises $0.57 to $0.87
8679d866: folds
7386831d: folds
9968a3b2: calls $0.57
*** FLOP *** [5h Ah 5s]
9968a3b2: checks
1f56b98f: bets $1.04
9968a3b2: calls $1.04
*** TURN *** [5h Ah 5s] [Qs]
9968a3b2: checks
1f56b98f: checks
*** RIVER *** [5h Ah 5s Qs] [5c]
9968a3b2: bets $1.99
1f56b98f: folds
Uncalled bet ($1.99) returned to 9968a3b2
*** SHOWDOWN ***
9968a3b2 collected $3.68 from pot
*** SUMMARY ***
Total pot $3.97 | Rake $0.19 | Jackpot $0.1 | Bingo $0 | Fortune $0 | Tax $0
Board [5h Ah 5s Qs 5c]
Seat 1: Hero folded before Flop (didn't bet)
Seat 2: e56726e9 folded before Flop (didn't bet)
Seat 3: 1f56b98f (button) folded on the River
Seat 4: 8679d866 (small blind) folded before Flop
Seat 5: 7386831d (big blind) folded before Flop
Seat 6: 9968a3b2 won ($3.68)


Poker Hand #HD1755835104: Hold'em No Limit ($0.05/$0.1) - 2024/05/02 20:17:52
Table 'NLHRed83' 6-max Seat #2 is the button
Seat 1: Hero ($10.51 in chips)
Seat 2: e56726e9 ($10.06 in chips)
Seat 3: 1f56b98f ($12.07 in chips)
Seat 4: 8679d866 ($12.28 in chips)
Seat 6: 9968a3b2 ($11.95 in chips)
1f56b98f: posts small blind $0.05
8679d866: posts big blind $0.1
*** HOLE CARDS ***
Dealt to Hero [9h 8c]
Dealt to e56726e9 
Dealt to 1f56b98f 
Dealt to 8679d866 
Dealt to 9968a3b2 
9968a3b2: folds
Hero: folds
e56726e9: raises $0.15 to $0.25
1f56b98f: folds
8679d866: calls $0.15
*** FLOP *** [7h 6c 6d]
8679d866: checks
e56726e9: checks
*** TURN *** [7h 6c 6d] [8d]
8679d866: bets $0.28
e56726e9: calls $0.28
*** RIVER *** [7h 6c 6d 8d] [2s]
8679d866: bets $0.37
e56726e9: raises $1.39 to $1.76
8679d866: folds
Uncalled bet ($1.39) returned to e56726e9
*** SHOWDOWN ***
e56726e9 collected $1.76 from pot
*** SUMMARY ***
Total pot $1.85 | Rake $0.09 | Jackpot $0 | Bingo $0 | Fortune $0 | Tax $0
Board [7h 6c 6d 8d 2s]
Seat 1: Hero folded before Flop (didn't bet)
Seat 2: e56726e9 (button) won ($1.76)
Seat 3: 1f56b98f (small blind) folded before Flop
Seat 4: 8679d866 (big blind) folded on the River
Seat 6: 9968a3b2 folded before Flop (didn't bet)


Poker Hand #HD1755835077: Hold'em No Limit ($0.05/$0.1) - 2024/05/02 20:17:41
Table 'NLHRed83' 6-max Seat #1 is the button
Seat 1: Hero ($10.51 in chips)
Seat 2: e56726e9 ($10.11 in chips)
Seat 3: 1f56b98f ($12.02 in chips)
Seat 4: 8679d866 ($12.28 in chips)
Seat 6: 9968a3b2 ($11.95 in chips)
e56726e9: posts small blind $0.05
1f56b98f: posts big blind $0.1
*** HOLE CARDS ***
Dealt to Hero [9h 8d]
Dealt to e56726e9 
Dealt to 1f56b98f 
Dealt to 8679d866 
Dealt to 9968a3b2 
8679d866: folds
9968a3b2: folds
Hero: folds
e56726e9: folds
Uncalled bet ($0.05) returned to 1f56b98f
*** SHOWDOWN ***
1f56b98f collected $0.1 from pot
*** SUMMARY ***
Total pot $0.1 | Rake $0 | Jackpot $0 | Bingo $0 | Fortune $0 | Tax $0
Seat 1: Hero (button) folded before Flop (didn't bet)
Seat 2: e56726e9 (small blind) folded before Flop
Seat 3: 1f56b98f (big blind) collected ($0.1)
Seat 4: 8679d866 folded before Flop (didn't bet)
Seat 6: 9968a3b2 folded before Flop (didn't bet)


Poker Hand #HD1755834943: Hold'em No Limit ($0.05/$0.1) - 2024/05/02 20:16:31
Table 'NLHRed83' 6-max Seat #6 is the button
Seat 1: Hero ($10.56 in chips)
Seat 2: e56726e9 ($12.06 in chips)
Seat 3: 1f56b98f ($12.02 in chips)
Seat 4: 8679d866 ($12.53 in chips)
Seat 6: 9968a3b2 ($10 in chips)
Hero: posts small blind $0.05
e56726e9: posts big blind $0.1
*** HOLE CARDS ***
Dealt to Hero [7s 6d]
Dealt to e56726e9 
Dealt to 1f56b98f 
Dealt to 8679d866 
Dealt to 9968a3b2 
1f56b98f: folds
8679d866: raises $0.15 to $0.25
9968a3b2: calls $0.25
Hero: folds
e56726e9: calls $0.15
*** FLOP *** [Qh 4d 3c]
e56726e9: checks
8679d866: checks
9968a3b2: checks
*** TURN *** [Qh 4d 3c] [Kc]
e56726e9: bets $0.6
8679d866: folds
9968a3b2: calls $0.6
*** RIVER *** [Qh 4d 3c Kc] [Qd]
e56726e9: bets $1.1
9968a3b2: calls $1.1
e56726e9: shows [3h 4h] (Pair of Queens and Pair of Fours)
9968a3b2: shows [Kh Jh] (Pair of Kings and Pair of Queens)
*** SHOWDOWN ***
9968a3b2 collected $3.9 from pot
*** SUMMARY ***
Total pot $4.2 | Rake $0.2 | Jackpot $0.1 | Bingo $0 | Fortune $0 | Tax $0
Board [Qh 4d 3c Kc Qd]
Seat 1: Hero (small blind) folded before Flop
Seat 2: e56726e9 (big blind) showed [3h 4h] and lost with Pair of Queens and Pair of Fours
Seat 3: 1f56b98f folded before Flop (didn't bet)
Seat 4: 8679d866 folded on the Turn
Seat 6: 9968a3b2 (button) showed [Kh Jh] and won ($3.9) with Pair of Kings and Pair of Queens


Poker Hand #HD1755834827: Hold'em No Limit ($0.05/$0.1) - 2024/05/02 20:15:37
Table 'NLHRed83' 6-max Seat #4 is the button
Seat 1: Hero ($10.66 in chips)
Seat 2: e56726e9 ($12.06 in chips)
Seat 3: 1f56b98f ($10.45 in chips)
Seat 4: 8679d866 ($12.53 in chips)
Seat 6: 9968a3b2 ($10.05 in chips)
9968a3b2: posts small blind $0.05
Hero: posts big blind $0.1
*** HOLE CARDS ***
Dealt to Hero [2c 3s]
Dealt to e56726e9 
Dealt to 1f56b98f 
Dealt to 8679d866 
Dealt to 9968a3b2 
e56726e9: folds
1f56b98f: raises $0.15 to $0.25
8679d866: folds
9968a3b2: raises $0.55 to $0.8
Hero: folds
1f56b98f: calls $0.55
*** FLOP *** [9c 4d Jh]
9968a3b2: checks
1f56b98f: checks
*** TURN *** [9c 4d Jh] [7s]
9968a3b2: checks
1f56b98f: bets $0.94
9968a3b2: calls $0.94
*** RIVER *** [9c 4d Jh 7s] [9d]
9968a3b2: checks
1f56b98f: checks
9968a3b2: shows [Qh Ah] (Pair of Nines)
1f56b98f: shows [Ac Jc] (Pair of Jacks and Pair of Nines)
*** SHOWDOWN ***
1f56b98f collected $3.31 from pot
*** SUMMARY ***
Total pot $3.58 | Rake $0.17 | Jackpot $0.1 | Bingo $0 | Fortune $0 | Tax $0
Board [9c 4d Jh 7s 9d]
Seat 1: Hero (big blind) folded before Flop
Seat 2: e56726e9 folded before Flop (didn't bet)
Seat 3: 1f56b98f showed [Ac Jc] and won ($3.31) with Pair of Jacks and Pair of Nines
Seat 4: 8679d866 (button) folded before Flop (didn't bet)
Seat 6: 9968a3b2 (small blind) showed [Qh Ah] and lost with Pair of Nines


Poker Hand #HD1755834807: Hold'em No Limit ($0.05/$0.1) - 2024/05/02 20:15:26
Table 'NLHRed83' 6-max Seat #3 is the button
Seat 1: Hero ($10.51 in chips)
Seat 2: e56726e9 ($12.06 in chips)
Seat 3: 1f56b98f ($10.45 in chips)
Seat 4: 8679d866 ($12.58 in chips)
Seat 6: 9968a3b2 ($10.15 in chips)
8679d866: posts small blind $0.05
9968a3b2: posts big blind $0.1
*** HOLE CARDS ***
Dealt to Hero [Ad Js]
Dealt to e56726e9 
Dealt to 1f56b98f 
Dealt to 8679d866 
Dealt to 9968a3b2 
Hero: raises $0.14 to $0.24
e56726e9: folds
1f56b98f: folds
8679d866: folds
9968a3b2: folds
Uncalled bet ($0.14) returned to Hero
*** SHOWDOWN ***
Hero collected $0.25 from pot
*** SUMMARY ***
Total pot $0.25 | Rake $0 | Jackpot $0 | Bingo $0 | Fortune $0 | Tax $0
Seat 1: Hero collected ($0.25)
Seat 2: e56726e9 folded before Flop (didn't bet)
Seat 3: 1f56b98f (button) folded before Flop (didn't bet)
Seat 4: 8679d866 (small blind) folded before Flop
Seat 6: 9968a3b2 (big blind) folded before Flop


Poker Hand #HD1755834786: Hold'em No Limit ($0.05/$0.1) - 2024/05/02 20:15:16
Table 'NLHRed83' 6-max Seat #2 is the button
Seat 1: Hero ($10.51 in chips)
Seat 2: e56726e9 ($12.06 in chips)
Seat 3: 1f56b98f ($10.5 in chips)
Seat 4: 8679d866 ($12.53 in chips)
Seat 6: 9968a3b2 ($10.15 in chips)
1f56b98f: posts small blind $0.05
8679d866: posts big blind $0.1
*** HOLE CARDS ***
Dealt to Hero [5c 6h]
Dealt to e56726e9 
Dealt to 1f56b98f 
Dealt to 8679d866 
Dealt to 9968a3b2 
9968a3b2: folds
Hero: folds
e56726e9: folds
1f56b98f: folds
Uncalled bet ($0.05) returned to 8679d866
*** SHOWDOWN ***
8679d866 collected $0.1 from pot
*** SUMMARY ***
Total pot $0.1 | Rake $0 | Jackpot $0 | Bingo $0 | Fortune $0 | Tax $0
Seat 1: Hero folded before Flop (didn't bet)
Seat 2: e56726e9 (button) folded before Flop (didn't bet)
Seat 3: 1f56b98f (small blind) folded before Flop
Seat 4: 8679d866 (big blind) collected ($0.1)
Seat 6: 9968a3b2 folded before Flop (didn't bet)


Poker Hand #HD1755834648: Hold'em No Limit ($0.05/$0.1) - 2024/05/02 20:14:08
Table 'NLHRed83' 6-max Seat #1 is the button
Seat 1: Hero ($10.51 in chips)
Seat 2: e56726e9 ($13.26 in chips)
Seat 3: 1f56b98f ($10.6 in chips)
Seat 4: 8679d866 ($11.35 in chips)
Seat 6: 9968a3b2 ($10.15 in chips)
e56726e9: posts small blind $0.05
1f56b98f: posts big blind $0.1
*** HOLE CARDS ***
Dealt to Hero [2s Ah]
Dealt to e56726e9 
Dealt to 1f56b98f 
Dealt to 8679d866 
Dealt to 9968a3b2 
8679d866: raises $0.15 to $0.25
9968a3b2: folds
Hero: folds
e56726e9: calls $0.2
1f56b98f: folds
*** FLOP *** [3c Qh 4s]
e56726e9: checks
8679d866: bets $0.2
e56726e9: calls $0.2
*** TURN *** [3c Qh 4s] [4d]
e56726e9: checks
8679d866: bets $0.75
e56726e9: calls $0.75
*** RIVER *** [3c Qh 4s 4d] [Kd]
e56726e9: checks
8679d866: bets $1.25
e56726e9: folds
Uncalled bet ($1.25) returned to 8679d866
*** SHOWDOWN ***
8679d866 collected $2.38 from pot
*** SUMMARY ***
Total pot $2.5 | Rake $0.12 | Jackpot $0 | Bingo $0 | Fortune $0 | Tax $0
Board [3c Qh 4s 4d Kd]
Seat 1: Hero (button) folded before Flop (didn't bet)
Seat 2: e56726e9 (small blind) folded on the River
Seat 3: 1f56b98f (big blind) folded before Flop
Seat 4: 8679d866 won ($2.38)
Seat 6: 9968a3b2 folded before Flop (didn't bet)


Poker Hand #HD1755834619: Hold'em No Limit ($0.05/$0.1) - 2024/05/02 20:13:55
Table 'NLHRed83' 6-max Seat #6 is the button
Seat 1: Hero ($10.56 in chips)
Seat 2: e56726e9 ($13.36 in chips)
Seat 3: 1f56b98f ($10.6 in chips)
Seat 4: 8679d866 ($11.35 in chips)
Seat 6: 9968a3b2 ($10 in chips)
Hero: posts small blind $0.05
e56726e9: posts big blind $0.1
*** HOLE CARDS ***
Dealt to Hero [5s Jd]
Dealt to e56726e9 
Dealt to 1f56b98f 
Dealt to 8679d866 
Dealt to 9968a3b2 
1f56b98f: folds
8679d866: folds
9968a3b2: raises $0.2 to $0.3
Hero: folds
e56726e9: folds
Uncalled bet ($0.2) returned to 9968a3b2
*** SHOWDOWN ***
9968a3b2 collected $0.25 from pot
*** SUMMARY ***
Total pot $0.25 | Rake $0 | Jackpot $0 | Bingo $0 | Fortune $0 | Tax $0
Seat 1: Hero (small blind) folded before Flop
Seat 2: e56726e9 (big blind) folded before Flop
Seat 3: 1f56b98f folded before Flop (didn't bet)
Seat 4: 8679d866 folded before Flop (didn't bet)
Seat 6: 9968a3b2 (button) collected ($0.25)


Poker Hand #HD1755834524: Hold'em No Limit ($0.05/$0.1) - 2024/05/02 20:13:09
Table 'NLHRed83' 6-max Seat #5 is the button
Seat 1: Hero ($10 in chips)
Seat 2: e56726e9 ($13.36 in chips)
Seat 3: 1f56b98f ($11.16 in chips)
Seat 4: 8679d866 ($11.35 in chips)
Seat 5: 6f16ab68 ($16.97 in chips)
Seat 6: 9968a3b2 ($10 in chips)
9968a3b2: posts small blind $0.05
Hero: posts big blind $0.1
*** HOLE CARDS ***
Dealt to Hero [Ks Qd]
Dealt to e56726e9 
Dealt to 1f56b98f 
Dealt to 8679d866 
Dealt to 6f16ab68 
Dealt to 9968a3b2 
e56726e9: folds
1f56b98f: raises $0.15 to $0.25
8679d866: folds
6f16ab68: folds
9968a3b2: folds
Hero: calls $0.15
*** FLOP *** [Kd 6s 5c]
Hero: checks
1f56b98f: bets $0.31
Hero: calls $0.31
*** TURN *** [Kd 6s 5c] [6d]
Hero: checks
1f56b98f: checks
*** RIVER *** [Kd 6s 5c 6d] [Jd]
Hero: bets $0.5
1f56b98f: folds
Uncalled bet ($0.5) returned to Hero
*** SHOWDOWN ***
Hero collected $1.12 from pot
*** SUMMARY ***
Total pot $1.17 | Rake $0.05 | Jackpot $0 | Bingo $0 | Fortune $0 | Tax $0
Board [Kd 6s 5c 6d Jd]
Seat 1: Hero (big blind) won ($1.12)
Seat 2: e56726e9 folded before Flop (didn't bet)
Seat 3: 1f56b98f folded on the River
Seat 4: 8679d866 folded before Flop (didn't bet)
Seat 5: 6f16ab68 (button) folded before Flop (didn't bet)
Seat 6: 9968a3b2 (small blind) folded before Flop


Poker Hand #HD1755834480: Hold'em No Limit ($0.05/$0.1) - 2024/05/02 20:12:46
Table 'NLHRed83' 6-max Seat #4 is the button
Seat 1: Hero ($10 in chips)
Seat 2: e56726e9 ($13.36 in chips)
Seat 3: 1f56b98f ($11.41 in chips)
Seat 4: 8679d866 ($10.98 in chips)
Seat 5: 6f16ab68 ($17.02 in chips)
Seat 6: 9968a3b2 ($10 in chips)
6f16ab68: posts small blind $0.05
9968a3b2: posts big blind $0.1
*** HOLE CARDS ***
Dealt to Hero [8c Qd]
Dealt to e56726e9 
Dealt to 1f56b98f 
Dealt to 8679d866 
Dealt to 6f16ab68 
Dealt to 9968a3b2 
Hero: folds
e56726e9: folds
1f56b98f: raises $0.15 to $0.25
8679d866: raises $0.5 to $0.75
6f16ab68: folds
9968a3b2: folds
1f56b98f: folds
Uncalled bet ($0.5) returned to 8679d866
*** SHOWDOWN ***
8679d866 collected $0.62 from pot
*** SUMMARY ***
Total pot $0.65 | Rake $0.03 | Jackpot $0 | Bingo $0 | Fortune $0 | Tax $0
Seat 1: Hero folded before Flop (didn't bet)
Seat 2: e56726e9 folded before Flop (didn't bet)
Seat 3: 1f56b98f folded before Flop
Seat 4: 8679d866 (button) collected ($0.62)
Seat 5: 6f16ab68 (small blind) folded before Flop
Seat 6: 9968a3b2 (big blind) folded before Flop


Poker Hand #HD1755834448: Hold'em No Limit ($0.05/$0.1) - 2024/05/02 20:12:30
Table 'NLHRed83' 6-max Seat #3 is the button
Seat 1: Hero ($10 in chips)
Seat 2: e56726e9 ($13.36 in chips)
Seat 3: 1f56b98f ($11.41 in chips)
Seat 4: 8679d866 ($11.03 in chips)
Seat 5: 6f16ab68 ($16.97 in chips)
Seat 6: 9968a3b2 ($10 in chips)
8679d866: posts small blind $0.05
6f16ab68: posts big blind $0.1
*** HOLE CARDS ***
Dealt to Hero [2h 5s]
Dealt to e56726e9 
Dealt to 1f56b98f 
Dealt to 8679d866 
Dealt to 6f16ab68 
Dealt to 9968a3b2 
9968a3b2: folds
Hero: folds
e56726e9: folds
1f56b98f: folds
8679d866: folds
Uncalled bet ($0.05) returned to 6f16ab68
*** SHOWDOWN ***
6f16ab68 collected $0.1 from pot
*** SUMMARY ***
Total pot $0.1 | Rake $0 | Jackpot $0 | Bingo $0 | Fortune $0 | Tax $0
Seat 1: Hero folded before Flop (didn't bet)
Seat 2: e56726e9 folded before Flop (didn't bet)
Seat 3: 1f56b98f (button) folded before Flop (didn't bet)
Seat 4: 8679d866 (small blind) folded before Flop
Seat 5: 6f16ab68 (big blind) collected ($0.1)
Seat 6: 9968a3b2 folded before Flop (didn't bet)


Poker Hand #HD1755834355: Hold'em No Limit ($0.05/$0.1) - 2024/05/02 20:11:38
Table 'NLHRed83' 6-max Seat #2 is the button
Seat 1: Hero ($10 in chips)
Seat 2: e56726e9 ($13.03 in chips)
Seat 3: 1f56b98f ($11.46 in chips)
Seat 4: 8679d866 ($11.13 in chips)
Seat 5: 6f16ab68 ($17.17 in chips)
Seat 6: 9968a3b2 ($10 in chips)
1f56b98f: posts small blind $0.05
8679d866: posts big blind $0.1
*** HOLE CARDS ***
Dealt to Hero [2c 5d]
Dealt to e56726e9 
Dealt to 1f56b98f 
Dealt to 8679d866 
Dealt to 6f16ab68 
Dealt to 9968a3b2 
6f16ab68: raises $0.1 to $0.2
9968a3b2: folds
Hero: folds
e56726e9: calls $0.2
1f56b98f: folds
8679d866: folds
*** FLOP *** [4d 6h 2h]
6f16ab68: checks
e56726e9: checks
*** TURN *** [4d 6h 2h] [8c]
6f16ab68: checks
e56726e9: bets $0.31
6f16ab68: folds
Uncalled bet ($0.31) returned to e56726e9
*** SHOWDOWN ***
e56726e9 collected $0.53 from pot
*** SUMMARY ***
Total pot $0.55 | Rake $0.02 | Jackpot $0 | Bingo $0 | Fortune $0 | Tax $0
Board [4d 6h 2h 8c]
Seat 1: Hero folded before Flop (didn't bet)
Seat 2: e56726e9 (button) won ($0.53)
Seat 3: 1f56b98f (small blind) folded before Flop
Seat 4: 8679d866 (big blind) folded before Flop
Seat 5: 6f16ab68 folded on the Turn
Seat 6: 9968a3b2 folded before Flop (didn't bet)


Poker Hand #HD1755834212: Hold'em No Limit ($0.05/$0.1) - 2024/05/02 20:10:24
Table 'NLHRed83' 6-max Seat #1 is the button
Seat 1: Hero ($10 in chips)
Seat 2: e56726e9 ($9.89 in chips)
Seat 3: 1f56b98f ($11.56 in chips)
Seat 4: 8679d866 ($11.13 in chips)
Seat 5: 6f16ab68 ($17.17 in chips)
Seat 6: 9968a3b2 ($10 in chips)
e56726e9: posts small blind $0.05
1f56b98f: posts big blind $0.1
*** HOLE CARDS ***
Dealt to Hero [Qd Kd]
Dealt to e56726e9 
Dealt to 1f56b98f 
Dealt to 8679d866 
Dealt to 6f16ab68 
Dealt to 9968a3b2 
8679d866: folds
6f16ab68: folds
9968a3b2: folds
Hero: raises $0.14 to $0.24
e56726e9: raises $0.44 to $0.68
1f56b98f: folds
Hero: calls $0.44
*** FLOP *** [3d Tc Js]
e56726e9: checks
Hero: bets $0.79
e56726e9: calls $0.79
*** TURN *** [3d Tc Js] [7c]
e56726e9: checks
Hero: bets $2.01
e56726e9: calls $2.01
*** RIVER *** [3d Tc Js 7c] [Qc]
e56726e9: bets $3.89
Hero: folds
Uncalled bet ($3.89) returned to e56726e9
*** SHOWDOWN ***
e56726e9 collected $6.62 from pot
*** SUMMARY ***
Total pot $7.06 | Rake $0.34 | Jackpot $0.1 | Bingo $0 | Fortune $0 | Tax $0
Board [3d Tc Js 7c Qc]
Seat 1: Hero (button) folded on the River
Seat 2: e56726e9 (small blind) won ($6.62)
Seat 3: 1f56b98f (big blind) folded before Flop
Seat 4: 8679d866 folded before Flop (didn't bet)
Seat 5: 6f16ab68 folded before Flop (didn't bet)
Seat 6: 9968a3b2 folded before Flop (didn't bet)


Poker Hand #HD1755834179: Hold'em No Limit ($0.05/$0.1) - 2024/05/02 20:10:09
Table 'NLHRed83' 6-max Seat #6 is the button
Seat 1: Hero ($10 in chips)
Seat 2: e56726e9 ($9.99 in chips)
Seat 3: 1f56b98f ($11.41 in chips)
Seat 4: 8679d866 ($11.13 in chips)
Seat 5: 6f16ab68 ($17.17 in chips)
Seat 6: 9968a3b2 ($10 in chips)
Hero: posts small blind $0.05
e56726e9: posts big blind $0.1
*** HOLE CARDS ***
Dealt to Hero [Js 5h]
Dealt to e56726e9 
Dealt to 1f56b98f 
Dealt to 8679d866 
Dealt to 6f16ab68 
Dealt to 9968a3b2 
1f56b98f: raises $0.15 to $0.25
8679d866: folds
6f16ab68: folds
9968a3b2: folds
Hero: folds
e56726e9: folds
Uncalled bet ($0.15) returned to 1f56b98f
*** SHOWDOWN ***
1f56b98f collected $0.25 from pot
*** SUMMARY ***
Total pot $0.25 | Rake $0 | Jackpot $0 | Bingo $0 | Fortune $0 | Tax $0
Seat 1: Hero (small blind) folded before Flop
Seat 2: e56726e9 (big blind) folded before Flop
Seat 3: 1f56b98f collected ($0.25)
Seat 4: 8679d866 folded before Flop (didn't bet)
Seat 5: 6f16ab68 folded before Flop (didn't bet)
Seat 6: 9968a3b2 (button) folded before Flop (didn't bet)


Poker Hand #HD1755834167: Hold'em No Limit ($0.05/$0.1) - 2024/05/02 20:09:58
Table 'NLHRed83' 6-max Seat #5 is the button
Seat 1: Hero ($10 in chips)
Seat 2: e56726e9 ($9.99 in chips)
Seat 3: 1f56b98f ($11.41 in chips)
Seat 4: 8679d866 ($11.13 in chips)
Seat 5: 6f16ab68 ($17.02 in chips)
Seat 6: 9968a3b2 ($10 in chips)
9968a3b2: posts small blind $0.05
Hero: posts big blind $0.1
*** HOLE CARDS ***
Dealt to Hero [3c Ad]
Dealt to e56726e9 
Dealt to 1f56b98f 
Dealt to 8679d866 
Dealt to 6f16ab68 
Dealt to 9968a3b2 
e56726e9: folds
1f56b98f: folds
8679d866: folds
6f16ab68: raises $0.1 to $0.2
9968a3b2: folds
Hero: folds
Uncalled bet ($0.1) returned to 6f16ab68
*** SHOWDOWN ***
6f16ab68 collected $0.25 from pot
*** SUMMARY ***
Total pot $0.25 | Rake $0 | Jackpot $0 | Bingo $0 | Fortune $0 | Tax $0
Seat 1: Hero (big blind) folded before Flop
Seat 2: e56726e9 folded before Flop (didn't bet)
Seat 3: 1f56b98f folded before Flop (didn't bet)
Seat 4: 8679d866 folded before Flop (didn't bet)
Seat 5: 6f16ab68 (button) collected ($0.25)
Seat 6: 9968a3b2 (small blind) folded before Flop


Poker Hand #HD1755834131: Hold'em No Limit ($0.05/$0.1) - 2024/05/02 20:09:38
Table 'NLHRed83' 6-max Seat #4 is the button
Seat 1: Hero ($10 in chips)
Seat 2: e56726e9 ($9.99 in chips)
Seat 3: 1f56b98f ($11.26 in chips)
Seat 4: 8679d866 ($11.13 in chips)
Seat 5: 6f16ab68 ($17.07 in chips)
Seat 6: 9968a3b2 ($10 in chips)
6f16ab68: posts small blind $0.05
9968a3b2: posts big blind $0.1
*** HOLE CARDS ***
Dealt to Hero [7d 6h]
Dealt to e56726e9 
Dealt to 1f56b98f 
Dealt to 8679d866 
Dealt to 6f16ab68 
Dealt to 9968a3b2 
Hero: folds
e56726e9: folds
1f56b98f: raises $0.15 to $0.25
8679d866: folds
6f16ab68: folds
9968a3b2: folds
Uncalled bet ($0.15) returned to 1f56b98f
*** SHOWDOWN ***
1f56b98f collected $0.25 from pot
*** SUMMARY ***
Total pot $0.25 | Rake $0 | Jackpot $0 | Bingo $0 | Fortune $0 | Tax $0
Seat 1: Hero folded before Flop (didn't bet)
Seat 2: e56726e9 folded before Flop (didn't bet)
Seat 3: 1f56b98f collected ($0.25)
Seat 4: 8679d866 (button) folded before Flop (didn't bet)
Seat 5: 6f16ab68 (small blind) folded before Flop
Seat 6: 9968a3b2 (big blind) folded before Flop


Poker Hand #HD1755833979: Hold'em No Limit ($0.05/$0.1) - 2024/05/02 20:08:22
Table 'NLHRed83' 6-max Seat #3 is the button
Seat 1: Hero ($10 in chips)
Seat 2: e56726e9 ($9.99 in chips)
Seat 3: 1f56b98f ($11.26 in chips)
Seat 4: 8679d866 ($10 in chips)
Seat 5: 6f16ab68 ($18.32 in chips)
8679d866: posts small blind $0.05
6f16ab68: posts big blind $0.1
*** HOLE CARDS ***
Dealt to Hero [5s Qh]
Dealt to e56726e9 
Dealt to 1f56b98f 
Dealt to 8679d866 
Dealt to 6f16ab68 
Hero: folds
e56726e9: folds
1f56b98f: folds
8679d866: raises $0.2 to $0.3
6f16ab68: calls $0.2
*** FLOP *** [7d 8s Qd]
8679d866: bets $0.2
6f16ab68: calls $0.2
*** TURN *** [7d 8s Qd] [4d]
8679d866: bets $0.75
6f16ab68: calls $0.75
*** RIVER *** [7d 8s Qd 4d] [6d]
8679d866: bets $1.75
6f16ab68: folds
Uncalled bet ($1.75) returned to 8679d866
*** SHOWDOWN ***
8679d866 collected $2.38 from pot
*** SUMMARY ***
Total pot $2.5 | Rake $0.12 | Jackpot $0 | Bingo $0 | Fortune $0 | Tax $0
Board [7d 8s Qd 4d 6d]
Seat 1: Hero folded before Flop (didn't bet)
Seat 2: e56726e9 folded before Flop (didn't bet)
Seat 3: 1f56b98f (button) folded before Flop (didn't bet)
Seat 4: 8679d866 (small blind) won ($2.38)
Seat 5: 6f16ab68 (big blind) folded on the River


Poker Hand #HD1755833952: Hold'em No Limit ($0.05/$0.1) - 2024/05/02 20:08:08
Table 'NLHRed83' 6-max Seat #2 is the button
Seat 1: Hero ($10 in chips)
Seat 2: e56726e9 ($9.99 in chips)
Seat 3: 1f56b98f ($11.31 in chips)
Seat 4: 8679d866 ($10 in chips)
Seat 5: 6f16ab68 ($18.17 in chips)
1f56b98f: posts small blind $0.05
8679d866: posts big blind $0.1
*** HOLE CARDS ***
Dealt to Hero [5c 2c]
Dealt to e56726e9 
Dealt to 1f56b98f 
Dealt to 8679d866 
Dealt to 6f16ab68 
6f16ab68: raises $0.1 to $0.2
Hero: folds
e56726e9: folds
1f56b98f: folds
8679d866: folds
Uncalled bet ($0.1) returned to 6f16ab68
*** SHOWDOWN ***
6f16ab68 collected $0.25 from pot
*** SUMMARY ***
Total pot $0.25 | Rake $0 | Jackpot $0 | Bingo $0 | Fortune $0 | Tax $0
Seat 1: Hero folded before Flop (didn't bet)
Seat 2: e56726e9 (button) folded before Flop (didn't bet)
Seat 3: 1f56b98f (small blind) folded before Flop
Seat 4: 8679d866 (big blind) folded before Flop
Seat 5: 6f16ab68 collected ($0.25)


Poker Hand #HD1755833865: Hold'em No Limit ($0.05/$0.1) - 2024/05/02 20:07:24
Table 'NLHRed83' 6-max Seat #1 is the button
Seat 1: Hero ($10 in chips)
Seat 2: e56726e9 ($10.04 in chips)
Seat 3: 1f56b98f ($10.77 in chips)
Seat 5: 6f16ab68 ($18.71 in chips)
e56726e9: posts small blind $0.05
1f56b98f: posts big blind $0.1
*** HOLE CARDS ***
Dealt to Hero [4d Th]
Dealt to e56726e9 
Dealt to 1f56b98f 
Dealt to 6f16ab68 
6f16ab68: raises $0.1 to $0.2
Hero: folds
e56726e9: folds
1f56b98f: calls $0.1
*** FLOP *** [7h Ad Kc]
1f56b98f: checks
6f16ab68: checks
*** TURN *** [7h Ad Kc] [5h]
1f56b98f: bets $0.34
6f16ab68: calls $0.34
*** RIVER *** [7h Ad Kc 5h] [8h]
1f56b98f: checks
6f16ab68: checks
1f56b98f: shows [Ac 3c] (Pair of Aces)
6f16ab68: shows [Ts Ks] (Pair of Kings)
*** SHOWDOWN ***
1f56b98f collected $1.08 from pot
*** SUMMARY ***
Total pot $1.13 | Rake $0.05 | Jackpot $0 | Bingo $0 | Fortune $0 | Tax $0
Board [7h Ad Kc 5h 8h]
Seat 1: Hero (button) folded before Flop (didn't bet)
Seat 2: e56726e9 (small blind) folded before Flop
Seat 3: 1f56b98f (big blind) showed [Ac 3c] and won ($1.08) with Pair of Aces
Seat 5: 6f16ab68 showed [Ts Ks] and lost with Pair of Kings


Poker Hand #HD1755833837: Hold'em No Limit ($0.05/$0.1) - 2024/05/02 20:07:12
Table 'NLHRed83' 6-max Seat #5 is the button
Seat 1: Hero ($10 in chips)
Seat 2: e56726e9 ($9.99 in chips)
Seat 3: 1f56b98f ($10.77 in chips)
Seat 5: 6f16ab68 ($18.71 in chips)
Hero: posts small blind $0.05
e56726e9: posts big blind $0.1
*** HOLE CARDS ***
Dealt to Hero [9c Ks]
Dealt to e56726e9 
Dealt to 1f56b98f 
Dealt to 6f16ab68 
1f56b98f: folds
6f16ab68: folds
Hero: folds
Uncalled bet ($0.05) returned to e56726e9
*** SHOWDOWN ***
e56726e9 collected $0.1 from pot
*** SUMMARY ***
Total pot $0.1 | Rake $0 | Jackpot $0 | Bingo $0 | Fortune $0 | Tax $0
Seat 1: Hero (small blind) folded before Flop
Seat 2: e56726e9 (big blind) collected ($0.1)
Seat 3: 1f56b98f folded before Flop (didn't bet)
Seat 5: 6f16ab68 (button) folded before Flop (didn't bet)


Poker Hand #HD1755833687: Hold'em No Limit ($0.05/$0.1) - 2024/05/02 20:05:58
Table 'NLHRed83' 6-max Seat #3 is the button
Seat 1: Hero ($10 in chips)
Seat 2: e56726e9 ($9.99 in chips)
Seat 3: 1f56b98f ($11.02 in chips)
Seat 4: 9e610b6e ($9.43 in chips)
Seat 5: 6f16ab68 ($10.08 in chips)
Seat 6: 853c8476 ($10 in chips)
9e610b6e: posts small blind $0.05
6f16ab68: posts big blind $0.1
*** HOLE CARDS ***
Dealt to Hero [7h 9d]
Dealt to e56726e9 
Dealt to 1f56b98f 
Dealt to 9e610b6e 
Dealt to 6f16ab68 
Dealt to 853c8476 
853c8476: folds
Hero: folds
e56726e9: folds
1f56b98f: raises $0.15 to $0.25
9e610b6e: raises $0.65 to $0.9
6f16ab68: raises $1 to $1.9
1f56b98f: folds
9e610b6e: calls $1
*** FLOP *** [7c 8d Qh]
9e610b6e: checks
6f16ab68: bets $1
9e610b6e: calls $1
*** TURN *** [7c 8d Qh] [Kd]
9e610b6e: checks
6f16ab68: bets $3.03
9e610b6e: raises $3.5 to $6.53 and is all-in
6f16ab68: calls $3.5
9e610b6e: shows [Qd Jd] (Pair of Queens)
6f16ab68: shows [Ah Ac] (Pair of Aces)
*** RIVER *** [7c 8d Qh Kd] [8h]
*** SHOWDOWN ***
6f16ab68 collected $18.06 from pot
*** SUMMARY ***
Total pot $19.11 | Rake $0.95 | Jackpot $0.1 | Bingo $0 | Fortune $0 | Tax $0
Board [7c 8d Qh Kd 8h]
Seat 1: Hero folded before Flop (didn't bet)
Seat 2: e56726e9 folded before Flop (didn't bet)
Seat 3: 1f56b98f (button) folded before Flop
Seat 4: 9e610b6e (small blind) showed [Qd Jd] and lost with Pair of Queens and Pair of Eights
Seat 5: 6f16ab68 (big blind) showed [Ah Ac] and won ($18.06) with Pair of Aces and Pair of Eights
Seat 6: 853c8476 folded before Flop (didn't bet)


Poker Hand #HD1755833610: Hold'em No Limit ($0.05/$0.1) - 2024/05/02 20:05:18
Table 'NLHRed83' 6-max Seat #2 is the button
Seat 1: Hero ($10 in chips)
Seat 2: e56726e9 ($9.99 in chips)
Seat 3: 1f56b98f ($10.75 in chips)
Seat 4: 9e610b6e ($9.73 in chips)
Seat 5: 6f16ab68 ($10.08 in chips)
Seat 6: 853c8476 ($10 in chips)
1f56b98f: posts small blind $0.05
9e610b6e: posts big blind $0.1
*** HOLE CARDS ***
Dealt to Hero [8d 2c]
Dealt to e56726e9 
Dealt to 1f56b98f 
Dealt to 9e610b6e 
Dealt to 6f16ab68 
Dealt to 853c8476 
6f16ab68: folds
853c8476: folds
Hero: folds
e56726e9: folds
1f56b98f: raises $0.2 to $0.3
9e610b6e: calls $0.2
*** FLOP *** [3d Kd 4s]
1f56b98f: bets $0.45
9e610b6e: folds
Uncalled bet ($0.45) returned to 1f56b98f
*** SHOWDOWN ***
1f56b98f collected $0.57 from pot
*** SUMMARY ***
Total pot $0.6 | Rake $0.03 | Jackpot $0 | Bingo $0 | Fortune $0 | Tax $0
Board [3d Kd 4s]
Seat 1: Hero folded before Flop (didn't bet)
Seat 2: e56726e9 (button) folded before Flop (didn't bet)
Seat 3: 1f56b98f (small blind) won ($0.57)
Seat 4: 9e610b6e (big blind) folded on the Flop
Seat 5: 6f16ab68 folded before Flop (didn't bet)
Seat 6: 853c8476 folded before Flop (didn't bet)


Poker Hand #HD1755833392: Hold'em No Limit ($0.05/$0.1) - 2024/05/02 20:03:34
Table 'NLHRed83' 6-max Seat #1 is the button
Seat 1: Hero ($10 in chips)
Seat 2: e56726e9 ($7.69 in chips)
Seat 3: 1f56b98f ($10.85 in chips)
Seat 4: 9e610b6e ($12.28 in chips)
Seat 5: 6f16ab68 ($10.08 in chips)
Seat 6: 853c8476 ($10 in chips)
e56726e9: posts small blind $0.05
1f56b98f: posts big blind $0.1
*** HOLE CARDS ***
Dealt to Hero [8s 8c]
Dealt to e56726e9 
Dealt to 1f56b98f 
Dealt to 9e610b6e 
Dealt to 6f16ab68 
Dealt to 853c8476 
9e610b6e: raises $0.15 to $0.25
6f16ab68: folds
853c8476: folds
Hero: folds
e56726e9: raises $0.6 to $0.85
1f56b98f: folds
9e610b6e: calls $0.6
*** FLOP *** [8d 3c Td]
e56726e9: checks
9e610b6e: bets $0.6
e56726e9: calls $0.6
*** TURN *** [8d 3c Td] [2d]
e56726e9: checks
9e610b6e: bets $1.1
e56726e9: calls $1.1
*** RIVER *** [8d 3c Td 2d] [Jc]
e56726e9: checks
9e610b6e: checks
e56726e9: shows [Qc Qs] (Pair of Queens)
9e610b6e: shows [Kc Jh] (Pair of Jacks)
*** SHOWDOWN ***
e56726e9 collected $4.85 from pot
*** SUMMARY ***
Total pot $5.2 | Rake $0.25 | Jackpot $0.1 | Bingo $0 | Fortune $0 | Tax $0
Board [8d 3c Td 2d Jc]
Seat 1: Hero (button) folded before Flop (didn't bet)
Seat 2: e56726e9 (small blind) showed [Qc Qs] and won ($4.85) with Pair of Queens
Seat 3: 1f56b98f (big blind) folded before Flop
Seat 4: 9e610b6e showed [Kc Jh] and lost with Pair of Jacks
Seat 5: 6f16ab68 folded before Flop (didn't bet)
Seat 6: 853c8476 folded before Flop (didn't bet)


Poker Hand #HD1755833354: Hold'em No Limit ($0.05/$0.1) - 2024/05/02 20:03:14
Table 'NLHRed83' 6-max Seat #6 is the button
Seat 1: Hero ($10 in chips)
Seat 2: e56726e9 ($7.79 in chips)
Seat 3: 1f56b98f ($10.7 in chips)
Seat 4: 9e610b6e ($12.28 in chips)
Seat 5: 6f16ab68 ($10.08 in chips)
Seat 6: 853c8476 ($10 in chips)
Hero: posts small blind $0.05
e56726e9: posts big blind $0.1
*** HOLE CARDS ***
Dealt to Hero [3s Tc]
Dealt to e56726e9 
Dealt to 1f56b98f 
Dealt to 9e610b6e 
Dealt to 6f16ab68 
Dealt to 853c8476 
1f56b98f: raises $0.1 to $0.2
9e610b6e: folds
6f16ab68: folds
853c8476: folds
Hero: folds
e56726e9: folds
Uncalled bet ($0.1) returned to 1f56b98f
*** SHOWDOWN ***
1f56b98f collected $0.25 from pot
*** SUMMARY ***
Total pot $0.25 | Rake $0 | Jackpot $0 | Bingo $0 | Fortune $0 | Tax $0
Seat 1: Hero (small blind) folded before Flop
Seat 2: e56726e9 (big blind) folded before Flop
Seat 3: 1f56b98f collected ($0.25)
Seat 4: 9e610b6e folded before Flop (didn't bet)
Seat 5: 6f16ab68 folded before Flop (didn't bet)
Seat 6: 853c8476 (button) folded before Flop (didn't bet)


Poker Hand #HD1755833319: Hold'em No Limit ($0.05/$0.1) - 2024/05/02 20:02:58
Table 'NLHRed83' 6-max Seat #5 is the button
Seat 1: Hero ($10 in chips)
Seat 2: e56726e9 ($7.64 in chips)
Seat 3: 1f56b98f ($10.7 in chips)
Seat 4: 9e610b6e ($12.28 in chips)
Seat 5: 6f16ab68 ($10.08 in chips)
Seat 6: 853c8476 ($10 in chips)
853c8476: posts small blind $0.05
Hero: posts big blind $0.1
*** HOLE CARDS ***
Dealt to Hero [6c 7d]
Dealt to e56726e9 
Dealt to 1f56b98f 
Dealt to 9e610b6e 
Dealt to 6f16ab68 
Dealt to 853c8476 
e56726e9: raises $0.15 to $0.25
1f56b98f: folds
9e610b6e: folds
6f16ab68: folds
853c8476: folds
Hero: folds
Uncalled bet ($0.15) returned to e56726e9
*** SHOWDOWN ***
e56726e9 collected $0.25 from pot
*** SUMMARY ***
Total pot $0.25 | Rake $0 | Jackpot $0 | Bingo $0 | Fortune $0 | Tax $0
Seat 1: Hero (big blind) folded before Flop
Seat 2: e56726e9 collected ($0.25)
Seat 3: 1f56b98f folded before Flop (didn't bet)
Seat 4: 9e610b6e folded before Flop (didn't bet)
Seat 5: 6f16ab68 (button) folded before Flop (didn't bet)
Seat 6: 853c8476 (small blind) folded before Flop


Poker Hand #HD1755833210: Hold'em No Limit ($0.05/$0.1) - 2024/05/02 20:01:59
Table 'NLHRed83' 6-max Seat #4 is the button
Seat 1: Hero ($10 in chips)
Seat 2: e56726e9 ($7.64 in chips)
Seat 3: 1f56b98f ($11.17 in chips)
Seat 4: 9e610b6e ($11.71 in chips)
Seat 5: 6f16ab68 ($10.13 in chips)
Seat 6: 853c8476 ($10 in chips)
6f16ab68: posts small blind $0.05
853c8476: posts big blind $0.1
*** HOLE CARDS ***
Dealt to Hero [7s Ks]
Dealt to e56726e9 
Dealt to 1f56b98f 
Dealt to 9e610b6e 
Dealt to 6f16ab68 
Dealt to 853c8476 
Hero: folds
e56726e9: folds
1f56b98f: raises $0.15 to $0.25
9e610b6e: calls $0.25
6f16ab68: folds
853c8476: folds
*** FLOP *** [2s Kh 9d]
1f56b98f: bets $0.22
9e610b6e: calls $0.22
*** TURN *** [2s Kh 9d] [2h]
1f56b98f: checks
9e610b6e: checks
*** RIVER *** [2s Kh 9d 2h] [7h]
1f56b98f: checks
9e610b6e: checks
1f56b98f: shows [Js Td] (Pair of Twos)
9e610b6e: shows [9c Ac] (Pair of Nines and Pair of Twos)
*** SHOWDOWN ***
9e610b6e collected $1.04 from pot
*** SUMMARY ***
Total pot $1.09 | Rake $0.05 | Jackpot $0 | Bingo $0 | Fortune $0 | Tax $0
Board [2s Kh 9d 2h 7h]
Seat 1: Hero folded before Flop (didn't bet)
Seat 2: e56726e9 folded before Flop (didn't bet)
Seat 3: 1f56b98f showed [Js Td] and lost with Pair of Twos
Seat 4: 9e610b6e (button) showed [9c Ac] and won ($1.04) with Pair of Nines and Pair of Twos
Seat 5: 6f16ab68 (small blind) folded before Flop
Seat 6: 853c8476 (big blind) folded before Flop


Poker Hand #HD1755833179: Hold'em No Limit ($0.05/$0.1) - 2024/05/02 20:01:44
Table 'NLHRed83' 6-max Seat #3 is the button
Seat 1: Hero ($10 in chips)
Seat 2: e56726e9 ($7.64 in chips)
Seat 3: 1f56b98f ($11.17 in chips)
Seat 4: 9e610b6e ($11.76 in chips)
Seat 5: 6f16ab68 ($10.08 in chips)
Seat 6: 853c8476 ($10 in chips)
9e610b6e: posts small blind $0.05
6f16ab68: posts big blind $0.1
*** HOLE CARDS ***
Dealt to Hero [9s Qh]
Dealt to e56726e9 
Dealt to 1f56b98f 
Dealt to 9e610b6e 
Dealt to 6f16ab68 
Dealt to 853c8476 
853c8476: folds
Hero: folds
e56726e9: folds
1f56b98f: folds
9e610b6e: folds
Uncalled bet ($0.05) returned to 6f16ab68
*** SHOWDOWN ***
6f16ab68 collected $0.1 from pot
*** SUMMARY ***
Total pot $0.1 | Rake $0 | Jackpot $0 | Bingo $0 | Fortune $0 | Tax $0
Seat 1: Hero folded before Flop (didn't bet)
Seat 2: e56726e9 folded before Flop (didn't bet)
Seat 3: 1f56b98f (button) folded before Flop (didn't bet)
Seat 4: 9e610b6e (small blind) folded before Flop
Seat 5: 6f16ab68 (big blind) collected ($0.1)
Seat 6: 853c8476 folded before Flop (didn't bet)


Poker Hand #HD1755833157: Hold'em No Limit ($0.05/$0.1) - 2024/05/02 20:01:34
Table 'NLHRed83' 6-max Seat #2 is the button
Seat 1: Hero ($10 in chips)
Seat 2: e56726e9 ($7.64 in chips)
Seat 3: 1f56b98f ($11.22 in chips)
Seat 4: 9e610b6e ($11.71 in chips)
Seat 5: 6f16ab68 ($10.08 in chips)
Seat 6: 853c8476 ($10 in chips)
1f56b98f: posts small blind $0.05
9e610b6e: posts big blind $0.1
*** HOLE CARDS ***
Dealt to Hero [5c 9s]
Dealt to e56726e9 
Dealt to 1f56b98f 
Dealt to 9e610b6e 
Dealt to 6f16ab68 
Dealt to 853c8476 
6f16ab68: folds
853c8476: folds
Hero: folds
e56726e9: folds
1f56b98f: folds
Uncalled bet ($0.05) returned to 9e610b6e
*** SHOWDOWN ***
9e610b6e collected $0.1 from pot
*** SUMMARY ***
Total pot $0.1 | Rake $0 | Jackpot $0 | Bingo $0 | Fortune $0 | Tax $0
Seat 1: Hero folded before Flop (didn't bet)
Seat 2: e56726e9 (button) folded before Flop (didn't bet)
Seat 3: 1f56b98f (small blind) folded before Flop
Seat 4: 9e610b6e (big blind) collected ($0.1)
Seat 5: 6f16ab68 folded before Flop (didn't bet)
Seat 6: 853c8476 folded before Flop (didn't bet)


Poker Hand #HD1755832984: Hold'em No Limit ($0.05/$0.1) - 2024/05/02 20:00:06
Table 'NLHRed83' 6-max Seat #1 is the button
Seat 1: Hero ($10 in chips)
Seat 2: e56726e9 ($7.69 in chips)
Seat 3: 1f56b98f ($11.32 in chips)
Seat 4: 9e610b6e ($10.32 in chips)
Seat 5: 6f16ab68 ($10.08 in chips)
Seat 6: 853c8476 ($10 in chips)
e56726e9: posts small blind $0.05
1f56b98f: posts big blind $0.1
*** HOLE CARDS ***
Dealt to Hero [Ad Qh]
Dealt to e56726e9 
Dealt to 1f56b98f 
Dealt to 9e610b6e 
Dealt to 6f16ab68 
Dealt to 853c8476 
9e610b6e: raises $0.15 to $0.25
6f16ab68: folds
853c8476: folds
Hero: raises $0.55 to $0.8
e56726e9: folds
1f56b98f: folds
9e610b6e: calls $0.55
*** FLOP *** [8d 8s Jd]
9e610b6e: checks
Hero: bets $0.58
9e610b6e: calls $0.58
*** TURN *** [8d 8s Jd] [Th]
9e610b6e: checks
Hero: checks
*** RIVER *** [8d 8s Jd Th] [5c]
9e610b6e: bets $1.46
Hero: folds
Uncalled bet ($1.46) returned to 9e610b6e
*** SHOWDOWN ***
9e610b6e collected $2.77 from pot
*** SUMMARY ***
Total pot $2.91 | Rake $0.14 | Jackpot $0 | Bingo $0 | Fortune $0 | Tax $0
Board [8d 8s Jd Th 5c]
Seat 1: Hero (button) folded on the River
Seat 2: e56726e9 (small blind) folded before Flop
Seat 3: 1f56b98f (big blind) folded before Flop
Seat 4: 9e610b6e won ($2.77)
Seat 5: 6f16ab68 folded before Flop (didn't bet)
Seat 6: 853c8476 folded before Flop (didn't bet)


Poker Hand #HD1755832969: Hold'em No Limit ($0.05/$0.1) - 2024/05/02 20:00:00
Table 'NLHRed83' 6-max Seat #6 is the button
Seat 1: Hero ($10 in chips)
Seat 2: e56726e9 ($7.64 in chips)
Seat 3: 1f56b98f ($11.32 in chips)
Seat 4: 9e610b6e ($10.32 in chips)
Seat 5: 6f16ab68 ($10.08 in chips)
Seat 6: 853c8476 ($10 in chips)
Hero: posts small blind $0.05
e56726e9: posts big blind $0.1
*** HOLE CARDS ***
Dealt to Hero [8d 4s]
Dealt to e56726e9 
Dealt to 1f56b98f 
Dealt to 9e610b6e 
Dealt to 6f16ab68 
Dealt to 853c8476 
1f56b98f: folds
9e610b6e: folds
6f16ab68: folds
853c8476: folds
Hero: folds
Uncalled bet ($0.05) returned to e56726e9
*** SHOWDOWN ***
e56726e9 collected $0.1 from pot
*** SUMMARY ***
Total pot $0.1 | Rake $0 | Jackpot $0 | Bingo $0 | Fortune $0 | Tax $0
Seat 1: Hero (small blind) folded before Flop
Seat 2: e56726e9 (big blind) collected ($0.1)
Seat 3: 1f56b98f folded before Flop (didn't bet)
Seat 4: 9e610b6e folded before Flop (didn't bet)
Seat 5: 6f16ab68 folded before Flop (didn't bet)
Seat 6: 853c8476 (button) folded before Flop (didn't bet)


Poker Hand #HD1755832814: Hold'em No Limit ($0.05/$0.1) - 2024/05/02 19:58:40
Table 'NLHRed83' 6-max Seat #5 is the button
Seat 1: Hero ($10 in chips)
Seat 2: e56726e9 ($7.64 in chips)
Seat 3: 1f56b98f ($10.13 in chips)
Seat 4: 9e610b6e ($10.32 in chips)
Seat 5: 6f16ab68 ($10.08 in chips)
Seat 6: 853c8476 ($10 in chips)
853c8476: posts small blind $0.05
Hero: posts big blind $0.1
*** HOLE CARDS ***
Dealt to Hero [8d 8c]
Dealt to e56726e9 
Dealt to 1f56b98f 
Dealt to 9e610b6e 
Dealt to 6f16ab68 
Dealt to 853c8476 
e56726e9: folds
1f56b98f: raises $0.15 to $0.25
9e610b6e: folds
6f16ab68: folds
853c8476: folds
Hero: calls $0.15
*** FLOP *** [6d 7s Qh]
Hero: checks
1f56b98f: bets $0.31
Hero: calls $0.31
*** TURN *** [6d 7s Qh] [5h]
Hero: checks
1f56b98f: bets $0.7
Hero: calls $0.7
*** RIVER *** [6d 7s Qh 5h] [Ad]
Hero: checks
1f56b98f: checks
Hero: shows [8d 8c] (Pair of Eights)
1f56b98f: shows [Qc Th] (Pair of Queens)
*** SHOWDOWN ***
1f56b98f collected $2.45 from pot
*** SUMMARY ***
Total pot $2.57 | Rake $0.12 | Jackpot $0 | Bingo $0 | Fortune $0 | Tax $0
Board [6d 7s Qh 5h Ad]
Seat 1: Hero (big blind) showed [8d 8c] and lost with Pair of Eights
Seat 2: e56726e9 folded before Flop (didn't bet)
Seat 3: 1f56b98f showed [Qc Th] and won ($2.45) with Pair of Queens
Seat 4: 9e610b6e folded before Flop (didn't bet)
Seat 5: 6f16ab68 (button) folded before Flop (didn't bet)
Seat 6: 853c8476 (small blind) folded before Flop


Poker Hand #HD1755832791: Hold'em No Limit ($0.05/$0.1) - 2024/05/02 19:58:26
Table 'NLHRed83' 6-max Seat #4 is the button
Seat 1: Hero ($10 in chips)
Seat 2: e56726e9 ($7.49 in chips)
Seat 3: 1f56b98f ($10.13 in chips)
Seat 4: 9e610b6e ($10.32 in chips)
Seat 5: 6f16ab68 ($10.13 in chips)
Seat 6: 853c8476 ($10 in chips)
6f16ab68: posts small blind $0.05
853c8476: posts big blind $0.1
*** HOLE CARDS ***
Dealt to Hero [7h As]
Dealt to e56726e9 
Dealt to 1f56b98f 
Dealt to 9e610b6e 
Dealt to 6f16ab68 
Dealt to 853c8476 
Hero: folds
e56726e9: raises $0.15 to $0.25
1f56b98f: folds
9e610b6e: folds
6f16ab68: folds
853c8476: folds
Uncalled bet ($0.15) returned to e56726e9
*** SHOWDOWN ***
e56726e9 collected $0.25 from pot
*** SUMMARY ***
Total pot $0.25 | Rake $0 | Jackpot $0 | Bingo $0 | Fortune $0 | Tax $0
Seat 1: Hero folded before Flop (didn't bet)
Seat 2: e56726e9 collected ($0.25)
Seat 3: 1f56b98f folded before Flop (didn't bet)
Seat 4: 9e610b6e (button) folded before Flop (didn't bet)
Seat 5: 6f16ab68 (small blind) folded before Flop
Seat 6: 853c8476 (big blind) folded before Flop


Poker Hand #HD1755832756: Hold'em No Limit ($0.05/$0.1) - 2024/05/02 19:58:09
Table 'NLHRed83' 6-max Seat #3 is the button
Seat 1: Hero ($10.17 in chips)
Seat 2: e56726e9 ($7.16 in chips)
Seat 3: 1f56b98f ($10.13 in chips)
Seat 4: 9e610b6e ($10.37 in chips)
Seat 5: 6f16ab68 ($10.23 in chips)
9e610b6e: posts small blind $0.05
6f16ab68: posts big blind $0.1
*** HOLE CARDS ***
Dealt to Hero [Qd Jh]
Dealt to e56726e9 
Dealt to 1f56b98f 
Dealt to 9e610b6e 
Dealt to 6f16ab68 
Hero: raises $0.1 to $0.2
e56726e9: raises $0.55 to $0.75
1f56b98f: folds
9e610b6e: folds
6f16ab68: folds
Hero: folds
Uncalled bet ($0.55) returned to e56726e9
*** SHOWDOWN ***
e56726e9 collected $0.53 from pot
*** SUMMARY ***
Total pot $0.55 | Rake $0.02 | Jackpot $0 | Bingo $0 | Fortune $0 | Tax $0
Seat 1: Hero folded before Flop
Seat 2: e56726e9 collected ($0.53)
Seat 3: 1f56b98f (button) folded before Flop (didn't bet)
Seat 4: 9e610b6e (small blind) folded before Flop
Seat 5: 6f16ab68 (big blind) folded before Flop


Poker Hand #HD1755832732: Hold'em No Limit ($0.05/$0.1) - 2024/05/02 19:57:58
Table 'NLHRed83' 6-max Seat #2 is the button
Seat 1: Hero ($10.17 in chips)
Seat 2: e56726e9 ($7.01 in chips)
Seat 3: 1f56b98f ($10.18 in chips)
Seat 4: 9e610b6e ($10.47 in chips)
Seat 5: 6f16ab68 ($10.23 in chips)
1f56b98f: posts small blind $0.05
9e610b6e: posts big blind $0.1
*** HOLE CARDS ***
Dealt to Hero [9s 4c]
Dealt to e56726e9 
Dealt to 1f56b98f 
Dealt to 9e610b6e 
Dealt to 6f16ab68 
6f16ab68: folds
Hero: folds
e56726e9: raises $0.15 to $0.25
1f56b98f: folds
9e610b6e: folds
Uncalled bet ($0.15) returned to e56726e9
*** SHOWDOWN ***
e56726e9 collected $0.25 from pot
*** SUMMARY ***
Total pot $0.25 | Rake $0 | Jackpot $0 | Bingo $0 | Fortune $0 | Tax $0
Seat 1: Hero folded before Flop (didn't bet)
Seat 2: e56726e9 (button) collected ($0.25)
Seat 3: 1f56b98f (small blind) folded before Flop
Seat 4: 9e610b6e (big blind) folded before Flop
Seat 5: 6f16ab68 folded before Flop (didn't bet)


Poker Hand #HD1755832593: Hold'em No Limit ($0.05/$0.1) - 2024/05/02 19:56:45
Table 'NLHRed83' 6-max Seat #1 is the button
Seat 1: Hero ($10.17 in chips)
Seat 2: e56726e9 ($6.69 in chips)
Seat 3: 1f56b98f ($10.53 in chips)
Seat 4: 9e610b6e ($10.47 in chips)
Seat 5: 6f16ab68 ($10.23 in chips)
e56726e9: posts small blind $0.05
1f56b98f: posts big blind $0.1
*** HOLE CARDS ***
Dealt to Hero [9s 4c]
Dealt to e56726e9 
Dealt to 1f56b98f 
Dealt to 9e610b6e 
Dealt to 6f16ab68 
9e610b6e: folds
6f16ab68: folds
Hero: folds
e56726e9: raises $0.15 to $0.25
1f56b98f: calls $0.15
*** FLOP *** [3c 7h Td]
e56726e9: checks
1f56b98f: checks
*** TURN *** [3c 7h Td] [Tc]
e56726e9: checks
1f56b98f: bets $0.1
e56726e9: calls $0.1
*** RIVER *** [3c 7h Td Tc] [Qh]
e56726e9: bets $0.53
1f56b98f: folds
Uncalled bet ($0.53) returned to e56726e9
*** SHOWDOWN ***
e56726e9 collected $0.67 from pot
*** SUMMARY ***
Total pot $0.7 | Rake $0.03 | Jackpot $0 | Bingo $0 | Fortune $0 | Tax $0
Board [3c 7h Td Tc Qh]
Seat 1: Hero (button) folded before Flop (didn't bet)
Seat 2: e56726e9 (small blind) won ($0.67)
Seat 3: 1f56b98f (big blind) folded on the River
Seat 4: 9e610b6e folded before Flop (didn't bet)
Seat 5: 6f16ab68 folded before Flop (didn't bet)


Poker Hand #HD1755832567: Hold'em No Limit ($0.05/$0.1) - 2024/05/02 19:56:30
Table 'NLHRed83' 6-max Seat #5 is the button
Seat 1: Hero ($10.22 in chips)
Seat 2: e56726e9 ($6.64 in chips)
Seat 3: 1f56b98f ($10.53 in chips)
Seat 4: 9e610b6e ($10.47 in chips)
Seat 5: 6f16ab68 ($10.23 in chips)
Hero: posts small blind $0.05
e56726e9: posts big blind $0.1
*** HOLE CARDS ***
Dealt to Hero [2d Qc]
Dealt to e56726e9 
Dealt to 1f56b98f 
Dealt to 9e610b6e 
Dealt to 6f16ab68 
1f56b98f: folds
9e610b6e: folds
6f16ab68: folds
Hero: folds
Uncalled bet ($0.05) returned to e56726e9
*** SHOWDOWN ***
e56726e9 collected $0.1 from pot
*** SUMMARY ***
Total pot $0.1 | Rake $0 | Jackpot $0 | Bingo $0 | Fortune $0 | Tax $0
Seat 1: Hero (small blind) folded before Flop
Seat 2: e56726e9 (big blind) collected ($0.1)
Seat 3: 1f56b98f folded before Flop (didn't bet)
Seat 4: 9e610b6e folded before Flop (didn't bet)
Seat 5: 6f16ab68 (button) folded before Flop (didn't bet)


Poker Hand #HD1755832526: Hold'em No Limit ($0.05/$0.1) - 2024/05/02 19:56:13
Table 'NLHRed83' 6-max Seat #4 is the button
Seat 1: Hero ($10.32 in chips)
Seat 2: e56726e9 ($6.64 in chips)
Seat 3: 1f56b98f ($10.53 in chips)
Seat 4: 9e610b6e ($10.32 in chips)
Seat 5: 6f16ab68 ($10.28 in chips)
6f16ab68: posts small blind $0.05
Hero: posts big blind $0.1
*** HOLE CARDS ***
Dealt to Hero [Ad 6s]
Dealt to e56726e9 
Dealt to 1f56b98f 
Dealt to 9e610b6e 
Dealt to 6f16ab68 
e56726e9: folds
1f56b98f: folds
9e610b6e: raises $0.15 to $0.25
6f16ab68: folds
Hero: folds
Uncalled bet ($0.15) returned to 9e610b6e
*** SHOWDOWN ***
9e610b6e collected $0.25 from pot
*** SUMMARY ***
Total pot $0.25 | Rake $0 | Jackpot $0 | Bingo $0 | Fortune $0 | Tax $0
Seat 1: Hero (big blind) folded before Flop
Seat 2: e56726e9 folded before Flop (didn't bet)
Seat 3: 1f56b98f folded before Flop (didn't bet)
Seat 4: 9e610b6e (button) collected ($0.25)
Seat 5: 6f16ab68 (small blind) folded before Flop


Poker Hand #HD1755832468: Hold'em No Limit ($0.05/$0.1) - 2024/05/02 19:55:43
Table 'NLHRed83' 6-max Seat #3 is the button
Seat 1: Hero ($10.32 in chips)
Seat 2: e56726e9 ($6.64 in chips)
Seat 3: 1f56b98f ($10.78 in chips)
Seat 4: 9e610b6e ($10.37 in chips)
Seat 5: 6f16ab68 ($10 in chips)
9e610b6e: posts small blind $0.05
6f16ab68: posts big blind $0.1
*** HOLE CARDS ***
Dealt to Hero [Jh 7s]
Dealt to e56726e9 
Dealt to 1f56b98f 
Dealt to 9e610b6e 
Dealt to 6f16ab68 
Hero: folds
e56726e9: folds
1f56b98f: raises $0.15 to $0.25
9e610b6e: folds
6f16ab68: calls $0.15
*** FLOP *** [5h 8d Kh]
6f16ab68: checks
1f56b98f: checks
*** TURN *** [5h 8d Kh] [3d]
6f16ab68: bets $0.28
1f56b98f: folds
Uncalled bet ($0.28) returned to 6f16ab68
*** SHOWDOWN ***
6f16ab68 collected $0.53 from pot
*** SUMMARY ***
Total pot $0.55 | Rake $0.02 | Jackpot $0 | Bingo $0 | Fortune $0 | Tax $0
Board [5h 8d Kh 3d]
Seat 1: Hero folded before Flop (didn't bet)
Seat 2: e56726e9 folded before Flop (didn't bet)
Seat 3: 1f56b98f (button) folded on the Turn
Seat 4: 9e610b6e (small blind) folded before Flop
Seat 5: 6f16ab68 (big blind) won ($0.53)


Poker Hand #HD1755832295: Hold'em No Limit ($0.05/$0.1) - 2024/05/02 19:54:15
Table 'NLHRed83' 6-max Seat #2 is the button
Seat 1: Hero ($10.32 in chips)
Seat 2: e56726e9 ($6.64 in chips)
Seat 3: 1f56b98f ($10.83 in chips)
Seat 4: 9e610b6e ($10 in chips)
Seat 5: 6f16ab68 ($10 in chips)
Seat 6: 831c288b ($10 in chips)
1f56b98f: posts small blind $0.05
9e610b6e: posts big blind $0.1
*** HOLE CARDS ***
Dealt to Hero [8d Kd]
Dealt to e56726e9 
Dealt to 1f56b98f 
Dealt to 9e610b6e 
Dealt to 6f16ab68 
Dealt to 831c288b 
6f16ab68: folds
831c288b: raises $0.1 to $0.2
Hero: folds
e56726e9: folds
1f56b98f: folds
9e610b6e: calls $0.1
*** FLOP *** [7s 4c 5d]
9e610b6e: checks
831c288b: bets $0.15
9e610b6e: calls $0.15
*** TURN *** [7s 4c 5d] [4s]
9e610b6e: checks
831c288b: checks
*** RIVER *** [7s 4c 5d 4s] [As]
9e610b6e: bets $0.57
831c288b: folds
Uncalled bet ($0.57) returned to 9e610b6e
*** SHOWDOWN ***
9e610b6e collected $0.72 from pot
*** SUMMARY ***
Total pot $0.75 | Rake $0.03 | Jackpot $0 | Bingo $0 | Fortune $0 | Tax $0
Board [7s 4c 5d 4s As]
Seat 1: Hero folded before Flop (didn't bet)
Seat 2: e56726e9 (button) folded before Flop (didn't bet)
Seat 3: 1f56b98f (small blind) folded before Flop
Seat 4: 9e610b6e (big blind) won ($0.72)
Seat 5: 6f16ab68 folded before Flop (didn't bet)
Seat 6: 831c288b folded on the River


Poker Hand #HD1755832195: Hold'em No Limit ($0.05/$0.1) - 2024/05/02 19:53:24
Table 'NLHRed83' 6-max Seat #1 is the button
Seat 1: Hero ($10.32 in chips)
Seat 2: e56726e9 ($6.98 in chips)
Seat 3: 1f56b98f ($10.93 in chips)
Seat 5: 6f16ab68 ($10.15 in chips)
Seat 6: 831c288b ($10 in chips)
e56726e9: posts small blind $0.05
1f56b98f: posts big blind $0.1
*** HOLE CARDS ***
Dealt to Hero [3c 3d]
Dealt to e56726e9 
Dealt to 1f56b98f 
Dealt to 6f16ab68 
Dealt to 831c288b 
6f16ab68: raises $0.1 to $0.2
831c288b: folds
Hero: folds
e56726e9: raises $0.5 to $0.7
1f56b98f: folds
6f16ab68: raises $7.55 to $8.25
e56726e9: calls $6.28 and is all-in
Uncalled bet ($1.27) returned to 6f16ab68
6f16ab68: shows [Ad Kh]
e56726e9: shows [Kd Ah]
*** FLOP *** [Td Js Th]
*** TURN *** [Td Js Th] [Ks]
*** RIVER *** [Td Js Th Ks] [5h]
*** SHOWDOWN ***
6f16ab68 collected $6.64 from pot
e56726e9 collected $6.64 from pot
*** SUMMARY ***
Total pot $14.06 | Rake $0.68 | Jackpot $0.1 | Bingo $0 | Fortune $0 | Tax $0
Board [Td Js Th Ks 5h]
Seat 1: Hero (button) folded before Flop (didn't bet)
Seat 2: e56726e9 (small blind) showed [Kd Ah] and won ($6.64) with Pair of Kings and Pair of Tens
Seat 3: 1f56b98f (big blind) folded before Flop
Seat 5: 6f16ab68 showed [Ad Kh] and won ($6.64) with Pair of Kings and Pair of Tens
Seat 6: 831c288b folded before Flop (didn't bet)


Poker Hand #HD1755832122: Hold'em No Limit ($0.05/$0.1) - 2024/05/02 19:52:47
Table 'NLHRed83' 6-max Seat #6 is the button
Seat 1: Hero ($10 in chips)
Seat 2: e56726e9 ($7.08 in chips)
Seat 3: 1f56b98f ($10.93 in chips)
Seat 4: c3e5906a ($4.2 in chips)
Seat 5: 6f16ab68 ($10.15 in chips)
Seat 6: 831c288b ($10.05 in chips)
Hero: posts small blind $0.05
e56726e9: posts big blind $0.1
*** HOLE CARDS ***
Dealt to Hero [Js Kh]
Dealt to e56726e9 
Dealt to 1f56b98f 
Dealt to c3e5906a 
Dealt to 6f16ab68 
Dealt to 831c288b 
1f56b98f: folds
c3e5906a: folds
6f16ab68: folds
831c288b: raises $0.15 to $0.25
Hero: raises $0.85 to $1.1
e56726e9: folds
831c288b: folds
Uncalled bet ($0.85) returned to Hero
*** SHOWDOWN ***
Hero collected $0.57 from pot
*** SUMMARY ***
Total pot $0.6 | Rake $0.03 | Jackpot $0 | Bingo $0 | Fortune $0 | Tax $0
Seat 1: Hero (small blind) collected ($0.57)
Seat 2: e56726e9 (big blind) folded before Flop
Seat 3: 1f56b98f folded before Flop (didn't bet)
Seat 4: c3e5906a folded before Flop (didn't bet)
Seat 5: 6f16ab68 folded before Flop (didn't bet)
Seat 6: 831c288b (button) folded before Flop


Poker Hand #HD1755832035: Hold'em No Limit ($0.05/$0.1) - 2024/05/02 19:51:59
Table 'NLHRed83' 6-max Seat #5 is the button
Seat 1: Hero ($10.1 in chips)
Seat 2: e56726e9 ($7.08 in chips)
Seat 3: 1f56b98f ($10.93 in chips)
Seat 4: c3e5906a ($3.4 in chips)
Seat 5: 6f16ab68 ($10.15 in chips)
Seat 6: 831c288b ($10.1 in chips)
831c288b: posts small blind $0.05
Hero: posts big blind $0.1
*** HOLE CARDS ***
Dealt to Hero [Qc Ks]
Dealt to e56726e9 
Dealt to 1f56b98f 
Dealt to c3e5906a 
Dealt to 6f16ab68 
Dealt to 831c288b 
e56726e9: folds
1f56b98f: folds
c3e5906a: calls $0.1
6f16ab68: folds
831c288b: folds
Hero: raises $0.3 to $0.4
c3e5906a: calls $0.3
*** FLOP *** [7h Kh Th]
Hero: checks
c3e5906a: bets $0.43
Hero: calls $0.43
*** TURN *** [7h Kh Th] [Ad]
Hero: checks
c3e5906a: bets $1.32
Hero: folds
Uncalled bet ($1.32) returned to c3e5906a
*** SHOWDOWN ***
c3e5906a collected $1.63 from pot
*** SUMMARY ***
Total pot $1.71 | Rake $0.08 | Jackpot $0 | Bingo $0 | Fortune $0 | Tax $0
Board [7h Kh Th Ad]
Seat 1: Hero (big blind) folded on the Turn
Seat 2: e56726e9 folded before Flop (didn't bet)
Seat 3: 1f56b98f folded before Flop (didn't bet)
Seat 4: c3e5906a won ($1.63)
Seat 5: 6f16ab68 (button) folded before Flop (didn't bet)
Seat 6: 831c288b (small blind) folded before Flop


Poker Hand #HD1755831958: Hold'em No Limit ($0.05/$0.1) - 2024/05/02 19:51:25
Table 'NLHRed83' 6-max Seat #4 is the button
Seat 1: Hero ($10.1 in chips)
Seat 2: e56726e9 ($7.08 in chips)
Seat 3: 1f56b98f ($10.93 in chips)
Seat 4: c3e5906a ($3.4 in chips)
Seat 5: 6f16ab68 ($10.05 in chips)
Seat 6: 831c288b ($10.2 in chips)
6f16ab68: posts small blind $0.05
831c288b: posts big blind $0.1
*** HOLE CARDS ***
Dealt to Hero [9d Ac]
Dealt to e56726e9 
Dealt to 1f56b98f 
Dealt to c3e5906a 
Dealt to 6f16ab68 
Dealt to 831c288b 
Hero: folds
e56726e9: folds
1f56b98f: folds
c3e5906a: folds
6f16ab68: raises $0.18 to $0.28
831c288b: folds
Uncalled bet ($0.18) returned to 6f16ab68
*** SHOWDOWN ***
6f16ab68 collected $0.2 from pot
*** SUMMARY ***
Total pot $0.2 | Rake $0 | Jackpot $0 | Bingo $0 | Fortune $0 | Tax $0
Seat 1: Hero folded before Flop (didn't bet)
Seat 2: e56726e9 folded before Flop (didn't bet)
Seat 3: 1f56b98f folded before Flop (didn't bet)
Seat 4: c3e5906a (button) folded before Flop (didn't bet)
Seat 5: 6f16ab68 (small blind) collected ($0.2)
Seat 6: 831c288b (big blind) folded before Flop


Poker Hand #HD1755831924: Hold'em No Limit ($0.05/$0.1) - 2024/05/02 19:51:07
Table 'NLHRed83' 6-max Seat #3 is the button
Seat 1: Hero ($10.1 in chips)
Seat 2: e56726e9 ($7.08 in chips)
Seat 3: 1f56b98f ($10.93 in chips)
Seat 4: c3e5906a ($3.45 in chips)
Seat 5: 6f16ab68 ($10 in chips)
c3e5906a: posts small blind $0.05
6f16ab68: posts big blind $0.1
*** HOLE CARDS ***
Dealt to Hero [8s Jc]
Dealt to e56726e9 
Dealt to 1f56b98f 
Dealt to c3e5906a 
Dealt to 6f16ab68 
Hero: folds
e56726e9: folds
1f56b98f: folds
c3e5906a: folds
Uncalled bet ($0.05) returned to 6f16ab68
*** SHOWDOWN ***
6f16ab68 collected $0.1 from pot
*** SUMMARY ***
Total pot $0.1 | Rake $0 | Jackpot $0 | Bingo $0 | Fortune $0 | Tax $0
Seat 1: Hero folded before Flop (didn't bet)
Seat 2: e56726e9 folded before Flop (didn't bet)
Seat 3: 1f56b98f (button) folded before Flop (didn't bet)
Seat 4: c3e5906a (small blind) folded before Flop
Seat 5: 6f16ab68 (big blind) collected ($0.1)


Poker Hand #HD1755831865: Hold'em No Limit ($0.05/$0.1) - 2024/05/02 19:50:41
Table 'NLHRed83' 6-max Seat #2 is the button
Seat 1: Hero ($10.1 in chips)
Seat 2: e56726e9 ($7.08 in chips)
Seat 3: 1f56b98f ($10.83 in chips)
Seat 4: c3e5906a ($3.55 in chips)
Seat 5: 6f16ab68 ($10 in chips)
1f56b98f: posts small blind $0.05
c3e5906a: posts big blind $0.1
*** HOLE CARDS ***
Dealt to Hero [7c 9c]
Dealt to e56726e9 
Dealt to 1f56b98f 
Dealt to c3e5906a 
Dealt to 6f16ab68 
6f16ab68: folds
Hero: folds
e56726e9: folds
1f56b98f: raises $0.2 to $0.3
c3e5906a: folds
Uncalled bet ($0.2) returned to 1f56b98f
*** SHOWDOWN ***
1f56b98f collected $0.2 from pot
*** SUMMARY ***
Total pot $0.2 | Rake $0 | Jackpot $0 | Bingo $0 | Fortune $0 | Tax $0
Seat 1: Hero folded before Flop (didn't bet)
Seat 2: e56726e9 (button) folded before Flop (didn't bet)
Seat 3: 1f56b98f (small blind) collected ($0.2)
Seat 4: c3e5906a (big blind) folded before Flop
Seat 5: 6f16ab68 folded before Flop (didn't bet)


Poker Hand #HD1755831739: Hold'em No Limit ($0.05/$0.1) - 2024/05/02 19:49:37
Table 'NLHRed83' 6-max Seat #1 is the button
Seat 1: Hero ($10.1 in chips)
Seat 2: e56726e9 ($7.13 in chips)
Seat 3: 1f56b98f ($10 in chips)
Seat 4: c3e5906a ($4.42 in chips)
Seat 5: 6f16ab68 ($10 in chips)
e56726e9: posts small blind $0.05
1f56b98f: posts big blind $0.1
*** HOLE CARDS ***
Dealt to Hero [4d 6s]
Dealt to e56726e9 
Dealt to 1f56b98f 
Dealt to c3e5906a 
Dealt to 6f16ab68 
c3e5906a: calls $0.1
6f16ab68: folds
Hero: folds
e56726e9: folds
1f56b98f: raises $0.3 to $0.4
c3e5906a: calls $0.3
*** FLOP *** [3c 5h Td]
1f56b98f: bets $0.47
c3e5906a: calls $0.47
*** TURN *** [3c 5h Td] [7c]
1f56b98f: bets $1.35
c3e5906a: folds
Uncalled bet ($1.35) returned to 1f56b98f
*** SHOWDOWN ***
1f56b98f collected $1.7 from pot
*** SUMMARY ***
Total pot $1.79 | Rake $0.09 | Jackpot $0 | Bingo $0 | Fortune $0 | Tax $0
Board [3c 5h Td 7c]
Seat 1: Hero (button) folded before Flop (didn't bet)
Seat 2: e56726e9 (small blind) folded before Flop
Seat 3: 1f56b98f (big blind) won ($1.7)
Seat 4: c3e5906a folded on the Turn
Seat 5: 6f16ab68 folded before Flop (didn't bet)


Poker Hand #HD1755831660: Hold'em No Limit ($0.05/$0.1) - 2024/05/02 19:48:54
Table 'NLHRed83' 6-max Seat #5 is the button
Seat 1: Hero ($10 in chips)
Seat 2: e56726e9 ($7.23 in chips)
Seat 4: c3e5906a ($4.42 in chips)
Seat 5: 6f16ab68 ($10 in chips)
Hero: posts small blind $0.05
e56726e9: posts big blind $0.1
*** HOLE CARDS ***
Dealt to Hero [As Th]
Dealt to e56726e9 
Dealt to c3e5906a 
Dealt to 6f16ab68 
c3e5906a: folds
6f16ab68: folds
Hero: raises $0.2 to $0.3
e56726e9: folds
Uncalled bet ($0.2) returned to Hero
*** SHOWDOWN ***
Hero collected $0.2 from pot
*** SUMMARY ***
Total pot $0.2 | Rake $0 | Jackpot $0 | Bingo $0 | Fortune $0 | Tax $0
Seat 1: Hero (small blind) collected ($0.2)
Seat 2: e56726e9 (big blind) folded before Flop
Seat 4: c3e5906a folded before Flop (didn't bet)
Seat 5: 6f16ab68 (button) folded before Flop (didn't bet)


Poker Hand #HD1755831638: Hold'em No Limit ($0.05/$0.1) - 2024/05/02 19:48:41
Table 'NLHRed83' 6-max Seat #4 is the button
Seat 1: Hero ($10 in chips)
Seat 2: e56726e9 ($7.23 in chips)
Seat 4: c3e5906a ($4.42 in chips)
Seat 5: 6f16ab68 ($10 in chips)
Seat 6: 831c288b ($10.15 in chips)
6f16ab68: posts small blind $0.05
831c288b: posts big blind $0.1
*** HOLE CARDS ***
Dealt to Hero [As 3s]
Dealt to e56726e9 
Dealt to c3e5906a 
Dealt to 6f16ab68 
Dealt to 831c288b 
Hero: folds
e56726e9: folds
c3e5906a: folds
6f16ab68: folds
Uncalled bet ($0.05) returned to 831c288b
*** SHOWDOWN ***
831c288b collected $0.1 from pot
*** SUMMARY ***
Total pot $0.1 | Rake $0 | Jackpot $0 | Bingo $0 | Fortune $0 | Tax $0
Seat 1: Hero folded before Flop (didn't bet)
Seat 2: e56726e9 folded before Flop (didn't bet)
Seat 4: c3e5906a (button) folded before Flop (didn't bet)
Seat 5: 6f16ab68 (small blind) folded before Flop
Seat 6: 831c288b (big blind) collected ($0.1)


Poker Hand #HD1755831584: Hold'em No Limit ($0.05/$0.1) - 2024/05/02 19:48:16
Table 'NLHRed83' 6-max Seat #3 is the button
Seat 1: Hero ($10 in chips)
Seat 2: e56726e9 ($7.23 in chips)
Seat 3: 4715d19c ($10.51 in chips)
Seat 4: c3e5906a ($4.32 in chips)
Seat 5: 6f16ab68 ($10 in chips)
Seat 6: 831c288b ($10.15 in chips)
c3e5906a: posts small blind $0.05
6f16ab68: posts big blind $0.1
*** HOLE CARDS ***
Dealt to Hero [Ts 3s]
Dealt to e56726e9 
Dealt to 4715d19c 
Dealt to c3e5906a 
Dealt to 6f16ab68 
Dealt to 831c288b 
831c288b: folds
Hero: folds
e56726e9: folds
4715d19c: folds
c3e5906a: raises $0.2 to $0.3
6f16ab68: folds
Uncalled bet ($0.2) returned to c3e5906a
*** SHOWDOWN ***
c3e5906a collected $0.2 from pot
*** SUMMARY ***
Total pot $0.2 | Rake $0 | Jackpot $0 | Bingo $0 | Fortune $0 | Tax $0
Seat 1: Hero folded before Flop (didn't bet)
Seat 2: e56726e9 folded before Flop (didn't bet)
Seat 3: 4715d19c (button) folded before Flop (didn't bet)
Seat 4: c3e5906a (small blind) collected ($0.2)
Seat 5: 6f16ab68 (big blind) folded before Flop
Seat 6: 831c288b folded before Flop (didn't bet)


Poker Hand #HD1755831565: Hold'em No Limit ($0.05/$0.1) - 2024/05/02 19:48:04
Table 'NLHRed83' 6-max Seat #2 is the button
Seat 1: Hero ($10 in chips)
Seat 2: e56726e9 ($7.23 in chips)
Seat 3: 4715d19c ($10.56 in chips)
Seat 4: c3e5906a ($4.27 in chips)
Seat 5: 6f16ab68 ($10 in chips)
Seat 6: 831c288b ($10.15 in chips)
4715d19c: posts small blind $0.05
c3e5906a: posts big blind $0.1
*** HOLE CARDS ***
Dealt to Hero [As 4h]
Dealt to e56726e9 
Dealt to 4715d19c 
Dealt to c3e5906a 
Dealt to 6f16ab68 
Dealt to 831c288b 
6f16ab68: folds
831c288b: folds
Hero: folds
e56726e9: folds
4715d19c: folds
Uncalled bet ($0.05) returned to c3e5906a
*** SHOWDOWN ***
c3e5906a collected $0.1 from pot
*** SUMMARY ***
Total pot $0.1 | Rake $0 | Jackpot $0 | Bingo $0 | Fortune $0 | Tax $0
Seat 1: Hero folded before Flop (didn't bet)
Seat 2: e56726e9 (button) folded before Flop (didn't bet)
Seat 3: 4715d19c (small blind) folded before Flop
Seat 4: c3e5906a (big blind) collected ($0.1)
Seat 5: 6f16ab68 folded before Flop (didn't bet)
Seat 6: 831c288b folded before Flop (didn't bet)


Poker Hand #HD1755831542: Hold'em No Limit ($0.05/$0.1) - 2024/05/02 19:47:54
Table 'NLHRed83' 6-max Seat #1 is the button
Seat 1: Hero ($10 in chips)
Seat 2: e56726e9 ($7.28 in chips)
Seat 3: 4715d19c ($10.51 in chips)
Seat 4: c3e5906a ($4.27 in chips)
Seat 5: 6f16ab68 ($10 in chips)
Seat 6: 831c288b ($10.15 in chips)
e56726e9: posts small blind $0.05
4715d19c: posts big blind $0.1
*** HOLE CARDS ***
Dealt to Hero [3c Ts]
Dealt to e56726e9 
Dealt to 4715d19c 
Dealt to c3e5906a 
Dealt to 6f16ab68 
Dealt to 831c288b 
c3e5906a: folds
6f16ab68: folds
831c288b: folds
Hero: folds
e56726e9: folds
Uncalled bet ($0.05) returned to 4715d19c
*** SHOWDOWN ***
4715d19c collected $0.1 from pot
*** SUMMARY ***
Total pot $0.1 | Rake $0 | Jackpot $0 | Bingo $0 | Fortune $0 | Tax $0
Seat 1: Hero (button) folded before Flop (didn't bet)
Seat 2: e56726e9 (small blind) folded before Flop
Seat 3: 4715d19c (big blind) collected ($0.1)
Seat 4: c3e5906a folded before Flop (didn't bet)
Seat 5: 6f16ab68 folded before Flop (didn't bet)
Seat 6: 831c288b folded before Flop (didn't bet)


Poker Hand #HD1755831511: Hold'em No Limit ($0.05/$0.1) - 2024/05/02 19:47:36
Table 'NLHRed83' 6-max Seat #6 is the button
Seat 1: Hero ($10 in chips)
Seat 2: e56726e9 ($7.38 in chips)
Seat 3: 4715d19c ($10.51 in chips)
Seat 4: c3e5906a ($4.27 in chips)
Seat 5: 6f16ab68 ($10 in chips)
Seat 6: 831c288b ($10 in chips)
Hero: posts small blind $0.05
e56726e9: posts big blind $0.1
*** HOLE CARDS ***
Dealt to Hero [2c 4c]
Dealt to e56726e9 
Dealt to 4715d19c 
Dealt to c3e5906a 
Dealt to 6f16ab68 
Dealt to 831c288b 
4715d19c: folds
c3e5906a: folds
6f16ab68: folds
831c288b: raises $0.15 to $0.25
Hero: folds
e56726e9: folds
Uncalled bet ($0.15) returned to 831c288b
*** SHOWDOWN ***
831c288b collected $0.25 from pot
*** SUMMARY ***
Total pot $0.25 | Rake $0 | Jackpot $0 | Bingo $0 | Fortune $0 | Tax $0
Seat 1: Hero (small blind) folded before Flop
Seat 2: e56726e9 (big blind) folded before Flop
Seat 3: 4715d19c folded before Flop (didn't bet)
Seat 4: c3e5906a folded before Flop (didn't bet)
Seat 5: 6f16ab68 folded before Flop (didn't bet)
Seat 6: 831c288b (button) collected ($0.25)


Poker Hand #HD1755831445: Hold'em No Limit ($0.05/$0.1) - 2024/05/02 19:47:03
Table 'NLHRed83' 6-max Seat #5 is the button
Seat 1: Hero ($10 in chips)
Seat 2: e56726e9 ($7.63 in chips)
Seat 3: 4715d19c ($10.76 in chips)
Seat 4: c3e5906a ($3.66 in chips)
Seat 5: 6f16ab68 ($10 in chips)
Seat 6: 831c288b ($10.05 in chips)
831c288b: posts small blind $0.05
Hero: posts big blind $0.1
*** HOLE CARDS ***
Dealt to Hero [Kh 2d]
Dealt to e56726e9 
Dealt to 4715d19c 
Dealt to c3e5906a 
Dealt to 6f16ab68 
Dealt to 831c288b 
e56726e9: raises $0.15 to $0.25
4715d19c: calls $0.25
c3e5906a: calls $0.25
6f16ab68: folds
831c288b: folds
Hero: folds
*** FLOP *** [4h Jc Td]
e56726e9: checks
4715d19c: checks
c3e5906a: bets $0.45
e56726e9: folds
4715d19c: folds
Uncalled bet ($0.45) returned to c3e5906a
*** SHOWDOWN ***
c3e5906a collected $0.86 from pot
*** SUMMARY ***
Total pot $0.9 | Rake $0.04 | Jackpot $0 | Bingo $0 | Fortune $0 | Tax $0
Board [4h Jc Td]
Seat 1: Hero (big blind) folded before Flop
Seat 2: e56726e9 folded on the Flop
Seat 3: 4715d19c folded on the Flop
Seat 4: c3e5906a won ($0.86)
Seat 5: 6f16ab68 (button) folded before Flop (didn't bet)
Seat 6: 831c288b (small blind) folded before Flop


Poker Hand #HD1755831424: Hold'em No Limit ($0.05/$0.1) - 2024/05/02 19:46:52
Table 'NLHRed83' 6-max Seat #4 is the button
Seat 1: Hero ($10 in chips)
Seat 2: e56726e9 ($7.63 in chips)
Seat 3: 4715d19c ($10.76 in chips)
Seat 4: c3e5906a ($3.66 in chips)
Seat 5: 6f16ab68 ($10 in chips)
Seat 6: 831c288b ($10 in chips)
6f16ab68: posts small blind $0.05
831c288b: posts big blind $0.1
*** HOLE CARDS ***
Dealt to Hero [3c 2d]
Dealt to e56726e9 
Dealt to 4715d19c 
Dealt to c3e5906a 
Dealt to 6f16ab68 
Dealt to 831c288b 
Hero: folds
e56726e9: folds
4715d19c: folds
c3e5906a: folds
6f16ab68: folds
Uncalled bet ($0.05) returned to 831c288b
*** SHOWDOWN ***
831c288b collected $0.1 from pot
*** SUMMARY ***
Total pot $0.1 | Rake $0 | Jackpot $0 | Bingo $0 | Fortune $0 | Tax $0
Seat 1: Hero folded before Flop (didn't bet)
Seat 2: e56726e9 folded before Flop (didn't bet)
Seat 3: 4715d19c folded before Flop (didn't bet)
Seat 4: c3e5906a (button) folded before Flop (didn't bet)
Seat 5: 6f16ab68 (small blind) folded before Flop
Seat 6: 831c288b (big blind) collected ($0.1)


Poker Hand #HD1755831335: Hold'em No Limit ($0.05/$0.1) - 2024/05/02 19:46:04
Table 'NLHRed83' 6-max Seat #3 is the button
Seat 1: Hero ($10.26 in chips)
Seat 2: e56726e9 ($8.38 in chips)
Seat 3: 4715d19c ($10.76 in chips)
Seat 4: c3e5906a ($2.17 in chips)
Seat 5: 6f16ab68 ($10 in chips)
c3e5906a: posts small blind $0.05
6f16ab68: posts big blind $0.1
*** HOLE CARDS ***
Dealt to Hero [Th Kh]
Dealt to e56726e9 
Dealt to 4715d19c 
Dealt to c3e5906a 
Dealt to 6f16ab68 
Hero: raises $0.1 to $0.2
e56726e9: raises $0.55 to $0.75
4715d19c: folds
c3e5906a: calls $0.7
6f16ab68: folds
Hero: calls $0.55
*** FLOP *** [Jh 7d 5d]
c3e5906a: bets $1.42 and is all-in
Hero: folds
e56726e9: folds
Uncalled bet ($1.42) returned to c3e5906a
*** SHOWDOWN ***
c3e5906a collected $2.24 from pot
*** SUMMARY ***
Total pot $2.35 | Rake $0.11 | Jackpot $0 | Bingo $0 | Fortune $0 | Tax $0
Board [Jh 7d 5d]
Seat 1: Hero folded on the Flop
Seat 2: e56726e9 folded on the Flop
Seat 3: 4715d19c (button) folded before Flop (didn't bet)
Seat 4: c3e5906a (small blind) won ($2.24)
Seat 5: 6f16ab68 (big blind) folded before Flop


Poker Hand #HD1755831293: Hold'em No Limit ($0.05/$0.1) - 2024/05/02 19:45:45
Table 'NLHRed83' 6-max Seat #2 is the button
Seat 1: Hero ($10.26 in chips)
Seat 2: e56726e9 ($8.38 in chips)
Seat 3: 4715d19c ($10.81 in chips)
Seat 4: c3e5906a ($2.12 in chips)
Seat 5: 6f16ab68 ($10 in chips)
4715d19c: posts small blind $0.05
c3e5906a: posts big blind $0.1
*** HOLE CARDS ***
Dealt to Hero [9h 8c]
Dealt to e56726e9 
Dealt to 4715d19c 
Dealt to c3e5906a 
Dealt to 6f16ab68 
6f16ab68: folds
Hero: folds
e56726e9: folds
4715d19c: folds
Uncalled bet ($0.05) returned to c3e5906a
*** SHOWDOWN ***
c3e5906a collected $0.1 from pot
*** SUMMARY ***
Total pot $0.1 | Rake $0 | Jackpot $0 | Bingo $0 | Fortune $0 | Tax $0
Seat 1: Hero folded before Flop (didn't bet)
Seat 2: e56726e9 (button) folded before Flop (didn't bet)
Seat 3: 4715d19c (small blind) folded before Flop
Seat 4: c3e5906a (big blind) collected ($0.1)
Seat 5: 6f16ab68 folded before Flop (didn't bet)


Poker Hand #HD1755831111: Hold'em No Limit ($0.05/$0.1) - 2024/05/02 19:44:09
Table 'NLHRed83' 6-max Seat #1 is the button
Seat 1: Hero ($10.5 in chips)
Seat 2: e56726e9 ($9.02 in chips)
Seat 3: 4715d19c ($10 in chips)
Seat 4: c3e5906a ($2.12 in chips)
Seat 5: 6f16ab68 ($10 in chips)
e56726e9: posts small blind $0.05
4715d19c: posts big blind $0.1
*** HOLE CARDS ***
Dealt to Hero [9h As]
Dealt to e56726e9 
Dealt to 4715d19c 
Dealt to c3e5906a 
Dealt to 6f16ab68 
c3e5906a: folds
6f16ab68: folds
Hero: raises $0.14 to $0.24
e56726e9: calls $0.19
4715d19c: calls $0.14
*** FLOP *** [Td 6c Th]
e56726e9: checks
4715d19c: checks
Hero: checks
*** TURN *** [Td 6c Th] [3s]
e56726e9: checks
4715d19c: checks
Hero: checks
*** RIVER *** [Td 6c Th 3s] [6s]
e56726e9: bets $0.4
4715d19c: raises $1.2 to $1.6
Hero: folds
e56726e9: folds
Uncalled bet ($1.2) returned to 4715d19c
*** SHOWDOWN ***
4715d19c collected $1.45 from pot
*** SUMMARY ***
Total pot $1.52 | Rake $0.07 | Jackpot $0 | Bingo $0 | Fortune $0 | Tax $0
Board [Td 6c Th 3s 6s]
Seat 1: Hero (button) folded on the River
Seat 2: e56726e9 (small blind) folded on the River
Seat 3: 4715d19c (big blind) won ($1.45)
Seat 4: c3e5906a folded before Flop (didn't bet)
Seat 5: 6f16ab68 folded before Flop (didn't bet)


Poker Hand #HD1755830966: Hold'em No Limit ($0.05/$0.1) - 2024/05/02 19:42:57
Table 'NLHRed83' 6-max Seat #5 is the button
Seat 1: Hero ($10.05 in chips)
Seat 2: e56726e9 ($9.12 in chips)
Seat 3: 4715d19c ($10 in chips)
Seat 4: c3e5906a ($2.51 in chips)
Seat 5: 6f16ab68 ($10 in chips)
Hero: posts small blind $0.05
e56726e9: posts big blind $0.1
c3e5906a: posts big blind $0.1
c3e5906a: posts missed blind $0.05
*** HOLE CARDS ***
Dealt to Hero [5d 5c]
Dealt to e56726e9 
Dealt to 4715d19c 
Dealt to c3e5906a 
Dealt to 6f16ab68 
4715d19c: folds
c3e5906a: checks
6f16ab68: folds
Hero: raises $0.24 to $0.34
e56726e9: folds
c3e5906a: calls $0.24
*** FLOP *** [2s Jc 9h]
Hero: checks
c3e5906a: checks
*** TURN *** [2s Jc 9h] [Ah]
Hero: checks
c3e5906a: checks
*** RIVER *** [2s Jc 9h Ah] [2d]
Hero: checks
c3e5906a: checks
Hero: shows [5d 5c] (Pair of Fives and Pair of Twos)
c3e5906a: shows [Ts 6s] (Pair of Twos)
*** SHOWDOWN ***
Hero collected $0.79 from pot
*** SUMMARY ***
Total pot $0.83 | Rake $0.04 | Jackpot $0 | Bingo $0 | Fortune $0 | Tax $0
Board [2s Jc 9h Ah 2d]
Seat 1: Hero (small blind) showed [5d 5c] and won ($0.79) with Pair of Fives and Pair of Twos
Seat 2: e56726e9 (big blind) folded before Flop
Seat 3: 4715d19c folded before Flop (didn't bet)
Seat 4: c3e5906a showed [Ts 6s] and lost with Pair of Twos
Seat 5: 6f16ab68 (button) folded before Flop (didn't bet)


Poker Hand #HD1755830946: Hold'em No Limit ($0.05/$0.1) - 2024/05/02 19:42:47
Table 'NLHRed83' 6-max Seat #3 is the button
Seat 1: Hero ($10 in chips)
Seat 2: e56726e9 ($9.12 in chips)
Seat 3: 4715d19c ($10 in chips)
Seat 5: 6f16ab68 ($10 in chips)
6f16ab68: posts small blind $0.05
Hero: posts big blind $0.1
*** HOLE CARDS ***
Dealt to Hero [7s Tc]
Dealt to e56726e9 
Dealt to 4715d19c 
Dealt to 6f16ab68 
e56726e9: folds
4715d19c: folds
6f16ab68: folds
Uncalled bet ($0.05) returned to Hero
*** SHOWDOWN ***
Hero collected $0.1 from pot
*** SUMMARY ***
Total pot $0.1 | Rake $0 | Jackpot $0 | Bingo $0 | Fortune $0 | Tax $0
Seat 1: Hero (big blind) collected ($0.1)
Seat 2: e56726e9 folded before Flop (didn't bet)
Seat 3: 4715d19c (button) folded before Flop (didn't bet)
Seat 5: 6f16ab68 (small blind) folded before Flop


Poker Hand #HD1755830914: Hold'em No Limit ($0.05/$0.1) - 2024/05/02 19:42:33
Table 'NLHRed83' 6-max Seat #2 is the button
Seat 1: Hero ($10 in chips)
Seat 2: e56726e9 ($8.97 in chips)
Seat 3: 4715d19c ($10 in chips)
Seat 5: 6f16ab68 ($10 in chips)
Seat 6: 9e35f99e ($10.88 in chips)
4715d19c: posts small blind $0.05
6f16ab68: posts big blind $0.1
*** HOLE CARDS ***
Dealt to Hero [3h 8s]
Dealt to e56726e9 
Dealt to 4715d19c 
Dealt to 6f16ab68 
Dealt to 9e35f99e 
9e35f99e: folds
Hero: folds
e56726e9: raises $0.15 to $0.25
4715d19c: folds
6f16ab68: folds
Uncalled bet ($0.15) returned to e56726e9
*** SHOWDOWN ***
e56726e9 collected $0.25 from pot
*** SUMMARY ***
Total pot $0.25 | Rake $0 | Jackpot $0 | Bingo $0 | Fortune $0 | Tax $0
Seat 1: Hero folded before Flop (didn't bet)
Seat 2: e56726e9 (button) collected ($0.25)
Seat 3: 4715d19c (small blind) folded before Flop
Seat 5: 6f16ab68 (big blind) folded before Flop
Seat 6: 9e35f99e folded before Flop (didn't bet)


Poker Hand #HD1755830901: Hold'em No Limit ($0.05/$0.1) - 2024/05/02 19:42:23
Table 'NLHRed83' 6-max Seat #1 is the button
Seat 1: Hero ($10 in chips)
Seat 2: e56726e9 ($9.02 in chips)
Seat 3: 4715d19c ($10 in chips)
Seat 6: 9e35f99e ($10.73 in chips)
e56726e9: posts small blind $0.05
4715d19c: posts big blind $0.1
*** HOLE CARDS ***
Dealt to Hero [Jc 3h]
Dealt to e56726e9 
Dealt to 4715d19c 
Dealt to 9e35f99e 
9e35f99e: raises $0.15 to $0.25
Hero: folds
e56726e9: folds
4715d19c: folds
Uncalled bet ($0.15) returned to 9e35f99e
*** SHOWDOWN ***
9e35f99e collected $0.25 from pot
*** SUMMARY ***
Total pot $0.25 | Rake $0 | Jackpot $0 | Bingo $0 | Fortune $0 | Tax $0
Seat 1: Hero (button) folded before Flop (didn't bet)
Seat 2: e56726e9 (small blind) folded before Flop
Seat 3: 4715d19c (big blind) folded before Flop
Seat 6: 9e35f99e collected ($0.25)


Poker Hand #HD1755830805: Hold'em No Limit ($0.05/$0.1) - 2024/05/02 19:41:35
Table 'NLHRed83' 6-max Seat #6 is the button
Seat 1: Hero ($10.05 in chips)
Seat 2: e56726e9 ($8.74 in chips)
Seat 3: 4715d19c ($10 in chips)
Seat 6: 9e35f99e ($10.98 in chips)
Hero: posts small blind $0.05
e56726e9: posts big blind $0.1
*** HOLE CARDS ***
Dealt to Hero [4h Qd]
Dealt to e56726e9 
Dealt to 4715d19c 
Dealt to 9e35f99e 
4715d19c: folds
9e35f99e: raises $0.15 to $0.25
Hero: folds
e56726e9: calls $0.15
*** FLOP *** [2h Jh 4c]
e56726e9: checks
9e35f99e: checks
*** TURN *** [2h Jh 4c] [9s]
e56726e9: bets $0.31
9e35f99e: folds
Uncalled bet ($0.31) returned to e56726e9
*** SHOWDOWN ***
e56726e9 collected $0.53 from pot
*** SUMMARY ***
Total pot $0.55 | Rake $0.02 | Jackpot $0 | Bingo $0 | Fortune $0 | Tax $0
Board [2h Jh 4c 9s]
Seat 1: Hero (small blind) folded before Flop
Seat 2: e56726e9 (big blind) won ($0.53)
Seat 3: 4715d19c folded before Flop (didn't bet)
Seat 6: 9e35f99e (button) folded on the Turn


Poker Hand #HD1755830774: Hold'em No Limit ($0.05/$0.1) - 2024/05/02 19:41:17
Table 'NLHRed83' 6-max Seat #3 is the button
Seat 1: Hero ($10 in chips)
Seat 2: e56726e9 ($8.74 in chips)
Seat 3: 4715d19c ($10 in chips)
Seat 6: 9e35f99e ($11.03 in chips)
9e35f99e: posts small blind $0.05
Hero: posts big blind $0.1
*** HOLE CARDS ***
Dealt to Hero [2c 8h]
Dealt to e56726e9 
Dealt to 4715d19c 
Dealt to 9e35f99e 
e56726e9: folds
4715d19c: folds
9e35f99e: folds
Uncalled bet ($0.05) returned to Hero
*** SHOWDOWN ***
Hero collected $0.1 from pot
*** SUMMARY ***
Total pot $0.1 | Rake $0 | Jackpot $0 | Bingo $0 | Fortune $0 | Tax $0
Seat 1: Hero (big blind) collected ($0.1)
Seat 2: e56726e9 folded before Flop (didn't bet)
Seat 3: 4715d19c (button) folded before Flop (didn't bet)
Seat 6: 9e35f99e (small blind) folded before Flop


