Poker Hand #HD1741587746: Hold'em No Limit ($0.02/$0.05) - 2024/04/22 14:53:49
Table 'NLHBlue4' 6-max Seat #5 is the button
Seat 1: 72d2ee9f ($5.05 in chips)
Seat 2: Hero ($8.48 in chips)
Seat 3: f286d044 ($4.83 in chips)
Seat 4: 7d4cdac4 ($5.56 in chips)
Seat 5: aeacb311 ($0.93 in chips)
Seat 6: 4ad216ee ($4.95 in chips)
4ad216ee: posts small blind $0.02
72d2ee9f: posts big blind $0.05
*** HOLE CARDS ***
Dealt to 72d2ee9f 
Dealt to Hero [Ts Ad]
Dealt to f286d044 
Dealt to 7d4cdac4 
Dealt to aeacb311 
Dealt to 4ad216ee 
Hero: raises $0.05 to $0.1
f286d044: folds
7d4cdac4: folds
aeacb311: folds
4ad216ee: folds
72d2ee9f: folds
Uncalled bet ($0.05) returned to Hero
*** SHOWDOWN ***
Hero collected $0.12 from pot
*** SUMMARY ***
Total pot $0.12 | Rake $0 | Jackpot $0 | Bingo $0 | Fortune $0 | Tax $0
Seat 1: 72d2ee9f (big blind) folded before Flop
Seat 2: Hero collected ($0.12)
Seat 3: f286d044 folded before Flop (didn't bet)
Seat 4: 7d4cdac4 folded before Flop (didn't bet)
Seat 5: aeacb311 (button) folded before Flop (didn't bet)
Seat 6: 4ad216ee (small blind) folded before Flop


Poker Hand #HD1741587642: Hold'em No Limit ($0.02/$0.05) - 2024/04/22 14:52:46
Table 'NLHBlue4' 6-max Seat #4 is the button
Seat 1: 72d2ee9f ($5.05 in chips)
Seat 2: Hero ($8.67 in chips)
Seat 3: f286d044 ($4.93 in chips)
Seat 4: 7d4cdac4 ($5.75 in chips)
Seat 5: aeacb311 ($0.95 in chips)
Seat 6: 4ad216ee ($5 in chips)
aeacb311: posts small blind $0.02
4ad216ee: posts big blind $0.05
*** HOLE CARDS ***
Dealt to 72d2ee9f 
Dealt to Hero [Ac Kh]
Dealt to f286d044 
Dealt to 7d4cdac4 
Dealt to aeacb311 
Dealt to 4ad216ee 
72d2ee9f: folds
Hero: raises $0.05 to $0.1
f286d044: calls $0.1
7d4cdac4: raises $0.37 to $0.47
aeacb311: folds
4ad216ee: folds
Hero: raises $8.2 to $8.67 and is all-in
f286d044: folds
7d4cdac4: calls $5.28 and is all-in
Uncalled bet ($2.92) returned to Hero
Hero: shows [Ac Kh]
7d4cdac4: shows [Qd Qc]
*** FIRST FLOP *** [Kd Ts 9d]
*** FIRST TURN *** [Kd Ts 9d] [8s]
*** FIRST RIVER *** [Kd Ts 9d 8s] [7c]
*** SECOND FLOP *** [8h 2s 6d]
*** SECOND TURN *** [8h 2s 6d] [7s]
*** SECOND RIVER *** [8h 2s 6d 7s] [5c]
*** FIRST SHOWDOWN ***
Hero collected $5.56 from pot
*** SECOND SHOWDOWN ***
7d4cdac4 collected $5.56 from pot
*** SUMMARY ***
Total pot $11.67 | Rake $0.5 | Jackpot $0.05 | Bingo $0 | Fortune $0 | Tax $0
Hand was run two times
FIRST Board [Kd Ts 9d 8s 7c]
SECOND Board [8h 2s 6d 7s 5c]
Seat 1: 72d2ee9f folded before Flop (didn't bet)
Seat 2: Hero showed [Ac Kh] and won ($5.56) with Pair of Kings, and lost with Ace-High
Seat 3: f286d044 folded before Flop
Seat 4: 7d4cdac4 (button) showed [Qd Qc] and lost with Pair of Queens, and won ($5.56) with Pair of Queens
Seat 5: aeacb311 (small blind) folded before Flop
Seat 6: 4ad216ee (big blind) folded before Flop


Poker Hand #HD1741587618: Hold'em No Limit ($0.02/$0.05) - 2024/04/22 14:52:36
Table 'NLHBlue4' 6-max Seat #3 is the button
Seat 1: 72d2ee9f ($5.05 in chips)
Seat 2: Hero ($8.6 in chips)
Seat 3: f286d044 ($4.93 in chips)
Seat 4: 7d4cdac4 ($5.77 in chips)
Seat 5: aeacb311 ($1 in chips)
7d4cdac4: posts small blind $0.02
aeacb311: posts big blind $0.05
*** HOLE CARDS ***
Dealt to 72d2ee9f 
Dealt to Hero [As Qs]
Dealt to f286d044 
Dealt to 7d4cdac4 
Dealt to aeacb311 
72d2ee9f: folds
Hero: raises $0.07 to $0.12
f286d044: folds
7d4cdac4: folds
aeacb311: folds
Uncalled bet ($0.07) returned to Hero
*** SHOWDOWN ***
Hero collected $0.12 from pot
*** SUMMARY ***
Total pot $0.12 | Rake $0 | Jackpot $0 | Bingo $0 | Fortune $0 | Tax $0
Seat 1: 72d2ee9f folded before Flop (didn't bet)
Seat 2: Hero collected ($0.12)
Seat 3: f286d044 (button) folded before Flop (didn't bet)
Seat 4: 7d4cdac4 (small blind) folded before Flop
Seat 5: aeacb311 (big blind) folded before Flop


Poker Hand #HD1741587591: Hold'em No Limit ($0.02/$0.05) - 2024/04/22 14:52:21
Table 'NLHBlue4' 6-max Seat #2 is the button
Seat 1: 72d2ee9f ($5.05 in chips)
Seat 2: Hero ($8.6 in chips)
Seat 3: f286d044 ($4.95 in chips)
Seat 4: 7d4cdac4 ($5.75 in chips)
f286d044: posts small blind $0.02
7d4cdac4: posts big blind $0.05
*** HOLE CARDS ***
Dealt to 72d2ee9f 
Dealt to Hero [4s 8d]
Dealt to f286d044 
Dealt to 7d4cdac4 
72d2ee9f: folds
Hero: folds
f286d044: folds
Uncalled bet ($0.03) returned to 7d4cdac4
*** SHOWDOWN ***
7d4cdac4 collected $0.04 from pot
*** SUMMARY ***
Total pot $0.04 | Rake $0 | Jackpot $0 | Bingo $0 | Fortune $0 | Tax $0
Seat 1: 72d2ee9f folded before Flop (didn't bet)
Seat 2: Hero (button) folded before Flop (didn't bet)
Seat 3: f286d044 (small blind) folded before Flop
Seat 4: 7d4cdac4 (big blind) collected ($0.04)


Poker Hand #HD1741587469: Hold'em No Limit ($0.02/$0.05) - 2024/04/22 14:51:16
Table 'NLHBlue4' 6-max Seat #1 is the button
Seat 1: 72d2ee9f ($5.05 in chips)
Seat 2: Hero ($6.19 in chips)
Seat 3: f286d044 ($5 in chips)
Seat 4: 7d4cdac4 ($5.85 in chips)
Seat 5: aeacb311 ($2.57 in chips)
Hero: posts small blind $0.02
f286d044: posts big blind $0.05
*** HOLE CARDS ***
Dealt to 72d2ee9f 
Dealt to Hero [Kh As]
Dealt to f286d044 
Dealt to 7d4cdac4 
Dealt to aeacb311 
7d4cdac4: raises $0.05 to $0.1
aeacb311: calls $0.1
72d2ee9f: folds
Hero: raises $0.5 to $0.6
f286d044: folds
7d4cdac4: folds
aeacb311: calls $0.5
*** FLOP *** [Ks Ts 6s]
Hero: bets $0.55
aeacb311: raises $1.42 to $1.97 and is all-in
Hero: calls $1.42
aeacb311: shows [Jh 9d] (King-High)
Hero: shows [Kh As] (Pair of Kings)
*** FIRST TURN *** [Ks Ts 6s] [Ac]
*** FIRST RIVER *** [Ks Ts 6s Ac] [5s]
*** SECOND TURN *** [Ks Ts 6s] [2s]
*** SECOND RIVER *** [Ks Ts 6s 2s] [Ad]
*** FIRST SHOWDOWN ***
Hero collected $2.49 from pot
*** SECOND SHOWDOWN ***
Hero collected $2.49 from pot
*** SUMMARY ***
Total pot $5.29 | Rake $0.26 | Jackpot $0.05 | Bingo $0 | Fortune $0 | Tax $0
Hand was run two times
FIRST Board [Ks Ts 6s Ac 5s]
SECOND Board [2s Ad]
Seat 1: 72d2ee9f (button) folded before Flop (didn't bet)
Seat 2: Hero (small blind) showed [Kh As] and won ($2.49) with Ace High Flush, and won ($2.49)
Seat 3: f286d044 (big blind) folded before Flop
Seat 4: 7d4cdac4 folded before Flop
Seat 5: aeacb311 showed [Jh 9d] and lost with Ace-High, and lost


Poker Hand #HD1741587440: Hold'em No Limit ($0.02/$0.05) - 2024/04/22 14:51:02
Table 'NLHBlue4' 6-max Seat #5 is the button
Seat 1: 72d2ee9f ($5 in chips)
Seat 2: Hero ($6.24 in chips)
Seat 4: 7d4cdac4 ($5.85 in chips)
Seat 5: aeacb311 ($2.57 in chips)
72d2ee9f: posts small blind $0.02
Hero: posts big blind $0.05
*** HOLE CARDS ***
Dealt to 72d2ee9f 
Dealt to Hero [4d 6d]
Dealt to 7d4cdac4 
Dealt to aeacb311 
7d4cdac4: folds
aeacb311: folds
72d2ee9f: raises $0.09 to $0.14
Hero: folds
Uncalled bet ($0.09) returned to 72d2ee9f
*** SHOWDOWN ***
72d2ee9f collected $0.1 from pot
*** SUMMARY ***
Total pot $0.1 | Rake $0 | Jackpot $0 | Bingo $0 | Fortune $0 | Tax $0
Seat 1: 72d2ee9f (small blind) collected ($0.1)
Seat 2: Hero (big blind) folded before Flop
Seat 4: 7d4cdac4 folded before Flop (didn't bet)
Seat 5: aeacb311 (button) folded before Flop (didn't bet)


Poker Hand #HD1741587426: Hold'em No Limit ($0.02/$0.05) - 2024/04/22 14:50:52
Table 'NLHBlue4' 6-max Seat #4 is the button
Seat 1: 72d2ee9f ($5 in chips)
Seat 2: Hero ($6.24 in chips)
Seat 4: 7d4cdac4 ($5.85 in chips)
Seat 5: aeacb311 ($2.52 in chips)
aeacb311: posts small blind $0.02
72d2ee9f: posts big blind $0.05
*** HOLE CARDS ***
Dealt to 72d2ee9f 
Dealt to Hero [6c Qc]
Dealt to 7d4cdac4 
Dealt to aeacb311 
Hero: folds
7d4cdac4: folds
aeacb311: raises $0.05 to $0.1
72d2ee9f: folds
Uncalled bet ($0.05) returned to aeacb311
*** SHOWDOWN ***
aeacb311 collected $0.1 from pot
*** SUMMARY ***
Total pot $0.1 | Rake $0 | Jackpot $0 | Bingo $0 | Fortune $0 | Tax $0
Seat 1: 72d2ee9f (big blind) folded before Flop
Seat 2: Hero folded before Flop (didn't bet)
Seat 4: 7d4cdac4 (button) folded before Flop (didn't bet)
Seat 5: aeacb311 (small blind) collected ($0.1)


Poker Hand #HD1741587408: Hold'em No Limit ($0.02/$0.05) - 2024/04/22 14:50:42
Table 'NLHBlue4' 6-max Seat #2 is the button
Seat 1: 72d2ee9f ($5 in chips)
Seat 2: Hero ($6.24 in chips)
Seat 4: 7d4cdac4 ($5.8 in chips)
Seat 5: aeacb311 ($2.57 in chips)
Seat 6: 48f0c472 ($5 in chips)
7d4cdac4: posts small blind $0.02
aeacb311: posts big blind $0.05
*** HOLE CARDS ***
Dealt to 72d2ee9f 
Dealt to Hero [9s 4d]
Dealt to 7d4cdac4 
Dealt to aeacb311 
Dealt to 48f0c472 
48f0c472: folds
72d2ee9f: folds
Hero: folds
7d4cdac4: raises $0.1 to $0.15
aeacb311: folds
Uncalled bet ($0.1) returned to 7d4cdac4
*** SHOWDOWN ***
7d4cdac4 collected $0.1 from pot
*** SUMMARY ***
Total pot $0.1 | Rake $0 | Jackpot $0 | Bingo $0 | Fortune $0 | Tax $0
Seat 1: 72d2ee9f folded before Flop (didn't bet)
Seat 2: Hero (button) folded before Flop (didn't bet)
Seat 4: 7d4cdac4 (small blind) collected ($0.1)
Seat 5: aeacb311 (big blind) folded before Flop
Seat 6: 48f0c472 folded before Flop (didn't bet)


Poker Hand #HD1741587335: Hold'em No Limit ($0.02/$0.05) - 2024/04/22 14:49:57
Table 'NLHBlue4' 6-max Seat #1 is the button
Seat 1: 72d2ee9f ($5 in chips)
Seat 2: Hero ($6.26 in chips)
Seat 4: 7d4cdac4 ($6.31 in chips)
Seat 5: aeacb311 ($1.9 in chips)
Seat 6: 48f0c472 ($5 in chips)
Hero: posts small blind $0.02
7d4cdac4: posts big blind $0.05
*** HOLE CARDS ***
Dealt to 72d2ee9f 
Dealt to Hero [Ac 3h]
Dealt to 7d4cdac4 
Dealt to aeacb311 
Dealt to 48f0c472 
aeacb311: calls $0.05
48f0c472: raises $0.15 to $0.2
72d2ee9f: folds
Hero: folds
7d4cdac4: calls $0.15
aeacb311: calls $0.15
*** FLOP *** [6d 7c 5c]
7d4cdac4: checks
aeacb311: checks
48f0c472: checks
*** TURN *** [6d 7c 5c] [6h]
7d4cdac4: checks
aeacb311: checks
48f0c472: checks
*** RIVER *** [6d 7c 5c 6h] [3d]
7d4cdac4: bets $0.31
aeacb311: calls $0.31
48f0c472: folds
7d4cdac4: shows [Qs Ah] (Pair of Sixes)
aeacb311: shows [Jh Jc] (Pair of Jacks and Pair of Sixes)
*** SHOWDOWN ***
aeacb311 collected $1.18 from pot
*** SUMMARY ***
Total pot $1.24 | Rake $0.06 | Jackpot $0 | Bingo $0 | Fortune $0 | Tax $0
Board [6d 7c 5c 6h 3d]
Seat 1: 72d2ee9f (button) folded before Flop (didn't bet)
Seat 2: Hero (small blind) folded before Flop
Seat 4: 7d4cdac4 (big blind) showed [Qs Ah] and lost with Pair of Sixes
Seat 5: aeacb311 showed [Jh Jc] and won ($1.18) with Pair of Jacks and Pair of Sixes
Seat 6: 48f0c472 folded on the River


Poker Hand #HD1741587251: Hold'em No Limit ($0.02/$0.05) - 2024/04/22 14:49:10
Table 'NLHBlue4' 6-max Seat #6 is the button
Seat 1: 72d2ee9f ($5.23 in chips)
Seat 2: Hero ($6.31 in chips)
Seat 3: 812eae85 ($8.21 in chips)
Seat 4: 7d4cdac4 ($6.31 in chips)
Seat 5: aeacb311 ($1 in chips)
Seat 6: 48f0c472 ($5 in chips)
72d2ee9f: posts small blind $0.02
Hero: posts big blind $0.05
aeacb311: posts big blind $0.05
*** HOLE CARDS ***
Dealt to 72d2ee9f 
Dealt to Hero [5s 9c]
Dealt to 812eae85 
Dealt to 7d4cdac4 
Dealt to aeacb311 
Dealt to 48f0c472 
812eae85: folds
7d4cdac4: folds
aeacb311: checks
48f0c472: folds
72d2ee9f: raises $0.19 to $0.24
Hero: folds
aeacb311: calls $0.19
*** FLOP *** [8d Th 3h]
72d2ee9f: bets $4.99 and is all-in
aeacb311: calls $0.76 and is all-in
Uncalled bet ($4.23) returned to 72d2ee9f
72d2ee9f: shows [Ac Qd] (Ace-High)
aeacb311: shows [8h 9s] (Pair of Eights)
*** TURN *** [8d Th 3h] [3d]
*** RIVER *** [8d Th 3h 3d] [5d]
*** SHOWDOWN ***
aeacb311 collected $1.9 from pot
*** SUMMARY ***
Total pot $2.05 | Rake $0.1 | Jackpot $0.05 | Bingo $0 | Fortune $0 | Tax $0
Board [8d Th 3h 3d 5d]
Seat 1: 72d2ee9f (small blind) showed [Ac Qd] and lost with Pair of Treys
Seat 2: Hero (big blind) folded before Flop
Seat 3: 812eae85 folded before Flop (didn't bet)
Seat 4: 7d4cdac4 folded before Flop (didn't bet)
Seat 5: aeacb311 showed [8h 9s] and won ($1.9) with Pair of Eights and Pair of Treys
Seat 6: 48f0c472 (button) folded before Flop (didn't bet)


Poker Hand #HD1741587227: Hold'em No Limit ($0.02/$0.05) - 2024/04/22 14:48:55
Table 'NLHBlue4' 6-max Seat #4 is the button
Seat 1: 72d2ee9f ($5.28 in chips)
Seat 2: Hero ($6.31 in chips)
Seat 3: 812eae85 ($8.14 in chips)
Seat 4: 7d4cdac4 ($6.31 in chips)
Seat 6: 48f0c472 ($5 in chips)
48f0c472: posts small blind $0.02
72d2ee9f: posts big blind $0.05
*** HOLE CARDS ***
Dealt to 72d2ee9f 
Dealt to Hero [7s Ks]
Dealt to 812eae85 
Dealt to 7d4cdac4 
Dealt to 48f0c472 
Hero: folds
812eae85: raises $0.06 to $0.11
7d4cdac4: folds
48f0c472: folds
72d2ee9f: folds
Uncalled bet ($0.06) returned to 812eae85
*** SHOWDOWN ***
812eae85 collected $0.12 from pot
*** SUMMARY ***
Total pot $0.12 | Rake $0 | Jackpot $0 | Bingo $0 | Fortune $0 | Tax $0
Seat 1: 72d2ee9f (big blind) folded before Flop
Seat 2: Hero folded before Flop (didn't bet)
Seat 3: 812eae85 collected ($0.12)
Seat 4: 7d4cdac4 (button) folded before Flop (didn't bet)
Seat 6: 48f0c472 (small blind) folded before Flop


Poker Hand #HD1741587207: Hold'em No Limit ($0.02/$0.05) - 2024/04/22 14:48:42
Table 'NLHBlue4' 6-max Seat #3 is the button
Seat 1: 72d2ee9f ($5.28 in chips)
Seat 2: Hero ($6.31 in chips)
Seat 3: 812eae85 ($8.14 in chips)
Seat 4: 7d4cdac4 ($6.26 in chips)
Seat 6: 48f0c472 ($5 in chips)
7d4cdac4: posts small blind $0.02
48f0c472: posts big blind $0.05
*** HOLE CARDS ***
Dealt to 72d2ee9f 
Dealt to Hero [7s 6h]
Dealt to 812eae85 
Dealt to 7d4cdac4 
Dealt to 48f0c472 
72d2ee9f: folds
Hero: folds
812eae85: folds
7d4cdac4: raises $0.05 to $0.1
48f0c472: folds
Uncalled bet ($0.05) returned to 7d4cdac4
*** SHOWDOWN ***
7d4cdac4 collected $0.1 from pot
*** SUMMARY ***
Total pot $0.1 | Rake $0 | Jackpot $0 | Bingo $0 | Fortune $0 | Tax $0
Seat 1: 72d2ee9f folded before Flop (didn't bet)
Seat 2: Hero folded before Flop (didn't bet)
Seat 3: 812eae85 (button) folded before Flop (didn't bet)
Seat 4: 7d4cdac4 (small blind) collected ($0.1)
Seat 6: 48f0c472 (big blind) folded before Flop


Poker Hand #HD1741587179: Hold'em No Limit ($0.02/$0.05) - 2024/04/22 14:48:30
Table 'NLHBlue4' 6-max Seat #2 is the button
Seat 1: 72d2ee9f ($5.28 in chips)
Seat 2: Hero ($6.31 in chips)
Seat 3: 812eae85 ($8.16 in chips)
Seat 4: 7d4cdac4 ($6.24 in chips)
Seat 6: 48f0c472 ($5 in chips)
812eae85: posts small blind $0.02
7d4cdac4: posts big blind $0.05
*** HOLE CARDS ***
Dealt to 72d2ee9f 
Dealt to Hero [3d 8d]
Dealt to 812eae85 
Dealt to 7d4cdac4 
Dealt to 48f0c472 
48f0c472: folds
72d2ee9f: folds
Hero: folds
812eae85: folds
Uncalled bet ($0.03) returned to 7d4cdac4
*** SHOWDOWN ***
7d4cdac4 collected $0.04 from pot
*** SUMMARY ***
Total pot $0.04 | Rake $0 | Jackpot $0 | Bingo $0 | Fortune $0 | Tax $0
Seat 1: 72d2ee9f folded before Flop (didn't bet)
Seat 2: Hero (button) folded before Flop (didn't bet)
Seat 3: 812eae85 (small blind) folded before Flop
Seat 4: 7d4cdac4 (big blind) collected ($0.04)
Seat 6: 48f0c472 folded before Flop (didn't bet)


Poker Hand #HD1741587081: Hold'em No Limit ($0.02/$0.05) - 2024/04/22 14:47:34
Table 'NLHBlue4' 6-max Seat #1 is the button
Seat 1: 72d2ee9f ($5 in chips)
Seat 2: Hero ($6.33 in chips)
Seat 3: 812eae85 ($8.45 in chips)
Seat 4: 7d4cdac4 ($6.24 in chips)
Seat 5: ebdbbf25 ($5.12 in chips)
Seat 6: 48f0c472 ($5 in chips)
Hero: posts small blind $0.02
812eae85: posts big blind $0.05
*** HOLE CARDS ***
Dealt to 72d2ee9f 
Dealt to Hero [Jc 6d]
Dealt to 812eae85 
Dealt to 7d4cdac4 
Dealt to ebdbbf25 
Dealt to 48f0c472 
7d4cdac4: folds
ebdbbf25: folds
48f0c472: folds
72d2ee9f: raises $0.06 to $0.11
Hero: folds
812eae85: calls $0.06
*** FLOP *** [As 2c 3s]
812eae85: checks
72d2ee9f: checks
*** TURN *** [As 2c 3s] [7d]
812eae85: bets $0.18
72d2ee9f: calls $0.18
*** RIVER *** [As 2c 3s 7d] [9d]
812eae85: checks
72d2ee9f: checks
812eae85: shows [Th Qh] (Ace-High)
72d2ee9f: shows [5d 5h] (Pair of Fives)
*** SHOWDOWN ***
72d2ee9f collected $0.57 from pot
*** SUMMARY ***
Total pot $0.6 | Rake $0.03 | Jackpot $0 | Bingo $0 | Fortune $0 | Tax $0
Board [As 2c 3s 7d 9d]
Seat 1: 72d2ee9f (button) showed [5d 5h] and won ($0.57) with Pair of Fives
Seat 2: Hero (small blind) folded before Flop
Seat 3: 812eae85 (big blind) showed [Th Qh] and lost with Ace-High
Seat 4: 7d4cdac4 folded before Flop (didn't bet)
Seat 5: ebdbbf25 folded before Flop (didn't bet)
Seat 6: 48f0c472 folded before Flop (didn't bet)


Poker Hand #HD1741586987: Hold'em No Limit ($0.02/$0.05) - 2024/04/22 14:46:45
Table 'NLHBlue4' 6-max Seat #6 is the button
Seat 1: 72d2ee9f ($5 in chips)
Seat 2: Hero ($6.38 in chips)
Seat 3: 812eae85 ($8.45 in chips)
Seat 4: 7d4cdac4 ($5.48 in chips)
Seat 5: ebdbbf25 ($5.12 in chips)
Seat 6: 48f0c472 ($5.44 in chips)
72d2ee9f: posts small blind $0.02
Hero: posts big blind $0.05
*** HOLE CARDS ***
Dealt to 72d2ee9f 
Dealt to Hero [Tc 9h]
Dealt to 812eae85 
Dealt to 7d4cdac4 
Dealt to ebdbbf25 
Dealt to 48f0c472 
812eae85: folds
7d4cdac4: raises $0.05 to $0.1
ebdbbf25: folds
48f0c472: raises $0.28 to $0.38
72d2ee9f: folds
Hero: folds
7d4cdac4: calls $0.28
*** FLOP *** [8d Ts As]
7d4cdac4: checks
48f0c472: bets $0.44
7d4cdac4: calls $0.44
*** TURN *** [8d Ts As] [3d]
7d4cdac4: checks
48f0c472: checks
*** RIVER *** [8d Ts As 3d] [8c]
7d4cdac4: bets $0.86
48f0c472: folds
Uncalled bet ($0.86) returned to 7d4cdac4
*** SHOWDOWN ***
7d4cdac4 collected $1.58 from pot
*** SUMMARY ***
Total pot $1.71 | Rake $0.08 | Jackpot $0.05 | Bingo $0 | Fortune $0 | Tax $0
Board [8d Ts As 3d 8c]
Seat 1: 72d2ee9f (small blind) folded before Flop
Seat 2: Hero (big blind) folded before Flop
Seat 3: 812eae85 folded before Flop (didn't bet)
Seat 4: 7d4cdac4 won ($1.58)
Seat 5: ebdbbf25 folded before Flop (didn't bet)
Seat 6: 48f0c472 (button) folded on the River


Poker Hand #HD1741586895: Hold'em No Limit ($0.02/$0.05) - 2024/04/22 14:45:50
Table 'NLHBlue4' 6-max Seat #5 is the button
Seat 1: 72d2ee9f ($5.06 in chips)
Seat 2: Hero ($6.38 in chips)
Seat 3: 812eae85 ($8.45 in chips)
Seat 4: 7d4cdac4 ($5.48 in chips)
Seat 5: ebdbbf25 ($4.6 in chips)
Seat 6: 48f0c472 ($5.46 in chips)
48f0c472: posts small blind $0.02
72d2ee9f: posts big blind $0.05
*** HOLE CARDS ***
Dealt to 72d2ee9f 
Dealt to Hero [8s 5c]
Dealt to 812eae85 
Dealt to 7d4cdac4 
Dealt to ebdbbf25 
Dealt to 48f0c472 
Hero: folds
812eae85: folds
7d4cdac4: folds
ebdbbf25: raises $0.08 to $0.13
48f0c472: folds
72d2ee9f: calls $0.08
*** FLOP *** [Jh 8h Ts]
72d2ee9f: checks
ebdbbf25: bets $0.1
72d2ee9f: calls $0.1
*** TURN *** [Jh 8h Ts] [Ad]
72d2ee9f: checks
ebdbbf25: bets $0.32
72d2ee9f: calls $0.32
*** RIVER *** [Jh 8h Ts Ad] [7h]
72d2ee9f: checks
ebdbbf25: bets $0.74
72d2ee9f: folds
Uncalled bet ($0.74) returned to ebdbbf25
*** SHOWDOWN ***
ebdbbf25 collected $1.07 from pot
*** SUMMARY ***
Total pot $1.12 | Rake $0.05 | Jackpot $0 | Bingo $0 | Fortune $0 | Tax $0
Board [Jh 8h Ts Ad 7h]
Seat 1: 72d2ee9f (big blind) folded on the River
Seat 2: Hero folded before Flop (didn't bet)
Seat 3: 812eae85 folded before Flop (didn't bet)
Seat 4: 7d4cdac4 folded before Flop (didn't bet)
Seat 5: ebdbbf25 (button) won ($1.07)
Seat 6: 48f0c472 (small blind) folded before Flop


Poker Hand #HD1741586835: Hold'em No Limit ($0.02/$0.05) - 2024/04/22 14:45:15
Table 'NLHBlue4' 6-max Seat #4 is the button
Seat 1: 72d2ee9f ($5.36 in chips)
Seat 2: Hero ($6.38 in chips)
Seat 3: 812eae85 ($8.45 in chips)
Seat 4: 7d4cdac4 ($5.48 in chips)
Seat 5: ebdbbf25 ($4.62 in chips)
Seat 6: 48f0c472 ($5.17 in chips)
ebdbbf25: posts small blind $0.02
48f0c472: posts big blind $0.05
*** HOLE CARDS ***
Dealt to 72d2ee9f 
Dealt to Hero [8d 6d]
Dealt to 812eae85 
Dealt to 7d4cdac4 
Dealt to ebdbbf25 
Dealt to 48f0c472 
72d2ee9f: raises $0.06 to $0.11
Hero: folds
812eae85: folds
7d4cdac4: folds
ebdbbf25: folds
48f0c472: calls $0.06
*** FLOP *** [9h 5c 5d]
48f0c472: checks
72d2ee9f: checks
*** TURN *** [9h 5c 5d] [Ks]
48f0c472: checks
72d2ee9f: checks
*** RIVER *** [9h 5c 5d Ks] [6c]
48f0c472: bets $0.19
72d2ee9f: calls $0.19
48f0c472: shows [6h 5h] (Fives Full over Sixes)
72d2ee9f: shows [Kd Qh] (Pair of Kings and Pair of Fives)
*** SHOWDOWN ***
48f0c472 collected $0.59 from pot
*** SUMMARY ***
Total pot $0.62 | Rake $0.03 | Jackpot $0 | Bingo $0 | Fortune $0 | Tax $0
Board [9h 5c 5d Ks 6c]
Seat 1: 72d2ee9f showed [Kd Qh] and lost with Pair of Kings and Pair of Fives
Seat 2: Hero folded before Flop (didn't bet)
Seat 3: 812eae85 folded before Flop (didn't bet)
Seat 4: 7d4cdac4 (button) folded before Flop (didn't bet)
Seat 5: ebdbbf25 (small blind) folded before Flop
Seat 6: 48f0c472 (big blind) showed [6h 5h] and won ($0.59) with Fives Full over Sixes


Poker Hand #HD1741586814: Hold'em No Limit ($0.02/$0.05) - 2024/04/22 14:44:57
Table 'NLHBlue4' 6-max Seat #3 is the button
Seat 1: 72d2ee9f ($5.29 in chips)
Seat 2: Hero ($6.38 in chips)
Seat 3: 812eae85 ($8.45 in chips)
Seat 4: 7d4cdac4 ($5.5 in chips)
Seat 5: ebdbbf25 ($4.67 in chips)
Seat 6: 48f0c472 ($5.17 in chips)
7d4cdac4: posts small blind $0.02
ebdbbf25: posts big blind $0.05
*** HOLE CARDS ***
Dealt to 72d2ee9f 
Dealt to Hero [2s Qc]
Dealt to 812eae85 
Dealt to 7d4cdac4 
Dealt to ebdbbf25 
Dealt to 48f0c472 
48f0c472: folds
72d2ee9f: raises $0.06 to $0.11
Hero: folds
812eae85: folds
7d4cdac4: folds
ebdbbf25: folds
Uncalled bet ($0.06) returned to 72d2ee9f
*** SHOWDOWN ***
72d2ee9f collected $0.12 from pot
*** SUMMARY ***
Total pot $0.12 | Rake $0 | Jackpot $0 | Bingo $0 | Fortune $0 | Tax $0
Seat 1: 72d2ee9f collected ($0.12)
Seat 2: Hero folded before Flop (didn't bet)
Seat 3: 812eae85 (button) folded before Flop (didn't bet)
Seat 4: 7d4cdac4 (small blind) folded before Flop
Seat 5: ebdbbf25 (big blind) folded before Flop
Seat 6: 48f0c472 folded before Flop (didn't bet)


Poker Hand #HD1741586760: Hold'em No Limit ($0.02/$0.05) - 2024/04/22 14:44:30
Table 'NLHBlue4' 6-max Seat #2 is the button
Seat 1: 72d2ee9f ($5.17 in chips)
Seat 2: Hero ($6.38 in chips)
Seat 3: 812eae85 ($8.47 in chips)
Seat 4: 7d4cdac4 ($5.61 in chips)
Seat 5: ebdbbf25 ($4.67 in chips)
Seat 6: 48f0c472 ($5.17 in chips)
812eae85: posts small blind $0.02
7d4cdac4: posts big blind $0.05
*** HOLE CARDS ***
Dealt to 72d2ee9f 
Dealt to Hero [Qc 8h]
Dealt to 812eae85 
Dealt to 7d4cdac4 
Dealt to ebdbbf25 
Dealt to 48f0c472 
ebdbbf25: folds
48f0c472: folds
72d2ee9f: raises $0.06 to $0.11
Hero: folds
812eae85: folds
7d4cdac4: calls $0.06
*** FLOP *** [Jc 8d 3c]
7d4cdac4: checks
72d2ee9f: bets $0.07
7d4cdac4: folds
Uncalled bet ($0.07) returned to 72d2ee9f
*** SHOWDOWN ***
72d2ee9f collected $0.23 from pot
*** SUMMARY ***
Total pot $0.24 | Rake $0.01 | Jackpot $0 | Bingo $0 | Fortune $0 | Tax $0
Board [Jc 8d 3c]
Seat 1: 72d2ee9f won ($0.23)
Seat 2: Hero (button) folded before Flop (didn't bet)
Seat 3: 812eae85 (small blind) folded before Flop
Seat 4: 7d4cdac4 (big blind) folded on the Flop
Seat 5: ebdbbf25 folded before Flop (didn't bet)
Seat 6: 48f0c472 folded before Flop (didn't bet)


Poker Hand #HD1741586736: Hold'em No Limit ($0.02/$0.05) - 2024/04/22 14:44:16
Table 'NLHBlue4' 6-max Seat #1 is the button
Seat 1: 72d2ee9f ($5.17 in chips)
Seat 2: Hero ($6.4 in chips)
Seat 3: 812eae85 ($8.52 in chips)
Seat 4: 7d4cdac4 ($5.54 in chips)
Seat 5: ebdbbf25 ($4.67 in chips)
Seat 6: 48f0c472 ($5.17 in chips)
Hero: posts small blind $0.02
812eae85: posts big blind $0.05
*** HOLE CARDS ***
Dealt to 72d2ee9f 
Dealt to Hero [Qd 8d]
Dealt to 812eae85 
Dealt to 7d4cdac4 
Dealt to ebdbbf25 
Dealt to 48f0c472 
7d4cdac4: raises $0.05 to $0.1
ebdbbf25: folds
48f0c472: folds
72d2ee9f: folds
Hero: folds
812eae85: folds
Uncalled bet ($0.05) returned to 7d4cdac4
*** SHOWDOWN ***
7d4cdac4 collected $0.12 from pot
*** SUMMARY ***
Total pot $0.12 | Rake $0 | Jackpot $0 | Bingo $0 | Fortune $0 | Tax $0
Seat 1: 72d2ee9f (button) folded before Flop (didn't bet)
Seat 2: Hero (small blind) folded before Flop
Seat 3: 812eae85 (big blind) folded before Flop
Seat 4: 7d4cdac4 collected ($0.12)
Seat 5: ebdbbf25 folded before Flop (didn't bet)
Seat 6: 48f0c472 folded before Flop (didn't bet)


Poker Hand #HD1741586715: Hold'em No Limit ($0.02/$0.05) - 2024/04/22 14:44:03
Table 'NLHBlue4' 6-max Seat #6 is the button
Seat 1: 72d2ee9f ($5.19 in chips)
Seat 2: Hero ($6.45 in chips)
Seat 3: 812eae85 ($8.52 in chips)
Seat 4: 7d4cdac4 ($5.54 in chips)
Seat 5: ebdbbf25 ($4.67 in chips)
Seat 6: 48f0c472 ($5.1 in chips)
72d2ee9f: posts small blind $0.02
Hero: posts big blind $0.05
*** HOLE CARDS ***
Dealt to 72d2ee9f 
Dealt to Hero [3h 4d]
Dealt to 812eae85 
Dealt to 7d4cdac4 
Dealt to ebdbbf25 
Dealt to 48f0c472 
812eae85: folds
7d4cdac4: folds
ebdbbf25: folds
48f0c472: raises $0.08 to $0.13
72d2ee9f: folds
Hero: folds
Uncalled bet ($0.08) returned to 48f0c472
*** SHOWDOWN ***
48f0c472 collected $0.12 from pot
*** SUMMARY ***
Total pot $0.12 | Rake $0 | Jackpot $0 | Bingo $0 | Fortune $0 | Tax $0
Seat 1: 72d2ee9f (small blind) folded before Flop
Seat 2: Hero (big blind) folded before Flop
Seat 3: 812eae85 folded before Flop (didn't bet)
Seat 4: 7d4cdac4 folded before Flop (didn't bet)
Seat 5: ebdbbf25 folded before Flop (didn't bet)
Seat 6: 48f0c472 (button) collected ($0.12)


Poker Hand #HD1741586682: Hold'em No Limit ($0.02/$0.05) - 2024/04/22 14:43:45
Table 'NLHBlue4' 6-max Seat #5 is the button
Seat 1: 72d2ee9f ($5.24 in chips)
Seat 2: Hero ($6.45 in chips)
Seat 3: 812eae85 ($8.45 in chips)
Seat 4: 7d4cdac4 ($5.54 in chips)
Seat 5: ebdbbf25 ($4.67 in chips)
Seat 6: 48f0c472 ($5.12 in chips)
48f0c472: posts small blind $0.02
72d2ee9f: posts big blind $0.05
*** HOLE CARDS ***
Dealt to 72d2ee9f 
Dealt to Hero [6d 8d]
Dealt to 812eae85 
Dealt to 7d4cdac4 
Dealt to ebdbbf25 
Dealt to 48f0c472 
Hero: folds
812eae85: raises $0.05 to $0.1
7d4cdac4: folds
ebdbbf25: folds
48f0c472: folds
72d2ee9f: folds
Uncalled bet ($0.05) returned to 812eae85
*** SHOWDOWN ***
812eae85 collected $0.12 from pot
*** SUMMARY ***
Total pot $0.12 | Rake $0 | Jackpot $0 | Bingo $0 | Fortune $0 | Tax $0
Seat 1: 72d2ee9f (big blind) folded before Flop
Seat 2: Hero folded before Flop (didn't bet)
Seat 3: 812eae85 collected ($0.12)
Seat 4: 7d4cdac4 folded before Flop (didn't bet)
Seat 5: ebdbbf25 (button) folded before Flop (didn't bet)
Seat 6: 48f0c472 (small blind) folded before Flop


Poker Hand #HD1741586651: Hold'em No Limit ($0.02/$0.05) - 2024/04/22 14:43:27
Table 'NLHBlue4' 6-max Seat #4 is the button
Seat 1: 72d2ee9f ($5.24 in chips)
Seat 2: Hero ($6.45 in chips)
Seat 3: 812eae85 ($8.45 in chips)
Seat 4: 7d4cdac4 ($5.54 in chips)
Seat 5: ebdbbf25 ($4.62 in chips)
Seat 6: 48f0c472 ($5.17 in chips)
ebdbbf25: posts small blind $0.02
48f0c472: posts big blind $0.05
*** HOLE CARDS ***
Dealt to 72d2ee9f 
Dealt to Hero [4d Kc]
Dealt to 812eae85 
Dealt to 7d4cdac4 
Dealt to ebdbbf25 
Dealt to 48f0c472 
72d2ee9f: folds
Hero: folds
812eae85: folds
7d4cdac4: folds
ebdbbf25: raises $0.1 to $0.15
48f0c472: folds
Uncalled bet ($0.1) returned to ebdbbf25
*** SHOWDOWN ***
ebdbbf25 collected $0.1 from pot
*** SUMMARY ***
Total pot $0.1 | Rake $0 | Jackpot $0 | Bingo $0 | Fortune $0 | Tax $0
Seat 1: 72d2ee9f folded before Flop (didn't bet)
Seat 2: Hero folded before Flop (didn't bet)
Seat 3: 812eae85 folded before Flop (didn't bet)
Seat 4: 7d4cdac4 (button) folded before Flop (didn't bet)
Seat 5: ebdbbf25 (small blind) collected ($0.1)
Seat 6: 48f0c472 (big blind) folded before Flop


Poker Hand #HD1741586538: Hold'em No Limit ($0.02/$0.05) - 2024/04/22 14:42:11
Table 'NLHBlue4' 6-max Seat #3 is the button
Seat 1: 72d2ee9f ($5.24 in chips)
Seat 2: Hero ($6.45 in chips)
Seat 3: 812eae85 ($9.22 in chips)
Seat 4: 7d4cdac4 ($4.84 in chips)
Seat 5: ebdbbf25 ($4.67 in chips)
Seat 6: 48f0c472 ($5.17 in chips)
7d4cdac4: posts small blind $0.02
ebdbbf25: posts big blind $0.05
*** HOLE CARDS ***
Dealt to 72d2ee9f 
Dealt to Hero [Kh 5c]
Dealt to 812eae85 
Dealt to 7d4cdac4 
Dealt to ebdbbf25 
Dealt to 48f0c472 
48f0c472: folds
72d2ee9f: folds
Hero: folds
812eae85: raises $0.05 to $0.1
7d4cdac4: raises $0.19 to $0.29
ebdbbf25: folds
812eae85: calls $0.19
*** FLOP *** [Qc 2c Qd]
7d4cdac4: checks
812eae85: bets $0.48
7d4cdac4: calls $0.48
*** TURN *** [Qc 2c Qd] [Qh]
7d4cdac4: checks
812eae85: checks
*** RIVER *** [Qc 2c Qd Qh] [Th]
7d4cdac4: bets $1.2
812eae85: folds
Uncalled bet ($1.2) returned to 7d4cdac4
*** SHOWDOWN ***
7d4cdac4 collected $1.47 from pot
*** SUMMARY ***
Total pot $1.59 | Rake $0.07 | Jackpot $0.05 | Bingo $0 | Fortune $0 | Tax $0
Board [Qc 2c Qd Qh Th]
Seat 1: 72d2ee9f folded before Flop (didn't bet)
Seat 2: Hero folded before Flop (didn't bet)
Seat 3: 812eae85 (button) folded on the River
Seat 4: 7d4cdac4 (small blind) won ($1.47)
Seat 5: ebdbbf25 (big blind) folded before Flop
Seat 6: 48f0c472 folded before Flop (didn't bet)


Poker Hand #HD1741586483: Hold'em No Limit ($0.02/$0.05) - 2024/04/22 14:41:37
Table 'NLHBlue4' 6-max Seat #2 is the button
Seat 1: 72d2ee9f ($5.07 in chips)
Seat 2: Hero ($6.45 in chips)
Seat 3: 812eae85 ($9.24 in chips)
Seat 4: 7d4cdac4 ($5 in chips)
Seat 5: ebdbbf25 ($4.67 in chips)
Seat 6: 48f0c472 ($5.17 in chips)
812eae85: posts small blind $0.02
7d4cdac4: posts big blind $0.05
*** HOLE CARDS ***
Dealt to 72d2ee9f 
Dealt to Hero [Td 8d]
Dealt to 812eae85 
Dealt to 7d4cdac4 
Dealt to ebdbbf25 
Dealt to 48f0c472 
ebdbbf25: folds
48f0c472: folds
72d2ee9f: raises $0.06 to $0.11
Hero: folds
812eae85: folds
7d4cdac4: calls $0.06
*** FLOP *** [Kh 3d Ks]
7d4cdac4: checks
72d2ee9f: bets $0.05
7d4cdac4: calls $0.05
*** TURN *** [Kh 3d Ks] [5d]
7d4cdac4: checks
72d2ee9f: bets $0.17
7d4cdac4: folds
Uncalled bet ($0.17) returned to 72d2ee9f
*** SHOWDOWN ***
72d2ee9f collected $0.33 from pot
*** SUMMARY ***
Total pot $0.34 | Rake $0.01 | Jackpot $0 | Bingo $0 | Fortune $0 | Tax $0
Board [Kh 3d Ks 5d]
Seat 1: 72d2ee9f won ($0.33)
Seat 2: Hero (button) folded before Flop (didn't bet)
Seat 3: 812eae85 (small blind) folded before Flop
Seat 4: 7d4cdac4 (big blind) folded on the Turn
Seat 5: ebdbbf25 folded before Flop (didn't bet)
Seat 6: 48f0c472 folded before Flop (didn't bet)


Poker Hand #HD1741586449: Hold'em No Limit ($0.02/$0.05) - 2024/04/22 14:41:22
Table 'NLHBlue4' 6-max Seat #1 is the button
Seat 1: 72d2ee9f ($5 in chips)
Seat 2: Hero ($6.47 in chips)
Seat 3: 812eae85 ($9.29 in chips)
Seat 5: ebdbbf25 ($4.67 in chips)
Seat 6: 48f0c472 ($5.17 in chips)
Hero: posts small blind $0.02
812eae85: posts big blind $0.05
*** HOLE CARDS ***
Dealt to 72d2ee9f 
Dealt to Hero [8d 7d]
Dealt to 812eae85 
Dealt to ebdbbf25 
Dealt to 48f0c472 
ebdbbf25: folds
48f0c472: folds
72d2ee9f: raises $0.06 to $0.11
Hero: folds
812eae85: folds
Uncalled bet ($0.06) returned to 72d2ee9f
*** SHOWDOWN ***
72d2ee9f collected $0.12 from pot
*** SUMMARY ***
Total pot $0.12 | Rake $0 | Jackpot $0 | Bingo $0 | Fortune $0 | Tax $0
Seat 1: 72d2ee9f (button) collected ($0.12)
Seat 2: Hero (small blind) folded before Flop
Seat 3: 812eae85 (big blind) folded before Flop
Seat 5: ebdbbf25 folded before Flop (didn't bet)
Seat 6: 48f0c472 folded before Flop (didn't bet)


Poker Hand #HD1741586436: Hold'em No Limit ($0.02/$0.05) - 2024/04/22 14:41:11
Table 'NLHBlue4' 6-max Seat #6 is the button
Seat 1: 72d2ee9f ($5 in chips)
Seat 2: Hero ($6.45 in chips)
Seat 3: 812eae85 ($9.29 in chips)
Seat 5: ebdbbf25 ($4.67 in chips)
Seat 6: 48f0c472 ($5.17 in chips)
72d2ee9f: posts small blind $0.02
Hero: posts big blind $0.05
*** HOLE CARDS ***
Dealt to 72d2ee9f 
Dealt to Hero [Ac 9d]
Dealt to 812eae85 
Dealt to ebdbbf25 
Dealt to 48f0c472 
812eae85: folds
ebdbbf25: folds
48f0c472: folds
72d2ee9f: folds
Uncalled bet ($0.03) returned to Hero
*** SHOWDOWN ***
Hero collected $0.04 from pot
*** SUMMARY ***
Total pot $0.04 | Rake $0 | Jackpot $0 | Bingo $0 | Fortune $0 | Tax $0
Seat 1: 72d2ee9f (small blind) folded before Flop
Seat 2: Hero (big blind) collected ($0.04)
Seat 3: 812eae85 folded before Flop (didn't bet)
Seat 5: ebdbbf25 folded before Flop (didn't bet)
Seat 6: 48f0c472 (button) folded before Flop (didn't bet)


Poker Hand #HD1741586381: Hold'em No Limit ($0.02/$0.05) - 2024/04/22 14:40:40
Table 'NLHBlue4' 6-max Seat #5 is the button
Seat 1: 72d2ee9f ($5 in chips)
Seat 2: Hero ($6.45 in chips)
Seat 3: 812eae85 ($9.29 in chips)
Seat 5: ebdbbf25 ($4.8 in chips)
Seat 6: 48f0c472 ($5 in chips)
48f0c472: posts small blind $0.02
72d2ee9f: posts big blind $0.05
*** HOLE CARDS ***
Dealt to 72d2ee9f 
Dealt to Hero [4c Ts]
Dealt to 812eae85 
Dealt to ebdbbf25 
Dealt to 48f0c472 
Hero: folds
812eae85: folds
ebdbbf25: raises $0.08 to $0.13
48f0c472: raises $0.39 to $0.52
72d2ee9f: folds
ebdbbf25: folds
Uncalled bet ($0.39) returned to 48f0c472
*** SHOWDOWN ***
48f0c472 collected $0.3 from pot
*** SUMMARY ***
Total pot $0.31 | Rake $0.01 | Jackpot $0 | Bingo $0 | Fortune $0 | Tax $0
Seat 1: 72d2ee9f (big blind) folded before Flop
Seat 2: Hero folded before Flop (didn't bet)
Seat 3: 812eae85 folded before Flop (didn't bet)
Seat 5: ebdbbf25 (button) folded before Flop
Seat 6: 48f0c472 (small blind) collected ($0.3)


Poker Hand #HD1741586222: Hold'em No Limit ($0.02/$0.05) - 2024/04/22 14:39:04
Table 'NLHBlue4' 6-max Seat #4 is the button
Seat 1: 72d2ee9f ($5.28 in chips)
Seat 2: Hero ($6.45 in chips)
Seat 3: 812eae85 ($5.79 in chips)
Seat 4: 970a4d92 ($3.32 in chips)
Seat 5: ebdbbf25 ($4.82 in chips)
Seat 6: 48f0c472 ($5 in chips)
ebdbbf25: posts small blind $0.02
48f0c472: posts big blind $0.05
*** HOLE CARDS ***
Dealt to 72d2ee9f 
Dealt to Hero [3c Jc]
Dealt to 812eae85 
Dealt to 970a4d92 
Dealt to ebdbbf25 
Dealt to 48f0c472 
72d2ee9f: raises $0.06 to $0.11
Hero: folds
812eae85: raises $0.39 to $0.5
970a4d92: calls $0.5
ebdbbf25: folds
48f0c472: folds
72d2ee9f: calls $0.39
*** FLOP *** [Js 3d 3h]
72d2ee9f: checks
812eae85: bets $0.79
970a4d92: calls $0.79
72d2ee9f: folds
*** TURN *** [Js 3d 3h] [Th]
812eae85: bets $3.15
970a4d92: calls $2.03 and is all-in
Uncalled bet ($1.12) returned to 812eae85
812eae85: shows [As Ac] (Pair of Aces and Pair of Treys)
970a4d92: shows [Qs Jd] (Pair of Jacks and Pair of Treys)
*** FIRST RIVER *** [Js 3d 3h Th] [8c]
*** SECOND RIVER *** [Js 3d 3h Th] [7s]
*** FIRST SHOWDOWN ***
812eae85 collected $3.41 from pot
*** SECOND SHOWDOWN ***
812eae85 collected $3.41 from pot
*** SUMMARY ***
Total pot $7.21 | Rake $0.34 | Jackpot $0.05 | Bingo $0 | Fortune $0 | Tax $0
Hand was run two times
FIRST Board [Js 3d 3h Th 8c]
SECOND Board [7s]
Seat 1: 72d2ee9f folded on the Flop
Seat 2: Hero folded before Flop (didn't bet)
Seat 3: 812eae85 showed [As Ac] and won ($3.41) with Pair of Aces and Pair of Treys, and won ($3.41)
Seat 4: 970a4d92 (button) showed [Qs Jd] and lost with Pair of Jacks and Pair of Treys, and lost
Seat 5: ebdbbf25 (small blind) folded before Flop
Seat 6: 48f0c472 (big blind) folded before Flop


Poker Hand #HD1741586207: Hold'em No Limit ($0.02/$0.05) - 2024/04/22 14:38:55
Table 'NLHBlue4' 6-max Seat #3 is the button
Seat 1: 72d2ee9f ($5.28 in chips)
Seat 2: Hero ($6.45 in chips)
Seat 3: 812eae85 ($5.79 in chips)
Seat 4: 970a4d92 ($3.34 in chips)
Seat 5: ebdbbf25 ($4.8 in chips)
970a4d92: posts small blind $0.02
ebdbbf25: posts big blind $0.05
*** HOLE CARDS ***
Dealt to 72d2ee9f 
Dealt to Hero [2c Qh]
Dealt to 812eae85 
Dealt to 970a4d92 
Dealt to ebdbbf25 
72d2ee9f: folds
Hero: folds
812eae85: folds
970a4d92: folds
Uncalled bet ($0.03) returned to ebdbbf25
*** SHOWDOWN ***
ebdbbf25 collected $0.04 from pot
*** SUMMARY ***
Total pot $0.04 | Rake $0 | Jackpot $0 | Bingo $0 | Fortune $0 | Tax $0
Seat 1: 72d2ee9f folded before Flop (didn't bet)
Seat 2: Hero folded before Flop (didn't bet)
Seat 3: 812eae85 (button) folded before Flop (didn't bet)
Seat 4: 970a4d92 (small blind) folded before Flop
Seat 5: ebdbbf25 (big blind) collected ($0.04)


Poker Hand #HD1741586167: Hold'em No Limit ($0.02/$0.05) - 2024/04/22 14:38:40
Table 'NLHBlue4' 6-max Seat #2 is the button
Seat 1: 72d2ee9f ($5.28 in chips)
Seat 2: Hero ($6.38 in chips)
Seat 3: 812eae85 ($5.81 in chips)
Seat 4: 970a4d92 ($3.39 in chips)
Seat 5: ebdbbf25 ($4.8 in chips)
Seat 6: 6259a3a6 ($4.62 in chips)
812eae85: posts small blind $0.02
970a4d92: posts big blind $0.05
*** HOLE CARDS ***
Dealt to 72d2ee9f 
Dealt to Hero [8d 9d]
Dealt to 812eae85 
Dealt to 970a4d92 
Dealt to ebdbbf25 
Dealt to 6259a3a6 
ebdbbf25: folds
6259a3a6: folds
72d2ee9f: folds
Hero: raises $0.07 to $0.12
812eae85: folds
970a4d92: folds
Uncalled bet ($0.07) returned to Hero
*** SHOWDOWN ***
Hero collected $0.12 from pot
*** SUMMARY ***
Total pot $0.12 | Rake $0 | Jackpot $0 | Bingo $0 | Fortune $0 | Tax $0
Seat 1: 72d2ee9f folded before Flop (didn't bet)
Seat 2: Hero (button) collected ($0.12)
Seat 3: 812eae85 (small blind) folded before Flop
Seat 4: 970a4d92 (big blind) folded before Flop
Seat 5: ebdbbf25 folded before Flop (didn't bet)
Seat 6: 6259a3a6 folded before Flop (didn't bet)


Poker Hand #HD1741586072: Hold'em No Limit ($0.02/$0.05) - 2024/04/22 14:37:36
Table 'NLHBlue4' 6-max Seat #1 is the button
Seat 1: 72d2ee9f ($5.28 in chips)
Seat 2: Hero ($6.4 in chips)
Seat 3: 812eae85 ($5.91 in chips)
Seat 4: 970a4d92 ($3.39 in chips)
Seat 5: ebdbbf25 ($5.19 in chips)
Seat 6: 6259a3a6 ($4.15 in chips)
Hero: posts small blind $0.02
812eae85: posts big blind $0.05
*** HOLE CARDS ***
Dealt to 72d2ee9f 
Dealt to Hero [Ts 4s]
Dealt to 812eae85 
Dealt to 970a4d92 
Dealt to ebdbbf25 
Dealt to 6259a3a6 
970a4d92: folds
ebdbbf25: raises $0.05 to $0.1
6259a3a6: calls $0.1
72d2ee9f: folds
Hero: folds
812eae85: calls $0.05
*** FLOP *** [Kh 6c Ad]
812eae85: checks
ebdbbf25: checks
6259a3a6: bets $0.11
812eae85: folds
ebdbbf25: calls $0.11
*** TURN *** [Kh 6c Ad] [5s]
ebdbbf25: checks
6259a3a6: bets $0.18
ebdbbf25: calls $0.18
*** RIVER *** [Kh 6c Ad 5s] [Jd]
ebdbbf25: checks
6259a3a6: checks
ebdbbf25: shows [Jc Qd] (Pair of Jacks)
6259a3a6: shows [3s Ah] (Pair of Aces)
*** SHOWDOWN ***
6259a3a6 collected $0.86 from pot
*** SUMMARY ***
Total pot $0.9 | Rake $0.04 | Jackpot $0 | Bingo $0 | Fortune $0 | Tax $0
Board [Kh 6c Ad 5s Jd]
Seat 1: 72d2ee9f (button) folded before Flop (didn't bet)
Seat 2: Hero (small blind) folded before Flop
Seat 3: 812eae85 (big blind) folded on the Flop
Seat 4: 970a4d92 folded before Flop (didn't bet)
Seat 5: ebdbbf25 showed [Jc Qd] and lost with Pair of Jacks
Seat 6: 6259a3a6 showed [3s Ah] and won ($0.86) with Pair of Aces


Poker Hand #HD1741586022: Hold'em No Limit ($0.02/$0.05) - 2024/04/22 14:37:08
Table 'NLHBlue4' 6-max Seat #6 is the button
Seat 1: 72d2ee9f ($5.3 in chips)
Seat 2: Hero ($6.45 in chips)
Seat 3: 812eae85 ($5.91 in chips)
Seat 4: 970a4d92 ($3.39 in chips)
Seat 5: ebdbbf25 ($5 in chips)
Seat 6: 6259a3a6 ($4.28 in chips)
72d2ee9f: posts small blind $0.02
Hero: posts big blind $0.05
*** HOLE CARDS ***
Dealt to 72d2ee9f 
Dealt to Hero [8c 2s]
Dealt to 812eae85 
Dealt to 970a4d92 
Dealt to ebdbbf25 
Dealt to 6259a3a6 
812eae85: folds
970a4d92: folds
ebdbbf25: raises $0.08 to $0.13
6259a3a6: calls $0.13
72d2ee9f: folds
Hero: folds
*** FLOP *** [7h 4c Kd]
ebdbbf25: checks
6259a3a6: checks
*** TURN *** [7h 4c Kd] [7d]
ebdbbf25: bets $0.22
6259a3a6: folds
Uncalled bet ($0.22) returned to ebdbbf25
*** SHOWDOWN ***
ebdbbf25 collected $0.32 from pot
*** SUMMARY ***
Total pot $0.33 | Rake $0.01 | Jackpot $0 | Bingo $0 | Fortune $0 | Tax $0
Board [7h 4c Kd 7d]
Seat 1: 72d2ee9f (small blind) folded before Flop
Seat 2: Hero (big blind) folded before Flop
Seat 3: 812eae85 folded before Flop (didn't bet)
Seat 4: 970a4d92 folded before Flop (didn't bet)
Seat 5: ebdbbf25 won ($0.32)
Seat 6: 6259a3a6 (button) folded on the Turn


Poker Hand #HD1741585960: Hold'em No Limit ($0.02/$0.05) - 2024/04/22 14:36:35
Table 'NLHBlue4' 6-max Seat #5 is the button
Seat 1: 72d2ee9f ($5.35 in chips)
Seat 2: Hero ($6.45 in chips)
Seat 3: 812eae85 ($5.91 in chips)
Seat 4: 970a4d92 ($3.39 in chips)
Seat 5: ebdbbf25 ($4.77 in chips)
Seat 6: 6259a3a6 ($3.92 in chips)
6259a3a6: posts small blind $0.02
72d2ee9f: posts big blind $0.05
*** HOLE CARDS ***
Dealt to 72d2ee9f 
Dealt to Hero [4h 5s]
Dealt to 812eae85 
Dealt to 970a4d92 
Dealt to ebdbbf25 
Dealt to 6259a3a6 
Hero: folds
812eae85: folds
970a4d92: folds
ebdbbf25: raises $0.08 to $0.13
6259a3a6: calls $0.11
72d2ee9f: folds
*** FLOP *** [Jc 3d Kh]
6259a3a6: checks
ebdbbf25: checks
*** TURN *** [Jc 3d Kh] [5c]
6259a3a6: checks
ebdbbf25: bets $0.21
6259a3a6: calls $0.21
*** RIVER *** [Jc 3d Kh 5c] [9d]
6259a3a6: checks
ebdbbf25: checks
6259a3a6: shows [Ad Td] (Ace-High)
ebdbbf25: shows [7h 6h] (King-High)
*** SHOWDOWN ***
6259a3a6 collected $0.7 from pot
*** SUMMARY ***
Total pot $0.73 | Rake $0.03 | Jackpot $0 | Bingo $0 | Fortune $0 | Tax $0
Board [Jc 3d Kh 5c 9d]
Seat 1: 72d2ee9f (big blind) folded before Flop
Seat 2: Hero folded before Flop (didn't bet)
Seat 3: 812eae85 folded before Flop (didn't bet)
Seat 4: 970a4d92 folded before Flop (didn't bet)
Seat 5: ebdbbf25 (button) showed [7h 6h] and lost with King-High
Seat 6: 6259a3a6 (small blind) showed [Ad Td] and won ($0.7) with Ace-High


Poker Hand #HD1741585925: Hold'em No Limit ($0.02/$0.05) - 2024/04/22 14:36:14
Table 'NLHBlue4' 6-max Seat #4 is the button
Seat 1: 72d2ee9f ($5.35 in chips)
Seat 2: Hero ($6.55 in chips)
Seat 3: 812eae85 ($5.91 in chips)
Seat 4: 970a4d92 ($3.23 in chips)
Seat 5: ebdbbf25 ($4.79 in chips)
Seat 6: 6259a3a6 ($3.97 in chips)
ebdbbf25: posts small blind $0.02
6259a3a6: posts big blind $0.05
*** HOLE CARDS ***
Dealt to 72d2ee9f 
Dealt to Hero [Qs Jd]
Dealt to 812eae85 
Dealt to 970a4d92 
Dealt to ebdbbf25 
Dealt to 6259a3a6 
72d2ee9f: folds
Hero: raises $0.05 to $0.1
812eae85: folds
970a4d92: raises $0.21 to $0.31
ebdbbf25: folds
6259a3a6: folds
Hero: folds
Uncalled bet ($0.21) returned to 970a4d92
*** SHOWDOWN ***
970a4d92 collected $0.26 from pot
*** SUMMARY ***
Total pot $0.27 | Rake $0.01 | Jackpot $0 | Bingo $0 | Fortune $0 | Tax $0
Seat 1: 72d2ee9f folded before Flop (didn't bet)
Seat 2: Hero folded before Flop
Seat 3: 812eae85 folded before Flop (didn't bet)
Seat 4: 970a4d92 (button) collected ($0.26)
Seat 5: ebdbbf25 (small blind) folded before Flop
Seat 6: 6259a3a6 (big blind) folded before Flop


Poker Hand #HD1741585864: Hold'em No Limit ($0.02/$0.05) - 2024/04/22 14:35:36
Table 'NLHBlue4' 6-max Seat #3 is the button
Seat 1: 72d2ee9f ($5.35 in chips)
Seat 2: Hero ($6.07 in chips)
Seat 3: 812eae85 ($5.91 in chips)
Seat 4: 970a4d92 ($3.25 in chips)
Seat 5: ebdbbf25 ($4.84 in chips)
Seat 6: 6259a3a6 ($4.42 in chips)
970a4d92: posts small blind $0.02
ebdbbf25: posts big blind $0.05
*** HOLE CARDS ***
Dealt to 72d2ee9f 
Dealt to Hero [Qd Ks]
Dealt to 812eae85 
Dealt to 970a4d92 
Dealt to ebdbbf25 
Dealt to 6259a3a6 
6259a3a6: calls $0.05
72d2ee9f: folds
Hero: raises $0.15 to $0.2
812eae85: folds
970a4d92: folds
ebdbbf25: folds
6259a3a6: calls $0.15
*** FLOP *** [5s Kh 6s]
6259a3a6: checks
Hero: bets $0.25
6259a3a6: calls $0.25
*** TURN *** [5s Kh 6s] [7h]
6259a3a6: checks
Hero: bets $0.68
6259a3a6: folds
Uncalled bet ($0.68) returned to Hero
*** SHOWDOWN ***
Hero collected $0.93 from pot
*** SUMMARY ***
Total pot $0.97 | Rake $0.04 | Jackpot $0 | Bingo $0 | Fortune $0 | Tax $0
Board [5s Kh 6s 7h]
Seat 1: 72d2ee9f folded before Flop (didn't bet)
Seat 2: Hero won ($0.93)
Seat 3: 812eae85 (button) folded before Flop (didn't bet)
Seat 4: 970a4d92 (small blind) folded before Flop
Seat 5: ebdbbf25 (big blind) folded before Flop
Seat 6: 6259a3a6 folded on the Turn


Poker Hand #HD1741585761: Hold'em No Limit ($0.02/$0.05) - 2024/04/22 14:34:36
Table 'NLHBlue4' 6-max Seat #2 is the button
Seat 1: 72d2ee9f ($5.35 in chips)
Seat 2: Hero ($6.07 in chips)
Seat 3: 812eae85 ($5.36 in chips)
Seat 4: 970a4d92 ($3.35 in chips)
Seat 5: ebdbbf25 ($5.24 in chips)
Seat 6: 6259a3a6 ($4.52 in chips)
812eae85: posts small blind $0.02
970a4d92: posts big blind $0.05
*** HOLE CARDS ***
Dealt to 72d2ee9f 
Dealt to Hero [Ks 3s]
Dealt to 812eae85 
Dealt to 970a4d92 
Dealt to ebdbbf25 
Dealt to 6259a3a6 
ebdbbf25: raises $0.05 to $0.1
6259a3a6: calls $0.1
72d2ee9f: folds
Hero: folds
812eae85: calls $0.08
970a4d92: calls $0.05
*** FLOP *** [9d Tc 4s]
812eae85: checks
970a4d92: checks
ebdbbf25: checks
6259a3a6: checks
*** TURN *** [9d Tc 4s] [5h]
812eae85: bets $0.3
970a4d92: folds
ebdbbf25: calls $0.3
6259a3a6: folds
*** RIVER *** [9d Tc 4s 5h] [Jc]
812eae85: checks
ebdbbf25: checks
812eae85: shows [Jd Qd] (Pair of Jacks)
ebdbbf25: shows [As Kd] (Ace-High)
*** SHOWDOWN ***
812eae85 collected $0.95 from pot
*** SUMMARY ***
Total pot $1 | Rake $0.05 | Jackpot $0 | Bingo $0 | Fortune $0 | Tax $0
Board [9d Tc 4s 5h Jc]
Seat 1: 72d2ee9f folded before Flop (didn't bet)
Seat 2: Hero (button) folded before Flop (didn't bet)
Seat 3: 812eae85 (small blind) showed [Jd Qd] and won ($0.95) with Pair of Jacks
Seat 4: 970a4d92 (big blind) folded on the Turn
Seat 5: ebdbbf25 showed [As Kd] and lost with Ace-High
Seat 6: 6259a3a6 folded on the Turn


Poker Hand #HD1741585705: Hold'em No Limit ($0.02/$0.05) - 2024/04/22 14:34:03
Table 'NLHBlue4' 6-max Seat #1 is the button
Seat 1: 72d2ee9f ($5 in chips)
Seat 2: Hero ($6.09 in chips)
Seat 3: 812eae85 ($5.41 in chips)
Seat 4: 970a4d92 ($3.35 in chips)
Seat 5: ebdbbf25 ($5.24 in chips)
Seat 6: 6259a3a6 ($4.83 in chips)
Hero: posts small blind $0.02
812eae85: posts big blind $0.05
*** HOLE CARDS ***
Dealt to 72d2ee9f 
Dealt to Hero [Ac 2s]
Dealt to 812eae85 
Dealt to 970a4d92 
Dealt to ebdbbf25 
Dealt to 6259a3a6 
970a4d92: folds
ebdbbf25: folds
6259a3a6: calls $0.05
72d2ee9f: raises $0.13 to $0.18
Hero: folds
812eae85: folds
6259a3a6: calls $0.13
*** FLOP *** [Kc Qs 4c]
6259a3a6: checks
72d2ee9f: bets $0.13
6259a3a6: calls $0.13
*** TURN *** [Kc Qs 4c] [2c]
6259a3a6: checks
72d2ee9f: bets $0.52
6259a3a6: folds
Uncalled bet ($0.52) returned to 72d2ee9f
*** SHOWDOWN ***
72d2ee9f collected $0.66 from pot
*** SUMMARY ***
Total pot $0.69 | Rake $0.03 | Jackpot $0 | Bingo $0 | Fortune $0 | Tax $0
Board [Kc Qs 4c 2c]
Seat 1: 72d2ee9f (button) won ($0.66)
Seat 2: Hero (small blind) folded before Flop
Seat 3: 812eae85 (big blind) folded before Flop
Seat 4: 970a4d92 folded before Flop (didn't bet)
Seat 5: ebdbbf25 folded before Flop (didn't bet)
Seat 6: 6259a3a6 folded on the Turn


Poker Hand #HD1741485612: Hold'em No Limit ($0.02/$0.05) - 2024/04/22 14:33:14
Table 'NLHBlue4' 6-max Seat #6 is the button
Seat 1: 72d2ee9f ($5.12 in chips)
Seat 2: Hero ($5 in chips)
Seat 3: 812eae85 ($5.51 in chips)
Seat 4: 970a4d92 ($3.35 in chips)
Seat 5: ebdbbf25 ($5.61 in chips)
Seat 6: 6259a3a6 ($5.2 in chips)
72d2ee9f: posts small blind $0.02
Hero: posts big blind $0.05
*** HOLE CARDS ***
Dealt to 72d2ee9f 
Dealt to Hero [Qc Qd]
Dealt to 812eae85 
Dealt to 970a4d92 
Dealt to ebdbbf25 
Dealt to 6259a3a6 
812eae85: raises $0.05 to $0.1
970a4d92: folds
ebdbbf25: raises $0.27 to $0.37
6259a3a6: calls $0.37
72d2ee9f: calls $0.35
Hero: raises $4.63 to $5 and is all-in
812eae85: folds
ebdbbf25: folds
6259a3a6: folds
72d2ee9f: folds
Uncalled bet ($4.63) returned to Hero
*** SHOWDOWN ***
Hero collected $1.46 from pot
*** SUMMARY ***
Total pot $1.58 | Rake $0.07 | Jackpot $0.05 | Bingo $0 | Fortune $0 | Tax $0
Seat 1: 72d2ee9f (small blind) folded before Flop
Seat 2: Hero (big blind) collected ($1.46)
Seat 3: 812eae85 folded before Flop
Seat 4: 970a4d92 folded before Flop (didn't bet)
Seat 5: ebdbbf25 folded before Flop
Seat 6: 6259a3a6 (button) folded before Flop


Poker Hand #HD1741485557: Hold'em No Limit ($0.02/$0.05) - 2024/04/22 14:32:43
Table 'NLHBlue4' 6-max Seat #5 is the button
Seat 1: 72d2ee9f ($5 in chips)
Seat 2: Hero ($5 in chips)
Seat 3: 812eae85 ($5.51 in chips)
Seat 4: 970a4d92 ($3.42 in chips)
Seat 5: ebdbbf25 ($5.61 in chips)
Seat 6: 6259a3a6 ($5.25 in chips)
6259a3a6: posts small blind $0.02
72d2ee9f: posts big blind $0.05
970a4d92: posts missed blind $0.02
*** HOLE CARDS ***
Dealt to 72d2ee9f 
Dealt to Hero [8s 7d]
Dealt to 812eae85 
Dealt to 970a4d92 
Dealt to ebdbbf25 
Dealt to 6259a3a6 
Hero: folds
812eae85: folds
970a4d92: calls $0.05
ebdbbf25: folds
6259a3a6: calls $0.03
72d2ee9f: raises $4.95 to $5 and is all-in
970a4d92: folds
6259a3a6: folds
Uncalled bet ($4.95) returned to 72d2ee9f
*** SHOWDOWN ***
72d2ee9f collected $0.17 from pot
*** SUMMARY ***
Total pot $0.17 | Rake $0 | Jackpot $0 | Bingo $0 | Fortune $0 | Tax $0
Seat 1: 72d2ee9f (big blind) collected ($0.17)
Seat 2: Hero folded before Flop (didn't bet)
Seat 3: 812eae85 folded before Flop (didn't bet)
Seat 4: 970a4d92 folded before Flop
Seat 5: ebdbbf25 (button) folded before Flop (didn't bet)
Seat 6: 6259a3a6 (small blind) folded before Flop


Poker Hand #HD1741485520: Hold'em No Limit ($0.02/$0.05) - 2024/04/22 14:32:19
Table 'NLHBlue4' 6-max Seat #3 is the button
Seat 1: 72d2ee9f ($5 in chips)
Seat 2: Hero ($5 in chips)
Seat 3: 812eae85 ($5.61 in chips)
Seat 5: ebdbbf25 ($5.47 in chips)
Seat 6: 6259a3a6 ($5.3 in chips)
ebdbbf25: posts small blind $0.02
6259a3a6: posts big blind $0.05
*** HOLE CARDS ***
Dealt to 72d2ee9f 
Dealt to Hero [Qh 9s]
Dealt to 812eae85 
Dealt to ebdbbf25 
Dealt to 6259a3a6 
72d2ee9f: folds
Hero: folds
812eae85: raises $0.05 to $0.1
ebdbbf25: raises $0.45 to $0.55
6259a3a6: folds
812eae85: folds
Uncalled bet ($0.45) returned to ebdbbf25
*** SHOWDOWN ***
ebdbbf25 collected $0.24 from pot
*** SUMMARY ***
Total pot $0.25 | Rake $0.01 | Jackpot $0 | Bingo $0 | Fortune $0 | Tax $0
Seat 1: 72d2ee9f folded before Flop (didn't bet)
Seat 2: Hero folded before Flop (didn't bet)
Seat 3: 812eae85 (button) folded before Flop
Seat 5: ebdbbf25 (small blind) collected ($0.24)
Seat 6: 6259a3a6 (big blind) folded before Flop


Poker Hand #HD1741485433: Hold'em No Limit ($0.02/$0.05) - 2024/04/22 14:31:30
Table 'NLHBlue4' 6-max Seat #2 is the button
Seat 1: 72d2ee9f ($5 in chips)
Seat 2: Hero ($5 in chips)
Seat 3: 812eae85 ($5.63 in chips)
Seat 4: 970a4d92 ($3.31 in chips)
Seat 5: ebdbbf25 ($5.47 in chips)
Seat 6: 6259a3a6 ($5.4 in chips)
812eae85: posts small blind $0.02
970a4d92: posts big blind $0.05
*** HOLE CARDS ***
Dealt to 72d2ee9f 
Dealt to Hero [5h 6d]
Dealt to 812eae85 
Dealt to 970a4d92 
Dealt to ebdbbf25 
Dealt to 6259a3a6 
ebdbbf25: folds
6259a3a6: calls $0.05
72d2ee9f: folds
Hero: folds
812eae85: folds
970a4d92: raises $0.05 to $0.1
6259a3a6: calls $0.05
*** FLOP *** [6c 3c 3s]
970a4d92: bets $0.11
6259a3a6: folds
Uncalled bet ($0.11) returned to 970a4d92
*** SHOWDOWN ***
970a4d92 collected $0.21 from pot
*** SUMMARY ***
Total pot $0.22 | Rake $0.01 | Jackpot $0 | Bingo $0 | Fortune $0 | Tax $0
Board [6c 3c 3s]
Seat 1: 72d2ee9f folded before Flop (didn't bet)
Seat 2: Hero (button) folded before Flop (didn't bet)
Seat 3: 812eae85 (small blind) folded before Flop
Seat 4: 970a4d92 (big blind) won ($0.21)
Seat 5: ebdbbf25 folded before Flop (didn't bet)
Seat 6: 6259a3a6 folded on the Flop


Poker Hand #HD1741485394: Hold'em No Limit ($0.02/$0.05) - 2024/04/22 14:31:05
Table 'NLHBlue4' 6-max Seat #1 is the button
Seat 1: 72d2ee9f ($5 in chips)
Seat 2: Hero ($5.02 in chips)
Seat 3: 812eae85 ($5.68 in chips)
Seat 4: 970a4d92 ($3.31 in chips)
Seat 5: ebdbbf25 ($5.4 in chips)
Seat 6: 6259a3a6 ($5.4 in chips)
Hero: posts small blind $0.02
812eae85: posts big blind $0.05
*** HOLE CARDS ***
Dealt to 72d2ee9f 
Dealt to Hero [5s 3s]
Dealt to 812eae85 
Dealt to 970a4d92 
Dealt to ebdbbf25 
Dealt to 6259a3a6 
970a4d92: folds
ebdbbf25: raises $0.05 to $0.1
6259a3a6: folds
72d2ee9f: folds
Hero: folds
812eae85: folds
Uncalled bet ($0.05) returned to ebdbbf25
*** SHOWDOWN ***
ebdbbf25 collected $0.12 from pot
*** SUMMARY ***
Total pot $0.12 | Rake $0 | Jackpot $0 | Bingo $0 | Fortune $0 | Tax $0
Seat 1: 72d2ee9f (button) folded before Flop (didn't bet)
Seat 2: Hero (small blind) folded before Flop
Seat 3: 812eae85 (big blind) folded before Flop
Seat 4: 970a4d92 folded before Flop (didn't bet)
Seat 5: ebdbbf25 collected ($0.12)
Seat 6: 6259a3a6 folded before Flop (didn't bet)


Poker Hand #HD1741485379: Hold'em No Limit ($0.02/$0.05) - 2024/04/22 14:30:56
Table 'NLHBlue4' 6-max Seat #6 is the button
Seat 1: 72d2ee9f ($5 in chips)
Seat 2: Hero ($5 in chips)
Seat 3: 812eae85 ($5.68 in chips)
Seat 4: 970a4d92 ($3.31 in chips)
Seat 5: ebdbbf25 ($5.4 in chips)
Seat 6: 6259a3a6 ($5.4 in chips)
72d2ee9f: posts small blind $0.02
Hero: posts big blind $0.05
*** HOLE CARDS ***
Dealt to 72d2ee9f 
Dealt to Hero [9s 9h]
Dealt to 812eae85 
Dealt to 970a4d92 
Dealt to ebdbbf25 
Dealt to 6259a3a6 
812eae85: folds
970a4d92: folds
ebdbbf25: folds
6259a3a6: folds
72d2ee9f: folds
Uncalled bet ($0.03) returned to Hero
*** SHOWDOWN ***
Hero collected $0.04 from pot
*** SUMMARY ***
Total pot $0.04 | Rake $0 | Jackpot $0 | Bingo $0 | Fortune $0 | Tax $0
Seat 1: 72d2ee9f (small blind) folded before Flop
Seat 2: Hero (big blind) collected ($0.04)
Seat 3: 812eae85 folded before Flop (didn't bet)
Seat 4: 970a4d92 folded before Flop (didn't bet)
Seat 5: ebdbbf25 folded before Flop (didn't bet)
Seat 6: 6259a3a6 (button) folded before Flop (didn't bet)


Poker Hand #HD1741484965: Hold'em No Limit ($0.02/$0.05) - 2024/04/22 14:27:01
Table 'NLHBlue4' 6-max Seat #6 is the button
Seat 1: 72d2ee9f ($5 in chips)
Seat 2: Hero ($5 in chips)
Seat 3: 812eae85 ($5.86 in chips)
Seat 4: 970a4d92 ($3.41 in chips)
Seat 5: ebdbbf25 ($5.29 in chips)
Seat 6: 6259a3a6 ($5.16 in chips)
72d2ee9f: posts small blind $0.02
Hero: posts big blind $0.05
*** HOLE CARDS ***
Dealt to 72d2ee9f 
Dealt to Hero [4s 6s]
Dealt to 812eae85 
Dealt to 970a4d92 
Dealt to ebdbbf25 
Dealt to 6259a3a6 
812eae85: folds
970a4d92: folds
ebdbbf25: raises $0.08 to $0.13
6259a3a6: calls $0.13
72d2ee9f: folds
Hero: folds
*** FLOP *** [Jh 8c 8s]
ebdbbf25: checks
6259a3a6: checks
*** TURN *** [Jh 8c 8s] [5h]
ebdbbf25: checks
6259a3a6: checks
*** RIVER *** [Jh 8c 8s 5h] [Qs]
ebdbbf25: bets $0.11
6259a3a6: raises $0.55 to $0.66
ebdbbf25: folds
Uncalled bet ($0.55) returned to 6259a3a6
6259a3a6: shows [7d] (Pair of Eights)
*** SHOWDOWN ***
6259a3a6 collected $0.53 from pot
*** SUMMARY ***
Total pot $0.55 | Rake $0.02 | Jackpot $0 | Bingo $0 | Fortune $0 | Tax $0
Board [Jh 8c 8s 5h Qs]
Seat 1: 72d2ee9f (small blind) folded before Flop
Seat 2: Hero (big blind) folded before Flop
Seat 3: 812eae85 folded before Flop (didn't bet)
Seat 4: 970a4d92 folded before Flop (didn't bet)
Seat 5: ebdbbf25 folded on the River
Seat 6: 6259a3a6 (button) showed [7d] and won ($0.53)


Poker Hand #HD1741484897: Hold'em No Limit ($0.02/$0.05) - 2024/04/22 14:26:29
Table 'NLHBlue4' 6-max Seat #5 is the button
Seat 1: 72d2ee9f ($5 in chips)
Seat 2: Hero ($5.03 in chips)
Seat 3: 812eae85 ($5.86 in chips)
Seat 4: 970a4d92 ($3.41 in chips)
Seat 5: ebdbbf25 ($5.29 in chips)
Seat 6: 6259a3a6 ($4.7 in chips)
6259a3a6: posts small blind $0.02
72d2ee9f: posts big blind $0.05
*** HOLE CARDS ***
Dealt to 72d2ee9f 
Dealt to Hero [Kd Ac]
Dealt to 812eae85 
Dealt to 970a4d92 
Dealt to ebdbbf25 
Dealt to 6259a3a6 
Hero: raises $0.05 to $0.1
812eae85: folds
970a4d92: folds
ebdbbf25: folds
6259a3a6: calls $0.08
72d2ee9f: calls $0.05
*** FLOP *** [7h Qh 8c]
6259a3a6: checks
72d2ee9f: checks
Hero: checks
*** TURN *** [7h Qh 8c] [5c]
6259a3a6: bets $0.3
72d2ee9f: calls $0.3
Hero: folds
*** RIVER *** [7h Qh 8c 5c] [2d]
6259a3a6: bets $0.9
72d2ee9f: folds
Uncalled bet ($0.9) returned to 6259a3a6
*** SHOWDOWN ***
6259a3a6 collected $0.86 from pot
*** SUMMARY ***
Total pot $0.9 | Rake $0.04 | Jackpot $0 | Bingo $0 | Fortune $0 | Tax $0
Board [7h Qh 8c 5c 2d]
Seat 1: 72d2ee9f (big blind) folded on the River
Seat 2: Hero folded on the Turn
Seat 3: 812eae85 folded before Flop (didn't bet)
Seat 4: 970a4d92 folded before Flop (didn't bet)
Seat 5: ebdbbf25 (button) folded before Flop (didn't bet)
Seat 6: 6259a3a6 (small blind) won ($0.86)


Poker Hand #HD1741484835: Hold'em No Limit ($0.02/$0.05) - 2024/04/22 14:25:53
Table 'NLHBlue4' 6-max Seat #4 is the button
Seat 1: 72d2ee9f ($5 in chips)
Seat 2: Hero ($5.03 in chips)
Seat 3: 812eae85 ($5.86 in chips)
Seat 4: 970a4d92 ($3.3 in chips)
Seat 5: ebdbbf25 ($5.31 in chips)
Seat 6: 6259a3a6 ($4.8 in chips)
ebdbbf25: posts small blind $0.02
6259a3a6: posts big blind $0.05
*** HOLE CARDS ***
Dealt to 72d2ee9f 
Dealt to Hero [As 7h]
Dealt to 812eae85 
Dealt to 970a4d92 
Dealt to ebdbbf25 
Dealt to 6259a3a6 
72d2ee9f: folds
Hero: folds
812eae85: folds
970a4d92: raises $0.05 to $0.1
ebdbbf25: folds
6259a3a6: calls $0.05
*** FLOP *** [5d 9c 2h]
6259a3a6: checks
970a4d92: bets $0.11
6259a3a6: folds
Uncalled bet ($0.11) returned to 970a4d92
*** SHOWDOWN ***
970a4d92 collected $0.21 from pot
*** SUMMARY ***
Total pot $0.22 | Rake $0.01 | Jackpot $0 | Bingo $0 | Fortune $0 | Tax $0
Board [5d 9c 2h]
Seat 1: 72d2ee9f folded before Flop (didn't bet)
Seat 2: Hero folded before Flop (didn't bet)
Seat 3: 812eae85 folded before Flop (didn't bet)
Seat 4: 970a4d92 (button) won ($0.21)
Seat 5: ebdbbf25 (small blind) folded before Flop
Seat 6: 6259a3a6 (big blind) folded on the Flop


Poker Hand #HD1741484775: Hold'em No Limit ($0.02/$0.05) - 2024/04/22 14:25:14
Table 'NLHBlue4' 6-max Seat #3 is the button
Seat 1: 72d2ee9f ($5 in chips)
Seat 2: Hero ($5.03 in chips)
Seat 3: 812eae85 ($5.72 in chips)
Seat 4: 970a4d92 ($3.4 in chips)
Seat 5: ebdbbf25 ($5.36 in chips)
Seat 6: 6259a3a6 ($4.8 in chips)
970a4d92: posts small blind $0.02
ebdbbf25: posts big blind $0.05
*** HOLE CARDS ***
Dealt to 72d2ee9f 
Dealt to Hero [Kh 8c]
Dealt to 812eae85 
Dealt to 970a4d92 
Dealt to ebdbbf25 
Dealt to 6259a3a6 
6259a3a6: folds
72d2ee9f: folds
Hero: folds
812eae85: raises $0.05 to $0.1
970a4d92: calls $0.08
ebdbbf25: folds
*** FLOP *** [8h 8d 3d]
970a4d92: checks
812eae85: checks
*** TURN *** [8h 8d 3d] [Ac]
970a4d92: checks
812eae85: bets $0.19
970a4d92: folds
Uncalled bet ($0.19) returned to 812eae85
*** SHOWDOWN ***
812eae85 collected $0.24 from pot
*** SUMMARY ***
Total pot $0.25 | Rake $0.01 | Jackpot $0 | Bingo $0 | Fortune $0 | Tax $0
Board [8h 8d 3d Ac]
Seat 1: 72d2ee9f folded before Flop (didn't bet)
Seat 2: Hero folded before Flop (didn't bet)
Seat 3: 812eae85 (button) won ($0.24)
Seat 4: 970a4d92 (small blind) folded on the Turn
Seat 5: ebdbbf25 (big blind) folded before Flop
Seat 6: 6259a3a6 folded before Flop (didn't bet)


Poker Hand #HD1741484740: Hold'em No Limit ($0.02/$0.05) - 2024/04/22 14:24:51
Table 'NLHBlue4' 6-max Seat #2 is the button
Seat 1: 72d2ee9f ($5 in chips)
Seat 2: Hero ($5.03 in chips)
Seat 3: 812eae85 ($5.74 in chips)
Seat 4: 970a4d92 ($3.33 in chips)
Seat 5: ebdbbf25 ($5.36 in chips)
Seat 6: 6259a3a6 ($4.85 in chips)
812eae85: posts small blind $0.02
970a4d92: posts big blind $0.05
*** HOLE CARDS ***
Dealt to 72d2ee9f 
Dealt to Hero [3c Jd]
Dealt to 812eae85 
Dealt to 970a4d92 
Dealt to ebdbbf25 
Dealt to 6259a3a6 
ebdbbf25: folds
6259a3a6: calls $0.05
72d2ee9f: folds
Hero: folds
812eae85: folds
970a4d92: checks
*** FLOP *** [4h 8s 4d]
970a4d92: bets $0.06
6259a3a6: folds
Uncalled bet ($0.06) returned to 970a4d92
*** SHOWDOWN ***
970a4d92 collected $0.12 from pot
*** SUMMARY ***
Total pot $0.12 | Rake $0 | Jackpot $0 | Bingo $0 | Fortune $0 | Tax $0
Board [4h 8s 4d]
Seat 1: 72d2ee9f folded before Flop (didn't bet)
Seat 2: Hero (button) folded before Flop (didn't bet)
Seat 3: 812eae85 (small blind) folded before Flop
Seat 4: 970a4d92 (big blind) won ($0.12)
Seat 5: ebdbbf25 folded before Flop (didn't bet)
Seat 6: 6259a3a6 folded on the Flop


Poker Hand #HD1741484707: Hold'em No Limit ($0.02/$0.05) - 2024/04/22 14:24:36
Table 'NLHBlue4' 6-max Seat #1 is the button
Seat 1: 72d2ee9f ($5 in chips)
Seat 2: Hero ($5.05 in chips)
Seat 3: 812eae85 ($5.79 in chips)
Seat 4: 970a4d92 ($3.26 in chips)
Seat 5: ebdbbf25 ($5.36 in chips)
Seat 6: 6259a3a6 ($4.85 in chips)
Hero: posts small blind $0.02
812eae85: posts big blind $0.05
*** HOLE CARDS ***
Dealt to 72d2ee9f 
Dealt to Hero [3h Ks]
Dealt to 812eae85 
Dealt to 970a4d92 
Dealt to ebdbbf25 
Dealt to 6259a3a6 
970a4d92: raises $0.05 to $0.1
ebdbbf25: folds
6259a3a6: folds
72d2ee9f: folds
Hero: folds
812eae85: folds
Uncalled bet ($0.05) returned to 970a4d92
*** SHOWDOWN ***
970a4d92 collected $0.12 from pot
*** SUMMARY ***
Total pot $0.12 | Rake $0 | Jackpot $0 | Bingo $0 | Fortune $0 | Tax $0
Seat 1: 72d2ee9f (button) folded before Flop (didn't bet)
Seat 2: Hero (small blind) folded before Flop
Seat 3: 812eae85 (big blind) folded before Flop
Seat 4: 970a4d92 collected ($0.12)
Seat 5: ebdbbf25 folded before Flop (didn't bet)
Seat 6: 6259a3a6 folded before Flop (didn't bet)


Poker Hand #HD1741484669: Hold'em No Limit ($0.02/$0.05) - 2024/04/22 14:24:15
Table 'NLHBlue4' 6-max Seat #6 is the button
Seat 1: 72d2ee9f ($5 in chips)
Seat 2: Hero ($5 in chips)
Seat 3: 812eae85 ($5.79 in chips)
Seat 4: 970a4d92 ($3.26 in chips)
Seat 5: ebdbbf25 ($5.29 in chips)
Seat 6: 6259a3a6 ($4.85 in chips)
72d2ee9f: posts small blind $0.02
Hero: posts big blind $0.05
*** HOLE CARDS ***
Dealt to 72d2ee9f 
Dealt to Hero [4d Jh]
Dealt to 812eae85 
Dealt to 970a4d92 
Dealt to ebdbbf25 
Dealt to 6259a3a6 
812eae85: folds
970a4d92: folds
ebdbbf25: raises $0.08 to $0.13
6259a3a6: folds
72d2ee9f: folds
Hero: folds
Uncalled bet ($0.08) returned to ebdbbf25
*** SHOWDOWN ***
ebdbbf25 collected $0.12 from pot
*** SUMMARY ***
Total pot $0.12 | Rake $0 | Jackpot $0 | Bingo $0 | Fortune $0 | Tax $0
Seat 1: 72d2ee9f (small blind) folded before Flop
Seat 2: Hero (big blind) folded before Flop
Seat 3: 812eae85 folded before Flop (didn't bet)
Seat 4: 970a4d92 folded before Flop (didn't bet)
Seat 5: ebdbbf25 collected ($0.12)
Seat 6: 6259a3a6 (button) folded before Flop (didn't bet)


Poker Hand #HD1741484544: Hold'em No Limit ($0.02/$0.05) - 2024/04/22 14:23:05
Table 'NLHBlue4' 6-max Seat #5 is the button
Seat 1: 72d2ee9f ($5.01 in chips)
Seat 2: Hero ($5 in chips)
Seat 3: 812eae85 ($5.79 in chips)
Seat 4: 970a4d92 ($2.94 in chips)
Seat 5: ebdbbf25 ($5.29 in chips)
Seat 6: 6259a3a6 ($4.95 in chips)
6259a3a6: posts small blind $0.02
72d2ee9f: posts big blind $0.05
*** HOLE CARDS ***
Dealt to 72d2ee9f 
Dealt to Hero [2s Ks]
Dealt to 812eae85 
Dealt to 970a4d92 
Dealt to ebdbbf25 
Dealt to 6259a3a6 
Hero: folds
812eae85: folds
970a4d92: raises $0.05 to $0.1
ebdbbf25: folds
6259a3a6: calls $0.08
72d2ee9f: calls $0.05
*** FLOP *** [4d 5h 5s]
6259a3a6: checks
72d2ee9f: checks
970a4d92: checks
*** TURN *** [4d 5h 5s] [Jc]
6259a3a6: checks
72d2ee9f: checks
970a4d92: bets $0.15
6259a3a6: folds
72d2ee9f: calls $0.15
*** RIVER *** [4d 5h 5s Jc] [Qc]
72d2ee9f: checks
970a4d92: bets $0.3
72d2ee9f: folds
Uncalled bet ($0.3) returned to 970a4d92
970a4d92: shows [Qs] (Pair of Queens and Pair of Fives)
*** SHOWDOWN ***
970a4d92 collected $0.57 from pot
*** SUMMARY ***
Total pot $0.6 | Rake $0.03 | Jackpot $0 | Bingo $0 | Fortune $0 | Tax $0
Board [4d 5h 5s Jc Qc]
Seat 1: 72d2ee9f (big blind) folded on the River
Seat 2: Hero folded before Flop (didn't bet)
Seat 3: 812eae85 folded before Flop (didn't bet)
Seat 4: 970a4d92 showed [Qs] and won ($0.57)
Seat 5: ebdbbf25 (button) folded before Flop (didn't bet)
Seat 6: 6259a3a6 (small blind) folded on the Turn


Poker Hand #HD1741484501: Hold'em No Limit ($0.02/$0.05) - 2024/04/22 14:22:40
Table 'NLHBlue4' 6-max Seat #4 is the button
Seat 1: 72d2ee9f ($5.01 in chips)
Seat 2: Hero ($5 in chips)
Seat 3: 812eae85 ($5.89 in chips)
Seat 4: 970a4d92 ($2.94 in chips)
Seat 5: ebdbbf25 ($5.15 in chips)
Seat 6: 6259a3a6 ($5 in chips)
ebdbbf25: posts small blind $0.02
6259a3a6: posts big blind $0.05
*** HOLE CARDS ***
Dealt to 72d2ee9f 
Dealt to Hero [2c 3c]
Dealt to 812eae85 
Dealt to 970a4d92 
Dealt to ebdbbf25 
Dealt to 6259a3a6 
72d2ee9f: folds
Hero: folds
812eae85: raises $0.05 to $0.1
970a4d92: folds
ebdbbf25: raises $0.45 to $0.55
6259a3a6: folds
812eae85: folds
Uncalled bet ($0.45) returned to ebdbbf25
*** SHOWDOWN ***
ebdbbf25 collected $0.24 from pot
*** SUMMARY ***
Total pot $0.25 | Rake $0.01 | Jackpot $0 | Bingo $0 | Fortune $0 | Tax $0
Seat 1: 72d2ee9f folded before Flop (didn't bet)
Seat 2: Hero folded before Flop (didn't bet)
Seat 3: 812eae85 folded before Flop
Seat 4: 970a4d92 (button) folded before Flop (didn't bet)
Seat 5: ebdbbf25 (small blind) collected ($0.24)
Seat 6: 6259a3a6 (big blind) folded before Flop


Poker Hand #HD1741484457: Hold'em No Limit ($0.02/$0.05) - 2024/04/22 14:22:16
Table 'NLHBlue4' 6-max Seat #3 is the button
Seat 1: 72d2ee9f ($5.01 in chips)
Seat 2: Hero ($5.09 in chips)
Seat 3: 812eae85 ($5.89 in chips)
Seat 4: 970a4d92 ($2.71 in chips)
Seat 5: ebdbbf25 ($5.27 in chips)
970a4d92: posts small blind $0.02
ebdbbf25: posts big blind $0.05
*** HOLE CARDS ***
Dealt to 72d2ee9f 
Dealt to Hero [Ac Ts]
Dealt to 812eae85 
Dealt to 970a4d92 
Dealt to ebdbbf25 
72d2ee9f: folds
Hero: raises $0.07 to $0.12
812eae85: folds
970a4d92: calls $0.1
ebdbbf25: calls $0.07
*** FLOP *** [8h 6c 4s]
970a4d92: bets $0.18
ebdbbf25: folds
Hero: folds
Uncalled bet ($0.18) returned to 970a4d92
*** SHOWDOWN ***
970a4d92 collected $0.35 from pot
*** SUMMARY ***
Total pot $0.36 | Rake $0.01 | Jackpot $0 | Bingo $0 | Fortune $0 | Tax $0
Board [8h 6c 4s]
Seat 1: 72d2ee9f folded before Flop (didn't bet)
Seat 2: Hero folded on the Flop
Seat 3: 812eae85 (button) folded before Flop (didn't bet)
Seat 4: 970a4d92 (small blind) won ($0.35)
Seat 5: ebdbbf25 (big blind) folded on the Flop


Poker Hand #HD1741484332: Hold'em No Limit ($0.02/$0.05) - 2024/04/22 14:20:59
Table 'NLHBlue4' 6-max Seat #2 is the button
Seat 1: 72d2ee9f ($5.01 in chips)
Seat 2: Hero ($5.09 in chips)
Seat 3: 812eae85 ($5 in chips)
Seat 4: 970a4d92 ($2.76 in chips)
Seat 5: ebdbbf25 ($5.37 in chips)
Seat 6: 6259a3a6 ($3.35 in chips)
812eae85: posts small blind $0.02
970a4d92: posts big blind $0.05
*** HOLE CARDS ***
Dealt to 72d2ee9f 
Dealt to Hero [9d 2h]
Dealt to 812eae85 
Dealt to 970a4d92 
Dealt to ebdbbf25 
Dealt to 6259a3a6 
ebdbbf25: raises $0.05 to $0.1
6259a3a6: calls $0.1
72d2ee9f: folds
Hero: folds
812eae85: raises $0.55 to $0.65
970a4d92: folds
ebdbbf25: folds
6259a3a6: raises $2.7 to $3.35 and is all-in
812eae85: calls $2.7
6259a3a6: shows [Js Jd]
812eae85: shows [Qs Ks]
*** FLOP *** [Qc Kd Ts]
812eae85: Chooses to EV Cashout 
*** TURN *** [Qc Kd Ts] [5d]
*** RIVER *** [Qc Kd Ts 5d] [8s]
812eae85: Pays Cashout Risk ($2.22)
*** SHOWDOWN ***
812eae85 collected $6.46 from pot
*** SUMMARY ***
Total pot $6.85 | Rake $0.34 | Jackpot $0.05 | Bingo $0 | Fortune $0 | Tax $0
Board [Qc Kd Ts 5d 8s]
Seat 1: 72d2ee9f folded before Flop (didn't bet)
Seat 2: Hero (button) folded before Flop (didn't bet)
Seat 3: 812eae85 (small blind) showed [Qs Ks] and won ($6.46) with Pair of Kings and Pair of Queens, Cashout Risk ($2.22)
Seat 4: 970a4d92 (big blind) folded before Flop
Seat 5: ebdbbf25 folded before Flop
Seat 6: 6259a3a6 showed [Js Jd] and lost with Pair of Jacks


Poker Hand #HD1741484297: Hold'em No Limit ($0.02/$0.05) - 2024/04/22 14:20:42
Table 'NLHBlue4' 6-max Seat #1 is the button
Seat 1: 72d2ee9f ($5.01 in chips)
Seat 2: Hero ($5.11 in chips)
Seat 3: 812eae85 ($5 in chips)
Seat 4: 970a4d92 ($2.76 in chips)
Seat 5: ebdbbf25 ($5.3 in chips)
Seat 6: 6259a3a6 ($3.35 in chips)
Hero: posts small blind $0.02
812eae85: posts big blind $0.05
*** HOLE CARDS ***
Dealt to 72d2ee9f 
Dealt to Hero [4c 7d]
Dealt to 812eae85 
Dealt to 970a4d92 
Dealt to ebdbbf25 
Dealt to 6259a3a6 
970a4d92: folds
ebdbbf25: raises $0.05 to $0.1
6259a3a6: folds
72d2ee9f: folds
Hero: folds
812eae85: folds
Uncalled bet ($0.05) returned to ebdbbf25
*** SHOWDOWN ***
ebdbbf25 collected $0.12 from pot
*** SUMMARY ***
Total pot $0.12 | Rake $0 | Jackpot $0 | Bingo $0 | Fortune $0 | Tax $0
Seat 1: 72d2ee9f (button) folded before Flop (didn't bet)
Seat 2: Hero (small blind) folded before Flop
Seat 3: 812eae85 (big blind) folded before Flop
Seat 4: 970a4d92 folded before Flop (didn't bet)
Seat 5: ebdbbf25 collected ($0.12)
Seat 6: 6259a3a6 folded before Flop (didn't bet)


Poker Hand #HD1741484229: Hold'em No Limit ($0.02/$0.05) - 2024/04/22 14:20:05
Table 'NLHBlue4' 6-max Seat #6 is the button
Seat 1: 72d2ee9f ($5.03 in chips)
Seat 2: Hero ($5 in chips)
Seat 3: 812eae85 ($5 in chips)
Seat 4: 970a4d92 ($2.76 in chips)
Seat 5: ebdbbf25 ($5.3 in chips)
Seat 6: 6259a3a6 ($3.45 in chips)
72d2ee9f: posts small blind $0.02
Hero: posts big blind $0.05
*** HOLE CARDS ***
Dealt to 72d2ee9f 
Dealt to Hero [8c 3d]
Dealt to 812eae85 
Dealt to 970a4d92 
Dealt to ebdbbf25 
Dealt to 6259a3a6 
812eae85: folds
970a4d92: folds
ebdbbf25: folds
6259a3a6: calls $0.05
72d2ee9f: folds
Hero: checks
*** FLOP *** [3s 3h 4c]
Hero: checks
6259a3a6: checks
*** TURN *** [3s 3h 4c] [Qh]
Hero: bets $0.05
6259a3a6: calls $0.05
*** RIVER *** [3s 3h 4c Qh] [5s]
Hero: bets $0.15
6259a3a6: folds
Uncalled bet ($0.15) returned to Hero
*** SHOWDOWN ***
Hero collected $0.21 from pot
*** SUMMARY ***
Total pot $0.22 | Rake $0.01 | Jackpot $0 | Bingo $0 | Fortune $0 | Tax $0
Board [3s 3h 4c Qh 5s]
Seat 1: 72d2ee9f (small blind) folded before Flop
Seat 2: Hero (big blind) won ($0.21)
Seat 3: 812eae85 folded before Flop (didn't bet)
Seat 4: 970a4d92 folded before Flop (didn't bet)
Seat 5: ebdbbf25 folded before Flop (didn't bet)
Seat 6: 6259a3a6 (button) folded on the River


Poker Hand #HD1741484192: Hold'em No Limit ($0.02/$0.05) - 2024/04/22 14:19:42
Table 'NLHBlue4' 6-max Seat #5 is the button
Seat 1: 72d2ee9f ($5.08 in chips)
Seat 2: Hero ($5 in chips)
Seat 3: 812eae85 ($5 in chips)
Seat 4: 970a4d92 ($2.76 in chips)
Seat 5: ebdbbf25 ($5.14 in chips)
Seat 6: 6259a3a6 ($3.47 in chips)
6259a3a6: posts small blind $0.02
72d2ee9f: posts big blind $0.05
*** HOLE CARDS ***
Dealt to 72d2ee9f 
Dealt to Hero [9c 9s]
Dealt to 812eae85 
Dealt to 970a4d92 
Dealt to ebdbbf25 
Dealt to 6259a3a6 
Hero: folds
812eae85: raises $0.05 to $0.1
970a4d92: folds
ebdbbf25: raises $0.27 to $0.37
6259a3a6: folds
72d2ee9f: folds
812eae85: folds
Uncalled bet ($0.27) returned to ebdbbf25
*** SHOWDOWN ***
ebdbbf25 collected $0.26 from pot
*** SUMMARY ***
Total pot $0.27 | Rake $0.01 | Jackpot $0 | Bingo $0 | Fortune $0 | Tax $0
Seat 1: 72d2ee9f (big blind) folded before Flop
Seat 2: Hero folded before Flop (didn't bet)
Seat 3: 812eae85 folded before Flop
Seat 4: 970a4d92 folded before Flop (didn't bet)
Seat 5: ebdbbf25 (button) collected ($0.26)
Seat 6: 6259a3a6 (small blind) folded before Flop


Poker Hand #HD1741484126: Hold'em No Limit ($0.02/$0.05) - 2024/04/22 14:19:03
Table 'NLHBlue4' 6-max Seat #4 is the button
Seat 1: 72d2ee9f ($5.08 in chips)
Seat 2: Hero ($5 in chips)
Seat 3: 812eae85 ($5 in chips)
Seat 4: 970a4d92 ($2.76 in chips)
Seat 5: ebdbbf25 ($4.95 in chips)
Seat 6: 6259a3a6 ($3.52 in chips)
ebdbbf25: posts small blind $0.02
6259a3a6: posts big blind $0.05
*** HOLE CARDS ***
Dealt to 72d2ee9f 
Dealt to Hero [Qc Js]
Dealt to 812eae85 
Dealt to 970a4d92 
Dealt to ebdbbf25 
Dealt to 6259a3a6 
72d2ee9f: folds
Hero: raises $0.1 to $0.15
812eae85: folds
970a4d92: folds
ebdbbf25: raises $0.45 to $0.6
6259a3a6: folds
Hero: folds
Uncalled bet ($0.45) returned to ebdbbf25
*** SHOWDOWN ***
ebdbbf25 collected $0.34 from pot
*** SUMMARY ***
Total pot $0.35 | Rake $0.01 | Jackpot $0 | Bingo $0 | Fortune $0 | Tax $0
Seat 1: 72d2ee9f folded before Flop (didn't bet)
Seat 2: Hero folded before Flop
Seat 3: 812eae85 folded before Flop (didn't bet)
Seat 4: 970a4d92 (button) folded before Flop (didn't bet)
Seat 5: ebdbbf25 (small blind) collected ($0.34)
Seat 6: 6259a3a6 (big blind) folded before Flop


Poker Hand #HD1741484042: Hold'em No Limit ($0.02/$0.05) - 2024/04/22 14:18:08
Table 'NLHBlue4' 6-max Seat #3 is the button
Seat 1: 72d2ee9f ($5.62 in chips)
Seat 2: Hero ($5 in chips)
Seat 3: 812eae85 ($5 in chips)
Seat 4: 970a4d92 ($2.78 in chips)
Seat 5: ebdbbf25 ($5 in chips)
Seat 6: 6259a3a6 ($2.96 in chips)
970a4d92: posts small blind $0.02
ebdbbf25: posts big blind $0.05
*** HOLE CARDS ***
Dealt to 72d2ee9f 
Dealt to Hero [8s Js]
Dealt to 812eae85 
Dealt to 970a4d92 
Dealt to ebdbbf25 
Dealt to 6259a3a6 
6259a3a6: calls $0.05
72d2ee9f: raises $0.09 to $0.14
Hero: folds
812eae85: folds
970a4d92: folds
ebdbbf25: folds
6259a3a6: calls $0.09
*** FLOP *** [2s 7d 6s]
6259a3a6: checks
72d2ee9f: bets $0.11
6259a3a6: calls $0.11
*** TURN *** [2s 7d 6s] [Td]
6259a3a6: checks
72d2ee9f: bets $0.29
6259a3a6: calls $0.29
*** RIVER *** [2s 7d 6s Td] [6d]
6259a3a6: checks
72d2ee9f: checks
6259a3a6: shows [6h 5s] (Three Sixes)
72d2ee9f: shows [Qc Qs] (Pair of Queens and Pair of Sixes)
*** SHOWDOWN ***
6259a3a6 collected $1.1 from pot
*** SUMMARY ***
Total pot $1.15 | Rake $0.05 | Jackpot $0 | Bingo $0 | Fortune $0 | Tax $0
Board [2s 7d 6s Td 6d]
Seat 1: 72d2ee9f showed [Qc Qs] and lost with Pair of Queens and Pair of Sixes
Seat 2: Hero folded before Flop (didn't bet)
Seat 3: 812eae85 (button) folded before Flop (didn't bet)
Seat 4: 970a4d92 (small blind) folded before Flop
Seat 5: ebdbbf25 (big blind) folded before Flop
Seat 6: 6259a3a6 showed [6h 5s] and won ($1.1) with Three Sixes


Poker Hand #HD1741483949: Hold'em No Limit ($0.02/$0.05) - 2024/04/22 14:17:10
Table 'NLHBlue4' 6-max Seat #2 is the button
Seat 1: 72d2ee9f ($5 in chips)
Seat 2: Hero ($5 in chips)
Seat 3: 812eae85 ($5 in chips)
Seat 4: 970a4d92 ($2.83 in chips)
Seat 5: ebdbbf25 ($5 in chips)
Seat 6: 6259a3a6 ($3.57 in chips)
812eae85: posts small blind $0.02
970a4d92: posts big blind $0.05
*** HOLE CARDS ***
Dealt to 72d2ee9f 
Dealt to Hero [4d 3h]
Dealt to 812eae85 
Dealt to 970a4d92 
Dealt to ebdbbf25 
Dealt to 6259a3a6 
ebdbbf25: folds
6259a3a6: calls $0.05
72d2ee9f: raises $0.13 to $0.18
Hero: folds
812eae85: folds
970a4d92: folds
6259a3a6: calls $0.13
*** FLOP *** [4h 2h 5s]
6259a3a6: checks
72d2ee9f: checks
*** TURN *** [4h 2h 5s] [2d]
6259a3a6: checks
72d2ee9f: checks
*** RIVER *** [4h 2h 5s 2d] [3c]
6259a3a6: bets $0.43
72d2ee9f: calls $0.43
6259a3a6: shows [Tc Th] (Pair of Tens and Pair of Twos)
72d2ee9f: shows [Kd Ah] (Fives-High Straight)
*** SHOWDOWN ***
72d2ee9f collected $1.23 from pot
*** SUMMARY ***
Total pot $1.29 | Rake $0.06 | Jackpot $0 | Bingo $0 | Fortune $0 | Tax $0
Board [4h 2h 5s 2d 3c]
Seat 1: 72d2ee9f showed [Kd Ah] and won ($1.23) with Fives-High Straight
Seat 2: Hero (button) folded before Flop (didn't bet)
Seat 3: 812eae85 (small blind) folded before Flop
Seat 4: 970a4d92 (big blind) folded before Flop
Seat 5: ebdbbf25 folded before Flop (didn't bet)
Seat 6: 6259a3a6 showed [Tc Th] and lost with Pair of Tens and Pair of Twos


Poker Hand #HD1741483861: Hold'em No Limit ($0.02/$0.05) - 2024/04/22 14:16:23
Table 'NLHBlue4' 6-max Seat #1 is the button
Seat 1: 72d2ee9f ($5 in chips)
Seat 2: Hero ($5 in chips)
Seat 3: 812eae85 ($5 in chips)
Seat 4: 970a4d92 ($2.62 in chips)
Seat 5: ebdbbf25 ($5 in chips)
Seat 6: 6259a3a6 ($3.67 in chips)
Hero: posts small blind $0.02
812eae85: posts big blind $0.05
*** HOLE CARDS ***
Dealt to 72d2ee9f 
Dealt to Hero [Ac 6d]
Dealt to 812eae85 
Dealt to 970a4d92 
Dealt to ebdbbf25 
Dealt to 6259a3a6 
970a4d92: raises $0.05 to $0.1
ebdbbf25: folds
6259a3a6: calls $0.1
72d2ee9f: folds
Hero: folds
812eae85: calls $0.05
*** FLOP *** [Ad 6s 8h]
812eae85: checks
970a4d92: checks
6259a3a6: checks
*** TURN *** [Ad 6s 8h] [2d]
812eae85: checks
970a4d92: bets $0.16
6259a3a6: folds
812eae85: folds
Uncalled bet ($0.16) returned to 970a4d92
*** SHOWDOWN ***
970a4d92 collected $0.31 from pot
*** SUMMARY ***
Total pot $0.32 | Rake $0.01 | Jackpot $0 | Bingo $0 | Fortune $0 | Tax $0
Board [Ad 6s 8h 2d]
Seat 1: 72d2ee9f (button) folded before Flop (didn't bet)
Seat 2: Hero (small blind) folded before Flop
Seat 3: 812eae85 (big blind) folded on the Turn
Seat 4: 970a4d92 won ($0.31)
Seat 5: ebdbbf25 folded before Flop (didn't bet)
Seat 6: 6259a3a6 folded on the Turn


Poker Hand #HD1741483818: Hold'em No Limit ($0.02/$0.05) - 2024/04/22 14:15:56
Table 'NLHBlue4' 6-max Seat #6 is the button
Seat 1: 72d2ee9f ($5 in chips)
Seat 2: Hero ($5 in chips)
Seat 3: 812eae85 ($5 in chips)
Seat 4: 970a4d92 ($2.51 in chips)
Seat 5: ebdbbf25 ($5 in chips)
Seat 6: 6259a3a6 ($3.67 in chips)
72d2ee9f: posts small blind $0.02
Hero: posts big blind $0.05
*** HOLE CARDS ***
Dealt to 72d2ee9f 
Dealt to Hero [Ad 8h]
Dealt to 812eae85 
Dealt to 970a4d92 
Dealt to ebdbbf25 
Dealt to 6259a3a6 
812eae85: folds
970a4d92: raises $0.05 to $0.1
ebdbbf25: folds
6259a3a6: folds
72d2ee9f: folds
Hero: calls $0.05
*** FLOP *** [Qh Qd 3c]
Hero: checks
970a4d92: bets $0.11
Hero: folds
Uncalled bet ($0.11) returned to 970a4d92
*** SHOWDOWN ***
970a4d92 collected $0.21 from pot
*** SUMMARY ***
Total pot $0.22 | Rake $0.01 | Jackpot $0 | Bingo $0 | Fortune $0 | Tax $0
Board [Qh Qd 3c]
Seat 1: 72d2ee9f (small blind) folded before Flop
Seat 2: Hero (big blind) folded on the Flop
Seat 3: 812eae85 folded before Flop (didn't bet)
Seat 4: 970a4d92 won ($0.21)
Seat 5: ebdbbf25 folded before Flop (didn't bet)
Seat 6: 6259a3a6 (button) folded before Flop (didn't bet)


Poker Hand #HD1741483762: Hold'em No Limit ($0.02/$0.05) - 2024/04/22 14:15:25
Table 'NLHBlue4' 6-max Seat #5 is the button
Seat 1: 72d2ee9f ($5 in chips)
Seat 2: Hero ($5 in chips)
Seat 3: 812eae85 ($5 in chips)
Seat 4: 970a4d92 ($2.51 in chips)
Seat 5: ebdbbf25 ($5 in chips)
Seat 6: 6259a3a6 ($3.62 in chips)
6259a3a6: posts small blind $0.02
72d2ee9f: posts big blind $0.05
*** HOLE CARDS ***
Dealt to 72d2ee9f 
Dealt to Hero [5h 9d]
Dealt to 812eae85 
Dealt to 970a4d92 
Dealt to ebdbbf25 
Dealt to 6259a3a6 
Hero: folds
812eae85: folds
970a4d92: folds
ebdbbf25: folds
6259a3a6: calls $0.03
72d2ee9f: checks
*** FLOP *** [9h 2h Js]
6259a3a6: checks
72d2ee9f: checks
*** TURN *** [9h 2h Js] [7c]
6259a3a6: checks
72d2ee9f: checks
*** RIVER *** [9h 2h Js 7c] [7s]
6259a3a6: bets $0.1
72d2ee9f: folds
Uncalled bet ($0.1) returned to 6259a3a6
*** SHOWDOWN ***
6259a3a6 collected $0.1 from pot
*** SUMMARY ***
Total pot $0.1 | Rake $0 | Jackpot $0 | Bingo $0 | Fortune $0 | Tax $0
Board [9h 2h Js 7c 7s]
Seat 1: 72d2ee9f (big blind) folded on the River
Seat 2: Hero folded before Flop (didn't bet)
Seat 3: 812eae85 folded before Flop (didn't bet)
Seat 4: 970a4d92 folded before Flop (didn't bet)
Seat 5: ebdbbf25 (button) folded before Flop (didn't bet)
Seat 6: 6259a3a6 (small blind) won ($0.1)


Poker Hand #HD1741483738: Hold'em No Limit ($0.02/$0.05) - 2024/04/22 14:15:10
Table 'NLHBlue4' 6-max Seat #4 is the button
Seat 2: Hero ($5 in chips)
Seat 3: 812eae85 ($5 in chips)
Seat 4: 970a4d92 ($2.51 in chips)
Seat 5: ebdbbf25 ($5.02 in chips)
Seat 6: 6259a3a6 ($3.6 in chips)
ebdbbf25: posts small blind $0.02
6259a3a6: posts big blind $0.05
*** HOLE CARDS ***
Dealt to Hero [4s 3s]
Dealt to 812eae85 
Dealt to 970a4d92 
Dealt to ebdbbf25 
Dealt to 6259a3a6 
Hero: folds
812eae85: folds
970a4d92: folds
ebdbbf25: folds
Uncalled bet ($0.03) returned to 6259a3a6
*** SHOWDOWN ***
6259a3a6 collected $0.04 from pot
*** SUMMARY ***
Total pot $0.04 | Rake $0 | Jackpot $0 | Bingo $0 | Fortune $0 | Tax $0
Seat 2: Hero folded before Flop (didn't bet)
Seat 3: 812eae85 folded before Flop (didn't bet)
Seat 4: 970a4d92 (button) folded before Flop (didn't bet)
Seat 5: ebdbbf25 (small blind) folded before Flop
Seat 6: 6259a3a6 (big blind) collected ($0.04)


Poker Hand #HD1741483722: Hold'em No Limit ($0.02/$0.05) - 2024/04/22 14:14:58
Table 'NLHBlue4' 6-max Seat #3 is the button
Seat 2: Hero ($5 in chips)
Seat 3: 812eae85 ($5 in chips)
Seat 4: 970a4d92 ($2.53 in chips)
Seat 5: ebdbbf25 ($5 in chips)
Seat 6: 6259a3a6 ($3.6 in chips)
970a4d92: posts small blind $0.02
ebdbbf25: posts big blind $0.05
*** HOLE CARDS ***
Dealt to Hero [6s Ah]
Dealt to 812eae85 
Dealt to 970a4d92 
Dealt to ebdbbf25 
Dealt to 6259a3a6 
6259a3a6: folds
Hero: folds
812eae85: folds
970a4d92: folds
Uncalled bet ($0.03) returned to ebdbbf25
*** SHOWDOWN ***
ebdbbf25 collected $0.04 from pot
*** SUMMARY ***
Total pot $0.04 | Rake $0 | Jackpot $0 | Bingo $0 | Fortune $0 | Tax $0
Seat 2: Hero folded before Flop (didn't bet)
Seat 3: 812eae85 (button) folded before Flop (didn't bet)
Seat 4: 970a4d92 (small blind) folded before Flop
Seat 5: ebdbbf25 (big blind) collected ($0.04)
Seat 6: 6259a3a6 folded before Flop (didn't bet)


Poker Hand #HD1741483700: Hold'em No Limit ($0.02/$0.05) - 2024/04/22 14:14:46
Table 'NLHBlue4' 6-max Seat #2 is the button
Seat 2: Hero ($5 in chips)
Seat 3: 812eae85 ($5 in chips)
Seat 4: 970a4d92 ($2.51 in chips)
Seat 6: 6259a3a6 ($3.6 in chips)
812eae85: posts small blind $0.02
970a4d92: posts big blind $0.05
*** HOLE CARDS ***
Dealt to Hero [4d 7s]
Dealt to 812eae85 
Dealt to 970a4d92 
Dealt to 6259a3a6 
6259a3a6: folds
Hero: folds
812eae85: folds
Uncalled bet ($0.03) returned to 970a4d92
*** SHOWDOWN ***
970a4d92 collected $0.04 from pot
*** SUMMARY ***
Total pot $0.04 | Rake $0 | Jackpot $0 | Bingo $0 | Fortune $0 | Tax $0
Seat 2: Hero (button) folded before Flop (didn't bet)
Seat 3: 812eae85 (small blind) folded before Flop
Seat 4: 970a4d92 (big blind) collected ($0.04)
Seat 6: 6259a3a6 folded before Flop (didn't bet)


Poker Hand #HD1741483571: Hold'em No Limit ($0.02/$0.05) - 2024/04/22 14:13:31
Table 'NLHBlue4' 6-max Seat #6 is the button
Seat 2: Hero ($5 in chips)
Seat 3: 812eae85 ($5.09 in chips)
Seat 4: 970a4d92 ($2.24 in chips)
Seat 6: 6259a3a6 ($3.6 in chips)
Hero: posts small blind $0.02
812eae85: posts big blind $0.05
*** HOLE CARDS ***
Dealt to Hero [5s 8d]
Dealt to 812eae85 
Dealt to 970a4d92 
Dealt to 6259a3a6 
970a4d92: raises $0.05 to $0.1
6259a3a6: folds
Hero: folds
812eae85: calls $0.05
*** FLOP *** [9h Td Tc]
812eae85: checks
970a4d92: checks
*** TURN *** [9h Td Tc] [Ac]
812eae85: checks
970a4d92: bets $0.17
812eae85: calls $0.17
*** RIVER *** [9h Td Tc Ac] [2h]
812eae85: checks
970a4d92: bets $1.97 and is all-in
812eae85: folds
Uncalled bet ($1.97) returned to 970a4d92
*** SHOWDOWN ***
970a4d92 collected $0.54 from pot
*** SUMMARY ***
Total pot $0.56 | Rake $0.02 | Jackpot $0 | Bingo $0 | Fortune $0 | Tax $0
Board [9h Td Tc Ac 2h]
Seat 2: Hero (small blind) folded before Flop
Seat 3: 812eae85 (big blind) folded on the River
Seat 4: 970a4d92 won ($0.54)
Seat 6: 6259a3a6 (button) folded before Flop (didn't bet)


Poker Hand #HD1741483527: Hold'em No Limit ($0.02/$0.05) - 2024/04/22 14:13:06
Table 'NLHBlue4' 6-max Seat #4 is the button
Seat 1: c0d0dcb5 ($6.24 in chips)
Seat 2: Hero ($5 in chips)
Seat 3: 812eae85 ($5.09 in chips)
Seat 4: 970a4d92 ($2.24 in chips)
Seat 6: 6259a3a6 ($3.55 in chips)
6259a3a6: posts small blind $0.02
c0d0dcb5: posts big blind $0.05
*** HOLE CARDS ***
Dealt to c0d0dcb5 
Dealt to Hero [3h Ad]
Dealt to 812eae85 
Dealt to 970a4d92 
Dealt to 6259a3a6 
Hero: folds
812eae85: folds
970a4d92: folds
6259a3a6: calls $0.03
c0d0dcb5: checks
*** FLOP *** [4d 7s Ah]
6259a3a6: checks
c0d0dcb5: checks
*** TURN *** [4d 7s Ah] [2c]
6259a3a6: checks
c0d0dcb5: checks
*** RIVER *** [4d 7s Ah 2c] [3c]
6259a3a6: bets $0.05
c0d0dcb5: folds
Uncalled bet ($0.05) returned to 6259a3a6
*** SHOWDOWN ***
6259a3a6 collected $0.1 from pot
*** SUMMARY ***
Total pot $0.1 | Rake $0 | Jackpot $0 | Bingo $0 | Fortune $0 | Tax $0
Board [4d 7s Ah 2c 3c]
Seat 1: c0d0dcb5 (big blind) folded on the River
Seat 2: Hero folded before Flop (didn't bet)
Seat 3: 812eae85 folded before Flop (didn't bet)
Seat 4: 970a4d92 (button) folded before Flop (didn't bet)
Seat 6: 6259a3a6 (small blind) won ($0.1)


Poker Hand #HD1741483435: Hold'em No Limit ($0.02/$0.05) - 2024/04/22 14:11:58
Table 'NLHBlue4' 6-max Seat #3 is the button
Seat 1: c0d0dcb5 ($5.85 in chips)
Seat 2: Hero ($5 in chips)
Seat 3: 812eae85 ($5.09 in chips)
Seat 4: 970a4d92 ($2.54 in chips)
Seat 5: 9bf3173c ($1.41 in chips)
Seat 6: 6259a3a6 ($3.55 in chips)
970a4d92: posts small blind $0.02
9bf3173c: posts big blind $0.05
*** HOLE CARDS ***
Dealt to c0d0dcb5 
Dealt to Hero [Td Ks]
Dealt to 812eae85 
Dealt to 970a4d92 
Dealt to 9bf3173c 
Dealt to 6259a3a6 
6259a3a6: folds
c0d0dcb5: raises $0.07 to $0.12
Hero: folds
812eae85: folds
970a4d92: calls $0.1
9bf3173c: calls $0.07
*** FLOP *** [6s Qs Kh]
970a4d92: checks
9bf3173c: checks
c0d0dcb5: bets $0.18
970a4d92: calls $0.18
9bf3173c: folds
*** TURN *** [6s Qs Kh] [7d]
970a4d92: checks
c0d0dcb5: bets $0.54
970a4d92: folds
Uncalled bet ($0.54) returned to c0d0dcb5
*** SHOWDOWN ***
c0d0dcb5 collected $0.69 from pot
*** SUMMARY ***
Total pot $0.72 | Rake $0.03 | Jackpot $0 | Bingo $0 | Fortune $0 | Tax $0
Board [6s Qs Kh 7d]
Seat 1: c0d0dcb5 won ($0.69)
Seat 2: Hero folded before Flop (didn't bet)
Seat 3: 812eae85 (button) folded before Flop (didn't bet)
Seat 4: 970a4d92 (small blind) folded on the Turn
Seat 5: 9bf3173c (big blind) folded on the Flop
Seat 6: 6259a3a6 folded before Flop (didn't bet)


Poker Hand #HD1741483369: Hold'em No Limit ($0.02/$0.05) - 2024/04/22 14:11:23
Table 'NLHBlue4' 6-max Seat #2 is the button
Seat 1: c0d0dcb5 ($5.85 in chips)
Seat 2: Hero ($5 in chips)
Seat 3: 812eae85 ($5.11 in chips)
Seat 4: 970a4d92 ($2.36 in chips)
Seat 5: 9bf3173c ($1.41 in chips)
Seat 6: 6259a3a6 ($3.72 in chips)
812eae85: posts small blind $0.02
970a4d92: posts big blind $0.05
*** HOLE CARDS ***
Dealt to c0d0dcb5 
Dealt to Hero [4c Jd]
Dealt to 812eae85 
Dealt to 970a4d92 
Dealt to 9bf3173c 
Dealt to 6259a3a6 
9bf3173c: folds
6259a3a6: calls $0.05
c0d0dcb5: folds
Hero: folds
812eae85: folds
970a4d92: raises $0.12 to $0.17
6259a3a6: calls $0.12
*** FLOP *** [6d 7h 3h]
970a4d92: checks
6259a3a6: checks
*** TURN *** [6d 7h 3h] [4s]
970a4d92: bets $0.18
6259a3a6: folds
Uncalled bet ($0.18) returned to 970a4d92
*** SHOWDOWN ***
970a4d92 collected $0.35 from pot
*** SUMMARY ***
Total pot $0.36 | Rake $0.01 | Jackpot $0 | Bingo $0 | Fortune $0 | Tax $0
Board [6d 7h 3h 4s]
Seat 1: c0d0dcb5 folded before Flop (didn't bet)
Seat 2: Hero (button) folded before Flop (didn't bet)
Seat 3: 812eae85 (small blind) folded before Flop
Seat 4: 970a4d92 (big blind) won ($0.35)
Seat 5: 9bf3173c folded before Flop (didn't bet)
Seat 6: 6259a3a6 folded on the Turn


Poker Hand #HD1741483328: Hold'em No Limit ($0.02/$0.05) - 2024/04/22 14:11:04
Table 'NLHBlue4' 6-max Seat #1 is the button
Seat 1: c0d0dcb5 ($5.78 in chips)
Seat 2: Hero ($5 in chips)
Seat 3: 812eae85 ($5.16 in chips)
Seat 4: 970a4d92 ($2.36 in chips)
Seat 5: 9bf3173c ($1.41 in chips)
Seat 6: 6259a3a6 ($3.72 in chips)
Hero: posts small blind $0.02
812eae85: posts big blind $0.05
*** HOLE CARDS ***
Dealt to c0d0dcb5 
Dealt to Hero [3h 4h]
Dealt to 812eae85 
Dealt to 970a4d92 
Dealt to 9bf3173c 
Dealt to 6259a3a6 
970a4d92: folds
9bf3173c: folds
6259a3a6: folds
c0d0dcb5: raises $0.07 to $0.12
Hero: folds
812eae85: folds
Uncalled bet ($0.07) returned to c0d0dcb5
*** SHOWDOWN ***
c0d0dcb5 collected $0.12 from pot
*** SUMMARY ***
Total pot $0.12 | Rake $0 | Jackpot $0 | Bingo $0 | Fortune $0 | Tax $0
Seat 1: c0d0dcb5 (button) collected ($0.12)
Seat 2: Hero (small blind) folded before Flop
Seat 3: 812eae85 (big blind) folded before Flop
Seat 4: 970a4d92 folded before Flop (didn't bet)
Seat 5: 9bf3173c folded before Flop (didn't bet)
Seat 6: 6259a3a6 folded before Flop (didn't bet)


Poker Hand #HD1741483259: Hold'em No Limit ($0.02/$0.05) - 2024/04/22 14:10:19
Table 'NLHBlue4' 6-max Seat #6 is the button
Seat 1: c0d0dcb5 ($5.91 in chips)
Seat 2: Hero ($5 in chips)
Seat 3: 812eae85 ($5.16 in chips)
Seat 4: 970a4d92 ($2.36 in chips)
Seat 5: 9bf3173c ($1.41 in chips)
Seat 6: 6259a3a6 ($3.55 in chips)
c0d0dcb5: posts small blind $0.02
Hero: posts big blind $0.05
*** HOLE CARDS ***
Dealt to c0d0dcb5 
Dealt to Hero [Qs 5s]
Dealt to 812eae85 
Dealt to 970a4d92 
Dealt to 9bf3173c 
Dealt to 6259a3a6 
812eae85: folds
970a4d92: folds
9bf3173c: folds
6259a3a6: calls $0.05
c0d0dcb5: calls $0.03
Hero: checks
*** FLOP *** [Ad 6d 3d]
c0d0dcb5: checks
Hero: checks
6259a3a6: checks
*** TURN *** [Ad 6d 3d] [2c]
c0d0dcb5: checks
Hero: checks
6259a3a6: checks
*** RIVER *** [Ad 6d 3d 2c] [Ts]
c0d0dcb5: bets $0.08
Hero: folds
6259a3a6: calls $0.08
c0d0dcb5: shows [6s 7c] (Pair of Sixes)
6259a3a6: shows [8c Th] (Pair of Tens)
*** SHOWDOWN ***
6259a3a6 collected $0.3 from pot
*** SUMMARY ***
Total pot $0.31 | Rake $0.01 | Jackpot $0 | Bingo $0 | Fortune $0 | Tax $0
Board [Ad 6d 3d 2c Ts]
Seat 1: c0d0dcb5 (small blind) showed [6s 7c] and lost with Pair of Sixes
Seat 2: Hero (big blind) folded on the River
Seat 3: 812eae85 folded before Flop (didn't bet)
Seat 4: 970a4d92 folded before Flop (didn't bet)
Seat 5: 9bf3173c folded before Flop (didn't bet)
Seat 6: 6259a3a6 (button) showed [8c Th] and won ($0.3) with Pair of Tens


Poker Hand #HD1741483172: Hold'em No Limit ($0.02/$0.05) - 2024/04/22 14:09:25
Table 'NLHBlue4' 6-max Seat #5 is the button
Seat 1: c0d0dcb5 ($5.96 in chips)
Seat 2: Hero ($5 in chips)
Seat 3: 812eae85 ($5.16 in chips)
Seat 4: 970a4d92 ($3.09 in chips)
Seat 5: 9bf3173c ($0.73 in chips)
Seat 6: 6259a3a6 ($3.57 in chips)
6259a3a6: posts small blind $0.02
c0d0dcb5: posts big blind $0.05
*** HOLE CARDS ***
Dealt to c0d0dcb5 
Dealt to Hero [6d Qh]
Dealt to 812eae85 
Dealt to 970a4d92 
Dealt to 9bf3173c 
Dealt to 6259a3a6 
Hero: folds
812eae85: folds
970a4d92: raises $0.1 to $0.15
9bf3173c: raises $0.58 to $0.73 and is all-in
6259a3a6: folds
c0d0dcb5: folds
970a4d92: calls $0.58
9bf3173c: shows [7s 7c]
970a4d92: shows [8s As]
*** FLOP *** [Ts Kd 5d]
*** TURN *** [Ts Kd 5d] [2s]
*** RIVER *** [Ts Kd 5d 2s] [2h]
*** SHOWDOWN ***
9bf3173c collected $1.41 from pot
*** SUMMARY ***
Total pot $1.53 | Rake $0.07 | Jackpot $0.05 | Bingo $0 | Fortune $0 | Tax $0
Board [Ts Kd 5d 2s 2h]
Seat 1: c0d0dcb5 (big blind) folded before Flop
Seat 2: Hero folded before Flop (didn't bet)
Seat 3: 812eae85 folded before Flop (didn't bet)
Seat 4: 970a4d92 showed [8s As] and lost with Pair of Twos
Seat 5: 9bf3173c (button) showed [7s 7c] and won ($1.41) with Pair of Sevens and Pair of Twos
Seat 6: 6259a3a6 (small blind) folded before Flop


Poker Hand #HD1741483138: Hold'em No Limit ($0.02/$0.05) - 2024/04/22 14:09:02
Table 'NLHBlue4' 6-max Seat #4 is the button
Seat 1: c0d0dcb5 ($5.82 in chips)
Seat 2: Hero ($5 in chips)
Seat 3: 812eae85 ($5.16 in chips)
Seat 4: 970a4d92 ($3.09 in chips)
Seat 5: 9bf3173c ($0.75 in chips)
Seat 6: 6259a3a6 ($3.7 in chips)
9bf3173c: posts small blind $0.02
6259a3a6: posts big blind $0.05
*** HOLE CARDS ***
Dealt to c0d0dcb5 
Dealt to Hero [6s 5d]
Dealt to 812eae85 
Dealt to 970a4d92 
Dealt to 9bf3173c 
Dealt to 6259a3a6 
c0d0dcb5: raises $0.08 to $0.13
Hero: folds
812eae85: folds
970a4d92: folds
9bf3173c: folds
6259a3a6: calls $0.08
*** FLOP *** [5s Jh 4c]
6259a3a6: checks
c0d0dcb5: bets $0.14
6259a3a6: folds
Uncalled bet ($0.14) returned to c0d0dcb5
*** SHOWDOWN ***
c0d0dcb5 collected $0.27 from pot
*** SUMMARY ***
Total pot $0.28 | Rake $0.01 | Jackpot $0 | Bingo $0 | Fortune $0 | Tax $0
Board [5s Jh 4c]
Seat 1: c0d0dcb5 won ($0.27)
Seat 2: Hero folded before Flop (didn't bet)
Seat 3: 812eae85 folded before Flop (didn't bet)
Seat 4: 970a4d92 (button) folded before Flop (didn't bet)
Seat 5: 9bf3173c (small blind) folded before Flop
Seat 6: 6259a3a6 (big blind) folded on the Flop


Poker Hand #HD1741483052: Hold'em No Limit ($0.02/$0.05) - 2024/04/22 14:08:02
Table 'NLHBlue4' 6-max Seat #3 is the button
Seat 1: c0d0dcb5 ($5.82 in chips)
Seat 2: Hero ($5 in chips)
Seat 3: 812eae85 ($5.05 in chips)
Seat 4: 970a4d92 ($2.97 in chips)
Seat 5: 9bf3173c ($1 in chips)
Seat 6: 6259a3a6 ($3.7 in chips)
970a4d92: posts small blind $0.02
9bf3173c: posts big blind $0.05
*** HOLE CARDS ***
Dealt to c0d0dcb5 
Dealt to Hero [4d 5s]
Dealt to 812eae85 
Dealt to 970a4d92 
Dealt to 9bf3173c 
Dealt to 6259a3a6 
6259a3a6: folds
c0d0dcb5: folds
Hero: folds
812eae85: raises $0.05 to $0.1
970a4d92: calls $0.08
9bf3173c: calls $0.05
*** FLOP *** [5h 8c 2h]
970a4d92: checks
9bf3173c: bets $0.15
812eae85: calls $0.15
970a4d92: calls $0.15
*** TURN *** [5h 8c 2h] [8h]
970a4d92: checks
9bf3173c: checks
812eae85: checks
*** RIVER *** [5h 8c 2h 8h] [5d]
970a4d92: checks
9bf3173c: checks
812eae85: checks
970a4d92: shows [7h Kd] (Pair of Eights and Pair of Fives)
9bf3173c: shows [3c 3h] (Pair of Eights and Pair of Fives)
812eae85: shows [Ks Qh] (Pair of Eights and Pair of Fives)
*** SHOWDOWN ***
970a4d92 collected $0.37 from pot
812eae85 collected $0.36 from pot
*** SUMMARY ***
Total pot $0.75 | Rake $0.02 | Jackpot $0 | Bingo $0 | Fortune $0 | Tax $0
Board [5h 8c 2h 8h 5d]
Seat 1: c0d0dcb5 folded before Flop (didn't bet)
Seat 2: Hero folded before Flop (didn't bet)
Seat 3: 812eae85 (button) showed [Ks Qh] and won ($0.36) with Pair of Eights and Pair of Fives
Seat 4: 970a4d92 (small blind) showed [7h Kd] and won ($0.37) with Pair of Eights and Pair of Fives
Seat 5: 9bf3173c (big blind) showed [3c 3h] and lost with Pair of Eights and Pair of Fives
Seat 6: 6259a3a6 folded before Flop (didn't bet)


Poker Hand #HD1741482966: Hold'em No Limit ($0.02/$0.05) - 2024/04/22 14:07:11
Table 'NLHBlue4' 6-max Seat #2 is the button
Seat 1: c0d0dcb5 ($5.34 in chips)
Seat 2: Hero ($5 in chips)
Seat 3: 812eae85 ($5.07 in chips)
Seat 4: 970a4d92 ($3.02 in chips)
Seat 6: 6259a3a6 ($3.7 in chips)
812eae85: posts small blind $0.02
970a4d92: posts big blind $0.05
*** HOLE CARDS ***
Dealt to c0d0dcb5 
Dealt to Hero [Qs Ac]
Dealt to 812eae85 
Dealt to 970a4d92 
Dealt to 6259a3a6 
6259a3a6: folds
c0d0dcb5: raises $0.08 to $0.13
Hero: raises $0.32 to $0.45
812eae85: folds
970a4d92: folds
c0d0dcb5: calls $0.32
*** FLOP *** [7h 9d 8d]
c0d0dcb5: checks
Hero: checks
*** TURN *** [7h 9d 8d] [5d]
c0d0dcb5: bets $0.49
Hero: folds
Uncalled bet ($0.49) returned to c0d0dcb5
*** SHOWDOWN ***
c0d0dcb5 collected $0.93 from pot
*** SUMMARY ***
Total pot $0.97 | Rake $0.04 | Jackpot $0 | Bingo $0 | Fortune $0 | Tax $0
Board [7h 9d 8d 5d]
Seat 1: c0d0dcb5 won ($0.93)
Seat 2: Hero (button) folded on the Turn
Seat 3: 812eae85 (small blind) folded before Flop
Seat 4: 970a4d92 (big blind) folded before Flop
Seat 6: 6259a3a6 folded before Flop (didn't bet)


Poker Hand #HD1741482907: Hold'em No Limit ($0.02/$0.05) - 2024/04/22 14:06:37
Table 'NLHBlue4' 6-max Seat #1 is the button
Seat 1: c0d0dcb5 ($5.34 in chips)
Seat 2: Hero ($5 in chips)
Seat 3: 812eae85 ($5 in chips)
Seat 4: 970a4d92 ($3.02 in chips)
Seat 5: aeccdd62 ($4.81 in chips)
Seat 6: 6259a3a6 ($3.75 in chips)
Hero: posts small blind $0.02
812eae85: posts big blind $0.05
*** HOLE CARDS ***
Dealt to c0d0dcb5 
Dealt to Hero [6d 4s]
Dealt to 812eae85 
Dealt to 970a4d92 
Dealt to aeccdd62 
Dealt to 6259a3a6 
970a4d92: folds
aeccdd62: folds
6259a3a6: calls $0.05
c0d0dcb5: folds
Hero: folds
812eae85: checks
*** FLOP *** [Qh Ac 5s]
812eae85: checks
6259a3a6: checks
*** TURN *** [Qh Ac 5s] [Jd]
812eae85: checks
6259a3a6: checks
*** RIVER *** [Qh Ac 5s Jd] [4h]
812eae85: bets $0.05
6259a3a6: folds
Uncalled bet ($0.05) returned to 812eae85
*** SHOWDOWN ***
812eae85 collected $0.12 from pot
*** SUMMARY ***
Total pot $0.12 | Rake $0 | Jackpot $0 | Bingo $0 | Fortune $0 | Tax $0
Board [Qh Ac 5s Jd 4h]
Seat 1: c0d0dcb5 (button) folded before Flop (didn't bet)
Seat 2: Hero (small blind) folded before Flop
Seat 3: 812eae85 (big blind) won ($0.12)
Seat 4: 970a4d92 folded before Flop (didn't bet)
Seat 5: aeccdd62 folded before Flop (didn't bet)
Seat 6: 6259a3a6 folded on the River


Poker Hand #HD1741482861: Hold'em No Limit ($0.02/$0.05) - 2024/04/22 14:06:05
Table 'NLHBlue4' 6-max Seat #6 is the button
Seat 1: c0d0dcb5 ($5.36 in chips)
Seat 2: Hero ($5 in chips)
Seat 4: 970a4d92 ($3.02 in chips)
Seat 5: aeccdd62 ($4.81 in chips)
Seat 6: 6259a3a6 ($3.68 in chips)
c0d0dcb5: posts small blind $0.02
Hero: posts big blind $0.05
*** HOLE CARDS ***
Dealt to c0d0dcb5 
Dealt to Hero [3h Jh]
Dealt to 970a4d92 
Dealt to aeccdd62 
Dealt to 6259a3a6 
970a4d92: folds
aeccdd62: folds
6259a3a6: calls $0.05
c0d0dcb5: folds
Hero: checks
*** FLOP *** [9c As 7s]
Hero: checks
6259a3a6: checks
*** TURN *** [9c As 7s] [8h]
Hero: checks
6259a3a6: checks
*** RIVER *** [9c As 7s 8h] [Ks]
Hero: checks
6259a3a6: checks
Hero: shows [3h Jh] (Ace-High)
6259a3a6: shows [2h 2c] (Pair of Twos)
*** SHOWDOWN ***
6259a3a6 collected $0.12 from pot
*** SUMMARY ***
Total pot $0.12 | Rake $0 | Jackpot $0 | Bingo $0 | Fortune $0 | Tax $0
Board [9c As 7s 8h Ks]
Seat 1: c0d0dcb5 (small blind) folded before Flop
Seat 2: Hero (big blind) showed [3h Jh] and lost with Ace-High
Seat 4: 970a4d92 folded before Flop (didn't bet)
Seat 5: aeccdd62 folded before Flop (didn't bet)
Seat 6: 6259a3a6 (button) showed [2h 2c] and won ($0.12) with Pair of Twos


Poker Hand #HD1741482785: Hold'em No Limit ($0.02/$0.05) - 2024/04/22 14:05:20
Table 'NLHBlue4' 6-max Seat #5 is the button
Seat 1: c0d0dcb5 ($5.04 in chips)
Seat 2: Hero ($5 in chips)
Seat 4: 970a4d92 ($3.27 in chips)
Seat 5: aeccdd62 ($4.81 in chips)
Seat 6: 6259a3a6 ($3.78 in chips)
6259a3a6: posts small blind $0.02
c0d0dcb5: posts big blind $0.05
*** HOLE CARDS ***
Dealt to c0d0dcb5 
Dealt to Hero [Ts Qc]
Dealt to 970a4d92 
Dealt to aeccdd62 
Dealt to 6259a3a6 
Hero: folds
970a4d92: raises $0.05 to $0.1
aeccdd62: folds
6259a3a6: calls $0.08
c0d0dcb5: calls $0.05
*** FLOP *** [3c Kd 7s]
6259a3a6: checks
c0d0dcb5: checks
970a4d92: bets $0.15
6259a3a6: folds
c0d0dcb5: raises $0.3 to $0.45
970a4d92: folds
Uncalled bet ($0.3) returned to c0d0dcb5
*** SHOWDOWN ***
c0d0dcb5 collected $0.57 from pot
*** SUMMARY ***
Total pot $0.6 | Rake $0.03 | Jackpot $0 | Bingo $0 | Fortune $0 | Tax $0
Board [3c Kd 7s]
Seat 1: c0d0dcb5 (big blind) won ($0.57)
Seat 2: Hero folded before Flop (didn't bet)
Seat 4: 970a4d92 folded on the Flop
Seat 5: aeccdd62 (button) folded before Flop (didn't bet)
Seat 6: 6259a3a6 (small blind) folded on the Flop


Poker Hand #HD1741482768: Hold'em No Limit ($0.02/$0.05) - 2024/04/22 14:05:07
Table 'NLHBlue4' 6-max Seat #4 is the button
Seat 1: c0d0dcb5 ($5.04 in chips)
Seat 2: Hero ($5 in chips)
Seat 4: 970a4d92 ($3.27 in chips)
Seat 5: aeccdd62 ($4.83 in chips)
Seat 6: 6259a3a6 ($3.76 in chips)
aeccdd62: posts small blind $0.02
6259a3a6: posts big blind $0.05
*** HOLE CARDS ***
Dealt to c0d0dcb5 
Dealt to Hero [3s 7c]
Dealt to 970a4d92 
Dealt to aeccdd62 
Dealt to 6259a3a6 
c0d0dcb5: folds
Hero: folds
970a4d92: folds
aeccdd62: folds
Uncalled bet ($0.03) returned to 6259a3a6
*** SHOWDOWN ***
6259a3a6 collected $0.04 from pot
*** SUMMARY ***
Total pot $0.04 | Rake $0 | Jackpot $0 | Bingo $0 | Fortune $0 | Tax $0
Seat 1: c0d0dcb5 folded before Flop (didn't bet)
Seat 2: Hero folded before Flop (didn't bet)
Seat 4: 970a4d92 (button) folded before Flop (didn't bet)
Seat 5: aeccdd62 (small blind) folded before Flop
Seat 6: 6259a3a6 (big blind) collected ($0.04)


Poker Hand #HD1741482707: Hold'em No Limit ($0.02/$0.05) - 2024/04/22 14:04:30
Table 'NLHBlue4' 6-max Seat #3 is the button
Seat 1: c0d0dcb5 ($5.33 in chips)
Seat 2: Hero ($5 in chips)
Seat 3: d07da1df ($5.61 in chips)
Seat 4: 970a4d92 ($2.96 in chips)
Seat 5: aeccdd62 ($4.88 in chips)
Seat 6: 6259a3a6 ($3.76 in chips)
970a4d92: posts small blind $0.02
aeccdd62: posts big blind $0.05
*** HOLE CARDS ***
Dealt to c0d0dcb5 
Dealt to Hero [2h 5c]
Dealt to d07da1df 
Dealt to 970a4d92 
Dealt to aeccdd62 
Dealt to 6259a3a6 
6259a3a6: folds
c0d0dcb5: raises $0.08 to $0.13
Hero: folds
d07da1df: folds
970a4d92: calls $0.11
aeccdd62: folds
*** FLOP *** [Qh Ts 5h]
970a4d92: checks
c0d0dcb5: bets $0.16
970a4d92: calls $0.16
*** TURN *** [Qh Ts 5h] [8h]
970a4d92: checks
c0d0dcb5: checks
*** RIVER *** [Qh Ts 5h 8h] [Qc]
970a4d92: checks
c0d0dcb5: checks
970a4d92: shows [8d Ah] (Pair of Queens and Pair of Eights)
c0d0dcb5: shows [Kd As] (Pair of Queens)
*** SHOWDOWN ***
970a4d92 collected $0.6 from pot
*** SUMMARY ***
Total pot $0.63 | Rake $0.03 | Jackpot $0 | Bingo $0 | Fortune $0 | Tax $0
Board [Qh Ts 5h 8h Qc]
Seat 1: c0d0dcb5 showed [Kd As] and lost with Pair of Queens
Seat 2: Hero folded before Flop (didn't bet)
Seat 3: d07da1df (button) folded before Flop (didn't bet)
Seat 4: 970a4d92 (small blind) showed [8d Ah] and won ($0.6) with Pair of Queens and Pair of Eights
Seat 5: aeccdd62 (big blind) folded before Flop
Seat 6: 6259a3a6 folded before Flop (didn't bet)


Poker Hand #HD1741482622: Hold'em No Limit ($0.02/$0.05) - 2024/04/22 14:03:32
Table 'NLHBlue4' 6-max Seat #2 is the button
Seat 1: c0d0dcb5 ($5.33 in chips)
Seat 2: Hero ($5 in chips)
Seat 3: d07da1df ($5.09 in chips)
Seat 4: 970a4d92 ($3.24 in chips)
Seat 5: aeccdd62 ($4.88 in chips)
Seat 6: 6259a3a6 ($4.04 in chips)
d07da1df: posts small blind $0.02
970a4d92: posts big blind $0.05
*** HOLE CARDS ***
Dealt to c0d0dcb5 
Dealt to Hero [7s 8h]
Dealt to d07da1df 
Dealt to 970a4d92 
Dealt to aeccdd62 
Dealt to 6259a3a6 
aeccdd62: folds
6259a3a6: calls $0.05
c0d0dcb5: folds
Hero: folds
d07da1df: raises $0.23 to $0.28
970a4d92: calls $0.23
6259a3a6: calls $0.23
*** FLOP *** [Qd 6s 2h]
d07da1df: checks
970a4d92: checks
6259a3a6: checks
*** TURN *** [Qd 6s 2h] [7h]
d07da1df: bets $0.24
970a4d92: folds
6259a3a6: folds
Uncalled bet ($0.24) returned to d07da1df
6259a3a6: shows [5h] (Queen-High)
*** SHOWDOWN ***
d07da1df collected $0.8 from pot
*** SUMMARY ***
Total pot $0.84 | Rake $0.04 | Jackpot $0 | Bingo $0 | Fortune $0 | Tax $0
Board [Qd 6s 2h 7h]
Seat 1: c0d0dcb5 folded before Flop (didn't bet)
Seat 2: Hero (button) folded before Flop (didn't bet)
Seat 3: d07da1df (small blind) won ($0.8)
Seat 4: 970a4d92 (big blind) folded on the Turn
Seat 5: aeccdd62 folded before Flop (didn't bet)
Seat 6: 6259a3a6 folded on the Turn


Poker Hand #HD1741482550: Hold'em No Limit ($0.02/$0.05) - 2024/04/22 14:02:39
Table 'NLHBlue4' 6-max Seat #1 is the button
Seat 1: c0d0dcb5 ($5.33 in chips)
Seat 2: Hero ($5 in chips)
Seat 3: d07da1df ($5.14 in chips)
Seat 5: aeccdd62 ($4.88 in chips)
Seat 6: 6259a3a6 ($3.81 in chips)
Hero: posts small blind $0.02
d07da1df: posts big blind $0.05
*** HOLE CARDS ***
Dealt to c0d0dcb5 
Dealt to Hero [Kh Qh]
Dealt to d07da1df 
Dealt to aeccdd62 
Dealt to 6259a3a6 
aeccdd62: folds
6259a3a6: calls $0.05
c0d0dcb5: folds
Hero: raises $0.15 to $0.2
d07da1df: folds
6259a3a6: calls $0.15
*** FLOP *** [2s 4d 9s]
Hero: checks
6259a3a6: checks
*** TURN *** [2s 4d 9s] [As]
Hero: checks
6259a3a6: checks
*** RIVER *** [2s 4d 9s As] [8c]
Hero: checks
6259a3a6: bets $0.45
Hero: folds
Uncalled bet ($0.45) returned to 6259a3a6
*** SHOWDOWN ***
6259a3a6 collected $0.43 from pot
*** SUMMARY ***
Total pot $0.45 | Rake $0.02 | Jackpot $0 | Bingo $0 | Fortune $0 | Tax $0
Board [2s 4d 9s As 8c]
Seat 1: c0d0dcb5 (button) folded before Flop (didn't bet)
Seat 2: Hero (small blind) folded on the River
Seat 3: d07da1df (big blind) folded before Flop
Seat 5: aeccdd62 folded before Flop (didn't bet)
Seat 6: 6259a3a6 won ($0.43)


Poker Hand #HD1741482490: Hold'em No Limit ($0.02/$0.05) - 2024/04/22 14:02:06
Table 'NLHBlue4' 6-max Seat #6 is the button
Seat 1: c0d0dcb5 ($5.28 in chips)
Seat 2: Hero ($5 in chips)
Seat 3: d07da1df ($5.14 in chips)
Seat 5: aeccdd62 ($4.88 in chips)
Seat 6: 6259a3a6 ($3.81 in chips)
c0d0dcb5: posts small blind $0.02
Hero: posts big blind $0.05
*** HOLE CARDS ***
Dealt to c0d0dcb5 
Dealt to Hero [7h 4c]
Dealt to d07da1df 
Dealt to aeccdd62 
Dealt to 6259a3a6 
d07da1df: folds
aeccdd62: folds
6259a3a6: folds
c0d0dcb5: calls $0.03
Hero: checks
*** FLOP *** [4s Jc 9s]
c0d0dcb5: bets $0.05
Hero: folds
Uncalled bet ($0.05) returned to c0d0dcb5
*** SHOWDOWN ***
c0d0dcb5 collected $0.1 from pot
*** SUMMARY ***
Total pot $0.1 | Rake $0 | Jackpot $0 | Bingo $0 | Fortune $0 | Tax $0
Board [4s Jc 9s]
Seat 1: c0d0dcb5 (small blind) won ($0.1)
Seat 2: Hero (big blind) folded on the Flop
Seat 3: d07da1df folded before Flop (didn't bet)
Seat 5: aeccdd62 folded before Flop (didn't bet)
Seat 6: 6259a3a6 (button) folded before Flop (didn't bet)


Poker Hand #HD1741482469: Hold'em No Limit ($0.02/$0.05) - 2024/04/22 14:01:53
Table 'NLHBlue4' 6-max Seat #5 is the button
Seat 1: c0d0dcb5 ($5.26 in chips)
Seat 2: Hero ($5 in chips)
Seat 3: d07da1df ($5.14 in chips)
Seat 5: aeccdd62 ($4.88 in chips)
Seat 6: 6259a3a6 ($3.83 in chips)
6259a3a6: posts small blind $0.02
c0d0dcb5: posts big blind $0.05
*** HOLE CARDS ***
Dealt to c0d0dcb5 
Dealt to Hero [2c As]
Dealt to d07da1df 
Dealt to aeccdd62 
Dealt to 6259a3a6 
Hero: folds
d07da1df: folds
aeccdd62: folds
6259a3a6: folds
Uncalled bet ($0.03) returned to c0d0dcb5
*** SHOWDOWN ***
c0d0dcb5 collected $0.04 from pot
*** SUMMARY ***
Total pot $0.04 | Rake $0 | Jackpot $0 | Bingo $0 | Fortune $0 | Tax $0
Seat 1: c0d0dcb5 (big blind) collected ($0.04)
Seat 2: Hero folded before Flop (didn't bet)
Seat 3: d07da1df folded before Flop (didn't bet)
Seat 5: aeccdd62 (button) folded before Flop (didn't bet)
Seat 6: 6259a3a6 (small blind) folded before Flop


Poker Hand #HD1741482440: Hold'em No Limit ($0.02/$0.05) - 2024/04/22 14:01:36
Table 'NLHBlue4' 6-max Seat #3 is the button
Seat 1: c0d0dcb5 ($5.26 in chips)
Seat 2: Hero ($5 in chips)
Seat 3: d07da1df ($5.07 in chips)
Seat 5: aeccdd62 ($4.9 in chips)
Seat 6: 6259a3a6 ($3.88 in chips)
aeccdd62: posts small blind $0.02
6259a3a6: posts big blind $0.05
*** HOLE CARDS ***
Dealt to c0d0dcb5 
Dealt to Hero [8c Th]
Dealt to d07da1df 
Dealt to aeccdd62 
Dealt to 6259a3a6 
c0d0dcb5: folds
Hero: folds
d07da1df: raises $0.08 to $0.13
aeccdd62: folds
6259a3a6: folds
Uncalled bet ($0.08) returned to d07da1df
*** SHOWDOWN ***
d07da1df collected $0.12 from pot
*** SUMMARY ***
Total pot $0.12 | Rake $0 | Jackpot $0 | Bingo $0 | Fortune $0 | Tax $0
Seat 1: c0d0dcb5 folded before Flop (didn't bet)
Seat 2: Hero folded before Flop (didn't bet)
Seat 3: d07da1df (button) collected ($0.12)
Seat 5: aeccdd62 (small blind) folded before Flop
Seat 6: 6259a3a6 (big blind) folded before Flop


Poker Hand #HD1741482378: Hold'em No Limit ($0.02/$0.05) - 2024/04/22 14:00:59
Table 'NLHBlue4' 6-max Seat #2 is the button
Seat 1: c0d0dcb5 ($5.26 in chips)
Seat 2: Hero ($5 in chips)
Seat 3: d07da1df ($5.09 in chips)
Seat 5: aeccdd62 ($4.89 in chips)
Seat 6: 6259a3a6 ($3.87 in chips)
d07da1df: posts small blind $0.02
aeccdd62: posts big blind $0.05
*** HOLE CARDS ***
Dealt to c0d0dcb5 
Dealt to Hero [5s 4c]
Dealt to d07da1df 
Dealt to aeccdd62 
Dealt to 6259a3a6 
6259a3a6: calls $0.05
c0d0dcb5: folds
Hero: folds
d07da1df: folds
aeccdd62: checks
*** FLOP *** [Ks 8h 2d]
aeccdd62: checks
6259a3a6: checks
*** TURN *** [Ks 8h 2d] [8d]
aeccdd62: checks
6259a3a6: checks
*** RIVER *** [Ks 8h 2d 8d] [Kd]
aeccdd62: checks
6259a3a6: bets $0.06
aeccdd62: calls $0.06
6259a3a6: shows [Jh Ac] (Pair of Kings and Pair of Eights)
aeccdd62: shows [7s Ad] (Pair of Kings and Pair of Eights)
*** SHOWDOWN ***
aeccdd62 collected $0.12 from pot
6259a3a6 collected $0.12 from pot
*** SUMMARY ***
Total pot $0.24 | Rake $0 | Jackpot $0 | Bingo $0 | Fortune $0 | Tax $0
Board [Ks 8h 2d 8d Kd]
Seat 1: c0d0dcb5 folded before Flop (didn't bet)
Seat 2: Hero (button) folded before Flop (didn't bet)
Seat 3: d07da1df (small blind) folded before Flop
Seat 5: aeccdd62 (big blind) showed [7s Ad] and won ($0.12) with Pair of Kings and Pair of Eights
Seat 6: 6259a3a6 showed [Jh Ac] and won ($0.12) with Pair of Kings and Pair of Eights


Poker Hand #HD1741482339: Hold'em No Limit ($0.02/$0.05) - 2024/04/22 14:00:34
Table 'NLHBlue4' 6-max Seat #1 is the button
Seat 1: c0d0dcb5 ($5.26 in chips)
Seat 2: Hero ($5.02 in chips)
Seat 3: d07da1df ($5.14 in chips)
Seat 4: d71065c6 ($1.72 in chips)
Seat 5: aeccdd62 ($4.82 in chips)
Hero: posts small blind $0.02
d07da1df: posts big blind $0.05
*** HOLE CARDS ***
Dealt to c0d0dcb5 
Dealt to Hero [5c 8d]
Dealt to d07da1df 
Dealt to d71065c6 
Dealt to aeccdd62 
d71065c6: folds
aeccdd62: raises $0.07 to $0.12
c0d0dcb5: folds
Hero: folds
d07da1df: folds
Uncalled bet ($0.07) returned to aeccdd62
*** SHOWDOWN ***
aeccdd62 collected $0.12 from pot
*** SUMMARY ***
Total pot $0.12 | Rake $0 | Jackpot $0 | Bingo $0 | Fortune $0 | Tax $0
Seat 1: c0d0dcb5 (button) folded before Flop (didn't bet)
Seat 2: Hero (small blind) folded before Flop
Seat 3: d07da1df (big blind) folded before Flop
Seat 4: d71065c6 folded before Flop (didn't bet)
Seat 5: aeccdd62 collected ($0.12)


Poker Hand #HD1741482304: Hold'em No Limit ($0.02/$0.05) - 2024/04/22 14:00:12
Table 'NLHBlue4' 6-max Seat #6 is the button
Seat 1: c0d0dcb5 ($5.28 in chips)
Seat 2: Hero ($5 in chips)
Seat 3: d07da1df ($5.14 in chips)
Seat 4: d71065c6 ($1.72 in chips)
Seat 5: aeccdd62 ($4.82 in chips)
Seat 6: 6259a3a6 ($3.87 in chips)
c0d0dcb5: posts small blind $0.02
Hero: posts big blind $0.05
*** HOLE CARDS ***
Dealt to c0d0dcb5 
Dealt to Hero [Td 5s]
Dealt to d07da1df 
Dealt to d71065c6 
Dealt to aeccdd62 
Dealt to 6259a3a6 
d07da1df: folds
d71065c6: folds
aeccdd62: folds
6259a3a6: folds
c0d0dcb5: folds
Uncalled bet ($0.03) returned to Hero
*** SHOWDOWN ***
Hero collected $0.04 from pot
*** SUMMARY ***
Total pot $0.04 | Rake $0 | Jackpot $0 | Bingo $0 | Fortune $0 | Tax $0
Seat 1: c0d0dcb5 (small blind) folded before Flop
Seat 2: Hero (big blind) collected ($0.04)
Seat 3: d07da1df folded before Flop (didn't bet)
Seat 4: d71065c6 folded before Flop (didn't bet)
Seat 5: aeccdd62 folded before Flop (didn't bet)
Seat 6: 6259a3a6 (button) folded before Flop (didn't bet)


