Poker Hand #HD1852598612: Hold'em No Limit ($0.05/$0.1) - 2024/07/11 16:15:20
Table 'NLHRed76' 6-max Seat #3 is the button
Seat 1: c7d79b51 ($10.15 in chips)
Seat 2: 8ea6471b ($10.93 in chips)
Seat 3: f3cd8315 ($12.65 in chips)
Seat 4: 5edecaeb ($11.29 in chips)
Seat 5: Hero ($10 in chips)
Seat 6: 45b0141f ($10.67 in chips)
5edecaeb: posts small blind $0.05
Hero: posts big blind $0.1
*** HOLE CARDS ***
Dealt to c7d79b51 
Dealt to 8ea6471b 
Dealt to f3cd8315 
Dealt to 5edecaeb 
Dealt to Hero [7c Jh]
Dealt to 45b0141f 
45b0141f: folds
c7d79b51: folds
8ea6471b: raises $0.15 to $0.25
f3cd8315: folds
5edecaeb: folds
Hero: folds
Uncalled bet ($0.15) returned to 8ea6471b
*** SHOWDOWN ***
8ea6471b collected $0.25 from pot
*** SUMMARY ***
Total pot $0.25 | Rake $0 | Jackpot $0 | Bingo $0 | Fortune $0 | Tax $0
Seat 1: c7d79b51 folded before Flop (didn't bet)
Seat 2: 8ea6471b collected ($0.25)
Seat 3: f3cd8315 (button) folded before Flop (didn't bet)
Seat 4: 5edecaeb (small blind) folded before Flop
Seat 5: Hero (big blind) folded before Flop
Seat 6: 45b0141f folded before Flop (didn't bet)


