Poker Hand #HD1772231465: Hold'em No Limit ($0.05/$0.1) - 2024/05/14 15:18:05
Table 'NLHRed44' 6-max Seat #6 is the button
Seat 1: Hero ($10.2 in chips)
Seat 3: fe8b56e ($10.47 in chips)
Seat 4: 4c694037 ($10.4 in chips)
Seat 5: d3dcf5e ($11.78 in chips)
Seat 6: 6b9b7909 ($10 in chips)
Hero: posts small blind $0.05
fe8b56e: posts big blind $0.1
*** HOLE CARDS ***
Dealt to Hero [2d As]
Dealt to fe8b56e 
Dealt to 4c694037 
Dealt to d3dcf5e 
Dealt to 6b9b7909 
4c694037: folds
d3dcf5e: folds
6b9b7909: folds
Hero: folds
Uncalled bet ($0.05) returned to fe8b56e
*** SHOWDOWN ***
fe8b56e collected $0.1 from pot
*** SUMMARY ***
Total pot $0.1 | Rake $0 | Jackpot $0 | Bingo $0 | Fortune $0 | Tax $0
Seat 1: Hero (small blind) folded before Flop
Seat 3: fe8b56e (big blind) collected ($0.1)
Seat 4: 4c694037 folded before Flop (didn't bet)
Seat 5: d3dcf5e folded before Flop (didn't bet)
Seat 6: 6b9b7909 (button) folded before Flop (didn't bet)


Poker Hand #HD1772231394: Hold'em No Limit ($0.05/$0.1) - 2024/05/14 15:17:33
Table 'NLHRed44' 6-max Seat #5 is the button
Seat 1: Hero ($10.3 in chips)
Seat 2: 1ea19260 ($19.67 in chips)
Seat 3: fe8b56e ($10.47 in chips)
Seat 4: 4c694037 ($10.4 in chips)
Seat 5: d3dcf5e ($11.11 in chips)
Seat 6: 6b9b7909 ($10 in chips)
6b9b7909: posts small blind $0.05
Hero: posts big blind $0.1
*** HOLE CARDS ***
Dealt to Hero [5s 9s]
Dealt to 1ea19260 
Dealt to fe8b56e 
Dealt to 4c694037 
Dealt to d3dcf5e 
Dealt to 6b9b7909 
1ea19260: raises $0.15 to $0.25
fe8b56e: folds
4c694037: folds
d3dcf5e: raises $0.33 to $0.58
6b9b7909: folds
Hero: folds
1ea19260: calls $0.33
*** FLOP *** [Ah Kh 9c]
1ea19260: checks
d3dcf5e: bets $0.66
1ea19260: folds
Uncalled bet ($0.66) returned to d3dcf5e
*** SHOWDOWN ***
d3dcf5e collected $1.25 from pot
*** SUMMARY ***
Total pot $1.31 | Rake $0.06 | Jackpot $0 | Bingo $0 | Fortune $0 | Tax $0
Board [Ah Kh 9c]
Seat 1: Hero (big blind) folded before Flop
Seat 2: 1ea19260 folded on the Flop
Seat 3: fe8b56e folded before Flop (didn't bet)
Seat 4: 4c694037 folded before Flop (didn't bet)
Seat 5: d3dcf5e (button) won ($1.25)
Seat 6: 6b9b7909 (small blind) folded before Flop


Poker Hand #HD1772231339: Hold'em No Limit ($0.05/$0.1) - 2024/05/14 15:17:04
Table 'NLHRed44' 6-max Seat #4 is the button
Seat 1: Hero ($10.15 in chips)
Seat 2: 1ea19260 ($19.67 in chips)
Seat 3: fe8b56e ($10.47 in chips)
Seat 4: 4c694037 ($10.4 in chips)
Seat 5: d3dcf5e ($11.16 in chips)
Seat 6: 6b9b7909 ($10 in chips)
d3dcf5e: posts small blind $0.05
6b9b7909: posts big blind $0.1
*** HOLE CARDS ***
Dealt to Hero [9d Ad]
Dealt to 1ea19260 
Dealt to fe8b56e 
Dealt to 4c694037 
Dealt to d3dcf5e 
Dealt to 6b9b7909 
Hero: raises $0.1 to $0.2
1ea19260: folds
fe8b56e: folds
4c694037: folds
d3dcf5e: folds
6b9b7909: folds
Uncalled bet ($0.1) returned to Hero
*** SHOWDOWN ***
Hero collected $0.25 from pot
*** SUMMARY ***
Total pot $0.25 | Rake $0 | Jackpot $0 | Bingo $0 | Fortune $0 | Tax $0
Seat 1: Hero collected ($0.25)
Seat 2: 1ea19260 folded before Flop (didn't bet)
Seat 3: fe8b56e folded before Flop (didn't bet)
Seat 4: 4c694037 (button) folded before Flop (didn't bet)
Seat 5: d3dcf5e (small blind) folded before Flop
Seat 6: 6b9b7909 (big blind) folded before Flop


Poker Hand #HD1772231319: Hold'em No Limit ($0.05/$0.1) - 2024/05/14 15:16:54
Table 'NLHRed44' 6-max Seat #3 is the button
Seat 1: Hero ($10.15 in chips)
Seat 2: 1ea19260 ($19.67 in chips)
Seat 3: fe8b56e ($10.47 in chips)
Seat 4: 4c694037 ($10.45 in chips)
Seat 5: d3dcf5e ($11.11 in chips)
Seat 6: 6b9b7909 ($10 in chips)
4c694037: posts small blind $0.05
d3dcf5e: posts big blind $0.1
*** HOLE CARDS ***
Dealt to Hero [6h 2c]
Dealt to 1ea19260 
Dealt to fe8b56e 
Dealt to 4c694037 
Dealt to d3dcf5e 
Dealt to 6b9b7909 
6b9b7909: folds
Hero: folds
1ea19260: folds
fe8b56e: folds
4c694037: folds
Uncalled bet ($0.05) returned to d3dcf5e
*** SHOWDOWN ***
d3dcf5e collected $0.1 from pot
*** SUMMARY ***
Total pot $0.1 | Rake $0 | Jackpot $0 | Bingo $0 | Fortune $0 | Tax $0
Seat 1: Hero folded before Flop (didn't bet)
Seat 2: 1ea19260 folded before Flop (didn't bet)
Seat 3: fe8b56e (button) folded before Flop (didn't bet)
Seat 4: 4c694037 (small blind) folded before Flop
Seat 5: d3dcf5e (big blind) collected ($0.1)
Seat 6: 6b9b7909 folded before Flop (didn't bet)


Poker Hand #HD1772231294: Hold'em No Limit ($0.05/$0.1) - 2024/05/14 15:16:43
Table 'NLHRed44' 6-max Seat #2 is the button
Seat 1: Hero ($10.15 in chips)
Seat 2: 1ea19260 ($19.67 in chips)
Seat 3: fe8b56e ($10.52 in chips)
Seat 4: 4c694037 ($10.4 in chips)
Seat 5: d3dcf5e ($11.11 in chips)
Seat 6: 6b9b7909 ($10 in chips)
fe8b56e: posts small blind $0.05
4c694037: posts big blind $0.1
*** HOLE CARDS ***
Dealt to Hero [9c 4d]
Dealt to 1ea19260 
Dealt to fe8b56e 
Dealt to 4c694037 
Dealt to d3dcf5e 
Dealt to 6b9b7909 
d3dcf5e: folds
6b9b7909: folds
Hero: folds
1ea19260: folds
fe8b56e: folds
Uncalled bet ($0.05) returned to 4c694037
*** SHOWDOWN ***
4c694037 collected $0.1 from pot
*** SUMMARY ***
Total pot $0.1 | Rake $0 | Jackpot $0 | Bingo $0 | Fortune $0 | Tax $0
Seat 1: Hero folded before Flop (didn't bet)
Seat 2: 1ea19260 (button) folded before Flop (didn't bet)
Seat 3: fe8b56e (small blind) folded before Flop
Seat 4: 4c694037 (big blind) collected ($0.1)
Seat 5: d3dcf5e folded before Flop (didn't bet)
Seat 6: 6b9b7909 folded before Flop (didn't bet)


Poker Hand #HD1772231263: Hold'em No Limit ($0.05/$0.1) - 2024/05/14 15:16:29
Table 'NLHRed44' 6-max Seat #1 is the button
Seat 1: Hero ($10 in chips)
Seat 2: 1ea19260 ($19.72 in chips)
Seat 3: fe8b56e ($10.62 in chips)
Seat 4: 4c694037 ($10.4 in chips)
Seat 5: d3dcf5e ($11.11 in chips)
Seat 6: 6b9b7909 ($10 in chips)
1ea19260: posts small blind $0.05
fe8b56e: posts big blind $0.1
*** HOLE CARDS ***
Dealt to Hero [Kc Kd]
Dealt to 1ea19260 
Dealt to fe8b56e 
Dealt to 4c694037 
Dealt to d3dcf5e 
Dealt to 6b9b7909 
4c694037: folds
d3dcf5e: folds
6b9b7909: folds
Hero: raises $0.14 to $0.24
1ea19260: folds
fe8b56e: folds
Uncalled bet ($0.14) returned to Hero
*** SHOWDOWN ***
Hero collected $0.25 from pot
*** SUMMARY ***
Total pot $0.25 | Rake $0 | Jackpot $0 | Bingo $0 | Fortune $0 | Tax $0
Seat 1: Hero (button) collected ($0.25)
Seat 2: 1ea19260 (small blind) folded before Flop
Seat 3: fe8b56e (big blind) folded before Flop
Seat 4: 4c694037 folded before Flop (didn't bet)
Seat 5: d3dcf5e folded before Flop (didn't bet)
Seat 6: 6b9b7909 folded before Flop (didn't bet)


Poker Hand #HD1772231227: Hold'em No Limit ($0.05/$0.1) - 2024/05/14 15:16:17
Table 'NLHRed44' 6-max Seat #6 is the button
Seat 1: Hero ($10 in chips)
Seat 2: 1ea19260 ($19.67 in chips)
Seat 3: fe8b56e ($10.62 in chips)
Seat 4: 4c694037 ($10.4 in chips)
Seat 5: d3dcf5e ($11.11 in chips)
Seat 6: 6b9b7909 ($10 in chips)
Hero: posts small blind $0.05
1ea19260: posts big blind $0.1
*** HOLE CARDS ***
Dealt to Hero [8h Qd]
Dealt to 1ea19260 
Dealt to fe8b56e 
Dealt to 4c694037 
Dealt to d3dcf5e 
Dealt to 6b9b7909 
fe8b56e: folds
4c694037: folds
d3dcf5e: folds
6b9b7909: folds
Hero: folds
Uncalled bet ($0.05) returned to 1ea19260
*** SHOWDOWN ***
1ea19260 collected $0.1 from pot
*** SUMMARY ***
Total pot $0.1 | Rake $0 | Jackpot $0 | Bingo $0 | Fortune $0 | Tax $0
Seat 1: Hero (small blind) folded before Flop
Seat 2: 1ea19260 (big blind) collected ($0.1)
Seat 3: fe8b56e folded before Flop (didn't bet)
Seat 4: 4c694037 folded before Flop (didn't bet)
Seat 5: d3dcf5e folded before Flop (didn't bet)
Seat 6: 6b9b7909 (button) folded before Flop (didn't bet)


Poker Hand #HD1772231068: Hold'em No Limit ($0.05/$0.1) - 2024/05/14 15:15:00
Table 'NLHRed44' 6-max Seat #5 is the button
Seat 1: Hero ($10.24 in chips)
Seat 2: 1ea19260 ($19.92 in chips)
Seat 3: fe8b56e ($10.62 in chips)
Seat 4: 4c694037 ($10.4 in chips)
Seat 5: d3dcf5e ($9.75 in chips)
Seat 6: 6b9b7909 ($10 in chips)
6b9b7909: posts small blind $0.05
Hero: posts big blind $0.1
*** HOLE CARDS ***
Dealt to Hero [8c Ac]
Dealt to 1ea19260 
Dealt to fe8b56e 
Dealt to 4c694037 
Dealt to d3dcf5e 
Dealt to 6b9b7909 
1ea19260: raises $0.15 to $0.25
fe8b56e: folds
4c694037: folds
d3dcf5e: calls $0.25
6b9b7909: folds
Hero: calls $0.15
*** FLOP *** [2c 4c 9s]
Hero: bets $0.27
1ea19260: folds
d3dcf5e: calls $0.27
*** TURN *** [2c 4c 9s] [Qs]
Hero: checks
d3dcf5e: bets $0.67
Hero: calls $0.67
*** RIVER *** [2c 4c 9s Qs] [7d]
Hero: checks
d3dcf5e: bets $1.34
Hero: folds
Uncalled bet ($1.34) returned to d3dcf5e
*** SHOWDOWN ***
d3dcf5e collected $2.55 from pot
*** SUMMARY ***
Total pot $2.68 | Rake $0.13 | Jackpot $0 | Bingo $0 | Fortune $0 | Tax $0
Board [2c 4c 9s Qs 7d]
Seat 1: Hero (big blind) folded on the River
Seat 2: 1ea19260 folded on the Flop
Seat 3: fe8b56e folded before Flop (didn't bet)
Seat 4: 4c694037 folded before Flop (didn't bet)
Seat 5: d3dcf5e (button) won ($2.55)
Seat 6: 6b9b7909 (small blind) folded before Flop


Poker Hand #HD1772231019: Hold'em No Limit ($0.05/$0.1) - 2024/05/14 15:14:37
Table 'NLHRed44' 6-max Seat #4 is the button
Seat 1: Hero ($10.24 in chips)
Seat 2: 1ea19260 ($19.77 in chips)
Seat 3: fe8b56e ($10.62 in chips)
Seat 4: 4c694037 ($10.4 in chips)
Seat 5: d3dcf5e ($9.8 in chips)
Seat 6: 6b9b7909 ($10 in chips)
d3dcf5e: posts small blind $0.05
6b9b7909: posts big blind $0.1
*** HOLE CARDS ***
Dealt to Hero [5c Jd]
Dealt to 1ea19260 
Dealt to fe8b56e 
Dealt to 4c694037 
Dealt to d3dcf5e 
Dealt to 6b9b7909 
Hero: folds
1ea19260: raises $0.15 to $0.25
fe8b56e: folds
4c694037: folds
d3dcf5e: folds
6b9b7909: folds
Uncalled bet ($0.15) returned to 1ea19260
*** SHOWDOWN ***
1ea19260 collected $0.25 from pot
*** SUMMARY ***
Total pot $0.25 | Rake $0 | Jackpot $0 | Bingo $0 | Fortune $0 | Tax $0
Seat 1: Hero folded before Flop (didn't bet)
Seat 2: 1ea19260 collected ($0.25)
Seat 3: fe8b56e folded before Flop (didn't bet)
Seat 4: 4c694037 (button) folded before Flop (didn't bet)
Seat 5: d3dcf5e (small blind) folded before Flop
Seat 6: 6b9b7909 (big blind) folded before Flop


Poker Hand #HD1772230981: Hold'em No Limit ($0.05/$0.1) - 2024/05/14 15:14:22
Table 'NLHRed44' 6-max Seat #3 is the button
Seat 1: Hero ($10.24 in chips)
Seat 2: 1ea19260 ($19.77 in chips)
Seat 3: fe8b56e ($10.62 in chips)
Seat 4: 4c694037 ($10.3 in chips)
Seat 5: d3dcf5e ($9.9 in chips)
Seat 6: 6b9b7909 ($10 in chips)
4c694037: posts small blind $0.05
d3dcf5e: posts big blind $0.1
*** HOLE CARDS ***
Dealt to Hero [3d 4s]
Dealt to 1ea19260 
Dealt to fe8b56e 
Dealt to 4c694037 
Dealt to d3dcf5e 
Dealt to 6b9b7909 
6b9b7909: folds
Hero: folds
1ea19260: folds
fe8b56e: folds
4c694037: raises $0.2 to $0.3
d3dcf5e: folds
Uncalled bet ($0.2) returned to 4c694037
*** SHOWDOWN ***
4c694037 collected $0.2 from pot
*** SUMMARY ***
Total pot $0.2 | Rake $0 | Jackpot $0 | Bingo $0 | Fortune $0 | Tax $0
Seat 1: Hero folded before Flop (didn't bet)
Seat 2: 1ea19260 folded before Flop (didn't bet)
Seat 3: fe8b56e (button) folded before Flop (didn't bet)
Seat 4: 4c694037 (small blind) collected ($0.2)
Seat 5: d3dcf5e (big blind) folded before Flop
Seat 6: 6b9b7909 folded before Flop (didn't bet)


Poker Hand #HD1772230909: Hold'em No Limit ($0.05/$0.1) - 2024/05/14 15:13:47
Table 'NLHRed44' 6-max Seat #2 is the button
Seat 1: Hero ($10 in chips)
Seat 2: 1ea19260 ($19.77 in chips)
Seat 3: fe8b56e ($10.67 in chips)
Seat 4: 4c694037 ($10.4 in chips)
Seat 5: d3dcf5e ($10 in chips)
Seat 6: 6b9b7909 ($10 in chips)
fe8b56e: posts small blind $0.05
4c694037: posts big blind $0.1
d3dcf5e: posts big blind $0.1
*** HOLE CARDS ***
Dealt to Hero [Ac Tc]
Dealt to 1ea19260 
Dealt to fe8b56e 
Dealt to 4c694037 
Dealt to d3dcf5e 
Dealt to 6b9b7909 
d3dcf5e: checks
6b9b7909: folds
Hero: raises $0.3 to $0.4
1ea19260: folds
fe8b56e: folds
4c694037: folds
d3dcf5e: folds
Uncalled bet ($0.3) returned to Hero
*** SHOWDOWN ***
Hero collected $0.34 from pot
*** SUMMARY ***
Total pot $0.35 | Rake $0.01 | Jackpot $0 | Bingo $0 | Fortune $0 | Tax $0
Seat 1: Hero collected ($0.34)
Seat 2: 1ea19260 (button) folded before Flop (didn't bet)
Seat 3: fe8b56e (small blind) folded before Flop
Seat 4: 4c694037 (big blind) folded before Flop
Seat 5: d3dcf5e folded before Flop
Seat 6: 6b9b7909 folded before Flop (didn't bet)


Poker Hand #HD1772230854: Hold'em No Limit ($0.05/$0.1) - 2024/05/14 15:13:23
Table 'NLHRed44' 6-max Seat #1 is the button
Seat 1: Hero ($10 in chips)
Seat 2: 1ea19260 ($19.67 in chips)
Seat 3: fe8b56e ($10.77 in chips)
Seat 4: 4c694037 ($10.4 in chips)
Seat 6: 6b9b7909 ($10 in chips)
1ea19260: posts small blind $0.05
fe8b56e: posts big blind $0.1
*** HOLE CARDS ***
Dealt to Hero [6c 8d]
Dealt to 1ea19260 
Dealt to fe8b56e 
Dealt to 4c694037 
Dealt to 6b9b7909 
4c694037: folds
6b9b7909: folds
Hero: folds
1ea19260: raises $0.2 to $0.3
fe8b56e: folds
Uncalled bet ($0.2) returned to 1ea19260
*** SHOWDOWN ***
1ea19260 collected $0.2 from pot
*** SUMMARY ***
Total pot $0.2 | Rake $0 | Jackpot $0 | Bingo $0 | Fortune $0 | Tax $0
Seat 1: Hero (button) folded before Flop (didn't bet)
Seat 2: 1ea19260 (small blind) collected ($0.2)
Seat 3: fe8b56e (big blind) folded before Flop
Seat 4: 4c694037 folded before Flop (didn't bet)
Seat 6: 6b9b7909 folded before Flop (didn't bet)


Poker Hand #HD1772230753: Hold'em No Limit ($0.05/$0.1) - 2024/05/14 15:12:36
Table 'NLHRed44' 6-max Seat #6 is the button
Seat 1: Hero ($10.05 in chips)
Seat 2: 1ea19260 ($19.44 in chips)
Seat 3: fe8b56e ($10.77 in chips)
Seat 4: 4c694037 ($10.6 in chips)
Seat 6: 6b9b7909 ($10 in chips)
Hero: posts small blind $0.05
1ea19260: posts big blind $0.1
*** HOLE CARDS ***
Dealt to Hero [Ts Qc]
Dealt to 1ea19260 
Dealt to fe8b56e 
Dealt to 4c694037 
Dealt to 6b9b7909 
fe8b56e: folds
4c694037: raises $0.1 to $0.2
6b9b7909: folds
Hero: folds
1ea19260: calls $0.1
*** FLOP *** [7c 9s Tc]
1ea19260: checks
4c694037: checks
*** TURN *** [7c 9s Tc] [9d]
1ea19260: bets $0.23
4c694037: folds
Uncalled bet ($0.23) returned to 1ea19260
*** SHOWDOWN ***
1ea19260 collected $0.43 from pot
*** SUMMARY ***
Total pot $0.45 | Rake $0.02 | Jackpot $0 | Bingo $0 | Fortune $0 | Tax $0
Board [7c 9s Tc 9d]
Seat 1: Hero (small blind) folded before Flop
Seat 2: 1ea19260 (big blind) won ($0.43)
Seat 3: fe8b56e folded before Flop (didn't bet)
Seat 4: 4c694037 folded on the Turn
Seat 6: 6b9b7909 (button) folded before Flop (didn't bet)


Poker Hand #HD1772230702: Hold'em No Limit ($0.05/$0.1) - 2024/05/14 15:12:15
Table 'NLHRed44' 6-max Seat #4 is the button
Seat 1: Hero ($10 in chips)
Seat 2: 1ea19260 ($19.44 in chips)
Seat 3: fe8b56e ($10.77 in chips)
Seat 4: 4c694037 ($10.6 in chips)
Seat 6: 6b9b7909 ($10 in chips)
6b9b7909: posts small blind $0.05
Hero: posts big blind $0.1
*** HOLE CARDS ***
Dealt to Hero [6c 9s]
Dealt to 1ea19260 
Dealt to fe8b56e 
Dealt to 4c694037 
Dealt to 6b9b7909 
1ea19260: folds
fe8b56e: folds
4c694037: folds
6b9b7909: folds
Uncalled bet ($0.05) returned to Hero
*** SHOWDOWN ***
Hero collected $0.1 from pot
*** SUMMARY ***
Total pot $0.1 | Rake $0 | Jackpot $0 | Bingo $0 | Fortune $0 | Tax $0
Seat 1: Hero (big blind) collected ($0.1)
Seat 2: 1ea19260 folded before Flop (didn't bet)
Seat 3: fe8b56e folded before Flop (didn't bet)
Seat 4: 4c694037 (button) folded before Flop (didn't bet)
Seat 6: 6b9b7909 (small blind) folded before Flop


Poker Hand #HD1772230643: Hold'em No Limit ($0.05/$0.1) - 2024/05/14 15:11:47
Table 'NLHRed44' 6-max Seat #3 is the button
Seat 1: Hero ($10 in chips)
Seat 2: 1ea19260 ($19.44 in chips)
Seat 3: fe8b56e ($10.62 in chips)
Seat 4: 4c694037 ($10.65 in chips)
Seat 6: 6b9b7909 ($10 in chips)
4c694037: posts small blind $0.05
6b9b7909: posts big blind $0.1
*** HOLE CARDS ***
Dealt to Hero [6c Jh]
Dealt to 1ea19260 
Dealt to fe8b56e 
Dealt to 4c694037 
Dealt to 6b9b7909 
Hero: folds
1ea19260: folds
fe8b56e: raises $0.15 to $0.25
4c694037: folds
6b9b7909: folds
Uncalled bet ($0.15) returned to fe8b56e
*** SHOWDOWN ***
fe8b56e collected $0.25 from pot
*** SUMMARY ***
Total pot $0.25 | Rake $0 | Jackpot $0 | Bingo $0 | Fortune $0 | Tax $0
Seat 1: Hero folded before Flop (didn't bet)
Seat 2: 1ea19260 folded before Flop (didn't bet)
Seat 3: fe8b56e (button) collected ($0.25)
Seat 4: 4c694037 (small blind) folded before Flop
Seat 6: 6b9b7909 (big blind) folded before Flop


Poker Hand #HD1772230555: Hold'em No Limit ($0.05/$0.1) - 2024/05/14 15:11:07
Table 'NLHRed44' 6-max Seat #2 is the button
Seat 1: Hero ($10 in chips)
Seat 2: 1ea19260 ($17.26 in chips)
Seat 3: fe8b56e ($10.67 in chips)
Seat 4: 4c694037 ($10.75 in chips)
Seat 6: 6b9b7909 ($10 in chips)
fe8b56e: posts small blind $0.05
4c694037: posts big blind $0.1
*** HOLE CARDS ***
Dealt to Hero [Kd Qd]
Dealt to 1ea19260 
Dealt to fe8b56e 
Dealt to 4c694037 
Dealt to 6b9b7909 
6b9b7909: folds
Hero: raises $0.14 to $0.24
1ea19260: raises $0.66 to $0.9
fe8b56e: folds
4c694037: folds
Hero: raises $1.5 to $2.4
1ea19260: raises $1.5 to $3.9
Hero: folds
Uncalled bet ($1.5) returned to 1ea19260
*** SHOWDOWN ***
1ea19260 collected $4.61 from pot
*** SUMMARY ***
Total pot $4.95 | Rake $0.24 | Jackpot $0.1 | Bingo $0 | Fortune $0 | Tax $0.03
Seat 1: Hero folded before Flop
Seat 2: 1ea19260 (button) collected ($4.61)
Seat 3: fe8b56e (small blind) folded before Flop
Seat 4: 4c694037 (big blind) folded before Flop
Seat 6: 6b9b7909 folded before Flop (didn't bet)


Poker Hand #HD1772230489: Hold'em No Limit ($0.05/$0.1) - 2024/05/14 15:10:37
Table 'NLHRed44' 6-max Seat #1 is the button
Seat 1: Hero ($10 in chips)
Seat 2: 1ea19260 ($17.31 in chips)
Seat 3: fe8b56e ($10.62 in chips)
Seat 4: 4c694037 ($10.75 in chips)
Seat 6: 6b9b7909 ($10 in chips)
1ea19260: posts small blind $0.05
fe8b56e: posts big blind $0.1
*** HOLE CARDS ***
Dealt to Hero [Jc 9s]
Dealt to 1ea19260 
Dealt to fe8b56e 
Dealt to 4c694037 
Dealt to 6b9b7909 
4c694037: folds
6b9b7909: folds
Hero: folds
1ea19260: folds
Uncalled bet ($0.05) returned to fe8b56e
*** SHOWDOWN ***
fe8b56e collected $0.1 from pot
*** SUMMARY ***
Total pot $0.1 | Rake $0 | Jackpot $0 | Bingo $0 | Fortune $0 | Tax $0
Seat 1: Hero (button) folded before Flop (didn't bet)
Seat 2: 1ea19260 (small blind) folded before Flop
Seat 3: fe8b56e (big blind) collected ($0.1)
Seat 4: 4c694037 folded before Flop (didn't bet)
Seat 6: 6b9b7909 folded before Flop (didn't bet)


Poker Hand #HD1772230360: Hold'em No Limit ($0.05/$0.1) - 2024/05/14 15:09:35
Table 'NLHRed44' 6-max Seat #6 is the button
Seat 1: Hero ($10 in chips)
Seat 2: 1ea19260 ($16.6 in chips)
Seat 3: fe8b56e ($10.62 in chips)
Seat 4: 4c694037 ($10.75 in chips)
Seat 6: 6b9b7909 ($10.23 in chips)
Hero: posts small blind $0.05
1ea19260: posts big blind $0.1
*** HOLE CARDS ***
Dealt to Hero [Kc 3c]
Dealt to 1ea19260 
Dealt to fe8b56e 
Dealt to 4c694037 
Dealt to 6b9b7909 
fe8b56e: folds
4c694037: folds
6b9b7909: raises $0.15 to $0.25
Hero: folds
1ea19260: calls $0.15
*** FLOP *** [Qs Kd As]
1ea19260: checks
6b9b7909: bets $0.2
1ea19260: calls $0.2
*** TURN *** [Qs Kd As] [5s]
1ea19260: checks
6b9b7909: bets $0.29
1ea19260: calls $0.29
*** RIVER *** [Qs Kd As 5s] [Ad]
1ea19260: checks
6b9b7909: checks
1ea19260: shows [Ah 8c] (Three Aces)
6b9b7909: shows [Jh Jd] (Pair of Aces and Pair of Jacks)
*** SHOWDOWN ***
1ea19260 collected $1.45 from pot
*** SUMMARY ***
Total pot $1.53 | Rake $0.07 | Jackpot $0 | Bingo $0 | Fortune $0 | Tax $0.01
Board [Qs Kd As 5s Ad]
Seat 1: Hero (small blind) folded before Flop
Seat 2: 1ea19260 (big blind) showed [Ah 8c] and won ($1.45) with Three Aces
Seat 3: fe8b56e folded before Flop (didn't bet)
Seat 4: 4c694037 folded before Flop (didn't bet)
Seat 6: 6b9b7909 (button) showed [Jh Jd] and lost with Pair of Aces and Pair of Jacks


Poker Hand #HD1772230316: Hold'em No Limit ($0.05/$0.1) - 2024/05/14 15:09:15
Table 'NLHRed44' 6-max Seat #4 is the button
Seat 1: Hero ($10 in chips)
Seat 2: 1ea19260 ($16.6 in chips)
Seat 3: fe8b56e ($10.47 in chips)
Seat 4: 4c694037 ($10.75 in chips)
Seat 6: 6b9b7909 ($10.28 in chips)
6b9b7909: posts small blind $0.05
Hero: posts big blind $0.1
*** HOLE CARDS ***
Dealt to Hero [7d 8s]
Dealt to 1ea19260 
Dealt to fe8b56e 
Dealt to 4c694037 
Dealt to 6b9b7909 
1ea19260: folds
fe8b56e: raises $0.15 to $0.25
4c694037: folds
6b9b7909: folds
Hero: folds
Uncalled bet ($0.15) returned to fe8b56e
*** SHOWDOWN ***
fe8b56e collected $0.25 from pot
*** SUMMARY ***
Total pot $0.25 | Rake $0 | Jackpot $0 | Bingo $0 | Fortune $0 | Tax $0
Seat 1: Hero (big blind) folded before Flop
Seat 2: 1ea19260 folded before Flop (didn't bet)
Seat 3: fe8b56e collected ($0.25)
Seat 4: 4c694037 (button) folded before Flop (didn't bet)
Seat 6: 6b9b7909 (small blind) folded before Flop


Poker Hand #HD1772230202: Hold'em No Limit ($0.05/$0.1) - 2024/05/14 15:08:27
Table 'NLHRed44' 6-max Seat #3 is the button
Seat 1: Hero ($10 in chips)
Seat 2: 1ea19260 ($16.85 in chips)
Seat 3: fe8b56e ($10.47 in chips)
Seat 4: 4c694037 ($10.8 in chips)
Seat 6: 6b9b7909 ($10 in chips)
4c694037: posts small blind $0.05
6b9b7909: posts big blind $0.1
*** HOLE CARDS ***
Dealt to Hero [Ts Kd]
Dealt to 1ea19260 
Dealt to fe8b56e 
Dealt to 4c694037 
Dealt to 6b9b7909 
Hero: folds
1ea19260: raises $0.15 to $0.25
fe8b56e: folds
4c694037: folds
6b9b7909: calls $0.15
*** FLOP *** [5d Tc 3d]
6b9b7909: checks
1ea19260: checks
*** TURN *** [5d Tc 3d] [3c]
6b9b7909: bets $0.4
1ea19260: folds
Uncalled bet ($0.4) returned to 6b9b7909
*** SHOWDOWN ***
6b9b7909 collected $0.53 from pot
*** SUMMARY ***
Total pot $0.55 | Rake $0.02 | Jackpot $0 | Bingo $0 | Fortune $0 | Tax $0
Board [5d Tc 3d 3c]
Seat 1: Hero folded before Flop (didn't bet)
Seat 2: 1ea19260 folded on the Turn
Seat 3: fe8b56e (button) folded before Flop (didn't bet)
Seat 4: 4c694037 (small blind) folded before Flop
Seat 6: 6b9b7909 (big blind) won ($0.53)


Poker Hand #HD1772230102: Hold'em No Limit ($0.05/$0.1) - 2024/05/14 15:07:40
Table 'NLHRed44' 6-max Seat #2 is the button
Seat 1: Hero ($10 in chips)
Seat 2: 1ea19260 ($17.1 in chips)
Seat 3: fe8b56e ($10.52 in chips)
Seat 4: 4c694037 ($10.52 in chips)
Seat 6: 6b9b7909 ($10 in chips)
fe8b56e: posts small blind $0.05
4c694037: posts big blind $0.1
*** HOLE CARDS ***
Dealt to Hero [3h Qd]
Dealt to 1ea19260 
Dealt to fe8b56e 
Dealt to 4c694037 
Dealt to 6b9b7909 
6b9b7909: folds
Hero: folds
1ea19260: raises $0.15 to $0.25
fe8b56e: folds
4c694037: calls $0.15
*** FLOP *** [4c Td Th]
4c694037: checks
1ea19260: checks
*** TURN *** [4c Td Th] [7s]
4c694037: checks
1ea19260: checks
*** RIVER *** [4c Td Th 7s] [9d]
4c694037: checks
1ea19260: checks
4c694037: shows [3c Ac] (Pair of Tens)
1ea19260: shows [Kd Jd] (Pair of Tens)
*** SHOWDOWN ***
4c694037 collected $0.53 from pot
*** SUMMARY ***
Total pot $0.55 | Rake $0.02 | Jackpot $0 | Bingo $0 | Fortune $0 | Tax $0
Board [4c Td Th 7s 9d]
Seat 1: Hero folded before Flop (didn't bet)
Seat 2: 1ea19260 (button) showed [Kd Jd] and lost with Pair of Tens
Seat 3: fe8b56e (small blind) folded before Flop
Seat 4: 4c694037 (big blind) showed [3c Ac] and won ($0.53) with Pair of Tens
Seat 6: 6b9b7909 folded before Flop (didn't bet)


Poker Hand #HD1772230070: Hold'em No Limit ($0.05/$0.1) - 2024/05/14 15:07:25
Table 'NLHRed44' 6-max Seat #1 is the button
Seat 1: Hero ($10 in chips)
Seat 2: 1ea19260 ($17 in chips)
Seat 3: fe8b56e ($10.62 in chips)
Seat 4: 4c694037 ($10.52 in chips)
Seat 6: 6b9b7909 ($10 in chips)
1ea19260: posts small blind $0.05
fe8b56e: posts big blind $0.1
*** HOLE CARDS ***
Dealt to Hero [Js 5c]
Dealt to 1ea19260 
Dealt to fe8b56e 
Dealt to 4c694037 
Dealt to 6b9b7909 
4c694037: folds
6b9b7909: folds
Hero: folds
1ea19260: raises $0.2 to $0.3
fe8b56e: folds
Uncalled bet ($0.2) returned to 1ea19260
*** SHOWDOWN ***
1ea19260 collected $0.2 from pot
*** SUMMARY ***
Total pot $0.2 | Rake $0 | Jackpot $0 | Bingo $0 | Fortune $0 | Tax $0
Seat 1: Hero (button) folded before Flop (didn't bet)
Seat 2: 1ea19260 (small blind) collected ($0.2)
Seat 3: fe8b56e (big blind) folded before Flop
Seat 4: 4c694037 folded before Flop (didn't bet)
Seat 6: 6b9b7909 folded before Flop (didn't bet)


Poker Hand #HD1772230030: Hold'em No Limit ($0.05/$0.1) - 2024/05/14 15:07:08
Table 'NLHRed44' 6-max Seat #6 is the button
Seat 1: Hero ($10.05 in chips)
Seat 2: 1ea19260 ($17.1 in chips)
Seat 3: fe8b56e ($10.47 in chips)
Seat 4: 4c694037 ($10.52 in chips)
Seat 6: 6b9b7909 ($10 in chips)
Hero: posts small blind $0.05
1ea19260: posts big blind $0.1
*** HOLE CARDS ***
Dealt to Hero [2h 6c]
Dealt to 1ea19260 
Dealt to fe8b56e 
Dealt to 4c694037 
Dealt to 6b9b7909 
fe8b56e: raises $0.15 to $0.25
4c694037: folds
6b9b7909: folds
Hero: folds
1ea19260: folds
Uncalled bet ($0.15) returned to fe8b56e
*** SHOWDOWN ***
fe8b56e collected $0.25 from pot
*** SUMMARY ***
Total pot $0.25 | Rake $0 | Jackpot $0 | Bingo $0 | Fortune $0 | Tax $0
Seat 1: Hero (small blind) folded before Flop
Seat 2: 1ea19260 (big blind) folded before Flop
Seat 3: fe8b56e collected ($0.25)
Seat 4: 4c694037 folded before Flop (didn't bet)
Seat 6: 6b9b7909 (button) folded before Flop (didn't bet)


Poker Hand #HD1772229993: Hold'em No Limit ($0.05/$0.1) - 2024/05/14 15:06:52
Table 'NLHRed44' 6-max Seat #4 is the button
Seat 1: Hero ($10 in chips)
Seat 2: 1ea19260 ($17.1 in chips)
Seat 3: fe8b56e ($10.47 in chips)
Seat 4: 4c694037 ($10.52 in chips)
Seat 6: 6b9b7909 ($10 in chips)
6b9b7909: posts small blind $0.05
Hero: posts big blind $0.1
*** HOLE CARDS ***
Dealt to Hero [6h Jd]
Dealt to 1ea19260 
Dealt to fe8b56e 
Dealt to 4c694037 
Dealt to 6b9b7909 
1ea19260: folds
fe8b56e: folds
4c694037: folds
6b9b7909: folds
Uncalled bet ($0.05) returned to Hero
*** SHOWDOWN ***
Hero collected $0.1 from pot
*** SUMMARY ***
Total pot $0.1 | Rake $0 | Jackpot $0 | Bingo $0 | Fortune $0 | Tax $0
Seat 1: Hero (big blind) collected ($0.1)
Seat 2: 1ea19260 folded before Flop (didn't bet)
Seat 3: fe8b56e folded before Flop (didn't bet)
Seat 4: 4c694037 (button) folded before Flop (didn't bet)
Seat 6: 6b9b7909 (small blind) folded before Flop


