Poker Hand #HD1852641160: Hold'em No Limit ($0.05/$0.1) - 2024/07/11 17:18:12
Table 'NLHRed90' 6-max Seat #2 is the button
Seat 1: Hero ($11.13 in chips)
Seat 2: dd888ae9 ($20.81 in chips)
Seat 3: 96c1fc62 ($3.12 in chips)
Seat 4: f42df6ef ($10.7 in chips)
Seat 5: d232c441 ($10.44 in chips)
Seat 6: b845914 ($9.92 in chips)
96c1fc62: posts small blind $0.05
f42df6ef: posts big blind $0.1
*** HOLE CARDS ***
Dealt to Hero [6c 6s]
Dealt to dd888ae9 
Dealt to 96c1fc62 
Dealt to f42df6ef 
Dealt to d232c441 
Dealt to b845914 
d232c441: folds
b845914: raises $0.2 to $0.3
Hero: folds
dd888ae9: folds
96c1fc62: folds
f42df6ef: folds
Uncalled bet ($0.2) returned to b845914
*** SHOWDOWN ***
b845914 collected $0.25 from pot
*** SUMMARY ***
Total pot $0.25 | Rake $0 | Jackpot $0 | Bingo $0 | Fortune $0 | Tax $0
Seat 1: Hero folded before Flop (didn't bet)
Seat 2: dd888ae9 (button) folded before Flop (didn't bet)
Seat 3: 96c1fc62 (small blind) folded before Flop
Seat 4: f42df6ef (big blind) folded before Flop
Seat 5: d232c441 folded before Flop (didn't bet)
Seat 6: b845914 collected ($0.25)


Poker Hand #HD1852640996: Hold'em No Limit ($0.05/$0.1) - 2024/07/11 17:17:01
Table 'NLHRed90' 6-max Seat #1 is the button
Seat 1: Hero ($11.13 in chips)
Seat 2: dd888ae9 ($20.86 in chips)
Seat 3: 96c1fc62 ($3.42 in chips)
Seat 4: f42df6ef ($10.7 in chips)
Seat 5: d232c441 ($10.44 in chips)
Seat 6: b845914 ($9.6 in chips)
dd888ae9: posts small blind $0.05
96c1fc62: posts big blind $0.1
*** HOLE CARDS ***
Dealt to Hero [Qh 9s]
Dealt to dd888ae9 
Dealt to 96c1fc62 
Dealt to f42df6ef 
Dealt to d232c441 
Dealt to b845914 
f42df6ef: folds
d232c441: folds
b845914: raises $0.2 to $0.3
Hero: folds
dd888ae9: folds
96c1fc62: calls $0.2
*** FLOP *** [7d Ks Td]
96c1fc62: checks
b845914: checks
*** TURN *** [7d Ks Td] [Ah]
96c1fc62: checks
b845914: bets $0.33
96c1fc62: folds
Uncalled bet ($0.33) returned to b845914
*** SHOWDOWN ***
b845914 collected $0.62 from pot
*** SUMMARY ***
Total pot $0.65 | Rake $0.03 | Jackpot $0 | Bingo $0 | Fortune $0 | Tax $0
Board [7d Ks Td Ah]
Seat 1: Hero (button) folded before Flop (didn't bet)
Seat 2: dd888ae9 (small blind) folded before Flop
Seat 3: 96c1fc62 (big blind) folded on the Turn
Seat 4: f42df6ef folded before Flop (didn't bet)
Seat 5: d232c441 folded before Flop (didn't bet)
Seat 6: b845914 won ($0.62)


Poker Hand #HD1852640886: Hold'em No Limit ($0.05/$0.1) - 2024/07/11 17:16:09
Table 'NLHRed90' 6-max Seat #6 is the button
Seat 1: Hero ($11.18 in chips)
Seat 2: dd888ae9 ($20.96 in chips)
Seat 3: 96c1fc62 ($3.42 in chips)
Seat 4: f42df6ef ($10.7 in chips)
Seat 5: d232c441 ($10.07 in chips)
Seat 6: b845914 ($9.85 in chips)
Hero: posts small blind $0.05
dd888ae9: posts big blind $0.1
*** HOLE CARDS ***
Dealt to Hero [3c 6h]
Dealt to dd888ae9 
Dealt to 96c1fc62 
Dealt to f42df6ef 
Dealt to d232c441 
Dealt to b845914 
96c1fc62: folds
f42df6ef: folds
d232c441: raises $0.15 to $0.25
b845914: calls $0.25
Hero: folds
dd888ae9: folds
*** FLOP *** [9d Kc 4s]
d232c441: checks
b845914: checks
*** TURN *** [9d Kc 4s] [3h]
d232c441: checks
b845914: checks
*** RIVER *** [9d Kc 4s 3h] [2h]
d232c441: checks
b845914: checks
d232c441: shows [As 2s] (Pair of Twos)
b845914: shows [Qs Ts] (King-High)
*** SHOWDOWN ***
d232c441 collected $0.62 from pot
*** SUMMARY ***
Total pot $0.65 | Rake $0.03 | Jackpot $0 | Bingo $0 | Fortune $0 | Tax $0
Board [9d Kc 4s 3h 2h]
Seat 1: Hero (small blind) folded before Flop
Seat 2: dd888ae9 (big blind) folded before Flop
Seat 3: 96c1fc62 folded before Flop (didn't bet)
Seat 4: f42df6ef folded before Flop (didn't bet)
Seat 5: d232c441 showed [As 2s] and won ($0.62) with Pair of Twos
Seat 6: b845914 (button) showed [Qs Ts] and lost with King-High


Poker Hand #HD1852640677: Hold'em No Limit ($0.05/$0.1) - 2024/07/11 17:14:30
Table 'NLHRed90' 6-max Seat #5 is the button
Seat 1: Hero ($11.1 in chips)
Seat 2: dd888ae9 ($20.96 in chips)
Seat 3: 96c1fc62 ($3.35 in chips)
Seat 4: f42df6ef ($10.7 in chips)
Seat 5: d232c441 ($10.07 in chips)
Seat 6: b845914 ($10.05 in chips)
b845914: posts small blind $0.05
Hero: posts big blind $0.1
*** HOLE CARDS ***
Dealt to Hero [Ad Th]
Dealt to dd888ae9 
Dealt to 96c1fc62 
Dealt to f42df6ef 
Dealt to d232c441 
Dealt to b845914 
dd888ae9: folds
96c1fc62: raises $0.1 to $0.2
f42df6ef: folds
d232c441: folds
b845914: calls $0.15
Hero: calls $0.1
*** FLOP *** [Qs Qd Kc]
b845914: checks
Hero: checks
96c1fc62: checks
*** TURN *** [Qs Qd Kc] [Ah]
b845914: checks
Hero: checks
96c1fc62: checks
*** RIVER *** [Qs Qd Kc Ah] [7d]
b845914: checks
Hero: bets $0.2
96c1fc62: calls $0.2
b845914: folds
Hero: shows [Ad Th] (Pair of Aces and Pair of Queens)
96c1fc62: shows [As 9h] (Pair of Aces and Pair of Queens)
*** SHOWDOWN ***
Hero collected $0.48 from pot
96c1fc62 collected $0.47 from pot
*** SUMMARY ***
Total pot $1 | Rake $0.05 | Jackpot $0 | Bingo $0 | Fortune $0 | Tax $0
Board [Qs Qd Kc Ah 7d]
Seat 1: Hero (big blind) showed [Ad Th] and won ($0.48) with Pair of Aces and Pair of Queens
Seat 2: dd888ae9 folded before Flop (didn't bet)
Seat 3: 96c1fc62 showed [As 9h] and won ($0.47) with Pair of Aces and Pair of Queens
Seat 4: f42df6ef folded before Flop (didn't bet)
Seat 5: d232c441 (button) folded before Flop (didn't bet)
Seat 6: b845914 (small blind) folded on the River


Poker Hand #HD1852640641: Hold'em No Limit ($0.05/$0.1) - 2024/07/11 17:14:13
Table 'NLHRed90' 6-max Seat #4 is the button
Seat 1: Hero ($11.1 in chips)
Seat 2: dd888ae9 ($20.96 in chips)
Seat 3: 96c1fc62 ($3.35 in chips)
Seat 4: f42df6ef ($10.7 in chips)
Seat 5: d232c441 ($10.12 in chips)
Seat 6: b845914 ($10 in chips)
d232c441: posts small blind $0.05
b845914: posts big blind $0.1
*** HOLE CARDS ***
Dealt to Hero [7h 3h]
Dealt to dd888ae9 
Dealt to 96c1fc62 
Dealt to f42df6ef 
Dealt to d232c441 
Dealt to b845914 
Hero: folds
dd888ae9: folds
96c1fc62: folds
f42df6ef: folds
d232c441: folds
Uncalled bet ($0.05) returned to b845914
*** SHOWDOWN ***
b845914 collected $0.1 from pot
*** SUMMARY ***
Total pot $0.1 | Rake $0 | Jackpot $0 | Bingo $0 | Fortune $0 | Tax $0
Seat 1: Hero folded before Flop (didn't bet)
Seat 2: dd888ae9 folded before Flop (didn't bet)
Seat 3: 96c1fc62 folded before Flop (didn't bet)
Seat 4: f42df6ef (button) folded before Flop (didn't bet)
Seat 5: d232c441 (small blind) folded before Flop
Seat 6: b845914 (big blind) collected ($0.1)


Poker Hand #HD1852640547: Hold'em No Limit ($0.05/$0.1) - 2024/07/11 17:13:29
Table 'NLHRed90' 6-max Seat #3 is the button
Seat 1: Hero ($10.87 in chips)
Seat 2: dd888ae9 ($20.96 in chips)
Seat 3: 96c1fc62 ($3.35 in chips)
Seat 4: f42df6ef ($10.75 in chips)
Seat 5: d232c441 ($10.32 in chips)
Seat 6: c807dc37 ($12.13 in chips)
f42df6ef: posts small blind $0.05
d232c441: posts big blind $0.1
*** HOLE CARDS ***
Dealt to Hero [Ah 6h]
Dealt to dd888ae9 
Dealt to 96c1fc62 
Dealt to f42df6ef 
Dealt to d232c441 
Dealt to c807dc37 
c807dc37: folds
Hero: raises $0.1 to $0.2
dd888ae9: folds
96c1fc62: folds
f42df6ef: folds
d232c441: calls $0.1
*** FLOP *** [Ad 5h 3h]
d232c441: checks
Hero: bets $0.15
d232c441: folds
Uncalled bet ($0.15) returned to Hero
*** SHOWDOWN ***
Hero collected $0.43 from pot
*** SUMMARY ***
Total pot $0.45 | Rake $0.02 | Jackpot $0 | Bingo $0 | Fortune $0 | Tax $0
Board [Ad 5h 3h]
Seat 1: Hero won ($0.43)
Seat 2: dd888ae9 folded before Flop (didn't bet)
Seat 3: 96c1fc62 (button) folded before Flop (didn't bet)
Seat 4: f42df6ef (small blind) folded before Flop
Seat 5: d232c441 (big blind) folded on the Flop
Seat 6: c807dc37 folded before Flop (didn't bet)


Poker Hand #HD1852640514: Hold'em No Limit ($0.05/$0.1) - 2024/07/11 17:13:16
Table 'NLHRed90' 6-max Seat #2 is the button
Seat 1: Hero ($10.87 in chips)
Seat 2: dd888ae9 ($20.96 in chips)
Seat 3: 96c1fc62 ($3.4 in chips)
Seat 4: f42df6ef ($10.7 in chips)
Seat 5: d232c441 ($10.32 in chips)
Seat 6: c807dc37 ($12.13 in chips)
96c1fc62: posts small blind $0.05
f42df6ef: posts big blind $0.1
*** HOLE CARDS ***
Dealt to Hero [3c 9d]
Dealt to dd888ae9 
Dealt to 96c1fc62 
Dealt to f42df6ef 
Dealt to d232c441 
Dealt to c807dc37 
d232c441: folds
c807dc37: folds
Hero: folds
dd888ae9: folds
96c1fc62: folds
Uncalled bet ($0.05) returned to f42df6ef
*** SHOWDOWN ***
f42df6ef collected $0.1 from pot
*** SUMMARY ***
Total pot $0.1 | Rake $0 | Jackpot $0 | Bingo $0 | Fortune $0 | Tax $0
Seat 1: Hero folded before Flop (didn't bet)
Seat 2: dd888ae9 (button) folded before Flop (didn't bet)
Seat 3: 96c1fc62 (small blind) folded before Flop
Seat 4: f42df6ef (big blind) collected ($0.1)
Seat 5: d232c441 folded before Flop (didn't bet)
Seat 6: c807dc37 folded before Flop (didn't bet)


Poker Hand #HD1852640388: Hold'em No Limit ($0.05/$0.1) - 2024/07/11 17:12:17
Table 'NLHRed90' 6-max Seat #1 is the button
Seat 1: Hero ($10.87 in chips)
Seat 2: dd888ae9 ($21.21 in chips)
Seat 3: 96c1fc62 ($3.5 in chips)
Seat 4: f42df6ef ($10.7 in chips)
Seat 5: d232c441 ($10 in chips)
Seat 6: c807dc37 ($12.13 in chips)
dd888ae9: posts small blind $0.05
96c1fc62: posts big blind $0.1
*** HOLE CARDS ***
Dealt to Hero [7d 5s]
Dealt to dd888ae9 
Dealt to 96c1fc62 
Dealt to f42df6ef 
Dealt to d232c441 
Dealt to c807dc37 
f42df6ef: folds
d232c441: raises $0.15 to $0.25
c807dc37: folds
Hero: folds
dd888ae9: calls $0.2
96c1fc62: folds
*** FLOP *** [6h 3d 7c]
dd888ae9: checks
d232c441: checks
*** TURN *** [6h 3d 7c] [3s]
dd888ae9: checks
d232c441: checks
*** RIVER *** [6h 3d 7c 3s] [Qh]
dd888ae9: checks
d232c441: bets $0.2
dd888ae9: folds
Uncalled bet ($0.2) returned to d232c441
*** SHOWDOWN ***
d232c441 collected $0.57 from pot
*** SUMMARY ***
Total pot $0.6 | Rake $0.03 | Jackpot $0 | Bingo $0 | Fortune $0 | Tax $0
Board [6h 3d 7c 3s Qh]
Seat 1: Hero (button) folded before Flop (didn't bet)
Seat 2: dd888ae9 (small blind) folded on the River
Seat 3: 96c1fc62 (big blind) folded before Flop
Seat 4: f42df6ef folded before Flop (didn't bet)
Seat 5: d232c441 won ($0.57)
Seat 6: c807dc37 folded before Flop (didn't bet)


Poker Hand #HD1852640340: Hold'em No Limit ($0.05/$0.1) - 2024/07/11 17:11:53
Table 'NLHRed90' 6-max Seat #6 is the button
Seat 1: Hero ($10.92 in chips)
Seat 2: dd888ae9 ($21.31 in chips)
Seat 3: e95c0331 ($8.88 in chips)
Seat 4: f42df6ef ($10.7 in chips)
Seat 5: d232c441 ($10 in chips)
Seat 6: c807dc37 ($11.98 in chips)
Hero: posts small blind $0.05
dd888ae9: posts big blind $0.1
*** HOLE CARDS ***
Dealt to Hero [2d Qs]
Dealt to dd888ae9 
Dealt to e95c0331 
Dealt to f42df6ef 
Dealt to d232c441 
Dealt to c807dc37 
e95c0331: folds
f42df6ef: folds
d232c441: folds
c807dc37: raises $0.2 to $0.3
Hero: folds
dd888ae9: folds
Uncalled bet ($0.2) returned to c807dc37
*** SHOWDOWN ***
c807dc37 collected $0.25 from pot
*** SUMMARY ***
Total pot $0.25 | Rake $0 | Jackpot $0 | Bingo $0 | Fortune $0 | Tax $0
Seat 1: Hero (small blind) folded before Flop
Seat 2: dd888ae9 (big blind) folded before Flop
Seat 3: e95c0331 folded before Flop (didn't bet)
Seat 4: f42df6ef folded before Flop (didn't bet)
Seat 5: d232c441 folded before Flop (didn't bet)
Seat 6: c807dc37 (button) collected ($0.25)


Poker Hand #HD1852640195: Hold'em No Limit ($0.05/$0.1) - 2024/07/11 17:10:44
Table 'NLHRed90' 6-max Seat #5 is the button
Seat 1: Hero ($11.74 in chips)
Seat 2: dd888ae9 ($21.56 in chips)
Seat 3: e95c0331 ($8.88 in chips)
Seat 4: f42df6ef ($10.7 in chips)
Seat 5: d232c441 ($10 in chips)
Seat 6: c807dc37 ($11 in chips)
c807dc37: posts small blind $0.05
Hero: posts big blind $0.1
*** HOLE CARDS ***
Dealt to Hero [Ac 9s]
Dealt to dd888ae9 
Dealt to e95c0331 
Dealt to f42df6ef 
Dealt to d232c441 
Dealt to c807dc37 
dd888ae9: raises $0.15 to $0.25
e95c0331: folds
f42df6ef: folds
d232c441: folds
c807dc37: calls $0.2
Hero: calls $0.15
*** FLOP *** [6s 5c 4d]
c807dc37: checks
Hero: checks
dd888ae9: checks
*** TURN *** [6s 5c 4d] [Ad]
c807dc37: bets $0.57
Hero: calls $0.57
dd888ae9: folds
*** RIVER *** [6s 5c 4d Ad] [2d]
c807dc37: bets $1.42
Hero: folds
Uncalled bet ($1.42) returned to c807dc37
*** SHOWDOWN ***
c807dc37 collected $1.8 from pot
*** SUMMARY ***
Total pot $1.89 | Rake $0.09 | Jackpot $0 | Bingo $0 | Fortune $0 | Tax $0
Board [6s 5c 4d Ad 2d]
Seat 1: Hero (big blind) folded on the River
Seat 2: dd888ae9 folded on the Turn
Seat 3: e95c0331 folded before Flop (didn't bet)
Seat 4: f42df6ef folded before Flop (didn't bet)
Seat 5: d232c441 (button) folded before Flop (didn't bet)
Seat 6: c807dc37 (small blind) won ($1.8)


Poker Hand #HD1852640118: Hold'em No Limit ($0.05/$0.1) - 2024/07/11 17:10:06
Table 'NLHRed90' 6-max Seat #4 is the button
Seat 1: Hero ($11.94 in chips)
Seat 2: dd888ae9 ($21.56 in chips)
Seat 3: e95c0331 ($8.55 in chips)
Seat 4: f42df6ef ($10.7 in chips)
Seat 5: d232c441 ($10 in chips)
Seat 6: c807dc37 ($11.1 in chips)
d232c441: posts small blind $0.05
c807dc37: posts big blind $0.1
*** HOLE CARDS ***
Dealt to Hero [5c 5d]
Dealt to dd888ae9 
Dealt to e95c0331 
Dealt to f42df6ef 
Dealt to d232c441 
Dealt to c807dc37 
Hero: raises $0.1 to $0.2
dd888ae9: folds
e95c0331: calls $0.2
f42df6ef: folds
d232c441: folds
c807dc37: folds
*** FLOP *** [3s Ah 8d]
Hero: checks
e95c0331: bets $0.3
Hero: folds
Uncalled bet ($0.3) returned to e95c0331
*** SHOWDOWN ***
e95c0331 collected $0.53 from pot
*** SUMMARY ***
Total pot $0.55 | Rake $0.02 | Jackpot $0 | Bingo $0 | Fortune $0 | Tax $0
Board [3s Ah 8d]
Seat 1: Hero folded on the Flop
Seat 2: dd888ae9 folded before Flop (didn't bet)
Seat 3: e95c0331 won ($0.53)
Seat 4: f42df6ef (button) folded before Flop (didn't bet)
Seat 5: d232c441 (small blind) folded before Flop
Seat 6: c807dc37 (big blind) folded before Flop


Poker Hand #HD1852639978: Hold'em No Limit ($0.05/$0.1) - 2024/07/11 17:08:59
Table 'NLHRed90' 6-max Seat #3 is the button
Seat 1: Hero ($12.44 in chips)
Seat 2: dd888ae9 ($21.56 in chips)
Seat 3: e95c0331 ($7.95 in chips)
Seat 4: f42df6ef ($10.75 in chips)
Seat 5: d232c441 ($10 in chips)
Seat 6: c807dc37 ($11.1 in chips)
f42df6ef: posts small blind $0.05
d232c441: posts big blind $0.1
*** HOLE CARDS ***
Dealt to Hero [6h 6s]
Dealt to dd888ae9 
Dealt to e95c0331 
Dealt to f42df6ef 
Dealt to d232c441 
Dealt to c807dc37 
c807dc37: folds
Hero: raises $0.1 to $0.2
dd888ae9: folds
e95c0331: raises $0.3 to $0.5
f42df6ef: folds
d232c441: folds
Hero: calls $0.3
*** FLOP *** [5c Jh 2d]
Hero: checks
e95c0331: checks
*** TURN *** [5c Jh 2d] [As]
Hero: checks
e95c0331: checks
*** RIVER *** [5c Jh 2d As] [9d]
Hero: checks
e95c0331: bets $0.61
Hero: folds
Uncalled bet ($0.61) returned to e95c0331
*** SHOWDOWN ***
e95c0331 collected $1.1 from pot
*** SUMMARY ***
Total pot $1.15 | Rake $0.05 | Jackpot $0 | Bingo $0 | Fortune $0 | Tax $0
Board [5c Jh 2d As 9d]
Seat 1: Hero folded on the River
Seat 2: dd888ae9 folded before Flop (didn't bet)
Seat 3: e95c0331 (button) won ($1.1)
Seat 4: f42df6ef (small blind) folded before Flop
Seat 5: d232c441 (big blind) folded before Flop
Seat 6: c807dc37 folded before Flop (didn't bet)


Poker Hand #HD1852639943: Hold'em No Limit ($0.05/$0.1) - 2024/07/11 17:08:40
Table 'NLHRed90' 6-max Seat #2 is the button
Seat 1: Hero ($12.29 in chips)
Seat 2: dd888ae9 ($21.56 in chips)
Seat 3: e95c0331 ($8 in chips)
Seat 4: f42df6ef ($10.85 in chips)
Seat 6: c807dc37 ($11.1 in chips)
e95c0331: posts small blind $0.05
f42df6ef: posts big blind $0.1
*** HOLE CARDS ***
Dealt to Hero [Jd Th]
Dealt to dd888ae9 
Dealt to e95c0331 
Dealt to f42df6ef 
Dealt to c807dc37 
c807dc37: folds
Hero: raises $0.14 to $0.24
dd888ae9: folds
e95c0331: folds
f42df6ef: folds
Uncalled bet ($0.14) returned to Hero
*** SHOWDOWN ***
Hero collected $0.25 from pot
*** SUMMARY ***
Total pot $0.25 | Rake $0 | Jackpot $0 | Bingo $0 | Fortune $0 | Tax $0
Seat 1: Hero collected ($0.25)
Seat 2: dd888ae9 (button) folded before Flop (didn't bet)
Seat 3: e95c0331 (small blind) folded before Flop
Seat 4: f42df6ef (big blind) folded before Flop
Seat 6: c807dc37 folded before Flop (didn't bet)


Poker Hand #HD1852639871: Hold'em No Limit ($0.05/$0.1) - 2024/07/11 17:08:07
Table 'NLHRed90' 6-max Seat #1 is the button
Seat 1: Hero ($12.29 in chips)
Seat 2: dd888ae9 ($22.18 in chips)
Seat 3: e95c0331 ($7.44 in chips)
Seat 4: f42df6ef ($10.85 in chips)
Seat 6: c807dc37 ($11.1 in chips)
dd888ae9: posts small blind $0.05
e95c0331: posts big blind $0.1
*** HOLE CARDS ***
Dealt to Hero [4c Js]
Dealt to dd888ae9 
Dealt to e95c0331 
Dealt to f42df6ef 
Dealt to c807dc37 
f42df6ef: folds
c807dc37: folds
Hero: folds
dd888ae9: raises $0.2 to $0.3
e95c0331: raises $0.32 to $0.62
dd888ae9: calls $0.32
*** FLOP *** [4s 7d 2c]
dd888ae9: checks
e95c0331: bets $0.66
dd888ae9: folds
Uncalled bet ($0.66) returned to e95c0331
*** SHOWDOWN ***
e95c0331 collected $1.18 from pot
*** SUMMARY ***
Total pot $1.24 | Rake $0.06 | Jackpot $0 | Bingo $0 | Fortune $0 | Tax $0
Board [4s 7d 2c]
Seat 1: Hero (button) folded before Flop (didn't bet)
Seat 2: dd888ae9 (small blind) folded on the Flop
Seat 3: e95c0331 (big blind) won ($1.18)
Seat 4: f42df6ef folded before Flop (didn't bet)
Seat 6: c807dc37 folded before Flop (didn't bet)


Poker Hand #HD1852639845: Hold'em No Limit ($0.05/$0.1) - 2024/07/11 17:07:56
Table 'NLHRed90' 6-max Seat #6 is the button
Seat 1: Hero ($12.34 in chips)
Seat 2: dd888ae9 ($22.13 in chips)
Seat 3: e95c0331 ($7.44 in chips)
Seat 4: f42df6ef ($10.85 in chips)
Seat 6: c807dc37 ($11.1 in chips)
Hero: posts small blind $0.05
dd888ae9: posts big blind $0.1
*** HOLE CARDS ***
Dealt to Hero [Qc 4h]
Dealt to dd888ae9 
Dealt to e95c0331 
Dealt to f42df6ef 
Dealt to c807dc37 
e95c0331: folds
f42df6ef: folds
c807dc37: folds
Hero: folds
Uncalled bet ($0.05) returned to dd888ae9
*** SHOWDOWN ***
dd888ae9 collected $0.1 from pot
*** SUMMARY ***
Total pot $0.1 | Rake $0 | Jackpot $0 | Bingo $0 | Fortune $0 | Tax $0
Seat 1: Hero (small blind) folded before Flop
Seat 2: dd888ae9 (big blind) collected ($0.1)
Seat 3: e95c0331 folded before Flop (didn't bet)
Seat 4: f42df6ef folded before Flop (didn't bet)
Seat 6: c807dc37 (button) folded before Flop (didn't bet)


Poker Hand #HD1852639814: Hold'em No Limit ($0.05/$0.1) - 2024/07/11 17:07:41
Table 'NLHRed90' 6-max Seat #4 is the button
Seat 1: Hero ($12.44 in chips)
Seat 2: dd888ae9 ($22.13 in chips)
Seat 3: e95c0331 ($7.44 in chips)
Seat 4: f42df6ef ($10.85 in chips)
Seat 6: c807dc37 ($11 in chips)
c807dc37: posts small blind $0.05
Hero: posts big blind $0.1
*** HOLE CARDS ***
Dealt to Hero [4s Ts]
Dealt to dd888ae9 
Dealt to e95c0331 
Dealt to f42df6ef 
Dealt to c807dc37 
dd888ae9: folds
e95c0331: folds
f42df6ef: folds
c807dc37: raises $0.2 to $0.3
Hero: folds
Uncalled bet ($0.2) returned to c807dc37
*** SHOWDOWN ***
c807dc37 collected $0.2 from pot
*** SUMMARY ***
Total pot $0.2 | Rake $0 | Jackpot $0 | Bingo $0 | Fortune $0 | Tax $0
Seat 1: Hero (big blind) folded before Flop
Seat 2: dd888ae9 folded before Flop (didn't bet)
Seat 3: e95c0331 folded before Flop (didn't bet)
Seat 4: f42df6ef (button) folded before Flop (didn't bet)
Seat 6: c807dc37 (small blind) collected ($0.2)


Poker Hand #HD1852639781: Hold'em No Limit ($0.05/$0.1) - 2024/07/11 17:07:26
Table 'NLHRed90' 6-max Seat #3 is the button
Seat 1: Hero ($12.44 in chips)
Seat 2: dd888ae9 ($22.13 in chips)
Seat 3: e95c0331 ($7.44 in chips)
Seat 4: f42df6ef ($10.75 in chips)
Seat 6: c807dc37 ($11.1 in chips)
f42df6ef: posts small blind $0.05
c807dc37: posts big blind $0.1
*** HOLE CARDS ***
Dealt to Hero [Kd 5c]
Dealt to dd888ae9 
Dealt to e95c0331 
Dealt to f42df6ef 
Dealt to c807dc37 
Hero: folds
dd888ae9: folds
e95c0331: folds
f42df6ef: raises $0.2 to $0.3
c807dc37: folds
Uncalled bet ($0.2) returned to f42df6ef
*** SHOWDOWN ***
f42df6ef collected $0.2 from pot
*** SUMMARY ***
Total pot $0.2 | Rake $0 | Jackpot $0 | Bingo $0 | Fortune $0 | Tax $0
Seat 1: Hero folded before Flop (didn't bet)
Seat 2: dd888ae9 folded before Flop (didn't bet)
Seat 3: e95c0331 (button) folded before Flop (didn't bet)
Seat 4: f42df6ef (small blind) collected ($0.2)
Seat 6: c807dc37 (big blind) folded before Flop


Poker Hand #HD1852639731: Hold'em No Limit ($0.05/$0.1) - 2024/07/11 17:07:05
Table 'NLHRed90' 6-max Seat #2 is the button
Seat 1: Hero ($12.44 in chips)
Seat 2: dd888ae9 ($22.13 in chips)
Seat 3: e95c0331 ($7.49 in chips)
Seat 4: f42df6ef ($10.85 in chips)
Seat 5: c6d505f1 ($12.63 in chips)
Seat 6: c807dc37 ($10.95 in chips)
e95c0331: posts small blind $0.05
f42df6ef: posts big blind $0.1
*** HOLE CARDS ***
Dealt to Hero [3d 6c]
Dealt to dd888ae9 
Dealt to e95c0331 
Dealt to f42df6ef 
Dealt to c6d505f1 
Dealt to c807dc37 
c6d505f1: folds
c807dc37: raises $0.2 to $0.3
Hero: folds
dd888ae9: folds
e95c0331: folds
f42df6ef: folds
Uncalled bet ($0.2) returned to c807dc37
*** SHOWDOWN ***
c807dc37 collected $0.25 from pot
*** SUMMARY ***
Total pot $0.25 | Rake $0 | Jackpot $0 | Bingo $0 | Fortune $0 | Tax $0
Seat 1: Hero folded before Flop (didn't bet)
Seat 2: dd888ae9 (button) folded before Flop (didn't bet)
Seat 3: e95c0331 (small blind) folded before Flop
Seat 4: f42df6ef (big blind) folded before Flop
Seat 5: c6d505f1 folded before Flop (didn't bet)
Seat 6: c807dc37 collected ($0.25)


Poker Hand #HD1852639619: Hold'em No Limit ($0.05/$0.1) - 2024/07/11 17:06:09
Table 'NLHRed90' 6-max Seat #1 is the button
Seat 1: Hero ($12.44 in chips)
Seat 2: dd888ae9 ($23.41 in chips)
Seat 3: e95c0331 ($6.33 in chips)
Seat 4: f42df6ef ($10.85 in chips)
Seat 5: c6d505f1 ($12.63 in chips)
Seat 6: c807dc37 ($10.95 in chips)
dd888ae9: posts small blind $0.05
e95c0331: posts big blind $0.1
*** HOLE CARDS ***
Dealt to Hero [Ad 3s]
Dealt to dd888ae9 
Dealt to e95c0331 
Dealt to f42df6ef 
Dealt to c6d505f1 
Dealt to c807dc37 
f42df6ef: folds
c6d505f1: folds
c807dc37: folds
Hero: folds
dd888ae9: raises $0.2 to $0.3
e95c0331: raises $0.32 to $0.62
dd888ae9: calls $0.32
*** FLOP *** [4c Ts Kd]
dd888ae9: checks
e95c0331: bets $0.66
dd888ae9: calls $0.66
*** TURN *** [4c Ts Kd] [Jd]
dd888ae9: checks
e95c0331: checks
*** RIVER *** [4c Ts Kd Jd] [2s]
dd888ae9: checks
e95c0331: bets $1.92
dd888ae9: folds
Uncalled bet ($1.92) returned to e95c0331
*** SHOWDOWN ***
e95c0331 collected $2.44 from pot
*** SUMMARY ***
Total pot $2.56 | Rake $0.12 | Jackpot $0 | Bingo $0 | Fortune $0 | Tax $0
Board [4c Ts Kd Jd 2s]
Seat 1: Hero (button) folded before Flop (didn't bet)
Seat 2: dd888ae9 (small blind) folded on the River
Seat 3: e95c0331 (big blind) won ($2.44)
Seat 4: f42df6ef folded before Flop (didn't bet)
Seat 5: c6d505f1 folded before Flop (didn't bet)
Seat 6: c807dc37 folded before Flop (didn't bet)


Poker Hand #HD1852639531: Hold'em No Limit ($0.05/$0.1) - 2024/07/11 17:05:31
Table 'NLHRed90' 6-max Seat #6 is the button
Seat 1: Hero ($12.49 in chips)
Seat 2: dd888ae9 ($23.51 in chips)
Seat 3: e95c0331 ($6.33 in chips)
Seat 4: f42df6ef ($11.1 in chips)
Seat 5: c6d505f1 ($12.26 in chips)
Seat 6: c807dc37 ($10.95 in chips)
Hero: posts small blind $0.05
dd888ae9: posts big blind $0.1
*** HOLE CARDS ***
Dealt to Hero [Jd Tc]
Dealt to dd888ae9 
Dealt to e95c0331 
Dealt to f42df6ef 
Dealt to c6d505f1 
Dealt to c807dc37 
e95c0331: folds
f42df6ef: raises $0.15 to $0.25
c6d505f1: raises $0.49 to $0.74
c807dc37: folds
Hero: folds
dd888ae9: folds
f42df6ef: folds
Uncalled bet ($0.49) returned to c6d505f1
*** SHOWDOWN ***
c6d505f1 collected $0.62 from pot
*** SUMMARY ***
Total pot $0.65 | Rake $0.03 | Jackpot $0 | Bingo $0 | Fortune $0 | Tax $0
Seat 1: Hero (small blind) folded before Flop
Seat 2: dd888ae9 (big blind) folded before Flop
Seat 3: e95c0331 folded before Flop (didn't bet)
Seat 4: f42df6ef folded before Flop
Seat 5: c6d505f1 collected ($0.62)
Seat 6: c807dc37 (button) folded before Flop (didn't bet)


Poker Hand #HD1852639347: Hold'em No Limit ($0.05/$0.1) - 2024/07/11 17:04:21
Table 'NLHRed90' 6-max Seat #5 is the button
Seat 1: Hero ($12.59 in chips)
Seat 2: dd888ae9 ($23.51 in chips)
Seat 3: e95c0331 ($5 in chips)
Seat 4: f42df6ef ($11.1 in chips)
Seat 5: c6d505f1 ($13.58 in chips)
Seat 6: c807dc37 ($11 in chips)
c807dc37: posts small blind $0.05
Hero: posts big blind $0.1
e95c0331: posts big blind $0.1
*** HOLE CARDS ***
Dealt to Hero [Qs 4d]
Dealt to dd888ae9 
Dealt to e95c0331 
Dealt to f42df6ef 
Dealt to c6d505f1 
Dealt to c807dc37 
dd888ae9: folds
e95c0331: raises $0.1 to $0.2
f42df6ef: folds
c6d505f1: raises $0.4 to $0.6
c807dc37: folds
Hero: folds
e95c0331: calls $0.4
*** FLOP *** [2h 7c 5s]
e95c0331: bets $0.72
c6d505f1: calls $0.72
*** TURN *** [2h 7c 5s] [6s]
e95c0331: checks
c6d505f1: checks
*** RIVER *** [2h 7c 5s 6s] [Js]
e95c0331: checks
c6d505f1: checks
e95c0331: shows [Jd 9h] (Pair of Jacks)
c6d505f1: shows [Qd 6d] (Pair of Sixes)
*** SHOWDOWN ***
e95c0331 collected $2.65 from pot
*** SUMMARY ***
Total pot $2.79 | Rake $0.14 | Jackpot $0 | Bingo $0 | Fortune $0 | Tax $0
Board [2h 7c 5s 6s Js]
Seat 1: Hero (big blind) folded before Flop
Seat 2: dd888ae9 folded before Flop (didn't bet)
Seat 3: e95c0331 showed [Jd 9h] and won ($2.65) with Pair of Jacks
Seat 4: f42df6ef folded before Flop (didn't bet)
Seat 5: c6d505f1 (button) showed [Qd 6d] and lost with Pair of Sixes
Seat 6: c807dc37 (small blind) folded before Flop


Poker Hand #HD1852639296: Hold'em No Limit ($0.05/$0.1) - 2024/07/11 17:03:53
Table 'NLHRed90' 6-max Seat #4 is the button
Seat 1: Hero ($12.59 in chips)
Seat 2: dd888ae9 ($23.51 in chips)
Seat 4: f42df6ef ($11.1 in chips)
Seat 5: c6d505f1 ($13.63 in chips)
Seat 6: c807dc37 ($10.95 in chips)
c6d505f1: posts small blind $0.05
c807dc37: posts big blind $0.1
*** HOLE CARDS ***
Dealt to Hero [2d 4c]
Dealt to dd888ae9 
Dealt to f42df6ef 
Dealt to c6d505f1 
Dealt to c807dc37 
Hero: folds
dd888ae9: folds
f42df6ef: folds
c6d505f1: folds
Uncalled bet ($0.05) returned to c807dc37
*** SHOWDOWN ***
c807dc37 collected $0.1 from pot
*** SUMMARY ***
Total pot $0.1 | Rake $0 | Jackpot $0 | Bingo $0 | Fortune $0 | Tax $0
Seat 1: Hero folded before Flop (didn't bet)
Seat 2: dd888ae9 folded before Flop (didn't bet)
Seat 4: f42df6ef (button) folded before Flop (didn't bet)
Seat 5: c6d505f1 (small blind) folded before Flop
Seat 6: c807dc37 (big blind) collected ($0.1)


Poker Hand #HD1852639242: Hold'em No Limit ($0.05/$0.1) - 2024/07/11 17:03:28
Table 'NLHRed90' 6-max Seat #2 is the button
Seat 1: Hero ($12.44 in chips)
Seat 2: dd888ae9 ($23.51 in chips)
Seat 4: f42df6ef ($11.15 in chips)
Seat 5: c6d505f1 ($13.73 in chips)
Seat 6: c807dc37 ($10.95 in chips)
f42df6ef: posts small blind $0.05
c6d505f1: posts big blind $0.1
*** HOLE CARDS ***
Dealt to Hero [Tc Ad]
Dealt to dd888ae9 
Dealt to f42df6ef 
Dealt to c6d505f1 
Dealt to c807dc37 
c807dc37: folds
Hero: raises $0.14 to $0.24
dd888ae9: folds
f42df6ef: folds
c6d505f1: folds
Uncalled bet ($0.14) returned to Hero
*** SHOWDOWN ***
Hero collected $0.25 from pot
*** SUMMARY ***
Total pot $0.25 | Rake $0 | Jackpot $0 | Bingo $0 | Fortune $0 | Tax $0
Seat 1: Hero collected ($0.25)
Seat 2: dd888ae9 (button) folded before Flop (didn't bet)
Seat 4: f42df6ef (small blind) folded before Flop
Seat 5: c6d505f1 (big blind) folded before Flop
Seat 6: c807dc37 folded before Flop (didn't bet)


Poker Hand #HD1852639203: Hold'em No Limit ($0.05/$0.1) - 2024/07/11 17:03:10
Table 'NLHRed90' 6-max Seat #1 is the button
Seat 1: Hero ($12.44 in chips)
Seat 2: dd888ae9 ($23.56 in chips)
Seat 4: f42df6ef ($11.1 in chips)
Seat 5: c6d505f1 ($13.73 in chips)
Seat 6: c807dc37 ($10.95 in chips)
dd888ae9: posts small blind $0.05
f42df6ef: posts big blind $0.1
*** HOLE CARDS ***
Dealt to Hero [2d 6d]
Dealt to dd888ae9 
Dealt to f42df6ef 
Dealt to c6d505f1 
Dealt to c807dc37 
c6d505f1: folds
c807dc37: folds
Hero: folds
dd888ae9: folds
Uncalled bet ($0.05) returned to f42df6ef
*** SHOWDOWN ***
f42df6ef collected $0.1 from pot
*** SUMMARY ***
Total pot $0.1 | Rake $0 | Jackpot $0 | Bingo $0 | Fortune $0 | Tax $0
Seat 1: Hero (button) folded before Flop (didn't bet)
Seat 2: dd888ae9 (small blind) folded before Flop
Seat 4: f42df6ef (big blind) collected ($0.1)
Seat 5: c6d505f1 folded before Flop (didn't bet)
Seat 6: c807dc37 folded before Flop (didn't bet)


Poker Hand #HD1852639143: Hold'em No Limit ($0.05/$0.1) - 2024/07/11 17:02:42
Table 'NLHRed90' 6-max Seat #6 is the button
Seat 1: Hero ($12.49 in chips)
Seat 2: dd888ae9 ($23.66 in chips)
Seat 3: 2c9ec1e5 ($12.17 in chips)
Seat 4: f42df6ef ($11.35 in chips)
Seat 5: c6d505f1 ($13.36 in chips)
Seat 6: c807dc37 ($10.95 in chips)
Hero: posts small blind $0.05
dd888ae9: posts big blind $0.1
*** HOLE CARDS ***
Dealt to Hero [5c 8h]
Dealt to dd888ae9 
Dealt to 2c9ec1e5 
Dealt to f42df6ef 
Dealt to c6d505f1 
Dealt to c807dc37 
2c9ec1e5: folds
f42df6ef: raises $0.15 to $0.25
c6d505f1: raises $0.49 to $0.74
c807dc37: folds
Hero: folds
dd888ae9: folds
f42df6ef: folds
Uncalled bet ($0.49) returned to c6d505f1
*** SHOWDOWN ***
c6d505f1 collected $0.62 from pot
*** SUMMARY ***
Total pot $0.65 | Rake $0.03 | Jackpot $0 | Bingo $0 | Fortune $0 | Tax $0
Seat 1: Hero (small blind) folded before Flop
Seat 2: dd888ae9 (big blind) folded before Flop
Seat 3: 2c9ec1e5 folded before Flop (didn't bet)
Seat 4: f42df6ef folded before Flop
Seat 5: c6d505f1 collected ($0.62)
Seat 6: c807dc37 (button) folded before Flop (didn't bet)


Poker Hand #HD1852639072: Hold'em No Limit ($0.05/$0.1) - 2024/07/11 17:02:16
Table 'NLHRed90' 6-max Seat #5 is the button
Seat 1: Hero ($12.44 in chips)
Seat 2: dd888ae9 ($23.66 in chips)
Seat 4: f42df6ef ($11.35 in chips)
Seat 5: c6d505f1 ($13.36 in chips)
Seat 6: c807dc37 ($11 in chips)
c807dc37: posts small blind $0.05
Hero: posts big blind $0.1
*** HOLE CARDS ***
Dealt to Hero [4c 8h]
Dealt to dd888ae9 
Dealt to f42df6ef 
Dealt to c6d505f1 
Dealt to c807dc37 
dd888ae9: folds
f42df6ef: folds
c6d505f1: folds
c807dc37: folds
Uncalled bet ($0.05) returned to Hero
*** SHOWDOWN ***
Hero collected $0.1 from pot
*** SUMMARY ***
Total pot $0.1 | Rake $0 | Jackpot $0 | Bingo $0 | Fortune $0 | Tax $0
Seat 1: Hero (big blind) collected ($0.1)
Seat 2: dd888ae9 folded before Flop (didn't bet)
Seat 4: f42df6ef folded before Flop (didn't bet)
Seat 5: c6d505f1 (button) folded before Flop (didn't bet)
Seat 6: c807dc37 (small blind) folded before Flop


Poker Hand #HD1852638914: Hold'em No Limit ($0.05/$0.1) - 2024/07/11 17:01:09
Table 'NLHRed90' 6-max Seat #4 is the button
Seat 1: Hero ($12.44 in chips)
Seat 2: dd888ae9 ($23.66 in chips)
Seat 3: 2c9ec1e5 ($12.17 in chips)
Seat 4: f42df6ef ($10.1 in chips)
Seat 5: c6d505f1 ($13.41 in chips)
Seat 6: c807dc37 ($12.33 in chips)
c6d505f1: posts small blind $0.05
c807dc37: posts big blind $0.1
*** HOLE CARDS ***
Dealt to Hero [4c Js]
Dealt to dd888ae9 
Dealt to 2c9ec1e5 
Dealt to f42df6ef 
Dealt to c6d505f1 
Dealt to c807dc37 
Hero: folds
dd888ae9: folds
2c9ec1e5: folds
f42df6ef: raises $0.15 to $0.25
c6d505f1: folds
c807dc37: calls $0.15
*** FLOP *** [5h Tc 5c]
c807dc37: checks
f42df6ef: bets $0.3
c807dc37: calls $0.3
*** TURN *** [5h Tc 5c] [9h]
c807dc37: checks
f42df6ef: checks
*** RIVER *** [5h Tc 5c 9h] [2d]
c807dc37: checks
f42df6ef: bets $0.78
c807dc37: calls $0.78
f42df6ef: shows [Ts Jc] (Pair of Tens and Pair of Fives)
c807dc37: shows [Ad 9d] (Pair of Nines and Pair of Fives)
*** SHOWDOWN ***
f42df6ef collected $2.58 from pot
*** SUMMARY ***
Total pot $2.71 | Rake $0.13 | Jackpot $0 | Bingo $0 | Fortune $0 | Tax $0
Board [5h Tc 5c 9h 2d]
Seat 1: Hero folded before Flop (didn't bet)
Seat 2: dd888ae9 folded before Flop (didn't bet)
Seat 3: 2c9ec1e5 folded before Flop (didn't bet)
Seat 4: f42df6ef (button) showed [Ts Jc] and won ($2.58) with Pair of Tens and Pair of Fives
Seat 5: c6d505f1 (small blind) folded before Flop
Seat 6: c807dc37 (big blind) showed [Ad 9d] and lost with Pair of Nines and Pair of Fives


Poker Hand #HD1852638862: Hold'em No Limit ($0.05/$0.1) - 2024/07/11 17:00:47
Table 'NLHRed90' 6-max Seat #3 is the button
Seat 1: Hero ($12.44 in chips)
Seat 2: dd888ae9 ($23.66 in chips)
Seat 3: 2c9ec1e5 ($12.17 in chips)
Seat 4: f42df6ef ($10 in chips)
Seat 5: c6d505f1 ($13.51 in chips)
Seat 6: c807dc37 ($12.33 in chips)
f42df6ef: posts small blind $0.05
c6d505f1: posts big blind $0.1
*** HOLE CARDS ***
Dealt to Hero [7h 5d]
Dealt to dd888ae9 
Dealt to 2c9ec1e5 
Dealt to f42df6ef 
Dealt to c6d505f1 
Dealt to c807dc37 
c807dc37: folds
Hero: folds
dd888ae9: folds
2c9ec1e5: folds
f42df6ef: raises $0.2 to $0.3
c6d505f1: folds
Uncalled bet ($0.2) returned to f42df6ef
*** SHOWDOWN ***
f42df6ef collected $0.2 from pot
*** SUMMARY ***
Total pot $0.2 | Rake $0 | Jackpot $0 | Bingo $0 | Fortune $0 | Tax $0
Seat 1: Hero folded before Flop (didn't bet)
Seat 2: dd888ae9 folded before Flop (didn't bet)
Seat 3: 2c9ec1e5 (button) folded before Flop (didn't bet)
Seat 4: f42df6ef (small blind) collected ($0.2)
Seat 5: c6d505f1 (big blind) folded before Flop
Seat 6: c807dc37 folded before Flop (didn't bet)


Poker Hand #HD1852638719: Hold'em No Limit ($0.05/$0.1) - 2024/07/11 16:59:42
Table 'NLHRed90' 6-max Seat #2 is the button
Seat 1: Hero ($12.17 in chips)
Seat 2: dd888ae9 ($23.66 in chips)
Seat 3: 2c9ec1e5 ($12.22 in chips)
Seat 4: f42df6ef ($10 in chips)
Seat 5: c6d505f1 ($13.51 in chips)
Seat 6: c807dc37 ($12.33 in chips)
2c9ec1e5: posts small blind $0.05
f42df6ef: posts big blind $0.1
*** HOLE CARDS ***
Dealt to Hero [Qc Tc]
Dealt to dd888ae9 
Dealt to 2c9ec1e5 
Dealt to f42df6ef 
Dealt to c6d505f1 
Dealt to c807dc37 
c6d505f1: folds
c807dc37: folds
Hero: raises $0.14 to $0.24
dd888ae9: folds
2c9ec1e5: folds
f42df6ef: calls $0.14
*** FLOP *** [Th 5h Jc]
f42df6ef: checks
Hero: checks
*** TURN *** [Th 5h Jc] [5s]
f42df6ef: checks
Hero: bets $0.3
f42df6ef: folds
Uncalled bet ($0.3) returned to Hero
*** SHOWDOWN ***
Hero collected $0.51 from pot
*** SUMMARY ***
Total pot $0.53 | Rake $0.02 | Jackpot $0 | Bingo $0 | Fortune $0 | Tax $0
Board [Th 5h Jc 5s]
Seat 1: Hero won ($0.51)
Seat 2: dd888ae9 (button) folded before Flop (didn't bet)
Seat 3: 2c9ec1e5 (small blind) folded before Flop
Seat 4: f42df6ef (big blind) folded on the Turn
Seat 5: c6d505f1 folded before Flop (didn't bet)
Seat 6: c807dc37 folded before Flop (didn't bet)


Poker Hand #HD1852638690: Hold'em No Limit ($0.05/$0.1) - 2024/07/11 16:59:30
Table 'NLHRed90' 6-max Seat #1 is the button
Seat 1: Hero ($12.17 in chips)
Seat 2: dd888ae9 ($23.71 in chips)
Seat 3: 2c9ec1e5 ($12.17 in chips)
Seat 4: f42df6ef ($10 in chips)
Seat 5: c6d505f1 ($13.51 in chips)
Seat 6: c807dc37 ($12.33 in chips)
dd888ae9: posts small blind $0.05
2c9ec1e5: posts big blind $0.1
*** HOLE CARDS ***
Dealt to Hero [5h Jd]
Dealt to dd888ae9 
Dealt to 2c9ec1e5 
Dealt to f42df6ef 
Dealt to c6d505f1 
Dealt to c807dc37 
f42df6ef: folds
c6d505f1: folds
c807dc37: folds
Hero: folds
dd888ae9: folds
Uncalled bet ($0.05) returned to 2c9ec1e5
*** SHOWDOWN ***
2c9ec1e5 collected $0.1 from pot
*** SUMMARY ***
Total pot $0.1 | Rake $0 | Jackpot $0 | Bingo $0 | Fortune $0 | Tax $0
Seat 1: Hero (button) folded before Flop (didn't bet)
Seat 2: dd888ae9 (small blind) folded before Flop
Seat 3: 2c9ec1e5 (big blind) collected ($0.1)
Seat 4: f42df6ef folded before Flop (didn't bet)
Seat 5: c6d505f1 folded before Flop (didn't bet)
Seat 6: c807dc37 folded before Flop (didn't bet)


Poker Hand #HD1852638642: Hold'em No Limit ($0.05/$0.1) - 2024/07/11 16:59:08
Table 'NLHRed90' 6-max Seat #6 is the button
Seat 1: Hero ($12.22 in chips)
Seat 2: dd888ae9 ($23.81 in chips)
Seat 3: 2c9ec1e5 ($12.17 in chips)
Seat 4: f42df6ef ($10 in chips)
Seat 5: c6d505f1 ($13.36 in chips)
Seat 6: c807dc37 ($12.33 in chips)
Hero: posts small blind $0.05
dd888ae9: posts big blind $0.1
*** HOLE CARDS ***
Dealt to Hero [3s 6d]
Dealt to dd888ae9 
Dealt to 2c9ec1e5 
Dealt to f42df6ef 
Dealt to c6d505f1 
Dealt to c807dc37 
2c9ec1e5: folds
f42df6ef: folds
c6d505f1: raises $0.15 to $0.25
c807dc37: folds
Hero: folds
dd888ae9: folds
Uncalled bet ($0.15) returned to c6d505f1
*** SHOWDOWN ***
c6d505f1 collected $0.25 from pot
*** SUMMARY ***
Total pot $0.25 | Rake $0 | Jackpot $0 | Bingo $0 | Fortune $0 | Tax $0
Seat 1: Hero (small blind) folded before Flop
Seat 2: dd888ae9 (big blind) folded before Flop
Seat 3: 2c9ec1e5 folded before Flop (didn't bet)
Seat 4: f42df6ef folded before Flop (didn't bet)
Seat 5: c6d505f1 collected ($0.25)
Seat 6: c807dc37 (button) folded before Flop (didn't bet)


Poker Hand #HD1852638592: Hold'em No Limit ($0.05/$0.1) - 2024/07/11 16:58:45
Table 'NLHRed90' 6-max Seat #5 is the button
Seat 1: Hero ($12.32 in chips)
Seat 2: dd888ae9 ($23.81 in chips)
Seat 3: 2c9ec1e5 ($12.17 in chips)
Seat 4: f42df6ef ($10 in chips)
Seat 5: c6d505f1 ($12.99 in chips)
Seat 6: c807dc37 ($12.38 in chips)
c807dc37: posts small blind $0.05
Hero: posts big blind $0.1
*** HOLE CARDS ***
Dealt to Hero [6d 6s]
Dealt to dd888ae9 
Dealt to 2c9ec1e5 
Dealt to f42df6ef 
Dealt to c6d505f1 
Dealt to c807dc37 
dd888ae9: folds
2c9ec1e5: folds
f42df6ef: raises $0.15 to $0.25
c6d505f1: raises $0.6 to $0.85
c807dc37: folds
Hero: folds
f42df6ef: folds
Uncalled bet ($0.6) returned to c6d505f1
*** SHOWDOWN ***
c6d505f1 collected $0.62 from pot
*** SUMMARY ***
Total pot $0.65 | Rake $0.03 | Jackpot $0 | Bingo $0 | Fortune $0 | Tax $0
Seat 1: Hero (big blind) folded before Flop
Seat 2: dd888ae9 folded before Flop (didn't bet)
Seat 3: 2c9ec1e5 folded before Flop (didn't bet)
Seat 4: f42df6ef folded before Flop
Seat 5: c6d505f1 (button) collected ($0.62)
Seat 6: c807dc37 (small blind) folded before Flop


Poker Hand #HD1852638559: Hold'em No Limit ($0.05/$0.1) - 2024/07/11 16:58:28
Table 'NLHRed90' 6-max Seat #4 is the button
Seat 1: Hero ($12.32 in chips)
Seat 2: dd888ae9 ($23.81 in chips)
Seat 3: 2c9ec1e5 ($12.02 in chips)
Seat 4: f42df6ef ($10 in chips)
Seat 5: c6d505f1 ($13.04 in chips)
Seat 6: c807dc37 ($12.48 in chips)
c6d505f1: posts small blind $0.05
c807dc37: posts big blind $0.1
*** HOLE CARDS ***
Dealt to Hero [4d Kd]
Dealt to dd888ae9 
Dealt to 2c9ec1e5 
Dealt to f42df6ef 
Dealt to c6d505f1 
Dealt to c807dc37 
Hero: folds
dd888ae9: folds
2c9ec1e5: raises $0.15 to $0.25
f42df6ef: folds
c6d505f1: folds
c807dc37: folds
Uncalled bet ($0.15) returned to 2c9ec1e5
*** SHOWDOWN ***
2c9ec1e5 collected $0.25 from pot
*** SUMMARY ***
Total pot $0.25 | Rake $0 | Jackpot $0 | Bingo $0 | Fortune $0 | Tax $0
Seat 1: Hero folded before Flop (didn't bet)
Seat 2: dd888ae9 folded before Flop (didn't bet)
Seat 3: 2c9ec1e5 collected ($0.25)
Seat 4: f42df6ef (button) folded before Flop (didn't bet)
Seat 5: c6d505f1 (small blind) folded before Flop
Seat 6: c807dc37 (big blind) folded before Flop


Poker Hand #HD1852638431: Hold'em No Limit ($0.05/$0.1) - 2024/07/11 16:57:30
Table 'NLHRed90' 6-max Seat #3 is the button
Seat 1: Hero ($12.32 in chips)
Seat 2: dd888ae9 ($23.81 in chips)
Seat 3: 2c9ec1e5 ($12.32 in chips)
Seat 4: f42df6ef ($10 in chips)
Seat 5: c6d505f1 ($12.72 in chips)
Seat 6: c807dc37 ($12.48 in chips)
f42df6ef: posts small blind $0.05
c6d505f1: posts big blind $0.1
*** HOLE CARDS ***
Dealt to Hero [7d 6h]
Dealt to dd888ae9 
Dealt to 2c9ec1e5 
Dealt to f42df6ef 
Dealt to c6d505f1 
Dealt to c807dc37 
c807dc37: folds
Hero: folds
dd888ae9: folds
2c9ec1e5: raises $0.2 to $0.3
f42df6ef: folds
c6d505f1: calls $0.2
*** FLOP *** [8d Kc Qd]
c6d505f1: checks
2c9ec1e5: checks
*** TURN *** [8d Kc Qd] [5c]
c6d505f1: bets $0.95
2c9ec1e5: folds
Uncalled bet ($0.95) returned to c6d505f1
*** SHOWDOWN ***
c6d505f1 collected $0.62 from pot
*** SUMMARY ***
Total pot $0.65 | Rake $0.03 | Jackpot $0 | Bingo $0 | Fortune $0 | Tax $0
Board [8d Kc Qd 5c]
Seat 1: Hero folded before Flop (didn't bet)
Seat 2: dd888ae9 folded before Flop (didn't bet)
Seat 3: 2c9ec1e5 (button) folded on the Turn
Seat 4: f42df6ef (small blind) folded before Flop
Seat 5: c6d505f1 (big blind) won ($0.62)
Seat 6: c807dc37 folded before Flop (didn't bet)


Poker Hand #HD1852638356: Hold'em No Limit ($0.05/$0.1) - 2024/07/11 16:57:00
Table 'NLHRed90' 6-max Seat #2 is the button
Seat 1: Hero ($12.32 in chips)
Seat 2: dd888ae9 ($23.81 in chips)
Seat 3: 2c9ec1e5 ($12.22 in chips)
Seat 4: f42df6ef ($10 in chips)
Seat 5: c6d505f1 ($12.72 in chips)
Seat 6: c807dc37 ($12.48 in chips)
2c9ec1e5: posts small blind $0.05
f42df6ef: posts big blind $0.1
*** HOLE CARDS ***
Dealt to Hero [4h Td]
Dealt to dd888ae9 
Dealt to 2c9ec1e5 
Dealt to f42df6ef 
Dealt to c6d505f1 
Dealt to c807dc37 
c6d505f1: folds
c807dc37: folds
Hero: folds
dd888ae9: folds
2c9ec1e5: raises $0.2 to $0.3
f42df6ef: folds
Uncalled bet ($0.2) returned to 2c9ec1e5
*** SHOWDOWN ***
2c9ec1e5 collected $0.2 from pot
*** SUMMARY ***
Total pot $0.2 | Rake $0 | Jackpot $0 | Bingo $0 | Fortune $0 | Tax $0
Seat 1: Hero folded before Flop (didn't bet)
Seat 2: dd888ae9 (button) folded before Flop (didn't bet)
Seat 3: 2c9ec1e5 (small blind) collected ($0.2)
Seat 4: f42df6ef (big blind) folded before Flop
Seat 5: c6d505f1 folded before Flop (didn't bet)
Seat 6: c807dc37 folded before Flop (didn't bet)


Poker Hand #HD1852638107: Hold'em No Limit ($0.05/$0.1) - 2024/07/11 16:55:12
Table 'NLHRed90' 6-max Seat #1 is the button
Seat 1: Hero ($12.32 in chips)
Seat 2: dd888ae9 ($23.86 in chips)
Seat 3: 2c9ec1e5 ($12.47 in chips)
Seat 4: f42df6ef ($10 in chips)
Seat 5: c6d505f1 ($12.72 in chips)
Seat 6: c807dc37 ($10.62 in chips)
dd888ae9: posts small blind $0.05
2c9ec1e5: posts big blind $0.1
*** HOLE CARDS ***
Dealt to Hero [4d Qc]
Dealt to dd888ae9 
Dealt to 2c9ec1e5 
Dealt to f42df6ef 
Dealt to c6d505f1 
Dealt to c807dc37 
f42df6ef: raises $0.15 to $0.25
c6d505f1: folds
c807dc37: calls $0.25
Hero: folds
dd888ae9: folds
2c9ec1e5: calls $0.15
*** FLOP *** [9d 3d 7c]
2c9ec1e5: checks
f42df6ef: checks
c807dc37: bets $0.4
2c9ec1e5: folds
f42df6ef: calls $0.4
*** TURN *** [9d 3d 7c] [4c]
f42df6ef: checks
c807dc37: bets $1.2
f42df6ef: calls $1.2
*** RIVER *** [9d 3d 7c 4c] [4s]
f42df6ef: checks
c807dc37: bets $3
f42df6ef: folds
Uncalled bet ($3) returned to c807dc37
*** SHOWDOWN ***
c807dc37 collected $3.71 from pot
*** SUMMARY ***
Total pot $4 | Rake $0.19 | Jackpot $0.1 | Bingo $0 | Fortune $0 | Tax $0
Board [9d 3d 7c 4c 4s]
Seat 1: Hero (button) folded before Flop (didn't bet)
Seat 2: dd888ae9 (small blind) folded before Flop
Seat 3: 2c9ec1e5 (big blind) folded on the Flop
Seat 4: f42df6ef folded on the River
Seat 5: c6d505f1 folded before Flop (didn't bet)
Seat 6: c807dc37 won ($3.71)


Poker Hand #HD1852637993: Hold'em No Limit ($0.05/$0.1) - 2024/07/11 16:54:19
Table 'NLHRed90' 6-max Seat #6 is the button
Seat 1: Hero ($12.37 in chips)
Seat 2: dd888ae9 ($23.96 in chips)
Seat 3: 2c9ec1e5 ($12.47 in chips)
Seat 4: f42df6ef ($10 in chips)
Seat 5: c6d505f1 ($12.35 in chips)
Seat 6: c807dc37 ($10.62 in chips)
Hero: posts small blind $0.05
dd888ae9: posts big blind $0.1
*** HOLE CARDS ***
Dealt to Hero [7c Kd]
Dealt to dd888ae9 
Dealt to 2c9ec1e5 
Dealt to f42df6ef 
Dealt to c6d505f1 
Dealt to c807dc37 
2c9ec1e5: folds
f42df6ef: raises $0.15 to $0.25
c6d505f1: raises $0.49 to $0.74
c807dc37: folds
Hero: folds
dd888ae9: folds
f42df6ef: folds
Uncalled bet ($0.49) returned to c6d505f1
*** SHOWDOWN ***
c6d505f1 collected $0.62 from pot
*** SUMMARY ***
Total pot $0.65 | Rake $0.03 | Jackpot $0 | Bingo $0 | Fortune $0 | Tax $0
Seat 1: Hero (small blind) folded before Flop
Seat 2: dd888ae9 (big blind) folded before Flop
Seat 3: 2c9ec1e5 folded before Flop (didn't bet)
Seat 4: f42df6ef folded before Flop
Seat 5: c6d505f1 collected ($0.62)
Seat 6: c807dc37 (button) folded before Flop (didn't bet)


Poker Hand #HD1852637916: Hold'em No Limit ($0.05/$0.1) - 2024/07/11 16:53:47
Table 'NLHRed90' 6-max Seat #5 is the button
Seat 1: Hero ($12.47 in chips)
Seat 2: dd888ae9 ($23.96 in chips)
Seat 3: 2c9ec1e5 ($12.47 in chips)
Seat 4: f42df6ef ($10 in chips)
Seat 5: c6d505f1 ($12.35 in chips)
Seat 6: c807dc37 ($10.52 in chips)
c807dc37: posts small blind $0.05
Hero: posts big blind $0.1
*** HOLE CARDS ***
Dealt to Hero [8c Jd]
Dealt to dd888ae9 
Dealt to 2c9ec1e5 
Dealt to f42df6ef 
Dealt to c6d505f1 
Dealt to c807dc37 
dd888ae9: folds
2c9ec1e5: folds
f42df6ef: folds
c6d505f1: folds
c807dc37: raises $0.2 to $0.3
Hero: folds
Uncalled bet ($0.2) returned to c807dc37
*** SHOWDOWN ***
c807dc37 collected $0.2 from pot
*** SUMMARY ***
Total pot $0.2 | Rake $0 | Jackpot $0 | Bingo $0 | Fortune $0 | Tax $0
Seat 1: Hero (big blind) folded before Flop
Seat 2: dd888ae9 folded before Flop (didn't bet)
Seat 3: 2c9ec1e5 folded before Flop (didn't bet)
Seat 4: f42df6ef folded before Flop (didn't bet)
Seat 5: c6d505f1 (button) folded before Flop (didn't bet)
Seat 6: c807dc37 (small blind) collected ($0.2)


Poker Hand #HD1852637846: Hold'em No Limit ($0.05/$0.1) - 2024/07/11 16:53:15
Table 'NLHRed90' 6-max Seat #4 is the button
Seat 1: Hero ($12.47 in chips)
Seat 2: dd888ae9 ($23.96 in chips)
Seat 3: 2c9ec1e5 ($12.47 in chips)
Seat 4: f42df6ef ($10 in chips)
Seat 5: c6d505f1 ($12.4 in chips)
Seat 6: c807dc37 ($10.47 in chips)
c6d505f1: posts small blind $0.05
c807dc37: posts big blind $0.1
*** HOLE CARDS ***
Dealt to Hero [8s Kh]
Dealt to dd888ae9 
Dealt to 2c9ec1e5 
Dealt to f42df6ef 
Dealt to c6d505f1 
Dealt to c807dc37 
Hero: folds
dd888ae9: folds
2c9ec1e5: folds
f42df6ef: folds
c6d505f1: folds
Uncalled bet ($0.05) returned to c807dc37
*** SHOWDOWN ***
c807dc37 collected $0.1 from pot
*** SUMMARY ***
Total pot $0.1 | Rake $0 | Jackpot $0 | Bingo $0 | Fortune $0 | Tax $0
Seat 1: Hero folded before Flop (didn't bet)
Seat 2: dd888ae9 folded before Flop (didn't bet)
Seat 3: 2c9ec1e5 folded before Flop (didn't bet)
Seat 4: f42df6ef (button) folded before Flop (didn't bet)
Seat 5: c6d505f1 (small blind) folded before Flop
Seat 6: c807dc37 (big blind) collected ($0.1)


Poker Hand #HD1852637796: Hold'em No Limit ($0.05/$0.1) - 2024/07/11 16:52:54
Table 'NLHRed90' 6-max Seat #3 is the button
Seat 1: Hero ($12.47 in chips)
Seat 2: dd888ae9 ($23.96 in chips)
Seat 3: 2c9ec1e5 ($12.32 in chips)
Seat 4: f42df6ef ($10 in chips)
Seat 5: c6d505f1 ($12.5 in chips)
Seat 6: c807dc37 ($10.47 in chips)
f42df6ef: posts small blind $0.05
c6d505f1: posts big blind $0.1
*** HOLE CARDS ***
Dealt to Hero [2s Jh]
Dealt to dd888ae9 
Dealt to 2c9ec1e5 
Dealt to f42df6ef 
Dealt to c6d505f1 
Dealt to c807dc37 
c807dc37: folds
Hero: folds
dd888ae9: folds
2c9ec1e5: raises $0.15 to $0.25
f42df6ef: folds
c6d505f1: folds
Uncalled bet ($0.15) returned to 2c9ec1e5
*** SHOWDOWN ***
2c9ec1e5 collected $0.25 from pot
*** SUMMARY ***
Total pot $0.25 | Rake $0 | Jackpot $0 | Bingo $0 | Fortune $0 | Tax $0
Seat 1: Hero folded before Flop (didn't bet)
Seat 2: dd888ae9 folded before Flop (didn't bet)
Seat 3: 2c9ec1e5 (button) collected ($0.25)
Seat 4: f42df6ef (small blind) folded before Flop
Seat 5: c6d505f1 (big blind) folded before Flop
Seat 6: c807dc37 folded before Flop (didn't bet)


Poker Hand #HD1852637678: Hold'em No Limit ($0.05/$0.1) - 2024/07/11 16:51:58
Table 'NLHRed90' 6-max Seat #2 is the button
Seat 1: Hero ($12.47 in chips)
Seat 2: dd888ae9 ($23.96 in chips)
Seat 3: 2c9ec1e5 ($10.3 in chips)
Seat 4: f42df6ef ($10 in chips)
Seat 5: c6d505f1 ($12.5 in chips)
Seat 6: c807dc37 ($10.47 in chips)
2c9ec1e5: posts small blind $0.05
f42df6ef: posts big blind $0.1
*** HOLE CARDS ***
Dealt to Hero [7d Tc]
Dealt to dd888ae9 
Dealt to 2c9ec1e5 
Dealt to f42df6ef 
Dealt to c6d505f1 
Dealt to c807dc37 
c6d505f1: folds
c807dc37: folds
Hero: folds
dd888ae9: folds
2c9ec1e5: raises $0.2 to $0.3
f42df6ef: calls $0.2
*** FLOP *** [Td 2d 2c]
2c9ec1e5: bets $0.2
f42df6ef: raises $0.67 to $0.87
2c9ec1e5: calls $0.67
*** TURN *** [Td 2d 2c] [5s]
2c9ec1e5: checks
f42df6ef: checks
*** RIVER *** [Td 2d 2c 5s] [4s]
2c9ec1e5: bets $1.17
f42df6ef: calls $1.17
2c9ec1e5: shows [Qh Ts] (Pair of Tens and Pair of Twos)
f42df6ef: shows [6d 5d] (Pair of Fives and Pair of Twos)
*** SHOWDOWN ***
2c9ec1e5 collected $4.36 from pot
*** SUMMARY ***
Total pot $4.68 | Rake $0.22 | Jackpot $0.1 | Bingo $0 | Fortune $0 | Tax $0
Board [Td 2d 2c 5s 4s]
Seat 1: Hero folded before Flop (didn't bet)
Seat 2: dd888ae9 (button) folded before Flop (didn't bet)
Seat 3: 2c9ec1e5 (small blind) showed [Qh Ts] and won ($4.36) with Pair of Tens and Pair of Twos
Seat 4: f42df6ef (big blind) showed [6d 5d] and lost with Pair of Fives and Pair of Twos
Seat 5: c6d505f1 folded before Flop (didn't bet)
Seat 6: c807dc37 folded before Flop (didn't bet)


Poker Hand #HD1852637562: Hold'em No Limit ($0.05/$0.1) - 2024/07/11 16:51:05
Table 'NLHRed90' 6-max Seat #1 is the button
Seat 1: Hero ($12.47 in chips)
Seat 2: dd888ae9 ($24.01 in chips)
Seat 3: 2c9ec1e5 ($10.4 in chips)
Seat 4: f42df6ef ($10 in chips)
Seat 5: c6d505f1 ($12.5 in chips)
Seat 6: c807dc37 ($10.32 in chips)
dd888ae9: posts small blind $0.05
2c9ec1e5: posts big blind $0.1
*** HOLE CARDS ***
Dealt to Hero [Qc Ts]
Dealt to dd888ae9 
Dealt to 2c9ec1e5 
Dealt to f42df6ef 
Dealt to c6d505f1 
Dealt to c807dc37 
f42df6ef: folds
c6d505f1: folds
c807dc37: raises $0.2 to $0.3
Hero: folds
dd888ae9: folds
2c9ec1e5: folds
Uncalled bet ($0.2) returned to c807dc37
*** SHOWDOWN ***
c807dc37 collected $0.25 from pot
*** SUMMARY ***
Total pot $0.25 | Rake $0 | Jackpot $0 | Bingo $0 | Fortune $0 | Tax $0
Seat 1: Hero (button) folded before Flop (didn't bet)
Seat 2: dd888ae9 (small blind) folded before Flop
Seat 3: 2c9ec1e5 (big blind) folded before Flop
Seat 4: f42df6ef folded before Flop (didn't bet)
Seat 5: c6d505f1 folded before Flop (didn't bet)
Seat 6: c807dc37 collected ($0.25)


Poker Hand #HD1852637494: Hold'em No Limit ($0.05/$0.1) - 2024/07/11 16:50:32
Table 'NLHRed90' 6-max Seat #6 is the button
Seat 1: Hero ($12.77 in chips)
Seat 2: dd888ae9 ($23.74 in chips)
Seat 3: 2c9ec1e5 ($10.4 in chips)
Seat 4: f42df6ef ($10 in chips)
Seat 5: c6d505f1 ($12.5 in chips)
Seat 6: c807dc37 ($10.32 in chips)
Hero: posts small blind $0.05
dd888ae9: posts big blind $0.1
*** HOLE CARDS ***
Dealt to Hero [5s 6s]
Dealt to dd888ae9 
Dealt to 2c9ec1e5 
Dealt to f42df6ef 
Dealt to c6d505f1 
Dealt to c807dc37 
2c9ec1e5: folds
f42df6ef: folds
c6d505f1: folds
c807dc37: folds
Hero: raises $0.2 to $0.3
dd888ae9: raises $0.6 to $0.9
Hero: folds
Uncalled bet ($0.6) returned to dd888ae9
*** SHOWDOWN ***
dd888ae9 collected $0.57 from pot
*** SUMMARY ***
Total pot $0.6 | Rake $0.03 | Jackpot $0 | Bingo $0 | Fortune $0 | Tax $0
Seat 1: Hero (small blind) folded before Flop
Seat 2: dd888ae9 (big blind) collected ($0.57)
Seat 3: 2c9ec1e5 folded before Flop (didn't bet)
Seat 4: f42df6ef folded before Flop (didn't bet)
Seat 5: c6d505f1 folded before Flop (didn't bet)
Seat 6: c807dc37 (button) folded before Flop (didn't bet)


Poker Hand #HD1852637402: Hold'em No Limit ($0.05/$0.1) - 2024/07/11 16:49:56
Table 'NLHRed90' 6-max Seat #5 is the button
Seat 1: Hero ($12.87 in chips)
Seat 2: dd888ae9 ($23.74 in chips)
Seat 3: 2c9ec1e5 ($10.4 in chips)
Seat 4: f42df6ef ($10 in chips)
Seat 5: c6d505f1 ($12.5 in chips)
Seat 6: c807dc37 ($10 in chips)
c807dc37: posts small blind $0.05
Hero: posts big blind $0.1
*** HOLE CARDS ***
Dealt to Hero [6h 9h]
Dealt to dd888ae9 
Dealt to 2c9ec1e5 
Dealt to f42df6ef 
Dealt to c6d505f1 
Dealt to c807dc37 
dd888ae9: folds
2c9ec1e5: folds
f42df6ef: raises $0.15 to $0.25
c6d505f1: folds
c807dc37: raises $0.65 to $0.9
Hero: folds
f42df6ef: folds
Uncalled bet ($0.65) returned to c807dc37
*** SHOWDOWN ***
c807dc37 collected $0.57 from pot
*** SUMMARY ***
Total pot $0.6 | Rake $0.03 | Jackpot $0 | Bingo $0 | Fortune $0 | Tax $0
Seat 1: Hero (big blind) folded before Flop
Seat 2: dd888ae9 folded before Flop (didn't bet)
Seat 3: 2c9ec1e5 folded before Flop (didn't bet)
Seat 4: f42df6ef folded before Flop
Seat 5: c6d505f1 (button) folded before Flop (didn't bet)
Seat 6: c807dc37 (small blind) collected ($0.57)


Poker Hand #HD1852636919: Hold'em No Limit ($0.05/$0.1) - 2024/07/11 16:45:59
Table 'NLHRed90' 6-max Seat #4 is the button
Seat 1: Hero ($12.87 in chips)
Seat 2: dd888ae9 ($24.04 in chips)
Seat 3: 2c9ec1e5 ($10.37 in chips)
Seat 4: f42df6ef ($10 in chips)
Seat 5: c6d505f1 ($12.05 in chips)
Seat 6: c807dc37 ($10.1 in chips)
c6d505f1: posts small blind $0.05
c807dc37: posts big blind $0.1
*** HOLE CARDS ***
Dealt to Hero [6c Kc]
Dealt to dd888ae9 
Dealt to 2c9ec1e5 
Dealt to f42df6ef 
Dealt to c6d505f1 
Dealt to c807dc37 
Hero: folds
dd888ae9: folds
2c9ec1e5: raises $0.15 to $0.25
f42df6ef: raises $0.54 to $0.79
c6d505f1: folds
c807dc37: folds
2c9ec1e5: folds
Uncalled bet ($0.54) returned to f42df6ef
*** SHOWDOWN ***
f42df6ef collected $0.62 from pot
*** SUMMARY ***
Total pot $0.65 | Rake $0.03 | Jackpot $0 | Bingo $0 | Fortune $0 | Tax $0
Seat 1: Hero folded before Flop (didn't bet)
Seat 2: dd888ae9 folded before Flop (didn't bet)
Seat 3: 2c9ec1e5 folded before Flop
Seat 4: f42df6ef (button) collected ($0.62)
Seat 5: c6d505f1 (small blind) folded before Flop
Seat 6: c807dc37 (big blind) folded before Flop


Poker Hand #HD1852636707: Hold'em No Limit ($0.05/$0.1) - 2024/07/11 16:44:23
Table 'NLHRed90' 6-max Seat #3 is the button
Seat 1: Hero ($12.87 in chips)
Seat 2: dd888ae9 ($14.99 in chips)
Seat 3: 2c9ec1e5 ($10.37 in chips)
Seat 4: f42df6ef ($10.05 in chips)
Seat 5: c6d505f1 ($12.15 in chips)
Seat 6: c807dc37 ($10.1 in chips)
f42df6ef: posts small blind $0.05
c6d505f1: posts big blind $0.1
*** HOLE CARDS ***
Dealt to Hero [4c Td]
Dealt to dd888ae9 
Dealt to 2c9ec1e5 
Dealt to f42df6ef 
Dealt to c6d505f1 
Dealt to c807dc37 
c807dc37: folds
Hero: folds
dd888ae9: raises $0.15 to $0.25
2c9ec1e5: folds
f42df6ef: raises $0.77 to $1.02
c6d505f1: folds
dd888ae9: calls $0.77
*** FLOP *** [Kc 7c 5s]
f42df6ef: bets $0.71
dd888ae9: raises $1.78 to $2.49
f42df6ef: calls $1.78
*** TURN *** [Kc 7c 5s] [3d]
f42df6ef: checks
dd888ae9: bets $2.35
f42df6ef: raises $4.19 to $6.54 and is all-in
dd888ae9: calls $4.19
f42df6ef: shows [Ac Ad] (Pair of Aces)
dd888ae9: shows [7h 7s] (Three Sevens)
*** RIVER *** [Kc 7c 5s 3d] [5d]
*** SHOWDOWN ***
dd888ae9 collected $19.1 from pot
*** SUMMARY ***
Total pot $20.2 | Rake $1 | Jackpot $0.1 | Bingo $0 | Fortune $0 | Tax $0
Board [Kc 7c 5s 3d 5d]
Seat 1: Hero folded before Flop (didn't bet)
Seat 2: dd888ae9 showed [7h 7s] and won ($19.1) with Sevens Full over Fives
Seat 3: 2c9ec1e5 (button) folded before Flop (didn't bet)
Seat 4: f42df6ef (small blind) showed [Ac Ad] and lost with Pair of Aces and Pair of Fives
Seat 5: c6d505f1 (big blind) folded before Flop
Seat 6: c807dc37 folded before Flop (didn't bet)


Poker Hand #HD1852636678: Hold'em No Limit ($0.05/$0.1) - 2024/07/11 16:44:08
Table 'NLHRed90' 6-max Seat #2 is the button
Seat 1: Hero ($12.87 in chips)
Seat 2: dd888ae9 ($14.99 in chips)
Seat 3: 2c9ec1e5 ($10.42 in chips)
Seat 4: f42df6ef ($10 in chips)
Seat 5: c6d505f1 ($12.15 in chips)
Seat 6: c807dc37 ($10.1 in chips)
2c9ec1e5: posts small blind $0.05
f42df6ef: posts big blind $0.1
*** HOLE CARDS ***
Dealt to Hero [4c 2s]
Dealt to dd888ae9 
Dealt to 2c9ec1e5 
Dealt to f42df6ef 
Dealt to c6d505f1 
Dealt to c807dc37 
c6d505f1: folds
c807dc37: folds
Hero: folds
dd888ae9: folds
2c9ec1e5: folds
Uncalled bet ($0.05) returned to f42df6ef
*** SHOWDOWN ***
f42df6ef collected $0.1 from pot
*** SUMMARY ***
Total pot $0.1 | Rake $0 | Jackpot $0 | Bingo $0 | Fortune $0 | Tax $0
Seat 1: Hero folded before Flop (didn't bet)
Seat 2: dd888ae9 (button) folded before Flop (didn't bet)
Seat 3: 2c9ec1e5 (small blind) folded before Flop
Seat 4: f42df6ef (big blind) collected ($0.1)
Seat 5: c6d505f1 folded before Flop (didn't bet)
Seat 6: c807dc37 folded before Flop (didn't bet)


Poker Hand #HD1852636615: Hold'em No Limit ($0.05/$0.1) - 2024/07/11 16:43:32
Table 'NLHRed90' 6-max Seat #1 is the button
Seat 1: Hero ($12.87 in chips)
Seat 2: dd888ae9 ($15.04 in chips)
Seat 3: 2c9ec1e5 ($10.37 in chips)
Seat 5: c6d505f1 ($12.15 in chips)
Seat 6: c807dc37 ($10.1 in chips)
dd888ae9: posts small blind $0.05
2c9ec1e5: posts big blind $0.1
*** HOLE CARDS ***
Dealt to Hero [4s Kd]
Dealt to dd888ae9 
Dealt to 2c9ec1e5 
Dealt to c6d505f1 
Dealt to c807dc37 
c6d505f1: folds
c807dc37: folds
Hero: folds
dd888ae9: folds
Uncalled bet ($0.05) returned to 2c9ec1e5
*** SHOWDOWN ***
2c9ec1e5 collected $0.1 from pot
*** SUMMARY ***
Total pot $0.1 | Rake $0 | Jackpot $0 | Bingo $0 | Fortune $0 | Tax $0
Seat 1: Hero (button) folded before Flop (didn't bet)
Seat 2: dd888ae9 (small blind) folded before Flop
Seat 3: 2c9ec1e5 (big blind) collected ($0.1)
Seat 5: c6d505f1 folded before Flop (didn't bet)
Seat 6: c807dc37 folded before Flop (didn't bet)


Poker Hand #HD1852636587: Hold'em No Limit ($0.05/$0.1) - 2024/07/11 16:43:18
Table 'NLHRed90' 6-max Seat #6 is the button
Seat 1: Hero ($12.92 in chips)
Seat 2: dd888ae9 ($14.99 in chips)
Seat 3: 2c9ec1e5 ($10.37 in chips)
Seat 5: c6d505f1 ($12.15 in chips)
Seat 6: c807dc37 ($10.1 in chips)
Hero: posts small blind $0.05
dd888ae9: posts big blind $0.1
*** HOLE CARDS ***
Dealt to Hero [Qh 5c]
Dealt to dd888ae9 
Dealt to 2c9ec1e5 
Dealt to c6d505f1 
Dealt to c807dc37 
2c9ec1e5: folds
c6d505f1: folds
c807dc37: folds
Hero: folds
Uncalled bet ($0.05) returned to dd888ae9
*** SHOWDOWN ***
dd888ae9 collected $0.1 from pot
*** SUMMARY ***
Total pot $0.1 | Rake $0 | Jackpot $0 | Bingo $0 | Fortune $0 | Tax $0
Seat 1: Hero (small blind) folded before Flop
Seat 2: dd888ae9 (big blind) collected ($0.1)
Seat 3: 2c9ec1e5 folded before Flop (didn't bet)
Seat 5: c6d505f1 folded before Flop (didn't bet)
Seat 6: c807dc37 (button) folded before Flop (didn't bet)


Poker Hand #HD1852636547: Hold'em No Limit ($0.05/$0.1) - 2024/07/11 16:43:00
Table 'NLHRed90' 6-max Seat #5 is the button
Seat 1: Hero ($13.02 in chips)
Seat 2: dd888ae9 ($14.99 in chips)
Seat 3: 2c9ec1e5 ($10.37 in chips)
Seat 5: c6d505f1 ($12.15 in chips)
Seat 6: c807dc37 ($10 in chips)
c807dc37: posts small blind $0.05
Hero: posts big blind $0.1
*** HOLE CARDS ***
Dealt to Hero [5d Qc]
Dealt to dd888ae9 
Dealt to 2c9ec1e5 
Dealt to c6d505f1 
Dealt to c807dc37 
dd888ae9: folds
2c9ec1e5: folds
c6d505f1: folds
c807dc37: raises $0.2 to $0.3
Hero: folds
Uncalled bet ($0.2) returned to c807dc37
*** SHOWDOWN ***
c807dc37 collected $0.2 from pot
*** SUMMARY ***
Total pot $0.2 | Rake $0 | Jackpot $0 | Bingo $0 | Fortune $0 | Tax $0
Seat 1: Hero (big blind) folded before Flop
Seat 2: dd888ae9 folded before Flop (didn't bet)
Seat 3: 2c9ec1e5 folded before Flop (didn't bet)
Seat 5: c6d505f1 (button) folded before Flop (didn't bet)
Seat 6: c807dc37 (small blind) collected ($0.2)


Poker Hand #HD1852636399: Hold'em No Limit ($0.05/$0.1) - 2024/07/11 16:41:54
Table 'NLHRed90' 6-max Seat #3 is the button
Seat 1: Hero ($13.02 in chips)
Seat 2: dd888ae9 ($14.99 in chips)
Seat 3: 2c9ec1e5 ($10.37 in chips)
Seat 5: c6d505f1 ($10.55 in chips)
Seat 6: c807dc37 ($10.32 in chips)
c6d505f1: posts small blind $0.05
c807dc37: posts big blind $0.1
*** HOLE CARDS ***
Dealt to Hero [8s 6c]
Dealt to dd888ae9 
Dealt to 2c9ec1e5 
Dealt to c6d505f1 
Dealt to c807dc37 
Hero: folds
dd888ae9: folds
2c9ec1e5: folds
c6d505f1: raises $0.2 to $0.3
c807dc37: calls $0.2
*** FLOP *** [Ad 9h 4d]
c6d505f1: checks
c807dc37: bets $0.45
c6d505f1: calls $0.45
*** TURN *** [Ad 9h 4d] [Ah]
c6d505f1: checks
c807dc37: bets $1.13
c6d505f1: calls $1.13
*** RIVER *** [Ad 9h 4d Ah] [7c]
c6d505f1: checks
c807dc37: checks
c6d505f1: shows [Tc Td] (Pair of Aces and Pair of Tens)
c807dc37: shows [5d Jd] (Pair of Aces)
*** SHOWDOWN ***
c6d505f1 collected $3.48 from pot
*** SUMMARY ***
Total pot $3.76 | Rake $0.18 | Jackpot $0.1 | Bingo $0 | Fortune $0 | Tax $0
Board [Ad 9h 4d Ah 7c]
Seat 1: Hero folded before Flop (didn't bet)
Seat 2: dd888ae9 folded before Flop (didn't bet)
Seat 3: 2c9ec1e5 (button) folded before Flop (didn't bet)
Seat 5: c6d505f1 (small blind) showed [Tc Td] and won ($3.48) with Pair of Aces and Pair of Tens
Seat 6: c807dc37 (big blind) showed [5d Jd] and lost with Pair of Aces


Poker Hand #HD1852636348: Hold'em No Limit ($0.05/$0.1) - 2024/07/11 16:41:28
Table 'NLHRed90' 6-max Seat #2 is the button
Seat 1: Hero ($13.02 in chips)
Seat 2: dd888ae9 ($14.84 in chips)
Seat 3: 2c9ec1e5 ($10.42 in chips)
Seat 5: c6d505f1 ($10.65 in chips)
2c9ec1e5: posts small blind $0.05
c6d505f1: posts big blind $0.1
*** HOLE CARDS ***
Dealt to Hero [Qs 4c]
Dealt to dd888ae9 
Dealt to 2c9ec1e5 
Dealt to c6d505f1 
Hero: folds
dd888ae9: raises $0.15 to $0.25
2c9ec1e5: folds
c6d505f1: folds
Uncalled bet ($0.15) returned to dd888ae9
*** SHOWDOWN ***
dd888ae9 collected $0.25 from pot
*** SUMMARY ***
Total pot $0.25 | Rake $0 | Jackpot $0 | Bingo $0 | Fortune $0 | Tax $0
Seat 1: Hero folded before Flop (didn't bet)
Seat 2: dd888ae9 (button) collected ($0.25)
Seat 3: 2c9ec1e5 (small blind) folded before Flop
Seat 5: c6d505f1 (big blind) folded before Flop


Poker Hand #HD1852636304: Hold'em No Limit ($0.05/$0.1) - 2024/07/11 16:41:09
Table 'NLHRed90' 6-max Seat #1 is the button
Seat 1: Hero ($13.02 in chips)
Seat 2: dd888ae9 ($14.89 in chips)
Seat 3: 2c9ec1e5 ($10.37 in chips)
Seat 4: d671296f ($10 in chips)
Seat 5: c6d505f1 ($10.65 in chips)
dd888ae9: posts small blind $0.05
2c9ec1e5: posts big blind $0.1
*** HOLE CARDS ***
Dealt to Hero [Qs 8c]
Dealt to dd888ae9 
Dealt to 2c9ec1e5 
Dealt to d671296f 
Dealt to c6d505f1 
d671296f: folds
c6d505f1: folds
Hero: folds
dd888ae9: folds
Uncalled bet ($0.05) returned to 2c9ec1e5
*** SHOWDOWN ***
2c9ec1e5 collected $0.1 from pot
*** SUMMARY ***
Total pot $0.1 | Rake $0 | Jackpot $0 | Bingo $0 | Fortune $0 | Tax $0
Seat 1: Hero (button) folded before Flop (didn't bet)
Seat 2: dd888ae9 (small blind) folded before Flop
Seat 3: 2c9ec1e5 (big blind) collected ($0.1)
Seat 4: d671296f folded before Flop (didn't bet)
Seat 5: c6d505f1 folded before Flop (didn't bet)


Poker Hand #HD1852636200: Hold'em No Limit ($0.05/$0.1) - 2024/07/11 16:40:25
Table 'NLHRed90' 6-max Seat #5 is the button
Seat 1: Hero ($13.07 in chips)
Seat 2: dd888ae9 ($13.76 in chips)
Seat 3: 2c9ec1e5 ($10.37 in chips)
Seat 4: d671296f ($10 in chips)
Seat 5: c6d505f1 ($10.65 in chips)
Hero: posts small blind $0.05
dd888ae9: posts big blind $0.1
*** HOLE CARDS ***
Dealt to Hero [9s 5d]
Dealt to dd888ae9 
Dealt to 2c9ec1e5 
Dealt to d671296f 
Dealt to c6d505f1 
2c9ec1e5: folds
d671296f: raises $0.15 to $0.25
c6d505f1: folds
Hero: folds
dd888ae9: calls $0.15
*** FLOP *** [Qs 3h 4c]
dd888ae9: checks
d671296f: bets $0.46
dd888ae9: calls $0.46
*** TURN *** [Qs 3h 4c] [Qd]
dd888ae9: checks
d671296f: bets $0.49
dd888ae9: calls $0.49
*** RIVER *** [Qs 3h 4c Qd] [Qc]
dd888ae9: checks
d671296f: checks
dd888ae9: shows [Tc Th] (Queens Full over Tens)
d671296f: shows [Ad Kc] (Three Queens)
*** SHOWDOWN ***
dd888ae9 collected $2.33 from pot
*** SUMMARY ***
Total pot $2.45 | Rake $0.12 | Jackpot $0 | Bingo $0 | Fortune $0 | Tax $0
Board [Qs 3h 4c Qd Qc]
Seat 1: Hero (small blind) folded before Flop
Seat 2: dd888ae9 (big blind) showed [Tc Th] and won ($2.33) with Queens Full over Tens
Seat 3: 2c9ec1e5 folded before Flop (didn't bet)
Seat 4: d671296f showed [Ad Kc] and lost with Three Queens
Seat 5: c6d505f1 (button) folded before Flop (didn't bet)


Poker Hand #HD1852636175: Hold'em No Limit ($0.05/$0.1) - 2024/07/11 16:40:13
Table 'NLHRed90' 6-max Seat #4 is the button
Seat 1: Hero ($13.17 in chips)
Seat 2: dd888ae9 ($13.76 in chips)
Seat 3: 2c9ec1e5 ($10.22 in chips)
Seat 4: d671296f ($10 in chips)
Seat 5: c6d505f1 ($10.7 in chips)
c6d505f1: posts small blind $0.05
Hero: posts big blind $0.1
*** HOLE CARDS ***
Dealt to Hero [3d 7s]
Dealt to dd888ae9 
Dealt to 2c9ec1e5 
Dealt to d671296f 
Dealt to c6d505f1 
dd888ae9: folds
2c9ec1e5: raises $0.15 to $0.25
d671296f: folds
c6d505f1: folds
Hero: folds
Uncalled bet ($0.15) returned to 2c9ec1e5
*** SHOWDOWN ***
2c9ec1e5 collected $0.25 from pot
*** SUMMARY ***
Total pot $0.25 | Rake $0 | Jackpot $0 | Bingo $0 | Fortune $0 | Tax $0
Seat 1: Hero (big blind) folded before Flop
Seat 2: dd888ae9 folded before Flop (didn't bet)
Seat 3: 2c9ec1e5 collected ($0.25)
Seat 4: d671296f (button) folded before Flop (didn't bet)
Seat 5: c6d505f1 (small blind) folded before Flop


Poker Hand #HD1852636093: Hold'em No Limit ($0.05/$0.1) - 2024/07/11 16:39:31
Table 'NLHRed90' 6-max Seat #3 is the button
Seat 1: Hero ($13.17 in chips)
Seat 2: dd888ae9 ($14.01 in chips)
Seat 3: 2c9ec1e5 ($9.85 in chips)
Seat 4: d671296f ($10 in chips)
Seat 5: c6d505f1 ($10.8 in chips)
Seat 6: c807dc37 ($10.32 in chips)
d671296f: posts small blind $0.05
c6d505f1: posts big blind $0.1
*** HOLE CARDS ***
Dealt to Hero [2h Kc]
Dealt to dd888ae9 
Dealt to 2c9ec1e5 
Dealt to d671296f 
Dealt to c6d505f1 
Dealt to c807dc37 
c807dc37: folds
Hero: folds
dd888ae9: raises $0.15 to $0.25
2c9ec1e5: raises $0.65 to $0.9
d671296f: folds
c6d505f1: folds
dd888ae9: folds
Uncalled bet ($0.65) returned to 2c9ec1e5
*** SHOWDOWN ***
2c9ec1e5 collected $0.62 from pot
*** SUMMARY ***
Total pot $0.65 | Rake $0.03 | Jackpot $0 | Bingo $0 | Fortune $0 | Tax $0
Seat 1: Hero folded before Flop (didn't bet)
Seat 2: dd888ae9 folded before Flop
Seat 3: 2c9ec1e5 (button) collected ($0.62)
Seat 4: d671296f (small blind) folded before Flop
Seat 5: c6d505f1 (big blind) folded before Flop
Seat 6: c807dc37 folded before Flop (didn't bet)


Poker Hand #HD1852636011: Hold'em No Limit ($0.05/$0.1) - 2024/07/11 16:38:47
Table 'NLHRed90' 6-max Seat #2 is the button
Seat 1: Hero ($13.17 in chips)
Seat 2: dd888ae9 ($14.01 in chips)
Seat 3: 2c9ec1e5 ($9.9 in chips)
Seat 4: d671296f ($10 in chips)
Seat 5: c6d505f1 ($10.57 in chips)
Seat 6: c807dc37 ($10.32 in chips)
2c9ec1e5: posts small blind $0.05
d671296f: posts big blind $0.1
*** HOLE CARDS ***
Dealt to Hero [Kc 5s]
Dealt to dd888ae9 
Dealt to 2c9ec1e5 
Dealt to d671296f 
Dealt to c6d505f1 
Dealt to c807dc37 
c6d505f1: raises $0.1 to $0.2
c807dc37: folds
Hero: folds
dd888ae9: folds
2c9ec1e5: folds
d671296f: calls $0.1
*** FLOP *** [Qs 9d Tc]
d671296f: checks
c6d505f1: checks
*** TURN *** [Qs 9d Tc] [Jh]
d671296f: checks
c6d505f1: bets $0.35
d671296f: folds
Uncalled bet ($0.35) returned to c6d505f1
*** SHOWDOWN ***
c6d505f1 collected $0.43 from pot
*** SUMMARY ***
Total pot $0.45 | Rake $0.02 | Jackpot $0 | Bingo $0 | Fortune $0 | Tax $0
Board [Qs 9d Tc Jh]
Seat 1: Hero folded before Flop (didn't bet)
Seat 2: dd888ae9 (button) folded before Flop (didn't bet)
Seat 3: 2c9ec1e5 (small blind) folded before Flop
Seat 4: d671296f (big blind) folded on the Turn
Seat 5: c6d505f1 won ($0.43)
Seat 6: c807dc37 folded before Flop (didn't bet)


Poker Hand #HD1852635962: Hold'em No Limit ($0.05/$0.1) - 2024/07/11 16:38:30
Table 'NLHRed90' 6-max Seat #1 is the button
Seat 1: Hero ($13.17 in chips)
Seat 2: dd888ae9 ($14.06 in chips)
Seat 3: 2c9ec1e5 ($10 in chips)
Seat 4: d671296f ($10 in chips)
Seat 5: c6d505f1 ($10.42 in chips)
Seat 6: c807dc37 ($10.32 in chips)
dd888ae9: posts small blind $0.05
2c9ec1e5: posts big blind $0.1
*** HOLE CARDS ***
Dealt to Hero [Ks 3s]
Dealt to dd888ae9 
Dealt to 2c9ec1e5 
Dealt to d671296f 
Dealt to c6d505f1 
Dealt to c807dc37 
d671296f: folds
c6d505f1: raises $0.1 to $0.2
c807dc37: folds
Hero: folds
dd888ae9: folds
2c9ec1e5: folds
Uncalled bet ($0.1) returned to c6d505f1
*** SHOWDOWN ***
c6d505f1 collected $0.25 from pot
*** SUMMARY ***
Total pot $0.25 | Rake $0 | Jackpot $0 | Bingo $0 | Fortune $0 | Tax $0
Seat 1: Hero (button) folded before Flop (didn't bet)
Seat 2: dd888ae9 (small blind) folded before Flop
Seat 3: 2c9ec1e5 (big blind) folded before Flop
Seat 4: d671296f folded before Flop (didn't bet)
Seat 5: c6d505f1 collected ($0.25)
Seat 6: c807dc37 folded before Flop (didn't bet)


Poker Hand #HD1852635914: Hold'em No Limit ($0.05/$0.1) - 2024/07/11 16:38:05
Table 'NLHRed90' 6-max Seat #6 is the button
Seat 1: Hero ($13.07 in chips)
Seat 2: dd888ae9 ($14.16 in chips)
Seat 4: d671296f ($10 in chips)
Seat 5: c6d505f1 ($10.42 in chips)
Seat 6: c807dc37 ($10.32 in chips)
Hero: posts small blind $0.05
dd888ae9: posts big blind $0.1
*** HOLE CARDS ***
Dealt to Hero [Js Ts]
Dealt to dd888ae9 
Dealt to d671296f 
Dealt to c6d505f1 
Dealt to c807dc37 
d671296f: folds
c6d505f1: folds
c807dc37: folds
Hero: raises $0.2 to $0.3
dd888ae9: folds
Uncalled bet ($0.2) returned to Hero
*** SHOWDOWN ***
Hero collected $0.2 from pot
*** SUMMARY ***
Total pot $0.2 | Rake $0 | Jackpot $0 | Bingo $0 | Fortune $0 | Tax $0
Seat 1: Hero (small blind) collected ($0.2)
Seat 2: dd888ae9 (big blind) folded before Flop
Seat 4: d671296f folded before Flop (didn't bet)
Seat 5: c6d505f1 folded before Flop (didn't bet)
Seat 6: c807dc37 (button) folded before Flop (didn't bet)


Poker Hand #HD1852635851: Hold'em No Limit ($0.05/$0.1) - 2024/07/11 16:37:36
Table 'NLHRed90' 6-max Seat #5 is the button
Seat 1: Hero ($13.17 in chips)
Seat 2: dd888ae9 ($14.16 in chips)
Seat 4: d671296f ($10 in chips)
Seat 5: c6d505f1 ($10.42 in chips)
Seat 6: c807dc37 ($10 in chips)
c807dc37: posts small blind $0.05
Hero: posts big blind $0.1
*** HOLE CARDS ***
Dealt to Hero [3h Kc]
Dealt to dd888ae9 
Dealt to d671296f 
Dealt to c6d505f1 
Dealt to c807dc37 
dd888ae9: folds
d671296f: raises $0.15 to $0.25
c6d505f1: folds
c807dc37: raises $0.75 to $1
Hero: folds
d671296f: folds
Uncalled bet ($0.75) returned to c807dc37
*** SHOWDOWN ***
c807dc37 collected $0.57 from pot
*** SUMMARY ***
Total pot $0.6 | Rake $0.03 | Jackpot $0 | Bingo $0 | Fortune $0 | Tax $0
Seat 1: Hero (big blind) folded before Flop
Seat 2: dd888ae9 folded before Flop (didn't bet)
Seat 4: d671296f folded before Flop
Seat 5: c6d505f1 (button) folded before Flop (didn't bet)
Seat 6: c807dc37 (small blind) collected ($0.57)


Poker Hand #HD1852635806: Hold'em No Limit ($0.05/$0.1) - 2024/07/11 16:37:18
Table 'NLHRed90' 6-max Seat #4 is the button
Seat 1: Hero ($13.17 in chips)
Seat 2: dd888ae9 ($14.01 in chips)
Seat 4: d671296f ($10 in chips)
Seat 5: c6d505f1 ($10.47 in chips)
Seat 6: c807dc37 ($10 in chips)
c6d505f1: posts small blind $0.05
c807dc37: posts big blind $0.1
*** HOLE CARDS ***
Dealt to Hero [3c Ac]
Dealt to dd888ae9 
Dealt to d671296f 
Dealt to c6d505f1 
Dealt to c807dc37 
Hero: folds
dd888ae9: raises $0.15 to $0.25
d671296f: folds
c6d505f1: folds
c807dc37: folds
Uncalled bet ($0.15) returned to dd888ae9
*** SHOWDOWN ***
dd888ae9 collected $0.25 from pot
*** SUMMARY ***
Total pot $0.25 | Rake $0 | Jackpot $0 | Bingo $0 | Fortune $0 | Tax $0
Seat 1: Hero folded before Flop (didn't bet)
Seat 2: dd888ae9 collected ($0.25)
Seat 4: d671296f (button) folded before Flop (didn't bet)
Seat 5: c6d505f1 (small blind) folded before Flop
Seat 6: c807dc37 (big blind) folded before Flop


Poker Hand #HD1852545639: Hold'em No Limit ($0.05/$0.1) - 2024/07/11 16:35:54
Table 'NLHRed90' 6-max Seat #2 is the button
Seat 1: Hero ($10.27 in chips)
Seat 2: dd888ae9 ($17.18 in chips)
Seat 4: d671296f ($10 in chips)
Seat 5: c6d505f1 ($10.57 in chips)
d671296f: posts small blind $0.05
c6d505f1: posts big blind $0.1
*** HOLE CARDS ***
Dealt to Hero [Ac Ad]
Dealt to dd888ae9 
Dealt to d671296f 
Dealt to c6d505f1 
Hero: raises $0.14 to $0.24
dd888ae9: raises $0.48 to $0.72
d671296f: folds
c6d505f1: folds
Hero: raises $1.38 to $2.1
dd888ae9: calls $1.38
*** FLOP *** [5s Kd 9h]
Hero: bets $1.07
dd888ae9: calls $1.07
*** TURN *** [5s Kd 9h] [Js]
Hero: bets $1.5
dd888ae9: folds
Uncalled bet ($1.5) returned to Hero
*** SHOWDOWN ***
Hero collected $6.07 from pot
*** SUMMARY ***
Total pot $6.49 | Rake $0.32 | Jackpot $0.1 | Bingo $0 | Fortune $0 | Tax $0
Board [5s Kd 9h Js]
Seat 1: Hero won ($6.07)
Seat 2: dd888ae9 (button) folded on the Turn
Seat 4: d671296f (small blind) folded before Flop
Seat 5: c6d505f1 (big blind) folded before Flop


Poker Hand #HD1852545580: Hold'em No Limit ($0.05/$0.1) - 2024/07/11 16:35:29
Table 'NLHRed90' 6-max Seat #1 is the button
Seat 1: Hero ($10.27 in chips)
Seat 2: dd888ae9 ($17.23 in chips)
Seat 4: d671296f ($10 in chips)
Seat 5: c6d505f1 ($10.42 in chips)
dd888ae9: posts small blind $0.05
d671296f: posts big blind $0.1
*** HOLE CARDS ***
Dealt to Hero [4s 7s]
Dealt to dd888ae9 
Dealt to d671296f 
Dealt to c6d505f1 
c6d505f1: raises $0.1 to $0.2
Hero: folds
dd888ae9: folds
d671296f: folds
Uncalled bet ($0.1) returned to c6d505f1
*** SHOWDOWN ***
c6d505f1 collected $0.25 from pot
*** SUMMARY ***
Total pot $0.25 | Rake $0 | Jackpot $0 | Bingo $0 | Fortune $0 | Tax $0
Seat 1: Hero (button) folded before Flop (didn't bet)
Seat 2: dd888ae9 (small blind) folded before Flop
Seat 4: d671296f (big blind) folded before Flop
Seat 5: c6d505f1 collected ($0.25)


Poker Hand #HD1852545462: Hold'em No Limit ($0.05/$0.1) - 2024/07/11 16:34:35
Table 'NLHRed90' 6-max Seat #5 is the button
Seat 1: Hero ($10.32 in chips)
Seat 2: dd888ae9 ($16.95 in chips)
Seat 3: cb6de180 ($10 in chips)
Seat 5: c6d505f1 ($10.42 in chips)
Hero: posts small blind $0.05
dd888ae9: posts big blind $0.1
*** HOLE CARDS ***
Dealt to Hero [4c 7h]
Dealt to dd888ae9 
Dealt to cb6de180 
Dealt to c6d505f1 
cb6de180: raises $0.15 to $0.25
c6d505f1: folds
Hero: folds
dd888ae9: calls $0.15
*** FLOP *** [5h Tc 7c]
dd888ae9: checks
cb6de180: checks
*** TURN *** [5h Tc 7c] [6d]
dd888ae9: checks
cb6de180: checks
*** RIVER *** [5h Tc 7c 6d] [2h]
dd888ae9: checks
cb6de180: checks
dd888ae9: shows [3d 3c] (Pair of Treys)
cb6de180: shows [Ad Jd] (Ace-High)
*** SHOWDOWN ***
dd888ae9 collected $0.53 from pot
*** SUMMARY ***
Total pot $0.55 | Rake $0.02 | Jackpot $0 | Bingo $0 | Fortune $0 | Tax $0
Board [5h Tc 7c 6d 2h]
Seat 1: Hero (small blind) folded before Flop
Seat 2: dd888ae9 (big blind) showed [3d 3c] and won ($0.53) with Pair of Treys
Seat 3: cb6de180 showed [Ad Jd] and lost with Ace-High
Seat 5: c6d505f1 (button) folded before Flop (didn't bet)


Poker Hand #HD1852545413: Hold'em No Limit ($0.05/$0.1) - 2024/07/11 16:34:11
Table 'NLHRed90' 6-max Seat #3 is the button
Seat 1: Hero ($10.42 in chips)
Seat 2: dd888ae9 ($16.95 in chips)
Seat 3: cb6de180 ($10 in chips)
Seat 5: c6d505f1 ($10.32 in chips)
c6d505f1: posts small blind $0.05
Hero: posts big blind $0.1
*** HOLE CARDS ***
Dealt to Hero [3s 6s]
Dealt to dd888ae9 
Dealt to cb6de180 
Dealt to c6d505f1 
dd888ae9: folds
cb6de180: folds
c6d505f1: raises $0.2 to $0.3
Hero: folds
Uncalled bet ($0.2) returned to c6d505f1
*** SHOWDOWN ***
c6d505f1 collected $0.2 from pot
*** SUMMARY ***
Total pot $0.2 | Rake $0 | Jackpot $0 | Bingo $0 | Fortune $0 | Tax $0
Seat 1: Hero (big blind) folded before Flop
Seat 2: dd888ae9 folded before Flop (didn't bet)
Seat 3: cb6de180 (button) folded before Flop (didn't bet)
Seat 5: c6d505f1 (small blind) collected ($0.2)


Poker Hand #HD1852545309: Hold'em No Limit ($0.05/$0.1) - 2024/07/11 16:33:20
Table 'NLHRed90' 6-max Seat #2 is the button
Seat 1: Hero ($10.42 in chips)
Seat 2: dd888ae9 ($16.95 in chips)
Seat 3: cb6de180 ($10 in chips)
Seat 5: c6d505f1 ($10 in chips)
Seat 6: 7c7ea9f2 ($8.86 in chips)
cb6de180: posts small blind $0.05
c6d505f1: posts big blind $0.1
*** HOLE CARDS ***
Dealt to Hero [2c Ts]
Dealt to dd888ae9 
Dealt to cb6de180 
Dealt to c6d505f1 
Dealt to 7c7ea9f2 
7c7ea9f2: raises $0.2 to $0.3
Hero: folds
dd888ae9: folds
cb6de180: folds
c6d505f1: calls $0.2
*** FLOP *** [Ad 9d Jh]
c6d505f1: checks
7c7ea9f2: checks
*** TURN *** [Ad 9d Jh] [Ac]
c6d505f1: bets $0.49
7c7ea9f2: folds
Uncalled bet ($0.49) returned to c6d505f1
*** SHOWDOWN ***
c6d505f1 collected $0.62 from pot
*** SUMMARY ***
Total pot $0.65 | Rake $0.03 | Jackpot $0 | Bingo $0 | Fortune $0 | Tax $0
Board [Ad 9d Jh Ac]
Seat 1: Hero folded before Flop (didn't bet)
Seat 2: dd888ae9 (button) folded before Flop (didn't bet)
Seat 3: cb6de180 (small blind) folded before Flop
Seat 5: c6d505f1 (big blind) won ($0.62)
Seat 6: 7c7ea9f2 folded on the Turn


Poker Hand #HD1852545274: Hold'em No Limit ($0.05/$0.1) - 2024/07/11 16:33:05
Table 'NLHRed90' 6-max Seat #1 is the button
Seat 1: Hero ($10.27 in chips)
Seat 2: dd888ae9 ($17 in chips)
Seat 3: cb6de180 ($10 in chips)
Seat 5: c6d505f1 ($10 in chips)
Seat 6: 7c7ea9f2 ($8.86 in chips)
dd888ae9: posts small blind $0.05
cb6de180: posts big blind $0.1
*** HOLE CARDS ***
Dealt to Hero [Jd 7d]
Dealt to dd888ae9 
Dealt to cb6de180 
Dealt to c6d505f1 
Dealt to 7c7ea9f2 
c6d505f1: folds
7c7ea9f2: folds
Hero: raises $0.14 to $0.24
dd888ae9: folds
cb6de180: folds
Uncalled bet ($0.14) returned to Hero
*** SHOWDOWN ***
Hero collected $0.25 from pot
*** SUMMARY ***
Total pot $0.25 | Rake $0 | Jackpot $0 | Bingo $0 | Fortune $0 | Tax $0
Seat 1: Hero (button) collected ($0.25)
Seat 2: dd888ae9 (small blind) folded before Flop
Seat 3: cb6de180 (big blind) folded before Flop
Seat 5: c6d505f1 folded before Flop (didn't bet)
Seat 6: 7c7ea9f2 folded before Flop (didn't bet)


Poker Hand #HD1852545193: Hold'em No Limit ($0.05/$0.1) - 2024/07/11 16:32:28
Table 'NLHRed90' 6-max Seat #6 is the button
Seat 1: Hero ($10.32 in chips)
Seat 2: dd888ae9 ($16.68 in chips)
Seat 3: cb6de180 ($10 in chips)
Seat 4: 48e92b8 ($10 in chips)
Seat 5: c6d505f1 ($10 in chips)
Seat 6: 7c7ea9f2 ($9.16 in chips)
Hero: posts small blind $0.05
dd888ae9: posts big blind $0.1
*** HOLE CARDS ***
Dealt to Hero [2h 6c]
Dealt to dd888ae9 
Dealt to cb6de180 
Dealt to 48e92b8 
Dealt to c6d505f1 
Dealt to 7c7ea9f2 
cb6de180: folds
48e92b8: folds
c6d505f1: folds
7c7ea9f2: raises $0.2 to $0.3
Hero: folds
dd888ae9: calls $0.2
*** FLOP *** [3c 8s Ah]
dd888ae9: checks
7c7ea9f2: checks
*** TURN *** [3c 8s Ah] [Ad]
dd888ae9: checks
7c7ea9f2: checks
*** RIVER *** [3c 8s Ah Ad] [7c]
dd888ae9: bets $0.87
7c7ea9f2: folds
Uncalled bet ($0.87) returned to dd888ae9
*** SHOWDOWN ***
dd888ae9 collected $0.62 from pot
*** SUMMARY ***
Total pot $0.65 | Rake $0.03 | Jackpot $0 | Bingo $0 | Fortune $0 | Tax $0
Board [3c 8s Ah Ad 7c]
Seat 1: Hero (small blind) folded before Flop
Seat 2: dd888ae9 (big blind) won ($0.62)
Seat 3: cb6de180 folded before Flop (didn't bet)
Seat 4: 48e92b8 folded before Flop (didn't bet)
Seat 5: c6d505f1 folded before Flop (didn't bet)
Seat 6: 7c7ea9f2 (button) folded on the River


Poker Hand #HD1852545180: Hold'em No Limit ($0.05/$0.1) - 2024/07/11 16:32:18
Table 'NLHRed90' 6-max Seat #5 is the button
Seat 1: Hero ($10.42 in chips)
Seat 2: dd888ae9 ($16.53 in chips)
Seat 3: cb6de180 ($10 in chips)
Seat 4: 48e92b8 ($10 in chips)
Seat 5: c6d505f1 ($10 in chips)
Seat 6: 7c7ea9f2 ($9.21 in chips)
7c7ea9f2: posts small blind $0.05
Hero: posts big blind $0.1
*** HOLE CARDS ***
Dealt to Hero [9h 6c]
Dealt to dd888ae9 
Dealt to cb6de180 
Dealt to 48e92b8 
Dealt to c6d505f1 
Dealt to 7c7ea9f2 
dd888ae9: raises $0.15 to $0.25
cb6de180: folds
48e92b8: folds
c6d505f1: folds
7c7ea9f2: folds
Hero: folds
Uncalled bet ($0.15) returned to dd888ae9
*** SHOWDOWN ***
dd888ae9 collected $0.25 from pot
*** SUMMARY ***
Total pot $0.25 | Rake $0 | Jackpot $0 | Bingo $0 | Fortune $0 | Tax $0
Seat 1: Hero (big blind) folded before Flop
Seat 2: dd888ae9 collected ($0.25)
Seat 3: cb6de180 folded before Flop (didn't bet)
Seat 4: 48e92b8 folded before Flop (didn't bet)
Seat 5: c6d505f1 (button) folded before Flop (didn't bet)
Seat 6: 7c7ea9f2 (small blind) folded before Flop


Poker Hand #HD1852545106: Hold'em No Limit ($0.05/$0.1) - 2024/07/11 16:31:41
Table 'NLHRed90' 6-max Seat #4 is the button
Seat 1: Hero ($10.62 in chips)
Seat 2: dd888ae9 ($16.53 in chips)
Seat 3: cb6de180 ($10 in chips)
Seat 4: 48e92b8 ($10 in chips)
Seat 5: c6d505f1 ($10 in chips)
Seat 6: 7c7ea9f2 ($8.98 in chips)
c6d505f1: posts small blind $0.05
7c7ea9f2: posts big blind $0.1
*** HOLE CARDS ***
Dealt to Hero [As 6s]
Dealt to dd888ae9 
Dealt to cb6de180 
Dealt to 48e92b8 
Dealt to c6d505f1 
Dealt to 7c7ea9f2 
Hero: raises $0.1 to $0.2
dd888ae9: folds
cb6de180: folds
48e92b8: folds
c6d505f1: folds
7c7ea9f2: calls $0.1
*** FLOP *** [Kh 2h 2s]
7c7ea9f2: bets $0.34
Hero: folds
Uncalled bet ($0.34) returned to 7c7ea9f2
*** SHOWDOWN ***
7c7ea9f2 collected $0.43 from pot
*** SUMMARY ***
Total pot $0.45 | Rake $0.02 | Jackpot $0 | Bingo $0 | Fortune $0 | Tax $0
Board [Kh 2h 2s]
Seat 1: Hero folded on the Flop
Seat 2: dd888ae9 folded before Flop (didn't bet)
Seat 3: cb6de180 folded before Flop (didn't bet)
Seat 4: 48e92b8 (button) folded before Flop (didn't bet)
Seat 5: c6d505f1 (small blind) folded before Flop
Seat 6: 7c7ea9f2 (big blind) won ($0.43)


Poker Hand #HD1852545069: Hold'em No Limit ($0.05/$0.1) - 2024/07/11 16:31:24
Table 'NLHRed90' 6-max Seat #3 is the button
Seat 1: Hero ($10.62 in chips)
Seat 2: dd888ae9 ($16.38 in chips)
Seat 3: cb6de180 ($10 in chips)
Seat 4: 48e92b8 ($10 in chips)
Seat 5: c6d505f1 ($10 in chips)
Seat 6: 7c7ea9f2 ($8.98 in chips)
48e92b8: posts small blind $0.05
c6d505f1: posts big blind $0.1
*** HOLE CARDS ***
Dealt to Hero [Qd 4s]
Dealt to dd888ae9 
Dealt to cb6de180 
Dealt to 48e92b8 
Dealt to c6d505f1 
Dealt to 7c7ea9f2 
7c7ea9f2: folds
Hero: folds
dd888ae9: raises $0.15 to $0.25
cb6de180: folds
48e92b8: folds
c6d505f1: folds
Uncalled bet ($0.15) returned to dd888ae9
*** SHOWDOWN ***
dd888ae9 collected $0.25 from pot
*** SUMMARY ***
Total pot $0.25 | Rake $0 | Jackpot $0 | Bingo $0 | Fortune $0 | Tax $0
Seat 1: Hero folded before Flop (didn't bet)
Seat 2: dd888ae9 collected ($0.25)
Seat 3: cb6de180 (button) folded before Flop (didn't bet)
Seat 4: 48e92b8 (small blind) folded before Flop
Seat 5: c6d505f1 (big blind) folded before Flop
Seat 6: 7c7ea9f2 folded before Flop (didn't bet)


Poker Hand #HD1852544900: Hold'em No Limit ($0.05/$0.1) - 2024/07/11 16:30:02
Table 'NLHRed90' 6-max Seat #2 is the button
Seat 1: Hero ($10.62 in chips)
Seat 2: dd888ae9 ($11.36 in chips)
Seat 3: cb6de180 ($10.05 in chips)
Seat 4: 48e92b8 ($10 in chips)
Seat 6: 7c7ea9f2 ($14.5 in chips)
cb6de180: posts small blind $0.05
48e92b8: posts big blind $0.1
*** HOLE CARDS ***
Dealt to Hero [2c Ts]
Dealt to dd888ae9 
Dealt to cb6de180 
Dealt to 48e92b8 
Dealt to 7c7ea9f2 
7c7ea9f2: calls $0.1
Hero: folds
dd888ae9: raises $0.3 to $0.4
cb6de180: folds
48e92b8: folds
7c7ea9f2: calls $0.3
*** FLOP *** [8s 6d 2s]
7c7ea9f2: checks
dd888ae9: bets $0.32
7c7ea9f2: calls $0.32
*** TURN *** [8s 6d 2s] [8d]
7c7ea9f2: checks
dd888ae9: bets $0.6
7c7ea9f2: raises $1.4 to $2
dd888ae9: calls $1.4
*** RIVER *** [8s 6d 2s 8d] [5s]
7c7ea9f2: bets $2.8
dd888ae9: calls $2.8
7c7ea9f2: shows [Qd 9d] (Pair of Eights)
dd888ae9: shows [Js Jd] (Pair of Jacks and Pair of Eights)
*** SHOWDOWN ***
dd888ae9 collected $10.54 from pot
*** SUMMARY ***
Total pot $11.19 | Rake $0.55 | Jackpot $0.1 | Bingo $0 | Fortune $0 | Tax $0
Board [8s 6d 2s 8d 5s]
Seat 1: Hero folded before Flop (didn't bet)
Seat 2: dd888ae9 (button) showed [Js Jd] and won ($10.54) with Pair of Jacks and Pair of Eights
Seat 3: cb6de180 (small blind) folded before Flop
Seat 4: 48e92b8 (big blind) folded before Flop
Seat 6: 7c7ea9f2 showed [Qd 9d] and lost with Pair of Eights


Poker Hand #HD1852544872: Hold'em No Limit ($0.05/$0.1) - 2024/07/11 16:29:50
Table 'NLHRed90' 6-max Seat #1 is the button
Seat 1: Hero ($10.62 in chips)
Seat 2: dd888ae9 ($11.41 in chips)
Seat 3: cb6de180 ($10 in chips)
Seat 4: 48e92b8 ($10 in chips)
Seat 6: 7c7ea9f2 ($14.5 in chips)
dd888ae9: posts small blind $0.05
cb6de180: posts big blind $0.1
*** HOLE CARDS ***
Dealt to Hero [Ks 6c]
Dealt to dd888ae9 
Dealt to cb6de180 
Dealt to 48e92b8 
Dealt to 7c7ea9f2 
48e92b8: folds
7c7ea9f2: folds
Hero: folds
dd888ae9: folds
Uncalled bet ($0.05) returned to cb6de180
*** SHOWDOWN ***
cb6de180 collected $0.1 from pot
*** SUMMARY ***
Total pot $0.1 | Rake $0 | Jackpot $0 | Bingo $0 | Fortune $0 | Tax $0
Seat 1: Hero (button) folded before Flop (didn't bet)
Seat 2: dd888ae9 (small blind) folded before Flop
Seat 3: cb6de180 (big blind) collected ($0.1)
Seat 4: 48e92b8 folded before Flop (didn't bet)
Seat 6: 7c7ea9f2 folded before Flop (didn't bet)


Poker Hand #HD1852544756: Hold'em No Limit ($0.05/$0.1) - 2024/07/11 16:29:00
Table 'NLHRed90' 6-max Seat #6 is the button
Seat 1: Hero ($10.67 in chips)
Seat 2: dd888ae9 ($10 in chips)
Seat 3: cb6de180 ($10 in chips)
Seat 4: 48e92b8 ($10 in chips)
Seat 6: 7c7ea9f2 ($16.12 in chips)
Hero: posts small blind $0.05
dd888ae9: posts big blind $0.1
*** HOLE CARDS ***
Dealt to Hero [3d 9c]
Dealt to dd888ae9 
Dealt to cb6de180 
Dealt to 48e92b8 
Dealt to 7c7ea9f2 
cb6de180: folds
48e92b8: folds
7c7ea9f2: raises $0.2 to $0.3
Hero: folds
dd888ae9: calls $0.2
*** FLOP *** [Ks 7s 6c]
dd888ae9: checks
7c7ea9f2: checks
*** TURN *** [Ks 7s 6c] [7h]
dd888ae9: bets $0.33
7c7ea9f2: calls $0.33
*** RIVER *** [Ks 7s 6c 7h] [7d]
dd888ae9: checks
7c7ea9f2: bets $0.99
dd888ae9: calls $0.99
7c7ea9f2: shows [3h 3s] (Sevens Full over Treys)
dd888ae9: shows [9s 6s] (Sevens Full over Sixes)
*** SHOWDOWN ***
dd888ae9 collected $3.03 from pot
*** SUMMARY ***
Total pot $3.29 | Rake $0.16 | Jackpot $0.1 | Bingo $0 | Fortune $0 | Tax $0
Board [Ks 7s 6c 7h 7d]
Seat 1: Hero (small blind) folded before Flop
Seat 2: dd888ae9 (big blind) showed [9s 6s] and won ($3.03) with Sevens Full over Sixes
Seat 3: cb6de180 folded before Flop (didn't bet)
Seat 4: 48e92b8 folded before Flop (didn't bet)
Seat 6: 7c7ea9f2 (button) showed [3h 3s] and lost with Sevens Full over Treys


Poker Hand #HD1852544667: Hold'em No Limit ($0.05/$0.1) - 2024/07/11 16:28:19
Table 'NLHRed90' 6-max Seat #4 is the button
Seat 1: Hero ($10.67 in chips)
Seat 3: cb6de180 ($10 in chips)
Seat 4: 48e92b8 ($10 in chips)
Seat 5: 1cb92017 ($18.37 in chips)
Seat 6: 7c7ea9f2 ($16.42 in chips)
1cb92017: posts small blind $0.05
7c7ea9f2: posts big blind $0.1
*** HOLE CARDS ***
Dealt to Hero [2c Kh]
Dealt to cb6de180 
Dealt to 48e92b8 
Dealt to 1cb92017 
Dealt to 7c7ea9f2 
Hero: folds
cb6de180: folds
48e92b8: folds
1cb92017: raises $0.2 to $0.3
7c7ea9f2: calls $0.2
*** FLOP *** [7h 4s 4h]
1cb92017: checks
7c7ea9f2: checks
*** TURN *** [7h 4s 4h] [6d]
1cb92017: checks
7c7ea9f2: checks
*** RIVER *** [7h 4s 4h 6d] [2d]
1cb92017: checks
7c7ea9f2: checks
1cb92017: shows [8d 7c] (Pair of Sevens and Pair of Fours)
7c7ea9f2: shows [Js Qd] (Pair of Fours)
*** SHOWDOWN ***
1cb92017 collected $0.57 from pot
*** SUMMARY ***
Total pot $0.6 | Rake $0.03 | Jackpot $0 | Bingo $0 | Fortune $0 | Tax $0
Board [7h 4s 4h 6d 2d]
Seat 1: Hero folded before Flop (didn't bet)
Seat 3: cb6de180 folded before Flop (didn't bet)
Seat 4: 48e92b8 (button) folded before Flop (didn't bet)
Seat 5: 1cb92017 (small blind) showed [8d 7c] and won ($0.57) with Pair of Sevens and Pair of Fours
Seat 6: 7c7ea9f2 (big blind) showed [Js Qd] and lost with Pair of Fours


Poker Hand #HD1852544643: Hold'em No Limit ($0.05/$0.1) - 2024/07/11 16:28:04
Table 'NLHRed90' 6-max Seat #3 is the button
Seat 1: Hero ($10.67 in chips)
Seat 3: cb6de180 ($10 in chips)
Seat 4: 48e92b8 ($10 in chips)
Seat 5: 1cb92017 ($18.32 in chips)
Seat 6: 7c7ea9f2 ($16.42 in chips)
48e92b8: posts small blind $0.05
1cb92017: posts big blind $0.1
*** HOLE CARDS ***
Dealt to Hero [Kh 2d]
Dealt to cb6de180 
Dealt to 48e92b8 
Dealt to 1cb92017 
Dealt to 7c7ea9f2 
7c7ea9f2: folds
Hero: folds
cb6de180: folds
48e92b8: folds
Uncalled bet ($0.05) returned to 1cb92017
*** SHOWDOWN ***
1cb92017 collected $0.1 from pot
*** SUMMARY ***
Total pot $0.1 | Rake $0 | Jackpot $0 | Bingo $0 | Fortune $0 | Tax $0
Seat 1: Hero folded before Flop (didn't bet)
Seat 3: cb6de180 (button) folded before Flop (didn't bet)
Seat 4: 48e92b8 (small blind) folded before Flop
Seat 5: 1cb92017 (big blind) collected ($0.1)
Seat 6: 7c7ea9f2 folded before Flop (didn't bet)


Poker Hand #HD1852544617: Hold'em No Limit ($0.05/$0.1) - 2024/07/11 16:27:51
Table 'NLHRed90' 6-max Seat #1 is the button
Seat 1: Hero ($10.67 in chips)
Seat 3: cb6de180 ($10 in chips)
Seat 4: 48e92b8 ($10 in chips)
Seat 5: 1cb92017 ($18.17 in chips)
Seat 6: 7c7ea9f2 ($16.42 in chips)
cb6de180: posts small blind $0.05
48e92b8: posts big blind $0.1
*** HOLE CARDS ***
Dealt to Hero [6h 8d]
Dealt to cb6de180 
Dealt to 48e92b8 
Dealt to 1cb92017 
Dealt to 7c7ea9f2 
1cb92017: raises $0.1 to $0.2
7c7ea9f2: folds
Hero: folds
cb6de180: folds
48e92b8: folds
Uncalled bet ($0.1) returned to 1cb92017
*** SHOWDOWN ***
1cb92017 collected $0.25 from pot
*** SUMMARY ***
Total pot $0.25 | Rake $0 | Jackpot $0 | Bingo $0 | Fortune $0 | Tax $0
Seat 1: Hero (button) folded before Flop (didn't bet)
Seat 3: cb6de180 (small blind) folded before Flop
Seat 4: 48e92b8 (big blind) folded before Flop
Seat 5: 1cb92017 collected ($0.25)
Seat 6: 7c7ea9f2 folded before Flop (didn't bet)


Poker Hand #HD1852544462: Hold'em No Limit ($0.05/$0.1) - 2024/07/11 16:26:41
Table 'NLHRed90' 6-max Seat #6 is the button
Seat 1: Hero ($10.72 in chips)
Seat 3: cb6de180 ($10 in chips)
Seat 4: 48e92b8 ($10 in chips)
Seat 5: 1cb92017 ($18.17 in chips)
Seat 6: 7c7ea9f2 ($14.1 in chips)
Hero: posts small blind $0.05
cb6de180: posts big blind $0.1
*** HOLE CARDS ***
Dealt to Hero [Ac 3c]
Dealt to cb6de180 
Dealt to 48e92b8 
Dealt to 1cb92017 
Dealt to 7c7ea9f2 
48e92b8: folds
1cb92017: folds
7c7ea9f2: raises $0.2 to $0.3
Hero: folds
cb6de180: raises $1 to $1.3
7c7ea9f2: calls $1
*** FLOP *** [8s 2d Ts]
cb6de180: checks
7c7ea9f2: checks
*** TURN *** [8s 2d Ts] [2c]
cb6de180: checks
7c7ea9f2: bets $1.33
cb6de180: calls $1.33
*** RIVER *** [8s 2d Ts 2c] [Jh]
cb6de180: checks
7c7ea9f2: bets $2.66
cb6de180: folds
Uncalled bet ($2.66) returned to 7c7ea9f2
*** SHOWDOWN ***
7c7ea9f2 collected $4.95 from pot
*** SUMMARY ***
Total pot $5.31 | Rake $0.26 | Jackpot $0.1 | Bingo $0 | Fortune $0 | Tax $0
Board [8s 2d Ts 2c Jh]
Seat 1: Hero (small blind) folded before Flop
Seat 3: cb6de180 (big blind) folded on the River
Seat 4: 48e92b8 folded before Flop (didn't bet)
Seat 5: 1cb92017 folded before Flop (didn't bet)
Seat 6: 7c7ea9f2 (button) won ($4.95)


Poker Hand #HD1852544328: Hold'em No Limit ($0.05/$0.1) - 2024/07/11 16:25:39
Table 'NLHRed90' 6-max Seat #5 is the button
Seat 1: Hero ($10.15 in chips)
Seat 2: 7e0217b3 ($10 in chips)
Seat 3: cb6de180 ($10 in chips)
Seat 4: 48e92b8 ($10 in chips)
Seat 5: 1cb92017 ($18.17 in chips)
Seat 6: 7c7ea9f2 ($14.73 in chips)
7c7ea9f2: posts small blind $0.05
Hero: posts big blind $0.1
*** HOLE CARDS ***
Dealt to Hero [8h 6s]
Dealt to 7e0217b3 
Dealt to cb6de180 
Dealt to 48e92b8 
Dealt to 1cb92017 
Dealt to 7c7ea9f2 
7e0217b3: folds
cb6de180: folds
48e92b8: folds
1cb92017: folds
7c7ea9f2: calls $0.05
Hero: checks
*** FLOP *** [8s 9c 8c]
7c7ea9f2: checks
Hero: checks
*** TURN *** [8s 9c 8c] [3d]
7c7ea9f2: bets $0.15
Hero: calls $0.15
*** RIVER *** [8s 9c 8c 3d] [As]
7c7ea9f2: bets $0.38
Hero: raises $0.72 to $1.1
7c7ea9f2: folds
Uncalled bet ($0.72) returned to Hero
*** SHOWDOWN ***
Hero collected $1.2 from pot
*** SUMMARY ***
Total pot $1.26 | Rake $0.06 | Jackpot $0 | Bingo $0 | Fortune $0 | Tax $0
Board [8s 9c 8c 3d As]
Seat 1: Hero (big blind) won ($1.2)
Seat 2: 7e0217b3 folded before Flop (didn't bet)
Seat 3: cb6de180 folded before Flop (didn't bet)
Seat 4: 48e92b8 folded before Flop (didn't bet)
Seat 5: 1cb92017 (button) folded before Flop (didn't bet)
Seat 6: 7c7ea9f2 (small blind) folded on the River


Poker Hand #HD1852544302: Hold'em No Limit ($0.05/$0.1) - 2024/07/11 16:25:26
Table 'NLHRed90' 6-max Seat #4 is the button
Seat 1: Hero ($10.15 in chips)
Seat 2: 7e0217b3 ($10 in chips)
Seat 3: cb6de180 ($10 in chips)
Seat 4: 48e92b8 ($10 in chips)
Seat 5: 1cb92017 ($18.22 in chips)
Seat 6: 7c7ea9f2 ($14.68 in chips)
1cb92017: posts small blind $0.05
7c7ea9f2: posts big blind $0.1
*** HOLE CARDS ***
Dealt to Hero [6c 5d]
Dealt to 7e0217b3 
Dealt to cb6de180 
Dealt to 48e92b8 
Dealt to 1cb92017 
Dealt to 7c7ea9f2 
Hero: folds
7e0217b3: folds
cb6de180: folds
48e92b8: folds
1cb92017: folds
Uncalled bet ($0.05) returned to 7c7ea9f2
*** SHOWDOWN ***
7c7ea9f2 collected $0.1 from pot
*** SUMMARY ***
Total pot $0.1 | Rake $0 | Jackpot $0 | Bingo $0 | Fortune $0 | Tax $0
Seat 1: Hero folded before Flop (didn't bet)
Seat 2: 7e0217b3 folded before Flop (didn't bet)
Seat 3: cb6de180 folded before Flop (didn't bet)
Seat 4: 48e92b8 (button) folded before Flop (didn't bet)
Seat 5: 1cb92017 (small blind) folded before Flop
Seat 6: 7c7ea9f2 (big blind) collected ($0.1)


Poker Hand #HD1852544173: Hold'em No Limit ($0.05/$0.1) - 2024/07/11 16:24:25
Table 'NLHRed90' 6-max Seat #3 is the button
Seat 1: Hero ($10.15 in chips)
Seat 2: 7e0217b3 ($10 in chips)
Seat 3: cb6de180 ($10 in chips)
Seat 4: 48e92b8 ($10 in chips)
Seat 5: 1cb92017 ($18.32 in chips)
Seat 6: 7c7ea9f2 ($13.56 in chips)
48e92b8: posts small blind $0.05
1cb92017: posts big blind $0.1
*** HOLE CARDS ***
Dealt to Hero [9c 8d]
Dealt to 7e0217b3 
Dealt to cb6de180 
Dealt to 48e92b8 
Dealt to 1cb92017 
Dealt to 7c7ea9f2 
7c7ea9f2: calls $0.1
Hero: folds
7e0217b3: raises $0.4 to $0.5
cb6de180: folds
48e92b8: folds
1cb92017: folds
7c7ea9f2: raises $0.58 to $1.08
7e0217b3: calls $0.58
*** FLOP *** [3d 7s Th]
7c7ea9f2: checks
7e0217b3: checks
*** TURN *** [3d 7s Th] [3s]
7c7ea9f2: checks
7e0217b3: checks
*** RIVER *** [3d 7s Th 3s] [5c]
7c7ea9f2: bets $1.74
7e0217b3: folds
Uncalled bet ($1.74) returned to 7c7ea9f2
*** SHOWDOWN ***
7c7ea9f2 collected $2.2 from pot
*** SUMMARY ***
Total pot $2.31 | Rake $0.11 | Jackpot $0 | Bingo $0 | Fortune $0 | Tax $0
Board [3d 7s Th 3s 5c]
Seat 1: Hero folded before Flop (didn't bet)
Seat 2: 7e0217b3 folded on the River
Seat 3: cb6de180 (button) folded before Flop (didn't bet)
Seat 4: 48e92b8 (small blind) folded before Flop
Seat 5: 1cb92017 (big blind) folded before Flop
Seat 6: 7c7ea9f2 won ($2.2)


Poker Hand #HD1852544110: Hold'em No Limit ($0.05/$0.1) - 2024/07/11 16:23:59
Table 'NLHRed90' 6-max Seat #2 is the button
Seat 1: Hero ($10 in chips)
Seat 2: 7e0217b3 ($10 in chips)
Seat 3: cb6de180 ($10 in chips)
Seat 4: 48e92b8 ($10 in chips)
Seat 5: 1cb92017 ($18.32 in chips)
Seat 6: 7c7ea9f2 ($13.56 in chips)
cb6de180: posts small blind $0.05
48e92b8: posts big blind $0.1
*** HOLE CARDS ***
Dealt to Hero [Qc 5c]
Dealt to 7e0217b3 
Dealt to cb6de180 
Dealt to 48e92b8 
Dealt to 1cb92017 
Dealt to 7c7ea9f2 
1cb92017: folds
7c7ea9f2: folds
Hero: raises $0.14 to $0.24
7e0217b3: folds
cb6de180: folds
48e92b8: folds
Uncalled bet ($0.14) returned to Hero
*** SHOWDOWN ***
Hero collected $0.25 from pot
*** SUMMARY ***
Total pot $0.25 | Rake $0 | Jackpot $0 | Bingo $0 | Fortune $0 | Tax $0
Seat 1: Hero collected ($0.25)
Seat 2: 7e0217b3 (button) folded before Flop (didn't bet)
Seat 3: cb6de180 (small blind) folded before Flop
Seat 4: 48e92b8 (big blind) folded before Flop
Seat 5: 1cb92017 folded before Flop (didn't bet)
Seat 6: 7c7ea9f2 folded before Flop (didn't bet)


Poker Hand #HD1852543970: Hold'em No Limit ($0.05/$0.1) - 2024/07/11 16:22:54
Table 'NLHRed90' 6-max Seat #1 is the button
Seat 1: Hero ($10 in chips)
Seat 2: 7e0217b3 ($10 in chips)
Seat 3: cb6de180 ($10 in chips)
Seat 4: 48e92b8 ($10 in chips)
Seat 5: 1cb92017 ($18.32 in chips)
Seat 6: 7c7ea9f2 ($12.92 in chips)
7e0217b3: posts small blind $0.05
cb6de180: posts big blind $0.1
*** HOLE CARDS ***
Dealt to Hero [Kd 4c]
Dealt to 7e0217b3 
Dealt to cb6de180 
Dealt to 48e92b8 
Dealt to 1cb92017 
Dealt to 7c7ea9f2 
48e92b8: folds
1cb92017: folds
7c7ea9f2: calls $0.1
Hero: folds
7e0217b3: folds
cb6de180: checks
*** FLOP *** [5s 4h Jd]
cb6de180: checks
7c7ea9f2: checks
*** TURN *** [5s 4h Jd] [2d]
cb6de180: bets $0.2
7c7ea9f2: calls $0.2
*** RIVER *** [5s 4h Jd 2d] [5c]
cb6de180: bets $0.35
7c7ea9f2: raises $1.02 to $1.37
cb6de180: folds
Uncalled bet ($1.02) returned to 7c7ea9f2
*** SHOWDOWN ***
7c7ea9f2 collected $1.29 from pot
*** SUMMARY ***
Total pot $1.35 | Rake $0.06 | Jackpot $0 | Bingo $0 | Fortune $0 | Tax $0
Board [5s 4h Jd 2d 5c]
Seat 1: Hero (button) folded before Flop (didn't bet)
Seat 2: 7e0217b3 (small blind) folded before Flop
Seat 3: cb6de180 (big blind) folded on the River
Seat 4: 48e92b8 folded before Flop (didn't bet)
Seat 5: 1cb92017 folded before Flop (didn't bet)
Seat 6: 7c7ea9f2 won ($1.29)


Poker Hand #HD1852543938: Hold'em No Limit ($0.05/$0.1) - 2024/07/11 16:22:40
Table 'NLHRed90' 6-max Seat #6 is the button
Seat 1: Hero ($10 in chips)
Seat 2: 7e0217b3 ($10 in chips)
Seat 4: 48e92b8 ($10 in chips)
Seat 5: 1cb92017 ($18.32 in chips)
Seat 6: 7c7ea9f2 ($12.77 in chips)
Hero: posts small blind $0.05
7e0217b3: posts big blind $0.1
*** HOLE CARDS ***
Dealt to Hero [6c 4s]
Dealt to 7e0217b3 
Dealt to 48e92b8 
Dealt to 1cb92017 
Dealt to 7c7ea9f2 
48e92b8: folds
1cb92017: folds
7c7ea9f2: raises $0.2 to $0.3
Hero: folds
7e0217b3: folds
Uncalled bet ($0.2) returned to 7c7ea9f2
*** SHOWDOWN ***
7c7ea9f2 collected $0.25 from pot
*** SUMMARY ***
Total pot $0.25 | Rake $0 | Jackpot $0 | Bingo $0 | Fortune $0 | Tax $0
Seat 1: Hero (small blind) folded before Flop
Seat 2: 7e0217b3 (big blind) folded before Flop
Seat 4: 48e92b8 folded before Flop (didn't bet)
Seat 5: 1cb92017 folded before Flop (didn't bet)
Seat 6: 7c7ea9f2 (button) collected ($0.25)


Poker Hand #HD1852543902: Hold'em No Limit ($0.05/$0.1) - 2024/07/11 16:22:23
Table 'NLHRed90' 6-max Seat #5 is the button
Seat 1: Hero ($10 in chips)
Seat 2: 7e0217b3 ($10 in chips)
Seat 4: 48e92b8 ($10 in chips)
Seat 5: 1cb92017 ($18.17 in chips)
Seat 6: 7c7ea9f2 ($12.82 in chips)
7c7ea9f2: posts small blind $0.05
Hero: posts big blind $0.1
*** HOLE CARDS ***
Dealt to Hero [7h Tc]
Dealt to 7e0217b3 
Dealt to 48e92b8 
Dealt to 1cb92017 
Dealt to 7c7ea9f2 
7e0217b3: folds
48e92b8: folds
1cb92017: raises $0.15 to $0.25
7c7ea9f2: folds
Hero: folds
Uncalled bet ($0.15) returned to 1cb92017
*** SHOWDOWN ***
1cb92017 collected $0.25 from pot
*** SUMMARY ***
Total pot $0.25 | Rake $0 | Jackpot $0 | Bingo $0 | Fortune $0 | Tax $0
Seat 1: Hero (big blind) folded before Flop
Seat 2: 7e0217b3 folded before Flop (didn't bet)
Seat 4: 48e92b8 folded before Flop (didn't bet)
Seat 5: 1cb92017 (button) collected ($0.25)
Seat 6: 7c7ea9f2 (small blind) folded before Flop


