Poker Hand #HD1770772117: Hold'em No Limit ($0.05/$0.1) - 2024/05/13 15:21:28
Table 'NLHRed43' 6-max Seat #5 is the button
Seat 1: 192a947e ($9.9 in chips)
Seat 2: 55013f0e ($14.2 in chips)
Seat 3: 2a3924e6 ($10 in chips)
Seat 4: ab0e9607 ($6.65 in chips)
Seat 5: 544f9833 ($10.14 in chips)
Seat 6: Hero ($11.38 in chips)
Hero: posts small blind $0.05
192a947e: posts big blind $0.1
*** HOLE CARDS ***
Dealt to 192a947e 
Dealt to 55013f0e 
Dealt to 2a3924e6 
Dealt to ab0e9607 
Dealt to 544f9833 
Dealt to Hero [8h Jh]
55013f0e: folds
2a3924e6: folds
ab0e9607: folds
544f9833: folds
Hero: folds
Uncalled bet ($0.05) returned to 192a947e
*** SHOWDOWN ***
192a947e collected $0.1 from pot
*** SUMMARY ***
Total pot $0.1 | Rake $0 | Jackpot $0 | Bingo $0 | Fortune $0 | Tax $0
Seat 1: 192a947e (big blind) collected ($0.1)
Seat 2: 55013f0e folded before Flop (didn't bet)
Seat 3: 2a3924e6 folded before Flop (didn't bet)
Seat 4: ab0e9607 folded before Flop (didn't bet)
Seat 5: 544f9833 (button) folded before Flop (didn't bet)
Seat 6: Hero (small blind) folded before Flop


Poker Hand #HD1770772072: Hold'em No Limit ($0.05/$0.1) - 2024/05/13 15:21:08
Table 'NLHRed43' 6-max Seat #4 is the button
Seat 1: 192a947e ($9.9 in chips)
Seat 2: 55013f0e ($14.2 in chips)
Seat 3: 2a3924e6 ($10 in chips)
Seat 4: ab0e9607 ($6.65 in chips)
Seat 5: 544f9833 ($10.19 in chips)
Seat 6: Hero ($11.33 in chips)
544f9833: posts small blind $0.05
Hero: posts big blind $0.1
*** HOLE CARDS ***
Dealt to 192a947e 
Dealt to 55013f0e 
Dealt to 2a3924e6 
Dealt to ab0e9607 
Dealt to 544f9833 
Dealt to Hero [5d Ah]
192a947e: folds
55013f0e: folds
2a3924e6: folds
ab0e9607: folds
544f9833: folds
Uncalled bet ($0.05) returned to Hero
*** SHOWDOWN ***
Hero collected $0.1 from pot
*** SUMMARY ***
Total pot $0.1 | Rake $0 | Jackpot $0 | Bingo $0 | Fortune $0 | Tax $0
Seat 1: 192a947e folded before Flop (didn't bet)
Seat 2: 55013f0e folded before Flop (didn't bet)
Seat 3: 2a3924e6 folded before Flop (didn't bet)
Seat 4: ab0e9607 (button) folded before Flop (didn't bet)
Seat 5: 544f9833 (small blind) folded before Flop
Seat 6: Hero (big blind) collected ($0.1)


Poker Hand #HD1770772007: Hold'em No Limit ($0.05/$0.1) - 2024/05/13 15:20:36
Table 'NLHRed43' 6-max Seat #3 is the button
Seat 1: 192a947e ($10 in chips)
Seat 2: 55013f0e ($14.2 in chips)
Seat 3: 2a3924e6 ($10 in chips)
Seat 4: ab0e9607 ($6.75 in chips)
Seat 5: 544f9833 ($10 in chips)
Seat 6: Hero ($11.33 in chips)
ab0e9607: posts small blind $0.05
544f9833: posts big blind $0.1
192a947e: posts big blind $0.1
*** HOLE CARDS ***
Dealt to 192a947e 
Dealt to 55013f0e 
Dealt to 2a3924e6 
Dealt to ab0e9607 
Dealt to 544f9833 
Dealt to Hero [2d 3s]
Hero: folds
192a947e: checks
55013f0e: folds
2a3924e6: folds
ab0e9607: calls $0.05
544f9833: raises $0.4 to $0.5
192a947e: folds
ab0e9607: folds
Uncalled bet ($0.4) returned to 544f9833
*** SHOWDOWN ***
544f9833 collected $0.29 from pot
*** SUMMARY ***
Total pot $0.3 | Rake $0.01 | Jackpot $0 | Bingo $0 | Fortune $0 | Tax $0
Seat 1: 192a947e folded before Flop
Seat 2: 55013f0e folded before Flop (didn't bet)
Seat 3: 2a3924e6 (button) folded before Flop (didn't bet)
Seat 4: ab0e9607 (small blind) folded before Flop
Seat 5: 544f9833 (big blind) collected ($0.29)
Seat 6: Hero folded before Flop (didn't bet)


Poker Hand #HD1770771864: Hold'em No Limit ($0.05/$0.1) - 2024/05/13 15:19:17
Table 'NLHRed43' 6-max Seat #2 is the button
Seat 2: 55013f0e ($14.2 in chips)
Seat 3: 2a3924e6 ($10.55 in chips)
Seat 4: ab0e9607 ($5.58 in chips)
Seat 6: Hero ($11.33 in chips)
2a3924e6: posts small blind $0.05
ab0e9607: posts big blind $0.1
*** HOLE CARDS ***
Dealt to 55013f0e 
Dealt to 2a3924e6 
Dealt to ab0e9607 
Dealt to Hero [5h 8c]
Hero: folds
55013f0e: folds
2a3924e6: raises $0.2 to $0.3
ab0e9607: calls $0.2
*** FLOP *** [4d 7c 4c]
2a3924e6: checks
ab0e9607: bets $0.2
2a3924e6: calls $0.2
*** TURN *** [4d 7c 4c] [Qd]
2a3924e6: checks
ab0e9607: checks
*** RIVER *** [4d 7c 4c Qd] [5d]
2a3924e6: bets $0.8
ab0e9607: calls $0.8
2a3924e6: shows [9d Ks] (Pair of Fours)
ab0e9607: shows [4h 3d] (Three Fours)
*** SHOWDOWN ***
ab0e9607 collected $2.47 from pot
*** SUMMARY ***
Total pot $2.6 | Rake $0.13 | Jackpot $0 | Bingo $0 | Fortune $0 | Tax $0
Board [4d 7c 4c Qd 5d]
Seat 2: 55013f0e (button) folded before Flop (didn't bet)
Seat 3: 2a3924e6 (small blind) showed [9d Ks] and lost with Pair of Fours
Seat 4: ab0e9607 (big blind) showed [4h 3d] and won ($2.47) with Three Fours
Seat 6: Hero folded before Flop (didn't bet)


Poker Hand #HD1770771793: Hold'em No Limit ($0.05/$0.1) - 2024/05/13 15:18:39
Table 'NLHRed43' 6-max Seat #6 is the button
Seat 2: 55013f0e ($14.25 in chips)
Seat 3: 2a3924e6 ($10.65 in chips)
Seat 4: ab0e9607 ($6.5 in chips)
Seat 6: Hero ($10.36 in chips)
55013f0e: posts small blind $0.05
2a3924e6: posts big blind $0.1
ab0e9607: posts big blind $0.1
*** HOLE CARDS ***
Dealt to 55013f0e 
Dealt to 2a3924e6 
Dealt to ab0e9607 
Dealt to Hero [9c Kh]
ab0e9607: checks
Hero: raises $0.12 to $0.22
55013f0e: folds
2a3924e6: folds
ab0e9607: calls $0.12
*** FLOP *** [8d 3s Kd]
ab0e9607: checks
Hero: checks
*** TURN *** [8d 3s Kd] [5d]
ab0e9607: bets $0.2
Hero: calls $0.2
*** RIVER *** [8d 3s Kd 5d] [Ts]
ab0e9607: bets $0.5
Hero: calls $0.5
ab0e9607: shows [6s 7d] (King-High)
Hero: shows [9c Kh] (Pair of Kings)
*** SHOWDOWN ***
Hero collected $1.89 from pot
*** SUMMARY ***
Total pot $1.99 | Rake $0.1 | Jackpot $0 | Bingo $0 | Fortune $0 | Tax $0
Board [8d 3s Kd 5d Ts]
Seat 2: 55013f0e (small blind) folded before Flop
Seat 3: 2a3924e6 (big blind) folded before Flop
Seat 4: ab0e9607 showed [6s 7d] and lost with King-High
Seat 6: Hero (button) showed [9c Kh] and won ($1.89) with Pair of Kings


Poker Hand #HD1770771637: Hold'em No Limit ($0.05/$0.1) - 2024/05/13 15:17:23
Table 'NLHRed43' 6-max Seat #3 is the button
Seat 2: 55013f0e ($14.25 in chips)
Seat 3: 2a3924e6 ($10.32 in chips)
Seat 4: 8606eef6 ($7.84 in chips)
Seat 5: fa39f598 ($10 in chips)
Seat 6: Hero ($10.56 in chips)
8606eef6: posts small blind $0.05
fa39f598: posts big blind $0.1
*** HOLE CARDS ***
Dealt to 55013f0e 
Dealt to 2a3924e6 
Dealt to 8606eef6 
Dealt to fa39f598 
Dealt to Hero [As Th]
Hero: raises $0.1 to $0.2
55013f0e: folds
2a3924e6: raises $0.44 to $0.64
8606eef6: folds
fa39f598: folds
Hero: folds
Uncalled bet ($0.44) returned to 2a3924e6
*** SHOWDOWN ***
2a3924e6 collected $0.53 from pot
*** SUMMARY ***
Total pot $0.55 | Rake $0.02 | Jackpot $0 | Bingo $0 | Fortune $0 | Tax $0
Seat 2: 55013f0e folded before Flop (didn't bet)
Seat 3: 2a3924e6 (button) collected ($0.53)
Seat 4: 8606eef6 (small blind) folded before Flop
Seat 5: fa39f598 (big blind) folded before Flop
Seat 6: Hero folded before Flop


Poker Hand #HD1770771559: Hold'em No Limit ($0.05/$0.1) - 2024/05/13 15:16:44
Table 'NLHRed43' 6-max Seat #2 is the button
Seat 1: ad2bbd35 ($5.4 in chips)
Seat 2: 55013f0e ($14.5 in chips)
Seat 3: 2a3924e6 ($10 in chips)
Seat 4: 8606eef6 ($7.94 in chips)
Seat 6: Hero ($10.56 in chips)
2a3924e6: posts small blind $0.05
8606eef6: posts big blind $0.1
*** HOLE CARDS ***
Dealt to ad2bbd35 
Dealt to 55013f0e 
Dealt to 2a3924e6 
Dealt to 8606eef6 
Dealt to Hero [9s 3s]
Hero: folds
ad2bbd35: folds
55013f0e: raises $0.15 to $0.25
2a3924e6: raises $0.75 to $1
8606eef6: folds
55013f0e: folds
Uncalled bet ($0.75) returned to 2a3924e6
*** SHOWDOWN ***
2a3924e6 collected $0.57 from pot
*** SUMMARY ***
Total pot $0.6 | Rake $0.03 | Jackpot $0 | Bingo $0 | Fortune $0 | Tax $0
Seat 1: ad2bbd35 folded before Flop (didn't bet)
Seat 2: 55013f0e (button) folded before Flop
Seat 3: 2a3924e6 (small blind) collected ($0.57)
Seat 4: 8606eef6 (big blind) folded before Flop
Seat 6: Hero folded before Flop (didn't bet)


Poker Hand #HD1770771510: Hold'em No Limit ($0.05/$0.1) - 2024/05/13 15:16:21
Table 'NLHRed43' 6-max Seat #1 is the button
Seat 1: ad2bbd35 ($5.4 in chips)
Seat 2: 55013f0e ($14.55 in chips)
Seat 3: 2a3924e6 ($10 in chips)
Seat 4: 8606eef6 ($7.79 in chips)
Seat 6: Hero ($10.56 in chips)
55013f0e: posts small blind $0.05
2a3924e6: posts big blind $0.1
*** HOLE CARDS ***
Dealt to ad2bbd35 
Dealt to 55013f0e 
Dealt to 2a3924e6 
Dealt to 8606eef6 
Dealt to Hero [3d 6h]
8606eef6: raises $0.13 to $0.23
Hero: folds
ad2bbd35: folds
55013f0e: folds
2a3924e6: folds
Uncalled bet ($0.13) returned to 8606eef6
*** SHOWDOWN ***
8606eef6 collected $0.25 from pot
*** SUMMARY ***
Total pot $0.25 | Rake $0 | Jackpot $0 | Bingo $0 | Fortune $0 | Tax $0
Seat 1: ad2bbd35 (button) folded before Flop (didn't bet)
Seat 2: 55013f0e (small blind) folded before Flop
Seat 3: 2a3924e6 (big blind) folded before Flop
Seat 4: 8606eef6 collected ($0.25)
Seat 6: Hero folded before Flop (didn't bet)


Poker Hand #HD1770771387: Hold'em No Limit ($0.05/$0.1) - 2024/05/13 15:15:19
Table 'NLHRed43' 6-max Seat #6 is the button
Seat 1: ad2bbd35 ($10.56 in chips)
Seat 2: 55013f0e ($10 in chips)
Seat 4: 8606eef6 ($7.79 in chips)
Seat 5: df639b26 ($10.8 in chips)
Seat 6: Hero ($10.56 in chips)
ad2bbd35: posts small blind $0.05
55013f0e: posts big blind $0.1
*** HOLE CARDS ***
Dealt to ad2bbd35 
Dealt to 55013f0e 
Dealt to 8606eef6 
Dealt to df639b26 
Dealt to Hero [6d Kh]
8606eef6: folds
df639b26: folds
Hero: folds
ad2bbd35: raises $0.15 to $0.25
55013f0e: calls $0.15
*** FLOP *** [7s Ah Jh]
ad2bbd35: bets $0.17
55013f0e: calls $0.17
*** TURN *** [7s Ah Jh] [8c]
ad2bbd35: checks
55013f0e: bets $0.63
ad2bbd35: raises $0.67 to $1.3
55013f0e: calls $0.67
*** RIVER *** [7s Ah Jh 8c] [Js]
ad2bbd35: checks
55013f0e: bets $3.44
ad2bbd35: calls $3.44
55013f0e: shows [8s Jd] (Jacks Full over Eights)
ad2bbd35: shows [6s Ac] (Pair of Aces and Pair of Jacks)
*** SHOWDOWN ***
55013f0e collected $9.71 from pot
*** SUMMARY ***
Total pot $10.32 | Rake $0.51 | Jackpot $0.1 | Bingo $0 | Fortune $0 | Tax $0
Board [7s Ah Jh 8c Js]
Seat 1: ad2bbd35 (small blind) showed [6s Ac] and lost with Pair of Aces and Pair of Jacks
Seat 2: 55013f0e (big blind) showed [8s Jd] and won ($9.71) with Jacks Full over Eights
Seat 4: 8606eef6 folded before Flop (didn't bet)
Seat 5: df639b26 folded before Flop (didn't bet)
Seat 6: Hero (button) folded before Flop (didn't bet)


Poker Hand #HD1770771363: Hold'em No Limit ($0.05/$0.1) - 2024/05/13 15:15:09
Table 'NLHRed43' 6-max Seat #5 is the button
Seat 1: ad2bbd35 ($10.66 in chips)
Seat 4: 8606eef6 ($7.64 in chips)
Seat 5: df639b26 ($10.8 in chips)
Seat 6: Hero ($10.61 in chips)
Hero: posts small blind $0.05
ad2bbd35: posts big blind $0.1
*** HOLE CARDS ***
Dealt to ad2bbd35 
Dealt to 8606eef6 
Dealt to df639b26 
Dealt to Hero [Tc 4c]
8606eef6: raises $0.13 to $0.23
df639b26: folds
Hero: folds
ad2bbd35: folds
Uncalled bet ($0.13) returned to 8606eef6
*** SHOWDOWN ***
8606eef6 collected $0.25 from pot
*** SUMMARY ***
Total pot $0.25 | Rake $0 | Jackpot $0 | Bingo $0 | Fortune $0 | Tax $0
Seat 1: ad2bbd35 (big blind) folded before Flop
Seat 4: 8606eef6 collected ($0.25)
Seat 5: df639b26 (button) folded before Flop (didn't bet)
Seat 6: Hero (small blind) folded before Flop


Poker Hand #HD1770771321: Hold'em No Limit ($0.05/$0.1) - 2024/05/13 15:14:47
Table 'NLHRed43' 6-max Seat #4 is the button
Seat 1: ad2bbd35 ($10.66 in chips)
Seat 4: 8606eef6 ($7.64 in chips)
Seat 5: df639b26 ($10.71 in chips)
Seat 6: Hero ($10.71 in chips)
df639b26: posts small blind $0.05
Hero: posts big blind $0.1
*** HOLE CARDS ***
Dealt to ad2bbd35 
Dealt to 8606eef6 
Dealt to df639b26 
Dealt to Hero [Jd 7d]
ad2bbd35: folds
8606eef6: folds
df639b26: calls $0.05
Hero: checks
*** FLOP *** [3c Kc 8s]
df639b26: bets $0.1
Hero: folds
Uncalled bet ($0.1) returned to df639b26
*** SHOWDOWN ***
df639b26 collected $0.19 from pot
*** SUMMARY ***
Total pot $0.2 | Rake $0.01 | Jackpot $0 | Bingo $0 | Fortune $0 | Tax $0
Board [3c Kc 8s]
Seat 1: ad2bbd35 folded before Flop (didn't bet)
Seat 4: 8606eef6 (button) folded before Flop (didn't bet)
Seat 5: df639b26 (small blind) won ($0.19)
Seat 6: Hero (big blind) folded on the Flop


Poker Hand #HD1770771281: Hold'em No Limit ($0.05/$0.1) - 2024/05/13 15:14:28
Table 'NLHRed43' 6-max Seat #1 is the button
Seat 1: ad2bbd35 ($10.66 in chips)
Seat 4: 8606eef6 ($7.87 in chips)
Seat 5: df639b26 ($10.5 in chips)
Seat 6: Hero ($10.71 in chips)
8606eef6: posts small blind $0.05
df639b26: posts big blind $0.1
*** HOLE CARDS ***
Dealt to ad2bbd35 
Dealt to 8606eef6 
Dealt to df639b26 
Dealt to Hero [Qc 8d]
Hero: folds
ad2bbd35: folds
8606eef6: raises $0.13 to $0.23
df639b26: raises $0.42 to $0.65
8606eef6: folds
Uncalled bet ($0.42) returned to df639b26
*** SHOWDOWN ***
df639b26 collected $0.44 from pot
*** SUMMARY ***
Total pot $0.46 | Rake $0.02 | Jackpot $0 | Bingo $0 | Fortune $0 | Tax $0
Seat 1: ad2bbd35 (button) folded before Flop (didn't bet)
Seat 4: 8606eef6 (small blind) folded before Flop
Seat 5: df639b26 (big blind) collected ($0.44)
Seat 6: Hero folded before Flop (didn't bet)


Poker Hand #HD1770771179: Hold'em No Limit ($0.05/$0.1) - 2024/05/13 15:13:38
Table 'NLHRed43' 6-max Seat #6 is the button
Seat 1: ad2bbd35 ($10.91 in chips)
Seat 4: 8606eef6 ($9.26 in chips)
Seat 5: df639b26 ($9.1 in chips)
Seat 6: Hero ($10.71 in chips)
ad2bbd35: posts small blind $0.05
8606eef6: posts big blind $0.1
*** HOLE CARDS ***
Dealt to ad2bbd35 
Dealt to 8606eef6 
Dealt to df639b26 
Dealt to Hero [2d Kc]
df639b26: raises $0.15 to $0.25
Hero: folds
ad2bbd35: calls $0.2
8606eef6: calls $0.15
*** FLOP *** [4d Kd Js]
ad2bbd35: checks
8606eef6: bets $0.38
df639b26: calls $0.38
ad2bbd35: folds
*** TURN *** [4d Kd Js] [As]
8606eef6: bets $0.76
df639b26: calls $0.76
*** RIVER *** [4d Kd Js As] [9d]
8606eef6: checks
df639b26: checks
8606eef6: shows [9s Th] (Pair of Nines)
df639b26: shows [Qc Ad] (Pair of Aces)
*** SHOWDOWN ***
df639b26 collected $2.79 from pot
*** SUMMARY ***
Total pot $3.03 | Rake $0.14 | Jackpot $0.1 | Bingo $0 | Fortune $0 | Tax $0
Board [4d Kd Js As 9d]
Seat 1: ad2bbd35 (small blind) folded on the Flop
Seat 4: 8606eef6 (big blind) showed [9s Th] and lost with Pair of Nines
Seat 5: df639b26 showed [Qc Ad] and won ($2.79) with Pair of Aces
Seat 6: Hero (button) folded before Flop (didn't bet)


Poker Hand #HD1770771150: Hold'em No Limit ($0.05/$0.1) - 2024/05/13 15:13:26
Table 'NLHRed43' 6-max Seat #5 is the button
Seat 1: ad2bbd35 ($10.86 in chips)
Seat 5: df639b26 ($9.1 in chips)
Seat 6: Hero ($10.76 in chips)
Hero: posts small blind $0.05
ad2bbd35: posts big blind $0.1
*** HOLE CARDS ***
Dealt to ad2bbd35 
Dealt to df639b26 
Dealt to Hero [Ah 3s]
df639b26: folds
Hero: folds
Uncalled bet ($0.05) returned to ad2bbd35
*** SHOWDOWN ***
ad2bbd35 collected $0.1 from pot
*** SUMMARY ***
Total pot $0.1 | Rake $0 | Jackpot $0 | Bingo $0 | Fortune $0 | Tax $0
Seat 1: ad2bbd35 (big blind) collected ($0.1)
Seat 5: df639b26 (button) folded before Flop (didn't bet)
Seat 6: Hero (small blind) folded before Flop


Poker Hand #HD1770770859: Hold'em No Limit ($0.05/$0.1) - 2024/05/13 15:10:52
Table 'NLHRed43' 6-max Seat #1 is the button
Seat 1: ad2bbd35 ($10.08 in chips)
Seat 2: 55013f0e ($10 in chips)
Seat 3: bd86c05f ($10 in chips)
Seat 4: 8606eef6 ($9.41 in chips)
Seat 5: df639b26 ($9.65 in chips)
Seat 6: Hero ($10.76 in chips)
55013f0e: posts small blind $0.05
bd86c05f: posts big blind $0.1
8606eef6: posts big blind $0.1
8606eef6: posts missed blind $0.05
*** HOLE CARDS ***
Dealt to ad2bbd35 
Dealt to 55013f0e 
Dealt to bd86c05f 
Dealt to 8606eef6 
Dealt to df639b26 
Dealt to Hero [5h 4d]
8606eef6: checks
df639b26: calls $0.1
Hero: folds
ad2bbd35: calls $0.1
55013f0e: folds
bd86c05f: checks
*** FLOP *** [7d Ts Kh]
bd86c05f: checks
8606eef6: checks
df639b26: checks
ad2bbd35: bets $0.17
bd86c05f: folds
8606eef6: folds
df639b26: calls $0.17
*** TURN *** [7d Ts Kh] [Tc]
df639b26: checks
ad2bbd35: bets $0.28
df639b26: calls $0.28
*** RIVER *** [7d Ts Kh Tc] [8s]
df639b26: checks
ad2bbd35: bets $1.4
df639b26: folds
Uncalled bet ($1.4) returned to ad2bbd35
*** SHOWDOWN ***
ad2bbd35 collected $1.33 from pot
*** SUMMARY ***
Total pot $1.4 | Rake $0.07 | Jackpot $0 | Bingo $0 | Fortune $0 | Tax $0
Board [7d Ts Kh Tc 8s]
Seat 1: ad2bbd35 (button) won ($1.33)
Seat 2: 55013f0e (small blind) folded before Flop
Seat 3: bd86c05f (big blind) folded on the Flop
Seat 4: 8606eef6 folded on the Flop
Seat 5: df639b26 folded on the River
Seat 6: Hero folded before Flop (didn't bet)


Poker Hand #HD1770770723: Hold'em No Limit ($0.05/$0.1) - 2024/05/13 15:09:49
Table 'NLHRed43' 6-max Seat #6 is the button
Seat 1: ad2bbd35 ($7.47 in chips)
Seat 2: 55013f0e ($10.6 in chips)
Seat 3: bd86c05f ($10 in chips)
Seat 5: df639b26 ($9.65 in chips)
Seat 6: Hero ($10.76 in chips)
ad2bbd35: posts small blind $0.05
55013f0e: posts big blind $0.1
*** HOLE CARDS ***
Dealt to ad2bbd35 
Dealt to 55013f0e 
Dealt to bd86c05f 
Dealt to df639b26 
Dealt to Hero [Tc 3c]
bd86c05f: folds
df639b26: folds
Hero: folds
ad2bbd35: calls $0.05
55013f0e: raises $0.3 to $0.4
ad2bbd35: calls $0.3
*** FLOP *** [6d Ad 6h]
ad2bbd35: checks
55013f0e: bets $0.2
ad2bbd35: raises $0.9 to $1.1
55013f0e: calls $0.9
*** TURN *** [6d Ad 6h] [5c]
ad2bbd35: checks
55013f0e: bets $0.75
ad2bbd35: raises $0.75 to $1.5
55013f0e: calls $0.75
*** RIVER *** [6d Ad 6h 5c] [9c]
ad2bbd35: bets $4.47 and is all-in
55013f0e: folds
Uncalled bet ($4.47) returned to ad2bbd35
ad2bbd35: shows [Kc] (Pair of Sixes)
*** SHOWDOWN ***
ad2bbd35 collected $5.61 from pot
*** SUMMARY ***
Total pot $6 | Rake $0.29 | Jackpot $0.1 | Bingo $0 | Fortune $0 | Tax $0
Board [6d Ad 6h 5c 9c]
Seat 1: ad2bbd35 (small blind) showed [Kc] and won ($5.61)
Seat 2: 55013f0e (big blind) folded on the River
Seat 3: bd86c05f folded before Flop (didn't bet)
Seat 5: df639b26 folded before Flop (didn't bet)
Seat 6: Hero (button) folded before Flop (didn't bet)


Poker Hand #HD1770770693: Hold'em No Limit ($0.05/$0.1) - 2024/05/13 15:09:34
Table 'NLHRed43' 6-max Seat #5 is the button
Seat 1: ad2bbd35 ($7.57 in chips)
Seat 2: 55013f0e ($10.6 in chips)
Seat 3: bd86c05f ($10 in chips)
Seat 5: df639b26 ($9.65 in chips)
Seat 6: Hero ($10.66 in chips)
Hero: posts small blind $0.05
ad2bbd35: posts big blind $0.1
*** HOLE CARDS ***
Dealt to ad2bbd35 
Dealt to 55013f0e 
Dealt to bd86c05f 
Dealt to df639b26 
Dealt to Hero [Ah 4s]
55013f0e: folds
bd86c05f: folds
df639b26: folds
Hero: raises $0.2 to $0.3
ad2bbd35: folds
Uncalled bet ($0.2) returned to Hero
*** SHOWDOWN ***
Hero collected $0.2 from pot
*** SUMMARY ***
Total pot $0.2 | Rake $0 | Jackpot $0 | Bingo $0 | Fortune $0 | Tax $0
Seat 1: ad2bbd35 (big blind) folded before Flop
Seat 2: 55013f0e folded before Flop (didn't bet)
Seat 3: bd86c05f folded before Flop (didn't bet)
Seat 5: df639b26 (button) folded before Flop (didn't bet)
Seat 6: Hero (small blind) collected ($0.2)


Poker Hand #HD1770770669: Hold'em No Limit ($0.05/$0.1) - 2024/05/13 15:09:22
Table 'NLHRed43' 6-max Seat #3 is the button
Seat 1: ad2bbd35 ($7.57 in chips)
Seat 2: 55013f0e ($10.6 in chips)
Seat 3: bd86c05f ($10 in chips)
Seat 5: df639b26 ($9.7 in chips)
Seat 6: Hero ($10.61 in chips)
df639b26: posts small blind $0.05
Hero: posts big blind $0.1
*** HOLE CARDS ***
Dealt to ad2bbd35 
Dealt to 55013f0e 
Dealt to bd86c05f 
Dealt to df639b26 
Dealt to Hero [8s Qd]
ad2bbd35: folds
55013f0e: folds
bd86c05f: folds
df639b26: folds
Uncalled bet ($0.05) returned to Hero
*** SHOWDOWN ***
Hero collected $0.1 from pot
*** SUMMARY ***
Total pot $0.1 | Rake $0 | Jackpot $0 | Bingo $0 | Fortune $0 | Tax $0
Seat 1: ad2bbd35 folded before Flop (didn't bet)
Seat 2: 55013f0e folded before Flop (didn't bet)
Seat 3: bd86c05f (button) folded before Flop (didn't bet)
Seat 5: df639b26 (small blind) folded before Flop
Seat 6: Hero (big blind) collected ($0.1)


Poker Hand #HD1770770646: Hold'em No Limit ($0.05/$0.1) - 2024/05/13 15:09:09
Table 'NLHRed43' 6-max Seat #2 is the button
Seat 1: ad2bbd35 ($7.57 in chips)
Seat 2: 55013f0e ($10.6 in chips)
Seat 3: bd86c05f ($10.05 in chips)
Seat 5: df639b26 ($9.65 in chips)
Seat 6: Hero ($10.61 in chips)
bd86c05f: posts small blind $0.05
df639b26: posts big blind $0.1
*** HOLE CARDS ***
Dealt to ad2bbd35 
Dealt to 55013f0e 
Dealt to bd86c05f 
Dealt to df639b26 
Dealt to Hero [8c 7h]
Hero: folds
ad2bbd35: folds
55013f0e: folds
bd86c05f: folds
Uncalled bet ($0.05) returned to df639b26
*** SHOWDOWN ***
df639b26 collected $0.1 from pot
*** SUMMARY ***
Total pot $0.1 | Rake $0 | Jackpot $0 | Bingo $0 | Fortune $0 | Tax $0
Seat 1: ad2bbd35 folded before Flop (didn't bet)
Seat 2: 55013f0e (button) folded before Flop (didn't bet)
Seat 3: bd86c05f (small blind) folded before Flop
Seat 5: df639b26 (big blind) collected ($0.1)
Seat 6: Hero folded before Flop (didn't bet)


Poker Hand #HD1770770597: Hold'em No Limit ($0.05/$0.1) - 2024/05/13 15:08:46
Table 'NLHRed43' 6-max Seat #1 is the button
Seat 1: ad2bbd35 ($7.42 in chips)
Seat 2: 55013f0e ($10.65 in chips)
Seat 3: bd86c05f ($10.15 in chips)
Seat 4: 8606eef6 ($9.41 in chips)
Seat 5: df639b26 ($9.65 in chips)
Seat 6: Hero ($10.61 in chips)
55013f0e: posts small blind $0.05
bd86c05f: posts big blind $0.1
*** HOLE CARDS ***
Dealt to ad2bbd35 
Dealt to 55013f0e 
Dealt to bd86c05f 
Dealt to 8606eef6 
Dealt to df639b26 
Dealt to Hero [5h 8d]
8606eef6: folds
df639b26: folds
Hero: folds
ad2bbd35: raises $0.15 to $0.25
55013f0e: folds
bd86c05f: folds
Uncalled bet ($0.15) returned to ad2bbd35
*** SHOWDOWN ***
ad2bbd35 collected $0.25 from pot
*** SUMMARY ***
Total pot $0.25 | Rake $0 | Jackpot $0 | Bingo $0 | Fortune $0 | Tax $0
Seat 1: ad2bbd35 (button) collected ($0.25)
Seat 2: 55013f0e (small blind) folded before Flop
Seat 3: bd86c05f (big blind) folded before Flop
Seat 4: 8606eef6 folded before Flop (didn't bet)
Seat 5: df639b26 folded before Flop (didn't bet)
Seat 6: Hero folded before Flop (didn't bet)


Poker Hand #HD1770770515: Hold'em No Limit ($0.05/$0.1) - 2024/05/13 15:07:59
Table 'NLHRed43' 6-max Seat #6 is the button
Seat 1: ad2bbd35 ($7.47 in chips)
Seat 2: 55013f0e ($10.22 in chips)
Seat 3: bd86c05f ($10.15 in chips)
Seat 4: 8606eef6 ($9.41 in chips)
Seat 5: df639b26 ($9.65 in chips)
Seat 6: Hero ($11.03 in chips)
ad2bbd35: posts small blind $0.05
55013f0e: posts big blind $0.1
*** HOLE CARDS ***
Dealt to ad2bbd35 
Dealt to 55013f0e 
Dealt to bd86c05f 
Dealt to 8606eef6 
Dealt to df639b26 
Dealt to Hero [As 8d]
bd86c05f: folds
8606eef6: folds
df639b26: folds
Hero: raises $0.14 to $0.24
ad2bbd35: folds
55013f0e: calls $0.14
*** FLOP *** [Jh Kd Tc]
55013f0e: checks
Hero: bets $0.18
55013f0e: raises $0.45 to $0.63
Hero: folds
Uncalled bet ($0.45) returned to 55013f0e
*** SHOWDOWN ***
55013f0e collected $0.85 from pot
*** SUMMARY ***
Total pot $0.89 | Rake $0.04 | Jackpot $0 | Bingo $0 | Fortune $0 | Tax $0
Board [Jh Kd Tc]
Seat 1: ad2bbd35 (small blind) folded before Flop
Seat 2: 55013f0e (big blind) won ($0.85)
Seat 3: bd86c05f folded before Flop (didn't bet)
Seat 4: 8606eef6 folded before Flop (didn't bet)
Seat 5: df639b26 folded before Flop (didn't bet)
Seat 6: Hero (button) folded on the Flop


Poker Hand #HD1770770482: Hold'em No Limit ($0.05/$0.1) - 2024/05/13 15:07:43
Table 'NLHRed43' 6-max Seat #5 is the button
Seat 1: ad2bbd35 ($7.42 in chips)
Seat 2: 55013f0e ($10.22 in chips)
Seat 3: bd86c05f ($10.15 in chips)
Seat 4: 8606eef6 ($9.41 in chips)
Seat 5: df639b26 ($9.65 in chips)
Seat 6: Hero ($11.08 in chips)
Hero: posts small blind $0.05
ad2bbd35: posts big blind $0.1
*** HOLE CARDS ***
Dealt to ad2bbd35 
Dealt to 55013f0e 
Dealt to bd86c05f 
Dealt to 8606eef6 
Dealt to df639b26 
Dealt to Hero [5d Kc]
55013f0e: folds
bd86c05f: folds
8606eef6: folds
df639b26: folds
Hero: folds
Uncalled bet ($0.05) returned to ad2bbd35
*** SHOWDOWN ***
ad2bbd35 collected $0.1 from pot
*** SUMMARY ***
Total pot $0.1 | Rake $0 | Jackpot $0 | Bingo $0 | Fortune $0 | Tax $0
Seat 1: ad2bbd35 (big blind) collected ($0.1)
Seat 2: 55013f0e folded before Flop (didn't bet)
Seat 3: bd86c05f folded before Flop (didn't bet)
Seat 4: 8606eef6 folded before Flop (didn't bet)
Seat 5: df639b26 (button) folded before Flop (didn't bet)
Seat 6: Hero (small blind) folded before Flop


Poker Hand #HD1770770421: Hold'em No Limit ($0.05/$0.1) - 2024/05/13 15:07:12
Table 'NLHRed43' 6-max Seat #4 is the button
Seat 1: ad2bbd35 ($7.42 in chips)
Seat 2: 55013f0e ($10.22 in chips)
Seat 3: bd86c05f ($10.15 in chips)
Seat 4: 8606eef6 ($9.27 in chips)
Seat 5: df639b26 ($9.7 in chips)
Seat 6: Hero ($11.18 in chips)
df639b26: posts small blind $0.05
Hero: posts big blind $0.1
*** HOLE CARDS ***
Dealt to ad2bbd35 
Dealt to 55013f0e 
Dealt to bd86c05f 
Dealt to 8606eef6 
Dealt to df639b26 
Dealt to Hero [4h Qh]
ad2bbd35: folds
55013f0e: folds
bd86c05f: folds
8606eef6: calls $0.1
df639b26: folds
Hero: checks
*** FLOP *** [3c Jd 5c]
Hero: checks
8606eef6: bets $0.13
Hero: folds
Uncalled bet ($0.13) returned to 8606eef6
*** SHOWDOWN ***
8606eef6 collected $0.24 from pot
*** SUMMARY ***
Total pot $0.25 | Rake $0.01 | Jackpot $0 | Bingo $0 | Fortune $0 | Tax $0
Board [3c Jd 5c]
Seat 1: ad2bbd35 folded before Flop (didn't bet)
Seat 2: 55013f0e folded before Flop (didn't bet)
Seat 3: bd86c05f folded before Flop (didn't bet)
Seat 4: 8606eef6 (button) won ($0.24)
Seat 5: df639b26 (small blind) folded before Flop
Seat 6: Hero (big blind) folded on the Flop


Poker Hand #HD1770770320: Hold'em No Limit ($0.05/$0.1) - 2024/05/13 15:06:22
Table 'NLHRed43' 6-max Seat #3 is the button
Seat 1: ad2bbd35 ($7.42 in chips)
Seat 2: 55013f0e ($10.22 in chips)
Seat 3: bd86c05f ($10 in chips)
Seat 4: 8606eef6 ($9.32 in chips)
Seat 5: df639b26 ($9.8 in chips)
Seat 6: Hero ($11.18 in chips)
8606eef6: posts small blind $0.05
df639b26: posts big blind $0.1
*** HOLE CARDS ***
Dealt to ad2bbd35 
Dealt to 55013f0e 
Dealt to bd86c05f 
Dealt to 8606eef6 
Dealt to df639b26 
Dealt to Hero [6s 3s]
Hero: folds
ad2bbd35: folds
55013f0e: folds
bd86c05f: raises $0.15 to $0.25
8606eef6: folds
df639b26: folds
Uncalled bet ($0.15) returned to bd86c05f
*** SHOWDOWN ***
bd86c05f collected $0.25 from pot
*** SUMMARY ***
Total pot $0.25 | Rake $0 | Jackpot $0 | Bingo $0 | Fortune $0 | Tax $0
Seat 1: ad2bbd35 folded before Flop (didn't bet)
Seat 2: 55013f0e folded before Flop (didn't bet)
Seat 3: bd86c05f (button) collected ($0.25)
Seat 4: 8606eef6 (small blind) folded before Flop
Seat 5: df639b26 (big blind) folded before Flop
Seat 6: Hero folded before Flop (didn't bet)


Poker Hand #HD1770770225: Hold'em No Limit ($0.05/$0.1) - 2024/05/13 15:05:32
Table 'NLHRed43' 6-max Seat #2 is the button
Seat 1: ad2bbd35 ($7.42 in chips)
Seat 2: 55013f0e ($10.22 in chips)
Seat 3: bd86c05f ($10 in chips)
Seat 4: 8606eef6 ($9.05 in chips)
Seat 5: df639b26 ($9.8 in chips)
Seat 6: Hero ($11.18 in chips)
bd86c05f: posts small blind $0.05
8606eef6: posts big blind $0.1
*** HOLE CARDS ***
Dealt to ad2bbd35 
Dealt to 55013f0e 
Dealt to bd86c05f 
Dealt to 8606eef6 
Dealt to df639b26 
Dealt to Hero [Ah 2c]
df639b26: folds
Hero: folds
ad2bbd35: folds
55013f0e: folds
bd86c05f: raises $0.2 to $0.3
8606eef6: calls $0.2
*** FLOP *** [4s Ks 6s]
bd86c05f: checks
8606eef6: bets $0.3
bd86c05f: folds
Uncalled bet ($0.3) returned to 8606eef6
*** SHOWDOWN ***
8606eef6 collected $0.57 from pot
*** SUMMARY ***
Total pot $0.6 | Rake $0.03 | Jackpot $0 | Bingo $0 | Fortune $0 | Tax $0
Board [4s Ks 6s]
Seat 1: ad2bbd35 folded before Flop (didn't bet)
Seat 2: 55013f0e (button) folded before Flop (didn't bet)
Seat 3: bd86c05f (small blind) folded on the Flop
Seat 4: 8606eef6 (big blind) won ($0.57)
Seat 5: df639b26 folded before Flop (didn't bet)
Seat 6: Hero folded before Flop (didn't bet)


Poker Hand #HD1770770125: Hold'em No Limit ($0.05/$0.1) - 2024/05/13 15:04:44
Table 'NLHRed43' 6-max Seat #1 is the button
Seat 1: ad2bbd35 ($7.42 in chips)
Seat 2: 55013f0e ($10.27 in chips)
Seat 3: bd86c05f ($10 in chips)
Seat 4: 8606eef6 ($9.05 in chips)
Seat 5: df639b26 ($9.8 in chips)
Seat 6: Hero ($10.91 in chips)
55013f0e: posts small blind $0.05
bd86c05f: posts big blind $0.1
*** HOLE CARDS ***
Dealt to ad2bbd35 
Dealt to 55013f0e 
Dealt to bd86c05f 
Dealt to 8606eef6 
Dealt to df639b26 
Dealt to Hero [Js 9s]
8606eef6: folds
df639b26: folds
Hero: raises $0.14 to $0.24
ad2bbd35: folds
55013f0e: folds
bd86c05f: calls $0.14
*** FLOP *** [Ts Ks Ah]
bd86c05f: checks
Hero: bets $0.2
bd86c05f: folds
Uncalled bet ($0.2) returned to Hero
*** SHOWDOWN ***
Hero collected $0.51 from pot
*** SUMMARY ***
Total pot $0.53 | Rake $0.02 | Jackpot $0 | Bingo $0 | Fortune $0 | Tax $0
Board [Ts Ks Ah]
Seat 1: ad2bbd35 (button) folded before Flop (didn't bet)
Seat 2: 55013f0e (small blind) folded before Flop
Seat 3: bd86c05f (big blind) folded on the Flop
Seat 4: 8606eef6 folded before Flop (didn't bet)
Seat 5: df639b26 folded before Flop (didn't bet)
Seat 6: Hero won ($0.51)


Poker Hand #HD1770770055: Hold'em No Limit ($0.05/$0.1) - 2024/05/13 15:04:06
Table 'NLHRed43' 6-max Seat #6 is the button
Seat 1: ad2bbd35 ($7.72 in chips)
Seat 2: 55013f0e ($10 in chips)
Seat 3: bd86c05f ($10 in chips)
Seat 4: 8606eef6 ($9.05 in chips)
Seat 5: df639b26 ($9.8 in chips)
Seat 6: Hero ($10.91 in chips)
ad2bbd35: posts small blind $0.05
55013f0e: posts big blind $0.1
*** HOLE CARDS ***
Dealt to ad2bbd35 
Dealt to 55013f0e 
Dealt to bd86c05f 
Dealt to 8606eef6 
Dealt to df639b26 
Dealt to Hero [3c Tc]
bd86c05f: folds
8606eef6: folds
df639b26: folds
Hero: folds
ad2bbd35: raises $0.2 to $0.3
55013f0e: calls $0.2
*** FLOP *** [6h 2c 6s]
ad2bbd35: checks
55013f0e: bets $0.3
ad2bbd35: folds
Uncalled bet ($0.3) returned to 55013f0e
*** SHOWDOWN ***
55013f0e collected $0.57 from pot
*** SUMMARY ***
Total pot $0.6 | Rake $0.03 | Jackpot $0 | Bingo $0 | Fortune $0 | Tax $0
Board [6h 2c 6s]
Seat 1: ad2bbd35 (small blind) folded on the Flop
Seat 2: 55013f0e (big blind) won ($0.57)
Seat 3: bd86c05f folded before Flop (didn't bet)
Seat 4: 8606eef6 folded before Flop (didn't bet)
Seat 5: df639b26 folded before Flop (didn't bet)
Seat 6: Hero (button) folded before Flop (didn't bet)


Poker Hand #HD1770769999: Hold'em No Limit ($0.05/$0.1) - 2024/05/13 15:03:33
Table 'NLHRed43' 6-max Seat #5 is the button
Seat 1: ad2bbd35 ($7.82 in chips)
Seat 3: bd86c05f ($10 in chips)
Seat 4: 8606eef6 ($9.05 in chips)
Seat 5: df639b26 ($10 in chips)
Seat 6: Hero ($10.63 in chips)
Hero: posts small blind $0.05
ad2bbd35: posts big blind $0.1
*** HOLE CARDS ***
Dealt to ad2bbd35 
Dealt to bd86c05f 
Dealt to 8606eef6 
Dealt to df639b26 
Dealt to Hero [Qd Kd]
bd86c05f: folds
8606eef6: folds
df639b26: raises $0.1 to $0.2
Hero: raises $0.8 to $1
ad2bbd35: folds
df639b26: folds
Uncalled bet ($0.8) returned to Hero
*** SHOWDOWN ***
Hero collected $0.48 from pot
*** SUMMARY ***
Total pot $0.5 | Rake $0.02 | Jackpot $0 | Bingo $0 | Fortune $0 | Tax $0
Seat 1: ad2bbd35 (big blind) folded before Flop
Seat 3: bd86c05f folded before Flop (didn't bet)
Seat 4: 8606eef6 folded before Flop (didn't bet)
Seat 5: df639b26 (button) folded before Flop
Seat 6: Hero (small blind) collected ($0.48)


Poker Hand #HD1770769910: Hold'em No Limit ($0.05/$0.1) - 2024/05/13 15:02:48
Table 'NLHRed43' 6-max Seat #4 is the button
Seat 1: ad2bbd35 ($7.82 in chips)
Seat 3: bd86c05f ($10 in chips)
Seat 4: 8606eef6 ($9.45 in chips)
Seat 5: df639b26 ($10.05 in chips)
Seat 6: Hero ($10.22 in chips)
df639b26: posts small blind $0.05
Hero: posts big blind $0.1
*** HOLE CARDS ***
Dealt to ad2bbd35 
Dealt to bd86c05f 
Dealt to 8606eef6 
Dealt to df639b26 
Dealt to Hero [2d As]
ad2bbd35: folds
bd86c05f: folds
8606eef6: raises $0.13 to $0.23
df639b26: folds
Hero: calls $0.13
*** FLOP *** [Ac Ks 3d]
Hero: checks
8606eef6: checks
*** TURN *** [Ac Ks 3d] [8c]
Hero: bets $0.17
8606eef6: calls $0.17
*** RIVER *** [Ac Ks 3d 8c] [2s]
Hero: bets $0.6
8606eef6: folds
Uncalled bet ($0.6) returned to Hero
*** SHOWDOWN ***
Hero collected $0.81 from pot
*** SUMMARY ***
Total pot $0.85 | Rake $0.04 | Jackpot $0 | Bingo $0 | Fortune $0 | Tax $0
Board [Ac Ks 3d 8c 2s]
Seat 1: ad2bbd35 folded before Flop (didn't bet)
Seat 3: bd86c05f folded before Flop (didn't bet)
Seat 4: 8606eef6 (button) folded on the River
Seat 5: df639b26 (small blind) folded before Flop
Seat 6: Hero (big blind) won ($0.81)


Poker Hand #HD1770769890: Hold'em No Limit ($0.05/$0.1) - 2024/05/13 15:02:37
Table 'NLHRed43' 6-max Seat #3 is the button
Seat 1: ad2bbd35 ($7.82 in chips)
Seat 3: bd86c05f ($10 in chips)
Seat 4: 8606eef6 ($9.5 in chips)
Seat 5: df639b26 ($10 in chips)
Seat 6: Hero ($10.22 in chips)
8606eef6: posts small blind $0.05
df639b26: posts big blind $0.1
*** HOLE CARDS ***
Dealt to ad2bbd35 
Dealt to bd86c05f 
Dealt to 8606eef6 
Dealt to df639b26 
Dealt to Hero [Qd 3c]
Hero: folds
ad2bbd35: folds
bd86c05f: folds
8606eef6: folds
Uncalled bet ($0.05) returned to df639b26
*** SHOWDOWN ***
df639b26 collected $0.1 from pot
*** SUMMARY ***
Total pot $0.1 | Rake $0 | Jackpot $0 | Bingo $0 | Fortune $0 | Tax $0
Seat 1: ad2bbd35 folded before Flop (didn't bet)
Seat 3: bd86c05f (button) folded before Flop (didn't bet)
Seat 4: 8606eef6 (small blind) folded before Flop
Seat 5: df639b26 (big blind) collected ($0.1)
Seat 6: Hero folded before Flop (didn't bet)


Poker Hand #HD1770769789: Hold'em No Limit ($0.05/$0.1) - 2024/05/13 15:01:41
Table 'NLHRed43' 6-max Seat #2 is the button
Seat 1: ad2bbd35 ($6.77 in chips)
Seat 2: 68088fda ($1.02 in chips)
Seat 3: bd86c05f ($10 in chips)
Seat 4: 8606eef6 ($9.6 in chips)
Seat 6: Hero ($10.22 in chips)
bd86c05f: posts small blind $0.05
8606eef6: posts big blind $0.1
*** HOLE CARDS ***
Dealt to ad2bbd35 
Dealt to 68088fda 
Dealt to bd86c05f 
Dealt to 8606eef6 
Dealt to Hero [6c 8s]
Hero: folds
ad2bbd35: calls $0.1
68088fda: raises $0.35 to $0.45
bd86c05f: folds
8606eef6: folds
ad2bbd35: raises $0.45 to $0.9
68088fda: raises $0.12 to $1.02 and is all-in
ad2bbd35: calls $0.12
68088fda: shows [As Js]
ad2bbd35: shows [Ah Ad]
*** FLOP *** [Qh Kh 8h]
*** TURN *** [Qh Kh 8h] [Qd]
ad2bbd35: Chooses to EV Cashout 
*** RIVER *** [Qh Kh 8h Qd] [4s]
ad2bbd35: Pays Cashout Risk ($0.01)
*** SHOWDOWN ***
ad2bbd35 collected $2.08 from pot
*** SUMMARY ***
Total pot $2.19 | Rake $0.11 | Jackpot $0 | Bingo $0 | Fortune $0 | Tax $0
Board [Qh Kh 8h Qd 4s]
Seat 1: ad2bbd35 showed [Ah Ad] and won ($2.08) with Pair of Aces and Pair of Queens, Cashout Risk ($0.01)
Seat 2: 68088fda (button) showed [As Js] and lost with Pair of Queens
Seat 3: bd86c05f (small blind) folded before Flop
Seat 4: 8606eef6 (big blind) folded before Flop
Seat 6: Hero folded before Flop (didn't bet)


Poker Hand #HD1770769644: Hold'em No Limit ($0.05/$0.1) - 2024/05/13 15:00:21
Table 'NLHRed43' 6-max Seat #1 is the button
Seat 1: ad2bbd35 ($5.39 in chips)
Seat 2: 68088fda ($1.71 in chips)
Seat 3: bd86c05f ($10 in chips)
Seat 4: 8606eef6 ($10.29 in chips)
Seat 5: 72f30630 ($11.65 in chips)
Seat 6: Hero ($10.22 in chips)
68088fda: posts small blind $0.05
bd86c05f: posts big blind $0.1
*** HOLE CARDS ***
Dealt to ad2bbd35 
Dealt to 68088fda 
Dealt to bd86c05f 
Dealt to 8606eef6 
Dealt to 72f30630 
Dealt to Hero [Qs 6s]
8606eef6: raises $0.13 to $0.23
72f30630: folds
Hero: folds
ad2bbd35: raises $0.46 to $0.69
68088fda: calls $0.64
bd86c05f: folds
8606eef6: calls $0.46
*** FLOP *** [9s 4h 2h]
68088fda: checks
8606eef6: checks
ad2bbd35: bets $1.2
68088fda: folds
8606eef6: folds
Uncalled bet ($1.2) returned to ad2bbd35
*** SHOWDOWN ***
ad2bbd35 collected $2.07 from pot
*** SUMMARY ***
Total pot $2.17 | Rake $0.1 | Jackpot $0 | Bingo $0 | Fortune $0 | Tax $0
Board [9s 4h 2h]
Seat 1: ad2bbd35 (button) won ($2.07)
Seat 2: 68088fda (small blind) folded on the Flop
Seat 3: bd86c05f (big blind) folded before Flop
Seat 4: 8606eef6 folded on the Flop
Seat 5: 72f30630 folded before Flop (didn't bet)
Seat 6: Hero folded before Flop (didn't bet)


Poker Hand #HD1770769637: Hold'em No Limit ($0.05/$0.1) - 2024/05/13 15:00:12
Table 'NLHRed43' 6-max Seat #6 is the button
Seat 1: ad2bbd35 ($5.44 in chips)
Seat 2: 68088fda ($1.66 in chips)
Seat 3: bd86c05f ($10 in chips)
Seat 4: 8606eef6 ($10.29 in chips)
Seat 5: 72f30630 ($11.65 in chips)
Seat 6: Hero ($10.22 in chips)
ad2bbd35: posts small blind $0.05
68088fda: posts big blind $0.1
*** HOLE CARDS ***
Dealt to ad2bbd35 
Dealt to 68088fda 
Dealt to bd86c05f 
Dealt to 8606eef6 
Dealt to 72f30630 
Dealt to Hero [Qh 4c]
bd86c05f: folds
8606eef6: folds
72f30630: folds
Hero: folds
ad2bbd35: folds
Uncalled bet ($0.05) returned to 68088fda
*** SHOWDOWN ***
68088fda collected $0.1 from pot
*** SUMMARY ***
Total pot $0.1 | Rake $0 | Jackpot $0 | Bingo $0 | Fortune $0 | Tax $0
Seat 1: ad2bbd35 (small blind) folded before Flop
Seat 2: 68088fda (big blind) collected ($0.1)
Seat 3: bd86c05f folded before Flop (didn't bet)
Seat 4: 8606eef6 folded before Flop (didn't bet)
Seat 5: 72f30630 folded before Flop (didn't bet)
Seat 6: Hero (button) folded before Flop (didn't bet)


Poker Hand #HD1770769527: Hold'em No Limit ($0.05/$0.1) - 2024/05/13 14:59:12
Table 'NLHRed43' 6-max Seat #5 is the button
Seat 1: ad2bbd35 ($5.74 in chips)
Seat 2: 68088fda ($1.66 in chips)
Seat 3: bd86c05f ($10 in chips)
Seat 5: 72f30630 ($11.33 in chips)
Seat 6: Hero ($10.27 in chips)
Hero: posts small blind $0.05
ad2bbd35: posts big blind $0.1
*** HOLE CARDS ***
Dealt to ad2bbd35 
Dealt to 68088fda 
Dealt to bd86c05f 
Dealt to 72f30630 
Dealt to Hero [2s 2c]
68088fda: folds
bd86c05f: folds
72f30630: raises $0.2 to $0.3
Hero: folds
ad2bbd35: calls $0.2
*** FLOP *** [8h Jh 7c]
ad2bbd35: checks
72f30630: bets $0.49
ad2bbd35: folds
Uncalled bet ($0.49) returned to 72f30630
*** SHOWDOWN ***
72f30630 collected $0.62 from pot
*** SUMMARY ***
Total pot $0.65 | Rake $0.03 | Jackpot $0 | Bingo $0 | Fortune $0 | Tax $0
Board [8h Jh 7c]
Seat 1: ad2bbd35 (big blind) folded on the Flop
Seat 2: 68088fda folded before Flop (didn't bet)
Seat 3: bd86c05f folded before Flop (didn't bet)
Seat 5: 72f30630 (button) won ($0.62)
Seat 6: Hero (small blind) folded before Flop


Poker Hand #HD1770769477: Hold'em No Limit ($0.05/$0.1) - 2024/05/13 14:58:42
Table 'NLHRed43' 6-max Seat #3 is the button
Seat 1: ad2bbd35 ($5.74 in chips)
Seat 2: 68088fda ($1.66 in chips)
Seat 3: bd86c05f ($10 in chips)
Seat 4: 8606eef6 ($10.34 in chips)
Seat 5: 72f30630 ($11.28 in chips)
Seat 6: Hero ($10.27 in chips)
8606eef6: posts small blind $0.05
72f30630: posts big blind $0.1
*** HOLE CARDS ***
Dealt to ad2bbd35 
Dealt to 68088fda 
Dealt to bd86c05f 
Dealt to 8606eef6 
Dealt to 72f30630 
Dealt to Hero [Kh 5c]
Hero: folds
ad2bbd35: folds
68088fda: folds
bd86c05f: folds
8606eef6: folds
Uncalled bet ($0.05) returned to 72f30630
*** SHOWDOWN ***
72f30630 collected $0.1 from pot
*** SUMMARY ***
Total pot $0.1 | Rake $0 | Jackpot $0 | Bingo $0 | Fortune $0 | Tax $0
Seat 1: ad2bbd35 folded before Flop (didn't bet)
Seat 2: 68088fda folded before Flop (didn't bet)
Seat 3: bd86c05f (button) folded before Flop (didn't bet)
Seat 4: 8606eef6 (small blind) folded before Flop
Seat 5: 72f30630 (big blind) collected ($0.1)
Seat 6: Hero folded before Flop (didn't bet)


Poker Hand #HD1770769418: Hold'em No Limit ($0.05/$0.1) - 2024/05/13 14:58:13
Table 'NLHRed43' 6-max Seat #2 is the button
Seat 1: ad2bbd35 ($5.74 in chips)
Seat 2: 68088fda ($1.24 in chips)
Seat 3: bd86c05f ($10 in chips)
Seat 4: 8606eef6 ($10.44 in chips)
Seat 5: 72f30630 ($11.58 in chips)
Seat 6: Hero ($10.27 in chips)
bd86c05f: posts small blind $0.05
8606eef6: posts big blind $0.1
*** HOLE CARDS ***
Dealt to ad2bbd35 
Dealt to 68088fda 
Dealt to bd86c05f 
Dealt to 8606eef6 
Dealt to 72f30630 
Dealt to Hero [7h 5s]
72f30630: raises $0.2 to $0.3
Hero: folds
ad2bbd35: folds
68088fda: calls $0.3
bd86c05f: folds
8606eef6: folds
*** FLOP *** [2h 2d 6c]
72f30630: checks
68088fda: bets $0.94 and is all-in
72f30630: folds
Uncalled bet ($0.94) returned to 68088fda
*** SHOWDOWN ***
68088fda collected $0.72 from pot
*** SUMMARY ***
Total pot $0.75 | Rake $0.03 | Jackpot $0 | Bingo $0 | Fortune $0 | Tax $0
Board [2h 2d 6c]
Seat 1: ad2bbd35 folded before Flop (didn't bet)
Seat 2: 68088fda (button) won ($0.72)
Seat 3: bd86c05f (small blind) folded before Flop
Seat 4: 8606eef6 (big blind) folded before Flop
Seat 5: 72f30630 folded on the Flop
Seat 6: Hero folded before Flop (didn't bet)


Poker Hand #HD1770769362: Hold'em No Limit ($0.05/$0.1) - 2024/05/13 14:57:38
Table 'NLHRed43' 6-max Seat #1 is the button
Seat 1: ad2bbd35 ($6.61 in chips)
Seat 2: 68088fda ($1.29 in chips)
Seat 3: bd86c05f ($10 in chips)
Seat 4: 8606eef6 ($10.44 in chips)
Seat 5: 72f30630 ($10.65 in chips)
Seat 6: Hero ($10.27 in chips)
68088fda: posts small blind $0.05
bd86c05f: posts big blind $0.1
*** HOLE CARDS ***
Dealt to ad2bbd35 
Dealt to 68088fda 
Dealt to bd86c05f 
Dealt to 8606eef6 
Dealt to 72f30630 
Dealt to Hero [As 5h]
8606eef6: folds
72f30630: raises $0.2 to $0.3
Hero: folds
ad2bbd35: raises $0.57 to $0.87
68088fda: folds
bd86c05f: folds
72f30630: raises $1.42 to $2.29
ad2bbd35: folds
Uncalled bet ($1.42) returned to 72f30630
*** SHOWDOWN ***
72f30630 collected $1.8 from pot
*** SUMMARY ***
Total pot $1.89 | Rake $0.09 | Jackpot $0 | Bingo $0 | Fortune $0 | Tax $0
Seat 1: ad2bbd35 (button) folded before Flop
Seat 2: 68088fda (small blind) folded before Flop
Seat 3: bd86c05f (big blind) folded before Flop
Seat 4: 8606eef6 folded before Flop (didn't bet)
Seat 5: 72f30630 collected ($1.8)
Seat 6: Hero folded before Flop (didn't bet)


Poker Hand #HD1770769262: Hold'em No Limit ($0.05/$0.1) - 2024/05/13 14:56:44
Table 'NLHRed43' 6-max Seat #6 is the button
Seat 1: ad2bbd35 ($6.84 in chips)
Seat 2: 68088fda ($1.52 in chips)
Seat 3: bd86c05f ($10 in chips)
Seat 4: 8606eef6 ($10.67 in chips)
Seat 5: 72f30630 ($10 in chips)
Seat 6: Hero ($10.27 in chips)
ad2bbd35: posts small blind $0.05
68088fda: posts big blind $0.1
72f30630: posts big blind $0.1
*** HOLE CARDS ***
Dealt to ad2bbd35 
Dealt to 68088fda 
Dealt to bd86c05f 
Dealt to 8606eef6 
Dealt to 72f30630 
Dealt to Hero [Jd Th]
bd86c05f: folds
8606eef6: raises $0.13 to $0.23
72f30630: calls $0.13
Hero: folds
ad2bbd35: calls $0.18
68088fda: calls $0.13
*** FLOP *** [3c 7d 9h]
ad2bbd35: checks
68088fda: checks
8606eef6: checks
72f30630: bets $0.92
ad2bbd35: folds
68088fda: folds
8606eef6: folds
Uncalled bet ($0.92) returned to 72f30630
*** SHOWDOWN ***
72f30630 collected $0.88 from pot
*** SUMMARY ***
Total pot $0.92 | Rake $0.04 | Jackpot $0 | Bingo $0 | Fortune $0 | Tax $0
Board [3c 7d 9h]
Seat 1: ad2bbd35 (small blind) folded on the Flop
Seat 2: 68088fda (big blind) folded on the Flop
Seat 3: bd86c05f folded before Flop (didn't bet)
Seat 4: 8606eef6 folded on the Flop
Seat 5: 72f30630 won ($0.88)
Seat 6: Hero (button) folded before Flop (didn't bet)


Poker Hand #HD1770769201: Hold'em No Limit ($0.05/$0.1) - 2024/05/13 14:56:13
Table 'NLHRed43' 6-max Seat #4 is the button
Seat 1: ad2bbd35 ($7.14 in chips)
Seat 2: 68088fda ($1.52 in chips)
Seat 3: bd86c05f ($10 in chips)
Seat 4: 8606eef6 ($10.67 in chips)
Seat 6: Hero ($10 in chips)
Hero: posts small blind $0.05
ad2bbd35: posts big blind $0.1
*** HOLE CARDS ***
Dealt to ad2bbd35 
Dealt to 68088fda 
Dealt to bd86c05f 
Dealt to 8606eef6 
Dealt to Hero [Td 8h]
68088fda: folds
bd86c05f: folds
8606eef6: folds
Hero: raises $0.2 to $0.3
ad2bbd35: calls $0.2
*** FLOP *** [9d 6h 7c]
Hero: bets $0.4
ad2bbd35: folds
Uncalled bet ($0.4) returned to Hero
*** SHOWDOWN ***
Hero collected $0.57 from pot
*** SUMMARY ***
Total pot $0.6 | Rake $0.03 | Jackpot $0 | Bingo $0 | Fortune $0 | Tax $0
Board [9d 6h 7c]
Seat 1: ad2bbd35 (big blind) folded on the Flop
Seat 2: 68088fda folded before Flop (didn't bet)
Seat 3: bd86c05f folded before Flop (didn't bet)
Seat 4: 8606eef6 (button) folded before Flop (didn't bet)
Seat 6: Hero (small blind) won ($0.57)


Poker Hand #HD1770769134: Hold'em No Limit ($0.05/$0.1) - 2024/05/13 14:55:32
Table 'NLHRed43' 6-max Seat #3 is the button
Seat 1: ad2bbd35 ($7.14 in chips)
Seat 2: 68088fda ($1.62 in chips)
Seat 3: bd86c05f ($10 in chips)
Seat 4: 8606eef6 ($10.21 in chips)
Seat 6: Hero ($10 in chips)
8606eef6: posts small blind $0.05
Hero: posts big blind $0.1
*** HOLE CARDS ***
Dealt to ad2bbd35 
Dealt to 68088fda 
Dealt to bd86c05f 
Dealt to 8606eef6 
Dealt to Hero [6s Ac]
ad2bbd35: folds
68088fda: calls $0.1
bd86c05f: raises $0.2 to $0.3
8606eef6: raises $0.4 to $0.7
Hero: folds
68088fda: folds
bd86c05f: folds
Uncalled bet ($0.4) returned to 8606eef6
*** SHOWDOWN ***
8606eef6 collected $0.76 from pot
*** SUMMARY ***
Total pot $0.8 | Rake $0.04 | Jackpot $0 | Bingo $0 | Fortune $0 | Tax $0
Seat 1: ad2bbd35 folded before Flop (didn't bet)
Seat 2: 68088fda folded before Flop
Seat 3: bd86c05f (button) folded before Flop
Seat 4: 8606eef6 (small blind) collected ($0.76)
Seat 6: Hero (big blind) folded before Flop


