Poker Hand #HD1775536152: Hold'em No Limit ($0.05/$0.1) - 2024/05/16 20:18:21
Table 'NLHRed56' 6-max Seat #4 is the button
Seat 1: 20ab9151 ($13.38 in chips)
Seat 2: 35287fa ($5.44 in chips)
Seat 3: 27c94caa ($5.23 in chips)
Seat 4: edbb5efb ($10.55 in chips)
Seat 5: b458780c ($10.47 in chips)
Seat 6: Hero ($10 in chips)
b458780c: posts small blind $0.05
Hero: posts big blind $0.1
35287fa: posts big blind $0.1
35287fa: posts missed blind $0.05
*** HOLE CARDS ***
Dealt to 20ab9151 
Dealt to 35287fa 
Dealt to 27c94caa 
Dealt to edbb5efb 
Dealt to b458780c 
Dealt to Hero [3d Ac]
20ab9151: folds
35287fa: checks
27c94caa: calls $0.1
edbb5efb: folds
b458780c: folds
Hero: checks
*** FLOP *** [Js 9h Kc]
Hero: checks
35287fa: checks
27c94caa: checks
*** TURN *** [Js 9h Kc] [Qs]
Hero: checks
35287fa: checks
27c94caa: bets $0.2
Hero: folds
35287fa: calls $0.2
*** RIVER *** [Js 9h Kc Qs] [Jc]
35287fa: bets $0.4
27c94caa: calls $0.4
35287fa: shows [8h Qh] (Pair of Queens and Pair of Jacks)
27c94caa: shows [5s Ts] (Kings-High Straight)
*** SHOWDOWN ***
27c94caa collected $1.52 from pot
*** SUMMARY ***
Total pot $1.6 | Rake $0.08 | Jackpot $0 | Bingo $0 | Fortune $0 | Tax $0
Board [Js 9h Kc Qs Jc]
Seat 1: 20ab9151 folded before Flop (didn't bet)
Seat 2: 35287fa showed [8h Qh] and lost with Pair of Queens and Pair of Jacks
Seat 3: 27c94caa showed [5s Ts] and won ($1.52) with Kings-High Straight
Seat 4: edbb5efb (button) folded before Flop (didn't bet)
Seat 5: b458780c (small blind) folded before Flop
Seat 6: Hero (big blind) folded on the Turn


Poker Hand #HD1775536123: Hold'em No Limit ($0.05/$0.1) - 2024/05/16 20:18:10
Table 'NLHRed56' 6-max Seat #3 is the button
Seat 1: 20ab9151 ($13.38 in chips)
Seat 3: 27c94caa ($5.23 in chips)
Seat 4: edbb5efb ($10.6 in chips)
Seat 5: b458780c ($10.42 in chips)
Seat 6: Hero ($10 in chips)
edbb5efb: posts small blind $0.05
b458780c: posts big blind $0.1
*** HOLE CARDS ***
Dealt to 20ab9151 
Dealt to 27c94caa 
Dealt to edbb5efb 
Dealt to b458780c 
Dealt to Hero [6c 3h]
Hero: folds
20ab9151: folds
27c94caa: folds
edbb5efb: folds
Uncalled bet ($0.05) returned to b458780c
*** SHOWDOWN ***
b458780c collected $0.1 from pot
*** SUMMARY ***
Total pot $0.1 | Rake $0 | Jackpot $0 | Bingo $0 | Fortune $0 | Tax $0
Seat 1: 20ab9151 folded before Flop (didn't bet)
Seat 3: 27c94caa (button) folded before Flop (didn't bet)
Seat 4: edbb5efb (small blind) folded before Flop
Seat 5: b458780c (big blind) collected ($0.1)
Seat 6: Hero folded before Flop (didn't bet)


Poker Hand #HD1775536008: Hold'em No Limit ($0.05/$0.1) - 2024/05/16 20:17:11
Table 'NLHRed56' 6-max Seat #1 is the button
Seat 1: 20ab9151 ($13.38 in chips)
Seat 3: 27c94caa ($5.73 in chips)
Seat 4: edbb5efb ($10.15 in chips)
Seat 5: b458780c ($10.42 in chips)
Seat 6: Hero ($10 in chips)
27c94caa: posts small blind $0.05
edbb5efb: posts big blind $0.1
*** HOLE CARDS ***
Dealt to 20ab9151 
Dealt to 27c94caa 
Dealt to edbb5efb 
Dealt to b458780c 
Dealt to Hero [9c Ad]
b458780c: folds
Hero: folds
20ab9151: folds
27c94caa: raises $0.2 to $0.3
edbb5efb: calls $0.2
*** FLOP *** [4h 3s 3h]
27c94caa: checks
edbb5efb: checks
*** TURN *** [4h 3s 3h] [Ts]
27c94caa: bets $0.2
edbb5efb: raises $0.66 to $0.86
27c94caa: folds
Uncalled bet ($0.66) returned to edbb5efb
*** SHOWDOWN ***
edbb5efb collected $0.95 from pot
*** SUMMARY ***
Total pot $1 | Rake $0.05 | Jackpot $0 | Bingo $0 | Fortune $0 | Tax $0
Board [4h 3s 3h Ts]
Seat 1: 20ab9151 (button) folded before Flop (didn't bet)
Seat 3: 27c94caa (small blind) folded on the Turn
Seat 4: edbb5efb (big blind) won ($0.95)
Seat 5: b458780c folded before Flop (didn't bet)
Seat 6: Hero folded before Flop (didn't bet)


Poker Hand #HD1775535954: Hold'em No Limit ($0.05/$0.1) - 2024/05/16 20:16:43
Table 'NLHRed56' 6-max Seat #6 is the button
Seat 1: 20ab9151 ($13.11 in chips)
Seat 3: 27c94caa ($6.03 in chips)
Seat 4: edbb5efb ($10.15 in chips)
Seat 5: b458780c ($10.42 in chips)
Seat 6: Hero ($10 in chips)
20ab9151: posts small blind $0.05
27c94caa: posts big blind $0.1
*** HOLE CARDS ***
Dealt to 20ab9151 
Dealt to 27c94caa 
Dealt to edbb5efb 
Dealt to b458780c 
Dealt to Hero [2s 3s]
edbb5efb: folds
b458780c: folds
Hero: folds
20ab9151: raises $0.2 to $0.3
27c94caa: calls $0.2
*** FLOP *** [5d 5h Kd]
20ab9151: bets $0.4
27c94caa: folds
Uncalled bet ($0.4) returned to 20ab9151
*** SHOWDOWN ***
20ab9151 collected $0.57 from pot
*** SUMMARY ***
Total pot $0.6 | Rake $0.03 | Jackpot $0 | Bingo $0 | Fortune $0 | Tax $0
Board [5d 5h Kd]
Seat 1: 20ab9151 (small blind) won ($0.57)
Seat 3: 27c94caa (big blind) folded on the Flop
Seat 4: edbb5efb folded before Flop (didn't bet)
Seat 5: b458780c folded before Flop (didn't bet)
Seat 6: Hero (button) folded before Flop (didn't bet)


Poker Hand #HD1775535897: Hold'em No Limit ($0.05/$0.1) - 2024/05/16 20:16:14
Table 'NLHRed56' 6-max Seat #5 is the button
Seat 1: 20ab9151 ($13.21 in chips)
Seat 2: 35287fa ($5.44 in chips)
Seat 3: 27c94caa ($6.03 in chips)
Seat 4: edbb5efb ($10 in chips)
Seat 5: b458780c ($10.42 in chips)
Seat 6: Hero ($10 in chips)
Hero: posts small blind $0.05
20ab9151: posts big blind $0.1
*** HOLE CARDS ***
Dealt to 20ab9151 
Dealt to 35287fa 
Dealt to 27c94caa 
Dealt to edbb5efb 
Dealt to b458780c 
Dealt to Hero [8s 5h]
35287fa: folds
27c94caa: folds
edbb5efb: raises $0.1 to $0.2
b458780c: folds
Hero: folds
20ab9151: folds
Uncalled bet ($0.1) returned to edbb5efb
*** SHOWDOWN ***
edbb5efb collected $0.25 from pot
*** SUMMARY ***
Total pot $0.25 | Rake $0 | Jackpot $0 | Bingo $0 | Fortune $0 | Tax $0
Seat 1: 20ab9151 (big blind) folded before Flop
Seat 2: 35287fa folded before Flop (didn't bet)
Seat 3: 27c94caa folded before Flop (didn't bet)
Seat 4: edbb5efb collected ($0.25)
Seat 5: b458780c (button) folded before Flop (didn't bet)
Seat 6: Hero (small blind) folded before Flop


Poker Hand #HD1775535737: Hold'em No Limit ($0.05/$0.1) - 2024/05/16 20:14:53
Table 'NLHRed56' 6-max Seat #4 is the button
Seat 1: 20ab9151 ($11.47 in chips)
Seat 2: 35287fa ($5.44 in chips)
Seat 3: 27c94caa ($6.33 in chips)
Seat 4: edbb5efb ($10 in chips)
Seat 5: b458780c ($10.47 in chips)
Seat 6: Hero ($10.4 in chips)
b458780c: posts small blind $0.05
Hero: posts big blind $0.1
27c94caa: posts missed blind $0.05
*** HOLE CARDS ***
Dealt to 20ab9151 
Dealt to 35287fa 
Dealt to 27c94caa 
Dealt to edbb5efb 
Dealt to b458780c 
Dealt to Hero [7s 5s]
20ab9151: raises $0.15 to $0.25
35287fa: folds
27c94caa: calls $0.25
edbb5efb: folds
b458780c: folds
Hero: calls $0.15
*** FLOP *** [5d Ks Ts]
Hero: checks
20ab9151: bets $0.5
27c94caa: folds
Hero: calls $0.5
*** TURN *** [5d Ks Ts] [Kd]
Hero: checks
20ab9151: bets $0.91
Hero: calls $0.91
*** RIVER *** [5d Ks Ts Kd] [Jh]
Hero: checks
20ab9151: bets $4
Hero: folds
Uncalled bet ($4) returned to 20ab9151
*** SHOWDOWN ***
20ab9151 collected $3.4 from pot
*** SUMMARY ***
Total pot $3.67 | Rake $0.17 | Jackpot $0.1 | Bingo $0 | Fortune $0 | Tax $0
Board [5d Ks Ts Kd Jh]
Seat 1: 20ab9151 won ($3.4)
Seat 2: 35287fa folded before Flop (didn't bet)
Seat 3: 27c94caa folded on the Flop
Seat 4: edbb5efb (button) folded before Flop (didn't bet)
Seat 5: b458780c (small blind) folded before Flop
Seat 6: Hero (big blind) folded on the River


Poker Hand #HD1775535668: Hold'em No Limit ($0.05/$0.1) - 2024/05/16 20:14:23
Table 'NLHRed56' 6-max Seat #2 is the button
Seat 1: 20ab9151 ($11.72 in chips)
Seat 2: 35287fa ($5.44 in chips)
Seat 4: edbb5efb ($10 in chips)
Seat 5: b458780c ($10.19 in chips)
Seat 6: Hero ($10.4 in chips)
edbb5efb: posts small blind $0.05
b458780c: posts big blind $0.1
*** HOLE CARDS ***
Dealt to 20ab9151 
Dealt to 35287fa 
Dealt to edbb5efb 
Dealt to b458780c 
Dealt to Hero [Tc 2h]
Hero: folds
20ab9151: raises $0.15 to $0.25
35287fa: folds
edbb5efb: folds
b458780c: raises $0.75 to $1
20ab9151: folds
Uncalled bet ($0.75) returned to b458780c
*** SHOWDOWN ***
b458780c collected $0.53 from pot
*** SUMMARY ***
Total pot $0.55 | Rake $0.02 | Jackpot $0 | Bingo $0 | Fortune $0 | Tax $0
Seat 1: 20ab9151 folded before Flop
Seat 2: 35287fa (button) folded before Flop (didn't bet)
Seat 4: edbb5efb (small blind) folded before Flop
Seat 5: b458780c (big blind) collected ($0.53)
Seat 6: Hero folded before Flop (didn't bet)


Poker Hand #HD1775445446: Hold'em No Limit ($0.05/$0.1) - 2024/05/16 20:12:37
Table 'NLHRed56' 6-max Seat #1 is the button
Seat 1: 20ab9151 ($11.72 in chips)
Seat 2: 35287fa ($4.87 in chips)
Seat 3: 27c94caa ($6.53 in chips)
Seat 4: edbb5efb ($10 in chips)
Seat 5: b458780c ($10.19 in chips)
Seat 6: Hero ($10.4 in chips)
35287fa: posts small blind $0.05
27c94caa: posts big blind $0.1
*** HOLE CARDS ***
Dealt to 20ab9151 
Dealt to 35287fa 
Dealt to 27c94caa 
Dealt to edbb5efb 
Dealt to b458780c 
Dealt to Hero [4d Qh]
edbb5efb: raises $0.1 to $0.2
b458780c: folds
Hero: folds
20ab9151: folds
35287fa: calls $0.15
27c94caa: calls $0.1
*** FLOP *** [9h 9s 8c]
35287fa: checks
27c94caa: checks
edbb5efb: bets $0.22
35287fa: calls $0.22
27c94caa: folds
*** TURN *** [9h 9s 8c] [7s]
35287fa: bets $0.35
edbb5efb: folds
Uncalled bet ($0.35) returned to 35287fa
*** SHOWDOWN ***
35287fa collected $0.99 from pot
*** SUMMARY ***
Total pot $1.04 | Rake $0.05 | Jackpot $0 | Bingo $0 | Fortune $0 | Tax $0
Board [9h 9s 8c 7s]
Seat 1: 20ab9151 (button) folded before Flop (didn't bet)
Seat 2: 35287fa (small blind) won ($0.99)
Seat 3: 27c94caa (big blind) folded on the Flop
Seat 4: edbb5efb folded on the Turn
Seat 5: b458780c folded before Flop (didn't bet)
Seat 6: Hero folded before Flop (didn't bet)


Poker Hand #HD1775445315: Hold'em No Limit ($0.05/$0.1) - 2024/05/16 20:11:36
Table 'NLHRed56' 6-max Seat #6 is the button
Seat 1: 20ab9151 ($10.88 in chips)
Seat 2: 35287fa ($4.97 in chips)
Seat 3: 27c94caa ($6.93 in chips)
Seat 4: edbb5efb ($10 in chips)
Seat 5: b458780c ($10.19 in chips)
Seat 6: Hero ($10.8 in chips)
20ab9151: posts small blind $0.05
35287fa: posts big blind $0.1
*** HOLE CARDS ***
Dealt to 20ab9151 
Dealt to 35287fa 
Dealt to 27c94caa 
Dealt to edbb5efb 
Dealt to b458780c 
Dealt to Hero [7h Ah]
27c94caa: calls $0.1
edbb5efb: folds
b458780c: folds
Hero: raises $0.3 to $0.4
20ab9151: calls $0.35
35287fa: folds
27c94caa: calls $0.3
*** FLOP *** [Ts 2c 3d]
20ab9151: checks
27c94caa: checks
Hero: checks
*** TURN *** [Ts 2c 3d] [Qs]
20ab9151: checks
27c94caa: checks
Hero: checks
*** RIVER *** [Ts 2c 3d Qs] [6s]
20ab9151: checks
27c94caa: checks
Hero: checks
20ab9151: shows [Qc 9c] (Pair of Queens)
27c94caa: shows [Jh As] (Ace-High)
Hero: shows [7h Ah] (Ace-High)
*** SHOWDOWN ***
20ab9151 collected $1.24 from pot
*** SUMMARY ***
Total pot $1.3 | Rake $0.06 | Jackpot $0 | Bingo $0 | Fortune $0 | Tax $0
Board [Ts 2c 3d Qs 6s]
Seat 1: 20ab9151 (small blind) showed [Qc 9c] and won ($1.24) with Pair of Queens
Seat 2: 35287fa (big blind) folded before Flop
Seat 3: 27c94caa showed [Jh As] and lost with Ace-High
Seat 4: edbb5efb folded before Flop (didn't bet)
Seat 5: b458780c folded before Flop (didn't bet)
Seat 6: Hero (button) showed [7h Ah] and lost with Ace-High


Poker Hand #HD1775445260: Hold'em No Limit ($0.05/$0.1) - 2024/05/16 20:11:03
Table 'NLHRed56' 6-max Seat #5 is the button
Seat 1: 20ab9151 ($10.83 in chips)
Seat 2: 35287fa ($4.97 in chips)
Seat 3: 27c94caa ($6.93 in chips)
Seat 4: edbb5efb ($10 in chips)
Seat 5: b458780c ($10.19 in chips)
Seat 6: Hero ($10.85 in chips)
Hero: posts small blind $0.05
20ab9151: posts big blind $0.1
*** HOLE CARDS ***
Dealt to 20ab9151 
Dealt to 35287fa 
Dealt to 27c94caa 
Dealt to edbb5efb 
Dealt to b458780c 
Dealt to Hero [Ks 2s]
35287fa: folds
27c94caa: folds
edbb5efb: folds
b458780c: folds
Hero: folds
Uncalled bet ($0.05) returned to 20ab9151
*** SHOWDOWN ***
20ab9151 collected $0.1 from pot
*** SUMMARY ***
Total pot $0.1 | Rake $0 | Jackpot $0 | Bingo $0 | Fortune $0 | Tax $0
Seat 1: 20ab9151 (big blind) collected ($0.1)
Seat 2: 35287fa folded before Flop (didn't bet)
Seat 3: 27c94caa folded before Flop (didn't bet)
Seat 4: edbb5efb folded before Flop (didn't bet)
Seat 5: b458780c (button) folded before Flop (didn't bet)
Seat 6: Hero (small blind) folded before Flop


Poker Hand #HD1775445189: Hold'em No Limit ($0.05/$0.1) - 2024/05/16 20:10:24
Table 'NLHRed56' 6-max Seat #4 is the button
Seat 1: 20ab9151 ($11.08 in chips)
Seat 2: 35287fa ($4.97 in chips)
Seat 3: 27c94caa ($6.93 in chips)
Seat 4: edbb5efb ($10 in chips)
Seat 5: b458780c ($10.24 in chips)
Seat 6: Hero ($10.57 in chips)
b458780c: posts small blind $0.05
Hero: posts big blind $0.1
*** HOLE CARDS ***
Dealt to 20ab9151 
Dealt to 35287fa 
Dealt to 27c94caa 
Dealt to edbb5efb 
Dealt to b458780c 
Dealt to Hero [Ad Jd]
20ab9151: raises $0.15 to $0.25
35287fa: folds
27c94caa: folds
edbb5efb: folds
b458780c: folds
Hero: raises $0.85 to $1.1
20ab9151: folds
Uncalled bet ($0.85) returned to Hero
*** SHOWDOWN ***
Hero collected $0.53 from pot
*** SUMMARY ***
Total pot $0.55 | Rake $0.02 | Jackpot $0 | Bingo $0 | Fortune $0 | Tax $0
Seat 1: 20ab9151 folded before Flop
Seat 2: 35287fa folded before Flop (didn't bet)
Seat 3: 27c94caa folded before Flop (didn't bet)
Seat 4: edbb5efb (button) folded before Flop (didn't bet)
Seat 5: b458780c (small blind) folded before Flop
Seat 6: Hero (big blind) collected ($0.53)


Poker Hand #HD1775445111: Hold'em No Limit ($0.05/$0.1) - 2024/05/16 20:09:46
Table 'NLHRed56' 6-max Seat #3 is the button
Seat 1: 20ab9151 ($10.71 in chips)
Seat 2: 35287fa ($4.97 in chips)
Seat 3: 27c94caa ($7.18 in chips)
Seat 4: edbb5efb ($10.05 in chips)
Seat 5: b458780c ($10.34 in chips)
Seat 6: Hero ($10.57 in chips)
edbb5efb: posts small blind $0.05
b458780c: posts big blind $0.1
*** HOLE CARDS ***
Dealt to 20ab9151 
Dealt to 35287fa 
Dealt to 27c94caa 
Dealt to edbb5efb 
Dealt to b458780c 
Dealt to Hero [9s Td]
Hero: folds
20ab9151: raises $0.15 to $0.25
35287fa: folds
27c94caa: calls $0.25
edbb5efb: folds
b458780c: folds
*** FLOP *** [9h 3h 8s]
20ab9151: bets $0.4
27c94caa: folds
Uncalled bet ($0.4) returned to 20ab9151
*** SHOWDOWN ***
20ab9151 collected $0.62 from pot
*** SUMMARY ***
Total pot $0.65 | Rake $0.03 | Jackpot $0 | Bingo $0 | Fortune $0 | Tax $0
Board [9h 3h 8s]
Seat 1: 20ab9151 won ($0.62)
Seat 2: 35287fa folded before Flop (didn't bet)
Seat 3: 27c94caa (button) folded on the Flop
Seat 4: edbb5efb (small blind) folded before Flop
Seat 5: b458780c (big blind) folded before Flop
Seat 6: Hero folded before Flop (didn't bet)


Poker Hand #HD1775445048: Hold'em No Limit ($0.05/$0.1) - 2024/05/16 20:09:15
Table 'NLHRed56' 6-max Seat #2 is the button
Seat 1: 20ab9151 ($10.71 in chips)
Seat 2: 35287fa ($4.97 in chips)
Seat 3: 27c94caa ($7.23 in chips)
Seat 4: edbb5efb ($10 in chips)
Seat 5: b458780c ($10.34 in chips)
Seat 6: Hero ($10.57 in chips)
27c94caa: posts small blind $0.05
edbb5efb: posts big blind $0.1
*** HOLE CARDS ***
Dealt to 20ab9151 
Dealt to 35287fa 
Dealt to 27c94caa 
Dealt to edbb5efb 
Dealt to b458780c 
Dealt to Hero [3h Ad]
b458780c: folds
Hero: folds
20ab9151: folds
35287fa: folds
27c94caa: folds
Uncalled bet ($0.05) returned to edbb5efb
*** SHOWDOWN ***
edbb5efb collected $0.1 from pot
*** SUMMARY ***
Total pot $0.1 | Rake $0 | Jackpot $0 | Bingo $0 | Fortune $0 | Tax $0
Seat 1: 20ab9151 folded before Flop (didn't bet)
Seat 2: 35287fa (button) folded before Flop (didn't bet)
Seat 3: 27c94caa (small blind) folded before Flop
Seat 4: edbb5efb (big blind) collected ($0.1)
Seat 5: b458780c folded before Flop (didn't bet)
Seat 6: Hero folded before Flop (didn't bet)


Poker Hand #HD1775444982: Hold'em No Limit ($0.05/$0.1) - 2024/05/16 20:08:42
Table 'NLHRed56' 6-max Seat #1 is the button
Seat 1: 20ab9151 ($10.71 in chips)
Seat 2: 35287fa ($4.65 in chips)
Seat 3: 27c94caa ($7.33 in chips)
Seat 5: b458780c ($10.34 in chips)
Seat 6: Hero ($10.81 in chips)
35287fa: posts small blind $0.05
27c94caa: posts big blind $0.1
*** HOLE CARDS ***
Dealt to 20ab9151 
Dealt to 35287fa 
Dealt to 27c94caa 
Dealt to b458780c 
Dealt to Hero [Ad 9c]
b458780c: folds
Hero: raises $0.14 to $0.24
20ab9151: folds
35287fa: calls $0.19
27c94caa: folds
*** FLOP *** [3c Qh 4d]
35287fa: checks
Hero: checks
*** TURN *** [3c Qh 4d] [Jh]
35287fa: bets $0.29
Hero: folds
Uncalled bet ($0.29) returned to 35287fa
*** SHOWDOWN ***
35287fa collected $0.56 from pot
*** SUMMARY ***
Total pot $0.58 | Rake $0.02 | Jackpot $0 | Bingo $0 | Fortune $0 | Tax $0
Board [3c Qh 4d Jh]
Seat 1: 20ab9151 (button) folded before Flop (didn't bet)
Seat 2: 35287fa (small blind) won ($0.56)
Seat 3: 27c94caa (big blind) folded before Flop
Seat 5: b458780c folded before Flop (didn't bet)
Seat 6: Hero folded on the Turn


Poker Hand #HD1775444907: Hold'em No Limit ($0.05/$0.1) - 2024/05/16 20:08:05
Table 'NLHRed56' 6-max Seat #6 is the button
Seat 1: 20ab9151 ($10.39 in chips)
Seat 2: 35287fa ($4.9 in chips)
Seat 3: 27c94caa ($7.43 in chips)
Seat 5: b458780c ($10.34 in chips)
Seat 6: Hero ($10.81 in chips)
20ab9151: posts small blind $0.05
35287fa: posts big blind $0.1
*** HOLE CARDS ***
Dealt to 20ab9151 
Dealt to 35287fa 
Dealt to 27c94caa 
Dealt to b458780c 
Dealt to Hero [5c 5s]
27c94caa: calls $0.1
b458780c: folds
Hero: folds
20ab9151: calls $0.05
35287fa: checks
*** FLOP *** [4h 9h 3d]
20ab9151: checks
35287fa: bets $0.15
27c94caa: folds
20ab9151: calls $0.15
*** TURN *** [4h 9h 3d] [2h]
20ab9151: checks
35287fa: checks
*** RIVER *** [4h 9h 3d 2h] [Ah]
20ab9151: checks
35287fa: checks
20ab9151: shows [5d 3c] (Fives-High Straight)
35287fa: shows [Ts 4c] (Pair of Fours)
*** SHOWDOWN ***
20ab9151 collected $0.57 from pot
*** SUMMARY ***
Total pot $0.6 | Rake $0.03 | Jackpot $0 | Bingo $0 | Fortune $0 | Tax $0
Board [4h 9h 3d 2h Ah]
Seat 1: 20ab9151 (small blind) showed [5d 3c] and won ($0.57) with Fives-High Straight
Seat 2: 35287fa (big blind) showed [Ts 4c] and lost with Pair of Fours
Seat 3: 27c94caa folded on the Flop
Seat 5: b458780c folded before Flop (didn't bet)
Seat 6: Hero (button) folded before Flop (didn't bet)


Poker Hand #HD1775444817: Hold'em No Limit ($0.05/$0.1) - 2024/05/16 20:07:19
Table 'NLHRed56' 6-max Seat #5 is the button
Seat 1: 20ab9151 ($10.15 in chips)
Seat 2: 35287fa ($5 in chips)
Seat 3: 27c94caa ($7.53 in chips)
Seat 5: b458780c ($10.34 in chips)
Seat 6: Hero ($10.86 in chips)
Hero: posts small blind $0.05
20ab9151: posts big blind $0.1
35287fa: posts big blind $0.1
*** HOLE CARDS ***
Dealt to 20ab9151 
Dealt to 35287fa 
Dealt to 27c94caa 
Dealt to b458780c 
Dealt to Hero [Qc 6d]
35287fa: checks
27c94caa: calls $0.1
b458780c: folds
Hero: folds
20ab9151: raises $0.3 to $0.4
35287fa: folds
27c94caa: folds
Uncalled bet ($0.3) returned to 20ab9151
*** SHOWDOWN ***
20ab9151 collected $0.34 from pot
*** SUMMARY ***
Total pot $0.35 | Rake $0.01 | Jackpot $0 | Bingo $0 | Fortune $0 | Tax $0
Seat 1: 20ab9151 (big blind) collected ($0.34)
Seat 2: 35287fa folded before Flop
Seat 3: 27c94caa folded before Flop
Seat 5: b458780c (button) folded before Flop (didn't bet)
Seat 6: Hero (small blind) folded before Flop


Poker Hand #HD1775444766: Hold'em No Limit ($0.05/$0.1) - 2024/05/16 20:06:57
Table 'NLHRed56' 6-max Seat #3 is the button
Seat 1: 20ab9151 ($10 in chips)
Seat 2: fa96c188 ($12.46 in chips)
Seat 3: 27c94caa ($7.53 in chips)
Seat 5: b458780c ($10.39 in chips)
Seat 6: Hero ($10.96 in chips)
b458780c: posts small blind $0.05
Hero: posts big blind $0.1
*** HOLE CARDS ***
Dealt to 20ab9151 
Dealt to fa96c188 
Dealt to 27c94caa 
Dealt to b458780c 
Dealt to Hero [6s Kc]
20ab9151: raises $0.15 to $0.25
fa96c188: folds
27c94caa: folds
b458780c: folds
Hero: folds
Uncalled bet ($0.15) returned to 20ab9151
*** SHOWDOWN ***
20ab9151 collected $0.25 from pot
*** SUMMARY ***
Total pot $0.25 | Rake $0 | Jackpot $0 | Bingo $0 | Fortune $0 | Tax $0
Seat 1: 20ab9151 collected ($0.25)
Seat 2: fa96c188 folded before Flop (didn't bet)
Seat 3: 27c94caa (button) folded before Flop (didn't bet)
Seat 5: b458780c (small blind) folded before Flop
Seat 6: Hero (big blind) folded before Flop


Poker Hand #HD1775444696: Hold'em No Limit ($0.05/$0.1) - 2024/05/16 20:06:21
Table 'NLHRed56' 6-max Seat #2 is the button
Seat 1: 20ab9151 ($10 in chips)
Seat 2: fa96c188 ($12.46 in chips)
Seat 3: 27c94caa ($7.44 in chips)
Seat 5: b458780c ($10.49 in chips)
Seat 6: Hero ($10.96 in chips)
27c94caa: posts small blind $0.05
b458780c: posts big blind $0.1
*** HOLE CARDS ***
Dealt to 20ab9151 
Dealt to fa96c188 
Dealt to 27c94caa 
Dealt to b458780c 
Dealt to Hero [Qd 4d]
Hero: folds
20ab9151: folds
fa96c188: folds
27c94caa: calls $0.05
b458780c: checks
*** FLOP *** [2c Jh Jd]
27c94caa: checks
b458780c: checks
*** TURN *** [2c Jh Jd] [3c]
27c94caa: checks
b458780c: checks
*** RIVER *** [2c Jh Jd 3c] [7h]
27c94caa: bets $0.2
b458780c: folds
Uncalled bet ($0.2) returned to 27c94caa
*** SHOWDOWN ***
27c94caa collected $0.19 from pot
*** SUMMARY ***
Total pot $0.2 | Rake $0.01 | Jackpot $0 | Bingo $0 | Fortune $0 | Tax $0
Board [2c Jh Jd 3c 7h]
Seat 1: 20ab9151 folded before Flop (didn't bet)
Seat 2: fa96c188 (button) folded before Flop (didn't bet)
Seat 3: 27c94caa (small blind) won ($0.19)
Seat 5: b458780c (big blind) folded on the River
Seat 6: Hero folded before Flop (didn't bet)


Poker Hand #HD1775444598: Hold'em No Limit ($0.05/$0.1) - 2024/05/16 20:05:34
Table 'NLHRed56' 6-max Seat #1 is the button
Seat 1: 20ab9151 ($10 in chips)
Seat 2: fa96c188 ($11.87 in chips)
Seat 3: 27c94caa ($7.54 in chips)
Seat 4: 79fbfd7b ($13.64 in chips)
Seat 5: b458780c ($10.49 in chips)
Seat 6: Hero ($11.5 in chips)
fa96c188: posts small blind $0.05
27c94caa: posts big blind $0.1
*** HOLE CARDS ***
Dealt to 20ab9151 
Dealt to fa96c188 
Dealt to 27c94caa 
Dealt to 79fbfd7b 
Dealt to b458780c 
Dealt to Hero [Ah Ks]
79fbfd7b: folds
b458780c: folds
Hero: raises $0.14 to $0.24
20ab9151: folds
fa96c188: calls $0.19
27c94caa: folds
*** FLOP *** [8h 7h 5h]
fa96c188: checks
Hero: bets $0.3
fa96c188: calls $0.3
*** TURN *** [8h 7h 5h] [6s]
fa96c188: checks
Hero: checks
*** RIVER *** [8h 7h 5h 6s] [Qc]
fa96c188: checks
Hero: checks
fa96c188: shows [Td 8d] (Pair of Eights)
Hero: shows [Ah Ks] (Ace-High)
*** SHOWDOWN ***
fa96c188 collected $1.13 from pot
*** SUMMARY ***
Total pot $1.18 | Rake $0.05 | Jackpot $0 | Bingo $0 | Fortune $0 | Tax $0
Board [8h 7h 5h 6s Qc]
Seat 1: 20ab9151 (button) folded before Flop (didn't bet)
Seat 2: fa96c188 (small blind) showed [Td 8d] and won ($1.13) with Pair of Eights
Seat 3: 27c94caa (big blind) folded before Flop
Seat 4: 79fbfd7b folded before Flop (didn't bet)
Seat 5: b458780c folded before Flop (didn't bet)
Seat 6: Hero showed [Ah Ks] and lost with Ace-High


Poker Hand #HD1775444535: Hold'em No Limit ($0.05/$0.1) - 2024/05/16 20:05:05
Table 'NLHRed56' 6-max Seat #6 is the button
Seat 1: 20ab9151 ($10 in chips)
Seat 2: fa96c188 ($11.82 in chips)
Seat 3: 27c94caa ($7.54 in chips)
Seat 4: 79fbfd7b ($13.64 in chips)
Seat 5: b458780c ($10.49 in chips)
Seat 6: Hero ($11.5 in chips)
20ab9151: posts small blind $0.05
fa96c188: posts big blind $0.1
*** HOLE CARDS ***
Dealt to 20ab9151 
Dealt to fa96c188 
Dealt to 27c94caa 
Dealt to 79fbfd7b 
Dealt to b458780c 
Dealt to Hero [Tc 6d]
27c94caa: folds
79fbfd7b: folds
b458780c: folds
Hero: folds
20ab9151: folds
Uncalled bet ($0.05) returned to fa96c188
*** SHOWDOWN ***
fa96c188 collected $0.1 from pot
*** SUMMARY ***
Total pot $0.1 | Rake $0 | Jackpot $0 | Bingo $0 | Fortune $0 | Tax $0
Seat 1: 20ab9151 (small blind) folded before Flop
Seat 2: fa96c188 (big blind) collected ($0.1)
Seat 3: 27c94caa folded before Flop (didn't bet)
Seat 4: 79fbfd7b folded before Flop (didn't bet)
Seat 5: b458780c folded before Flop (didn't bet)
Seat 6: Hero (button) folded before Flop (didn't bet)


Poker Hand #HD1775444451: Hold'em No Limit ($0.05/$0.1) - 2024/05/16 20:04:27
Table 'NLHRed56' 6-max Seat #5 is the button
Seat 1: 20ab9151 ($10 in chips)
Seat 2: fa96c188 ($11.82 in chips)
Seat 3: 27c94caa ($7.54 in chips)
Seat 4: 79fbfd7b ($13.64 in chips)
Seat 5: b458780c ($10.34 in chips)
Seat 6: Hero ($11.55 in chips)
Hero: posts small blind $0.05
20ab9151: posts big blind $0.1
*** HOLE CARDS ***
Dealt to 20ab9151 
Dealt to fa96c188 
Dealt to 27c94caa 
Dealt to 79fbfd7b 
Dealt to b458780c 
Dealt to Hero [3h Jc]
fa96c188: folds
27c94caa: folds
79fbfd7b: folds
b458780c: raises $0.14 to $0.24
Hero: folds
20ab9151: folds
Uncalled bet ($0.14) returned to b458780c
*** SHOWDOWN ***
b458780c collected $0.25 from pot
*** SUMMARY ***
Total pot $0.25 | Rake $0 | Jackpot $0 | Bingo $0 | Fortune $0 | Tax $0
Seat 1: 20ab9151 (big blind) folded before Flop
Seat 2: fa96c188 folded before Flop (didn't bet)
Seat 3: 27c94caa folded before Flop (didn't bet)
Seat 4: 79fbfd7b folded before Flop (didn't bet)
Seat 5: b458780c (button) collected ($0.25)
Seat 6: Hero (small blind) folded before Flop


Poker Hand #HD1775444307: Hold'em No Limit ($0.05/$0.1) - 2024/05/16 20:03:22
Table 'NLHRed56' 6-max Seat #4 is the button
Seat 1: 20ab9151 ($10.93 in chips)
Seat 2: fa96c188 ($10.15 in chips)
Seat 3: 27c94caa ($7.54 in chips)
Seat 4: 79fbfd7b ($13.64 in chips)
Seat 5: b458780c ($10.39 in chips)
Seat 6: Hero ($11.65 in chips)
b458780c: posts small blind $0.05
Hero: posts big blind $0.1
*** HOLE CARDS ***
Dealt to 20ab9151 
Dealt to fa96c188 
Dealt to 27c94caa 
Dealt to 79fbfd7b 
Dealt to b458780c 
Dealt to Hero [5h Qh]
20ab9151: raises $0.15 to $0.25
fa96c188: raises $0.55 to $0.8
27c94caa: folds
79fbfd7b: folds
b458780c: folds
Hero: folds
20ab9151: calls $0.55
*** FLOP *** [Js Th 3s]
20ab9151: checks
fa96c188: bets $1
20ab9151: calls $1
*** TURN *** [Js Th 3s] [5s]
20ab9151: checks
fa96c188: checks
*** RIVER *** [Js Th 3s 5s] [Tc]
20ab9151: checks
fa96c188: bets $2
20ab9151: folds
Uncalled bet ($2) returned to fa96c188
*** SHOWDOWN ***
fa96c188 collected $3.47 from pot
*** SUMMARY ***
Total pot $3.75 | Rake $0.18 | Jackpot $0.1 | Bingo $0 | Fortune $0 | Tax $0
Board [Js Th 3s 5s Tc]
Seat 1: 20ab9151 folded on the River
Seat 2: fa96c188 won ($3.47)
Seat 3: 27c94caa folded before Flop (didn't bet)
Seat 4: 79fbfd7b (button) folded before Flop (didn't bet)
Seat 5: b458780c (small blind) folded before Flop
Seat 6: Hero (big blind) folded before Flop


Poker Hand #HD1775444280: Hold'em No Limit ($0.05/$0.1) - 2024/05/16 20:03:06
Table 'NLHRed56' 6-max Seat #3 is the button
Seat 1: 20ab9151 ($10.93 in chips)
Seat 2: fa96c188 ($10.15 in chips)
Seat 3: 27c94caa ($7.54 in chips)
Seat 4: 79fbfd7b ($13.54 in chips)
Seat 5: b458780c ($10.49 in chips)
Seat 6: Hero ($11.65 in chips)
79fbfd7b: posts small blind $0.05
b458780c: posts big blind $0.1
*** HOLE CARDS ***
Dealt to 20ab9151 
Dealt to fa96c188 
Dealt to 27c94caa 
Dealt to 79fbfd7b 
Dealt to b458780c 
Dealt to Hero [Js 4d]
Hero: folds
20ab9151: folds
fa96c188: folds
27c94caa: folds
79fbfd7b: raises $0.2 to $0.3
b458780c: folds
Uncalled bet ($0.2) returned to 79fbfd7b
*** SHOWDOWN ***
79fbfd7b collected $0.2 from pot
*** SUMMARY ***
Total pot $0.2 | Rake $0 | Jackpot $0 | Bingo $0 | Fortune $0 | Tax $0
Seat 1: 20ab9151 folded before Flop (didn't bet)
Seat 2: fa96c188 folded before Flop (didn't bet)
Seat 3: 27c94caa (button) folded before Flop (didn't bet)
Seat 4: 79fbfd7b (small blind) collected ($0.2)
Seat 5: b458780c (big blind) folded before Flop
Seat 6: Hero folded before Flop (didn't bet)


Poker Hand #HD1775444220: Hold'em No Limit ($0.05/$0.1) - 2024/05/16 20:02:35
Table 'NLHRed56' 6-max Seat #2 is the button
Seat 1: 20ab9151 ($10.93 in chips)
Seat 2: fa96c188 ($10.15 in chips)
Seat 3: 27c94caa ($7.64 in chips)
Seat 4: 79fbfd7b ($13.45 in chips)
Seat 5: b458780c ($10.49 in chips)
Seat 6: Hero ($11.65 in chips)
27c94caa: posts small blind $0.05
79fbfd7b: posts big blind $0.1
*** HOLE CARDS ***
Dealt to 20ab9151 
Dealt to fa96c188 
Dealt to 27c94caa 
Dealt to 79fbfd7b 
Dealt to b458780c 
Dealt to Hero [Kh 6d]
b458780c: folds
Hero: folds
20ab9151: folds
fa96c188: folds
27c94caa: calls $0.05
79fbfd7b: checks
*** FLOP *** [4c 3d 2h]
27c94caa: checks
79fbfd7b: bets $0.1
27c94caa: folds
Uncalled bet ($0.1) returned to 79fbfd7b
*** SHOWDOWN ***
79fbfd7b collected $0.19 from pot
*** SUMMARY ***
Total pot $0.2 | Rake $0.01 | Jackpot $0 | Bingo $0 | Fortune $0 | Tax $0
Board [4c 3d 2h]
Seat 1: 20ab9151 folded before Flop (didn't bet)
Seat 2: fa96c188 (button) folded before Flop (didn't bet)
Seat 3: 27c94caa (small blind) folded on the Flop
Seat 4: 79fbfd7b (big blind) won ($0.19)
Seat 5: b458780c folded before Flop (didn't bet)
Seat 6: Hero folded before Flop (didn't bet)


Poker Hand #HD1775444092: Hold'em No Limit ($0.05/$0.1) - 2024/05/16 20:01:43
Table 'NLHRed56' 6-max Seat #1 is the button
Seat 1: 20ab9151 ($10.93 in chips)
Seat 2: fa96c188 ($10.2 in chips)
Seat 3: 27c94caa ($7.88 in chips)
Seat 4: 79fbfd7b ($13.45 in chips)
Seat 5: b458780c ($10.22 in chips)
Seat 6: Hero ($11.65 in chips)
fa96c188: posts small blind $0.05
27c94caa: posts big blind $0.1
*** HOLE CARDS ***
Dealt to 20ab9151 
Dealt to fa96c188 
Dealt to 27c94caa 
Dealt to 79fbfd7b 
Dealt to b458780c 
Dealt to Hero [5h 7d]
79fbfd7b: folds
b458780c: raises $0.14 to $0.24
Hero: folds
20ab9151: folds
fa96c188: folds
27c94caa: calls $0.14
*** FLOP *** [7c 7h Kd]
27c94caa: checks
b458780c: checks
*** TURN *** [7c 7h Kd] [9d]
27c94caa: checks
b458780c: bets $0.12
27c94caa: folds
Uncalled bet ($0.12) returned to b458780c
*** SHOWDOWN ***
b458780c collected $0.51 from pot
*** SUMMARY ***
Total pot $0.53 | Rake $0.02 | Jackpot $0 | Bingo $0 | Fortune $0 | Tax $0
Board [7c 7h Kd 9d]
Seat 1: 20ab9151 (button) folded before Flop (didn't bet)
Seat 2: fa96c188 (small blind) folded before Flop
Seat 3: 27c94caa (big blind) folded on the Turn
Seat 4: 79fbfd7b folded before Flop (didn't bet)
Seat 5: b458780c won ($0.51)
Seat 6: Hero folded before Flop (didn't bet)


Poker Hand #HD1775444015: Hold'em No Limit ($0.05/$0.1) - 2024/05/16 20:01:05
Table 'NLHRed56' 6-max Seat #6 is the button
Seat 1: 20ab9151 ($10.98 in chips)
Seat 2: fa96c188 ($10.3 in chips)
Seat 3: 27c94caa ($7.98 in chips)
Seat 4: 79fbfd7b ($13.45 in chips)
Seat 5: b458780c ($10.52 in chips)
Seat 6: Hero ($11.14 in chips)
20ab9151: posts small blind $0.05
fa96c188: posts big blind $0.1
*** HOLE CARDS ***
Dealt to 20ab9151 
Dealt to fa96c188 
Dealt to 27c94caa 
Dealt to 79fbfd7b 
Dealt to b458780c 
Dealt to Hero [As Qh]
27c94caa: calls $0.1
79fbfd7b: folds
b458780c: raises $0.2 to $0.3
Hero: raises $0.8 to $1.1
20ab9151: folds
fa96c188: folds
27c94caa: folds
b458780c: folds
Uncalled bet ($0.8) returned to Hero
*** SHOWDOWN ***
Hero collected $0.81 from pot
*** SUMMARY ***
Total pot $0.85 | Rake $0.04 | Jackpot $0 | Bingo $0 | Fortune $0 | Tax $0
Seat 1: 20ab9151 (small blind) folded before Flop
Seat 2: fa96c188 (big blind) folded before Flop
Seat 3: 27c94caa folded before Flop
Seat 4: 79fbfd7b folded before Flop (didn't bet)
Seat 5: b458780c folded before Flop
Seat 6: Hero (button) collected ($0.81)


Poker Hand #HD1775443853: Hold'em No Limit ($0.05/$0.1) - 2024/05/16 19:59:47
Table 'NLHRed56' 6-max Seat #5 is the button
Seat 1: 20ab9151 ($11.98 in chips)
Seat 2: fa96c188 ($10.3 in chips)
Seat 3: 27c94caa ($7.98 in chips)
Seat 4: 79fbfd7b ($13.7 in chips)
Seat 5: b458780c ($10.52 in chips)
Seat 6: Hero ($10 in chips)
Hero: posts small blind $0.05
20ab9151: posts big blind $0.1
*** HOLE CARDS ***
Dealt to 20ab9151 
Dealt to fa96c188 
Dealt to 27c94caa 
Dealt to 79fbfd7b 
Dealt to b458780c 
Dealt to Hero [9h Ah]
fa96c188: folds
27c94caa: folds
79fbfd7b: raises $0.15 to $0.25
b458780c: folds
Hero: raises $0.75 to $1
20ab9151: calls $0.9
79fbfd7b: folds
*** FLOP *** [7c Kh 5c]
Hero: bets $0.8
20ab9151: folds
Uncalled bet ($0.8) returned to Hero
*** SHOWDOWN ***
Hero collected $2.14 from pot
*** SUMMARY ***
Total pot $2.25 | Rake $0.11 | Jackpot $0 | Bingo $0 | Fortune $0 | Tax $0
Board [7c Kh 5c]
Seat 1: 20ab9151 (big blind) folded on the Flop
Seat 2: fa96c188 folded before Flop (didn't bet)
Seat 3: 27c94caa folded before Flop (didn't bet)
Seat 4: 79fbfd7b folded before Flop
Seat 5: b458780c (button) folded before Flop (didn't bet)
Seat 6: Hero (small blind) won ($2.14)


Poker Hand #HD1775443687: Hold'em No Limit ($0.05/$0.1) - 2024/05/16 19:58:29
Table 'NLHRed56' 6-max Seat #4 is the button
Seat 1: 20ab9151 ($11.98 in chips)
Seat 2: fa96c188 ($10.3 in chips)
Seat 3: 27c94caa ($7.98 in chips)
Seat 4: 79fbfd7b ($13.7 in chips)
Seat 5: b458780c ($10 in chips)
Seat 6: Hero ($10.4 in chips)
b458780c: posts small blind $0.05
Hero: posts big blind $0.1
*** HOLE CARDS ***
Dealt to 20ab9151 
Dealt to fa96c188 
Dealt to 27c94caa 
Dealt to 79fbfd7b 
Dealt to b458780c 
Dealt to Hero [Ad Th]
20ab9151: folds
fa96c188: folds
27c94caa: folds
79fbfd7b: folds
b458780c: raises $0.16 to $0.26
Hero: calls $0.16
*** FLOP *** [Tc 5d Kc]
b458780c: bets $0.31
Hero: calls $0.31
*** TURN *** [Tc 5d Kc] [4h]
b458780c: checks
Hero: checks
*** RIVER *** [Tc 5d Kc 4h] [6d]
b458780c: bets $0.91
Hero: folds
Uncalled bet ($0.91) returned to b458780c
*** SHOWDOWN ***
b458780c collected $1.09 from pot
*** SUMMARY ***
Total pot $1.14 | Rake $0.05 | Jackpot $0 | Bingo $0 | Fortune $0 | Tax $0
Board [Tc 5d Kc 4h 6d]
Seat 1: 20ab9151 folded before Flop (didn't bet)
Seat 2: fa96c188 folded before Flop (didn't bet)
Seat 3: 27c94caa folded before Flop (didn't bet)
Seat 4: 79fbfd7b (button) folded before Flop (didn't bet)
Seat 5: b458780c (small blind) won ($1.09)
Seat 6: Hero (big blind) folded on the River


Poker Hand #HD1775443652: Hold'em No Limit ($0.05/$0.1) - 2024/05/16 19:58:14
Table 'NLHRed56' 6-max Seat #3 is the button
Seat 1: 20ab9151 ($11.98 in chips)
Seat 2: fa96c188 ($10.15 in chips)
Seat 3: 27c94caa ($7.98 in chips)
Seat 4: 79fbfd7b ($13.75 in chips)
Seat 5: b458780c ($10 in chips)
Seat 6: Hero ($10.4 in chips)
79fbfd7b: posts small blind $0.05
b458780c: posts big blind $0.1
*** HOLE CARDS ***
Dealt to 20ab9151 
Dealt to fa96c188 
Dealt to 27c94caa 
Dealt to 79fbfd7b 
Dealt to b458780c 
Dealt to Hero [7d 5d]
Hero: folds
20ab9151: folds
fa96c188: raises $0.15 to $0.25
27c94caa: folds
79fbfd7b: folds
b458780c: folds
Uncalled bet ($0.15) returned to fa96c188
*** SHOWDOWN ***
fa96c188 collected $0.25 from pot
*** SUMMARY ***
Total pot $0.25 | Rake $0 | Jackpot $0 | Bingo $0 | Fortune $0 | Tax $0
Seat 1: 20ab9151 folded before Flop (didn't bet)
Seat 2: fa96c188 collected ($0.25)
Seat 3: 27c94caa (button) folded before Flop (didn't bet)
Seat 4: 79fbfd7b (small blind) folded before Flop
Seat 5: b458780c (big blind) folded before Flop
Seat 6: Hero folded before Flop (didn't bet)


Poker Hand #HD1775443572: Hold'em No Limit ($0.05/$0.1) - 2024/05/16 19:57:32
Table 'NLHRed56' 6-max Seat #2 is the button
Seat 1: 20ab9151 ($11.66 in chips)
Seat 2: fa96c188 ($10.15 in chips)
Seat 3: 27c94caa ($8.23 in chips)
Seat 4: 79fbfd7b ($13.85 in chips)
Seat 5: b458780c ($10 in chips)
Seat 6: Hero ($10.4 in chips)
27c94caa: posts small blind $0.05
79fbfd7b: posts big blind $0.1
*** HOLE CARDS ***
Dealt to 20ab9151 
Dealt to fa96c188 
Dealt to 27c94caa 
Dealt to 79fbfd7b 
Dealt to b458780c 
Dealt to Hero [Kh 3h]
b458780c: folds
Hero: folds
20ab9151: raises $0.15 to $0.25
fa96c188: folds
27c94caa: calls $0.2
79fbfd7b: folds
*** FLOP *** [Js Jc 4c]
27c94caa: checks
20ab9151: checks
*** TURN *** [Js Jc 4c] [3d]
27c94caa: checks
20ab9151: bets $0.4
27c94caa: folds
Uncalled bet ($0.4) returned to 20ab9151
*** SHOWDOWN ***
20ab9151 collected $0.57 from pot
*** SUMMARY ***
Total pot $0.6 | Rake $0.03 | Jackpot $0 | Bingo $0 | Fortune $0 | Tax $0
Board [Js Jc 4c 3d]
Seat 1: 20ab9151 won ($0.57)
Seat 2: fa96c188 (button) folded before Flop (didn't bet)
Seat 3: 27c94caa (small blind) folded on the Turn
Seat 4: 79fbfd7b (big blind) folded before Flop
Seat 5: b458780c folded before Flop (didn't bet)
Seat 6: Hero folded before Flop (didn't bet)


Poker Hand #HD1775443479: Hold'em No Limit ($0.05/$0.1) - 2024/05/16 19:56:44
Table 'NLHRed56' 6-max Seat #1 is the button
Seat 1: 20ab9151 ($11.91 in chips)
Seat 2: fa96c188 ($9.83 in chips)
Seat 3: 27c94caa ($8.33 in chips)
Seat 4: 79fbfd7b ($13.85 in chips)
Seat 5: b458780c ($10 in chips)
Seat 6: Hero ($10.4 in chips)
fa96c188: posts small blind $0.05
27c94caa: posts big blind $0.1
*** HOLE CARDS ***
Dealt to 20ab9151 
Dealt to fa96c188 
Dealt to 27c94caa 
Dealt to 79fbfd7b 
Dealt to b458780c 
Dealt to Hero [8s 7h]
79fbfd7b: folds
b458780c: folds
Hero: folds
20ab9151: raises $0.15 to $0.25
fa96c188: raises $0.75 to $1
27c94caa: folds
20ab9151: folds
Uncalled bet ($0.75) returned to fa96c188
*** SHOWDOWN ***
fa96c188 collected $0.57 from pot
*** SUMMARY ***
Total pot $0.6 | Rake $0.03 | Jackpot $0 | Bingo $0 | Fortune $0 | Tax $0
Seat 1: 20ab9151 (button) folded before Flop
Seat 2: fa96c188 (small blind) collected ($0.57)
Seat 3: 27c94caa (big blind) folded before Flop
Seat 4: 79fbfd7b folded before Flop (didn't bet)
Seat 5: b458780c folded before Flop (didn't bet)
Seat 6: Hero folded before Flop (didn't bet)


Poker Hand #HD1775443378: Hold'em No Limit ($0.05/$0.1) - 2024/05/16 19:55:55
Table 'NLHRed56' 6-max Seat #6 is the button
Seat 1: 20ab9151 ($11.27 in chips)
Seat 2: fa96c188 ($9.93 in chips)
Seat 3: 27c94caa ($8.43 in chips)
Seat 4: 79fbfd7b ($13.85 in chips)
Seat 5: b458780c ($10.19 in chips)
Seat 6: Hero ($10.4 in chips)
20ab9151: posts small blind $0.05
fa96c188: posts big blind $0.1
*** HOLE CARDS ***
Dealt to 20ab9151 
Dealt to fa96c188 
Dealt to 27c94caa 
Dealt to 79fbfd7b 
Dealt to b458780c 
Dealt to Hero [Kh 6c]
27c94caa: calls $0.1
79fbfd7b: folds
b458780c: calls $0.1
Hero: folds
20ab9151: raises $0.4 to $0.5
fa96c188: folds
27c94caa: folds
b458780c: calls $0.4
*** FLOP *** [7s 7h 3s]
20ab9151: bets $0.7
b458780c: folds
Uncalled bet ($0.7) returned to 20ab9151
*** SHOWDOWN ***
20ab9151 collected $1.14 from pot
*** SUMMARY ***
Total pot $1.2 | Rake $0.06 | Jackpot $0 | Bingo $0 | Fortune $0 | Tax $0
Board [7s 7h 3s]
Seat 1: 20ab9151 (small blind) won ($1.14)
Seat 2: fa96c188 (big blind) folded before Flop
Seat 3: 27c94caa folded before Flop
Seat 4: 79fbfd7b folded before Flop (didn't bet)
Seat 5: b458780c folded on the Flop
Seat 6: Hero (button) folded before Flop (didn't bet)


Poker Hand #HD1775443343: Hold'em No Limit ($0.05/$0.1) - 2024/05/16 19:55:38
Table 'NLHRed56' 6-max Seat #5 is the button
Seat 1: 20ab9151 ($11.37 in chips)
Seat 3: 27c94caa ($8.43 in chips)
Seat 4: 79fbfd7b ($13.7 in chips)
Seat 5: b458780c ($10.19 in chips)
Seat 6: Hero ($10.45 in chips)
Hero: posts small blind $0.05
20ab9151: posts big blind $0.1
*** HOLE CARDS ***
Dealt to 20ab9151 
Dealt to 27c94caa 
Dealt to 79fbfd7b 
Dealt to b458780c 
Dealt to Hero [8h Ah]
27c94caa: folds
79fbfd7b: raises $0.15 to $0.25
b458780c: folds
Hero: folds
20ab9151: folds
Uncalled bet ($0.15) returned to 79fbfd7b
*** SHOWDOWN ***
79fbfd7b collected $0.25 from pot
*** SUMMARY ***
Total pot $0.25 | Rake $0 | Jackpot $0 | Bingo $0 | Fortune $0 | Tax $0
Seat 1: 20ab9151 (big blind) folded before Flop
Seat 3: 27c94caa folded before Flop (didn't bet)
Seat 4: 79fbfd7b collected ($0.25)
Seat 5: b458780c (button) folded before Flop (didn't bet)
Seat 6: Hero (small blind) folded before Flop


Poker Hand #HD1775443210: Hold'em No Limit ($0.05/$0.1) - 2024/05/16 19:54:31
Table 'NLHRed56' 6-max Seat #4 is the button
Seat 1: 20ab9151 ($11.37 in chips)
Seat 3: 27c94caa ($8.43 in chips)
Seat 4: 79fbfd7b ($14.14 in chips)
Seat 5: b458780c ($10.24 in chips)
Seat 6: Hero ($10 in chips)
b458780c: posts small blind $0.05
Hero: posts big blind $0.1
*** HOLE CARDS ***
Dealt to 20ab9151 
Dealt to 27c94caa 
Dealt to 79fbfd7b 
Dealt to b458780c 
Dealt to Hero [Jd Qc]
20ab9151: folds
27c94caa: folds
79fbfd7b: raises $0.15 to $0.25
b458780c: folds
Hero: calls $0.15
*** FLOP *** [Kd 6s 9h]
Hero: checks
79fbfd7b: bets $0.19
Hero: calls $0.19
*** TURN *** [Kd 6s 9h] [Jh]
Hero: checks
79fbfd7b: checks
*** RIVER *** [Kd 6s 9h Jh] [7h]
Hero: checks
79fbfd7b: checks
Hero: shows [Jd Qc] (Pair of Jacks)
79fbfd7b: shows [5c Ah] (Ace-High)
*** SHOWDOWN ***
Hero collected $0.89 from pot
*** SUMMARY ***
Total pot $0.93 | Rake $0.04 | Jackpot $0 | Bingo $0 | Fortune $0 | Tax $0
Board [Kd 6s 9h Jh 7h]
Seat 1: 20ab9151 folded before Flop (didn't bet)
Seat 3: 27c94caa folded before Flop (didn't bet)
Seat 4: 79fbfd7b (button) showed [5c Ah] and lost with Ace-High
Seat 5: b458780c (small blind) folded before Flop
Seat 6: Hero (big blind) showed [Jd Qc] and won ($0.89) with Pair of Jacks


